4130 6286
112 3156 135 3211 πί

140 3098 159 3143 Ι

260 303 361 359 721

1537 295 1854 353 HOMlLl/E
1890 324 1958 334 —
1998 290 2172 350 HOM.
2212 292 2373 347 XXX.

3512 283 3618 341 722

262 432 501 494 πάντοτε,
555 432 645 480 καὶ
699 423 1031 499 δοκιμαζέτω
1068 429 1126 478 16
1170 427 1316 498 ἔργον
1370 424 1527 477 αὐτοῦ
1586 431 1682 482 τῆς
1736 432 1901 495 κάρ-Α

2017 417 2295 474 erfectum
2318 430 2572 487 scopum
2595 413 2897 478 libertatis,
2930 415 2985 468 et
3009 408 3389 467 affectionum
3412 407 3620 465 vacui-

261 516 402 584 δίας,
462 522 614 570 ποίαν
649 512 889 573 σπουδήν
920 520 1008 568 καὶ
1039 513 1216 586 ἀγῶνα
1241 516 1266 566 6
1312 520 1426 574 νοῦς
1456 515 1568 586 ἔχει
1618 514 1749 584 πρὸς
1774 514 1860 562 τόν

260 612 388 662 Θεόν
421 629 435 641 ·
469 611 559 659 καὶ
592 606 660 669 εἰς
691 609 778 658 τόν
809 605 996 658 τέλειον
1038 607 1244 656 ’σκοπὸν
1291 611 1382 665 τῆς
1429 602 1737 675 ἐλευθερίας,
1771 604 1856 651 καὶ

260 695 537 760 ἀπαθείας,

262 785 598 849 ἀποσκοπῶν,
651 782 935 844 ἀπαύστως
992 786 1221 854 τρεχέτω
1275 786 1366 834 καὶ
1420 778 1711 851 ἆόκνως,ἐν
1767 797 1867 851 μη-

614 699 703 747 καὶ
778 702 871 755 τῆς
946 696 1317 753 καταπαύσεως
1408 700 1499 744 τοῦ
1573 693 1865 762 πνεύματος

270 872 375 929 δενὶ
429 878 752 948 χαρίσματι,
785 874 813 932 ἦ
865 877 955 925 καὶ
996 868 1320 945 δικαιώματι
1360 870 1864 946 πληροφορούμενος.

264 965 398 1028 Δόξα
444 968 531 1017 καὶ
586 965 946 1037 προσκύνησις
1007 967 1197 1037 Πατρὶ,
1259 966 1349 1015 καὶ
1406 960 1530 1031 Υἱῷ,
1597 963 1687 1013 καὶ
1737 958 1867 1031 ἁγίῳ

265 1058 547 1128 Πνεύματι,
581 1053 647 1115 εἰς
672 1056 793 1115 τοὺς
827 1051 1033 1112 αἰῶνας.
1072 1050 1262 1123 Ἀμήν.

874 1160 1126 1214 ΟΜΙΛΙΑ
1164 1156 1243 1212 Λ’.

264 1269 363 1323 Ἐκ
425 1274 533 1320 τοῦ
594 1266 779 1390 ἁγίου
858 1268 1224 1337 Πνεύματος
1304 1261 1406 1317 δεῖ
1471 1264 1874 1336 γεννηθῆναι

339 1344 450 1390 τήν
525 1338 633 1390 ιιέλ
686 1356 887 1390 ουσαν
963 1336 1283 1390 εἰσελθεῖν
1359 1335 1449 1390 εἰς
1519 1334 1873 1390 Βασιλείαν

339 1344 450 1398 τήν
522 1334 887 1411 μέλλουσαν
963 1334 1283 1411 εἰσελθεῖν
1359 1334 1873 1407 εἰςβασιλείαν

344 1409 787 1482 Θεούψυχήν·
830 1414 938 1461 καὶ
977 1409 1040 1460 ὃν
1079 1413 1315 1484 τρόπον
1354 1416 1544 1460 τοῦτο
1582 1412 1871 1479 γίνηται.

344 1516 423 1571 Α’.
478 1518 543 1569 Οἱ
597 1519 682 1568 τὸν
734 1515 885 1587 λόγον
936 1515 1226 1579 ἀκούοντες,
1286 1516 1430 1587 ἔργον
1484 1521 1575 1566 τοῦ
1622 1513 1779 1585 λόγου
1828 1512 1876 1564 ἐν

276 1614 394 1669 ταῖς
469 1606 662 1659 ἑαυτῶν
735 1604 940 1677 ψυχαῖς
1014 1604 1304 1678 ὀφείλουσιν
1379 1600 1766 1667 ἐπιδείξασθαι.
1820 1602 1878 1655 Ὀ

277 1696 426 1767 λόγος
474 1698 572 1767 γὰρ
624 1702 712 1747 τοῦ
766 1700 892 1748 Θεοῦ
947 1693 1041 1746 οὐκ
1086 1697 1199 1746 ἐστι
1250 1693 1397 1765 λόγος
1451 1693 1630 1767 ἀργὸς,
1664 1691 1770 1744 ἀλλ’
1803 1696 1881 1764 ἔρ-

281 1805 373 1857 γον
427 1786 539 1856 ἔχει
598 1783 664 1845 εἰς
710 1789 803 1841 τήν
848 1782 1035 1855 ψυχήν
1073 1787 1392 1855 γιγνόμενον.
1449 1786 1542 1835 Διά
1590 1790 1742 1835 τοῦτο
1778 1784 1879 1857 γὰρ
1914 1768 1954 1822 Β

279 1879 368 1926 καὶ
448 1875 595 1946 ἔργον
656 1873 879 1943 λέγεται,
946 1874 1029 1923 ἵνα
1080 1876 1173 1923 καὶ
1226 1873 1373 1943 ἔργον
1440 1873 1619 1945 εὑρεθῇ
1677 1870 1724 1923 ἐν
1780 1878 1885 1931 τοῖς

284 1961 561 2016 ἀκούουσι.
616 1963 904 2036 Παράσχοι
958 1965 1130 2012 τοίνυν
1188 1961 1213 2012 6
1274 1962 1464 2034 Κύριος
1501 1964 1558 2012 τὸ
1598 1963 1743 2035 ἔργον
1792 1967 1888 2021 τῆς

285 2050 528 2113 ἀληθείας
581 2050 629 2102 ἐν
685 2057 794 2112 τοῖς
849 2052 1154 2118 ἀκούουσιν,
1217 2050 1299 2101 ἵνα
1351 2049 1377 2101 6
1431 2050 1578 2121 λόγος
1629 2053 1888 2121 ἔγκαρπος

286 2144 466 2215 εὑρεθῇ
519 2141 593 2203 εἰς
643 2143 802 2213 ἡμᾶς.
851 2139 1051 2212 Ὠσπερ
1104 2142 1202 2215 γὰρ
1253 2142 1377 2192 σκιὰ
1429 2142 1649 2213 προάγει
1678 2143 1737 2192 τὸ
1784 2148 1890 2191 σῶ-

287 2252 362 2305 μα
386 2247 400 2262 ⁸
435 2233 464 2289 ἡ
498 2232 624 2284 σκιὰ
650 2227 708 2283 δὲ
738 2234 796 2282 τό
830 2238 983 2303 σῶμα
1013 2227 1186 2299 δηλοῖ,
1221 2234 1311 2281 καὶ
1338 2232 1367 2287 ἠ
1402 2228 1617 2288 ἀλήθεια
1645 2233 1702 2281 τό
1738 2229 1889 2301 σῶμά

288 2323 403 2373 ἐστι
429 2339 441 2353 ο
477 2324 563 2372 τόν
589 2322 745 2371 αὐτόν
788 2324 977 2391 τρόπον
1026 2319 1167 2371 καὶὸ
1191 2318 1345 2390 λόγος
1380 2321 1552 2391 ὥσπερ
1596 2321 1722 2371 σκιὰ
1767 2337 1890 2389 τυγ-

288 2415 442 2482 χάνει
467 2416 559 2469 τῆς
609 2406 850 2468 ἀληθείας
900 2414 992 2459 τοῦ
1023 2411 1272 2479 Χριστοῦ.
1337 2410 1559 2480 Προάγει
1602 2404 1661 2460 δε
1694 2407 1891 2479 όλόγος

291 2502 386 2556 τήν
454 2495 712 2555 ἀλήθειαν.
770 2498 835 2547 Oi
891 2494 976 2548 ἐπὶ
1029 2503 1129 2566 γῆς
1182 2499 1391 2567 πατέρες
1451 2495 1505 2547 ἐκ
1556 2502 1649 2556 τῆς
1698 2495 1891 2548 ἑαυτῶν

293 2589 496 2659 φύσεως
556 2592 775 2657 γεννῶσι
821 2589 972 2637 τέκνα
1025 2582 1081 2636 ἐκ
1142 2591 1233 2637 τοῦ
1284 2589 1524 2657 σώματος
1581 2584 1752 2636 αὐτῶν
1805 2588 1895 2636 καὶ

291 2684 388 2737 τῆς
427 2674 631 2747 ψυχῆς,
683 2679 771 2726 καὶ
825 2675 1133 2745 γεννηθέντα
1186 2675 1331 2746 πάση
1384 2671 1591 2746 σπουδῇ
1648 2672 1896 2746 ἐπιμελῶς

293 2761 640 2819 παιδεύουσιν
707 2766 777 2825 ὡς
834 2763 1028 2816 ἑαυτῶν
1086 2766 1255 2828 τέκνα,
1323 2764 1415 2826 ἕως
1480 2763 1661 2815 τέλειοι
1711 2760 1898 2838 ἄνδρες

294 2858 562 2926 γίνωνται,
588 2858 677 2906 καὶ
705 2850 964 2925 διάδοχοι
1016 2857 1106 2905 καὶ
1136 2852 1467 2926 κληρονόμοι.
1496 2860 1615 2915 Τοῖς
1652 2855 1753 2928 γὰρ
1794 2872 1896 2905 πα-

295 2945 485 3018 τράσιν
543 2942 777 3016 ἐξαρχῆς
824 2945 1015 3004 σκοπός
1068 2947 1159 2994 καὶ
1213 2939 1422 3001 σπουδή
1480 2948 1628 2995 πᾶσα
1665 2947 1901 3014 γίγνεται

299 3036 429 3106 πρὸς
473 3034 531 3084 16
574 3039 824 3103 γεννῆσαι
869 3034 1042 3095 τέκνα,
1074 3036 1164 3082 καὶ
1204 3039 1355 3101 σχεῖν
1407 3030 1780 3105 κληρονόμους,
1812 3027 1903 3083 καὶ

1973 508 2129 574 tatis,
2183 510 2362 578 atque
2421 504 2633 577 quietis
2680 501 3003 574 spiritualis
3077 501 3408 563 collimans,
3470 497 3618 553 citra.

1974 612 2218 653 omnem
2267 595 2769 651 intermissionem
2813 607 2882 647 ac
2931 590 3243 659 segnitiem
3291 592 3509 651 currat,
3558 587 3621 641 in

1975 685 2140 743 nullo
2178 687 2220 755 1
2239 687 2280 755 1
2298 685 2348 758 5
2382 682 2736 739 charismate
2765 686 2867 737 aut
2887 678 3308 751 justiﬁcatione
3332 676 3624 731 collocata

1976 774 2216 831 ﬁducia.
2260 774 2454 830 Gloria
2485 777 2540 828 et
2564 770 2834 827 adoratio
2870 769 3042 835 Patri,
3076 773 3133 824 et
3160 767 3324 835 Filio,
3357 770 3411 821 et
3446 764 3624 837 Spiri-

1977 864 2061 920 tui
2090 867 2297 921 sancto
2328 862 2388 918 in
2419 860 2658 917 saecula.
2686 860 2896 915 Amen.

2578 1165 2867 1221 HOMILIA
2905 1165 3054 1219 ΧΧΧ.

1983 1275 2082 1331 Ea:
2109 1274 2335 1342 Spiritu
2362 1278 2567 1329 sancto
2612 1271 2845 1329 renasci
2888 1274 3112 1337 oportet
3159 1269 3451 1342 animam,
3497 1279 3629 1342 quae

2054 1337 2302 1416 regnum
2361 1346 2470 1401 Dei
2514 1345 2862 1414 ingressum
2914 1347 3017 1406 est,
3064 1347 3264 1411 etquo
3314 1341 3490 1408 pacto
3522 1337 3632 1392 hoc

2055 1418 2184 1486 ﬁat.

2058 1523 2099 1577 Ι,
2132 1523 2242 1588 Qui
2273 1521 2523 1578 verbum
2550 1521 2821 1587 audiunt,
2854 1536 3008 1591 opus
3038 1517 3205 1573 verbi
3236 1516 3296 1571 in
3330 1514 3451 1569 suis
3481 1512 3639 1584 ipso-

1988 1629 2124 1668 rum
2168 1610 2387 1667 animis
2433 1610 2848 1666 demonstrare
2890 1607 3127 1663 debent.
3164 1604 3419 1661 Verbum
3473 1600 3637 1657 enim

1991 1703 2090 1757 Dei
2138 1717 2258 1757 non
2296 1707 2383 1756 est
2435 1700 2714 1763 otiosum,
2760 1699 2864 1753 sed
2918 1714 3072 1769 opus
3115 1695 3313 1756 habet,
3370 1691 3533 1765 quod
3579 1690 3639 1745 in

1994 1790 2196 1846 anima
2222 1790 2523 1861 perﬁcitur
2548 1806 2561 1844 :
2584 1794 2895 1861 propterea
2915 1787 3075 1842 enim
3099 1802 3255 1856 opus
3282 1780 3635 1854 appellatur,

1996 1886 2059 1935 ut
2088 1896 2241 1951 opus
2262 1894 2502 1951 quoque
2533 1878 2870 1933 inveniatur
2893 1877 3057 1948 apud
3086 1890 3211 1939 eos,
3235 1871 3337 1944 qui
3368 1869 3639 1925 audiunt.

1998 1968 2286 2024 Exhibeat
2335 1968 2510 2037 igitur
2542 1968 2827 2022 Dominus
2870 1981 3023 2036 opus
3062 1962 3326 2018 veritatis
3357 1957 3644 2015 audienti-

1997 2059 2131 2123 bus,
2167 2062 2229 2113 ut
2261 2057 2508 2112 verbum
2557 2056 2929 2111 fructuosum
2978 2053 3305 2124 reperiatur
3345 2050 3405 2104 in
3437 2046 3637 2103 nobis.

1998 2146 2243 2202 Perinde
2273 2146 2435 2201 enim
2481 2161 2551 2200 ac
2582 2146 2799 2200 umbra
2831 2142 3113 2215 praecedit
3141 2154 3396 2210 corpus;
3432 2134 3647 2191 umbra

1998 2243 2198 2293 autem
2256 2251 2474 2306 corpus
2529 2234 2918 2298 demonstrat,
2972 2238 3030 2287 at
3076 2231 3296 2285 veritas
3328 2233 3417 2282 est
3447 2226 3647 2296 ipsum

1999 2341 2219 2396 corpus
2253 2341 2264 2379 :
2298 2324 2385 2379 sic
2409 2338 2651 2395 quoque
2681 2328 2772 2378 est
2800 2322 3051 2377 verbum
3084 2319 3240 2374 velut
3267 2318 3482 2372 umbra
3504 2312 3650 2367 veri-

2001 2414 2137 2471 tatis
2183 2413 2416 2468 Christi.
2448 2413 2723 2467 Praacedit
2769 2412 2967 2482 itaque
2998 2408 3248 2464 verbum
3280 2405 3647 2460 varietatem.

2002 2506 2198 2559 Patres
2245 2503 2349 2574 qui
2404 2502 2463 2556 in
2497 2501 2664 2556 terris
2721 2506 2881 2564 sunt,
2913 2516 2943 2555 e
2993 2514 3101 2553 sua
3132 2498 3400 2568 ipsorum
3436 2496 3653 2547 natura

2004 2599 2291 2665 generant
2318 2592 2558 2656 liberos,
2591 2607 2623 2647 θ
2654 2606 2901 2661 corpore
2950 2604 3059 2642 suo
3092 2592 3147 2642 et
3175 2584 3400 2646 anima,
3430 2594 3653 2652 eosque

2004 2689 2181 2739 natos
2212 2680 2377 2736 omni
2396 2679 2590 2735 studio
2613 2686 2669 2735 et
2692 2683 2970 2734 accurata
2993 2674 3298 2745 diligentia
3318 2671 3652 2732 instituunt,

2008 2779 2071 2827 ut
2098 2786 2238 2827 suos
2268 2770 2444 2835 ﬁlios,
2493 2768 2685 2824 donec
2713 2766 2953 2839 perfecti
2985 2765 3094 2821 viri
3127 2763 3406 2824 evadant,
3440 2764 3497 2815 et
3527 2772 3657 2812 suc-

2009 2875 2273 2917 cessores
2306 2876 2375 2915 ac
2400 2858 2688 2914 haeredes.
2716 2858 2923 2913 Omnis
2954 2854 3113 2910 enim
3139 2867 3358 2923 scopus
3392 2852 3655 2921 patrum,

2010 2956 2064 3006 et
2093 2964 2274 3005 omne
2304 2947 2591 3012 studium,
2626 2946 2702 3001 ab
2726 2946 2887 3001 initio
2920 2960 2989 2999 eo
3026 2941 3227 3005 tendit,
3261 2945 3320 2994 ut
3347 2937 3661 3010 procreent

2010 3039 2249 3102 liberos,
2285 3052 2355 3092 ac
2398 3035 2667 3092 hmredes
2711 3033 3018 3101 habeant;
3051 3039 3107 3086 et
3159 3030 3269 3085 nisi
3323 3024 3656 3097 genuerint,

300 3121 344 3173 εἰ
403 3125 475 3193 μή
540 3122 834 3191 ἓγέννησαν,
904 3123 1159 3190 μεγίστην
1212 3118 1379 3177 λύπην
1443 3124 1534 3172 καὶ
1592 3116 1783 3177 ὀδύνην
1842 3120 1901 3171 ἄν

2017 3143 2251 3182 summa
2283 3125 2512 3181 tristitia
2542 3140 2611 3179 ac
2644 3138 2894 3178 maerore
2920 3120 3260 3177 afﬁciuntur
3286 3134 3300 3183 ;
3333 3116 3482 3171 sicut
3512 3129 3544 3168 e
3575 3112 3661 3166 di-

307 3206 471 3280 εῖχον,
514 3210 644 3260 ὥστε
697 3207 849 3259 πάλιν
893 3213 1252 3277 γεννήσαντες,
1311 3210 1487 3282 χαρὰν
1540 3210 1720 3279 ἔσχον.
1781 3212 1906 3260 Χαί-

305 3316 465 3373 ρουσι
497 3293 555 3349 δε
585 3301 675 3348 καὶ
704 3298 753 3347 οἱ
786 3302 1052 3367 συγγενεῖς
1082 3301 1172 3347 καὶ
1204 3297 1252 3347 οἱ
1280 3301 1523 3367 γείτονες.

378 3402 450 3457 Β’.
503 3406 600 3455 Τόν
645 3401 800 3454 αὐτὸν
848 3406 1037 3476 τρόπον
1088 3404 1232 3454 καὶὸ
1286 3405 1473 3475 Κύριος
1526 3404 1668 3475 ἡμῶν
1708 3403 1909 3465 Ἰησοῦς

308 3495 536 3565 Χριστὸς
588 3496 705 3564 περὶ
761 3498 851 3551 τῆς
894 3498 984 3544 τοῦ
1034 3490 1306 3566 ἀνθρώπου
1376 3498 1640 3565 σωτηρίας
1705 3498 1906 3568 φροντί-

310 3600 424 3647 σας,
476 3586 649 3633 πᾶσαν
693 3579 990 3651 οἰκονομίαν
1038 3586 1127 3633 καὶ
1174 3576 1408 3639 σπουδήν
1439 3580 1726 3635 ἐπετέλεσεν
1766 3582 1910 3657 ἐξαρ-

306 3679 417 3742 χῆς
463 3666 558 3722 διὰ
599 3676 856 3744 Πατέρων,
909 3678 1275 3744 πατριαρχῶν,
1310 3667 1404 3722 διὰ
1458 3675 1615 3743 νόμον
1657 3676 1747 3725 καὶ
1778 3692 1910 3746 προ-

308 3768 480 3834 φητῶν
509 3777 521 3789 ·
566 3762 795 3831 ἔσχατον
846 3763 933 3812 καὶ
965 3759 1117 3820 αὐτὸς
1148 3764 1581 3834 παραγενόμενος,
1636 3766 1725 3814 καὶ
1757 3782 1911 3815 σταυ-

307 3856 402 3925 ροῦ
446 3848 712 3920 αἰσχύνης
764 3854 1186 3923 καταφρονήσας,
1243 3850 1478 3922 ὑπέμεινε
1517 3852 1751 3905 θάνατον.
1812 3855 1911 3904 Καὶ

311 3939 453 3997 οὗτος
492 3937 601 3997 ὅλος
648 3938 673 3988 6
703 3940 952 4008 κάματος,
1005 3942 1096 3989 καὶ
1130 3939 1158 3995 ἠ
1214 3934 1422 3996 σπουδή
1475 3938 1635 3990 αὐτοῦ
1681 3944 1907 4010 γέγονεν,

314 4027 449 4086 ὅπως
475 4030 695 4097 γεννήσῃ
749 4023 801 4086 ἐξ
829 4025 1015 4077 ἑαυτοῦ
1068 4024 1122 4076 ἐκ
1154 4033 1246 4086 τῆς
1292 4025 1477 4078 ἑαυτοῦ
1511 4030 1709 4097 φύσεως
1761 4031 1915 4079 τέκνα

316 4118 371 4165 ἐκ
402 4120 493 4165 τοῦ
538 4116 856 4184 Πνεύματος,
907 4114 1097 4165 ἄνωθεν
1164 4111 1461 4175 εὐδοκήσας
1489 4117 1799 4185 γεννηθῆναι
1859 4116 1914 4167 ἐκ

322 4210 417 4263 τῆς
475 4201 635 4253 αὐτοῦ
691 4203 951 4263 θεότητος.
1016 4206 1118 4254 Καὶ
1167 4203 1339 4274 ὥσπερ
1390 4205 1439 4255 οἱ
1487 4209 1698 4276 πατέρες
1750 4205 1915 4271 οὗτοι,

325 4290 409 4344 ἰὰν
458 4295 528 4364 μή
574 4296 887 4362 γεννήσωσι,
943 4290 1227 4343 λυποῦνται
1260 4308 1272 4320 ·
1328 4291 1486 4353 οὕτως
1516 4300 1601 4345 καὶ
1646 4295 1671 4345 6
1731 4297 1917 4366 Κύριος

326 4380 609 4453 ἀγαπήσας
660 4383 717 4432 τό
746 4383 886 4452 γένος
933 4388 1033 4431 τῶν
1089 4377 1370 4452 ἀνθρώπων
1410 4382 1477 4443 ὡς
1535 4378 1675 4434 ἰδίαν
1725 4382 1916 4451 εἰκόνα,

324 4470 571 4529 ἡθελησεν
629 4470 814 4530 αύτούς
864 4467 919 4521 ἐκ
975 4476 1067 4521 τοῦ
1115 4469 1274 4521 αὐτοῦ
1327 4474 1620 4545 σπέρματος
1674 4480 1921 4544 γεννῆσαι

324 4568 420 4622 τῆς
478 4561 734 4619 θεότητος,
766 4561 826 4611 Ei
874 4577 1002 4619 τινες
1054 4554 1143 4610 οὖν
1170 4563 1242 4631 μή
1295 4558 1583 4617 θελήσωσιν
1639 4560 1709 4624 εἰς
1747 4565 1923 4614 τοιαύ-

325 4669 416 4709 την
464 4654 702 4721 γέννησιν
744 4647 924 4713 ἐλθεῖν,
985 4653 1074 4701 καί
1122 4647 1177 4700 ἐκ
1208 4668 1305 4711 της
1346 4653 1572 4723 γαστρός
1627 4670 1718 4703 του
1768 4655 1923 4705 Πνεύ-

327 4758 491 4809 ματος
555 4735 645 4799 τῆς
715 4741 956 4800 θεότητος
1019 4739 1347 4809 γεννηθῆναι,
1420 4740 1609 4792 πολλάν
1665 4741 1831 4799 λύπην
1897 4745 1923 4796 6

325 4830 554 4899 Χριστὸς
611 4824 945 4898 ἀναδέχεται,
1006 4830 1184 4881 παθὼν
1236 4824 1309 4881 δι’
1349 4829 1537 4891 αύτούς
1566 4834 1655 4883 καὶ
1711 4832 1922 4904 ῦπομεί·

323 4936 435 4982 νας,
461 4917 543 4968 ἱνα
570 4917 784 4977 τούτους
812 4921 982 4989 σώσῃ.

397 5022 470 5078 I".
535 5024 739 5085 Πάντας
768 5026 868 5096 γὰρ
933 5023 1235 5093 ἀνθρώπους
1305 5025 1434 5079 θέλει
1500 5028 1525 5078 6
1585 5029 1777 5101 Κύριος
1827 5049 1925 5093 της

322 5118 607 5186 γεννήσεως
654 5112 1042 5174 καταξιωθῆναι
1101 5116 1309 5174 ταύτης.
1365 5113 1512 5187 ’Υπὲρ
1572 5118 1775 5169 πάντων
1824 5122 1923 5193 γὰρ

325 5203 564 5268 ἀπέθανε,
594 5206 684 5254 καὶ
715 5204 913 5262 πάντας
966 5202 1036 5264 εἰς
1077 5203 1215 5262 ζωήν
1266 5201 1493 5259 ἐκάλεσε.
1536 5207 1652 5263 Ζωή
1684 5202 1743 5258 δε
1788 5210 1925 5261 ἔστιν

324 5295 354 5351 ἡ
403 5294 595 5345 ἄνωθεν
634 5292 691 5344 ἐκ
737 5298 829 5345 τοῦ
872 5299 1005 5346 Θεοῦ
1046 5295 1285 5363 γέννησις
1318 5309 1330 5322 '
1385 5293 1503 5345 ἄνευ
1573 5296 1673 5369 γὰρ
1727 5300 1923 5361 ταύτης

330 5383 494 5443 ζησαι
514 5380 701 5453 ψυχὴν
724 5378 1001 5447 ἀδύνατον,
1031 5383 1099 5443 ὥς
1128 5400 1283 5453 φησιν
1314 5382 1340 5433 6
1375 5383 1562 5454 Κύριος
1595 5399 1607 5412 ⁸
1668 5385 1802 5437 Ἐὰν
1840 5391 1919 5458 μή

329 5491 422 5533 τις
448 5473 722 5544 γεννηθῇ
747 5471 1086 5541 ἄνωθεν,ού
1120 5467 1393 5524 δύναται
1422 5467 1585 5523 ἰδεῖν
1607 5472 1720 5531 τὴν
1749 5472 1922 5547 βασι-

330 5562 503 5615 λείαν
544 5568 653 5615 τοῦ
694 5568 872 5615 Θεοῦ.
914 5560 1077 5615 Ὠστε
1124 5560 1278 5615 πάλιν
1325 5560 1440 5614 ὅσοι
1495 5564 1805 5616 πιστεύουσι
1855 5574 1926 5637 τῷ

403 5688 421 5723 ί
454 5687 622 5753 Joan,
656 5701 735 5752 ιιι,
764 5690 815 5743 3.

2014 3231 2205 3280 verso,
2262 3214 2360 3270 ubi
2408 3212 2853 3285 procreaverint
2881 3210 3124 3274 liberos,
3158 3206 3378 3278 gaudio
3422 3201 3664 3276 perfun-

2014 3306 2238 3361 duntur
2265 3323 2277 3361 :
2314 3303 2580 3376 gaudent
2605 3316 2848 3373 quoque
2880 3298 3118 3369 cognati
3150 3302 3204 3353 et
3236 3294 3441 3350 vicini.

2088 3411 2155 3466 ll.
2191 3410 2408 3466 Eodem
2438 3407 2619 3464 modo
2657 3407 2939 3462 Dominus
2967 3410 3165 3460 noster
3202 3404 3373 3458 Jesus
3405 3399 3666 3455 Christus

2016 3500 2089 3556 de
2118 3500 2381 3556 hominis
2411 3498 2601 3554 salute
2634 3496 2946 3565 sollicitus,
2990 3509 3233 3549 omnem
3265 3487 3668 3562 dispensatio-

2020 3606 2155 3645 nem
2200 3605 2270 3644 ac
2314 3588 2578 3643 studium
2610 3584 2851 3659 perfecit
2893 3600 2929 3640 a
2972 3582 3285 3657 principio,
3337 3578 3665 3634 ministerio

2021 3682 2277 3746 Patrum,
2336 3676 2838 3750 patriarcharum,
2888 3674 3038 3743 legis
3087 3689 3157 3728 ac
3208 3672 3661 3744 prophetarum,

2021 3775 2326 3842 postremo
2343 3782 2583 3838 quoque
2604 3767 2729 3838 ipse
2752 3764 3099 3828 adveniens,
3121 3778 3189 3816 ac
3209 3759 3398 3815 crucis
3416 3754 3671 3827 ignomi-

2020 3860 2182 3914 niam
2206 3872 2514 3928 spernens,
2546 3860 2798 3911 mortem
2826 3852 3082 3924 pertulit.
3118 3848 3325 3907 Omnis
3355 3847 3556 3917 itaque
3586 3842 3669 3897 la-

2018 3948 2130 4003 bor
2184 3946 2277 4001 ille
2329 3951 2385 4000 et
2437 3944 2702 4000 studium
2747 3943 2875 4013 ejus
2916 3943 2975 3995 in
3009 3956 3079 3995 eo
3106 3939 3236 4003 fuit,
3270 3942 3333 3991 ut
3362 3933 3672 4005 generaret

2021 4053 2088 4092 ex
2119 4052 2179 4090 se
2224 4036 2376 4103 ipso.
2410 4049 2440 4088 e
2497 4048 2609 4089 sua
2658 4033 2844 4103 ipsius
2890 4034 3107 4085 natura
3155 4027 3311 4081 filios
3360 4040 3391 4078 e
3429 4020 3670 4092 Spiritu,

2022 4123 2256 4196 placide
2279 4124 2684 4194 acquiescens,
2700 4119 2863 4191 quod
2882 4117 3223 4190 supernitus
3244 4115 3627 4169 nascerentur
3645 4123 3676 4162 e

2024 4229 2134 4268 sua
2180 4211 2505 4267 divinitate.
2550 4210 2611 4264 Et
2639 4206 3155 4282 quemadmodum
3206 4209 3403 4275 patres
3452 4199 3533 4265 hi,
3564 4196 3680 4253 nisi

2028 4302 2357 4373 genuerint,
2407 4300 2634 4355 tristitia
2680 4303 2736 4354 et
2784 4296 2989 4353 dolore
3048 4293 3387 4351 afﬁciuntur
3418 4307 3431 4343 :
3466 4286 3680 4344 eodem

2032 4390 2212 4447 modo
2279 4390 2584 4455 Dominus,
2669 4386 2925 4457 diligens
2975 4399 3162 4455 genus
3219 4382 3557 4437 humanum
3620 4379 3683 4429 ut

2032 4479 2339 4552 propriam
2386 4477 2734 4547 imaginem,
2791 4474 2972 4530 voluit
3024 4489 3125 4529 eos
3171 4486 3243 4526 ex
3280 4469 3410 4541 ipso
3454 4464 3681 4521 semine

2034 4568 2237 4624 divino
2260 4582 2594 4639 procreare.
2629 4566 2685 4622 Si
2714 4565 2817 4636 qui
2843 4578 2985 4632 ergo
3029 4559 3328 4617 renuerint
3358 4555 3436 4612 ad
3471 4554 3680 4622 hujus-

2033 4660 2199 4715 modi
2242 4657 2689 4727 generationem
2724 4654 2943 4719 venire,
2990 4657 3046 4707 et
3075 4650 3149 4706 de
3182 4653 3378 4704 ventre
3430 4643 3682 4715 Spiritus

2034 4748 2220 4803 divini
2250 4747 2435 4810 nasci,
2478 4760 2786 4800 summum
2816 4742 3084 4798 dolorem
3120 4738 3366 4809 suscipit
3397 4733 3683 4796 Christus,

2035 4838 2135 4909 qui
2167 4841 2405 4907 prOpter
2430 4850 2531 4889 eos
2557 4850 2774 4905 passus
2804 4838 2895 4888 est
2921 4847 2990 4887 ac
3019 4827 3277 4901 pertulit,
3313 4829 3371 4881 ul
3417 4838 3519 4879 eos
3562 4836 3687 4876 ser-

2035 4931 2224 4982 varet.

2109 5034 2197 5087 lll.
2231 5034 2452 5089 Omnes
2496 5030 2656 5087 enim
2709 5027 2986 5085 homines
3046 5024 3169 5080 vult
3215 5022 3502 5079 Dominus
3529 5017 3690 5073 hanc

2035 5122 2404 5179 nativitatem
2436 5118 2743 5191 consequi,
2780 5133 2886 5188 pro
2908 5115 3189 5171 omnibus
3213 5111 3510 5184 siquidem
3533 5122 3691 5163 mor-

2037 5217 2173 5267 tuus
2200 5215 2305 5276 est,
2337 5216 2392 5265 et
2422 5224 2633 5265 omnes
2661 5208 2737 5264 ad
2767 5206 2952 5262 vitam
2986 5204 3242 5260 vocavit.
3278 5202 3406 5256 Vita
3435 5214 3575 5254 vero
3606 5202 3693 5252 est

2036 5301 2295 5371 desuper
2312 5314 2384 5355 ex
2410 5301 2524 5353 Deo
2548 5297 2850 5368 generatio
2875 5313 2887 5350 :
2919 5295 3148 5365 absque
3169 5293 3282 5348 hac
3304 5290 3463 5346 enim
3496 5288 3692 5341 vivere

2038 5389 2327 5452 animam,
2352 5386 2741 5459 impossibile,
2765 5390 2828 5441 ut
2846 5383 3037 5456 inquit
3057 5382 3345 5438 Dominus
3370 5394 3381 5433 :
3414 5374 3544 5433 Nisi
3563 5372 3692 5444 quis

2038 5485 2214 5533 natus
2235 5477 2422 5548 fuerit
2446 5493 2476 5534 e
2497 5477 2787 5546 supernis,
2829 5490 2948 5531 non
2969 5472 3189 5545 poterit
3216 5469 3414 5525 videre
3442 5478 3691 5532 regnum

2043 5567 2148 5624 Dei
2188 5569 2230 5622 ¹.
2261 5568 2329 5624 Ut
2357 5572 2584 5634 contra,
2631 5567 2978 5639 quicunque
3024 5560 3273 5617 Domino
3313 5548 3693 5616 crediderint,
