4130 6286
262 296 370 350 725

265 423 369 475 θεῖν
409 426 483 492 τῷ
524 422 721 491 Κυρίῳ,
767 415 1080 490 παρακαλεῖν
1120 416 1345 469 ἐντεῦθεν
1392 414 1566 469 λαϐεῖν
1606 418 1662 468 τό
1706 417 1873 468 θεῑκὸν
1909 418 1955 474 Α

264 517 503 582 Πνεῦμα’
554 507 682 560 αὐτὸ
717 508 818 579 γάρ
851 504 989 558 ἐστιν
1020 507 1049 563 ἡ
1099 505 1206 565 ζωὴ
1245 514 1341 566 τῆς
1387 505 1594 576 ψυχῆς,
1650 510 1739 558 καὶ
1784 502 1878 557 διὰ

262 605 417 651 τοῦτο
466 600 757 655 ἐποιήσατο
791 600 883 652 τὴν
934 594 1130 647 ἔλευσιν
1162 596 1187 645 6
1243 597 1449 667 Κύριος,
1501 593 1584 646 ἳνα
1624 594 1764 654 ζωὴν
1803 592 1877 645 ἐν-

260 689 435 740 τεῦθεν
468 683 546 757 δῷ
588 694 651 758 τῇ
698 686 877 757 ψυχῇ,
906 688 963 737 τὸ
1010 690 1217 755 Πνεῦμα
1264 685 1423 736 αὑτοῦ
1459 701 1469 714 ·
1522 683 1671 745 Ἕως
1730 685 1870 755 γὰρ,

261 781 414 848 φησὶ,
465 778 651 848 ἔχετε
716 778 783 827 τό
850 782 992 846 φῶς,
1055 776 1395 827 πιστεύετε
1459 773 1547 834 εἰς
1584 776 1652 825 τό
1711 781 1871 845 φῶς·

260 867 533 937 ἔρχεται
571 864 703 926 νὺξ,
745 864 845 915 ὂτε
883 862 1098 915 οὐκέτι
1137 859 1419 915 δύνασθε
1458 862 1871 935 ἐργάζεσθαι.

262 956 325 1007 Εἰ
350 973 432 1015 τις
462 957 634 1005 τοίνυν
664 952 758 1003 οὐκ
793 951 1047 1011 ἐζήτησεν
1078 949 1301 1003 ἐντεῦθεν
1331 956 1420 1003 καὶ
1461 950 1607 1003 ἔλαϐε
1637 952 1776 1011 ζωὴν
1806 958 1868 1022 τῇ

261 1042 419 1114 ψυχῇ
475 1046 534 1094 τὸ
584 1043 752 1094 θεῑκόν
800 1048 901 1112 φῶς
948 1046 1038 1093 τοῦ
1089 1042 1401 1111 Πνεύματος,
1453 1039 1501 1092 ἓν
1541 1048 1613 1111 τῷ
1663 1040 1872 1113 ἐξέρχε-

268 1133 397 1184 σθαι
453 1137 547 1183 τοῦ
610 1135 870 1203 σώματος,
922 1128 971 1181 ἐν
1028 1136 1136 1191 τοῖς
1201 1129 1497 1202 ἀριστεροῖς
1548 1134 1723 1190 τόποις
1781 1137 1874 1181 τοῦ

269 1224 496 1280 σκότους
548 1216 656 1278 ἢδη
708 1218 1031 1291 ἀφορίζεται,
1080 1218 1148 1279 εἰς
1199 1217 1467 1291 βασιλείαν
1521 1218 1748 1291 οῦρανῶν
1801 1223 1871 1291 μὴ

269 1309 663 1382 εἰσερχόμενος,
727 1306 775 1360 ἐν
832 1312 1004 1380 γεέννῃ
1063 1311 1122 1361 τὸ
1185 1308 1325 1370 τελος
1391 1311 1527 1380 ἔχων
1587 1310 1719 1380 μετά
1782 1314 1876 1360 τοῦ

270 1393 525 1450 διαϐόλου
575 1403 664 1450 καὶ
701 1406 799 1449 τῶν
851 1397 1075 1468 ἀγγέλων
1121 1397 1302 1450 αὑτοῦ.
1340 1396 1402 1449 Ἦ
1446 1400 1618 1472 ὥσπερ
1649 1401 1877 1469 χρυσίον

272 1487 303 1542 ἦ
366 1483 639 1559 ἀργύριον,
706 1486 829 1539 ἐπὰν
895 1486 1123 1558 ἐμϐληθῆ
1190 1494 1261 1557 τῷ
1317 1491 1465 1560 πυρὶ,
1518 1489 1877 1560 καθαρώτερον

271 1578 363 1625 καὶ
410 1571 781 1649 δοκιμώτερον,
816 1581 1036 1648 γίνεται,
1077 1581 1165 1629 καὶ
1205 1573 1354 1629 οὐδὲν
1398 1574 1617 1629 δύναται
1666 1575 1881 1629 ἀλλοιῶ-

277 1681 368 1715 σαι
398 1664 550 1731 αύτὸ,
579 1666 684 1718 οἷον
707 1665 852 1728 ξύλα,
899 1670 928 1724 ἤ
973 1670 1200 1737 χόρτος·
1252 1667 1423 1718 πάντα
1472 1669 1572 1739 γὰρ
1607 1666 1768 1719 ἐσθίει
1814 1669 1881 1719 τὰ

272 1759 678 1826 προσερχόμενα
728 1754 886 1827 αὐτῷ,
934 1763 1035 1830 πῦρ
1081 1758 1182 1827 γὰρ
1236 1760 1540 1827 γίγνονται’
1592 1756 1748 1816 οὕτως
1791 1761 1879 1808 καὶ

272 1843 303 1898 ἡ
344 1841 503 1914 ψυχὴ
548 1844 597 1896 ἐν
649 1852 721 1915 τῷ
774 1850 901 1919 πυρὶ
959 1852 1049 1897 τοῦ
1114 1848 1412 1917 Πνεύματος
1458 1845 1875 1920 ἀναστρεφομένη

270 1935 364 1982 καὶ
422 1941 496 2002 τῷ
551 1934 702 2003 θεῑκῷ
746 1938 897 2005 φωτὶ,
952 1934 1038 1985 ὑπ’
1078 1931 1286 1996 οὐδενός
1333 1954 1384 1986 τι
1431 1939 1590 1987 κακόν
1651 1940 1883 1987 πείσεται

1919 1804 1960 1860 Β

270 2026 369 2071 τῶν
419 2030 657 2095 πονηρῶν
709 2028 1033 2093 πνευμάτων.
1086 2022 1147 2074 Εἰ
1199 2020 1258 2075 δὲ
1304 2028 1394 2075 καὶ
1437 2028 1773 2096 προσεγγίσει
1831 2043 1882 2075 τι

271 2106 431 2180 αὐτῇ,
494 2109 828 2163 ἀναλίσκεται
867 2113 965 2163 ὑπὸ
1032 2117 1123 2163 τοῦ
1190 2113 1496 2186 ἐπουρανίου
1563 2116 1728 2185 πυρὸς
1789 2120 1880 2164 τοῦ

270 2200 572 2269 Πνεύματος
638 2199 704 2252 Ἦ
767 2202 938 2273 ὥσπερ
1006 2203 1252 2269 πετεινόν,
1320 2203 1444 2253 ἐπὰν
1509 2200 1556 2252 ἐν
1618 2200 1739 2271 ῦψει
1796 2221 1883 2254 πε-

263 2289 461 2360 τασθῇ,
522 2288 799 2361 ἀμέριμνόν
846 2287 1008 2354 ἐστιν,
1055 2292 1119 2349 ὡς
1165 2286 1330 2361 μηδὲν
1382 2286 1638 2355 δεδοικὸς,
1704 2293 1883 2363 θηρευ-

262 2377 378 2440 τὰς,
432 2378 476 2436 ᾖ
545 2380 704 2450 θηρία
754 2380 991 2450 πονηρά’
1054 2379 1157 2430 ἄνω
1209 2383 1310 2453 γάρ
1362 2400 1461 2432 που
1515 2384 1568 2432 ὅν
1623 2380 1885 2453 καταγελᾷ

266 2466 521 2518 πάντων·
568 2467 703 2520 οὕτω
740 2472 829 2520 καὶ
872 2467 1025 2540 ψυχὴ
1076 2467 1311 2521 λαϐοῦσα
1348 2472 1438 2531 τὰς
1487 2474 1749 2543 πτέρυγας
1793 2477 1883 2522 τοῦ

270 2559 599 2630 Πνεύματος,
660 2563 748 2609 καὶ
815 2558 882 2618 εἰς
929 2560 992 2610 τά
1053 2557 1231 2629 ὑψηλά
1280 2566 1369 2611 τοῦ
1445 2559 1664 2633 ούρανοῦ
1729 2580 1884 2613 πετο-

272 2649 421 2718 μένη³
456 2649 657 2699 πάντων
689 2646 915 2719 ἀνωτέρα
944 2643 1097 2712 οὖσα,
1130 2651 1333 2700 πάντων
1363 2649 1641 2720 καταγελᾷ.

349 2769 424 2826 Ζ’.
470 2775 569 2824 Καὶ
599 2772 624 2822 6
674 2773 764 2843 μὶν
817 2773 950 2823 κατά
981 2774 1155 2844 σάρκα
1205 2772 1439 2846 Ἰσραὴλ,
1490 2777 1605 2826 τότε
1655 2779 1888 2846 σχίσαν-

276 2878 363 2921 τος
393 2864 623 2921 Μωσέως
664 2864 758 2919 τὴν
806 2860 1094 2927 θάλασσαν,
1125 2858 1416 2934 διήρχοντο
1448 2865 1589 2916 κάτω
1615 2881 1626 2894 ·
1653 2864 1796 2915 οὗτοι
1829 2861 1888 2917 δὲ

278 2952 435 3001 τέκνα
481 2954 608 3002 Θεοῦ
656 2953 793 3012 ὄντες
842 2950 1011 3001 ἐπάνω
1062 2959 1437 3024 περιπατοῦσιν
1499 2951 1584 3004 ἐπὶ
1640 2957 1734 3011 τὴν
1793 2956 1885 3006 θά-

278 3035 484 3090 λασσαν
550 3046 645 3099 τῆς
704 3044 919 3110 πικρίας
985 3048 1084 3091 τῶν
1150 3050 1383 3112 πονηρῶν
1453 3039 1739 3114 δυνάμεων.
1816 3046 1885 3094 Τό

286 3134 440 3212 σῶμα
466 3130 567 3199 γὰρ
616 3131 705 3177 καὶ
756 3129 785 3185 ἡ
818 3127 973 3198 ψυχὴ
1029 3128 1197 3179 αὐτῶν
1232 3126 1371 3189 οἶκος
1402 3137 1534 3182 Θεοῦ
1564 3135 1839 3201 γεγόνασιν
1869 3148 1881 3160 ’
1918 3157 1959 3212 C

283 3209 331 3262 ἐν
393 3213 556 3286 ἐκείνῃ
614 3222 675 3285 τῇ
727 3216 916 3287 ἡμέρᾳ,
975 3216 1058 3268 ὅτε
1105 3220 1278 3269 ἔπεσεν
1330 3219 1355 3268 6
1408 3216 1604 3291 Ἀδάμ,
1663 3216 1812 3277 ἦλθεν
1861 3221 1885 3271 6

284 3303 409 3361 Θεὸς
455 3310 749 3373 περιπατῶν
793 3302 841 3353 ἐν
884 3311 955 3373 τῷ
998 3301 1326 3379 παραδείσῳ,
1367 3306 1633 3372 ἔκλαυσεν,
1689 3311 1759 3370 ὡς
1811 3308 1886 3360 εἰ-

283 3396 417 3444 πεῖν.
454 3386 579 3442 ἰδὼν
608 3393 693 3442 τόν
723 3387 920 3463 Ἀδὰμ,
954 3398 1043 3444 καὶ
1074 3397 1305 3465 εἴρηκεν·
1343 3396 1443 3448 Ἐκ
1480 3402 1675 3448 ποίων
1743 3395 1886 3469 ἀγα.

285 3477 403 3528 θῶν
429 3484 580 3530 ποῖα
612 3480 891 3553 ᾑρετίσω
922 3483 1122 3537 κακάι
1157 3485 1221 3534 ὲκ
1253 3488 1445 3545 ποίας
1477 3481 1673 3546 δόξης
1698 3491 1885 3538 ποίαν

282 3563 615 3637 αἰσχύνην
673 3570 926 3641 φορείςῑ
992 3576 1051 3622 τί
1118 3576 1443 3633 σκοτεινὸς
1505 3570 1559 3626 εἷ
1618 3575 1761 3629 νῦνί
1825 3580 1885 3628 τί

285 3649 638 3717 δυσειδὴςι
700 3663 759 3709 τί
818 3660 1105 3733 σαπρόςῐ
1165 3663 1228 3712 ἐκ
1266 3667 1455 3714 ποίου
1514 3666 1715 3735 φωτός
1755 3666 1883 3717 οἷοὶ

286 3751 510 3806 σκότος
570 3745 847 3819 ἐκάλυψέ
914 3750 1015 3804 σεξ
1057 3754 1146 3801 καὶ
1176 3756 1417 3812 πεσόντος
1456 3760 1548 3804 τοῦ
1574 3750 1754 3826 Ἀδὰμ
1792 3775 1884 3807 καν

282 3831 626 3896 ἀποθανόντος
655 3835 756 3888 ἀπὸ
786 3844 878 3889 τοῦ
909 3846 1062 3903 Θεοῦ,
1103 3838 1346 3893 ἔκλαυσεν
1375 3841 1529 3893 αὑτὸν
1570 3843 1595 3894 6
1638 3848 1883 3910 Ποιητής,

286 3923 517 3993 ἄγγελοι,
570 3930 739 3977 πᾶσαι
769 3929 823 3978 αἱ
872 3923 1139 3998 δυνάμεις,
1170 3929 1397 4000 οὐρανοὶ,
1450 3939 1542 4001 γῆ,
1583 3937 1671 3983 καὶ
1718 3934 1887 3984 πάντα

286 4012 355 4061 τὰ
394 4016 662 4082 κτίσματα
704 4012 987 4071 έπένθησαν
1028 4015 1111 4067 ἐπὶ
1152 4025 1221 4086 τῷ
1268 4019 1469 4089 θανάτῳ
1508 4024 1598 4071 καὶ
1646 4028 1708 4091 τῇ
1755 4027 1887 4071 πτώ-

292 4115 369 4149 σει
413 4098 610 4151 αύτοῦ’
661 4103 748 4153 τόν
795 4104 897 4174 γὰρ
944 4100 1158 4155 δοθέντα
1210 4105 1389 4167 αὐτοῖς
1437 4104 1659 4178 βασιλέα
1705 4105 1888 4161 δοῦλον

290 4182 427 4240 εἶδον
500 4193 748 4259 γεγονότα
822 4189 1047 4252 ἐναντίας
1121 4198 1209 4245 καὶ
1283 4202 1512 4269 πονηρᾶς
1598 4193 1886 4269 δυνάμεως.

288 4280 474 4339 Σκότος
505 4282 675 4329 τοίνυν
718 4275 998 4332 ἐνεδύσατο
1052 4280 1101 4333 ἐν
1146 4290 1208 4354 τῇ
1244 4282 1428 4335 ἑαυτοῦ
1476 4284 1655 4358 ψυχῇ,
1706 4292 1888 4349 σκότος

285 4368 492 4439 πικρόν,
525 4371 615 4418 καὶ
659 4372 881 4442 πονηρόν
903 4386 914 4398 ·
956 4369 1262 4429 ἐϐασιλεύθη
1297 4374 1395 4443 γὰρ
1436 4374 1535 4425 ὑπὸ
1576 4382 1667 4426 τοῦ
1698 4376 1891 4449 ἄρχον-

285 4475 373 4516 τος
402 4462 492 4508 τοῦ
545 4461 786 4519 σκότους.
830 4458 994 4521 Οὗτος
1034 4457 1094 4519 ἦν
1143 4461 1168 4512 6
1200 4464 1610 4533 τραυματισθείς
1643 4466 1743 4516 ὑπὸ
1791 4474 1891 4518 τῶν

286 4544 511 4618 λῃστῶν,
571 4552 660 4599 καὶ
720 4550 982 4619 ἡμιθανὴς
1032 4556 1278 4622 γεγονὼς,
1345 4558 1730 4628 κατερχόμενος
1791 4559 1890 4607 ἀπὸ

285 4631 627 4707 Ἰερουσαλὴμ
657 4637 728 4699 είς
756 4636 984 4711 Ἱεριχὼ.

365 4756 443 4810 H'.
504 4764 603 4811 Καὶ
649 4764 746 4835 γὰρ
796 4767 883 4814 καὶ
936 4763 1199 4839 Λάζαρος,
1254 4765 1307 4816 ὃν
1356 4767 1381 4817 6
1441 4770 1629 4841 Κύριος
1679 4767 1893 4827 ἀνέστη-

298 4865 397 4908 σεν,
449 4848 473 4898 6
526 4848 715 4910 πολλῆς
770 4846 1043 4915 δυσωδίας
1090 4859 1280 4926 γέμων,
1314 4856 1447 4908 ὥστε
1476 4854 1679 4927 μηδένα
1733 4854 1894 4910 δῦνα-

297 4937 421 4988 σθαι
485 4943 557 5005 τῷ
613 4940 847 5009 μνήματι
911 4948 1280 5014 προσεγγίσαι,
1351 4944 1607 5016 σύμϐολον
1668 4944 1727 5004 ἧν
1803 4956 1894 5000 τοῦ

295 5020 489 5097 Ἀδὰμ,
542 5033 631 5078 τοῦ
685 5026 874 5085 πόλλήν
922 5025 1191 5084 δυσωδίαν
1246 5033 1292 5084 ἐν
1347 5043 1408 5107 τῇ
1464 5035 1616 5107 ψυχῇ
1672 5037 1896 5109 προσλα-

296 5112 493 5179 ϐόντος,
578 5119 667 5166 καὶ
744 5115 985 5185 μελανίας
1063 5125 1150 5172 καὶ
1236 5126 1455 5185 σκότους
1520 5124 1889 5199 πληρωθέντος.

294 5203 453 5256 Ἀλλά
498 5206 585 5267 σὺ,
639 5205 759 5256 ὅταν
805 5204 1037 5279 ἀκούσῃς
1087 5214 1204 5281 περὶ
1252 5209 1446 5284 Ἀδὰμ,
1504 5219 1592 5265 καὶ
1640 5220 1756 5287 περὶ
1804 5224 1894 5267 τοῦ

295 5298 826 5366 τετραυματισμένον,
886 5302 975 5348 καὶ
1028 5305 1118 5348 τοῦ
1171 5299 1441 5372 Λαζάρου,
1498 5307 1569 5374 μὴ
1628 5302 1897 5376 ἀπολύσῃς

302 5402 395 5434 σου
427 5386 511 5435 τόν
560 5391 676 5435 νοῦν
711 5386 885 5459 ὦσωερ
919 5385 991 5447 εἰς
1044 5391 1158 5460 ὅρη,
1192 5385 1300 5439 ἀλλ’
1358 5385 1501 5441 ἔνδον
1535 5390 1581 5441 ἐν
1627 5400 1687 5465 τῇ
1739 5392 1892 5463 ψυχὴ

306 5490 400 5524 σου
420 5477 621 5545 γίγνου,
655 5476 734 5527 ὅτι
783 5478 872 5528 καὶ
927 5481 989 5528 σὺ
1033 5480 1096 5529 τά
1148 5477 1279 5530 αῦτά
1329 5481 1622 5551 τραύματα,
1674 5486 1764 5533 καὶ
1806 5486 1899 5540 τὴν

381 5674 401 5704 ⁸
425 5669 593 5725 Joan.
635 5688 711 5742 χι,
742 5673 795 5727 4.

874 5677 893 5707 ³
935 5676 1066 5731 Luc.
1101 5693 1163 5734 x.
1250 5679 1270 5712 ὀ
1309 5679 1477 5736 Joan.
1504 5695 1583 5750 ix,
1613 5683 1701 5738 39.

1487 288 1820 345 HOMILLE.
1864 320 1931 330 —
1972 289 2144 347 HOM.
2191 293 2358 349 XXX.

1927 4507 1972 4562 D

3526 291 3628 346 726

1989 417 2128 474 dere
2154 418 2226 475 ad
2252 419 2592 487 Dominum,
2624 420 2940 477 obsecrare
2968 425 3030 476 ut
3057 419 3197 475 hinc
3227 419 3632 488 consequatur

1987 506 2273 578 Spiritum
2317 508 2589 565 divinum
2618 525 2630 564 :
2666 511 2791 581 ipse
2817 511 2976 565 enim
3022 513 3112 565 est
3142 509 3263 563 vita
3306 509 3541 570 animae,
3573 508 3634 558 et

1987 602 2303 669 propterea
2334 597 2577 654 advenit
2606 600 2907 665 Dominus,
2955 604 3015 654 ut
3062 598 3201 653 hinc
3248 596 3428 649 vitam
3458 592 3634 662 largi-

1986 692 2146 741 retur
2175 687 2414 750 animas,
2449 689 2734 758 Spiritum
2765 704 2987 760 nempe
3024 703 3197 742 suum
3225 703 3237 739 :
3267 686 3421 739 Dum
3444 682 3599 737 enim
3621 722 3634 746 ,

1984 775 2197 849 inquit,
2229 777 2414 833 lucem
2446 777 2686 841 habetis,
2721 778 2943 833 credite
2970 777 3033 831 in
3058 770 3240 832 lucem
3268 796 3286 830 :
3309 772 3468 830 venit
3487 786 3632 834 nox,

1982 867 2222 935 quando
2239 882 2406 922 nemo
2418 874 2607 937 potest
2626 867 2867 935 operari
2886 866 2989 923 '.Si
3009 867 3143 937 quis
3168 880 3308 931 ergo
3328 878 3448 918 non
3473 876 3637 933 quae-

1984 955 2145 1010 sierit
2173 956 2331 1021 hinc,
2374 962 2430 1012 et
2457 962 2812 1011 consecutus
2844 955 3017 1010 fuerit
3049 956 3227 1010 vitam
3282 952 3521 1013 animae,
3551 949 3635 1004 di-

1984 1046 2192 1100 vinum
2217 1045 2422 1101 lumen
2454 1046 2720 1118 Spiritus,
2749 1045 2843 1101 ille
2869 1046 2967 1100 ubi
3002 1043 3281 1113 migrabit
3309 1057 3339 1097 e
3365 1054 3634 1112 corpore,

1984 1133 2046 1189 in
2100 1134 2341 1190 sinistra
2382 1134 2514 1190 loca
2571 1135 2953 1191 tenebrarum
2997 1134 3126 1202 jam
3176 1136 3541 1200 scgregatur,
3575 1127 3635 1182 in

1985 1238 2238 1292 regnum
2286 1224 2573 1280 caelorum
2624 1240 2743 1278 non
2776 1223 3141 1293 ingrediens,
3181 1225 3396 1275 nactus
3449 1217 3637 1272 ﬁnem

1988 1313 2048 1369 in
2073 1313 2349 1383 gehenna
2373 1329 2511 1369 cum
2532 1313 2776 1369 diabolo
2803 1319 2859 1368 et
2876 1311 3107 1381 angelis
3133 1311 3281 1382 ejus.
3298 1312 3410 1364 Aut
3430 1321 3640 1379 quem-

1988 1403 2321 1459 admodum
2356 1419 2573 1459 aurum
2633 1402 2727 1458 vel
2774 1406 3113 1471 argentum,
3173 1399 3509 1469 conjectum
3578 1396 3637 1449 in

1988 1493 2210 1564 ignem,
2245 1493 2452 1564 purius
2472 1498 2528 1546 et
2547 1492 2862 1564 probatius
2886 1489 3156 1554 efﬁcitur,
3187 1485 3639 1559 necquidquam

1989 1588 2184 1655 potest
2208 1582 2354 1637 illud
2376 1587 2627 1645 mutare,
2663 1596 2879 1651 nempe
2906 1579 2997 1634 vel
3024 1579 3249 1650 lignum
3280 1575 3374 1630 vel
3404 1574 3592 1629 herba
3622 1589 3635 1627 :

1990 1672 2198 1728 omnia
2219 1673 2375 1727 enim
2410 1672 2520 1727 sibi
2552 1671 2787 1741 adjecta
2816 1669 3133 1728 consumit,
3157 1682 3292 1737 quae
3310 1663 3556 1735 quidem
3579 1661 3640 1716 in

1990 1763 2188 1832 ignem
2244 1762 2552 1817 evadunt:
2588 1761 2928 1830 sicquoque
2977 1756 3180 1813 anima
3227 1758 3287 1809 in
3320 1755 3457 1823 igne
3513 1750 3636 1822 Spi-

1991 1852 2154 1917 ritus,
2178 1857 2236 1905 et
2264 1852 2325 1904 in
2353 1850 2579 1904 lumine
2609 1848 2816 1902 divino
2846 1861 3227 1913 conversans,
3262 1841 3404 1897 nihil
3428 1857 3463 1896 a
3492 1854 3641 1910 quo-

1990 1957 2177 2013 quam
2209 1937 2859 2011 pravorumspirituum
2893 1940 3112 2006 patitur
3146 1950 3159 1985 :
3193 1938 3250 1987 et
3278 1933 3645 2001 licetappro-

1992 2031 2242 2102 pinquet
2268 2028 2580 2100 quidpiam
2612 2025 3101 2091 illi,consumitur
3126 2023 3185 2077 id
3204 2038 3238 2076 a
3267 2018 3643 2086 omlestiigne

1994 2118 2267 2191 Spiritus.
2301 2119 2414 2171 Aut
2448 2115 2620 2171 veluti
2651 2113 2924 2177 volucris,
2959 2116 3003 2166 si
3035 2114 3097 2166 in
3124 2112 3314 2167 altum
3372 2106 3640 2170 evolarit,

1992 2212 2321 2270 securaest,
2340 2204 2494 2259 velut
2533 2202 2963 2259 nihilmetuens
2994 2216 3280 2271 aucupes,
3298 2203 3398 2253 aut
3432 2195 3645 2251 noxias

1992 2295 2211 2351 bestias
2242 2312 2256 2360 ;
2297 2294 2593 2365 siquidem
2618 2306 2803 2362 supra
2833 2292 2978 2345 dum
3013 2294 3123 2354 est,
3156 2287 3642 2343 deridetomnes:

1995 2388 2082 2440 sic
2107 2400 2349 2457 quoque
2388 2383 2612 2447 anima,
2646 2380 2907 2451 acceptis
2937 2379 3044 2434 alis
3072 2378 3342 2449 Spiritus,
3376 2376 3432 2429 in
3457 2373 3647 2428 subli-

1996 2492 2121 2532 mes
2141 2478 2184 2545 ι
2203 2474 2306 2545 l7
2345 2472 2475 2528 coeli
2503 2471 2774 2540 regiones
2802 2469 3068 2531 evolans,
3101 2482 3239 2522 cum
3261 2466 3333 2520 sit
3362 2462 3646 2519 omnibus

1996 2564 2326 2628 sublimior,
2354 2561 2561 2618 omnia
2589 2559 2734 2614 risui
2773 2558 2974 2613 habet.

2067 2779 2183 2834 VII.
2237 2778 2299 2832 Et
2344 2775 2590 2849 quidem
2642 2772 2900 2845 populus
2940 2771 3119 2826 Israel
3151 2766 3482 2824 secundum
3523 2779 3648 2820 car-

1996 2886 2159 2937 nem,
2191 2884 2329 2923 cum
2357 2873 2494 2921 tunc
2512 2863 2795 2919 divideret
2812 2864 2995 2917 Moses
3018 2876 3204 2923 mare,
3229 2857 3512 2912 deorsum
3538 2859 3651 2909 tra-

1992 2959 2130 3029 jecit
2172 2973 2183 3011 :
2228 2957 2287 3011 bi
2307 2970 2471 3020 vero,
2505 2970 2643 3008 cum
2690 2952 2808 3005 sint
2849 2950 2949 3005 lilii
3001 2950 3123 3013 Dei,
3154 2962 3393 3002 sursum
3446 2944 3651 2999 deam-

1996 3047 2208 3102 bulant
2236 3060 2414 3115 super
2434 3058 2595 3097 mare
2623 3040 3079 3097 acerbissimum
3107 3050 3526 3108 perversarum
3548 3042 3661 3103 ρος

1999 3141 2306 3191 testatum.
2337 3135 2561 3201 Corpus
2592 3131 2751 3185 enim
2792 3134 2845 3183 et
2886 3127 3091 3182 anima
3134 3124 3377 3179 illorum
3429 3122 3648 3176 domus

2002 3226 2099 3280 Dei
2112 3224 2266 3279 facta
2281 3228 2436 3277 sunt.
2454 3220 2554 3275 Die
2570 3219 2690 3282 illa,
2705 3234 2826 3289 qua
2840 3217 3048 3287 lapsus
3064 3219 3152 3269 est
3166 3213 3355 3268 Adam
3367 3254 3379 3278 ,
3399 3209 3650 3267 accessit

2000 3317 2170 3378 Deus,
2201 3310 2521 3369 ambulans
2554 3309 2615 3363 in
2647 3306 2951 3379 paradiso,
2984 3305 3347 3359 lamentatus
3377 3300 3651 3363 est,utita

1996 3404 2221 3474 dicam,
2271 3405 2590 3470 conspecto
2630 3398 2775 3460 Ada,
2812 3411 2881 3451 ac
2920 3394 3105 3448 dixit:
3139 3392 3358 3460 Quibus
3413 3405 3443 3446 e
3488 3389 3651 3444 bonis

1997 3493 2203 3564 qualia
2224 3489 2495 3547 excitasti
2524 3488 2688 3543 mala
2721 3486 2748 3540 7
2764 3486 2817 3541 E
2839 3499 2956 3556 qua
2980 3483 3176 3553 gloria
3200 3481 3377 3553 quale
3399 3479 3650 3535 dedecus

1994 3584 2149 3654 geris
2179 3580 2206 3635 ?
2222 3581 2338 3635 Cur
2363 3576 2700 3634 tenebrosus
2723 3591 2781 3631 es
2804 3575 2972 3630 modo
2995 3571 3023 3627 ‘l
3046 3587 3154 3627 cur
3172 3570 3457 3639 deformis
3486 3566 3515 3620 ‘l
3541 3582 3651 3622 cur

1989 3669 2314 3743 putridusf?
2330 3667 2499 3739 quali
2518 3681 2593 3723 ex
2632 3665 2854 3721 lumine
2884 3663 3029 3719 tales
3061 3660 3312 3717 tenebrae
3348 3658 3652 3714 obvelave-

1994 3769 2135 3817 runt
2158 3768 2212 3815 te
2239 3761 2266 3815 ‘?
2292 3761 2356 3812 Et
2383 3756 2795 3828 quidem,cum
2818 3749 3352 3813 cecidissetAdam,
3376 3753 3481 3802 eta
3501 3743 3649 3800 facio

1996 3851 2097 3905 Dei
2133 3854 2402 3904 mortuus
2442 3851 2614 3909 esset,
2647 3843 2793 3898 luxit
2839 3857 2976 3896 eum
3006 3840 3263 3901 Creator,
3300 3834 3516 3904 angeli,
3540 3835 3655 3887 vir-

1998 3945 2150 3994 tutes
2177 3952 2409 4000 omnes,
2443 3934 2594 3996 coeli,
2634 3938 2803 3995 terra,
2834 3938 2887 3985 et
2914 3943 3125 3983 omnes
3165 3933 3449 3980 creaturae
3491 3923 3659 3977 luxe-

1998 4034 2134 4083 runt
2162 4030 2416 4080 mortem
2438 4030 2493 4078 et
2522 4038 2729 4077 casum
2758 4020 2885 4090 ejus
2922 4035 2932 4073 :
2963 4032 3099 4071 eum
3128 4016 3308 4078 enim,
3343 4012 3446 4084 qui
3474 4011 3652 4067 datus

1998 4122 2123 4170 erat
2150 4113 2264 4168 illis
2296 4128 2419 4177 rex,
2452 4125 2692 4165 servum
2729 4106 3011 4162 videbant
3033 4105 3256 4160 factum
3287 4117 3419 4156 esse
3444 4099 3653 4156 adver-

2001 4204 2170 4259 sariae
2201 4207 2258 4258 et
2302 4216 2501 4272 prasz
2549 4198 2877 4270 potestatis.
2911 4193 3191 4250 Tenebris
3239 4192 3418 4261 igitur
3462 4189 3654 4244 induit

2000 4309 2171 4349 suam
2215 4291 2502 4353 animam,
2532 4294 2587 4342 et
2612 4285 2858 4359 quidem
2883 4283 3138 4339 tenebris
3170 4280 3403 4336 acerbis
3426 4294 3495 4334 ac
3523 4294 3655 4349 pra-

2001 4379 2433 4452 viszsiquidem
2460 4377 2733 4432 redactus
2766 4380 2851 4430 est
2878 4373 2991 4427 sub
3016 4371 3332 4443 imperium
3369 4366 3654 4441 principis

2002 4469 2403 4524 tenebrarum.
2430 4467 2480 4520 Is
2521 4471 2667 4530 erat,
2700 4463 2801 4534 qui
2845 4461 3190 4516 vulneratus
3222 4477 3256 4513 a
3295 4457 3655 4519 latronibus,

2004 4559 2427 4613 semimortuus
2458 4554 2693 4609 relictus
2734 4559 2838 4617 est,
2871 4566 3003 4606 cum
3034 4548 3424 4604 descenderet
3450 4546 3527 4601 ab
3558 4546 3654 4599 Je-

2003 4646 2260 4703 rusalem
2298 4661 2503 4700 versus
2532 4642 2766 4698 Jericho
2792 4645 2834 4694 ³.

2077 4772 2214 4825 VIII.
2250 4769 2528 4836 Quinimo
2561 4771 2809 4823 Lazarus
2840 4765 3338 4838 quoque‘,quem
3375 4760 3659 4816 Dominus

2012 4860 2305 4924 excitavit,
2348 4858 2500 4913 adeo
2544 4856 2727 4911 multo
2768 4856 2948 4911 fetore
2978 4854 3210 4925 plenus,
3240 4857 3302 4906 ut
3326 4866 3505 4907 nemo
3526 4867 3663 4922 pos-

2010 4955 2098 5004 set
2145 4953 2538 5003 monumento
2577 4946 3084 5018 appropinquare,
3120 4949 3294 5014 typus
3335 4946 3461 4996 erat
3495 4940 3658 5007 Adae,

2023 5038 2123 5111 qui
2174 5036 2423 5092 multum
2462 5035 2662 5091 fetoris
2709 5040 2765 5089 et
2830 5031 3248 5102 graveolentiae
3294 5031 3354 5085 in
3392 5031 3661 5085 animam

2015 5128 2242 5192 ascivit,
2268 5132 2324 5182 et
2358 5126 2608 5195 caligine
2641 5141 2709 5179 ac
2756 5122 3010 5178 tenebris
3038 5121 3293 5193 repletus
3321 5119 3449 5175 fuit.
3485 5122 3661 5176 Caete-

2004 5233 2139 5272 rum
2169 5220 2248 5280 tu,
2292 5231 2425 5269 cum
2456 5214 2713 5269 audieris
2753 5214 2826 5268 de
2857 5212 3104 5275 Adamn,
3137 5211 3211 5266 de
3252 5210 3581 5271 vulnerato,
3606 5212 3661 5261 et

2014 5305 2254 5369 Lazaro,
2283 5320 2357 5359 ne
2402 5303 2666 5359 dimittas
2700 5310 2958 5357 mentem
3000 5307 3161 5356 tuam
3200 5300 3353 5355 velut
3397 5300 3454 5353 in
3498 5314 3662 5352 mon-

2014 5398 2156 5460 tem,
2180 5393 2284 5448 sed
2315 5394 2472 5448 intus
2502 5393 2563 5448 in
2602 5392 3008 5448 animatecum
3033 5389 3489 5460 habita,quiatu
3518 5400 3660 5455 quo-

2017 5499 2132 5555 que
2163 5482 2374 5539 eadem
2413 5483 2678 5548 Vulnera,
2702 5482 2983 5538 eumdem
3007 5480 3273 5545 fetorem,
3300 5476 3661 5544 easdemque
