4130 6286
483 286 587 344 727

1766 292 1827 351 S.
1869 292 2168 350 MACARII
2208 290 2517 349 EGYPTII

3729 290 3872 348 728

484 414 759 471 tenebras
785 419 1003 486 gestas.
1037 418 1257 473 Omnes
1285 417 1447 474 enim
1476 418 1583 476 ﬁlii
1615 435 1824 475 sumus
1848 420 2005 475 illius
2046 425 2122 475 te-

2250 418 2402 477 πιύτὴν
2443 415 2735 483 δυσωδίαν,
2772 424 2861 472 καὶ
2899 421 2957 472 τό
2997 419 3125 472 αύτὸ
3166 423 3350 483 σκότος
3388 425 3578 493 φορεῖς.
3613 419 3869 470 Ἐκείνου

482 502 729 559 nebrosi
771 505 1027 575 generis,
1061 510 1118 561 et
1138 523 1348 563 omnes
1370 507 1522 563 illius
1549 509 1966 578 graveolentiie
1998 525 2132 581 par-

483 592 690 664 ticipes
728 611 957 649 sumus.
978 596 1107 660 Qua
1144 596 1319 666 igitur
1347 596 1641 654 laboravit
1673 598 1985 656 affectione
2016 599 2131 663 ille,

486 684 695 737 eadem
719 699 955 747 omnes,
986 685 1088 756 qui
1122 700 1193 740 ex
1225 688 1451 741 semine
1476 688 1616 742 Adae
1639 705 1870 753 sumus,
1901 688 2133 745 labora—

487 784 647 825 mus.
670 771 820 827 Talis
850 773 1007 828 enim
1034 772 1269 829 affectio
1296 775 1559 845 contigit,
1586 777 1667 833 uti
1695 778 1877 834 Isaias
1910 779 2127 850 inquit:

485 859 619 914 Non
644 864 726 915 est
751 862 988 927 vulnus,
1012 878 1131 917 non
1151 867 1237 919 est
1261 864 1533 932 cicatrix,
1567 883 1686 922 non
1700 868 2134 940 estplaga,quae

485 950 711 1004 saniem
731 950 976 1007 emittat.
1002 952 1139 1007 Non
1165 952 1349 1009 datur
1363 956 1695 1024 fomentum
1723 973 2023 1028 apponere
2041 961 2134 1015 vel

484 1038 819 1104 oleum,nec
842 1038 1242 1110 obligaturam
1262 1042 1468 1112 facere
1487 1045 1507 1079 ⁶
1539 1062 1551 1100 :
1586 1061 1776 1117 usque
1805 1048 2133 1105 adeoincu-

483 1126 657 1182 rabili
695 1127 938 1184 vulnere
964 1130 1212 1187 sauciati
1243 1148 1471 1200 sumus,
1490 1136 1656 1206 quod
1691 1152 1810 1194 non
1838 1138 1949 1193 nisi
1972 1139 2135 1195 solus

490 1215 778 1271 Dominus
818 1219 1008 1288 potuit
1059 1234 1287 1275 curare.
1317 1224 1631 1295 Propterea
1663 1227 1823 1283 enim
1864 1227 1956 1284 ille
2006 1229 2133 1301 ipse

488 1305 671 1371 venit,
701 1306 845 1378 quia
870 1323 1049 1365 nemo
1080 1325 1151 1365 ex
1172 1312 1487 1378 veteribus,
1510 1330 1704 1386 neque
1730 1316 1823 1373 lex
1847 1319 1997 1391 ipsa,
2024 1336 2129 1376 nec

488 1394 795 1466 prophetae
836 1402 1157 1467 potuerunt
1203 1416 1436 1459 sanare.
1461 1404 1562 1459 Hic
1603 1422 1743 1462 vero
1779 1407 1943 1463 solus
1994 1426 2134 1465 cum

488 1484 767 1550 venisset,
792 1489 1019 1543 curavit
1034 1487 1272 1559 plagam
1288 1489 1449 1547 illam
1468 1493 1688 1551 animas
1701 1496 2097 1554 insanabilem
2112 1544 2125 1557 .

566 1682 648 1736 IX.
694 1682 1478 1757 Snscipiamusergoipsum
1510 1689 1696 1748 Deum
1724 1709 1794 1750 ac
1836 1696 2134 1767 Dominm,

2239 509 2339 581 γὰρ
2406 510 2589 571 πάντες
2646 511 2796 580 εσμὲν
2868 511 2973 561 υἱοὶ
3028 517 3118 561 τοῦ
3174 516 3440 562 σκοτεινοῦ
3492 511 3693 580 γένους,
3757 511 3869 558 καὶ

2240 598 2425 659 πάντες
2479 606 2571 660 τῆς
2620 598 2783 658 αὐτῆς
2840 594 3109 659 δυσωδίας
3170 604 3476 671 μετέχομεν.
3529 597 3691 670 ⁴Ὅπερ
3758 592 3866 648 οὖν

2243 690 2457 740 πέπονθε
2507 690 2672 749 πάθος
2724 691 2926 752 έκεῖνος,
2984 696 3136 740 τοῦτο
3192 690 3376 750 πάντες
3423 687 3477 740 ἐκ
3536 695 3626 739 τοῦ
3682 689 3870 760 σπέρ-

2240 795 2398 847 ματος
2438 773 2616 849 Ἀδὰμ
2662 781 2801 839 ὄντες
2840 779 3197 849 πεπόνθαμενο
3253 785 3488 831 τοιοῦτον
3516 779 3617 851 γὰρ
3675 776 3867 835 πάθος

2244 864 2583 936 συμϐέϐηκεν,
2613 869 2677 926 ὣς
2707 885 2861 939 φησιν
2888 866 3111 929 Ἠσαίας
3134 884 3144 894 ·
3188 865 3316 917 Ούκ
3368 869 3507 919 ἔστι
3560 872 3856 939 τραῦμα,

2241 958 2383 1007 οῦτε
2421 954 2673 1026 μώλωψ,
2715 958 2858 1007 οῦτε
2901 955 3109 1026 πληγὴ
3164 956 3675 1028 φλεγμαίνουσα,
3733 952 3868 1004 οὐκ

2241 1047 2382 1097 ἔστι
2412 1044 2715 1116 μάλαγμα
2741 1042 3080 1111 ἐπιθεῖναι,
3108 1048 3249 1097 οὔτε
3279 1044 3514 1106 ἔλαιον,
3555 1047 3697 1096 οὔτε
3738 1060 3857 1093 κα-

2239 1131 2607 1206 ταδέσμους
2643 1142 2791 1192 ποιῆ
2812 1152 2940 1187 σαι.
2975 1133 3153 1195 Οὒτως
3184 1132 3389 1186 ἀνίατον
3422 1140 3634 1207 τραῦμα
3658 1130 3865 1204 ἐτραυ-

2241 1226 2595 1296 ματίσθημεν,
2660 1226 2798 1294 μόνῳ
2854 1231 2926 1293 τῷ
2999 1227 3173 1296 Κυρίῳ
3235 1219 3458 1276 δυνατὸν
3527 1223 3864 1294 θεραπεῦσαι

2243 1312 2391 1368 αὐτό.
2431 1316 2524 1364 Διὰ
2548 1320 2701 1364 τοῦτο
2728 1314 2831 1385 γὰρ
2859 1317 2948 1364 καὶ
2997 1308 3071 1365 δι’
3124 1312 3311 1365 ἑαυτοῦ
3339 1308 3510 1377 ἦλθεν,
3547 1312 3626 1363 ὅτι
3654 1306 3864 1381 μηδεὶς

2241 1410 2337 1454 τῶν
2379 1401 2641 1476 ἀρχαίων,
2683 1404 2799 1453 οὔτε
2843 1402 2868 1452 ὁ
2905 1406 3059 1474 νόμος
3108 1401 3285 1467 αὐτὸς,
3328 1404 3446 1453 οῦτε
3496 1402 3545 1452 οἱ
3580 1407 3860 1473 προφῆται

2241 1498 2391 1544 τοῦτο
2420 1487 2763 1549 ἠδυνήθησαν
2796 1492 3131 1563 θεραπεῦσαι.
3174 1491 3339 1551 Οὗτος
3377 1487 3436 1542 δε
3474 1493 3626 1561 μόνος
3666 1487 3854 1553 ἐλθὼν,

2243 1582 2552 1653 ἐθεράπευσε
2580 1584 2667 1638 τὴν
2696 1580 2898 1651 πληγὴν
2928 1583 3123 1638 ἑκείνην
3150 1588 3244 1641 τῆς
3272 1579 3460 1651 ψυχῆς
3489 1583 3582 1637 τὴν
3615 1576 3858 1630 ἀνίατον.

2315 1688 2390 1745 Θ’.
2420 1684 2855 1761 Προσδεχώμιθα
2891 1692 3061 1741 τοίνυν
3092 1691 3178 1740 τόν
3213 1691 3340 1741 Θεὸν
3379 1691 3469 1739 καὶ
3512 1689 3717 1758 Κύριον,
3767 1688 3864 1738 τὸν

488 1784 697 1825 verum
727 1772 1047 1837 medicum,
1074 1776 1176 1846 qui
1208 1776 1369 1832 solus
1407 1780 1667 1847 veniens,
1702 1790 1898 1855 potest
1923 1803 2137 1843 sanare

2250 1778 2487 1838 ἀληθινὸν
2537 1780 2871 1851 θεραπευτὴν,
2925 1778 2975 1838 ὃς
3025 1782 3179 1844 μόνος
3231 1774 3450 1837 δυνατός
3507 1775 3645 1827 έστιν
3695 1774 3861 1826 ἐλθὼν

490 1859 727 1913 animas
768 1867 1024 1929 nostras,
1061 1870 1378 1936 postquam
1419 1868 1687 1941 ingentes
1730 1876 1913 1930 nostri
1955 1893 2140 1934 causa

490 1948 774 2003 sustinuit
812 1949 1071 2006 labores.
1104 1953 1305 2010 Pulsat
1324 1957 1483 2013 enim
1516 1967 1805 2032 perpetuo
1836 1964 1989 2019 fores
2014 1982 2138 2022 cor-

488 2033 656 2091 dium
695 2044 1061 2106 nostrorum,
1107 2048 1166 2097 ut
1195 2044 1537 2115 aperiamus
1565 2050 1639 2111 ei,
1678 2067 1800 2122 quo
1834 2055 2140 2125 ingressus

488 2126 822 2196 requiescat
860 2128 918 2183 in
950 2130 1395 2189 animisnostris
1424 2152 1437 2199 ;
1465 2142 1592 2192 utet
1612 2139 1933 2196 abluamus
1966 2150 2140 2200 etun-

492 2228 707 2284 gamus
730 2217 909 2284 pedes
940 2219 1155 2289 ejus,et
1179 2224 1552 2280 mansionem
1578 2228 1703 2297 ipse
1737 2232 1896 2301 apud
1921 2248 2031 2287 nos
2054 2233 2140 2289 fa-

491 2301 621 2357 ciet.
657 2306 883 2359 Etenim
917 2306 1031 2363 illic
1081 2314 1402 2380 eXprobrat
1453 2314 1741 2372 Dominus
1769 2319 1840 2384 ei,
1874 2321 1976 2392 qui
2020 2338 2137 2378 non

491 2391 919 2465 laveratpedes
958 2397 1087 2466 ejus
1118 2399 1158 2452 ⁸.
1205 2401 1269 2455 Et
1308 2418 1545 2458 rursum
1580 2406 1719 2462 alibi
1759 2391 1905 2463 dicit
1942 2428 1955 2465 :
1988 2412 2142 2469 Ecce

492 2488 582 2536 sto
622 2482 702 2537 ad
741 2483 970 2549 ostium,
1021 2493 1073 2542 et
1113 2490 1310 2557 pulso,
1340 2491 1391 2545 si
1446 2495 1575 2563 quis
1633 2497 1891 2553 audierit
1943 2517 2137 2558 vocem

492 2584 703 2637 meam,
727 2578 779 2626 et
811 2576 1113 2642 aperuerit
1125 2577 1398 2645 ianuam,
1416 2580 1655 2638 intrabo
1669 2586 1750 2639 ad
1758 2585 1933 2643 illum
1947 2590 1987 2642 ⁷.
2007 2592 2139 2646 Pro-

493 2666 698 2729 pterea
728 2661 888 2716 enim
955 2664 1139 2720 multa
1188 2682 1505 2739 perpessus
1560 2675 1858 2742 sustinuit,
1902 2678 2141 2735 tradens

494 2762 673 2802 suum
714 2749 907 2819 ipsius
937 2767 1152 2823 corpus
1188 2759 1382 2823 morti,
1416 2775 1527 2815 nos
1570 2762 1872 2820 redimens
1899 2783 1936 2822 a
1965 2770 2142 2824 servi-

496 2938 633 2980 nem
664 2924 880 2983 faceret
920 2928 978 2984 in
1001 2945 1089 2986 ea.
1126 2934 1497 3008 Quapropter
1519 2940 1597 2995 ad
1620 2940 1769 3010 illos,
1802 2945 1905 3016 qui
1932 2961 1967 3001 a
2006 2948 2143 3002 sini-

495 3012 628 3067 stris
662 3020 885 3072 stantes
917 3018 1235 3088 injudicio,
1272 3023 1349 3079 ab
1390 3042 1459 3081 eo
1484 3029 1796 3087 mittuntur
1821 3012 1891 3089 in
1926 3035 2141 3103 gehen-

2250 1868 2504 1921 ἰάσασθαι
2556 1869 2650 1926 τὰς
2704 1865 2884 1937 ψυχὰς
2939 1868 3106 1939 ἡμῶν,
3173 1870 3496 1925 κεκοπιακὼς
3561 1863 3721 1917 πολλὰ
3779 1860 3861 1916 δι’

2246 1960 2401 2030 ἡμᾶς.

2247 2050 2413 2117 ἡμῶν,
2478 2046 2560 2097 ἶνα
2630 2044 2905 2115 ἀνοίξωμεν
2960 2044 3123 2114 αὐτῷ,
3191 2048 3282 2096 καὶ
3347 2042 3585 2097 ιίσελθὼν
3642 2044 3860 2114 ἀναπαῇ

2484 1958 2668 2029 Κρούει
2740 1958 2841 2029 γὰρ
2910 1953 2987 2007 an
3056 1957 3148 2017 τὰς
3214 1957 3375 2028 θύρας
3448 1962 3547 2006 τῶν
3620 1949 3865 2025 καρδιῶν

2249 2136 2319 2197 εἰς
2364 2138 2456 2196 τὰς
2506 2134 2693 2205 ψυχὰς
2751 2135 2917 2205 ἡμῶν,
2975 2138 3062 2185 καὶ
3116 2132 3362 2205 νίψωμεν,
3417 2137 3507 2184 καὶ
3564 2130 3861 2202 ἀλείψωμεν

2250 2224 2408 2276 αὐτοῦ
2465 2226 2587 2284 τοὺς
2645 2220 2836 2287 πόδας,
2898 2226 2988 2274 καὶ
3045 2226 3205 2293 μονὴν
3269 2220 3390 2294 παρ’
3441 2223 3566 2293 ἡμῖν
3626 2225 3862 2278 ποιήσει.

2250 2318 2351 2367 Καὶ
2416 2314 2516 2387 γὰρ
2576 2311 2677 2365 έκεί
2728 2307 2974 2372 ὀνειδίζει
3026 2313 3051 2363 ὁ
3112 2314 3298 2384 Κύριος
3355 2314 3441 2362 τόν
3495 2314 3565 2382 μὴ
3630 2308 3860 2380 νίψαντα

2248 2406 2366 2464 τοὺς
2408 2399 2575 2462 πόδας
2624 2402 2821 2453 αὐτοῦ’
2876 2406 2961 2453 καὶ
2995 2400 3147 2453 πάλιν
3196 2399 3431 2472 ἀλλαχοῦ
3473 2399 3629 2469 λέγει,
3678 2395 3861 2451 Ἰδοὺ

2250 2494 2493 2549 ἕστηκα
2532 2491 2631 2543 ἐπὶ
2672 2496 2785 2547 τὴν
2826 2492 3042 2563 θύραν,
3085 2489 3186 2542 ea»
3216 2488 3461 2562 ἀκούσῃ
3505 2496 3617 2549 τῆς
3649 2496 3863 2560 φωνῆς

2249 2602 2387 2654 μου,
2430 2586 2536 2634 καὶ
2568 2580 2785 2652 ἀνοίξῃ
2823 2584 2931 2637 τὴν
2964 2581 3177 2650 θύραν,
3211 2578 3677 2649 εἰσελεύσομαι
3705 2580 3861 2649 πρὸς

2249 2670 2458 2726 αὐτόν.
2492 2673 2586 2723 Διὰ
2630 2677 2781 2722 τοῦτο
2828 2671 2928 2743 γὰρ
2975 2667 3135 2719 πολλὰ
3184 2669 3364 2720 παθεῖν
3411 2668 3665 2737 ὑπέμεινε,
3733 2662 3859 2726 δοὺς

2248 2765 2307 2814 τό
2360 2760 2544 2814 ἑαυτοῦ
2598 2767 2749 2832 σῶμα
2797 2758 2863 2818 εἰς
2916 2759 3153 2822 θάνατον,
3201 2762 3291 2809 καὶ
3351 2754 3674 2831 ἐξαγοράσας
3710 2756 3851 2824 ἡμᾶς

2250 2858 2345 2912 τῆς
2376 2845 2634 2913 δουλείας,
2676 2848 2760 2899 ἱνα
2792 2845 2947 2899 έλθών
2978 2854 3039 2918 τῇ
3073 2845 3226 2919 ψυχῇ
3261 2847 3407 2917 ἡμῶν
3439 2849 3591 2917 μονὴν
3629 2847 3826 2914 ποιήσῃ

2250 2943 2371 3013 παρ’
2424 2938 2558 3008 αὐτῇ
2619 2939 2714 2989 Διά
2760 2942 2911 2987 τοῦτο
2959 2934 3166 2995 έκείνοις
3217 2940 3325 2994 τοῖς
3370 2932 3423 2996 ἐξ
3472 2933 3736 3005 ἀριστιρῶν
3785 2927 3831 2980 έν

2250 3035 2312 3101 τῇ
2367 3031 2539 3099 κρίσει
2590 3025 2677 3077 ὑπ’
2728 3024 2886 3076 αύτοῦ
2940 3028 3281 3096 πεμπομένοις
3340 3023 3407 3083 εἰς
3467 3026 3659 3093 γέενναν
3713 3022 3837 3091 μετὰ.

495 3116 637 3157 nam
666 3118 800 3158 cum
828 3104 1089 3175 diabolo,
1118 3109 1200 3165 ait
1257 3114 1540 3171 Dominus
1569 3134 1579 3172 :
1616 3120 1841 3191 Hospes
1870 3138 2053 3186 eram.
2089 3130 2139 3181 el

2253 3124 2341 3170 τοῦ
2373 3113 2621 3168 διαϐόλου
2647 3118 2804 3187 φησιν
2834 3115 2859 3165 ό
2894 3116 3096 3186 Κύριος,
3129 3116 3319 3174 Ξένος
3384 3113 3572 3184 ἢμην,
3633 3113 3735 3161 καὶ
3771 3107 3837 3160 οῦ

495 3206 614 3246 non
642 3192 958 3262 collegistis
987 3212 1093 3254 me.
1124 3199 1380 3273 Esurivi,
1408 3211 1461 3260 et
1484 3222 1595 3263 non
1615 3208 1854 3267 dedistis
1881 3213 2031 3270 mihi
2055 3217 2139 3270 ci-

500 3280 654 3336 bum.
672 3283 858 3343 Sitivi,
894 3293 1077 3342 etnon
1102 3288 1342 3347 dedistis
1357 3294 1502 3349 mihi
1508 3303 1713 3364 potum
1727 3302 1767 3354 ⁸.
1794 3301 1966 3357 Cibus
1981 3304 2141 3359 enim

498 3374 553 3425 et
568 3374 1583 3445 potus,indumeutum,domicilium
1600 3395 1654 3442 et
1669 3391 1897 3461 requies
1911 3393 2039 3463 ejus
2052 3399 2144 3449 est

498 3458 790 3548 inanimis
805 3465 1037 3518 nostris.
1060 3469 1303 3538 Semper
1323 3474 1364 3541 ι
1385 3473 1499 3543 18
1521 3490 1660 3543 ergo
1688 3458 1906 3548 pulsat,
1938 3458 2144 3537 volens

499 3547 575 3602 ad
604 3563 712 3603 nos
742 3549 993 3620 ingredi.
1029 3556 1316 3619 Quocirca
1354 3564 1754 3633 suscipiamus
1795 3584 1953 3638 eum,
1979 3576 2035 3625 et
2060 3571 2144 3625 in-

502 3636 886 3694 troducamus
938 3641 1093 3698 intra
1152 3662 1261 3702 nos
1314 3664 1327 3712 ;
1377 3650 1675 3721 siquidem
1715 3665 1916 3712 noster
1940 3636 2141 3725 cibus,

498 3726 1253 3797 vita,potusetvitaa3terna
1286 3737 1410 3807 ipse
1440 3742 1758 3814 est.Itaque
1789 3748 1985 3802 omnis
2023 3749 2146 3804 ani-

498 3831 620 3884 ma,
638 3832 772 3889 quae
785 3834 904 3874 non
920 3824 1242 3893 susceperit
1257 3842 1414 3882 nunc
1427 3844 1563 3886 eum
1586 3831 1743 3887 intus
1757 3851 1827 3889 ac
1841 3838 2145 3909 requieve-

498 3907 591 3971 rit,
625 3905 747 3961 imo
787 3908 846 3963 in
873 3909 1003 3980 ipso
1038 3920 1295 3970 recreata
1326 3915 1516 3984 fuerit,
1546 3921 1603 3975 in
1644 3938 1827 3992 regno
1858 3905 2145 3984 cdelorum

501 4011 641 4051 cum
672 3997 892 4052 sanctis
948 4000 1353 4059 bmreditatem
1418 4022 1538 4062 non
1594 4012 1801 4079 cernit,
1842 4030 2039 4087 neque
2087 4018 2145 4073 in

499 4083 800 4141 caelestem
842 4087 1139 4146 civitatem
1176 4093 1403 4163 ingredi
1444 4104 1657 4166 potest.
1694 4105 1822 4173 Ipse
1854 4083 2010 4169 vero,
2041 4106 2147 4162 Do-

504 4174 664 4229 mine
694 4174 828 4229 Jesu
880 4176 1123 4241 Christe,
1151 4181 1424 4239 introduc
1454 4202 1563 4242 nos
1618 4189 1675 4244 in
1714 4190 1897 4258 illam,
1931 4193 2149 4263 gloriﬁ-

502 4268 706 4318 cantes
729 4278 950 4320 nomen
992 4272 1157 4325 tuum
1184 4286 1321 4326 cum
1357 4274 1521 4331 Patre
1551 4283 1608 4333 et
1656 4287 1862 4336 sancto
1905 4283 2146 4357 Spiritu,

501 4350 561 4405 in
584 4352 832 4409 saacula.
864 4355 1073 4411 Amen.

2255 3207 2654 3278 συνηγάγετέ
2683 3220 2782 3277 με’
2817 3203 3104 3269 ἐπείνων,
3134 3207 3241 3255 καὶ
3280 3202 3390 3255 ούκ
3431 3197 3710 3254 ἐδώκατέ
3739 3218 3844 3270 μοι

2253 3303 2501 3368 φαγεῖν
2543 3291 2807 3364 ἐδίψων,
2848 3297 2955 3345 καὶ
2994 3292 3104 3345 οὐκ
3145 3291 3489 3344 ἐποτίσατέ
3537 3309 3629 3361 με.
3658 3288 3717 3341 Ἡ
3745 3291 3843 3360 γὰρ

2251 3389 2412 3457 τροφὴ
2445 3383 2603 3435 αῦοοῦ
2632 3387 2721 3435 καὶ
2748 3384 2777 3440 ἡ
2833 3386 3011 3450 πόσις,
3044 3386 3133 3433 καὶ
3176 3382 3386 3452 άμφιον,
3415 3383 3505 3431 καὶ
3544 3382 3726 3450 στέγη,
3767 3380 3851 3429 καὶ

2255 3473 2548 3535 ἀνάπαυσις
2596 3471 2644 3524 έν
2692 3480 2806 3532 ταῖς
2855 3471 3060 3542 ψυχαῖς
3105 3472 3250 3543 ἡμῶν
3298 3472 3461 3522 ἔστιν.
3516 3469 3630 3522 Ἀεὶ
3683 3470 3849 3519 τοίνυν

2253 3566 2447 3636 κρούει,
2502 3559 2807 3634 βουλόμενος
2869 3560 3110 3613 εἰσελθεῖν
3178 3562 3307 3631 πρὸς
3365 3561 3523 3629 ἡμᾶς.
3586 3556 3853 3627 Δεξώμεθα

2254 3657 2425 3705 τοίνυν
2480 3650 2656 3715 αὐτόν,
2700 3654 2788 3701 καὶ
2838 3649 3196 3720 εἰσαγάγωμεν
3249 3644 3394 3700 ἔνδον
3443 3648 3612 3719 ἡμῶν,
3645 3646 3727 3697 ὅτι
3766 3648 3852 3696 καὶ

2254 3746 2398 3813 ἡμῶν
2428 3742 2458 3798 η
2513 3744 2699 3814 τροφὴ,
2728 3743 2815 3790 καὶ
2852 3740 2878 3796 ἡ
2932 3739 3065 3806 ζωὴ,
3094 3743 3184 3790 καὶ
3231 3739 3261 3796 ἡ
3300 3743 3476 3798 πόσις,
3520 3741 3610 3787 καὶ
3662 3736 3693 3792 ἡ
3750 3734 3849 3794 ζωὴ

2255 3834 2285 3890 ἡ
2319 3830 2520 3891 αἰώνιος
2552 3828 2704 3889 αὐτός
2756 3826 2915 3879 έστιν.
2964 3832 3063 3879 Καὶ
3119 3833 3267 3879 πᾶσα
3315 3826 3468 3898 ψυχὴ
3498 3828 3530 3883 ἡ
3589 3828 3661 3896 μὴ
3708 3820 3852 3885 δεξα-

2256 3925 2378 3993 μένη
2428 3919 2582 3971 αὐτόν
2634 3914 2779 3969 ἔνδον
2829 3923 2916 3967 νῦν
2968 3922 3058 3967 καὶ
3112 3915 3485 3979 ἁναπαύσασα,
3546 3912 3735 3985 μᾶλλον
3802 3907 3855 3963 δί

2258 4009 2547 4062 ἀναπαεῖσα
2592 4006 2642 4058 έν
2694 4006 2857 4075 αύτῷ,
2941 4004 2989 4056 έν
3039 4014 3098 4077 τῇ
3156 4002 3399 4078 βασιλείᾳ
3467 4012 3566 4055 τῶν
3632 4002 3854 4075 ούρανών

2257 4104 2383 4172 μετὰ
2429 4106 2529 4149 τῶν
2559 4096 2718 4167 ἁγίων
2757 4095 3103 4169 κληρονομίαν
3154 4095 3247 4146 ούκ
3298 4097 3429 4166 ἔχει,
3477 4096 3593 4145 οὔτε
3653 4091 3724 4153 εἰς
3766 4095 3854 4149 τήν

2258 4190 2556 4260 ἐπουράνιον
2604 4185 2751 4238 πόλιν
2808 4186 3049 4238 εἰσελθεῖν
3095 4182 3335 4238 δύναται,
3375 4182 3541 4244 Αὐτός
3568 4177 3647 4247 δε,
3705 4182 3852 4253 Κύριε

2256 4279 2437 4335 Ἰησοῦ
2486 4278 2701 4347 Χρίστε,
2758 4274 3008 4345 εἰσάγαγε
3058 4275 3193 4343 ἡμᾶς
3250 4272 3321 4333 εἰς
3368 4272 3551 4336 αὐτὴν,
3613 4266 3849 4331 δοξάζον-

2258 4369 2351 4427 τάς
2394 4385 2487 4419 σου
2536 4368 2593 4417 τὸ
2648 4368 2810 4435 ὄνομα
2863 4367 2956 4416 σὺν
3009 4368 3191 4435 “arpi,
3250 4367 3340 4415 καὶ
3392 4361 3522 4433 ἁγίῳ
3578 4361 3842 4430 Πνεύματι,

2186 4491 2227 4545 D
2260 4456 2331 4519 εἰς
2362 4459 2477 4517 τοὺς
2499 4453 2707 4515 αἰῶνας.
2748 4454 2936 4525 ’Λμήν.

2856 4563 3099 4611 ΟΜΙΛΙΑ
3133 4558 3263 4612 ΛΑ¹.

2263 4676 2360 4724 Δεῖ
2417 4670 2520 4720 τόν
2586 4669 2986 4719 πιστεύοντα
3037 4664 3518 4737 μεταλλαγῆναι
3586 4677 3835 4746 τονᾷνου

2333 4740 2545 4803 αὐτοῦ,
2587 4744 2694 4791 καὶ
2725 4740 2960 4798 πάντας
2999 4741 3143 4797 τοὺς
3180 4736 3672 4808 λογισμούςλείς
3700 4736 3840 4787 Θεὸν

2335 4812 2692 4881 συλλέγειν,
2760 4808 2816 4860 έν
2873 4812 2963 4870 οἷς
3019 4804 3275 4871 ἀληθῶς⁷
3320 4804 3496 4861 πᾶσα
3553 4804 3848 4860 διακονία

2332 4892 2438 4937 τοῦ
2506 4890 2665 4936 Θεοῦ
2728 4885 2887 4936 εστι.

574 4984 615 5038 l.
647 4985 886 5057 Oportet
935 5004 1095 5057 eum,
1120 4990 1221 5060 qui
1268 4990 1469 5060 credit,
1497 4992 1817 5049 obsecrare
1852 4994 2061 5063 Deum,
2094 5002 2139 5050 ut

2336 4990 2412 5044 A'.
2477 4997 2559 5043 Δεῖ
2617 4992 2701 5042 τὸν
2758 4989 3069 5040 πιστεύοντα
3127 4986 3287 5040 αἰτεῖν
3344 4991 3428 5039 τόν
3484 4990 3613 5040 Θεὸν
3680 4983 3851 5057 μεταλ-

2263 5081 2278 5089 ι
2570 5087 2587 5089 κ
2888 5081 2899 5089 ι
3129 5076 3140 5089 I
3218 5084 3237 5089 μ
3455 5074 3573 5089 Δξ...
3755 5070 3797 5089 .0

506 5073 850 5129 immutetur
880 5078 1203 5134 intedtione
1232 5096 1341 5135 sua
1368 5098 1472 5151 per
1502 5083 1892 5138 mutationem
1934 5084 2139 5153 cordis,

2263 5081 2486 5152 λαγῆναι
2528 5087 2618 5139 τῆς
2678 5081 3031 5151 προαιρέσεως
3078 5076 3260 5141 αὐτοῦ,
3320 5074 3573 5149 μεταϐολῇ
3641 5070 3855 5147 καρδίας

504 5161 669 5235 quod
719 5171 980 5221 vertatur
1031 5167 1109 5222 ab
1155 5169 1475 5225 acerbitate
1521 5173 1578 5226 in
1646 5172 2026 5228 dulcedinem
2059 5214 2070 5239 ,
2100 5184 2139 5229 ei

2265 5168 2711 5243 μεταϐαλλομένης
2758 5166 2856 5219 ἀπὸ
2904 5171 3216 5239 πικρότητος
3276 5166 3344 5227 εἰς
3396 5165 3716 5237 γλυκασίαν,
3773 5166 3855 5214 καὶ

504 5255 826 5319 recordari,
851 5272 972 5327 quo
1022 5264 1196 5329 pacto
1241 5267 1488 5315 sanatus
1543 5268 1632 5316 est
1687 5278 1899 5329 caecus,
1930 5262 2139 5327 itidem,

2266 5260 2619 5331 μνημονεύειν,
2695 5265 2803 5316 πῶς
2856 5257 2881 5307 ό
2958 5255 3145 5327 τυφλός
3213 5256 3356 5318 ἰάθη,
3419 5256 3448 5312 ἠ
3511 5255 3859 5327 αἱμορροοῦσα

2511 5345 2561 5357 ..
2668 5349 2676 5357 .
2864 5353 2881 5357 _
3102 5341 3149 5357 ..
3274 5344 3323 5357 ..
3506 5344 3529 5357 ..
3732 5340 3801 5357 ..

509 5361 645 5417 quas
674 5347 987 5415 sanguinis
1027 5347 1317 5416 proﬂuvio
1354 5348 1693 5416 laborabat,
1721 5357 1875 5407 tacta
1917 5352 2139 5409 ﬁmbrie

2266 5352 2455 5421 ὁμοίως
2500 5345 2737 5418 ἁψαμένη
2793 5353 2883 5397 τοῦ
2920 5341 3211 5413 κρεσπέδου
3272 5344 3453 5403 ἰάσεως
3504 5344 3681 5412 ἔτυχε,
3732 5340 3854 5391 λεόν-

508 5435 866 5503 vestimenti,
906 5436 1173 5491 sanitatis
1227 5438 1524 5510 particeps
1582 5446 1668 5496 est
1706 5441 1881 5506 facta,
1912 5440 2139 5497 leonum

2266 5459 2363 5491 των
2418 5439 2573 5509 φύσις
2608 5436 2874 5508 ἡμερώθη,
2924 5437 3086 5509 πυρὸς
3126 5436 3277 5505 φύσις
3319 5434 3571 5505 ἐνεκρώθη
3600 5450 3611 5462 ·
3676 5434 3754 5481 ὅτι
3801 5434 3855 5481 τὸ

506 5532 722 5582 natura
748 5523 1162 5581 mansuefacta
1187 5534 1292 5595 est,
1327 5534 1381 5584 et
1424 5528 1575 5599 ignis
1605 5534 1819 5586 natura
1846 5530 2134 5587 exstincta

2265 5530 2436 5602 ἄκρως
2481 5525 2684 5578 καλὸνὸ
2730 5529 2858 5586 Θεός
2888 5524 3038 5577 ἐστι·
3096 5526 3223 5595 πρὸς
3276 5521 3330 5574 ὃν
3361 5519 3571 5594 ὀφείλεις
3628 5537 3855 5590 συναγα-

1071 4558 1357 4615 HOMILIA
1393 4562 1567 4617 XXXI.

502 4661 763 4741 Fidelem
781 4674 1007 4741 oportet
1026 4670 1252 4724 mutari
1262 4668 1738 4741 animo.atquein
1755 4674 1935 4730 Deum
1952 4691 2152 4735 omnes

574 4736 951 4811 cogitationes
983 4741 1277 4808 colligere.
1310 4742 1372 4795 in
1402 4736 1613 4811 quibus
1642 4759 1776 4801 vere
1806 4761 1976 4803 omne
2001 4749 2155 4806 obse-

574 4808 776 4876 quium
800 4808 1073 4866 divinum
1105 4811 1387 4868 consistit.

578 5687 599 5720 δ
631 5687 740 5743 lsa.
774 5703 812 5753 ι,
837 5691 890 5753 5,
921 5690 970 5742 6.
1051 5685 1072 5719 ⁸
1100 5684 1233 5743 Luc.
1279 5703 1376 5753 vn,
1402 5689 1488 5743 44.
1564 5686 1584 5720 ⁷
1616 5685 1799 5759 Apoc.
1828 5699 1902 5750 ιιι,
1942 5686 2030 5740 10.
2114 5682 2136 5717 ⁸

2250 5681 2375 5739 ttth.
2394 5695 2534 5746 xxv,
2563 5681 2649 5746 42,
2674 5681 2764 5735 43.
