4130 6286
317 312 422 370 729

1568 303 1901 365 HOMILIE.
1941 337 2012 350 —-
2053 300 2226 361 HOM.
2259 302 2459 361 XXXI.

3569 305 3673 363 730

310 447 420 510 γεῖν
473 441 559 491 τὸν
598 444 714 489 νοῦν
765 441 854 488 καὶ
901 439 1020 498 τοὺς
1074 435 1376 506 λογισμοὺς,
1431 440 1520 487 καὶ
1576 431 1741 506 μηδὲν
1790 434 1909 486 ἄλλο

2043 436 2179 488 )eus
2208 435 2366 487 enim
2410 449 2719 488 summum
2767 433 2997 488 bonum
3046 439 3148 498 est,
3185 436 3245 490 in
3275 449 3458 507 quem
3490 435 3675 491 debes

313 528 514 593 ἐννοεῖν,
545 529 574 586 ἡ
604 531 697 585 τὴν
730 523 1052 598 προσδοκίαν
1085 525 1242 577 αὐτοῦ
1268 520 1517 598 καθορᾷν.

386 813 449 868 Β’.
500 812 645 865 Ἠτω
695 808 783 864 οὖν
845 813 874 869 ἡ
930 810 1085 882 ψυχή
1147 815 1216 871 ὡς
1259 815 1410 864 τέκνα
1450 809 1738 885 ῥεμϐόμενα
1792 829 1913 861 συν-

320 904 545 973 άγουσα,
591 905 682 952 καὶ
735 902 1054 952 νουθετοῦσαι
1124 904 1239 960 τοὺς
1307 900 1407 951 ἀπὸ
1478 907 1572 960 τῆς
1657 899 1916 973 ἁμαρτίας

309 989 750 1065 ἐσκορπισμένους
815 989 1116 1060 λογισμοὺς,
1196 990 1446 1059 εἰσαγέτω
1512 989 1578 1048 εἰς
1633 991 1720 1040 τὸν
1778 986 1916 1039 οἶκον

312 1088 405 1132 τοῦ
465 1086 706 1152 σώματος
751 1078 937 1148 αὐτῆς,
974 1077 1051 1130 ἀεὶ
1110 1075 1468 1150 προσδοκῶσα
1517 1081 1604 1130 τόν
1649 1080 1837 1151 Κύριον
1869 1076 1917 1128 ἐν

317 1174 534 1241 νηστείᾳ
571 1173 660 1220 καὶ
693 1166 893 1240 ἀγάπη,
931 1171 1053 1219 πότε
1100 1167 1254 1219 ἐλθὼν
1298 1167 1353 1230 ἐξ
1392 1167 1634 1228 ἀληθείας
1692 1167 1918 1236 συναγά-

311 1278 398 1329 γοι
441 1259 625 1315 αὐτήν.
660 1254 891 1315 Ἀδήλου
926 1253 984 1308 δὲ
1023 1264 1113 1308 τοῦ
1158 1256 1422 1328 μέλλοντος
1468 1259 1631 1319 ὄντος,
1675 1254 1918 1315 ἐλπιζέτω

313 1347 462 1400 πλέον
524 1350 595 1399 ἔτι
647 1355 718 1416 τῷ
773 1345 1061 1418 κυϐερνήτῃ
1139 1345 1308 1405 καλῶς
1385 1345 1752 1408 ἑπελπίζουσα,
1830 1347 1919 1395 καὶ

314 1441 692 1508 μνημονευέτω,
741 1443 850 1496 πῶς
917 1455 1006 1486 και
1052 1434 1209 1487 Ῥαὰϐ
1265 1432 1400 1486 οὖσα
1449 1438 1579 1505 μετά
1631 1433 1920 1506 ἀλλοφύλων

312 1524 616 1576 ἐπίστευσεν
667 1523 1042 1596 Ἰσραηλίταις,
1091 1529 1178 1575 καὶ
1233 1525 1342 1594 μετ’
1369 1523 1537 1575 αὐτῶν
1575 1523 1871 1585 κατηξιώθη
1906 1539 1918 1552 ⁸

318 1616 367 1666 οἱ
401 1611 458 1665 δε
487 1612 811 1684 Ἰσραηλῖται
862 1621 923 1685 τῇ
985 1612 1166 1686 ἀγάπῃ
1224 1613 1296 1675 εἰς
1328 1616 1586 1684 Αἴγυπτον
1644 1614 1924 1687 μετεστρά-

321 1722 512 1774 φησαν.
544 1702 631 1764 Ὠς
684 1699 771 1754 οὖν
803 1699 952 1754 οὐδὲν
1002 1700 1192 1772 ἔϐλαψε
1236 1707 1326 1760 τήν
1374 1701 1533 1755 Ῥαὰϐ
1583 1705 1613 1760 ἡ
1648 1705 1778 1774 μετὰ
1823 1708 1922 1752 τῶν

2025 523 2302 591 colligere
2332 528 2592 578 mentem
2624 527 2681 577 et
2732 523 3142 592 cogitationes,
3178 539 3286 578 nec
3337 525 3483 596 quid
3514 525 3675 581 aliud

2025 612 2229 666 animo
2259 613 2589 683 concipere,
2637 628 2822 684 quam
2884 615 3388 684 exspectationem
3433 614 3562 684 ejus
3592 615 3677 669 in-

2024 701 2192 755 tueri.

2097 811 2160 861 II.
2198 807 2275 863 Sit
2305 807 2486 876 igitur
2517 809 2738 872 anima,
2761 808 3004 878 perinde
3034 825 3249 881 aequae
3279 809 3433 866 ﬁlios
3461 826 3679 882 vagan-

2025 900 2113 951 tes
2143 895 2377 966 colligit,
2424 902 2479 952 et
2511 897 2815 966 castigans
2848 897 3151 968 dispersas
3178 915 3214 954 a
3243 905 3487 970 peccato
3520 901 3680 969 cogi-

2026 985 2406 1048 tationes,ind
2421 991 2670 1057 ucatque
2689 986 2746 1040 in
2762 985 3013 1040 domum
3037 989 3303 1058 corporis
3324 988 3681 1060 sui,semper

2027 1082 2379 1143 exspectans
2439 1075 2758 1130 Dominum
2825 1075 2882 1129 in
2945 1076 3175 1145 jejunio
3227 1083 3283 1131 et
3337 1077 3678 1142 dilectione,

2027 1163 2276 1233 quando
2290 1163 2537 1218 veniens
2565 1179 2699 1218 vere
2727 1179 2860 1218 eam
2894 1163 3148 1232 colligat.
3177 1164 3463 1221 Futurum
3479 1171 3681 1222 autem

2031 1268 2166 1306 cum
2195 1252 2266 1307 sit
2303 1253 2616 1319 incertum,
2651 1268 2719 1307 eo
2760 1253 3019 1323 amplius
3053 1259 3263 1323 speret,
3295 1254 3352 1310 in
3387 1256 3684 1326 guberna-

2032 1345 2154 1396 tore
2185 1358 2288 1412 spe
2317 1350 2470 1396 recte
2502 1342 2792 1397 collocata
2824 1360 2835 1406 ;
2865 1349 2921 1396 et
2950 1349 3186 1397 revocet
3217 1344 3276 1397 in
3304 1347 3682 1410 memoriam,

2032 1430 2343 1500 quomodo
2376 1431 2537 1484 Raab
2590 1447 2725 1485 cum
2770 1430 3118 1499 alienigenis
3148 1447 3534 1501 conversans,
3561 1450 3686 1489 cre-

2032 1519 2184 1573 didit
2214 1519 2510 1584 Israelitis,
2573 1535 2902 1590 eorumque
2935 1521 3211 1575 societate
3261 1523 3441 1591 digna
3484 1523 3688 1579 habita

2032 1613 2138 1664 est.
2170 1608 2444 1664 tsraelitas
2468 1614 2670 1664 autem
2698 1625 2771 1664 ex
2803 1625 3008 1664 amore
3033 1610 3094 1664 in
3116 1611 3440 1682 )Egyptum
3467 1613 3688 1667 reversi

2035 1698 2737 1762 sunt.Quemadmodum
2753 1713 2896 1766 ergo
2932 1698 3074 1753 nihil
3107 1701 3308 1754 nocuit
3334 1700 3496 1756 Raab
3521 1701 3690 1756 habi-

321 1792 613 1864 ἀλλοφύλων
662 1795 892 1855 οἴκησις,
953 1790 1061 1842 ἀλλ’
1117 1794 1146 1850 ἡ
1205 1797 1385 1853 πίστις
1434 1793 1660 1863 ᾠκείωσε
1711 1799 1773 1863 τῇ
1833 1809 1924 1861 με-

2043 1787 2175 1841 tatio
2216 1803 2352 1840 cum
2404 1787 2772 1854 alienigenis,
2804 1789 2908 1842 sed
2941 1786 3090 1842 ﬁdes
3130 1804 3263 1844 eam
3295 1789 3688 1845 domesticam

317 1878 436 1953 ρίδι
492 1891 591 1932 τῶν
631 1880 966 1954 Ἰσραηλιτῶν
995 1896 1007 1910 ·
1043 1885 1202 1941 οὕτως
1242 1878 1391 1933 οὐδὲν
1444 1880 1636 1953 βλάψει
1694 1881 1926 1953 ἁμαρτία

318 1973 435 2030 τοὺς
465 1972 512 2022 ἓν
543 1967 715 2022 ἐλπίδι
745 1975 834 2022 καὶ
872 1974 1049 2021 πίστει
1077 1974 1163 2022 τὸν
1197 1975 1480 2043 Λυτρωτήν
1522 1967 1921 2042 ἐκδεχομένους,

319 2059 369 2119 ὃς
400 2064 812 2132 παραγενόμενος
858 2057 1162 2129 μεταϐάλλει
1192 2064 1311 2120 τούς
1356 2059 1640 2130 λογισμοὺς
1687 2068 1783 2120 τῆς
1825 2058 1927 2129 ψυ-

321 2156 396 2220 χῆ
409 2168 450 2211 ς,
479 2152 570 2198 καὶ
599 2155 736 2199 ποιεῖ
765 2146 950 2206 αὐτούς
980 2149 1202 2213 θεῑκοὺς,
1235 2147 1521 2220 οὐρανίους,
1552 2147 1800 2218 ἀγαθούς,
1837 2152 1926 2197 καί

324 2232 573 2287 διδάσκει
613 2241 706 2293 τήν
736 2235 918 2307 ψυχήν
956 2235 1143 2306 εὐχήν,
1198 2235 1466 2300 ἀληθινήν,
1509 2236 1924 2309 ἀπερίσπαστον,

323 2322 701 2398 ἀρῥέμϐαστον.
762 2330 856 2384 Μή
901 2326 1127 2396 φοϐοῦ,
1181 2331 1361 2398 φησὶν,
1415 2328 1530 2396 ἐγὼ
1570 2326 1928 2399 ἔμπροσθέν

328 2433 440 2465 σου
483 2418 862 2485 πορεύομαι,
917 2421 1024 2466 καὶ
1063 2420 1176 2489 ὄρη
1219 2416 1480 2487 ὀμαλιῶ,
1545 2418 1738 2486 θύρας
1778 2412 1930 2484 χαλ-

325 2509 437 2562 κᾶς
478 2503 832 2574 συντρίψω,
881 2509 987 2556 καὶ
1042 2504 1329 2575 μοχλοὺς
1372 2501 1691 2575 σιδηροῦς
1747 2503 1930 2555 συνθ-

325 2592 517 2644 λάσω.
545 2593 836 2651 Καὶπάλιν,
862 2598 1182 2665 Πρόσεχε,
1204 2598 1354 2664 φησὶ,
1403 2601 1648 2662 σεαυτῷ
1689 2596 1930 2664 μήποτε

326 2685 597 2752 γένηται
633 2682 807 2755 ῥῆμα
845 2687 1128 2755 κρυπτὸν
1163 2681 1220 2732 ἐν
1261 2691 1332 2754 τῇ
1376 2678 1615 2755 καρδίᾳ
1647 2700 1758 2732 σου
1799 2679 1931 2731 ἀνο-

329 2775 648 2843 μημα·μή
689 2774 875 2843 εἴπης
921 2771 980 2822 ἐν
1025 2780 1096 2844 τῇ
1156 2767 1396 2846 καρδίᾳ
1438 2791 1549 2824 σου
1591 2778 1824 2824 ’Τοῦτο
1863 2771 1930 2820 τὸ

335 2862 515 2921 ἔθνος
560 2860 719 2912 πολὺ
759 2866 870 2912 καὶ
912 2861 1209 2936 ἰσχυρόν.

401 2967 472 3022 Γ’.
528 2969 648 3019 Ἐὰν
708 2971 778 3038 μὴ
835 2969 984 3038 ἡμεῖς
1039 2970 1412 3040 χαυνωθῶμεν,
1474 2972 1563 3019 καὶ
1614 2962 1930 3039 παραδῶμεν

325 3059 419 3118 τὰς
449 3058 608 3128 νομὰς
659 3063 768 3117 τοῖς
816 3055 1058 3117 ἀτάκτοις
1098 3055 1370 3128 λογισμοῖς
1423 3065 1517 3118 τῆς
1564 3060 1774 3120 κακίας,
1805 3053 1932 3105 ἀλλά

329 3153 400 3214 τῷ
460 3145 711 3215 θελήματι
786 3146 931 3214 ἡμῶν
987 3144 1209 3216 ἕλκωμεν
1262 3149 1348 3196 τὸν
1423 3151 1558 3209 νοῦν,
1631 3142 1932 3217 βιαζομενοι

331 3237 450 3295 τούς
502 3233 789 3304 λογισμοὺς
837 3236 963 3304 πρὸς
1017 3236 1102 3284 τὸν
1142 3236 1329 3306 Κύριον
1371 3249 1382 3260 ·
1422 3236 1626 3293 πάντως
1676 3235 1700 3283 ὁ
1743 3235 1932 3305 Κύριος

331 3329 403 3373 τῶ
473 3321 722 3391 θελήματι
787 3323 946 3373 αὐτοῦ
1013 3321 1277 3374 ἐλεύσεται
1339 3325 1465 3395 πρὸς
1528 3324 1686 3394 ἡμᾶς,
1737 3327 1824 3374 καὶ
1881 3322 1934 3384 ἐξ

332 3409 574 3469 ἀληθείας
624 3411 913 3481 συναγάγοι
961 3413 1098 3481 ἡμᾶς
1145 3415 1276 3482 πρὸς
1325 3411 1524 3463 ἑαυτὸν.
1563 3417 1717 3462 Πᾶσα
1763 3413 1862 3485 γὰρ
1898 3411 1927 3467 ἡ

332 3499 676 3571 εὐαρέστησις
727 3504 815 3551 καὶ
891 3502 920 3557 ἡ
980 3496 1224 3551 διακονία
1270 3501 1319 3551 ἐν
1407 3507 1512 3560 τοῖς
1566 3497 1933 3571 διαλογισμοῖς

330 3588 470 3641 ἔστιν
500 3605 511 3616 ·
547 3590 680 3640 ὥστε
716 3585 1018 3640 σπούδασον
1051 3587 1237 3660 ἀρέσαι
1269 3597 1340 3659 τῷ
1386 3593 1579 3662 Κυρίῳ,
1624 3585 1932 3661 προσδοκῶν

327 3677 483 3730 αὐτὸν
538 3676 616 3729 ἀει
642 3679 847 3742 ἔσωθεν,
885 3681 1052 3740 ζητῶν
1107 3678 1261 3730 αὐτὸν
1309 3677 1356 3729 ἐν
1405 3684 1510 3738 τοῖς
1540 3674 1931 3750 διαλογισμοῖς,

327 3772 416 3819 καὶ
487 3764 790 3839 βιαζόμενος
853 3772 940 3819 καὶ
996 3766 1304 3836 ἀναγκάζων
1361 3770 1419 3818 τὸ
1486 3766 1671 3819 ἑαυτοῦ
1735 3767 1932 3838 θέλημα

328 3861 418 3908 καὶ
494 3861 588 3914 τήν
658 3861 983 3930 προαίρεσιν,
1031 3859 1158 3927 πρὸς
1215 3857 1370 3909 αὐτὸν
1411 3855 1489 3908 ἀεὶ
1540 3855 1920 3913 ἀνατείνεσθαι,

335 3950 434 3996 Καὶ
483 3949 580 4014 ὅρα
626 3954 735 4006 πῶς
791 3947 1006 4019 ἔρχεται
1048 3949 1178 4016 πρὸς
1228 3949 1307 4009 σε,
1360 3950 1447 3996 καὶ
1493 3950 1654 4016 μονήν
1707 3951 1932 3997 ποιεῖται

333 4035 477 4104 ποιρά
531 4037 634 4084 σοί.
687 4041 846 4084 Ὅσον
885 4037 984 4106 γὰρ
1042 4036 1282 4103 συνάγεις
1313 4038 1399 4084 τὸν
1442 4041 1557 4085 νοῦν
1590 4053 1684 4085 σου
1730 4034 1801 4095 εἰς
1839 4039 1932 4091 τήν

337 4119 560 4178 ζήτησιν
609 4121 787 4184 αὐτοῦ,
834 4123 961 4172 πολὺ
1017 4123 1164 4173 πλέον
1221 4122 1398 4181 αὐτνὸς
1429 4121 1778 4192 ἀναγκάζεται
1833 4123 1933 4173 ὑπὸ

337 4216 432 4270 τῆς
474 4205 615 4269 ἰδίας
645 4208 1040 4281 εὐσπλαγχνίας
1070 4215 1160 4261 καὶ
1210 4215 1578 4282 χρηστότητος
1624 4209 1780 4262 ἐλθεῖν
1809 4213 1934 4285 πρὸς

343 4300 418 4362 σε,
470 4303 558 4350 καὶ
589 4300 892 4350 ἀναπαῦσαί
931 4318 1006 4350 σε.
1056 4306 1282 4356 Ἒστηκε
1320 4302 1420 4373 γὰρ
1465 4301 1663 4372 θεωρῶν
1711 4318 1806 4350 σου
1847 4303 1933 4350 τὸν

336 4395 473 4453 νοῦν,
515 4392 634 4449 τοὺς
677 4385 1072 4460 διαλογισμοὺς,
1115 4391 1205 4450 τὰς
1245 4390 1548 4460 ἐνθυμήσεις
1578 4407 1589 4419 ·
1639 4390 1934 4440 ἐπισκοπῶν

2034 1875 2290 1930 reddidit
2317 1875 2583 1947 partibus
2611 1876 3010 1931 lsraelitarum
3045 1894 3061 1930 :
3091 1877 3172 1932 ita
3203 1885 3516 1948 peccatum
3544 1879 3690 1935 nihil

2034 1964 2193 2019 laedit
2223 1979 2345 2030 eos,
2379 1965 2479 2035 qui
2509 1965 2566 2019 in
2627 1980 2731 2035 spe
2762 1971 2819 2020 et
2867 1965 2985 2020 ﬁde
3015 1966 3456 2037 redemptorem
3490 1983 3689 2040 exspe-

2037 2059 2218 2111 ctant.
2251 2054 2351 2123 qui
2384 2053 2712 2108 adveniens
2743 2054 3424 2124 immutatcogitationes
3447 2057 3687 2124 animae,

2037 2141 2352 2214 redditque
2383 2159 2483 2197 eas
2515 2143 2773 2207 divinas,
2815 2144 3104 2211 caelestes,
3145 2144 3340 2199 bonas
3372 2162 3384 2211 ;
3419 2151 3474 2200 et
3520 2148 3690 2203 docet

2039 2230 2305 2285 animam
2336 2246 2541 2284 verum
2577 2232 2858 2301 precandi
2887 2233 3156 2297 modum,
3184 2249 3303 2288 non
3335 2234 3687 2291 distractum

2040 2335 2146 2374 nec
2172 2319 2623 2386 vagabundum.
2655 2321 2745 2376 Ne
2770 2322 3213 2394 timeas,inquit,
3232 2337 3330 2392 ego
3351 2323 3686 2394 anteiteibo,

2039 2419 2090 2464 et
2146 2415 2366 2464 montes
2417 2409 2747 2479 adaequabo,
2790 2417 2994 2478 portas
3047 2427 3238 2467 aeneas
3279 2418 3601 2477 conteram,
3634 2419 3689 2469 et

2041 2505 2216 2554 vectes
2267 2499 2488 2557 ferreos
2519 2499 2894 2569 confringam
2927 2502 2969 2552 9.
3004 2501 3066 2554 Et
3115 2516 3353 2556 rursum
3391 2519 3402 2558 :
3439 2503 3690 2559 Attende

2042 2589 2149 2643 tibi
2190 2588 2321 2656 ipsi,
2353 2589 2449 2651 ait,
2502 2590 2818 2660 nequando
2872 2590 3106 2645 verbum
3163 2591 3573 2646 absconditum
3626 2592 3688 2647 in

2041 2677 2215 2734 corde
2237 2684 2332 2732 tuo
2355 2678 2455 2744 ﬁat
2476 2677 2785 2749 iniquitas,
2807 2694 2879 2734 ne
2903 2679 3066 2734 dicas
3086 2681 3148 2734 in
3171 2681 3345 2736 corde
3368 2686 3468 2735 tuo
3500 2695 3512 2732 :
3541 2681 3691 2737 Gens

2044 2768 2168 2824 haec
2194 2782 2506 2824 numerosa
2547 2774 2628 2823 est
2659 2775 2712 2823 et
2751 2776 2958 2837 potens
2989 2771 3049 2825 ¹ο.

2112 2965 2201 3018 lll.
2239 2965 2293 3021 Si
2322 2981 2431 3020 nos
2466 2965 3316 3034 socordianondissolvamur,
3346 2965 3692 3038 necpabula

2041 3053 2412 3125 praebeamus
2428 3055 2836 3126 incompositis
2850 3055 3304 3124 cogitationibus
3321 3056 3694 3121 malitise,sed

2043 3142 2345 3198 voluntate
2385 3143 2591 3198 dostra
2632 3144 2930 3199 nahamus
2963 3145 3257 3209 animum,
3292 3149 3346 3200 et
3371 3144 3694 3216 compella-

2043 3247 2179 3285 mus
2211 3232 2596 3301 cogitationes
2627 3232 2702 3287 ad
2731 3231 3050 3287 Dominum
3086 3249 3098 3297 ;
3127 3233 3311 3288 dubio
3341 3234 3551 3304 procul
3573 3233 3691 3288 Do-

2043 3319 2239 3374 minus
2264 3327 2476 3390 sponte
2499 3337 2607 3374 sua
2638 3321 2832 3375 veniet
2854 3323 2928 3376 ad
2959 3337 3090 3387 nos,
3124 3327 3179 3376 et
3212 3337 3419 3377 revera
3449 3337 3691 3392 congre-

2043 3409 2207 3480 gabit
2229 3425 2341 3464 nos
2373 3409 2448 3465 ad
2477 3426 2536 3464 se
2577 3409 2792 3482 ipsum.
2821 3411 3028 3466 Omnis
3068 3414 3226 3466 enim
3259 3411 3694 3482 complacentia

2042 3504 2097 3554 et
2122 3499 2515 3554 ministerium
2543 3501 2602 3554 in
2625 3499 3089 3570 cogitationibus
3111 3501 3693 3567 consistit.Quocirca

2042 3589 2335 3643 contende
2369 3593 2429 3643 ut
2459 3588 2693 3659 placeas
2723 3588 3001 3657 Domino,
3026 3595 3379 3660 exspectans
3405 3607 3540 3645 eum
3563 3606 3692 3663 per-

2043 3681 2219 3748 petuo
2259 3676 2536 3742 interius,
2591 3693 2866 3749 quaerens
2915 3694 3052 3733 eum
3119 3679 3178 3733 in
3208 3679 3690 3748 cogitationibus,

2043 3771 2098 3821 et
2118 3766 2483 3838 compellens
2497 3772 2674 3838 atque
2692 3767 2940 3838 adigens
2958 3773 3119 3822 tuam
3135 3768 3318 3839 ipsius
3332 3770 3693 3824 voluntatem

2043 3861 2220 3926 atque
2250 3855 2662 3920 intentionem,
2698 3861 2760 3910 ut
2786 3857 2842 3910 in
2877 3873 3014 3911 eum
3034 3863 3319 3928 perpetuo
3346 3857 3687 3913 intendant:

2044 3950 2098 3999 et
2125 3945 2393 4014 expende
2425 3961 2545 4016 qua
2585 3946 2812 3999 ratione
2845 3946 3002 4000 venit
3032 3946 3104 4001 ad
3134 3953 3205 4012 te,
3231 3952 3285 4000 et
3319 3948 3694 4002 mansionem

2043 4033 2183 4088 facit
2207 4035 2365 4104 apud
2397 4038 2469 4087 te.
2500 4034 2734 4097 Quanto
2765 4035 2922 4087 enim
2953 4033 3145 4103 magis
3167 4033 3392 4103 colligis
3423 4036 3693 4090 animum

2045 4127 2210 4177 tuum
2247 4123 2321 4175 ad
2342 4137 2480 4176 eum
2502 4122 2917 4193 quaerendum,
2951 4127 3118 4178 tanto
3151 4124 3340 4193 magis
3373 4125 3498 4195 ipse
3539 4141 3698 4180 com-

2045 4211 2294 4283 pelletur
2326 4227 2360 4266 a
2391 4212 2632 4281 propria
2659 4211 3072 4266 misericordia
3101 4218 3278 4283 atque
3305 4213 3695 4283 benignitate,

2045 4307 2108 4356 ut
2149 4301 2346 4354 veniat
2371 4300 2447 4354 ad
2482 4307 2556 4365 te,
2598 4306 2654 4355 et
2686 4307 2737 4356 te
2765 4301 3068 4356 refocillet.
3105 4303 3277 4357 Fixus
3308 4303 3467 4357 enim
3501 4303 3697 4359 intue-

2045 4395 2137 4445 tur
2177 4394 2436 4444 mentem
2493 4394 2680 4453 tuam,
2734 4390 3122 4459 cogitationes
3152 4396 3204 4446 et
3234 4390 3694 4457 meditationes;

335 4485 446 4538 πῶς
487 4481 660 4539 ζητεῖς
717 4481 892 4541 αὐτὸν,
946 4483 1034 4530 καὶ
1065 4478 1109 4529 εί
1139 4477 1191 4540 ἐξ
1233 4478 1356 4540 ὅλης
1385 4485 1475 4538 τῆς
1505 4477 1694 4550 ψυχῆς
1744 4497 1858 4545 σου,
1893 4477 1928 4530 εἰ

2053 4482 2094 4550 1
2115 4480 2225 4550 19
2256 4478 2644 4534 considerans
2665 4479 2974 4551 quomodo
2999 4495 3234 4550 quaeras
3257 4496 3416 4547 eum,
3449 4486 3505 4536 et
3522 4498 3598 4537 an
3626 4498 3698 4537 ex

336 4570 406 4639 μή
436 4569 660 4638 νωθρῶς,
694 4567 735 4619 εἰ
764 4571 836 4639 μὴ
868 4566 1079 4640 ἀμελῶς.

411 4743 480 4798 Δ’.
517 4748 615 4796 Καὶ
659 4746 778 4796 ὅταν
817 4741 908 4818 ἴδη
953 4749 1046 4804 τὴν
1076 4741 1316 4803 σπουδήν
1349 4765 1443 4798 σου
1492 4748 1620 4820 πρὸς
1652 4749 1744 4804 τὴν
1774 4745 1934 4798 αὐτοῦ

339 4831 582 4897 ζήτησιν,
661 4838 776 4884 τότε
869 4842 1173 4907 φανεροῦται
1267 4841 1356 4887 καὶ
1430 4834 1749 4907 ἐπιφαίνεται
1827 4855 1929 4899 σοι,

336 4924 425 4972 καὶ
455 4928 548 4982 τῆς
600 4922 758 4973 αὑτοῦ
813 4920 1057 4993 βοηθείας
1087 4920 1442 4996 μεταδίδωσι,
1494 4930 1584 4978 καὶ
1645 4930 1736 4983 τήν
1786 4930 1933 4983 νίκην

340 5029 420 5062 σοι
466 5017 622 5077 ποιεῖ,
670 5009 917 5083 ῥυόμενος
952 5031 1008 5063 σε
1060 5011 1114 5063 ἐκ
1160 5022 1259 5066 τῶν
1299 5014 1505 5088 ἐχθρῶν
1563 5033 1677 5069 σου.
1727 5020 1935 5087 Θεωρή-

340 5119 435 5161 σας
473 5102 574 5172 γὰρ
613 5104 860 5172 πρότερον
906 5105 998 5158 τὴν
1045 5106 1140 5159 σὴν
1197 5107 1326 5175 πρὸς
1376 5103 1531 5155 αὐτὸν
1572 5105 1814 5172 ζήτησιν,
1845 5109 1935 5156 καὶ

336 5191 406 5252 ὡς
441 5189 560 5247 ὃλην
593 5209 687 5242 σου
713 5193 806 5247 τήν
845 5185 1170 5263 προσδοκίαν
1246 5189 1592 5255 ἀδιαλείπτως
1621 5197 1750 5267 πρὸς
1780 5193 1934 5245 αὐτὸν

337 5281 474 5350 ἔχεις
515 5294 527 5306 ·
567 5279 712 5339 οὗτος
741 5275 1010 5342 διδάσκει,
1058 5284 1146 5331 καὶ
1179 5277 1378 5333 δίδωσί
1429 5300 1513 5334 σοι
1543 5282 1708 5353 εὐχὴν
1758 5281 1935 5340 ἀληθι-

335 5372 442 5434 νήν,
503 5367 710 5440 ἀγάπην
787 5367 1053 5433 ἀληθινὴν,
1117 5371 1232 5430 ἣτις
1303 5368 1443 5421 ἐστιν
1519 5371 1674 5432 αὐτὸς
1726 5371 1773 5422 ἐν
1852 5376 1934 5423 σοὶ

336 5459 502 5510 πάντα
556 5463 876 5531 γιγνόμενος,
929 5455 1272 5530 παράδεισος,
1330 5459 1476 5521 ξύλον
1521 5464 1676 5531 ζωῆς,
1730 5480 1932 5534 μαργα-

336 5550 503 5618 ρίτης,
601 5552 868 5620 στέφανος,
961 5550 1259 5621 οἰκοδόμος,
1350 5552 1596 5622 γεωργὸς,

961 5545 1259 5621 οἰκοδόμος,
1350 5552 1596 5621 γεωργὸς,
1671 5551 1926 5615 παθητὸς,

410 5711 430 5744 θ
464 5709 575 5766 Isa.
604 5726 720 5775 xxv,
757 5715 805 5766 t.
883 5712 930 5747 ¹ο
971 5713 1182 5768 Deunt.
1210 5725 1306 5768 vn.
1339 5714 1427 5766 27.

2046 4575 2166 4625 toto
2231 4568 2434 4624 anima
2493 4573 2614 4632 tua,
2680 4583 2882 4623 annon
2940 4568 3219 4638 segniter,
3272 4585 3474 4625 annon
3516 4571 3697 4642 negli-

2045 4663 2272 4729 genter.

2116 4750 2200 4803 IV.
2233 4748 2296 4802 Et
2327 4746 2427 4801 ubi
2461 4746 2671 4802 viderit
2702 4747 3073 4818 diligentiam
3121 4752 3306 4814 tuam,
3341 4748 3399 4803 in
3433 4765 3502 4804 eo
3530 4765 3697 4821 quaa-

2042 4836 2230 4893 rendo
2259 4836 2613 4903 adhibitam,
2639 4839 2780 4890 tunc
2809 4836 3222 4892 manifestatur
3243 4839 3693 4909 etapparettibi,

2044 4925 2457 4997 auxiliumque
2497 4941 2674 4980 suum
2725 4925 3072 4995 impertitur,
3117 4942 3185 4981 ac
3235 4927 3547 4984 victoriam
3585 4928 3694 4984 tibi

2043 5021 2361 5088 praeparat,
2382 5015 2642 5070 liberans
2673 5019 2730 5070 te
2760 5015 2837 5070 ab
2855 5014 3131 5070 hostibus
3151 5015 3692 5090 tuis.Conscipiens

2045 5106 2203 5160 enim
2236 5104 2400 5175 prius
2433 5114 2600 5158 tuum
2633 5103 2939 5174 quaerendi
2966 5120 3102 5159 eum
3146 5105 3444 5172 ardorem,
3487 5113 3543 5162 et
3572 5124 3693 5180 quo

2045 5200 2218 5266 pacto
2235 5209 2477 5249 omnem
2492 5198 2653 5248 tuam
2669 5209 2838 5264 spem
2858 5194 3257 5250 indesinenter
3273 5196 3330 5251 in
3346 5212 3415 5251 eo
3433 5197 3694 5253 locatam

2045 5283 2291 5351 habeas,
2349 5283 2444 5337 hic
2475 5284 2649 5337 docet
2678 5299 2834 5354 aque
2884 5282 3131 5352 largitur
3168 5300 3376 5340 verum
3410 5285 3698 5357 precandi

2047 5372 2316 5435 modum,
2371 5371 2749 5427 dilectionem
2782 5389 3004 5438 veram,
3060 5389 3194 5444 quae
3252 5378 3337 5428 est
3395 5375 3538 5444 ipse,
3594 5373 3696 5444 qui

2045 5460 2251 5515 omnia
2275 5460 2437 5532 apud
2462 5466 2513 5514 te
2553 5459 2636 5524 ﬁt,
2665 5461 3003 5532 paradisus,
3028 5461 3258 5531 lignum
3277 5464 3426 5523 vitae,
3455 5477 3693 5529 marga-

2043 5549 2175 5617 rita,
2209 5565 2450 5614 corona,
2479 5548 2854 5618 architectus,
2877 5550 3159 5621 agricola,
3185 5548 3464 5622 patibilis,
3491 5550 3679 5623 impa-
