4130 6286
1523 19 1562 26 .-.
1573 15 1670 28 μαψ-
1683 25 1694 29 _
1709 9 1740 28 ττρ
1753 11 1814 28 ,κ
1831 11 1840 28 -,
1857 13 1860 16 ~
1883 17 1888 20 -
2027 21 2046 26 ._
2091 17 2098 22 .
2109 17 2114 22 .
2227 8 2329 24 νειμ.
2366 18 2373 25 ς
2384 10 2495 27 »μὴν

1339 32 1350 34 -
1495 27 1498 32 -
1653 35 1658 38 _
1691 27 1726 38 ,μ
1761 29 1772 34 ..
1791 29 1806 36 ..
1873 29 1876 32 .
2033 27 2036 30 .
2069 27 2076 40 π
2097 33 2104 40 Δ
2121 35 2134 40 α
2227 35 2232 38 _
2253 29 2260 36 ,
2368 36 2369 39 η
2412 28 2419 31 ,

995 52 998 54 ν
1029 47 1086 52 -υ-
1113 44 1122 46 “
1613 51 1616 54 .
1653 51 1658 54 .
1675 47 1752 56 ευ,
1765 47 1842 56 ιυ-,ηε
1891 47 1894 50 ~
1909 47 1914 52 ι
1997 43 2012 56 Ιξ
2031 47 2036 54 Δ
2066 50 2071 53 Α
2085 35 2120 46 ³’,
2173 47 2182 54 ν
2196 50 2199 55 ι
2223 47 2226 50 ’
2241 47 2246 54 ο
2259 43 2262 46 ’
2366 42 2369 51 ἷ
2400 50 2407 53 η
2436 42 2473 51 ’νζ

296 367 401 423 733

294 491 557 564 ἀνωφελῶν
632 488 1027 561 ἐμπεριέχονται
1109 486 1202 541 τὴν
1287 479 1339 542 ἐξ
1389 476 1607 549 οὐρανοῦ
1687 469 1890 564 εἰρὴ-νην

294 581 343 634 ἓν
374 558 572 655 καρδίᾳ
597 558 669 651 μη
702 558 1038 647 κτησάμενοι,
1090 574 1262 633 καθώς
1294 588 1452 642 φησιν
1503 567 1527 617 ό
1558 558 1890 620 Ἀπόστολος,

297 653 459 723 ὅτι
486 669 707 741 εἰρήνη
740 673 849 718 τοῦ
898 670 1055 718 Θεοῦ
1089 659 1455 735 βραϐευέτω
1499 653 1556 706 ἐν
1587 658 1722 711 ταῖς
1752 665 1894 741 καρ-

307 756 482 819 δίαις
528 759 715 828 ὑμῶν,
746 755 856 815 ἣτις
887 753 999 806 ἐστὶ
1032 749 1391 825 βασιλεύουσα
1410 750 1496 797 καὶ
1531 738 1898 798 ἀνακαινίζου-

300 868 369 901 σα
409 850 501 909 τὰς
550 853 650 898 τῶν
701 852 899 896 πιστῶν
952 838 1207 906 διανοίας,
1264 840 1312 890 ἓν
1364 834 1542 907 ἀγάπη
1600 835 1747 898 Θεοῦ⁹
1807 829 1897 877 καὶ

297 939 472 996 πάσης
555 942 646 995 τῆς
743 929 1113 1004 ἀδελφότητος.
1188 928 1321 990 Δόξα
1407 928 1496 977 καὶ
1567 920 1897 995 προσύνησις

308 1029 498 1099 Πατρὶ,
551 1028 641 1075 καὶ
691 1024 817 1093 Υὶῷ,
875 1025 965 1072 καὶ
1004 1019 1134 1092 ἁγίῳ
1175 1019 1456 1088 Πνεύματι,
1516 1010 1583 1071 εἰς
1612 1012 1732 1069 τοῦς
1772 1012 1897 1058 αιῶ-

300 1134 411 1176 νας.
444 1112 634 1185 Ἀμήν.

897 1293 1143 1342 ΟΜΙΛΙΑ
1186 1288 1305 1341 ΑΒ’.

300 1404 364 1452 Ἥ
398 1394 554 1459 δόξα
583 1404 698 1448 τῶν
746 1400 1153 1467 Χριστιανῶν
1195 1390 1312 1444 ἀπὸ
1366 1393 1476 1470 τοῦ
1513 1390 1618 1436 νῦν
1658 1384 1735 1470 ἓν)
1768 1386 1905 1467 ταῖς

382 1469 583 1521 αὐτῶν
662 1459 916 1539 ψυχάῖς
981 1465 1256 1537 ἕμμενει,
1340 1459 1661 1541 μέλλομσα
1716 1459 1772 1506 ἐν
1826 1459 1904 1541 τῶ

382 1548 580 1613 καιρῶ
633 1531 1217 1600 τῆς”ἀναστάσεως
1272 1531 1737 1613 φ-ανρρωςθῆνιαι,
1798 1531 1904 1613 καὶ

386 1601 665 1673 δοξάσαι
742 1613 818 1663 τὰ
875 1615 1139 1681 σώματα
1184 1601 1316 1659 κατ’
1385 1601 1736 1673 ἀναλογίαν
1791 1604 1905 1657 τῆς

386 1683 590 1735 αὐτῶν
625 1680 977 1742 εύσεϐείαςέ

384 1789 466 1844 Λ’.
498 1788 577 1843 Ἀἱ
603 1796 693 1841 τοῦ
719 1793 922 1860 κόσμου
952 1789 1138 1839 τούτου
1170 1785 1411 1857 γλῶσσαι
1465 1778 1707 1852 διάφοροί
1758 1775 1860 1828 εἰσι
1887 1788 1900 1802 ⁸
1938 1823 1981 1879 Β

311 1882 504 1939 παντὸς
532 1881 632 1950 γὰρ
679 1880 853 1940 ἔθνους
908 1873 1022 1929 ἰδία
1071 1875 1291 1947 γλῶσσά
1343 1872 1482 1925 ἐστιν
1516 1889 1529 1901 ⁸
1586 1872 1634 1921 οἱ
1691 1865 1749 1921 δε
1782 1875 1905 1939 Χρι-

315 1973 515 2021 στιανοὶ
586 1973 710 2040 μίαν
789 1971 877 2018 καὶ
948 1972 1035 2017 νῦν
1097 1964 1343 2035 γλῶσσαν
1418 1962 1762 2034 μανθάνουσι,
1817 1960 1907 2007 καὶ

311 2056 418 2110 ὅλοι
476 2058 576 2109 ὑπό
637 2062 760 2129 μίαν
806 2059 988 2127 σοφίαν
1040 2050 1380 2107 παιδεύονται
1410 2057 1501 2103 τοῦ
1529 2056 1682 2115 Θεοῦ,
1719 2051 1907 2118 σοφίαν

309 2148 367 2199 οὐ
393 2154 485 2199 τοῦ
516 2151 717 2218 κόσμου
774 2148 983 2211 τούτου,
1038 2143 1152 2196 οὒτε
1203 2150 1293 2195 τοῦ
1350 2141 1533 2202 αἰῶνος
1578 2146 1671 2191 τοῦ
1720 2156 1907 2209 παρερ-

309 2240 558 2309 χομένου.
613 2240 713 2289 Καὶ
760 2238 824 2295 ὡς
872 2238 1248 2307 περιπατοῦσιν
1295 2230 1367 2293 εἰς
1425 2233 1519 2286 τὴν
1570 2232 1743 2279 κτίσιν
1777 2228 1906 2278 ταύ-

311 2345 405 2385 την
470 2328 518 2379 οἱ
574 2328 903 2398 Χριστιανοὶ,
954 2322 1022 2383 εἰς
1095 2324 1389 2395 καινοτέρας
1467 2320 1584 2377 θέας
1635 2315 1908 2388 οὐρανίους

316 2414 659 2487 ἐμπίπτουσι,
710 2418 798 2466 καὶ
856 2412 928 2474 εἰς
973 2408 1152 2476 δόξας,
1209 2413 1295 2461 xui
1351 2411 1643 2480 μυστήρια,
1676 2403 1777 2457 ἀπὸ
1807 2411 1907 2455 τῶν

317 2508 630 2576 φαινομένων
686 2500 1029 2574 λαμϐάνοντες
1082 2502 1177 2561 τὰς
1228 2498 1489 2571 ἀφορμάς.
1553 2501 1709 2547 Ἔστι
1766 2496 1907 2555 ζώων

315 2596 517 2668 ἡμέρων
569 2596 711 2664 γένη,
774 2592 879 2643 οἷον
930 2590 1081 2649 ἵππος
1137 2592 1226 2640 xui
1276 2584 1438 2661 βοῦς·
1500 2586 1709 2637 ἓκοστον
1742 2582 1909 2634 αὐτῶν

314 2680 453 2736 ἴδιον
505 2690 657 2754 σῶμα
710 2682 823 2752 ἔχει
870 2684 959 2731 καὶ
1012 2675 1151 2731 ἰδίαν
1201 2681 1389 2749 φωνήν.
1439 2679 1508 2728 Τὸ
1562 2674 1689 2727 αύτό
1733 2678 1823 2726 xui
1861 2672 1909 2725 ἐν

313 2780 423 2834 τοῖς
458 2774 660 2845 θηρίοις
698 2785 711 2799 ⁸
753 2772 778 2821 ό
808 2769 930 2822 λέων
956 2764 1095 2820 ’ίδιον
1148 2776 1300 2838 σῶμα
1347 2768 1462 2836 ἔχει
1502 2770 1592 2817 xui
1638 2761 1774 2817 ἰδίαν
1805 2785 1911 2835 φω-

313 2867 424 2928 νὴν,
467 2863 492 2914 ό
536 2861 715 2932 ἔλαφος
771 2861 964 2932 ὁμοίως
994 2876 1006 2887 ·
1067 2862 1157 2910 καὶ
1196 2859 1244 2909 ἐν
1297 2862 1405 2917 τοῖς
1448 2854 1678 2926 ἑρπετοῖς
1728 2850 1911 2925 διαφο-

313 2954 382 3027 ρὰ
431 2950 616 3016 πολλὴ,
671 2953 760 3002 καὶ
823 2948 871 3000 ἕν
933 2954 1039 3008 τοῖς
1110 2953 1361 3007 πετεινοῖς
1418 2943 1581 2998 πολλὰ
1647 2949 1866 3016 σώματα
1893 2964 1905 2975 ·

315 3040 436 3093 ἄλλο
496 3049 649 3111 σῶμα
703 3043 792 3090 καὶ
858 3042 995 3109 φωνὴ
1070 3034 1242 3101 ἀετοῦ,
1310 3039 1398 3086 xui
1455 3034 1577 3086 ἄλλο
1632 3041 1784 3105 σῶμα
1821 3038 1911 3085 καὶ

316 3134 455 3201 φωνὴ
512 3128 817 3200 ὀξυπτέρου.
858 3128 935 3177 Τὰ
973 3124 1107 3176 αὐτὰ
1157 3128 1246 3175 xui
1290 3122 1338 3174 ἐν
1368 3131 1429 3194 τῇ
1462 3122 1701 3195 θαλάσση
1750 3125 1862 3174 ἔστί
1895 3139 1906 3149 ·

322 3194 541 3288 σώματα
587 3194 753 3268 πολλὰ
791 3219 861 3287 μὴ
919 3212 1125 3265 ἐοικότα
1171 3211 1433 3276 ἀλληλοις,
1485 3216 1575 3263 xui
1618 3209 1667 3262 ἐν
1724 3219 1785 3283 τῇ
1842 3218 1908 3282 γῇ
1951 3194 1992 3250 C

323 3308 596 3377 σπέρματά
663 3302 766 3355 εἰσι
830 3302 1009 3365 πολλὰ,
1074 3299 1180 3352 ἀλλ’
1246 3302 1465 3351 ἕκαστον
1519 3303 1727 3373 σπέρμα
1776 3297 1913 3352 ἴδιον

322 3394 436 3463 ἔχει
488 3394 705 3463 καρπόν.
756 3395 856 3443 Kui
911 3385 1107 3462 δένδρα
1188 3387 1352 3440 πολλά
1408 3387 1538 3439 εἰσιν
1576 3404 1588 3417 ·
1645 3386 1753 3440 ἀλλ’
1813 3390 1916 3443 εἰσὶ

324 3475 520 3555 δένδρα
586 3482 817 3551 μείζονα,
878 3482 967 3530 xui
1034 3477 1137 3529 εἰσὶ
1202 3472 1398 3549 δένδρα
1460 3481 1758 3551 μικρότερα.
1818 3485 1917 3533 Καὶ

322 3568 479 3621 αὐταὶ
527 3569 582 3620 αἱ
608 3568 806 3639 ὀπῶραι
872 3563 1127 3639 διαφορὰν
1175 3567 1365 3637 ἔχουσι
1417 3566 1607 3624 πολλήν
1642 3586 1653 3596 ·
1704 3570 1918 3622 ἕκαστον

322 3661 421 3730 γὰρ
472 3656 639 3709 αὐτῶν
674 3652 813 3709 ἰδίαν
874 3663 1081 3727 γεῦσιν.
1133 3660 1233 3707 Καὶ
1273 3654 1403 3706 εἰσὶν
1454 3653 1689 3728 βοτάναι,
1743 3663 1831 3712 καὶ
1870 3662 1919 3712 ἑν

322 3747 501 3808 αὐταῖς
533 3743 784 3818 διαφοραὶ
841 3744 1046 3809 πολλαὶ,
1100 3745 1155 3796 αἱ
1202 3747 1293 3816 μὲν
1346 3744 1418 3804 εἰς
1471 3745 1646 3815 ὑγείαν
1698 3766 1917 3821 προχω-

320 3845 531 3914 ροῦσαι,
584 3837 638 3888 αἱ
686 3831 746 3887 δε
798 3834 869 3895 εἰς
909 3829 1130 3886 εὐωδίαν
1169 3837 1343 3905 μόνον.
1391 3831 1645 3889 Ἐκαστον
1708 3833 1768 3889 δὲ
1818 3848 1919 3891 τῶν

323 3923 551 3998 δένδρων
632 3920 833 3976 ἔνδοθεν
919 3922 1115 3997 ἐκφέρει
1189 3925 1255 3973 τὰ
1311 3919 1577 3995 ἐνδύματα
1644 3932 1922 3999 φαινόμενα

324 4015 507 4087 φύλλα,
566 4017 655 4064 καὶ
732 4013 885 4079 ἄνθη,
958 4016 1048 4063 καὶ
1122 4014 1375 4083 καρπούς.
1425 4010 1643 4083 Ὀμοίως
1721 4020 1921 4069 καὶτὰ

328 4107 603 4175 σπέρματα
650 4097 852 4152 ἔνδοθεν
902 4096 1170 4170 ἰνδύματα
1235 4104 1373 4173 φέρει
1439 4106 1759 4173 φαινόμενα·
1831 4110 1921 4158 καὶ

326 4190 462 4241 αὐτὰ
505 4190 570 4240 τὰ
618 4193 770 4262 κρίνα
826 4183 1027 4239 ἔνδοθεν
1071 4191 1267 4260 ἐκφέρει
1324 4183 1608 4260 ἐνδύματα,
1650 4196 1739 4244 xui
1795 4193 1923 4245 καλ-

324 4278 544 4339 λωπίζει
570 4280 664 4336 τὴν
689 4275 857 4349 χλόην
870 4319 883 4333 ,

399 4454 471 4511 Β¹.
505 4454 656 4507 Οῦτω
702 4456 793 4505 xui
834 4458 932 4503 τῶν
996 4457 1318 4525 Χριστιανῶν
1367 4452 1482 4504 ὅσοι
1515 4451 1922 4516 κατηξιώθησαν

1545 335 1884 403 ΗΟΜΙΜΕ.
1929 367 1995 382 —
2036 332 2211 392 ΗΘΜ.
2256 333 2475 391 XXXII.

3548 324 3652 381 734

1926 464 1973 519 Α
2000 461 2276 532 speritate
2307 458 2610 516 exterioris
2641 454 2906 513 hominis
2942 470 2955 521 ;
2992 453 3170 510 corde
3209 467 3348 507 vero
3376 456 3433 508 et
3453 452 3657 509 animo

2003 550 2063 605 in
2092 550 2322 605 mundo
2348 548 2777 612 distrahuntur,
2803 551 2857 600 et
2886 543 3118 616 laqueis
3153 545 3415 610 terrenis,
3441 552 3494 600 et
3523 546 3652 604 inu-

2006 638 2193 694 tilium
2240 653 2518 693 curarum
2564 635 2969 707 implicantur,
3003 647 3214 704 pacem
3262 632 3563 691 caelestem
3594 639 3654 693 in

2006 727 2186 783 corde
2216 742 2334 781 non
2367 724 2694 789 consecuti,
2736 720 3255 794 quemadmodum
3291 723 3480 794 inquit
3505 729 3657 796 Apo-

2008 815 2195 872 stolus
2220 832 2231 871 :
2257 815 2388 871 Pax
2401 816 2506 870 Dei
2525 814 2791 884 palmam
2805 812 2966 880 [erat
2984 812 3044 865 in
3061 810 3335 867 cordibus
3350 815 3557 870 vestris
3586 816 3655 884 1⁵,

2006 920 2143 977 quae
2182 909 2408 973 regnat,
2442 920 2511 958 ac
2552 906 2799 957 renovat
2850 899 3112 956 ﬁdelium
3145 901 3380 956 animos
3414 903 3474 958 in
3518 903 3661 959 dile-

2009 993 2201 1049 ctione
2234 993 2333 1048 Dei
2364 997 2421 1047 et
2447 991 2610 1047 omni
2642 989 3025 1047 fraternitate.
3061 988 3257 1045 Gloria
3303 996 3359 1045 et
3388 992 3660 1050 adoratio

2009 1081 2182 1146 Patri,
2221 1082 2393 1152 120
2421 1085 2476 1135 et
2520 1080 2677 1144 Filio,
2713 1084 2768 1134 et
2817 1078 3051 1149 Spiritui
3086 1084 3293 1134 sancto
3323 1079 3384 1135 in
3415 1080 3655 1137 saecula.

2011 1173 2221 1227 Amen.

2575 1258 2862 1315 HOMILIA
2906 1258 3101 1314 XXXII.

2018 1368 2224 1424 Gloria
2250 1366 2728 1422 Christianorum
2746 1381 2900 1420 nunc
2922 1366 2984 1419 in
3005 1366 3237 1420 illorum
3261 1365 3475 1421 animis
3499 1365 3662 1430 latet,

2086 1455 2218 1511 quae
2240 1445 2496 1507 tempore
2516 1438 2965 1519 resurrectionis
2980 1444 3240 1519 emerget,
3266 1448 3316 1493 et
3332 1438 3666 1494 illustrabit

2087 1509 2341 1581 corpora
2357 1525 2472 1580 pro
2500 1509 2670 1565 modo
2700 1524 2902 1565 eorum
2922 1509 3186 1577 pietatis.

2086 1788 2126 1842 Ι.
2155 1786 2391 1856 Lingua;
2409 1784 2589 1856 hujus
2617 1784 2826 1839 mundi
2853 1785 3027 1840 variae
3048 1788 3203 1840 sunt.
3226 1784 3483 1851 Quilibet
3503 1787 3662 1842 enim

2016 1875 2279 1949 populus
2311 1874 2617 1946 propriam
2646 1873 2915 1943 linguam
2951 1874 3148 1929 habet.
3183 1874 3499 1931 Christiani
3525 1891 3665 1931 vero

2016 1973 2071 2022 et
2097 1981 2256 2020 nunc
2285 1980 2466 2019 unam
2494 1963 2766 2019 ediscunt
2786 1963 3149 2031 linguam,et
3170 1979 3381 2018 omnes
3406 1964 3519 2019 sub
3545 1979 3668 2020 una

2017 2054 2311 2127 sapientia
2359 2052 2729 2117 erudiuntur,
2781 2052 3075 2124 sapientia
3106 2053 3388 2108 nimirum
3438 2053 3666 2118 divina.

2017 2161 2137 2200 non
2179 2144 2360 2212 hujus
2411 2141 2642 2207 mundi,
2675 2157 2872 2212 neque
2908 2142 3104 2197 saeculi
3136 2143 3567 2212 praetereuntis.
3603 2144 3671 2197 Et

2014 2233 2148 2288 licet
2176 2233 2236 2286 in
2280 2231 2371 2286 his
2415 2231 2627 2285 creatis
2668 2230 2849 2285 rebus
2901 2230 3211 2286 ambulent
3239 2231 3579 2295 Christiani,
3606 2231 3668 2286 in

2016 2337 2206 2377 novas
2240 2326 2440 2375 tamen
2470 2318 2798 2374 divisiones
2829 2319 3096 2375 cmlestes
3128 2320 3419 2385 incidunt,
3450 2319 3510 2374 in
3542 2319 3666 2392 glo-

2016 2411 2193 2477 riam,
2224 2414 2283 2464 et
2321 2408 2380 2463 in
2412 2408 2715 2479 mysteria,
2748 2424 2784 2463 a
2826 2408 3160 2478 conspicuis
3204 2408 3383 2464 rebus
3428 2413 3671 2480 sumpta

2018 2500 2353 2556 occasione.
2384 2497 2749 2552 Animalium
2778 2503 3228 2553 mansuetorum
3256 2513 3478 2566 genera
3509 2503 3670 2563 sunt,

2018 2606 2209 2662 equus
2231 2588 2411 2643 etbos
2440 2603 2452 2643 :
2481 2586 2956 2658 unumquodque
2980 2586 3191 2641 horum
3226 2589 3536 2659 proprium
3570 2587 3677 2643 ha-

2019 2680 2117 2735 bet
2144 2693 2363 2749 corpus
2403 2683 2460 2731 et
2503 2676 2809 2747 propriam
2854 2692 3085 2731 vocem.
3137 2676 3300 2731 Idem
3332 2677 3392 2731 in
3423 2676 3672 2745 bestiis;

2020 2768 2111 2823 leo
2141 2766 2451 2839 proprium
2477 2765 2655 2820 habet
2681 2780 2919 2837 corpus,
2953 2781 3162 2821 vocem
3196 2767 3502 2837 propriam
3536 2782 3547 2819 :
3580 2766 3673 2822 iti-

2020 2857 2158 2912 dem
2179 2862 2236 2912 et
2255 2871 2483 2911 cervus.
2506 2854 2571 2909 In
2594 2854 2902 2925 reptilibus
2925 2870 3167 2928 quoque
3189 2853 3522 2911 differentia
3546 2871 3668 2911 non

2021 2948 2253 3017 exigua,
2280 2950 2458 3015 atque
2504 2944 2562 2997 in
2614 2942 2950 2998 volucribus
3005 2944 3352 3015 multiplicia
3379 2950 3515 2999 sunt
3547 2960 3673 3000 cor-

2022 3050 2202 3107 pora:
2235 3033 2395 3088 aliud
2431 3048 2650 3102 corpus
2683 3039 2739 3086 et
2760 3048 2876 3087 vox
2907 3031 3143 3103 aquilae.
3175 3038 3228 3088 et
3260 3032 3423 3087 aliud
3449 3049 3670 3105 corpus

2023 3130 2077 3179 et
2110 3139 2223 3177 vox
2255 3121 2544 3191 oxypteri.
2566 3120 2787 3175 Eadem
2818 3136 3062 3192 quoque
3085 3122 3300 3176 suntin
3329 3123 3479 3177 mari
3510 3138 3674 3188 ;cor-

2027 3228 2173 3283 pora
2204 3210 2392 3265 multa
2421 3209 2571 3264 inter
2602 3224 2665 3263 se
2689 3208 3004 3264 dissimilia
3033 3226 3046 3264 :
3085 3214 3141 3264 et
3168 3209 3229 3265 in
3262 3215 3417 3265 terra
3441 3211 3673 3267 semina

2026 3306 2166 3355 sunt
2195 3299 2402 3364 multa,
2436 3313 2646 3353 verum
2675 3298 3149 3371 unumquodque
3181 3315 3387 3355 semen
3418 3300 3674 3371 peculia-

2025 3407 2151 3446 rem
2182 3388 2360 3444 habet
2392 3388 2681 3443 fructum.
2721 3387 2929 3443 Itidem
2982 3387 3183 3443 multae
3230 3394 3371 3444 sunt
3408 3390 3672 3455 arbores,

2027 3495 2236 3535 verum
2256 3483 2390 3533 sunt
2407 3476 2675 3538 arbores,
2700 3477 2983 3548 quaedam
3007 3477 3262 3544 altiores,
3287 3478 3571 3551 quasdam
3589 3495 3677 3535 ar-

2028 3569 2204 3624 bores
2226 3566 2593 3623 humiliores.
2610 3566 2724 3636 Ipsi
2747 3582 2989 3638 quoque
3011 3568 3283 3622 autumni
3307 3568 3531 3623 fructus
3552 3584 3677 3624 ma-

2029 3674 2215 3729 gnum
2245 3656 2396 3711 inter
2426 3671 2488 3711 se
2517 3655 2787 3711 obtinent
2824 3655 3140 3711 discrimen
3170 3672 3183 3722 ;
3235 3656 3485 3728 quilibet
3516 3658 3675 3713 enim

2029 3763 2236 3802 eorum
2280 3745 2639 3816 peculiarem
2695 3744 2879 3799 habet
2930 3751 3193 3813 gustum.
3238 3747 3385 3802 Sunt
3435 3762 3677 3819 quoque

2029 3836 2182 3892 inter
2210 3835 2429 3890 herbas
2461 3833 2807 3889 discrimina
2832 3834 3019 3890 multa
3043 3850 3054 3889 :
3089 3834 3180 3890 hae
3208 3837 3449 3906 quidem
3477 3837 3554 3891 ad
3584 3851 3680 3891 sa-

2032 3926 2275 3980 nitatem
2291 3924 2657 3988 conducunt,
2675 3922 2788 3977 illae
2814 3939 2952 3978 vero
2967 3924 3040 3978 ad
3061 3922 3449 3992 fragrantiam
3468 3925 3679 3981 dunta-

2031 4019 2151 4069 xat.
2173 4015 2556 4084 Unaquaeque
2572 4027 2711 4066 vero
2728 4012 3013 4066 arborum
3038 4012 3194 4067 intus
3216 4013 3489 4084 producit
3503 4014 3679 4068 indu-

2035 4107 2255 4164 menta,
2287 4117 2422 4172 quae
2453 4100 2722 4154 videmus
2762 4099 2922 4166 folia,
2949 4100 3128 4155 ﬂores
3158 4106 3212 4155 et
3240 4100 3464 4156 fructus
3496 4119 3509 4155 :
3539 4103 3678 4158 item

2034 4191 2267 4245 semina
2288 4190 2445 4243 intus
2461 4187 2800 4258 producunt
2824 4188 3193 4255 indumenta,
3222 4205 3358 4261 quas
3382 4190 3675 4246 videntur.

2034 4279 2173 4351 Ipsa
2198 4292 2439 4349 quoque
2464 4276 2587 4333 lilia
2615 4277 2773 4331 intus
2801 4276 3109 4349 proferunt
3126 4279 3407 4348 tegmina,
3433 4285 3489 4336 et
3519 4296 3681 4337 exor-

2032 4373 2179 4424 nant
2208 4373 2445 4423 terram.

2105 4458 2168 4512 Il.
2202 4457 2294 4512 Sic
2323 4471 2566 4527 quoque
2591 4459 2887 4527 quotquot
2918 4455 3383 4514 Christianorum
3413 4458 3553 4515 hinc
3578 4459 3676 4515 di-

329 4544 628 4598 ἀπεντεῦθεν
702 4541 1007 4599 κτήσασθαι
1060 4543 1117 4592 τό
1172 4539 1475 4615 ἐπουράνιον
1531 4538 1749 4614 ἔνδυμα,
1794 4544 1915 4596 αὐτό

2033 4548 2133 4617 gni
2162 4550 2300 4601 sunt
2321 4544 2507 4601 habiti
2530 4547 2815 4617 consequi
2845 4546 3144 4601 caelestem
3173 4547 3481 4617 amictum,
3512 4548 3681 4605 illum

327 4634 487 4686 ἐκεῖνο
536 4635 728 4704 ἔχουσι
760 4637 870 4691 ταῖς
915 4629 1126 4702 ψυχαῖς
1179 4629 1348 4681 αὐτῶν
1378 4628 1610 4703 ἐμμένον.
1646 4632 1751 4686 Kui
1791 4634 1923 4685 ἐπει-

330 4719 397 4781 δὴ
425 4721 525 4773 ἀπὸ
557 4728 689 4774 Θεοῦ
717 4725 1044 4794 προώρισται
1084 4715 1397 4777 διαλυθῆναι
1446 4724 1538 4779 τὴν
1575 4725 1750 4773 κτίσιν
1797 4725 1921 4775 ταῦ-

328 4828 444 4875 την,
502 4814 593 4862 καὶ
649 4810 917 4882 παρελθεῖν
970 4812 1056 4861 τόν
1119 4808 1333 4881 οὐρανόν
1390 4814 1479 4861 καὶ
1540 4814 1633 4868 τὴν
1690 4818 1809 4882 γῆν,
1864 4815 1921 4865 τὸ

330 4895 573 4963 ἐνδῦσαν,
605 4904 694 4949 xui
734 4895 963 4959 δόξασαν
1004 4895 1103 4950 ἀπό
1164 4906 1254 4950 τοῦ
1290 4897 1389 4949 ’νῦν
1439 4895 1640 4973 ἔνδυμα
1689 4900 1923 4975 οὐράνιον

329 4992 424 5045 τὴν
476 4986 684 5057 ψυχὴν,
731 4984 851 5060 ὅπερ
909 4985 1190 5045 ἐκτήσαντο
1256 4986 1303 5039 ἐν
1360 4996 1421 5061 τῇ
1490 4986 1709 5063 καρδίᾳ,
1767 4990 1924 5043 έκεῖνο

329 5082 420 5128 καὶ
490 5078 556 5128 τὰ
606 5076 779 5147 γυμνὰ
837 5079 1071 5146 σώματα,
1159 5075 1286 5150 άπερ
1370 5076 1673 5131 ἀνίστανται
1722 5082 1776 5131 ἐκ
1824 5088 1923 5132 τῶν

330 5169 526 5239 τάφων,
578 5163 626 5216 ἒν
675 5165 839 5237 ἐκείνῃ
883 5172 944 5235 τῇ
993 5166 1159 5237 ἡμέρᾳ
1214 5168 1279 5217 τὰ
1326 5166 1624 5239 ἐγειρόμενα
1655 5174 1875 5241 σώματα
1906 5187 1919 5200 ·

330 5254 459 5307 ἀλλὰ
490 5254 649 5313 δῆλον
696 5254 779 5305 ὅτι
833 5251 1100 5327 περιϐαλεῖ
1146 5261 1314 5306 ταῦτα
1363 5250 1521 5317 δόξαν
1554 5274 1566 5286 ’
1621 5258 1647 5309 ὃ
1694 5256 1794 5309 ἀπὸ
1832 5266 1923 5310 τοῦ

326 5352 414 5396 νῦν
477 5342 832 5416 λαμϐάνουσιν
893 5343 943 5393 οἰ
1014 5347 1326 5415 Χριστιανοὶ
1392 5341 1533 5416 δόμα
1579 5350 1668 5398 καὶ
1725 5343 1925 5418 ἔνδυμα

330 5432 571 5507 ἀόρατον,
624 5436 712 5485 καὶ
791 5430 1047 5503 οὐράνιον.
1112 5428 1312 5506 Ὠσπερ
1366 5428 1425 5484 δε
1471 5436 1536 5485 τὰ
1581 5433 1835 5508 πρόϐατα,
1890 5437 1920 5492 ἤ

332 5524 386 5575 αἱ
450 5521 677 5595 κὰμηλοι
731 5525 924 5597 χόρτον
986 5522 1321 5595 εὑρίσκοντα,
1390 5520 1591 5594 λάϐρως
1642 5528 1731 5577 καὶ
1778 5523 1925 5587 ὀξέως

407 5702 454 5737 ¹⁶
474 5700 698 5759 Coloss.
727 5718 801 5772 ιιι,
842 5707 924 5759 15.

2031 4638 2227 4708 ipsum
2274 4633 2498 4690 habent
2539 4634 2598 4690 in
2650 4634 2866 4690 animis
2914 4635 3037 4690 suis
3083 4643 3579 4693 commorantem.
3614 4641 3680 4693 Et

2032 4726 2321 4798 quoniam
2372 4740 2407 4779 a
2466 4726 2582 4778 Deo
2636 4723 3001 4794 praeﬁnitum
3057 4732 3167 4791 est,
3221 4731 3283 4781 ut
3320 4726 3682 4784 dissolvatur

2033 4820 2303 4870 creatura
2326 4812 2476 4878 haec,
2508 4819 2687 4884 atque
2710 4812 2927 4868 caelum
2964 4816 3020 4869 et
3047 4820 3201 4871 terra
3235 4820 3562 4884 transeant,
3591 4817 3683 4872 in-

2034 4904 2391 4958 dumentum
2431 4901 2668 4957 cmleste
2712 4918 2872 4958 nunc
2902 4909 3104 4973 tegens
3131 4910 3189 4960 et
3216 4904 3524 4962 illustrans
3556 4908 3682 4963 ani-

2033 5008 2220 5059 mam,
2250 4990 2416 5064 quod
2442 4990 2714 5046 obtinent
2737 4992 2796 5046 in
2827 4993 3027 5062 corde,
3060 4993 3204 5048 illud
3244 4994 3407 5051 nuda
3438 5012 3682 5068 quoque

2036 5097 2309 5153 corpora,
2333 5097 2468 5152 quae
2491 5085 2798 5150 resurgent
2813 5097 2884 5136 ex
2898 5082 3204 5153 sepulcris,
3226 5083 3286 5139 in
3311 5084 3409 5140 illa
3424 5085 3539 5151 die,
3560 5102 3684 5159 qua

2034 5185 2287 5241 corpora
2312 5168 2749 5233 excitabuntur,
2791 5169 2889 5226 illa
2921 5170 3191 5227 videlicet
3218 5173 3424 5231 induet
3449 5175 3640 5245 gloria
3665 5191 3680 5241 ;

2033 5259 2198 5332 quod
2228 5258 2456 5312 donum
2483 5262 2541 5312 et
2571 5257 2988 5315 indumentum
3017 5260 3313 5317 invisibile
3344 5278 3415 5319 ac
3445 5264 3680 5321 coeleste

2038 5363 2195 5403 nunc
2218 5352 2666 5417 consequuntur
2684 5347 3015 5404 Christiani.
3034 5350 3558 5415 Quemadmodum
3580 5370 3681 5408 au-

2037 5441 2154 5491 tem
2180 5451 2322 5492 oves
2352 5442 2453 5492 aut
2484 5437 2697 5491 cameli
2728 5438 2787 5491 in
2819 5436 3022 5494 fenum
3049 5440 3394 5506 incidentes,
3428 5440 3679 5496 inconti-

2036 5532 2243 5582 nenter
2265 5531 2319 5582 et
2347 5525 2610 5583 celeriter
2634 5528 2924 5585 accedunt
2949 5529 3027 5585 ad
3050 5530 3363 5605 pabulum,
3392 5537 3569 5604 atque
3595 5530 3680 5587 in-
