4130 6286
521 278 631 338 735
1804 278 1863 336 S.
1912 272 2219 336 MACARII
2266 271 2571 334 EGYPTII
3770 279 3896 337 736

525 406 775 463 cludunt
806 406 916 461 sibi
952 406 1300 462 alimentum
1337 405 1527 471 ;hora
1570 410 1769 462 autem
1818 406 1993 462 famis
2021 403 2165 459 illud

2300 408 2667 477 τροσέρχονται
2716 412 2819 465 τοῖς
2866 402 3136 478 βρώμασι,
3191 408 3279 457 καὶ
3334 404 3630 475 ἕγκλείουσι
3674 409 3891 476 τροφὴν

527 496 728 569 ipsum
780 512 810 550 e
861 494 1184 551 ventriculo
1236 495 1528 551 reducunt
1573 500 1629 550 et
1683 497 2007 560 ruminant,
2056 494 2167 549 ωε

2305 501 2518 554 αυτοῖς·
2575 492 2622 545 ἓν
2676 490 2735 546 δε
2781 502 2948 568 καιρῷ
3017 498 3211 559 πείνης,
3280 493 3407 545 αὐτὸ
3458 496 3616 546 ἐκεῖνο
3662 492 3716 545 ἐκ
3776 501 3891 555 τῆς

523 584 785 657 bentque
814 584 972 641 velut
1000 583 1370 647 alimentum,
1402 600 1538 656 quae
1574 589 1707 640 ante
1734 587 2126 656 reposuerant
2154 603 2166 637 :

2300 584 2473 644 ιοι).ίας
2523 586 2857 657 ἀναφέρουσι,
2894 588 2983 636 καὶ
3036 581 3492 657 ἁναμηρυκῶνται,
3550 588 3640 636 καὶ
3669 586 3783 657 ἔχει
3816 587 3895 645 ὡς

524 675 607 729 sic
635 689 877 746 quoque
906 675 1247 745 quicunque
1279 688 1439 727 nunc
1465 687 1720 742 regnum
1745 674 2035 729 cuslorum
2072 688 2171 727 ra-

2300 678 2486 746 -ροφὴν,
2544 673 2673 746 ἅπερ
2729 672 3029 730 ἓνεθηκίασε
3098 677 3365 747 πρότερον,
3418 673 3580 734 οὕτως
3625 678 3713 725 καὶ
3756 674 3887 727 ὅσοι

524 768 802 836 puerunt,
836 768 891 817 et
922 761 1217 817 caelestem
1240 760 1437 816 cibum
1471 761 1528 815 in
1553 762 1763 833 spiritu
1788 763 2051 817 viventes
2072 761 2171 817 de-

2300 771 2369 814 »ῦν
2410 762 2654 837 ἥρπασαν
2684 768 2776 821 τὴν
2834 762 3105 835 βασιλείαν
3156 770 3256 814 τῶν
3308 762 3558 837 οὐρανῶν,
3614 767 3702 815 καὶ
3734 761 3890 834 i761}-

525 855 859 921 gustarunt,
895 856 1158 921 tempore
1187 850 1631 905 resurrectionis
1664 867 1800 906 eum
1834 851 2029 923 ipsum
2064 853 2169 906 ha-

2300 871 2440 904 ram-0
2490 860 2586 912 τῆς
2623 850 2929 923 ἐπουρανίου
2985 850 3227 925 βρώσεως
3267 851 3313 903 ἕν
3366 854 3622 924 πνεύματι
3680 852 3890 912 ζήσαν-

525 940 669 997 bent
694 946 989 1010 tegentem
1009 944 1065 995 et
1094 939 1392 996 foventem
1423 940 1625 996 omnia
1642 956 1850 996 eorum
1875 940 2165 996 membra.

2300 961 2380 1005 ·ες,
2408 940 2456 992 ἐν
2486 950 2557 1012 τῷ
2599 948 2765 1014 καιρῷ
2810 948 2903 1003 τῆς
2945 939 3275 1003 ἀναστάσεως
3306 940 3433 993 αὐτό
3474 943 3632 993 ίκιῐνο
3682 943 3887 1013 ἕχουσι

2286 1033 2543 1094 σκιπάζον
2569 1036 2659 1083 καὶ
2683 1030 2871 1084 θάλπον
2901 1030 3067 1083 αὐτῶν
3094 1030 3186 1083 ὃλα
3215 1033 3280 1083 τὰ
3304 1029 3454 1103 μέλη.

595 1156 687 1213 ΙΙΙ.
714 1155 1239 1221 Quemadmodum
1252 1170 1391 1224 ergo
1413 1154 1676 1210 diximus
1700 1155 2020 1211 discrimen
2044 1172 2173 1212 esse

2356 1173 2428 1230 I".
2489 1176 2671 1235 Καθὼς
2719 1170 2806 1225 οὖν
2833 1177 3036 1245 εἴπομεν
3075 1178 3168 1231 τὴν
3226 1170 3480 1247 διαφορὰν
3519 1181 3615 1226 τῶν
3648 1176 3888 1247 σπερμά-

524 1246 675 1299 inter
701 1246 954 1313 semina,
994 1245 1137 1316 quia
1187 1243 1530 1315 multiplicia
1590 1246 1649 1299 in
1703 1261 1889 1300 unam
1954 1250 2171 1300 terram

2300 1282 2402 1329 των,
2455 1264 2535 1315 ὅτι
2590 1262 2753 1314 πολλὰ
2806 1260 2854 1314 έν
2883 1243 2981 1333 μιᾷ
3008 1270 3074 1335 ’γῇ
3109 1243 3397 1335 σπείρεται,
3454 1267 3541 1314 καὶ
3600 1243 3890 1335 διαφόρους

533 1335 699 1405 121
729 1335 1025 1389 seminata
1068 1333 1336 1387 diversos
1363 1332 1701 1404 producunt
1732 1334 1977 1397 fructus,
2021 1334 2174 1389 inter

2300 1356 2510 1424 ιαρπούς
2560 1348 2778 1419 δίδωσι,
2815 1332 2891 1423 μη
2945 1332 3178 1413 ἐοικότας
3230 1332 3468 1411 αλλήλοις
3500 1369 3512 1380 ·
3547 1332 3890 1423 ὁμοίωςίΜὶ

527 1442 589 1479 se
620 1423 973 1478 dissimiles:
1000 1422 1203 1477 itidem
1222 1424 1296 1477 de
1317 1421 1633 1477 arboribus
1654 1423 1739 1477 sic
1766 1439 1830 1478 se
1851 1439 1945 1478 res
1968 1423 2169 1489 habet,

2300 1446 2400 1515 τερὶ
2446 1449 2546 1493 τῶν
2595 1437 2846 1515 δένδρων,
2895 1442 2974 1493 ὃτι
3021 1443 3086 1493 τὰ
3141 1444 3232 1512 μὲν
3273 1440 3441 1492 αὐτῶν
3473 1440 3575 1492 εἰσι
3603 1440 3790 1513 μείζω,
3822 1442 3895 1492 τὰ

524 1512 798 1567 videlicet
821 1510 1119 1583 quasdam
1168 1526 1373 1565 earum
1399 1527 1527 1566 esse
1563 1512 1840 1582 majores,
1870 1512 2171 1584 quasdam

2300 1510 2355 1583 ii
2381 1534 2679 1602 μικρότερα,
2723 1510 2829 1601 ’μία
2878 1526 2936 1582 δε
2985 1538 3052 1601 γῆ
3107 1510 3197 1590 τας
3241 1529 3396 1603 ῥίζας
3452 1530 3577 1582 ὅλων
3604 1510 3828 1601 κατέχει
3875 1548 3889 1559 ·

527 1602 810 1665 minores,
857 1616 1040 1655 unam
1098 1604 1295 1654 autem
1349 1605 1566 1654 terram
1615 1600 1847 1656 radices
1899 1602 2171 1657 omnium

2300 1619 2449 1682 ›ὖτως
2491 1625 2582 1671 καὶ
2636 1622 2664 1677 ἡ
2728 1618 3028 1691 ἐπουράνιος
3094 1618 3380 1676 Ἐκκλησία
3433 1624 3532 1691 μία
3588 1615 3741 1684 οὖσα,
3796 1619 3895 1670 ἀν-

528 1689 861 1745 continere:
896 1688 984 1744 sic
1029 1704 1271 1761 quoque
1324 1688 1577 1744 ccnlestis
1623 1689 1882 1745 Ecclesia
1930 1706 2068 1745 cum
2101 1690 2173 1745 sit

2300 1711 2576 1781 ιρίθμητὸς
2623 1707 2781 1774 ἔστιν,
2839 1709 3056 1770 ἕκαστος
3112 1704 3171 1760 δε
3223 1705 3369 1769 ἰδίως
3425 1712 3747 1778 κεκόσμηται
3784 1708 3894 1759 ὑπὸ

527 1794 668 1845 una,
708 1778 1084 1833 innumerata
1113 1781 1219 1841 est,
1253 1778 1511 1849 quisque
1540 1784 1739 1833 autem
1802 1778 2174 1849 peculiariter

2308 1756 2575 1781 Τηίων-τ
2840 1756 3055 1770 ν-η--ητ
3116 1756 3168 1760 ν-
3226 1756 3367 1769 -ηπ,
3789 1756 3832 1759 --
3872 1756 3886 1759 -

2300 1806 2380 1859 ῖῆς
2435 1793 2593 1859 δόξης
2649 1804 2739 1849 τοῦ
2794 1800 3112 1868 Πνεύματος.
3168 1796 3369 1869 Ὠσπερ
3412 1799 3512 1870 γὰρ
3567 1800 3633 1849 τὰ
3677 1798 3895 1849 πετεινὰ

527 1870 848 1921 exornatur
872 1882 907 1920 a
937 1865 1125 1934 gloria
1154 1865 1425 1936 Spiritus.
1454 1866 1695 1922 Perinde
1722 1868 1882 1922 enim
1908 1883 1977 1923 ac
2009 1868 2174 1923 volu-

2300 1886 2387 1939 ἰιπὸ
2422 1895 2514 1939 τοῦ
2547 1892 2789 1959 σώματος
2845 1889 2908 1938 τὰ
2962 1882 3227 1957 ἐνδύματα
3280 1895 3377 1939 τῶν
3431 1895 3628 1959 πτερῶν
3658 1884 3883 1958 ἐκφέρει,

525 1971 651 2011 cres
691 1971 721 2009 e
750 1970 997 2025 corpore
1029 1954 1378 2009 indumenta
1409 1953 1638 2010 alarum
1672 1956 2029 2026 producunt,
2056 1957 2175 2012 dis-

2300 1973 2517 2050 ΐιαφορὰ
2566 1973 2625 2029 δέ
2680 1974 2820 2028 ἐστιν
2886 1975 2934 2027 ἓν
3008 1975 3186 2036 αὐτοῖς
3234 1975 3394 2033 πολλή
3429 1996 3441 2009 ο
3501 1979 3566 2027 τὰ
3618 1979 3706 2047 μὲν
3772 1978 3882 2046 γὰρ

524 2045 750 2099 crimen
778 2049 974 2098 autem
1005 2044 1152 2098 inter
1173 2058 1275 2097 eas
1298 2050 1517 2099 nonest
1538 2044 1818 2115 exiguum
1848 2062 1862 2111 ;
1889 2046 2171 2117 quadam

2300 2070 2673 2138 τροσγειὸτερον
2720 2069 2985 2129 πέτανται,
3028 2067 3092 2116 τὰ
3141 2061 3198 2117 δὲ
3251 2064 3301 2116 ἐν
3342 2063 3452 2139 ἀέρι
3502 2066 3746 2117 ἰπτανται
3778 2081 3790 2093 ·
3858 2067 3891 2121 ἦ

525 2134 686 2189 enim
719 2132 965 2204 propius
997 2136 1213 2187 terram
1236 2132 1457 2193 volant,
1488 2133 1770 2202 quaedam
1795 2151 1929 2189 vero
1952 2134 2012 2189 in
2039 2151 2174 2192 aere

2300 2157 2460 2227 ὖσπερ
2493 2158 2518 2205 ὁ
2549 2154 2757 2226 οὐρανὸς
2801 2154 2868 2213 εἷς
2924 2151 3057 2218 ἐστι,
3106 2158 3195 2205 καὶ
3245 2155 3359 2224 ἔχει
3409 2152 3629 2215 πολλοὺς
3663 2152 3895 2224 ἀστέρας

527 2222 763 2279 evolant
798 2238 809 2275 :
842 2228 944 2276 aut
975 2220 1493 2291 quemadmodum
1521 2221 1737 2276 coelum
1763 2238 1946 2278 unum
1976 2229 2087 2289 est,
2122 2230 2177 2279 et

2300 2242 2336 2295 ἔν
2382 2220 2568 2312 ἑαυτῷ,
2624 2246 2739 2301 τοὺς
2787 2245 2877 2314 μὶν
2936 2240 3344 2315 λαμπροτέρους,
3386 2246 3507 2302 τοὺς
3539 2239 3599 2294 δε
3626 2242 3894 2313 μείζονας,

526 2311 748 2368 multas
774 2310 831 2365 in
860 2326 922 2365 se
963 2309 1163 2364 stellas
1204 2309 1482 2377 continet,
1508 2310 1614 2365 has
1646 2312 1889 2381 quidem
1916 2313 2177 2383 splendi-

2300 2336 2413 2394 τοὺς
2463 2309 2527 2385 δὲ.
2566 2309 2925 2406 μικροτέρους,
2957 2309 3091 2384 ὅλοι,
3117 2329 3175 2384 δὲ
3201 2309 3272 2384 -ἐν
3328 2331 3528 2406 οὐρανῷ
3568 2309 3898 2403 πέπηγμένοι

530 2401 745 2466 diores,
779 2400 909 2455 illas
938 2400 1217 2468 majores,
1243 2398 1370 2453 illas
1398 2414 1536 2455 vero
1556 2400 1852 2471 minores;
1891 2402 2181 2458 universas

2300 2421 2425 2474 εἰσίν
2458 2438 2470 2450 ’
2498 2421 2661 2481 οὕτως
2698 2427 2787 2472 καὶ
2834 2423 2883 2473 οἱ
2930 2421 3073 2492 ἅγιοι
3112 2424 3161 2473 ἓν
3210 2420 3279 2473 ἐνὶ
3334 2420 3534 2493 οὐρανῷ
3572 2428 3669 2482 τῆς
3709 2424 3899 2478 θεότη-

527 2507 670 2546 vero
702 2490 761 2544 in
798 2488 945 2544 caelo
974 2488 1107 2543 ﬁxaa
1138 2493 1274 2543 sunt
1316 2503 1329 2544 :
1362 2488 1443 2543 sic
1468 2505 1709 2561 quoque
1740 2492 1927 2546 sancti
1970 2493 2031 2547 iu
2066 2507 2184 2548 uno

2300 2531 2401 2575 τος,
2456 2515 2546 2563 καὶ
2623 2508 2672 2561 έν
2716 2518 2777 2583 τῇ
2839 2488 3043 2584 ἀοράτῳ
3105 2518 3172 2582 ’γῇ
3227 2488 3513 2584 διαφόρως.
3552 2509 3894 2585 ἐρριζωμένοι

532 2582 681 2635 c0310
713 2578 939 2639 divino,
974 2583 1028 2632 et
1050 2578 1110 2632 in
1142 2576 1419 2632 invisibili
1472 2583 1624 2633 terra
1653 2579 2054 2636 diversimode
2097 2597 2184 2636 ra-

2300 2600 2449 2653 εἰσίν.
2506 2600 2730 2670 Ὀμοίως
2794 2596 2852 2652 δὲ
2883 2605 2971 2651 καὶ
3004 2601 3052 2651 οἰ
3104 2600 3172 2660 εἰς
3219 2599 3374 2652 αὐτὸν
3404 2604 3491 2652 τὸν
3541 2596 3724 2671 Ἀδὰμ
3750 2598 3897 2670 λογι-

531 2668 693 2724 dices
716 2672 981 2737 egerunt.
1018 2666 1225 2721 Itidem
1269 2681 1403 2737 quin
1434 2667 1574 2721 Adae
1615 2667 1939 2724 obveniunt
1967 2670 2186 2739 cogita-

530 2756 741 2821 tiones,
773 2756 1025 2811 diversae
1066 2760 1203 2810 sunt
1231 2771 1243 2808 :
1273 2761 1332 2810 at
1364 2754 1615 2826 Spiritus
1648 2756 1708 2811 iu
1748 2773 1850 2812 cor
1904 2757 2182 2821 veniens,

530 2861 719 2901 unam
754 2844 1033 2917 producit
1056 2844 1484 2913 cogitationum
1518 2851 1574 2899 et
1593 2860 1777 2901 unum
1804 2862 1945 2902 cor:
1990 2847 2184 2919 siqui-

2300 2864 2524 2939 καρδίαν
2552 2885 2565 2898 ⁸
2609 2870 2657 2919 οἰ
2703 2871 2843 2920 κάτω
2872 2870 2972 2940 γὰρ
3012 2872 3102 2920 καὶ
3148 2870 3197 2919 οἱ
3243 2869 3347 2919 ἄνω
3379 2869 3481 2920 ὑπὸ
3522 2868 3621 2928 ἐνὸς
3648 2868 3876 2935 nmm-

532 2934 669 2990 dem
703 2936 803 3007 qui
831 2934 1112 2989 deorsum
1140 2938 1297 2999 sunt,
1326 2938 1382 2988 et
1402 2933 1503 3004 qui
1530 2950 1792 3001 sursum,
1820 2935 1898 2991 ab
1927 2952 2044 2992 uno
2069 2951 2176 3006 gu-

2300 2976 2387 3018 τος
2415 2955 2779 3030 κυϐερνῶνται.

529 3023 861 3081 bernantur
894 3023 1133 3094 Spiritu.

2302 2695 2425 2761 σμοὶ
2477 2688 2771 2763 ἐρχόμενοι,
2832 2685 3076 2761 διάφοροί
3130 2688 3233 2741 εἰσι
3264 2708 3276 2721 ·
3325 2692 3384 2741 τὸ
3418 2685 3476 2741 δε
3508 2695 3712 2761 Πνεῦμα
3748 2691 3798 2740 ἑν
3822 2696 3887 2761 τῇ

2299 2775 2499 2851 καρδίᾳ
2570 2782 2868 2851 ἐρχόμενον,
2940 2780 3025 2830 ἕνα
3096 2778 3348 2851 λογισμὸν
3424 2785 3565 2830 ποιεῖ
3608 2783 3689 2829 καὶ
3752 2782 3886 2847 μίαν

608 3151 700 3205 lV.
734 3148 884 3214 Quid
903 3164 1040 3204 vero
1068 3148 1177 3203 sibi
1208 3148 1410 3203 volunt
1447 3148 1727 3205 animalia
1760 3150 1944 3206 biﬁda
1971 3150 2000 3205 ?
2029 3153 2184 3217 Quo-

2368 3150 2439 3204 A'.
2493 3156 2556 3204 Τί
2614 3148 2673 3204 δέ
2727 3150 2839 3203 ἐστι
2867 3153 2932 3203 τὰ
2976 3146 3303 3223 διχηλοῦντα
3346 3150 3499 3219 Catia;
3534 3147 3743 3208 Ἐπειδή
3785 3156 3893 3211 τοῖς

529 3241 699 3297 niam
721 3238 959 3295 duobus
975 3238 1277 3306 unguibus
1306 3238 1568 3293 celeriter
1582 3240 1744 3294 viam
1761 3239 2107 3306 conﬁciunt,
2126 3242 2184 3297 in

2300 3238 2457 3294 δυσὶν
2513 3240 2679 3303 ὄνυξιν
2724 3243 2904 3301 εὐθέως
2944 3246 3220 3314 περιπατεῖ
3272 3244 3365 3299 τὴν
3406 3238 3550 3305 ὁδὸν,
3607 3240 3675 3303 εἰς
3729 3242 3893 3292 τύπον

530 3329 794 3399 ﬁguram
822 3328 1016 3399 posita
1046 3332 1184 3382 sunt
1210 3342 1439 3392 eorum,
1468 3328 1571 3399 qui
1617 3328 1676 3382 in
1716 3328 1845 3398 lege
1882 3337 2037 3386 recte
2063 3347 2184 3387 am-

2300 3338 2468 3383 κεῖται
2497 3338 2597 3383 τῶν
2649 3330 2698 3383 ἐν
2744 3339 2817 3401 τῷ
2854 3333 2992 3402 νόμῳ
3036 3334 3388 3404 πορευομένων
3449 3331 3634 3406 ὀρθῶς.
3687 3329 3891 3403 Ὠσπερ

535 3418 765 3474 bulant.
802 3415 1328 3481 Quemadmodum
1354 3422 1553 3471 autem
1586 3416 1803 3473 umbra
1834 3420 2100 3490 corporis
2126 3421 2184 3475 in

2301 3416 2359 3472 δὲ
2385 3421 2414 3478 ἡ
2448 3421 2571 3471 σκιὰ
2597 3427 2687 3472 τοῦ
2722 3424 2962 3492 σώματος
3018 3418 3072 3481 ἐξ
3125 3420 3284 3471 αὐτοῦ
3324 3427 3415 3472 τοῦ
3455 3424 3696 3492 σώματός
3730 3419 3893 3483 ἐστιν,

532 3506 744 3562 eodem
782 3519 1028 3575 corpore
1062 3510 1171 3569 est,
1205 3508 1265 3559 at
1295 3503 1565 3560 ofﬁcium
1597 3506 1795 3560 carnis
1827 3506 2075 3578 implere
2090 3524 2184 3563 ne-

2300 3509 2426 3561 αλλὰ
2480 3506 2746 3561 διακονίαν
2830 3512 3087 3584 σαρκικὴν
3164 3508 3440 3584 πληρῶσαι
3492 3508 3550 3560 οὐ
3612 3504 3839 3561 δύναται
3875 3525 3888 3537 ·

532 3595 662 3666 quit
694 3611 705 3648 :
734 3594 949 3648 umbra
1022 3592 1179 3648 enim
1225 3592 1471 3649 vulnera
1503 3593 1745 3664 alligare
1795 3596 2022 3668 nequit,
2077 3613 2184 3652 nec

2300 3600 2423 3650 σκιὰ
2494 3600 2596 3672 γὰρ
2652 3600 2926 3670 τραύματα
2977 3594 3233 3656 ἐπιδῆσαι
3286 3598 3343 3649 οὐ
3412 3596 3656 3665 δύναται,
3700 3603 3896 3673 τροφὴν

534 3683 736 3739 cibum
768 3682 1033 3753 praebere
1094 3687 1195 3736 aut
1237 3680 1444 3753 loqui:
1485 3682 1562 3737 ab
1609 3683 1739 3753 ipso
1790 3684 2183 3742 nihilominus

2300 3683 2500 3752 δοῦναι,
2533 3687 2562 3744 ἢ
2609 3687 2836 3746 λαλῆσαι
2878 3707 2890 3719 ·
2929 3686 2980 3749 ἓξ
3011 3687 3170 3739 αὐτοῦ
3222 3684 3280 3739 δέ
3333 3686 3445 3739 ἔστι
3497 3695 3589 3739 τοῦ
3624 3693 3883 3761 σώματος,

532 3786 780 3842 corpore
815 3776 1036 3839 manat,
1070 3776 1125 3824 et
1146 3769 1494 3841 praecedens
1520 3774 1896 3840 prmsentiam
1922 3775 2184 3846 corporis

2300 3782 2386 3828 καὶ
2430 3775 2874 3851 προλαμϐάνουσα
2936 3774 3089 3834 δηλοί
3128 3781 3221 3835 τὴν
3262 3781 3552 3852 παρουσίαν
3596 3786 3689 3829 τοῦ
3723 3784 3884 3849 σώμα-

533 3860 799 3916 declarat
826 3879 838 3917 :
873 3859 949 3914 ad
982 3859 1261 3914 eumdem
1282 3860 1532 3914 modum
1554 3860 1828 3916 lexvetus
1856 3863 2070 3919 umbra
2098 3868 2184 3919 est

2300 3886 2379 3928 τος
2412 3885 2423 3897 ο
2484 3865 2646 3927 οὕτως
2693 3871 2783 3919 καὶ
2826 3867 2851 3917 ὁ
2893 3870 3047 3937 νόμος
3099 3868 3123 3918 ὀ
3178 3867 3396 3928 παλαιὸς
3458 3869 3583 3919 σκιά
3642 3866 3759 3919 ἐστι
3806 3875 3889 3927 τῆς

532 3950 672 4006 novi
701 3949 1032 4005 testamenti
1064 3950 1133 3999 1⁸.
1168 3947 1595 4005 Prmmonstrat
1627 3957 1825 4006 autem
1856 3952 2070 4008 umbra
2089 3969 2181 4009 ve-

2300 3963 2470 4015 ιιαινῆς
2511 3952 2775 4016 διαθήκης
2809 3972 2821 3984 ·
2867 3952 3128 4029 προδηλοί
3158 3951 3216 4007 δὲ
3268 3957 3297 4013 ἡ
3351 3957 3475 4007 σκιὰ
3502 3960 3594 4013 τὴν
3626 3954 3894 4021 ἀλήθειαν,

532 4040 784 4104 ritatem,
817 4044 877 4093 at
911 4038 1297 4092 ministerium
1326 4036 1579 4107 Spiritus
1611 4054 1729 4094 non
1748 4040 2027 4097 obtinuit.
2055 4045 2180 4097 Non

2300 4043 2422 4097 Ξιλλὰ
2452 4042 2725 4096 διακονίαν
2771 4046 3063 4116 Πνεύματος
3111 4044 3205 4096 οὐκ
3237 4040 3399 4116 εἶχεν.
3447 4044 3523 4096 Οὐ
3562 4047 3664 4117 γὰρ
3698 4042 3897 4103 ἠδύνα-

531 4128 693 4185 enim
733 4127 923 4200 potuit
952 4127 1141 4182 Moses
1166 4141 1344 4181 carne
1367 4127 1621 4182 amictus
1654 4134 1960 4199 penetrare
1983 4146 2104 4195 cor,
2125 4138 2181 4187 et

2300 4153 2349 4187 ro
2402 4141 2631 4194 Μωυσῆς
2690 4135 2861 4208 σάρκα
2910 4131 3333 4206 περιϐεϐλημένος
3391 4132 3634 4186 εἰσελθεῖν
3685 4134 3754 4195 είς
3801 4140 3893 4192 την

531 4216 763 4275 auferre
787 4215 1030 4271 sordida
1053 4215 1405 4270 vestimenta
1430 4216 1839 4273 tenebrarum:
1862 4222 1967 4273 sed
1982 4220 2177 4276 solum

2300 4220 2537 4297 καρδίαν,
2610 4227 2700 4275 καὶ
2763 4221 3041 4294 ἀφελέσθαι
3093 4224 3159 4273 τὰ
3220 4222 3434 4296 ῥυπαρὰ
3478 4218 3749 4294 ὶνδύματα
3794 4230 3885 4275 τοῦ

533 4306 776 4379 spiritus
807 4323 841 4361 a
870 4305 1103 4375 spiritu,
1154 4309 1210 4358 et
1249 4304 1403 4374 ignis
1447 4305 1524 4359 ab
1583 4306 1703 4373 igni
1742 4306 2013 4363 dissolvit
2057 4309 2178 4364 vim

2300 4320 2534 4382 σκότους,
2586 4313 2630 4365 εἰ
2667 4317 2738 4384 μὴ
2794 4320 2995 4384 πνεῦμα
3051 4314 3105 4363 ἑκ
3152 4315 3464 4383 πνεύματος,
3497 4316 3610 4387 ⁸καὶ
3666 4319 3765 4385 πῦρ
3827 4314 3881 4362 ἑκ

532 4410 951 4468 perversarum
981 4393 1381 4448 tenebrarum.
1411 4391 1796 4450 Circumcisio
1840 4411 2001 4466 ergo,
2043 4414 2179 4469 quas

2300 4406 2448 4475 πυρὸς
2476 4402 2587 4453 λύει
2612 4406 2705 4459 τὴν
2753 4396 2974 4473 δύναμιν
3012 4408 3105 4453 τοῦ
3150 4407 3380 4472 πονηροῦ
3440 4404 3678 4460 σκότους.
3730 4406 3876 4471 Περι-

533 4466 895 4553 eratinlege,
924 4481 1817 4555 signiﬁcatappropinquantem
1842 4501 2042 4541 veram
2070 4466 2181 4542 cir-

2300 4496 2422 4565 τομὴ
2450 4494 2547 4564 γὰρ
2604 4494 2633 4548 ἡ
2687 4488 2733 4541 iv
2778 4497 2839 4562 τῇ
2903 4496 3029 4561 σκιᾴ
3069 4497 3160 4542 τοῦ
3208 4495 3367 4562 νόμου
3410 4486 3565 4547 δηλοί
3612 4490 3871 4563 προσεγγί-

533 4574 961 4629 cumcisionem
1003 4572 1218 4637 cordis,
1259 4578 1316 4627 et
1344 4572 1646 4643 baptisma
1683 4572 1831 4643 legis
1858 4576 2071 4632 umbra
2092 4580 2182 4631 est

2300 4581 2488 4641 ζουσαν
2521 4584 2614 4637 τὴν
2665 4577 2912 4636 ἀληθινὴν
2943 4583 3227 4651 περιτομήν
3287 4587 3378 4639 τῆς
3428 4575 3663 4652 καρδίας,
3693 4578 3779 4626 καί
3811 4576 3867 4625 τὸ

532 4679 815 4719 verarum
841 4677 1062 4717 rerum.
1118 4661 1238 4715 Illic
1266 4660 1425 4716 enim
1474 4660 1760 4717 abluebat
1786 4678 2002 4735 corpus
2031 4681 2044 4719 :
2087 4665 2181 4721 hic

2300 4668 2578 4743 βάπτισμα
2608 4674 2698 4720 τοῦ
2758 4672 2916 4740 νόμου
2968 4668 3094 4720 σκιά
3148 4670 3261 4721 ἐστι
3309 4676 3409 4721 τῶν
3465 4666 3708 4727 ἀληθινῶν
3743 4683 3875 4738 πρα-

533 4768 677 4808 vero
707 4752 985 4807 animum
1016 4766 1186 4805 emno
1217 4750 1675 4822 coinquinatum
1707 4751 2009 4823 baptisma
2029 4754 2181 4825 ignis

2300 4761 2523 4831 γμάτων.
2579 4755 2718 4810 Ἐκεῖ
2775 4760 2874 4830 γὰρ
2938 4766 3091 4829 σῶμα
3158 4755 3462 4823 ἁπέπλυνεν,
3540 4754 3645 4809 ὧδε
3692 4752 3750 4809 δε
3799 4758 3882 4808 τὸν

537 4845 593 4897 et
621 4840 866 4912 Spiritus
897 4844 1113 4912 purgat
1149 4845 1205 4894 et
1230 4840 1433 4895 abluit.

2300 4846 2648 4922 ἰῤῥυπωμένον
2694 4852 2809 4899 νοῦν
2875 4844 3159 4919 βάπτισμα
3210 4850 3370 4922 πυρὸς
3438 4850 3527 4899 καὶ
3602 4848 3889 4918 Πνεύματος

2294 4938 2569 5011 καθαρίζει
2599 4942 2689 4990 καὶ
2721 4936 3021 4992 ἁποπλύνει.

609 5056 673 5108 ν.
700 5054 816 5109 Illic
846 5052 1127 5109 sacerdos
1158 5052 1556 5109 imbecillitate
1570 5056 1976 5113 circumdatus
1991 5058 2184 5127 ingre-

2370 5062 2443 5120 E'.
2502 5063 2640 5116 Ἐκεῖ
2712 5064 2867 5136 ἱερεὺς
2923 5061 3191 5116 ἀσθένειαν
3248 5061 3681 5135 περιϐεϐλημένος
3734 5062 3897 5135 εἰσῄιι

540 5143 817 5200 diebatur
842 5143 900 5197 in
916 5147 1141 5205 sancta,
1166 5146 1221 5197 et
1249 5158 1357 5213 pro
1372 5159 1431 5197 se
1464 5148 1521 5198 et
1544 5160 1650 5215 pro
1682 5145 1906 5216 populo
1927 5146 2184 5203 offerens

2300 5152 2364 5213 εἰς
2417 5155 2483 5203 τὰ
2540 5151 2686 5223 ἅγια,
2738 5153 2865 5227 ὑπέρ
2910 5171 2965 5204 τε
3014 5152 3199 5205 ἑαυτοῦ
3248 5158 3457 5205 καὶτοῦ
3514 5152 3642 5204 λαοῦ
3677 5155 3897 5227 προσφέ-

538 5235 845 5290 victimam
874 5248 887 5298 ;
919 5232 1014 5288 hic
1048 5247 1188 5287 vero
1221 5248 1392 5286 verus
1424 5232 1688 5304 pontifex
1716 5234 1973 5291 Christus
2004 5238 2184 5295 semel

2300 5261 2398 5316 ρων
2442 5243 2627 5293 θυσίαν
2662 5261 2673 5273 ·
2756 5238 2861 5293 ὧδε
2920 5240 3197 5315 ἀρχιερεὺς
3269 5241 3507 5302 ἀληθινὸς
3561 5243 3587 5293 ὁ
3642 5244 3895 5315 Χριστὸς,

540 5325 849 5396 ingressus
878 5327 966 5377 est
989 5324 1048 5377 in
1075 5338 1195 5377 non
1224 5322 1634 5379 manufactum
1660 5324 2108 5383 tabernaculum
2134 5334 2184 5385 et

2300 5330 2437 5393 ἅπαξ
2468 5329 2696 5389 εἰσῆλθεν
2727 5330 2794 5390 εἰς
2836 5335 2929 5389 τὴν
2972 5330 3377 5405 ἀχειροποίητον
3436 5335 3633 5389 σκηνὴν
3692 5336 3781 5383 καὶ
3840 5333 3896 5383 τό

541 5429 873 5488 supernum
891 5411 1090 5475 altare,
1111 5417 1423 5483 promptus
1437 5414 1511 5468 ad
1532 5416 1919 5485 purgandum
1934 5433 2053 5483 eos,
2084 5420 2184 5491 qui

2300 5422 2405 5473 ἄνω
2463 5422 2861 5494 θυσιαστήριον,
2920 5423 3044 5480 τοὺς
3109 5420 3381 5482 αἰτοῦντας
3470 5420 3626 5472 αὑτὸν
3694 5420 3899 5491 ἑτοιμος

540 5500 937 5580 postulantab
950 5499 1499 5573 eo,ctinquinatam
1522 5502 1968 5562 conscientiam.
1996 5510 2184 5580 lnquit

2300 5512 2611 5583 καθαρίσαι,
2673 5515 2765 5563 καὶ
2811 5514 2905 5569 τήν
2953 5509 3343 5584 μεμολυσμένην
3377 5506 3705 5569 συνείδησιν,
3750 5514 3903 5583 Λέγει

616 5675 663 5713 ³⁸
696 5672 920 5733 Coloss.
957 5689 1015 5741 ιι,
1056 5671 1116 5726 17
1150 5687 1164 5739 ;
1199 5668 1370 5726 Hebr.
1403 5685 1455 5739 x,
1486 5674 1537 5729 1.
