4130 6286
1501 24 1568 32 ..κ
1635 10 1814 28 ,ωηεν-ζ
1859 21 1864 26 ,
1951 13 1958 18 ν
2003 11 2014 30 -_
2101 3 2154 12 "
2243 23 2250 28 __
2301 5 2337 25 ν

1003 49 1142 62 ,,,--
1315 40 1328 44 ⁵
1387 39 1390 42 ’
1471 37 1474 40 ’
1613 37 1774 62 ~".;‘_.".'
1825 63 1832 68 ν
1899 63 1910 66 _
1965 45 1988 52 --
2037 37 2108 64 _---~‘
2141 37 2321 59 -"‘~'..'."

266 406 375 462 737

264 529 534 605 γὰρ,Μεθ’
566 530 733 602 ὑμῶν
765 530 999 598 ἔσομαι
1038 530 1150 590 ἕως
1190 535 1302 590 τῆς
1344 526 1717 588 συντελείας
1761 533 1865 579 τοῦ
1900 527 1946 581 Α

267 620 510 680 αἰῶνος.
553 617 706 690 Εἶχεν
746 619 772 669 ό
805 617 1079 693 ἀρχιερεὺς
1109 616 1192 670 ἐπὶ
1246 624 1335 669 τοῦ
1391 618 1617 678 στήθους
1667 614 1763 669 δύο
1794 636 1867 668 τι-

266 714 419 781 μίους
473 709 671 774 λίθους,
742 712 832 759 καὶ
886 704 1031 779 εἶχον
1084 709 1149 760 τὰ
1228 706 1455 779 ὀνόματα
1505 715 1604 758 τῶν
1659 703 1871 759 δώδεκα

264 805 628 872 πατριαρχὼν.
676 799 745 852 Τό
792 800 1059 869 γενόμενον
1093 794 1213 861 ἐκεῖ,
1256 799 1413 857 τύπος
1470 794 1608 847 ἐστίν
1640 815 1650 826 ·
1706 794 1869 856 οὕτως

263 888 480 959 γὰρκαὶ
510 887 535 937 ό
588 887 777 957 Κύριος
824 881 1171 956 ἐνδυσάμενος
1225 888 1345 947 τοὺς
1398 880 1608 937 δώδεκα
1646 882 1870 937 ἀποστό-

262 976 398 1038 λους,
457 974 750 1028 ἀπέστειλεν
804 974 993 1036 αύτούς
1044 974 1435 1046 εὐαγγελιστάς,
1490 979 1579 1027 καὶ
1639 978 1869 1047 κήρυκας

264 1064 382 1117 ὅλου
414 1071 505 1117 τοῦ
553 1068 775 1136 κόσμου.
816 1062 973 1137 Ὁρᾷς
1024 1072 1135 1125 πῶς
1181 1066 1209 1121 ἡ
1258 1066 1384 1115 σκιὰ
1441 1064 1871 1138 προσεγγίζουσα

264 1158 359 1213 τὴν
415 1153 651 1211 ἀλήθειαν
706 1148 993 1207 δείκνυσιν.
1028 1159 1119 1205 Ὃν
1174 1150 1233 1205 δι
1263 1157 1451 1224 τρόπον
1482 1154 1512 1211 ἡ
1572 1155 1696 1205 σκιά
1748 1149 1866 1205 διοι-

266 1247 440 1295 κονίαν
494 1242 587 1295 ούκ
636 1244 768 1314 ἔχει,
822 1245 937 1294 οὔτε
990 1246 1175 1304 πόνους
1241 1242 1381 1294 ἰᾶται
1418 1260 1430 1272 ·
1482 1242 1646 1303 οὕτως
1692 1237 1866 1294 ούδὲό

266 1332 483 1392 παλαιὸς
525 1335 680 1403 νόμος
735 1333 802 1383 τὰ
852 1334 1164 1403 τρραύματα
1220 1340 1309 1392 τῆς
1362 1330 1551 1403 ψυχῆς
1602 1336 1690 1383 καὶ
1746 1333 1868 1392 τούς

268 1440 455 1482 πονους
515 1419 770 1473 ἰάσασθαι
828 1417 1112 1479 ἠδυνήθηο
1176 1417 1299 1473 οὐδε
1342 1423 1443 1493 γὰρ
1501 1417 1638 1492 εἶχεν
1695 1420 1859 1480 ζωήν,

343 1544 413 1609 ς’.
484 1547 583 1597 Δύο
630 1546 731 1619 γὰρ
806 1548 1066 1617 πρόσωπα
1141 1545 1520 1616 συναπτόμενᾶ,
1580 1543 1762 1597 τελειόν
1820 1562 1871 1596 τι

272 1640 494 1706 πρᾶγμα
544 1632 918 1707 ἀπεργάζεται,
953 1634 1058 1685 οἷον
1104 1630 1202 1685 δύο
1255 1630 1512 1692 διαθῆκαι
1545 1651 1557 1662 ·
1590 1634 1704 1685 κατ’
1735 1633 1869 1686 εἰκό-

271 1741 339 1774 να
404 1727 494 1775 καὶ
569 1724 821 1795 ὁμοίωσιν
882 1718 1013 1775 Θεοῦ
1088 1727 1293 1795 γέγονεν
1349 1725 1375 1774 ὸ
1427 1724 1717 1797 οἶνθρωπος,
1774 1720 1871 1776 δύο

274 1809 563 1883 ὀφθαλμούς
592 1814 726 1883 ἔχει,
763 1806 861 1863 δύο
910 1810 1119 1885 ὀφρύας,
1181 1808 1279 1864 δύο
1309 1820 1516 1887 χεῖρας,
1549 1808 1646 1865 δύο
1674 1809 1866 1879 πόδας,

272 1904 357 1952 xui
415 1900 501 1952 ἇάν
559 1899 732 1972 συμϐῇ
782 1884 1140 1973 μονόφθαλμον
1192 1898 1339 1965 εἶναι,
1483 1906 1788 1975 μονόχειρα,
1840 1902 1869 1960 ἢ
1913 1884 1951 1937 Β

273 1994 550 2061 μονόπουν,
604 1989 777 2062 ὥσπερ
837 1988 1106 2061 ὶπίμωμὸς
1159 1988 1299 2042 ἐστιν
1336 2007 1348 2019 ⁸
1392 1991 1421 2049 ἣ
1476 1992 1649 2062 ὥσπερ
1707 2009 1874 2044 πετει-

273 2081 356 2129 νόν
411 2075 495 2129 ἰὰν
553 2078 654 2150 ἔχῃ
725 2080 911 2151 πτερὸν
961 2077 1029 2142 ἓν,
1084 2080 1134 2131 ἓν
1189 2086 1260 2149 τῷ
1311 2079 1382 2132 ἑνὶ
1427 2081 1753 2137 πετασθῆναι
1812 2080 1871 2132 ού

278 2164 499 2219 δύναται
528 2187 541 2199 ·
600 2166 735 2218 οὕτω
781 2171 872 2218 καὶ
922 2169 952 2224 ἡ
1009 2169 1159 2239 φύσις
1197 2176 1293 2229 τῆς
1338 2167 1755 2243 ἀνθρωπότητος,
1790 2168 1873 2221 ὶάν

275 2257 391 2309 καθ’
443 2255 630 2313 ἑαυτὸν
677 2259 846 2327 γυμνὴ
890 2254 1164 2329 ἀπομείνῃ,
1216 2262 1305 2310 καὶ
1344 2261 1414 2329 μὴ
1470 2256 1601 2331 λάϐῃ
1654 2262 1747 2315 τὴν
1784 2262 1873 2329 μί-

278 2345 353 2407 ξιν
380 2349 469 2397 καὶ⁵
532 2348 627 2403 τὴν
658 2348 928 2397 κοινωνίαν
985 2353 1079 2406 τῆς
1123 2345 1429 2421 ἐπουρανίου
1471 2349 1692 2419 φύσεως,
1725 2343 1877 2399 οὐδὲν

279 2431 313 2487 δ
320 2436 555 2507 ιωρθώθη
593 2451 605 2463 ·
667 2432 773 2486 ἀλλ’
805 2437 966 2506 ἔμεινε
994 2440 1189 2507 γυμνὴ,
1247 2441 1337 2487 καὶ
1368 2438 1634 2509 ἕπίμωμος
1687 2436 1760 2497 εἰς
1791 2441 1878 2495 τὴν

279 2526 435 2595 φύσιν
490 2522 654 2585 αὐτῆς
684 2521 733 2574 ἐν
782 2523 1017 2597 ῥυπαρία
1063 2524 1245 2597 πολλῇ.
1296 2526 1439 2582 Αύτὴ
1480 2528 1581 2599 ’γὰρ
1613 2526 1642 2583 ἡ
1698 2526 1877 2597 ψυχὴ,

279 2614 402 2671 ναὸς
452 2619 586 2665 Θεοῦ
629 2615 719 2664 καὶ
766 2611 1064 2684 οἰκητήριον
1113 2611 1390 2682 ἕπεκλήθη,
1438 2620 1527 2667 καὶ
1573 2617 1743 2686 νύμφη
1788 2612 1881 2687 βα-

284 2700 511 2762 σιλέως·
563 2699 696 2771 λέγει
744 2702 868 2772 γὰρ,
918 2699 1274 2765 Ἐνοικήσω
1340 2700 1396 2752 ἐν
1465 2702 1708 2769 αὐτοῖς,
1770 2708 1881 2755 καὶ

284 2787 404 2861 ἕμπ
422 2808 485 2861 ερ
502 2793 698 2847 ιπατή
718 2808 826 2841 σω.
862 2789 1044 2851 Οὕτως
1096 2786 1383 2848 εὐδόκησεν
1408 2792 1432 2842 ό
1459 2794 1609 2855 Θεὸς,
1645 2794 1725 2843 ὅτι
1755 2811 1883 2844 κατ-

284 2877 437 2931 ελθὼν
494 2877 546 2940 ἐξ
596 2876 756 2949 ἁγίων
817 2878 1068 2950 οὐρανῶν,
1128 2878 1503 2953 συμπεριέλαϐε
1554 2884 1646 2939 τὴν
1726 2883 1881 2952 φύσιν

286 2986 379 3020 σου
439 2972 533 3026 τὴν
586 2967 823 3038 λογικὴν,
856 2972 949 3026 τὴν
997 2970 1169 3043 σάρκα
1210 2974 1304 3027 τὴν
1356 2970 1411 3021 ἐκ
1468 2977 1564 3031 τῆς
1616 2979 1737 3040 γῆς,
1793 2976 1883 3023 καὶ

288 3062 599 3130 συνεκέρασε
647 3063 719 3126 τῷ
767 3058 886 3128 θείῳ
942 3059 1106 3110 αὑτοῦ
1150 3061 1430 3130 Πνεύματι,
1483 3061 1565 3112 ἵνα
1611 3064 1701 3112 καὶ
1762 3064 1827 3111 σὺ
1858 3061 1883 3111 ὀ

286 3149 474 3216 χοῑκὸς
506 3142 628 3216 δέξῃ
658 3150 752 3204 τὴν
783 3144 1083 3216 ἐπουράνιον
1131 3145 1337 3218 ψυχήν.
1370 3153 1469 3201 Καὶ
1500 3151 1620 3200 ὅταν
1667 3150 1696 3205 ἠ
1726 3147 1881 3220 ψυχή

1517 400 1858 457 HOMILIIE.
1901 433 1967 442 —
2010 402 2186 459 HOM.
2226 403 2455 459 XXXII.

2592 8 2603 15 ιν
2804 4 2859 17 Ιιλν

3519 402 3629 457 738

1976 527 2135 583 enim
2170 547 2182 583 :
2235 528 2542 585 Vobiscum
2570 544 2699 584 sum
2733 542 2914 600 usque
2951 527 3032 584 ad
3070 526 3632 583 consummationem

1974 617 2259 673 saeculi”.
2294 617 2560 672 Habebat
2582 616 2845 689 pontifex
2866 616 2926 671 in
2958 622 3196 689 pectore
3218 616 3373 671 duos
3394 614 3628 687 lapides

1976 706 2294 778 pretiosos,
2327 705 2430 779 qui
2471 707 2856 762 continebant
2885 706 3133 761 nomina
3164 704 3485 761 duodecim
3528 720 3632 775 pa-

1978 795 2397 851 triarcharum.
2424 795 2542 851 Illic
2571 796 2738 869 quod
2761 795 2962 864 ﬁebat,
2987 799 3078 851 est
3111 795 3332 865 ﬁgura:
3364 794 3449 850 sic
3471 793 3631 849 enim

1978 900 2219 958 quoque
2242 884 2785 941 Dominusindutus
2798 884 3119 941 duodecim
3141 883 3448 956 apostolis,
3470 882 3634 938 misit

1977 989 2082 1030 eos
2114 973 2512 1043 evangelistas
2553 978 2607 1028 et
2637 988 2944 1045 praecones
2976 972 3235 1029 universi
3269 972 3503 1027 mundi.
3542 970 3633 1026 Vi-

1976 1063 2083 1118 des
2114 1062 2424 1135 quomodo
2453 1062 2667 1119 umbra
2696 1063 3193 1134 appropinquans
3217 1061 3526 1117 veritatem
3548 1060 3634 1115 in-

1976 1152 2131 1207 dicet
2155 1168 2168 1206 :
2199 1151 2719 1224 quemadmodum
2741 1156 2943 1208 autem
2966 1151 3185 1207 umbra
3206 1150 3352 1206 nihil
3383 1149 3632 1218 confert,

1976 1254 2084 1295 nec
2136 1239 2446 1296 laboribus
2491 1240 2807 1297 medetur:
2865 1240 2950 1295 sic
3005 1254 3201 1311 neque
3253 1240 3502 1311 antiqua
3540 1238 3634 1294 lex

1978 1328 2226 1385 vulnera
2256 1331 2471 1384 animae
2504 1345 2574 1384 ac
2603 1329 2904 1385 molestias
2938 1344 3151 1385 sanare
3181 1328 3376 1400 potuit
3407 1345 3421 1383 :
3454 1328 3636 1401 siqui-

1977 1418 2117 1474 dem
2158 1419 2342 1474 vitam
2372 1433 2491 1473 non
2523 1417 2810 1475 habebat.

2048 1545 2135 1598 VI.
2170 1547 2307 1599 Duas
2329 1545 2490 1599 enim
2512 1558 2783 1615 personis
2805 1543 3137 1613 conjunctae
3159 1541 3480 1614 perfectam
3506 1556 3634 1597 rem

1978 1634 2334 1705 quampiam
2357 1633 2640 1696 efﬁciunt,
2663 1632 2958 1696 videlicet,
2985 1631 3107 1687 duo
3129 1637 3507 1687 testamenta.
3540 1631 3634 1686 Ad

1981 1721 2307 1790 imaginem
2341 1727 2395 1777 et
2449 1719 2904 1776 similitudinem
2935 1719 3031 1775 Dei
3072 1719 3254 1774 homo
3298 1719 3486 1775 factus
3524 1724 3633 1783 est,

1980 1808 2135 1865 duos
2168 1810 2374 1866 oculos
2398 1810 2600 1873 habet,
2632 1810 2786 1865 duas
2812 1824 3007 1874 nares,
3030 1807 3184 1864 duas
3211 1823 3447 1874 manus,
3481 1807 3637 1864 duos

1981 1898 2208 1971 pedes:
2249 1915 2429 1971 quem
2472 1899 2518 1953 si
2560 1899 2865 1970 contingat
2902 1897 3227 1954 unoculum
3269 1901 3373 1955 aut
3406 1897 3642 1954 unima-

1981 2003 2130 2043 num
2162 2003 2315 2052 esse,
2348 1996 2451 2044 aut
2482 1989 2665 2044 altero
2692 1991 2842 2060 pede
2872 2002 3092 2053 carere,
3121 1986 3283 2042 velut
3314 1986 3637 2058 reprehen-

1980 2076 2218 2132 dendus
2241 2082 2346 2133 est.
2368 2079 2479 2132 Aut
2498 2076 3015 2149 quemadmodum
3033 2075 3187 2142 avis,
3207 2076 3255 2130 si
3279 2075 3517 2130 unicam
3536 2074 3644 2133 ha.

1982 2165 2177 2221 buerit
2228 2166 2408 2230 alam,
2457 2182 2527 2222 ea
2571 2166 2697 2221 sola
2744 2165 2948 2220 volare
2994 2165 3229 2237 nequit;
3276 2165 3360 2219 sic
3397 2179 3641 2236 quoque

1983 2255 2253 2311 humana
2276 2260 2510 2325 natura,
2542 2256 2591 2309 si
2622 2253 2789 2310 nuda
2813 2253 3025 2325 quoad
3052 2269 3114 2308 se
3142 2257 3405 2317 maneat,
3436 2260 3492 2308 et
3521 2267 3641 2309 non

1984 2343 2231 2415 recipiat
2260 2343 2601 2399 mistionem
2635 2349 2691 2398 et
2720 2342 3213 2398 communionem
3244 2341 3496 2397 cmlestis
3533 2356 3643 2398 na-

1987 2438 2155 2497 turae,
2196 2432 2343 2488 nihil
2372 2431 2550 2487 laude
2598 2432 2768 2501 122
2797 2432 3050 2501 dignum
3083 2429 3291 2493 efﬁcit;
3334 2430 3439 2485 sed
3480 2430 3643 2486 nuda

1991 2528 2210 2586 manet,
2260 2528 2317 2576 et
2371 2520 2677 2593 culpanda
2714 2522 2773 2575 in
2825 2536 2935 2576 sua
2976 2526 3213 2585 natura,
3260 2524 3315 2573 et
3359 2518 3643 2575 sordibus

1990 2612 2213 2667 multis.
2238 2611 2372 2682 Ipsa
2384 2612 2544 2665 enim
2567 2608 3071 2680 animatemplum
3090 2608 3642 2664 Deietdomicilium

1990 2700 2291 2771 appellata
2320 2704 2429 2763 est,
2463 2714 2687 2770 sponsa
2718 2700 2893 2768 regis.
2932 2698 3126 2769 lnquit
3155 2696 3314 2752 enim
3348 2716 3361 2751 :
3402 2696 3645 2753 Inhabi—

1990 2790 2123 2845 tabo
2150 2791 2212 2846 in
2252 2788 2395 2852 illis,
2429 2795 2481 2844 et
2520 2788 2986 2844 inambulabo”.
3020 2787 3107 2842 Ita
3139 2789 3255 2842 Deo
3296 2785 3536 2857 placuit,
3581 2789 3646 2841 ut

1989 2862 2360 2935 descendens
2413 2894 2443 2933 e
2487 2878 2706 2933 sanctis
2762 2876 2950 2942 cmlis,
2991 2880 3322 2933 assumeret
3370 2880 3645 2931 naturam

1990 2974 2156 3025 tuam
2185 2967 2558 3031 rationalem,
2591 2982 2832 3023 carnem
2864 2982 3080 3037 nempe
3107 2971 3427 3029 terrenam,
3458 2978 3646 3036 quam

1992 3057 2346 3128 temperavit
2375 3072 2512 3111 cum
2544 3056 2750 3111 divino
2782 3070 2894 3111 suo
2938 3054 3171 3126 Spiritu,
3208 3058 3271 3109 ut
3297 3068 3545 3125 quoque
3584 3057 3647 3107 tu

1994 3151 2260 3201 terrenus
2316 3144 2620 3199 caelestem
2673 3143 3008 3215 susciperes
3074 3142 3363 3198 animam.
3420 3143 3487 3196 Et
3544 3139 3648 3195 ubi

291 3252 386 3285 σου
416 3236 709 3305 κοινωνήσῃ
742 3242 815 3303 τῷ
862 3237 1145 3306 Πνεύματι,
1173 3241 1262 3287 καὶ
1312 3236 1517 3308 εἰσέλθῃ
1548 3235 1703 3307 ψυχὴ
1738 3235 1883 3289 ἕπου-

1996 3235 2199 3289 anima
2218 3240 2317 3289 tua
2337 3249 2473 3288 cum
2494 3233 2713 3305 Spiritu
2735 3231 3288 3294 communicaverit,
3309 3234 3365 3285 et
3378 3230 3649 3299 ingressa

286 3323 462 3392 ράνιος
507 3321 577 3383 εἰς
632 3326 724 3392 τῂν
765 3321 951 3393 ψυχήν
998 3341 1114 3389 σου,
1146 3327 1262 3375 τότε
1291 3321 1338 3377 εἴ
1386 3324 1575 3387 τελειος
1621 3326 1887 3398 ἄνθρωπος

288 3409 338 3459 ἓν
375 3415 511 3479 Θεῷ,
543 3414 633 3463 καὶ
652 3408 988 3484 κληρονόμος,
1021 3415 1108 3463 καὶ
1132 3413 1261 3473 υἱός.

360 3532 435 3585 Ζ’.
486 3531 687 3606 Ὠσπερ
747 3531 807 3587 δὲ
836 3538 893 3587 τὸ
922 3537 1138 3607 μέγεθος
1186 3544 1279 3588 τοῦ
1324 3544 1476 3603 Θεοῦ,
1518 3542 1605 3589 καὶ
1654 3541 1709 3590 τὸ
1762 3536 1887 3591 ἀκα-

290 3622 553 3680 τάληπτον
586 3623 768 3688 αὐτοῦ,
802 3627 920 3677 οὔτε
966 3627 1015 3676 οἱ
1053 3626 1159 3677 ἄνω
1208 3626 1383 3687 αἰῶνες
1436 3634 1725 3701 χωροῦσιν,
1773 3631 1888 3681 οὔτε

288 3712 337 3764 οἱ
366 3712 508 3763 κάτω
535 3732 548 3745 ·
585 3712 744 3773 οὕτως
794 3713 949 3765 πάλιν
979 3718 1036 3766 τό
1075 3714 1257 3767 λεπτὸν
1304 3722 1397 3767 τοῦ
1427 3723 1581 3783 Θεοῦ,
1633 3721 1723 3769 καὶ
1748 3718 1888 3779 ὅπως

289 3803 701 3874 συσμικρύνεται
776 3801 983 3865 λεπτοῖς
1037 3808 1127 3856 καὶ
1196 3812 1424 3879 μικροῖς,
1495 3808 1611 3858 οὔτε
1669 3807 1717 3857 οἱ
1781 3807 1886 3857 ἄνω

284 3894 497 3961 κόσμοι,
592 3894 709 3943 οὕτε
782 3894 831 3943 οὶ
931 3891 1148 3963 ἐπίγειοι
1226 3892 1535 3947 καταλαϐεῖν
1611 3890 1882 3947 δύνανται.

286 3976 487 4050 Ὠσπερ
538 3982 639 4053 γὰρ
693 3983 751 4032 τὸ
800 3983 1017 4052 μέγεθος
1076 3982 1236 4035 αὐτοῦ
1284 3982 1667 4048 ἀκατάληπτον,
1722 3984 1887 4046 οὕτως

290 4072 378 4119 xui
423 4070 482 4119 τό
532 4066 714 4120 λεπτὸν
748 4069 909 4121 αὐτοῦ
943 4090 955 4101 ·
986 4076 1071 4122 καὶ
1124 4070 1419 4143 συμϐαίνει,
1480 4074 1561 4123 ὅτι
1608 4072 1888 4144 οἰκονομεῖ-

292 4172 381 4205 ται
439 4154 510 4216 εἰς
563 4154 760 4226 θλίψεις
792 4153 941 4224 εἶναι,
981 4162 1071 4210 καὶ
1099 4160 1263 4223 πάθη,
1305 4164 1394 4211 xui
1453 4164 1740 4232 στίγματα,
1798 4166 1888 4212 καὶ

294 4241 575 4315 οἷνομίζεις
632 4246 853 4310 ἐναντία,
928 4253 1096 4298 ταῦτα
1168 4248 1294 4321 ύπερ
1360 4255 1454 4309 τῆς
1528 4248 1716 4320 ψυχῆς
1793 4268 1887 4302 σου

292 4335 512 4403 γίνεται.
572 4333 630 4387 Εἰ
671 4332 719 4384 ἓν
774 4342 846 4405 τῷ
896 4339 1077 4407 κόσμῳ
1134 4336 1291 4398 θέλεις
1329 4333 1458 4389 εἶναι
1495 4343 1584 4389 xui
1631 4337 1889 4407 πλουτεῖν,

294 4420 500 4494 ἀπαντᾷ
558 4442 642 4475 σοι
680 4429 828 4477 πᾶσα
870 4423 1072 4496 ἀτυχία
1102 4444 1114 4459 ·
1145 4426 1292 4498 ἄρχῃ
1333 4425 1450 4478 καθ’
1479 4426 1658 4479 ἑαυτὸν
1687 4426 1893 4499 λογίζε-

298 4512 445 4576 σθαι,
502 4512 709 4585 Παρ’ὃ
766 4513 878 4566 οὐκ
934 4513 1279 4586 εύτύχηκα
1344 4515 1429 4576 εἰς
1484 4519 1588 4568 τὸν
1626 4520 1890 4588 κόσμον,

1996 3321 2391 3377 fueritanima
2413 3320 2665 3376 caelestis
2691 3320 2960 3376 animam
2986 3324 3170 3384 tuam,
3201 3324 3322 3373 tum
3349 3316 3648 3388 perfectus

1994 3410 2179 3466 homo
2205 3411 2265 3465 in
2297 3410 2416 3465 Deo
2443 3414 2551 3475 est,
2586 3414 2642 3465 et
2665 3408 2878 3475 haeres,
2921 3413 2975 3463 et
3002 3407 3186 3463 ﬁlius.

2069 3534 2177 3589 VII.
2225 3532 2750 3600 Quemadmodum
2801 3546 2942 3587 vero
2988 3530 3365 3601 majestatem
3428 3528 3545 3595 Dei,
3594 3535 3650 3584 et

1995 3622 2658 3695 incomprehensibilem
2673 3622 2801 3692 ejus
2814 3628 3089 3676 naturam
3102 3663 3115 3689 ,
3130 3634 3324 3691 neque
3338 3617 3651 3690 superiora

1995 3712 2213 3769 saacula
2252 3712 2519 3784 capiunt,
2570 3726 2765 3783 neque
2796 3710 3121 3765 inferiora:
3170 3709 3253 3763 sic
3281 3724 3313 3763 e
3360 3722 3651 3763 converso

1992 3801 2390 3859 humilitatem
2439 3802 2562 3865 Dei,
2596 3806 2654 3855 et
2700 3815 2822 3872 quo
2850 3804 3027 3872 pacto
3071 3796 3377 3853 exinaniat
3405 3813 3467 3852 se
3512 3812 3650 3852 cum

1993 3891 2325 3948 humilibus
2352 3896 2409 3945 et
2452 3891 2676 3961 parvis,
2708 3904 2819 3945 nec
2849 3888 3093 3959 superni
3126 3886 3360 3954 mundi,
3393 3900 3504 3941 nec
3543 3891 3655 3940 ter-

1994 3982 2119 4037 reni
2143 3979 2428 4050 consequi
2448 3983 2719 4049 possunt.
2740 3976 3265 4043 Quemadmodum
3288 3974 3450 4029 enim
3473 3974 3655 4044 maje-

1996 4076 2121 4126 stas
2154 4070 2283 4138 ejus
2307 4084 2429 4123 non
2458 4066 3007 4137 comprehenditur,
3041 4066 3127 4119 sic
3160 4078 3356 4134 neque
3388 4062 3518 4133 ejus
3548 4062 3656 4117 hu-

1997 4158 2231 4212 militas.
2292 4157 2491 4227 Itaque
2532 4154 2820 4227 contingit
2863 4159 2946 4217 ut,
2993 4153 3039 4207 si
3090 4168 3162 4208 ex
3204 4151 3655 4223 dispensatione

1997 4245 2333 4315 subjiciaris
2375 4243 2807 4308 affectionibus,
2841 4240 3224 4314 passionibus
3264 4246 3320 4295 et
3365 4239 3653 4311 stigmati-

1996 4335 2131 4400 bus,
2160 4341 2263 4389 aut
2293 4333 2446 4398 aliis,
2478 4349 2615 4405 quae
2642 4331 2744 4387 tibi
2769 4331 3022 4387 adversa
3052 4330 3347 4395 videntur,
3381 4344 3453 4385 ea
3481 4334 3653 4398 grata

1999 4424 2218 4480 anima:
2262 4429 2374 4478 tum
2419 4422 2713 4478 accidant.
2750 4421 2804 4476 Si
2837 4420 2895 4475 in
2940 4419 3168 4475 mundo
3218 4418 3441 4474 versari
3484 4417 3645 4481 velis,

2000 4518 2055 4569 et
2096 4512 2403 4579 ditescere,
2449 4514 2771 4566 occurrunt
2817 4508 2923 4563 tibi
2965 4508 3336 4562 infortunata
3382 4505 3591 4561 omnia
3641 4520 3656 4560 :

297 4598 579 4655 ἀπελθὼν
618 4600 687 4655 ἂν
744 4602 1231 4677 ἀποτάσσομαι,
1298 4610 1404 4657 xui
1463 4614 1543 4677 τῷ
1582 4613 1714 4677 Θεῲ
1754 4602 1883 4658 δου-

2000 4601 2215 4673 incipis
2232 4606 2425 4656 tecum
2438 4598 2777 4655 ratiocinari
2798 4614 2810 4652 :
2834 4596 3125 4664 Quoniam
3134 4596 3399 4666 feliciter
3412 4610 3505 4650 res
3520 4608 3659 4650 meae

295 4689 323 4743 λ
336 4708 356 4743 ε
368 4692 396 4741 ύ
411 4712 469 4745 ω.
504 4695 700 4745 Λοιπὸν
717 4690 995 4767 ἐρχόμενος
1016 4690 1096 4747 ὧδ’
1098 4714 1140 4762 ε,
1161 4693 1364 4755 ἀκούεις
1380 4702 1442 4753 τῆ
1455 4714 1476 4755 ς
1491 4694 1665 4753 ἐντολῆ
1677 4716 1698 4756 ς
1718 4694 1891 4766 λεγού-

301 4796 435 4840 σης·
480 4780 782 4839 Πώλησόν
850 4802 961 4835 σου
1010 4785 1083 4835 τά
1140 4785 1541 4858 ὑπάρχοντα,
1602 4788 1891 4857 μίσησον

300 4873 647 4921 κοινωνίαν
689 4876 1027 4945 σαρκικὴν,
1081 4868 1432 4926 δούλευσον
1465 4881 1547 4945 τῷ
1587 4880 1737 4944 Θεῷ.
1768 4878 1894 4926 Τότε

299 4956 445 5029 ἄρχῃ
478 4955 810 5029 εὐχαριστεῖν
845 4968 905 5023 τῇ
940 4959 1141 5034 ἀτυχίᾳ
1172 4981 1265 5014 σου
1296 4971 1357 5035 τῇ
1393 4961 1441 5014 ἐν
1467 4970 1538 5033 τῷ
1564 4966 1766 5034 κόσμῳ,
1814 4964 1894 5014 ὅτι

302 5040 397 5098 διὰ
444 5046 751 5120 προφάσεως
801 5050 1114 5123 εὑρίσκομαι
1164 5052 1393 5113 ὑπήκοος
1444 5059 1537 5114 τῆς
1568 5050 1773 5113 ἐντολῆς
1802 5059 1893 5104 τοῦ

301 5142 561 5209 Χριστοῦ.
624 5140 819 5189 Λοιπὸν
874 5137 921 5191 εἰ
969 5141 1017 5190 ἓν
1064 5143 1214 5212 μέρει
1296 5139 1345 5192 έν
1405 5148 1510 5201 τοῖς
1575 5145 1895 5213 φαινομένοις

300 5224 524 5288 ἣλλαξάς
575 5243 669 5278 σου
718 5229 807 5279 τόν
843 5234 980 5298 νοῦν,
1021 5233 1111 5280 xui
1160 5228 1500 5303 ἀνιχώρησας
1556 5236 1756 5303 κόσμου
1804 5236 1895 5283 xui

298 5319 565 5376 κοινωνίας
624 5324 913 5389 σαρκικῆςο
966 5317 1129 5378 οὕτως
1173 5317 1260 5369 οὖν
1306 5324 1416 5390 χρή
1466 5338 1522 5373 σε
1572 5324 1659 5372 xui
1710 5319 1778 5381 εὶς
1808 5323 1894 5371 τὸν

296 5412 416 5457 νοῦν
464 5403 751 5476 ἀλλαγῆναι
809 5404 909 5459 ἀπὸ
957 5414 1213 5479 σαρκικοῦ
1266 5412 1592 5481 φρονήματος
1647 5396 1717 5471 εἰς
1774 5427 1893 5481 φρο·

297 5513 441 5565 νημα
487 5496 746 5569 οὐράνιον.
796 5500 991 5549 Λοιπὸν
1047 5496 1119 5557 εἰς
1172 5496 1335 5556 αὐτὴν
1393 5502 1483 5555 τὴν
1531 5497 1693 5556 ἀκοὴν
1747 5495 1892 5569 ἄρχῃ

303 5577 611 5655 διακρίνειν,
673 5588 764 5637 xui
824 5585 918 5638 ούκ
966 5587 1042 5638 ἔτι
1092 5587 1235 5658 ἔχεις
1291 5584 1603 5653 ἀνάπαυσιν,
1658 5586 1688 5649 ἦ
1744 5589 1896 5658 μόνον

2001 4707 2120 4747 ηοη
2148 4692 2553 4747 successerunt
2581 4688 2645 4743 in
2674 4687 2918 4751 mundo,
2939 4685 3153 4741 decedo
3185 4700 3255 4740 ac
3278 4683 3576 4748 renuntio,
3604 4689 3659 4738 et

2001 4780 2409 4837 Deoinservio.
2441 4777 2826 4833 Postmodum
2848 4775 2944 4829 ubi
2961 4774 3075 4828 huc
3098 4772 3461 4842 perveneris,
3484 4772 3661 4826 audis

2004 4870 2358 4927 mandatum
2389 4866 2553 4940 quod
2574 4866 2740 4925 dicit:
2780 4864 2970 4920 Vende
2992 4863 3319 4933 facultates
3348 4869 3502 4925 tuas,
3527 4860 3661 4916 odio

1999 4958 2376 5031 prosequitor
2413 4956 2717 5012 carnalem
2768 4953 3121 5016 societatem,
3174 4950 3398 5007 inserui
3440 4951 3657 5005 Deo”:

2003 5054 2133 5105 tum
2162 5047 2372 5118 incipis
2410 5051 2647 5115 gratum
2678 5048 2734 5098 te
2764 5042 3045 5099 exhibere
3080 5041 3355 5096 adversae
3384 5039 3660 5103 fortunae,

2003 5154 2127 5211 qua
2156 5139 2216 5192 in
2247 5134 2473 5191 mundo
2520 5132 2893 5197 obruebaris,
2929 5131 3211 5203 inquiens
3245 5148 3259 5185 :
3293 5129 3472 5184 Illius
3518 5142 3665 5183 sane

2003 5227 2308 5285 occasione
2318 5222 2713 5296 deprehendor
2725 5220 2995 5277 obediens
3011 5218 3283 5275 mandato
3298 5217 3665 5273 ϐοήθεε.οω-

2005 5322 2196 5373 terum
2232 5316 2280 5369 si
2322 5330 2394 5370 ex
2442 5317 2630 5385 parte,
2680 5310 2885 5384 quoad
2928 5325 3021 5365 res
3066 5314 3364 5373 externas,
3418 5305 3663 5361 mutasti

2004 5406 2297 5468 animum,
2326 5410 2382 5458 et
2411 5418 2447 5457 a
2471 5400 2698 5456 mundo
2730 5416 2798 5455 ac
2829 5396 3055 5454 carnali
3084 5396 3447 5452 commercio
3473 5409 3667 5449 seces—

2006 5494 2169 5549 sisti:
2225 5493 2310 5547 sic
2341 5491 2519 5562 igitur
2546 5494 2779 5562 oportet
2810 5496 2861 5543 te
2882 5501 3127 5560 quoque
3156 5484 3362 5556 quoad
3392 5483 3663 5539 animum

2009 5582 2332 5650 immutari,
2367 5598 2402 5638 a
2428 5579 2723 5654 sapientia
2748 5576 2976 5635 carnali
3007 5577 3067 5635 in
3097 5575 3400 5633 cmlestem
3422 5570 3659 5642 sapien-

340 5832 343 5835 ,
376 5781 419 5821 ¹¹ι
460 5780 659 5858 Matth.
690 5797 891 5852 xxvm,
921 5782 1011 5840 20.
1092 5783 1137 5820 ιε
1164 5783 1203 5839 ll
1233 5786 1364 5842 Cor.
1395 5799 1473 5850 vi,
1503 5782 1593 5839 16.
1670 5783 1716 5819 η
1750 5784 1883 5839 Matt

1992 5796 2101 5849 nx,
2132 5780 2219 5843 21.

529 5872 535 5877 ’
591 5872 831 5937 ΡΑτιιοῑ..
872 5879 977 5940 Gn.
1020 5880 1268 5940 XXXIV.

3323 5863 3391 5925 24
