4130 6286
531 294 637 350 739

1830 293 1887 349 S.
1936 291 2239 351 MACARII
2279 288 2587 347 EGYPTII

3774 291 3890 350 740

506 419 671 476 tiam.
698 418 1085 475 Postmodum
1104 433 1176 474 ex
1194 417 1407 473 eodem
1429 416 1636 473 auditu
1655 416 1991 474 discernere
2019 417 2160 473 inci-

2276 420 2363 467 τὴν
2419 420 2691 488 μέριμναν,
2749 416 2837 468 καὶ
2890 418 2977 467 τὸν
3051 420 3225 481 πόνον,
3278 417 3362 469 ἵνα
3421 420 3595 490 κτήσῃ
3647 416 3674 469 ὂ
3731 420 3898 475 ἤκου-

502 509 649 579 pies,
683 524 792 564 nec
843 506 1103 579 amplius
1142 506 1323 562 habet
1350 505 1643 577 requiem,
1695 506 1803 561 sed
1843 506 2035 562 solam
2062 522 2162 562 cu-

502 613 634 653 ram
664 602 723 657 et
747 596 1037 662 laborem,
1070 600 1134 651 ut
1163 593 1532 650 nanciscaris
1572 595 1737 666 quod
1768 595 2051 651 audieris.

574 721 711 776 VIII.
743 720 848 776 Ubi
880 718 1183 791 putaveris
1212 722 1263 773 te
1290 717 1610 790 perfecisse
1640 718 1865 782 omnia,
1899 733 1969 774 eo
1994 718 2160 790 quod

509 809 889 872 renuntiaris,
935 823 1274 863 sermonem
1320 806 1545 863 confert
1589 812 1781 862 tecum
1832 808 2157 862 Dominus:

507 898 662 966 Quid
670 897 956 969 gloriaris
967 895 995 950 7
1016 912 1212 952 nonne
1224 911 1438 965 corpus
1453 899 1619 953 tuum
1635 904 1686 952 et
1709 897 1972 952 animam
1996 902 2160 953 tuam

504 1004 607 1058 ego
630 987 868 1044 creavi?
888 986 1237 1058 quidfecisti
1248 985 1350 1041 tu?
1370 986 1581 1056 Incipit
1593 986 1797 1042 anima
1817 984 2158 1041 conﬁtendo

500 1091 718 1146 rogare
746 1077 1086 1140 Dominum,
1112 1076 1399 1141 etdicere,
1423 1074 1719 1130 videlicet:
1745 1076 1867 1131 Tua
1884 1082 2023 1129 sunt
2046 1090 2161 1129 om-

500 1167 627 1231 nia,
665 1166 891 1229 domus,
922 1165 987 1219 in
1018 1179 1135 1236 qua
1163 1164 1329 1233 dego,
1361 1168 1465 1219 tua
1491 1168 1577 1219 est
1603 1178 1619 1217 :
1659 1163 2007 1219 indumenta
2031 1177 2161 1217 mea

505 1264 609 1311 tua
627 1262 763 1311 sunt
791 1272 803 1308 :
829 1270 865 1309 a
899 1261 952 1309 te
981 1252 1239 1315 nutrior,
1264 1256 1316 1308 et
1338 1269 1373 1308 a
1398 1256 1450 1309 te
1471 1253 1703 1323 dirigor
1726 1253 1806 1307 ad
1825 1267 1995 1308 omne
2013 1267 2160 1307 emo-

507 1346 855 1400 lumentum.
897 1345 1042 1397 Tum
1083 1343 1289 1412 incipit
1322 1343 1607 1396 Dominus
1648 1342 1721 1396 ad
1763 1341 1889 1396 haec
1916 1341 2155 1395 dicere:

504 1434 707 1489 Habeo
726 1434 831 1487 tibi
841 1434 1118 1501 gratiam,
1137 1432 1461 1501 facultates
1477 1437 1591 1487 tua
1605 1434 1744 1486 sunt
1761 1443 1772 1482 ε
1794 1431 1941 1487 bona
1956 1432 2160 1486 volun-

509 1530 601 1579 tas
627 1527 728 1578 tua
772 1529 853 1577 est
879 1541 897 1577 :
945 1528 999 1577 et
1030 1521 1099 1576 ob
1122 1525 1289 1576 tuum
1318 1520 1381 1575 in
1427 1535 1516 1576 me
1554 1534 1837 1583 amorem,
1875 1520 2154 1591 quoniam

504 1612 829 1682 confugisti
845 1612 924 1666 ad
935 1626 1044 1674 me,
1062 1611 1200 1666 cedo
1216 1627 1231 1663 :
1246 1611 1494 1680 insuper
1514 1609 1666 1665 dabo
1681 1608 1807 1673 tibi,
1822 1625 1953 1680 quae
1974 1624 2161 1680 neque

506 1710 570 1756 tu
601 1702 884 1757 hactenus
910 1699 1242 1769 possedisti,
1286 1714 1392 1755 nec
1422 1698 1524 1769 qui
1554 1713 1733 1766 super
1766 1703 1989 1754 terram
2021 1705 2156 1754 sunt

2275 522 2387 565 σας.

2343 716 2422 772 Η’.
2467 715 2588 769 Ὅτι
2629 716 2860 789 νομίζεις
2921 718 3001 770 ὅτι
3031 718 3282 779 ἐποίησας
3336 720 3508 769 πάντα
3555 715 3887 791 ἀποταξάμε-

2270 825 2369 873 νος,
2398 812 2537 858 ποιεῖ
2558 805 2709 878 λόγον
2761 808 2893 878 μετά
2922 814 3016 858 σοῦ
3044 808 3069 858 ὁ
3102 808 3295 881 Κύριος
3327 821 3341 836 ⁸
3375 810 3445 859 Τί
3482 812 3875 878 καῦχᾶσαι;

2272 900 2427 969 οῦχὶ
2458 898 2524 948 τὸ
2557 897 2736 968 σῶμά
2779 915 2895 948 σου
2926 901 3035 948 καὶ
3067 900 3179 955 τὴν
3208 895 3430 968 ψυχὴν
3465 898 3579 967 ἐγὼ
3611 898 3885 962 ἔκτισας

2271 989 2331 1037 τί
2386 984 2708 1046 ἐποίησας
2752 987 2829 1037 σύ
2876 1002 2891 1053 ;
2951 987 3173 1059 ἄρχεται
3200 986 3230 1043 ἡ
3256 984 3410 1057 ψυχὴ
3441 983 3885 1059 ἐξομολογουμένη

2275 1071 2488 1126 δέεσθαι
2516 1081 2608 1126 τοῦ
2643 1077 2842 1146 Κυρίου
2868 1078 2958 1127 καὶ
2985 1073 3169 1145 λέγειν,
3204 1075 3283 1126 ὅτι
3326 1075 3538 1126 Πάντα
3574 1076 3653 1126 σοί
3681 1073 3880 1144 ἐστιν,

2273 1159 2497 1222 ὁοῖκος
2528 1163 2614 1223 εἰς
2649 1163 2712 1214 ὃν
2744 1163 2901 1235 εἰμι,
2945 1166 3049 1223 σὸς
3078 1166 3246 1215 ἐστι·
3276 1164 3352 1214 τὰ
3376 1159 3713 1235 ἐνδύματα
3740 1182 3879 1235 μου,

2275 1252 2351 1302 σά
2389 1254 2590 1305 ἐστιν.
2622 1250 2719 1305 Ἐκ
2762 1259 2876 1303 σοῦ
2905 1255 3241 1325 τρέφομαι,
3282 1261 3391 1304 καί
3420 1249 3538 1303 ἀπὸ
3574 1258 3687 1304 σοῦ
3718 1251 3885 1303 οἱκο-

2270 1348 2600 1412 νομοῦμαι
2635 1339 2727 1402 εἰς
2762 1346 2985 1393 πᾶσαν
3025 1346 3281 1415 χρείαν.
3318 1342 3691 1416 Τότεᾱίρχεται
3721 1342 3746 1393 ὁ
3776 1343 3884 1393 Κύ-

2268 1449 2377 1501 ριος
2406 1433 2535 1502 πρὸς
2564 1436 2732 1482 ταῦτα
2761 1429 2945 1501 λέγειν,
2978 1432 3185 1503 Χάριν
3244 1449 3350 1483 σοι
3388 1433 3539 1503 ἔχω,
3571 1434 3647 1483 τὰ
3686 1432 3884 1503 ὑπάρ-

2268 1538 2473 1589 χοντα
2527 1521 2607 1571 σά
2656 1518 2801 1571 ἐστι
2835 1534 2849 1549 ⁸
2902 1522 2976 1572 τὸ
3019 1518 3262 1591 θέλημα
3310 1523 3377 1572 τὸ
3437 1519 3705 1592 ἀγαθὸν,
3767 1523 3885 1571 σόν

2267 1610 2411 1660 ἐστι
2442 1622 2456 1638 ⁸
2497 1614 2606 1661 καὶ
2662 1605 2779 1661 διὰ
2814 1613 2930 1667 τὴν
2980 1614 3137 1681 πρὸς
3166 1612 3238 1679 μέ
3280 1627 3394 1660 σου
3434 1607 3704 1676 ἀγάπην,
3740 1607 3883 1661 ἐπεὶ

2269 1701 2672 1773 προσέφυγές
2722 1718 2851 1769 μοι,
2914 1694 3115 1773 δεῦρο
3166 1696 3395 1750 λοιπὸν
3433 1695 3619 1750 δώσω
3669 1716 3791 1766 σοι,
3845 1696 3885 1749 ἃ

507 1788 791 1855 homines,
825 1788 1063 1844 habent.
1096 1787 1311 1856 Accipe
1326 1802 1417 1842 me
1442 1786 1761 1842 Dominum
1793 1801 1926 1842 cum
1953 1790 2159 1843 unima

2276 1790 2412 1840 οὔτε
2453 1790 2527 1839 σὺ
2567 1788 2675 1848 ἕως
2705 1788 2858 1862 ἄρτι
2915 1790 3195 1854 ἐκτήσω,
3236 1790 3382 1840 οὔτε
3439 1788 3541 1839 ini.
3576 1795 3692 1859 γῆς
3738 1788 3884 1839 ἄνθ-

506 1883 630 1943 tua,
651 1886 713 1934 ut
728 1879 805 1934 sis
823 1884 1108 1947 perpetuo
1122 1892 1345 1933 mecum
1358 1878 1421 1932 in
1439 1876 1647 1933 laetitia
1660 1879 1714 1933 et
1734 1877 2155 1933 exsultatione.

577 2182 664 2237 IX.
699 2180 944 2236 Perinde
964 2182 1121 2237 enim
1153 2195 1222 2235 ac
1250 2179 1462 2234 mulier
1479 2180 1602 2235 viro
1623 2182 2008 2251 desponsata,
2034 2194 2159 2235 om-

505 2271 608 2326 nia
651 2271 812 2326 bona
853 2288 979 2335 sua,
1014 2276 1070 2325 et
1097 2276 1279 2325 totam
1312 2268 1513 2325 dotem
1563 2268 1733 2324 offert
1761 2284 1882 2340 prin
1923 2284 2162 2324 summo

506 2376 733 2427 amore,
781 2365 839 2414 et
883 2359 938 2413 in
980 2374 1196 2413 manus
1219 2359 1325 2414 viri
1368 2358 1625 2429 projicit,
1671 2363 1849 2429 atque
1875 2358 1989 2413 hoc
2037 2358 2160 2412 ait:

505 2450 701 2505 Meum
724 2449 882 2520 quod
905 2448 1176 2517 sit,nihil
1198 2448 1401 2514 habeo,
1433 2448 1584 2503 bona
1604 2463 1732 2503 mea
1749 2454 1853 2503 tua
1873 2453 2010 2502 sunt
2026 2464 2041 2501 :
2060 2448 2164 2503 dos

508 2554 737 2610 quoque
778 2544 881 2593 tua
926 2544 1031 2601 est,
1066 2540 1120 2592 et
1150 2537 1353 2593 anima
1399 2552 1548 2601 mea,
1582 2539 1636 2592 et
1685 2552 1902 2606 corpus
1948 2552 2161 2601 meum,

508 2631 673 2681 tuum
705 2632 789 2681 est
818 2646 837 2682 .-
878 2626 963 2680 sic
994 2641 1236 2698 quoque
1268 2631 1608 2697 temperans
1638 2626 1840 2681 anima
1870 2631 1957 2680 est
1999 2627 2166 2695 virgo

507 2716 764 2782 Domini,
833 2713 1198 2785 participans
1265 2731 1402 2770 cum
1467 2714 1685 2785 Spiritu
1738 2718 1869 2784 ejus
1938 2720 2165 2771 sancto.

509 2806 749 2875 Oportet
775 2808 993 2867 autem,
1022 2802 1269 2874 perinde
1285 2803 1519 2874 acipse,
1545 2819 1680 2858 cum
1704 2804 1964 2858 venisset
1984 2819 2170 2875 supra

508 2897 748 2962 terram,
778 2908 994 2964 passus
1026 2897 1082 2946 et
1127 2891 1446 2947 cruciﬁxus
1478 2898 1584 2955 est,
1624 2897 1677 2947 te
1708 2907 1950 2964 quoque
1995 2891 2170 2947 simul

507 2981 653 3053 pati.
694 2980 799 3036 Ubi
831 2980 992 3035 enim
1013 2981 1328 3035 recesseris
1356 2996 1392 3035 a
1415 2979 1664 3043 mundo,
1698 2995 1767 3036 ac
1795 2981 1980 3035 Deum
2012 2995 2175 3051 quee-

2266 1894 2478 1948 ρωποι
2547 1877 2845 1946 ἔχουσιν.
2907 1875 3046 1943 Ἐμὲ
3115 1874 3270 1927 λαϐε
3308 1876 3416 1927 τὸν
3468 1877 3706 1947 Κύριον
3763 1893 3883 1927 σου

2267 1966 2428 2036 μετά
2486 1972 2599 2025 τῆς
2654 1963 2881 2035 ψυχῆς
2959 1982 3094 2030 σου,
3158 1964 3259 2016 ἵνα
3311 1960 3385 2036 ᾖς
3430 1966 3703 2017 πάντοτε
3746 1961 3882 2036 μετ’

2267 2052 2419 2125 ἐμοῦ
2476 2053 2953 2127 εὐφραινομένῃ
3003 2058 3112 2106 καὶ
3176 2051 3622 2125 ἀγγαλλιῶσα.

2340 2174 2417 2230 ϐ’.
2472 2174 2673 2250 Ὠσπερ
2720 2180 2820 2249 γὰρ
2874 2180 3002 2248 γυνὴ
3058 2180 3485 2249 μεμνηστευμένη
3527 2172 3704 2250 ἀνδρὶ,
3745 2178 3879 2228 ποίν-

2270 2268 2427 2318 τοιτά
2480 2267 2792 2338 ὑπάρχοντα
2838 2266 3015 2332 αὐτῆς,
3070 2270 3160 2319 καὶ
3213 2265 3333 2324 ὅλην
3376 2269 3471 2323 τὴν
3523 2272 3719 2340 προῖκα
3750 2266 3876 2318 ἀπο-

2271 2358 2408 2429 φέρει
2439 2353 2494 2406 ἐκ
2547 2354 2743 2416 πολλῆς
2800 2354 3006 2426 ἀγάπης
3036 2355 3106 2417 εἰς
3148 2357 3241 2416 τάς
3278 2360 3464 2427 χεῖρας
3516 2354 3726 2428 ῥίψασα
3782 2361 3879 2406 τοῦ

2271 2441 2482 2519 ἀνδρὸς,
2516 2449 2607 2497 καὶ
2632 2452 2784 2497 τοῦτο
2810 2444 2963 2516 λέγει,
2998 2446 3179 2516 Ἐμὸν
3209 2440 3395 2496 οῦδὲν
3426 2446 3577 2516 ἔχω,
3610 2444 3687 2496 τὰ
3734 2441 3877 2516 ἐμοὶ

2272 2534 2660 2608 ὑπάρχοντα
2692 2537 2768 2586 σά
2807 2532 2947 2585 ἔστι
2979 2551 2992 2564 ⁸
3027 2537 3134 2586 καὶ
3162 2532 3359 2606 προὶξ
3394 2538 3468 2591 σή
3503 2535 3666 2598 ἑστι,
3698 2537 3809 2585 καὶ
3836 2533 3868 2590 ἠ

2274 2622 2391 2694 έμὴ
2423 2622 2605 2695 ψυχὴ
2638 2628 2746 2674 καὶ
2802 2627 2867 2674 τὸ
2923 2629 3106 2694 σῶμα
3149 2625 3216 2673 τὸ
3247 2620 3414 2695 ἐμὸν,
3468 2628 3577 2674 σὸν
3627 2620 3805 2674 ἐστιν
3848 2635 3863 2648 ⁸

2275 2711 2410 2763 οὕτω
2434 2717 2519 2764 καὶ
2553 2713 2583 2769 ἡ
2612 2718 2826 2786 σώφρων
2846 2710 3002 2782 ψυχὴ
3030 2713 3278 2785 παρθένος
3308 2710 3419 2763 ἐστὶ
3440 2717 3512 2781 τῷ
3536 2712 3732 2784 Κυρίῳ,
3760 2730 3871 2762 κοι-

2276 2808 2512 2852 νωνοῦσα
2541 2801 2611 2871 τῷ
2644 2800 2775 2872 ἁγίῳ
2807 2800 2968 2852 αὐτοῦ
3026 2802 3315 2871 Πνεῦματι,
3355 2802 3471 2871 Χρὴ
3507 2796 3567 2852 δέ
3595 2817 3651 2850 σε
3692 2802 3868 2869 ὥσπερ

2279 2890 2434 2953 αὐτὸς
2487 2894 2571 2942 ἐπὶ
2628 2897 2729 2961 ’γῆς
2760 2888 2915 2942 ἐλθὼν
2954 2891 3129 2953 ἔπαθε,
3183 2894 3273 2941 καὶ
3302 2887 3621 2961 ἐσταυρώθη,
3676 2892 3761 2939 καὶ
3805 2890 3865 2939 σε

2284 2980 2599 3053 συμπαθεῖν.
2655 2978 2813 3031 Ὅταν
2839 2980 2939 3052 γὰρ
2997 2977 3356 3051 ἀναχωρήσῃς
3394 2984 3489 3031 τοῦ
3517 2982 3726 3049 κόσμου,
3773 2979 3863 3027 καὶ

505 3086 634 3126 rere
684 3070 953 3141 caperis,
1004 3074 1060 3123 et
1089 3068 1450 3134 discernere,
1493 3074 1780 3140 superest,
1814 3074 1874 3123 ut
1904 3083 2164 3140 pugnam

2281 3069 2411 3143 ἄρξῃ
2464 3070 2638 3129 ζητεῖν
2693 3072 2780 3120 τὸν
2822 3070 2950 3121 Θεὸν
2997 3071 3086 3119 καὶ
3143 3062 3448 3142 διακρίνειν,
3501 3066 3678 3119 λοιπὸν
3719 3066 3865 3137 μάχῃ

506 3160 671 3214 ineas
698 3175 836 3213 cum
863 3162 1083 3213 natura
1114 3162 1234 3224 tua,
1268 3157 1531 3228 antiquis
1552 3156 1839 3213 nimirum
1874 3157 2170 3222 moribus,

506 3248 940 3305 consuetudine
968 3248 1069 3302 tibi
1093 3248 1317 3302 innata.
1344 3249 1409 3303 Et
1436 3246 1589 3302 inter
1609 3250 2008 3318 pugnandum
2034 3262 2171 3301 cum

506 3336 964 3404 consuetudine,
994 3336 1220 3407 reperis
1248 3336 1644 3405 cogitationes
1662 3336 2017 3392 reluctantes
2042 3335 2170 3401 tibi,

508 3433 565 3483 et
592 3429 996 3497 repugnantes
1022 3425 1224 3481 animo
1247 3432 1347 3479 tuo
1371 3441 1382 3478 :
1413 3441 1549 3496 quas
1572 3425 1965 3495 cogitationes
1988 3430 2041 3480 te
2062 3431 2174 3480 tra-

506 3516 679 3579 hunt,
716 3521 772 3569 et
833 3514 1003 3584 123
1046 3519 1403 3583 occupatum
1458 3514 1721 3568 reddunt
1760 3514 1964 3577 rebus,
2016 3515 2175 3570 unde

507 3603 757 3666 exivisti,
813 3602 1002 3657 oculis
1062 3602 1368 3671 subjectis.
1422 3602 1710 3673 Deinceps
1766 3601 1981 3674 incipis
2030 3617 2175 3674 prm-

507 3692 657 3746 lium
682 3706 995 3746 conserere
1016 3706 1085 3745 ac
1105 3690 1352 3756 bellum,
1377 3690 1770 3759 cogitationes
1800 3706 2046 3746 movens
2066 3692 2176 3747 ad-

502 3796 708 3837 versus
757 3780 1168 3849 cogitationes,
1228 3785 1490 3835 mentem
1542 3779 1836 3835 adversus
1888 3786 2171 3847 mentem,

503 3871 772 3926 animam
796 3868 1090 3924 adversus
1103 3867 1401 3935 animam,
1430 3869 1714 3940 Spiritum
1740 3868 2033 3925 adversus
2052 3870 2177 3941 Spi-

505 3959 684 4014 ritum
714 3974 726 4013 :
761 3963 1039 4014 caeterum
1063 3956 1180 4013 illic
1207 3961 1431 4014 interna
1453 3973 1696 4030 quoque
1727 3957 1932 4014 anima
1955 3963 2174 4030 praesto

510 4054 621 4105 est.

584 4176 646 4230 X.
683 4175 845 4228 Latet
868 4171 1029 4227 enim
1050 4172 1282 4229 occulta
1320 4173 1601 4244 quaedam
1633 4177 1690 4228 et
1719 4172 1949 4229 subtilis
1988 4173 2174 4230 facul-

509 4269 598 4320 tas
638 4260 1043 4327 tenebrarum,
1072 4261 1343 4316 insidens
1390 4262 1573 4317 cordi.
1608 4262 1899 4318 Dominus
1930 4279 2175 4336 quoque

507 4368 690 4425 prOpe
735 4352 999 4406 animam
1053 4358 1109 4406 et
1141 4367 1364 4422 corpus
1391 4356 1560 4406 tuum
1588 4358 1693 4418 est,
1748 4358 2026 4424 spectans
2065 4370 2176 4425 pu-

2282 3165 2343 3230 τῃ
2407 3160 2557 3230 φύσει
2604 3148 2703 3210 ’σου
2760 3158 2807 3210 ἓν
2860 3164 2968 3218 τοῖς
3016 3154 3255 3216 παλαιοῖς
3306 3157 3459 3214 eam
3498 3160 3588 3207 καὶ
3638 3161 3701 3227 τῇ
3761 3173 3881 3206 συν·

2283 3247 2434 3319 ῃθείᾳ
2553 3247 2943 3317 συνεγεννήθῃς.
3007 3248 3107 3297 Καὶ
3165 3246 3213 3297 ἓν
3245 3252 3316 3314 τῷ
3368 3246 3642 3317 μάχεσθαι
3669 3250 3732 3316 τῇ
3765 3261 3884 3295 συν-

2284 3338 2453 3408 ηθείᾳ,
2533 3337 2788 3409 εὑρίσκεις
2862 3334 3149 3406 λογισμοὺς
3223 3333 3603 3406 ἀντικειμένους
3654 3350 3740 3385 σοι
3794 3336 3883 3383 καὶ

2283 3430 2614 3497 μαχομένους
2666 3432 2739 3494 τῷ
2788 3431 2856 3495 νῷ
2889 3442 3004 3489 σου,
3034 3427 3125 3475 καὶ
3173 3422 3383 3475 ἕλκουσί
3414 3442 3471 3475 σε
3523 3424 3575 3475 οἱ
3614 3421 3883 3493 λογισμοὶ,

2284 3519 2373 3566 καὶ
2440 3514 2815 3589 ῥεμϐάζουσιν,
2889 3515 3001 3566 ὅθεν
3049 3512 3256 3575 ἐξῆλθες
3325 3512 3398 3575 εἰς
3452 3516 3512 3565 τὸ
3555 3519 3884 3586 φαινόμενον,

2282 3603 2466 3676 Ἀρχῃ
2523 3603 2700 3656 λοιπὸν
2730 3609 2893 3656 ποιεῖν
2942 3602 3119 3675 ἀγῶνα
3173 3607 3262 3654 καὶ
3303 3601 3541 3674 πόλεμον,
3600 3603 3890 3675 λογισμοὺς

2282 3701 2434 3745 κινῶν
2486 3696 2616 3767 πρὸς
2662 3692 2965 3765 λογισμοὺς,
3013 3699 3130 3745 νοῦν
3174 3694 3300 3764 πρὸς
3349 3698 3488 3756 νοῦν,
3517 3691 3712 3764 ψυχὴν
3764 3695 3884 3767 πρὸς

2282 3781 2489 3855 ψυχὴν,
2540 3790 2744 3854 πνεῦμα
2791 3786 2922 3856 πρὸς
2967 3789 3168 3854 πνεῦμα
3196 3798 3207 3812 ·
3262 3786 3353 3833 καὶ
3399 3779 3579 3835 λοιπὸν
3609 3781 3717 3834 ἐκεῖ
3770 3782 3871 3834 αἰω-

2281 3875 2367 3923 νία
2395 3873 2426 3929 ἡ
2460 3870 2640 3944 ψυχή.

2354 4176 2413 4232 Ι’.
2468 4172 2917 4229 Ἀποκαλύπτεται
2944 4172 3043 4244 γὰρ
3094 4171 3419 4245 κεκρυμμένη
3466 4188 3548 4231 τις
3591 4174 3683 4222 καὶ
3727 4169 3884 4228 λεπτὴ

2285 4263 2509 4339 δύναμις
2540 4272 2632 4317 τοῦ
2679 4266 2892 4322 σκότους
2944 4260 3349 4333 ἐγκαθεζομίνου
3390 4265 3451 4331 τῇ
3508 4256 3713 4332 καρδίᾳ
3748 4275 3763 4289 ⁸
3798 4263 3885 4312 καὶ

2283 4356 2309 4406 ὁ
2366 4357 2549 4427 Κύριος
2598 4352 2751 4423 ἔγγὺς
2799 4358 2890 4411 τῆς
2934 4349 3119 4421 ψυχῆς
3173 4353 3263 4401 καὶ
3316 4355 3408 4401 τοῦ
3486 4352 3731 4420 σώματός
3785 4350 3882 4399 σοῦ

507 4456 689 4512 gnam
718 4447 903 4506 tuam,
929 4445 987 4495 et
1021 4456 1275 4495 arcanas
1300 4440 1576 4495 caelestes
1606 4442 1995 4510 cogitationes
2026 4442 2164 4497 indit

2283 4446 2423 4496 ἐστιν
2455 4445 2585 4516 ὁρῶν
2614 4446 2701 4494 τὸν
2744 4440 2963 4513 πόλεμόν
2997 4458 3113 4505 σου,
3154 4442 3243 4490 καὶ
3290 4440 3551 4510 κρυπτοὺς
3601 4436 3881 4507 λογισμοὺς

508 4532 632 4597 tibi,
670 4535 850 4603 atque
882 4530 1089 4601 incipit
1118 4530 1277 4584 clam
1317 4534 1366 4584 te
1398 4529 1748 4586 refocillare.
1784 4531 2027 4585 Dimittit
2061 4549 2173 4587 au-

505 4627 627 4679 tem
670 4626 742 4690 te,
777 4621 968 4675 donec
1005 4619 1324 4687 erudiaris,
1364 4625 1419 4674 et
1459 4620 1517 4674 in
1556 4620 1701 4690 ipsis
1749 4618 2173 4675 afﬂictionibus

509 4711 712 4779 dirigit
737 4714 792 4762 te
820 4708 1009 4777 gratia
1035 4725 1047 4761 :
1082 4724 1217 4779 quae
1245 4707 1345 4762 ubi
1365 4724 1399 4761 a
1420 4724 1624 4778 pugna
1650 4708 1727 4763 ad
1753 4710 2016 4779 quietem
2045 4724 2170 4780 per-

508 4798 761 4865 veneris,
805 4796 1293 4865 cognoscendam
1350 4796 1453 4851 tibi
1507 4814 1566 4852 se
1616 4798 1814 4869 ipsam
1871 4798 2068 4860 tradit,
2118 4804 2174 4855 et

504 4892 947 4943 commonstrat
979 4886 1106 4950 tibi,
1133 4902 1195 4940 se
1230 4885 1309 4940 ad
1336 4886 1812 4942 emolumentum
1846 4891 2013 4943 tuum
2044 4904 2173 4959 per-

504 4976 761 5039 misisse,
820 4980 880 5028 ut
930 4974 1281 5028 exercearis.
1338 4974 1584 5029 Perinde
1640 4990 1709 5031 ac
1764 4974 1812 5029 si
1863 4975 1939 5031 sit
1977 4975 2170 5031 divitis

503 5063 821 5134 cujusdam
869 5078 1040 5134 puer,
1084 5062 1182 5134 qui
1218 5062 1441 5119 habeat
1482 5064 1906 5135 paedagogum,
1957 5064 2169 5121 tandiu

503 5151 751 5224 quidem
776 5151 916 5206 loris
947 5151 1114 5206 illum
1147 5151 1349 5217 caedit;
1374 5158 1430 5206 et
1462 5155 1789 5223 castigatio,
1817 5153 2067 5210 vulnera
2099 5169 2167 5210 ac

505 5242 701 5314 plagae
731 5239 996 5295 molestae
1020 5240 1071 5295 ei
1089 5240 1383 5305 videntur,
1414 5241 1602 5297 donec
1626 5242 1825 5297 evadit
1853 5245 1913 5298 in
1936 5244 2162 5315 virum;

506 5337 648 5389 tunc
681 5346 819 5386 vero
859 5330 1066 5400 incipit
1103 5335 1340 5399 gratum
1367 5347 1428 5385 se
1465 5331 1742 5388 exhibere
1773 5333 2107 5404 paedagogo
2151 5352 2165 5391 :

505 5422 587 5477 sic
600 5436 843 5493 quoque
859 5420 1047 5489 gratia
1065 5435 1202 5474 cum
1219 5419 1665 5490 dispensatione
1680 5421 1957 5492 castigat,
1973 5423 2166 5479 donec

505 5511 566 5565 in
602 5510 930 5582 perfectum
955 5508 1152 5564 virum
1182 5508 1428 5565 evadas.

579 5619 660 5672 Xl.
700 5616 968 5687 Agricola
997 5632 1203 5672 semen
1226 5616 1287 5670 in
1314 5631 1742 5689 quamcunque
1770 5622 2003 5688 partem
2032 5635 2163 5691 pro-

500 5707 654 5784 jicit,
683 5713 739 5763 et
777 5706 879 5782 qui
907 5705 1136 5782 plantat
1166 5706 1424 5777 vineam,
1465 5704 1627 5780 cupit
1651 5710 1714 5762 ut
1743 5709 1867 5771 tota
1904 5706 2163 5769 fructum

2284 4533 2557 4607 οὐρανίους
2610 4529 2845 4587 ἐντίθησι
2899 4548 3003 4595 σοι,
3032 4532 3122 4580 καὶ
3151 4529 3380 4599 ἄρχεται
3429 4525 3699 4579 ἀναπαύειν
3736 4541 3795 4574 σε
3820 4521 3869 4573 ἐν

2282 4630 2355 4693 τῷ
2398 4628 2628 4695 κρυπτῷ.
2681 4619 2900 4692 Ἀφίησι
2933 4614 2992 4671 δέ
3033 4635 3090 4670 σε
3119 4620 3244 4677 τέως
3278 4612 3641 4679 παιδευθῆναι,
3677 4617 3764 4664 καὶ
3797 4610 3870 4673 εἰς

2285 4710 2447 4773 αὐτὰς
2494 4711 2582 4771 τὰς
2643 4707 2841 4778 θλίψεις
2887 4706 3145 4777 οἰκονομεῖ
3192 4723 3249 4757 σε
3301 4705 3331 4763 ἡ
3386 4708 3591 4781 χάρις·
3639 4707 3727 4755 καὶ
3754 4701 3875 4754 ὅταν

2283 4799 2432 4871 ἔλθῃς
2472 4799 2542 4859 εἰς
2570 4797 2881 4863 ἀνάπαυσιν,
2909 4794 3151 4869 γνωρίζει
3185 4812 3270 4846 σοι
3318 4793 3528 4859 ἑαυτὴν,
3565 4798 3655 4845 καὶ
3685 4787 3881 4844 δείκνυ-

2285 4893 2339 4941 σί
2385 4907 2489 4957 σοι,
2540 4889 2620 4939 ὅτι
2672 4887 2797 4961 ὑπερ
2850 4892 2942 4937 τοῦ
2994 4888 3336 4957 συμφέροντος
3386 4901 3481 4935 σου
3528 4887 3885 4955 παρεχώρησε

2280 4980 2650 5051 γυμνασθῆναί
2695 4995 2770 5030 σε.
2817 4973 3015 5047 Ὠσπερ
3059 4968 3241 5046 ὄτανῇ
3292 4972 3545 5025 πλουσίου
3587 4975 3732 5033 τινὸς
3766 4989 3887 5023 παι-

2284 5064 2419 5134 δίον,
2468 5072 2558 5119 καὶ
2604 5069 2702 5139 ἔχῃ
2760 5061 3127 5135 παιδαγωγὸν,
3173 5066 3299 5125 τέως
3355 5064 3445 5134 μεν
3496 5060 3682 5134 λώροις
3729 5064 3888 5113 αὑτὸν

2282 5156 2582 5230 βασανίζει,
2642 5158 2731 5206 καὶ
2762 5156 2793 5212 ἡ
2841 5150 3078 5211 παιδεία,
3131 5157 3221 5204 καὶ
3272 5153 3338 5204 τὰ
3365 5153 3664 5226 τραύματα,
3712 5155 3802 5202 καὶ
3832 5152 3893 5203 αἱ

2278 5246 2478 5317 πληγαὶ
2550 5243 2765 5317 βαρεῖαν
2814 5247 3100 5316 φαίνονται,
3158 5242 3251 5302 ἕως
3321 5240 3406 5292 ὅτε
3460 5243 3677 5309 γένηται
3729 5237 3890 5312 ἀνὴρ,

2278 5340 2393 5387 τότε
2424 5331 2483 5386 δὶ
2524 5334 2753 5407 ἄρχεται
2805 5331 3137 5404 εὐχαριστεῖν
3191 5337 3263 5400 τῷ
3306 5324 3639 5400 παιδαγωγῷ
3673 5345 3687 5358 ⁸
3718 5327 3895 5390 οὕτως

2278 5428 2366 5476 καὶ
2417 5425 2447 5481 ἠ
2489 5425 2648 5495 χάρις
2691 5421 3032 5494 οἰκονομικῶς
3079 5416 3339 5485 παιδεύει,
3395 5418 3490 5480 ἕως
3538 5419 3621 5470 ὅτε
3672 5418 3893 5491 φθάσῃς

2279 5513 2349 5576 εἰς
2382 5512 2567 5566 τελειον
2598 5508 2788 5586 ἄνδρα.

2351 5619 2454 5674 IA'.
2487 5619 2547 5672 Ὀ
2576 5621 2804 5695 γεωργὸς
2854 5621 2941 5671 τὸν
2972 5620 3163 5690 σπόρον
3193 5620 3469 5688 πανταχοῦ
3497 5610 3695 5688 ῥίπτει,
3729 5617 3826 5666 καὶ
3858 5615 3888 5667 ὁ

2275 5712 2503 5787 φυτεύων
2533 5709 2777 5785 ἄμπελον,
2830 5707 2979 5775 θέλει,
3022 5707 3106 5760 ἶνα
3150 5705 3243 5765 ὅλῃ
3290 5708 3697 5779 καρποφορήσῃ.
3749 5707 3885 5758 Aor-
