4130 6286
253 352 348 408 741
1505 346 1848 406 HOMILI/E.
1887 376 1952 386 —
2002 344 2174 400 HOM.
2220 345 2464 402 XXXIII.

3500 333 3604 403 7‘42

252 482 347 530 πὸν
379 474 466 530 οὖν
514 477 737 552 ἐπιφέρει
795 480 853 529 τὸ
887 474 1161 552 δρέπανον,
1223 483 1312 529 καὶ
1362 475 1404 528 εἰ
1452 480 1523 547 μὴ
1557 475 1840 548 εὖροικαρ-

1961 470 2224 542 proferat
2244 487 2257 536 ;
2277 470 2667 542 postmodum
2691 485 2832 539 ergo
2856 470 3019 527 illata
3045 470 3216 537 falce,
3235 472 3417 528 sinon
3445 473 3616 530 inve-

250 571 368 636 πὸν,
425 568 696 620 λυπεῖταν
750 567 910 627 οὕτως
959 572 1048 619 καὶ
1102 568 1127 617 ό
1161 569 1348 638 Κύριος
1376 566 1641 636 τὸνλόγον
1690 563 1850 614 αὐτοῦ

254 665 520 730 σπαρῆναι
554 657 681 709 θέλει
714 657 784 717 εἰς
809 660 898 718 τὰς
941 653 1170 728 καρδίας
1212 665 1310 707 τῶν
1356 655 1658 727 ἀνθρώπων.
1713 651 1848 706 Ἀλλ’

250 747 422 819 ὥσπερ
449 747 475 796 ὅ
514 748 743 819 γεωργός
791 745 838 796 έν
889 753 950 803 τῆ
992 744 1221 816 ὰποκένῳ
1252 750 1408 816 χώρᾳ
1433 744 1667 796 λυπεῖται
1691 759 1703 771 ’
1758 742 1848 793 ού·-

247 855 340 895 τως
366 840 456 887 καὶ
482 836 507 886 ό
549 838 737 906 Κύριος
780 833 828 886 ἓν
867 842 926 907 τῇ
983 835 1212 906 ἀποκένῳ
1258 831 1458 906 καρδίᾳ
1492 838 1579 885 καὶ
1626 837 1696 903 μὴ
1725 850 1850 904 καρ-

247 927 551 996 ποφορούση
633 924 892 976 λυπεῖται.
967 922 1168 998 Ὠσπερ
1229 926 1277 975 οἱ
1326 925 1503 994 οἶνεμοι
1571 927 1848 992 πανταχοῦ

245 1017 487 1066 πνέουσιν
533 1013 602 1075 εἰς
656 1019 831 1066 πᾶσαν
887 1018 981 1070 τὴν
1058 1018 1253 1077 κτίσιν,
1324 1017 1413 1064 καὶ
1481 1011 1653 1082 ὥσπερ
1704 1010 1847 1069 ἣλιος

1351 1101 1518 1161 οὓτως
1575 1103 1603 1157 ἡ
1638 1102 1718 1152 θεό
1741 1117 1804 1155 τη
1829 1119 1849 1160 ς

241 1198 518 1264 πανταχοῦ
573 1190 702 1255 ἐστι,
762 1197 851 1243 καὶ
904 1198 1181 1262 πανταχοῦ
1237 1192 1557 1265 εὑρίσκεται.
1640 1187 1698 1242 Εἰ
1755 1189 1849 1248 ζη-

242 1288 341 1341 τεῖς
413 1281 569 1332 αὑτὸν
640 1279 688 1332 ἕν
756 1287 862 1340 τοῖς
930 1281 1188 1355 οὐρανοῖς,
1267 1279 1372 1332 ἐκεῖ
1450 1281 1746 1352 εὑρίσκεται
1798 1279 1846 1328 ἐν

1165 1369 1207 1421 εἰ
1247 1369 1422 1430 ζητεῖς
1453 1368 1609 1419 αὑτὸν
1641 1367 1722 1419 ἐπὶ
1752 1374 1849 1428 τῆς

243 1104 388 1173 πάσῃ
451 1111 514 1175 τῇ
596 1103 868 1174 οἰκουμένῃ
951 1101 1228 1174 ἐπιλάμπει
1268 1118 1280 1130 ’

242 1377 350 1431 τοῖς
379 1369 655 1442 λογισμοῖς
703 1377 802 1420 τῶν
844 1368 1069 1440 ἀγγέλων
1108 1386 1120 1398 ο

240 1468 356 1529 γῆς,
416 1464 504 1511 καὶ
559 1456 663 1511 ὧδε
708 1460 996 1530 εὑρίσκεται
1043 1458 1092 1510 ἐν
1154 1465 1268 1518 ταῖς
1320 1454 1570 1532 καρδίαις
1617 1465 1715 1507 τῶν
1760 1455 1842 1507 ἁν-

243 1551 477 1621 θρώπων.
568 1548 701 1601 Ἀπὸ
766 1547 962 1600 πολλῶν
1034 1543 1093 1599 δε
1149 1547 1315 1619 ὀλίγοι
1386 1549 1714 1620 εὑρίσκονται
1796 1551 1844 1598 οὶ

244 1636 631 1710 εύαρεστοῦντες
690 1637 830 1707 αύτῷ
912 1641 1246 1709 Χριστιανοὶ.
1311 1636 1443 1698 Δόξα
1488 1641 1576 1687 καὶ
1627 1634 1844 1707 μεγαλο-

245 1729 466 1797 πρέπεια
510 1731 697 1798 Πατρὶ,
777 1730 866 1778 καὶ
925 1727 1048 1797 Υἱῷ,
1119 1731 1208 1778 καὶ
1255 1725 1389 1796 ἁγίῳ
1443 1727 1724 1797 Πνεύματι,
1776 1724 1842 1785 εἰς

239 1817 362 1876 τοὺς
393 1814 584 1878 αἰῶνας
610 1817 797 1888 Ἀμήν.

831 1941 1078 1994 ΟΜΙΛῘΑ
1118 1939 1237 1992 AI".

239 2059 710 2124 Ἀδιαλείπτως
747 2068 854 2117 καὶ
904 2070 1248 2136 προσεχῶς
1281 2059 1383 2115 δεῖ
1414 2071 1494 2134 τῷ
1522 2071 1652 2133 Θεῷ
1697 2082 1837 2137 προ-

843 2137 1228 2208 σεύχεσθαι.

310 2263 388 2316 A’.
467 2265 546 2312 Δει
620 2261 783 2331 ἡμᾶς,
837 2264 909 2332 μὴ
969 2263 1106 2312 κατὰ
1157 2262 1270 2321 ἔθος
1327 2263 1646 2332 σωματικὸν,
1703 2263 1836 2330 μήτε

233 2354 466 2420 κραυγῆς
519 2350 640 2414 ἔθει,
696 2354 828 2420 μήτε
873 2350 1123 2420 συνηθείᾳ
1181 2356 1402 2416 σιωπῆς,
1451 2354 1582 2419 μήτε
1621 2347 1837 2409 κλίσεως

235 2439 466 2506 γονάτων
543 2440 983 2508 προσεύχεσθαι’
1069 2437 1196 2489 ἀλλὰ
1271 2437 1530 2510 νηφαλέως
1616 2445 1686 2507 τῷ
1767 2444 1836 2506 νῷ

236 2530 603 2596 προσέχοντας
667 2523 971 2598 προσδοκᾷν
1017 2529 1103 2578 τὸν
1155 2530 1283 2579 Θεὸν
1321 2531 1444 2578 πότε
1493 2525 1702 2596 ἐπιστῇ,
1749 2530 1837 2577 καὶ

236 2613 588 2686 ἐπισκέψηται
630 2611 724 2667 διὰ
777 2624 958 2667 πασῶν
1004 2624 1100 2666 τῶν
1142 2613 1330 2678 ἐξόδων
1375 2619 1467 2672 τὴν
1495 2614 1703 2685 ψυχὴν,
1751 2617 1835 2666 καὶ

240 2709 340 2752 τῶν
367 2701 556 2775 τρίϐων
589 2703 752 2765 αὐτῆς
780 2708 869 2756 καὶ
917 2704 1294 2778 αἰσθητηρίων.
1351 2709 1448 2756 Καὶ
1492 2704 1655 2764 οὕτως
1684 2705 1837 2761 ἡνίκα

238 2797 348 2866 χρὴ
404 2799 627 2865 σιωπᾴν,
676 2800 764 2847 καὶ
814 2797 970 2853 ἡνίκα
1030 2793 1164 2866 βοᾴν
1219 2799 1354 2869 χρὴ,
1401 2799 1489 2846 καὶ
1533 2797 1580 2846 ἐν
1633 2801 1831 2868 κραυγῇ

235 2885 655 2954 προσεύχεσθαι,
709 2888 861 2954 μόνον
911 2886 936 2936 ὁ
999 2892 1111 2944 νοῦς
1150 2883 1430 2958 ἐρρωμένος
1578 2887 1702 2955 πρὸς
1752 2887 1836 2934 τὸν

238 2973 377 3023 Θεὸν.
407 2969 606 3044 ’Ὠσπερ
646 2974 748 3044 γὰρ
785 2976 840 3025 τό
896 2980 1050 3045 σῶμα
1101 2975 1222 3024 ὅταν
1282 2971 1572 3046 ἐργάζηταί
1612 2991 1682 3036 τι,
1725 2971 1836 3022 ὅλον

241 3054 312 3109 δι’
354 3059 471 3111 ὅλου
529 3059 911 3132 ἀποσχολεῖται
967 3060 1255 3132 ἐγκείμενον
1309 3069 1381 3130 τῷ
1413 3063 1568 3133 ἔργῳ,
1599 3065 1688 3111 καὶ
1714 3062 1840 3111 πάν-

238 3148 302 3198 τὰ
328 3147 488 3201 αύτοῦ
522 3151 586 3200 τὰ
619 3149 743 3218 μέλη
805 3147 1040 3209 ἀλλήλοις
1088 3148 1277 3221 βοηθεῖ
1307 3166 1317 3177 ·

242 3239 318 3304 χή
351 3236 439 3294 ὅλη
492 3234 565 3289 δι’
607 3236 724 3289 ὅλου
758 3234 1108 3289 ἀποδεδύσθω
1139 3237 1206 3299 εἰς
1258 3243 1351 3295 τὴν
1382 3242 1512 3312 πρός
1545 3241 1733 3310 Κύριον
1764 3241 1842 3290 αῖ-

238 3341 393 3380 τησιν
437 3330 526 3377 καὶ
575 3323 806 3396 ἀγάπην,
861 3330 933 3397 μὴ
982 3326 1270 3398 ῥεμϐομένη
1325 3332 1414 3379 καὶ
1469 3332 1838 3401 περιφερομένη

242 3419 352 3473 τοῖς
396 3413 692 3486 λογισμοῖς,
749 3419 838 3467 καὶ
887 3418 1034 3488 πάσῃ
1067 3424 1129 3488 τῇ
1166 3416 1468 3489 προσδοκίᾳ
1498 3435 1840 3491 προσανακειο

243 3507 368 3575 μένη
403 3511 662 3576 Χριστοῦ.

318 3627 394 3683 B’.
433 3633 531 3681 Καὶ
556 3628 718 3690 οὕτως
765 3629 918 3692 αὐτὸς
947 3629 1249 3701 ἓπιλάμψει,
1284 3630 1532 3690 ἀληθινὴν
1566 3627 1840 3684 διδάσκων

241 3721 475 3782 αἴτησιν,
523 3715 710 3780 διδοὺς
769 3719 932 3790 εὐχὴν
981 3723 1232 3794 καθαρὰν,
1289 3726 1664 3793 πνευματικὴν,
1707 3729 1843 3776 Θεοῦ

247 3805 416 3873 ἀξίαν,
449 3812 538 3860 καὶ
569 3812 680 3867 τὴν
733 3811 791 3860 ἐν
821 3811 1137 3882 πνεύματι
1177 3814 1284 3862 καὶ
1329 3809 1600 3883 ἀληθείᾳ
1650 3831 1842 3884 προσ-

244 3899 398 3952 κύνη
420 3916 538 3950 σιν.
571 3895 770 3968 ’Ὠσπερ
805 3893 863 3949 δε
889 3899 914 3949 ὅ
947 3897 1199 3970 ἐμπορίας
1229 3902 1419 3969 τέχνην
1459 3901 1838 3972 ἐπανελόμενος,

247 3984 305 4035 ού
332 3989 648 4058 μονότροπον
691 3987 800 4056 ἔχει
859 3993 950 4037 τοῦ
1004 3984 1223 4057 κέρδους
1281 3992 1374 4044 τὴν
1431 3986 1679 4051 έπίνοιαν,
1715 3987 1843 4040 ἀλλὰ

244 4073 494 4124 πάντοθεν
575 4072 744 4133 αὔξειν
813 4079 903 4125 καὶ
985 4074 1431 4134 πολυπλασιάζειν
1505 4080 1564 4127 τὸ
1655 4074 1842 4148 κέρδος

245 4159 525 4230 ἐπείγεται,
595 4159 696 4212 ἀπὸ
753 4163 948 4223 ταύτης
997 4162 1071 4233 ἔφ’
1131 4163 1304 4236 ἑτέραν
1362 4169 1544 4235 μετιὼν
1593 4164 1837 4232 ἐπίνοιαν,

243 4253 332 4300 καὶ
364 4248 586 4301 ἐντεῦθεν
640 4253 771 4322 πρὸς
827 4251 989 4325 ἕτερον
1037 4255 1240 4322 τρέχων
1288 4256 1466 4324 πόρον,
1495 4257 1585 4304 καὶ
1611 4253 1710 4304 ἀπὸ
1751 4260 1842 4304 τοῦ

244 4334 411 4411 μηδὲν
470 4337 752 4400 ὀνήσαντος
803 4337 880 4391 αεὶ
933 4337 1221 4398 ἀποπηδῶν
1275 4344 1359 4392 ἐπὶ
1391 4345 1448 4392 τὸ
1503 4339 1838 4416 κερδαλεώτεο

239 4446 327 4502 ρον
355 4430 571 4501 τρέχει·
628 4427 789 4489 οὕτως
842 4432 931 4480 καὶ
981 4429 1130 4500 ἡμεῖς
1187 4433 1275 4487 τὴν
1322 4429 1509 4501 ψυχὴν
1540 4432 1685 4503 ἡμῶν
1729 4449 1841 4482 ποι-

1961 560 2088 614 niat
2115 560 2395 626 fructum,
2429 575 2685 615 maerore
2713 559 2968 615 afﬁcitur
2998 579 3010 616 :
3043 561 3127 615 sic
3151 577 3393 633 quoque
3427 563 3618 618 Domi-

1960 663 2075 703 nus
2110 649 2360 704 verbum
2393 665 2568 704 suum
2621 650 2904 706 seminari
2945 650 3068 705 vult
3098 651 3156 705 in
3190 651 3471 707 cordibus
3509 652 3613 708 ho-

1959 737 2221 795 minum.
2260 739 2472 793 Verum
2505 737 2750 809 perinde
2783 755 2853 795 ac
2883 739 3151 808 agricola
3177 739 3255 795 ob
3300 741 3607 810 regionem

1959 827 2201 883 inanem
2249 827 2525 898 angitur;
2577 829 2662 882 sic
2692 843 2934 900 quoque
2981 829 3266 884 Dominus
3296 829 3369 884 de
3418 845 3611 886 vacuo

1958 916 2159 980 corde,
2185 932 2291 972 nec
2313 915 2537 972 fructus
2560 917 2946 987 producente,
2976 919 3371 974 contristatur.
3398 921 3611 983 Quem-

1958 1004 2292 1060 admodum
2326 1005 2484 1060 venti
2524 1005 2779 1077 perﬂant
2810 1005 3030 1077 ubique
3061 1013 3340 1062 cunctam
3377 1013 3608 1062 creatu-

1957 1109 2086 1148 ram
2105 1110 2117 1158 ;
2134 1093 2717 1165 etquemadmodum
2740 1092 3082 1150 solomnem
3099 1100 3315 1151 terram
3330 1095 3606 1161 illustrat,

1958 1185 2044 1238 sic
2071 1183 2262 1239 deitas
2295 1184 2517 1256 ubique
2543 1189 2652 1251 est,
2684 1189 2738 1240 et
2771 1184 2995 1256 ubique
3020 1186 3327 1256 reperitur.
3358 1186 3416 1240 Si
3447 1201 3608 1257 quaa-

1957 1287 2053 1327 ras
2084 1271 2250 1327 illum
2279 1275 2336 1327 in
2369 1273 2550 1337 cmlis,
2586 1273 2703 1328 illic
2733 1273 3024 1344 reperitur
3051 1275 3110 1328 in
3137 1273 3607 1344 cogitationibus

1956 1361 2349 1430 angelorum;
2393 1363 2439 1415 si
2480 1378 2718 1433 quieras
2767 1377 2906 1417 eum
2936 1362 2994 1416 in
3027 1367 3202 1426 terra,
3238 1363 3336 1418 hic
3363 1379 3606 1435 quoque

1954 1450 2245 1519 reperitur
2287 1452 2345 1504 in
2400 1449 2684 1505 cordibus
2731 1450 3071 1506 hominum.
3123 1454 3163 1506 E
3218 1451 3419 1506 multis
3466 1467 3606 1508 vero

1955 1539 2130 1608 pauci
2183 1540 2576 1610 reperiuntur,
2619 1539 2724 1611 qui
2772 1539 3046 1610 placeant
3095 1543 3212 1596 Deo
3266 1540 3606 1598 Christiani.

1954 1626 2148 1682 Gloria
2195 1633 2252 1683 et
2283 1628 2729 1697 magniﬁcentia
2776 1629 2944 1696 Patri,
2978 1635 3034 1685 et
3077 1629 3242 1693 Filio,
3275 1635 3332 1686 et
3365 1630 3606 1702 Spiritui

1952 1721 2182 1782 sancto,
2217 1717 2274 1772 in
2317 1717 2548 1773 saecula.
2593 1721 2800 1773 Amen.

2482 1931 2768 1988 HOMILIA
2807 1932 3028 1988 XXXIII.

1953 2059 2360 2116 lndesz‘nenter
2385 2063 2437 2115 et
2470 2061 2687 2115 attente
2724 2062 2952 2140 oportet
2985 2060 3099 2115 Deo
3139 2062 3272 2116 vota
3311 2059 3516 2128 facere
3545 2063 3600 2116 et

2653 2145 2917 2198 precari.

2022 2259 2058 2309 I.
2090 2256 2330 2326 Oportet
2369 2270 2500 2318 nos,
2535 2269 2655 2310 non
2689 2270 2762 2309 ex
2806 2270 2970 2310 more
3001 2270 3310 2326 corporeo,
3342 2271 3450 2311 nec
3493 2270 3601 2326 pro

1950 2360 2112 2399 more
2145 2343 2530 2409 vociferandi,
2592 2359 2701 2398 nec
2745 2359 2817 2399 ex
2872 2345 3304 2400 consuetudine
3360 2344 3598 2410 silendi,

1949 2439 2051 2490 aut
2093 2449 2292 2503 genua
2324 2433 2618 2498 ﬂectendi,
2649 2449 2852 2504 preces
2885 2433 3074 2489 facere
3096 2453 3111 2503 ;
3155 2450 3362 2490 verum
3404 2434 3601 2489 sobrie

1949 2524 2219 2579 animum
2272 2522 2643 2576 attendentes
2693 2529 3039 2593 exspectare
3103 2525 3309 2586 Deum,
3351 2523 3600 2595 quando

1949 2611 2140 2667 aderit
2179 2611 2438 2666 visitabit
2470 2627 2574 2681 per
2622 2627 2834 2667 omnes
2885 2612 3256 2682 egressiones
3307 2613 3598 2676 animam,

1947 2717 2052 2773 per
2073 2701 2315 2755 semitas
2339 2701 2468 2769 ejus
2493 2716 2562 2754 ac
2585 2715 2870 2755 sensuum
2889 2715 3155 2769 organa;
3187 2707 3241 2755 et
3259 2700 3338 2756 ita
3355 2701 3602 2773 quando

1947 2790 2265 2846 conveniat
2293 2797 2506 2853 tacere,
2539 2796 2595 2844 et
2625 2789 2871 2860 quando
2891 2790 3206 2844 conveniat
3234 2789 3516 2859 clamare,
3549 2793 3606 2845 et

1947 2895 2084 2935 cum
2120 2877 2540 2932 vociferatione
2571 2877 2816 2948 precari,
2851 2877 3034 2933 modo
3061 2894 3232 2933 mens
3267 2879 3339 2933 sit
3366 2877 3604 2934 ﬁrmata

1947 2968 2007 3023 in
2046 2970 2252 3022 Deum.
2289 2965 2538 3020 Perinde
2582 2966 2740 3022 enim
2783 2982 2852 3021 ac
2900 2982 3120 3038 corpus
3150 2984 3288 3022 cum
3321 2972 3604 3038 operatur

1948 3056 2480 3128 quidpiam,totum
2496 3055 2729 3125 penitus
2743 3059 3093 3126 occupatum
3109 3055 3601 3128 incumbitoperi,

1372 3149 1508 3201 οὕτω
1555 3154 1644 3200 καὶ
1676 3151 1703 3206 ἡ
1734 3149 1840 3220 ψυ-

1955 3151 2006 3200 et
2046 3144 2253 3200 omnia
2292 3144 2420 3214 ejus
2466 3142 2738 3198 membra
2769 3159 2829 3198 se
2860 3144 3112 3199 invicem
3141 3145 3434 3214 adjuvant
3468 3157 3480 3197 :
3517 3145 3603 3200 sic

1949 3248 2194 3305 quoque
2209 3233 2412 3287 anima
2427 3237 2546 3287 tota
2558 3247 2804 3302 prorsus
2821 3237 3202 3288 consecretur
3217 3233 3602 3305 postulationi

1951 3327 2006 3376 et
2036 3321 2305 3377 charitati
2340 3321 2592 3386 Domini,
2625 3337 2760 3392 quae
2793 3336 2900 3376 nec
2931 3322 3097 3391 vagis
3126 3327 3471 3394 occupetur,
3501 3326 3606 3378 aut

1951 3410 2400 3466 circumferatur
2446 3410 2925 3479 cogitationibus,
2969 3415 3025 3466 et
3073 3427 3239 3482 spem
3286 3418 3466 3482 atque
3507 3427 3604 3468 ex-

1952 3504 2379 3572 spectationem
2395 3515 2637 3555 omnem
2651 3499 3004 3555 collocatam
3029 3499 3322 3556 habeatin
3348 3501 3600 3558 Christo.

2023 3625 2092 3681 ll.
2138 3627 2325 3696 Atque
2373 3623 2487 3679 hoc
2524 3628 2699 3693 pacto
2728 3623 3029 3680 illucescet
3075 3624 3192 3690 ille,
3243 3626 3346 3697 qui
3378 3642 3599 3697 purum

1950 3713 2122 3770 docet
2154 3714 2393 3784 petendi
2425 3713 2694 3776 modum,
2724 3721 2780 3768 et
2809 3715 3073 3785 suggerit
3118 3716 3452 3771 orationem
3485 3732 3600 3788 pu-

1949 3821 2079 3860 ram
2106 3803 2498 3874 spiritualem,
2524 3803 2926 3871 Deodignam,
2959 3809 3015 3858 et
3039 3819 3175 3874 quae
3205 3804 3269 3858 ﬁt
3299 3804 3360 3860 in
3384 3807 3601 3873 spiritu

1952 3899 2002 3949 et
2046 3892 2308 3954 veritate,
2339 3892 2748 3947 adorau'onem
2780 3893 2847 3944 ³ο.
2883 3891 3409 3956 Quemadmodum
3437 3911 3599 3960 vero,

1951 3981 2054 4051 qui
2089 3981 2502 4036 mercatoriam
2534 3986 2718 4035 artem
2752 3980 2944 4048 elegit,
2977 3996 3096 4035 non
3129 3982 3375 4036 unicum
3406 3983 3601 4038 solum

1949 4069 2098 4124 lucri
2127 4068 2379 4123 faciendi
2403 4070 2692 4137 excogitat
2717 4069 3047 4133 inventum,
3076 4069 3182 4124 sed
3202 4070 3601 4142 undecunque

1953 4172 2171 4223 augere
2194 4156 2810 4211 etcumularelucrum
2835 4156 3085 4225 cogitur,
3109 4157 3187 4212 ab
3203 4158 3315 4213 hac
3336 4159 3508 4231 124
3522 4161 3599 4215 ad

1953 4246 2134 4301 aliam
2163 4247 2452 4301 transiens
2467 4246 2758 4301 solertiam
2779 4251 2833 4300 et
2847 4246 3150 4301 inventum
3174 4265 3185 4312 ;
3207 4251 3262 4302 et
3280 4247 3418 4303 inde
3435 4248 3600 4303 aliud

1953 4335 2060 4389 iter
2088 4335 2439 4405 suscipiens,
2466 4340 2518 4388 et
2541 4337 2616 4390 ab
2639 4350 2730 4399 eo,
2755 4334 2918 4406 quod
2938 4335 3083 4389 nihil
3101 4336 3338 4404 prodest
3364 4353 3601 4409 semper

1953 4422 2316 4486 transiliens,
2351 4423 2427 4478 ad
2466 4422 2547 4486 id,
2590 4421 2754 4490 quod
2785 4424 3188 4492 quaestuosius
3218 4429 3326 4486 est,
3361 4426 3540 4480 currit
3585 4440 3596 4478 :

240 4516 396 4578 κίλως
448 4522 537 4569 καὶ
568 4516 815 4589 έντέχνως
871 4518 1272 4592 εύτρεπίσωμεν,
1329 4521 1465 4581 ὅπως
1513 4517 1840 4592 κερδανωμεν

1955 4513 2034 4568 sic
2061 4528 2304 4584 quoque
2329 4528 2434 4567 nos
2457 4512 2721 4566 animam
2751 4515 3019 4566 nostram
3036 4511 3190 4567 varie
3216 4514 3600 4569 etartiﬁciose

241 4609 300 4657 τὸ
332 4604 572 4664 ἀληθινὸν
619 4612 710 4659 καὶ
739 4611 874 4680 μέγα
894 4605 1098 4682 κέρδος,
1131 4611 1216 4661 τὸν
1242 4611 1368 4661 Θεὸν
1401 4612 1484 4661 τὸν
1513 4606 1841 4663 διδάσκοντα

241 4695 380 4764 ἡμᾶς
436 4694 488 4756 ἐξ
542 4694 781 4757 ἀληθείας
813 4700 1229 4771 προσεύχεσθαι.
1287 4698 1466 4761 ῡῦτως
1505 4702 1605 4772 γὰρ
1651 4702 1841 4752 ἐπανα-

245 4783 514 4834 παύεταιό
557 4787 743 4857 Κύριος
794 4793 855 4858 τῇ
918 4785 1088 4859 ἁγαθῇ
1137 4796 1226 4848 τῆς
1273 4787 1460 4859 ψυχῆς
1514 4792 1834 4860 προαιρέσει,

243 4871 419 4942 θρόνον
475 4867 636 4933 δόξης
691 4873 851 4932 αὐτὴν
940 4875 1297 4949 ἐργαζόμενος,
1357 4876 1730 4950 ἐπικαθήμενός
1784 4897 1838 4930 τε

237 4964 329 5012 καὶ
386 4959 837 5033 ἕπαναπαυόμενος
910 4962 985 5016 ἐπ’
1061 4965 1243 5024 αὐτὸν.
1301 4966 1480 5030 Οὕτως
1545 4971 1647 5041 γὰρ
1696 4971 1839 5040 παρὰ

236 5048 489 5109 Ἰεζεκιηλ
538 5056 628 5101 τοῦ
676 5055 940 5124 προφήτου
1026 5053 1324 5125 ἠκούσαμεν
1375 5061 1492 5130 περὶ
1536 5065 1634 5107 τῶν
1689 5076 1834 5108 πνευ-

235 5146 468 5211 ματικῶν
555 5141 720 5210 ζώων,
797 5148 896 5192 τῶν
971 5141 1358 5215 ὑπεζευγμένων
1416 5153 1486 5215 τῷ
1539 5151 1836 5216 Δεσποτικῷ

235 5228 434 5303 ἅρματι
464 5247 475 5259 ·
506 5226 806 5300 όλόφθαλμα
841 5231 942 5302 γὰρ
975 5231 1099 5302 ἡμῖν
1147 5238 1383 5304 παριστᾷ
1433 5241 1619 5303 ταῦτα,
1661 5237 1833 5308 ὥσπερ

237 5320 378 5370 ἓστὶν
401 5319 430 5376 ἡ
455 5316 610 5390 ψυχὴ
634 5320 663 5376 ἡ
688 5317 1038 5392 βαστάζουσα
1058 5324 1141 5371 τόν
1166 5323 1314 5384 Θεὸν,
1338 5321 1526 5392 μᾶλλον
1553 5319 1586 5375 δ
1590 5327 1610 5375 ὲ
1637 5319 1834 5395 βαστα-

240 5409 426 5478 ζομένη
459 5409 558 5460 ὑπὸ
585 5415 677 5460 τοῦ
705 5415 838 5460 Θεοῦ
880 5422 893 5434 ·
930 5412 1163 5480 γίγνεται
1187 5411 1289 5484 γὰρ
1322 5409 1410 5468 ὅλη
1445 5410 1724 5482 ὀφθαλμός.

312 5529 382 5586 I".
451 5536 552 5584 Καὶ
638 5534 691 5584 ὅν
742 5538 933 5607 τρόπον
975 5530 1111 5595 οἶκος
1153 5536 1240 5585 τὸν
1294 5529 1555 5592 δεσπότην
1604 5538 1837 5607 παρόντα

237 5622 399 5693 ἔχων,
423 5622 599 5682 πάσης
627 5625 770 5694 γέμει
815 5623 1096 5697 εύκὸσμίας
1153 5627 1241 5676 καὶ
1273 5625 1584 5698 ὡραιότητος
1629 5628 1718 5675 καὶ
1758 5622 1836 5675 εύ-

1951 4603 2337 4665 adornemus,
2373 4606 2436 4656 ut
2464 4600 2905 4655 lucrifaciamus
2937 4615 3148 4655 verum
3189 4617 3256 4656 ac
3290 4619 3598 4657 summum

1949 4692 2204 4756 lucrum,
2233 4693 2414 4745 Deum
2442 4689 2747 4754 nimirum,
2776 4689 2879 4759 qui
2907 4689 3241 4745 deceatnos
3270 4691 3328 4744 in
3359 4691 3600 4746 veritate

1949 4780 2200 4853 precari.
2223 4779 2308 4835 Ad
2335 4779 2494 4834 hunc
2517 4779 2675 4834 enim
2699 4777 2946 4832 modum
2977 4779 3292 4851 requiescit
3314 4781 3600 4835 Dominus

1946 4872 2007 4926 in
2049 4871 2209 4925 bona
2261 4870 2476 4924 animae
2526 4867 2871 4932 intentione,
2909 4868 3188 4923 thronum
3221 4869 3422 4938 gloriae
3463 4885 3598 4925 eam

1948 4961 2332 5024 constituens,
2358 4958 2643 5021 insidens,
2665 4963 2720 5012 et
2741 4958 3116 5028 requiescens
3134 4958 3194 5013 in
3210 4974 3298 5014 ea.
3321 4958 3410 5014 Sic
3437 4960 3596 5015 enim

1947 5049 2112 5121 apud
2145 5047 2502 5103 Ezechielem
2535 5045 2890 5117 prophetam
2942 5047 3285 5102 audivimus
3317 5047 3390 5102 de
3423 5049 3598 5121 spiri-

1948 5139 2212 5194 tualibus
2239 5135 2600 5192 animalibus
2632 5137 2700 5200 ²¹,
2733 5133 3069 5204 subjugatis
3100 5136 3301 5191 currui
3343 5137 3596 5192 Domini.

1946 5229 2092 5284 Tota
2129 5227 2285 5282 enim
2320 5224 2558 5282 oculata
2604 5223 2779 5279 nobis
2811 5225 3086 5296 proponit
3129 5241 3219 5290 ea,
3255 5226 3598 5297 cujusmodi

1947 5321 2034 5373 est
2061 5315 2267 5372 anima
2296 5331 2431 5386 quae
2469 5317 2649 5369 Deum
2680 5317 2894 5383 gestat,
2926 5315 3198 5385 quinimo
3224 5331 3359 5388 quas
3397 5321 3596 5385 gesta-

1947 5409 2038 5462 tur
2065 5421 2101 5461 a
2130 5406 2268 5460 Deo.
2308 5405 2390 5458 Fit
2419 5403 2577 5459 enim
2607 5407 2725 5458 tota
2757 5402 2989 5458 oculus.

2021 5531 2114 5585 IIl.
2151 5532 2213 5585 Et
2258 5527 2780 5601 quemadmodum
2829 5527 3070 5591 domus,
3103 5542 3239 5598 quat
3280 5525 3594 5582 dominum

1945 5625 2299 5694 praesentem
2322 5617 2703 5686 habet,omni
2734 5616 3001 5674 abundat
3019 5619 3255 5684 ornatu,
3275 5613 3598 5690 pulchritu-

309 5747 357 5781 ²⁰
387 5746 558 5804 Joan.
601 5761 679 5816 ιν,
711 5750 800 5806 24.
878 5749 921 5785 ²¹
952 5749 1158 5807 Ezech.
1191 5765 1229 5816 1,
1268 5753 1287 5806 l
1319 5763 1334 5817 ;
1361 5764 1419 5816 κ,
1452 5753 1485 5805 2
1508 5767 1527 5821 ς
1559 5747 1770 5818 Homil,
1796 5763 1836 5816 1,
1869 5751 1893 5804 ί
1925 5761 2050 5827 seq.
