  <div class='ocr_page' id='page_1' title='image "/cluster/home/n/w/nwhite01/storage/ocr_20150623/34/mdp.39015041165401/429.png"; bbox 0 0 4130 6286; ppageno 0'>
   <div class='ocr_carea' id='block_1_1' title="bbox 484 318 2115 389">
    <p class='ocr_par' dir='ltr' id='par_1_1' title="bbox 484 324 2115 389">
     <span class='ocr_line' id='line_1_1' title="bbox 484 324 2115 389; baseline -0.005 -2"><span class='ocrx_word' id='word_1_1' title='bbox 484 334 587 389; x_wconf 82' lang='grc'><strong>743</strong></span> <span class='ocrx_word' id='word_1_2' title='bbox 1887 324 2115 381; x_wconf 76' lang='lat' dir='ltr'><strong>MACAF</strong></span> 
     </span>
    </p>
   </div>
   <div class='ocr_carea' id='block_1_2' title="bbox 2226 318 3857 389">
    <p class='ocr_par' dir='ltr' id='par_1_2' title="bbox 2226 318 3857 379">
     <span class='ocr_line' id='line_1_2' title="bbox 2226 318 3857 379; baseline 0.001 -2"><span class='ocrx_word' id='word_1_3' title='bbox 2226 318 2530 378; x_wconf 56' lang='lat' dir='ltr'><strong>[EGYPT‘II</strong></span> <span class='ocrx_word' id='word_1_4' title='bbox 3742 321 3857 379; x_wconf 68' lang='grc'><strong>744</strong></span> 
     </span>
    </p>
   </div>
   <div class='ocr_carea' id='block_1_3' title="bbox 481 445 2112 525">
    <p class='ocr_par' dir='ltr' id='par_1_3' title="bbox 481 452 2112 525">
     <span class='ocr_line' id='line_1_3' title="bbox 481 452 2112 525; baseline -0.004 -13"><span class='ocrx_word' id='word_1_5' title='bbox 481 457 626 512; x_wconf 93' lang='lat' dir='ltr'><strong>dine</strong></span> <span class='ocrx_word' id='word_1_6' title='bbox 639 462 695 512; x_wconf 91' lang='lat' dir='ltr'><strong>et</strong></span> <span class='ocrx_word' id='word_1_7' title='bbox 717 458 931 512; x_wconf 84' lang='lat' dir='ltr'>decore</span> <span class='ocrx_word' id='word_1_8' title='bbox 947 472 961 522; x_wconf 90' lang='lat'>;</span> <span class='ocrx_word' id='word_1_9' title='bbox 977 455 1191 512; x_wconf 90' lang='lat' dir='ltr'><strong>eodem</strong></span> <span class='ocrx_word' id='word_1_10' title='bbox 1214 454 1398 510; x_wconf 91' lang='lat' dir='ltr'><strong>modo</strong></span> <span class='ocrx_word' id='word_1_11' title='bbox 1421 453 1795 525; x_wconf 76' lang='lat' dir='ltr'><strong>anima,quae</strong></span> <span class='ocrx_word' id='word_1_12' title='bbox 1816 452 2112 508; x_wconf 90' lang='lat' dir='ltr'><strong>Dominun</strong></span> 
     </span>
    </p>
   </div>
   <div class='ocr_carea' id='block_1_4' title="bbox 2226 445 3857 525">
    <p class='ocr_par' dir='ltr' id='par_1_4' title="bbox 2246 445 3857 520">
     <span class='ocr_line' id='line_1_4' title="bbox 2246 445 3857 520; baseline -0.001 -21"><span class='ocrx_word' id='word_1_13' title='bbox 2246 452 2489 520; x_wconf 84' lang='grc' dir='ltr'>πρεπείας</span> <span class='ocrx_word' id='word_1_14' title='bbox 2520 469 2533 480; x_wconf 93' lang='grc'><strong>·</strong></span> <span class='ocrx_word' id='word_1_15' title='bbox 2577 447 2712 499; x_wconf 78' lang='grc' dir='ltr'>οὕτω</span> <span class='ocrx_word' id='word_1_16' title='bbox 2750 451 2840 499; x_wconf 79' lang='grc' dir='ltr'>καὶ</span> <span class='ocrx_word' id='word_1_17' title='bbox 2892 445 3047 518; x_wconf 75' lang='grc' dir='ltr'>ψυχὴ</span> <span class='ocrx_word' id='word_1_18' title='bbox 3098 449 3129 504; x_wconf 82' lang='grc' dir='ltr'>ἡ</span> <span class='ocrx_word' id='word_1_19' title='bbox 3188 449 3393 518; x_wconf 78' lang='grc' dir='ltr'>ἔχουσα</span> <span class='ocrx_word' id='word_1_20' title='bbox 3436 451 3526 500; x_wconf 90' lang='grc' dir='ltr'>τὸν</span> <span class='ocrx_word' id='word_1_21' title='bbox 3580 452 3857 507; x_wconf 84' lang='grc' dir='ltr'>Δεσπότην</span> 
     </span>
    </p>
   </div>
   <div class='ocr_carea' id='block_1_5' title="bbox 488 536 2119 617">
    <p class='ocr_par' dir='ltr' id='par_1_5' title="bbox 488 543 2111 617">
     <span class='ocr_line' id='line_1_5' title="bbox 488 543 2111 617; baseline -0.004 -16"><span class='ocrx_word' id='word_1_22' title='bbox 488 563 665 601; x_wconf 89' lang='lat' dir='ltr'><strong>suum</strong></span> <span class='ocrx_word' id='word_1_23' title='bbox 714 546 878 617; x_wconf 91' lang='lat' dir='ltr'><strong>apud</strong></span> <span class='ocrx_word' id='word_1_24' title='bbox 909 562 970 600; x_wconf 91' lang='lat' dir='ltr'><strong>se</strong></span> <span class='ocrx_word' id='word_1_25' title='bbox 1000 546 1193 617; x_wconf 86' lang='lat' dir='ltr'><strong>ipsam</strong></span> <span class='ocrx_word' id='word_1_26' title='bbox 1226 543 1425 609; x_wconf 84' lang='lat' dir='ltr'><strong>habet,</strong></span> <span class='ocrx_word' id='word_1_27' title='bbox 1458 549 1513 598; x_wconf 91' lang='lat' dir='ltr'><strong>et</strong></span> <span class='ocrx_word' id='word_1_28' title='bbox 1552 543 1610 598; x_wconf 92' lang='lat' dir='ltr'><strong>in</strong></span> <span class='ocrx_word' id='word_1_29' title='bbox 1663 559 1724 597; x_wconf 92' lang='lat' dir='ltr'><strong>se</strong></span> <span class='ocrx_word' id='word_1_30' title='bbox 1769 545 2111 597; x_wconf 87' lang='lat' dir='ltr'><strong>manentem</strong></span> 
     </span>
    </p>
   </div>
   <div class='ocr_carea' id='block_1_6' title="bbox 2230 536 3861 617">
    <p class='ocr_par' dir='ltr' id='par_1_6' title="bbox 2247 536 3861 609">
     <span class='ocr_line' id='line_1_6' title="bbox 2247 536 3861 609; baseline 0.002 -22"><span class='ocrx_word' id='word_1_31' title='bbox 2247 537 2409 599; x_wconf 72' lang='grc' dir='ltr'>αὐτῆς</span> <span class='ocrx_word' id='word_1_32' title='bbox 2438 540 2568 609; x_wconf 87' lang='grc' dir='ltr'>πρὸς</span> <span class='ocrx_word' id='word_1_33' title='bbox 2612 536 2795 595; x_wconf 79' lang='grc' dir='ltr'>ἑαυτὴν</span> <span class='ocrx_word' id='word_1_34' title='bbox 2851 540 2942 588; x_wconf 84' lang='grc' dir='ltr'>καὶ</span> <span class='ocrx_word' id='word_1_35' title='bbox 2996 536 3047 588; x_wconf 71' lang='grc' dir='ltr'>ἐν</span> <span class='ocrx_word' id='word_1_36' title='bbox 3105 538 3235 609; x_wconf 72' lang='grc' dir='ltr'>αὐτῇ</span> <span class='ocrx_word' id='word_1_37' title='bbox 3269 542 3640 609; x_wconf 72' lang='grc' dir='ltr'><strong>καταμένοντα,</strong></span> <span class='ocrx_word' id='word_1_38' title='bbox 3671 540 3861 599; x_wconf 89' lang='grc' dir='ltr'>πάσης</span> 
     </span>
    </p>
   </div>
   <div class='ocr_carea' id='block_1_7' title="bbox 491 625 2122 706">
    <p class='ocr_par' dir='ltr' id='par_1_7' title="bbox 491 629 2122 706">
     <span class='ocr_line' id='line_1_7' title="bbox 491 629 2122 706; baseline -0.004 -16"><span class='ocrx_word' id='word_1_39' title='bbox 491 633 1112 706; x_wconf 90' lang='lat' dir='ltr'><strong>omnipulchritudine</strong></span> <span class='ocrx_word' id='word_1_40' title='bbox 1139 638 1194 687; x_wconf 93' lang='lat' dir='ltr'><strong>et</strong></span> <span class='ocrx_word' id='word_1_41' title='bbox 1215 632 1428 688; x_wconf 86' lang='lat' dir='ltr'><strong>decore</strong></span> <span class='ocrx_word' id='word_1_42' title='bbox 1455 630 1675 704; x_wconf 87' lang='lat' dir='ltr'><strong>repleta</strong></span> <span class='ocrx_word' id='word_1_43' title='bbox 1697 639 1782 687; x_wconf 88' lang='lat' dir='ltr'><strong>est</strong></span> <span class='ocrx_word' id='word_1_44' title='bbox 1806 649 1819 698; x_wconf 94' lang='lat'><strong>;</strong></span> <span class='ocrx_word' id='word_1_45' title='bbox 1840 629 2122 702; x_wconf 77' lang='lat' dir='ltr'><strong>siquidem</strong></span> 
     </span>
    </p>
   </div>
   <div class='ocr_carea' id='block_1_8' title="bbox 2226 625 3857 706">
    <p class='ocr_par' dir='ltr' id='par_1_8' title="bbox 2245 625 3857 702">
     <span class='ocr_line' id='line_1_8' title="bbox 2245 625 3857 702; baseline 0.002 -25"><span class='ocrx_word' id='word_1_46' title='bbox 2245 628 2563 699; x_wconf 82' lang='grc' dir='ltr'>ὡραιότητος</span> <span class='ocrx_word' id='word_1_47' title='bbox 2619 632 2705 678; x_wconf 83' lang='lat' dir='ltr'><strong>xui</strong></span> <span class='ocrx_word' id='word_1_48' title='bbox 2762 625 3069 699; x_wconf 74' lang='grc' dir='ltr'><strong>εὐπρεπείας</strong></span> <span class='ocrx_word' id='word_1_49' title='bbox 3120 629 3264 697; x_wconf 81' lang='grc' dir='ltr'>γέμει</span> <span class='ocrx_word' id='word_1_50' title='bbox 3303 642 3317 656; x_wconf 80' lang='grc'><strong>⁸</strong></span> <span class='ocrx_word' id='word_1_51' title='bbox 3379 629 3466 679; x_wconf 87' lang='grc' dir='ltr'>τὸν</span> <span class='ocrx_word' id='word_1_52' title='bbox 3522 630 3623 699; x_wconf 83' lang='grc' dir='ltr'>γὰρ</span> <span class='ocrx_word' id='word_1_53' title='bbox 3656 628 3857 702; x_wconf 85' lang='grc' dir='ltr'>Κύριον</span> 
     </span>
    </p>
   </div>
   <div class='ocr_carea' id='block_1_9' title="bbox 482 715 2113 793">
    <p class='ocr_par' dir='ltr' id='par_1_9' title="bbox 482 716 2111 793">
     <span class='ocr_line' id='line_1_9' title="bbox 482 716 2111 793; baseline -0.002 -18"><span class='ocrx_word' id='word_1_54' title='bbox 482 722 804 778; x_wconf 92' lang='lat' dir='ltr'><strong>Dominum</strong></span> <span class='ocrx_word' id='word_1_55' title='bbox 836 738 972 777; x_wconf 92' lang='lat' dir='ltr'><strong>cum</strong></span> <span class='ocrx_word' id='word_1_56' title='bbox 1000 720 1405 793; x_wconf 88' lang='lat' dir='ltr'><strong>spiritualibus</strong></span> <span class='ocrx_word' id='word_1_57' title='bbox 1426 720 1547 775; x_wconf 87' lang='lat' dir='ltr'><strong>suis</strong></span> <span class='ocrx_word' id='word_1_58' title='bbox 1578 720 1873 776; x_wconf 81' lang='lat' dir='ltr'><strong>thesauris</strong></span> <span class='ocrx_word' id='word_1_59' title='bbox 1905 716 2111 772; x_wconf 90' lang='lat' dir='ltr'><strong>inhabi</strong></span> 
     </span>
    </p>
   </div>
   <div class='ocr_carea' id='block_1_10' title="bbox 2224 715 3855 793">
    <p class='ocr_par' dir='ltr' id='par_1_10' title="bbox 2246 715 3855 789">
     <span class='ocr_line' id='line_1_10' title="bbox 2246 715 3855 789; baseline 0.001 -21"><span class='ocrx_word' id='word_1_60' title='bbox 2246 720 2340 768; x_wconf 82' lang='grc' dir='ltr'>σὺν</span> <span class='ocrx_word' id='word_1_61' title='bbox 2370 723 2479 776; x_wconf 89' lang='grc' dir='ltr'>τοῖς</span> <span class='ocrx_word' id='word_1_62' title='bbox 2524 722 2892 787; x_wconf 67' lang='grc' dir='ltr'><strong>πνευματικοῖς</strong></span> <span class='ocrx_word' id='word_1_63' title='bbox 2950 715 3110 767; x_wconf 76' lang='grc' dir='ltr'>αὐτοῦ</span> <span class='ocrx_word' id='word_1_64' title='bbox 3165 716 3450 789; x_wconf 81' lang='grc' dir='ltr'><strong>θησαυροῖς</strong></span> <span class='ocrx_word' id='word_1_65' title='bbox 3493 718 3685 769; x_wconf 79' lang='grc' dir='ltr'>ἱνοικον</span> <span class='ocrx_word' id='word_1_66' title='bbox 3735 719 3855 787; x_wconf 77' lang='grc' dir='ltr'>ἔχει</span> 
     </span>
    </p>
   </div>
   <div class='ocr_carea' id='block_1_11' title="bbox 482 801 2113 880">
    <p class='ocr_par' dir='ltr' id='par_1_11' title="bbox 482 807 2112 880">
     <span class='ocr_line' id='line_1_11' title="bbox 482 807 2112 880; baseline -0.003 -14"><span class='ocrx_word' id='word_1_67' title='bbox 482 815 705 867; x_wconf 88' lang='lat' dir='ltr'><strong>tantem</strong></span> <span class='ocrx_word' id='word_1_68' title='bbox 736 811 935 873; x_wconf 88' lang='lat' dir='ltr'><strong>habet,</strong></span> <span class='ocrx_word' id='word_1_69' title='bbox 960 814 1014 865; x_wconf 88' lang='lat' dir='ltr'><strong>et</strong></span> <span class='ocrx_word' id='word_1_70' title='bbox 1049 810 1346 880; x_wconf 83' lang='lat' dir='ltr'><strong>aurigam.</strong></span> <span class='ocrx_word' id='word_1_71' title='bbox 1371 811 1467 864; x_wconf 63' lang='lat' dir='ltr'><strong>Va:</strong></span> <span class='ocrx_word' id='word_1_72' title='bbox 1490 809 1721 878; x_wconf 88' lang='lat' dir='ltr'><strong>domui,</strong></span> <span class='ocrx_word' id='word_1_73' title='bbox 1751 809 1925 878; x_wconf 83' lang='lat' dir='ltr'><strong>cuius</strong></span> <span class='ocrx_word' id='word_1_74' title='bbox 1945 807 2112 861; x_wconf 93' lang='lat' dir='ltr'><strong>domi</strong></span> 
     </span>
    </p>
   </div>
   <div class='ocr_carea' id='block_1_12' title="bbox 2229 801 3860 880">
    <p class='ocr_par' dir='ltr' id='par_1_12' title="bbox 2244 801 3860 877">
     <span class='ocr_line' id='line_1_12' title="bbox 2244 801 3860 877; baseline 0.001 -20"><span class='ocrx_word' id='word_1_75' title='bbox 2244 811 2335 858; x_wconf 82' lang='grc' dir='ltr'><strong>καὶ</strong></span> <span class='ocrx_word' id='word_1_76' title='bbox 2360 807 2606 877; x_wconf 84' lang='grc' dir='ltr'>ἡνίοχον.</span> <span class='ocrx_word' id='word_1_77' title='bbox 2646 805 2782 858; x_wconf 80' lang='grc' dir='ltr'>Ούαι</span> <span class='ocrx_word' id='word_1_78' title='bbox 2844 802 2903 857; x_wconf 74' lang='grc' dir='ltr'>δὲ</span> <span class='ocrx_word' id='word_1_79' title='bbox 2953 805 3116 875; x_wconf 79' lang='grc' dir='ltr'>οἰκίᾳ,</span> <span class='ocrx_word' id='word_1_80' title='bbox 3178 805 3241 866; x_wconf 76' lang='grc' dir='ltr'><strong>ἧς</strong></span> <span class='ocrx_word' id='word_1_81' title='bbox 3285 807 3311 857; x_wconf 92' lang='lat'><strong>6</strong></span> <span class='ocrx_word' id='word_1_82' title='bbox 3360 801 3622 866; x_wconf 76' lang='grc' dir='ltr'><strong>δεσπότης</strong></span> <span class='ocrx_word' id='word_1_83' title='bbox 3652 802 3860 864; x_wconf 72' lang='grc' dir='ltr'>ἀποδηο</span> 
     </span>
    </p>
   </div>
   <div class='ocr_carea' id='block_1_13' title="bbox 479 893 2110 972">
    <p class='ocr_par' dir='ltr' id='par_1_13' title="bbox 479 898 2110 972">
     <span class='ocr_line' id='line_1_13' title="bbox 479 898 2110 972; baseline -0.003 -17"><span class='ocrx_word' id='word_1_84' title='bbox 479 915 595 955; x_wconf 92' lang='lat' dir='ltr'><strong>nus</strong></span> <span class='ocrx_word' id='word_1_85' title='bbox 625 901 1057 972; x_wconf 82' lang='lat' dir='ltr'><strong>peregrinatur,</strong></span> <span class='ocrx_word' id='word_1_86' title='bbox 1083 899 1299 971; x_wconf 86' lang='lat' dir='ltr'><strong>cuique</strong></span> <span class='ocrx_word' id='word_1_87' title='bbox 1330 898 1614 954; x_wconf 92' lang='lat' dir='ltr'><strong>dominus</strong></span> <span class='ocrx_word' id='word_1_88' title='bbox 1635 912 1756 954; x_wconf 91' lang='lat' dir='ltr'><strong>non</strong></span> <span class='ocrx_word' id='word_1_89' title='bbox 1784 900 1998 967; x_wconf 73' lang='lat' dir='ltr'><strong>praesto</strong></span> <span class='ocrx_word' id='word_1_90' title='bbox 2024 899 2110 950; x_wconf 88' lang='lat' dir='ltr'><strong>est</strong></span> 
     </span>
    </p>
   </div>
   <div class='ocr_carea' id='block_1_14' title="bbox 2229 893 3860 972">
    <p class='ocr_par' dir='ltr' id='par_1_14' title="bbox 2245 893 3860 969">
     <span class='ocr_line' id='line_1_14' title="bbox 2245 893 3860 969; baseline 0.001 -23"><span class='ocrx_word' id='word_1_91' title='bbox 2245 900 2348 966; x_wconf 82' lang='grc' dir='ltr'>μεῖ,</span> <span class='ocrx_word' id='word_1_92' title='bbox 2400 900 2490 947; x_wconf 80' lang='grc' dir='ltr'>καὶ</span> <span class='ocrx_word' id='word_1_93' title='bbox 2544 895 2570 946; x_wconf 97' lang='lat'><strong>6</strong></span> <span class='ocrx_word' id='word_1_94' title='bbox 2620 897 2800 967; x_wconf 81' lang='grc' dir='ltr'>κύριος</span> <span class='ocrx_word' id='word_1_95' title='bbox 2858 893 2918 946; x_wconf 83' lang='grc' dir='ltr'><strong>ού</strong></span> <span class='ocrx_word' id='word_1_96' title='bbox 2967 896 3237 969; x_wconf 86' lang='grc' dir='ltr'>πάρεστιν,</span> <span class='ocrx_word' id='word_1_97' title='bbox 3306 896 3387 947; x_wconf 85' lang='grc' dir='ltr'>ὅτι</span> <span class='ocrx_word' id='word_1_98' title='bbox 3425 895 3705 969; x_wconf 78' lang='grc' dir='ltr'><strong>ἠρήμωται</strong></span> <span class='ocrx_word' id='word_1_99' title='bbox 3734 915 3860 948; x_wconf 83' lang='grc' dir='ltr'>κατ-</span> 
     </span>
    </p>
   </div>
   <div class='ocr_carea' id='block_1_15' title="bbox 481 984 2112 1060">
    <p class='ocr_par' dir='ltr' id='par_1_15' title="bbox 481 985 2112 1060">
     <span class='ocr_line' id='line_1_15' title="bbox 481 985 2112 1060; baseline -0.002 -17"><span class='ocrx_word' id='word_1_100' title='bbox 481 989 625 1060; x_wconf 91' lang='lat' dir='ltr'><strong>quia</strong></span> <span class='ocrx_word' id='word_1_101' title='bbox 654 989 926 1045; x_wconf 92' lang='lat' dir='ltr'><strong>desolata</strong></span> <span class='ocrx_word' id='word_1_102' title='bbox 955 994 1061 1053; x_wconf 91' lang='lat' dir='ltr'><strong>est,</strong></span> <span class='ocrx_word' id='word_1_103' title='bbox 1090 988 1308 1058; x_wconf 88' lang='lat' dir='ltr'><strong>diruta,</strong></span> <span class='ocrx_word' id='word_1_104' title='bbox 1334 988 1692 1059; x_wconf 85' lang='lat' dir='ltr'><strong>ptenaomni</strong></span> <span class='ocrx_word' id='word_1_105' title='bbox 1722 985 2060 1057; x_wconf 89' lang='lat' dir='ltr'><strong>impuritate</strong></span> <span class='ocrx_word' id='word_1_106' title='bbox 2082 998 2112 1039; x_wconf 90' lang='lat' dir='ltr'>e</span> 
     </span>
    </p>
   </div>
   <div class='ocr_carea' id='block_1_16' title="bbox 2224 984 3855 1060">
    <p class='ocr_par' dir='ltr' id='par_1_16' title="bbox 2246 984 3855 1058">
     <span class='ocr_line' id='line_1_16' title="bbox 2246 984 3855 1058; baseline 0 -22"><span class='ocrx_word' id='word_1_107' title='bbox 2246 987 2569 1056; x_wconf 76' lang='grc' dir='ltr'>εσκαμμενη,</span> <span class='ocrx_word' id='word_1_108' title='bbox 2628 988 2867 1056; x_wconf 85' lang='grc' dir='ltr'>γέμουσα</span> <span class='ocrx_word' id='word_1_109' title='bbox 2942 986 3120 1045; x_wconf 82' lang='grc' dir='ltr'><strong>πάσης</strong></span> <span class='ocrx_word' id='word_1_110' title='bbox 3176 984 3523 1058; x_wconf 77' lang='grc' dir='ltr'><strong>ἀκαθαρσίας,</strong></span> <span class='ocrx_word' id='word_1_111' title='bbox 3579 989 3670 1037; x_wconf 85' lang='grc' dir='ltr'>καὶ</span> <span class='ocrx_word' id='word_1_112' title='bbox 3727 984 3855 1036; x_wconf 70' lang='lat' dir='ltr'><strong>nixu-</strong></span> 
     </span>
    </p>
   </div>
   <div class='ocr_carea' id='block_1_17' title="bbox 486 1070 2117 1148">
    <p class='ocr_par' dir='ltr' id='par_1_17' title="bbox 486 1076 2117 1148">
     <span class='ocr_line' id='line_1_17' title="bbox 486 1076 2117 1148; baseline -0.004 -16"><span class='ocrx_word' id='word_1_113' title='bbox 486 1078 963 1148; x_wconf 87' lang='lat' dir='ltr'><strong>perturbatione.</strong></span> <span class='ocrx_word' id='word_1_114' title='bbox 999 1077 1119 1132; x_wconf 91' lang='lat' dir='ltr'>Illic</span> <span class='ocrx_word' id='word_1_115' title='bbox 1148 1077 1381 1133; x_wconf 83' lang='lat' dir='ltr'><strong>Sirenes</strong></span> <span class='ocrx_word' id='word_1_116' title='bbox 1411 1080 1466 1132; x_wconf 84' lang='lat' dir='ltr'><strong>et</strong></span> <span class='ocrx_word' id='word_1_117' title='bbox 1492 1076 1785 1132; x_wconf 65' lang='lat' dir='ltr'><strong>damonia</strong></span> <span class='ocrx_word' id='word_1_118' title='bbox 1814 1080 1859 1111; x_wconf 83' lang='grc'>²²</span> <span class='ocrx_word' id='word_1_119' title='bbox 1887 1091 1900 1139; x_wconf 91' lang='grc'>;</span> <span class='ocrx_word' id='word_1_120' title='bbox 1930 1087 2117 1129; x_wconf 91' lang='lat' dir='ltr'><strong>secun</strong></span> 
     </span>
    </p>
   </div>
   <div class='ocr_carea' id='block_1_18' title="bbox 2220 1070 3851 1148">
    <p class='ocr_par' dir='ltr' id='par_1_18' title="bbox 2245 1070 3851 1147">
     <span class='ocr_line' id='line_1_18' title="bbox 2245 1070 3851 1147; baseline 0 -22"><span class='ocrx_word' id='word_1_121' title='bbox 2245 1078 2554 1134; x_wconf 89' lang='grc' dir='ltr'>ταστασίας.</span> <span class='ocrx_word' id='word_1_122' title='bbox 2589 1072 2732 1127; x_wconf 86' lang='grc' dir='ltr'>Ἐκεῖ</span> <span class='ocrx_word' id='word_1_123' title='bbox 2760 1080 3063 1145; x_wconf 76' lang='grc' dir='ltr'>Σειρῆνες</span> <span class='ocrx_word' id='word_1_124' title='bbox 3088 1078 3200 1126; x_wconf 83' lang='grc' dir='ltr'><strong>καὶ</strong></span> <span class='ocrx_word' id='word_1_125' title='bbox 3232 1070 3570 1147; x_wconf 84' lang='grc' dir='ltr'>δαιμόνια,</span> <span class='ocrx_word' id='word_1_126' title='bbox 3603 1077 3739 1126; x_wconf 86' lang='grc' dir='ltr'><strong>κατά</strong></span> <span class='ocrx_word' id='word_1_127' title='bbox 3768 1078 3851 1126; x_wconf 85' lang='grc' dir='ltr'>τὸν</span> 
     </span>
    </p>
   </div>
   <div class='ocr_carea' id='block_1_19' title="bbox 480 1161 2111 1239">
    <p class='ocr_par' dir='ltr' id='par_1_19' title="bbox 480 1163 2111 1239">
     <span class='ocr_line' id='line_1_19' title="bbox 480 1163 2111 1239; baseline -0.004 -18"><span class='ocrx_word' id='word_1_128' title='bbox 480 1167 627 1222; x_wconf 91' lang='lat' dir='ltr'><strong>dum</strong></span> <span class='ocrx_word' id='word_1_129' title='bbox 660 1167 1015 1239; x_wconf 82' lang='lat' dir='ltr'><strong>prophetam</strong></span> <span class='ocrx_word' id='word_1_130' title='bbox 1056 1166 1353 1221; x_wconf 88' lang='lat' dir='ltr'><strong>habitant.</strong></span> <span class='ocrx_word' id='word_1_131' title='bbox 1386 1166 1449 1220; x_wconf 92' lang='lat' dir='ltr'><strong>In</strong></span> <span class='ocrx_word' id='word_1_132' title='bbox 1485 1166 1723 1220; x_wconf 91' lang='lat' dir='ltr'><strong>deserta</strong></span> <span class='ocrx_word' id='word_1_133' title='bbox 1761 1165 1920 1217; x_wconf 91' lang='lat' dir='ltr'><strong>enim</strong></span> <span class='ocrx_word' id='word_1_134' title='bbox 1953 1163 2111 1217; x_wconf 63' lang='lat' dir='ltr'><strong>domu</strong></span> 
     </span>
    </p>
   </div>
   <div class='ocr_carea' id='block_1_20' title="bbox 2214 1161 3845 1239">
    <p class='ocr_par' dir='ltr' id='par_1_20' title="bbox 2244 1161 3845 1236">
     <span class='ocr_line' id='line_1_20' title="bbox 2244 1161 3845 1236; baseline 0.001 -23"><span class='ocrx_word' id='word_1_135' title='bbox 2244 1167 2535 1233; x_wconf 78' lang='grc' dir='ltr'><strong>προφήτην,</strong></span> <span class='ocrx_word' id='word_1_136' title='bbox 2594 1161 2849 1216; x_wconf 83' lang='grc' dir='ltr'>οἰκοῦσιν.</span> <span class='ocrx_word' id='word_1_137' title='bbox 2910 1162 2989 1215; x_wconf 88' lang='grc' dir='ltr'>Ἐν</span> <span class='ocrx_word' id='word_1_138' title='bbox 3036 1164 3138 1235; x_wconf 86' lang='grc' dir='ltr'><strong>γὰρ</strong></span> <span class='ocrx_word' id='word_1_139' title='bbox 3191 1169 3255 1234; x_wconf 72' lang='grc' dir='ltr'>τῇ</span> <span class='ocrx_word' id='word_1_140' title='bbox 3316 1162 3634 1236; x_wconf 77' lang='grc' dir='ltr'>ἠρημωμένη</span> <span class='ocrx_word' id='word_1_141' title='bbox 3684 1162 3845 1234; x_wconf 69' lang='grc' dir='ltr'>οἰκίᾳ,</span> 
     </span>
    </p>
   </div>
   <div class='ocr_carea' id='block_1_21' title="bbox 478 1250 2109 1325">
    <p class='ocr_par' dir='ltr' id='par_1_21' title="bbox 478 1251 2109 1320">
     <span class='ocr_line' id='line_1_21' title="bbox 478 1251 2109 1320; baseline -0.004 -10"><span class='ocrx_word' id='word_1_142' title='bbox 478 1255 640 1320; x_wconf 88' lang='lat' dir='ltr'><strong>feles,</strong></span> <span class='ocrx_word' id='word_1_143' title='bbox 664 1272 861 1319; x_wconf 88' lang='lat' dir='ltr'><strong>canes,</strong></span> <span class='ocrx_word' id='word_1_144' title='bbox 879 1262 933 1310; x_wconf 90' lang='lat' dir='ltr'><strong>et</strong></span> <span class='ocrx_word' id='word_1_145' title='bbox 957 1254 1154 1310; x_wconf 90' lang='lat' dir='ltr'><strong>omnis</strong></span> <span class='ocrx_word' id='word_1_146' title='bbox 1184 1255 1566 1309; x_wconf 90' lang='lat' dir='ltr'><strong>immunditia</strong></span> <span class='ocrx_word' id='word_1_147' title='bbox 1589 1253 1752 1309; x_wconf 91' lang='lat' dir='ltr'><strong>latet.</strong></span> <span class='ocrx_word' id='word_1_148' title='bbox 1771 1252 1868 1307; x_wconf 76' lang='lat' dir='ltr'><strong>Vae</strong></span> <span class='ocrx_word' id='word_1_149' title='bbox 1896 1251 2109 1307; x_wconf 70' lang='lat' dir='ltr'><strong>animm</strong></span> 
     </span>
    </p>
   </div>
   <div class='ocr_carea' id='block_1_22' title="bbox 2224 1250 3855 1325">
    <p class='ocr_par' dir='ltr' id='par_1_22' title="bbox 2248 1250 3855 1325">
     <span class='ocr_line' id='line_1_22' title="bbox 2248 1250 3855 1325; baseline 0.002 -24"><span class='ocrx_word' id='word_1_150' title='bbox 2248 1250 2478 1325; x_wconf 72' lang='grc' dir='ltr'>αἴλουροι</span> <span class='ocrx_word' id='word_1_151' title='bbox 2530 1255 2618 1303; x_wconf 85' lang='grc' dir='ltr'>καὶ</span> <span class='ocrx_word' id='word_1_152' title='bbox 2661 1253 2830 1314; x_wconf 86' lang='grc' dir='ltr'>κύνες,</span> <span class='ocrx_word' id='word_1_153' title='bbox 2861 1255 2950 1302; x_wconf 88' lang='grc' dir='ltr'>καὶ</span> <span class='ocrx_word' id='word_1_154' title='bbox 2988 1257 3137 1303; x_wconf 85' lang='grc' dir='ltr'>πᾶσα</span> <span class='ocrx_word' id='word_1_155' title='bbox 3184 1251 3485 1325; x_wconf 78' lang='grc' dir='ltr'>ἀκαθαρσία</span> <span class='ocrx_word' id='word_1_156' title='bbox 3514 1250 3654 1304; x_wconf 73' lang='grc' dir='ltr'>εστίν</span> <span class='ocrx_word' id='word_1_157' title='bbox 3687 1294 3699 1307; x_wconf 95' lang='grc'><strong><em>.</em></strong></span> <span class='ocrx_word' id='word_1_158' title='bbox 3735 1252 3855 1304; x_wconf 54' lang='lat' dir='ltr'><strong>anui</strong></span> 
     </span>
    </p>
   </div>
   <div class='ocr_carea' id='block_1_23' title="bbox 480 1338 2111 1416">
    <p class='ocr_par' dir='ltr' id='par_1_23' title="bbox 480 1341 2111 1416">
     <span class='ocr_line' id='line_1_23' title="bbox 480 1341 2111 1416; baseline -0.002 -17"><span class='ocrx_word' id='word_1_159' title='bbox 480 1360 613 1416; x_wconf 78' lang='lat' dir='ltr'><strong>quae</strong></span> <span class='ocrx_word' id='word_1_160' title='bbox 642 1361 763 1401; x_wconf 92' lang='lat' dir='ltr'><strong>non</strong></span> <span class='ocrx_word' id='word_1_161' title='bbox 794 1345 1047 1413; x_wconf 80' lang='lat' dir='ltr'><strong>resurgit</strong></span> <span class='ocrx_word' id='word_1_162' title='bbox 1070 1361 1104 1399; x_wconf 87' lang='lat' dir='ltr'><strong>a</strong></span> <span class='ocrx_word' id='word_1_163' title='bbox 1130 1343 1299 1413; x_wconf 81' lang='lat' dir='ltr'><strong>gravi</strong></span> <span class='ocrx_word' id='word_1_164' title='bbox 1325 1343 1497 1414; x_wconf 91' lang='lat' dir='ltr'><strong>lapsu</strong></span> <span class='ocrx_word' id='word_1_165' title='bbox 1520 1359 1660 1411; x_wconf 92' lang='lat' dir='ltr'><strong>suo;</strong></span> <span class='ocrx_word' id='word_1_166' title='bbox 1693 1348 1748 1398; x_wconf 90' lang='lat' dir='ltr'><strong>et</strong></span> <span class='ocrx_word' id='word_1_167' title='bbox 1773 1342 1926 1397; x_wconf 88' lang='lat' dir='ltr'><strong>intra</strong></span> <span class='ocrx_word' id='word_1_168' title='bbox 1949 1356 2010 1394; x_wconf 93' lang='lat' dir='ltr'><strong>se</strong></span> <span class='ocrx_word' id='word_1_169' title='bbox 2038 1341 2111 1396; x_wconf 90' lang='lat' dir='ltr'><strong>ha</strong></span> 
     </span>
    </p>
   </div>
   <div class='ocr_carea' id='block_1_24' title="bbox 2225 1338 3856 1416">
    <p class='ocr_par' dir='ltr' id='par_1_24' title="bbox 2244 1338 3856 1413">
     <span class='ocr_line' id='line_1_24' title="bbox 2244 1338 3856 1413; baseline 0.001 -22"><span class='ocrx_word' id='word_1_170' title='bbox 2244 1338 2400 1412; x_wconf 69' lang='grc' dir='ltr'>ψυχῇ</span> <span class='ocrx_word' id='word_1_171' title='bbox 2447 1348 2509 1411; x_wconf 71' lang='grc' dir='ltr'>τῇ</span> <span class='ocrx_word' id='word_1_172' title='bbox 2562 1344 2632 1413; x_wconf 81' lang='grc' dir='ltr'>μὴ</span> <span class='ocrx_word' id='word_1_173' title='bbox 2682 1339 2995 1413; x_wconf 76' lang='grc' dir='ltr'>ἀνισταμένη</span> <span class='ocrx_word' id='word_1_174' title='bbox 3048 1339 3104 1392; x_wconf 74' lang='grc' dir='ltr'>ἐκ</span> <span class='ocrx_word' id='word_1_175' title='bbox 3158 1349 3254 1400; x_wconf 76' lang='grc' dir='ltr'>τῆς</span> <span class='ocrx_word' id='word_1_176' title='bbox 3302 1340 3543 1413; x_wconf 75' lang='grc' dir='ltr'><strong>χαλεπῆς</strong></span> <span class='ocrx_word' id='word_1_177' title='bbox 3605 1346 3856 1404; x_wconf 81' lang='grc' dir='ltr'>πτώσεως</span> 
     </span>
    </p>
   </div>
   <div class='ocr_carea' id='block_1_25' title="bbox 482 1425 2113 1506">
    <p class='ocr_par' dir='ltr' id='par_1_25' title="bbox 482 1430 2112 1506">
     <span class='ocr_line' id='line_1_25' title="bbox 482 1430 2112 1506; baseline -0.004 -16"><span class='ocrx_word' id='word_1_178' title='bbox 482 1435 603 1503; x_wconf 86' lang='lat' dir='ltr'><strong>bet,</strong></span> <span class='ocrx_word' id='word_1_179' title='bbox 617 1436 719 1506; x_wconf 88' lang='lat' dir='ltr'><strong>qui</strong></span> <span class='ocrx_word' id='word_1_180' title='bbox 735 1434 1223 1506; x_wconf 88' lang='lat' dir='ltr'><strong>persuadeantei,</strong></span> <span class='ocrx_word' id='word_1_181' title='bbox 1253 1438 1433 1504; x_wconf 85' lang='lat' dir='ltr'><strong>atque</strong></span> <span class='ocrx_word' id='word_1_182' title='bbox 1446 1433 1872 1501; x_wconf 87' lang='lat' dir='ltr'><strong>adigeanteam</strong></span> <span class='ocrx_word' id='word_1_183' title='bbox 1889 1430 2112 1485; x_wconf 91' lang='lat' dir='ltr'><strong>inimici</strong></span> 
     </span>
    </p>
   </div>
   <div class='ocr_carea' id='block_1_26' title="bbox 2214 1425 3845 1506">
    <p class='ocr_par' dir='ltr' id='par_1_26' title="bbox 2246 1425 3845 1502">
     <span class='ocr_line' id='line_1_26' title="bbox 2246 1425 3845 1502; baseline 0.001 -21"><span class='ocrx_word' id='word_1_184' title='bbox 2246 1430 2429 1493; x_wconf 74' lang='grc' dir='ltr'>αὐτῆς,</span> <span class='ocrx_word' id='word_1_185' title='bbox 2458 1434 2548 1481; x_wconf 79' lang='grc' dir='ltr'>καὶ</span> <span class='ocrx_word' id='word_1_186' title='bbox 2587 1425 2732 1481; x_wconf 74' lang='grc' dir='ltr'>ἔνδον</span> <span class='ocrx_word' id='word_1_187' title='bbox 2766 1429 2926 1491; x_wconf 79' lang='grc' dir='ltr'>αὐτῆς</span> <span class='ocrx_word' id='word_1_188' title='bbox 2956 1428 3154 1502; x_wconf 76' lang='grc' dir='ltr'>ἐχούσῃ</span> <span class='ocrx_word' id='word_1_189' title='bbox 3207 1449 3329 1492; x_wconf 90' lang='grc' dir='ltr'>τους</span> <span class='ocrx_word' id='word_1_190' title='bbox 3360 1433 3628 1491; x_wconf 78' lang='grc' dir='ltr'>πείθοντας</span> <span class='ocrx_word' id='word_1_191' title='bbox 3657 1430 3845 1495; x_wconf 61' lang='grc' dir='ltr'>αὐτὴν,</span> 
     </span>
    </p>
   </div>
   <div class='ocr_carea' id='block_1_27' title="bbox 483 1517 2114 1595">
    <p class='ocr_par' dir='ltr' id='par_1_27' title="bbox 483 1519 2114 1595">
     <span class='ocr_line' id='line_1_27' title="bbox 483 1519 2114 1595; baseline -0.002 -17"><span class='ocrx_word' id='word_1_192' title='bbox 483 1525 598 1580; x_wconf 87' lang='lat' dir='ltr'><strong>tias</strong></span> <span class='ocrx_word' id='word_1_193' title='bbox 631 1524 933 1595; x_wconf 90' lang='lat' dir='ltr'><strong>suscipere</strong></span> <span class='ocrx_word' id='word_1_194' title='bbox 972 1540 1108 1577; x_wconf 91' lang='lat' dir='ltr'><strong>cum</strong></span> <span class='ocrx_word' id='word_1_195' title='bbox 1145 1538 1256 1579; x_wconf 91' lang='lat' dir='ltr'><strong>suo</strong></span> <span class='ocrx_word' id='word_1_196' title='bbox 1301 1521 1493 1593; x_wconf 87' lang='lat' dir='ltr'><strong>ipsius</strong></span> <span class='ocrx_word' id='word_1_197' title='bbox 1528 1523 1782 1593; x_wconf 90' lang='lat' dir='ltr'><strong>Sponso,</strong></span> <span class='ocrx_word' id='word_1_198' title='bbox 1810 1526 1865 1575; x_wconf 87' lang='lat' dir='ltr'><strong>et</strong></span> <span class='ocrx_word' id='word_1_199' title='bbox 1894 1519 1999 1592; x_wconf 91' lang='lat' dir='ltr'><strong>qui</strong></span> <span class='ocrx_word' id='word_1_200' title='bbox 2043 1535 2114 1575; x_wconf 82' lang='lat' dir='ltr'><strong>ex</strong></span> 
     </span>
    </p>
   </div>
   <div class='ocr_carea' id='block_1_28' title="bbox 2222 1517 3853 1595">
    <p class='ocr_par' dir='ltr' id='par_1_28' title="bbox 2246 1517 3853 1594">
     <span class='ocr_line' id='line_1_28' title="bbox 2246 1517 3853 1594; baseline 0.003 -26"><span class='ocrx_word' id='word_1_201' title='bbox 2246 1522 2335 1569; x_wconf 83' lang='lat' dir='ltr'><strong>xui</strong></span> <span class='ocrx_word' id='word_1_202' title='bbox 2381 1517 2772 1589; x_wconf 71' lang='grc' dir='ltr'>ἀναγκάζοντας</span> <span class='ocrx_word' id='word_1_203' title='bbox 2850 1521 3047 1594; x_wconf 77' lang='grc' dir='ltr'>ἔχθραν</span> <span class='ocrx_word' id='word_1_204' title='bbox 3114 1520 3254 1591; x_wconf 77' lang='grc' dir='ltr'>ἔχειν</span> <span class='ocrx_word' id='word_1_205' title='bbox 3315 1522 3444 1592; x_wconf 87' lang='grc' dir='ltr'>πρὸς</span> <span class='ocrx_word' id='word_1_206' title='bbox 3523 1522 3611 1572; x_wconf 87' lang='grc' dir='ltr'>τὸν</span> <span class='ocrx_word' id='word_1_207' title='bbox 3664 1520 3853 1583; x_wconf 80' lang='grc' dir='ltr'>ἑαυτῆς</span> 
     </span>
    </p>
   </div>
   <div class='ocr_carea' id='block_1_29' title="bbox 479 1606 2110 1685">
    <p class='ocr_par' dir='ltr' id='par_1_29' title="bbox 479 1608 2028 1685">
     <span class='ocr_line' id='line_1_29' title="bbox 479 1608 2028 1685; baseline -0.005 -16"><span class='ocrx_word' id='word_1_208' title='bbox 479 1618 687 1685; x_wconf 91' lang='lat' dir='ltr'><strong>optent</strong></span> <span class='ocrx_word' id='word_1_209' title='bbox 717 1628 1099 1683; x_wconf 86' lang='lat' dir='ltr'><strong>corrumpere</strong></span> <span class='ocrx_word' id='word_1_210' title='bbox 1131 1611 1260 1683; x_wconf 91' lang='lat' dir='ltr'><strong>ejus</strong></span> <span class='ocrx_word' id='word_1_211' title='bbox 1291 1610 1479 1667; x_wconf 90' lang='lat' dir='ltr'><strong>animi</strong></span> <span class='ocrx_word' id='word_1_212' title='bbox 1511 1625 1688 1665; x_wconf 88' lang='lat' dir='ltr'><strong>sensa</strong></span> <span class='ocrx_word' id='word_1_213' title='bbox 1718 1625 1753 1665; x_wconf 91' lang='lat' dir='ltr'><strong>a</strong></span> <span class='ocrx_word' id='word_1_214' title='bbox 1779 1608 2028 1665; x_wconf 88' lang='lat' dir='ltr'><strong>Christo.</strong></span> 
     </span>
    </p>
   </div>
   <div class='ocr_carea' id='block_1_30' title="bbox 2224 1606 3855 1685">
    <p class='ocr_par' dir='ltr' id='par_1_30' title="bbox 2246 1606 3855 1682">
     <span class='ocr_line' id='line_1_30' title="bbox 2246 1606 3855 1682; baseline 0.001 -22"><span class='ocrx_word' id='word_1_215' title='bbox 2246 1612 2503 1679; x_wconf 88' lang='grc' dir='ltr'>Νυμφίον,</span> <span class='ocrx_word' id='word_1_216' title='bbox 2544 1613 2635 1660; x_wconf 81' lang='grc' dir='ltr'>καὶ</span> <span class='ocrx_word' id='word_1_217' title='bbox 2666 1606 3005 1681; x_wconf 80' lang='grc' dir='ltr'>βουλομένους</span> <span class='ocrx_word' id='word_1_218' title='bbox 3036 1610 3255 1681; x_wconf 79' lang='grc' dir='ltr'>φθείρειν</span> <span class='ocrx_word' id='word_1_219' title='bbox 3302 1611 3370 1661; x_wconf 84' lang='grc' dir='ltr'>τὰ</span> <span class='ocrx_word' id='word_1_220' title='bbox 3418 1614 3657 1682; x_wconf 81' lang='grc' dir='ltr'>νοήματα</span> <span class='ocrx_word' id='word_1_221' title='bbox 3683 1609 3855 1672; x_wconf 78' lang='grc' dir='ltr'>αὐτῆς</span> 
     </span>
    </p>
   </div>
   <div class='ocr_carea' id='block_1_31' title="bbox 2246 1695 2756 1760">
    <p class='ocr_par' dir='ltr' id='par_1_31' title="bbox 2246 1695 2756 1760">
     <span class='ocr_line' id='line_1_31' title="bbox 2246 1695 2756 1760; baseline 0.006 -12"><span class='ocrx_word' id='word_1_222' title='bbox 2246 1695 2348 1748; x_wconf 87' lang='grc' dir='ltr'>ἀπὸ</span> <span class='ocrx_word' id='word_1_223' title='bbox 2378 1704 2469 1749; x_wconf 85' lang='grc' dir='ltr'>τοῦ</span> <span class='ocrx_word' id='word_1_224' title='bbox 2498 1702 2756 1760; x_wconf 75' lang='grc' dir='ltr'>Χριστοῦ.</span> 
     </span>
    </p>
   </div>
   <div class='ocr_carea' id='block_1_32' title="bbox 552 1804 2183 1896">
    <p class='ocr_par' dir='ltr' id='par_1_32' title="bbox 552 1804 2183 1894">
     <span class='ocr_line' id='line_1_32' title="bbox 552 1804 2183 1894; baseline -0.002 -13"><span class='ocrx_word' id='word_1_225' title='bbox 552 1828 640 1882; x_wconf 91' lang='lat' dir='ltr'><strong>IV.</strong></span> <span class='ocrx_word' id='word_1_226' title='bbox 675 1825 822 1882; x_wconf 91' lang='lat' dir='ltr'><strong>Cum</strong></span> <span class='ocrx_word' id='word_1_227' title='bbox 854 1841 995 1881; x_wconf 92' lang='lat' dir='ltr'><strong>vero</strong></span> <span class='ocrx_word' id='word_1_228' title='bbox 1026 1825 1315 1881; x_wconf 88' lang='lat' dir='ltr'><strong>Dominus</strong></span> <span class='ocrx_word' id='word_1_229' title='bbox 1344 1823 1579 1890; x_wconf 86' lang='lat' dir='ltr'><strong>viderit,</strong></span> <span class='ocrx_word' id='word_1_230' title='bbox 1616 1822 1782 1894; x_wconf 90' lang='lat' dir='ltr'><strong>quod</strong></span> <span class='ocrx_word' id='word_1_231' title='bbox 1816 1821 2053 1892; x_wconf 85' lang='lat' dir='ltr'><strong>colligat</strong></span> <span class='ocrx_word' id='word_1_232' title='bbox 2075 1837 2136 1879; x_wconf 91' lang='lat' dir='ltr'><strong>se</strong></span> <span class='ocrx_word' id='word_1_233' title='bbox 2178 1804 2183 1858; x_wconf 68' lang='grc' dir='ltr'>Ῑ</span> 
     </span>
    </p>
   </div>
   <div class='ocr_carea' id='block_1_33' title="bbox 2217 1804 3848 1896">
    <p class='ocr_par' dir='ltr' id='par_1_33' title="bbox 2218 1818 3848 1896">
     <span class='ocr_line' id='line_1_33' title="bbox 2218 1818 3848 1896; baseline 0.002 -22"><span class='ocrx_word' id='word_1_234' title='bbox 2218 1826 2221 1829; x_wconf 35' lang='grc' dir='ltr'><strong>λ</strong></span> <span class='ocrx_word' id='word_1_235' title='bbox 2318 1820 2391 1875; x_wconf 88' lang='grc' dir='ltr'><strong>Δ’.</strong></span> <span class='ocrx_word' id='word_1_236' title='bbox 2444 1828 2604 1875; x_wconf 87' lang='grc' dir='ltr'>Ὅταν</span> <span class='ocrx_word' id='word_1_237' title='bbox 2648 1818 2708 1874; x_wconf 67' lang='grc' dir='ltr'>δὲ</span> <span class='ocrx_word' id='word_1_238' title='bbox 2762 1819 2856 1894; x_wconf 80' lang='grc' dir='ltr'><strong>ἴδη</strong></span> <span class='ocrx_word' id='word_1_239' title='bbox 2912 1824 2937 1874; x_wconf 94' lang='lat'><strong>6</strong></span> <span class='ocrx_word' id='word_1_240' title='bbox 2997 1825 3205 1895; x_wconf 77' lang='grc' dir='ltr'>Κύριος,</span> <span class='ocrx_word' id='word_1_241' title='bbox 3258 1822 3336 1876; x_wconf 89' lang='grc' dir='ltr'>ὃτι</span> <span class='ocrx_word' id='word_1_242' title='bbox 3392 1826 3607 1896; x_wconf 83' lang='grc' dir='ltr'>συνάγει</span> <span class='ocrx_word' id='word_1_243' title='bbox 3654 1824 3848 1884; x_wconf 71' lang='grc' dir='ltr'>ἑαυτήν</span> 
     </span>
    </p>
   </div>
   <div class='ocr_carea' id='block_1_34' title="bbox 480 1908 2111 1988">
    <p class='ocr_par' dir='ltr' id='par_1_34' title="bbox 480 1912 2111 1988">
     <span class='ocr_line' id='line_1_34' title="bbox 480 1912 2111 1988; baseline -0.003 -17"><span class='ocrx_word' id='word_1_244' title='bbox 480 1916 673 1988; x_wconf 86' lang='lat' dir='ltr'><strong>ipsam</strong></span> <span class='ocrx_word' id='word_1_245' title='bbox 697 1932 805 1987; x_wconf 83' lang='lat' dir='ltr'><strong>pro</strong></span> <span class='ocrx_word' id='word_1_246' title='bbox 821 1914 1047 1970; x_wconf 87' lang='lat' dir='ltr'><strong>viribus</strong></span> <span class='ocrx_word' id='word_1_247' title='bbox 1066 1916 1212 1977; x_wconf 89' lang='lat' dir='ltr'><strong>suis,</strong></span> <span class='ocrx_word' id='word_1_248' title='bbox 1236 1928 1474 1985; x_wconf 88' lang='lat' dir='ltr'><strong>semper</strong></span> <span class='ocrx_word' id='word_1_249' title='bbox 1494 1912 1815 1968; x_wconf 91' lang='lat' dir='ltr'><strong>Dominum</strong></span> <span class='ocrx_word' id='word_1_250' title='bbox 1837 1928 2111 1984; x_wconf 72' lang='lat' dir='ltr'><strong>quaerens</strong></span> 
     </span>
    </p>
   </div>
   <div class='ocr_carea' id='block_1_35' title="bbox 2223 1908 3854 1988">
    <p class='ocr_par' dir='ltr' id='par_1_35' title="bbox 2246 1908 3854 1987">
     <span class='ocr_line' id='line_1_35' title="bbox 2246 1908 3854 1987; baseline 0.002 -25"><span class='ocrx_word' id='word_1_251' title='bbox 2246 1912 2367 1963; x_wconf 85' lang='grc' dir='ltr'>ὅσον</span> <span class='ocrx_word' id='word_1_252' title='bbox 2399 1915 2455 1965; x_wconf 85' lang='grc' dir='ltr'>τὸ</span> <span class='ocrx_word' id='word_1_253' title='bbox 2514 1914 2647 1964; x_wconf 87' lang='grc' dir='ltr'><strong>κατά</strong></span> <span class='ocrx_word' id='word_1_254' title='bbox 2691 1908 2934 1985; x_wconf 79' lang='grc' dir='ltr'>δύναμιν,</span> <span class='ocrx_word' id='word_1_255' title='bbox 2989 1911 3067 1965; x_wconf 81' lang='grc' dir='ltr'>ἀεὶ</span> <span class='ocrx_word' id='word_1_256' title='bbox 3124 1916 3211 1965; x_wconf 89' lang='grc' dir='ltr'>τὸν</span> <span class='ocrx_word' id='word_1_257' title='bbox 3270 1916 3459 1987; x_wconf 76' lang='grc' dir='ltr'>Κύριον</span> <span class='ocrx_word' id='word_1_258' title='bbox 3493 1917 3726 1977; x_wconf 81' lang='grc' dir='ltr'>ζητουσα</span> <span class='ocrx_word' id='word_1_259' title='bbox 3762 1935 3854 1966; x_wconf 79' lang='grc' dir='ltr'>νυ-</span> 
     </span>
    </p>
   </div>
   <div class='ocr_carea' id='block_1_36' title="bbox 478 1999 2109 2077">
    <p class='ocr_par' dir='ltr' id='par_1_36' title="bbox 478 2000 2109 2077">
     <span class='ocr_line' id='line_1_36' title="bbox 478 2000 2109 2077; baseline -0.003 -17"><span class='ocrx_word' id='word_1_260' title='bbox 478 2011 661 2060; x_wconf 90' lang='lat' dir='ltr'><strong>noctu</strong></span> <span class='ocrx_word' id='word_1_261' title='bbox 688 2004 915 2077; x_wconf 91' lang='lat' dir='ltr'><strong>diuque</strong></span> <span class='ocrx_word' id='word_1_262' title='bbox 946 2010 1324 2075; x_wconf 81' lang='lat' dir='ltr'><strong>exspectans,</strong></span> <span class='ocrx_word' id='word_1_263' title='bbox 1356 2008 1535 2073; x_wconf 90' lang='lat' dir='ltr'><strong>atque</strong></span> <span class='ocrx_word' id='word_1_264' title='bbox 1566 2000 1835 2061; x_wconf 90' lang='lat' dir='ltr'><strong>clamans</strong></span> <span class='ocrx_word' id='word_1_265' title='bbox 1866 2001 1943 2056; x_wconf 92' lang='lat' dir='ltr'><strong>ad</strong></span> <span class='ocrx_word' id='word_1_266' title='bbox 1971 2016 2109 2055; x_wconf 91' lang='lat' dir='ltr'><strong>eum</strong></span> 
     </span>
    </p>
   </div>
   <div class='ocr_carea' id='block_1_37' title="bbox 2224 1999 3855 2077">
    <p class='ocr_par' dir='ltr' id='par_1_37' title="bbox 2246 1999 3855 2077">
     <span class='ocr_line' id='line_1_37' title="bbox 2246 1999 3855 2077; baseline 0.005 -27"><span class='ocrx_word' id='word_1_267' title='bbox 2246 2005 2361 2062; x_wconf 85' lang='grc' dir='ltr'>κτός</span> <span class='ocrx_word' id='word_1_268' title='bbox 2390 2006 2480 2054; x_wconf 79' lang='grc' dir='ltr'>καὶ</span> <span class='ocrx_word' id='word_1_269' title='bbox 2509 2003 2721 2073; x_wconf 80' lang='grc' dir='ltr'>ἡμέρας,</span> <span class='ocrx_word' id='word_1_270' title='bbox 2756 2008 2843 2054; x_wconf 83' lang='grc' dir='ltr'>καὶ</span> <span class='ocrx_word' id='word_1_271' title='bbox 2876 1999 3056 2074; x_wconf 86' lang='grc' dir='ltr'>βοῶσα</span> <span class='ocrx_word' id='word_1_272' title='bbox 3087 2006 3213 2077; x_wconf 87' lang='grc' dir='ltr'>πρὸς</span> <span class='ocrx_word' id='word_1_273' title='bbox 3260 2002 3436 2071; x_wconf 75' lang='grc' dir='ltr'>αὐτὸν,</span> <span class='ocrx_word' id='word_1_274' title='bbox 3469 2005 3641 2067; x_wconf 85' lang='grc' dir='ltr'>καθὼς</span> <span class='ocrx_word' id='word_1_275' title='bbox 3670 2003 3855 2057; x_wconf 70' lang='grc' dir='ltr'>ἐνετεί-</span> 
     </span>
    </p>
   </div>
   <div class='ocr_carea' id='block_1_38' title="bbox 476 2088 2107 2166">
    <p class='ocr_par' dir='ltr' id='par_1_38' title="bbox 476 2090 2107 2166">
     <span class='ocr_line' id='line_1_38' title="bbox 476 2090 2107 2166; baseline -0.004 -17"><span class='ocrx_word' id='word_1_276' title='bbox 476 2093 996 2166; x_wconf 89' lang='lat' dir='ltr'><strong>quemadmodum</strong></span> <span class='ocrx_word' id='word_1_277' title='bbox 1030 2092 1341 2147; x_wconf 81' lang='lat' dir='ltr'><strong>mandavit</strong></span> <span class='ocrx_word' id='word_1_278' title='bbox 1371 2091 1526 2147; x_wconf 85' lang='lat' dir='ltr'><strong>citra</strong></span> <span class='ocrx_word' id='word_1_279' title='bbox 1549 2090 2041 2146; x_wconf 80' lang='lat' dir='ltr'><strong>intermissionem</strong></span> <span class='ocrx_word' id='word_1_280' title='bbox 2076 2090 2107 2143; x_wconf 82' lang='lat' dir='ltr'><strong>i1</strong></span> 
     </span>
    </p>
   </div>
   <div class='ocr_carea' id='block_1_39' title="bbox 2224 2088 3855 2166">
    <p class='ocr_par' dir='ltr' id='par_1_39' title="bbox 2244 2088 3855 2163">
     <span class='ocr_line' id='line_1_39' title="bbox 2244 2088 3855 2163; baseline 0.004 -22"><span class='ocrx_word' id='word_1_281' title='bbox 2244 2089 2387 2155; x_wconf 90' lang='grc' dir='ltr'>λατο,</span> <span class='ocrx_word' id='word_1_282' title='bbox 2413 2088 2843 2152; x_wconf 76' lang='grc' dir='ltr'>ἀδιαλείπτως</span> <span class='ocrx_word' id='word_1_283' title='bbox 2872 2093 3372 2163; x_wconf 83' lang='grc' dir='ltr'>προσεύχεσθαι</span> <span class='ocrx_word' id='word_1_284' title='bbox 3396 2094 3446 2145; x_wconf 85' lang='grc' dir='ltr'>ἐν</span> <span class='ocrx_word' id='word_1_285' title='bbox 3467 2098 3855 2163; x_wconf 78' lang='grc' dir='ltr'>παντὶ,ποιή-</span> 
     </span>
    </p>
   </div>
   <div class='ocr_carea' id='block_1_40' title="bbox 478 2177 2109 2256">
    <p class='ocr_par' dir='ltr' id='par_1_40' title="bbox 478 2181 2106 2252">
     <span class='ocr_line' id='line_1_40' title="bbox 478 2181 2106 2252; baseline -0.004 -13"><span class='ocrx_word' id='word_1_286' title='bbox 478 2185 640 2239; x_wconf 91' lang='lat' dir='ltr'><strong>omni</strong></span> <span class='ocrx_word' id='word_1_287' title='bbox 676 2184 912 2252; x_wconf 89' lang='lat' dir='ltr'><strong>negotio</strong></span> <span class='ocrx_word' id='word_1_288' title='bbox 946 2184 1202 2251; x_wconf 81' lang='lat' dir='ltr'><strong>precari,</strong></span> <span class='ocrx_word' id='word_1_289' title='bbox 1232 2182 1415 2250; x_wconf 82' lang='lat' dir='ltr'><strong>faciet</strong></span> <span class='ocrx_word' id='word_1_290' title='bbox 1457 2181 1783 2235; x_wconf 82' lang='lat' dir='ltr'><strong>vindictam</strong></span> <span class='ocrx_word' id='word_1_291' title='bbox 1815 2181 1940 2247; x_wconf 75' lang='lat' dir='ltr'><strong>eius</strong></span> <span class='ocrx_word' id='word_1_292' title='bbox 1971 2181 2042 2241; x_wconf 73' lang='grc'><strong>’³,</strong></span> <span class='ocrx_word' id='word_1_293' title='bbox 2073 2195 2106 2232; x_wconf 92' lang='lat' dir='ltr'><strong>u</strong></span> 
     </span>
    </p>
   </div>
   <div class='ocr_carea' id='block_1_41' title="bbox 2224 2177 3855 2256">
    <p class='ocr_par' dir='ltr' id='par_1_41' title="bbox 2247 2177 3855 2256">
     <span class='ocr_line' id='line_1_41' title="bbox 2247 2177 3855 2256; baseline 0.003 -25"><span class='ocrx_word' id='word_1_294' title='bbox 2247 2198 2342 2231; x_wconf 84' lang='grc' dir='ltr'><strong>σει</strong></span> <span class='ocrx_word' id='word_1_295' title='bbox 2378 2184 2489 2237; x_wconf 77' lang='grc' dir='ltr'>τὴν</span> <span class='ocrx_word' id='word_1_296' title='bbox 2522 2177 2875 2239; x_wconf 80' lang='grc' dir='ltr'>ἐκδίκησιν</span> <span class='ocrx_word' id='word_1_297' title='bbox 2906 2181 3063 2239; x_wconf 84' lang='grc' dir='ltr'>αύτῆ</span> <span class='ocrx_word' id='word_1_298' title='bbox 3080 2201 3121 2247; x_wconf 87' lang='grc' dir='ltr'>ς,</span> <span class='ocrx_word' id='word_1_299' title='bbox 3151 2184 3219 2243; x_wconf 83' lang='grc' dir='ltr'>ὡς</span> <span class='ocrx_word' id='word_1_300' title='bbox 3244 2183 3528 2254; x_wconf 73' lang='grc' dir='ltr'>ὑπίσχετο,</span> <span class='ocrx_word' id='word_1_301' title='bbox 3551 2184 3855 2256; x_wconf 85' lang='grc' dir='ltr'>καθαρίσας</span> 
     </span>
    </p>
   </div>
   <div class='ocr_carea' id='block_1_42' title="bbox 477 2266 2108 2345">
    <p class='ocr_par' dir='ltr' id='par_1_42' title="bbox 477 2266 2108 2344">
     <span class='ocr_line' id='line_1_42' title="bbox 477 2266 2108 2344; baseline -0.004 -18"><span class='ocrx_word' id='word_1_302' title='bbox 477 2273 775 2344; x_wconf 87' lang='lat' dir='ltr'><strong>promisit,</strong></span> <span class='ocrx_word' id='word_1_303' title='bbox 810 2278 988 2342; x_wconf 89' lang='lat' dir='ltr'><strong>atque</strong></span> <span class='ocrx_word' id='word_1_304' title='bbox 1019 2286 1151 2325; x_wconf 90' lang='lat' dir='ltr'><strong>cam</strong></span> <span class='ocrx_word' id='word_1_305' title='bbox 1186 2274 1581 2339; x_wconf 84' lang='lat' dir='ltr'><strong>expurgatam</strong></span> <span class='ocrx_word' id='word_1_306' title='bbox 1612 2267 1688 2323; x_wconf 91' lang='lat' dir='ltr'><strong>ab</strong></span> <span class='ocrx_word' id='word_1_307' title='bbox 1715 2268 1879 2323; x_wconf 92' lang='lat' dir='ltr'><strong>omni</strong></span> <span class='ocrx_word' id='word_1_308' title='bbox 1912 2266 2108 2321; x_wconf 70' lang='lat' dir='ltr'><strong>maliti:</strong></span> 
     </span>
    </p>
   </div>
   <div class='ocr_carea' id='block_1_43' title="bbox 2223 2266 3854 2345">
    <p class='ocr_par' dir='ltr' id='par_1_43' title="bbox 2246 2268 3854 2345">
     <span class='ocr_line' id='line_1_43' title="bbox 2246 2268 3854 2345; baseline 0.004 -26"><span class='ocrx_word' id='word_1_309' title='bbox 2246 2270 2404 2327; x_wconf 77' lang='grc' dir='ltr'>αὐτὴν</span> <span class='ocrx_word' id='word_1_310' title='bbox 2437 2268 2537 2321; x_wconf 87' lang='grc' dir='ltr'>ἀπὸ</span> <span class='ocrx_word' id='word_1_311' title='bbox 2570 2277 2660 2329; x_wconf 82' lang='grc' dir='ltr'>τῆς</span> <span class='ocrx_word' id='word_1_312' title='bbox 2707 2272 2755 2321; x_wconf 77' lang='grc' dir='ltr'>ἓν</span> <span class='ocrx_word' id='word_1_313' title='bbox 2803 2270 2932 2343; x_wconf 73' lang='grc' dir='ltr'>αὐτῇ</span> <span class='ocrx_word' id='word_1_314' title='bbox 2966 2275 3172 2337; x_wconf 89' lang='grc' dir='ltr'>κακίας,</span> <span class='ocrx_word' id='word_1_315' title='bbox 3236 2276 3341 2324; x_wconf 80' lang='grc' dir='ltr'>καὶ</span> <span class='ocrx_word' id='word_1_316' title='bbox 3395 2272 3676 2345; x_wconf 84' lang='grc' dir='ltr'>ἄμωμον,</span> <span class='ocrx_word' id='word_1_317' title='bbox 3737 2280 3854 2326; x_wconf 82' lang='grc' dir='ltr'>καὶ</span> 
     </span>
    </p>
   </div>
   <div class='ocr_carea' id='block_1_44' title="bbox 479 2358 2110 2435">
    <p class='ocr_par' dir='ltr' id='par_1_44' title="bbox 479 2359 2110 2431">
     <span class='ocr_line' id='line_1_44' title="bbox 479 2359 2110 2431; baseline -0.004 -16"><span class='ocrx_word' id='word_1_318' title='bbox 479 2360 1194 2431; x_wconf 77' lang='lat' dir='ltr'><strong>sua,irreprehensibilem</strong></span> <span class='ocrx_word' id='word_1_319' title='bbox 1209 2368 1259 2413; x_wconf 86' lang='lat' dir='ltr'><strong>et</strong></span> <span class='ocrx_word' id='word_1_320' title='bbox 1276 2359 1712 2413; x_wconf 81' lang='lat' dir='ltr'><strong>immaculatum</strong></span> <span class='ocrx_word' id='word_1_321' title='bbox 1728 2372 1996 2427; x_wconf 85' lang='lat' dir='ltr'><strong>sponsam</strong></span> <span class='ocrx_word' id='word_1_322' title='bbox 2013 2359 2110 2424; x_wconf 48' lang='lat' dir='ltr'><strong>ipsi</strong></span> 
     </span>
    </p>
   </div>
   <div class='ocr_carea' id='block_1_45' title="bbox 2222 2358 3853 2435">
    <p class='ocr_par' dir='ltr' id='par_1_45' title="bbox 2244 2358 3853 2435">
     <span class='ocr_line' id='line_1_45' title="bbox 2244 2358 3853 2435; baseline 0.004 -26"><span class='ocrx_word' id='word_1_323' title='bbox 2244 2358 2521 2410; x_wconf 80' lang='grc' dir='ltr'>ἄσπιλον</span> <span class='ocrx_word' id='word_1_324' title='bbox 2555 2361 2805 2431; x_wconf 84' lang='grc' dir='ltr'>νύμφην</span> <span class='ocrx_word' id='word_1_325' title='bbox 2836 2359 3033 2420; x_wconf 77' lang='grc' dir='ltr'>αὐτὸς</span> <span class='ocrx_word' id='word_1_326' title='bbox 3065 2360 3267 2430; x_wconf 81' lang='grc' dir='ltr'>ἑαυτῷ</span> <span class='ocrx_word' id='word_1_327' title='bbox 3295 2366 3716 2435; x_wconf 82' lang='grc' dir='ltr'>παραστήσει</span> <span class='ocrx_word' id='word_1_328' title='bbox 3749 2364 3853 2416; x_wconf 77' lang='grc' dir='ltr'>αύ-</span> 
     </span>
    </p>
   </div>
   <div class='ocr_carea' id='block_1_46' title="bbox 475 2443 2106 2525">
    <p class='ocr_par' dir='ltr' id='par_1_46' title="bbox 475 2445 2106 2505">
     <span class='ocr_line' id='line_1_46' title="bbox 475 2445 2106 2505; baseline -0.004 0"><span class='ocrx_word' id='word_1_329' title='bbox 475 2450 589 2505; x_wconf 85' lang='lat' dir='ltr'><strong>sibi</strong></span> <span class='ocrx_word' id='word_1_330' title='bbox 613 2449 929 2505; x_wconf 86' lang='lat' dir='ltr'><strong>constituet</strong></span> <span class='ocrx_word' id='word_1_331' title='bbox 958 2463 1085 2503; x_wconf 89' lang='lat' dir='ltr'><strong>eam</strong></span> <span class='ocrx_word' id='word_1_332' title='bbox 1115 2447 1184 2500; x_wconf 82' lang='grc'><strong>²⁴.</strong></span> <span class='ocrx_word' id='word_1_333' title='bbox 1210 2447 1504 2501; x_wconf 72' lang='lat' dir='ltr'><strong>Caeterum</strong></span> <span class='ocrx_word' id='word_1_334' title='bbox 1533 2446 1579 2499; x_wconf 91' lang='lat' dir='ltr'><strong>si</strong></span> <span class='ocrx_word' id='word_1_335' title='bbox 1609 2446 1803 2500; x_wconf 89' lang='lat' dir='ltr'><strong>credis</strong></span> <span class='ocrx_word' id='word_1_336' title='bbox 1837 2445 1961 2499; x_wconf 66' lang='lat' dir='ltr'><strong>haec</strong></span> <span class='ocrx_word' id='word_1_337' title='bbox 1993 2460 2106 2498; x_wconf 73' lang='lat' dir='ltr'><strong>vera</strong></span> 
     </span>
    </p>
   </div>
   <div class='ocr_carea' id='block_1_47' title="bbox 2216 2443 3847 2525">
    <p class='ocr_par' dir='ltr' id='par_1_47' title="bbox 2243 2443 3847 2525">
     <span class='ocr_line' id='line_1_47' title="bbox 2243 2443 3847 2525; baseline 0.005 -28"><span class='ocrx_word' id='word_1_338' title='bbox 2243 2451 2313 2504; x_wconf 84' lang='grc' dir='ltr'>τὴ</span> <span class='ocrx_word' id='word_1_339' title='bbox 2333 2467 2377 2500; x_wconf 87' lang='grc' dir='ltr'>ν.</span> <span class='ocrx_word' id='word_1_340' title='bbox 2416 2446 2472 2499; x_wconf 85' lang='grc' dir='ltr'><strong>Εἰ</strong></span> <span class='ocrx_word' id='word_1_341' title='bbox 2499 2443 2557 2499; x_wconf 71' lang='grc' dir='ltr'>δὲ</span> <span class='ocrx_word' id='word_1_342' title='bbox 2576 2450 2837 2510; x_wconf 82' lang='grc' dir='ltr'>πιστεύεις</span> <span class='ocrx_word' id='word_1_343' title='bbox 2860 2455 3025 2500; x_wconf 84' lang='grc' dir='ltr'>ταῦτα</span> <span class='ocrx_word' id='word_1_344' title='bbox 3042 2448 3206 2508; x_wconf 83' lang='grc' dir='ltr'>ἀληθῆ</span> <span class='ocrx_word' id='word_1_345' title='bbox 3232 2446 3381 2515; x_wconf 83' lang='grc' dir='ltr'>εἶναι,</span> <span class='ocrx_word' id='word_1_346' title='bbox 3411 2452 3585 2525; x_wconf 80' lang='grc' dir='ltr'>ὥσπερ</span> <span class='ocrx_word' id='word_1_347' title='bbox 3606 2456 3693 2503; x_wconf 82' lang='lat' dir='ltr'><strong>xui</strong></span> <span class='ocrx_word' id='word_1_348' title='bbox 3718 2452 3847 2518; x_wconf 83' lang='grc' dir='ltr'>εἰσὶ,</span> 
     </span>
    </p>
   </div>
   <div class='ocr_carea' id='block_1_48' title="bbox 478 2534 2109 2612">
    <p class='ocr_par' dir='ltr' id='par_1_48' title="bbox 478 2534 2109 2609">
     <span class='ocr_line' id='line_1_48' title="bbox 478 2534 2109 2609; baseline -0.004 -16"><span class='ocrx_word' id='word_1_349' title='bbox 478 2554 627 2603; x_wconf 89' lang='lat' dir='ltr'><strong>esse,</strong></span> <span class='ocrx_word' id='word_1_350' title='bbox 660 2544 721 2592; x_wconf 90' lang='lat' dir='ltr'><strong>ut</strong></span> <span class='ocrx_word' id='word_1_351' title='bbox 758 2552 1001 2609; x_wconf 91' lang='lat' dir='ltr'><strong>quoque</strong></span> <span class='ocrx_word' id='word_1_352' title='bbox 1036 2542 1192 2599; x_wconf 82' lang='lat' dir='ltr'><strong>sunt,</strong></span> <span class='ocrx_word' id='word_1_353' title='bbox 1227 2534 1466 2590; x_wconf 89' lang='lat' dir='ltr'><strong>attende</strong></span> <span class='ocrx_word' id='word_1_354' title='bbox 1498 2534 1601 2588; x_wconf 89' lang='lat' dir='ltr'><strong>tibi</strong></span> <span class='ocrx_word' id='word_1_355' title='bbox 1632 2535 1777 2604; x_wconf 91' lang='lat' dir='ltr'><strong>ipse,</strong></span> <span class='ocrx_word' id='word_1_356' title='bbox 1814 2549 1957 2588; x_wconf 91' lang='lat' dir='ltr'><strong>num</strong></span> <span class='ocrx_word' id='word_1_357' title='bbox 1991 2549 2109 2588; x_wconf 43' lang='lat' dir='ltr'><strong>con.</strong></span> 
     </span>
    </p>
   </div>
   <div class='ocr_carea' id='block_1_49' title="bbox 2218 2534 3849 2612">
    <p class='ocr_par' dir='ltr' id='par_1_49' title="bbox 2243 2536 3849 2612">
     <span class='ocr_line' id='line_1_49' title="bbox 2243 2536 3849 2612; baseline 0.004 -25"><span class='ocrx_word' id='word_1_358' title='bbox 2243 2540 2477 2608; x_wconf 84' lang='grc' dir='ltr'>πρόσεχε</span> <span class='ocrx_word' id='word_1_359' title='bbox 2510 2545 2729 2609; x_wconf 83' lang='grc' dir='ltr'>σεαυτῷ,</span> <span class='ocrx_word' id='word_1_360' title='bbox 2766 2536 2811 2589; x_wconf 84' lang='grc' dir='ltr'>εἰ</span> <span class='ocrx_word' id='word_1_361' title='bbox 2852 2536 2991 2612; x_wconf 81' lang='grc' dir='ltr'>εὗρεν</span> <span class='ocrx_word' id='word_1_362' title='bbox 3022 2539 3051 2595; x_wconf 83' lang='grc' dir='ltr'>ἡ</span> <span class='ocrx_word' id='word_1_363' title='bbox 3086 2537 3241 2609; x_wconf 74' lang='grc' dir='ltr'>ψυχή</span> <span class='ocrx_word' id='word_1_364' title='bbox 3274 2558 3368 2591; x_wconf 88' lang='grc' dir='ltr'><strong>σου</strong></span> <span class='ocrx_word' id='word_1_365' title='bbox 3398 2543 3456 2591; x_wconf 88' lang='grc' dir='ltr'>τὸ</span> <span class='ocrx_word' id='word_1_366' title='bbox 3488 2536 3717 2612; x_wconf 79' lang='grc' dir='ltr'>όδηγοῦν</span> <span class='ocrx_word' id='word_1_367' title='bbox 3749 2542 3849 2593; x_wconf 82' lang='grc' dir='ltr'>αύ-</span> 
     </span>
    </p>
   </div>
   <div class='ocr_carea' id='block_1_50' title="bbox 480 2623 2111 2699">
    <p class='ocr_par' dir='ltr' id='par_1_50' title="bbox 480 2623 2111 2694">
     <span class='ocr_line' id='line_1_50' title="bbox 480 2623 2111 2694; baseline -0.002 -13"><span class='ocrx_word' id='word_1_368' title='bbox 480 2634 681 2682; x_wconf 92' lang='lat' dir='ltr'><strong>secuta</strong></span> <span class='ocrx_word' id='word_1_369' title='bbox 714 2628 788 2681; x_wconf 89' lang='lat' dir='ltr'><strong>sit</strong></span> <span class='ocrx_word' id='word_1_370' title='bbox 819 2627 1020 2681; x_wconf 88' lang='lat' dir='ltr'><strong>anima</strong></span> <span class='ocrx_word' id='word_1_371' title='bbox 1060 2630 1162 2679; x_wconf 91' lang='lat' dir='ltr'><strong>tua</strong></span> <span class='ocrx_word' id='word_1_372' title='bbox 1205 2623 1409 2678; x_wconf 90' lang='lat' dir='ltr'><strong>lumen</strong></span> <span class='ocrx_word' id='word_1_373' title='bbox 1441 2623 1702 2694; x_wconf 81' lang='lat' dir='ltr'><strong>dirigens</strong></span> <span class='ocrx_word' id='word_1_374' title='bbox 1732 2639 1887 2686; x_wconf 88' lang='lat' dir='ltr'><strong>eam,</strong></span> <span class='ocrx_word' id='word_1_375' title='bbox 1925 2638 2111 2678; x_wconf 86' lang='lat' dir='ltr'><strong>verun</strong></span> 
     </span>
    </p>
   </div>
   <div class='ocr_carea' id='block_1_51' title="bbox 2213 2623 3844 2699">
    <p class='ocr_par' dir='ltr' id='par_1_51' title="bbox 2243 2624 3844 2699">
     <span class='ocr_line' id='line_1_51' title="bbox 2243 2624 3844 2699; baseline 0.005 -23"><span class='ocrx_word' id='word_1_376' title='bbox 2243 2628 2335 2681; x_wconf 80' lang='grc' dir='ltr'>τὴν</span> <span class='ocrx_word' id='word_1_377' title='bbox 2367 2633 2490 2696; x_wconf 75' lang='grc' dir='ltr'>φῶς,</span> <span class='ocrx_word' id='word_1_378' title='bbox 2523 2630 2613 2678; x_wconf 81' lang='grc' dir='ltr'>καὶ</span> <span class='ocrx_word' id='word_1_379' title='bbox 2638 2630 2726 2683; x_wconf 79' lang='grc' dir='ltr'>τὴν</span> <span class='ocrx_word' id='word_1_380' title='bbox 2758 2624 2974 2684; x_wconf 81' lang='grc' dir='ltr'>ἀληθινὴ</span> <span class='ocrx_word' id='word_1_381' title='bbox 3005 2624 3206 2699; x_wconf 84' lang='grc' dir='ltr'>βρῶσιν</span> <span class='ocrx_word' id='word_1_382' title='bbox 3236 2632 3325 2680; x_wconf 82' lang='grc' dir='ltr'>καὶ</span> <span class='ocrx_word' id='word_1_383' title='bbox 3346 2630 3523 2698; x_wconf 83' lang='grc' dir='ltr'>πόσιν,</span> <span class='ocrx_word' id='word_1_384' title='bbox 3560 2629 3672 2691; x_wconf 77' lang='grc' dir='ltr'>ἣτις</span> <span class='ocrx_word' id='word_1_385' title='bbox 3698 2630 3844 2684; x_wconf 78' lang='grc' dir='ltr'>ἐστὶν</span> 
     </span>
    </p>
   </div>
   <div class='ocr_carea' id='block_1_52' title="bbox 478 2711 2109 2792">
    <p class='ocr_par' dir='ltr' id='par_1_52' title="bbox 478 2712 2109 2786">
     <span class='ocr_line' id='line_1_52' title="bbox 478 2712 2109 2786; baseline -0.004 -15"><span class='ocrx_word' id='word_1_386' title='bbox 478 2716 677 2772; x_wconf 90' lang='lat' dir='ltr'><strong>cibum</strong></span> <span class='ocrx_word' id='word_1_387' title='bbox 707 2721 761 2769; x_wconf 89' lang='lat' dir='ltr'><strong>et</strong></span> <span class='ocrx_word' id='word_1_388' title='bbox 776 2714 1122 2786; x_wconf 89' lang='lat' dir='ltr'><strong>potum,qui</strong></span> <span class='ocrx_word' id='word_1_389' title='bbox 1150 2712 1546 2768; x_wconf 91' lang='lat' dir='ltr'><strong>estDominus</strong></span> <span class='ocrx_word' id='word_1_390' title='bbox 1563 2731 1575 2780; x_wconf 90' lang='lat'><strong>;</strong></span> <span class='ocrx_word' id='word_1_391' title='bbox 1592 2713 1681 2767; x_wconf 89' lang='lat' dir='ltr'><strong>sin</strong></span> <span class='ocrx_word' id='word_1_392' title='bbox 1698 2713 1896 2766; x_wconf 90' lang='lat' dir='ltr'><strong>minus</strong></span> <span class='ocrx_word' id='word_1_393' title='bbox 1921 2718 2109 2766; x_wconf 77' lang='lat' dir='ltr'><strong>nactu:</strong></span> 
     </span>
    </p>
   </div>
   <div class='ocr_carea' id='block_1_53' title="bbox 2209 2711 3840 2792">
    <p class='ocr_par' dir='ltr' id='par_1_53' title="bbox 2243 2711 3840 2792">
     <span class='ocr_line' id='line_1_53' title="bbox 2243 2711 3840 2792; baseline 0.006 -28"><span class='ocrx_word' id='word_1_394' title='bbox 2243 2714 2268 2764; x_wconf 90' lang='lat'><strong>6</strong></span> <span class='ocrx_word' id='word_1_395' title='bbox 2302 2716 2509 2785; x_wconf 78' lang='grc' dir='ltr'>Κύριος.</span> <span class='ocrx_word' id='word_1_396' title='bbox 2546 2714 2605 2765; x_wconf 86' lang='grc' dir='ltr'>Εἰ</span> <span class='ocrx_word' id='word_1_397' title='bbox 2637 2711 2695 2767; x_wconf 71' lang='grc' dir='ltr'>δὲ</span> <span class='ocrx_word' id='word_1_398' title='bbox 2724 2715 2816 2766; x_wconf 77' lang='grc' dir='ltr'>οὐκ</span> <span class='ocrx_word' id='word_1_399' title='bbox 2848 2717 3005 2786; x_wconf 81' lang='grc' dir='ltr'>ἔχεις,</span> <span class='ocrx_word' id='word_1_400' title='bbox 3052 2716 3285 2776; x_wconf 77' lang='grc' dir='ltr'>ζήτησον</span> <span class='ocrx_word' id='word_1_401' title='bbox 3339 2721 3522 2780; x_wconf 85' lang='grc' dir='ltr'>νυκτός</span> <span class='ocrx_word' id='word_1_402' title='bbox 3575 2724 3660 2771; x_wconf 85' lang='grc' dir='ltr'>καὶ</span> <span class='ocrx_word' id='word_1_403' title='bbox 3714 2722 3840 2792; x_wconf 76' lang='grc' dir='ltr'><strong>ἡμέ-</strong></span> 
     </span>
    </p>
   </div>
   <div class='ocr_carea' id='block_1_54' title="bbox 479 2800 2110 2877">
    <p class='ocr_par' dir='ltr' id='par_1_54' title="bbox 479 2801 2110 2877">
     <span class='ocr_line' id='line_1_54' title="bbox 479 2801 2110 2877; baseline -0.003 -17"><span class='ocrx_word' id='word_1_404' title='bbox 479 2805 582 2872; x_wconf 91' lang='lat' dir='ltr'><strong>sis,</strong></span> <span class='ocrx_word' id='word_1_405' title='bbox 616 2820 817 2877; x_wconf 68' lang='lat' dir='ltr'><strong>quaere</strong></span> <span class='ocrx_word' id='word_1_406' title='bbox 856 2810 1036 2859; x_wconf 90' lang='lat' dir='ltr'><strong>noctu</strong></span> <span class='ocrx_word' id='word_1_407' title='bbox 1068 2803 1312 2874; x_wconf 86' lang='lat' dir='ltr'><strong>diuque,</strong></span> <span class='ocrx_word' id='word_1_408' title='bbox 1346 2809 1409 2857; x_wconf 92' lang='lat' dir='ltr'><strong>ut</strong></span> <span class='ocrx_word' id='word_1_409' title='bbox 1452 2801 1868 2874; x_wconf 89' lang='lat' dir='ltr'><strong>consequaris.</strong></span> <span class='ocrx_word' id='word_1_410' title='bbox 1905 2801 1961 2856; x_wconf 94' lang='lat' dir='ltr'><strong>Si</strong></span> <span class='ocrx_word' id='word_1_411' title='bbox 1993 2816 2110 2870; x_wconf 68' lang='lat' dir='ltr'><strong>ergt</strong></span> 
     </span>
    </p>
   </div>
   <div class='ocr_carea' id='block_1_55' title="bbox 2201 2800 3832 2877">
    <p class='ocr_par' dir='ltr' id='par_1_55' title="bbox 2240 2800 3832 2877">
     <span class='ocr_line' id='line_1_55' title="bbox 2240 2800 3832 2877; baseline 0.004 -24"><span class='ocrx_word' id='word_1_412' title='bbox 2240 2821 2331 2876; x_wconf 90' lang='grc' dir='ltr'><strong>ρας</strong></span> <span class='ocrx_word' id='word_1_413' title='bbox 2361 2802 2445 2854; x_wconf 84' lang='grc' dir='ltr'>ἶνα</span> <span class='ocrx_word' id='word_1_414' title='bbox 2486 2802 2670 2875; x_wconf 78' lang='grc' dir='ltr'>λάϐῃς.</span> <span class='ocrx_word' id='word_1_415' title='bbox 2712 2802 2873 2856; x_wconf 85' lang='grc' dir='ltr'>Ὅταν</span> <span class='ocrx_word' id='word_1_416' title='bbox 2942 2800 3029 2857; x_wconf 84' lang='grc' dir='ltr'>οὖν</span> <span class='ocrx_word' id='word_1_417' title='bbox 3085 2801 3207 2877; x_wconf 79' lang='grc' dir='ltr'>ῖδης</span> <span class='ocrx_word' id='word_1_418' title='bbox 3245 2808 3332 2857; x_wconf 89' lang='grc' dir='ltr'><strong>τόν</strong></span> <span class='ocrx_word' id='word_1_419' title='bbox 3388 2806 3546 2871; x_wconf 78' lang='grc' dir='ltr'>ἣλιον,</span> <span class='ocrx_word' id='word_1_420' title='bbox 3599 2808 3832 2867; x_wconf 73' lang='grc' dir='ltr'>ζήτησον</span> 
     </span>
    </p>
   </div>
   <div class='ocr_carea' id='block_1_56' title="bbox 479 2890 2110 2969">
    <p class='ocr_par' dir='ltr' id='par_1_56' title="bbox 479 2890 2110 2967">
     <span class='ocr_line' id='line_1_56' title="bbox 479 2890 2110 2967; baseline -0.005 -17"><span class='ocrx_word' id='word_1_421' title='bbox 479 2894 782 2967; x_wconf 82' lang='lat' dir='ltr'><strong>aspexeris</strong></span> <span class='ocrx_word' id='word_1_422' title='bbox 832 2894 1038 2952; x_wconf 80' lang='lat' dir='ltr'><strong>solem.</strong></span> <span class='ocrx_word' id='word_1_423' title='bbox 1072 2893 1353 2965; x_wconf 90' lang='lat' dir='ltr'><strong>inquirito</strong></span> <span class='ocrx_word' id='word_1_424' title='bbox 1401 2906 1609 2946; x_wconf 89' lang='lat' dir='ltr'><strong>verum</strong></span> <span class='ocrx_word' id='word_1_425' title='bbox 1661 2890 1885 2956; x_wconf 91' lang='lat' dir='ltr'><strong>solem;</strong></span> <span class='ocrx_word' id='word_1_426' title='bbox 1938 2906 2110 2945; x_wconf 65' lang='lat' dir='ltr'><strong>caecus</strong></span> 
     </span>
    </p>
   </div>
   <div class='ocr_carea' id='block_1_57' title="bbox 2197 2890 3828 2969">
    <p class='ocr_par' dir='ltr' id='par_1_57' title="bbox 2239 2890 3828 2969">
     <span class='ocr_line' id='line_1_57' title="bbox 2239 2890 3828 2969; baseline 0.003 -27"><span class='ocrx_word' id='word_1_427' title='bbox 2239 2894 2323 2942; x_wconf 90' lang='grc' dir='ltr'>τὸν</span> <span class='ocrx_word' id='word_1_428' title='bbox 2365 2890 2605 2950; x_wconf 85' lang='grc' dir='ltr'>ἀληθινόν</span> <span class='ocrx_word' id='word_1_429' title='bbox 2661 2892 2804 2950; x_wconf 76' lang='grc' dir='ltr'>ἣλιον</span> <span class='ocrx_word' id='word_1_430' title='bbox 2844 2907 2857 2920; x_wconf 81' lang='grc'><strong>⁸</strong></span> <span class='ocrx_word' id='word_1_431' title='bbox 2920 2892 3105 2965; x_wconf 85' lang='grc' dir='ltr'>τυφλὸς</span> <span class='ocrx_word' id='word_1_432' title='bbox 3142 2895 3242 2968; x_wconf 84' lang='grc' dir='ltr'><strong>γὰρ</strong></span> <span class='ocrx_word' id='word_1_433' title='bbox 3304 2901 3372 2950; x_wconf 88' lang='grc' dir='ltr'>εῖ.</span> <span class='ocrx_word' id='word_1_434' title='bbox 3438 2894 3586 2948; x_wconf 83' lang='grc' dir='ltr'>Ὀταν</span> <span class='ocrx_word' id='word_1_435' title='bbox 3634 2897 3828 2969; x_wconf 77' lang='grc' dir='ltr'>θεωρῇς</span> 
     </span>
    </p>
   </div>
   <div class='ocr_carea' id='block_1_58' title="bbox 478 2979 2109 3057">
    <p class='ocr_par' dir='ltr' id='par_1_58' title="bbox 478 2979 2109 3056">
     <span class='ocr_line' id='line_1_58' title="bbox 478 2979 2109 3056; baseline -0.004 -17"><span class='ocrx_word' id='word_1_436' title='bbox 478 2984 775 3056; x_wconf 90' lang='lat' dir='ltr'><strong>siquidem</strong></span> <span class='ocrx_word' id='word_1_437' title='bbox 798 2998 881 3039; x_wconf 92' lang='lat' dir='ltr'><strong>es.</strong></span> <span class='ocrx_word' id='word_1_438' title='bbox 909 2980 1576 3054; x_wconf 88' lang='lat' dir='ltr'><strong>Sispectaverislumen,</strong></span> <span class='ocrx_word' id='word_1_439' title='bbox 1599 2980 1831 3051; x_wconf 88' lang='lat' dir='ltr'><strong>respice</strong></span> <span class='ocrx_word' id='word_1_440' title='bbox 1861 2979 2109 3034; x_wconf 89' lang='lat' dir='ltr'><strong>animan</strong></span> 
     </span>
    </p>
   </div>
   <div class='ocr_carea' id='block_1_59' title="bbox 2191 2979 3822 3057">
    <p class='ocr_par' dir='ltr' id='par_1_59' title="bbox 2241 2979 3822 3057">
     <span class='ocr_line' id='line_1_59' title="bbox 2241 2979 3822 3057; baseline 0.003 -27"><span class='ocrx_word' id='word_1_441' title='bbox 2241 2987 2367 3051; x_wconf 73' lang='grc' dir='ltr'>φῶς,</span> <span class='ocrx_word' id='word_1_442' title='bbox 2398 2979 2669 3052; x_wconf 74' lang='grc' dir='ltr'>ἐπίϐλεψον</span> <span class='ocrx_word' id='word_1_443' title='bbox 2722 2981 2789 3042; x_wconf 81' lang='grc' dir='ltr'><strong>εἰς</strong></span> <span class='ocrx_word' id='word_1_444' title='bbox 2838 2986 2931 3041; x_wconf 80' lang='grc' dir='ltr'>τήν</span> <span class='ocrx_word' id='word_1_445' title='bbox 2983 2982 3169 3055; x_wconf 76' lang='grc' dir='ltr'>ψυχήν</span> <span class='ocrx_word' id='word_1_446' title='bbox 3219 3002 3335 3051; x_wconf 89' lang='grc' dir='ltr'>σου,</span> <span class='ocrx_word' id='word_1_447' title='bbox 3378 2984 3423 3037; x_wconf 83' lang='grc' dir='ltr'><strong>εἰ</strong></span> <span class='ocrx_word' id='word_1_448' title='bbox 3466 2984 3598 3057; x_wconf 80' lang='grc' dir='ltr'>εὗρες</span> <span class='ocrx_word' id='word_1_449' title='bbox 3618 2988 3673 3035; x_wconf 84' lang='grc' dir='ltr'>τὸ</span> <span class='ocrx_word' id='word_1_450' title='bbox 3702 2982 3822 3041; x_wconf 81' lang='grc' dir='ltr'>ἀλη-</span> 
     </span>
    </p>
   </div>
   <div class='ocr_carea' id='block_1_60' title="bbox 476 3069 2107 3146">
    <p class='ocr_par' dir='ltr' id='par_1_60' title="bbox 476 3070 2107 3142">
     <span class='ocr_line' id='line_1_60' title="bbox 476 3070 2107 3142; baseline -0.005 -13"><span class='ocrx_word' id='word_1_451' title='bbox 476 3079 665 3142; x_wconf 89' lang='lat' dir='ltr'><strong>tuam,</strong></span> <span class='ocrx_word' id='word_1_452' title='bbox 700 3089 846 3128; x_wconf 91' lang='lat' dir='ltr'><strong>num</strong></span> <span class='ocrx_word' id='word_1_453' title='bbox 895 3087 1105 3127; x_wconf 90' lang='lat' dir='ltr'><strong>verum</strong></span> <span class='ocrx_word' id='word_1_454' title='bbox 1154 3076 1209 3126; x_wconf 90' lang='lat' dir='ltr'><strong>et</strong></span> <span class='ocrx_word' id='word_1_455' title='bbox 1251 3070 1482 3125; x_wconf 91' lang='lat' dir='ltr'><strong>bonum</strong></span> <span class='ocrx_word' id='word_1_456' title='bbox 1531 3070 1734 3124; x_wconf 90' lang='lat' dir='ltr'><strong>lumen</strong></span> <span class='ocrx_word' id='word_1_457' title='bbox 1768 3074 1981 3123; x_wconf 88' lang='lat' dir='ltr'><strong>nactus</strong></span> <span class='ocrx_word' id='word_1_458' title='bbox 2030 3070 2107 3122; x_wconf 91' lang='lat' dir='ltr'><strong>sis</strong></span> 
     </span>
    </p>
   </div>
   <div class='ocr_carea' id='block_1_61' title="bbox 2202 3069 3833 3146">
    <p class='ocr_par' dir='ltr' id='par_1_61' title="bbox 2243 3069 3833 3146">
     <span class='ocr_line' id='line_1_61' title="bbox 2243 3069 3833 3146; baseline 0.003 -25"><span class='ocrx_word' id='word_1_459' title='bbox 2243 3071 2379 3121; x_wconf 88' lang='grc' dir='ltr'>θινὸν</span> <span class='ocrx_word' id='word_1_460' title='bbox 2435 3078 2560 3141; x_wconf 81' lang='grc' dir='ltr'>φῶς,</span> <span class='ocrx_word' id='word_1_461' title='bbox 2624 3076 2713 3123; x_wconf 84' lang='grc' dir='ltr'>καὶ</span> <span class='ocrx_word' id='word_1_462' title='bbox 2760 3069 2973 3143; x_wconf 84' lang='grc' dir='ltr'>ἀγαθόν.</span> <span class='ocrx_word' id='word_1_463' title='bbox 3036 3074 3163 3124; x_wconf 88' lang='grc' dir='ltr'>Σκιά</span> <span class='ocrx_word' id='word_1_464' title='bbox 3217 3075 3317 3146; x_wconf 79' lang='grc' dir='ltr'><strong>γὰρ</strong></span> <span class='ocrx_word' id='word_1_465' title='bbox 3376 3073 3490 3126; x_wconf 71' lang='grc' dir='ltr'>ἐστι</span> <span class='ocrx_word' id='word_1_466' title='bbox 3545 3075 3707 3127; x_wconf 84' lang='grc' dir='ltr'>πάντα</span> <span class='ocrx_word' id='word_1_467' title='bbox 3765 3076 3833 3126; x_wconf 77' lang='grc' dir='ltr'>τὰ</span> 
     </span>
    </p>
   </div>
   <div class='ocr_carea' id='block_1_62' title="bbox 477 3152 2108 3236">
    <p class='ocr_par' dir='ltr' id='par_1_62' title="bbox 477 3158 2108 3233">
     <span class='ocr_line' id='line_1_62' title="bbox 477 3158 2108 3233; baseline -0.005 -14"><span class='ocrx_word' id='word_1_468' title='bbox 477 3164 690 3219; x_wconf 91' lang='lat' dir='ltr'><strong>Omnia</strong></span> <span class='ocrx_word' id='word_1_469' title='bbox 707 3162 886 3227; x_wconf 91' lang='lat' dir='ltr'><strong>enim,</strong></span> <span class='ocrx_word' id='word_1_470' title='bbox 906 3177 1040 3233; x_wconf 79' lang='lat' dir='ltr'><strong>quae</strong></span> <span class='ocrx_word' id='word_1_471' title='bbox 1059 3161 1209 3215; x_wconf 90' lang='lat' dir='ltr'><strong>visui</strong></span> <span class='ocrx_word' id='word_1_472' title='bbox 1224 3164 1447 3231; x_wconf 91' lang='lat' dir='ltr'><strong>patent,</strong></span> <span class='ocrx_word' id='word_1_473' title='bbox 1465 3163 1602 3214; x_wconf 92' lang='lat' dir='ltr'><strong>sunt</strong></span> <span class='ocrx_word' id='word_1_474' title='bbox 1621 3158 1837 3213; x_wconf 87' lang='lat' dir='ltr'><strong>umbra</strong></span> <span class='ocrx_word' id='word_1_475' title='bbox 1857 3172 2108 3212; x_wconf 87' lang='lat' dir='ltr'><strong>verarun</strong></span> 
     </span>
    </p>
   </div>
   <div class='ocr_carea' id='block_1_63' title="bbox 2207 3152 3838 3236">
    <p class='ocr_par' dir='ltr' id='par_1_63' title="bbox 2243 3159 3838 3236">
     <span class='ocr_line' id='line_1_63' title="bbox 2243 3159 3838 3236; baseline 0.005 -26"><span class='ocrx_word' id='word_1_476' title='bbox 2243 3163 2521 3231; x_wconf 75' lang='grc' dir='ltr'>φαινόμενα</span> <span class='ocrx_word' id='word_1_477' title='bbox 2601 3169 2701 3212; x_wconf 89' lang='grc' dir='ltr'><strong>τῶν</strong></span> <span class='ocrx_word' id='word_1_478' title='bbox 2754 3159 3009 3219; x_wconf 79' lang='grc' dir='ltr'>ἀληθινῶν</span> <span class='ocrx_word' id='word_1_479' title='bbox 3071 3169 3166 3224; x_wconf 82' lang='grc' dir='ltr'>τῆς</span> <span class='ocrx_word' id='word_1_480' title='bbox 3233 3162 3422 3235; x_wconf 76' lang='grc' dir='ltr'>ψυχῆς</span> <span class='ocrx_word' id='word_1_481' title='bbox 3494 3164 3838 3236; x_wconf 78' lang='grc' dir='ltr'>πραγμάτων.</span> 
     </span>
    </p>
   </div>
   <div class='ocr_carea' id='block_1_64' title="bbox 474 3246 2105 3327">
    <p class='ocr_par' dir='ltr' id='par_1_64' title="bbox 474 3247 2099 3321">
     <span class='ocr_line' id='line_1_64' title="bbox 474 3247 2099 3321; baseline -0.006 -12"><span class='ocrx_word' id='word_1_482' title='bbox 474 3268 674 3309; x_wconf 84' lang='lat' dir='ltr'><strong>rerum</strong></span> <span class='ocrx_word' id='word_1_483' title='bbox 703 3251 781 3307; x_wconf 91' lang='lat' dir='ltr'><strong>ad</strong></span> <span class='ocrx_word' id='word_1_484' title='bbox 811 3251 1083 3305; x_wconf 90' lang='lat' dir='ltr'><strong>animam</strong></span> <span class='ocrx_word' id='word_1_485' title='bbox 1111 3249 1556 3321; x_wconf 90' lang='lat' dir='ltr'><strong>pertinentium.</strong></span> <span class='ocrx_word' id='word_1_486' title='bbox 1592 3249 1688 3302; x_wconf 86' lang='lat' dir='ltr'><strong>Est</strong></span> <span class='ocrx_word' id='word_1_487' title='bbox 1717 3247 1875 3303; x_wconf 93' lang='lat' dir='ltr'><strong>enim</strong></span> <span class='ocrx_word' id='word_1_488' title='bbox 1917 3253 2099 3317; x_wconf 72' lang='lat' dir='ltr'><strong>praete</strong></span> 
     </span>
    </p>
   </div>
   <div class='ocr_carea' id='block_1_65' title="bbox 2213 3246 3844 3327">
    <p class='ocr_par' dir='ltr' id='par_1_65' title="bbox 2241 3246 3844 3327">
     <span class='ocr_line' id='line_1_65' title="bbox 2241 3246 3844 3327; baseline 0.002 -26"><span class='ocrx_word' id='word_1_489' title='bbox 2241 3246 2390 3301; x_wconf 86' lang='grc' dir='ltr'>’Ἐστι</span> <span class='ocrx_word' id='word_1_490' title='bbox 2443 3251 2544 3322; x_wconf 83' lang='grc' dir='ltr'>γὰρ</span> <span class='ocrx_word' id='word_1_491' title='bbox 2624 3252 2770 3322; x_wconf 87' lang='grc' dir='ltr'>παρὰ</span> <span class='ocrx_word' id='word_1_492' title='bbox 2832 3254 2921 3303; x_wconf 87' lang='grc' dir='ltr'>τὸν</span> <span class='ocrx_word' id='word_1_493' title='bbox 2997 3254 3296 3323; x_wconf 85' lang='grc' dir='ltr'>φαινόμενον</span> <span class='ocrx_word' id='word_1_494' title='bbox 3367 3252 3520 3313; x_wconf 84' lang='grc' dir='ltr'>ἄλλος</span> <span class='ocrx_word' id='word_1_495' title='bbox 3576 3253 3844 3327; x_wconf 87' lang='grc' dir='ltr'>ἄνθρωπος</span> 
     </span>
    </p>
   </div>
   <div class='ocr_carea' id='block_1_66' title="bbox 473 3333 2104 3413">
    <p class='ocr_par' dir='ltr' id='par_1_66' title="bbox 473 3335 2104 3410">
     <span class='ocr_line' id='line_1_66' title="bbox 473 3335 2104 3410; baseline -0.004 -14"><span class='ocrx_word' id='word_1_496' title='bbox 473 3342 782 3397; x_wconf 90' lang='lat' dir='ltr'><strong>hominem</strong></span> <span class='ocrx_word' id='word_1_497' title='bbox 811 3340 1226 3410; x_wconf 92' lang='lat' dir='ltr'><strong>conspicuum,</strong></span> <span class='ocrx_word' id='word_1_498' title='bbox 1261 3338 1414 3392; x_wconf 88' lang='lat' dir='ltr'><strong>alius</strong></span> <span class='ocrx_word' id='word_1_499' title='bbox 1449 3338 1627 3392; x_wconf 90' lang='lat' dir='ltr'><strong>homo</strong></span> <span class='ocrx_word' id='word_1_500' title='bbox 1656 3337 1918 3400; x_wconf 87' lang='lat' dir='ltr'><strong>interior,</strong></span> <span class='ocrx_word' id='word_1_501' title='bbox 1945 3340 2002 3391; x_wconf 91' lang='lat' dir='ltr'><strong>et</strong></span> <span class='ocrx_word' id='word_1_502' title='bbox 2033 3335 2104 3389; x_wconf 89' lang='lat' dir='ltr'><strong>ali</strong></span> 
     </span>
    </p>
   </div>
   <div class='ocr_carea' id='block_1_67' title="bbox 2209 3333 3840 3413">
    <p class='ocr_par' dir='ltr' id='par_1_67' title="bbox 2240 3333 3840 3413">
     <span class='ocr_line' id='line_1_67' title="bbox 2240 3333 3840 3413; baseline 0.004 -25"><span class='ocrx_word' id='word_1_503' title='bbox 2240 3333 2423 3389; x_wconf 80' lang='grc' dir='ltr'>ἔνδον·</span> <span class='ocrx_word' id='word_1_504' title='bbox 2502 3342 2591 3390; x_wconf 84' lang='grc' dir='ltr'><strong>καὶ</strong></span> <span class='ocrx_word' id='word_1_505' title='bbox 2665 3337 2940 3412; x_wconf 83' lang='grc' dir='ltr'>ὀφθαλμοὶ,</span> <span class='ocrx_word' id='word_1_506' title='bbox 3006 3340 3097 3402; x_wconf 83' lang='grc' dir='ltr'>οὕς</span> <span class='ocrx_word' id='word_1_507' title='bbox 3170 3340 3456 3413; x_wconf 78' lang='grc' dir='ltr'>ἐτύφλωσεν</span> <span class='ocrx_word' id='word_1_508' title='bbox 3509 3343 3536 3393; x_wconf 89' lang='lat'><strong>6</strong></span> <span class='ocrx_word' id='word_1_509' title='bbox 3591 3348 3840 3412; x_wconf 80' lang='grc' dir='ltr'>Σατανᾶς,</span> 
     </span>
    </p>
   </div>
   <div class='ocr_carea' id='block_1_68' title="bbox 476 3423 2107 3500">
    <p class='ocr_par' dir='ltr' id='par_1_68' title="bbox 476 3423 2107 3500">
     <span class='ocr_line' id='line_1_68' title="bbox 476 3423 2107 3500; baseline -0.006 -14"><span class='ocrx_word' id='word_1_510' title='bbox 476 3430 813 3500; x_wconf 89' lang='lat' dir='ltr'><strong>oculi,quos</strong></span> <span class='ocrx_word' id='word_1_511' title='bbox 827 3427 1144 3483; x_wconf 78' lang='lat' dir='ltr'><strong>occaecavit</strong></span> <span class='ocrx_word' id='word_1_512' title='bbox 1161 3429 1410 3482; x_wconf 86' lang='lat' dir='ltr'><strong>Satanas</strong></span> <span class='ocrx_word' id='word_1_513' title='bbox 1431 3432 1723 3491; x_wconf 89' lang='lat' dir='ltr'><strong>;etaures,</strong></span> <span class='ocrx_word' id='word_1_514' title='bbox 1739 3440 1894 3497; x_wconf 88' lang='lat' dir='ltr'><strong>quas</strong></span> <span class='ocrx_word' id='word_1_515' title='bbox 1911 3423 2107 3477; x_wconf 79' lang='lat' dir='ltr'><strong>surda:</strong></span> 
     </span>
    </p>
   </div>
   <div class='ocr_carea' id='block_1_69' title="bbox 2215 3423 3846 3500">
    <p class='ocr_par' dir='ltr' id='par_1_69' title="bbox 2239 3426 3846 3500">
     <span class='ocr_line' id='line_1_69' title="bbox 2239 3426 3846 3500; baseline 0.004 -24"><span class='ocrx_word' id='word_1_516' title='bbox 2239 3431 2329 3478; x_wconf 86' lang='grc' dir='ltr'>καὶ</span> <span class='ocrx_word' id='word_1_517' title='bbox 2378 3427 2487 3478; x_wconf 82' lang='grc' dir='ltr'>ὦτα</span> <span class='ocrx_word' id='word_1_518' title='bbox 2538 3427 2573 3478; x_wconf 84' lang='grc' dir='ltr'><strong>ά</strong></span> <span class='ocrx_word' id='word_1_519' title='bbox 2628 3429 2917 3500; x_wconf 78' lang='grc' dir='ltr'>ὲκώφωσεν,</span> <span class='ocrx_word' id='word_1_520' title='bbox 2967 3435 3057 3482; x_wconf 76' lang='grc' dir='ltr'>καὶ</span> <span class='ocrx_word' id='word_1_521' title='bbox 3114 3426 3264 3488; x_wconf 75' lang='grc' dir='ltr'>ἦλθεν</span> <span class='ocrx_word' id='word_1_522' title='bbox 3317 3432 3342 3482; x_wconf 95' lang='lat'><strong>6</strong></span> <span class='ocrx_word' id='word_1_523' title='bbox 3402 3431 3611 3493; x_wconf 82' lang='grc' dir='ltr'>Ἰησοῦς</span> <span class='ocrx_word' id='word_1_524' title='bbox 3658 3439 3846 3484; x_wconf 85' lang='grc' dir='ltr'>τοῦτον</span> 
     </span>
    </p>
   </div>
   <div class='ocr_carea' id='block_1_70' title="bbox 476 3512 2107 3591">
    <p class='ocr_par' dir='ltr' id='par_1_70' title="bbox 476 3512 2107 3588">
     <span class='ocr_line' id='line_1_70' title="bbox 476 3512 2107 3588; baseline -0.004 -15"><span class='ocrx_word' id='word_1_525' title='bbox 476 3517 686 3573; x_wconf 76' lang='lat' dir='ltr'><strong>effecit.</strong></span> <span class='ocrx_word' id='word_1_526' title='bbox 739 3522 939 3588; x_wconf 84' lang='lat' dir='ltr'><strong>Itaque</strong></span> <span class='ocrx_word' id='word_1_527' title='bbox 971 3515 1135 3570; x_wconf 89' lang='lat' dir='ltr'><strong>venit</strong></span> <span class='ocrx_word' id='word_1_528' title='bbox 1180 3517 1368 3583; x_wconf 86' lang='lat' dir='ltr'><strong>Jesus,</strong></span> <span class='ocrx_word' id='word_1_529' title='bbox 1428 3521 1490 3568; x_wconf 92' lang='lat' dir='ltr'><strong>ut</strong></span> <span class='ocrx_word' id='word_1_530' title='bbox 1543 3512 1802 3568; x_wconf 87' lang='lat' dir='ltr'><strong>interiori</strong></span> <span class='ocrx_word' id='word_1_531' title='bbox 1853 3512 1989 3567; x_wconf 89' lang='lat' dir='ltr'><strong>huic</strong></span> <span class='ocrx_word' id='word_1_532' title='bbox 2027 3512 2107 3567; x_wconf 92' lang='lat' dir='ltr'><strong>ho</strong></span> 
     </span>
    </p>
   </div>
   <div class='ocr_carea' id='block_1_71' title="bbox 2214 3512 3845 3591">
    <p class='ocr_par' dir='ltr' id='par_1_71' title="bbox 2238 3516 3845 3591">
     <span class='ocr_line' id='line_1_71' title="bbox 2238 3516 3845 3591; baseline 0.004 -24"><span class='ocrx_word' id='word_1_533' title='bbox 2238 3517 2325 3567; x_wconf 81' lang='grc' dir='ltr'>τὸν</span> <span class='ocrx_word' id='word_1_534' title='bbox 2375 3518 2475 3567; x_wconf 85' lang='grc' dir='ltr'>ἔσω</span> <span class='ocrx_word' id='word_1_535' title='bbox 2528 3518 2797 3591; x_wconf 86' lang='grc' dir='ltr'>ἄνθρωπον</span> <span class='ocrx_word' id='word_1_536' title='bbox 2829 3520 2952 3589; x_wconf 80' lang='grc' dir='ltr'>ύγιῆ</span> <span class='ocrx_word' id='word_1_537' title='bbox 2986 3527 3249 3578; x_wconf 83' lang='grc' dir='ltr'>ποιῆσαι·</span> <span class='ocrx_word' id='word_1_538' title='bbox 3394 3522 3424 3578; x_wconf 82' lang='grc' dir='ltr'>ἡ</span> <span class='ocrx_word' id='word_1_539' title='bbox 3480 3517 3614 3584; x_wconf 84' lang='grc' dir='ltr'>δόξα</span> <span class='ocrx_word' id='word_1_540' title='bbox 3665 3526 3759 3573; x_wconf 83' lang='grc' dir='ltr'><strong>κᾶὶ</strong></span> <span class='ocrx_word' id='word_1_541' title='bbox 3785 3524 3845 3573; x_wconf 85' lang='grc' dir='ltr'>τὸ</span> 
     </span>
    </p>
   </div>
   <div class='ocr_carea' id='block_1_72' title="bbox 476 3601 2107 3682">
    <p class='ocr_par' dir='ltr' id='par_1_72' title="bbox 476 3601 2107 3673">
     <span class='ocr_line' id='line_1_72' title="bbox 476 3601 2107 3673; baseline -0.004 -11"><span class='ocrx_word' id='word_1_542' title='bbox 476 3607 623 3662; x_wconf 90' lang='lat' dir='ltr'><strong>mini</strong></span> <span class='ocrx_word' id='word_1_543' title='bbox 654 3606 922 3661; x_wconf 88' lang='lat' dir='ltr'><strong>restituat</strong></span> <span class='ocrx_word' id='word_1_544' title='bbox 966 3604 1309 3658; x_wconf 87' lang='lat' dir='ltr'><strong>sanitatem.</strong></span> <span class='ocrx_word' id='word_1_545' title='bbox 1352 3602 1451 3658; x_wconf 89' lang='lat' dir='ltr'><strong>Cui</strong></span> <span class='ocrx_word' id='word_1_546' title='bbox 1506 3601 1690 3673; x_wconf 82' lang='lat' dir='ltr'><strong>gloria</strong></span> <span class='ocrx_word' id='word_1_547' title='bbox 1724 3608 1780 3657; x_wconf 93' lang='lat' dir='ltr'><strong>et</strong></span> <span class='ocrx_word' id='word_1_548' title='bbox 1810 3602 2107 3672; x_wconf 89' lang='lat' dir='ltr'><strong>imperiun</strong></span> 
     </span>
    </p>
   </div>
   <div class='ocr_carea' id='block_1_73' title="bbox 2211 3601 3842 3682">
    <p class='ocr_par' dir='ltr' id='par_1_73' title="bbox 2238 3605 3842 3682">
     <span class='ocr_line' id='line_1_73' title="bbox 2238 3605 3842 3682; baseline 0.006 -29"><span class='ocrx_word' id='word_1_549' title='bbox 2238 3605 2428 3675; x_wconf 89' lang='grc' dir='ltr'>κράτος</span> <span class='ocrx_word' id='word_1_550' title='bbox 2485 3608 2578 3656; x_wconf 81' lang='grc' dir='ltr'>σὺν</span> <span class='ocrx_word' id='word_1_551' title='bbox 2626 3612 2792 3678; x_wconf 84' lang='grc' dir='ltr'>Πατρὶ</span> <span class='ocrx_word' id='word_1_552' title='bbox 2832 3612 2922 3660; x_wconf 87' lang='grc' dir='ltr'>καὶ</span> <span class='ocrx_word' id='word_1_553' title='bbox 2979 3607 3113 3681; x_wconf 81' lang='grc' dir='ltr'>ἁγίῳ</span> <span class='ocrx_word' id='word_1_554' title='bbox 3166 3611 3427 3682; x_wconf 87' lang='grc' dir='ltr'>Πνεύματι</span> <span class='ocrx_word' id='word_1_555' title='bbox 3458 3609 3532 3673; x_wconf 80' lang='grc' dir='ltr'>εἰς</span> <span class='ocrx_word' id='word_1_556' title='bbox 3561 3614 3682 3671; x_wconf 84' lang='grc' dir='ltr'>τοὺς</span> <span class='ocrx_word' id='word_1_557' title='bbox 3714 3611 3842 3663; x_wconf 81' lang='grc' dir='ltr'>αἰῶ-</span> 
     </span>
    </p>
   </div>
   <div class='ocr_carea' id='block_1_74' title="bbox 477 3690 2108 3767">
    <p class='ocr_par' dir='ltr' id='par_1_74' title="bbox 477 3690 2018 3764">
     <span class='ocr_line' id='line_1_74' title="bbox 477 3690 2018 3764; baseline -0.005 -13"><span class='ocrx_word' id='word_1_558' title='bbox 477 3711 615 3751; x_wconf 90' lang='lat' dir='ltr'><strong>cum</strong></span> <span class='ocrx_word' id='word_1_559' title='bbox 647 3694 835 3759; x_wconf 88' lang='lat' dir='ltr'><strong>Patre,</strong></span> <span class='ocrx_word' id='word_1_560' title='bbox 870 3698 927 3748; x_wconf 88' lang='lat' dir='ltr'><strong>et</strong></span> <span class='ocrx_word' id='word_1_561' title='bbox 958 3693 1175 3764; x_wconf 88' lang='lat' dir='ltr'><strong>Spiritu</strong></span> <span class='ocrx_word' id='word_1_562' title='bbox 1207 3695 1414 3747; x_wconf 90' lang='lat' dir='ltr'><strong>sancto</strong></span> <span class='ocrx_word' id='word_1_563' title='bbox 1444 3691 1504 3745; x_wconf 92' lang='lat' dir='ltr'><strong>in</strong></span> <span class='ocrx_word' id='word_1_564' title='bbox 1538 3690 1773 3746; x_wconf 74' lang='lat' dir='ltr'><strong>saecula.</strong></span> <span class='ocrx_word' id='word_1_565' title='bbox 1810 3696 2018 3745; x_wconf 83' lang='lat' dir='ltr'><strong>Amen.</strong></span> 
     </span>
    </p>
   </div>
   <div class='ocr_carea' id='block_1_75' title="bbox 948 3690 2579 3767">
    <p class='ocr_par' dir='ltr' id='par_1_75' title="bbox 958 3690 2579 3767">
     <span class='ocr_line' id='line_1_75' title="bbox 958 3690 2579 3767; baseline 0 -18"><span class='ocrx_word' id='word_1_566' title='bbox 958 3693 1175 3764; x_wconf 88' lang='lat' dir='ltr'><strong>Spiritu</strong></span> <span class='ocrx_word' id='word_1_567' title='bbox 1207 3695 1414 3747; x_wconf 90' lang='lat' dir='ltr'><strong>sancto</strong></span> <span class='ocrx_word' id='word_1_568' title='bbox 1444 3691 1504 3745; x_wconf 92' lang='lat' dir='ltr'><strong>in</strong></span> <span class='ocrx_word' id='word_1_569' title='bbox 1538 3690 1773 3746; x_wconf 74' lang='lat' dir='ltr'><strong>saecula.</strong></span> <span class='ocrx_word' id='word_1_570' title='bbox 1810 3696 2018 3745; x_wconf 83' lang='lat' dir='ltr'><strong>Amen.</strong></span> <span class='ocrx_word' id='word_1_571' title='bbox 2237 3711 2347 3754; x_wconf 86' lang='grc' dir='ltr'>νας.</span> <span class='ocrx_word' id='word_1_572' title='bbox 2391 3694 2579 3767; x_wconf 80' lang='grc' dir='ltr'>Ἀμὴν.</span> 
     </span>
    </p>
   </div>
   <div class='ocr_carea' id='block_1_76' title="bbox 1014 3868 3249 3932">
    <p class='ocr_par' dir='ltr' id='par_1_76' title="bbox 1014 3868 3249 3932">
     <span class='ocr_line' id='line_1_76' title="bbox 1014 3868 3249 3932; baseline 0.003 -7"><span class='ocrx_word' id='word_1_573' title='bbox 1014 3872 1300 3928; x_wconf 80' lang='lat' dir='ltr'><strong>HOMILIA</strong></span> <span class='ocrx_word' id='word_1_574' title='bbox 1332 3868 1557 3925; x_wconf 88' lang='lat' dir='ltr'><strong>XXXIV.</strong></span> <span class='ocrx_word' id='word_1_575' title='bbox 2837 3876 3088 3931; x_wconf 79' lang='grc' dir='ltr'><strong>ΟΜΙΛΙΑ</strong></span> <span class='ocrx_word' id='word_1_576' title='bbox 3127 3876 3249 3932; x_wconf 89' lang='grc' dir='ltr'><strong>ΛΔ’.</strong></span> 
     </span>
    </p>
   </div>
   <div class='ocr_carea' id='block_1_77' title="bbox 479 3994 2110 4075">
    <p class='ocr_par' dir='ltr' id='par_1_77' title="bbox 479 3994 2110 4075">
     <span class='ocr_line' id='line_1_77' title="bbox 479 3994 2110 4075; baseline -0.006 -18"><span class='ocrx_word' id='word_1_577' title='bbox 479 4002 564 4075; x_wconf 85' lang='lat' dir='ltr'><strong>De</strong></span> <span class='ocrx_word' id='word_1_578' title='bbox 596 3998 790 4071; x_wconf 81' lang='lat' dir='ltr'><strong>gloria</strong></span> <span class='ocrx_word' id='word_1_579' title='bbox 834 3996 1312 4075; x_wconf 74' lang='lat' dir='ltr'><strong>Christianorum</strong></span> <span class='ocrx_word' id='word_1_580' title='bbox 1370 4011 1548 4066; x_wconf 88' lang='lat' dir='ltr'><strong>quam</strong></span> <span class='ocrx_word' id='word_1_581' title='bbox 1588 4009 1842 4075; x_wconf 79' lang='lat' dir='ltr'><strong>corpora</strong></span> <span class='ocrx_word' id='word_1_582' title='bbox 1880 3994 2110 4075; x_wconf 62' lang='lat' dir='ltr'><strong>illorum</strong></span> 
     </span>
    </p>
   </div>
   <div class='ocr_carea' id='block_1_78' title="bbox 2212 3994 3843 4075">
    <p class='ocr_par' dir='ltr' id='par_1_78' title="bbox 2237 3995 3843 4075">
     <span class='ocr_line' id='line_1_78' title="bbox 2237 3995 3843 4075; baseline 0.004 -27"><span class='ocrx_word' id='word_1_583' title='bbox 2237 4000 2390 4069; x_wconf 87' lang='grc' dir='ltr'>Περὶ</span> <span class='ocrx_word' id='word_1_584' title='bbox 2446 4003 2708 4075; x_wconf 59' lang='grc' dir='ltr'>τῆςτῶν</span> <span class='ocrx_word' id='word_1_585' title='bbox 2743 3995 3433 4075; x_wconf 17' lang='grc' dir='ltr'>’Χριστ-ιανῶνλδόξης,</span> <span class='ocrx_word' id='word_1_586' title='bbox 3484 4000 3559 4075; x_wconf 72' lang='grc' dir='ltr'><strong>ἧς</strong></span> <span class='ocrx_word' id='word_1_587' title='bbox 3602 4003 3681 4054; x_wconf 84' lang='grc' dir='ltr'><strong>τὰ</strong></span> <span class='ocrx_word' id='word_1_588' title='bbox 3735 4008 3843 4055; x_wconf 78' lang='grc' dir='ltr'><strong>σὼ-</strong></span> 
     </span>
    </p>
   </div>
   <div class='ocr_carea' id='block_1_79' title="bbox 546 4067 2177 4143">
    <p class='ocr_par' dir='ltr' id='par_1_79' title="bbox 546 4067 2127 4143">
     <span class='ocr_line' id='line_1_79' title="bbox 546 4067 2127 4143; baseline -0.005 -15"><span class='ocrx_word' id='word_1_589' title='bbox 546 4067 615 4128; x_wconf 76' lang='lat' dir='ltr'><strong>in</strong></span> <span class='ocrx_word' id='word_1_590' title='bbox 640 4069 1069 4143; x_wconf 72' lang='lat' dir='ltr'><strong>resurrectione</strong></span> <span class='ocrx_word' id='word_1_591' title='bbox 1105 4075 1560 4138; x_wconf 81' lang='lat' dir='ltr'><strong>consequentur,</strong></span> <span class='ocrx_word' id='word_1_592' title='bbox 1594 4073 1647 4122; x_wconf 91' lang='lat' dir='ltr'><strong>et</strong></span> <span class='ocrx_word' id='word_1_593' title='bbox 1676 4081 1794 4137; x_wconf 86' lang='lat' dir='ltr'><strong>qua</strong></span> <span class='ocrx_word' id='word_1_594' title='bbox 1837 4082 1968 4122; x_wconf 85' lang='lat' dir='ltr'><strong>cum</strong></span> <span class='ocrx_word' id='word_1_595' title='bbox 2000 4067 2127 4122; x_wconf 89' lang='lat' dir='ltr'><strong>ani-</strong></span> 
     </span>
    </p>
   </div>
   <div class='ocr_carea' id='block_1_80' title="bbox 2209 4067 3840 4143">
    <p class='ocr_par' dir='ltr' id='par_1_80' title="bbox 2307 4067 3840 4143">
     <span class='ocr_line' id='line_1_80' title="bbox 2307 4067 3840 4143; baseline 0.005 -24"><span class='ocrx_word' id='word_1_596' title='bbox 2307 4067 2476 4139; x_wconf 84' lang='grc' dir='ltr'>ματα</span> <span class='ocrx_word' id='word_1_597' title='bbox 2501 4068 2705 4121; x_wconf 80' lang='grc' dir='ltr'>αὐτῶν</span> <span class='ocrx_word' id='word_1_598' title='bbox 2736 4067 2915 4143; x_wconf 75' lang='grc' dir='ltr'>ἕν’τῇ</span> <span class='ocrx_word' id='word_1_599' title='bbox 2952 4069 3310 4143; x_wconf 82' lang='grc' dir='ltr'>ἀναστάσει</span> <span class='ocrx_word' id='word_1_600' title='bbox 3356 4072 3840 4136; x_wconf 79' lang='grc' dir='ltr'>καταξιωθήσε-</span> 
     </span>
    </p>
   </div>
   <div class='ocr_carea' id='block_1_81' title="bbox 547 4142 2178 4216">
    <p class='ocr_par' dir='ltr' id='par_1_81' title="bbox 547 4142 1163 4200">
     <span class='ocr_line' id='line_1_81' title="bbox 547 4142 1163 4200; baseline -0.01 0"><span class='ocrx_word' id='word_1_601' title='bbox 547 4159 646 4200; x_wconf 89' lang='lat' dir='ltr'><strong>ma</strong></span> <span class='ocrx_word' id='word_1_602' title='bbox 668 4142 1163 4199; x_wconf 83' lang='lat' dir='ltr'><strong>ittustrabuntur.</strong></span> 
     </span>
    </p>
   </div>
   <div class='ocr_carea' id='block_1_82' title="bbox 2111 4142 3742 4216">
    <p class='ocr_par' dir='ltr' id='par_1_82' title="bbox 2305 4142 3742 4216">
     <span class='ocr_line' id='line_1_82' title="bbox 2305 4142 3742 4216; baseline 0.004 -23"><span class='ocrx_word' id='word_1_603' title='bbox 2305 4160 2428 4207; x_wconf 84' lang='grc' dir='ltr'>ται,</span> <span class='ocrx_word' id='word_1_604' title='bbox 2470 4146 2579 4193; x_wconf 80' lang='grc' dir='ltr'>καὶ</span> <span class='ocrx_word' id='word_1_605' title='bbox 2612 4143 2773 4213; x_wconf 82' lang='grc' dir='ltr'>μετὰ</span> <span class='ocrx_word' id='word_1_606' title='bbox 2810 4142 2920 4203; x_wconf 81' lang='grc' dir='ltr'>τῆς</span> <span class='ocrx_word' id='word_1_607' title='bbox 2957 4142 3185 4216; x_wconf 74' lang='grc' dir='ltr'>ψυχῆς</span> <span class='ocrx_word' id='word_1_608' title='bbox 3223 4146 3742 4216; x_wconf 75' lang='grc' dir='ltr'>φωτισθήσεται.</span> 
     </span>
    </p>
   </div>
   <div class='ocr_carea' id='block_1_83' title="bbox 546 4261 2177 4340">
    <p class='ocr_par' dir='ltr' id='par_1_83' title="bbox 546 4261 2126 4333">
     <span class='ocr_line' id='line_1_83' title="bbox 546 4261 2126 4333; baseline -0.003 -11"><span class='ocrx_word' id='word_1_609' title='bbox 546 4268 587 4322; x_wconf 94' lang='grc' dir='ltr'><strong>Ι.</strong></span> <span class='ocrx_word' id='word_1_610' title='bbox 619 4264 1142 4333; x_wconf 87' lang='lat' dir='ltr'><strong>Quemadmodum</strong></span> <span class='ocrx_word' id='word_1_611' title='bbox 1192 4262 1347 4318; x_wconf 87' lang='lat' dir='ltr'><strong>oculi</strong></span> <span class='ocrx_word' id='word_1_612' title='bbox 1399 4261 1667 4333; x_wconf 90' lang='lat' dir='ltr'><strong>corporei</strong></span> <span class='ocrx_word' id='word_1_613' title='bbox 1717 4261 1873 4317; x_wconf 90' lang='lat' dir='ltr'><strong>clare</strong></span> <span class='ocrx_word' id='word_1_614' title='bbox 1920 4261 2126 4317; x_wconf 89' lang='lat' dir='ltr'><strong>omnia</strong></span> 
     </span>
    </p>
   </div>
   <div class='ocr_carea' id='block_1_84' title="bbox 2204 4261 3835 4340">
    <p class='ocr_par' dir='ltr' id='par_1_84' title="bbox 2303 4263 3835 4340">
     <span class='ocr_line' id='line_1_84' title="bbox 2303 4263 3835 4340; baseline 0.004 -23"><span class='ocrx_word' id='word_1_615' title='bbox 2303 4263 2386 4319; x_wconf 85' lang='lat' dir='ltr'><strong>A&#39;.</strong></span> <span class='ocrx_word' id='word_1_616' title='bbox 2416 4270 2613 4339; x_wconf 85' lang='grc' dir='ltr'>Ὥσπερ</span> <span class='ocrx_word' id='word_1_617' title='bbox 2644 4267 2693 4317; x_wconf 81' lang='grc' dir='ltr'>οἱ</span> <span class='ocrx_word' id='word_1_618' title='bbox 2727 4271 3019 4339; x_wconf 85' lang='grc' dir='ltr'>σωματικοὶ</span> <span class='ocrx_word' id='word_1_619' title='bbox 3050 4265 3304 4339; x_wconf 82' lang='grc' dir='ltr'>ὀφθαλμοὶ</span> <span class='ocrx_word' id='word_1_620' title='bbox 3351 4266 3627 4340; x_wconf 73' lang='grc' dir='ltr'>τηλαυγῶς</span> <span class='ocrx_word' id='word_1_621' title='bbox 3665 4277 3835 4323; x_wconf 83' lang='grc' dir='ltr'>πάντα</span> 
     </span>
    </p>
   </div>
   <div class='ocr_carea' id='block_1_85' title="bbox 466 4350 2097 4431">
    <p class='ocr_par' dir='ltr' id='par_1_85' title="bbox 466 4351 2097 4427">
     <span class='ocr_line' id='line_1_85' title="bbox 466 4351 2097 4427; baseline -0.006 -14"><span class='ocrx_word' id='word_1_622' title='bbox 466 4357 860 4427; x_wconf 89' lang='lat' dir='ltr'><strong>conspiciunt,</strong></span> <span class='ocrx_word' id='word_1_623' title='bbox 894 4355 976 4408; x_wconf 90' lang='lat' dir='ltr'><strong>sic</strong></span> <span class='ocrx_word' id='word_1_624' title='bbox 1006 4368 1247 4424; x_wconf 91' lang='lat' dir='ltr'><strong>quoque</strong></span> <span class='ocrx_word' id='word_1_625' title='bbox 1287 4351 1504 4406; x_wconf 91' lang='lat' dir='ltr'><strong>animis</strong></span> <span class='ocrx_word' id='word_1_626' title='bbox 1556 4355 1900 4406; x_wconf 90' lang='lat' dir='ltr'><strong>sanctorum</strong></span> <span class='ocrx_word' id='word_1_627' title='bbox 1935 4351 2097 4405; x_wconf 89' lang='lat' dir='ltr'><strong>mani</strong></span> 
     </span>
    </p>
   </div>
   <div class='ocr_carea' id='block_1_86' title="bbox 2201 4350 3832 4431">
    <p class='ocr_par' dir='ltr' id='par_1_86' title="bbox 2235 4350 3832 4431">
     <span class='ocr_line' id='line_1_86' title="bbox 2235 4350 3832 4431; baseline 0.004 -27"><span class='ocrx_word' id='word_1_628' title='bbox 2235 4350 2531 4426; x_wconf 81' lang='grc' dir='ltr'>βλέπουσιν,</span> <span class='ocrx_word' id='word_1_629' title='bbox 2565 4355 2701 4407; x_wconf 73' lang='grc' dir='ltr'>οὕτω</span> <span class='ocrx_word' id='word_1_630' title='bbox 2739 4360 2830 4407; x_wconf 82' lang='grc' dir='ltr'>καὶ</span> <span class='ocrx_word' id='word_1_631' title='bbox 2888 4363 2998 4416; x_wconf 89' lang='grc' dir='ltr'>ταῖς</span> <span class='ocrx_word' id='word_1_632' title='bbox 3036 4355 3243 4428; x_wconf 69' lang='grc' dir='ltr'>ψυχαῖς</span> <span class='ocrx_word' id='word_1_633' title='bbox 3296 4365 3398 4409; x_wconf 85' lang='grc' dir='ltr'><strong>τῶν</strong></span> <span class='ocrx_word' id='word_1_634' title='bbox 3454 4357 3615 4431; x_wconf 85' lang='grc' dir='ltr'>ἁγίων</span> <span class='ocrx_word' id='word_1_635' title='bbox 3641 4361 3832 4431; x_wconf 80' lang='grc' dir='ltr'>φανερά</span> 
     </span>
    </p>
   </div>
   <div class='ocr_carea' id='block_1_87' title="bbox 462 4439 2093 4519">
    <p class='ocr_par' dir='ltr' id='par_1_87' title="bbox 462 4439 2093 4514">
     <span class='ocr_line' id='line_1_87' title="bbox 462 4439 2093 4514; baseline -0.007 -11"><span class='ocrx_word' id='word_1_636' title='bbox 462 4447 613 4503; x_wconf 91' lang='lat' dir='ltr'><strong>festa</strong></span> <span class='ocrx_word' id='word_1_637' title='bbox 644 4451 698 4500; x_wconf 93' lang='lat' dir='ltr'><strong>et</strong></span> <span class='ocrx_word' id='word_1_638' title='bbox 723 4444 1051 4514; x_wconf 89' lang='lat' dir='ltr'><strong>conspicua</strong></span> <span class='ocrx_word' id='word_1_639' title='bbox 1076 4448 1213 4496; x_wconf 88' lang='lat' dir='ltr'><strong>sunt</strong></span> <span class='ocrx_word' id='word_1_640' title='bbox 1243 4446 1600 4496; x_wconf 88' lang='lat' dir='ltr'><strong>ornamenta</strong></span> <span class='ocrx_word' id='word_1_641' title='bbox 1622 4439 1968 4501; x_wconf 86' lang='lat' dir='ltr'><strong>divinitatis,</strong></span> <span class='ocrx_word' id='word_1_642' title='bbox 1993 4440 2093 4510; x_wconf 93' lang='lat' dir='ltr'><strong>qui</strong></span> 
     </span>
    </p>
   </div>
   <div class='ocr_carea' id='block_1_88' title="bbox 2192 4439 3823 4519">
    <p class='ocr_par' dir='ltr' id='par_1_88' title="bbox 2231 4444 3823 4519">
     <span class='ocr_line' id='line_1_88' title="bbox 2231 4444 3823 4519; baseline 0.002 -25"><span class='ocrx_word' id='word_1_643' title='bbox 2231 4448 2316 4495; x_wconf 75' lang='grc' dir='ltr'>καὶ</span> <span class='ocrx_word' id='word_1_644' title='bbox 2360 4444 2523 4516; x_wconf 84' lang='grc' dir='ltr'>ὁρατά</span> <span class='ocrx_word' id='word_1_645' title='bbox 2570 4444 2687 4496; x_wconf 78' lang='grc' dir='ltr'>ἐστι</span> <span class='ocrx_word' id='word_1_646' title='bbox 2729 4447 2797 4497; x_wconf 85' lang='grc' dir='ltr'><strong>τὰ</strong></span> <span class='ocrx_word' id='word_1_647' title='bbox 2839 4444 2998 4504; x_wconf 88' lang='grc' dir='ltr'>κάλλη</span> <span class='ocrx_word' id='word_1_648' title='bbox 3031 4453 3127 4506; x_wconf 75' lang='grc' dir='ltr'>τῆς</span> <span class='ocrx_word' id='word_1_649' title='bbox 3167 4449 3425 4518; x_wconf 76' lang='grc' dir='ltr'>θεότητος,</span> <span class='ocrx_word' id='word_1_650' title='bbox 3457 4448 3525 4510; x_wconf 86' lang='grc' dir='ltr'><strong>εἰς</strong></span> <span class='ocrx_word' id='word_1_651' title='bbox 3552 4448 3823 4519; x_wconf 82' lang='grc' dir='ltr'>ἄσυγκιρ-</span> 
     </span>
    </p>
   </div>
   <div class='ocr_carea' id='block_1_89' title="bbox 465 4510 2096 4607">
    <p class='ocr_par' dir='ltr' id='par_1_89' title="bbox 465 4510 2096 4607">
     <span class='ocr_line' id='line_1_89' title="bbox 465 4510 2096 4607; baseline -0.006 -16"><span class='ocrx_word' id='word_1_652' title='bbox 465 4538 578 4592; x_wconf 91' lang='lat' dir='ltr'><strong>bus</strong></span> <span class='ocrx_word' id='word_1_653' title='bbox 605 4510 1215 4607; x_wconf 45' lang='lat' dir='ltr'><strong>permisti-Christiani</strong></span> <span class='ocrx_word' id='word_1_654' title='bbox 1250 4530 1511 4601; x_wconf 90' lang='lat' dir='ltr'><strong>sapiunt.</strong></span> <span class='ocrx_word' id='word_1_655' title='bbox 1544 4530 1615 4584; x_wconf 87' lang='lat' dir='ltr'><strong>At</strong></span> <span class='ocrx_word' id='word_1_656' title='bbox 1646 4544 1784 4584; x_wconf 86' lang='lat' dir='ltr'><strong>vero</strong></span> <span class='ocrx_word' id='word_1_657' title='bbox 1816 4529 2096 4599; x_wconf 87' lang='lat' dir='ltr'><strong>corporei:</strong></span> 
     </span>
    </p>
   </div>
   <div class='ocr_carea' id='block_1_90' title="bbox 2182 4510 3813 4607">
    <p class='ocr_par' dir='ltr' id='par_1_90' title="bbox 2182 4510 3813 4607">
     <span class='ocr_line' id='line_1_90' title="bbox 2182 4510 3813 4607; baseline 0.002 -25"><span class='ocrx_word' id='word_1_658' title='bbox 2182 4510 2414 4584; x_wconf 76' lang='grc' dir='ltr'>)νῶνται</span> <span class='ocrx_word' id='word_1_659' title='bbox 2471 4538 2561 4585; x_wconf 80' lang='grc' dir='ltr'>καὶ</span> <span class='ocrx_word' id='word_1_660' title='bbox 2601 4541 2848 4606; x_wconf 74' lang='grc' dir='ltr'>φρονοῦσι</span> <span class='ocrx_word' id='word_1_661' title='bbox 2909 4540 3240 4607; x_wconf 86' lang='grc' dir='ltr'>Χριστιανοί.</span> <span class='ocrx_word' id='word_1_662' title='bbox 3296 4535 3457 4590; x_wconf 87' lang='grc' dir='ltr'>Ἀλλά</span> <span class='ocrx_word' id='word_1_663' title='bbox 3506 4543 3607 4596; x_wconf 89' lang='grc' dir='ltr'>τοῖς</span> <span class='ocrx_word' id='word_1_664' title='bbox 3641 4554 3813 4607; x_wconf 83' lang='grc' dir='ltr'>σωμα-</span> 
     </span>
    </p>
   </div>
   <div class='ocr_carea' id='block_1_91' title="bbox 461 4616 2092 4697">
    <p class='ocr_par' dir='ltr' id='par_1_91' title="bbox 461 4616 2092 4688">
     <span class='ocr_line' id='line_1_91' title="bbox 461 4616 2092 4688; baseline -0.005 -9"><span class='ocrx_word' id='word_1_665' title='bbox 461 4624 651 4680; x_wconf 91' lang='lat' dir='ltr'><strong>oculis</strong></span> <span class='ocrx_word' id='word_1_666' title='bbox 665 4623 958 4678; x_wconf 89' lang='lat' dir='ltr'><strong>occultata</strong></span> <span class='ocrx_word' id='word_1_667' title='bbox 976 4627 1062 4676; x_wconf 91' lang='lat' dir='ltr'><strong>est</strong></span> <span class='ocrx_word' id='word_1_668' title='bbox 1082 4619 1178 4674; x_wconf 90' lang='lat' dir='ltr'><strong>illa</strong></span> <span class='ocrx_word' id='word_1_669' title='bbox 1193 4619 1419 4688; x_wconf 88' lang='lat' dir='ltr'><strong>gloria;</strong></span> <span class='ocrx_word' id='word_1_670' title='bbox 1448 4620 1666 4673; x_wconf 68' lang='lat' dir='ltr'><strong>animae</strong></span> <span class='ocrx_word' id='word_1_671' title='bbox 1693 4633 1833 4671; x_wconf 89' lang='lat' dir='ltr'><strong>vero</strong></span> <span class='ocrx_word' id='word_1_672' title='bbox 1856 4616 2092 4672; x_wconf 86' lang='lat' dir='ltr'><strong>credent</strong></span> 
     </span>
    </p>
   </div>
   <div class='ocr_carea' id='block_1_92' title="bbox 2174 4616 3805 4697">
    <p class='ocr_par' dir='ltr' id='par_1_92' title="bbox 2228 4620 3805 4697">
     <span class='ocr_line' id='line_1_92' title="bbox 2228 4620 3805 4697; baseline 0.004 -26"><span class='ocrx_word' id='word_1_673' title='bbox 2228 4628 2394 4683; x_wconf 89' lang='grc' dir='ltr'>τικοῖς</span> <span class='ocrx_word' id='word_1_674' title='bbox 2427 4620 2708 4694; x_wconf 85' lang='grc' dir='ltr'>ὀφθαλμοῖς</span> <span class='ocrx_word' id='word_1_675' title='bbox 2765 4622 3081 4675; x_wconf 83' lang='grc' dir='ltr'>κεκάλυπται</span> <span class='ocrx_word' id='word_1_676' title='bbox 3109 4625 3139 4682; x_wconf 80' lang='grc' dir='ltr'>ἡ</span> <span class='ocrx_word' id='word_1_677' title='bbox 3175 4621 3306 4686; x_wconf 77' lang='grc' dir='ltr'>δόξα</span> <span class='ocrx_word' id='word_1_678' title='bbox 3358 4623 3539 4696; x_wconf 73' lang='grc' dir='ltr'>ἕκείνη,</span> <span class='ocrx_word' id='word_1_679' title='bbox 3568 4632 3626 4697; x_wconf 77' lang='grc' dir='ltr'><strong>τῇ</strong></span> <span class='ocrx_word' id='word_1_680' title='bbox 3655 4622 3805 4696; x_wconf 72' lang='grc' dir='ltr'>ψυχῇ</span> 
     </span>
    </p>
   </div>
   <div class='ocr_carea' id='block_1_93' title="bbox 461 4706 2092 4786">
    <p class='ocr_par' dir='ltr' id='par_1_93' title="bbox 461 4707 2090 4786">
     <span class='ocr_line' id='line_1_93' title="bbox 461 4707 2090 4786; baseline -0.005 -17"><span class='ocrx_word' id='word_1_681' title='bbox 461 4713 772 4786; x_wconf 90' lang='lat' dir='ltr'><strong>perspicue</strong></span> <span class='ocrx_word' id='word_1_682' title='bbox 790 4710 1108 4775; x_wconf 87' lang='lat' dir='ltr'><strong>revelatur,</strong></span> <span class='ocrx_word' id='word_1_683' title='bbox 1138 4725 1319 4781; x_wconf 87' lang='lat' dir='ltr'><strong>quam</strong></span> <span class='ocrx_word' id='word_1_684' title='bbox 1350 4707 1639 4762; x_wconf 87' lang='lat' dir='ltr'><strong>Dominus</strong></span> <span class='ocrx_word' id='word_1_685' title='bbox 1667 4713 1936 4761; x_wconf 86' lang='lat' dir='ltr'><strong>necatam</strong></span> <span class='ocrx_word' id='word_1_686' title='bbox 1967 4707 2090 4761; x_wconf 86' lang='lat' dir='ltr'><strong>exci</strong></span> 
     </span>
    </p>
   </div>
   <div class='ocr_carea' id='block_1_94' title="bbox 2184 4706 3815 4786">
    <p class='ocr_par' dir='ltr' id='par_1_94' title="bbox 2229 4706 3815 4784">
     <span class='ocr_line' id='line_1_94' title="bbox 2229 4706 3815 4784; baseline 0.001 -23"><span class='ocrx_word' id='word_1_687' title='bbox 2229 4706 2287 4762; x_wconf 78' lang='grc' dir='ltr'>δὲ</span> <span class='ocrx_word' id='word_1_688' title='bbox 2333 4718 2393 4782; x_wconf 72' lang='grc' dir='ltr'>τῇ</span> <span class='ocrx_word' id='word_1_689' title='bbox 2445 4714 2766 4784; x_wconf 77' lang='grc' dir='ltr'>πιστευούση</span> <span class='ocrx_word' id='word_1_690' title='bbox 2840 4711 3108 4784; x_wconf 81' lang='grc' dir='ltr'>τηλαυγῶς</span> <span class='ocrx_word' id='word_1_691' title='bbox 3173 4713 3608 4780; x_wconf 85' lang='grc' dir='ltr'>άποκαλύπτεται,</span> <span class='ocrx_word' id='word_1_692' title='bbox 3665 4714 3724 4771; x_wconf 79' lang='grc' dir='ltr'><strong>ἡν</strong></span> <span class='ocrx_word' id='word_1_693' title='bbox 3790 4714 3815 4764; x_wconf 87' lang='grc' dir='ltr'><strong>ό</strong></span> 
     </span>
    </p>
   </div>
   <div class='ocr_carea' id='block_1_95' title="bbox 462 4796 2093 4879">
    <p class='ocr_par' dir='ltr' id='par_1_95' title="bbox 462 4796 2093 4872">
     <span class='ocr_line' id='line_1_95' title="bbox 462 4796 2093 4872; baseline -0.005 -15"><span class='ocrx_word' id='word_1_694' title='bbox 462 4808 544 4859; x_wconf 94' lang='lat' dir='ltr'><strong>tat</strong></span> <span class='ocrx_word' id='word_1_695' title='bbox 577 4819 610 4856; x_wconf 89' lang='lat' dir='ltr'><strong>a</strong></span> <span class='ocrx_word' id='word_1_696' title='bbox 642 4806 906 4872; x_wconf 87' lang='lat' dir='ltr'><strong>peccato,</strong></span> <span class='ocrx_word' id='word_1_697' title='bbox 943 4797 1463 4870; x_wconf 86' lang='lat' dir='ltr'><strong>quemadmodum</strong></span> <span class='ocrx_word' id='word_1_698' title='bbox 1512 4796 1755 4851; x_wconf 56' lang='lat' dir='ltr'><strong>suscitat</strong></span> <span class='ocrx_word' id='word_1_699' title='bbox 1795 4802 1849 4850; x_wconf 91' lang='lat' dir='ltr'><strong>et</strong></span> <span class='ocrx_word' id='word_1_700' title='bbox 1880 4802 2093 4850; x_wconf 78' lang='lat' dir='ltr'><strong>mortuz</strong></span> 
     </span>
    </p>
   </div>
   <div class='ocr_carea' id='block_1_96' title="bbox 2189 4796 3820 4879">
    <p class='ocr_par' dir='ltr' id='par_1_96' title="bbox 2228 4800 3820 4879">
     <span class='ocr_line' id='line_1_96' title="bbox 2228 4800 3820 4879; baseline 0.002 -28"><span class='ocrx_word' id='word_1_701' title='bbox 2228 4802 2419 4872; x_wconf 82' lang='grc' dir='ltr'>Κύριος</span> <span class='ocrx_word' id='word_1_702' title='bbox 2448 4802 2789 4875; x_wconf 86' lang='grc' dir='ltr'>νεκρωθεῖσαν</span> <span class='ocrx_word' id='word_1_703' title='bbox 2833 4800 3022 4872; x_wconf 87' lang='grc' dir='ltr'>ἀνιστᾲ</span> <span class='ocrx_word' id='word_1_704' title='bbox 3077 4800 3131 4854; x_wconf 68' lang='grc' dir='ltr'>ἐκ</span> <span class='ocrx_word' id='word_1_705' title='bbox 3169 4812 3257 4865; x_wconf 84' lang='grc' dir='ltr'>τῆς</span> <span class='ocrx_word' id='word_1_706' title='bbox 3317 4803 3600 4879; x_wconf 83' lang='grc' dir='ltr'>ἁμαρτίας,</span> <span class='ocrx_word' id='word_1_707' title='bbox 3649 4805 3820 4877; x_wconf 78' lang='grc' dir='ltr'>ὥσπερ</span> 
     </span>
    </p>
   </div>
   <div class='ocr_carea' id='block_1_97' title="bbox 459 4886 2090 4966">
    <p class='ocr_par' dir='ltr' id='par_1_97' title="bbox 459 4886 2090 4961">
     <span class='ocr_line' id='line_1_97' title="bbox 459 4886 2090 4961; baseline -0.004 -16"><span class='ocrx_word' id='word_1_708' title='bbox 459 4906 715 4961; x_wconf 90' lang='lat' dir='ltr'><strong>corpora</strong></span> <span class='ocrx_word' id='word_1_709' title='bbox 746 4906 758 4956; x_wconf 91' lang='lat'>;</span> <span class='ocrx_word' id='word_1_710' title='bbox 807 4891 896 4943; x_wconf 89' lang='lat' dir='ltr'><strong>cui</strong></span> <span class='ocrx_word' id='word_1_711' title='bbox 933 4891 1233 4958; x_wconf 79' lang='lat' dir='ltr'><strong>praeparat</strong></span> <span class='ocrx_word' id='word_1_712' title='bbox 1261 4886 1476 4941; x_wconf 66' lang='lat' dir='ltr'><strong>coelum</strong></span> <span class='ocrx_word' id='word_1_713' title='bbox 1511 4900 1757 4947; x_wconf 86' lang='lat' dir='ltr'><strong>novum.</strong></span> <span class='ocrx_word' id='word_1_714' title='bbox 1800 4889 1855 4939; x_wconf 93' lang='lat' dir='ltr'><strong>et</strong></span> <span class='ocrx_word' id='word_1_715' title='bbox 1894 4889 2090 4939; x_wconf 88' lang='lat' dir='ltr'><strong>terran</strong></span> 
     </span>
    </p>
   </div>
   <div class='ocr_carea' id='block_1_98' title="bbox 2195 4886 3826 4966">
    <p class='ocr_par' dir='ltr' id='par_1_98' title="bbox 2222 4890 3826 4966">
     <span class='ocr_line' id='line_1_98' title="bbox 2222 4890 3826 4966; baseline 0.003 -26"><span class='ocrx_word' id='word_1_716' title='bbox 2222 4890 2407 4961; x_wconf 74' lang='grc' dir='ltr'>ἒγείρει</span> <span class='ocrx_word' id='word_1_717' title='bbox 2480 4894 2569 4941; x_wconf 80' lang='grc' dir='ltr'>καὶ</span> <span class='ocrx_word' id='word_1_718' title='bbox 2644 4892 2710 4941; x_wconf 81' lang='grc' dir='ltr'>τὰ</span> <span class='ocrx_word' id='word_1_719' title='bbox 2792 4894 2947 4964; x_wconf 86' lang='grc' dir='ltr'>νεκρὰ</span> <span class='ocrx_word' id='word_1_720' title='bbox 3046 4897 3284 4965; x_wconf 83' lang='grc' dir='ltr'>σώματα,</span> <span class='ocrx_word' id='word_1_721' title='bbox 3373 4893 3662 4966; x_wconf 72' lang='grc' dir='ltr'>ἑτοιμάζων</span> <span class='ocrx_word' id='word_1_722' title='bbox 3735 4894 3826 4945; x_wconf 81' lang='grc' dir='ltr'>αύ-</span> 
     </span>
    </p>
   </div>
   <div class='ocr_carea' id='block_1_99' title="bbox 454 4973 2085 5052">
    <p class='ocr_par' dir='ltr' id='par_1_99' title="bbox 454 4973 2085 5047">
     <span class='ocr_line' id='line_1_99' title="bbox 454 4973 2085 5047; baseline -0.005 -11"><span class='ocrx_word' id='word_1_723' title='bbox 454 4995 697 5047; x_wconf 87' lang='lat' dir='ltr'><strong>novam,</strong></span> <span class='ocrx_word' id='word_1_724' title='bbox 739 4983 795 5033; x_wconf 92' lang='lat' dir='ltr'><strong>et</strong></span> <span class='ocrx_word' id='word_1_725' title='bbox 821 4976 1007 5031; x_wconf 93' lang='lat' dir='ltr'><strong>solem</strong></span> <span class='ocrx_word' id='word_1_726' title='bbox 1038 4974 1299 5047; x_wconf 77' lang='lat' dir='ltr'><strong>justitiee,</strong></span> <span class='ocrx_word' id='word_1_727' title='bbox 1334 4974 1427 5029; x_wconf 89' lang='lat' dir='ltr'><strong>cui</strong></span> <span class='ocrx_word' id='word_1_728' title='bbox 1458 4973 1705 5043; x_wconf 85' lang='lat' dir='ltr'><strong>largitur</strong></span> <span class='ocrx_word' id='word_1_729' title='bbox 1734 4974 1937 5029; x_wconf 89' lang='lat' dir='ltr'><strong>omnia</strong></span> <span class='ocrx_word' id='word_1_730' title='bbox 1965 4990 1995 5028; x_wconf 94' lang='lat' dir='ltr'>e</span> <span class='ocrx_word' id='word_1_731' title='bbox 2026 4974 2085 5028; x_wconf 92' lang='lat' dir='ltr'><strong>di</strong></span> 
     </span>
    </p>
   </div>
   <div class='ocr_carea' id='block_1_100' title="bbox 2193 4973 3824 5052">
    <p class='ocr_par' dir='ltr' id='par_1_100' title="bbox 2220 4978 3824 5052">
     <span class='ocr_line' id='line_1_100' title="bbox 2220 4978 3824 5052; baseline 0.006 -24"><span class='ocrx_word' id='word_1_732' title='bbox 2220 4985 2284 5049; x_wconf 74' lang='grc' dir='ltr'>τῇ</span> <span class='ocrx_word' id='word_1_733' title='bbox 2317 4978 2531 5051; x_wconf 75' lang='grc' dir='ltr'>οὐρανόν</span> <span class='ocrx_word' id='word_1_734' title='bbox 2562 4983 2756 5046; x_wconf 87' lang='grc' dir='ltr'>καινόν,</span> <span class='ocrx_word' id='word_1_735' title='bbox 2786 4986 2876 5032; x_wconf 83' lang='grc' dir='ltr'>καὶ</span> <span class='ocrx_word' id='word_1_736' title='bbox 2900 4987 2999 5052; x_wconf 84' lang='grc' dir='ltr'>γῆν</span> <span class='ocrx_word' id='word_1_737' title='bbox 3024 4986 3226 5048; x_wconf 77' lang='grc' dir='ltr'>καινὴν,</span> <span class='ocrx_word' id='word_1_738' title='bbox 3255 4987 3344 5036; x_wconf 81' lang='grc' dir='ltr'><strong>καὶ</strong></span> <span class='ocrx_word' id='word_1_739' title='bbox 3372 4982 3516 5043; x_wconf 75' lang='grc' dir='ltr'>ἣλιον</span> <span class='ocrx_word' id='word_1_740' title='bbox 3548 4980 3585 5036; x_wconf 90' lang='grc' dir='ltr'><strong>δ</strong></span> <span class='ocrx_word' id='word_1_741' title='bbox 3588 4986 3824 5037; x_wconf 89' lang='grc' dir='ltr'>ικαιοσύ-</span> 
     </span>
    </p>
   </div>
   <div class='ocr_carea' id='block_1_101' title="bbox 452 5063 2083 5142">
    <p class='ocr_par' dir='ltr' id='par_1_101' title="bbox 452 5064 2083 5137">
     <span class='ocr_line' id='line_1_101' title="bbox 452 5064 2083 5137; baseline -0.002 -14"><span class='ocrx_word' id='word_1_742' title='bbox 452 5069 693 5124; x_wconf 89' lang='lat' dir='ltr'><strong>vinitate</strong></span> <span class='ocrx_word' id='word_1_743' title='bbox 725 5084 852 5122; x_wconf 87' lang='lat' dir='ltr'><strong>sua.</strong></span> <span class='ocrx_word' id='word_1_744' title='bbox 885 5067 1012 5137; x_wconf 91' lang='lat' dir='ltr'><strong>Ipse</strong></span> <span class='ocrx_word' id='word_1_745' title='bbox 1040 5072 1125 5120; x_wconf 87' lang='lat' dir='ltr'><strong>est</strong></span> <span class='ocrx_word' id='word_1_746' title='bbox 1164 5064 1429 5118; x_wconf 91' lang='lat' dir='ltr'><strong>mundus</strong></span> <span class='ocrx_word' id='word_1_747' title='bbox 1460 5079 1655 5124; x_wconf 86' lang='lat' dir='ltr'><strong>verus,</strong></span> <span class='ocrx_word' id='word_1_748' title='bbox 1689 5073 1844 5119; x_wconf 85' lang='lat' dir='ltr'><strong>terra</strong></span> <span class='ocrx_word' id='word_1_749' title='bbox 1883 5064 2083 5119; x_wconf 84' lang='lat' dir='ltr'><strong>vivens</strong></span> 
     </span>
    </p>
   </div>
   <div class='ocr_carea' id='block_1_102' title="bbox 2194 5063 3825 5142">
    <p class='ocr_par' dir='ltr' id='par_1_102' title="bbox 2218 5063 3825 5142">
     <span class='ocr_line' id='line_1_102' title="bbox 2218 5063 3825 5142; baseline 0.006 -24"><span class='ocrx_word' id='word_1_750' title='bbox 2218 5086 2330 5134; x_wconf 85' lang='grc' dir='ltr'>νης,</span> <span class='ocrx_word' id='word_1_751' title='bbox 2367 5063 2557 5129; x_wconf 85' lang='grc' dir='ltr'>διδοὺς</span> <span class='ocrx_word' id='word_1_752' title='bbox 2599 5068 2729 5142; x_wconf 73' lang='grc' dir='ltr'>αὐτῇ</span> <span class='ocrx_word' id='word_1_753' title='bbox 2759 5071 2929 5122; x_wconf 86' lang='grc' dir='ltr'>πάντα</span> <span class='ocrx_word' id='word_1_754' title='bbox 2974 5071 3029 5122; x_wconf 80' lang='grc' dir='ltr'>ἐκ</span> <span class='ocrx_word' id='word_1_755' title='bbox 3068 5079 3159 5132; x_wconf 82' lang='grc' dir='ltr'>τῆς</span> <span class='ocrx_word' id='word_1_756' title='bbox 3189 5073 3347 5125; x_wconf 77' lang='grc' dir='ltr'>αὑτοῦ</span> <span class='ocrx_word' id='word_1_757' title='bbox 3379 5073 3636 5134; x_wconf 86' lang='grc' dir='ltr'>θεότητος.</span> <span class='ocrx_word' id='word_1_758' title='bbox 3670 5070 3825 5141; x_wconf 78' lang='grc' dir='ltr'>Ἐστι</span> 
     </span>
    </p>
   </div>
   <div class='ocr_carea' id='block_1_103' title="bbox 452 5153 2083 5239">
    <p class='ocr_par' dir='ltr' id='par_1_103' title="bbox 452 5153 2079 5225">
     <span class='ocr_line' id='line_1_103' title="bbox 452 5153 2079 5225; baseline -0.003 -13"><span class='ocrx_word' id='word_1_759' title='bbox 452 5157 582 5213; x_wconf 83' lang='lat' dir='ltr'><strong>vitis</strong></span> <span class='ocrx_word' id='word_1_760' title='bbox 613 5155 930 5218; x_wconf 89' lang='lat' dir='ltr'><strong>fructifera,</strong></span> <span class='ocrx_word' id='word_1_761' title='bbox 966 5154 1136 5225; x_wconf 79' lang='lat'><strong>125</strong></span> <span class='ocrx_word' id='word_1_762' title='bbox 1166 5153 1338 5224; x_wconf 90' lang='lat' dir='ltr'><strong>panis</strong></span> <span class='ocrx_word' id='word_1_763' title='bbox 1360 5153 1511 5219; x_wconf 71' lang='lat' dir='ltr'><strong>vitae,</strong></span> <span class='ocrx_word' id='word_1_764' title='bbox 1533 5158 1588 5207; x_wconf 95' lang='lat' dir='ltr'><strong>et</strong></span> <span class='ocrx_word' id='word_1_765' title='bbox 1610 5167 1773 5223; x_wconf 90' lang='lat' dir='ltr'><strong>aqua</strong></span> <span class='ocrx_word' id='word_1_766' title='bbox 1802 5153 2021 5222; x_wconf 86' lang='lat' dir='ltr'><strong>vivens,</strong></span> <span class='ocrx_word' id='word_1_767' title='bbox 2044 5170 2079 5208; x_wconf 95' lang='lat' dir='ltr'>u</span> 
     </span>
    </p>
   </div>
   <div class='ocr_carea' id='block_1_104' title="bbox 2193 5153 3824 5239">
    <p class='ocr_par' dir='ltr' id='par_1_104' title="bbox 2217 5156 3824 5239">
     <span class='ocr_line' id='line_1_104' title="bbox 2217 5156 3824 5239; baseline 0.006 -32"><span class='ocrx_word' id='word_1_768' title='bbox 2217 5160 2411 5228; x_wconf 89' lang='grc' dir='ltr'>κόσμος</span> <span class='ocrx_word' id='word_1_769' title='bbox 2438 5156 2703 5222; x_wconf 87' lang='grc' dir='ltr'>άληθινός,</span> <span class='ocrx_word' id='word_1_770' title='bbox 2735 5163 2826 5211; x_wconf 85' lang='grc' dir='ltr'><strong>καὶ</strong></span> <span class='ocrx_word' id='word_1_771' title='bbox 2851 5166 2918 5231; x_wconf 85' lang='grc' dir='ltr'>γῆ</span> <span class='ocrx_word' id='word_1_772' title='bbox 2955 5159 3123 5227; x_wconf 82' lang='grc' dir='ltr'>ζῶσα,</span> <span class='ocrx_word' id='word_1_773' title='bbox 3154 5166 3243 5213; x_wconf 81' lang='grc' dir='ltr'><strong>καὶ</strong></span> <span class='ocrx_word' id='word_1_774' title='bbox 3294 5161 3523 5234; x_wconf 81' lang='grc' dir='ltr'>ἄμπελος</span> <span class='ocrx_word' id='word_1_775' title='bbox 3555 5168 3824 5239; x_wconf 83' lang='grc' dir='ltr'>καρποφό-</span> 
     </span>
    </p>
   </div>
   <div class='ocr_carea' id='block_1_105' title="bbox 450 5241 2081 5325">
    <p class='ocr_par' dir='ltr' id='par_1_105' title="bbox 450 5241 2081 5318">
     <span class='ocr_line' id='line_1_105' title="bbox 450 5241 2081 5318; baseline -0.002 -15"><span class='ocrx_word' id='word_1_776' title='bbox 450 5248 737 5318; x_wconf 84' lang='lat' dir='ltr'><strong>scriptum</strong></span> <span class='ocrx_word' id='word_1_777' title='bbox 765 5249 853 5299; x_wconf 89' lang='lat' dir='ltr'><strong>est</strong></span> <span class='ocrx_word' id='word_1_778' title='bbox 889 5260 900 5298; x_wconf 95' lang='lat'>:</span> <span class='ocrx_word' id='word_1_779' title='bbox 939 5245 1131 5299; x_wconf 81' lang='lat' dir='ltr'><strong>Credo</strong></span> <span class='ocrx_word' id='word_1_780' title='bbox 1172 5242 1369 5298; x_wconf 74' lang='lat' dir='ltr'><strong>videre</strong></span> <span class='ocrx_word' id='word_1_781' title='bbox 1402 5242 1553 5297; x_wconf 90' lang='lat' dir='ltr'><strong>bona</strong></span> <span class='ocrx_word' id='word_1_782' title='bbox 1584 5241 1824 5297; x_wconf 85' lang='lat' dir='ltr'><strong>Domini</strong></span> <span class='ocrx_word' id='word_1_783' title='bbox 1848 5245 1911 5296; x_wconf 77' lang='lat' dir='ltr'><strong>in</strong></span> <span class='ocrx_word' id='word_1_784' title='bbox 1942 5248 2081 5299; x_wconf 72' lang='lat' dir='ltr'><strong>term</strong></span> 
     </span>
    </p>
   </div>
   <div class='ocr_carea' id='block_1_106' title="bbox 2191 5241 3822 5325">
    <p class='ocr_par' dir='ltr' id='par_1_106' title="bbox 2213 5246 3822 5325">
     <span class='ocr_line' id='line_1_106' title="bbox 2213 5246 3822 5325; baseline 0.005 -28"><span class='ocrx_word' id='word_1_785' title='bbox 2213 5264 2323 5321; x_wconf 78' lang='grc' dir='ltr'>ρος,</span> <span class='ocrx_word' id='word_1_786' title='bbox 2368 5250 2459 5298; x_wconf 82' lang='grc' dir='ltr'>καὶ</span> <span class='ocrx_word' id='word_1_787' title='bbox 2507 5247 2658 5312; x_wconf 85' lang='grc' dir='ltr'>ἄρτος</span> <span class='ocrx_word' id='word_1_788' title='bbox 2717 5250 2874 5313; x_wconf 84' lang='grc' dir='ltr'>ζωῆς,</span> <span class='ocrx_word' id='word_1_789' title='bbox 2909 5254 2999 5301; x_wconf 85' lang='grc' dir='ltr'>καὶ</span> <span class='ocrx_word' id='word_1_790' title='bbox 3028 5246 3172 5325; x_wconf 83' lang='grc' dir='ltr'>ὕδωρ</span> <span class='ocrx_word' id='word_1_791' title='bbox 3233 5250 3351 5317; x_wconf 83' lang='grc' dir='ltr'>ζῶν,</span> <span class='ocrx_word' id='word_1_792' title='bbox 3388 5254 3561 5314; x_wconf 85' lang='grc' dir='ltr'>καθὼς</span> <span class='ocrx_word' id='word_1_793' title='bbox 3589 5258 3822 5325; x_wconf 76' lang='grc' dir='ltr'>γέγραπ-</span> 
     </span>
    </p>
   </div>
   <div class='ocr_carea' id='block_1_107' title="bbox 449 5330 2080 5415">
    <p class='ocr_par' dir='ltr' id='par_1_107' title="bbox 449 5330 2080 5394">
     <span class='ocr_line' id='line_1_107' title="bbox 449 5330 2080 5394; baseline -0.005 0"><span class='ocrx_word' id='word_1_794' title='bbox 449 5335 769 5394; x_wconf 84' lang='lat' dir='ltr'><strong>viventium</strong></span> <span class='ocrx_word' id='word_1_795' title='bbox 798 5334 862 5387; x_wconf 70' lang='lat'><strong>’5.</strong></span> <span class='ocrx_word' id='word_1_796' title='bbox 892 5333 957 5388; x_wconf 90' lang='lat' dir='ltr'><strong>Et</strong></span> <span class='ocrx_word' id='word_1_797' title='bbox 986 5348 1221 5387; x_wconf 87' lang='lat' dir='ltr'><strong>rursum</strong></span> <span class='ocrx_word' id='word_1_798' title='bbox 1247 5347 1257 5384; x_wconf 91' lang='lat'><strong>:</strong></span> <span class='ocrx_word' id='word_1_799' title='bbox 1292 5330 1529 5386; x_wconf 79' lang='lat' dir='ltr'><strong>Orietur</strong></span> <span class='ocrx_word' id='word_1_800' title='bbox 1556 5330 1894 5386; x_wconf 81' lang='lat' dir='ltr'><strong>timentibus</strong></span> <span class='ocrx_word' id='word_1_801' title='bbox 1917 5333 2080 5387; x_wconf 90' lang='lat' dir='ltr'><strong>Domi</strong></span> 
     </span>
    </p>
   </div>
   <div class='ocr_carea' id='block_1_108' title="bbox 2188 5330 3819 5415">
    <p class='ocr_par' dir='ltr' id='par_1_108' title="bbox 2214 5333 3819 5415">
     <span class='ocr_line' id='line_1_108' title="bbox 2214 5333 3819 5415; baseline 0.006 -30"><span class='ocrx_word' id='word_1_802' title='bbox 2214 5338 2649 5398; x_wconf 82' lang='grc' dir='ltr'>ται,Πιστεύω</span> <span class='ocrx_word' id='word_1_803' title='bbox 2679 5344 2788 5389; x_wconf 84' lang='grc' dir='ltr'>τοῦ</span> <span class='ocrx_word' id='word_1_804' title='bbox 2849 5333 3016 5390; x_wconf 86' lang='grc' dir='ltr'>ἰδεῖν</span> <span class='ocrx_word' id='word_1_805' title='bbox 3066 5342 3141 5391; x_wconf 86' lang='grc' dir='ltr'><strong>τά</strong></span> <span class='ocrx_word' id='word_1_806' title='bbox 3191 5338 3403 5412; x_wconf 80' lang='grc' dir='ltr'>ἀγαθά</span> <span class='ocrx_word' id='word_1_807' title='bbox 3468 5343 3700 5415; x_wconf 78' lang='grc' dir='ltr'>Κύρίου</span> <span class='ocrx_word' id='word_1_808' title='bbox 3754 5345 3819 5394; x_wconf 77' lang='grc' dir='ltr'>ἓν</span> 
     </span>
    </p>
   </div>
   <div class='ocr_carea' id='block_1_109' title="bbox 446 5419 2077 5504">
    <p class='ocr_par' dir='ltr' id='par_1_109' title="bbox 446 5419 2077 5495">
     <span class='ocr_line' id='line_1_109' title="bbox 446 5419 2077 5495; baseline -0.003 -12"><span class='ocrx_word' id='word_1_809' title='bbox 446 5444 590 5484; x_wconf 88' lang='lat' dir='ltr'><strong>num</strong></span> <span class='ocrx_word' id='word_1_810' title='bbox 612 5423 1004 5495; x_wconf 66' lang='lat' dir='ltr'><strong>Soljustitiaa,</strong></span> <span class='ocrx_word' id='word_1_811' title='bbox 1030 5424 1083 5478; x_wconf 86' lang='lat' dir='ltr'><strong>et</strong></span> <span class='ocrx_word' id='word_1_812' title='bbox 1099 5422 1331 5476; x_wconf 83' lang='lat' dir='ltr'><strong>sanitas</strong></span> <span class='ocrx_word' id='word_1_813' title='bbox 1356 5419 1419 5474; x_wconf 90' lang='lat' dir='ltr'><strong>in</strong></span> <span class='ocrx_word' id='word_1_814' title='bbox 1442 5419 1555 5475; x_wconf 89' lang='lat' dir='ltr'><strong>alis</strong></span> <span class='ocrx_word' id='word_1_815' title='bbox 1573 5421 1702 5488; x_wconf 85' lang='lat' dir='ltr'><strong>ejus</strong></span> <span class='ocrx_word' id='word_1_816' title='bbox 1727 5421 1794 5474; x_wconf 77' lang='grc'><strong>³⁸.</strong></span> <span class='ocrx_word' id='word_1_817' title='bbox 1824 5419 1888 5475; x_wconf 90' lang='lat' dir='ltr'><strong>Et</strong></span> <span class='ocrx_word' id='word_1_818' title='bbox 1911 5419 2077 5478; x_wconf 90' lang='lat' dir='ltr'><strong>Domi</strong></span> 
     </span>
    </p>
   </div>
   <div class='ocr_carea' id='block_1_110' title="bbox 2190 5419 3821 5504">
    <p class='ocr_par' dir='ltr' id='par_1_110' title="bbox 2214 5425 3821 5504">
     <span class='ocr_line' id='line_1_110' title="bbox 2214 5425 3821 5504; baseline 0.006 -30"><span class='ocrx_word' id='word_1_819' title='bbox 2214 5432 2288 5496; x_wconf 74' lang='grc' dir='ltr'>γῇ</span> <span class='ocrx_word' id='word_1_820' title='bbox 2325 5425 2572 5485; x_wconf 78' lang='grc' dir='ltr'>ζώντων</span> <span class='ocrx_word' id='word_1_821' title='bbox 2607 5447 2619 5459; x_wconf 93' lang='grc'>·</span> <span class='ocrx_word' id='word_1_822' title='bbox 2652 5432 2741 5480; x_wconf 80' lang='grc' dir='ltr'>καὶ</span> <span class='ocrx_word' id='word_1_823' title='bbox 2799 5427 2972 5494; x_wconf 81' lang='grc' dir='ltr'>πάλιν,</span> <span class='ocrx_word' id='word_1_824' title='bbox 3023 5426 3355 5483; x_wconf 86' lang='grc' dir='ltr'>Ἀνατελεῖ</span> <span class='ocrx_word' id='word_1_825' title='bbox 3402 5438 3537 5492; x_wconf 86' lang='grc' dir='ltr'>τοῖς</span> <span class='ocrx_word' id='word_1_826' title='bbox 3587 5430 3821 5504; x_wconf 79' lang='grc' dir='ltr'>φοϐου-</span> 
     </span>
    </p>
   </div>
   <div class='ocr_carea' id='block_1_111' title="bbox 445 5508 2076 5590">
    <p class='ocr_par' dir='ltr' id='par_1_111' title="bbox 445 5508 2076 5587">
     <span class='ocr_line' id='line_1_111' title="bbox 445 5508 2076 5587; baseline -0.004 -14"><span class='ocrx_word' id='word_1_827' title='bbox 445 5534 560 5573; x_wconf 91' lang='lat' dir='ltr'><strong>nus</strong></span> <span class='ocrx_word' id='word_1_828' title='bbox 596 5528 837 5587; x_wconf 91' lang='lat' dir='ltr'><strong>quoque</strong></span> <span class='ocrx_word' id='word_1_829' title='bbox 869 5511 1103 5584; x_wconf 87' lang='lat' dir='ltr'><strong>inquit:</strong></span> <span class='ocrx_word' id='word_1_830' title='bbox 1130 5510 1257 5580; x_wconf 86' lang='lat' dir='ltr'><strong>Ego</strong></span> <span class='ocrx_word' id='word_1_831' title='bbox 1290 5524 1419 5564; x_wconf 88' lang='lat' dir='ltr'><strong>sum</strong></span> <span class='ocrx_word' id='word_1_832' title='bbox 1454 5508 1584 5564; x_wconf 83' lang='lat' dir='ltr'><strong>vitis</strong></span> <span class='ocrx_word' id='word_1_833' title='bbox 1618 5524 1759 5565; x_wconf 88' lang='lat' dir='ltr'><strong>vera</strong></span> <span class='ocrx_word' id='word_1_834' title='bbox 1782 5510 1847 5563; x_wconf 78' lang='grc'><strong>³⁷.</strong></span> <span class='ocrx_word' id='word_1_835' title='bbox 1883 5511 1948 5564; x_wconf 91' lang='lat' dir='ltr'><strong>Et</strong></span> <span class='ocrx_word' id='word_1_836' title='bbox 1973 5526 2076 5567; x_wconf 14' lang='lat' dir='ltr'><strong>ruri</strong></span> 
     </span>
    </p>
   </div>
   <div class='ocr_carea' id='block_1_112' title="bbox 2187 5508 3818 5590">
    <p class='ocr_par' dir='ltr' id='par_1_112' title="bbox 2214 5515 3818 5590">
     <span class='ocr_line' id='line_1_112' title="bbox 2214 5515 3818 5590; baseline 0.006 -25"><span class='ocrx_word' id='word_1_837' title='bbox 2214 5518 2434 5585; x_wconf 75' lang='grc' dir='ltr'>μένοις</span> <span class='ocrx_word' id='word_1_838' title='bbox 2488 5518 2596 5567; x_wconf 88' lang='grc' dir='ltr'>τὸν</span> <span class='ocrx_word' id='word_1_839' title='bbox 2653 5518 2885 5590; x_wconf 77' lang='grc' dir='ltr'>Κύριον</span> <span class='ocrx_word' id='word_1_840' title='bbox 2932 5516 3149 5581; x_wconf 82' lang='grc' dir='ltr'>Ἤλιος</span> <span class='ocrx_word' id='word_1_841' title='bbox 3200 5515 3651 5590; x_wconf 79' lang='grc' dir='ltr'>δικαιοσύνης,</span> <span class='ocrx_word' id='word_1_842' title='bbox 3706 5526 3818 5575; x_wconf 82' lang='grc' dir='ltr'>καὶ</span> 
     </span>
    </p>
   </div>
   <div class='ocr_carea' id='block_1_113' title="bbox 444 5651 2075 5795">
    <p class='ocr_par' dir='ltr' id='par_1_113' title="bbox 444 5651 2075 5795">
     <span class='ocr_line' id='line_1_113' title="bbox 517 5651 2075 5733; baseline -0.007 -16"><span class='ocrx_word' id='word_1_843' title='bbox 517 5663 565 5697; x_wconf 71' lang='grc'>³³</span> <span class='ocrx_word' id='word_1_844' title='bbox 598 5662 711 5716; x_wconf 88' lang='lat' dir='ltr'><strong>Isa.</strong></span> <span class='ocrx_word' id='word_1_845' title='bbox 741 5674 938 5723; x_wconf 76' lang='lat' dir='ltr'><strong>xxxiv,</strong></span> <span class='ocrx_word' id='word_1_846' title='bbox 972 5658 1057 5712; x_wconf 68' lang='grc'><strong>14.</strong></span> <span class='ocrx_word' id='word_1_847' title='bbox 1137 5655 1187 5691; x_wconf 78' lang='grc'>³³</span> <span class='ocrx_word' id='word_1_848' title='bbox 1215 5654 1364 5712; x_wconf 90' lang='lat' dir='ltr'><strong>Luc.</strong></span> <span class='ocrx_word' id='word_1_849' title='bbox 1401 5669 1558 5720; x_wconf 77' lang='lat' dir='ltr'><strong>xvm,</strong></span> <span class='ocrx_word' id='word_1_850' title='bbox 1592 5653 1644 5723; x_wconf 82' lang='lat' dir='ltr'><strong>t,</strong></span> <span class='ocrx_word' id='word_1_851' title='bbox 1686 5651 1740 5715; x_wconf 85' lang='lat'><strong>7.</strong></span> <span class='ocrx_word' id='word_1_852' title='bbox 1844 5653 1892 5689; x_wconf 80' lang='grc'>²⁴</span> <span class='ocrx_word' id='word_1_853' title='bbox 1950 5652 2075 5733; x_wconf 86' lang='lat' dir='ltr'><strong>Eph</strong></span> 
     </span>
     <span class='ocr_line' id='line_1_114' title="bbox 444 5731 2045 5795; baseline -0.017 2"><span class='ocrx_word' id='word_1_854' title='bbox 444 5736 493 5772; x_wconf 77' lang='grc'>³⁷</span> <span class='ocrx_word' id='word_1_855' title='bbox 524 5736 697 5795; x_wconf 78' lang='lat' dir='ltr'><strong>Joan.</strong></span> <span class='ocrx_word' id='word_1_856' title='bbox 736 5748 836 5795; x_wconf 83' lang='lat' dir='ltr'><strong>xv,</strong></span> <span class='ocrx_word' id='word_1_857' title='bbox 874 5738 890 5787; x_wconf 82' lang='grc'>1</span> <span class='ocrx_word' id='word_1_858' title='bbox 922 5748 937 5795; x_wconf 86' lang='grc'><strong>;</strong></span> <span class='ocrx_word' id='word_1_859' title='bbox 970 5746 1045 5795; x_wconf 78' lang='grc' dir='ltr'><strong>νι,</strong></span> <span class='ocrx_word' id='word_1_860' title='bbox 1079 5731 1165 5785; x_wconf 81' lang='grc'><strong>48.</strong></span> <span class='ocrx_word' id='word_1_861' title='bbox 2036 5773 2045 5785; x_wconf 60' lang='grc'><strong>,</strong></span> 
     </span>
    </p>
   </div>
   <div class='ocr_carea' id='block_1_114' title="bbox 2183 5651 3814 5795">
    <p class='ocr_par' dir='ltr' id='par_1_114' title="bbox 2215 5659 3814 5747">
     <span class='ocr_line' id='line_1_115' title="bbox 2215 5659 3814 5747; baseline 0.006 -36"><span class='ocrx_word' id='word_1_862' title='bbox 2215 5672 2269 5722; x_wconf 81' lang='lat' dir='ltr'><strong>v,</strong></span> <span class='ocrx_word' id='word_1_863' title='bbox 2302 5659 2395 5726; x_wconf 83' lang='lat'><strong>26,</strong></span> <span class='ocrx_word' id='word_1_864' title='bbox 2423 5660 2513 5715; x_wconf 85' lang='lat'><strong>27.</strong></span> <span class='ocrx_word' id='word_1_865' title='bbox 2592 5661 2637 5695; x_wconf 78' lang='lat'><strong>&quot;</strong></span> <span class='ocrx_word' id='word_1_866' title='bbox 2660 5659 2814 5718; x_wconf 87' lang='lat' dir='ltr'><strong>Psal.</strong></span> <span class='ocrx_word' id='word_1_867' title='bbox 2842 5678 3000 5729; x_wconf 71' lang='lat' dir='ltr'><strong>xxvr,</strong></span> <span class='ocrx_word' id='word_1_868' title='bbox 3049 5665 3139 5719; x_wconf 79' lang='lat'><strong>26.</strong></span> <span class='ocrx_word' id='word_1_869' title='bbox 3170 5746 3173 5747; x_wconf 10' lang='grc' dir='ltr'><strong>γ</strong></span> <span class='ocrx_word' id='word_1_870' title='bbox 3255 5664 3305 5699; x_wconf 73' lang='grc' dir='ltr'>η</span> <span class='ocrx_word' id='word_1_871' title='bbox 3343 5662 3586 5722; x_wconf 80' lang='lat' dir='ltr'><strong>Malach.</strong></span> <span class='ocrx_word' id='word_1_872' title='bbox 3629 5679 3707 5730; x_wconf 86' lang='lat' dir='ltr'><strong>1v,</strong></span> <span class='ocrx_word' id='word_1_873' title='bbox 3758 5668 3814 5721; x_wconf 87' lang='lat'><strong>2.</strong></span> 
     </span>
    </p>
   </div>
   <div class='ocr_carea' id='block_1_115' title="bbox 686 5769 2045 5803">
    <p class='ocr_par' dir='ltr' id='par_1_115' title="bbox 686 5769 2045 5803">
     <span class='ocr_line' id='line_1_116' title="bbox 686 5769 2045 5803; baseline -0.001 -16"><span class='ocrx_word' id='word_1_874' title='bbox 686 5779 697 5791; x_wconf 86' lang='lat'><em>.</em></span> <span class='ocrx_word' id='word_1_875' title='bbox 736 5769 836 5803; x_wconf 69' lang='lat' dir='ltr'><strong>Av,</strong></span> <span class='ocrx_word' id='word_1_876' title='bbox 878 5769 890 5787; x_wconf 83' lang='grc' dir='ltr'><strong>Ι</strong></span> <span class='ocrx_word' id='word_1_877' title='bbox 922 5772 937 5799; x_wconf 74' lang='lat'><em>,</em></span> <span class='ocrx_word' id='word_1_878' title='bbox 977 5769 1045 5799; x_wconf 65' lang='grc' dir='ltr'><strong>νε,</strong></span> <span class='ocrx_word' id='word_1_879' title='bbox 1079 5769 1165 5785; x_wconf 65' lang='grc' dir='ltr'><strong>τυ.</strong></span> <span class='ocrx_word' id='word_1_880' title='bbox 2036 5773 2045 5785; x_wconf 83' lang='grc' dir='ltr'><strong>ι</strong></span> 
     </span>
    </p>
   </div>
  </div>
