  <div class='ocr_page' id='page_1' title='image "/cluster/home/n/w/nwhite01/storage/ocr_20150623/34/mdp.39015041165401/430.png"; bbox 0 0 4130 6286; ppageno 0'>
   <div class='ocr_carea' id='block_1_1' title="bbox 121 7 2341 91">
    <p class='ocr_par' dir='ltr' id='par_1_1' title="bbox 703 13 2339 66">
     <span class='ocr_line' id='line_1_1' title="bbox 1341 13 2315 34; baseline -0.003 -7"><span class='ocrx_word' id='word_1_1' title='bbox 1341 31 1358 34; x_wconf 89' lang='lat'><em>__</em></span> <span class='ocrx_word' id='word_1_2' title='bbox 1499 25 1502 28; x_wconf 85' lang='lat'><strong><em>.</em></strong></span> <span class='ocrx_word' id='word_1_3' title='bbox 1525 19 1564 26; x_wconf 72' lang='grc' dir='ltr'>...ρ</span> <span class='ocrx_word' id='word_1_4' title='bbox 1579 17 1594 24; x_wconf 70' lang='grc' dir='ltr'>σ-</span> <span class='ocrx_word' id='word_1_5' title='bbox 1623 19 1628 22; x_wconf 98' lang='grc'><strong>-</strong></span> <span class='ocrx_word' id='word_1_6' title='bbox 1653 15 1672 22; x_wconf 94' lang='grc'><strong>--</strong></span> <span class='ocrx_word' id='word_1_7' title='bbox 1685 15 1696 30; x_wconf 68' lang='grc' dir='ltr'>ε,</span> <span class='ocrx_word' id='word_1_8' title='bbox 1715 27 1718 30; x_wconf 57' lang='grc'>,</span> <span class='ocrx_word' id='word_1_9' title='bbox 1733 19 1748 24; x_wconf 68' lang='grc' dir='ltr'>-ι</span> <span class='ocrx_word' id='word_1_10' title='bbox 1759 19 1772 34; x_wconf 40' lang='grc' dir='ltr'>θ’</span> <span class='ocrx_word' id='word_1_11' title='bbox 1793 13 1864 34; x_wconf 54' lang='grc' dir='ltr'>Μ,’ῗ“</span> <span class='ocrx_word' id='word_1_12' title='bbox 1875 13 1892 28; x_wconf 76' lang='grc' dir='ltr'><strong>ζ·</strong></span> <span class='ocrx_word' id='word_1_13' title='bbox 1965 25 1970 30; x_wconf 76' lang='grc'>,</span> <span class='ocrx_word' id='word_1_14' title='bbox 1995 25 2002 32; x_wconf 60' lang='grc'>,</span> <span class='ocrx_word' id='word_1_15' title='bbox 2023 15 2054 34; x_wconf 52' lang='lat'>3...</span> <span class='ocrx_word' id='word_1_16' title='bbox 2093 21 2142 34; x_wconf 41' lang='grc' dir='ltr'><strong>μη...</strong></span> <span class='ocrx_word' id='word_1_17' title='bbox 2195 21 2198 24; x_wconf 83' lang='grc'>.</span> <span class='ocrx_word' id='word_1_18' title='bbox 2247 13 2262 24; x_wconf 71' lang='lat' dir='ltr'>a:</span> <span class='ocrx_word' id='word_1_19' title='bbox 2281 15 2284 18; x_wconf 82' lang='lat'><strong><em>~</em></strong></span> <span class='ocrx_word' id='word_1_20' title='bbox 2308 18 2315 21; x_wconf 61' lang='grc' dir='ltr'><strong>η-</strong></span> 
     </span>
     <span class='ocr_line' id='line_1_2' title="bbox 1015 33 2339 52; baseline -0.004 -2"><span class='ocrx_word' id='word_1_21' title='bbox 1015 45 1044 52; x_wconf 62' lang='grc'>.-</span> <span class='ocrx_word' id='word_1_22' title='bbox 1055 45 1070 50; x_wconf 83' lang='grc'><strong>-</strong></span> <span class='ocrx_word' id='word_1_23' title='bbox 1081 45 1088 48; x_wconf 98' lang='grc'><strong>-</strong></span> <span class='ocrx_word' id='word_1_24' title='bbox 1697 37 1700 40; x_wconf 85' lang='grc'><strong>’</strong></span> <span class='ocrx_word' id='word_1_25' title='bbox 1993 41 2002 48; x_wconf 81' lang='grc' dir='ltr'><strong>ι’</strong></span> <span class='ocrx_word' id='word_1_26' title='bbox 2033 43 2044 48; x_wconf 83' lang='grc'>.,</span> <span class='ocrx_word' id='word_1_27' title='bbox 2075 37 2140 50; x_wconf 62' lang='grc' dir='ltr'>,ντες-ι</span> <span class='ocrx_word' id='word_1_28' title='bbox 2153 39 2156 42; x_wconf 82' lang='lat'><strong><em>~</em></strong></span> <span class='ocrx_word' id='word_1_29' title='bbox 2191 33 2202 42; x_wconf 63' lang='grc' dir='ltr'>ι·</span> <span class='ocrx_word' id='word_1_30' title='bbox 2211 35 2260 46; x_wconf 62' lang='grc' dir='ltr'>αρν-,ι</span> <span class='ocrx_word' id='word_1_31' title='bbox 2280 40 2303 45; x_wconf 37' lang='grc' dir='ltr'>κγ.</span> <span class='ocrx_word' id='word_1_32' title='bbox 2312 42 2319 45; x_wconf 64' lang='grc'>.</span> <span class='ocrx_word' id='word_1_33' title='bbox 2330 36 2339 45; x_wconf 54' lang='grc' dir='ltr'>«λ</span> 
     </span>
     <span class='ocr_line' id='line_1_3' title="bbox 703 48 2329 66; baseline -0.004 4"><span class='ocrx_word' id='word_1_34' title='bbox 703 61 716 66; x_wconf 83' lang='grc'><strong><em>-</em></strong></span> <span class='ocrx_word' id='word_1_35' title='bbox 763 61 766 64; x_wconf 83' lang='lat'><strong><em>~</em></strong></span> <span class='ocrx_word' id='word_1_36' title='bbox 819 57 846 60; x_wconf 66' lang='lat'>~-</span> <span class='ocrx_word' id='word_1_37' title='bbox 1633 51 1642 60; x_wconf 82' lang='grc'>’-</span> <span class='ocrx_word' id='word_1_38' title='bbox 1681 49 1734 58; x_wconf 39' lang='lat' dir='ltr'>&quot;Hs</span> <span class='ocrx_word' id='word_1_39' title='bbox 1769 59 1810 66; x_wconf 60' lang='grc' dir='ltr'>-..ν</span> <span class='ocrx_word' id='word_1_40' title='bbox 1855 57 1868 66; x_wconf 65' lang='grc' dir='ltr'>ν.</span> <span class='ocrx_word' id='word_1_41' title='bbox 1973 57 1988 64; x_wconf 66' lang='grc' dir='ltr'>,ι</span> <span class='ocrx_word' id='word_1_42' title='bbox 2023 49 2116 62; x_wconf 34' lang='lat' dir='ltr'>ama“-</span> <span class='ocrx_word' id='word_1_43' title='bbox 2153 51 2156 54; x_wconf 67' lang='lat'><strong><em>~</em></strong></span> <span class='ocrx_word' id='word_1_44' title='bbox 2183 49 2252 60; x_wconf 61' lang='grc' dir='ltr'>«ιρι--</span> <span class='ocrx_word' id='word_1_45' title='bbox 2292 48 2329 63; x_wconf 41' lang='lat' dir='ltr'>ir.</span> 
     </span>
    </p>
   </div>
   <div class='ocr_carea' id='block_1_2' title="bbox 322 365 426 422">
    <p class='ocr_par' dir='ltr' id='par_1_2' title="bbox 322 365 426 422">
     <span class='ocr_line' id='line_1_4' title="bbox 322 365 426 422; baseline -0.01 0"><span class='ocrx_word' id='word_1_46' title='bbox 322 365 426 422; x_wconf 74' lang='grc'>745</span> 
     </span>
    </p>
   </div>
   <div class='ocr_carea' id='block_1_3' title="bbox 324 474 1920 557">
    <p class='ocr_par' dir='ltr' id='par_1_3' title="bbox 324 474 1920 557">
     <span class='ocr_line' id='line_1_5' title="bbox 324 474 1920 557; baseline -0.011 -13"><span class='ocrx_word' id='word_1_47' title='bbox 324 492 499 550; x_wconf 80' lang='grc' dir='ltr'>ἱασις</span> <span class='ocrx_word' id='word_1_48' title='bbox 528 487 586 542; x_wconf 72' lang='grc' dir='ltr'>ἓν</span> <span class='ocrx_word' id='word_1_49' title='bbox 615 491 759 547; x_wconf 87' lang='grc' dir='ltr'>ταῖς</span> <span class='ocrx_word' id='word_1_50' title='bbox 788 480 1091 557; x_wconf 73' lang='grc' dir='ltr'>πτέρυξιν</span> <span class='ocrx_word' id='word_1_51' title='bbox 1124 479 1340 535; x_wconf 79' lang='grc' dir='ltr'>αὐτοῦ.</span> <span class='ocrx_word' id='word_1_52' title='bbox 1374 484 1475 534; x_wconf 78' lang='grc' dir='ltr'>Καὶ</span> <span class='ocrx_word' id='word_1_53' title='bbox 1499 481 1524 532; x_wconf 92' lang='grc' dir='ltr'>ό</span> <span class='ocrx_word' id='word_1_54' title='bbox 1550 481 1741 551; x_wconf 80' lang='grc' dir='ltr'>Κύριος</span> <span class='ocrx_word' id='word_1_55' title='bbox 1767 474 1920 541; x_wconf 84' lang='grc' dir='ltr'>εἶπεν,</span> 
     </span>
    </p>
   </div>
   <div class='ocr_carea' id='block_1_4' title="bbox 2033 474 3679 557">
    <p class='ocr_par' dir='ltr' id='par_1_4' title="bbox 2036 477 3679 548">
     <span class='ocr_line' id='line_1_6' title="bbox 2036 477 3679 548; baseline 0.002 -17"><span class='ocrx_word' id='word_1_56' title='bbox 2036 491 2208 533; x_wconf 88' lang='lat' dir='ltr'>suam</span> <span class='ocrx_word' id='word_1_57' title='bbox 2242 493 2256 532; x_wconf 87' lang='lat'><strong>:</strong></span> <span class='ocrx_word' id='word_1_58' title='bbox 2289 478 2416 548; x_wconf 89' lang='lat' dir='ltr'>Ego</span> <span class='ocrx_word' id='word_1_59' title='bbox 2438 493 2564 534; x_wconf 84' lang='lat' dir='ltr'>sum</span> <span class='ocrx_word' id='word_1_60' title='bbox 2590 478 2770 548; x_wconf 81' lang='lat' dir='ltr'>panis</span> <span class='ocrx_word' id='word_1_61' title='bbox 2796 477 2929 533; x_wconf 73' lang='lat' dir='ltr'>vitae</span> <span class='ocrx_word' id='word_1_62' title='bbox 2958 496 2971 544; x_wconf 89' lang='lat'>;</span> <span class='ocrx_word' id='word_1_63' title='bbox 2996 481 3051 534; x_wconf 89' lang='lat' dir='ltr'>et</span> <span class='ocrx_word' id='word_1_64' title='bbox 3076 492 3318 533; x_wconf 85' lang='lat' dir='ltr'>rursum</span> <span class='ocrx_word' id='word_1_65' title='bbox 3354 491 3366 530; x_wconf 90' lang='lat'>:</span> <span class='ocrx_word' id='word_1_66' title='bbox 3397 478 3506 545; x_wconf 84' lang='lat' dir='ltr'>Qui</span> <span class='ocrx_word' id='word_1_67' title='bbox 3528 478 3679 535; x_wconf 82' lang='lat' dir='ltr'>bibe-</span> 
     </span>
    </p>
   </div>
   <div class='ocr_carea' id='block_1_5' title="bbox 323 566 1925 652">
    <p class='ocr_par' dir='ltr' id='par_1_5' title="bbox 323 566 1925 652">
     <span class='ocr_line' id='line_1_7' title="bbox 323 566 1925 652; baseline -0.009 -19"><span class='ocrx_word' id='word_1_68' title='bbox 323 579 479 652; x_wconf 83' lang='grc' dir='ltr'>Ἐγώ</span> <span class='ocrx_word' id='word_1_69' title='bbox 510 577 643 650; x_wconf 79' lang='grc' dir='ltr'>εἰμι</span> <span class='ocrx_word' id='word_1_70' title='bbox 668 578 698 634; x_wconf 79' lang='grc' dir='ltr'>ἡ</span> <span class='ocrx_word' id='word_1_71' title='bbox 727 572 1012 646; x_wconf 82' lang='grc' dir='ltr'>ἄμπελος</span> <span class='ocrx_word' id='word_1_72' title='bbox 1040 572 1070 629; x_wconf 82' lang='grc' dir='ltr'>ἡ</span> <span class='ocrx_word' id='word_1_73' title='bbox 1106 569 1407 629; x_wconf 82' lang='grc' dir='ltr'>ἀληθινή.</span> <span class='ocrx_word' id='word_1_74' title='bbox 1444 573 1543 623; x_wconf 83' lang='grc' dir='ltr'>Καὶ</span> <span class='ocrx_word' id='word_1_75' title='bbox 1568 568 1742 633; x_wconf 82' lang='grc' dir='ltr'>πάλιν,</span> <span class='ocrx_word' id='word_1_76' title='bbox 1778 566 1925 637; x_wconf 85' lang='grc' dir='ltr'>Ἐγώ</span> 
     </span>
    </p>
   </div>
   <div class='ocr_carea' id='block_1_6' title="bbox 323 656 1925 742">
    <p class='ocr_par' dir='ltr' id='par_1_6' title="bbox 323 656 1925 742">
     <span class='ocr_line' id='line_1_8' title="bbox 323 656 1925 742; baseline -0.01 -20"><span class='ocrx_word' id='word_1_77' title='bbox 323 668 511 742; x_wconf 81' lang='grc' dir='ltr'>εἰμιὸ</span> <span class='ocrx_word' id='word_1_78' title='bbox 567 667 756 739; x_wconf 81' lang='grc' dir='ltr'>ἄρτος</span> <span class='ocrx_word' id='word_1_79' title='bbox 785 670 898 723; x_wconf 84' lang='grc' dir='ltr'>τῆς</span> <span class='ocrx_word' id='word_1_80' title='bbox 957 665 1140 724; x_wconf 84' lang='grc' dir='ltr'>ζωῆς.</span> <span class='ocrx_word' id='word_1_81' title='bbox 1183 665 1285 713; x_wconf 80' lang='grc' dir='ltr'>Καὶ</span> <span class='ocrx_word' id='word_1_82' title='bbox 1310 658 1483 724; x_wconf 87' lang='grc' dir='ltr'>πάλιν,</span> <span class='ocrx_word' id='word_1_83' title='bbox 1536 657 1594 710; x_wconf 86' lang='grc' dir='ltr'><strong>Ὀ</strong></span> <span class='ocrx_word' id='word_1_84' title='bbox 1632 662 1828 709; x_wconf 86' lang='grc' dir='ltr'>πίνων</span> <span class='ocrx_word' id='word_1_85' title='bbox 1860 656 1925 706; x_wconf 76' lang='grc' dir='ltr'>ἐκ</span> 
     </span>
    </p>
   </div>
   <div class='ocr_carea' id='block_1_7' title="bbox 321 743 1923 824">
    <p class='ocr_par' dir='ltr' id='par_1_7' title="bbox 321 743 1923 824">
     <span class='ocr_line' id='line_1_9' title="bbox 321 743 1923 824; baseline -0.01 -13"><span class='ocrx_word' id='word_1_86' title='bbox 321 765 436 812; x_wconf 85' lang='grc' dir='ltr'>τοῦ</span> <span class='ocrx_word' id='word_1_87' title='bbox 466 753 704 816; x_wconf 78' lang='grc' dir='ltr'>ὕδατος</span> <span class='ocrx_word' id='word_1_88' title='bbox 742 752 810 806; x_wconf 82' lang='grc' dir='ltr'>οὗ</span> <span class='ocrx_word' id='word_1_89' title='bbox 848 752 969 824; x_wconf 77' lang='grc' dir='ltr'>έγὼ</span> <span class='ocrx_word' id='word_1_90' title='bbox 1012 747 1196 804; x_wconf 84' lang='grc' dir='ltr'>δώσω</span> <span class='ocrx_word' id='word_1_91' title='bbox 1236 749 1422 820; x_wconf 78' lang='grc' dir='ltr'>αὐτῷ,</span> <span class='ocrx_word' id='word_1_92' title='bbox 1464 752 1826 820; x_wconf 87' lang='grc' dir='ltr'>γενήσεται</span> <span class='ocrx_word' id='word_1_93' title='bbox 1865 743 1923 796; x_wconf 75' lang='grc' dir='ltr'>ἄν</span> 
     </span>
    </p>
   </div>
   <div class='ocr_carea' id='block_1_8' title="bbox 321 836 1919 919">
    <p class='ocr_par' dir='ltr' id='par_1_8' title="bbox 321 836 1919 919">
     <span class='ocr_line' id='line_1_10' title="bbox 321 836 1919 919; baseline -0.009 -17"><span class='ocrx_word' id='word_1_94' title='bbox 321 848 490 919; x_wconf 79' lang='grc' dir='ltr'>αὐτῷ</span> <span class='ocrx_word' id='word_1_95' title='bbox 514 850 684 919; x_wconf 81' lang='grc' dir='ltr'>πηγὴ</span> <span class='ocrx_word' id='word_1_96' title='bbox 713 840 954 903; x_wconf 79' lang='grc' dir='ltr'>ὕδατος</span> <span class='ocrx_word' id='word_1_97' title='bbox 975 840 1326 913; x_wconf 73' lang='grc' dir='ltr'>ἁλλομένου</span> <span class='ocrx_word' id='word_1_98' title='bbox 1350 839 1439 899; x_wconf 79' lang='grc' dir='ltr'>εἷς</span> <span class='ocrx_word' id='word_1_99' title='bbox 1466 838 1636 899; x_wconf 81' lang='grc' dir='ltr'>ζωήν</span> <span class='ocrx_word' id='word_1_100' title='bbox 1658 836 1919 889; x_wconf 80' lang='grc' dir='ltr'>αἰώνιον.</span> 
     </span>
    </p>
   </div>
   <div class='ocr_carea' id='block_1_9' title="bbox 394 959 1920 1043">
    <p class='ocr_par' dir='ltr' id='par_1_9' title="bbox 394 959 1920 1043">
     <span class='ocr_line' id='line_1_11' title="bbox 394 959 1920 1043; baseline -0.01 -17"><span class='ocrx_word' id='word_1_101' title='bbox 394 973 465 1028; x_wconf 85' lang='lat' dir='ltr'>B&#39;.</span> <span class='ocrx_word' id='word_1_102' title='bbox 510 971 569 1026; x_wconf 81' lang='grc' dir='ltr'><strong>Ἦ</strong></span> <span class='ocrx_word' id='word_1_103' title='bbox 598 972 701 1043; x_wconf 81' lang='grc' dir='ltr'>γὰρ</span> <span class='ocrx_word' id='word_1_104' title='bbox 759 968 961 1029; x_wconf 76' lang='grc' dir='ltr'>ἓλευσις</span> <span class='ocrx_word' id='word_1_105' title='bbox 989 966 1080 1020; x_wconf 86' lang='grc' dir='ltr'>τόῦ</span> <span class='ocrx_word' id='word_1_106' title='bbox 1136 970 1331 1041; x_wconf 80' lang='grc' dir='ltr'>Κυρίου</span> <span class='ocrx_word' id='word_1_107' title='bbox 1382 970 1532 1018; x_wconf 86' lang='grc' dir='ltr'>πᾶσα</span> <span class='ocrx_word' id='word_1_108' title='bbox 1585 959 1678 1015; x_wconf 82' lang='grc' dir='ltr'>διὰ</span> <span class='ocrx_word' id='word_1_109' title='bbox 1709 964 1795 1014; x_wconf 90' lang='grc' dir='ltr'>τὸν</span> <span class='ocrx_word' id='word_1_110' title='bbox 1827 961 1920 1012; x_wconf 81' lang='grc' dir='ltr'>ἄν·</span> 
     </span>
    </p>
   </div>
   <div class='ocr_carea' id='block_1_10' title="bbox 325 1052 1921 1136">
    <p class='ocr_par' dir='ltr' id='par_1_10' title="bbox 325 1052 1921 1136">
     <span class='ocr_line' id='line_1_12' title="bbox 325 1052 1921 1136; baseline -0.01 -19"><span class='ocrx_word' id='word_1_111' title='bbox 325 1066 526 1136; x_wconf 90' lang='grc' dir='ltr'>θρωπον</span> <span class='ocrx_word' id='word_1_112' title='bbox 562 1064 860 1133; x_wconf 86' lang='grc' dir='ltr'>γεγένηται,</span> <span class='ocrx_word' id='word_1_113' title='bbox 912 1054 999 1110; x_wconf 85' lang='grc' dir='ltr'>τόν</span> <span class='ocrx_word' id='word_1_114' title='bbox 1056 1057 1466 1126; x_wconf 86' lang='grc' dir='ltr'>τεθανατωμένον</span> <span class='ocrx_word' id='word_1_115' title='bbox 1511 1055 1559 1105; x_wconf 78' lang='grc' dir='ltr'>ἓν</span> <span class='ocrx_word' id='word_1_116' title='bbox 1598 1054 1742 1124; x_wconf 73' lang='grc' dir='ltr'>τάφω</span> <span class='ocrx_word' id='word_1_117' title='bbox 1802 1052 1921 1102; x_wconf 81' lang='grc' dir='ltr'>σκό-</span> 
     </span>
    </p>
   </div>
   <div class='ocr_carea' id='block_1_11' title="bbox 324 1136 1923 1223">
    <p class='ocr_par' dir='ltr' id='par_1_11' title="bbox 324 1136 1923 1223">
     <span class='ocr_line' id='line_1_13' title="bbox 324 1136 1923 1223; baseline -0.009 -17"><span class='ocrx_word' id='word_1_118' title='bbox 324 1171 460 1218; x_wconf 91' lang='grc' dir='ltr'>τους,</span> <span class='ocrx_word' id='word_1_119' title='bbox 520 1151 801 1223; x_wconf 82' lang='grc' dir='ltr'>ἁμαρτίας,</span> <span class='ocrx_word' id='word_1_120' title='bbox 867 1148 1158 1218; x_wconf 86' lang='grc' dir='ltr'>πνεύματος</span> <span class='ocrx_word' id='word_1_121' title='bbox 1208 1143 1528 1216; x_wconf 77' lang='grc' dir='ltr'>ἀκαθάρτου,</span> <span class='ocrx_word' id='word_1_122' title='bbox 1614 1145 1705 1193; x_wconf 83' lang='grc' dir='ltr'>καὶ</span> <span class='ocrx_word' id='word_1_123' title='bbox 1765 1136 1923 1193; x_wconf 82' lang='grc' dir='ltr'>δυνά-</span> 
     </span>
    </p>
   </div>
   <div class='ocr_carea' id='block_1_12' title="bbox 323 1229 1917 1315">
    <p class='ocr_par' dir='ltr' id='par_1_12' title="bbox 323 1229 1917 1315">
     <span class='ocr_line' id='line_1_14' title="bbox 323 1229 1917 1315; baseline -0.009 -20"><span class='ocrx_word' id='word_1_124' title='bbox 323 1261 456 1315; x_wconf 86' lang='grc' dir='ltr'>μεων</span> <span class='ocrx_word' id='word_1_125' title='bbox 486 1246 745 1314; x_wconf 79' lang='grc' dir='ltr'>πονηρῶν,</span> <span class='ocrx_word' id='word_1_126' title='bbox 782 1238 865 1289; x_wconf 79' lang='grc' dir='ltr'>ἵνα</span> <span class='ocrx_word' id='word_1_127' title='bbox 913 1234 965 1287; x_wconf 79' lang='grc' dir='ltr'>έν</span> <span class='ocrx_word' id='word_1_128' title='bbox 991 1243 1064 1306; x_wconf 84' lang='grc' dir='ltr'>τῷ</span> <span class='ocrx_word' id='word_1_129' title='bbox 1109 1233 1261 1286; x_wconf 82' lang='grc' dir='ltr'><strong>αἰῶνι</strong></span> <span class='ocrx_word' id='word_1_130' title='bbox 1311 1235 1480 1304; x_wconf 82' lang='grc' dir='ltr'>τούτῳ</span> <span class='ocrx_word' id='word_1_131' title='bbox 1524 1238 1610 1283; x_wconf 88' lang='grc' dir='ltr'>νῦν</span> <span class='ocrx_word' id='word_1_132' title='bbox 1641 1229 1917 1301; x_wconf 72' lang='grc' dir='ltr'>ἀναστήσῃ</span> 
     </span>
    </p>
   </div>
   <div class='ocr_carea' id='block_1_13' title="bbox 321 1316 1918 1399">
    <p class='ocr_par' dir='ltr' id='par_1_13' title="bbox 321 1316 1918 1399">
     <span class='ocr_line' id='line_1_15' title="bbox 321 1316 1918 1399; baseline -0.009 -16"><span class='ocrx_word' id='word_1_133' title='bbox 321 1335 412 1383; x_wconf 85' lang='lat' dir='ltr'>xui</span> <span class='ocrx_word' id='word_1_134' title='bbox 471 1330 778 1399; x_wconf 74' lang='grc' dir='ltr'>ζωοποιήση</span> <span class='ocrx_word' id='word_1_135' title='bbox 854 1328 938 1377; x_wconf 87' lang='grc' dir='ltr'>τόν</span> <span class='ocrx_word' id='word_1_136' title='bbox 991 1325 1280 1397; x_wconf 74' lang='grc' dir='ltr'>ἄνθρωπον,</span> <span class='ocrx_word' id='word_1_137' title='bbox 1362 1326 1451 1373; x_wconf 85' lang='grc' dir='ltr'>καὶ</span> <span class='ocrx_word' id='word_1_138' title='bbox 1506 1321 1768 1391; x_wconf 71' lang='grc' dir='ltr'>καθαρίσῃ</span> <span class='ocrx_word' id='word_1_139' title='bbox 1818 1316 1918 1369; x_wconf 89' lang='grc' dir='ltr'>ἀπὸ</span> 
     </span>
    </p>
   </div>
   <div class='ocr_carea' id='block_1_14' title="bbox 320 1406 1919 1491">
    <p class='ocr_par' dir='ltr' id='par_1_14' title="bbox 320 1406 1919 1491">
     <span class='ocr_line' id='line_1_16' title="bbox 320 1406 1919 1491; baseline -0.009 -18"><span class='ocrx_word' id='word_1_140' title='bbox 320 1422 494 1486; x_wconf 85' lang='grc' dir='ltr'>πάσης</span> <span class='ocrx_word' id='word_1_141' title='bbox 523 1418 786 1491; x_wconf 86' lang='grc' dir='ltr'>μελανίας,</span> <span class='ocrx_word' id='word_1_142' title='bbox 817 1418 905 1467; x_wconf 84' lang='grc' dir='ltr'>καὶ</span> <span class='ocrx_word' id='word_1_143' title='bbox 956 1417 1156 1485; x_wconf 71' lang='grc' dir='ltr'>φωτίσῃ</span> <span class='ocrx_word' id='word_1_144' title='bbox 1189 1411 1344 1463; x_wconf 77' lang='grc' dir='ltr'>αὐτὸν</span> <span class='ocrx_word' id='word_1_145' title='bbox 1396 1419 1468 1462; x_wconf 90' lang='grc' dir='ltr'>τῶ</span> <span class='ocrx_word' id='word_1_146' title='bbox 1498 1406 1551 1462; x_wconf 85' lang='grc' dir='ltr'>ἰδ</span> <span class='ocrx_word' id='word_1_147' title='bbox 1557 1414 1617 1480; x_wconf 87' lang='grc' dir='ltr'>ίῳ</span> <span class='ocrx_word' id='word_1_148' title='bbox 1649 1412 1798 1480; x_wconf 77' lang='grc' dir='ltr'>φωτὶ,</span> <span class='ocrx_word' id='word_1_149' title='bbox 1830 1410 1919 1458; x_wconf 88' lang='lat' dir='ltr'>xui</span> 
     </span>
    </p>
   </div>
   <div class='ocr_carea' id='block_1_15' title="bbox 324 1497 1919 1581">
    <p class='ocr_par' dir='ltr' id='par_1_15' title="bbox 324 1497 1919 1581">
     <span class='ocr_line' id='line_1_17' title="bbox 324 1497 1919 1581; baseline -0.009 -20"><span class='ocrx_word' id='word_1_150' title='bbox 324 1508 564 1581; x_wconf 75' lang='grc' dir='ltr'>ἀμφιάσῃ</span> <span class='ocrx_word' id='word_1_151' title='bbox 599 1506 753 1558; x_wconf 77' lang='grc' dir='ltr'>αὐτόν</span> <span class='ocrx_word' id='word_1_152' title='bbox 778 1507 843 1557; x_wconf 82' lang='grc' dir='ltr'>τὰ</span> <span class='ocrx_word' id='word_1_153' title='bbox 882 1502 1070 1556; x_wconf 73' lang='grc' dir='ltr'>ἑαυτοῦ</span> <span class='ocrx_word' id='word_1_154' title='bbox 1109 1504 1159 1553; x_wconf 79' lang='grc' dir='ltr'>ἓν</span> <span class='ocrx_word' id='word_1_155' title='bbox 1191 1497 1406 1572; x_wconf 84' lang='grc' dir='ltr'>δύματα</span> <span class='ocrx_word' id='word_1_156' title='bbox 1443 1506 1536 1560; x_wconf 82' lang='grc' dir='ltr'>τῆς</span> <span class='ocrx_word' id='word_1_157' title='bbox 1586 1500 1823 1557; x_wconf 78' lang='grc' dir='ltr'>θεότητος</span> <span class='ocrx_word' id='word_1_158' title='bbox 1854 1497 1919 1547; x_wconf 87' lang='grc' dir='ltr'>τά</span> 
     </span>
    </p>
   </div>
   <div class='ocr_carea' id='block_1_16' title="bbox 322 1584 1917 1671">
    <p class='ocr_par' dir='ltr' id='par_1_16' title="bbox 322 1584 1917 1671">
     <span class='ocr_line' id='line_1_18' title="bbox 322 1584 1917 1671; baseline -0.009 -22"><span class='ocrx_word' id='word_1_159' title='bbox 322 1597 557 1671; x_wconf 84' lang='grc' dir='ltr'>οὐρανια.</span> <span class='ocrx_word' id='word_1_160' title='bbox 618 1593 699 1647; x_wconf 86' lang='grc' dir='ltr'>Ἐν</span> <span class='ocrx_word' id='word_1_161' title='bbox 757 1589 817 1645; x_wconf 63' lang='grc' dir='ltr'>δὲ</span> <span class='ocrx_word' id='word_1_162' title='bbox 872 1599 934 1663; x_wconf 78' lang='grc' dir='ltr'>τῇ</span> <span class='ocrx_word' id='word_1_163' title='bbox 997 1589 1281 1641; x_wconf 79' lang='grc' dir='ltr'>ἀναστάσει</span> <span class='ocrx_word' id='word_1_164' title='bbox 1359 1596 1458 1640; x_wconf 90' lang='grc' dir='ltr'>τῶν</span> <span class='ocrx_word' id='word_1_165' title='bbox 1517 1587 1791 1657; x_wconf 87' lang='grc' dir='ltr'>σωμάτων,</span> <span class='ocrx_word' id='word_1_166' title='bbox 1850 1584 1917 1634; x_wconf 85' lang='grc' dir='ltr'>ὧν</span> 
     </span>
    </p>
   </div>
   <div class='ocr_carea' id='block_1_17' title="bbox 322 1676 1917 1759">
    <p class='ocr_par' dir='ltr' id='par_1_17' title="bbox 322 1676 1917 1759">
     <span class='ocr_line' id='line_1_19' title="bbox 322 1676 1917 1759; baseline -0.009 -21"><span class='ocrx_word' id='word_1_167' title='bbox 322 1687 719 1759; x_wconf 85' lang='grc' dir='ltr'>προανέστησαν</span> <span class='ocrx_word' id='word_1_168' title='bbox 750 1685 838 1733; x_wconf 81' lang='grc' dir='ltr'>καὶ</span> <span class='ocrx_word' id='word_1_169' title='bbox 862 1676 1331 1753; x_wconf 83' lang='grc' dir='ltr'>προιδοξάσθησαν</span> <span class='ocrx_word' id='word_1_170' title='bbox 1362 1679 1418 1728; x_wconf 91' lang='lat' dir='ltr'><strong><em>ui</em></strong></span> <span class='ocrx_word' id='word_1_171' title='bbox 1445 1676 1646 1747; x_wconf 75' lang='grc' dir='ltr'>ψυχαὶ,</span> <span class='ocrx_word' id='word_1_172' title='bbox 1688 1678 1799 1726; x_wconf 87' lang='grc' dir='ltr'>τότε</span> <span class='ocrx_word' id='word_1_173' title='bbox 1826 1677 1917 1724; x_wconf 88' lang='grc' dir='ltr'>καὶ</span> 
     </span>
    </p>
   </div>
   <div class='ocr_carea' id='block_1_18' title="bbox 321 1761 1915 1845">
    <p class='ocr_par' dir='ltr' id='par_1_18' title="bbox 321 1761 1915 1845">
     <span class='ocr_line' id='line_1_20' title="bbox 321 1761 1915 1845; baseline -0.008 -20"><span class='ocrx_word' id='word_1_174' title='bbox 321 1776 387 1825; x_wconf 88' lang='grc' dir='ltr'>τά</span> <span class='ocrx_word' id='word_1_175' title='bbox 439 1778 658 1845; x_wconf 87' lang='grc' dir='ltr'>σώματα</span> <span class='ocrx_word' id='word_1_176' title='bbox 713 1766 1145 1832; x_wconf 76' lang='grc' dir='ltr'>συνδοξάζονται,</span> <span class='ocrx_word' id='word_1_177' title='bbox 1197 1770 1287 1818; x_wconf 82' lang='grc' dir='ltr'>καὶ</span> <span class='ocrx_word' id='word_1_178' title='bbox 1346 1764 1661 1837; x_wconf 76' lang='grc' dir='ltr'>φωτίζονται</span> <span class='ocrx_word' id='word_1_179' title='bbox 1698 1770 1760 1835; x_wconf 77' lang='grc' dir='ltr'>τῇ</span> <span class='ocrx_word' id='word_1_180' title='bbox 1814 1761 1915 1813; x_wconf 88' lang='grc' dir='ltr'>ἀπὸ</span> 
     </span>
    </p>
   </div>
   <div class='ocr_carea' id='block_1_19' title="bbox 322 1847 1995 1932">
    <p class='ocr_par' dir='ltr' id='par_1_19' title="bbox 322 1847 1995 1932">
     <span class='ocr_line' id='line_1_21' title="bbox 322 1847 1995 1932; baseline -0.008 -18"><span class='ocrx_word' id='word_1_181' title='bbox 322 1869 413 1915; x_wconf 84' lang='grc' dir='ltr'>τοῦ</span> <span class='ocrx_word' id='word_1_182' title='bbox 444 1869 530 1913; x_wconf 80' lang='grc' dir='ltr'>νῦν</span> <span class='ocrx_word' id='word_1_183' title='bbox 582 1862 942 1932; x_wconf 75' lang='grc' dir='ltr'>πεφωτισμένη</span> <span class='ocrx_word' id='word_1_184' title='bbox 1003 1860 1090 1908; x_wconf 85' lang='grc' dir='ltr'>καὶ</span> <span class='ocrx_word' id='word_1_185' title='bbox 1144 1852 1504 1927; x_wconf 75' lang='grc' dir='ltr'>δεδοξασμένῃ</span> <span class='ocrx_word' id='word_1_186' title='bbox 1567 1852 1721 1925; x_wconf 76' lang='grc' dir='ltr'>ψυχῇ</span> <span class='ocrx_word' id='word_1_187' title='bbox 1753 1867 1766 1880; x_wconf 91' lang='grc'><strong>·</strong></span> <span class='ocrx_word' id='word_1_188' title='bbox 1802 1853 1917 1903; x_wconf 83' lang='grc' dir='ltr'>ἔστι</span> <span class='ocrx_word' id='word_1_189' title='bbox 1954 1847 1995 1901; x_wconf 89' lang='grc' dir='ltr'><strong>Β</strong></span> 
     </span>
    </p>
   </div>
   <div class='ocr_carea' id='block_1_20' title="bbox 318 1943 1915 2022">
    <p class='ocr_par' dir='ltr' id='par_1_20' title="bbox 318 1943 1915 2022">
     <span class='ocr_line' id='line_1_22' title="bbox 318 1943 1915 2022; baseline -0.006 -20"><span class='ocrx_word' id='word_1_190' title='bbox 318 1954 420 2022; x_wconf 80' lang='grc' dir='ltr'>γὰρ</span> <span class='ocrx_word' id='word_1_191' title='bbox 475 1950 644 2001; x_wconf 78' lang='grc' dir='ltr'>αὐτῶν</span> <span class='ocrx_word' id='word_1_192' title='bbox 694 1945 833 2009; x_wconf 83' lang='grc' dir='ltr'>οἶκος</span> <span class='ocrx_word' id='word_1_193' title='bbox 880 1951 970 1998; x_wconf 85' lang='grc' dir='ltr'>καὶ</span> <span class='ocrx_word' id='word_1_194' title='bbox 1010 1949 1173 2003; x_wconf 86' lang='grc' dir='ltr'>σκηνή</span> <span class='ocrx_word' id='word_1_195' title='bbox 1212 1949 1301 1995; x_wconf 85' lang='grc' dir='ltr'>καὶ</span> <span class='ocrx_word' id='word_1_196' title='bbox 1356 1943 1506 2003; x_wconf 83' lang='grc' dir='ltr'>πόλις</span> <span class='ocrx_word' id='word_1_197' title='bbox 1536 1944 1562 1994; x_wconf 90' lang='grc' dir='ltr'>ό</span> <span class='ocrx_word' id='word_1_198' title='bbox 1595 1945 1805 2015; x_wconf 78' lang='grc' dir='ltr'>Κύριος.</span> <span class='ocrx_word' id='word_1_199' title='bbox 1845 1944 1915 1992; x_wconf 85' lang='grc' dir='ltr'>Τό</span> 
     </span>
    </p>
   </div>
   <div class='ocr_carea' id='block_1_21' title="bbox 319 2030 1915 2112">
    <p class='ocr_par' dir='ltr' id='par_1_21' title="bbox 319 2030 1915 2112">
     <span class='ocr_line' id='line_1_23' title="bbox 319 2030 1915 2112; baseline -0.008 -19"><span class='ocrx_word' id='word_1_200' title='bbox 319 2043 621 2112; x_wconf 74' lang='grc' dir='ltr'>οἰκητήριον</span> <span class='ocrx_word' id='word_1_201' title='bbox 713 2033 773 2089; x_wconf 66' lang='grc' dir='ltr'><strong>δί</strong></span> <span class='ocrx_word' id='word_1_202' title='bbox 836 2038 895 2087; x_wconf 90' lang='grc' dir='ltr'>τό</span> <span class='ocrx_word' id='word_1_203' title='bbox 971 2034 1023 2097; x_wconf 80' lang='grc' dir='ltr'>εξ</span> <span class='ocrx_word' id='word_1_204' title='bbox 1086 2033 1323 2105; x_wconf 68' lang='grc' dir='ltr'>ῖούρανοῦ</span> <span class='ocrx_word' id='word_1_205' title='bbox 1404 2036 1461 2084; x_wconf 85' lang='grc' dir='ltr'>τὸ</span> <span class='ocrx_word' id='word_1_206' title='bbox 1512 2030 1915 2103; x_wconf 75' lang='grc' dir='ltr'>ἀχειροποίητον</span> 
     </span>
    </p>
   </div>
   <div class='ocr_carea' id='block_1_22' title="bbox 318 2121 1915 2204">
    <p class='ocr_par' dir='ltr' id='par_1_22' title="bbox 318 2121 1915 2204">
     <span class='ocr_line' id='line_1_24' title="bbox 318 2121 1915 2204; baseline -0.008 -22"><span class='ocrx_word' id='word_1_207' title='bbox 318 2126 714 2204; x_wconf 78' lang='grc' dir='ltr'>περιϐέϐληνται</span> <span class='ocrx_word' id='word_1_208' title='bbox 768 2121 926 2188; x_wconf 85' lang='grc' dir='ltr'>δόξαν</span> <span class='ocrx_word' id='word_1_209' title='bbox 966 2126 1133 2195; x_wconf 71' lang='grc' dir='ltr'>φωτὸς</span> <span class='ocrx_word' id='word_1_210' title='bbox 1187 2124 1378 2187; x_wconf 84' lang='grc' dir='ltr'>θεῐκοῦ,</span> <span class='ocrx_word' id='word_1_211' title='bbox 1433 2124 1504 2182; x_wconf 84' lang='grc' dir='ltr'>ὡς</span> <span class='ocrx_word' id='word_1_212' title='bbox 1545 2125 1697 2173; x_wconf 85' lang='grc' dir='ltr'>τέκνα</span> <span class='ocrx_word' id='word_1_213' title='bbox 1749 2122 1915 2191; x_wconf 83' lang='grc' dir='ltr'>φωτὸς</span> 
     </span>
    </p>
   </div>
   <div class='ocr_carea' id='block_1_23' title="bbox 319 2209 1910 2291">
    <p class='ocr_par' dir='ltr' id='par_1_23' title="bbox 319 2209 1910 2291">
     <span class='ocr_line' id='line_1_25' title="bbox 319 2209 1910 2291; baseline -0.008 -20"><span class='ocrx_word' id='word_1_214' title='bbox 319 2223 599 2291; x_wconf 82' lang='grc' dir='ltr'>γενόμενοι,</span> <span class='ocrx_word' id='word_1_215' title='bbox 629 2215 688 2268; x_wconf 80' lang='grc' dir='ltr'>οὐ</span> <span class='ocrx_word' id='word_1_216' title='bbox 718 2213 1066 2288; x_wconf 77' lang='grc' dir='ltr'>προσέξουσιν</span> <span class='ocrx_word' id='word_1_217' title='bbox 1098 2210 1337 2272; x_wconf 85' lang='grc' dir='ltr'>ἀλλήλοις</span> <span class='ocrx_word' id='word_1_218' title='bbox 1384 2209 1630 2282; x_wconf 79' lang='grc' dir='ltr'>ὀφθαλμώ</span> <span class='ocrx_word' id='word_1_219' title='bbox 1655 2216 1863 2281; x_wconf 84' lang='grc' dir='ltr'>πονηρῷ</span> <span class='ocrx_word' id='word_1_220' title='bbox 1898 2230 1910 2242; x_wconf 89' lang='grc'><strong>·</strong></span> 
     </span>
    </p>
   </div>
   <div class='ocr_carea' id='block_1_24' title="bbox 318 2296 1911 2380">
    <p class='ocr_par' dir='ltr' id='par_1_24' title="bbox 318 2296 1911 2380">
     <span class='ocr_line' id='line_1_26' title="bbox 318 2296 1911 2380; baseline -0.008 -20"><span class='ocrx_word' id='word_1_221' title='bbox 318 2311 544 2380; x_wconf 88' lang='grc' dir='ltr'>πονηρία</span> <span class='ocrx_word' id='word_1_222' title='bbox 580 2307 684 2376; x_wconf 82' lang='grc' dir='ltr'>γὰρ</span> <span class='ocrx_word' id='word_1_223' title='bbox 734 2303 949 2375; x_wconf 77' lang='grc' dir='ltr'>ἐξήρθη.</span> <span class='ocrx_word' id='word_1_224' title='bbox 986 2300 1098 2353; x_wconf 71' lang='grc' dir='ltr'>Οὐκ</span> <span class='ocrx_word' id='word_1_225' title='bbox 1150 2303 1291 2352; x_wconf 83' lang='grc' dir='ltr'>ἔστιν</span> <span class='ocrx_word' id='word_1_226' title='bbox 1315 2302 1423 2351; x_wconf 73' lang='grc' dir='ltr'>εκεῖ</span> <span class='ocrx_word' id='word_1_227' title='bbox 1451 2300 1606 2373; x_wconf 81' lang='grc' dir='ltr'>ἄρσεν</span> <span class='ocrx_word' id='word_1_228' title='bbox 1638 2303 1728 2349; x_wconf 84' lang='grc' dir='ltr'>καὶ</span> <span class='ocrx_word' id='word_1_229' title='bbox 1761 2296 1911 2362; x_wconf 83' lang='grc' dir='ltr'>θῆλυ,</span> 
     </span>
    </p>
   </div>
   <div class='ocr_carea' id='block_1_25' title="bbox 322 2387 1915 2464">
    <p class='ocr_par' dir='ltr' id='par_1_25' title="bbox 322 2387 1915 2464">
     <span class='ocr_line' id='line_1_27' title="bbox 322 2387 1915 2464; baseline -0.006 -15"><span class='ocrx_word' id='word_1_230' title='bbox 322 2393 509 2457; x_wconf 74' lang='grc' dir='ltr'>δοῦλος</span> <span class='ocrx_word' id='word_1_231' title='bbox 561 2399 648 2447; x_wconf 86' lang='grc' dir='ltr'>καὶ</span> <span class='ocrx_word' id='word_1_232' title='bbox 683 2392 943 2464; x_wconf 71' lang='grc' dir='ltr'>ἐλεύθερος</span> <span class='ocrx_word' id='word_1_233' title='bbox 975 2411 988 2424; x_wconf 88' lang='grc'><strong>·</strong></span> <span class='ocrx_word' id='word_1_234' title='bbox 1023 2390 1091 2452; x_wconf 83' lang='grc' dir='ltr'>εἰς</span> <span class='ocrx_word' id='word_1_235' title='bbox 1124 2392 1297 2448; x_wconf 75' lang='grc' dir='ltr'>θεῑκὸν</span> <span class='ocrx_word' id='word_1_236' title='bbox 1354 2392 1454 2464; x_wconf 80' lang='grc' dir='ltr'>γὰρ</span> <span class='ocrx_word' id='word_1_237' title='bbox 1509 2391 1665 2461; x_wconf 76' lang='grc' dir='ltr'>φύσιν</span> <span class='ocrx_word' id='word_1_238' title='bbox 1695 2387 1915 2447; x_wconf 78' lang='grc' dir='ltr'>ἅπαντες</span> 
     </span>
    </p>
   </div>
   <div class='ocr_carea' id='block_1_26' title="bbox 317 2481 1914 2560">
    <p class='ocr_par' dir='ltr' id='par_1_26' title="bbox 317 2481 1914 2560">
     <span class='ocr_line' id='line_1_28' title="bbox 317 2481 1914 2560; baseline -0.008 -20"><span class='ocrx_word' id='word_1_239' title='bbox 317 2484 743 2560; x_wconf 82' lang='grc' dir='ltr'>μεταϐάλλονται,</span> <span class='ocrx_word' id='word_1_240' title='bbox 786 2487 1040 2556; x_wconf 86' lang='grc' dir='ltr'>χρηστοὶ,</span> <span class='ocrx_word' id='word_1_241' title='bbox 1096 2484 1186 2532; x_wconf 83' lang='grc' dir='ltr'>καὶ</span> <span class='ocrx_word' id='word_1_242' title='bbox 1247 2481 1374 2548; x_wconf 84' lang='grc' dir='ltr'>θεοὶ,</span> <span class='ocrx_word' id='word_1_243' title='bbox 1428 2483 1515 2530; x_wconf 81' lang='grc' dir='ltr'>καὶ</span> <span class='ocrx_word' id='word_1_244' title='bbox 1573 2482 1725 2531; x_wconf 84' lang='grc' dir='ltr'>τέκνα</span> <span class='ocrx_word' id='word_1_245' title='bbox 1781 2483 1914 2530; x_wconf 84' lang='grc' dir='ltr'>Θεοῦ</span> 
     </span>
    </p>
   </div>
   <div class='ocr_carea' id='block_1_27' title="bbox 316 2565 1916 2648">
    <p class='ocr_par' dir='ltr' id='par_1_27' title="bbox 316 2565 1916 2648">
     <span class='ocr_line' id='line_1_29' title="bbox 316 2565 1916 2648; baseline -0.007 -20"><span class='ocrx_word' id='word_1_246' title='bbox 316 2580 606 2648; x_wconf 88' lang='grc' dir='ltr'>γενόμενοι.</span> <span class='ocrx_word' id='word_1_247' title='bbox 712 2572 851 2624; x_wconf 86' lang='grc' dir='ltr'>Ἐκεῖ</span> <span class='ocrx_word' id='word_1_248' title='bbox 953 2568 1391 2640; x_wconf 84' lang='grc' dir='ltr'>ἀνεπαισχύντως</span> <span class='ocrx_word' id='word_1_249' title='bbox 1488 2572 1604 2620; x_wconf 82' lang='grc' dir='ltr'>τότε</span> <span class='ocrx_word' id='word_1_250' title='bbox 1702 2565 1916 2624; x_wconf 76' lang='grc' dir='ltr'>λαλήσει</span> 
     </span>
    </p>
   </div>
   <div class='ocr_carea' id='block_1_28' title="bbox 318 2656 1916 2739">
    <p class='ocr_par' dir='ltr' id='par_1_28' title="bbox 318 2656 1916 2739">
     <span class='ocr_line' id='line_1_30' title="bbox 318 2656 1916 2739; baseline -0.007 -22"><span class='ocrx_word' id='word_1_251' title='bbox 318 2665 523 2739; x_wconf 77' lang='grc' dir='ltr'>εἰρήνην</span> <span class='ocrx_word' id='word_1_252' title='bbox 550 2659 767 2735; x_wconf 79' lang='grc' dir='ltr'>ἀδελφός</span> <span class='ocrx_word' id='word_1_253' title='bbox 788 2656 982 2732; x_wconf 76' lang='grc' dir='ltr'>ἀδελφῇ</span> <span class='ocrx_word' id='word_1_254' title='bbox 1011 2680 1024 2692; x_wconf 85' lang='grc'><strong>·</strong></span> <span class='ocrx_word' id='word_1_255' title='bbox 1053 2660 1103 2711; x_wconf 77' lang='grc' dir='ltr'>ἓν</span> <span class='ocrx_word' id='word_1_256' title='bbox 1123 2660 1222 2730; x_wconf 92' lang='grc' dir='ltr'>γάρ</span> <span class='ocrx_word' id='word_1_257' title='bbox 1245 2658 1373 2709; x_wconf 79' lang='grc' dir='ltr'>εἰσιν</span> <span class='ocrx_word' id='word_1_258' title='bbox 1396 2659 1443 2710; x_wconf 73' lang='grc' dir='ltr'>ἓν</span> <span class='ocrx_word' id='word_1_259' title='bbox 1465 2664 1680 2728; x_wconf 85' lang='grc' dir='ltr'>Χριστῶ</span> <span class='ocrx_word' id='word_1_260' title='bbox 1706 2657 1916 2724; x_wconf 87' lang='grc' dir='ltr'>πάντες,</span> 
     </span>
    </p>
   </div>
   <div class='ocr_carea' id='block_1_29' title="bbox 313 2744 1914 2820">
    <p class='ocr_par' dir='ltr' id='par_1_29' title="bbox 313 2744 1914 2820">
     <span class='ocr_line' id='line_1_31' title="bbox 313 2744 1914 2820; baseline -0.006 -14"><span class='ocrx_word' id='word_1_261' title='bbox 313 2758 404 2806; x_wconf 82' lang='grc' dir='ltr'>καὶ</span> <span class='ocrx_word' id='word_1_262' title='bbox 468 2753 657 2812; x_wconf 89' lang='grc' dir='ltr'>πάντες</span> <span class='ocrx_word' id='word_1_263' title='bbox 731 2752 779 2802; x_wconf 69' lang='grc' dir='ltr'>ἂν</span> <span class='ocrx_word' id='word_1_264' title='bbox 855 2748 925 2801; x_wconf 74' lang='lat' dir='ltr'>ivi</span> <span class='ocrx_word' id='word_1_265' title='bbox 993 2752 1122 2820; x_wconf 79' lang='grc' dir='ltr'>φωτὶ</span> <span class='ocrx_word' id='word_1_266' title='bbox 1198 2747 1597 2819; x_wconf 83' lang='grc' dir='ltr'>ἀναπαυόμενοι.</span> <span class='ocrx_word' id='word_1_267' title='bbox 1669 2744 1914 2818; x_wconf 83' lang='grc' dir='ltr'>Προσέξει</span> 
     </span>
    </p>
   </div>
   <div class='ocr_carea' id='block_1_30' title="bbox 313 2833 1913 2916">
    <p class='ocr_par' dir='ltr' id='par_1_30' title="bbox 313 2833 1913 2916">
     <span class='ocr_line' id='line_1_32' title="bbox 313 2833 1913 2916; baseline -0.007 -20"><span class='ocrx_word' id='word_1_268' title='bbox 313 2844 485 2916; x_wconf 80' lang='grc' dir='ltr'>ἔτερος</span> <span class='ocrx_word' id='word_1_269' title='bbox 512 2850 584 2894; x_wconf 86' lang='grc' dir='ltr'>τῶ</span> <span class='ocrx_word' id='word_1_270' title='bbox 612 2840 791 2912; x_wconf 72' lang='grc' dir='ltr'>ὶτέμῳ,</span> <span class='ocrx_word' id='word_1_271' title='bbox 822 2841 913 2890; x_wconf 83' lang='grc' dir='ltr'>καὶ</span> <span class='ocrx_word' id='word_1_272' title='bbox 969 2839 1017 2889; x_wconf 71' lang='grc' dir='ltr'>ἓν</span> <span class='ocrx_word' id='word_1_273' title='bbox 1069 2844 1141 2889; x_wconf 90' lang='grc' dir='ltr'>τῶ</span> <span class='ocrx_word' id='word_1_274' title='bbox 1170 2835 1472 2909; x_wconf 68' lang='grc' dir='ltr'>προσέφην,</span> <span class='ocrx_word' id='word_1_275' title='bbox 1535 2834 1714 2895; x_wconf 73' lang='grc' dir='ltr'>εὐθέως</span> <span class='ocrx_word' id='word_1_276' title='bbox 1761 2833 1913 2886; x_wconf 90' lang='grc' dir='ltr'>πάλιν</span> 
     </span>
    </p>
   </div>
   <div class='ocr_carea' id='block_1_31' title="bbox 314 2924 1913 3000">
    <p class='ocr_par' dir='ltr' id='par_1_31' title="bbox 314 2924 1913 3000">
     <span class='ocr_line' id='line_1_33' title="bbox 314 2924 1913 3000; baseline -0.006 -15"><span class='ocrx_word' id='word_1_277' title='bbox 314 2932 384 2996; x_wconf 82' lang='grc' dir='ltr'>εἰς</span> <span class='ocrx_word' id='word_1_278' title='bbox 437 2930 678 2990; x_wconf 86' lang='grc' dir='ltr'>ἀλήθειαν</span> <span class='ocrx_word' id='word_1_279' title='bbox 729 2925 1105 3000; x_wconf 75' lang='grc' dir='ltr'>ἐκλάμψουσιν,</span> <span class='ocrx_word' id='word_1_280' title='bbox 1150 2925 1222 2988; x_wconf 87' lang='grc' dir='ltr'>εἰς</span> <span class='ocrx_word' id='word_1_281' title='bbox 1278 2924 1525 2985; x_wconf 81' lang='grc' dir='ltr'>ἀληθινὴν</span> <span class='ocrx_word' id='word_1_282' title='bbox 1577 2926 1692 2976; x_wconf 81' lang='grc' dir='ltr'>θέαν</span> <span class='ocrx_word' id='word_1_283' title='bbox 1748 2926 1913 2996; x_wconf 79' lang='grc' dir='ltr'>φωτός</span> 
     </span>
    </p>
   </div>
   <div class='ocr_carea' id='block_1_32' title="bbox 313 3021 563 3097">
    <p class='ocr_par' dir='ltr' id='par_1_32' title="bbox 313 3021 563 3097">
     <span class='ocr_line' id='line_1_34' title="bbox 313 3021 563 3097; baseline -0.008 -23"><span class='ocrx_word' id='word_1_284' title='bbox 313 3021 563 3097; x_wconf 77' lang='grc' dir='ltr'>ἀρρήτου.</span> 
     </span>
    </p>
   </div>
   <div class='ocr_carea' id='block_1_33' title="bbox 388 3139 1913 3213">
    <p class='ocr_par' dir='ltr' id='par_1_33' title="bbox 388 3139 1913 3213">
     <span class='ocr_line' id='line_1_35' title="bbox 388 3139 1913 3213; baseline -0.007 -13"><span class='ocrx_word' id='word_1_285' title='bbox 388 3146 460 3200; x_wconf 82' lang='grc' dir='ltr'>Γ’.</span> <span class='ocrx_word' id='word_1_286' title='bbox 495 3146 675 3205; x_wconf 79' lang='grc' dir='ltr'>Οὕτως</span> <span class='ocrx_word' id='word_1_287' title='bbox 712 3142 914 3202; x_wconf 87' lang='grc' dir='ltr'>πολλοῖς</span> <span class='ocrx_word' id='word_1_288' title='bbox 960 3146 1233 3213; x_wconf 79' lang='grc' dir='ltr'>σχήμασι,</span> <span class='ocrx_word' id='word_1_289' title='bbox 1274 3144 1365 3193; x_wconf 82' lang='grc' dir='ltr'>καὶ</span> <span class='ocrx_word' id='word_1_290' title='bbox 1395 3139 1607 3201; x_wconf 87' lang='grc' dir='ltr'>πολλαῖς</span> <span class='ocrx_word' id='word_1_291' title='bbox 1656 3144 1743 3191; x_wconf 79' lang='grc' dir='ltr'>καὶ</span> <span class='ocrx_word' id='word_1_292' title='bbox 1790 3158 1913 3190; x_wconf 90' lang='grc' dir='ltr'>ποι-</span> 
     </span>
    </p>
   </div>
   <div class='ocr_carea' id='block_1_34' title="bbox 317 3228 1914 3302">
    <p class='ocr_par' dir='ltr' id='par_1_34' title="bbox 317 3228 1914 3302">
     <span class='ocr_line' id='line_1_36' title="bbox 317 3228 1914 3302; baseline -0.006 -14"><span class='ocrx_word' id='word_1_293' title='bbox 317 3240 487 3297; x_wconf 87' lang='grc' dir='ltr'>κίλαις</span> <span class='ocrx_word' id='word_1_294' title='bbox 539 3231 722 3296; x_wconf 83' lang='grc' dir='ltr'>δόξαις</span> <span class='ocrx_word' id='word_1_295' title='bbox 779 3235 975 3292; x_wconf 88' lang='grc' dir='ltr'>θεῑκαίς</span> <span class='ocrx_word' id='word_1_296' title='bbox 1024 3230 1259 3289; x_wconf 85' lang='grc' dir='ltr'>άλλήλοις</span> <span class='ocrx_word' id='word_1_297' title='bbox 1298 3232 1531 3302; x_wconf 79' lang='grc' dir='ltr'>ἐνορῶσι,</span> <span class='ocrx_word' id='word_1_298' title='bbox 1575 3233 1663 3280; x_wconf 79' lang='grc' dir='ltr'>καὶ</span> <span class='ocrx_word' id='word_1_299' title='bbox 1700 3228 1914 3287; x_wconf 81' lang='grc' dir='ltr'>ἕκαστος</span> 
     </span>
    </p>
   </div>
   <div class='ocr_carea' id='block_1_35' title="bbox 316 3316 1911 3389">
    <p class='ocr_par' dir='ltr' id='par_1_35' title="bbox 316 3316 1911 3389">
     <span class='ocr_line' id='line_1_37' title="bbox 316 3316 1911 3389; baseline -0.006 -13"><span class='ocrx_word' id='word_1_300' title='bbox 316 3322 664 3382; x_wconf 71' lang='grc' dir='ltr'>ἐκπλήσσεται</span> <span class='ocrx_word' id='word_1_301' title='bbox 737 3324 827 3372; x_wconf 82' lang='grc' dir='ltr'>καὶ</span> <span class='ocrx_word' id='word_1_302' title='bbox 893 3318 1115 3389; x_wconf 82' lang='grc' dir='ltr'>ἀγαλλιᾷ</span> <span class='ocrx_word' id='word_1_303' title='bbox 1188 3317 1495 3388; x_wconf 70' lang='grc' dir='ltr'>ἀγαλλιάσει</span> <span class='ocrx_word' id='word_1_304' title='bbox 1568 3316 1911 3386; x_wconf 78' lang='grc' dir='ltr'>ἀνεκλαλήτῳ,</span> 
     </span>
    </p>
   </div>
   <div class='ocr_carea' id='block_1_36' title="bbox 315 3402 1915 3484">
    <p class='ocr_par' dir='ltr' id='par_1_36' title="bbox 315 3402 1915 3484">
     <span class='ocr_line' id='line_1_38' title="bbox 315 3402 1915 3484; baseline -0.004 -20"><span class='ocrx_word' id='word_1_305' title='bbox 315 3414 594 3484; x_wconf 76' lang='grc' dir='ltr'>προσέχων</span> <span class='ocrx_word' id='word_1_306' title='bbox 632 3417 695 3481; x_wconf 77' lang='grc' dir='ltr'>τῇ</span> <span class='ocrx_word' id='word_1_307' title='bbox 752 3414 845 3461; x_wconf 86' lang='grc' dir='ltr'>τοῦ</span> <span class='ocrx_word' id='word_1_308' title='bbox 894 3406 1063 3481; x_wconf 82' lang='grc' dir='ltr'>ἐτέρου</span> <span class='ocrx_word' id='word_1_309' title='bbox 1120 3402 1273 3479; x_wconf 67' lang='grc' dir='ltr'>δόξῃ.</span> <span class='ocrx_word' id='word_1_310' title='bbox 1333 3404 1486 3477; x_wconf 81' lang='grc' dir='ltr'>Ὁρᾷς</span> <span class='ocrx_word' id='word_1_311' title='bbox 1549 3413 1659 3467; x_wconf 88' lang='grc' dir='ltr'>πῶς</span> <span class='ocrx_word' id='word_1_312' title='bbox 1715 3407 1769 3458; x_wconf 84' lang='grc' dir='ltr'>αἱ</span> <span class='ocrx_word' id='word_1_313' title='bbox 1823 3413 1915 3457; x_wconf 76' lang='grc' dir='ltr'>τοῦ</span> 
     </span>
    </p>
   </div>
   <div class='ocr_carea' id='block_1_37' title="bbox 317 3493 1919 3571">
    <p class='ocr_par' dir='ltr' id='par_1_37' title="bbox 317 3493 1919 3571">
     <span class='ocr_line' id='line_1_39' title="bbox 317 3493 1919 3571; baseline -0.004 -17"><span class='ocrx_word' id='word_1_314' title='bbox 317 3507 456 3555; x_wconf 83' lang='grc' dir='ltr'>Θεοῦ</span> <span class='ocrx_word' id='word_1_315' title='bbox 505 3495 657 3562; x_wconf 80' lang='grc' dir='ltr'>δόξαι</span> <span class='ocrx_word' id='word_1_316' title='bbox 703 3498 966 3571; x_wconf 74' lang='grc' dir='ltr'>ἄφραστοί</span> <span class='ocrx_word' id='word_1_317' title='bbox 1006 3495 1109 3549; x_wconf 84' lang='grc' dir='ltr'>εἰσι</span> <span class='ocrx_word' id='word_1_318' title='bbox 1156 3500 1247 3547; x_wconf 81' lang='grc' dir='ltr'>καὶ</span> <span class='ocrx_word' id='word_1_319' title='bbox 1306 3493 1684 3561; x_wconf 87' lang='grc' dir='ltr'>ἀκατάληπτοι,</span> <span class='ocrx_word' id='word_1_320' title='bbox 1753 3498 1919 3568; x_wconf 76' lang='grc' dir='ltr'>φωτὸς</span> 
     </span>
    </p>
   </div>
   <div class='ocr_carea' id='block_1_38' title="bbox 318 3582 1917 3665">
    <p class='ocr_par' dir='ltr' id='par_1_38' title="bbox 318 3582 1917 3665">
     <span class='ocr_line' id='line_1_40' title="bbox 318 3582 1917 3665; baseline -0.003 -23"><span class='ocrx_word' id='word_1_321' title='bbox 318 3589 546 3665; x_wconf 82' lang='grc' dir='ltr'>ἀρῥήτου</span> <span class='ocrx_word' id='word_1_322' title='bbox 589 3592 679 3640; x_wconf 84' lang='grc' dir='ltr'>καὶ</span> <span class='ocrx_word' id='word_1_323' title='bbox 730 3582 913 3639; x_wconf 82' lang='grc' dir='ltr'>ἀίδίων</span> <span class='ocrx_word' id='word_1_324' title='bbox 986 3589 1313 3658; x_wconf 85' lang='grc' dir='ltr'>μυστηρίων,</span> <span class='ocrx_word' id='word_1_325' title='bbox 1392 3589 1481 3636; x_wconf 88' lang='lat' dir='ltr'>xui</span> <span class='ocrx_word' id='word_1_326' title='bbox 1552 3582 1917 3658; x_wconf 86' lang='grc' dir='ltr'>ἀναριθμήτων</span> 
     </span>
    </p>
   </div>
   <div class='ocr_carea' id='block_1_39' title="bbox 317 3673 1919 3750">
    <p class='ocr_par' dir='ltr' id='par_1_39' title="bbox 317 3673 1919 3750">
     <span class='ocr_line' id='line_1_41' title="bbox 317 3673 1919 3750; baseline -0.003 -20"><span class='ocrx_word' id='word_1_327' title='bbox 317 3678 526 3750; x_wconf 87' lang='grc' dir='ltr'>ἀγαθῶν</span> <span class='ocrx_word' id='word_1_328' title='bbox 585 3678 942 3748; x_wconf 79' lang='grc' dir='ltr'>ὑπάρχουσι;</span> <span class='ocrx_word' id='word_1_329' title='bbox 986 3673 1186 3747; x_wconf 86' lang='grc' dir='ltr'>Ὠσπερ</span> <span class='ocrx_word' id='word_1_330' title='bbox 1213 3675 1315 3748; x_wconf 87' lang='grc' dir='ltr'>γάρ</span> <span class='ocrx_word' id='word_1_331' title='bbox 1348 3673 1395 3725; x_wconf 75' lang='grc' dir='ltr'>ἐν</span> <span class='ocrx_word' id='word_1_332' title='bbox 1446 3681 1554 3736; x_wconf 87' lang='grc' dir='ltr'>τοῖς</span> <span class='ocrx_word' id='word_1_333' title='bbox 1598 3678 1919 3747; x_wconf 75' lang='grc' dir='ltr'>φαινομένοις</span> 
     </span>
    </p>
   </div>
   <div class='ocr_carea' id='block_1_40' title="bbox 314 3760 1918 3839">
    <p class='ocr_par' dir='ltr' id='par_1_40' title="bbox 314 3760 1918 3839">
     <span class='ocr_line' id='line_1_42' title="bbox 314 3760 1918 3839; baseline -0.004 -18"><span class='ocrx_word' id='word_1_334' title='bbox 314 3771 383 3821; x_wconf 85' lang='grc' dir='ltr'>τὰ</span> <span class='ocrx_word' id='word_1_335' title='bbox 430 3775 518 3827; x_wconf 83' lang='grc' dir='ltr'>τῆς</span> <span class='ocrx_word' id='word_1_336' title='bbox 546 3774 646 3839; x_wconf 86' lang='grc' dir='ltr'>γῆς</span> <span class='ocrx_word' id='word_1_337' title='bbox 692 3767 845 3838; x_wconf 79' lang='grc' dir='ltr'>φυτά,</span> <span class='ocrx_word' id='word_1_338' title='bbox 881 3766 910 3824; x_wconf 79' lang='grc' dir='ltr'><strong>ἣ</strong></span> <span class='ocrx_word' id='word_1_339' title='bbox 950 3768 1244 3838; x_wconf 86' lang='grc' dir='ltr'>σπέρματα,</span> <span class='ocrx_word' id='word_1_340' title='bbox 1296 3764 1324 3823; x_wconf 74' lang='grc' dir='ltr'>ἡ</span> <span class='ocrx_word' id='word_1_341' title='bbox 1373 3764 1503 3821; x_wconf 80' lang='grc' dir='ltr'>ἄνθη</span> <span class='ocrx_word' id='word_1_342' title='bbox 1537 3763 1747 3815; x_wconf 64' lang='grc' dir='ltr'>⁴’ποικίλα</span> <span class='ocrx_word' id='word_1_343' title='bbox 1778 3760 1918 3815; x_wconf 73' lang='grc' dir='ltr'>ἀδύ-</span> 
     </span>
    </p>
   </div>
   <div class='ocr_carea' id='block_1_41' title="bbox 1946 3195 1988 3252">
    <p class='ocr_par' dir='ltr' id='par_1_41' title="bbox 1946 3195 1988 3252">
     <span class='ocr_line' id='line_1_43' title="bbox 1946 3195 1988 3252; baseline 0 0"><span class='ocrx_word' id='word_1_344' title='bbox 1946 3195 1988 3252; x_wconf 87' lang='lat' dir='ltr'><strong>C</strong></span> 
     </span>
    </p>
   </div>
   <div class='ocr_carea' id='block_1_42' title="bbox 314 3852 1916 3927">
    <p class='ocr_par' dir='ltr' id='par_1_42' title="bbox 314 3852 1916 3927">
     <span class='ocr_line' id='line_1_44' title="bbox 314 3852 1916 3927; baseline -0.002 -19"><span class='ocrx_word' id='word_1_345' title='bbox 314 3859 466 3908; x_wconf 89' lang='grc' dir='ltr'>νατόν</span> <span class='ocrx_word' id='word_1_346' title='bbox 495 3874 598 3907; x_wconf 90' lang='grc' dir='ltr'>τινι</span> <span class='ocrx_word' id='word_1_347' title='bbox 638 3852 947 3906; x_wconf 77' lang='grc' dir='ltr'>καταλαϐεῖν</span> <span class='ocrx_word' id='word_1_348' title='bbox 1002 3852 1228 3927; x_wconf 83' lang='grc' dir='ltr'>ἀριθμῷ,</span> <span class='ocrx_word' id='word_1_349' title='bbox 1280 3857 1370 3905; x_wconf 85' lang='grc' dir='ltr'>καὶ</span> <span class='ocrx_word' id='word_1_350' title='bbox 1417 3855 1504 3904; x_wconf 89' lang='grc' dir='ltr'>τόν</span> <span class='ocrx_word' id='word_1_351' title='bbox 1556 3855 1726 3905; x_wconf 86' lang='grc' dir='ltr'>πάντα</span> <span class='ocrx_word' id='word_1_352' title='bbox 1754 3852 1916 3905; x_wconf 83' lang='grc' dir='ltr'>πλοῦ-</span> 
     </span>
    </p>
   </div>
   <div class='ocr_carea' id='block_1_43' title="bbox 322 3941 1914 4016">
    <p class='ocr_par' dir='ltr' id='par_1_43' title="bbox 322 3941 1914 4016">
     <span class='ocr_line' id='line_1_45' title="bbox 322 3941 1914 4016; baseline -0.003 -18"><span class='ocrx_word' id='word_1_353' title='bbox 322 3964 409 3998; x_wconf 89' lang='grc' dir='ltr'>τον</span> <span class='ocrx_word' id='word_1_354' title='bbox 440 3952 536 4005; x_wconf 87' lang='grc' dir='ltr'>τῆς</span> <span class='ocrx_word' id='word_1_355' title='bbox 559 3951 681 4016; x_wconf 83' lang='grc' dir='ltr'>γῆς,</span> <span class='ocrx_word' id='word_1_356' title='bbox 733 3943 1013 4016; x_wconf 87' lang='grc' dir='ltr'>ἀμήχανόν</span> <span class='ocrx_word' id='word_1_357' title='bbox 1055 3962 1157 3994; x_wconf 91' lang='grc' dir='ltr'>τινι</span> <span class='ocrx_word' id='word_1_358' title='bbox 1204 3949 1465 4015; x_wconf 83' lang='grc' dir='ltr'>μετρῆσαι</span> <span class='ocrx_word' id='word_1_359' title='bbox 1495 3942 1523 4001; x_wconf 79' lang='grc' dir='ltr'>ἦ</span> <span class='ocrx_word' id='word_1_360' title='bbox 1554 3941 1874 3994; x_wconf 72' lang='grc' dir='ltr'>ἐπίστασθαι</span> <span class='ocrx_word' id='word_1_361' title='bbox 1901 3960 1914 3974; x_wconf 87' lang='grc'><strong>·</strong></span> 
     </span>
    </p>
   </div>
   <div class='ocr_carea' id='block_1_44' title="bbox 322 4028 1918 4106">
    <p class='ocr_par' dir='ltr' id='par_1_44' title="bbox 322 4028 1918 4106">
     <span class='ocr_line' id='line_1_46' title="bbox 322 4028 1918 4106; baseline -0.001 -24"><span class='ocrx_word' id='word_1_362' title='bbox 322 4034 351 4091; x_wconf 78' lang='grc' dir='ltr'>ἦ</span> <span class='ocrx_word' id='word_1_363' title='bbox 382 4034 554 4106; x_wconf 84' lang='grc' dir='ltr'>ὥσπερ</span> <span class='ocrx_word' id='word_1_364' title='bbox 587 4034 635 4084; x_wconf 70' lang='grc' dir='ltr'>ἓν</span> <span class='ocrx_word' id='word_1_365' title='bbox 664 4040 726 4103; x_wconf 75' lang='grc' dir='ltr'>τῇ</span> <span class='ocrx_word' id='word_1_366' title='bbox 782 4030 1018 4103; x_wconf 75' lang='grc' dir='ltr'>θαλάσση</span> <span class='ocrx_word' id='word_1_367' title='bbox 1072 4034 1136 4082; x_wconf 82' lang='grc' dir='ltr'>τὰ</span> <span class='ocrx_word' id='word_1_368' title='bbox 1175 4029 1222 4081; x_wconf 80' lang='grc' dir='ltr'>ἐν</span> <span class='ocrx_word' id='word_1_369' title='bbox 1272 4030 1398 4101; x_wconf 74' lang='grc' dir='ltr'>αὐτῇ</span> <span class='ocrx_word' id='word_1_370' title='bbox 1465 4033 1592 4095; x_wconf 86' lang='grc' dir='ltr'>ζῶα,</span> <span class='ocrx_word' id='word_1_371' title='bbox 1626 4032 1655 4089; x_wconf 77' lang='grc' dir='ltr'><strong><em>ἦ</em></strong></span> <span class='ocrx_word' id='word_1_372' title='bbox 1690 4034 1776 4082; x_wconf 90' lang='grc' dir='ltr'>τόν</span> <span class='ocrx_word' id='word_1_373' title='bbox 1808 4028 1918 4101; x_wconf 86' lang='grc' dir='ltr'>ἀρι-</span> 
     </span>
    </p>
   </div>
   <div class='ocr_carea' id='block_1_45' title="bbox 326 4115 1918 4191">
    <p class='ocr_par' dir='ltr' id='par_1_45' title="bbox 326 4115 1918 4191">
     <span class='ocr_line' id='line_1_47' title="bbox 326 4115 1918 4191; baseline -0.002 -19"><span class='ocrx_word' id='word_1_374' title='bbox 326 4122 473 4190; x_wconf 87' lang='grc' dir='ltr'>θμόν,</span> <span class='ocrx_word' id='word_1_375' title='bbox 508 4120 538 4177; x_wconf 78' lang='grc' dir='ltr'>ἢ</span> <span class='ocrx_word' id='word_1_376' title='bbox 571 4122 639 4171; x_wconf 83' lang='grc' dir='ltr'>τὰ</span> <span class='ocrx_word' id='word_1_377' title='bbox 680 4124 823 4189; x_wconf 87' lang='grc' dir='ltr'>γένη,</span> <span class='ocrx_word' id='word_1_378' title='bbox 870 4120 899 4178; x_wconf 78' lang='grc' dir='ltr'><strong>ἣ</strong></span> <span class='ocrx_word' id='word_1_379' title='bbox 944 4123 1036 4176; x_wconf 84' lang='grc' dir='ltr'>τήν</span> <span class='ocrx_word' id='word_1_380' title='bbox 1082 4115 1357 4191; x_wconf 76' lang='grc' dir='ltr'>διαφορὰν,</span> <span class='ocrx_word' id='word_1_381' title='bbox 1398 4120 1427 4177; x_wconf 76' lang='grc' dir='ltr'>ἦ</span> <span class='ocrx_word' id='word_1_382' title='bbox 1488 4122 1545 4169; x_wconf 85' lang='grc' dir='ltr'>τὸ</span> <span class='ocrx_word' id='word_1_383' title='bbox 1594 4123 1777 4191; x_wconf 81' lang='grc' dir='ltr'>μέτρον</span> <span class='ocrx_word' id='word_1_384' title='bbox 1827 4126 1918 4171; x_wconf 82' lang='grc' dir='ltr'>τοῦ</span> 
     </span>
    </p>
   </div>
   <div class='ocr_carea' id='block_1_46' title="bbox 326 4203 1918 4278">
    <p class='ocr_par' dir='ltr' id='par_1_46' title="bbox 326 4203 1918 4278">
     <span class='ocr_line' id='line_1_48' title="bbox 326 4203 1918 4278; baseline -0.001 -20"><span class='ocrx_word' id='word_1_385' title='bbox 326 4204 517 4267; x_wconf 79' lang='grc' dir='ltr'>ὕδατος</span> <span class='ocrx_word' id='word_1_386' title='bbox 568 4207 751 4271; x_wconf 82' lang='grc' dir='ltr'>αὐτῆς,</span> <span class='ocrx_word' id='word_1_387' title='bbox 785 4207 815 4266; x_wconf 81' lang='grc' dir='ltr'><strong>ἣ</strong></span> <span class='ocrx_word' id='word_1_388' title='bbox 845 4209 903 4257; x_wconf 88' lang='grc' dir='ltr'>τὸ</span> <span class='ocrx_word' id='word_1_389' title='bbox 943 4210 1125 4278; x_wconf 84' lang='grc' dir='ltr'>μέτρον</span> <span class='ocrx_word' id='word_1_390' title='bbox 1180 4213 1271 4256; x_wconf 84' lang='grc' dir='ltr'>τοῦ</span> <span class='ocrx_word' id='word_1_391' title='bbox 1311 4210 1471 4257; x_wconf 90' lang='grc' dir='ltr'>τόπου</span> <span class='ocrx_word' id='word_1_392' title='bbox 1513 4205 1675 4267; x_wconf 73' lang='grc' dir='ltr'>αὐτῆς</span> <span class='ocrx_word' id='word_1_393' title='bbox 1728 4203 1918 4258; x_wconf 76' lang='grc' dir='ltr'>ἀδύνα-</span> 
     </span>
    </p>
   </div>
   <div class='ocr_carea' id='block_1_47' title="bbox 328 4294 1919 4370">
    <p class='ocr_par' dir='ltr' id='par_1_47' title="bbox 328 4294 1919 4370">
     <span class='ocr_line' id='line_1_49' title="bbox 328 4294 1919 4370; baseline -0.001 -21"><span class='ocrx_word' id='word_1_394' title='bbox 328 4302 414 4350; x_wconf 79' lang='grc' dir='ltr'>τόν</span> <span class='ocrx_word' id='word_1_395' title='bbox 449 4316 547 4349; x_wconf 89' lang='grc' dir='ltr'>τινι</span> <span class='ocrx_word' id='word_1_396' title='bbox 574 4305 674 4349; x_wconf 89' lang='grc' dir='ltr'>τῶν</span> <span class='ocrx_word' id='word_1_397' title='bbox 732 4295 1014 4369; x_wconf 83' lang='grc' dir='ltr'>ἀνθρώπων</span> <span class='ocrx_word' id='word_1_398' title='bbox 1058 4294 1366 4347; x_wconf 78' lang='grc' dir='ltr'>καταλαϐεῖν</span> <span class='ocrx_word' id='word_1_399' title='bbox 1413 4314 1425 4327; x_wconf 91' lang='grc'><strong>·</strong></span> <span class='ocrx_word' id='word_1_400' title='bbox 1461 4297 1490 4354; x_wconf 80' lang='grc' dir='ltr'>ἡ</span> <span class='ocrx_word' id='word_1_401' title='bbox 1548 4297 1720 4370; x_wconf 83' lang='grc' dir='ltr'>ὥσπερ</span> <span class='ocrx_word' id='word_1_402' title='bbox 1773 4295 1820 4347; x_wconf 77' lang='grc' dir='ltr'>ἐν</span> <span class='ocrx_word' id='word_1_403' title='bbox 1847 4303 1919 4366; x_wconf 82' lang='grc' dir='ltr'>τῷ</span> 
     </span>
    </p>
   </div>
   <div class='ocr_carea' id='block_1_48' title="bbox 330 4384 1920 4462">
    <p class='ocr_par' dir='ltr' id='par_1_48' title="bbox 330 4384 1920 4462">
     <span class='ocr_line' id='line_1_50' title="bbox 330 4384 1920 4462; baseline -0.003 -22"><span class='ocrx_word' id='word_1_404' title='bbox 330 4385 443 4462; x_wconf 78' lang='grc' dir='ltr'>ἀέρι</span> <span class='ocrx_word' id='word_1_405' title='bbox 489 4390 577 4439; x_wconf 90' lang='grc' dir='ltr'>τόν</span> <span class='ocrx_word' id='word_1_406' title='bbox 634 4385 854 4460; x_wconf 86' lang='grc' dir='ltr'>ἀριθμὸν</span> <span class='ocrx_word' id='word_1_407' title='bbox 910 4392 1011 4436; x_wconf 89' lang='grc' dir='ltr'>τῶν</span> <span class='ocrx_word' id='word_1_408' title='bbox 1063 4392 1299 4437; x_wconf 83' lang='grc' dir='ltr'>πετεινῶν</span> <span class='ocrx_word' id='word_1_409' title='bbox 1341 4401 1352 4414; x_wconf 90' lang='grc'><strong>·</strong></span> <span class='ocrx_word' id='word_1_410' title='bbox 1387 4384 1417 4442; x_wconf 80' lang='grc' dir='ltr'>ἢ</span> <span class='ocrx_word' id='word_1_411' title='bbox 1472 4386 1539 4436; x_wconf 84' lang='grc' dir='ltr'>τὰ</span> <span class='ocrx_word' id='word_1_412' title='bbox 1592 4389 1712 4455; x_wconf 86' lang='grc' dir='ltr'>γένη</span> <span class='ocrx_word' id='word_1_413' title='bbox 1745 4386 1774 4444; x_wconf 78' lang='grc' dir='ltr'><em>ἡ</em></span> <span class='ocrx_word' id='word_1_414' title='bbox 1826 4390 1920 4443; x_wconf 85' lang='grc' dir='ltr'>τήν</span> 
     </span>
    </p>
   </div>
   <div class='ocr_carea' id='block_1_49' title="bbox 327 4460 1920 4549">
    <p class='ocr_par' dir='ltr' id='par_1_49' title="bbox 327 4472 1920 4549">
     <span class='ocr_line' id='line_1_51' title="bbox 327 4472 1920 4549; baseline -0.003 -20"><span class='ocrx_word' id='word_1_415' title='bbox 327 4475 591 4530; x_wconf 89' lang='grc' dir='ltr'>ποικιλίαν</span> <span class='ocrx_word' id='word_1_416' title='bbox 637 4472 894 4528; x_wconf 85' lang='grc' dir='ltr'>ἀδύνατον</span> <span class='ocrx_word' id='word_1_417' title='bbox 940 4482 1132 4546; x_wconf 88' lang='grc' dir='ltr'>γνῶναι</span> <span class='ocrx_word' id='word_1_418' title='bbox 1166 4494 1179 4507; x_wconf 68' lang='grc' dir='ltr'><strong><em>υ</em></strong></span> <span class='ocrx_word' id='word_1_419' title='bbox 1213 4473 1241 4532; x_wconf 76' lang='grc' dir='ltr'>ἢ</span> <span class='ocrx_word' id='word_1_420' title='bbox 1275 4475 1447 4546; x_wconf 84' lang='grc' dir='ltr'>ὥσπερ</span> <span class='ocrx_word' id='word_1_421' title='bbox 1496 4476 1554 4525; x_wconf 89' lang='grc' dir='ltr'>τό</span> <span class='ocrx_word' id='word_1_422' title='bbox 1580 4482 1672 4526; x_wconf 84' lang='grc' dir='ltr'>τοῦ</span> <span class='ocrx_word' id='word_1_423' title='bbox 1704 4475 1920 4549; x_wconf 77' lang='grc' dir='ltr'>οὐρανοῦ</span> 
     </span>
    </p>
   </div>
   <div class='ocr_carea' id='block_1_50' title="bbox 1584 350 2539 409">
    <p class='ocr_par' dir='ltr' id='par_1_50' title="bbox 1584 350 2539 409">
     <span class='ocr_line' id='line_1_52' title="bbox 1584 350 2539 409; baseline 0.001 -3"><span class='ocrx_word' id='word_1_424' title='bbox 1584 352 1929 409; x_wconf 72' lang='grc' dir='ltr'>ΗΟΜΙΙΛᾹΞ.</span> <span class='ocrx_word' id='word_1_425' title='bbox 1972 380 2037 392; x_wconf 76' lang='grc' dir='ltr'>-ο</span> <span class='ocrx_word' id='word_1_426' title='bbox 2080 350 2254 407; x_wconf 87' lang='lat' dir='ltr'>HOM.</span> <span class='ocrx_word' id='word_1_427' title='bbox 2290 351 2539 407; x_wconf 80' lang='lat' dir='ltr'>XXXIV.</span> 
     </span>
    </p>
   </div>
   <div class='ocr_carea' id='block_1_51' title="bbox 3576 352 3679 407">
    <p class='ocr_par' dir='ltr' id='par_1_51' title="bbox 3576 352 3679 407">
     <span class='ocr_line' id='line_1_53' title="bbox 3576 352 3679 407; baseline 0.01 -1"><span class='ocrx_word' id='word_1_428' title='bbox 3576 352 3679 407; x_wconf 69' lang='grc'>746</span> 
     </span>
    </p>
   </div>
   <div class='ocr_carea' id='block_1_52' title="bbox 2035 566 3679 639">
    <p class='ocr_par' dir='ltr' id='par_1_52' title="bbox 2035 566 3679 639">
     <span class='ocr_line' id='line_1_54' title="bbox 2035 566 3679 639; baseline 0.002 -20"><span class='ocrx_word' id='word_1_429' title='bbox 2035 566 2116 620; x_wconf 78' lang='lat' dir='ltr'>rit</span> <span class='ocrx_word' id='word_1_430' title='bbox 2145 580 2219 622; x_wconf 75' lang='lat' dir='ltr'>ex</span> <span class='ocrx_word' id='word_1_431' title='bbox 2248 566 2361 622; x_wconf 82' lang='lat' dir='ltr'>hac</span> <span class='ocrx_word' id='word_1_432' title='bbox 2389 582 2565 639; x_wconf 86' lang='lat' dir='ltr'>aqua,</span> <span class='ocrx_word' id='word_1_433' title='bbox 2600 582 2777 638; x_wconf 87' lang='lat' dir='ltr'>quam</span> <span class='ocrx_word' id='word_1_434' title='bbox 2810 582 2913 638; x_wconf 87' lang='lat' dir='ltr'>ego</span> <span class='ocrx_word' id='word_1_435' title='bbox 2943 567 3095 623; x_wconf 82' lang='lat' dir='ltr'>dabo</span> <span class='ocrx_word' id='word_1_436' title='bbox 3126 568 3198 632; x_wconf 85' lang='lat' dir='ltr'>ei,</span> <span class='ocrx_word' id='word_1_437' title='bbox 3230 568 3329 635; x_wconf 81' lang='lat' dir='ltr'>ﬁet</span> <span class='ocrx_word' id='word_1_438' title='bbox 3357 568 3421 622; x_wconf 84' lang='lat' dir='ltr'>in</span> <span class='ocrx_word' id='word_1_439' title='bbox 3452 583 3515 623; x_wconf 89' lang='lat' dir='ltr'>eo</span> <span class='ocrx_word' id='word_1_440' title='bbox 3537 568 3679 636; x_wconf 83' lang='lat' dir='ltr'>fons</span> 
     </span>
    </p>
   </div>
   <div class='ocr_carea' id='block_1_53' title="bbox 2034 655 3213 726">
    <p class='ocr_par' dir='ltr' id='par_1_53' title="bbox 2034 655 3213 726">
     <span class='ocr_line' id='line_1_55' title="bbox 2034 655 3213 726; baseline -0.001 -15"><span class='ocrx_word' id='word_1_441' title='bbox 2034 670 2204 726; x_wconf 58' lang='lat' dir='ltr'>aquae</span> <span class='ocrx_word' id='word_1_442' title='bbox 2232 655 2499 712; x_wconf 77' lang='lat' dir='ltr'>salientis</span> <span class='ocrx_word' id='word_1_443' title='bbox 2528 655 2589 712; x_wconf 82' lang='lat' dir='ltr'><strong><em>in</em></strong></span> <span class='ocrx_word' id='word_1_444' title='bbox 2622 656 2803 712; x_wconf 83' lang='lat' dir='ltr'>vitam</span> <span class='ocrx_word' id='word_1_445' title='bbox 2831 661 3112 712; x_wconf 74' lang='lat' dir='ltr'>aeternam</span> <span class='ocrx_word' id='word_1_446' title='bbox 3146 657 3213 710; x_wconf 72' lang='grc'>⁸⁸.</span> 
     </span>
    </p>
   </div>
   <div class='ocr_carea' id='block_1_54' title="bbox 2102 977 3677 1051">
    <p class='ocr_par' dir='ltr' id='par_1_54' title="bbox 2102 977 3677 1051">
     <span class='ocr_line' id='line_1_56' title="bbox 2102 977 3677 1051; baseline 0.001 -19"><span class='ocrx_word' id='word_1_447' title='bbox 2102 977 2169 1032; x_wconf 93' lang='lat' dir='ltr'>II.</span> <span class='ocrx_word' id='word_1_448' title='bbox 2194 977 2497 1034; x_wconf 86' lang='lat' dir='ltr'>Adventus</span> <span class='ocrx_word' id='word_1_449' title='bbox 2526 979 2687 1034; x_wconf 91' lang='lat' dir='ltr'>enim</span> <span class='ocrx_word' id='word_1_450' title='bbox 2715 978 2948 1035; x_wconf 88' lang='lat' dir='ltr'>Domini</span> <span class='ocrx_word' id='word_1_451' title='bbox 2970 983 3131 1035; x_wconf 86' lang='lat' dir='ltr'>totus</span> <span class='ocrx_word' id='word_1_452' title='bbox 3164 978 3403 1050; x_wconf 86' lang='lat' dir='ltr'>penitus</span> <span class='ocrx_word' id='word_1_453' title='bbox 3434 983 3677 1051; x_wconf 83' lang='lat' dir='ltr'>propter</span> 
     </span>
    </p>
   </div>
   <div class='ocr_carea' id='block_1_55' title="bbox 2035 1067 3678 1140">
    <p class='ocr_par' dir='ltr' id='par_1_55' title="bbox 2035 1067 3678 1140">
     <span class='ocr_line' id='line_1_57' title="bbox 2035 1067 3678 1140; baseline 0.001 -18"><span class='ocrx_word' id='word_1_454' title='bbox 2035 1067 2337 1122; x_wconf 86' lang='lat' dir='ltr'>hominem</span> <span class='ocrx_word' id='word_1_455' title='bbox 2367 1068 2489 1132; x_wconf 76' lang='lat' dir='ltr'>fuit,</span> <span class='ocrx_word' id='word_1_456' title='bbox 2520 1068 2622 1140; x_wconf 85' lang='lat' dir='ltr'>qui</span> <span class='ocrx_word' id='word_1_457' title='bbox 2652 1073 2920 1124; x_wconf 91' lang='lat' dir='ltr'>mortuus</span> <span class='ocrx_word' id='word_1_458' title='bbox 2940 1068 3180 1139; x_wconf 86' lang='lat' dir='ltr'>jacebat</span> <span class='ocrx_word' id='word_1_459' title='bbox 3206 1069 3264 1123; x_wconf 91' lang='lat' dir='ltr'>in</span> <span class='ocrx_word' id='word_1_460' title='bbox 3298 1069 3573 1140; x_wconf 90' lang='lat' dir='ltr'>sepulcro</span> <span class='ocrx_word' id='word_1_461' title='bbox 3598 1073 3678 1123; x_wconf 83' lang='lat' dir='ltr'>te-</span> 
     </span>
    </p>
   </div>
   <div class='ocr_carea' id='block_1_56' title="bbox 2031 1156 3680 1228">
    <p class='ocr_par' dir='ltr' id='par_1_56' title="bbox 2031 1156 3680 1228">
     <span class='ocr_line' id='line_1_58' title="bbox 2031 1156 3680 1228; baseline 0.001 -17"><span class='ocrx_word' id='word_1_462' title='bbox 2031 1156 2377 1224; x_wconf 89' lang='lat' dir='ltr'>nebrarum,</span> <span class='ocrx_word' id='word_1_463' title='bbox 2412 1158 2657 1227; x_wconf 84' lang='lat' dir='ltr'>peccati,</span> <span class='ocrx_word' id='word_1_464' title='bbox 2704 1157 2946 1228; x_wconf 85' lang='lat' dir='ltr'>spiritus</span> <span class='ocrx_word' id='word_1_465' title='bbox 2994 1157 3231 1228; x_wconf 89' lang='lat' dir='ltr'>impuri,</span> <span class='ocrx_word' id='word_1_466' title='bbox 3268 1161 3323 1213; x_wconf 90' lang='lat' dir='ltr'>et</span> <span class='ocrx_word' id='word_1_467' title='bbox 3353 1172 3680 1228; x_wconf 87' lang='lat' dir='ltr'>perversa-</span> 
     </span>
    </p>
   </div>
   <div class='ocr_carea' id='block_1_57' title="bbox 2029 1245 3683 1316">
    <p class='ocr_par' dir='ltr' id='par_1_57' title="bbox 2029 1245 3683 1316">
     <span class='ocr_line' id='line_1_59' title="bbox 2029 1245 3683 1316; baseline -0.001 -15"><span class='ocrx_word' id='word_1_468' title='bbox 2029 1261 2165 1302; x_wconf 87' lang='lat' dir='ltr'>rum</span> <span class='ocrx_word' id='word_1_469' title='bbox 2194 1250 2578 1316; x_wconf 82' lang='lat' dir='ltr'>potestatum,</span> <span class='ocrx_word' id='word_1_470' title='bbox 2613 1252 2675 1301; x_wconf 93' lang='lat' dir='ltr'>ut</span> <span class='ocrx_word' id='word_1_471' title='bbox 2704 1246 2765 1300; x_wconf 90' lang='lat' dir='ltr'>in</span> <span class='ocrx_word' id='word_1_472' title='bbox 2794 1245 2909 1301; x_wconf 92' lang='lat' dir='ltr'>hoc</span> <span class='ocrx_word' id='word_1_473' title='bbox 2936 1246 3157 1302; x_wconf 62' lang='lat' dir='ltr'>saeculo</span> <span class='ocrx_word' id='word_1_474' title='bbox 3183 1262 3343 1301; x_wconf 90' lang='lat' dir='ltr'>nunc</span> <span class='ocrx_word' id='word_1_475' title='bbox 3373 1247 3683 1302; x_wconf 80' lang='lat' dir='ltr'>resuscitat</span> 
     </span>
    </p>
   </div>
   <div class='ocr_carea' id='block_1_58' title="bbox 2030 1333 3678 1403">
    <p class='ocr_par' dir='ltr' id='par_1_58' title="bbox 2030 1333 3678 1403">
     <span class='ocr_line' id='line_1_60' title="bbox 2030 1333 3678 1403; baseline -0.001 -14"><span class='ocrx_word' id='word_1_476' title='bbox 2030 1349 2100 1389; x_wconf 86' lang='lat' dir='ltr'>ac</span> <span class='ocrx_word' id='word_1_477' title='bbox 2123 1333 2377 1389; x_wconf 84' lang='lat' dir='ltr'>viviﬂcet</span> <span class='ocrx_word' id='word_1_478' title='bbox 2406 1334 2733 1396; x_wconf 86' lang='lat' dir='ltr'>hominem,</span> <span class='ocrx_word' id='word_1_479' title='bbox 2763 1333 3139 1389; x_wconf 83' lang='lat' dir='ltr'>emundetab</span> <span class='ocrx_word' id='word_1_480' title='bbox 3164 1334 3327 1389; x_wconf 90' lang='lat' dir='ltr'>omni</span> <span class='ocrx_word' id='word_1_481' title='bbox 3347 1334 3678 1403; x_wconf 82' lang='lat' dir='ltr'>nigredine,</span> 
     </span>
    </p>
   </div>
   <div class='ocr_carea' id='block_1_59' title="bbox 2029 1420 3681 1492">
    <p class='ocr_par' dir='ltr' id='par_1_59' title="bbox 2029 1420 3681 1492">
     <span class='ocr_line' id='line_1_61' title="bbox 2029 1420 3681 1492; baseline -0.001 -16"><span class='ocrx_word' id='word_1_482' title='bbox 2029 1420 2321 1478; x_wconf 90' lang='lat' dir='ltr'>illuminet</span> <span class='ocrx_word' id='word_1_483' title='bbox 2353 1439 2487 1477; x_wconf 91' lang='lat' dir='ltr'>eum</span> <span class='ocrx_word' id='word_1_484' title='bbox 2517 1438 2625 1478; x_wconf 90' lang='lat' dir='ltr'>suo</span> <span class='ocrx_word' id='word_1_485' title='bbox 2653 1422 2899 1487; x_wconf 81' lang='lat' dir='ltr'>lumine,</span> <span class='ocrx_word' id='word_1_486' title='bbox 2918 1427 3095 1492; x_wconf 90' lang='lat' dir='ltr'>atque</span> <span class='ocrx_word' id='word_1_487' title='bbox 3121 1423 3361 1478; x_wconf 85' lang='lat' dir='ltr'>amiciat</span> <span class='ocrx_word' id='word_1_488' title='bbox 3390 1438 3529 1477; x_wconf 92' lang='lat' dir='ltr'>eum</span> <span class='ocrx_word' id='word_1_489' title='bbox 3556 1422 3681 1477; x_wconf 87' lang='lat' dir='ltr'>suis</span> 
     </span>
    </p>
   </div>
   <div class='ocr_carea' id='block_1_60' title="bbox 2028 1509 3683 1582">
    <p class='ocr_par' dir='ltr' id='par_1_60' title="bbox 2028 1509 3683 1582">
     <span class='ocr_line' id='line_1_62' title="bbox 2028 1509 3683 1582; baseline 0 -18"><span class='ocrx_word' id='word_1_490' title='bbox 2028 1511 2214 1582; x_wconf 86' lang='lat' dir='ltr'>ipsius</span> <span class='ocrx_word' id='word_1_491' title='bbox 2257 1509 2623 1566; x_wconf 81' lang='lat' dir='ltr'>indumentis</span> <span class='ocrx_word' id='word_1_492' title='bbox 2653 1510 2871 1565; x_wconf 86' lang='lat' dir='ltr'>divinis</span> <span class='ocrx_word' id='word_1_493' title='bbox 2909 1516 2966 1566; x_wconf 91' lang='lat' dir='ltr'>et</span> <span class='ocrx_word' id='word_1_494' title='bbox 2996 1511 3364 1566; x_wconf 72' lang='lat' dir='ltr'>coelestibus.</span> <span class='ocrx_word' id='word_1_495' title='bbox 3399 1512 3461 1565; x_wconf 87' lang='lat' dir='ltr'>In</span> <span class='ocrx_word' id='word_1_496' title='bbox 3491 1525 3683 1565; x_wconf 89' lang='lat' dir='ltr'>resur-</span> 
     </span>
    </p>
   </div>
   <div class='ocr_carea' id='block_1_61' title="bbox 2027 1600 3683 1671">
    <p class='ocr_par' dir='ltr' id='par_1_61' title="bbox 2027 1600 3683 1671">
     <span class='ocr_line' id='line_1_63' title="bbox 2027 1600 3683 1671; baseline -0.001 -17"><span class='ocrx_word' id='word_1_497' title='bbox 2027 1600 2283 1655; x_wconf 89' lang='lat' dir='ltr'>rectione</span> <span class='ocrx_word' id='word_1_498' title='bbox 2329 1605 2525 1654; x_wconf 88' lang='lat' dir='ltr'>autem</span> <span class='ocrx_word' id='word_1_499' title='bbox 2560 1615 2903 1670; x_wconf 83' lang='lat' dir='ltr'>corporum,</span> <span class='ocrx_word' id='word_1_500' title='bbox 2951 1615 3210 1671; x_wconf 90' lang='lat' dir='ltr'>quorum</span> <span class='ocrx_word' id='word_1_501' title='bbox 3253 1605 3389 1655; x_wconf 84' lang='lat' dir='ltr'>ante</span> <span class='ocrx_word' id='word_1_502' title='bbox 3419 1615 3683 1654; x_wconf 90' lang='lat' dir='ltr'>resurre-</span> 
     </span>
    </p>
   </div>
   <div class='ocr_carea' id='block_1_62' title="bbox 2026 1687 3683 1759">
    <p class='ocr_par' dir='ltr' id='par_1_62' title="bbox 2026 1687 3683 1759">
     <span class='ocr_line' id='line_1_64' title="bbox 2026 1687 3683 1759; baseline -0.001 -15"><span class='ocrx_word' id='word_1_503' title='bbox 2026 1688 2222 1744; x_wconf 83' lang='lat' dir='ltr'>xerint</span> <span class='ocrx_word' id='word_1_504' title='bbox 2242 1694 2297 1743; x_wconf 89' lang='lat' dir='ltr'>et</span> <span class='ocrx_word' id='word_1_505' title='bbox 2317 1688 2505 1758; x_wconf 83' lang='lat' dir='ltr'>gloria</span> <span class='ocrx_word' id='word_1_506' title='bbox 2536 1687 2838 1744; x_wconf 63' lang='lat' dir='ltr'>illustratus</span> <span class='ocrx_word' id='word_1_507' title='bbox 2863 1688 3078 1744; x_wconf 83' lang='lat' dir='ltr'>fuerint</span> <span class='ocrx_word' id='word_1_508' title='bbox 3107 1689 3343 1759; x_wconf 68' lang='lat' dir='ltr'>animas,</span> <span class='ocrx_word' id='word_1_509' title='bbox 3369 1694 3509 1743; x_wconf 91' lang='lat' dir='ltr'>tunc</span> <span class='ocrx_word' id='word_1_510' title='bbox 3535 1703 3683 1759; x_wconf 89' lang='lat' dir='ltr'>quo-</span> 
     </span>
    </p>
   </div>
   <div class='ocr_carea' id='block_1_63' title="bbox 2027 1777 3683 1849">
    <p class='ocr_par' dir='ltr' id='par_1_63' title="bbox 2027 1777 3683 1849">
     <span class='ocr_line' id='line_1_65' title="bbox 2027 1777 3683 1849; baseline 0 -17"><span class='ocrx_word' id='word_1_511' title='bbox 2027 1794 2144 1849; x_wconf 87' lang='lat' dir='ltr'>que</span> <span class='ocrx_word' id='word_1_512' title='bbox 2158 1794 2410 1848; x_wconf 92' lang='lat' dir='ltr'>corpora</span> <span class='ocrx_word' id='word_1_513' title='bbox 2436 1777 2615 1833; x_wconf 86' lang='lat' dir='ltr'>simul</span> <span class='ocrx_word' id='word_1_514' title='bbox 2637 1777 3129 1846; x_wconf 74' lang='lat' dir='ltr'>gloriﬁcabuntur</span> <span class='ocrx_word' id='word_1_515' title='bbox 3146 1784 3203 1833; x_wconf 93' lang='lat' dir='ltr'>et</span> <span class='ocrx_word' id='word_1_516' title='bbox 3228 1777 3683 1832; x_wconf 87' lang='lat' dir='ltr'>illustrabuntur</span> 
     </span>
    </p>
   </div>
   <div class='ocr_carea' id='block_1_64' title="bbox 2027 1866 3678 1938">
    <p class='ocr_par' dir='ltr' id='par_1_64' title="bbox 2027 1866 3678 1938">
     <span class='ocr_line' id='line_1_66' title="bbox 2027 1866 3678 1938; baseline -0.001 -16"><span class='ocrx_word' id='word_1_517' title='bbox 2027 1884 2163 1923; x_wconf 89' lang='lat' dir='ltr'>cum</span> <span class='ocrx_word' id='word_1_518' title='bbox 2193 1868 2415 1932; x_wconf 87' lang='lat' dir='ltr'>anima,</span> <span class='ocrx_word' id='word_1_519' title='bbox 2448 1882 2582 1938; x_wconf 66' lang='lat' dir='ltr'>quae</span> <span class='ocrx_word' id='word_1_520' title='bbox 2602 1882 2764 1922; x_wconf 91' lang='lat' dir='ltr'>nunc</span> <span class='ocrx_word' id='word_1_521' title='bbox 2789 1866 3127 1922; x_wconf 88' lang='lat' dir='ltr'>illuminata</span> <span class='ocrx_word' id='word_1_522' title='bbox 3146 1872 3201 1922; x_wconf 90' lang='lat' dir='ltr'>et</span> <span class='ocrx_word' id='word_1_523' title='bbox 3228 1866 3521 1922; x_wconf 86' lang='lat' dir='ltr'>illustrata</span> <span class='ocrx_word' id='word_1_524' title='bbox 3548 1866 3678 1921; x_wconf 79' lang='lat' dir='ltr'>fuit.</span> 
     </span>
    </p>
   </div>
   <div class='ocr_carea' id='block_1_65' title="bbox 2026 1954 3682 2020">
    <p class='ocr_par' dir='ltr' id='par_1_65' title="bbox 2026 1954 3682 2020">
     <span class='ocr_line' id='line_1_67' title="bbox 2026 1954 3682 2020; baseline -0.001 -9"><span class='ocrx_word' id='word_1_525' title='bbox 2026 1957 2314 2011; x_wconf 88' lang='lat' dir='ltr'>Dominus</span> <span class='ocrx_word' id='word_1_526' title='bbox 2333 1956 2492 2011; x_wconf 89' lang='lat' dir='ltr'>enim</span> <span class='ocrx_word' id='word_1_527' title='bbox 2515 1960 2603 2011; x_wconf 90' lang='lat' dir='ltr'>est</span> <span class='ocrx_word' id='word_1_528' title='bbox 2624 1971 2833 2010; x_wconf 90' lang='lat' dir='ltr'>eorum</span> <span class='ocrx_word' id='word_1_529' title='bbox 2863 1956 3105 2020; x_wconf 91' lang='lat' dir='ltr'>domus,</span> <span class='ocrx_word' id='word_1_530' title='bbox 3134 1954 3588 2011; x_wconf 81' lang='lat' dir='ltr'>tabernaculum</span> <span class='ocrx_word' id='word_1_531' title='bbox 3625 1960 3682 2010; x_wconf 91' lang='lat' dir='ltr'>et</span> 
     </span>
    </p>
   </div>
   <div class='ocr_carea' id='block_1_66' title="bbox 2027 2043 3678 2114">
    <p class='ocr_par' dir='ltr' id='par_1_66' title="bbox 2027 2043 3678 2114">
     <span class='ocr_line' id='line_1_68' title="bbox 2027 2043 3678 2114; baseline -0.001 -14"><span class='ocrx_word' id='word_1_532' title='bbox 2027 2046 2227 2100; x_wconf 85' lang='lat' dir='ltr'>civitas</span> <span class='ocrx_word' id='word_1_533' title='bbox 2252 2064 2264 2111; x_wconf 90' lang='lat'><strong>;</strong></span> <span class='ocrx_word' id='word_1_534' title='bbox 2285 2044 2587 2099; x_wconf 89' lang='lat' dir='ltr'>domicilio</span> <span class='ocrx_word' id='word_1_535' title='bbox 2612 2060 2746 2099; x_wconf 91' lang='lat' dir='ltr'>vero</span> <span class='ocrx_word' id='word_1_536' title='bbox 2769 2043 3010 2108; x_wconf 79' lang='lat' dir='ltr'>coelesti,</span> <span class='ocrx_word' id='word_1_537' title='bbox 3035 2059 3156 2099; x_wconf 91' lang='lat' dir='ltr'>non</span> <span class='ocrx_word' id='word_1_538' title='bbox 3177 2043 3519 2099; x_wconf 79' lang='lat' dir='ltr'>manufacto</span> <span class='ocrx_word' id='word_1_539' title='bbox 3548 2059 3678 2114; x_wconf 87' lang='lat' dir='ltr'>pro-</span> 
     </span>
    </p>
   </div>
   <div class='ocr_carea' id='block_1_67' title="bbox 2026 2132 3671 2202">
    <p class='ocr_par' dir='ltr' id='par_1_67' title="bbox 2026 2132 3671 2202">
     <span class='ocr_line' id='line_1_69' title="bbox 2026 2132 3671 2202; baseline -0.002 -13"><span class='ocrx_word' id='word_1_540' title='bbox 2026 2133 2158 2190; x_wconf 92' lang='lat' dir='ltr'>tecti</span> <span class='ocrx_word' id='word_1_541' title='bbox 2183 2141 2341 2199; x_wconf 90' lang='lat' dir='ltr'>sunt,</span> <span class='ocrx_word' id='word_1_542' title='bbox 2366 2133 2555 2202; x_wconf 82' lang='lat' dir='ltr'>gloria</span> <span class='ocrx_word' id='word_1_543' title='bbox 2584 2133 2868 2188; x_wconf 86' lang='lat' dir='ltr'>nimirum</span> <span class='ocrx_word' id='word_1_544' title='bbox 2898 2132 3140 2187; x_wconf 89' lang='lat' dir='ltr'>luminis</span> <span class='ocrx_word' id='word_1_545' title='bbox 3171 2132 3357 2186; x_wconf 90' lang='lat' dir='ltr'>divini</span> <span class='ocrx_word' id='word_1_546' title='bbox 3380 2132 3541 2187; x_wconf 87' lang='lat' dir='ltr'>velut</span> <span class='ocrx_word' id='word_1_547' title='bbox 3566 2132 3671 2186; x_wconf 84' lang='lat' dir='ltr'>ﬁlii</span> 
     </span>
    </p>
   </div>
   <div class='ocr_carea' id='block_1_68' title="bbox 2024 2220 3671 2281">
    <p class='ocr_par' dir='ltr' id='par_1_68' title="bbox 2024 2220 3671 2281">
     <span class='ocr_line' id='line_1_70' title="bbox 2024 2220 3671 2281; baseline -0.003 -1"><span class='ocrx_word' id='word_1_548' title='bbox 2024 2224 2176 2281; x_wconf 89' lang='lat' dir='ltr'>lucis</span> <span class='ocrx_word' id='word_1_549' title='bbox 2217 2221 2426 2277; x_wconf 77' lang='lat' dir='ltr'>eﬁecti.</span> <span class='ocrx_word' id='word_1_550' title='bbox 2480 2224 2605 2277; x_wconf 88' lang='lat' dir='ltr'>Non</span> <span class='ocrx_word' id='word_1_551' title='bbox 2654 2222 3045 2277; x_wconf 88' lang='lat' dir='ltr'>intuebuntur</span> <span class='ocrx_word' id='word_1_552' title='bbox 3098 2236 3159 2276; x_wconf 90' lang='lat' dir='ltr'>se</span> <span class='ocrx_word' id='word_1_553' title='bbox 3200 2222 3459 2276; x_wconf 89' lang='lat' dir='ltr'>invicem</span> <span class='ocrx_word' id='word_1_554' title='bbox 3491 2220 3671 2276; x_wconf 90' lang='lat' dir='ltr'>oculo</span> 
     </span>
    </p>
   </div>
   <div class='ocr_carea' id='block_1_69' title="bbox 2026 2309 3677 2382">
    <p class='ocr_par' dir='ltr' id='par_1_69' title="bbox 2026 2309 3677 2382">
     <span class='ocr_line' id='line_1_71' title="bbox 2026 2309 3677 2382; baseline 0 -17"><span class='ocrx_word' id='word_1_555' title='bbox 2026 2326 2214 2382; x_wconf 90' lang='lat' dir='ltr'>pravo</span> <span class='ocrx_word' id='word_1_556' title='bbox 2256 2329 2268 2377; x_wconf 91' lang='lat'><strong>;</strong></span> <span class='ocrx_word' id='word_1_557' title='bbox 2312 2310 2538 2365; x_wconf 86' lang='lat' dir='ltr'>malitia</span> <span class='ocrx_word' id='word_1_558' title='bbox 2587 2310 2744 2364; x_wconf 89' lang='lat' dir='ltr'>enim</span> <span class='ocrx_word' id='word_1_559' title='bbox 2795 2310 3032 2365; x_wconf 87' lang='lat' dir='ltr'>sublata</span> <span class='ocrx_word' id='word_1_560' title='bbox 3080 2315 3186 2364; x_wconf 91' lang='lat' dir='ltr'>est.</span> <span class='ocrx_word' id='word_1_561' title='bbox 3239 2309 3368 2365; x_wconf 90' lang='lat' dir='ltr'>Non</span> <span class='ocrx_word' id='word_1_562' title='bbox 3421 2316 3512 2365; x_wconf 90' lang='lat' dir='ltr'>est</span> <span class='ocrx_word' id='word_1_563' title='bbox 3562 2310 3677 2365; x_wconf 90' lang='lat' dir='ltr'>illic</span> 
     </span>
    </p>
   </div>
   <div class='ocr_carea' id='block_1_70' title="bbox 2028 2398 3682 2459">
    <p class='ocr_par' dir='ltr' id='par_1_70' title="bbox 2028 2398 3682 2459">
     <span class='ocr_line' id='line_1_72' title="bbox 2028 2398 3682 2459; baseline -0.001 -4"><span class='ocrx_word' id='word_1_564' title='bbox 2028 2399 2329 2455; x_wconf 87' lang='lat' dir='ltr'>masculus</span> <span class='ocrx_word' id='word_1_565' title='bbox 2344 2405 2398 2454; x_wconf 91' lang='lat' dir='ltr'>et</span> <span class='ocrx_word' id='word_1_566' title='bbox 2412 2399 2651 2459; x_wconf 85' lang='lat' dir='ltr'>femina,</span> <span class='ocrx_word' id='word_1_567' title='bbox 2674 2415 2881 2453; x_wconf 91' lang='lat' dir='ltr'>servus</span> <span class='ocrx_word' id='word_1_568' title='bbox 2895 2398 3128 2454; x_wconf 87' lang='lat' dir='ltr'>etliber.</span> <span class='ocrx_word' id='word_1_569' title='bbox 3154 2398 3215 2453; x_wconf 87' lang='lat' dir='ltr'>In</span> <span class='ocrx_word' id='word_1_570' title='bbox 3231 2398 3499 2453; x_wconf 81' lang='lat' dir='ltr'>divinam</span> <span class='ocrx_word' id='word_1_571' title='bbox 3522 2399 3682 2453; x_wconf 91' lang='lat' dir='ltr'>enim</span> 
     </span>
    </p>
   </div>
   <div class='ocr_carea' id='block_1_71' title="bbox 2027 2476 3681 2556">
    <p class='ocr_par' dir='ltr' id='par_1_71' title="bbox 2027 2476 3681 2556">
     <span class='ocr_line' id='line_1_73' title="bbox 2027 2476 3681 2556; baseline -0.002 -11"><span class='ocrx_word' id='word_1_572' title='bbox 2027 2496 2303 2545; x_wconf 90' lang='lat' dir='ltr'>naturam</span> <span class='ocrx_word' id='word_1_573' title='bbox 2335 2504 2547 2544; x_wconf 89' lang='lat' dir='ltr'>omnes</span> <span class='ocrx_word' id='word_1_574' title='bbox 2578 2493 3066 2552; x_wconf 87' lang='lat' dir='ltr'>transmutantur,</span> <span class='ocrx_word' id='word_1_575' title='bbox 3099 2487 3364 2556; x_wconf 81' lang='lat' dir='ltr'>benigni,</span> <span class='ocrx_word' id='word_1_576' title='bbox 3394 2476 3476 2542; x_wconf 80' lang='lat' dir='ltr'>dii</span> <span class='ocrx_word' id='word_1_577' title='bbox 3500 2495 3556 2541; x_wconf 91' lang='lat' dir='ltr'>et</span> <span class='ocrx_word' id='word_1_578' title='bbox 3578 2486 3681 2542; x_wconf 85' lang='lat' dir='ltr'>ﬁlii</span> 
     </span>
    </p>
   </div>
   <div class='ocr_carea' id='block_1_72' title="bbox 2028 2575 3683 2649">
    <p class='ocr_par' dir='ltr' id='par_1_72' title="bbox 2028 2575 3683 2649">
     <span class='ocr_line' id='line_1_74' title="bbox 2028 2575 3683 2649; baseline -0.002 -16"><span class='ocrx_word' id='word_1_579' title='bbox 2028 2580 2126 2634; x_wconf 90' lang='lat' dir='ltr'>Dei</span> <span class='ocrx_word' id='word_1_580' title='bbox 2167 2578 2323 2634; x_wconf 87' lang='lat' dir='ltr'>facti.</span> <span class='ocrx_word' id='word_1_581' title='bbox 2350 2577 2470 2632; x_wconf 88' lang='lat' dir='ltr'>Illic</span> <span class='ocrx_word' id='word_1_582' title='bbox 2515 2578 2745 2649; x_wconf 88' lang='lat' dir='ltr'>absque</span> <span class='ocrx_word' id='word_1_583' title='bbox 2785 2576 2906 2631; x_wconf 91' lang='lat' dir='ltr'>ullo</span> <span class='ocrx_word' id='word_1_584' title='bbox 2956 2577 3185 2648; x_wconf 91' lang='lat' dir='ltr'>pudore</span> <span class='ocrx_word' id='word_1_585' title='bbox 3230 2582 3366 2631; x_wconf 88' lang='lat' dir='ltr'>tunc</span> <span class='ocrx_word' id='word_1_586' title='bbox 3405 2575 3683 2647; x_wconf 86' lang='lat' dir='ltr'>loquetur</span> 
     </span>
    </p>
   </div>
   <div class='ocr_carea' id='block_1_73' title="bbox 2026 2665 3682 2740">
    <p class='ocr_par' dir='ltr' id='par_1_73' title="bbox 2026 2665 3682 2740">
     <span class='ocr_line' id='line_1_75' title="bbox 2026 2665 3682 2740; baseline -0.002 -17"><span class='ocrx_word' id='word_1_587' title='bbox 2026 2683 2238 2740; x_wconf 88' lang='lat' dir='ltr'>pacem</span> <span class='ocrx_word' id='word_1_588' title='bbox 2269 2668 2448 2722; x_wconf 83' lang='lat' dir='ltr'>frater</span> <span class='ocrx_word' id='word_1_589' title='bbox 2472 2682 2610 2722; x_wconf 88' lang='lat' dir='ltr'>cum</span> <span class='ocrx_word' id='word_1_590' title='bbox 2643 2681 2865 2721; x_wconf 89' lang='lat' dir='ltr'>sorore.</span> <span class='ocrx_word' id='word_1_591' title='bbox 2900 2667 3089 2722; x_wconf 88' lang='lat' dir='ltr'>Unum</span> <span class='ocrx_word' id='word_1_592' title='bbox 3125 2665 3424 2736; x_wconf 88' lang='lat' dir='ltr'>siquidem</span> <span class='ocrx_word' id='word_1_593' title='bbox 3458 2665 3682 2719; x_wconf 88' lang='lat' dir='ltr'>suntin</span> 
     </span>
    </p>
   </div>
   <div class='ocr_carea' id='block_1_74' title="bbox 2026 2754 3680 2825">
    <p class='ocr_par' dir='ltr' id='par_1_74' title="bbox 2026 2754 3680 2825">
     <span class='ocr_line' id='line_1_76' title="bbox 2026 2754 3680 2825; baseline -0.004 -13"><span class='ocrx_word' id='word_1_594' title='bbox 2026 2757 2252 2812; x_wconf 89' lang='lat' dir='ltr'>Christo</span> <span class='ocrx_word' id='word_1_595' title='bbox 2274 2772 2506 2822; x_wconf 89' lang='lat' dir='ltr'>omnes,</span> <span class='ocrx_word' id='word_1_596' title='bbox 2527 2762 2585 2811; x_wconf 89' lang='lat' dir='ltr'>et</span> <span class='ocrx_word' id='word_1_597' title='bbox 2596 2771 2805 2811; x_wconf 90' lang='lat' dir='ltr'>omnes</span> <span class='ocrx_word' id='word_1_598' title='bbox 2823 2755 2881 2810; x_wconf 92' lang='lat' dir='ltr'>in</span> <span class='ocrx_word' id='word_1_599' title='bbox 2897 2771 3016 2810; x_wconf 91' lang='lat' dir='ltr'>uno</span> <span class='ocrx_word' id='word_1_600' title='bbox 3032 2754 3257 2809; x_wconf 89' lang='lat' dir='ltr'>lumine</span> <span class='ocrx_word' id='word_1_601' title='bbox 3276 2754 3680 2825; x_wconf 89' lang='lat' dir='ltr'>requiescunt.</span> 
     </span>
    </p>
   </div>
   <div class='ocr_carea' id='block_1_75' title="bbox 2025 2842 3681 2909">
    <p class='ocr_par' dir='ltr' id='par_1_75' title="bbox 2025 2842 3681 2909">
     <span class='ocr_line' id='line_1_77' title="bbox 2025 2842 3681 2909; baseline -0.004 -7"><span class='ocrx_word' id='word_1_602' title='bbox 2025 2846 2298 2902; x_wconf 82' lang='lat' dir='ltr'>Attendet</span> <span class='ocrx_word' id='word_1_603' title='bbox 2343 2845 2488 2901; x_wconf 82' lang='lat' dir='ltr'>alter</span> <span class='ocrx_word' id='word_1_604' title='bbox 2535 2844 2595 2900; x_wconf 92' lang='lat' dir='ltr'>in</span> <span class='ocrx_word' id='word_1_605' title='bbox 2644 2843 2919 2909; x_wconf 90' lang='lat' dir='ltr'>alterum,</span> <span class='ocrx_word' id='word_1_606' title='bbox 2949 2848 3004 2898; x_wconf 92' lang='lat' dir='ltr'>et</span> <span class='ocrx_word' id='word_1_607' title='bbox 3049 2843 3199 2899; x_wconf 89' lang='lat' dir='ltr'>inter</span> <span class='ocrx_word' id='word_1_608' title='bbox 3249 2842 3681 2899; x_wconf 87' lang='lat' dir='ltr'>attendendum</span> 
     </span>
    </p>
   </div>
   <div class='ocr_carea' id='block_1_76' title="bbox 2023 2931 3681 3003">
    <p class='ocr_par' dir='ltr' id='par_1_76' title="bbox 2023 2931 3681 3003">
     <span class='ocr_line' id='line_1_78' title="bbox 2023 2931 3681 3003; baseline -0.002 -12"><span class='ocrx_word' id='word_1_609' title='bbox 2023 2935 2336 2991; x_wconf 85' lang='lat' dir='ltr'>confestim</span> <span class='ocrx_word' id='word_1_610' title='bbox 2382 2935 2582 2991; x_wconf 90' lang='lat' dir='ltr'>denuo</span> <span class='ocrx_word' id='word_1_611' title='bbox 2623 2935 2684 2989; x_wconf 90' lang='lat' dir='ltr'>in</span> <span class='ocrx_word' id='word_1_612' title='bbox 2718 2933 2961 2988; x_wconf 82' lang='lat' dir='ltr'>veritate</span> <span class='ocrx_word' id='word_1_613' title='bbox 3005 2932 3423 3003; x_wconf 79' lang='lat' dir='ltr'>splendebant,</span> <span class='ocrx_word' id='word_1_614' title='bbox 3456 2931 3515 2987; x_wconf 91' lang='lat' dir='ltr'>in</span> <span class='ocrx_word' id='word_1_615' title='bbox 3544 2947 3681 2987; x_wconf 87' lang='lat' dir='ltr'>vera</span> 
     </span>
    </p>
   </div>
   <div class='ocr_carea' id='block_1_77' title="bbox 2022 3022 3065 3095">
    <p class='ocr_par' dir='ltr' id='par_1_77' title="bbox 2022 3022 3065 3095">
     <span class='ocr_line' id='line_1_79' title="bbox 2022 3022 3065 3095; baseline -0.005 -15"><span class='ocrx_word' id='word_1_616' title='bbox 2022 3024 2527 3095; x_wconf 86' lang='lat' dir='ltr'>contemplatione</span> <span class='ocrx_word' id='word_1_617' title='bbox 2558 3022 2801 3078; x_wconf 88' lang='lat' dir='ltr'>luminis</span> <span class='ocrx_word' id='word_1_618' title='bbox 2841 3022 3065 3079; x_wconf 88' lang='lat' dir='ltr'>arcani.</span> 
     </span>
    </p>
   </div>
   <div class='ocr_carea' id='block_1_78' title="bbox 2097 3143 3682 3217">
    <p class='ocr_par' dir='ltr' id='par_1_78' title="bbox 2097 3143 3682 3217">
     <span class='ocr_line' id='line_1_80' title="bbox 2097 3143 3682 3217; baseline -0.003 -14"><span class='ocrx_word' id='word_1_619' title='bbox 2097 3149 2189 3203; x_wconf 89' lang='lat' dir='ltr'>Ill.</span> <span class='ocrx_word' id='word_1_620' title='bbox 2221 3147 2383 3203; x_wconf 86' lang='lat' dir='ltr'>Adeo</span> <span class='ocrx_word' id='word_1_621' title='bbox 2434 3146 2864 3217; x_wconf 86' lang='lat' dir='ltr'>multiplicibus</span> <span class='ocrx_word' id='word_1_622' title='bbox 2905 3145 3132 3214; x_wconf 89' lang='lat' dir='ltr'>ﬁguris,</span> <span class='ocrx_word' id='word_1_623' title='bbox 3167 3143 3356 3200; x_wconf 87' lang='lat' dir='ltr'>multa</span> <span class='ocrx_word' id='word_1_624' title='bbox 3406 3148 3462 3199; x_wconf 91' lang='lat' dir='ltr'>et</span> <span class='ocrx_word' id='word_1_625' title='bbox 3513 3143 3682 3199; x_wconf 87' lang='lat' dir='ltr'>varia</span> 
     </span>
    </p>
   </div>
   <div class='ocr_carea' id='block_1_79' title="bbox 2025 3234 3683 3307">
    <p class='ocr_par' dir='ltr' id='par_1_79' title="bbox 2025 3234 3683 3307">
     <span class='ocr_line' id='line_1_81' title="bbox 2025 3234 3683 3307; baseline -0.004 -15"><span class='ocrx_word' id='word_1_626' title='bbox 2025 3237 2215 3307; x_wconf 81' lang='lat' dir='ltr'>gloria</span> <span class='ocrx_word' id='word_1_627' title='bbox 2232 3235 2436 3291; x_wconf 84' lang='lat' dir='ltr'>divina</span> <span class='ocrx_word' id='word_1_628' title='bbox 2454 3251 2517 3290; x_wconf 91' lang='lat' dir='ltr'>se</span> <span class='ocrx_word' id='word_1_629' title='bbox 2546 3235 2801 3290; x_wconf 86' lang='lat' dir='ltr'>invicem</span> <span class='ocrx_word' id='word_1_630' title='bbox 2819 3235 3108 3305; x_wconf 89' lang='lat' dir='ltr'>aspicient</span> <span class='ocrx_word' id='word_1_631' title='bbox 3132 3250 3144 3288; x_wconf 74' lang='grc' dir='ltr'>ε</span> <span class='ocrx_word' id='word_1_632' title='bbox 3171 3234 3421 3305; x_wconf 91' lang='lat' dir='ltr'>quisque</span> <span class='ocrx_word' id='word_1_633' title='bbox 3438 3236 3683 3304; x_wconf 88' lang='lat' dir='ltr'>stupore</span> 
     </span>
    </p>
   </div>
   <div class='ocr_carea' id='block_1_80' title="bbox 2024 3320 3680 3398">
    <p class='ocr_par' dir='ltr' id='par_1_80' title="bbox 2024 3320 3680 3398">
     <span class='ocr_line' id='line_1_82' title="bbox 2024 3320 3680 3398; baseline -0.003 -18"><span class='ocrx_word' id='word_1_634' title='bbox 2024 3328 2384 3398; x_wconf 86' lang='lat' dir='ltr'>percutietur</span> <span class='ocrx_word' id='word_1_635' title='bbox 2430 3331 2486 3380; x_wconf 86' lang='lat' dir='ltr'>et</span> <span class='ocrx_word' id='word_1_636' title='bbox 2548 3322 2866 3379; x_wconf 86' lang='lat' dir='ltr'>exsultabit</span> <span class='ocrx_word' id='word_1_637' title='bbox 2915 3321 3308 3379; x_wconf 85' lang='lat' dir='ltr'>exsultatione</span> <span class='ocrx_word' id='word_1_638' title='bbox 3371 3320 3680 3387; x_wconf 81' lang='lat' dir='ltr'>iueﬁabili,</span> 
     </span>
    </p>
   </div>
   <div class='ocr_carea' id='block_1_81' title="bbox 2026 3410 3680 3482">
    <p class='ocr_par' dir='ltr' id='par_1_81' title="bbox 2026 3410 3680 3482">
     <span class='ocr_line' id='line_1_83' title="bbox 2026 3410 3680 3482; baseline -0.003 -12"><span class='ocrx_word' id='word_1_639' title='bbox 2026 3414 2449 3470; x_wconf 85' lang='lat' dir='ltr'>animadversa</span> <span class='ocrx_word' id='word_1_640' title='bbox 2501 3412 2741 3468; x_wconf 89' lang='lat' dir='ltr'>alterius</span> <span class='ocrx_word' id='word_1_641' title='bbox 2804 3411 3012 3481; x_wconf 87' lang='lat' dir='ltr'>gloria.</span> <span class='ocrx_word' id='word_1_642' title='bbox 3075 3410 3247 3465; x_wconf 89' lang='lat' dir='ltr'>Vides</span> <span class='ocrx_word' id='word_1_643' title='bbox 3299 3426 3422 3482; x_wconf 91' lang='lat' dir='ltr'>quo</span> <span class='ocrx_word' id='word_1_644' title='bbox 3504 3416 3680 3481; x_wconf 90' lang='lat' dir='ltr'>pacto</span> 
     </span>
    </p>
   </div>
   <div class='ocr_carea' id='block_1_82' title="bbox 2028 3499 3683 3575">
    <p class='ocr_par' dir='ltr' id='par_1_82' title="bbox 2028 3499 3683 3575">
     <span class='ocr_line' id='line_1_84' title="bbox 2028 3499 3683 3575; baseline -0.003 -17"><span class='ocrx_word' id='word_1_645' title='bbox 2028 3504 2218 3575; x_wconf 88' lang='lat' dir='ltr'>gloria</span> <span class='ocrx_word' id='word_1_646' title='bbox 2270 3503 2365 3557; x_wconf 91' lang='lat' dir='ltr'>Dei</span> <span class='ocrx_word' id='word_1_647' title='bbox 2410 3500 2605 3558; x_wconf 89' lang='lat' dir='ltr'>verbis</span> <span class='ocrx_word' id='word_1_648' title='bbox 2644 3500 2925 3573; x_wconf 85' lang='lat' dir='ltr'>explicari</span> <span class='ocrx_word' id='word_1_649' title='bbox 2970 3506 3072 3556; x_wconf 89' lang='lat' dir='ltr'>aut</span> <span class='ocrx_word' id='word_1_650' title='bbox 3109 3499 3536 3571; x_wconf 90' lang='lat' dir='ltr'>comprehendi</span> <span class='ocrx_word' id='word_1_651' title='bbox 3585 3515 3683 3554; x_wconf 92' lang='lat' dir='ltr'>ne-</span> 
     </span>
    </p>
   </div>
   <div class='ocr_carea' id='block_1_83' title="bbox 2027 3588 3683 3665">
    <p class='ocr_par' dir='ltr' id='par_1_83' title="bbox 2027 3588 3683 3665">
     <span class='ocr_line' id='line_1_85' title="bbox 2027 3588 3683 3665; baseline -0.001 -19"><span class='ocrx_word' id='word_1_652' title='bbox 2027 3596 2230 3665; x_wconf 88' lang='lat' dir='ltr'>queat,</span> <span class='ocrx_word' id='word_1_653' title='bbox 2264 3591 2454 3662; x_wconf 91' lang='lat' dir='ltr'>gloria</span> <span class='ocrx_word' id='word_1_654' title='bbox 2505 3590 2727 3645; x_wconf 86' lang='lat' dir='ltr'>scilicet</span> <span class='ocrx_word' id='word_1_655' title='bbox 2772 3589 3014 3645; x_wconf 91' lang='lat' dir='ltr'>luminis</span> <span class='ocrx_word' id='word_1_656' title='bbox 3064 3588 3289 3654; x_wconf 88' lang='lat' dir='ltr'>arcani,</span> <span class='ocrx_word' id='word_1_657' title='bbox 3322 3594 3683 3645; x_wconf 71' lang='lat' dir='ltr'>aeternorum</span> 
     </span>
    </p>
   </div>
   <div class='ocr_carea' id='block_1_84' title="bbox 2029 3676 3683 3752">
    <p class='ocr_par' dir='ltr' id='par_1_84' title="bbox 2029 3676 3683 3752">
     <span class='ocr_line' id='line_1_86' title="bbox 2029 3676 3683 3752; baseline -0.003 -15"><span class='ocrx_word' id='word_1_658' title='bbox 2029 3681 2443 3752; x_wconf 83' lang='lat' dir='ltr'>mysteriorum</span> <span class='ocrx_word' id='word_1_659' title='bbox 2458 3683 2513 3735; x_wconf 92' lang='lat' dir='ltr'>et</span> <span class='ocrx_word' id='word_1_660' title='bbox 2532 3676 3683 3744; x_wconf 86' lang='lat' dir='ltr'>bonoruminnumerabilium.Quemad-</span> 
     </span>
    </p>
   </div>
   <div class='ocr_carea' id='block_1_85' title="bbox 2030 3765 3681 3839">
    <p class='ocr_par' dir='ltr' id='par_1_85' title="bbox 2030 3765 3681 3839">
     <span class='ocr_line' id='line_1_87' title="bbox 2030 3765 3681 3839; baseline -0.004 -13"><span class='ocrx_word' id='word_1_661' title='bbox 2030 3770 2281 3827; x_wconf 89' lang='lat' dir='ltr'>modum</span> <span class='ocrx_word' id='word_1_662' title='bbox 2315 3768 2478 3824; x_wconf 88' lang='lat' dir='ltr'>enim</span> <span class='ocrx_word' id='word_1_663' title='bbox 2520 3769 2580 3824; x_wconf 92' lang='lat' dir='ltr'>in</span> <span class='ocrx_word' id='word_1_664' title='bbox 2619 3768 2796 3823; x_wconf 90' lang='lat' dir='ltr'>rebus</span> <span class='ocrx_word' id='word_1_665' title='bbox 2836 3768 2982 3823; x_wconf 89' lang='lat' dir='ltr'>aciei</span> <span class='ocrx_word' id='word_1_666' title='bbox 3021 3766 3334 3823; x_wconf 90' lang='lat' dir='ltr'>oculorum</span> <span class='ocrx_word' id='word_1_667' title='bbox 3378 3765 3681 3839; x_wconf 89' lang='lat' dir='ltr'>subjectis,</span> 
     </span>
    </p>
   </div>
   <div class='ocr_carea' id='block_1_86' title="bbox 2029 3856 3683 3932">
    <p class='ocr_par' dir='ltr' id='par_1_86' title="bbox 2029 3856 3683 3932">
     <span class='ocr_line' id='line_1_88' title="bbox 2029 3856 3683 3932; baseline -0.002 -18"><span class='ocrx_word' id='word_1_668' title='bbox 2029 3859 2471 3932; x_wconf 69' lang='lat' dir='ltr'>plantasterrae,</span> <span class='ocrx_word' id='word_1_669' title='bbox 2502 3856 2734 3913; x_wconf 87' lang='lat' dir='ltr'>semina</span> <span class='ocrx_word' id='word_1_670' title='bbox 2761 3862 2865 3912; x_wconf 89' lang='lat' dir='ltr'>aut</span> <span class='ocrx_word' id='word_1_671' title='bbox 2888 3856 3065 3912; x_wconf 88' lang='lat' dir='ltr'>ﬂores</span> <span class='ocrx_word' id='word_1_672' title='bbox 3100 3857 3300 3911; x_wconf 83' lang='lat' dir='ltr'>varios</span> <span class='ocrx_word' id='word_1_673' title='bbox 3322 3871 3442 3909; x_wconf 87' lang='lat' dir='ltr'>non</span> <span class='ocrx_word' id='word_1_674' title='bbox 3474 3856 3683 3911; x_wconf 88' lang='lat' dir='ltr'>datum</span> 
     </span>
    </p>
   </div>
   <div class='ocr_carea' id='block_1_87' title="bbox 2029 3943 3684 4019">
    <p class='ocr_par' dir='ltr' id='par_1_87' title="bbox 2029 3943 3684 4019">
     <span class='ocr_line' id='line_1_89' title="bbox 2029 3943 3684 4019; baseline -0.004 -15"><span class='ocrx_word' id='word_1_675' title='bbox 2029 3954 2115 4004; x_wconf 90' lang='lat' dir='ltr'>est</span> <span class='ocrx_word' id='word_1_676' title='bbox 2176 3948 2442 4019; x_wconf 88' lang='lat' dir='ltr'>cuipiam</span> <span class='ocrx_word' id='word_1_677' title='bbox 2488 3961 2740 4001; x_wconf 89' lang='lat' dir='ltr'>numero</span> <span class='ocrx_word' id='word_1_678' title='bbox 2798 3943 3326 4015; x_wconf 88' lang='lat' dir='ltr'>comprehendere,</span> <span class='ocrx_word' id='word_1_679' title='bbox 3380 3949 3560 4015; x_wconf 88' lang='lat' dir='ltr'>atque</span> <span class='ocrx_word' id='word_1_680' title='bbox 3619 3947 3684 3997; x_wconf 92' lang='lat' dir='ltr'>ut</span> 
     </span>
    </p>
   </div>
   <div class='ocr_carea' id='block_1_88' title="bbox 2029 4032 3680 4107">
    <p class='ocr_par' dir='ltr' id='par_1_88' title="bbox 2029 4032 3680 4107">
     <span class='ocr_line' id='line_1_90' title="bbox 2029 4032 3680 4107; baseline -0.005 -14"><span class='ocrx_word' id='word_1_681' title='bbox 2029 4053 2240 4093; x_wconf 88' lang='lat' dir='ltr'>omnes</span> <span class='ocrx_word' id='word_1_682' title='bbox 2265 4042 2590 4107; x_wconf 68' lang='lat' dir='ltr'>opcsterraa</span> <span class='ocrx_word' id='word_1_683' title='bbox 2605 4032 3193 4104; x_wconf 85' lang='lat' dir='ltr'>metiaturquispiam</span> <span class='ocrx_word' id='word_1_684' title='bbox 3217 4036 3680 4100; x_wconf 88' lang='lat' dir='ltr'>autcognoscat,</span> 
     </span>
    </p>
   </div>
   <div class='ocr_carea' id='block_1_89' title="bbox 2030 4120 3685 4195">
    <p class='ocr_par' dir='ltr' id='par_1_89' title="bbox 2030 4120 3685 4195">
     <span class='ocr_line' id='line_1_91' title="bbox 2030 4120 3685 4195; baseline -0.003 -15"><span class='ocrx_word' id='word_1_685' title='bbox 2030 4127 2153 4180; x_wconf 82' lang='lat' dir='ltr'>ﬁeri</span> <span class='ocrx_word' id='word_1_686' title='bbox 2184 4141 2302 4179; x_wconf 89' lang='lat' dir='ltr'>non</span> <span class='ocrx_word' id='word_1_687' title='bbox 2337 4130 2529 4195; x_wconf 90' lang='lat' dir='ltr'>potest</span> <span class='ocrx_word' id='word_1_688' title='bbox 2564 4140 2576 4190; x_wconf 91' lang='lat'><strong>;</strong></span> <span class='ocrx_word' id='word_1_689' title='bbox 2606 4127 2708 4178; x_wconf 86' lang='lat' dir='ltr'>aut</span> <span class='ocrx_word' id='word_1_690' title='bbox 2760 4122 2937 4176; x_wconf 89' lang='lat' dir='ltr'>veluti</span> <span class='ocrx_word' id='word_1_691' title='bbox 2981 4120 3270 4176; x_wconf 89' lang='lat' dir='ltr'>animalia</span> <span class='ocrx_word' id='word_1_692' title='bbox 3307 4120 3366 4174; x_wconf 87' lang='lat' dir='ltr'>in</span> <span class='ocrx_word' id='word_1_693' title='bbox 3408 4120 3560 4174; x_wconf 87' lang='lat' dir='ltr'>mari</span> <span class='ocrx_word' id='word_1_694' title='bbox 3585 4120 3685 4175; x_wconf 92' lang='lat' dir='ltr'>de-</span> 
     </span>
    </p>
   </div>
   <div class='ocr_carea' id='block_1_90' title="bbox 2029 4208 3680 4285">
    <p class='ocr_par' dir='ltr' id='par_1_90' title="bbox 2029 4208 3680 4285">
     <span class='ocr_line' id='line_1_92' title="bbox 2029 4208 3680 4285; baseline -0.004 -17"><span class='ocrx_word' id='word_1_695' title='bbox 2029 4215 2247 4285; x_wconf 86' lang='lat' dir='ltr'>gentia,</span> <span class='ocrx_word' id='word_1_696' title='bbox 2275 4218 2378 4267; x_wconf 82' lang='lat' dir='ltr'>aut</span> <span class='ocrx_word' id='word_1_697' title='bbox 2397 4227 2737 4275; x_wconf 88' lang='lat' dir='ltr'>numerum,</span> <span class='ocrx_word' id='word_1_698' title='bbox 2762 4216 3114 4279; x_wconf 78' lang='lat' dir='ltr'>autgenere,</span> <span class='ocrx_word' id='word_1_699' title='bbox 3136 4216 3237 4264; x_wconf 89' lang='lat' dir='ltr'>aut</span> <span class='ocrx_word' id='word_1_700' title='bbox 3262 4208 3680 4274; x_wconf 79' lang='lat' dir='ltr'>differentiam,</span> 
     </span>
    </p>
   </div>
   <div class='ocr_carea' id='block_1_91' title="bbox 2030 4296 3683 4371">
    <p class='ocr_par' dir='ltr' id='par_1_91' title="bbox 2030 4296 3683 4371">
     <span class='ocr_line' id='line_1_93' title="bbox 2030 4296 3683 4371; baseline -0.005 -12"><span class='ocrx_word' id='word_1_701' title='bbox 2030 4307 2131 4359; x_wconf 87' lang='lat' dir='ltr'>aut</span> <span class='ocrx_word' id='word_1_702' title='bbox 2159 4317 2505 4357; x_wconf 87' lang='lat' dir='ltr'>mensuram</span> <span class='ocrx_word' id='word_1_703' title='bbox 2546 4316 2720 4371; x_wconf 69' lang='lat' dir='ltr'>aquae</span> <span class='ocrx_word' id='word_1_704' title='bbox 2750 4299 3009 4370; x_wconf 88' lang='lat' dir='ltr'>ejus,aut</span> <span class='ocrx_word' id='word_1_705' title='bbox 3040 4313 3387 4353; x_wconf 86' lang='lat' dir='ltr'>mensuram</span> <span class='ocrx_word' id='word_1_706' title='bbox 3415 4296 3527 4351; x_wconf 91' lang='lat' dir='ltr'>loci</span> <span class='ocrx_word' id='word_1_707' title='bbox 3558 4296 3683 4367; x_wconf 91' lang='lat' dir='ltr'>ejus</span> 
     </span>
    </p>
   </div>
   <div class='ocr_carea' id='block_1_92' title="bbox 2030 4385 3683 4462">
    <p class='ocr_par' dir='ltr' id='par_1_92' title="bbox 2030 4385 3683 4462">
     <span class='ocr_line' id='line_1_94' title="bbox 2030 4385 3683 4462; baseline -0.004 -15"><span class='ocrx_word' id='word_1_708' title='bbox 2030 4390 2400 4462; x_wconf 88' lang='lat' dir='ltr'>impossibile</span> <span class='ocrx_word' id='word_1_709' title='bbox 2431 4394 2515 4445; x_wconf 91' lang='lat' dir='ltr'>est</span> <span class='ocrx_word' id='word_1_710' title='bbox 2547 4389 2647 4444; x_wconf 90' lang='lat' dir='ltr'>ulli</span> <span class='ocrx_word' id='word_1_711' title='bbox 2678 4388 2992 4443; x_wconf 88' lang='lat' dir='ltr'>hominum</span> <span class='ocrx_word' id='word_1_712' title='bbox 3026 4385 3683 4457; x_wconf 88' lang='lat' dir='ltr'>comprehendere;aut</span> 
     </span>
    </p>
   </div>
   <div class='ocr_carea' id='block_1_93' title="bbox 2032 4475 3673 4551">
    <p class='ocr_par' dir='ltr' id='par_1_93' title="bbox 2032 4475 3673 4551">
     <span class='ocr_line' id='line_1_95' title="bbox 2032 4475 3673 4551; baseline -0.004 -16"><span class='ocrx_word' id='word_1_713' title='bbox 2032 4480 2210 4535; x_wconf 89' lang='lat' dir='ltr'>veluti</span> <span class='ocrx_word' id='word_1_714' title='bbox 2242 4496 2344 4551; x_wconf 88' lang='lat' dir='ltr'>per</span> <span class='ocrx_word' id='word_1_715' title='bbox 2372 4495 2572 4534; x_wconf 89' lang='lat' dir='ltr'>aerem</span> <span class='ocrx_word' id='word_1_716' title='bbox 2609 4476 2940 4533; x_wconf 86' lang='lat' dir='ltr'>volantium</span> <span class='ocrx_word' id='word_1_717' title='bbox 2969 4475 3300 4530; x_wconf 88' lang='lat' dir='ltr'>volucrium</span> <span class='ocrx_word' id='word_1_718' title='bbox 3332 4490 3673 4545; x_wconf 89' lang='lat' dir='ltr'>numerum,</span> 
     </span>
    </p>
   </div>
   <div class='ocr_carea' id='block_1_94' title="bbox 328 4561 1920 4639">
    <p class='ocr_par' dir='ltr' id='par_1_94' title="bbox 328 4561 1920 4639">
     <span class='ocr_line' id='line_1_96' title="bbox 328 4561 1920 4639; baseline -0.002 -21"><span class='ocrx_word' id='word_1_719' title='bbox 328 4566 631 4639; x_wconf 81' lang='grc' dir='ltr'>μέγεθος,ή</span> <span class='ocrx_word' id='word_1_720' title='bbox 693 4568 786 4626; x_wconf 87' lang='grc' dir='ltr'>τάς</span> <span class='ocrx_word' id='word_1_721' title='bbox 846 4566 1005 4624; x_wconf 81' lang='grc' dir='ltr'>θέσεις</span> <span class='ocrx_word' id='word_1_722' title='bbox 1065 4572 1163 4616; x_wconf 88' lang='grc' dir='ltr'>τῶν</span> <span class='ocrx_word' id='word_1_723' title='bbox 1214 4564 1440 4636; x_wconf 81' lang='grc' dir='ltr'>οἴστρων,</span> <span class='ocrx_word' id='word_1_724' title='bbox 1502 4564 1531 4622; x_wconf 74' lang='grc' dir='ltr'><em>ἡ</em></span> <span class='ocrx_word' id='word_1_725' title='bbox 1588 4568 1674 4616; x_wconf 85' lang='grc' dir='ltr'>τὸν</span> <span class='ocrx_word' id='word_1_726' title='bbox 1728 4561 1920 4638; x_wconf 79' lang='grc' dir='ltr'>δρόμον</span> 
     </span>
    </p>
   </div>
   <div class='ocr_carea' id='block_1_95' title="bbox 2033 4561 3677 4639">
    <p class='ocr_par' dir='ltr' id='par_1_95' title="bbox 2036 4564 3677 4638">
     <span class='ocr_line' id='line_1_97' title="bbox 2036 4564 3677 4638; baseline -0.004 -14"><span class='ocrx_word' id='word_1_727' title='bbox 2036 4574 2138 4625; x_wconf 89' lang='lat' dir='ltr'>aut</span> <span class='ocrx_word' id='word_1_728' title='bbox 2170 4584 2385 4638; x_wconf 84' lang='lat' dir='ltr'>genera</span> <span class='ocrx_word' id='word_1_729' title='bbox 2402 4567 2836 4623; x_wconf 87' lang='lat' dir='ltr'>autvarietates</span> <span class='ocrx_word' id='word_1_730' title='bbox 2869 4580 2989 4619; x_wconf 93' lang='lat' dir='ltr'>non</span> <span class='ocrx_word' id='word_1_731' title='bbox 3005 4564 3143 4619; x_wconf 91' lang='lat' dir='ltr'>licet</span> <span class='ocrx_word' id='word_1_732' title='bbox 3168 4579 3527 4633; x_wconf 87' lang='lat' dir='ltr'>cognoscere</span> <span class='ocrx_word' id='word_1_733' title='bbox 3545 4580 3559 4629; x_wconf 87' lang='lat'><strong>;</strong></span> <span class='ocrx_word' id='word_1_734' title='bbox 3577 4568 3677 4617; x_wconf 82' lang='lat' dir='ltr'>aut</span> 
     </span>
    </p>
   </div>
   <div class='ocr_carea' id='block_1_96' title="bbox 331 4650 1924 4719">
    <p class='ocr_par' dir='ltr' id='par_1_96' title="bbox 331 4650 1924 4719">
     <span class='ocr_line' id='line_1_98' title="bbox 331 4650 1924 4719; baseline -0.003 -10"><span class='ocrx_word' id='word_1_735' title='bbox 331 4657 496 4709; x_wconf 78' lang='grc' dir='ltr'>αὐτῶν</span> <span class='ocrx_word' id='word_1_736' title='bbox 549 4658 617 4719; x_wconf 84' lang='grc' dir='ltr'>ὡς</span> <span class='ocrx_word' id='word_1_737' title='bbox 675 4658 817 4709; x_wconf 77' lang='grc' dir='ltr'>ἔστιν</span> <span class='ocrx_word' id='word_1_738' title='bbox 867 4650 1123 4707; x_wconf 80' lang='grc' dir='ltr'>ἀδύνατον</span> <span class='ocrx_word' id='word_1_739' title='bbox 1175 4652 1482 4706; x_wconf 80' lang='grc' dir='ltr'>καταλαϐεῖν</span> <span class='ocrx_word' id='word_1_740' title='bbox 1523 4668 1538 4685; x_wconf 82' lang='grc'><strong>⁸</strong></span> <span class='ocrx_word' id='word_1_741' title='bbox 1590 4654 1745 4715; x_wconf 75' lang='grc' dir='ltr'>οὕτως</span> <span class='ocrx_word' id='word_1_742' title='bbox 1784 4654 1924 4708; x_wconf 80' lang='grc' dir='ltr'>ἐστὶν</span> 
     </span>
    </p>
   </div>
   <div class='ocr_carea' id='block_1_97' title="bbox 331 4740 1925 4817">
    <p class='ocr_par' dir='ltr' id='par_1_97' title="bbox 331 4740 1925 4817">
     <span class='ocr_line' id='line_1_99' title="bbox 331 4740 1925 4817; baseline -0.001 -20"><span class='ocrx_word' id='word_1_743' title='bbox 331 4742 586 4799; x_wconf 80' lang='grc' dir='ltr'>ἀδύνατον</span> <span class='ocrx_word' id='word_1_744' title='bbox 645 4746 823 4809; x_wconf 87' lang='grc' dir='ltr'>εἰπεῖν,</span> <span class='ocrx_word' id='word_1_745' title='bbox 873 4745 903 4804; x_wconf 74' lang='grc' dir='ltr'><strong><em>ἦ</em></strong></span> <span class='ocrx_word' id='word_1_746' title='bbox 975 4740 1319 4817; x_wconf 80' lang='grc' dir='ltr'>διαγορεῦσαι</span> <span class='ocrx_word' id='word_1_747' title='bbox 1384 4746 1469 4796; x_wconf 89' lang='grc' dir='ltr'>τὸν</span> <span class='ocrx_word' id='word_1_748' title='bbox 1550 4743 1768 4797; x_wconf 82' lang='grc' dir='ltr'>πλοῦτον</span> <span class='ocrx_word' id='word_1_749' title='bbox 1826 4754 1925 4797; x_wconf 87' lang='grc' dir='ltr'>τῶν</span> 
     </span>
    </p>
   </div>
   <div class='ocr_carea' id='block_1_98' title="bbox 332 4832 1922 4909">
    <p class='ocr_par' dir='ltr' id='par_1_98' title="bbox 332 4832 1922 4909">
     <span class='ocr_line' id='line_1_100' title="bbox 332 4832 1922 4909; baseline -0.003 -20"><span class='ocrx_word' id='word_1_750' title='bbox 332 4843 660 4909; x_wconf 85' lang='grc' dir='ltr'>Χριστιανῶν</span> <span class='ocrx_word' id='word_1_751' title='bbox 678 4837 763 4886; x_wconf 87' lang='grc' dir='ltr'>τόν</span> <span class='ocrx_word' id='word_1_752' title='bbox 792 4833 1098 4907; x_wconf 81' lang='grc' dir='ltr'>ἀμέτρητον,</span> <span class='ocrx_word' id='word_1_753' title='bbox 1124 4833 1405 4906; x_wconf 84' lang='grc' dir='ltr'>ἀπέραντον</span> <span class='ocrx_word' id='word_1_754' title='bbox 1431 4838 1514 4885; x_wconf 82' lang='lat' dir='ltr'>xui</span> <span class='ocrx_word' id='word_1_755' title='bbox 1538 4832 1922 4892; x_wconf 84' lang='grc' dir='ltr'>ἀκατάληπτον,</span> 
     </span>
    </p>
   </div>
   <div class='ocr_carea' id='block_1_99' title="bbox 336 4916 1926 4998">
    <p class='ocr_par' dir='ltr' id='par_1_99' title="bbox 336 4916 1926 4998">
     <span class='ocr_line' id='line_1_101' title="bbox 336 4916 1926 4998; baseline -0.001 -22"><span class='ocrx_word' id='word_1_756' title='bbox 336 4925 399 4980; x_wconf 86' lang='grc' dir='ltr'><strong>Εἰ</strong></span> <span class='ocrx_word' id='word_1_757' title='bbox 449 4926 550 4996; x_wconf 78' lang='grc' dir='ltr'>γὰρ</span> <span class='ocrx_word' id='word_1_758' title='bbox 605 4916 671 4974; x_wconf 81' lang='grc' dir='ltr'>τὰ</span> <span class='ocrx_word' id='word_1_759' title='bbox 721 4927 990 4995; x_wconf 81' lang='grc' dir='ltr'>κτίσματα</span> <span class='ocrx_word' id='word_1_760' title='bbox 1053 4930 1218 4975; x_wconf 84' lang='grc' dir='ltr'>ταῦτα</span> <span class='ocrx_word' id='word_1_761' title='bbox 1276 4931 1524 4976; x_wconf 81' lang='grc' dir='ltr'>τοσοῦτον</span> <span class='ocrx_word' id='word_1_762' title='bbox 1581 4925 1771 4998; x_wconf 82' lang='grc' dir='ltr'>ἄπειρα</span> <span class='ocrx_word' id='word_1_763' title='bbox 1835 4929 1926 4975; x_wconf 87' lang='grc' dir='ltr'>καὶ</span> 
     </span>
    </p>
   </div>
   <div class='ocr_carea' id='block_1_100' title="bbox 334 5011 1928 5086">
    <p class='ocr_par' dir='ltr' id='par_1_100' title="bbox 334 5011 1928 5086">
     <span class='ocr_line' id='line_1_102' title="bbox 334 5011 1928 5086; baseline -0.001 -19"><span class='ocrx_word' id='word_1_764' title='bbox 334 5013 679 5072; x_wconf 81' lang='grc' dir='ltr'>ἀκατάληπτα</span> <span class='ocrx_word' id='word_1_765' title='bbox 707 5019 816 5072; x_wconf 88' lang='grc' dir='ltr'>τοῖς</span> <span class='ocrx_word' id='word_1_766' title='bbox 873 5011 1165 5085; x_wconf 85' lang='grc' dir='ltr'>ἀνθρώποις</span> <span class='ocrx_word' id='word_1_767' title='bbox 1224 5016 1497 5085; x_wconf 87' lang='grc' dir='ltr'>τυγχάνει,</span> <span class='ocrx_word' id='word_1_768' title='bbox 1552 5019 1699 5086; x_wconf 84' lang='grc' dir='ltr'>πόσῳ</span> <span class='ocrx_word' id='word_1_769' title='bbox 1737 5014 1928 5086; x_wconf 80' lang='grc' dir='ltr'>μᾶλλον</span> 
     </span>
    </p>
   </div>
   <div class='ocr_carea' id='block_1_101' title="bbox 335 5100 1927 5175">
    <p class='ocr_par' dir='ltr' id='par_1_101' title="bbox 335 5100 1927 5175">
     <span class='ocr_line' id='line_1_103' title="bbox 335 5100 1927 5175; baseline -0.001 -19"><span class='ocrx_word' id='word_1_770' title='bbox 335 5105 360 5156; x_wconf 91' lang='grc' dir='ltr'>ό</span> <span class='ocrx_word' id='word_1_771' title='bbox 391 5106 577 5163; x_wconf 83' lang='grc' dir='ltr'>κτίσας</span> <span class='ocrx_word' id='word_1_772' title='bbox 628 5106 717 5153; x_wconf 84' lang='grc' dir='ltr'>καὶ</span> <span class='ocrx_word' id='word_1_773' title='bbox 773 5106 1176 5165; x_wconf 85' lang='grc' dir='ltr'>κατασκευάσας</span> <span class='ocrx_word' id='word_1_774' title='bbox 1228 5102 1361 5155; x_wconf 75' lang='grc' dir='ltr'>αὐτά</span> <span class='ocrx_word' id='word_1_775' title='bbox 1402 5102 1415 5156; x_wconf 82' lang='lat' dir='ltr'>l</span> <span class='ocrx_word' id='word_1_776' title='bbox 1453 5102 1672 5175; x_wconf 79' lang='grc' dir='ltr'>Ὀφείλει</span> <span class='ocrx_word' id='word_1_777' title='bbox 1719 5100 1806 5155; x_wconf 80' lang='grc' dir='ltr'>οὖν</span> <span class='ocrx_word' id='word_1_778' title='bbox 1850 5124 1927 5165; x_wconf 88' lang='grc' dir='ltr'>τις</span> 
     </span>
    </p>
   </div>
   <div class='ocr_carea' id='block_1_102' title="bbox 334 5189 1931 5267">
    <p class='ocr_par' dir='ltr' id='par_1_102' title="bbox 334 5189 1931 5267">
     <span class='ocr_line' id='line_1_104' title="bbox 334 5189 1931 5267; baseline 0.001 -23"><span class='ocrx_word' id='word_1_779' title='bbox 334 5192 524 5266; x_wconf 82' lang='grc' dir='ltr'>μᾶλλον</span> <span class='ocrx_word' id='word_1_780' title='bbox 583 5189 1003 5261; x_wconf 82' lang='grc' dir='ltr'>ἀγαλλιασθῆναι</span> <span class='ocrx_word' id='word_1_781' title='bbox 1058 5197 1148 5244; x_wconf 85' lang='grc' dir='ltr'>καὶ</span> <span class='ocrx_word' id='word_1_782' title='bbox 1225 5200 1479 5267; x_wconf 85' lang='grc' dir='ltr'>χαρῆναι,</span> <span class='ocrx_word' id='word_1_783' title='bbox 1549 5194 1629 5245; x_wconf 86' lang='grc' dir='ltr'>ὅτι</span> <span class='ocrx_word' id='word_1_784' title='bbox 1681 5201 1931 5255; x_wconf 80' lang='grc' dir='ltr'>τοσοῦτος</span> 
     </span>
    </p>
   </div>
   <div class='ocr_carea' id='block_1_103' title="bbox 334 5278 1934 5354">
    <p class='ocr_par' dir='ltr' id='par_1_103' title="bbox 334 5278 1934 5354">
     <span class='ocr_line' id='line_1_105' title="bbox 334 5278 1934 5354; baseline 0.002 -23"><span class='ocrx_word' id='word_1_785' title='bbox 334 5281 552 5341; x_wconf 82' lang='grc' dir='ltr'>πλοῦτος</span> <span class='ocrx_word' id='word_1_786' title='bbox 606 5285 695 5331; x_wconf 82' lang='grc' dir='ltr'>καὶ</span> <span class='ocrx_word' id='word_1_787' title='bbox 747 5278 1063 5352; x_wconf 82' lang='grc' dir='ltr'>κληρονομία</span> <span class='ocrx_word' id='word_1_788' title='bbox 1121 5288 1228 5343; x_wconf 90' lang='grc' dir='ltr'>τοῖς</span> <span class='ocrx_word' id='word_1_789' title='bbox 1292 5288 1628 5354; x_wconf 85' lang='grc' dir='ltr'>Χριστιανοῖς</span> <span class='ocrx_word' id='word_1_790' title='bbox 1709 5285 1934 5353; x_wconf 80' lang='grc' dir='ltr'>ἡτοίμα-</span> 
     </span>
    </p>
   </div>
   <div class='ocr_carea' id='block_1_104' title="bbox 342 5364 1921 5442">
    <p class='ocr_par' dir='ltr' id='par_1_104' title="bbox 342 5364 1921 5442">
     <span class='ocr_line' id='line_1_106' title="bbox 342 5364 1921 5442; baseline 0.001 -20"><span class='ocrx_word' id='word_1_791' title='bbox 342 5390 484 5439; x_wconf 89' lang='grc' dir='ltr'>σται,</span> <span class='ocrx_word' id='word_1_792' title='bbox 516 5372 649 5422; x_wconf 83' lang='grc' dir='ltr'>ὥστε</span> <span class='ocrx_word' id='word_1_793' title='bbox 677 5365 883 5441; x_wconf 86' lang='grc' dir='ltr'>μηδένα</span> <span class='ocrx_word' id='word_1_794' title='bbox 929 5364 1220 5427; x_wconf 81' lang='grc' dir='ltr'>δυνηθῆναι</span> <span class='ocrx_word' id='word_1_795' title='bbox 1273 5369 1448 5433; x_wconf 79' lang='grc' dir='ltr'>εἰπεῖν,</span> <span class='ocrx_word' id='word_1_796' title='bbox 1484 5369 1510 5428; x_wconf 73' lang='grc' dir='ltr'><strong><em>ἦ</em></strong></span> <span class='ocrx_word' id='word_1_797' title='bbox 1557 5370 1921 5442; x_wconf 75' lang='grc' dir='ltr'>ἐξαγορεῦσαι.</span> 
     </span>
    </p>
   </div>
   <div class='ocr_carea' id='block_1_105' title="bbox 338 5454 1933 5533">
    <p class='ocr_par' dir='ltr' id='par_1_105' title="bbox 338 5454 1933 5533">
     <span class='ocr_line' id='line_1_107' title="bbox 338 5454 1933 5533; baseline 0.001 -21"><span class='ocrx_word' id='word_1_798' title='bbox 338 5462 483 5513; x_wconf 85' lang='grc' dir='ltr'>Μετά</span> <span class='ocrx_word' id='word_1_799' title='bbox 510 5461 684 5520; x_wconf 87' lang='grc' dir='ltr'>πάσης</span> <span class='ocrx_word' id='word_1_800' title='bbox 737 5455 796 5512; x_wconf 81' lang='grc' dir='ltr'>δε</span> <span class='ocrx_word' id='word_1_801' title='bbox 829 5454 1065 5519; x_wconf 81' lang='grc' dir='ltr'>σπουδῆς</span> <span class='ocrx_word' id='word_1_802' title='bbox 1112 5463 1201 5511; x_wconf 82' lang='grc' dir='ltr'>καὶ</span> <span class='ocrx_word' id='word_1_803' title='bbox 1248 5462 1718 5532; x_wconf 78' lang='grc' dir='ltr'>ταπεινοφροσύνης</span> <span class='ocrx_word' id='word_1_804' title='bbox 1770 5480 1933 5533; x_wconf 86' lang='grc' dir='ltr'>προσ-</span> 
     </span>
    </p>
   </div>
   <div class='ocr_carea' id='block_1_106' title="bbox 342 5546 1935 5622">
    <p class='ocr_par' dir='ltr' id='par_1_106' title="bbox 342 5546 1935 5622">
     <span class='ocr_line' id='line_1_108' title="bbox 342 5546 1935 5622; baseline 0 -21"><span class='ocrx_word' id='word_1_805' title='bbox 342 5548 498 5602; x_wconf 84' lang='grc' dir='ltr'>ελθεῖν</span> <span class='ocrx_word' id='word_1_806' title='bbox 556 5546 637 5602; x_wconf 83' lang='grc' dir='ltr'>δεῖ</span> <span class='ocrx_word' id='word_1_807' title='bbox 683 5548 766 5602; x_wconf 73' lang='grc' dir='ltr'>ἐπὶ</span> <span class='ocrx_word' id='word_1_808' title='bbox 820 5552 907 5601; x_wconf 91' lang='grc' dir='ltr'>τόν</span> <span class='ocrx_word' id='word_1_809' title='bbox 960 5546 1136 5621; x_wconf 88' lang='grc' dir='ltr'>ἀγῶνα</span> <span class='ocrx_word' id='word_1_810' title='bbox 1173 5556 1272 5601; x_wconf 84' lang='grc' dir='ltr'>τῶν</span> <span class='ocrx_word' id='word_1_811' title='bbox 1321 5554 1671 5622; x_wconf 80' lang='grc' dir='ltr'>Χριστιανῶν,</span> <span class='ocrx_word' id='word_1_812' title='bbox 1713 5555 1801 5602; x_wconf 84' lang='grc' dir='ltr'>καὶ</span> <span class='ocrx_word' id='word_1_813' title='bbox 1842 5549 1935 5601; x_wconf 90' lang='grc' dir='ltr'>λα-</span> 
     </span>
    </p>
   </div>
   <div class='ocr_carea' id='block_1_107' title="bbox 413 5748 855 5814">
    <p class='ocr_par' dir='ltr' id='par_1_107' title="bbox 413 5748 855 5814">
     <span class='ocr_line' id='line_1_109' title="bbox 413 5748 855 5814; baseline 0 -12"><span class='ocrx_word' id='word_1_814' title='bbox 413 5749 463 5784; x_wconf 73' lang='grc' dir='ltr'>η</span> <span class='ocrx_word' id='word_1_815' title='bbox 487 5748 657 5804; x_wconf 86' lang='lat' dir='ltr'>Joan.</span> <span class='ocrx_word' id='word_1_816' title='bbox 693 5762 768 5814; x_wconf 69' lang='grc' dir='ltr'>ιν,</span> <span class='ocrx_word' id='word_1_817' title='bbox 802 5748 855 5814; x_wconf 80' lang='grc'>4,</span> 
     </span>
    </p>
   </div>
   <div class='ocr_carea' id='block_1_108' title="bbox 2038 4653 3680 4728">
    <p class='ocr_par' dir='ltr' id='par_1_108' title="bbox 2038 4653 3680 4728">
     <span class='ocr_line' id='line_1_110' title="bbox 2038 4653 3680 4728; baseline -0.005 -13"><span class='ocrx_word' id='word_1_818' title='bbox 2038 4659 2217 4715; x_wconf 89' lang='lat' dir='ltr'>veluti</span> <span class='ocrx_word' id='word_1_819' title='bbox 2251 4656 2728 4728; x_wconf 88' lang='lat' dir='ltr'>magnitudinem</span> <span class='ocrx_word' id='word_1_820' title='bbox 2767 4653 2920 4719; x_wconf 70' lang='lat' dir='ltr'>coeli,</span> <span class='ocrx_word' id='word_1_821' title='bbox 2950 4659 3049 4709; x_wconf 89' lang='lat' dir='ltr'>aut</span> <span class='ocrx_word' id='word_1_822' title='bbox 3092 4653 3322 4725; x_wconf 90' lang='lat' dir='ltr'>positus</span> <span class='ocrx_word' id='word_1_823' title='bbox 3361 4658 3680 4717; x_wconf 90' lang='lat' dir='ltr'>astrorum,</span> 
     </span>
    </p>
   </div>
   <div class='ocr_carea' id='block_1_109' title="bbox 2038 4740 3691 4814">
    <p class='ocr_par' dir='ltr' id='par_1_109' title="bbox 2038 4740 3691 4814">
     <span class='ocr_line' id='line_1_111' title="bbox 2038 4740 3691 4814; baseline -0.004 -12"><span class='ocrx_word' id='word_1_824' title='bbox 2038 4754 2139 4802; x_wconf 86' lang='lat' dir='ltr'>aut</span> <span class='ocrx_word' id='word_1_825' title='bbox 2177 4763 2417 4802; x_wconf 87' lang='lat' dir='ltr'>cursum</span> <span class='ocrx_word' id='word_1_826' title='bbox 2461 4761 2669 4801; x_wconf 88' lang='lat' dir='ltr'>eorum</span> <span class='ocrx_word' id='word_1_827' title='bbox 2707 4743 2993 4814; x_wconf 89' lang='lat' dir='ltr'>consequi</span> <span class='ocrx_word' id='word_1_828' title='bbox 3034 4741 3403 4814; x_wconf 91' lang='lat' dir='ltr'>impossibile</span> <span class='ocrx_word' id='word_1_829' title='bbox 3443 4746 3528 4796; x_wconf 90' lang='lat' dir='ltr'>est</span> <span class='ocrx_word' id='word_1_830' title='bbox 3560 4756 3571 4795; x_wconf 90' lang='lat'><strong>:</strong></span> <span class='ocrx_word' id='word_1_831' title='bbox 3608 4740 3691 4795; x_wconf 89' lang='lat' dir='ltr'>sic</span> 
     </span>
    </p>
   </div>
   <div class='ocr_carea' id='block_1_110' title="bbox 2036 4829 3684 4909">
    <p class='ocr_par' dir='ltr' id='par_1_110' title="bbox 2036 4829 3684 4909">
     <span class='ocr_line' id='line_1_112' title="bbox 2036 4829 3684 4909; baseline -0.004 -21"><span class='ocrx_word' id='word_1_832' title='bbox 2036 4852 2278 4909; x_wconf 84' lang='lat' dir='ltr'>quoque</span> <span class='ocrx_word' id='word_1_833' title='bbox 2300 4833 2667 4905; x_wconf 88' lang='lat' dir='ltr'>impossibile</span> <span class='ocrx_word' id='word_1_834' title='bbox 2690 4838 2777 4888; x_wconf 91' lang='lat' dir='ltr'>est</span> <span class='ocrx_word' id='word_1_835' title='bbox 2800 4847 3079 4887; x_wconf 90' lang='lat' dir='ltr'>enarrare</span> <span class='ocrx_word' id='word_1_836' title='bbox 3099 4838 3199 4886; x_wconf 90' lang='lat' dir='ltr'>aut</span> <span class='ocrx_word' id='word_1_837' title='bbox 3221 4830 3517 4901; x_wconf 83' lang='lat' dir='ltr'>explicare</span> <span class='ocrx_word' id='word_1_838' title='bbox 3538 4829 3684 4884; x_wconf 86' lang='lat' dir='ltr'>divi-</span> 
     </span>
    </p>
   </div>
   <div class='ocr_carea' id='block_1_111' title="bbox 2038 4918 3690 4986">
    <p class='ocr_par' dir='ltr' id='par_1_111' title="bbox 2038 4918 3690 4986">
     <span class='ocr_line' id='line_1_113' title="bbox 2038 4918 3690 4986; baseline -0.005 -5"><span class='ocrx_word' id='word_1_839' title='bbox 2038 4927 2147 4981; x_wconf 86' lang='lat' dir='ltr'>tias</span> <span class='ocrx_word' id='word_1_840' title='bbox 2190 4924 2654 4981; x_wconf 81' lang='lat' dir='ltr'>Christianorum</span> <span class='ocrx_word' id='word_1_841' title='bbox 2686 4922 3035 4986; x_wconf 90' lang='lat' dir='ltr'>immensas,</span> <span class='ocrx_word' id='word_1_842' title='bbox 3070 4918 3326 4974; x_wconf 86' lang='lat' dir='ltr'>inﬁnitas</span> <span class='ocrx_word' id='word_1_843' title='bbox 3366 4927 3421 4974; x_wconf 90' lang='lat' dir='ltr'>et</span> <span class='ocrx_word' id='word_1_844' title='bbox 3457 4919 3690 4974; x_wconf 90' lang='lat' dir='ltr'>incom-</span> 
     </span>
    </p>
   </div>
   <div class='ocr_carea' id='block_1_112' title="bbox 2039 5008 3689 5086">
    <p class='ocr_par' dir='ltr' id='par_1_112' title="bbox 2039 5008 3689 5086">
     <span class='ocr_line' id='line_1_114' title="bbox 2039 5008 3689 5086; baseline -0.005 -17"><span class='ocrx_word' id='word_1_845' title='bbox 2039 5012 2555 5086; x_wconf 89' lang='lat' dir='ltr'>prehensibiles.Si</span> <span class='ocrx_word' id='word_1_846' title='bbox 2581 5010 2797 5066; x_wconf 91' lang='lat' dir='ltr'>etenim</span> <span class='ocrx_word' id='word_1_847' title='bbox 2816 5015 3097 5065; x_wconf 62' lang='lat' dir='ltr'>creaturae</span> <span class='ocrx_word' id='word_1_848' title='bbox 3122 5009 3246 5063; x_wconf 75' lang='lat' dir='ltr'>istm</span> <span class='ocrx_word' id='word_1_849' title='bbox 3269 5008 3419 5063; x_wconf 85' lang='lat' dir='ltr'>adeo</span> <span class='ocrx_word' id='word_1_850' title='bbox 3442 5008 3689 5062; x_wconf 71' lang='lat' dir='ltr'>inﬁnitas</span> 
     </span>
    </p>
   </div>
   <div class='ocr_carea' id='block_1_113' title="bbox 2040 5098 3693 5172">
    <p class='ocr_par' dir='ltr' id='par_1_113' title="bbox 2040 5098 3693 5172">
     <span class='ocr_line' id='line_1_115' title="bbox 2040 5098 3693 5172; baseline -0.005 -13"><span class='ocrx_word' id='word_1_851' title='bbox 2040 5110 2095 5159; x_wconf 92' lang='lat' dir='ltr'>et</span> <span class='ocrx_word' id='word_1_852' title='bbox 2150 5099 2780 5172; x_wconf 88' lang='lat' dir='ltr'>incomprehensibiles</span> <span class='ocrx_word' id='word_1_853' title='bbox 2841 5098 3191 5155; x_wconf 88' lang='lat' dir='ltr'>hominibus</span> <span class='ocrx_word' id='word_1_854' title='bbox 3265 5103 3422 5167; x_wconf 90' lang='lat' dir='ltr'>sunt,</span> <span class='ocrx_word' id='word_1_855' title='bbox 3465 5101 3693 5169; x_wconf 83' lang='lat' dir='ltr'>quanto</span> 
     </span>
    </p>
   </div>
   <div class='ocr_carea' id='block_1_114' title="bbox 2042 5185 3697 5263">
    <p class='ocr_par' dir='ltr' id='par_1_114' title="bbox 2042 5185 3697 5263">
     <span class='ocr_line' id='line_1_116' title="bbox 2042 5185 3697 5263; baseline -0.005 -16"><span class='ocrx_word' id='word_1_856' title='bbox 2042 5193 2258 5261; x_wconf 81' lang='lat' dir='ltr'>magis,</span> <span class='ocrx_word' id='word_1_857' title='bbox 2283 5191 2384 5263; x_wconf 90' lang='lat' dir='ltr'>qui</span> <span class='ocrx_word' id='word_1_858' title='bbox 2435 5189 2702 5245; x_wconf 88' lang='lat' dir='ltr'>condidit</span> <span class='ocrx_word' id='word_1_859' title='bbox 2731 5193 2787 5243; x_wconf 93' lang='lat' dir='ltr'>et</span> <span class='ocrx_word' id='word_1_860' title='bbox 2834 5187 3051 5243; x_wconf 89' lang='lat' dir='ltr'>creavit</span> <span class='ocrx_word' id='word_1_861' title='bbox 3082 5186 3209 5242; x_wconf 87' lang='lat' dir='ltr'>illas</span> <span class='ocrx_word' id='word_1_862' title='bbox 3237 5187 3265 5243; x_wconf 69' lang='lat'>7</span> <span class='ocrx_word' id='word_1_863' title='bbox 3297 5185 3480 5241; x_wconf 91' lang='lat' dir='ltr'>Debet</span> <span class='ocrx_word' id='word_1_864' title='bbox 3518 5186 3697 5255; x_wconf 88' lang='lat' dir='ltr'>igitur</span> 
     </span>
    </p>
   </div>
   <div class='ocr_carea' id='block_1_115' title="bbox 2042 5275 3696 5354">
    <p class='ocr_par' dir='ltr' id='par_1_115' title="bbox 2042 5275 3696 5354">
     <span class='ocr_line' id='line_1_117' title="bbox 2042 5275 3696 5354; baseline -0.004 -19"><span class='ocrx_word' id='word_1_865' title='bbox 2042 5281 2343 5354; x_wconf 86' lang='lat' dir='ltr'>quispiam</span> <span class='ocrx_word' id='word_1_866' title='bbox 2386 5277 2797 5334; x_wconf 87' lang='lat' dir='ltr'>vehementius</span> <span class='ocrx_word' id='word_1_867' title='bbox 2828 5277 3125 5333; x_wconf 81' lang='lat' dir='ltr'>exsultare</span> <span class='ocrx_word' id='word_1_868' title='bbox 3166 5281 3223 5330; x_wconf 91' lang='lat' dir='ltr'>et</span> <span class='ocrx_word' id='word_1_869' title='bbox 3262 5275 3467 5340; x_wconf 67' lang='lat' dir='ltr'>laetari,</span> <span class='ocrx_word' id='word_1_870' title='bbox 3500 5280 3696 5330; x_wconf 86' lang='lat' dir='ltr'>tantas</span> 
     </span>
    </p>
   </div>
   <div class='ocr_carea' id='block_1_116' title="bbox 2044 5366 3694 5441">
    <p class='ocr_par' dir='ltr' id='par_1_116' title="bbox 2044 5366 3694 5441">
     <span class='ocr_line' id='line_1_118' title="bbox 2044 5366 3694 5441; baseline -0.007 -15"><span class='ocrx_word' id='word_1_871' title='bbox 2044 5386 2188 5441; x_wconf 91' lang='lat' dir='ltr'>opes</span> <span class='ocrx_word' id='word_1_872' title='bbox 2214 5377 2268 5424; x_wconf 91' lang='lat' dir='ltr'>et</span> <span class='ocrx_word' id='word_1_873' title='bbox 2299 5368 2706 5424; x_wconf 75' lang='lat' dir='ltr'>haereditatem</span> <span class='ocrx_word' id='word_1_874' title='bbox 2740 5366 3085 5423; x_wconf 86' lang='lat' dir='ltr'>Christianis</span> <span class='ocrx_word' id='word_1_875' title='bbox 3117 5371 3514 5436; x_wconf 67' lang='lat' dir='ltr'>prmparatam</span> <span class='ocrx_word' id='word_1_876' title='bbox 3543 5378 3694 5429; x_wconf 89' lang='lat' dir='ltr'>esse,</span> 
     </span>
    </p>
   </div>
   <div class='ocr_carea' id='block_1_117' title="bbox 2045 5448 3695 5530">
    <p class='ocr_par' dir='ltr' id='par_1_117' title="bbox 2045 5448 3695 5530">
     <span class='ocr_line' id='line_1_119' title="bbox 2045 5448 3695 5530; baseline -0.007 -17"><span class='ocrx_word' id='word_1_877' title='bbox 2045 5465 2105 5513; x_wconf 87' lang='lat' dir='ltr'>ut</span> <span class='ocrx_word' id='word_1_878' title='bbox 2127 5475 2305 5514; x_wconf 92' lang='lat' dir='ltr'>nemo</span> <span class='ocrx_word' id='word_1_879' title='bbox 2331 5456 2726 5530; x_wconf 88' lang='lat' dir='ltr'>possiteloqui</span> <span class='ocrx_word' id='word_1_880' title='bbox 2758 5462 2860 5511; x_wconf 91' lang='lat' dir='ltr'>aut</span> <span class='ocrx_word' id='word_1_881' title='bbox 2890 5471 3189 5511; x_wconf 86' lang='lat' dir='ltr'>enarrare.</span> <span class='ocrx_word' id='word_1_882' title='bbox 3224 5454 3511 5509; x_wconf 68' lang='lat' dir='ltr'>Caeterum</span> <span class='ocrx_word' id='word_1_883' title='bbox 3527 5448 3695 5505; x_wconf 89' lang='lat' dir='ltr'>omni</span> 
     </span>
    </p>
   </div>
   <div class='ocr_carea' id='block_1_118' title="bbox 2048 5539 3695 5615">
    <p class='ocr_par' dir='ltr' id='par_1_118' title="bbox 2048 5539 3695 5615">
     <span class='ocr_line' id='line_1_120' title="bbox 2048 5539 3695 5615; baseline -0.007 -13"><span class='ocrx_word' id='word_1_884' title='bbox 2048 5547 2242 5603; x_wconf 89' lang='lat' dir='ltr'>studio</span> <span class='ocrx_word' id='word_1_885' title='bbox 2260 5553 2313 5603; x_wconf 89' lang='lat' dir='ltr'>et</span> <span class='ocrx_word' id='word_1_886' title='bbox 2336 5546 2516 5604; x_wconf 90' lang='lat' dir='ltr'>animi</span> <span class='ocrx_word' id='word_1_887' title='bbox 2541 5546 2869 5602; x_wconf 88' lang='lat' dir='ltr'>humilitate</span> <span class='ocrx_word' id='word_1_888' title='bbox 2899 5544 3181 5602; x_wconf 89' lang='lat' dir='ltr'>accedere</span> <span class='ocrx_word' id='word_1_889' title='bbox 3222 5539 3547 5615; x_wconf 90' lang='lat' dir='ltr'>oportetad</span> <span class='ocrx_word' id='word_1_890' title='bbox 3578 5553 3695 5593; x_wconf 84' lang='lat' dir='ltr'>cer-</span> 
     </span>
    </p>
   </div>
  </div>
