4130 6286
504 248 606 300 747

1814 239 1872 294 S.
1916 238 2217 297 MACARII
2261 239 2569 296 zEGYPTlI

3751 242 3858 296 ’148

483 373 684 426 tamen
719 368 1213 432 Christianorum,
1255 381 1326 422 ac
1364 365 1651 438 consequi
1681 365 1811 421 illas
1858 364 2121 421 divitias.

2243 363 2346 417 ϐιῖν
2377 363 2561 418 ἐκεῖνον
2591 368 2677 418 τὸν
2725 364 2965 418 πλοῦτον.
3025 363 3355 438 κληρονομία
3401 366 3503 438 γὰρ
3554 369 3648 418 καὶ
3705 369 3856 437 μερὶς

479 459 800 515 Haercditas
851 459 1008 514 enim
1052 462 1108 511 et
1156 471 1296 527 pars
1322 455 1812 524 Christianorum,
1866 462 1954 510 est
2006 454 2132 525 ipse

484 551 663 604 Deus.
695 548 1169 612 Dominusem'm,
1202 544 1415 616 inquit,
1446 561 1587 614 pars
1619 545 2133 601 haereditatismeae

483 646 534 694 et
559 637 756 694 calicis
784 637 895 692 mei
924 639 993 690 ’9.
1026 635 1219 690 Gloria
1251 635 1327 689 sit
1353 635 1424 699 ei,
1459 635 1559 706 qui
1595 649 1655 689 se
1687 635 1884 705 ipsum
1925 634 2128 704 donat,

482 732 663 798 atque
704 725 1022 797 permiscet
1053 729 1322 779 sanctam
1377 723 1642 779 animam
1697 739 1868 778 suam
1919 722 2134 779 animis

484 815 976 884 Christianorum,
1007 814 1065 868 in
1098 814 1339 869 saecula.
1369 814 1575 867 Amen.

952 939 1122 1010 126
1153 938 1441 994 HOMILIA
1472 939 1666 994 xxxv.

854 1045 936 1102 De
949 1046 1206 1102 Sabbato
1237 1045 1478 1117 antiquo
1501 1050 1553 1101 et
1590 1061 1756 1102 novo.

549 1172 590 1226 Ι.
618 1172 682 1226 In
708 1172 922 1226 umbra
945 1169 1090 1243 legis
1115 1186 1218 1242 per
1236 1172 1432 1225 Mosen
1454 1171 1609 1226 datae
1637 1170 1942 1226 mandavit
1961 1173 2132 1233 Deus,

481 1276 981 1332 unumquemque
1035 1261 1406 1332 requiescere
1461 1261 1521 1315 in
1577 1259 1935 1328 Sabbato,et
1988 1260 2134 1315 nihil

479 1350 809 1422 agere.Hoc
842 1355 1043 1405 autem
1073 1349 1700 1418 ﬁguraeratetumbra
1724 1351 1841 1404 veri
1868 1349 2129 1415 Sabbati,

480 1439 643 1511 quod
663 1441 875 1494 animm
908 1438 1164 1494 donatur
1191 1455 1226 1494 a
1255 1439 1526 1493 Domino.
1563 1440 1774 1493 Anima
1789 1439 1969 1506 enim,
1994 1455 2131 1509 quae

479 1528 663 1598 digna
703 1533 978 1583 censetur
1009 1527 1086 1582 ab
1113 1527 1385 1582 obscenis
1416 1534 1472 1584 et
1504 1529 1774 1599 turpibus
1806 1529 2122 1597 cogitatio-

477 1617 658 1673 nibus
733 1616 988 1682 liberari,
1046 1622 1172 1672 tum
1224 1633 1424 1671 verum
1470 1617 1800 1673 Sabbatum
1850 1617 2126 1683 celebrat,

2244 462 2342 506 τῶν
2374 462 2702 527 Χριστιανῶν
2731 454 2883 514 αὐτός
2913 456 3054 505 ἐστιν
3106 455 3130 505 ὀ
3175 460 3302 515 Θεὸς
3338 473 3350 484 ·
3408 457 3652 527 Κύριος
3706 457 3850 527 γὰρ,

2245 548 2394 616 φησὶ,
2455 549 2636 616 μερὶς
2704 551 2814 606 τῆς
2880 543 3320 616 κληρονομίας
3387 563 3509 616 μου
3574 548 3680 596 καὶ
3741 551 3858 595 τοῦ

2244 638 2562 708 ποτηρίου
2603 653 2745 705 μου.
2778 633 2910 696 Δόξα
2939 641 3008 704 τῷ
3047 633 3228 707 ἑαρτὸν
3265 630 3493 700 διδόντι,
3535 638 3624 686 καὶ
3657 652 3854 705 συγκυ-

2243 732 2428 796 ρνῶντι
2459 727 2550 782 τὴν
2589 722 2741 794 ἁγίαν
2788 726 2940 794 φύσιν
2975 723 3139 776 αὐτοῦ
3171 731 3286 787 ταῖς
3316 723 3523 797 ψυχαῖς
3554 731 3654 776 τῶν
3688 732 3856 795 Χρισ-

2244 820 2450 881 τιανῶν,
2480 813 2550 876 εἰς
2578 816 2697 875 τοὺς
2729 812 2938 873 αἰῶνας.
2981 811 3171 885 Ἀμήν.

2831 941 3082 993 ΟΜΙΛΙΑ
3125 935 3250 991 ΛΕ¹.

2249 1049 2395 1118 Περὶ
2434 1052 2542 1097 τοῦ
2581 1043 2865 1098 παλαιοῦ
2904 1048 3011 1097 καὶ
3050 1051 3160 1096 τοῦ
3199 1051 3431 1096 καινοῦ
3496 1042 3849 1097 Σαϐϐάτου.

2314 1169 2396 1225 Α’.

2245 1255 2502 1324 δοθέντος,
2551 1259 2866 1333 προσέταξεν
2913 1259 2937 1309 ὀ
2983 1260 3112 1320 Θεὸς
3141 1261 3191 1309 ἒν
3229 1265 3296 1328 τῷ
3353 1255 3600 1329 Σαϐϐάτῳ
3632 1259 3852 1310 ἕκαστον

2456 1172 2537 1223 Ἐν
2596 1178 2657 1242 τῇ
2739 1175 2864 1239 σκιᾷ
2920 1175 3011 1220 τοῦ
3086 1172 3244 1240 νόμου
3304 1175 3395 1221 τοῦ
3473 1163 3567 1220 διὰ
3621 1173 3852 1230 Μωσέως

2243 1347 2602 1400 ἀναπαύεσθαι
2635 1351 2725 1399 καὶ
2758 1343 2924 1419 μηδὲν
2967 1354 3150 1399 ποιεῖν.
3184 1353 3347 1398 Τοῦτο
3382 1344 3440 1398 δὲ
3471 1349 3627 1408 τύπος
3659 1343 3719 1405 ἧν
3766 1352 3856 1400 καὶ

2244 1440 2369 1489 σκιά
2396 1444 2484 1490 τοῦ
2534 1437 2779 1494 ἀληθινοῦ
2812 1435 3086 1489 Σαϐϐάτου
3130 1443 3220 1489 τοῦ
3262 1433 3546 1508 διδομένου
3577 1444 3640 1508 τῇ
3691 1435 3850 1509 ψυχῇ

2241 1524 2340 1578 ἀπὸ
2371 1535 2461 1578 τοῦ
2498 1532 2710 1598 Κυρίου.
2733 1526 2791 1578 Ἠ
2814 1528 2914 1598 γὰρ
2953 1524 3349 1588 καταξιωθεῖσα
3370 1524 3525 1597 ψυχὴ
3565 1523 3857 1598 [ἐλευθερω-

2244 1617 2422 1685 θῆναι]
2458 1615 2558 1667 ἀπὸ
2590 1624 2688 1667 τῶν
2743 1615 2984 1687 αἰσχρῶν
3030 1619 3118 1666 καὶ
3147 1616 3394 1688 ῥυπαρῶν
3427 1613 3712 1686 λογισμῶν,
3761 1620 3856 1667 καὶ

480 1710 609 1761 tum
653 1722 857 1761 veram
905 1706 1172 1777 requiem
1199 1706 1535 1778 requiescit,
1592 1709 1778 1761 otium
1833 1723 2016 1778 agens
2075 1713 2126 1761 et

2241 1703 2480 1763 ἀληθινὸν
2521 1704 2780 1757 Σάϐϐατον
2827 1703 3162 1769 σαϐϐατίζει,
3210 1709 3301 1755 καὶ
3332 1703 3580 1762 ἀληθινὴν
3621 1703 3854 1756 ἀνάπαυ-

478 1795 728 1851 liberata
755 1794 830 1850 ab
849 1795 1130 1850 omnibus
1157 1797 1437 1866 operibus
1463 1796 1820 1851 tenebrosis.
1838 1796 1956 1851 Illic
1969 1796 2127 1851 enim

479 1886 536 1940 in
563 1885 742 1956 typici
766 1884 1007 1941 Sabbati
1023 1884 1436 1950 celebratione,
1463 1886 1569 1940 etsi
1593 1886 2128 1957 corporaquiesce-

476 1975 642 2039 bant,
676 1979 1087 2029 verumtamen
1123 1975 1339 2030 animm
1367 1975 1640 2046 nequitiis
1673 1991 1743 2030 ac
1782 1975 1932 2031 vitiis
1964 1981 2130 2032 erant

477 2063 860 2133 illigataeﬂoc
890 2079 1262 2130 vero,verum
1294 2064 1621 2120 Sabbatum
1638 2081 1773 2121 vera
1796 2065 2127 2137 estrequies

477 2152 710 2219 animae,
736 2168 870 2225 quae
892 2159 1083 2217 vacat,
1101 2160 1151 2207 et
1177 2157 1508 2224 expurgatu
1522 2158 1656 2209 esta
1672 2155 2131 2222 cogitationibus

475 2242 730 2311 Satanae,
755 2246 811 2298 et
839 2242 1151 2314 requiescit
1184 2242 1242 2297 in
1277 2248 1566 2315 perpetua
1607 2244 1803 2316 quiete
1830 2248 1888 2299 et
1927 2243 2130 2300 laetitia

480 2332 737 2388 Domini.

546 2619 610 2672 ll.
647 2616 1173 2683 Quemadmodum
1205 2619 1361 2674 enim
1385 2623 1525 2675 tunc
1548 2619 1878 2687 mandavit,
1907 2625 1969 2677 ut
2000 2622 2130 2694 ipsa

476 2722 719 2778 quoque
745 2706 922 2762 bruta
937 2707 1224 2764 animalia
1245 2708 1508 2764 Sabbato
1525 2709 2002 2780 quiescerent,ne
2019 2710 2128 2768 bos

477 2796 589 2850 sub
611 2798 830 2865 jugum
853 2797 1258 2851 necessarium
1284 2797 1639 2862 traheretur;
1660 2814 1731 2853 ne
1753 2800 1922 2855 asino
1944 2815 2126 2857 onera

475 2885 960 2955 imponerentur;
990 2885 1383 2957 quiescebant
1417 2887 1574 2942 enim
1594 2887 1979 2960 ipsaquoque
2004 2889 2127 2944 ani-

474 2974 660 3028 malia
689 2989 723 3030 a
753 2973 918 3028 duris
959 2974 1242 3045 operibus
1275 2992 1288 3041 ;
1323 2975 1404 3030 sic
1429 2991 1669 3048 quoque
1696 2993 1832 3032 cum
1865 2979 2127 3032 venisset

475 3063 856 3129 Dominus,et
875 3078 1083 3119 verum
1115 3069 1524 3135 aeternumque
1554 3065 1884 3121 Sabbatum
1919 3072 2124 3122 contu-

471 3151 651 3216 lisset,
681 3152 1026 3208 refocillavit
1055 3154 1318 3209 animam
1339 3155 1622 3210 oneribus
1650 3155 1996 3227 iniquitatis,
2017 3156 2126 3212 im-

474 3242 958 3314 mundarumque
975 3243 1402 3312 cogitationum
1419 3250 1731 3312 gravatam
1746 3250 1801 3300 et
1817 3253 2119 3312 onustam,

473 3335 528 3385 et
565 3332 1257 3403 operanteminiquitatis
1299 3348 1483 3404 opera
1511 3335 1870 3398 necessario,
1902 3337 2126 3407 quippe

472 3434 608 3488 quae
649 3419 760 3474 sub
792 3419 1143 3475 acerborum
1175 3421 1565 3476 dominorum
1607 3423 1974 3478 servirtutem
2002 3430 2127 3480 erat

473 3507 714 3563 redacta
734 3513 818 3573 ;et
841 3508 1054 3563 levavit
1077 3525 1210 3563 eam
1230 3508 1307 3564 ob
1327 3509 1608 3564 oneribus
1631 3510 2121 3568 intolerabilibus.

471 3595 652 3651 variis
697 3601 874 3667 atque
920 3595 1195 3652 obscenis
1232 3599 1711 3666 cogitationibus,
1767 3601 2124 3672 sublatoque

472 3685 638 3756 gravi
681 3689 829 3755 jugo
892 3701 1143 3757 operum
1197 3686 1543 3757 iniquorum
1617 3691 1901 3745 recreavit
1964 3706 2123 3757 eam,

471 3773 933 3843 cogitationibus
959 3774 1210 3846 impuris
1240 3775 1632 3832 laborantem.

544 3882 634 3935 IIl.
683 3883 964 3938 Dominus
995 3882 1154 3937 enim
1173 3887 1346 3937 vocat
1371 3883 1678 3939 hominem
1713 3884 1789 3940 ad
1817 3888 2124 3943 recreatio-

472 3986 631 4036 nem,
653 3970 930 4042 inquiens
960 3988 970 4024 :
1017 3971 1213 4028 Venite
1238 3973 1317 4028 ad
1337 3988 1446 4038 me,
1479 3989 1676 4030 omnes
1706 3975 1809 4046 qui
1840 3975 2125 4033 laboratis

471 4066 525 4118 et
567 4061 797 4117 onerati
832 4060 981 4128 estis,
1027 4067 1079 4117 et
1119 4078 1218 4132 ego
1268 4062 1616 4130 refocillabo
1657 4080 1756 4120 vos
1816 4065 1880 4118 3°.
1925 4067 2125 4138 Itaque

471 4165 848 4222 quascunque
872 4150 1091 4204 animas
1115 4149 1470 4206 crediderint
1501 4159 1557 4208 et
1588 4154 1967 4218 accesserint,
1993 4155 2125 4209 reﬁ-

471 4240 582 4295 ciet
596 4256 697 4295 eas
714 4240 791 4294 ab
806 4239 896 4294 his
911 4239 1216 4308 gravibus,
1229 4239 1488 4295 molestis
1502 4241 1890 4297 etimmundis
1907 4245 2124 4312 cogita-

469 4328 756 4392 tionibus,
790 4345 925 4400 quaa
966 4333 1249 4385 vacantes
1290 4329 1367 4384 ab
1408 4330 1571 4384 omni
1615 4331 1938 4402 iniquitate,
1973 4333 2125 4388 cele-

470 4418 648 4473 brant
699 4416 1029 4473 Sabbatum
1079 4433 1307 4484 verum,
1370 4417 1718 4474 deliciarum
1769 4420 2013 4492 plenum
2073 4428 2128 4477 et

471 4511 747 4563 sanctum
778 4525 790 4562 :
826 4513 1120 4577 peragunt
1144 4507 1359 4562 festum
1388 4508 1656 4579 Spiritus,
1682 4510 1884 4578 gaudii
1915 4515 1967 4566 et
1996 4527 2128 4567 exe-

470 4596 803 4652 sultationis
820 4596 1233 4651 inenarrabilis
1248 4603 1302 4651 et
1317 4597 1579 4652 serviunt
1592 4599 1895 4655 servitium
1910 4616 2125 4669 purum

469 4690 524 4741 et
554 4689 670 4740 Deo
711 4690 950 4755 gratum
982 4701 1052 4740 ex
1098 4703 1245 4756 puro
1293 4687 1494 4751 corde,
1523 4687 1636 4742 hoc
1696 4693 1804 4751 est,
1837 4704 2044 4744 verum
2074 4698 2130 4749 et

470 4779 747 4830 sanctum
781 4774 1125 4829 Sabbatum.
1159 4775 1564 4832 Obsecremus
1593 4792 1734 4846 ergo
1754 4792 1864 4831 nos
1884 4793 2126 4850 quoque

471 4865 675 4927 Deum,
693 4869 754 4917 ut
774 4863 1182 4932 ingrediamur
1199 4864 1257 4918 in
1274 4865 1428 4920 hanc
1462 4865 1750 4937 requiem,
1771 4866 2125 4922 utferiemur

468 4968 506 5007 a
535 4953 823 5023 turpibus,
854 4952 1163 5008 malitiosis
1207 4959 1384 5024 atque
1425 4954 1599 5010 vanis
1640 4956 2121 5025 cogitationibus,

467 5058 590 5113 quo
621 5042 733 5096 hoc
762 5047 936 5113 pacto
958 5043 1266 5113 possimus
1295 5044 1607 5100 servitium
1634 5044 1906 5101 exhibere
1922 5049 2039 5101 Deo
2053 5064 2124 5102 ex

469 5146 620 5201 puro
673 5129 870 5194 corde,
902 5146 971 5186 ac
1010 5130 1308 5186 celebrare
1352 5132 1566 5189 festum
1623 5133 1872 5205 Spiritus
1911 5136 2119 5190 sancti.

468 5221 678 5275 Beatus
728 5235 890 5289 ergo,
943 5220 1046 5291 qui
1105 5221 1413 5289 ingressus
1472 5229 1557 5278 est
1601 5222 1763 5277 illam
1820 5225 2112 5294 requiem.

468 5309 662 5366 Gloria
697 5309 870 5374 Patri,
917 5309 1011 5364 cui
1069 5310 1152 5364 sic
1214 5309 1460 5381 placuit,
1498 5318 1553 5367 et
1584 5311 1743 5376 Filio,
1781 5319 1836 5367 et
1882 5313 2119 5384 Spiritui

467 5404 692 5464 sancto,
721 5398 778 5453 in
812 5396 1052 5455 saacula.
1086 5402 1295 5454 Amen.

536 5637 580 5670 ³ο
606 5634 753 5692 Psal.
791 5652 898 5707 xvx,
932 5641 982 5692 5.
1064 5639 1110 5672 ³ο
1142 5637 1342 5695 Matth.
1376 5653 1450 5700 χι,
1486 5636 1574 5692 28.

2163 4376 2208 4430 D

2241 1815 2323 1847 σιν
2398 1794 2734 1859 ἀναπαύεται,
2812 1792 3058 1865 ἀργοῦσαι
3133 1798 3222 1844 καὶ
3297 1792 3690 1866 ἐλευθερουμένη
3746 1793 3851 1846 ἀπὸ

2236 1885 2438 1936 πάντων
2477 1894 2574 1935 τῶν
2618 1891 2895 1935 σκοτεινῶν
2954 1885 3142 1955 ἔργων.
3175 1884 3313 1934 Ἐκεῖ
3366 1885 3455 1954 μὲν
3511 1885 3614 1955 γὰρ
3672 1882 3737 1944 εἰς
3792 1887 3853 1935 τὸ

2236 1977 2451 2025 τυπικὸν
2528 1972 2811 2036 Σάϐϐατον,
2871 1972 2915 2024 εἰ
2968 1977 3054 2023 καὶ
3116 1980 3432 2043 σωματικῶς
3505 1970 3852 2038 ἀνεπαύοντο,

2238 2062 2342 2113 ἀλλ’
2403 2065 2456 2114 αἰ
2506 2062 2686 2134 ψυχαὶ
2738 2061 2804 2122 εἰς
2861 2064 2948 2122 τὰς
3001 2065 3254 2135 πονηρίας
3308 2067 3398 2114 καὶ
3452 2066 3640 2123 κακίας
3699 2059 3838 2119 ἦσαν

2239 2149 2530 2222 δεδεμέναι.
2562 2159 2723 2204 Τοῦτο
2753 2147 2810 2203 δε
2837 2170 2894 2202 το
2928 2149 3168 2208 ἀληθινον
3201 2149 3480 2216 Σάϐϐατον,
3540 2150 3840 2212 ἀνάπαυσις

2239 2239 2454 2298 ἀληθινὴ
2516 2239 2648 2304 ἐστι,
2703 2238 2886 2310 ψυχῆς
2943 2238 3208 2312 ἀργούσης
3278 2244 3368 2291 καὶ
3422 2240 3842 2313 καθαριζομένης

2239 2328 2338 2382 ἀπὸ
2391 2337 2490 2381 τῶν
2543 2325 2899 2400 διαλογισμῶν
2959 2336 3050 2380 τοῦ
3090 2334 3305 2392 Σατανᾶ,
3361 2332 3451 2380 καὶ
3510 2327 3835 2401 ἀναπαυομέ·

2236 2438 2324 2479 νης
2389 2418 2460 2480 εἰς
2513 2422 2606 2476 τὴν
2677 2425 2768 2470 τοῦ
2827 2422 3021 2492 Κυρίου
3105 2416 3397 2470 ἀνάπαυσιν
3453 2416 3688 2482 αἰωνίαν,
3747 2424 3841 2471 xui

2237 2510 2432 2583 χαράν.

2309 2616 2380 2668 B’.
2428 2615 2626 2688 Ὠσπερ
2657 2617 2757 2688 γὰρ
2790 2619 2900 2668 τότε
2938 2613 3225 2687 προσέταξε
3255 2618 3344 2666 καὶ
3392 2613 3527 2667 αῦτά
3555 2617 3619 2667 τὰ
3674 2613 3839 2686 οῐλογα

2239 2711 2348 2766 ςῶα
2402 2714 2472 2775 τῷ
2522 2703 2767 2775 Σαϐϐάτῳ
2827 2704 3207 2768 ἀναπαύεσθαι,
3291 2706 3377 2755 τὸν
3433 2702 3561 2775 βοῦν
3609 2708 3674 2776 μὴ
3731 2706 3832 2756 ὑπὸ

2237 2796 2396 2866 ζυγὸν
2436 2793 2659 2866 ἀνάγκης
2715 2795 2975 2860 ἕλκεσθαι,
3032 2796 3117 2845 τὸν
3176 2797 3286 2845 ὄνον
3357 2797 3429 2865 μὴ
3491 2791 3827 2865 ἐπιφορτίζειν

2235 2883 2572 2954 (ἀνεπαύοντο
2601 2886 2700 2954 γάρ
2741 2887 2831 2934 καὶ
2884 2882 3018 2934 αύτά
3063 2884 3129 2933 τὰ
3183 2885 3292 2944 ζῶα
3348 2881 3448 2934 ἀπὸ
3505 2890 3591 2933 τῶν
3623 2880 3817 2954 βαρέων

2235 2975 2418 3048 ἔργων)
2452 2991 2463 3002 '
2494 2973 2653 3032 οὕτως
2711 2970 2862 3024 ἐλθὼν
2916 2972 2940 3022 ὁ
2996 2972 3186 3042 Κύριος
3221 2975 3312 3022 καὶ
3355 2975 3415 3022 τὸ
3477 2970 3703 3028 ἀληθινὸν
3732 2974 3819 3022 καὶ

2236 3062 2440 3113 αἰώνιον
2497 3059 2756 3112 Σάϐϐατον
2813 3056 2957 3124 δοὺς,
3025 3059 3284 3111 ἀνέπαυσε
3331 3063 3425 3116 τὴν
3480 3057 3826 3132 βεϐαρημένην

2236 3156 2320 3202 καὶ
2352 3154 2760 3224 πεφορτισμένην
2812 3149 2997 3221 ψυχὴν
3038 3152 3265 3221 φορτίοις
3319 3147 3552 3220 ἀνομίας,
3610 3149 3836 3223 ἀκαθάρ-

2236 3261 2331 3293 των
2409 3236 2785 3311 διαλογισμῶν,
2874 3243 2962 3290 καὶ
3033 3237 3380 3310 ἐργαζομένην
3444 3234 3652 3297 ἀδικίας
3709 3240 3839 3308 ἔργα

2236 3332 2364 3401 μετά
2397 3328 2619 3400 ἀνάγκης
2650 3331 2714 3388 ὼς
2735 3329 2833 3379 ὑπὸ
2866 3323 3136 3387 δεσπότας
3168 3329 3385 3397 πικροὺς
3417 3322 3835 3398 δεδουλωμένην,

2236 3422 2324 3470 καὶ
2354 3417 2620 3490 ἐκούφισεν
2653 3418 2813 3475 αὐτὴν
2847 3415 2946 3468 ἀπὸ
3004 3424 3102 3467 τῶν
3145 3411 3558 3467 δυσϐαστάκτων
3592 3419 3836 3489 φορτίων,

2236 3512 2468 3579 ματαίων
2497 3513 2584 3558 καὶ
2612 3507 2856 3582 ῥυπαρῶν
2889 3503 3264 3576 διαλογισμῶν.
3301 3509 3399 3556 Καὶ
3430 3501 3523 3576 ἦρε
3561 3508 3649 3557 τὸν
3679 3507 3838 3576 ζυγὸν

2239 3600 2322 3647 τὸν
2354 3600 2539 3662 πικρὸν
2586 3604 2685 3647 τῶν
2733 3597 2892 3668 ἔργων
2934 3591 3167 3658 ἀδικίας,
3207 3597 3296 3644 καὶ
3345 3591 3630 3646 ἀνέπαυσεν
3675 3594 3838 3653 αὐτὴν

2238 3694 2502 3738 κοπιῶσαν
2529 3689 2576 3737 ἐν
2602 3693 2707 3747 τοῖς
2736 3683 3102 3757 διαλογισμοῖς
3131 3692 3220 3744 τῆς
3246 3682 3596 3758 ἀκαθαρσίας.

2310 3877 2381 3933 Γ¹.
2429 3877 2487 3930 Ὀ
2535 3880 2632 3950 γὰρ
2708 3880 2898 3952 Κύριος
2953 3877 3098 3929 καλεῖ
3151 3880 3235 3930 τὸν
3289 3878 3557 3950 ἄνθρωπον
3614 3878 3684 3939 εἰς
3743 3886 3835 3939 την

2240 3967 2530 4020 ἀνάπαυσιν
2578 3965 2757 4038 λέγων,
2822 3973 3008 4018 Δεῦτε
3048 3968 3280 4028 πάντες
3339 3968 3394 4018 οἱ
3452 3976 3836 4035 κοπιῶντες,

2237 4063 2344 4111 καὶ
2396 4060 2945 4129 πεφορτισμένοι·
2997 4054 3168 4126 κάγὼ
3249 4054 3600 4108 ἀναπαύσω
3649 4059 3836 4130 ὑμᾶς.

2240 4153 2340 4200 Καὶ
2371 4149 2493 4199 ὅσαι
2521 4145 2700 4218 ψυχαὶ
2741 4147 3002 4197 πείθονται
3025 4151 3114 4196 καὶ
3146 4149 3555 4220 προσέρχονται,
3585 4145 3838 4199 ἀναπαύει

2238 4237 2394 4296 αύτάς
2428 4235 2527 4287 ἀπὸ
2559 4238 2752 4288 τούτων
2783 4243 2878 4287 τῶν
2908 4234 3106 4307 βαρέων
3138 4239 3225 4285 καὶ
3253 4242 3507 4308 φορτικῶν
3529 4241 3618 4287 xui
3640 4235 3836 4288 ἀκαθά-

2238 4347 2369 4398 ρτων
2396 4326 2676 4396 λογισμῶν,
2712 4329 2803 4376 καὶ
2835 4323 3083 4398 ἀργοῦσιν
3117 4323 3216 4376 ἀπὸ
3243 4326 3416 4384 πάσης
3438 4323 3674 4396 ἀνομίας,
3709 4323 3832 4376 σαϐ-

2241 4415 2556 4475 ϐατίζουσαι
2607 4413 2867 4465 Σάϐϐατον
2900 4412 3160 4479 ἀληθινὸν,
3196 4416 3466 4486 τρυφερὸν,
3519 4413 3660 4483 ἅγιον
3693 4428 3706 4440 ·
3738 4416 3826 4463 καὶ

2240 4504 2578 4578 ἑορτάζουσιν
2628 4503 2809 4576 ἑορτὴν
2867 4506 3181 4574 Πνεύματος,
3229 4509 3425 4577 χαρᾶς,
3463 4508 3550 4555 καὶ
3587 4498 3820 4572 ἀγαλλιά-

2243 4614 2368 4656 σεως
2421 4592 2783 4649 ἀνεκλαλὴτου.
2847 4597 2946 4645 Καὶ
2998 4592 3307 4663 λατρεύουσι
3373 4591 3601 4665 λατρείαν
3652 4590 3814 4640 καθα-

2238 4685 2352 4756 ρὰν,
2398 4688 2487 4735 καὶ
2541 4682 2810 4756 εὐάρεστον
2863 4682 2934 4751 τῷ
2989 4689 3120 4751 Θεῷ,
3177 4683 3231 4732 ἑκ
3283 4683 3519 4753 καθαρᾶς
3559 4675 3817 4752 καρδίας·

2236 4778 2389 4824 τοῦτὸ
2423 4773 2536 4824 ἐστι
2567 4775 2623 4824 τὸ
2657 4770 2896 4828 ἀληθινὸν
2928 4775 3016 4822 καὶ
3061 4770 3209 4840 ἅγιον
3259 4769 3540 4822 Σάϐϐατον.
3586 4777 3832 4843 Παρακα-

2235 4862 2460 4932 λέσωμεν
2514 4857 2600 4913 οὖν
2655 4864 2743 4912 καὶ
2792 4861 2942 4930 ἡμεῖς
3015 4861 3101 4910 τὸν
3148 4862 3275 4912 Θεὸν
3335 4859 3576 4912 εἰσελθεῖν
3616 4859 3691 4921 εἰς
3742 4863 3835 4916 τὴν

2236 4953 2568 5003 κατάπαυσιν
2622 4951 2837 5012 ταύτην,
2898 4956 2988 5000 τοῦ
3044 4947 3218 5022 ἀργεῖν
3282 4951 3420 5021 ἡμᾶς
3475 4947 3576 5001 ἀπὸ
3618 4957 3716 5000 τῶν
3759 4947 3837 4999 αἰ-

2239 5049 2440 5114 σχρῶν,
2500 5046 2588 5091 xui
2642 5047 2897 5112 πονηρῶν,
2939 5043 3028 5089 καὶ
3058 5043 3293 5109 ματαίων
3325 5035 3711 5110 διαλογισμῶν,
3757 5039 3842 5090 ἵνα

2237 5132 2400 5192 οὕτως
2434 5127 2735 5200 δυνηθῶμεν
2783 5127 3064 5200 λατρεῦσαι
3092 5137 3162 5198 τῷ
3195 5135 3307 5198 Θεῷ
3355 5126 3408 5178 ἐκ
3451 5130 3687 5201 καθαρᾶς
3714 5147 3843 5202 καρ-

2237 5217 2380 5289 δίας,
2420 5225 2508 5272 καὶ
2565 5220 2811 5291 ἑορτάσαι
2859 5217 3038 5291 ἑορτὴν
3089 5219 3384 5288 Πνεύματος
3441 5216 3616 5287 ἁγίου.
3655 5217 3846 5270 Μακά-

2237 5331 2349 5384 ριος
2415 5306 2500 5362 οὖν
2559 5310 2583 5361 ὁ
2637 5308 2873 5361 εἰσελθὼν
2923 5307 2989 5367 εἰς
3054 5306 3247 5364 ἐκεινην
3302 5311 3394 5364 τὴν
3449 5309 3786 5358 κατάπαυσιν
3824 5324 3838 5337 ο

2237 5397 2367 5462 δόξα
2399 5408 2469 5470 τῷ
2505 5399 2667 5457 οὕτως
2697 5394 3048 5454 εὐδοκήσαντι
3086 5401 3274 5471 Πατρὶ,
3305 5401 3390 5448 καὶ
3414 5397 3541 5468 Υἱῷ,
3574 5394 3665 5446 καὶ
3696 5394 3838 5467 ἁγίῳ

2238 5493 2520 5563 Πνεύματι,
2553 5487 2624 5551 εἰς
2642 5491 2759 5551 τοὺς
2788 5486 2992 5547 αἰῶνας.
3019 5485 3203 5559 Ἀμὴν.
