4130 6286
1379 27 1384 30 .
1459 24 1464 26 -
1531 17 1598 26 -εε
1627 21 1662 28 -ν
1721 14 1767 44 η
1799 15 1868 36 ,με
1893 17 1896 22 -
1925 27 1928 30 .
2035 23 2054 30 ,μ
2157 17 2228 30 ἰ

711 58 724 62 -
1043 45 1048 48 “
1357 57 1360 60 ~
1549 63 1552 66 .
1599 63 1606 66 _
1647 59 1652 64 .
1685 37 1826 68 3-“34.
1849 49 1874 70 ξς»
1903 49 1964 68 -_-...,
1993 41 2002 62 .'
2039 41 2050 58 ἰ
2075 39 2142 68 .‘.;"."
2189 35 2236 60 ἕ·
2262 42 2281 55 ‘2'
2316 44 2341 61 μ-

341 381 447 438 ’149

936 506 1183 557 ΟΜΙΛΙΛ
1226 501 1348 568 Aq’.
1973 501 2021 555 Α

344 616 498 687 Περὶ
539 608 785 673 δισσῆς
825 609 1239 687 ἀνμστάσεως
1277 611 1395 687 τῶν
1424 610 1651 682 ψυχῶν
1690 613 1795 687 καὶ
1836 628 1944 663 σω-

414 678 649 757 μάτων,
709 687 813 736 καὶ
880 678 1204 756 διαφόρου
1275 678 1469 746 δόξης
1520 678 1653 735 ⁷τῶν
1691 681 1939 735 ἀνιστα-

412 760 630 829 μένων.

411 862 489 915 Α’.
541 864 862 924 Ἀνάστασις
910 869 1009 914 τῶν
1060 869 1250 937 νεκρῶν
1302 860 1493 933 ψυχῶν
1552 860 1653 914 ἀπὸ
1707 868 1798 913 τοῦ
1854 867 1941 913 νῦν

338 957 557 1025 γίνεται.
613 951 937 1015 Ἀνάστασις
993 947 1053 1004 δε
1103 959 1203 1003 τῶν
1264 953 1520 1023 σωμάτων
1566 949 1614 1003 έν
1656 950 1821 1024 ἐκείνῃ
1877 959 1937 1023 τῇ

339 1043 528 1114 ἡμέρᾳ.
584 1045 783 1113 Ὥσπερ
839 1037 897 1093 δε
941 1038 989 1091 έν
1046 1048 1119 1111 τῷ
1176 1041 1376 1114 οὐρανῷ
1430 1043 1749 1112 πεπηγμένοι
1806 1044 1942 1103 ὄντες

339 1130 388 1184 οἰ
437 1130 671 1203 ἀστέρες,
703 1129 798 1182 ούκ
840 1130 952 1181 ἶσοι
1003 1130 1187 1189 πάντες
1234 1128 1387 1194 εἰσὶν,
1434 1126 1542 1180 ἀλλ’
1596 1128 1664 1191 εἷς
1704 1136 1796 1181 τοῦ
1837 1128 1945 1191 ἑνός

341 1215 575 1292 διαφέρει
610 1216 658 1269 ἐν
711 1224 773 1290 τῇ
825 1216 1154 1291 λαμπρότητι
1192 1221 1283 1269 καὶ
1348 1216 1709 1289 μεγαλειότητι
1745 1234 1758 1247 ⁸

339 1308 434 1360 κάν
478 1313 586 1368 τοῖς
637 1313 1024 1378 πνευματικοῖς,
1064 1307 1201 1357 κατά
1250 1308 1308 1357 τό
1348 1309 1532 1380 μέτρον
1589 1314 1684 1368 τῆς
1718 1309 1946 1369 πίστεώς

341 1396 444 1450 εἰσι
493 1400 756 1469 προκοπαὶ
806 1397 854 1447 ἓν
887 1394 1026 1466 αὐτῷ
1074 1403 1146 1448 τῶ
1195 1396 1474 1467 Πνεύματι,
1508 1392 1575 1456 εἷς
1627 1395 1941 1449 πλουσιώτε-

340 1504 481 1559 τερος
512 1492 604 1538 τοῦ
636 1484 829 1558 ἐτέρου.
880 1488 982 1536 Καὶ
1032 1484 1062 1541 ἡ
1108 1489 1283 1557 Γραφὴ
1338 1484 1495 1555 λέγει,
1540 1485 1619 1536 ὃτι
1647 1483 1706 1537 Ὀ
1743 1484 1943 1536 λαλῶν

341 1573 397 1626 ἓν
434 1574 722 1647 γλώσσῃ,
757 1575 1088 1645 Πνεύματι
1128 1577 1283 1626 Θεοῦ
1322 1572 1499 1625 λαλεῖ
1529 1573 1692 1634 Οὗτος
1720 1593 1943 1645 πνευμαι

340 1668 484 1725 τικός
515 1662 629 1715 ἐστι
651 1670 760 1734 Οεῷ
787 1661 951 1715 λαλῶν
973 1680 983 1690 ·
1014 1661 1074 1714 Ὀ
1117 1657 1184 1714 δε
1223 1665 1662 1735 προφητεύων,
1699 1662 1945 1721 Ἐκκλη-

344 1756 491 1804 σίαν
530 1771 556 1803 ο
572 1750 668 1803 ἰκο
683 1747 839 1822 δομε
854 1757 891 1802 ῖ.
912 1750 1075 1813 Οὗτος
1100 1754 1403 1823 περίσσειαν
1425 1754 1553 1823 ἔσχέ
1573 1759 1669 1812 τῆς
1688 1752 1912 1826 χάριτος
1928 1769 1939 1781 ·

1809 1216 1945 1270 οὕτω

341 1842 366 1891 ὁ
396 1843 485 1911 μεν
533 1843 634 1911 γὰρ
668 1839 845 1892 έαυτόν
871 1843 1024 1912 μόνον
1050 1837 1339 1911 οἰκοδομεῖ,
1373 1841 1398 1891 ὁ
1426 1835 1485 1891 δὲ
1528 1838 1709 1892 ἑαυτὸν
1740 1845 1830 1893 καὶ
1854 1843 1943 1892 τὸν
1975 1855 2017 1910 Β

339 1928 583 1986 πλησίον.
628 1935 792 1980 Τοῦτο
841 1925 900 1980 δέ
948 1927 1107 1989 ἐστιν,
1160 1930 1332 2002 ὥσπερ
1362 1929 1542 1989 κόκκος
1600 1933 1751 1980 σίτου
1795 1948 1944 1981 σπει-

334 2020 549 2091 ρόμενος
604 2019 653 2068 εν
680 2025 741 2089 τῇ
796 2024 888 2089 γῇ,
942 2018 1089 2069 καὶὸ
1121 2017 1277 2079 αὐτὸς
1308 2016 1362 2068 έκ
1415 2024 1511 2079 τῆς
1551 2024 1672 2090 μιᾶς
1722 2014 1945 2091 καρδίας

334 2105 555 2167 πολλοὺς
603 2110 692 2158 καὶ
741 2102 1026 2181 διαφόρους
1083 2112 1305 2166 κόκκους
1363 2111 1577 2178 ἐκφέρει.
1637 2113 1736 2161 Καὶ
1794 2107 1946 2160 πάλιν

341 2195 491 2248 αύτοὶ
521 2195 570 2246 οἰ
619 2196 871 2266 στάχυες,
906 2194 955 2247 οἰ
982 2199 1072 2267 μέν
1126 2195 1229 2248 εἰσι
1282 2196 1593 2269 μειζότεροι,
1651 2198 1699 2247 οἱ
1749 2192 1808 2248 δε
1857 2217 1949 2268 μι-

342 2288 597 2357 κρότεροι,
651 2283 759 2336 ὃλοι
812 2280 871 2336 δὲ
929 2283 1001 2347 εἰς
1058 2288 1181 2356 μίαν
1248 2287 1562 2356 συνάγονται
1617 2283 1804 2350 ἅλωνα,
1877 2285 1949 2347 εἰς

344 2377 464 2445 μίαν
479 2371 771 2438 ἀποθήκην,
797 2369 1041 2448 διάφοροι
1062 2376 1199 2436 ὄντες
1219 2368 1290 2436 εἷς
1308 2372 1361 2436 ἐξ
1380 2373 1548 2426 αὐτῶν
1560 2377 1757 2445 γίνεται
1770 2375 1946 2446 ἄρτος.

418 2478 496 2535 Β’.
524 2478 589 2532 Ἦ
617 2480 791 2553 ὥσπερ
833 2478 964 2532 εἰσιν
995 2482 1044 2531 ἓν
1098 2478 1244 2532 πόλει
1294 2479 1469 2538 πλήθη
1513 2478 1814 2554 ἀνθρώπων,
1860 2486 1950 2535 καὶ

349 2569 400 2620 οἱ
428 2571 518 2639 μέν
558 2567 660 2620 εἰσι
688 2562 885 2620 παιδία
912 2572 1094 2633 νήπια,
1135 2570 1184 2620 οἱ
1230 2564 1289 2620 δε
1318 2564 1522 2641 ἄνδρες,
1567 2569 1596 2627 ἦ
1640 2573 1901 2621 νεανίσκοι
1933 2585 1945 2599 ·

347 2657 530 2717 πάντες
582 2652 641 2709 δε
698 2654 798 2708 ἀπὸ
846 2662 974 2728 μιᾶς
1022 2663 1199 2728 πηγῆς
1246 2653 1391 2727 ὕδωρ
1440 2661 1673 2722 πίνουσι,
1726 2657 1948 2710 καὶάπό

349 2744 452 2806 ἑνὸς
507 2746 668 2818 ἄρτου
715 2747 1003 2816 ἕσθίουσιν,
1061 2747 1148 2798 ἕνα
1206 2744 1333 2819 ἀέρα
1386 2748 1592 2817 ἔχοντες
1625 2763 1637 2775 ⁸
1696 2747 1724 2807 ᾖ
1775 2748 1948 2820 ὧσπερ

350 2834 452 2887 εἰσὶ
479 2833 691 2906 λύχνοι,
724 2839 813 2887 καὶ
843 2837 868 2887 ό
906 2838 997 2907 μεν
1026 2837 1140 2907 ἔχει
1171 2832 1269 2888 δύο
1307 2844 1597 2909 μυκτῆρας,
1629 2837 1654 2888 ό
1685 2833 1743 2889 δε
1774 2836 1904 2889 ἑπτά
1933 2853 1947 2867 ⁸

351 2922 456 2976 ἀλλ’
508 2925 636 2977 ὅπου
680 2922 817 2977 έστὶν
846 2926 876 2983 ἠ
930 2928 1206 2999 περίσσεια
1243 2931 1335 2977 τοῦ
1385 2928 1551 2994 φωτός
1580 2924 1745 2986 ἄλλως
1797 2930 1947 2997 φωτί-

351 3012 430 3074 ζει
462 3029 473 3041 ·
508 3014 669 3075 οὕτως
712 3014 829 3065 ὅσοι
868 3012 998 3066 εἰσὶν
1038 3012 1087 3065 έν
1128 3018 1255 3086 πυρὶ
1292 3018 1382 3067 καὶ
1418 3018 1569 3086 φωτὶ,
1599 3015 1657 3067 ού
1690 3012 1941 3069 δύνανται

348 3097 481 3155 εἶναι
514 3104 563 3154 ἒν
615 3116 825 3154 σκτοει·
871 3100 999 3154 ἀλλά
1038 3098 1265 3175 διαφορά
1321 3102 1481 3160 πολλή
1529 3105 1688 3157 ἑστιν.
1742 3102 1943 3177 Ὠσπερ

1444 377 1781 434 HOMILIzE.
1826 409 1890 419 —
1934 377 2105 433 HOM.
2150 379 2402 443 XXXVI,
2446 378 2723 433 XXXVII.

3581 377 3702 431 ‘750

2606 501 2893 559 HOMILIA
2919 501 3150 557 XXXVI.

2052 612 2137 667 De
2164 610 2395 682 duplici
2432 610 2866 666 resurrectione
2907 609 3247 682 animarum
3287 612 3342 682 et
3388 622 3701 677 corporum

2373 685 2427 739 et
2447 682 2684 738 diversa
2706 681 3138 749 resurgentium
3164 680 3389 750 gloria.

2122 862 2166 917 Ι.
2200 861 2569 917 Resurrectio
2593 862 2963 915 mortuarum
2999 858 3332 913 animrrum
3356 858 3434 913 ab
3450 856 3564 913 hoc
3583 871 3707 912 mo-

2057 955 2258 1008 mento
2288 951 2353 1007 ﬁt
2393 969 2406 1006 :
2436 948 2789 1006 resurrectio
2819 964 2956 1003 vero
2987 962 3307 1019 corporum
3348 947 3409 1002 in
3450 946 3548 1004 illa
3578 946 3701 1002 die.

2056 1039 2581 1108 Quemadmodum
2599 1038 2809 1094 veroin
2852 1036 3022 1102 caelo,
3041 1052 3177 1109 quae
3194 1037 3326 1092 ﬁxae
3346 1041 3484 1092 sunt
3503 1036 3708 1102 stellas,

2054 1146 2177 1186 non
2212 1133 2352 1184 sunt
2372 1144 2583 1184 omnes
2597 1126 2863 1199 aquales,
2887 1125 2989 1182 sed
3021 1126 3227 1181 unaab
3249 1125 3305 1180 al
3328 1125 3496 1181 teffra
3517 1124 3716 1180 diﬂ'ert

2054 1218 2372 1291 splendore
2399 1215 2879 1286 etmagnitudine
2900 1234 2912 1283 ;
2943 1214 3099 1269 sicin
3115 1214 3292 1270 rebus
3307 1214 3714 1285 spiritualibus

2055 1323 2163 1380 pro
2196 1306 2377 1363 modo
2409 1306 2548 1362 ﬁdei
2579 1308 2717 1361 sunt
2749 1303 3159 1376 promotiones
3200 1303 3258 1357 in
3299 1303 3435 1374 ipso
3457 1302 3704 1373 Spiritu,

2055 1412 2212 1452 unus
2233 1394 2585 1468 locupletior
2614 1393 2821 1450 altero.
2857 1392 3159 1463 Scriptura
3186 1407 3430 1464 quoque
3456 1392 3573 1447 ait:
3597 1392 3710 1458 Qui

2057 1486 2325 1558 loquitur
2346 1481 2829 1554 lingua,Spiritu
2859 1482 2963 1537 Dei
2994 1480 3261 1551 loquitur
3292 1481 3359 1531 ³1.
3397 1479 3497 1535 Hic
3538 1479 3712 1550 spiri-

2056 1574 2230 1631 tualis
2244 1578 2394 1645 est,q
2405 1573 2461 1628 ui
2476 1588 2612 1628 cum
2630 1569 3127 1641 DeoloquiturzAt
3149 1570 3191 1639 ι
3207 1569 3316 1639 27
3337 1567 3710 1640 quiprophe-

2056 1663 2475 1731 tat,ecclesiam
2489 1662 2886 1730 sediﬁcathte
2900 1657 3339 1715 abundantiam
3354 1657 3606 1728 adeptus
3619 1660 3706 1711 est

2057 1751 2561 1824 gratialeleenim
2596 1766 2659 1804 se
2691 1750 2825 1821 ipsu
2840 1748 3132 1803 duntaxat
3158 1746 3538 1810 sediﬁcat,hic
3562 1761 3702 1801 vero

2059 1858 2119 1897 se
2151 1843 2349 1914 ipsum
2370 1846 2425 1897 et
2448 1839 2810 1911 proximum.
2846 1840 2963 1892 Hoc
2995 1852 3174 1908 porro
3192 1852 3252 1891 se
3274 1836 3553 1900 habet,ut
3579 1849 3710 1903 gra-

2060 1948 2206 1999 num
2240 1931 2518 1987 frumenti
2550 1930 2610 1984 in
2642 1934 2859 1984 terram
2888 1926 3221 1997 conjectum
3256 1943 3268 1980 :
3303 1925 3464 1981 idem
3496 1941 3568 1979 ex
3595 1939 3716 1979 uno

2058 2021 2237 2077 corde
2266 2020 2437 2092 plura
2470 2024 2525 2073 et
2555 2018 2794 2073 diversa
2835 2030 3025 2085 grana
3054 2014 3349 2085 producit.
3379 2016 3705 2070 Etrursum

2060 2126 2132 2165 ex
2164 2109 2343 2180 spicis
2368 2108 2511 2180 ipsis
2529 2105 2660 2163 alias
2692 2103 3189 2175 suntampliores,
3225 2103 3354 2158 aliae
3388 2100 3715 2167 tenuiores;

2061 2200 2356 2254 universae
2396 2211 2539 2251 vero
2590 2195 2652 2250 in
2689 2209 2871 2249 unam
2917 2197 3361 2261 congregantur
3393 2206 3619 2254 aream,
3655 2189 3718 2244 in

2059 2303 2246 2343 unum
2271 2287 2553 2341 horreum
2584 2300 2597 2350 ;
2631 2288 2687 2339 et
2717 2283 2849 2338 licet
2871 2280 3277 2346 diversae;sint,
3297 2295 3450 2336 unus
3471 2294 3543 2337 ex
3571 2279 3716 2351 ipsis

2060 2375 2368 2432 conﬁcitur
2390 2373 2584 2445 panis.

2135 2485 2198 2537 ll.
2234 2486 2346 2537 Aut
2374 2478 2894 2553 quemadmodum
2918 2478 2976 2532 in
2994 2475 3228 2532 civitate
3251 2475 3718 2531 sunthominum

2065 2570 2491 2635 multitudines,
2520 2574 2576 2625 et
2626 2566 2898 2623 nonnulli
2938 2570 3077 2621 sunt
3131 2565 3299 2636 pueri
3356 2563 3575 2635 pusilli,
3618 2562 3721 2620 alii

2062 2677 2202 2716 vero
2230 2660 2337 2715 viri
2358 2659 2452 2714 vel
2486 2658 3152 2722 adolescentes;omnes
3188 2670 3323 2708 vero
3336 2668 3408 2709 ex
3424 2668 3544 2708 uno
3558 2652 3719 2708 fonte

2061 2766 2285 2823 aquam
2317 2747 2548 2813 bibunt,
2576 2762 2762 2802 unum
2796 2760 3016 2818 panem
3034 2743 3381 2800 comedunt.
3408 2757 3719 2812 unumque

2062 2854 2260 2894 aerem
2292 2839 2541 2909 spirant.
2567 2837 2679 2891 Aut
2701 2833 2947 2905 perinde
2980 2836 3042 2888 ut
3064 2831 3494 2895 suntlucernas,
3517 2835 3574 2884 et
3589 2829 3717 2886 haec

2060 2928 2305 3001 quidem
2354 2926 2535 2982 habet
2589 2925 2711 2980 duo
2748 2922 3092 2985 luminaria,
3124 2920 3223 2977 illa
3271 2935 3414 2976 vero
3463 2923 3716 2990 septem,

2063 3023 2123 3074 at
2165 3018 2263 3073 ubi
2296 3022 2383 3072 est
2411 3013 2785 3071 abundantia
2822 3012 2996 3078 lucis,
3031 3012 3112 3067 ibi
3151 3010 3317 3067 aliter
3357 3009 3658 3065 illuminat
3699 3024 3711 3064 :

2064 3106 2147 3162 sic
2185 3105 2529 3178 quicunque
2584 3108 2724 3157 sunt
2773 3102 2835 3157 in
2867 3101 3003 3171 igne
3034 3105 3090 3155 et
3127 3099 3374 3162 lumine,
3409 3102 3715 3168 nequeunt

353 3190 414 3241 ἄν
462 3193 505 3242 εἳ
545 3210 626 3251 τις
654 3194 827 3262 πατήρ
874 3190 941 3241 ὢν
981 3192 1127 3251 υἱούς
1156 3193 1269 3261 ἔχει
1310 3188 1427 3257 δύο,
1460 3195 1547 3243 τὸν
1579 3195 1669 3263 μεν
1708 3190 1946 3257 παιδίον,

2065 3211 2196 3251 esse
2226 3195 2286 3249 in
2306 3193 2562 3249 tenebris
2591 3208 2602 3246 :
2634 3206 2842 3247 verum
2867 3204 3087 3258 magna
3101 3187 3256 3243 inter
3272 3202 3373 3243 eos
3392 3191 3481 3242 est
3497 3186 3717 3241 discre~

351 3281 438 3331 τόν
483 3276 543 3331 δε
571 3282 857 3343 νεανίσκον,
909 3284 999 3331 καὶ
1042 3281 1129 3330 τόν
1170 3283 1260 3351 μεν
1305 3280 1377 3340 εἰς
1432 3280 1600 3341 πόλεις
1653 3279 1955 3338 ἀποστέλλει

353 3370 444 3418 καὶ
497 3363 782 3439 πατρίδας,
835 3369 892 3419 τό
933 3363 991 3420 δι
1028 3372 1212 3424 νήπιον
1259 3370 1477 3421 πάντοτε
1518 3365 1815 3443 δορυφορεῖ,
1843 3372 1952 3424 ἐπεὶ

353 3450 519 3526 μηδεν
551 3451 769 3508 δύναται
806 3462 990 3511 ποιεῖν.
1025 3454 1159 3518 Δόξα
1194 3463 1267 3527 τῷ
1298 3464 1434 3527 Θεῷ.
1466 3458 1658 3530 Ἀμήν.

940 3762 1190 3815 ΟΜΙΛΙΑ.
1228 3758 1348 3815 ΛΖ’.

347 3868 498 3940 Περὶ
528 3872 637 3918 τοῦ
665 3860 1101 3941 παραδείσου,
1128 3870 1238 3919 καὶ
1267 3870 1459 3940 νόμου
1485 3878 1943 3942 πνευματικοῦ.

422 3972 491 4027 Δ’.
518 3971 577 4025 Ἠ
617 3972 799 4044 φιλία
834 3979 946 4025 τοῦ
984 3977 1253 4045 κόσμου,
1299 3978 1435 4027 κατὰ
1462 3979 1519 4027 τό
1554 3982 1928 4049 γεγραμμένον,

347 4061 554 4131 ἔχθρα
592 4060 781 4112 ἔστιν
820 4060 909 4122 εἰς
949 4065 1116 4113 Θεόν.
1152 4065 1239 4113 Διό
1277 4064 1308 4120 ἡ
1356 4068 1532 4137 Γραφή
1578 4065 1767 4117 κελεύέι
1792 4069 1939 4140 πάσῃ

346 4147 477 4220 λακῇ
528 4155 702 4221 τηρεῖν
745 4148 965 4200 ἕκαστον
994 4154 1089 4206 τὴν
1130 4148 1314 4201 ἑαυτοῦ
1360 4148 1607 4223 καρδίαν,
1650 4154 1733 4205 ἵνα
1772 4174 1849 4215 τις
1879 4158 1945 4218 ὡς

347 4231 670 4309 παράδεισον
714 4236 993 4308 φυλάσσων
1033 4236 1081 4288 έν
1121 4234 1251 4308 αὐτῇ
1312 4242 1398 4291 τόν
1446 4239 1617 4311 λόγον,
1671 4241 1942 4317 ἀπολαύσῃ

348 4333 442 4387 τῆς
467 4327 710 4399 χάριτος,
751 4330 823 4398 μὴ
861 4324 1061 4378 ἀκούων
1087 4334 1179 4378 τοῦ
1209 4324 1353 4379 ἔνδον
1389 4328 1745 4403 εἱλισσομένου
1787 4336 1947 4404 ὄφεως

350 4414 791 4488 συμϐουλεύοντος
838 4416 905 4467 τὰ
953 4418 1078 4487 πρὸς
1108 4411 1326 4482 ἡδονήν,
1375 4414 1449 4469 δι’
1493 4419 1552 4479 ἧς
1581 4426 1819 4490 γεννᾶται
1859 4423 1947 4474 eu-

345 4508 442 4577 μός
472 4505 498 4556 ό
528 4501 917 4576 ἀδελφοκτόνος,
980 4509 1070 4556 καὶ
1124 4506 1336 4562 θνήσκει
1373 4505 1529 4578 ψυχή
1573 4510 1604 4566 ἡ
1639 4512 1893 4563 τίκτουσα
1928 4528 1941 4541 ⁸

347 4591 452 4645 ἀλλ’
482 4591 682 4645 ἀκούων
727 4599 820 4645 τοῦ
856 4596 1050 4665 Κυρίου
1080 4592 1333 4664 λέγοντος,
1363 4594 1470 4647 Ἐπ
1489 4597 1816 4668 ιμελείσθε
1853 4604 1947 4651 πί-

348 4701 551 4743 στεως
588 4686 691 4735 καὶ
725 4678 1013 4748 ἐλπίδος,
1047 4680 1229 4735 δι’ὧν
1262 4691 1568 4755 γεννᾶται
1596 4688 1626 4745 ἡ
1658 4687 1946 4759 φιλόθεος

345 4775 454 4822 καὶ
495 4769 946 4844 φιλάνθρωπος
985 4771 1218 4844 ἀγάπη,
1253 4775 1282 4831 ἡ
1324 4778 1438 4832 τὴν
1478 4778 1738 4830 αἰώνιον
1778 4778 1944 4839 ζωήν

347 4876 471 4931 παρ
487 4860 644 4928 ἔχου
663 4878 757 4912 σα.
787 4860 874 4920 Εἰς
904 4868 1085 4913 τοῦτον
1107 4864 1193 4913 τόν
1219 4859 1546 4933 παράδεισον
1577 4864 1783 4925 εἰσῆλθε
1807 4873 1941 4933 Νῶε,

347 4947 440 5001 τήν
485 4942 688 5003 ἐντολὴν
734 4945 1015 5017 φυλάσσων
1058 4954 1145 5000 καὶ
1189 4947 1549 5022 ἐργαζόμενος,
1596 4958 1683 5006 καὶ
1718 4950 1811 5006 διά
1848 4962 1943 5015 τῆς

347 5030 550 5106 ἀγάπης
634 5032 893 5106 έλυτρώθη
978 5044 1073 5098 τῆς
1152 5036 1332 5111 ὀργῆς.
1408 5047 1596 5094 Τοῦτον
1663 5043 1942 5115 φυλάσσων

346 5121 585 5195 Ἀϐρααμ
650 5127 818 5195 φωνὴν
891 5131 1025 5177 Θεοῦ
1100 5129 1320 5185 ἤκουσε.
1392 5136 1580 5183 Τοῦτον
1663 5131 1942 5203 φυλάσσων

344 5218 575 5272 Μωῠσῆς
628 5208 785 5274 δόξαν
844 5212 914 5274 εἰς
954 5216 1011 5264 τό
1062 5219 1335 5287 πρόσωπον
1380 5216 1677 5290 έλάμϐανεν.
1721 5220 1944 5293 Ὀμοίως

346 5296 513 5355 Δαϐἱδ
559 5308 740 5354 τοῦτον
773 5302 1051 5373 φυλάσσων
1110 5303 1399 5375 εἰργάζετο,
1432 5309 1542 5359 ὅθεν
1591 5318 1689 5361 τῶν
1739 5310 1944 5385 ἐχθρῶν

344 5389 598 5464 ἐκυρίευεν
641 5408 653 5418 ·
696 5389 826 5443 ἀλλὰ
890 5395 979 5443 καὶ
1042 5392 1204 5445 Σαοὺλ
1261 5394 1356 5456 ἔως
1412 5396 1471 5448 οὗ
1531 5397 1788 5469 ἐφύλασσε
1852 5404 1944 5459 τὴν

342 5477 590 5553 καρδίαν,
649 5475 936 5535 εύωδοῦτο.
1003 5487 1125 5534 Ὅτε
1165 5478 1224 5535 δὲ
1282 5483 1350 5543 εἰς
1401 5484 1543 5547 τέλος
1600 5486 1822 5561 παρέϐη,
1873 5508 1947 5551 εις

344 5567 482 5630 τελος
538 5567 911 5643 ἐγκατελήφθη.
971 5570 1048 5624 Ἐν
1098 5574 1270 5646 μέτρῳ
1318 5574 1419 5648 γὰρ
1484 5577 1617 5627 κατὰ
1669 5574 1944 5648 ἀναλογίαν

1980 4560 2023 4614 D

418 5749 460 5783 ³³
487 5748 505 5801 Ι
536 5750 667 5805 Cor.
698 5753 868 5820 x1v,2.
966 5754 1011 5786 ³³
1039 5751 1162 5808 Jac.
1194 5767 1271 5819 ιν,
1297 5752 1351 5807 4.
1430 5756 1475 5787 ³³
1490 5754 1660 5810 Prov.
1695 5770 1765 5820 IV,
1799 5756 1887 5810 23.

2066 3283 2288 3355 pantia.
2310 3281 2496 3337 Veluti
2535 3296 2604 3335 ac
2644 3279 2692 3333 si
2736 3283 2904 3350 pater
2954 3277 3257 3349 quispiam
3300 3274 3522 3331 habeat
3563 3273 3718 3329 duos

2063 3371 2238 3437 ﬁlios,
2273 3372 2433 3426 hunc
2461 3368 2765 3442 pusillum,
2799 3367 3050 3422 alterum
3081 3363 3718 3429 adolescentem,hunc

2062 3461 2303 3533 quidem
2337 3459 2586 3515 inurbes
2616 3456 2788 3512 mittit
2808 3461 2865 3511 et
2891 3453 3483 3526 regiones,pusillum
3513 3456 3715 3508 autem

2062 3566 2302 3622 semper
2331 3547 2705 3620 tuetur,quia
2730 3544 2879 3602 nihil
2908 3549 3107 3616 potest
3130 3559 3325 3615 agere.
3354 3541 3551 3598 Gloria
3575 3544 3713 3597 Deo.

2060 3642 2269 3696 Amen.

2590 3761 2881 3818 HOMILIA
2919 3759 3162 3815 XXXVII.

2354 3872 2439 3927 De
2465 3868 2750 3938 paradiso
2777 3874 2831 3923 et
2895 3867 3017 3936 lege
3049 3865 3378 3935 spirituali.

2129 3978 2402 4035 Amicitia
2433 3978 2605 4047 hujus
2633 3975 2931 4036 mundi,ut
2951 3973 3237 4043 scriptum
3261 3975 3367 4031 est,
3401 3968 3713 4025 inimicitia

2055 4075 2138 4124 est
2168 4069 2271 4122 Dei
2302 4067 2369 4121 ³³.
2392 4067 2766 4136 Quapropter
2786 4061 3094 4132 Scriptura
3116 4059 3287 4131 jubet
3312 4073 3714 4129 unumquem-

2055 4171 2173 4227 que
2195 4155 2358 4209 omni
2391 4152 2665 4208 custodia
2691 4152 3012 4207 observare
3030 4165 3132 4203 cor
3160 4164 3340 4203 suum
3368 4148 3435 4213 ⁸³,
3471 4155 3533 4200 ut
3554 4146 3709 4218 quis,

2056 4243 2213 4298 velut
2243 4242 2996 4313 paradisum,conservans
3019 4238 3077 4292 in
3096 4252 3166 4292 eo
3197 4234 3714 4297 verbum,fruatur

2056 4330 2614 4404 gratia,nec‘audiat
2641 4332 2975 4399 serpentem
3000 4328 3159 4381 intus
3190 4342 3253 4381 se
3285 4324 3711 4395 implicantem,

2057 4429 2110 4477 et
2137 4420 2544 4476 consulentem
2591 4434 2727 4491 quae
2768 4415 3056 4486 voluptati
3105 4414 3452 4477 inserviunt,
3477 4428 3548 4466 ex
3588 4427 3713 4483 qua

2058 4510 2319 4566 nascitur
2350 4507 2663 4564 iracundia
2685 4507 2760 4562 ad
2783 4504 3178 4561 fratricidium
3209 4501 3708 4559 committendum

2056 4599 2325 4667 adigens,
2354 4603 2410 4653 et
2446 4597 2695 4651 moritur
2722 4595 2925 4650 anima
2946 4593 3185 4664 pariens
3220 4609 3233 4658 ;
3267 4607 3477 4646 verum
3510 4590 3713 4647 audiat

2060 4687 2376 4744 Dominum
2407 4686 2738 4741 dicentem:
2775 4684 2994 4740 Curam
3045 4682 3249 4738 habete
3267 4681 3407 4749 ﬁdei
3454 4695 3524 4735 ac
3563 4679 3708 4749 spei,

2055 4793 2084 4834 e
2107 4777 2318 4848 quibus
2372 4775 2718 4847 proﬁcitsur
2760 4773 3049 4837 Charitas,
3082 4774 3135 4827 et
3168 4771 3272 4826 Dei
3300 4776 3352 4826 et
3400 4770 3705 4826 hominum

2053 4876 2284 4929 amans,
2318 4881 2449 4937 quae
2471 4865 2651 4920 vitam
2675 4870 2958 4919 aeternam
2978 4860 3252 4931 largitur.
3272 4862 3332 4913 In
3351 4857 3706 4929 hujusmodi

2054 4955 2405 5028 paradisum
2423 4956 2727 5025 ingressus
2742 4955 2982 5017 estNoe,
3004 4950 3357 5007 mandatum
3377 4948 3710 5004 observans

2052 5051 2231 5118 atque
2244 5058 2598 5116 exsequens,
2617 5048 2796 5114 atque
2818 5057 2924 5112 per
2947 5041 3295 5096 charitatem
3327 5042 3595 5094 servatus
3626 5042 3713 5093 est

2055 5136 2132 5190 ab
2172 5135 2277 5190 ira.
2338 5136 2503 5189 Hunc
2542 5146 2907 5188 conservans
2955 5128 3261 5185 Abraham
3311 5125 3528 5182 divinae
3576 5126 3711 5182 voci

2052 5222 2682 5293 obtemperavit.Hunc
2695 5218 3037 5275 custodiens
3052 5215 3524 5286 Moses,gloriam
3541 5215 3600 5270 in
3618 5215 3707 5271 fa-

2054 5310 2606 5383 cierecepit.[tidem
2620 5315 2676 5365 et
2697 5308 2878 5364 David
2913 5308 3073 5363 hunc
3102 5305 3467 5370 custodiens,
3493 5304 3707 5369 eﬁ‘ecit,

2057 5401 2215 5456 unde
2271 5401 2607 5457 dominium
2663 5400 2722 5454 in
2768 5398 2969 5453 hostes
3022 5396 3278 5467 adeptus
3340 5400 3446 5450 est.
3493 5396 3705 5449 Verum

2056 5489 2237 5545 etiam
2274 5489 2434 5557 Saul,
2466 5487 2740 5561 quandiu
2784 5485 3102 5544 custodivit
3160 5500 3281 5550 cor,
3317 5482 3468 5539 felici
3502 5495 3701 5535 rerum

2058 5594 2343 5634 successu
2366 5579 2641 5635 utebatur
2683 5596 2696 5647 ;
2725 5576 2971 5650 quando
2991 5589 3133 5631 vero
3165 5573 3278 5629 sub
3308 5572 3489 5627 ﬁnem
3512 5574 3698 5625 trans-
