4130 6286
454 245 555 300 751

1747 235 1808 289 S.
1852 230 2151 291 MACARII
2190 227 2499 284 IEGYPTII

3709 228 3822 283 752

455 384 694 441 gressus
719 371 825 433 est,
854 365 1099 423 tandem
1122 368 1208 420 est
1236 363 1691 419 circumventus.
1726 361 1903 416 Juxta
1948 373 2111 415 men-

2230 357 2532 428 μετέρχεται
2577 356 2794 409 ἕκαστον
2841 357 2867 409 6
2918 356 3071 428 λόγος
3115 364 3206 409 τοῦ
3256 362 3408 427 Θεοῦ,
3454 356 3576 410 ὅσον
3606 354 3827 427 ἐπικρα-

457 474 659 516 suram
684 457 843 514 enim
875 462 927 513 et
962 472 1033 513 ex
1062 453 1443 527 proportione
1469 451 1733 524 pervenit
1774 450 1853 507 ad
1892 464 2113 504 unum-

456 562 764 622 quemque
804 546 1052 602 verbum
1116 543 1235 609 Dei,
1266 546 1561 614 quantum
1642 539 1777 611 quis
1818 537 2107 611 possedit,

456 642 691 695 tantum
732 634 1140 709 possidebitur
1163 638 1247 689 :et
1269 634 1564 703 quantum
1588 629 1720 701 quis
1741 627 2103 693 custodierit,

460 731 694 784 tantum
727 724 1111 781 custodiatur.

535 852 579 907 ll
590 853 924 922 .Propterea
936 848 1247 903 universus
1261 844 1475 902 chorus
1491 848 1830 901 sanctorum
1850 843 2111 916 prophe-

456 942 676 1004 tarum,
714 936 1144 1009 apostolorum,
1177 941 1233 990 et
1257 940 1593 1006 martyrum
1625 934 1874 988 verbum
1898 934 1957 987 in
1985 948 2110 988 cor-

456 1025 635 1082 dibus
670 1027 793 1081 suis
833 1024 1261 1089 custodierunt,
1295 1024 1369 1078 de
1408 1022 1575 1079 nulla
1628 1038 1687 1077 re
1730 1021 1981 1086 solliciti,
2006 1021 2111 1076 sed

456 1114 851 1187 despicientes
894 1120 1125 1169 terrena
1172 1114 1232 1168 in
1282 1112 1571 1168 mandato
1620 1111 1869 1183 Spiritus
1922 1110 2111 1166 sancti

457 1210 933 1277 permanserunt,
962 1202 1244 1272 eligentes
1270 1201 1436 1274 quod
1460 1202 1575 1257 Deo
1605 1200 1843 1272 Spiritui
1875 1205 2112 1271 gratum

458 1298 517 1350 et
546 1294 774 1349 bonum
802 1297 954 1351 erat:
976 1308 1097 1347 non
1110 1291 1292 1346 verbo
1314 1291 1440 1346 solo
1457 1294 1559 1346 aut
1570 1290 1907 1359 cognitione
1926 1288 2108 1355 nuda,

461 1382 566 1439 sed
592 1382 770 1438 verbo
786 1386 842 1437 et
854 1397 1133 1452 opere,ac
1148 1380 1327 1436 rebus
1341 1381 1514 1451 ipsis:
1536 1395 1644 1451 pro
1658 1379 1879 1435 divitiis
1893 1379 2114 1449 eligen-

460 1477 547 1528 tes
574 1474 1127 1545 paupertatem,pro
1145 1470 1334 1540 gloria
1359 1470 1659 1525 honorum
1676 1475 2110 1540 contemptum,

459 1578 569 1633 pro
638 1560 941 1632 voluptate
1001 1560 1322 1623 miseriam,
1384 1558 1542 1613 unde
1608 1558 1784 1614 etiam
1856 1574 1963 1631 pro
2028 1558 2115 1614 ira

461 1649 838 1706 dilectionem
857 1666 869 1703 :
888 1648 1028 1703 odio
1056 1635 1217 1703 enim
1241 1652 1669 1719 prosequentes
1690 1663 1825 1719 qua:
1845 1648 2115 1717 jucunda

2222 452 2299 497 τεῖ
2346 465 2445 511 τις,
2513 453 2759 498 τοσοῦτον
2825 445 3204 520 έπικρατείται,
3235 451 3325 499 καὶ
3384 448 3503 499 ὅσον
3560 445 3825 518 φυλάσσει

2220 543 2468 589 τοσοῦτον
2498 536 2837 609 φυλάσσεται.

2292 841 2363 893 B'.
2402 844 2497 895 Διά
2540 848 2693 895 τοῦτο
2729 847 2831 903 πᾶς
2880 842 2906 893 ό
2954 844 3121 915 χορός
3159 848 3258 893 τῶν
3306 841 3465 913 ἁγίων
3517 848 3827 917 προφητῶν,

2219 925 2541 995 ἀποστόλων,
2593 932 2891 1004 μαρτύρων,
2955 934 3041 983 τόν
3099 929 3250 1001 λόγον
3310 926 3359 982 έν
3407 936 3523 991 ταῖς
3572 924 3830 1001 καρδίαις

2222 1017 2391 1069 αὐτῶν
2449 1017 2756 1089 ἐφύλασσον,
2811 1015 2979 1091 μηδὲν
3037 1019 3205 1095 ἓτερον
3275 1026 3636 1092 μεριμνῶντες,
3694 1015 3829 1069 ἀλλὰ

2220 1109 2285 1159 τά
2329 1112 2488 1179 γήἰνα
2545 1109 2912 1182 ὑπερορῶντες,
2974 1111 3063 1160 καὶ
3138 1110 3188 1160 ἑν
3268 1108 3439 1181 ἐντολῇ
3496 1115 3592 1159 τοῦ
3665 1104 3826 1177 ἀγίου

2225 1200 2516 1269 Πνεύματος
2574 1193 2901 1269 διαμένοντες
2954 1201 3042 1250 καὶ
3097 1200 3154 1249 τὸ
3206 1204 3300 1249 τοῦ
3340 1200 3638 1271 Πνεῦματος
3682 1195 3829 1269 φιλό-

2226 1288 2354 1352 θεον,
2413 1291 2502 1338 καὶ
2571 1284 2766 1357 ἀγαθόν
2835 1288 3035 1339 πάντων
3103 1291 3485 1361 προκρίνοντες,
3561 1285 3619 1338 οὐ
3684 1284 3827 1357 λόγῳ

2224 1380 2361 1447 μόνῳ
2393 1376 2422 1433 ἡ
2456 1381 2646 1445 γνώσει
2672 1374 2823 1448 ψιλῇ,
2860 1374 2966 1427 ἀλλ’
3000 1375 3047 1427 έν
3094 1375 3229 1447 λόγῳ
3257 1380 3346 1428 καὶ
3388 1378 3519 1450 ἔργῳ
3552 1372 3587 1428 δ
3593 1375 3624 1427 ι’
3653 1375 3829 1427 αὐτῶν

2223 1473 2323 1516 τῶν
2370 1466 2687 1536 πραγμάτων
2732 1482 2741 1491 ’
2802 1463 2916 1516 ἀντὶ
2971 1464 3195 1517 πλούτου
3250 1464 3476 1537 ἑλόμενοι
3531 1469 3827 1537 πτωχείαν,

2225 1552 2339 1606 ἀντὶ
2388 1550 2548 1616 δόξης
2596 1552 2828 1626 ἀτιμίαν,
2880 1552 2994 1606 ἀντὶ
3038 1551 3236 1615 ἡδονῆς
3287 1554 3664 1627 ταλαιπωρίαν,
3709 1555 3831 1606 ὅθεν

2225 1648 2313 1695 καὶ
2363 1641 2476 1695 ἀντὶ
2532 1650 2623 1695 τοῦ
2653 1644 2818 1715 θυμοῦ
2865 1642 3073 1715 ἀγάπην
3098 1659 3112 1674 ⁸
3146 1651 3418 1715 μισοῦντες
3463 1646 3564 1718 γὰρ
3598 1646 3663 1697 τά
3689 1639 3835 1701 ἡδέα

462 1745 602 1794 sunt
637 1738 700 1794 in
726 1739 839 1793 hac
870 1737 1010 1801 vita,
1036 1752 1139 1791 eos
1155 1738 1258 1808 qui
1279 1736 1405 1791 hinc
1421 1735 2115 1799 auferebant.vehemeu-

2230 1740 2315 1784 τοῦ
2361 1729 2500 1804 βίου,
2550 1736 2671 1793 τοὺς
2714 1730 3117 1805 ἀφαιρουμένους
3165 1732 3299 1785 αῦτά
3344 1732 3535 1805 μᾶλλον
3584 1734 3831 1804 ἠγάπων,

461 1828 579 1883 tius
614 1827 963 1898 diligebant,
993 1830 1282 1897 tanquam
1322 1824 1685 1896 opitulantes
1713 1825 1823 1880 sibi
1878 1825 1953 1881 ad
1990 1842 2117 1883 sco-

461 1933 607 1989 pum
640 1915 1075 1985 attingendum,
1106 1913 1388 1986 prohibiti
1411 1914 1802 1983 acognitione
1822 1915 1963 1970 boni
1994 1932 2116 1972 ma-

459 2006 622 2077 lique
651 2021 663 2060 :
698 2020 891 2077 neque
914 2006 1074 2060 enim
1104 2003 1302 2060 bonos
1334 2004 1724 2076 repellebant,
1762 2020 1870 2059 nec
1894 2005 2115 2076 impro-

459 2095 572 2152 bos
586 2094 979 2151 accusabant:
996 2110 1097 2149 eos
1112 2109 1322 2148 omnes
1337 2093 1564 2161 legatos
1582 2093 2113 2150 administrationis

465 2184 789 2241 Dominicis
811 2199 945 2239 esse
972 2182 1400 2238 existimantes.
1431 2183 1721 2247 Quocirca
1746 2198 1884 2252 erga
1901 2199 2114 2238 omnes

464 2272 751 2342 gerebant
780 2272 1052 2327 animum
1104 2271 1388 2327 benevole
1428 2270 1731 2327 affectum.
1757 2274 1902 2327 Cum
1952 2273 2111 2329 enim

472 2363 646 2433 128
689 2360 964 2418 audirent
1005 2361 1327 2416 Dominum
1358 2360 1653 2416 dicentem
1677 2361 2028 2427 :Remittite,
2061 2369 2113 2418 et

466 2454 799 2510 remittetur
826 2450 991 2506 vobis
1017 2450 1085 2517 3‘,
1118 2454 1256 2505 tunc
1278 2450 1380 2521 qui
1400 2448 1782 2515 selasderent,
1811 2450 2113 2506 beneﬁcos

464 2539 847 2611 reputabant,
881 2538 1039 2593 velut
1063 2538 1141 2595 ab
1188 2538 1257 2593 iis
1278 2538 1581 2593 consecuti
1610 2538 1989 2595 occasionem
2017 2556 2112 2595 re—

465 2628 755 2686 mittendi.
766 2629 844 2683 Cu
853 2628 1063 2696 mivero
1077 2643 1281 2682 rursus
1295 2625 1598 2682 audirent:
1619 2626 2114 2693 Quemadmodum

468 2718 670 2785 vultis,
693 2723 755 2771 ut
781 2716 1007 2784 facient
1024 2715 1179 2771 vobis
1195 2715 1567 2781 homines,ita
1582 2730 1679 2771 vos
1691 2717 2117 2787 quoquefacite

465 2806 585 2863 illis
611 2806 677 2871 ³⁵,
704 2809 843 2861 tunc
868 2820 1111 2877 quoque
1137 2804 1360 2876 probos
1392 2805 1447 2859 iu
1498 2804 1861 2862 conscientia
1899 2807 2115 2877 dilige-

464 2895 634 2952 bant.
664 2894 1081 2967 Belinquentes
1110 2894 1271 2949 enim
1314 2909 1493 2949 suam
1521 2895 1837 2964 justitiam,
1875 2902 1929 2951 et
1948 2896 2118 2966 justi-

469 2985 612 3041 tiam
658 2984 755 3040 Dei
801 2988 1156 3057 quaarentes,
1187 2987 1625 3055 consequenter
1678 2984 2034 3042 invenerunt
2062 2992 2119 3043 et

466 3075 814 3132 charitatem
845 3073 906 3129 in
945 3089 1017 3130 ea
1052 3072 1399 3130 naturaliter
1427 3073 1818 3130 reconditam.

540 3200 634 3254 III.
670 3198 959 3254 Dominus
984 3199 1144 3253 enim
1171 3214 1309 3255 cum
1342 3198 1529 3254 multa
1551 3198 1625 3254 de
1658 3199 1943 3255 charitate
1977 3217 2123 3272 prae-

468 3289 707 3361 ciperet,
741 3289 1207 3360 jussitquaarere
1241 3286 1542 3359 justitiam
1584 3289 1681 3344 Dei
1714 3306 1725 3344 :
1761 3290 1924 3345 novit
1962 3291 2121 3345 enim

466 3377 626 3434 hanc
695 3382 946 3431 matrem
1009 3377 1312 3432 charitatis
1375 3392 1524 3432 esse.
1586 3380 1713 3432 Non
1776 3378 1912 3434 licet
1964 3380 2121 3434 enim

468 3464 705 3533 salvari,
729 3464 841 3518 nisi
866 3480 972 3533 per
997 3464 1429 3533 proximum,ut
1451 3465 1733 3536 praecepit
1761 3484 1773 3519 :
1804 3467 2119 3533 Remittite,

470 3558 523 3609 et
581 3553 914 3607 remittetur
962 3551 1139 3607 vobis.
1173 3551 1305 3606 Haec
1342 3556 1433 3606 est
1484 3552 1579 3607 lex
1619 3553 1961 3623 spiritualis,
1987 3571 2124 3626 quas

471 3640 531 3696 in
558 3638 840 3694 cordibus
871 3638 1149 3694 ﬁdelibus
1172 3640 1468 3703 scribitur,
1498 3640 2013 3710 complementum
2039 3643 2123 3697 ni-

469 3729 691 3784 mirum
743 3727 955 3797 prioris
1007 3726 1173 3796 legis.
1226 3728 1365 3783 Non
1395 3730 1570 3791 enim,
1606 3727 1821 3801 inquit,
1874 3733 2009 3787 veni
2045 3733 2126 3787 ad

468 3817 889 3874 destruendam
922 3816 1122 3887 legem,
1148 3817 1247 3872 sed
1275 3824 1344 3871 ut
1381 3820 1708 3887 compleam
1733 3820 1799 3873 '5.
1830 3820 1955 3885 Quo
1982 3836 2124 3891 ergo

470 3914 646 3979 pacto
672 3905 1406 3979 impleatur,accipe.Prior
1436 3905 1530 3962 lex
1546 3913 1785 3979 sumpta
1810 3910 2125 3966 occasione

466 3994 863 4051 benedicendi
886 3994 956 4059 ei.
995 3994 1098 4066 qui
1131 4000 1502 4066 peccaverat,
1527 3995 2124 4068 fortius;condemna-

468 4083 552 4141 vit
597 4078 756 4150 eum,
801 4084 905 4155 qui
948 4082 1125 4138 lassus
1186 4088 1293 4139 est.
1329 4084 1396 4139 1n
1455 4100 1587 4156 quo,
1645 4085 1854 4156 inquit,
1889 4087 2127 4158 judicas

466 4175 747 4237 alterum,
804 4173 867 4228 in
897 4188 960 4228 eo
993 4179 1046 4228 te
1065 4172 1260 4243 ipsum
1313 4173 1671 4229 condemnas
1699 4195 1718 4230 .-
1748 4174 1811 4228 in
1844 4191 1960 4246 quo
1994 4191 2127 4232 vero

468 4262 736 4327 remittit,
770 4262 1128 4317 ramittettur
1180 4263 1233 4319 ei
1289 4263 1357 4315 ³⁷.
1387 4262 1473 4319 Ita
1505 4262 1666 4318 enim
1713 4262 1807 4318 lex
1883 4265 2076 4336 inquit
2108 4281 2122 4317 :

478 4352 551 4407 In
583 4350 773 4407 medio
790 4350 1013 4421 judicii
1048 4351 1369 4420 judicium,
1400 4351 1527 4407 etin
1555 4352 2126 4409 medioremissionis

476 4455 759 4497 νεγηιεδιο.

550 4565 638 4619 IV.
685 4563 993 4620 Plenitudo
1024 4579 1165 4634 ergo
1194 4564 1340 4634 legis
1379 4563 1651 4621 remissio
1695 4570 1801 4621 est.
1838 4570 2127 4623 Craterum

468 4656 729 4725 priorem
761 4656 938 4724 legem
969 4653 1381 4720 diximus,non
1414 4655 1579 4726 quod
1613 4658 1762 4710 Deus
1794 4656 1947 4712 duas
1966 4656 2127 4725 leges

470 4744 901 4816 praescripserit
922 4742 1289 4808 horninibus,
1312 4743 1415 4798 sed
1451 4744 1776 4813 unicam,et
1801 4745 2047 4817 quidem
2064 4746 2129 4801 il-

467 4832 591 4888 lam
615 4832 980 4902 spiritualem
1015 4849 1086 4887 ex
1110 4839 1355 4887 natura:
1379 4833 1584 4905 quoad
1615 4834 1937 4890 vindictam
1963 4851 2122 4899 vero,

465 4922 691 4993 justam
732 4920 991 4976 inferens
1024 4921 1347 4993 unicuique
1372 4922 1679 4988 ultionem,
1701 4924 2018 4979 remittenti
2043 4940 2129 4979 re-

468 5008 669 5073 mittit,
694 5014 749 5064 et
798 5009 1085 5066 aemulum
1141 5012 1478 5067 aemulatur.
1507 5013 1702 5083 Inquit
1745 5014 1904 5069 enim
1949 5017 2125 5071 :Gum

467 5098 884 5163 eiecto,etectus
916 5101 1110 5163 eris,et
1141 5115 1273 5155 cum
1306 5115 1879 5170 perverso,perverse
1906 5119 2036 5173 ages
2055 5106 2121 5158 ³⁸.

470 5190 853 5259 Quapropter,
884 5188 985 5259 qui
1022 5188 1405 5260 spiritualiter
1456 5206 1589 5246 eam
1617 5191 1883 5261 implent,
1918 5198 1973 5248 et
2016 5209 2124 5265 pro

467 5276 653 5334 modo
676 5277 995 5348 participes
1028 5285 1164 5333 sunt
1194 5279 1549 5348 gratiae,non
1573 5279 1874 5336 beneficos
1905 5282 2123 5348 solum,

468 5366 575 5423 sed
605 5367 784 5422 etiam
813 5366 1214 5423 conviciantes
1228 5384 1297 5423 ac
1312 5370 2124 5444 persecutoresdiligunt,spi-

463 5456 737 5514 ritualem
756 5456 1096 5513 charitatem
1109 5463 1516 5528 exspectantes
1529 5474 1637 5530 pro
1650 5462 2127 5518 remuneratione

540 5617 587 5650 ³⁸
630 5617 745 5671 Luc
776 5633 846 5677 vx.
871 5615 960 5671 37.
1040 5617 1085 5653 ³⁸
1116 5616 1311 5673 Matth.
1347 5632 1444 5678 νη,
1476 5621 1557 5672 12.
1639 5620 1683 5652 ³⁸
1713 5617 1915 5674 Matth.
1951 5635 2007 5685 ν,
2040 5621 2123 5675 t7.

2226 1824 2295 1882 ὡς
2344 1828 2716 1894 συνεργοῦντας
2770 1821 2945 1882 αὐτοῖς
2986 1824 3115 1893 πρὸς
3172 1824 3258 1873 τόν
3305 1825 3518 1887 σκοπὸν,
3562 1821 3837 1894 ἀπεχόμε-

2224 1929 2302 1962 νοι
2332 1917 2423 1961 τοῦ
2463 1915 2736 1981 γινώσκειν
2784 1910 2938 1962 καλὸν
2987 1915 3076 1962 καὶ
3102 1914 3345 1984 πονηρόν.
3381 1914 3515 1963 Οὔτε
3555 1913 3655 1983 γὰρ
3710 1914 3843 1973 τοὺς

2226 1998 2455 2071 ἀγαθοὺς
2528 2000 2793 2070 ἠρνοῦντο,
2863 2002 2979 2052 οὔτε
3052 2003 3168 2060 τοὺς
3249 2003 3510 2074 πονηροὺς
3584 2001 3835 2073 ᾐτιῶντο,

2225 2090 2422 2149 πάντας
2489 2087 2926 2162 ἀποκρισιαρίους
2986 2097 3083 2150 τῆς
3148 2095 3471 2151 Δεσποτικῆς
3536 2090 3837 2161 οἰκονομίας

2224 2180 2520 2249 ηγούμενοι.
2556 2179 2693 2249 Πρός
2723 2179 2922 2238 πάντας
2959 2172 3046 2229 οὖν
3078 2174 3223 2249 εἶχον
3255 2174 3554 2231 εὖδιάθετον
3593 2182 3793 2231 εὔνοιαν

2221 2265 2345 2318 Ὀτε
2389 2271 2491 2337 γὰρ
2540 2270 2729 2323 ἤκουον
2763 2274 2854 2317 τοῦ
2881 2268 3101 2340 Κύρίου,
3154 2266 3395 2338 Ἀφετε,
3452 2272 3562 2319 καὶ
3603 2269 3835 2339 ἀφεθήο

2226 2372 2405 2406 σεται
2446 2356 2615 2425 ὑμῖν,
2672 2358 2787 2406 τότε
2833 2358 2954 2416 τοὺς
3001 2352 3311 2416 ἀδικοῦντας
3358 2356 3621 2431 εὐεργέτας
3659 2356 3835 2428 ἐλογί-

2226 2443 2371 2504 ζοντο
2426 2444 2496 2506 εἰς
2550 2445 2732 2515 ἄφεσιν
2772 2446 2978 2515 ἔχοντες
3028 2446 3121 2507 τὰς
3160 2446 3284 2518 παρ’
3316 2446 3484 2498 αὐτῶν
3544 2445 3783 2520 ἀφορμάς
3814 2465 3829 2477 ·

2225 2534 2307 2585 ὅτε
2337 2530 2395 2584 δὲ
2424 2532 2579 2584 πάλιν
2626 2537 2836 2605 ἤκουον,
2890 2535 3116 2594 Καθὼς
3156 2534 3371 2587 θέλετε
3412 2536 3513 2588 ἵνα
3552 2544 3830 2589 ποιῶσιν

2225 2623 2372 2694 ὑμῖν
2412 2624 2469 2674 οἱ
2506 2624 2850 2697 ἄνθρωποι,
2893 2629 3000 2675 καὶ
3050 2626 3235 2695 ὑμεῖς
3284 2632 3535 2677 ποιεῖτε
3584 2625 3823 2693 αὐτοῖς,

2226 2716 2341 2763 τότε
2368 2715 2457 2763 καὶ
2486 2714 2605 2773 τοὺς
2638 2710 2863 2783 ἀγαθοὺς
2892 2715 3025 2765 κατὰ
3056 2710 3361 2771 συνείδησιν
3389 2714 3617 2782 ἠγάπων.
3650 2714 3821 2785 Ἀφέν-

2226 2820 2308 2862 τες
2344 2804 2442 2873 γάρ
2478 2805 2572 2859 τὴν
2612 2797 2957 2859 δικαιοσύνην
3008 2801 3223 2872 ἑαυτῶν,
3278 2808 3367 2855 καὶ
3414 2807 3509 2861 τήν
3558 2811 3641 2855 τοῦ
3682 2811 3814 2855 Θεοῦ

2230 2886 2572 2948 δικαιοσύνην
2638 2894 2982 2959 ζητήσαντες,
3032 2892 3177 2965 εὗρον
3246 2890 3539 2955 ἀκολούθως
3586 2897 3668 2945 καὶ
3721 2897 3811 2951 τὴν

2231 2976 2438 3051 ἀγάπην
2468 2981 2516 3032 ἓν
2556 2978 2685 3052 αὐτῇ
2719 2982 2853 3032 κατά
2883 2982 3038 3052 φύσιν
3064 2980 3499 3056 ἐγκεκρυμμένην.

2305 3194 2376 3247 Γ’.
2412 3199 2511 3248 Καὶ
2556 3196 2657 3267 γὰρ
2706 3195 2732 3247 6
2780 3197 2971 3267 Κύριος
2997 3193 3163 3247 πολλὰ
3211 3199 3330 3266 περὶ
3372 3203 3469 3257 τῆς
3516 3193 3722 3267 ἀγάπης
3752 3198 3831 3248 έν-

2232 3282 2545 3352 τειλάμενος,
2602 3289 2696 3341 την
2769 3280 3113 3342 δικαιοσύνην
3194 3283 3426 3336 ἐκέλευσε
3502 3288 3675 3349 ζητεῖν

2235 3380 2368 3427 Θεοῦ
2401 3392 2413 3405 ·
2444 3370 2555 3427 οἶδε
2604 3377 2702 3449 γὰρ
2755 3377 2947 3430 ταύτην
2996 3378 3197 3447 μητέρα
3248 3380 3341 3435 τῆς
3400 3372 3611 3445 ἀγάπης
3665 3376 3837 3447 ὑπάρ-

2233 3481 2367 3532 χειν.
2401 3464 2511 3514 Οὐκ
2565 3464 2807 3534 ἔστιγὰρ
2866 3462 3025 3523 ἄλλως
3071 3464 3323 3527 σωθῆναι,
3381 3462 3424 3515 εἰ
3479 3467 3553 3536 μὴ
3609 3459 3705 3516 διὰ
3745 3472 3838 3516 τοῦ

2233 3549 2473 3615 πλησίον,
2525 3554 2694 3612 καθὼς
2748 3552 3044 3617 ἐνετείλατο,
3096 3550 3337 3624 Ἀφετε,
3380 3557 3490 3605 καὶ
3530 3551 3839 3625 ἀφεθήσε-

3740 3291 3832 3336 τοῦ

2234 3660 2339 3692 ται
2376 3642 2544 3713 ὑμῖν.
2601 3642 2764 3703 Οὗτός
2818 3642 2959 3694 ἐστιν
3010 3643 3036 3693 6
3087 3646 3433 3714 πνευματικός
3486 3648 3664 3715 νόμος,
3721 3645 3747 3695 6
3789 3646 3835 3695 ἐν

2234 3727 2478 3802 καρδίαις
2523 3739 2735 3792 πισταῖς
2785 3736 3118 3805 γραφόμενος,
3168 3735 3227 3784 τὸ
3258 3732 3516 3805 πλήρωμα
3558 3740 3652 3785 τοῦ
3701 3738 3833 3807 πρώο

2235 3837 2325 3871 του
2353 3824 2540 3892 νόμου·
2577 3821 2705 3872 Οὐκ
2746 3817 2935 3879 ἦλθον
2974 3823 3117 3896 γὰρ,
3146 3826 3299 3893 φησὶ,
3327 3820 3695 3874 καταλῦσαι
3735 3826 3836 3874 τόν

2236 3912 2445 3979 νόμον,
2485 3908 2642 3961 ἀλλά
2679 3909 3049 3982 πληρῶσαι.
3086 3917 3203 3972 Πῶς
3229 3906 3289 3963 δε
3318 3909 3630 3983 πληροῦται,
3664 3913 3836 3983 μάθε’

2236 3998 2261 4049 6
2292 4006 2491 4071 πρῶτος
2532 4002 2687 4070 νόμος
2718 3994 2812 4051 διὰ
2867 4006 2961 4061 τῆς
2995 3998 3206 4070 εὐλόγου
3261 3998 3499 4071 ἀφορμῆς
3551 4006 3641 4051 τοῦ
3672 3999 3841 4071 ἀμαρο

2235 4092 2488 4148 τήσαντος
2513 4092 2777 4162 κατέκρινε
2819 4093 3194 4163 περισσοτέρως
3232 4092 3318 4142 τὸν
3349 4084 3671 4147 ἀδικηθέντα
3693 4108 3706 4121 ·
3744 4089 3837 4143 Ἐν

2236 4177 2436 4247 ᾤγὰρ,
2463 4182 2589 4246 φησὶ
2621 4181 2850 4249 κρίνεις
2888 4183 2991 4229 τόν
3032 4179 3263 4251 ἕτερον,
3295 4181 3563 4230 σεαυτόν
3601 4197 3837 4230 κατακ-

2235 4264 2607 4340 ρίνεις-ἐνῷ
2640 4263 2706 4318 δὴ
2745 4271 3025 4339 ἠφίηςιν,
3054 4265 3455 4338 ἀφεθήσεται
3497 4266 3706 4337 αὐτῷ’
3746 4267 3835 4318 οὖ-

2238 4373 2338 4417 τως
2356 4357 2456 4426 γάρ
2480 4356 2505 4405 6
2526 4359 2680 4427 νόμος
2698 4354 2852 4426 λέγει,
2877 4355 3023 4410 Ἀνὰ
3052 4360 3243 4427 μέσον
3282 4360 3560 4426 κρίσεως
3588 4361 3826 4421 κρίσις,

2238 4443 2501 4497 καὶάνά
2537 4448 2731 4515 μέσον
2772 4444 3055 4517 ἀφέσεως
3094 4446 3349 4517 ἄφεσις.

2313 4567 2382 4621 Δ’.
2417 4568 2681 4641 Πλήρωμα
2725 4566 2811 4621 οὖν
2840 4573 2999 4642 νόμου
3047 4572 3076 4628 ἡ
3132 4572 3318 4643 ἄφεσις
3362 4582 3625 4643 τυγχάνει.
3674 4574 3822 4640 Πρῶ-

2239 4676 2323 4709 τον
2370 4655 2429 4710 δε
2471 4663 2623 4730 νόμον
2664 4659 2959 4733 εἰρήκαμεν,
3020 4659 3125 4731 οὐχ
3182 4662 3262 4712 ὅτι
3293 4662 3318 4712 6
3361 4664 3487 4721 Θεὸς
3529 4657 3622 4712 δύο
3648 4663 3831 4728 νόμους

2240 4749 2487 4820 παρέθετο
2535 4755 2644 4809 τοῖς
2704 4746 3009 4822 ἀνθρώποις,
3070 4748 3176 4800 ἀλλ’
3234 4751 3319 4802 ἕνα
3373 4752 3716 4822 πνευματικὸν
3748 4750 3835 4820 μὶν

2239 4838 2375 4888 κατὰ
2427 4839 2603 4907 φύσιν,
2650 4840 2784 4889 κατὰ
2838 4834 2896 4890 δε
2946 4843 3034 4895 τὴν
3066 4834 3361 4904 ἐκδίκησιν,
3416 4835 3627 4891 δικαίαν
3671 4840 3840 4910 έπιφέ-

2238 4944 2340 5000 ρων
2384 4925 2587 4998 ἑκάστῳ
2624 4931 2716 4985 τὴν
2766 4923 3063 4995 ἑκδίκησιν,
3118 4936 3189 4999 τῷ
3240 4928 3435 5002 ἀφιέντι
3490 4926 3699 5001 ἀφίησι,
3754 4932 3843 4980 καὶ

2239 5022 2310 5085 τῷ
2331 5016 2719 5088 παραζηλοῦντι
2741 5016 3061 5090 παραζηλοι.
3093 5022 3230 5074 Φησὶ
3256 5020 3356 5091 γάρ
3384 5035 3395 5046 ·
3424 5019 3597 5070 Μετά
3636 5015 3842 5069 ἐκλεκ-

2238 5111 2347 5154 τοῦ
2387 5102 2679 5167 έκλεκτὸς
2731 5108 2865 5178 ἔσῃ,
2913 5108 3214 5179 καὶμετά
3274 5105 3586 5182 στρεϐλοῦ
3648 5102 3841 5158 διασ-

2236 5196 2503 5264 τρέφεις.
2540 5195 2634 5245 Διά
2690 5201 2841 5245 τοῦτο
2873 5196 2921 5246 οἱ
2968 5200 3328 5267 πνευματικῶς
3378 5195 3528 5247 αὐτόν
3581 5193 3844 5247 ixi-clauus

2237 5301 2338 5346 τες,
2373 5287 2461 5334 καὶ
2509 5282 2770 5353 ἀναλόγως
2799 5291 2890 5355 τῇς
2934 5286 3159 5359 χάριτος
3188 5287 3509 5357 μετέχοντες,
3566 5283 3625 5337 οὗ
3684 5288 3843 5356 μόνον

2237 5376 2356 5432 τοὺς
2412 5371 2818 5444 εὐεργετοῦντας,
2883 5372 3008 5424 ἀλλά
3047 5379 3136 5426 καὶ
3187 5378 3309 5437 τοὺς
3349 5370 3698 5437 ὀνειδίζοντας
3749 5378 3861 5427 καῖ’

2241 5458 2522 5522 διώκοντας
2578 5462 2812 5534 ἠγάπων,
2866 5466 2959 5521 τὴν
3019 5468 3371 5536 πνευματικὴν
3425 5462 3655 5536 ἀγάπην,
3713 5462 3845 5518 ἀντ-

2204 5622 2245 5657 ³⁷
2278 5624 2444 5678 Rom.
2473 5641 2529 5687 ιι,
2567 5624 2616 5691 1,
2648 5623 2701 5680 2.
2782 5627 2827 5660 ³⁸
2858 5625 3016 5683 Psal.
3045 5641 3199 5693 va,
3241 5627 3329 5683 26.
