  <div class='ocr_page' id='page_1' title='image "/cluster/home/n/w/nwhite01/storage/ocr_20150623/34/mdp.39015041165401/434.png"; bbox 0 0 4130 6286; ppageno 0'>
   <div class='ocr_carea' id='block_1_1' title="bbox 260 279 3617 341">
    <p class='ocr_par' dir='ltr' id='par_1_1' title="bbox 260 279 3617 341">
     <span class='ocr_line' id='line_1_1' title="bbox 260 279 3617 341; baseline -0.002 -1"><span class='ocrx_word' id='word_1_1' title='bbox 260 284 363 340; x_wconf 79' lang='lat'><strong><em>753</em></strong></span> <span class='ocrx_word' id='word_1_2' title='bbox 1544 285 1876 341; x_wconf 79' lang='lat' dir='ltr'><strong><em>HOMILUE.</em></strong></span> <span class='ocrx_word' id='word_1_3' title='bbox 1910 314 1979 323; x_wconf 84' lang='lat'><strong><em>—-</em></strong></span> <span class='ocrx_word' id='word_1_4' title='bbox 2007 281 2179 337; x_wconf 82' lang='lat' dir='ltr'><strong><em>HOM.</em></strong></span> <span class='ocrx_word' id='word_1_5' title='bbox 2222 283 2501 340; x_wconf 87' lang='lat' dir='ltr'><strong><em>XXXVII.</em></strong></span> <span class='ocrx_word' id='word_1_6' title='bbox 3513 279 3617 335; x_wconf 82' lang='grc'><strong><em>754</em></strong></span> 
     </span>
    </p>
   </div>
   <div class='ocr_carea' id='block_1_2' title="bbox 260 403 1891 482">
    <p class='ocr_par' dir='ltr' id='par_1_2' title="bbox 260 403 1858 482">
     <span class='ocr_line' id='line_1_2' title="bbox 260 403 1858 482; baseline -0.003 -17"><span class='ocrx_word' id='word_1_7' title='bbox 260 405 521 465; x_wconf 82' lang='grc' dir='ltr'><strong>απὸδοσιν</strong></span> <span class='ocrx_word' id='word_1_8' title='bbox 546 403 882 477; x_wconf 72' lang='grc' dir='ltr'><strong>ἑκδεχόμενοι</strong></span> <span class='ocrx_word' id='word_1_9' title='bbox 921 414 1020 458; x_wconf 84' lang='grc' dir='ltr'><strong><em>τῶν</em></strong></span> <span class='ocrx_word' id='word_1_10' title='bbox 1060 406 1338 479; x_wconf 78' lang='grc' dir='ltr'><strong>ἀγαθῶνο</strong></span> <span class='ocrx_word' id='word_1_11' title='bbox 1382 409 1586 482; x_wconf 81' lang='grc' dir='ltr'><strong>ἀγαθῶν</strong></span> <span class='ocrx_word' id='word_1_12' title='bbox 1620 408 1678 464; x_wconf 80' lang='grc' dir='ltr'><strong><em>δε</em></strong></span> <span class='ocrx_word' id='word_1_13' title='bbox 1706 411 1858 482; x_wconf 80' lang='grc' dir='ltr'><strong>λέγω,</strong></span> 
     </span>
    </p>
   </div>
   <div class='ocr_carea' id='block_1_3' title="bbox 1989 403 3620 482">
    <p class='ocr_par' dir='ltr' id='par_1_3' title="bbox 1989 406 3620 481">
     <span class='ocr_line' id='line_1_3' title="bbox 1989 406 3620 481; baseline -0.002 -17"><span class='ocrx_word' id='word_1_14' title='bbox 1989 424 2271 465; x_wconf 73' lang='lat' dir='ltr'><strong><em>sonorum</em></strong></span> <span class='ocrx_word' id='word_1_15' title='bbox 2299 428 2317 465; x_wconf 87' lang='lat'><strong><em>:</em></strong></span> <span class='ocrx_word' id='word_1_16' title='bbox 2353 412 2632 467; x_wconf 90' lang='lat' dir='ltr'><strong><em>bonorum</em></strong></span> <span class='ocrx_word' id='word_1_17' title='bbox 2657 414 2857 467; x_wconf 87' lang='lat' dir='ltr'><strong><em>autem</em></strong></span> <span class='ocrx_word' id='word_1_18' title='bbox 2880 410 3034 476; x_wconf 91' lang='lat' dir='ltr'><strong><em>dico,</em></strong></span> <span class='ocrx_word' id='word_1_19' title='bbox 3060 423 3178 465; x_wconf 91' lang='lat' dir='ltr'><strong><em>non</em></strong></span> <span class='ocrx_word' id='word_1_20' title='bbox 3200 408 3344 481; x_wconf 84' lang='lat' dir='ltr'><strong><em>quia</em></strong></span> <span class='ocrx_word' id='word_1_21' title='bbox 3360 406 3620 464; x_wconf 79' lang='lat' dir='ltr'><strong><em>offensas</em></strong></span> 
     </span>
    </p>
   </div>
   <div class='ocr_carea' id='block_1_4' title="bbox 260 492 1891 573">
    <p class='ocr_par' dir='ltr' id='par_1_4' title="bbox 260 492 1861 571">
     <span class='ocr_line' id='line_1_4' title="bbox 260 492 1861 571; baseline 0.001 -20"><span class='ocrx_word' id='word_1_22' title='bbox 260 500 367 571; x_wconf 81' lang='grc' dir='ltr'><strong><em>οὐχ</em></strong></span> <span class='ocrx_word' id='word_1_23' title='bbox 392 499 472 551; x_wconf 86' lang='grc' dir='ltr'><strong>ὅτι</strong></span> <span class='ocrx_word' id='word_1_24' title='bbox 501 499 567 549; x_wconf 79' lang='grc' dir='ltr'><strong><em>τὰ</em></strong></span> <span class='ocrx_word' id='word_1_25' title='bbox 605 492 910 567; x_wconf 77' lang='grc' dir='ltr'>ἀδικήματα</span> <span class='ocrx_word' id='word_1_26' title='bbox 949 503 1349 569; x_wconf 82' lang='grc' dir='ltr'><strong>συνεχώρησαν,</strong></span> <span class='ocrx_word' id='word_1_27' title='bbox 1382 499 1486 551; x_wconf 86' lang='grc' dir='ltr'><strong>ἀλλ’</strong></span> <span class='ocrx_word' id='word_1_28' title='bbox 1529 502 1606 552; x_wconf 84' lang='grc' dir='ltr'><strong>ὅτι</strong></span> <span class='ocrx_word' id='word_1_29' title='bbox 1647 505 1735 551; x_wconf 86' lang='grc' dir='ltr'><strong><em>καὶ</em></strong></span> <span class='ocrx_word' id='word_1_30' title='bbox 1772 502 1861 560; x_wconf 83' lang='grc' dir='ltr'><strong><em>τὰς</em></strong></span> 
     </span>
    </p>
   </div>
   <div class='ocr_carea' id='block_1_5' title="bbox 1991 492 3622 573">
    <p class='ocr_par' dir='ltr' id='par_1_5' title="bbox 1991 497 3622 573">
     <span class='ocr_line' id='line_1_5' title="bbox 1991 497 3622 573; baseline -0.001 -21"><span class='ocrx_word' id='word_1_31' title='bbox 1991 498 2347 564; x_wconf 80' lang='lat' dir='ltr'><strong><em>&#39;emiserunt,</em></strong></span> <span class='ocrx_word' id='word_1_32' title='bbox 2383 516 2589 555; x_wconf 89' lang='lat' dir='ltr'><strong><em>verum</em></strong></span> <span class='ocrx_word' id='word_1_33' title='bbox 2621 501 2762 573; x_wconf 88' lang='lat' dir='ltr'><strong><em>quia</em></strong></span> <span class='ocrx_word' id='word_1_34' title='bbox 2795 502 3027 556; x_wconf 90' lang='lat' dir='ltr'><strong><em>animas</em></strong></span> <span class='ocrx_word' id='word_1_35' title='bbox 3054 500 3335 571; x_wconf 86' lang='lat' dir='ltr'><strong><em>injuriam</em></strong></span> <span class='ocrx_word' id='word_1_36' title='bbox 3368 497 3622 552; x_wconf 88' lang='lat' dir='ltr'><strong><em>inferen-</em></strong></span> 
     </span>
    </p>
   </div>
   <div class='ocr_carea' id='block_1_6' title="bbox 260 582 1891 665">
    <p class='ocr_par' dir='ltr' id='par_1_6' title="bbox 260 582 1862 665">
     <span class='ocr_line' id='line_1_6' title="bbox 260 582 1862 665; baseline -0.001 -24"><span class='ocrx_word' id='word_1_37' title='bbox 260 590 447 663; x_wconf 68' lang='grc' dir='ltr'><strong>ψυχὰς</strong></span> <span class='ocrx_word' id='word_1_38' title='bbox 496 596 595 638; x_wconf 83' lang='grc' dir='ltr'><strong><em>τῶν</em></strong></span> <span class='ocrx_word' id='word_1_39' title='bbox 642 582 963 638; x_wconf 74' lang='grc' dir='ltr'><strong><em>ἀδικούντων</em></strong></span> <span class='ocrx_word' id='word_1_40' title='bbox 1004 590 1381 659; x_wconf 75' lang='grc' dir='ltr'><strong><em>εὐηργέτησαν.</em></strong></span> <span class='ocrx_word' id='word_1_41' title='bbox 1424 589 1576 642; x_wconf 80' lang='grc' dir='ltr'><strong>Ούτω</strong></span> <span class='ocrx_word' id='word_1_42' title='bbox 1617 593 1718 665; x_wconf 85' lang='grc' dir='ltr'><strong><em>γὰρ</em></strong></span> <span class='ocrx_word' id='word_1_43' title='bbox 1765 589 1862 641; x_wconf 80' lang='grc' dir='ltr'><strong>αῦ-</strong></span> 
     </span>
    </p>
   </div>
   <div class='ocr_carea' id='block_1_7' title="bbox 1991 582 3622 665">
    <p class='ocr_par' dir='ltr' id='par_1_7' title="bbox 1991 585 3622 662">
     <span class='ocr_line' id='line_1_7' title="bbox 1991 585 3622 662; baseline -0.002 -20"><span class='ocrx_word' id='word_1_44' title='bbox 1991 589 2120 644; x_wconf 81' lang='lat' dir='ltr'><strong><em>.ium</em></strong></span> <span class='ocrx_word' id='word_1_45' title='bbox 2148 589 2440 645; x_wconf 89' lang='lat' dir='ltr'><strong><em>beneﬁcio</em></strong></span> <span class='ocrx_word' id='word_1_46' title='bbox 2460 606 2701 662; x_wconf 91' lang='lat' dir='ltr'><strong><em>quoque</em></strong></span> <span class='ocrx_word' id='word_1_47' title='bbox 2722 590 3064 645; x_wconf 79' lang='lat' dir='ltr'><strong><em>aifecerunt.</em></strong></span> <span class='ocrx_word' id='word_1_48' title='bbox 3097 590 3187 645; x_wconf 89' lang='lat' dir='ltr'><strong><em>Sic</em></strong></span> <span class='ocrx_word' id='word_1_49' title='bbox 3213 589 3373 643; x_wconf 89' lang='lat' dir='ltr'><strong><em>enim</em></strong></span> <span class='ocrx_word' id='word_1_50' title='bbox 3398 602 3499 640; x_wconf 90' lang='lat' dir='ltr'><strong><em>eos</em></strong></span> <span class='ocrx_word' id='word_1_51' title='bbox 3520 585 3622 640; x_wconf 93' lang='lat' dir='ltr'><strong><em>ob-</em></strong></span> 
     </span>
    </p>
   </div>
   <div class='ocr_carea' id='block_1_8' title="bbox 260 673 1891 751">
    <p class='ocr_par' dir='ltr' id='par_1_8' title="bbox 260 673 1861 751">
     <span class='ocr_line' id='line_1_8' title="bbox 260 673 1861 751; baseline 0.001 -20"><span class='ocrx_word' id='word_1_52' title='bbox 260 682 382 740; x_wconf 88' lang='grc' dir='ltr'><strong>τοὺς</strong></span> <span class='ocrx_word' id='word_1_53' title='bbox 426 677 754 751; x_wconf 70' lang='grc' dir='ltr'><strong><em>παρετίθεντο</em></strong></span> <span class='ocrx_word' id='word_1_54' title='bbox 802 683 873 745; x_wconf 83' lang='grc' dir='ltr'><strong>τῷ</strong></span> <span class='ocrx_word' id='word_1_55' title='bbox 927 682 1063 746; x_wconf 84' lang='grc' dir='ltr'><strong>Θεῷ,</strong></span> <span class='ocrx_word' id='word_1_56' title='bbox 1104 679 1172 740; x_wconf 86' lang='grc' dir='ltr'><strong>ὡς</strong></span> <span class='ocrx_word' id='word_1_57' title='bbox 1230 673 1302 730; x_wconf 86' lang='grc' dir='ltr'><strong>δι’</strong></span> <span class='ocrx_word' id='word_1_58' title='bbox 1362 679 1529 731; x_wconf 78' lang='grc' dir='ltr'><strong>αὐτῶν</strong></span> <span class='ocrx_word' id='word_1_59' title='bbox 1560 687 1650 732; x_wconf 90' lang='grc' dir='ltr'><strong><em>τοῦ</em></strong></span> <span class='ocrx_word' id='word_1_60' title='bbox 1693 700 1861 751; x_wconf 78' lang='grc' dir='ltr'><strong>μακα-</strong></span> 
     </span>
    </p>
   </div>
   <div class='ocr_carea' id='block_1_9' title="bbox 1991 673 3622 751">
    <p class='ocr_par' dir='ltr' id='par_1_9' title="bbox 1991 674 3622 750">
     <span class='ocr_line' id='line_1_9' title="bbox 1991 674 3622 750; baseline -0.003 -18"><span class='ocrx_word' id='word_1_61' title='bbox 1991 677 2231 733; x_wconf 89' lang='lat' dir='ltr'><strong><em>.ulerunt</em></strong></span> <span class='ocrx_word' id='word_1_62' title='bbox 2260 681 2395 743; x_wconf 90' lang='lat' dir='ltr'><strong><em>Deo,</em></strong></span> <span class='ocrx_word' id='word_1_63' title='bbox 2423 695 2493 735; x_wconf 93' lang='lat' dir='ltr'><strong><em>ac</em></strong></span> <span class='ocrx_word' id='word_1_64' title='bbox 2523 679 2572 733; x_wconf 89' lang='lat' dir='ltr'><strong><em>si</em></strong></span> <span class='ocrx_word' id='word_1_65' title='bbox 2602 695 2707 750; x_wconf 89' lang='lat' dir='ltr'><strong><em>per</em></strong></span> <span class='ocrx_word' id='word_1_66' title='bbox 2736 695 2837 734; x_wconf 89' lang='lat' dir='ltr'><strong><em>eos</em></strong></span> <span class='ocrx_word' id='word_1_67' title='bbox 2866 677 3296 734; x_wconf 84' lang='lat' dir='ltr'><strong><em>beatitudinem</em></strong></span> <span class='ocrx_word' id='word_1_68' title='bbox 3319 674 3622 731; x_wconf 87' lang='lat' dir='ltr'><strong><em>consecuti</em></strong></span> 
     </span>
    </p>
   </div>
   <div class='ocr_carea' id='block_1_10' title="bbox 262 766 1893 845">
    <p class='ocr_par' dir='ltr' id='par_1_10' title="bbox 262 766 1859 845">
     <span class='ocr_line' id='line_1_10' title="bbox 262 766 1859 845; baseline 0.001 -25"><span class='ocrx_word' id='word_1_69' title='bbox 262 774 457 845; x_wconf 86' lang='grc' dir='ltr'><strong>ρισμοῦ</strong></span> <span class='ocrx_word' id='word_1_70' title='bbox 510 766 844 837; x_wconf 85' lang='grc' dir='ltr'><strong>τυχάνοντες,</strong></span> <span class='ocrx_word' id='word_1_71' title='bbox 891 766 1065 827; x_wconf 85' lang='grc' dir='ltr'><strong>καθώς</strong></span> <span class='ocrx_word' id='word_1_72' title='bbox 1108 786 1259 838; x_wconf 84' lang='grc' dir='ltr'><strong>φησι,</strong></span> <span class='ocrx_word' id='word_1_73' title='bbox 1307 772 1634 843; x_wconf 88' lang='grc' dir='ltr'><strong>Μακάριοί</strong></span> <span class='ocrx_word' id='word_1_74' title='bbox 1696 769 1859 837; x_wconf 80' lang='grc' dir='ltr'><strong>ἐστε,</strong></span> 
     </span>
    </p>
   </div>
   <div class='ocr_carea' id='block_1_11' title="bbox 1989 766 3620 845">
    <p class='ocr_par' dir='ltr' id='par_1_11' title="bbox 1989 766 3620 839">
     <span class='ocr_line' id='line_1_11' title="bbox 1989 766 3620 839; baseline -0.002 -17"><span class='ocrx_word' id='word_1_75' title='bbox 1989 773 2187 831; x_wconf 62' lang='lat' dir='ltr'><strong><em>issent,</em></strong></span> <span class='ocrx_word' id='word_1_76' title='bbox 2241 768 2759 838; x_wconf 86' lang='lat' dir='ltr'><strong><em>quemadmodum</em></strong></span> <span class='ocrx_word' id='word_1_77' title='bbox 2802 768 3040 839; x_wconf 85' lang='lat' dir='ltr'><strong><em>inquit:</em></strong></span> <span class='ocrx_word' id='word_1_78' title='bbox 3089 766 3260 822; x_wconf 82' lang='lat' dir='ltr'><strong><em>Beati</em></strong></span> <span class='ocrx_word' id='word_1_79' title='bbox 3316 766 3449 821; x_wconf 82' lang='lat' dir='ltr'><strong><em>estis</em></strong></span> <span class='ocrx_word' id='word_1_80' title='bbox 3490 779 3620 819; x_wconf 85' lang='lat' dir='ltr'><strong><em>cum</em></strong></span> 
     </span>
    </p>
   </div>
   <div class='ocr_carea' id='block_1_12' title="bbox 261 851 1892 927">
    <p class='ocr_par' dir='ltr' id='par_1_12' title="bbox 261 851 1861 926">
     <span class='ocr_line' id='line_1_12' title="bbox 261 851 1861 926; baseline -0.002 -14"><span class='ocrx_word' id='word_1_81' title='bbox 261 861 414 912; x_wconf 84' lang='grc' dir='ltr'><strong>ὅταν</strong></span> <span class='ocrx_word' id='word_1_82' title='bbox 455 851 872 908; x_wconf 83' lang='grc' dir='ltr'><strong><em>ὀνειδίσωσιν</em></strong></span> <span class='ocrx_word' id='word_1_83' title='bbox 904 855 1081 926; x_wconf 82' lang='grc' dir='ltr'><strong>ὑμᾶς,</strong></span> <span class='ocrx_word' id='word_1_84' title='bbox 1109 861 1217 909; x_wconf 86' lang='grc' dir='ltr'><strong><em>καὶ</em></strong></span> <span class='ocrx_word' id='word_1_85' title='bbox 1249 854 1593 924; x_wconf 78' lang='grc' dir='ltr'><strong><em>διώξωσιν,</em></strong></span> <span class='ocrx_word' id='word_1_86' title='bbox 1639 863 1747 911; x_wconf 83' lang='grc' dir='ltr'><strong><em>καὶ</em></strong></span> <span class='ocrx_word' id='word_1_87' title='bbox 1786 861 1861 910; x_wconf 78' lang='grc' dir='ltr'><strong><em>εἰ·</em></strong></span> 
     </span>
    </p>
   </div>
   <div class='ocr_carea' id='block_1_13' title="bbox 1992 851 3623 927">
    <p class='ocr_par' dir='ltr' id='par_1_13' title="bbox 1992 854 3623 927">
     <span class='ocr_line' id='line_1_13' title="bbox 1992 854 3623 927; baseline -0.004 -13"><span class='ocrx_word' id='word_1_88' title='bbox 1992 858 2388 914; x_wconf 71' lang='lat' dir='ltr'><strong><em>natedixerint</em></strong></span> <span class='ocrx_word' id='word_1_89' title='bbox 2405 859 2583 925; x_wconf 80' lang='lat' dir='ltr'><strong><em>vobis,</em></strong></span> <span class='ocrx_word' id='word_1_90' title='bbox 2599 867 2649 915; x_wconf 88' lang='lat' dir='ltr'><strong><em>et</em></strong></span> <span class='ocrx_word' id='word_1_91' title='bbox 2674 859 2971 927; x_wconf 77' lang='lat' dir='ltr'><strong><em>persecuti</em></strong></span> <span class='ocrx_word' id='word_1_92' title='bbox 2988 873 3088 914; x_wconf 90' lang='lat' dir='ltr'><strong><em>vos</em></strong></span> <span class='ocrx_word' id='word_1_93' title='bbox 3113 856 3363 927; x_wconf 86' lang='lat' dir='ltr'><strong><em>fuerint,</em></strong></span> <span class='ocrx_word' id='word_1_94' title='bbox 3382 861 3435 911; x_wconf 91' lang='lat' dir='ltr'><strong><em>et</em></strong></span> <span class='ocrx_word' id='word_1_95' title='bbox 3465 854 3623 909; x_wconf 73' lang='lat' dir='ltr'><strong><em>dixe-</em></strong></span> 
     </span>
    </p>
   </div>
   <div class='ocr_carea' id='block_1_14' title="bbox 264 944 1895 1020">
    <p class='ocr_par' dir='ltr' id='par_1_14' title="bbox 264 944 1860 1020">
     <span class='ocr_line' id='line_1_14' title="bbox 264 944 1860 1020; baseline 0 -20"><span class='ocrx_word' id='word_1_96' title='bbox 264 966 431 1001; x_wconf 87' lang='grc' dir='ltr'><strong>πωσι</strong></span> <span class='ocrx_word' id='word_1_97' title='bbox 461 952 578 999; x_wconf 87' lang='grc' dir='ltr'><strong>πᾶν</strong></span> <span class='ocrx_word' id='word_1_98' title='bbox 611 946 887 1018; x_wconf 88' lang='grc' dir='ltr'><strong>πονηρὸν</strong></span> <span class='ocrx_word' id='word_1_99' title='bbox 915 944 1089 1018; x_wconf 81' lang='grc' dir='ltr'><strong>ῥῆμα</strong></span> <span class='ocrx_word' id='word_1_100' title='bbox 1118 946 1253 999; x_wconf 83' lang='grc' dir='ltr'><strong>καθ’</strong></span> <span class='ocrx_word' id='word_1_101' title='bbox 1278 948 1445 1019; x_wconf 82' lang='grc' dir='ltr'><strong>ὑμῶν</strong></span> <span class='ocrx_word' id='word_1_102' title='bbox 1474 945 1860 1020; x_wconf 72' lang='grc' dir='ltr'><strong><em>ψευδόμενοι</em></strong></span> 
     </span>
    </p>
   </div>
   <div class='ocr_carea' id='block_1_15' title="bbox 1996 944 3627 1020">
    <p class='ocr_par' dir='ltr' id='par_1_15' title="bbox 1996 947 3627 1013">
     <span class='ocr_line' id='line_1_15' title="bbox 1996 947 3627 1013; baseline -0.003 -13"><span class='ocrx_word' id='word_1_103' title='bbox 1996 947 2095 1002; x_wconf 73' lang='lat' dir='ltr'><strong><em>int</em></strong></span> <span class='ocrx_word' id='word_1_104' title='bbox 2125 964 2290 1003; x_wconf 84' lang='lat' dir='ltr'><strong><em>omne</em></strong></span> <span class='ocrx_word' id='word_1_105' title='bbox 2316 949 2537 1004; x_wconf 74' lang='lat' dir='ltr'><strong><em>malum</em></strong></span> <span class='ocrx_word' id='word_1_106' title='bbox 2566 948 2847 1005; x_wconf 83' lang='lat' dir='ltr'><strong><em>adversus</em></strong></span> <span class='ocrx_word' id='word_1_107' title='bbox 2876 964 2995 1013; x_wconf 88' lang='lat' dir='ltr'><strong><em>vos,</em></strong></span> <span class='ocrx_word' id='word_1_108' title='bbox 3022 947 3360 1003; x_wconf 78' lang='lat' dir='ltr'><strong><em>mentientes</em></strong></span> <span class='ocrx_word' id='word_1_109' title='bbox 3381 948 3627 1013; x_wconf 75' lang='lat' dir='ltr'><strong><em>propter</em></strong></span> 
     </span>
    </p>
   </div>
   <div class='ocr_carea' id='block_1_16' title="bbox 264 1034 2161 1108">
    <p class='ocr_par' dir='ltr' id='par_1_16' title="bbox 264 1034 2161 1108">
     <span class='ocr_line' id='line_1_16' title="bbox 264 1034 2161 1108; baseline -0.01 -18"><span class='ocrx_word' id='word_1_110' title='bbox 264 1040 466 1090; x_wconf 81' lang='grc' dir='ltr'><strong>ἕνεκεν</strong></span> <span class='ocrx_word' id='word_1_111' title='bbox 523 1034 696 1108; x_wconf 82' lang='grc' dir='ltr'><strong><em>ἐμοῦ.</em></strong></span> <span class='ocrx_word' id='word_1_112' title='bbox 1970 1052 2061 1093; x_wconf 71' lang='lat' dir='ltr'><strong><em>me</em></strong></span> <span class='ocrx_word' id='word_1_113' title='bbox 2091 1038 2161 1089; x_wconf 51' lang='grc' dir='ltr'><strong><em>εν,</em></strong></span> 
     </span>
    </p>
   </div>
   <div class='ocr_carea' id='block_1_17' title="bbox 335 1156 1966 1237">
    <p class='ocr_par' dir='ltr' id='par_1_17' title="bbox 335 1156 1860 1237">
     <span class='ocr_line' id='line_1_17' title="bbox 335 1156 1860 1237; baseline 0 -21"><span class='ocrx_word' id='word_1_114' title='bbox 335 1160 412 1217; x_wconf 87' lang='grc' dir='ltr'><strong><em>Ε’.</em></strong></span> <span class='ocrx_word' id='word_1_115' title='bbox 448 1160 570 1215; x_wconf 80' lang='grc' dir='ltr'><strong>’Υπὸ</strong></span> <span class='ocrx_word' id='word_1_116' title='bbox 615 1156 675 1213; x_wconf 64' lang='grc' dir='ltr'><strong><em>δι</em></strong></span> <span class='ocrx_word' id='word_1_117' title='bbox 720 1167 1072 1232; x_wconf 81' lang='grc' dir='ltr'><strong>πνευματικοῦ</strong></span> <span class='ocrx_word' id='word_1_118' title='bbox 1102 1165 1280 1232; x_wconf 90' lang='grc' dir='ltr'><strong>νόμου,</strong></span> <span class='ocrx_word' id='word_1_119' title='bbox 1326 1163 1461 1215; x_wconf 82' lang='grc' dir='ltr'><strong>οὕτω</strong></span> <span class='ocrx_word' id='word_1_120' title='bbox 1510 1171 1705 1237; x_wconf 90' lang='grc' dir='ltr'><strong>φρονεῖν</strong></span> <span class='ocrx_word' id='word_1_121' title='bbox 1755 1160 1860 1216; x_wconf 73' lang='grc' dir='ltr'><strong>ἔδι-</strong></span> 
     </span>
    </p>
   </div>
   <div class='ocr_carea' id='block_1_18' title="bbox 1995 1156 3626 1237">
    <p class='ocr_par' dir='ltr' id='par_1_18' title="bbox 2041 1158 3626 1235">
     <span class='ocr_line' id='line_1_18' title="bbox 2041 1158 3626 1235; baseline -0.004 -18"><span class='ocrx_word' id='word_1_122' title='bbox 2041 1166 2105 1217; x_wconf 81' lang='grc' dir='ltr'><strong>ν.</strong></span> <span class='ocrx_word' id='word_1_123' title='bbox 2127 1164 2171 1217; x_wconf 91' lang='lat' dir='ltr'><strong>A</strong></span> <span class='ocrx_word' id='word_1_124' title='bbox 2198 1163 2323 1235; x_wconf 82' lang='lat' dir='ltr'><strong><em>lege</em></strong></span> <span class='ocrx_word' id='word_1_125' title='bbox 2355 1163 2667 1235; x_wconf 88' lang='lat' dir='ltr'><strong><em>spirituali,</em></strong></span> <span class='ocrx_word' id='word_1_126' title='bbox 2697 1167 2760 1218; x_wconf 88' lang='lat' dir='ltr'><strong><em>ut</em></strong></span> <span class='ocrx_word' id='word_1_127' title='bbox 2790 1163 2871 1218; x_wconf 91' lang='lat' dir='ltr'><strong><em>sic</em></strong></span> <span class='ocrx_word' id='word_1_128' title='bbox 2904 1159 3216 1225; x_wconf 75' lang='lat' dir='ltr'><strong><em>sentirent,</em></strong></span> <span class='ocrx_word' id='word_1_129' title='bbox 3240 1158 3434 1215; x_wconf 88' lang='lat' dir='ltr'><strong><em>edocti</em></strong></span> <span class='ocrx_word' id='word_1_130' title='bbox 3466 1160 3626 1211; x_wconf 86' lang='lat' dir='ltr'><strong><em>sunt-</em></strong></span> 
     </span>
    </p>
   </div>
   <div class='ocr_carea' id='block_1_19' title="bbox 266 1245 1897 1325">
    <p class='ocr_par' dir='ltr' id='par_1_19' title="bbox 266 1249 1859 1325">
     <span class='ocr_line' id='line_1_19' title="bbox 266 1249 1859 1325; baseline 0.001 -21"><span class='ocrx_word' id='word_1_131' title='bbox 266 1249 563 1304; x_wconf 87' lang='grc' dir='ltr'><strong>δάσκοντο·</strong></span> <span class='ocrx_word' id='word_1_132' title='bbox 620 1250 972 1321; x_wconf 73' lang='grc' dir='ltr'><strong><em>ὑπομενόντων</em></strong></span> <span class='ocrx_word' id='word_1_133' title='bbox 1013 1252 1111 1325; x_wconf 82' lang='grc' dir='ltr'><strong>γὰρ</strong></span> <span class='ocrx_word' id='word_1_134' title='bbox 1156 1251 1341 1315; x_wconf 79' lang='grc' dir='ltr'><strong>αὐτῶν,</strong></span> <span class='ocrx_word' id='word_1_135' title='bbox 1391 1256 1480 1304; x_wconf 82' lang='grc' dir='ltr'><strong><em>καὶ</em></strong></span> <span class='ocrx_word' id='word_1_136' title='bbox 1537 1257 1631 1310; x_wconf 75' lang='grc' dir='ltr'><strong>τὴν</strong></span> <span class='ocrx_word' id='word_1_137' title='bbox 1683 1256 1859 1325; x_wconf 86' lang='grc' dir='ltr'><strong>νοερὰν</strong></span> 
     </span>
    </p>
   </div>
   <div class='ocr_carea' id='block_1_20' title="bbox 1997 1245 3628 1325">
    <p class='ocr_par' dir='ltr' id='par_1_20' title="bbox 1997 1245 3628 1322">
     <span class='ocr_line' id='line_1_20' title="bbox 1997 1245 3628 1322; baseline -0.004 -16"><span class='ocrx_word' id='word_1_138' title='bbox 1997 1256 2124 1308; x_wconf 89' lang='lat' dir='ltr'><strong><em>)um</em></strong></span> <span class='ocrx_word' id='word_1_139' title='bbox 2154 1253 2315 1307; x_wconf 90' lang='lat' dir='ltr'><strong><em>enim</em></strong></span> <span class='ocrx_word' id='word_1_140' title='bbox 2345 1254 2634 1322; x_wconf 77' lang='lat' dir='ltr'><strong><em>patienter</em></strong></span> <span class='ocrx_word' id='word_1_141' title='bbox 2662 1252 2877 1316; x_wconf 87' lang='lat' dir='ltr'><strong><em>ferunt,</em></strong></span> <span class='ocrx_word' id='word_1_142' title='bbox 2903 1256 2959 1306; x_wconf 89' lang='lat' dir='ltr'><strong><em>et</em></strong></span> <span class='ocrx_word' id='word_1_143' title='bbox 2987 1249 3171 1305; x_wconf 89' lang='lat' dir='ltr'><strong><em>animi</em></strong></span> <span class='ocrx_word' id='word_1_144' title='bbox 3220 1245 3628 1303; x_wconf 90' lang='lat' dir='ltr'><strong><em>mansuetudi—</em></strong></span> 
     </span>
    </p>
   </div>
   <div class='ocr_carea' id='block_1_21' title="bbox 262 1335 1893 1416">
    <p class='ocr_par' dir='ltr' id='par_1_21' title="bbox 262 1337 1861 1416">
     <span class='ocr_line' id='line_1_21' title="bbox 262 1337 1861 1416; baseline 0.001 -23"><span class='ocrx_word' id='word_1_145' title='bbox 262 1342 538 1416; x_wconf 82' lang='grc' dir='ltr'><strong>πραότητα</strong></span> <span class='ocrx_word' id='word_1_146' title='bbox 595 1340 951 1409; x_wconf 88' lang='grc' dir='ltr'><strong>τηρούντων,ὸ</strong></span> <span class='ocrx_word' id='word_1_147' title='bbox 1006 1341 1196 1412; x_wconf 78' lang='grc' dir='ltr'><strong>Κύριος</strong></span> <span class='ocrx_word' id='word_1_148' title='bbox 1259 1337 1457 1412; x_wconf 81' lang='grc' dir='ltr'><strong>βλέπων</strong></span> <span class='ocrx_word' id='word_1_149' title='bbox 1508 1346 1603 1399; x_wconf 77' lang='grc' dir='ltr'><strong>τὴν</strong></span> <span class='ocrx_word' id='word_1_150' title='bbox 1660 1343 1861 1414; x_wconf 83' lang='grc' dir='ltr'><strong>ὑπομο-</strong></span> 
     </span>
    </p>
   </div>
   <div class='ocr_carea' id='block_1_22' title="bbox 1997 1335 3628 1416">
    <p class='ocr_par' dir='ltr' id='par_1_22' title="bbox 1997 1335 3628 1410">
     <span class='ocr_line' id='line_1_22' title="bbox 1997 1335 3628 1410; baseline -0.005 -14"><span class='ocrx_word' id='word_1_151' title='bbox 1997 1358 2107 1397; x_wconf 80' lang='lat' dir='ltr'><strong><em>Iem</em></strong></span> <span class='ocrx_word' id='word_1_152' title='bbox 2137 1346 2396 1404; x_wconf 88' lang='lat' dir='ltr'><strong><em>servant,</em></strong></span> <span class='ocrx_word' id='word_1_153' title='bbox 2436 1340 2726 1396; x_wconf 89' lang='lat' dir='ltr'><strong><em>Dominus</em></strong></span> <span class='ocrx_word' id='word_1_154' title='bbox 2780 1341 3018 1395; x_wconf 89' lang='lat' dir='ltr'><strong><em>intuens</em></strong></span> <span class='ocrx_word' id='word_1_155' title='bbox 3053 1337 3396 1410; x_wconf 85' lang='lat' dir='ltr'><strong><em>patientiam</em></strong></span> <span class='ocrx_word' id='word_1_156' title='bbox 3430 1335 3628 1391; x_wconf 87' lang='lat' dir='ltr'><strong><em>cordis</em></strong></span> 
     </span>
    </p>
   </div>
   <div class='ocr_carea' id='block_1_23' title="bbox 265 1423 1896 1502">
    <p class='ocr_par' dir='ltr' id='par_1_23' title="bbox 265 1424 1860 1502">
     <span class='ocr_line' id='line_1_23' title="bbox 265 1424 1860 1502; baseline 0.001 -21"><span class='ocrx_word' id='word_1_157' title='bbox 265 1434 355 1487; x_wconf 78' lang='grc' dir='ltr'><strong><em>νην</em></strong></span> <span class='ocrx_word' id='word_1_158' title='bbox 402 1436 498 1490; x_wconf 82' lang='grc' dir='ltr'><strong>τῆς</strong></span> <span class='ocrx_word' id='word_1_159' title='bbox 539 1424 761 1502; x_wconf 78' lang='grc' dir='ltr'>καρδίας</span> <span class='ocrx_word' id='word_1_160' title='bbox 807 1426 1205 1499; x_wconf 80' lang='grc' dir='ltr'><strong>πολεμουμένης,</strong></span> <span class='ocrx_word' id='word_1_161' title='bbox 1252 1433 1339 1481; x_wconf 84' lang='grc' dir='ltr'><strong><em>καὶ</em></strong></span> <span class='ocrx_word' id='word_1_162' title='bbox 1384 1437 1473 1490; x_wconf 82' lang='grc' dir='ltr'><strong>τῆς</strong></span> <span class='ocrx_word' id='word_1_163' title='bbox 1529 1429 1733 1501; x_wconf 87' lang='grc' dir='ltr'><strong>ἀγάπης</strong></span> <span class='ocrx_word' id='word_1_164' title='bbox 1793 1436 1860 1502; x_wconf 86' lang='grc' dir='ltr'><strong>μὴ</strong></span> 
     </span>
    </p>
   </div>
   <div class='ocr_carea' id='block_1_24' title="bbox 1997 1423 3628 1502">
    <p class='ocr_par' dir='ltr' id='par_1_24' title="bbox 1997 1423 3628 1502">
     <span class='ocr_line' id='line_1_24' title="bbox 1997 1423 3628 1502; baseline -0.006 -17"><span class='ocrx_word' id='word_1_165' title='bbox 1997 1432 2128 1486; x_wconf 79' lang='lat' dir='ltr'><strong><em>&gt;ello</em></strong></span> <span class='ocrx_word' id='word_1_166' title='bbox 2153 1431 2447 1502; x_wconf 85' lang='lat' dir='ltr'><strong><em>oppressi,</em></strong></span> <span class='ocrx_word' id='word_1_167' title='bbox 2480 1435 2537 1484; x_wconf 87' lang='lat' dir='ltr'><strong><em>et</em></strong></span> <span class='ocrx_word' id='word_1_168' title='bbox 2567 1430 2849 1486; x_wconf 86' lang='lat' dir='ltr'><strong><em>charitate</em></strong></span> <span class='ocrx_word' id='word_1_169' title='bbox 2881 1430 3125 1484; x_wconf 89' lang='lat' dir='ltr'><strong><em>minime</em></strong></span> <span class='ocrx_word' id='word_1_170' title='bbox 3152 1427 3517 1489; x_wconf 87' lang='lat' dir='ltr'><strong><em>labascente,</em></strong></span> <span class='ocrx_word' id='word_1_171' title='bbox 3542 1423 3628 1477; x_wconf 87' lang='lat' dir='ltr'><strong><em>di-</em></strong></span> 
     </span>
    </p>
   </div>
   <div class='ocr_carea' id='block_1_25' title="bbox 267 1514 1898 1593">
    <p class='ocr_par' dir='ltr' id='par_1_25' title="bbox 267 1514 1860 1593">
     <span class='ocr_line' id='line_1_25' title="bbox 267 1514 1860 1593; baseline 0.001 -23"><span class='ocrx_word' id='word_1_172' title='bbox 267 1518 626 1589; x_wconf 75' lang='grc' dir='ltr'><strong>ἐξισταμένης,</strong></span> <span class='ocrx_word' id='word_1_173' title='bbox 665 1514 903 1591; x_wconf 73' lang='grc' dir='ltr'><strong>διέρρηξε</strong></span> <span class='ocrx_word' id='word_1_174' title='bbox 934 1519 1000 1568; x_wconf 91' lang='grc' dir='ltr'><strong><em>τὸ</em></strong></span> <span class='ocrx_word' id='word_1_175' title='bbox 1041 1522 1431 1590; x_wconf 87' lang='grc' dir='ltr'><strong>μεσότοιχον</strong></span> <span class='ocrx_word' id='word_1_176' title='bbox 1498 1527 1608 1571; x_wconf 87' lang='grc' dir='ltr'><strong><em>τοῦ</em></strong></span> <span class='ocrx_word' id='word_1_177' title='bbox 1676 1540 1860 1593; x_wconf 89' lang='grc' dir='ltr'><strong>φραγ-</strong></span> 
     </span>
    </p>
   </div>
   <div class='ocr_carea' id='block_1_26' title="bbox 1995 1514 3626 1593">
    <p class='ocr_par' dir='ltr' id='par_1_26' title="bbox 1995 1516 3626 1589">
     <span class='ocr_line' id='line_1_26' title="bbox 1995 1516 3626 1589; baseline -0.006 -14"><span class='ocrx_word' id='word_1_178' title='bbox 1995 1521 2087 1575; x_wconf 79' lang='grc' dir='ltr'><strong>’ΠίῙ</strong></span> <span class='ocrx_word' id='word_1_179' title='bbox 2114 1521 2497 1575; x_wconf 84' lang='lat' dir='ltr'><strong><em>interstitium</em></strong></span> <span class='ocrx_word' id='word_1_180' title='bbox 2522 1520 2795 1575; x_wconf 58' lang='lat' dir='ltr'><strong><em>maceria</em></strong></span> <span class='ocrx_word' id='word_1_181' title='bbox 2822 1520 2879 1589; x_wconf 72' lang='lat'><strong><em>‘0,</em></strong></span> <span class='ocrx_word' id='word_1_182' title='bbox 2915 1523 3091 1589; x_wconf 86' lang='lat' dir='ltr'><strong><em>atque</em></strong></span> <span class='ocrx_word' id='word_1_183' title='bbox 3124 1516 3275 1571; x_wconf 90' lang='lat' dir='ltr'><strong><em>adeo</em></strong></span> <span class='ocrx_word' id='word_1_184' title='bbox 3322 1516 3626 1583; x_wconf 86' lang='lat' dir='ltr'><strong><em>ingentem</em></strong></span> 
     </span>
    </p>
   </div>
   <div class='ocr_carea' id='block_1_27' title="bbox 264 1601 1895 1681">
    <p class='ocr_par' dir='ltr' id='par_1_27' title="bbox 264 1605 1862 1679">
     <span class='ocr_line' id='line_1_27' title="bbox 264 1605 1862 1679; baseline 0.001 -20"><span class='ocrx_word' id='word_1_185' title='bbox 264 1614 401 1679; x_wconf 87' lang='grc' dir='ltr'><strong>μού,</strong></span> <span class='ocrx_word' id='word_1_186' title='bbox 435 1611 524 1658; x_wconf 85' lang='grc' dir='ltr'><strong><em>καὶ</em></strong></span> <span class='ocrx_word' id='word_1_187' title='bbox 571 1611 664 1664; x_wconf 79' lang='grc' dir='ltr'><strong>τὴν</strong></span> <span class='ocrx_word' id='word_1_188' title='bbox 695 1605 888 1657; x_wconf 85' lang='grc' dir='ltr'><strong>τελείαν</strong></span> <span class='ocrx_word' id='word_1_189' title='bbox 932 1608 1128 1678; x_wconf 83' lang='grc' dir='ltr'><strong>ἔχθραν</strong></span> <span class='ocrx_word' id='word_1_190' title='bbox 1177 1606 1510 1676; x_wconf 83' lang='grc' dir='ltr'><strong>ἀπεϐάλοντο,</strong></span> <span class='ocrx_word' id='word_1_191' title='bbox 1565 1615 1653 1661; x_wconf 85' lang='grc' dir='ltr'><strong><em>καὶ</em></strong></span> <span class='ocrx_word' id='word_1_192' title='bbox 1692 1609 1862 1662; x_wconf 82' lang='grc' dir='ltr'><strong>ούκέτι</strong></span> 
     </span>
    </p>
   </div>
   <div class='ocr_carea' id='block_1_28' title="bbox 1998 1601 3629 1681">
    <p class='ocr_par' dir='ltr' id='par_1_28' title="bbox 1998 1601 3629 1681">
     <span class='ocr_line' id='line_1_28' title="bbox 1998 1601 3629 1681; baseline -0.006 -16"><span class='ocrx_word' id='word_1_193' title='bbox 1998 1610 2345 1665; x_wconf 80' lang='lat' dir='ltr'><strong><em>nimicitiam</em></strong></span> <span class='ocrx_word' id='word_1_194' title='bbox 2402 1609 2771 1681; x_wconf 83' lang='lat' dir='ltr'><strong><em>expulerunt,</em></strong></span> <span class='ocrx_word' id='word_1_195' title='bbox 2825 1614 2885 1662; x_wconf 90' lang='lat' dir='ltr'><strong><em>ut</em></strong></span> <span class='ocrx_word' id='word_1_196' title='bbox 2937 1623 3054 1662; x_wconf 86' lang='lat' dir='ltr'><strong><em>non</em></strong></span> <span class='ocrx_word' id='word_1_197' title='bbox 3112 1604 3369 1676; x_wconf 89' lang='lat' dir='ltr'><strong><em>amplius</em></strong></span> <span class='ocrx_word' id='word_1_198' title='bbox 3413 1604 3490 1669; x_wconf 90' lang='lat' dir='ltr'><strong><em>vi,</em></strong></span> <span class='ocrx_word' id='word_1_199' title='bbox 3523 1601 3629 1657; x_wconf 92' lang='lat' dir='ltr'><strong><em>sed</em></strong></span> 
     </span>
    </p>
   </div>
   <div class='ocr_carea' id='block_1_29' title="bbox 263 1691 1894 1769">
    <p class='ocr_par' dir='ltr' id='par_1_29' title="bbox 263 1691 1863 1769">
     <span class='ocr_line' id='line_1_29' title="bbox 263 1691 1863 1769; baseline 0.002 -22"><span class='ocrx_word' id='word_1_200' title='bbox 263 1698 396 1767; x_wconf 88' lang='grc' dir='ltr'><strong><em>μετὰ</em></strong></span> <span class='ocrx_word' id='word_1_201' title='bbox 448 1693 591 1766; x_wconf 85' lang='grc' dir='ltr'><strong><em>βίας,</em></strong></span> <span class='ocrx_word' id='word_1_202' title='bbox 621 1693 749 1746; x_wconf 83' lang='grc' dir='ltr'><strong>ἀλλὰ</strong></span> <span class='ocrx_word' id='word_1_203' title='bbox 797 1697 927 1765; x_wconf 85' lang='grc' dir='ltr'><strong>μετὰ</strong></span> <span class='ocrx_word' id='word_1_204' title='bbox 956 1691 1200 1767; x_wconf 81' lang='grc' dir='ltr'><strong><em>βοηθείας</em></strong></span> <span class='ocrx_word' id='word_1_205' title='bbox 1254 1693 1397 1768; x_wconf 85' lang='grc' dir='ltr'><strong>εἶχον</strong></span> <span class='ocrx_word' id='word_1_206' title='bbox 1428 1702 1520 1754; x_wconf 82' lang='grc' dir='ltr'><strong>τὴν</strong></span> <span class='ocrx_word' id='word_1_207' title='bbox 1552 1696 1755 1769; x_wconf 77' lang='grc' dir='ltr'><strong><em>ἀγάπην</em></strong></span> <span class='ocrx_word' id='word_1_208' title='bbox 1803 1698 1863 1750; x_wconf 83' lang='lat' dir='ltr'><strong><em>&#39;O</em></strong></span> 
     </span>
    </p>
   </div>
   <div class='ocr_carea' id='block_1_30' title="bbox 1998 1691 3629 1769">
    <p class='ocr_par' dir='ltr' id='par_1_30' title="bbox 1998 1692 3629 1767">
     <span class='ocr_line' id='line_1_30' title="bbox 1998 1692 3629 1767; baseline -0.006 -14"><span class='ocrx_word' id='word_1_209' title='bbox 1998 1716 2111 1753; x_wconf 75' lang='lat' dir='ltr'><strong><em>:um</em></strong></span> <span class='ocrx_word' id='word_1_210' title='bbox 2139 1698 2361 1753; x_wconf 84' lang='lat' dir='ltr'><strong><em>auxilio</em></strong></span> <span class='ocrx_word' id='word_1_211' title='bbox 2375 1698 2728 1752; x_wconf 87' lang='lat' dir='ltr'><strong><em>charitatem</em></strong></span> <span class='ocrx_word' id='word_1_212' title='bbox 2744 1697 2852 1751; x_wconf 87' lang='lat' dir='ltr'><strong><em>sibi</em></strong></span> <span class='ocrx_word' id='word_1_213' title='bbox 2872 1696 3202 1767; x_wconf 88' lang='lat' dir='ltr'><strong><em>subjectam</em></strong></span> <span class='ocrx_word' id='word_1_214' title='bbox 3216 1692 3498 1748; x_wconf 86' lang='lat' dir='ltr'><strong><em>habeant.</em></strong></span> <span class='ocrx_word' id='word_1_215' title='bbox 3523 1693 3629 1745; x_wconf 86' lang='lat' dir='ltr'><strong><em>Do-</em></strong></span> 
     </span>
    </p>
   </div>
   <div class='ocr_carea' id='block_1_31' title="bbox 261 1760 1892 1861">
    <p class='ocr_par' dir='ltr' id='par_1_31' title="bbox 261 1760 1863 1861">
     <span class='ocr_line' id='line_1_31' title="bbox 261 1760 1863 1861; baseline 0.002 -25"><span class='ocrx_word' id='word_1_216' title='bbox 261 1788 363 1857; x_wconf 87' lang='grc' dir='ltr'><strong>γὰρ</strong></span> <span class='ocrx_word' id='word_1_217' title='bbox 450 1787 641 1858; x_wconf 79' lang='grc' dir='ltr'><strong>Κύριος</strong></span> <span class='ocrx_word' id='word_1_218' title='bbox 722 1783 899 1835; x_wconf 89' lang='grc' dir='ltr'><strong>λοιπόν</strong></span> <span class='ocrx_word' id='word_1_219' title='bbox 987 1788 1249 1859; x_wconf 86' lang='grc' dir='ltr'><strong>κατείργει</strong></span> <span class='ocrx_word' id='word_1_220' title='bbox 1299 1760 1426 1844; x_wconf 46' lang='grc' dir='ltr'><strong>’τὴν</strong></span> <span class='ocrx_word' id='word_1_221' title='bbox 1521 1760 1863 1861; x_wconf 77' lang='grc' dir='ltr'><strong>στρεφομένην</strong></span> 
     </span>
    </p>
   </div>
   <div class='ocr_carea' id='block_1_32' title="bbox 1996 1760 3627 1861">
    <p class='ocr_par' dir='ltr' id='par_1_32' title="bbox 1996 1781 3627 1858">
     <span class='ocr_line' id='line_1_32' title="bbox 1996 1781 3627 1858; baseline -0.006 -16"><span class='ocrx_word' id='word_1_222' title='bbox 1996 1790 2175 1843; x_wconf 87' lang='lat' dir='ltr'><strong><em>uinus</em></strong></span> <span class='ocrx_word' id='word_1_223' title='bbox 2203 1788 2360 1842; x_wconf 91' lang='lat' dir='ltr'><strong><em>enim</em></strong></span> <span class='ocrx_word' id='word_1_224' title='bbox 2414 1787 2665 1858; x_wconf 77' lang='lat' dir='ltr'><strong><em>posthac</em></strong></span> <span class='ocrx_word' id='word_1_225' title='bbox 2693 1790 2923 1841; x_wconf 85' lang='lat' dir='ltr'><strong><em>coercet</em></strong></span> <span class='ocrx_word' id='word_1_226' title='bbox 2972 1783 3302 1839; x_wconf 87' lang='lat' dir='ltr'><strong><em>versatilem</em></strong></span> <span class='ocrx_word' id='word_1_227' title='bbox 3337 1781 3627 1851; x_wconf 82' lang='lat' dir='ltr'><strong><em>gladium,</em></strong></span> 
     </span>
    </p>
   </div>
   <div class='ocr_carea' id='block_1_33' title="bbox 260 1870 1891 1951">
    <p class='ocr_par' dir='ltr' id='par_1_33' title="bbox 260 1873 1864 1951">
     <span class='ocr_line' id='line_1_33' title="bbox 260 1873 1864 1951; baseline 0.002 -27"><span class='ocrx_word' id='word_1_228' title='bbox 260 1873 539 1947; x_wconf 80' lang='grc' dir='ltr'><strong><em>ῥομφαίαν,</em></strong></span> <span class='ocrx_word' id='word_1_229' title='bbox 594 1876 687 1931; x_wconf 73' lang='grc' dir='ltr'><strong>τὴν</strong></span> <span class='ocrx_word' id='word_1_230' title='bbox 737 1879 984 1924; x_wconf 79' lang='grc' dir='ltr'><strong>κινοῦσαν</strong></span> <span class='ocrx_word' id='word_1_231' title='bbox 1033 1877 1151 1934; x_wconf 82' lang='grc' dir='ltr'><strong>τοὺς</strong></span> <span class='ocrx_word' id='word_1_232' title='bbox 1204 1873 1507 1946; x_wconf 83' lang='grc' dir='ltr'><strong>λογισμοὺς,</strong></span> <span class='ocrx_word' id='word_1_233' title='bbox 1554 1880 1642 1927; x_wconf 86' lang='grc' dir='ltr'><strong><em>καὶ</em></strong></span> <span class='ocrx_word' id='word_1_234' title='bbox 1690 1876 1864 1951; x_wconf 77' lang='grc' dir='ltr'><strong>εἰσήρ-</strong></span> 
     </span>
    </p>
   </div>
   <div class='ocr_carea' id='block_1_34' title="bbox 1999 1870 3630 1951">
    <p class='ocr_par' dir='ltr' id='par_1_34' title="bbox 1999 1870 3630 1946">
     <span class='ocr_line' id='line_1_34' title="bbox 1999 1870 3630 1946; baseline -0.006 -14"><span class='ocrx_word' id='word_1_235' title='bbox 1999 1880 2330 1932; x_wconf 69' lang='grc' dir='ltr'><strong>ειοιίᾶιιιθιι]</strong></span> <span class='ocrx_word' id='word_1_236' title='bbox 2361 1875 2767 1946; x_wconf 82' lang='lat' dir='ltr'><strong><em>cogitationes,</em></strong></span> <span class='ocrx_word' id='word_1_237' title='bbox 2818 1881 2874 1928; x_wconf 86' lang='lat' dir='ltr'><strong><em>et</em></strong></span> <span class='ocrx_word' id='word_1_238' title='bbox 2905 1874 3319 1943; x_wconf 85' lang='lat' dir='ltr'><strong><em>ingrediuntur</em></strong></span> <span class='ocrx_word' id='word_1_239' title='bbox 3350 1870 3630 1925; x_wconf 89' lang='lat' dir='ltr'><strong><em>interiora</em></strong></span> 
     </span>
    </p>
   </div>
   <div class='ocr_carea' id='block_1_35' title="bbox 263 1956 1894 2036">
    <p class='ocr_par' dir='ltr' id='par_1_35' title="bbox 263 1961 1864 2035">
     <span class='ocr_line' id='line_1_35' title="bbox 263 1961 1864 2035; baseline 0.002 -22"><span class='ocrx_word' id='word_1_240' title='bbox 263 1981 421 2034; x_wconf 90' lang='grc' dir='ltr'><strong>χοντο</strong></span> <span class='ocrx_word' id='word_1_241' title='bbox 479 1961 549 2023; x_wconf 82' lang='grc' dir='ltr'><strong><em>εἰς</em></strong></span> <span class='ocrx_word' id='word_1_242' title='bbox 602 1964 657 2012; x_wconf 93' lang='grc' dir='ltr'><strong><em>τὸ</em></strong></span> <span class='ocrx_word' id='word_1_243' title='bbox 723 1963 970 2034; x_wconf 72' lang='grc' dir='ltr'><strong>ἐσώτερον</strong></span> <span class='ocrx_word' id='word_1_244' title='bbox 1030 1969 1121 2012; x_wconf 91' lang='grc' dir='ltr'><strong><em>τοῦ</em></strong></span> <span class='ocrx_word' id='word_1_245' title='bbox 1183 1966 1665 2035; x_wconf 82' lang='grc' dir='ltr'><strong>καταπετάσματος,</strong></span> <span class='ocrx_word' id='word_1_246' title='bbox 1735 1966 1864 2017; x_wconf 88' lang='grc' dir='ltr'><strong>ὃπου</strong></span> 
     </span>
    </p>
   </div>
   <div class='ocr_carea' id='block_1_36' title="bbox 2002 1956 3633 2036">
    <p class='ocr_par' dir='ltr' id='par_1_36' title="bbox 2002 1956 3633 2036">
     <span class='ocr_line' id='line_1_36' title="bbox 2002 1956 3633 2036; baseline -0.007 -15"><span class='ocrx_word' id='word_1_247' title='bbox 2002 1965 2308 2030; x_wconf 71' lang='grc' dir='ltr'><strong><em>νθιεωὶηἱς,</em></strong></span> <span class='ocrx_word' id='word_1_248' title='bbox 2383 1981 2505 2036; x_wconf 92' lang='lat' dir='ltr'><strong><em>quo</em></strong></span> <span class='ocrx_word' id='word_1_249' title='bbox 2576 1979 2910 2035; x_wconf 64' lang='lat' dir='ltr'><strong><em>prmcursor</em></strong></span> <span class='ocrx_word' id='word_1_250' title='bbox 2974 1978 3083 2033; x_wconf 91' lang='lat' dir='ltr'><strong><em>pro</em></strong></span> <span class='ocrx_word' id='word_1_251' title='bbox 3159 1961 3333 2016; x_wconf 89' lang='lat' dir='ltr'><strong><em>nobis</em></strong></span> <span class='ocrx_word' id='word_1_252' title='bbox 3407 1956 3633 2013; x_wconf 89' lang='lat' dir='ltr'><strong><em>introiit</em></strong></span> 
     </span>
    </p>
   </div>
   <div class='ocr_carea' id='block_1_37' title="bbox 260 2046 1891 2125">
    <p class='ocr_par' dir='ltr' id='par_1_37' title="bbox 260 2046 1866 2125">
     <span class='ocr_line' id='line_1_37' title="bbox 260 2046 1866 2125; baseline 0.001 -21"><span class='ocrx_word' id='word_1_253' title='bbox 260 2046 558 2125; x_wconf 85' lang='grc' dir='ltr'><strong>πρόδρομος</strong></span> <span class='ocrx_word' id='word_1_254' title='bbox 613 2050 738 2123; x_wconf 75' lang='grc' dir='ltr'><strong>ὑπερ</strong></span> <span class='ocrx_word' id='word_1_255' title='bbox 795 2051 941 2121; x_wconf 76' lang='grc' dir='ltr'><strong>ἡμῶν</strong></span> <span class='ocrx_word' id='word_1_256' title='bbox 1004 2049 1238 2109; x_wconf 84' lang='grc' dir='ltr'><strong>εἰσῆλθεν</strong></span> <span class='ocrx_word' id='word_1_257' title='bbox 1285 2054 1310 2103; x_wconf 98' lang='lat'><strong><em>6</em></strong></span> <span class='ocrx_word' id='word_1_258' title='bbox 1374 2055 1595 2125; x_wconf 80' lang='grc' dir='ltr'><strong>Κύριος’</strong></span> <span class='ocrx_word' id='word_1_259' title='bbox 1652 2058 1742 2106; x_wconf 87' lang='grc' dir='ltr'><strong><em>καὶ</em></strong></span> <span class='ocrx_word' id='word_1_260' title='bbox 1796 2057 1866 2105; x_wconf 78' lang='grc' dir='ltr'><strong>ἓν·</strong></span> 
     </span>
    </p>
   </div>
   <div class='ocr_carea' id='block_1_38' title="bbox 2000 2046 3631 2125">
    <p class='ocr_par' dir='ltr' id='par_1_38' title="bbox 2000 2047 3631 2110">
     <span class='ocr_line' id='line_1_38' title="bbox 2000 2047 3631 2110; baseline -0.006 -1"><span class='ocrx_word' id='word_1_261' title='bbox 2000 2056 2267 2110; x_wconf 89' lang='lat' dir='ltr'><strong><em>)ominus</em></strong></span> <span class='ocrx_word' id='word_1_262' title='bbox 2301 2071 2312 2109; x_wconf 87' lang='lat'><strong><em>:</em></strong></span> <span class='ocrx_word' id='word_1_263' title='bbox 2357 2061 2412 2109; x_wconf 92' lang='lat' dir='ltr'><strong><em>et</em></strong></span> <span class='ocrx_word' id='word_1_264' title='bbox 2443 2070 2581 2108; x_wconf 93' lang='lat' dir='ltr'><strong><em>cum</em></strong></span> <span class='ocrx_word' id='word_1_265' title='bbox 2614 2052 3002 2108; x_wconf 84' lang='lat' dir='ltr'><strong><em>delectatione</em></strong></span> <span class='ocrx_word' id='word_1_266' title='bbox 3035 2052 3312 2106; x_wconf 89' lang='lat' dir='ltr'><strong><em>fruuntur</em></strong></span> <span class='ocrx_word' id='word_1_267' title='bbox 3339 2047 3631 2103; x_wconf 90' lang='lat' dir='ltr'><strong><em>fructibus</em></strong></span> 
     </span>
    </p>
   </div>
   <div class='ocr_carea' id='block_1_39' title="bbox 263 2138 1894 2215">
    <p class='ocr_par' dir='ltr' id='par_1_39' title="bbox 263 2142 1867 2214">
     <span class='ocr_line' id='line_1_39' title="bbox 263 2142 1867 2214; baseline 0 -21"><span class='ocrx_word' id='word_1_268' title='bbox 263 2142 487 2213; x_wconf 88' lang='grc' dir='ltr'><strong>ετρύφων</strong></span> <span class='ocrx_word' id='word_1_269' title='bbox 536 2146 642 2199; x_wconf 87' lang='grc' dir='ltr'><strong>τοῖς</strong></span> <span class='ocrx_word' id='word_1_270' title='bbox 688 2146 910 2213; x_wconf 80' lang='grc' dir='ltr'><strong>καρποῖς</strong></span> <span class='ocrx_word' id='word_1_271' title='bbox 964 2146 1057 2191; x_wconf 90' lang='grc' dir='ltr'><strong><em>τοῦ</em></strong></span> <span class='ocrx_word' id='word_1_272' title='bbox 1109 2142 1424 2212; x_wconf 87' lang='grc' dir='ltr'><strong>Πνεύματος,</strong></span> <span class='ocrx_word' id='word_1_273' title='bbox 1486 2147 1576 2194; x_wconf 84' lang='grc' dir='ltr'><strong>καὶ</strong></span> <span class='ocrx_word' id='word_1_274' title='bbox 1632 2145 1697 2193; x_wconf 77' lang='grc' dir='ltr'><strong>τὰ</strong></span> <span class='ocrx_word' id='word_1_275' title='bbox 1753 2142 1867 2214; x_wconf 83' lang='grc' dir='ltr'><strong>μέλ-</strong></span> 
     </span>
    </p>
   </div>
   <div class='ocr_carea' id='block_1_40' title="bbox 2002 2138 3633 2215">
    <p class='ocr_par' dir='ltr' id='par_1_40' title="bbox 2002 2138 3633 2215">
     <span class='ocr_line' id='line_1_40' title="bbox 2002 2138 3633 2215; baseline -0.005 -16"><span class='ocrx_word' id='word_1_276' title='bbox 2002 2146 2249 2215; x_wconf 76' lang='lat' dir='ltr'><strong><em>ipiritus,</em></strong></span> <span class='ocrx_word' id='word_1_277' title='bbox 2284 2150 2461 2214; x_wconf 89' lang='lat' dir='ltr'><strong><em>atque</em></strong></span> <span class='ocrx_word' id='word_1_278' title='bbox 2492 2142 2689 2198; x_wconf 86' lang='lat' dir='ltr'><strong><em>futura</em></strong></span> <span class='ocrx_word' id='word_1_279' title='bbox 2717 2158 2854 2196; x_wconf 94' lang='lat' dir='ltr'><strong><em>cum</em></strong></span> <span class='ocrx_word' id='word_1_280' title='bbox 2899 2141 3081 2196; x_wconf 90' lang='lat' dir='ltr'><strong><em>animi</em></strong></span> <span class='ocrx_word' id='word_1_281' title='bbox 3127 2138 3462 2195; x_wconf 82' lang='lat' dir='ltr'><strong><em>constantia</em></strong></span> <span class='ocrx_word' id='word_1_282' title='bbox 3494 2150 3633 2192; x_wconf 93' lang='lat' dir='ltr'><strong><em>con-</em></strong></span> 
     </span>
    </p>
   </div>
   <div class='ocr_carea' id='block_1_41' title="bbox 261 2224 1892 2304">
    <p class='ocr_par' dir='ltr' id='par_1_41' title="bbox 261 2224 1870 2302">
     <span class='ocr_line' id='line_1_41' title="bbox 261 2224 1870 2302; baseline 0.002 -22"><span class='ocrx_word' id='word_1_283' title='bbox 261 2228 412 2282; x_wconf 86' lang='grc' dir='ltr'><strong>λοντα</strong></span> <span class='ocrx_word' id='word_1_284' title='bbox 457 2227 505 2279; x_wconf 83' lang='grc' dir='ltr'><strong>ἐν</strong></span> <span class='ocrx_word' id='word_1_285' title='bbox 558 2226 862 2301; x_wconf 87' lang='grc' dir='ltr'><strong>βεϐαιότητι</strong></span> <span class='ocrx_word' id='word_1_286' title='bbox 909 2224 1138 2301; x_wconf 76' lang='grc' dir='ltr'><strong>καρδίας</strong></span> <span class='ocrx_word' id='word_1_287' title='bbox 1197 2230 1523 2302; x_wconf 81' lang='grc' dir='ltr'><strong>θεασάμενοι,</strong></span> <span class='ocrx_word' id='word_1_288' title='bbox 1579 2234 1668 2283; x_wconf 87' lang='grc' dir='ltr'><strong>καὶ</strong></span> <span class='ocrx_word' id='word_1_289' title='bbox 1734 2234 1870 2283; x_wconf 82' lang='grc' dir='ltr'><strong>κατὰ</strong></span> 
     </span>
    </p>
   </div>
   <div class='ocr_carea' id='block_1_42' title="bbox 2001 2224 3632 2304">
    <p class='ocr_par' dir='ltr' id='par_1_42' title="bbox 2004 2226 3632 2304">
     <span class='ocr_line' id='line_1_42' title="bbox 2004 2226 3632 2304; baseline -0.006 -15"><span class='ocrx_word' id='word_1_290' title='bbox 2004 2234 2354 2304; x_wconf 84' lang='lat' dir='ltr'><strong><em>emplantes,</em></strong></span> <span class='ocrx_word' id='word_1_291' title='bbox 2412 2248 2541 2296; x_wconf 89' lang='lat' dir='ltr'><strong><em>nec,</em></strong></span> <span class='ocrx_word' id='word_1_292' title='bbox 2605 2237 2667 2286; x_wconf 85' lang='lat' dir='ltr'><strong><em>ut.</em></strong></span> <span class='ocrx_word' id='word_1_293' title='bbox 2727 2231 3049 2301; x_wconf 87' lang='lat' dir='ltr'><strong><em>Apostolus</em></strong></span> <span class='ocrx_word' id='word_1_294' title='bbox 3109 2230 3209 2297; x_wconf 89' lang='lat' dir='ltr'><strong><em>ait,</em></strong></span> <span class='ocrx_word' id='word_1_295' title='bbox 3252 2227 3513 2299; x_wconf 86' lang='lat' dir='ltr'><strong><em>amplius</em></strong></span> <span class='ocrx_word' id='word_1_296' title='bbox 3568 2226 3632 2280; x_wconf 88' lang='lat' dir='ltr'><strong><em>in</em></strong></span> 
     </span>
    </p>
   </div>
   <div class='ocr_carea' id='block_1_43' title="bbox 261 2315 1892 2394">
    <p class='ocr_par' dir='ltr' id='par_1_43' title="bbox 261 2315 1870 2390">
     <span class='ocr_line' id='line_1_43' title="bbox 261 2315 1870 2390; baseline 0.001 -21"><span class='ocrx_word' id='word_1_297' title='bbox 261 2321 347 2370; x_wconf 91' lang='grc' dir='ltr'><strong><em>τὸν</em></strong></span> <span class='ocrx_word' id='word_1_298' title='bbox 422 2316 757 2385; x_wconf 83' lang='grc' dir='ltr'><strong>’Δπόστολον,</strong></span> <span class='ocrx_word' id='word_1_299' title='bbox 812 2316 982 2369; x_wconf 73' lang='grc' dir='ltr'><strong>οὐκέτι</strong></span> <span class='ocrx_word' id='word_1_300' title='bbox 1046 2315 1094 2368; x_wconf 76' lang='grc' dir='ltr'><strong>ἐν</strong></span> <span class='ocrx_word' id='word_1_301' title='bbox 1164 2319 1421 2390; x_wconf 77' lang='grc' dir='ltr'><strong>ἐσόπτρῳ,</strong></span> <span class='ocrx_word' id='word_1_302' title='bbox 1488 2326 1577 2371; x_wconf 86' lang='lat' dir='ltr'><strong><em>xui</em></strong></span> <span class='ocrx_word' id='word_1_303' title='bbox 1641 2319 1688 2370; x_wconf 83' lang='grc' dir='ltr'><strong>ἐν</strong></span> <span class='ocrx_word' id='word_1_304' title='bbox 1740 2320 1870 2371; x_wconf 84' lang='grc' dir='ltr'><strong>αἰνί-</strong></span> 
     </span>
    </p>
   </div>
   <div class='ocr_carea' id='block_1_44' title="bbox 2000 2315 3631 2394">
    <p class='ocr_par' dir='ltr' id='par_1_44' title="bbox 2000 2316 3631 2394">
     <span class='ocr_line' id='line_1_44' title="bbox 2000 2316 3631 2394; baseline -0.005 -15"><span class='ocrx_word' id='word_1_305' title='bbox 2000 2324 2217 2394; x_wconf 83' lang='lat' dir='ltr'><strong><em>:pecuto</em></strong></span> <span class='ocrx_word' id='word_1_306' title='bbox 2230 2329 2401 2393; x_wconf 85' lang='lat' dir='ltr'><strong><em>atque</em></strong></span> <span class='ocrx_word' id='word_1_307' title='bbox 2415 2322 2782 2389; x_wconf 69' lang='lat' dir='ltr'><strong><em>aenigmate“</em></strong></span> <span class='ocrx_word' id='word_1_308' title='bbox 2803 2325 3131 2383; x_wconf 83' lang='lat' dir='ltr'><strong><em>versantes,</em></strong></span> <span class='ocrx_word' id='word_1_309' title='bbox 3159 2319 3465 2389; x_wconf 86' lang='lat' dir='ltr'><strong><em>inquiunt:</em></strong></span> <span class='ocrx_word' id='word_1_310' title='bbox 3494 2316 3631 2382; x_wconf 67' lang='lat' dir='ltr'><strong><em>Quae</em></strong></span> 
     </span>
    </p>
   </div>
   <div class='ocr_carea' id='block_1_45' title="bbox 263 2402 1894 2481">
    <p class='ocr_par' dir='ltr' id='par_1_45' title="bbox 263 2402 1869 2481">
     <span class='ocr_line' id='line_1_45' title="bbox 263 2402 1869 2481; baseline 0.001 -21"><span class='ocrx_word' id='word_1_311' title='bbox 263 2404 737 2481; x_wconf 78' lang='grc' dir='ltr'><strong>γματιέλεγον,”Α</strong></span> <span class='ocrx_word' id='word_1_312' title='bbox 805 2402 1131 2478; x_wconf 75' lang='grc' dir='ltr'><strong>ὀφθαλμὸς</strong></span> <span class='ocrx_word' id='word_1_313' title='bbox 1192 2406 1307 2458; x_wconf 77' lang='grc' dir='ltr'><strong>οὐκ</strong></span> <span class='ocrx_word' id='word_1_314' title='bbox 1374 2404 1526 2471; x_wconf 84' lang='grc' dir='ltr'><strong>εἶδε,</strong></span> <span class='ocrx_word' id='word_1_315' title='bbox 1594 2413 1701 2461; x_wconf 87' lang='grc' dir='ltr'><strong>καὶ</strong></span> <span class='ocrx_word' id='word_1_316' title='bbox 1765 2405 1869 2471; x_wconf 78' lang='grc' dir='ltr'><strong>οὖς</strong></span> 
     </span>
    </p>
   </div>
   <div class='ocr_carea' id='block_1_46' title="bbox 2000 2402 3631 2481">
    <p class='ocr_par' dir='ltr' id='par_1_46' title="bbox 2000 2404 3631 2475">
     <span class='ocr_line' id='line_1_46' title="bbox 2000 2404 3631 2475; baseline -0.006 -8"><span class='ocrx_word' id='word_1_317' title='bbox 2000 2415 2187 2469; x_wconf 73' lang='lat' dir='ltr'><strong><em>mulus</em></strong></span> <span class='ocrx_word' id='word_1_318' title='bbox 2227 2428 2345 2467; x_wconf 89' lang='lat' dir='ltr'><strong><em>non</em></strong></span> <span class='ocrx_word' id='word_1_319' title='bbox 2374 2411 2540 2475; x_wconf 89' lang='lat' dir='ltr'><strong><em>vidit,</em></strong></span> <span class='ocrx_word' id='word_1_320' title='bbox 2566 2426 2672 2465; x_wconf 86' lang='lat' dir='ltr'><strong><em>nec</em></strong></span> <span class='ocrx_word' id='word_1_321' title='bbox 2703 2410 2868 2465; x_wconf 85' lang='lat' dir='ltr'><strong><em>auris</em></strong></span> <span class='ocrx_word' id='word_1_322' title='bbox 2897 2409 3147 2472; x_wconf 84' lang='lat' dir='ltr'><strong><em>audivit,</em></strong></span> <span class='ocrx_word' id='word_1_323' title='bbox 3180 2423 3285 2463; x_wconf 88' lang='lat' dir='ltr'><strong><em>nec</em></strong></span> <span class='ocrx_word' id='word_1_324' title='bbox 3314 2407 3376 2461; x_wconf 88' lang='lat' dir='ltr'><strong><em>in</em></strong></span> <span class='ocrx_word' id='word_1_325' title='bbox 3400 2422 3503 2462; x_wconf 86' lang='lat' dir='ltr'><strong><em>cor</em></strong></span> <span class='ocrx_word' id='word_1_326' title='bbox 3534 2404 3631 2459; x_wconf 87' lang='lat' dir='ltr'><strong><em>ho-</em></strong></span> 
     </span>
    </p>
   </div>
   <div class='ocr_carea' id='block_1_47' title="bbox 274 2492 1905 2570">
    <p class='ocr_par' dir='ltr' id='par_1_47' title="bbox 274 2492 1872 2570">
     <span class='ocr_line' id='line_1_47' title="bbox 274 2492 1872 2570; baseline 0.001 -22"><span class='ocrx_word' id='word_1_327' title='bbox 274 2496 383 2548; x_wconf 82' lang='grc' dir='ltr'><strong><em>ούκ</em></strong></span> <span class='ocrx_word' id='word_1_328' title='bbox 421 2496 679 2561; x_wconf 75' lang='grc' dir='ltr'><strong>ἤκουσε,</strong></span> <span class='ocrx_word' id='word_1_329' title='bbox 722 2498 824 2546; x_wconf 86' lang='lat' dir='ltr'><strong><em>xui</em></strong></span> <span class='ocrx_word' id='word_1_330' title='bbox 886 2492 993 2546; x_wconf 83' lang='grc' dir='ltr'><strong><em>ἐπὶ</em></strong></span> <span class='ocrx_word' id='word_1_331' title='bbox 1032 2492 1312 2567; x_wconf 82' lang='grc' dir='ltr'><strong>καρδίαν</strong></span> <span class='ocrx_word' id='word_1_332' title='bbox 1368 2495 1702 2570; x_wconf 84' lang='grc' dir='ltr'><strong>ἀνθρώπου</strong></span> <span class='ocrx_word' id='word_1_333' title='bbox 1762 2498 1872 2549; x_wconf 83' lang='grc' dir='ltr'><strong><em>οῦκ</em></strong></span> 
     </span>
    </p>
   </div>
   <div class='ocr_carea' id='block_1_48' title="bbox 2000 2492 3631 2570">
    <p class='ocr_par' dir='ltr' id='par_1_48' title="bbox 2000 2495 3631 2570">
     <span class='ocr_line' id='line_1_48' title="bbox 2000 2495 3631 2570; baseline -0.006 -13"><span class='ocrx_word' id='word_1_334' title='bbox 2000 2505 2147 2557; x_wconf 84' lang='lat' dir='ltr'><strong><em>ninis</em></strong></span> <span class='ocrx_word' id='word_1_335' title='bbox 2162 2501 2700 2570; x_wconf 70' lang='lat' dir='ltr'><strong><em>ascenderunt,qua?</em></strong></span> <span class='ocrx_word' id='word_1_336' title='bbox 2710 2498 3071 2569; x_wconf 57' lang='lat' dir='ltr'><strong><em>praeparavit</em></strong></span> <span class='ocrx_word' id='word_1_337' title='bbox 3090 2499 3239 2552; x_wconf 87' lang='lat' dir='ltr'><strong><em>Deus</em></strong></span> <span class='ocrx_word' id='word_1_338' title='bbox 3253 2495 3631 2563; x_wconf 83' lang='lat' dir='ltr'><strong><em>diligentibus</em></strong></span> 
     </span>
    </p>
   </div>
   <div class='ocr_carea' id='block_1_49' title="bbox 275 2583 1906 2659">
    <p class='ocr_par' dir='ltr' id='par_1_49' title="bbox 275 2583 1871 2657">
     <span class='ocr_line' id='line_1_49' title="bbox 275 2583 1871 2657; baseline 0 -19"><span class='ocrx_word' id='word_1_339' title='bbox 275 2583 492 2651; x_wconf 82' lang='grc' dir='ltr'><strong>ἀνέϐη,</strong></span> <span class='ocrx_word' id='word_1_340' title='bbox 536 2583 653 2636; x_wconf 86' lang='grc' dir='ltr'><strong><em>ὃσα</em></strong></span> <span class='ocrx_word' id='word_1_341' title='bbox 691 2586 1045 2654; x_wconf 78' lang='grc' dir='ltr'><strong>ἡτοίμασεν</strong></span> <span class='ocrx_word' id='word_1_342' title='bbox 1087 2585 1111 2636; x_wconf 93' lang='lat'><strong><em>6</em></strong></span> <span class='ocrx_word' id='word_1_343' title='bbox 1149 2588 1302 2646; x_wconf 86' lang='grc' dir='ltr'><strong>Θεὸς</strong></span> <span class='ocrx_word' id='word_1_344' title='bbox 1358 2593 1488 2646; x_wconf 87' lang='grc' dir='ltr'><strong>τοῖς</strong></span> <span class='ocrx_word' id='word_1_345' title='bbox 1529 2585 1871 2657; x_wconf 76' lang='grc' dir='ltr'><strong>ἀγαπῶσιν</strong></span> 
     </span>
    </p>
   </div>
   <div class='ocr_carea' id='block_1_50' title="bbox 2001 2583 3632 2659">
    <p class='ocr_par' dir='ltr' id='par_1_50' title="bbox 2001 2584 3632 2659">
     <span class='ocr_line' id='line_1_50' title="bbox 2001 2584 3632 2659; baseline -0.006 -12"><span class='ocrx_word' id='word_1_346' title='bbox 2001 2592 2120 2647; x_wconf 71' lang='lat' dir='ltr'><strong><em>:e“.</em></strong></span> <span class='ocrx_word' id='word_1_347' title='bbox 2165 2593 2376 2645; x_wconf 87' lang='lat' dir='ltr'><strong><em>Verum</em></strong></span> <span class='ocrx_word' id='word_1_348' title='bbox 2426 2606 2537 2659; x_wconf 91' lang='lat' dir='ltr'><strong><em>ego</em></strong></span> <span class='ocrx_word' id='word_1_349' title='bbox 2567 2589 2723 2645; x_wconf 88' lang='lat' dir='ltr'><strong><em>hanc</em></strong></span> <span class='ocrx_word' id='word_1_350' title='bbox 2773 2586 3194 2642; x_wconf 88' lang='lat' dir='ltr'><strong><em>admirandam</em></strong></span> <span class='ocrx_word' id='word_1_351' title='bbox 3235 2584 3632 2656; x_wconf 74' lang='lat' dir='ltr'><strong><em>quaestionem</em></strong></span> 
     </span>
    </p>
   </div>
   <div class='ocr_carea' id='block_1_51' title="bbox 265 2672 2261 2747">
    <p class='ocr_par' dir='ltr' id='par_1_51' title="bbox 265 2672 2261 2747">
     <span class='ocr_line' id='line_1_51' title="bbox 265 2672 2261 2747; baseline 0.001 -18"><span class='ocrx_word' id='word_1_352' title='bbox 265 2679 477 2729; x_wconf 79' lang='grc' dir='ltr'><strong>αὑτὸν.</strong></span> <span class='ocrx_word' id='word_1_353' title='bbox 510 2672 645 2727; x_wconf 86' lang='grc' dir='ltr'><strong>Ἀλλ’</strong></span> <span class='ocrx_word' id='word_1_354' title='bbox 676 2672 776 2745; x_wconf 82' lang='grc' dir='ltr'><strong><em>ἐγὼ</em></strong></span> <span class='ocrx_word' id='word_1_355' title='bbox 804 2680 954 2725; x_wconf 91' lang='grc' dir='ltr'><strong>τοῦτο</strong></span> <span class='ocrx_word' id='word_1_356' title='bbox 989 2675 1292 2745; x_wconf 87' lang='grc' dir='ltr'><strong>θαυμαστὸν</strong></span> <span class='ocrx_word' id='word_1_357' title='bbox 1324 2676 1549 2747; x_wconf 79' lang='grc' dir='ltr'><strong>ἐπερωτή</strong></span> <span class='ocrx_word' id='word_1_358' title='bbox 1564 2695 1655 2732; x_wconf 90' lang='grc' dir='ltr'><strong><em>σω.</em></strong></span> <span class='ocrx_word' id='word_1_359' title='bbox 1986 2680 2261 2737; x_wconf 85' lang='lat' dir='ltr'><strong><em>movebo.</em></strong></span> 
     </span>
    </p>
   </div>
   <div class='ocr_carea' id='block_1_52' title="bbox 337 2797 1968 2875">
    <p class='ocr_par' dir='ltr' id='par_1_52' title="bbox 337 2797 1875 2874">
     <span class='ocr_line' id='line_1_52' title="bbox 337 2797 1875 2874; baseline 0.001 -20"><span class='ocrx_word' id='word_1_360' title='bbox 337 2800 408 2866; x_wconf 82' lang='grc' dir='ltr'><strong>ς’.</strong></span> <span class='ocrx_word' id='word_1_361' title='bbox 444 2800 816 2874; x_wconf 82' lang='grc' dir='ltr'><strong>Ἐρώτησις.</strong></span> <span class='ocrx_word' id='word_1_362' title='bbox 884 2798 956 2853; x_wconf 81' lang='grc' dir='ltr'><strong><em>Εἰ</em></strong></span> <span class='ocrx_word' id='word_1_363' title='bbox 1022 2798 1126 2852; x_wconf 74' lang='grc' dir='ltr'><strong>ἐπὶ</strong></span> <span class='ocrx_word' id='word_1_364' title='bbox 1187 2797 1465 2872; x_wconf 76' lang='grc' dir='ltr'><strong>καρδίαν</strong></span> <span class='ocrx_word' id='word_1_365' title='bbox 1533 2801 1875 2874; x_wconf 87' lang='grc' dir='ltr'><strong>ἀνθρώπου</strong></span> 
     </span>
    </p>
   </div>
   <div class='ocr_carea' id='block_1_53' title="bbox 2004 2797 3635 2875">
    <p class='ocr_par' dir='ltr' id='par_1_53' title="bbox 2058 2797 3635 2875">
     <span class='ocr_line' id='line_1_53' title="bbox 2058 2797 3635 2875; baseline -0.004 -16"><span class='ocrx_word' id='word_1_366' title='bbox 2058 2806 2144 2859; x_wconf 83' lang='grc' dir='ltr'><strong><em>νι.</em></strong></span> <span class='ocrx_word' id='word_1_367' title='bbox 2175 2806 2597 2875; x_wconf 82' lang='lat' dir='ltr'><strong><em>Interrogatio.</em></strong></span> <span class='ocrx_word' id='word_1_368' title='bbox 2622 2804 2691 2859; x_wconf 90' lang='lat' dir='ltr'><strong><em>Si</em></strong></span> <span class='ocrx_word' id='word_1_369' title='bbox 2714 2803 2776 2857; x_wconf 89' lang='lat' dir='ltr'><strong><em>in</em></strong></span> <span class='ocrx_word' id='word_1_370' title='bbox 2804 2817 2906 2858; x_wconf 84' lang='lat' dir='ltr'><strong><em>cor</em></strong></span> <span class='ocrx_word' id='word_1_371' title='bbox 2933 2801 3185 2858; x_wconf 88' lang='lat' dir='ltr'><strong><em>hominis</em></strong></span> <span class='ocrx_word' id='word_1_372' title='bbox 3212 2815 3330 2854; x_wconf 89' lang='lat' dir='ltr'><strong><em>non</em></strong></span> <span class='ocrx_word' id='word_1_373' title='bbox 3362 2797 3635 2854; x_wconf 81' lang='lat' dir='ltr'><strong><em>ascende-</em></strong></span> 
     </span>
    </p>
   </div>
   <div class='ocr_carea' id='block_1_54' title="bbox 264 2887 1895 2965">
    <p class='ocr_par' dir='ltr' id='par_1_54' title="bbox 264 2887 1880 2963">
     <span class='ocr_line' id='line_1_54' title="bbox 264 2887 1880 2963; baseline 0.002 -19"><span class='ocrx_word' id='word_1_374' title='bbox 264 2891 381 2945; x_wconf 78' lang='grc' dir='ltr'><strong>οὐκ</strong></span> <span class='ocrx_word' id='word_1_375' title='bbox 421 2887 633 2953; x_wconf 79' lang='grc' dir='ltr'><strong>ἀνέϐη,</strong></span> <span class='ocrx_word' id='word_1_376' title='bbox 666 2890 847 2960; x_wconf 77' lang='grc' dir='ltr'><strong>ὑμεῖς</strong></span> <span class='ocrx_word' id='word_1_377' title='bbox 888 2887 1057 2941; x_wconf 81' lang='grc' dir='ltr'><strong>αὐτὰ</strong></span> <span class='ocrx_word' id='word_1_378' title='bbox 1094 2897 1223 2950; x_wconf 88' lang='grc' dir='ltr'><strong><em>πῶς</em></strong></span> <span class='ocrx_word' id='word_1_379' title='bbox 1261 2887 1523 2943; x_wconf 82' lang='grc' dir='ltr'><strong>οἴδατε·</strong></span> <span class='ocrx_word' id='word_1_380' title='bbox 1585 2892 1880 2963; x_wconf 89' lang='grc' dir='ltr'><strong>μάλιστα</strong></span> 
     </span>
    </p>
   </div>
   <div class='ocr_carea' id='block_1_55' title="bbox 2003 2887 3634 2965">
    <p class='ocr_par' dir='ltr' id='par_1_55' title="bbox 2003 2887 3634 2965">
     <span class='ocr_line' id='line_1_55' title="bbox 2003 2887 3634 2965; baseline -0.005 -16"><span class='ocrx_word' id='word_1_381' title='bbox 2003 2901 2151 2958; x_wconf 67' lang='lat' dir='ltr'><strong><em>&quot;unt,</em></strong></span> <span class='ocrx_word' id='word_1_382' title='bbox 2176 2910 2275 2950; x_wconf 90' lang='lat' dir='ltr'><strong><em>vos</em></strong></span> <span class='ocrx_word' id='word_1_383' title='bbox 2292 2910 2407 2965; x_wconf 89' lang='lat' dir='ltr'><strong><em>quo</em></strong></span> <span class='ocrx_word' id='word_1_384' title='bbox 2422 2898 2599 2963; x_wconf 83' lang='lat' dir='ltr'><strong><em>pacto</em></strong></span> <span class='ocrx_word' id='word_1_385' title='bbox 2612 2893 2722 2948; x_wconf 78' lang='lat' dir='ltr'><strong><em>illa</em></strong></span> <span class='ocrx_word' id='word_1_386' title='bbox 2736 2893 2950 2947; x_wconf 86' lang='lat' dir='ltr'><strong><em>nostis:</em></strong></span> <span class='ocrx_word' id='word_1_387' title='bbox 2974 2890 3076 2962; x_wconf 89' lang='lat' dir='ltr'><strong><em>qui</em></strong></span> <span class='ocrx_word' id='word_1_388' title='bbox 3090 2889 3345 2946; x_wconf 74' lang='lat' dir='ltr'><strong><em>maxime</em></strong></span> <span class='ocrx_word' id='word_1_389' title='bbox 3360 2887 3634 2955; x_wconf 84' lang='lat' dir='ltr'><strong><em>conﬁtea-</em></strong></span> 
     </span>
    </p>
   </div>
   <div class='ocr_carea' id='block_1_56' title="bbox 265 2976 1896 3053">
    <p class='ocr_par' dir='ltr' id='par_1_56' title="bbox 265 2978 1878 3053">
     <span class='ocr_line' id='line_1_56' title="bbox 265 2978 1878 3053; baseline -0.002 -19"><span class='ocrx_word' id='word_1_390' title='bbox 265 2979 788 3053; x_wconf 71' lang='grc' dir='ltr'><strong>ὁμολογήσαντες</strong></span> <span class='ocrx_word' id='word_1_391' title='bbox 816 2979 873 3028; x_wconf 80' lang='grc' dir='ltr'><strong><em>ἐν</em></strong></span> <span class='ocrx_word' id='word_1_392' title='bbox 901 2985 1044 3038; x_wconf 84' lang='grc' dir='ltr'><strong>ταῖς</strong></span> <span class='ocrx_word' id='word_1_393' title='bbox 1074 2978 1421 3051; x_wconf 86' lang='grc' dir='ltr'><strong>Πράξεσιν,</strong></span> <span class='ocrx_word' id='word_1_394' title='bbox 1458 2980 1878 3051; x_wconf 86' lang='grc' dir='ltr'><strong>ὁμοιοπαθεῖς</strong></span> 
     </span>
    </p>
   </div>
   <div class='ocr_carea' id='block_1_57' title="bbox 2003 2976 3634 3053">
    <p class='ocr_par' dir='ltr' id='par_1_57' title="bbox 2003 2976 3634 3039">
     <span class='ocr_line' id='line_1_57' title="bbox 2003 2976 3634 3039; baseline -0.006 0"><span class='ocrx_word' id='word_1_395' title='bbox 2003 2984 2136 3039; x_wconf 79' lang='lat' dir='ltr'><strong><em>nini</em></strong></span> <span class='ocrx_word' id='word_1_396' title='bbox 2163 2983 2224 3038; x_wconf 87' lang='lat' dir='ltr'><strong><em>in</em></strong></span> <span class='ocrx_word' id='word_1_397' title='bbox 2246 2983 2406 3037; x_wconf 84' lang='lat' dir='ltr'><strong><em>Actis</em></strong></span> <span class='ocrx_word' id='word_1_398' title='bbox 2424 3000 2442 3035; x_wconf 90' lang='lat'><strong><em>:</em></strong></span> <span class='ocrx_word' id='word_1_399' title='bbox 2467 3000 2494 3031; x_wconf 93' lang='grc'><strong><em>‹‹</em></strong></span> <span class='ocrx_word' id='word_1_400' title='bbox 2539 2983 2647 3037; x_wconf 88' lang='lat' dir='ltr'><strong><em>Vos</em></strong></span> <span class='ocrx_word' id='word_1_401' title='bbox 2671 2996 2793 3036; x_wconf 92' lang='lat' dir='ltr'><strong><em>esse</em></strong></span> <span class='ocrx_word' id='word_1_402' title='bbox 2806 2980 3066 3035; x_wconf 82' lang='lat' dir='ltr'><strong><em>homines</em></strong></span> <span class='ocrx_word' id='word_1_403' title='bbox 3093 2979 3292 3034; x_wconf 83' lang='lat' dir='ltr'><strong><em>iisdem</em></strong></span> <span class='ocrx_word' id='word_1_404' title='bbox 3313 2993 3444 3032; x_wconf 88' lang='lat' dir='ltr'><strong><em>cum</em></strong></span> <span class='ocrx_word' id='word_1_405' title='bbox 3469 2976 3634 3031; x_wconf 90' lang='lat' dir='ltr'><strong><em>nobis</em></strong></span> 
     </span>
    </p>
   </div>
   <div class='ocr_carea' id='block_1_58' title="bbox 265 3064 1896 3164">
    <p class='ocr_par' dir='ltr' id='par_1_58' title="bbox 265 3064 1056 3140">
     <span class='ocr_line' id='line_1_58' title="bbox 265 3064 1056 3140; baseline -0.006 -19"><span class='ocrx_word' id='word_1_406' title='bbox 265 3070 445 3140; x_wconf 76' lang='grc' dir='ltr'><strong>ὑμεῖς</strong></span> <span class='ocrx_word' id='word_1_407' title='bbox 483 3064 652 3119; x_wconf 87' lang='grc' dir='ltr'><strong>εἶναι</strong></span> <span class='ocrx_word' id='word_1_408' title='bbox 690 3066 1056 3138; x_wconf 80' lang='grc' dir='ltr'><strong>ἅνθρωποι;</strong></span> 
     </span>
    </p>
   </div>
   <div class='ocr_carea' id='block_1_59' title="bbox 1268 3064 2899 3164">
    <p class='ocr_par' dir='ltr' id='par_1_59' title="bbox 1907 3070 2899 3164">
     <span class='ocr_line' id='line_1_59' title="bbox 1907 3070 2899 3164; baseline -0.008 -34"><span class='ocrx_word' id='word_1_409' title='bbox 1907 3110 1947 3164; x_wconf 77' lang='lat' dir='ltr'>C</span> <span class='ocrx_word' id='word_1_410' title='bbox 1988 3071 2393 3142; x_wconf 68' lang='lat' dir='ltr'><strong><em>a/feetionibus</em></strong></span> <span class='ocrx_word' id='word_1_411' title='bbox 2424 3071 2718 3139; x_wconf 82' lang='lat' dir='ltr'><strong><em>subiectos</em></strong></span> <span class='ocrx_word' id='word_1_412' title='bbox 2739 3071 2787 3105; x_wconf 78' lang='grc'>⁴³</span> <span class='ocrx_word' id='word_1_413' title='bbox 2812 3070 2838 3123; x_wconf 85' lang='lat'><strong><em>?</em></strong></span> <span class='ocrx_word' id='word_1_414' title='bbox 2873 3090 2899 3117; x_wconf 71' lang='grc' dir='ltr'><strong><em>ν</em></strong></span> 
     </span>
    </p>
   </div>
   <div class='ocr_carea' id='block_1_60' title="bbox 335 3188 1966 3268">
    <p class='ocr_par' dir='ltr' id='par_1_60' title="bbox 335 3188 1879 3262">
     <span class='ocr_line' id='line_1_60' title="bbox 335 3188 1879 3262; baseline 0.003 -19"><span class='ocrx_word' id='word_1_415' title='bbox 335 3190 739 3262; x_wconf 75' lang='grc' dir='ltr'><strong>Ἀπόκρισις.</strong></span> <span class='ocrx_word' id='word_1_416' title='bbox 779 3188 917 3240; x_wconf 87' lang='grc' dir='ltr'><strong>Ἀλλ’</strong></span> <span class='ocrx_word' id='word_1_417' title='bbox 977 3190 1205 3253; x_wconf 83' lang='grc' dir='ltr'><strong>ἀκούετε,</strong></span> <span class='ocrx_word' id='word_1_418' title='bbox 1238 3194 1290 3241; x_wconf 83' lang='grc' dir='ltr'><strong><em>τί</em></strong></span> <span class='ocrx_word' id='word_1_419' title='bbox 1344 3194 1476 3262; x_wconf 91' lang='grc' dir='ltr'><strong>πρὸς</strong></span> <span class='ocrx_word' id='word_1_420' title='bbox 1529 3200 1696 3245; x_wconf 90' lang='grc' dir='ltr'><strong>ταῦτα</strong></span> <span class='ocrx_word' id='word_1_421' title='bbox 1754 3193 1879 3248; x_wconf 84' lang='grc' dir='ltr'><strong>ἀπο-</strong></span> 
     </span>
    </p>
   </div>
   <div class='ocr_carea' id='block_1_61' title="bbox 2005 3188 3636 3268">
    <p class='ocr_par' dir='ltr' id='par_1_61' title="bbox 2066 3190 3636 3268">
     <span class='ocr_line' id='line_1_61' title="bbox 2066 3190 3636 3268; baseline -0.009 -11"><span class='ocrx_word' id='word_1_422' title='bbox 2066 3200 2108 3267; x_wconf 87' lang='lat' dir='ltr'>l</span> <span class='ocrx_word' id='word_1_423' title='bbox 2123 3198 2238 3268; x_wconf 79' lang='lat'><strong>29</strong></span> <span class='ocrx_word' id='word_1_424' title='bbox 2256 3196 2592 3266; x_wconf 80' lang='lat' dir='ltr'><strong><em>Responsio.</em></strong></span> <span class='ocrx_word' id='word_1_425' title='bbox 2617 3194 2730 3250; x_wconf 89' lang='lat' dir='ltr'><strong><em>Sed</em></strong></span> <span class='ocrx_word' id='word_1_426' title='bbox 2758 3194 2978 3257; x_wconf 88' lang='lat' dir='ltr'><strong><em>audite,</em></strong></span> <span class='ocrx_word' id='word_1_427' title='bbox 2994 3193 3137 3264; x_wconf 91' lang='lat' dir='ltr'><strong><em>quid</em></strong></span> <span class='ocrx_word' id='word_1_428' title='bbox 3156 3190 3233 3247; x_wconf 90' lang='lat' dir='ltr'><strong><em>ad</em></strong></span> <span class='ocrx_word' id='word_1_429' title='bbox 3248 3191 3374 3245; x_wconf 66' lang='lat' dir='ltr'><strong><em>haec</em></strong></span> <span class='ocrx_word' id='word_1_430' title='bbox 3390 3204 3636 3259; x_wconf 91' lang='lat' dir='ltr'><strong><em>respon-</em></strong></span> 
     </span>
    </p>
   </div>
   <div class='ocr_carea' id='block_1_62' title="bbox 268 3275 1899 3354">
    <p class='ocr_par' dir='ltr' id='par_1_62' title="bbox 268 3275 1875 3354">
     <span class='ocr_line' id='line_1_62' title="bbox 268 3275 1875 3354; baseline 0.003 -22"><span class='ocrx_word' id='word_1_431' title='bbox 268 3284 501 3352; x_wconf 83' lang='grc' dir='ltr'><strong>κρίνεται</strong></span> <span class='ocrx_word' id='word_1_432' title='bbox 528 3278 726 3337; x_wconf 84' lang='grc' dir='ltr'><strong>Παῦλος</strong></span> <span class='ocrx_word' id='word_1_433' title='bbox 751 3298 762 3310; x_wconf 83' lang='lat'><strong><em>&#39;</em></strong></span> <span class='ocrx_word' id='word_1_434' title='bbox 795 3276 974 3349; x_wconf 84' lang='grc' dir='ltr'><strong>Ἡμῖν</strong></span> <span class='ocrx_word' id='word_1_435' title='bbox 1017 3275 1105 3339; x_wconf 70' lang='grc' dir='ltr'><strong><em>δὲ,</em></strong></span> <span class='ocrx_word' id='word_1_436' title='bbox 1167 3283 1347 3349; x_wconf 82' lang='grc' dir='ltr'><strong>φησὶν,</strong></span> <span class='ocrx_word' id='word_1_437' title='bbox 1411 3280 1818 3354; x_wconf 74' lang='grc' dir='ltr'><strong>ἀπεκαλυψεν</strong></span> <span class='ocrx_word' id='word_1_438' title='bbox 1850 3287 1875 3337; x_wconf 92' lang='lat'><strong><em>6</em></strong></span> 
     </span>
    </p>
   </div>
   <div class='ocr_carea' id='block_1_63' title="bbox 2004 3275 3635 3354">
    <p class='ocr_par' dir='ltr' id='par_1_63' title="bbox 2004 3280 3635 3349">
     <span class='ocr_line' id='line_1_63' title="bbox 2004 3280 3635 3349; baseline -0.004 -9"><span class='ocrx_word' id='word_1_439' title='bbox 2004 3286 2121 3341; x_wconf 85' lang='lat' dir='ltr'><strong><em>ieat</em></strong></span> <span class='ocrx_word' id='word_1_440' title='bbox 2153 3285 2405 3341; x_wconf 88' lang='lat' dir='ltr'><strong><em>Paulus:</em></strong></span> <span class='ocrx_word' id='word_1_441' title='bbox 2436 3284 2617 3341; x_wconf 89' lang='lat' dir='ltr'><strong><em>Nobis</em></strong></span> <span class='ocrx_word' id='word_1_442' title='bbox 2638 3290 2832 3339; x_wconf 86' lang='lat' dir='ltr'><strong><em>autem</em></strong></span> <span class='ocrx_word' id='word_1_443' title='bbox 2848 3282 3129 3338; x_wconf 79' lang='lat' dir='ltr'><strong><em>revetavit</em></strong></span> <span class='ocrx_word' id='word_1_444' title='bbox 3151 3283 3304 3337; x_wconf 89' lang='lat' dir='ltr'><strong><em>Deus</em></strong></span> <span class='ocrx_word' id='word_1_445' title='bbox 3312 3295 3423 3349; x_wconf 83' lang='lat' dir='ltr'><strong><em>per</em></strong></span> <span class='ocrx_word' id='word_1_446' title='bbox 3448 3280 3635 3347; x_wconf 82' lang='lat' dir='ltr'><strong><em>Spiri-</em></strong></span> 
     </span>
    </p>
   </div>
   <div class='ocr_carea' id='block_1_64' title="bbox 269 3364 1900 3449">
    <p class='ocr_par' dir='ltr' id='par_1_64' title="bbox 269 3364 1873 3449">
     <span class='ocr_line' id='line_1_64' title="bbox 269 3364 1873 3449; baseline 0.002 -27"><span class='ocrx_word' id='word_1_447' title='bbox 269 3370 419 3427; x_wconf 84' lang='grc' dir='ltr'><strong>Θεὸς</strong></span> <span class='ocrx_word' id='word_1_448' title='bbox 487 3364 600 3418; x_wconf 84' lang='grc' dir='ltr'><strong><em>διὰ</em></strong></span> <span class='ocrx_word' id='word_1_449' title='bbox 666 3373 776 3418; x_wconf 86' lang='grc' dir='ltr'><strong><em>τοῦ</em></strong></span> <span class='ocrx_word' id='word_1_450' title='bbox 872 3369 1247 3438; x_wconf 87' lang='grc' dir='ltr'><strong>Πνεύματος</strong></span> <span class='ocrx_word' id='word_1_451' title='bbox 1332 3370 1556 3422; x_wconf 78' lang='grc' dir='ltr'><strong>αὑτοῦ·</strong></span> <span class='ocrx_word' id='word_1_452' title='bbox 1630 3375 1698 3423; x_wconf 93' lang='lat'><strong><em>1&#39;6</em></strong></span> <span class='ocrx_word' id='word_1_453' title='bbox 1754 3377 1873 3449; x_wconf 81' lang='grc' dir='ltr'><strong><em>γὰρ</em></strong></span> 
     </span>
    </p>
   </div>
   <div class='ocr_carea' id='block_1_65' title="bbox 2003 3364 3634 3449">
    <p class='ocr_par' dir='ltr' id='par_1_65' title="bbox 2003 3370 3634 3442">
     <span class='ocr_line' id='line_1_65' title="bbox 2003 3370 3634 3442; baseline -0.005 -12"><span class='ocrx_word' id='word_1_454' title='bbox 2003 3381 2106 3430; x_wconf 64' lang='lat' dir='ltr'><strong><em>Tum</em></strong></span> <span class='ocrx_word' id='word_1_455' title='bbox 2121 3391 2290 3430; x_wconf 88' lang='lat' dir='ltr'><strong><em>suum</em></strong></span> <span class='ocrx_word' id='word_1_456' title='bbox 2302 3373 2509 3442; x_wconf 83' lang='lat' dir='ltr'><strong><em>.Spiril</em></strong></span> <span class='ocrx_word' id='word_1_457' title='bbox 2518 3389 2583 3428; x_wconf 87' lang='lat' dir='ltr'><strong><em>us</em></strong></span> <span class='ocrx_word' id='word_1_458' title='bbox 2597 3374 2749 3429; x_wconf 85' lang='lat' dir='ltr'><strong><em>enim</em></strong></span> <span class='ocrx_word' id='word_1_459' title='bbox 2765 3374 2963 3428; x_wconf 85' lang='lat' dir='ltr'><strong><em>omnia</em></strong></span> <span class='ocrx_word' id='word_1_460' title='bbox 2977 3370 3487 3435; x_wconf 86' lang='lat' dir='ltr'><strong><em>scrutatur,etiam</em></strong></span> <span class='ocrx_word' id='word_1_461' title='bbox 3502 3383 3634 3435; x_wconf 80' lang='lat' dir='ltr'><strong><em>pro-</em></strong></span> 
     </span>
    </p>
   </div>
   <div class='ocr_carea' id='block_1_66' title="bbox 267 3454 1898 3534">
    <p class='ocr_par' dir='ltr' id='par_1_66' title="bbox 267 3454 1869 3534">
     <span class='ocr_line' id='line_1_66' title="bbox 267 3454 1869 3534; baseline 0.007 -27"><span class='ocrx_word' id='word_1_462' title='bbox 267 3464 550 3534; x_wconf 74' lang='grc' dir='ltr'><strong>Πνεῦμα,</strong></span> <span class='ocrx_word' id='word_1_463' title='bbox 591 3457 798 3508; x_wconf 87' lang='grc' dir='ltr'><strong>πάντα</strong></span> <span class='ocrx_word' id='word_1_464' title='bbox 828 3454 1053 3529; x_wconf 78' lang='grc' dir='ltr'><strong>ἐρευνᾷ</strong></span> <span class='ocrx_word' id='word_1_465' title='bbox 1085 3461 1193 3509; x_wconf 83' lang='grc' dir='ltr'><strong><em>καὶ</em></strong></span> <span class='ocrx_word' id='word_1_466' title='bbox 1224 3459 1297 3509; x_wconf 88' lang='grc' dir='ltr'><strong>τὰ</strong></span> <span class='ocrx_word' id='word_1_467' title='bbox 1337 3457 1507 3531; x_wconf 82' lang='grc' dir='ltr'><strong><em>βάθη</em></strong></span> <span class='ocrx_word' id='word_1_468' title='bbox 1549 3469 1658 3512; x_wconf 90' lang='grc' dir='ltr'><strong><em>τοῦ</em></strong></span> <span class='ocrx_word' id='word_1_469' title='bbox 1690 3471 1869 3519; x_wconf 87' lang='grc' dir='ltr'><strong>Θεοῦ.</strong></span> 
     </span>
    </p>
   </div>
   <div class='ocr_carea' id='block_1_67' title="bbox 2003 3454 3634 3534">
    <p class='ocr_par' dir='ltr' id='par_1_67' title="bbox 2003 3458 3634 3531">
     <span class='ocr_line' id='line_1_67' title="bbox 2003 3458 3634 3531; baseline -0.006 -12"><span class='ocrx_word' id='word_1_470' title='bbox 2003 3464 2308 3519; x_wconf 77' lang='grc' dir='ltr'><strong>ἀηιίὶιαῑεε</strong></span> <span class='ocrx_word' id='word_1_471' title='bbox 2340 3463 2447 3518; x_wconf 88' lang='lat' dir='ltr'><strong><em>Dei</em></strong></span> <span class='ocrx_word' id='word_1_472' title='bbox 2460 3465 2525 3516; x_wconf 74' lang='lat'><strong><em>“.</em></strong></span> <span class='ocrx_word' id='word_1_473' title='bbox 2553 3463 2769 3517; x_wconf 90' lang='lat' dir='ltr'><strong><em>Verum</em></strong></span> <span class='ocrx_word' id='word_1_474' title='bbox 2802 3478 2874 3515; x_wconf 91' lang='lat' dir='ltr'><strong><em>ne</em></strong></span> <span class='ocrx_word' id='word_1_475' title='bbox 2896 3461 3030 3531; x_wconf 88' lang='lat' dir='ltr'><strong><em>quis</em></strong></span> <span class='ocrx_word' id='word_1_476' title='bbox 3052 3460 3232 3524; x_wconf 85' lang='lat' dir='ltr'><strong><em>dicat,</em></strong></span> <span class='ocrx_word' id='word_1_477' title='bbox 3261 3458 3405 3529; x_wconf 88' lang='lat' dir='ltr'><strong><em>ipsis</em></strong></span> <span class='ocrx_word' id='word_1_478' title='bbox 3428 3458 3634 3512; x_wconf 87' lang='lat' dir='ltr'><strong><em>datum</em></strong></span> 
     </span>
    </p>
   </div>
   <div class='ocr_carea' id='block_1_68' title="bbox 264 3529 1895 3625">
    <p class='ocr_par' dir='ltr' id='par_1_68' title="bbox 264 3529 1873 3625">
     <span class='ocr_line' id='line_1_68' title="bbox 264 3529 1873 3625; baseline 0.006 -28"><span class='ocrx_word' id='word_1_479' title='bbox 264 3529 408 3603; x_wconf 77' lang='grc' dir='ltr'><strong>Ἀλλ’</strong></span> <span class='ocrx_word' id='word_1_480' title='bbox 439 3547 519 3597; x_wconf 84' lang='grc' dir='ltr'><strong>ἵνα</strong></span> <span class='ocrx_word' id='word_1_481' title='bbox 546 3549 615 3617; x_wconf 81' lang='grc' dir='ltr'><strong>μὴ</strong></span> <span class='ocrx_word' id='word_1_482' title='bbox 641 3564 721 3606; x_wconf 90' lang='grc' dir='ltr'><strong><em>τις</em></strong></span> <span class='ocrx_word' id='word_1_483' title='bbox 752 3548 867 3619; x_wconf 78' lang='grc' dir='ltr'><strong>εἴπῃ</strong></span> <span class='ocrx_word' id='word_1_484' title='bbox 898 3546 979 3597; x_wconf 87' lang='grc' dir='ltr'><strong>ὅτι</strong></span> <span class='ocrx_word' id='word_1_485' title='bbox 1018 3546 1195 3608; x_wconf 79' lang='grc' dir='ltr'><strong>αὐτοῖς</strong></span> <span class='ocrx_word' id='word_1_486' title='bbox 1244 3529 1401 3607; x_wconf 83' lang='grc' dir='ltr'><strong>ἐδόθη</strong></span> <span class='ocrx_word' id='word_1_487' title='bbox 1435 3552 1492 3600; x_wconf 79' lang='grc' dir='ltr'><strong><em>τὸ</em></strong></span> <span class='ocrx_word' id='word_1_488' title='bbox 1547 3557 1754 3625; x_wconf 87' lang='grc' dir='ltr'><strong>Πνεῦμα</strong></span> <span class='ocrx_word' id='word_1_489' title='bbox 1808 3557 1873 3615; x_wconf 83' lang='grc' dir='ltr'><strong>ὡς</strong></span> 
     </span>
    </p>
   </div>
   <div class='ocr_carea' id='block_1_69' title="bbox 2005 3529 3636 3625">
    <p class='ocr_par' dir='ltr' id='par_1_69' title="bbox 2005 3548 3636 3624">
     <span class='ocr_line' id='line_1_69' title="bbox 2005 3548 3636 3624; baseline -0.004 -17"><span class='ocrx_word' id='word_1_490' title='bbox 2005 3569 2109 3608; x_wconf 78' lang='lat' dir='ltr'><strong><em>:sse</em></strong></span> <span class='ocrx_word' id='word_1_491' title='bbox 2143 3552 2427 3624; x_wconf 88' lang='lat' dir='ltr'><strong><em>Spiritum</em></strong></span> <span class='ocrx_word' id='word_1_492' title='bbox 2462 3559 2749 3623; x_wconf 88' lang='lat' dir='ltr'><strong><em>tanquam</em></strong></span> <span class='ocrx_word' id='word_1_493' title='bbox 2777 3549 3089 3622; x_wconf 80' lang='lat' dir='ltr'><strong><em>apostolis,</em></strong></span> <span class='ocrx_word' id='word_1_494' title='bbox 3120 3567 3154 3604; x_wconf 94' lang='lat' dir='ltr'><strong><em>a</em></strong></span> <span class='ocrx_word' id='word_1_495' title='bbox 3186 3548 3361 3604; x_wconf 91' lang='lat' dir='ltr'><strong><em>nobis</em></strong></span> <span class='ocrx_word' id='word_1_496' title='bbox 3387 3563 3526 3602; x_wconf 90' lang='lat' dir='ltr'><strong><em>vero</em></strong></span> <span class='ocrx_word' id='word_1_497' title='bbox 3550 3562 3636 3601; x_wconf 91' lang='lat' dir='ltr'><strong><em>se-</em></strong></span> 
     </span>
    </p>
   </div>
   <div class='ocr_carea' id='block_1_70' title="bbox 264 3632 1895 3715">
    <p class='ocr_par' dir='ltr' id='par_1_70' title="bbox 264 3632 1870 3715">
     <span class='ocr_line' id='line_1_70' title="bbox 264 3632 1870 3715; baseline 0.004 -27"><span class='ocrx_word' id='word_1_498' title='bbox 264 3635 593 3699; x_wconf 86' lang='grc' dir='ltr'><strong>ἀποστόλοις,</strong></span> <span class='ocrx_word' id='word_1_499' title='bbox 618 3636 741 3705; x_wconf 83' lang='grc' dir='ltr'><strong>ἡμῖν</strong></span> <span class='ocrx_word' id='word_1_500' title='bbox 760 3632 818 3687; x_wconf 74' lang='grc' dir='ltr'><strong><em>δὲ</em></strong></span> <span class='ocrx_word' id='word_1_501' title='bbox 831 3636 1130 3707; x_wconf 84' lang='grc' dir='ltr'><strong>κατὰφύσιν</strong></span> <span class='ocrx_word' id='word_1_502' title='bbox 1151 3635 1335 3711; x_wconf 84' lang='grc' dir='ltr'><strong>ἀχώρη</strong></span> <span class='ocrx_word' id='word_1_503' title='bbox 1345 3656 1428 3689; x_wconf 90' lang='grc' dir='ltr'><strong><em>τον</em></strong></span> <span class='ocrx_word' id='word_1_504' title='bbox 1446 3646 1619 3705; x_wconf 84' lang='grc' dir='ltr'><strong>τοῦτο,</strong></span> <span class='ocrx_word' id='word_1_505' title='bbox 1637 3640 1870 3715; x_wconf 83' lang='grc' dir='ltr'><strong>ἀλλαχοῦ</strong></span> 
     </span>
    </p>
   </div>
   <div class='ocr_carea' id='block_1_71' title="bbox 2006 3632 3637 3715">
    <p class='ocr_par' dir='ltr' id='par_1_71' title="bbox 2006 3634 3637 3712">
     <span class='ocr_line' id='line_1_71' title="bbox 2006 3634 3637 3712; baseline -0.004 -17"><span class='ocrx_word' id='word_1_506' title='bbox 2006 3641 2247 3697; x_wconf 76' lang='lat' dir='ltr'><strong><em>:undum</em></strong></span> <span class='ocrx_word' id='word_1_507' title='bbox 2269 3647 2543 3696; x_wconf 88' lang='lat' dir='ltr'><strong><em>naturam</em></strong></span> <span class='ocrx_word' id='word_1_508' title='bbox 2569 3638 2994 3712; x_wconf 82' lang='lat' dir='ltr'><strong><em>comprehendi</em></strong></span> <span class='ocrx_word' id='word_1_509' title='bbox 3022 3638 3136 3693; x_wconf 88' lang='lat' dir='ltr'><strong><em>hoc</em></strong></span> <span class='ocrx_word' id='word_1_510' title='bbox 3160 3653 3277 3692; x_wconf 88' lang='lat' dir='ltr'><strong><em>non</em></strong></span> <span class='ocrx_word' id='word_1_511' title='bbox 3306 3652 3503 3707; x_wconf 91' lang='lat' dir='ltr'><strong><em>posse,</em></strong></span> <span class='ocrx_word' id='word_1_512' title='bbox 3537 3634 3637 3690; x_wconf 91' lang='lat' dir='ltr'><strong><em>ali-</em></strong></span> 
     </span>
    </p>
   </div>
   <div class='ocr_carea' id='block_1_72' title="bbox 259 3720 1890 3801">
    <p class='ocr_par' dir='ltr' id='par_1_72' title="bbox 259 3720 1871 3798">
     <span class='ocr_line' id='line_1_72' title="bbox 259 3720 1871 3798; baseline 0.004 -19"><span class='ocrx_word' id='word_1_513' title='bbox 259 3729 605 3798; x_wconf 81' lang='grc' dir='ltr'><strong>ἑπευχόμενος</strong></span> <span class='ocrx_word' id='word_1_514' title='bbox 633 3724 787 3794; x_wconf 82' lang='grc' dir='ltr'><strong>λέγει,</strong></span> <span class='ocrx_word' id='word_1_515' title='bbox 815 3730 947 3777; x_wconf 82' lang='grc' dir='ltr'><strong>Ἵνα</strong></span> <span class='ocrx_word' id='word_1_516' title='bbox 987 3720 1117 3795; x_wconf 84' lang='grc' dir='ltr'><strong>δῴη</strong></span> <span class='ocrx_word' id='word_1_517' title='bbox 1181 3728 1331 3797; x_wconf 85' lang='grc' dir='ltr'><strong>ύμῖν</strong></span> <span class='ocrx_word' id='word_1_518' title='bbox 1395 3728 1419 3778; x_wconf 88' lang='grc' dir='ltr'><strong><em>ὸ</em></strong></span> <span class='ocrx_word' id='word_1_519' title='bbox 1489 3733 1647 3791; x_wconf 87' lang='grc' dir='ltr'><strong>Θεὸς</strong></span> <span class='ocrx_word' id='word_1_520' title='bbox 1708 3736 1871 3785; x_wconf 85' lang='grc' dir='ltr'><strong>κατὰ</strong></span> 
     </span>
    </p>
   </div>
   <div class='ocr_carea' id='block_1_73' title="bbox 2004 3720 3635 3801">
    <p class='ocr_par' dir='ltr' id='par_1_73' title="bbox 2004 3724 3635 3801">
     <span class='ocr_line' id='line_1_73' title="bbox 2004 3724 3635 3801; baseline -0.004 -18"><span class='ocrx_word' id='word_1_521' title='bbox 2004 3730 2116 3786; x_wconf 83' lang='lat' dir='ltr'><strong><em>:ubi</em></strong></span> <span class='ocrx_word' id='word_1_522' title='bbox 2138 3731 2470 3801; x_wconf 88' lang='lat' dir='ltr'><strong><em>deprecans</em></strong></span> <span class='ocrx_word' id='word_1_523' title='bbox 2490 3732 2598 3784; x_wconf 90' lang='lat' dir='ltr'><strong><em>ait:</em></strong></span> <span class='ocrx_word' id='word_1_524' title='bbox 2627 3730 2695 3786; x_wconf 87' lang='lat' dir='ltr'><strong><em>Ut</em></strong></span> <span class='ocrx_word' id='word_1_525' title='bbox 2719 3730 2813 3785; x_wconf 90' lang='lat' dir='ltr'><strong><em>det</em></strong></span> <span class='ocrx_word' id='word_1_526' title='bbox 2839 3729 2998 3785; x_wconf 83' lang='lat' dir='ltr'><strong><em>vobis</em></strong></span> <span class='ocrx_word' id='word_1_527' title='bbox 3020 3730 3173 3783; x_wconf 89' lang='lat' dir='ltr'><strong><em>Deus</em></strong></span> <span class='ocrx_word' id='word_1_528' title='bbox 3182 3729 3370 3796; x_wconf 69' lang='lat' dir='ltr'><strong><em>juxta</em></strong></span> <span class='ocrx_word' id='word_1_529' title='bbox 3397 3724 3635 3779; x_wconf 83' lang='lat' dir='ltr'><strong><em>divitias</em></strong></span> 
     </span>
    </p>
   </div>
   <div class='ocr_carea' id='block_1_74' title="bbox 260 3810 1891 3897">
    <p class='ocr_par' dir='ltr' id='par_1_74' title="bbox 260 3810 1869 3897">
     <span class='ocr_line' id='line_1_74' title="bbox 260 3810 1869 3897; baseline 0.004 -29"><span class='ocrx_word' id='word_1_530' title='bbox 260 3819 365 3869; x_wconf 90' lang='grc' dir='ltr'><strong><em>τὸν</em></strong></span> <span class='ocrx_word' id='word_1_531' title='bbox 404 3814 679 3867; x_wconf 87' lang='grc' dir='ltr'><strong>πλοῦτον</strong></span> <span class='ocrx_word' id='word_1_532' title='bbox 730 3822 838 3874; x_wconf 85' lang='grc' dir='ltr'><strong>τῆς</strong></span> <span class='ocrx_word' id='word_1_533' title='bbox 892 3810 1094 3876; x_wconf 86' lang='grc' dir='ltr'><strong>δόξης</strong></span> <span class='ocrx_word' id='word_1_534' title='bbox 1132 3817 1337 3867; x_wconf 72' lang='grc' dir='ltr'><strong>αὑτοῦ</strong></span> <span class='ocrx_word' id='word_1_535' title='bbox 1388 3813 1671 3890; x_wconf 86' lang='grc' dir='ltr'><strong>δύναμιν</strong></span> <span class='ocrx_word' id='word_1_536' title='bbox 1729 3842 1869 3897; x_wconf 88' lang='grc' dir='ltr'><strong>κρα-</strong></span> 
     </span>
    </p>
   </div>
   <div class='ocr_carea' id='block_1_75' title="bbox 2004 3810 3635 3897">
    <p class='ocr_par' dir='ltr' id='par_1_75' title="bbox 2004 3814 3635 3889">
     <span class='ocr_line' id='line_1_75' title="bbox 2004 3814 3635 3889; baseline -0.006 -14"><span class='ocrx_word' id='word_1_537' title='bbox 2004 3820 2182 3875; x_wconf 67' lang='lat' dir='ltr'><strong><em>rloriae</em></strong></span> <span class='ocrx_word' id='word_1_538' title='bbox 2205 3835 2350 3884; x_wconf 58' lang='lat' dir='ltr'><strong><em>sua,</em></strong></span> <span class='ocrx_word' id='word_1_539' title='bbox 2384 3827 2446 3875; x_wconf 89' lang='lat' dir='ltr'><strong><em>ut</em></strong></span> <span class='ocrx_word' id='word_1_540' title='bbox 2467 3820 2831 3889; x_wconf 74' lang='lat' dir='ltr'><strong><em>fortitudine</em></strong></span> <span class='ocrx_word' id='word_1_541' title='bbox 2876 3815 3342 3872; x_wconf 86' lang='lat' dir='ltr'><strong><em>corroboremini</em></strong></span> <span class='ocrx_word' id='word_1_542' title='bbox 3370 3816 3432 3868; x_wconf 88' lang='lat' dir='ltr'><strong><em>in</em></strong></span> <span class='ocrx_word' id='word_1_543' title='bbox 3458 3814 3635 3868; x_wconf 87' lang='lat' dir='ltr'><strong><em>inter-</em></strong></span> 
     </span>
    </p>
   </div>
   <div class='ocr_carea' id='block_1_76' title="bbox 259 3899 1890 3975">
    <p class='ocr_par' dir='ltr' id='par_1_76' title="bbox 259 3899 1869 3975">
     <span class='ocr_line' id='line_1_76' title="bbox 259 3899 1869 3975; baseline 0.004 -18"><span class='ocrx_word' id='word_1_544' title='bbox 259 3905 616 3961; x_wconf 85' lang='grc' dir='ltr'><strong>ταιωθῆναι</strong></span> <span class='ocrx_word' id='word_1_545' title='bbox 656 3899 768 3954; x_wconf 80' lang='grc' dir='ltr'><strong>διὰ</strong></span> <span class='ocrx_word' id='word_1_546' title='bbox 828 3910 941 3954; x_wconf 90' lang='grc' dir='ltr'><strong><em>τοῦ</em></strong></span> <span class='ocrx_word' id='word_1_547' title='bbox 985 3906 1372 3975; x_wconf 89' lang='grc' dir='ltr'><strong>Πνεύματος</strong></span> <span class='ocrx_word' id='word_1_548' title='bbox 1411 3907 1608 3959; x_wconf 75' lang='grc' dir='ltr'><strong>αὐτοῦ</strong></span> <span class='ocrx_word' id='word_1_549' title='bbox 1649 3909 1741 3971; x_wconf 86' lang='grc' dir='ltr'><strong><em>εἰς</em></strong></span> <span class='ocrx_word' id='word_1_550' title='bbox 1767 3915 1869 3963; x_wconf 94' lang='grc' dir='ltr'><strong><em>τὸν</em></strong></span> 
     </span>
    </p>
   </div>
   <div class='ocr_carea' id='block_1_77' title="bbox 2003 3899 3634 3975">
    <p class='ocr_par' dir='ltr' id='par_1_77' title="bbox 2003 3902 3634 3973">
     <span class='ocr_line' id='line_1_77' title="bbox 2003 3902 3634 3973; baseline -0.004 -10"><span class='ocrx_word' id='word_1_551' title='bbox 2003 3926 2121 3964; x_wconf 70' lang='lat' dir='ltr'><strong><em>tum</em></strong></span> <span class='ocrx_word' id='word_1_552' title='bbox 2154 3910 2467 3973; x_wconf 83' lang='lat' dir='ltr'><strong><em>hominem,</em></strong></span> <span class='ocrx_word' id='word_1_553' title='bbox 2502 3913 2564 3962; x_wconf 87' lang='lat' dir='ltr'><strong><em>ut</em></strong></span> <span class='ocrx_word' id='word_1_554' title='bbox 2588 3909 2650 3963; x_wconf 86' lang='lat' dir='ltr'><strong><em>in</em></strong></span> <span class='ocrx_word' id='word_1_555' title='bbox 2685 3908 2907 3963; x_wconf 87' lang='lat' dir='ltr'><strong><em>habitet</em></strong></span> <span class='ocrx_word' id='word_1_556' title='bbox 2935 3906 3209 3962; x_wconf 86' lang='lat' dir='ltr'><strong><em>Christus</em></strong></span> <span class='ocrx_word' id='word_1_557' title='bbox 3236 3920 3343 3972; x_wconf 77' lang='lat' dir='ltr'><strong><em>per</em></strong></span> <span class='ocrx_word' id='word_1_558' title='bbox 3366 3904 3540 3970; x_wconf 84' lang='lat' dir='ltr'><strong><em>ﬁdem</em></strong></span> <span class='ocrx_word' id='word_1_559' title='bbox 3572 3902 3634 3956; x_wconf 84' lang='lat' dir='ltr'><strong><em>in</em></strong></span> 
     </span>
    </p>
   </div>
   <div class='ocr_carea' id='block_1_78' title="bbox 262 3990 1893 4067">
    <p class='ocr_par' dir='ltr' id='par_1_78' title="bbox 262 3994 1869 4067">
     <span class='ocr_line' id='line_1_78' title="bbox 262 3994 1869 4067; baseline 0.004 -22"><span class='ocrx_word' id='word_1_560' title='bbox 262 3995 381 4045; x_wconf 79' lang='grc' dir='ltr'><strong><em>ἔσω</em></strong></span> <span class='ocrx_word' id='word_1_561' title='bbox 448 3994 800 4062; x_wconf 81' lang='grc' dir='ltr'><strong>ἄνθρωπον,</strong></span> <span class='ocrx_word' id='word_1_562' title='bbox 868 4001 1283 4051; x_wconf 84' lang='grc' dir='ltr'><strong>κατοικῆσαι</strong></span> <span class='ocrx_word' id='word_1_563' title='bbox 1322 3998 1430 4046; x_wconf 91' lang='grc' dir='ltr'><strong><em>τὸν</em></strong></span> <span class='ocrx_word' id='word_1_564' title='bbox 1469 4002 1759 4067; x_wconf 83' lang='grc' dir='ltr'><strong>Χριστὸν</strong></span> <span class='ocrx_word' id='word_1_565' title='bbox 1811 4001 1869 4051; x_wconf 85' lang='grc' dir='ltr'><strong>ἐν</strong></span> 
     </span>
    </p>
   </div>
   <div class='ocr_carea' id='block_1_79' title="bbox 2006 3990 3637 4067">
    <p class='ocr_par' dir='ltr' id='par_1_79' title="bbox 2006 3990 3637 4058">
     <span class='ocr_line' id='line_1_79' title="bbox 2006 3990 3637 4058; baseline -0.006 -6"><span class='ocrx_word' id='word_1_566' title='bbox 2006 3998 2256 4052; x_wconf 74' lang='lat' dir='ltr'><strong><em>&#39;ordibus</em></strong></span> <span class='ocrx_word' id='word_1_567' title='bbox 2278 3998 2485 4053; x_wconf 71' lang='lat' dir='ltr'><strong><em>vestris</em></strong></span> <span class='ocrx_word' id='word_1_568' title='bbox 2498 3998 2565 4050; x_wconf 71' lang='lat'><strong><em>‘5.</em></strong></span> <span class='ocrx_word' id='word_1_569' title='bbox 2600 3999 2661 4051; x_wconf 85' lang='lat' dir='ltr'><strong><em>Et</em></strong></span> <span class='ocrx_word' id='word_1_570' title='bbox 2683 4010 2953 4050; x_wconf 85' lang='lat' dir='ltr'><strong><em>rursum:</em></strong></span> <span class='ocrx_word' id='word_1_571' title='bbox 2984 3994 3264 4049; x_wconf 87' lang='lat' dir='ltr'><strong><em>Dominus</em></strong></span> <span class='ocrx_word' id='word_1_572' title='bbox 3286 3999 3483 4047; x_wconf 87' lang='lat' dir='ltr'><strong><em>autem</em></strong></span> <span class='ocrx_word' id='word_1_573' title='bbox 3506 3990 3637 4058; x_wconf 79' lang='lat' dir='ltr'><strong><em>Spi-</em></strong></span> 
     </span>
    </p>
   </div>
   <div class='ocr_carea' id='block_1_80' title="bbox 264 4077 1895 4159">
    <p class='ocr_par' dir='ltr' id='par_1_80' title="bbox 264 4077 1872 4159">
     <span class='ocr_line' id='line_1_80' title="bbox 264 4077 1872 4159; baseline 0.005 -27"><span class='ocrx_word' id='word_1_574' title='bbox 264 4086 402 4143; x_wconf 88' lang='grc' dir='ltr'><strong>ταῖς</strong></span> <span class='ocrx_word' id='word_1_575' title='bbox 433 4077 739 4152; x_wconf 86' lang='grc' dir='ltr'><strong>καρδίαις</strong></span> <span class='ocrx_word' id='word_1_576' title='bbox 792 4081 986 4149; x_wconf 82' lang='grc' dir='ltr'><strong>ὑμῶν.</strong></span> <span class='ocrx_word' id='word_1_577' title='bbox 1037 4085 1137 4132; x_wconf 81' lang='grc' dir='ltr'><strong><em>Καὶ</em></strong></span> <span class='ocrx_word' id='word_1_578' title='bbox 1169 4082 1360 4132; x_wconf 89' lang='grc' dir='ltr'><strong>πάλιν·</strong></span> <span class='ocrx_word' id='word_1_579' title='bbox 1420 4083 1478 4134; x_wconf 75' lang='lat' dir='ltr'><strong><em>&#39;O</em></strong></span> <span class='ocrx_word' id='word_1_580' title='bbox 1532 4081 1600 4137; x_wconf 77' lang='grc' dir='ltr'><strong><em>δὲ</em></strong></span> <span class='ocrx_word' id='word_1_581' title='bbox 1641 4090 1872 4159; x_wconf 87' lang='grc' dir='ltr'><strong>Κύριος</strong></span> 
     </span>
    </p>
   </div>
   <div class='ocr_carea' id='block_1_81' title="bbox 2001 4077 3632 4159">
    <p class='ocr_par' dir='ltr' id='par_1_81' title="bbox 2001 4079 3632 4153">
     <span class='ocr_line' id='line_1_81' title="bbox 2001 4079 3632 4153; baseline -0.007 -13"><span class='ocrx_word' id='word_1_582' title='bbox 2001 4086 2132 4140; x_wconf 81' lang='lat' dir='ltr'><strong><em>&#39;itus</em></strong></span> <span class='ocrx_word' id='word_1_583' title='bbox 2162 4092 2264 4142; x_wconf 90' lang='lat' dir='ltr'><strong><em>est.</em></strong></span> <span class='ocrx_word' id='word_1_584' title='bbox 2306 4086 2415 4141; x_wconf 89' lang='lat' dir='ltr'><strong><em>Ubi</em></strong></span> <span class='ocrx_word' id='word_1_585' title='bbox 2444 4100 2580 4140; x_wconf 85' lang='lat' dir='ltr'><strong><em>vero</em></strong></span> <span class='ocrx_word' id='word_1_586' title='bbox 2621 4084 2884 4153; x_wconf 84' lang='lat' dir='ltr'><strong><em>Spiritus</em></strong></span> <span class='ocrx_word' id='word_1_587' title='bbox 2916 4084 3172 4147; x_wconf 84' lang='lat' dir='ltr'><strong><em>Domini,</em></strong></span> <span class='ocrx_word' id='word_1_588' title='bbox 3204 4083 3283 4136; x_wconf 87' lang='lat' dir='ltr'><strong><em>ibi</em></strong></span> <span class='ocrx_word' id='word_1_589' title='bbox 3308 4080 3548 4135; x_wconf 84' lang='lat' dir='ltr'><strong><em>libertas</em></strong></span> <span class='ocrx_word' id='word_1_590' title='bbox 3564 4079 3632 4129; x_wconf 71' lang='lat'><strong><em>‘6.</em></strong></span> 
     </span>
    </p>
   </div>
   <div class='ocr_carea' id='block_1_82' title="bbox 261 4166 1892 4248">
    <p class='ocr_par' dir='ltr' id='par_1_82' title="bbox 261 4166 1870 4248">
     <span class='ocr_line' id='line_1_82' title="bbox 261 4166 1870 4248; baseline 0.005 -27"><span class='ocrx_word' id='word_1_591' title='bbox 261 4172 328 4221; x_wconf 89' lang='lat'><strong><em>1&#39;6</em></strong></span> <span class='ocrx_word' id='word_1_592' title='bbox 357 4170 607 4239; x_wconf 89' lang='grc' dir='ltr'><strong>Πνεῦμά</strong></span> <span class='ocrx_word' id='word_1_593' title='bbox 644 4167 853 4220; x_wconf 82' lang='grc' dir='ltr'><strong>ἐστιν’</strong></span> <span class='ocrx_word' id='word_1_594' title='bbox 885 4170 1046 4220; x_wconf 87' lang='grc' dir='ltr'><strong>ὅπου</strong></span> <span class='ocrx_word' id='word_1_595' title='bbox 1090 4166 1158 4222; x_wconf 75' lang='grc' dir='ltr'><strong><em>δὲ</em></strong></span> <span class='ocrx_word' id='word_1_596' title='bbox 1198 4175 1264 4221; x_wconf 84' lang='grc' dir='ltr'><strong><em>τὸ</em></strong></span> <span class='ocrx_word' id='word_1_597' title='bbox 1308 4178 1568 4244; x_wconf 89' lang='grc' dir='ltr'><strong>Πνεῦμα</strong></span> <span class='ocrx_word' id='word_1_598' title='bbox 1610 4181 1870 4248; x_wconf 81' lang='grc' dir='ltr'><strong>Κυρίου,</strong></span> 
     </span>
    </p>
   </div>
   <div class='ocr_carea' id='block_1_83' title="bbox 2004 4166 3635 4248">
    <p class='ocr_par' dir='ltr' id='par_1_83' title="bbox 2004 4168 3635 4244">
     <span class='ocr_line' id='line_1_83' title="bbox 2004 4168 3635 4244; baseline -0.004 -15"><span class='ocrx_word' id='word_1_599' title='bbox 2004 4177 2047 4229; x_wconf 67' lang='lat' dir='ltr'><strong><em>Et</em></strong></span> <span class='ocrx_word' id='word_1_600' title='bbox 2078 4190 2317 4229; x_wconf 90' lang='lat' dir='ltr'><strong><em>rursum</em></strong></span> <span class='ocrx_word' id='word_1_601' title='bbox 2350 4190 2361 4228; x_wconf 88' lang='lat'><strong><em>:</em></strong></span> <span class='ocrx_word' id='word_1_602' title='bbox 2396 4175 2459 4228; x_wconf 89' lang='lat' dir='ltr'><strong><em>Si</em></strong></span> <span class='ocrx_word' id='word_1_603' title='bbox 2487 4175 2617 4244; x_wconf 89' lang='lat' dir='ltr'><strong><em>quis</em></strong></span> <span class='ocrx_word' id='word_1_604' title='bbox 2650 4190 2781 4229; x_wconf 89' lang='lat' dir='ltr'><strong><em>vero</em></strong></span> <span class='ocrx_word' id='word_1_605' title='bbox 2806 4173 3094 4243; x_wconf 84' lang='lat' dir='ltr'><strong><em>Spiritum</em></strong></span> <span class='ocrx_word' id='word_1_606' title='bbox 3127 4170 3353 4229; x_wconf 82' lang='lat' dir='ltr'><strong><em>Christi</em></strong></span> <span class='ocrx_word' id='word_1_607' title='bbox 3376 4185 3495 4223; x_wconf 88' lang='lat' dir='ltr'><strong><em>non</em></strong></span> <span class='ocrx_word' id='word_1_608' title='bbox 3529 4168 3635 4223; x_wconf 91' lang='lat' dir='ltr'><strong><em>ha-</em></strong></span> 
     </span>
    </p>
   </div>
   <div class='ocr_carea' id='block_1_84' title="bbox 262 4256 1893 4338">
    <p class='ocr_par' dir='ltr' id='par_1_84' title="bbox 262 4256 1874 4338">
     <span class='ocr_line' id='line_1_84' title="bbox 262 4256 1874 4338; baseline 0.005 -28"><span class='ocrx_word' id='word_1_609' title='bbox 262 4257 394 4311; x_wconf 75' lang='grc' dir='ltr'><strong>ἓκεῑ</strong></span> <span class='ocrx_word' id='word_1_610' title='bbox 431 4256 779 4330; x_wconf 77' lang='grc' dir='ltr'><strong>ἐλευθερία.</strong></span> <span class='ocrx_word' id='word_1_611' title='bbox 814 4262 915 4310; x_wconf 80' lang='grc' dir='ltr'><strong>Καὶ</strong></span> <span class='ocrx_word' id='word_1_612' title='bbox 944 4258 1117 4323; x_wconf 84' lang='grc' dir='ltr'><strong>πάλιν,</strong></span> <span class='ocrx_word' id='word_1_613' title='bbox 1181 4258 1249 4312; x_wconf 83' lang='grc' dir='ltr'>Εἰ</span> <span class='ocrx_word' id='word_1_614' title='bbox 1309 4256 1382 4312; x_wconf 83' lang='grc' dir='ltr'><strong>δέ</strong></span> <span class='ocrx_word' id='word_1_615' title='bbox 1451 4280 1546 4322; x_wconf 89' lang='grc' dir='ltr'><strong><em>τις</em></strong></span> <span class='ocrx_word' id='word_1_616' title='bbox 1619 4271 1874 4338; x_wconf 88' lang='grc' dir='ltr'><strong>Πνεῦμα</strong></span> 
     </span>
    </p>
   </div>
   <div class='ocr_carea' id='block_1_85' title="bbox 1099 4256 2730 4338">
    <p class='ocr_par' dir='ltr' id='par_1_85' title="bbox 1104 4256 2730 4338">
     <span class='ocr_line' id='line_1_85' title="bbox 1104 4256 2730 4338; baseline -0.004 -15"><span class='ocrx_word' id='word_1_617' title='bbox 1104 4299 1117 4323; x_wconf 80' lang='grc'><strong><em>,</em></strong></span> <span class='ocrx_word' id='word_1_618' title='bbox 1181 4258 1249 4312; x_wconf 74' lang='grc' dir='ltr'>Εἰ</span> <span class='ocrx_word' id='word_1_619' title='bbox 1309 4256 1382 4312; x_wconf 76' lang='grc' dir='ltr'><strong>δέ</strong></span> <span class='ocrx_word' id='word_1_620' title='bbox 1451 4280 1546 4322; x_wconf 83' lang='grc' dir='ltr'><strong><em>τις</em></strong></span> <span class='ocrx_word' id='word_1_621' title='bbox 1619 4271 1874 4338; x_wconf 81' lang='grc' dir='ltr'><strong>Πνεῦμα</strong></span> <span class='ocrx_word' id='word_1_622' title='bbox 1985 4264 2092 4329; x_wconf 90' lang='lat' dir='ltr'><strong><em>bet,</em></strong></span> <span class='ocrx_word' id='word_1_623' title='bbox 2128 4264 2371 4319; x_wconf 88' lang='lat' dir='ltr'><strong><em>hicnon</em></strong></span> <span class='ocrx_word' id='word_1_624' title='bbox 2402 4268 2486 4320; x_wconf 90' lang='lat' dir='ltr'><strong><em>est</em></strong></span> <span class='ocrx_word' id='word_1_625' title='bbox 2518 4265 2730 4334; x_wconf 73' lang='lat' dir='ltr'><strong><em>ejus“.</em></strong></span> 
     </span>
    </p>
   </div>
   <div class='ocr_carea' id='block_1_86' title="bbox 264 4345 1745 4423">
    <p class='ocr_par' dir='ltr' id='par_1_86' title="bbox 264 4345 1745 4423">
     <span class='ocr_line' id='line_1_86' title="bbox 264 4345 1745 4423; baseline 0.003 -21"><span class='ocrx_word' id='word_1_626' title='bbox 264 4355 545 4423; x_wconf 83' lang='grc' dir='ltr'><strong>Χριστοῦ</strong></span> <span class='ocrx_word' id='word_1_627' title='bbox 585 4345 697 4400; x_wconf 82' lang='grc' dir='ltr'><strong>ο⁹ύκ</strong></span> <span class='ocrx_word' id='word_1_628' title='bbox 735 4348 895 4418; x_wconf 77' lang='grc' dir='ltr'><strong>ἔχει,</strong></span> <span class='ocrx_word' id='word_1_629' title='bbox 937 4347 1126 4409; x_wconf 83' lang='grc' dir='ltr'><strong>οὗτος</strong></span> <span class='ocrx_word' id='word_1_630' title='bbox 1164 4349 1277 4400; x_wconf 82' lang='grc' dir='ltr'><strong>οὐκ</strong></span> <span class='ocrx_word' id='word_1_631' title='bbox 1318 4351 1495 4402; x_wconf 85' lang='grc' dir='ltr'><strong>ἔστιν</strong></span> <span class='ocrx_word' id='word_1_632' title='bbox 1527 4355 1745 4408; x_wconf 77' lang='grc' dir='ltr'><strong>αὐτοῦ.</strong></span> 
     </span>
    </p>
   </div>
   <div class='ocr_carea' id='block_1_87' title="bbox 330 4454 1961 4551">
    <p class='ocr_par' dir='ltr' id='par_1_87' title="bbox 330 4454 1951 4551">
     <span class='ocr_line' id='line_1_87' title="bbox 330 4454 1951 4551; baseline 0.001 -25"><span class='ocrx_word' id='word_1_633' title='bbox 330 4473 407 4529; x_wconf 90' lang='lat' dir='ltr'><strong><em>Z’.</em></strong></span> <span class='ocrx_word' id='word_1_634' title='bbox 438 4473 716 4545; x_wconf 79' lang='grc' dir='ltr'><strong>Εύξώμεθα</strong></span> <span class='ocrx_word' id='word_1_635' title='bbox 761 4477 937 4525; x_wconf 85' lang='grc' dir='ltr'><strong>τοίνυν</strong></span> <span class='ocrx_word' id='word_1_636' title='bbox 982 4477 1069 4525; x_wconf 85' lang='grc' dir='ltr'><strong><em>καὶ</em></strong></span> <span class='ocrx_word' id='word_1_637' title='bbox 1113 4476 1258 4546; x_wconf 86' lang='grc' dir='ltr'><strong>ἡμεῖς</strong></span> <span class='ocrx_word' id='word_1_638' title='bbox 1308 4473 1356 4526; x_wconf 82' lang='grc' dir='ltr'><strong>ἐν</strong></span> <span class='ocrx_word' id='word_1_639' title='bbox 1404 4478 1730 4551; x_wconf 77' lang='grc' dir='ltr'><strong>πληροφορίᾳ</strong></span> <span class='ocrx_word' id='word_1_640' title='bbox 1785 4479 1874 4533; x_wconf 84' lang='grc' dir='ltr'><strong><em>καὶ</em></strong></span> <span class='ocrx_word' id='word_1_641' title='bbox 1906 4454 1951 4508; x_wconf 84' lang='lat' dir='ltr'>D</span> 
     </span>
    </p>
   </div>
   <div class='ocr_carea' id='block_1_88' title="bbox 2005 4454 3636 4551">
    <p class='ocr_par' dir='ltr' id='par_1_88' title="bbox 2056 4471 3636 4545">
     <span class='ocr_line' id='line_1_88' title="bbox 2056 4471 3636 4545; baseline 0 -20"><span class='ocrx_word' id='word_1_642' title='bbox 2056 4474 2175 4527; x_wconf 93' lang='lat' dir='ltr'><strong><em>Vll.</em></strong></span> <span class='ocrx_word' id='word_1_643' title='bbox 2205 4472 2601 4529; x_wconf 87' lang='lat' dir='ltr'><strong><em>Obsecremus</em></strong></span> <span class='ocrx_word' id='word_1_644' title='bbox 2625 4488 2764 4543; x_wconf 87' lang='lat' dir='ltr'><strong><em>ergo</em></strong></span> <span class='ocrx_word' id='word_1_645' title='bbox 2790 4489 3032 4545; x_wconf 91' lang='lat' dir='ltr'><strong><em>quoque</em></strong></span> <span class='ocrx_word' id='word_1_646' title='bbox 3062 4489 3170 4528; x_wconf 92' lang='lat' dir='ltr'><strong><em>nos</em></strong></span> <span class='ocrx_word' id='word_1_647' title='bbox 3202 4474 3260 4529; x_wconf 93' lang='lat' dir='ltr'><strong><em>in</em></strong></span> <span class='ocrx_word' id='word_1_648' title='bbox 3289 4471 3636 4527; x_wconf 87' lang='lat' dir='ltr'><strong><em>certitudine</em></strong></span> 
     </span>
    </p>
   </div>
   <div class='ocr_carea' id='block_1_89' title="bbox 262 4560 1893 4637">
    <p class='ocr_par' dir='ltr' id='par_1_89' title="bbox 262 4560 1873 4637">
     <span class='ocr_line' id='line_1_89' title="bbox 262 4560 1873 4637; baseline 0.004 -21"><span class='ocrx_word' id='word_1_649' title='bbox 262 4563 511 4621; x_wconf 80' lang='grc' dir='ltr'><strong>αἰσθήσει</strong></span> <span class='ocrx_word' id='word_1_650' title='bbox 556 4560 858 4635; x_wconf 83' lang='grc' dir='ltr'><strong>μεταλαϐεῖν</strong></span> <span class='ocrx_word' id='word_1_651' title='bbox 903 4570 994 4615; x_wconf 90' lang='grc' dir='ltr'><strong><em>τοῦ</em></strong></span> <span class='ocrx_word' id='word_1_652' title='bbox 1026 4562 1178 4634; x_wconf 86' lang='grc' dir='ltr'><strong>ἁγίου</strong></span> <span class='ocrx_word' id='word_1_653' title='bbox 1238 4567 1544 4637; x_wconf 83' lang='grc' dir='ltr'><strong>Πνεύματος,</strong></span> <span class='ocrx_word' id='word_1_654' title='bbox 1577 4572 1664 4621; x_wconf 80' lang='grc' dir='ltr'><strong>καὶ</strong></span> <span class='ocrx_word' id='word_1_655' title='bbox 1715 4570 1873 4622; x_wconf 82' lang='grc' dir='ltr'><strong>εἰσελ-</strong></span> 
     </span>
    </p>
   </div>
   <div class='ocr_carea' id='block_1_90' title="bbox 2004 4560 3635 4637">
    <p class='ocr_par' dir='ltr' id='par_1_90' title="bbox 2004 4560 3635 4637">
     <span class='ocr_line' id='line_1_90' title="bbox 2004 4560 3635 4637; baseline 0 -21"><span class='ocrx_word' id='word_1_656' title='bbox 2004 4562 2120 4617; x_wconf 87' lang='lat' dir='ltr'><strong><em>idei</em></strong></span> <span class='ocrx_word' id='word_1_657' title='bbox 2150 4568 2205 4617; x_wconf 88' lang='lat' dir='ltr'><strong><em>et</em></strong></span> <span class='ocrx_word' id='word_1_658' title='bbox 2237 4581 2437 4629; x_wconf 83' lang='lat' dir='ltr'><strong><em>sensu,</em></strong></span> <span class='ocrx_word' id='word_1_659' title='bbox 2468 4571 2527 4619; x_wconf 89' lang='lat' dir='ltr'><strong><em>ut</em></strong></span> <span class='ocrx_word' id='word_1_660' title='bbox 2555 4566 2874 4637; x_wconf 84' lang='lat' dir='ltr'><strong><em>participes</em></strong></span> <span class='ocrx_word' id='word_1_661' title='bbox 2893 4565 3112 4619; x_wconf 87' lang='lat' dir='ltr'><strong><em>ﬁamus</em></strong></span> <span class='ocrx_word' id='word_1_662' title='bbox 3136 4562 3388 4633; x_wconf 86' lang='lat' dir='ltr'><strong><em>Spiritus</em></strong></span> <span class='ocrx_word' id='word_1_663' title='bbox 3424 4560 3635 4627; x_wconf 88' lang='lat' dir='ltr'><strong><em>sancti,</em></strong></span> 
     </span>
    </p>
   </div>
   <div class='ocr_carea' id='block_1_91' title="bbox 264 4651 1895 4731">
    <p class='ocr_par' dir='ltr' id='par_1_91' title="bbox 264 4651 1863 4731">
     <span class='ocr_line' id='line_1_91' title="bbox 264 4651 1863 4731; baseline 0.005 -29"><span class='ocrx_word' id='word_1_664' title='bbox 264 4653 365 4702; x_wconf 85' lang='grc' dir='ltr'><strong>θεῖν</strong></span> <span class='ocrx_word' id='word_1_665' title='bbox 396 4652 505 4704; x_wconf 83' lang='grc' dir='ltr'><strong>ὅθεν</strong></span> <span class='ocrx_word' id='word_1_666' title='bbox 567 4651 958 4723; x_wconf 83' lang='grc' dir='ltr'><strong>ἐξεληλύθαμεν,</strong></span> <span class='ocrx_word' id='word_1_667' title='bbox 1015 4658 1102 4704; x_wconf 86' lang='grc' dir='ltr'><strong><em>καὶ</em></strong></span> <span class='ocrx_word' id='word_1_668' title='bbox 1156 4660 1246 4705; x_wconf 90' lang='grc' dir='ltr'><strong><em>τοῦ</em></strong></span> <span class='ocrx_word' id='word_1_669' title='bbox 1294 4653 1477 4707; x_wconf 88' lang='grc' dir='ltr'><strong>λοιποῦ</strong></span> <span class='ocrx_word' id='word_1_670' title='bbox 1529 4654 1863 4731; x_wconf 81' lang='grc' dir='ltr'><strong>ἀποστραφῆ-</strong></span> 
     </span>
    </p>
   </div>
   <div class='ocr_carea' id='block_1_92' title="bbox 2006 4651 3637 4731">
    <p class='ocr_par' dir='ltr' id='par_1_92' title="bbox 2006 4651 3637 4724">
     <span class='ocr_line' id='line_1_92' title="bbox 2006 4651 3637 4724; baseline -0.002 -17"><span class='ocrx_word' id='word_1_671' title='bbox 2006 4669 2041 4719; x_wconf 68' lang='grc' dir='ltr'><strong><em>,ι</em></strong></span> <span class='ocrx_word' id='word_1_672' title='bbox 2084 4653 2490 4724; x_wconf 87' lang='lat' dir='ltr'><strong><em>ingrediamur</em></strong></span> <span class='ocrx_word' id='word_1_673' title='bbox 2533 4655 2688 4709; x_wconf 89' lang='lat' dir='ltr'><strong><em>unde</em></strong></span> <span class='ocrx_word' id='word_1_674' title='bbox 2728 4654 2945 4723; x_wconf 82' lang='lat' dir='ltr'><strong><em>egressi</em></strong></span> <span class='ocrx_word' id='word_1_675' title='bbox 2975 4669 3185 4707; x_wconf 90' lang='lat' dir='ltr'><strong><em>sumus</em></strong></span> <span class='ocrx_word' id='word_1_676' title='bbox 3211 4669 3223 4706; x_wconf 89' lang='lat'><strong><em>:</em></strong></span> <span class='ocrx_word' id='word_1_677' title='bbox 3249 4658 3302 4706; x_wconf 87' lang='lat' dir='ltr'><strong><em>et</em></strong></span> <span class='ocrx_word' id='word_1_678' title='bbox 3343 4657 3403 4705; x_wconf 88' lang='lat' dir='ltr'><strong><em>ut</em></strong></span> <span class='ocrx_word' id='word_1_679' title='bbox 3449 4651 3637 4721; x_wconf 92' lang='lat' dir='ltr'><strong><em>impo-</em></strong></span> 
     </span>
    </p>
   </div>
   <div class='ocr_carea' id='block_1_93' title="bbox 260 4738 1891 4815">
    <p class='ocr_par' dir='ltr' id='par_1_93' title="bbox 260 4738 1875 4815">
     <span class='ocr_line' id='line_1_93' title="bbox 260 4738 1875 4815; baseline 0.006 -25"><span class='ocrx_word' id='word_1_680' title='bbox 260 4758 346 4791; x_wconf 92' lang='grc' dir='ltr'><strong><em>ναι</em></strong></span> <span class='ocrx_word' id='word_1_681' title='bbox 401 4738 484 4810; x_wconf 85' lang='grc' dir='ltr'><strong>ἀφ’</strong></span> <span class='ocrx_word' id='word_1_682' title='bbox 544 4742 688 4812; x_wconf 81' lang='grc' dir='ltr'><strong>ἡμῶν</strong></span> <span class='ocrx_word' id='word_1_683' title='bbox 759 4744 845 4792; x_wconf 92' lang='grc' dir='ltr'><strong><em>τὸν</em></strong></span> <span class='ocrx_word' id='word_1_684' title='bbox 902 4743 1217 4813; x_wconf 86' lang='grc' dir='ltr'><strong>θυμοκτόνον</strong></span> <span class='ocrx_word' id='word_1_685' title='bbox 1271 4747 1402 4815; x_wconf 78' lang='grc' dir='ltr'><strong>ὅφιν,</strong></span> <span class='ocrx_word' id='word_1_686' title='bbox 1457 4750 1547 4797; x_wconf 81' lang='grc' dir='ltr'><strong>καὶ</strong></span> <span class='ocrx_word' id='word_1_687' title='bbox 1607 4744 1875 4810; x_wconf 85' lang='grc' dir='ltr'><strong>κενόδοξον</strong></span> 
     </span>
    </p>
   </div>
   <div class='ocr_carea' id='block_1_94' title="bbox 2008 4738 3639 4815">
    <p class='ocr_par' dir='ltr' id='par_1_94' title="bbox 2008 4739 3639 4813">
     <span class='ocr_line' id='line_1_94' title="bbox 2008 4739 3639 4813; baseline -0.007 -8"><span class='ocrx_word' id='word_1_688' title='bbox 2008 4759 2209 4807; x_wconf 56' lang='lat' dir='ltr'><strong><em>iterum</em></strong></span> <span class='ocrx_word' id='word_1_689' title='bbox 2260 4752 2557 4803; x_wconf 85' lang='lat' dir='ltr'><strong><em>avertatur</em></strong></span> <span class='ocrx_word' id='word_1_690' title='bbox 2603 4762 2638 4800; x_wconf 90' lang='lat' dir='ltr'><strong><em>a</em></strong></span> <span class='ocrx_word' id='word_1_691' title='bbox 2683 4744 2858 4799; x_wconf 89' lang='lat' dir='ltr'><strong><em>nobis</em></strong></span> <span class='ocrx_word' id='word_1_692' title='bbox 2904 4758 3151 4813; x_wconf 88' lang='lat' dir='ltr'><strong><em>serpens</em></strong></span> <span class='ocrx_word' id='word_1_693' title='bbox 3203 4746 3260 4795; x_wconf 90' lang='lat' dir='ltr'><strong><em>et</em></strong></span> <span class='ocrx_word' id='word_1_694' title='bbox 3301 4739 3639 4795; x_wconf 84' lang='lat' dir='ltr'><strong><em>interfector</em></strong></span> 
     </span>
    </p>
   </div>
   <div class='ocr_carea' id='block_1_95' title="bbox 265 4826 1896 4909">
    <p class='ocr_par' dir='ltr' id='par_1_95' title="bbox 265 4826 1871 4906">
     <span class='ocr_line' id='line_1_95' title="bbox 265 4826 1871 4906; baseline 0.006 -27"><span class='ocrx_word' id='word_1_695' title='bbox 265 4826 558 4898; x_wconf 85' lang='grc' dir='ltr'><strong>σύμϐουλον</strong></span> <span class='ocrx_word' id='word_1_696' title='bbox 588 4831 647 4879; x_wconf 92' lang='grc' dir='ltr'><strong><em>τὸ</em></strong></span> <span class='ocrx_word' id='word_1_697' title='bbox 703 4835 911 4901; x_wconf 86' lang='grc' dir='ltr'><strong>Πνεῦμα</strong></span> <span class='ocrx_word' id='word_1_698' title='bbox 960 4839 1055 4891; x_wconf 83' lang='grc' dir='ltr'><strong>τῆς</strong></span> <span class='ocrx_word' id='word_1_699' title='bbox 1104 4835 1362 4905; x_wconf 87' lang='grc' dir='ltr'><strong>μερίμνης</strong></span> <span class='ocrx_word' id='word_1_700' title='bbox 1405 4838 1494 4885; x_wconf 89' lang='lat' dir='ltr'><strong><em>xui</em></strong></span> <span class='ocrx_word' id='word_1_701' title='bbox 1547 4835 1871 4906; x_wconf 81' lang='grc' dir='ltr'><strong>κραιπάλης’</strong></span> 
     </span>
    </p>
   </div>
   <div class='ocr_carea' id='block_1_96' title="bbox 2009 4826 3640 4909">
    <p class='ocr_par' dir='ltr' id='par_1_96' title="bbox 2009 4827 3640 4909">
     <span class='ocr_line' id='line_1_96' title="bbox 2009 4827 3640 4909; baseline -0.009 -13"><span class='ocrx_word' id='word_1_702' title='bbox 2009 4840 2199 4903; x_wconf 78' lang='lat' dir='ltr'><strong><em>iuimi,</em></strong></span> <span class='ocrx_word' id='word_1_703' title='bbox 2226 4837 2519 4909; x_wconf 85' lang='lat' dir='ltr'><strong><em>superbus</em></strong></span> <span class='ocrx_word' id='word_1_704' title='bbox 2543 4842 2599 4889; x_wconf 90' lang='lat' dir='ltr'><strong><em>et</em></strong></span> <span class='ocrx_word' id='word_1_705' title='bbox 2632 4850 2822 4888; x_wconf 89' lang='lat' dir='ltr'><strong><em>vanus</em></strong></span> <span class='ocrx_word' id='word_1_706' title='bbox 2848 4831 3170 4895; x_wconf 85' lang='lat' dir='ltr'><strong><em>consultor,</em></strong></span> <span class='ocrx_word' id='word_1_707' title='bbox 3207 4829 3456 4900; x_wconf 87' lang='lat' dir='ltr'><strong><em>Spiritus</em></strong></span> <span class='ocrx_word' id='word_1_708' title='bbox 3488 4827 3640 4883; x_wconf 91' lang='lat' dir='ltr'><strong><em>solli-</em></strong></span> 
     </span>
    </p>
   </div>
   <div class='ocr_carea' id='block_1_97' title="bbox 270 4913 1901 4998">
    <p class='ocr_par' dir='ltr' id='par_1_97' title="bbox 270 4913 1876 4998">
     <span class='ocr_line' id='line_1_97' title="bbox 270 4913 1876 4998; baseline 0.006 -30"><span class='ocrx_word' id='word_1_709' title='bbox 270 4917 383 4968; x_wconf 87' lang='grc' dir='ltr'><strong>ὃθεν</strong></span> <span class='ocrx_word' id='word_1_710' title='bbox 440 4913 655 4989; x_wconf 83' lang='grc' dir='ltr'><strong>βεϐαίως</strong></span> <span class='ocrx_word' id='word_1_711' title='bbox 712 4920 1085 4980; x_wconf 85' lang='grc' dir='ltr'><strong>πιστεύσαντες</strong></span> <span class='ocrx_word' id='word_1_712' title='bbox 1133 4923 1220 4981; x_wconf 85' lang='grc' dir='ltr'><strong>τὰς</strong></span> <span class='ocrx_word' id='word_1_713' title='bbox 1278 4920 1484 4983; x_wconf 81' lang='grc' dir='ltr'><strong>ἐντολὰς</strong></span> <span class='ocrx_word' id='word_1_714' title='bbox 1534 4932 1623 4976; x_wconf 89' lang='grc' dir='ltr'><strong><em>τοῦ</em></strong></span> <span class='ocrx_word' id='word_1_715' title='bbox 1683 4931 1876 4998; x_wconf 82' lang='grc' dir='ltr'><strong>Κυρίου</strong></span> 
     </span>
    </p>
   </div>
   <div class='ocr_carea' id='block_1_98' title="bbox 2008 4913 3639 4998">
    <p class='ocr_par' dir='ltr' id='par_1_98' title="bbox 2008 4918 3639 4996">
     <span class='ocr_line' id='line_1_98' title="bbox 2008 4918 3639 4996; baseline -0.009 -11"><span class='ocrx_word' id='word_1_716' title='bbox 2008 4928 2265 4985; x_wconf 77' lang='lat' dir='ltr'><strong><em>:itudinis</em></strong></span> <span class='ocrx_word' id='word_1_717' title='bbox 2309 4932 2363 4980; x_wconf 90' lang='lat' dir='ltr'><strong><em>et</em></strong></span> <span class='ocrx_word' id='word_1_718' title='bbox 2411 4924 2717 4996; x_wconf 69' lang='lat' dir='ltr'><strong><em>crapulae:</em></strong></span> <span class='ocrx_word' id='word_1_719' title='bbox 2764 4929 2824 4977; x_wconf 91' lang='lat' dir='ltr'><strong><em>ut</em></strong></span> <span class='ocrx_word' id='word_1_720' title='bbox 2856 4923 2992 4976; x_wconf 85' lang='lat' dir='ltr'><strong><em>inde</em></strong></span> <span class='ocrx_word' id='word_1_721' title='bbox 3042 4921 3287 4975; x_wconf 89' lang='lat' dir='ltr'><strong><em>ﬁrmiter</em></strong></span> <span class='ocrx_word' id='word_1_722' title='bbox 3335 4918 3639 4973; x_wconf 87' lang='lat' dir='ltr'><strong><em>credentes</em></strong></span> 
     </span>
    </p>
   </div>
   <div class='ocr_carea' id='block_1_99' title="bbox 265 5006 1896 5089">
    <p class='ocr_par' dir='ltr' id='par_1_99' title="bbox 265 5006 1880 5089">
     <span class='ocr_line' id='line_1_99' title="bbox 265 5006 1880 5089; baseline 0.007 -32"><span class='ocrx_word' id='word_1_723' title='bbox 265 5006 582 5080; x_wconf 82' lang='grc' dir='ltr'><strong>φυλάξωμεν,</strong></span> <span class='ocrx_word' id='word_1_724' title='bbox 616 5011 704 5059; x_wconf 81' lang='grc' dir='ltr'><strong><em>καὶ</em></strong></span> <span class='ocrx_word' id='word_1_725' title='bbox 742 5006 1060 5081; x_wconf 27' lang='grc' dir='ltr'><strong>θαύξηθῶμεν</strong></span> <span class='ocrx_word' id='word_1_726' title='bbox 1095 5009 1143 5061; x_wconf 87' lang='grc' dir='ltr'><strong>ἐν</strong></span> <span class='ocrx_word' id='word_1_727' title='bbox 1197 5011 1336 5083; x_wconf 79' lang='grc' dir='ltr'><strong>αύτῷ</strong></span> <span class='ocrx_word' id='word_1_728' title='bbox 1370 5012 1457 5075; x_wconf 83' lang='grc' dir='ltr'><strong><em>εἰς</em></strong></span> <span class='ocrx_word' id='word_1_729' title='bbox 1526 5015 1597 5065; x_wconf 77' lang='grc' dir='ltr'><strong>ἄν</strong></span> <span class='ocrx_word' id='word_1_730' title='bbox 1613 5010 1734 5089; x_wconf 87' lang='grc' dir='ltr'><strong>δρα</strong></span> <span class='ocrx_word' id='word_1_731' title='bbox 1795 5021 1880 5069; x_wconf 88' lang='grc' dir='ltr'><strong><em>τέ-</em></strong></span> 
     </span>
    </p>
   </div>
   <div class='ocr_carea' id='block_1_100' title="bbox 2006 5006 3637 5089">
    <p class='ocr_par' dir='ltr' id='par_1_100' title="bbox 2006 5008 3637 5075">
     <span class='ocr_line' id='line_1_100' title="bbox 2006 5008 3637 5075; baseline -0.007 -1"><span class='ocrx_word' id='word_1_732' title='bbox 2006 5017 2280 5074; x_wconf 84' lang='lat' dir='ltr'><strong><em>nandata</em></strong></span> <span class='ocrx_word' id='word_1_733' title='bbox 2320 5014 2549 5071; x_wconf 90' lang='lat' dir='ltr'><strong><em>Domini</em></strong></span> <span class='ocrx_word' id='word_1_734' title='bbox 2580 5028 2911 5075; x_wconf 82' lang='lat' dir='ltr'><strong><em>servemus,</em></strong></span> <span class='ocrx_word' id='word_1_735' title='bbox 2937 5018 2991 5066; x_wconf 86' lang='lat' dir='ltr'><strong><em>et</em></strong></span> <span class='ocrx_word' id='word_1_736' title='bbox 3019 5025 3362 5065; x_wconf 88' lang='lat' dir='ltr'><strong><em>crescamus</em></strong></span> <span class='ocrx_word' id='word_1_737' title='bbox 3394 5008 3452 5063; x_wconf 89' lang='lat' dir='ltr'><strong><em>in</em></strong></span> <span class='ocrx_word' id='word_1_738' title='bbox 3482 5023 3551 5063; x_wconf 90' lang='lat' dir='ltr'><strong><em>eo</em></strong></span> <span class='ocrx_word' id='word_1_739' title='bbox 3576 5008 3637 5063; x_wconf 86' lang='lat' dir='ltr'><strong><em>in</em></strong></span> 
     </span>
    </p>
   </div>
   <div class='ocr_carea' id='block_1_101' title="bbox 266 5095 1897 5179">
    <p class='ocr_par' dir='ltr' id='par_1_101' title="bbox 266 5095 1874 5179">
     <span class='ocr_line' id='line_1_101' title="bbox 266 5095 1874 5179; baseline 0.007 -32"><span class='ocrx_word' id='word_1_740' title='bbox 266 5096 402 5149; x_wconf 80' lang='grc' dir='ltr'><strong>λεον</strong></span> <span class='ocrx_word' id='word_1_741' title='bbox 443 5095 531 5157; x_wconf 85' lang='grc' dir='ltr'><strong><em>εἰς</em></strong></span> <span class='ocrx_word' id='word_1_742' title='bbox 567 5099 799 5171; x_wconf 84' lang='grc' dir='ltr'><strong>μέτρον</strong></span> <span class='ocrx_word' id='word_1_743' title='bbox 841 5095 1123 5163; x_wconf 77' lang='grc' dir='ltr'><strong>ἡλικίας,</strong></span> <span class='ocrx_word' id='word_1_744' title='bbox 1166 5108 1255 5152; x_wconf 86' lang='grc' dir='ltr'><strong><em>τοῦ</em></strong></span> <span class='ocrx_word' id='word_1_745' title='bbox 1301 5106 1487 5172; x_wconf 84' lang='grc' dir='ltr'><strong>μηκέτι</strong></span> <span class='ocrx_word' id='word_1_746' title='bbox 1516 5109 1874 5179; x_wconf 77' lang='grc' dir='ltr'><strong><em>κατακυριεύε⁴</em></strong></span> 
     </span>
    </p>
   </div>
   <div class='ocr_carea' id='block_1_102' title="bbox 2008 5095 3639 5179">
    <p class='ocr_par' dir='ltr' id='par_1_102' title="bbox 2008 5098 3639 5175">
     <span class='ocr_line' id='line_1_102' title="bbox 2008 5098 3639 5175; baseline -0.006 -11"><span class='ocrx_word' id='word_1_747' title='bbox 2008 5111 2183 5165; x_wconf 70' lang='grc' dir='ltr'><strong>ήνυγη</strong></span> <span class='ocrx_word' id='word_1_748' title='bbox 2206 5106 2536 5175; x_wconf 81' lang='lat' dir='ltr'><strong><em>perfectum</em></strong></span> <span class='ocrx_word' id='word_1_749' title='bbox 2570 5146 2583 5169; x_wconf 93' lang='lat'><strong><em>,</em></strong></span> <span class='ocrx_word' id='word_1_750' title='bbox 2615 5104 2672 5157; x_wconf 86' lang='lat' dir='ltr'><strong><em>in</em></strong></span> <span class='ocrx_word' id='word_1_751' title='bbox 2706 5117 3044 5158; x_wconf 85' lang='lat' dir='ltr'><strong><em>mensuram</em></strong></span> <span class='ocrx_word' id='word_1_752' title='bbox 3072 5102 3256 5156; x_wconf 76' lang='lat' dir='ltr'><strong><em>aetatis</em></strong></span> <span class='ocrx_word' id='word_1_753' title='bbox 3271 5100 3339 5167; x_wconf 71' lang='lat'><strong><em>‘3,</em></strong></span> <span class='ocrx_word' id='word_1_754' title='bbox 3384 5114 3459 5153; x_wconf 90' lang='lat' dir='ltr'><strong><em>ne</em></strong></span> <span class='ocrx_word' id='word_1_755' title='bbox 3488 5098 3639 5154; x_wconf 86' lang='lat' dir='ltr'><strong><em>ultra</em></strong></span> 
     </span>
    </p>
   </div>
   <div class='ocr_carea' id='block_1_103' title="bbox 266 5184 1897 5262">
    <p class='ocr_par' dir='ltr' id='par_1_103' title="bbox 266 5184 1880 5258">
     <span class='ocr_line' id='line_1_103' title="bbox 266 5184 1880 5258; baseline 0.005 -19"><span class='ocrx_word' id='word_1_756' title='bbox 266 5188 390 5239; x_wconf 87' lang='grc' dir='ltr'><strong>σθαι</strong></span> <span class='ocrx_word' id='word_1_757' title='bbox 417 5188 516 5238; x_wconf 82' lang='grc' dir='ltr'><strong>ὑπὸ</strong></span> <span class='ocrx_word' id='word_1_758' title='bbox 548 5193 639 5246; x_wconf 82' lang='grc' dir='ltr'><strong>τῆς</strong></span> <span class='ocrx_word' id='word_1_759' title='bbox 673 5184 876 5247; x_wconf 87' lang='grc' dir='ltr'><strong>ἀπάτης</strong></span> <span class='ocrx_word' id='word_1_760' title='bbox 908 5193 999 5238; x_wconf 90' lang='grc' dir='ltr'><strong><em>τοῦ</em></strong></span> <span class='ocrx_word' id='word_1_761' title='bbox 1038 5187 1221 5250; x_wconf 83' lang='grc' dir='ltr'><strong>αἰῶνος</strong></span> <span class='ocrx_word' id='word_1_762' title='bbox 1272 5193 1479 5258; x_wconf 82' lang='grc' dir='ltr'><strong>τούτου,</strong></span> <span class='ocrx_word' id='word_1_763' title='bbox 1514 5192 1621 5245; x_wconf 80' lang='grc' dir='ltr'><strong>ἀλλ’</strong></span> <span class='ocrx_word' id='word_1_764' title='bbox 1654 5193 1701 5246; x_wconf 79' lang='grc' dir='ltr'><strong>ἐν</strong></span> <span class='ocrx_word' id='word_1_765' title='bbox 1754 5195 1880 5254; x_wconf 82' lang='grc' dir='ltr'><strong>πλη-</strong></span> 
     </span>
    </p>
   </div>
   <div class='ocr_carea' id='block_1_104' title="bbox 2004 5184 3635 5262">
    <p class='ocr_par' dir='ltr' id='par_1_104' title="bbox 2004 5186 3635 5262">
     <span class='ocr_line' id='line_1_104' title="bbox 2004 5186 3635 5262; baseline -0.007 -11"><span class='ocrx_word' id='word_1_766' title='bbox 2004 5197 2335 5253; x_wconf 88' lang='lat' dir='ltr'><strong><em>:lominetur</em></strong></span> <span class='ocrx_word' id='word_1_767' title='bbox 2382 5194 2556 5248; x_wconf 91' lang='lat' dir='ltr'><strong><em>nobis</em></strong></span> <span class='ocrx_word' id='word_1_768' title='bbox 2598 5192 2868 5262; x_wconf 86' lang='lat' dir='ltr'><strong><em>deceptio</em></strong></span> <span class='ocrx_word' id='word_1_769' title='bbox 2917 5190 3095 5260; x_wconf 86' lang='lat' dir='ltr'><strong><em>hujus</em></strong></span> <span class='ocrx_word' id='word_1_770' title='bbox 3147 5188 3371 5255; x_wconf 69' lang='lat' dir='ltr'><strong><em>saeculi,</em></strong></span> <span class='ocrx_word' id='word_1_771' title='bbox 3423 5186 3529 5242; x_wconf 88' lang='lat' dir='ltr'><strong><em>sed</em></strong></span> <span class='ocrx_word' id='word_1_772' title='bbox 3581 5186 3635 5240; x_wconf 90' lang='lat' dir='ltr'><strong><em>in</em></strong></span> 
     </span>
    </p>
   </div>
   <div class='ocr_carea' id='block_1_105' title="bbox 265 5273 1896 5353">
    <p class='ocr_par' dir='ltr' id='par_1_105' title="bbox 265 5273 1882 5353">
     <span class='ocr_line' id='line_1_105' title="bbox 265 5273 1882 5353; baseline 0.004 -26"><span class='ocrx_word' id='word_1_773' title='bbox 265 5294 488 5349; x_wconf 83' lang='grc' dir='ltr'><strong>ροφοριᾳ</strong></span> <span class='ocrx_word' id='word_1_774' title='bbox 542 5282 635 5327; x_wconf 92' lang='grc' dir='ltr'><strong><em>τοῦ</em></strong></span> <span class='ocrx_word' id='word_1_775' title='bbox 682 5278 976 5348; x_wconf 90' lang='grc' dir='ltr'><strong>Πνεύματος</strong></span> <span class='ocrx_word' id='word_1_776' title='bbox 1030 5273 1176 5341; x_wconf 83' lang='grc' dir='ltr'><strong>εἶναι,</strong></span> <span class='ocrx_word' id='word_1_777' title='bbox 1227 5283 1317 5330; x_wconf 86' lang='grc' dir='ltr'><strong>καὶ</strong></span> <span class='ocrx_word' id='word_1_778' title='bbox 1360 5285 1431 5351; x_wconf 85' lang='grc' dir='ltr'><strong>μὴ</strong></span> <span class='ocrx_word' id='word_1_779' title='bbox 1492 5281 1749 5353; x_wconf 76' lang='grc' dir='ltr'><strong>ἀπιστεῖν,</strong></span> <span class='ocrx_word' id='word_1_780' title='bbox 1803 5285 1882 5335; x_wconf 84' lang='grc' dir='ltr'><strong>ὅτι</strong></span> 
     </span>
    </p>
   </div>
   <div class='ocr_carea' id='block_1_106' title="bbox 2005 5273 3636 5353">
    <p class='ocr_par' dir='ltr' id='par_1_106' title="bbox 2005 5276 3636 5353">
     <span class='ocr_line' id='line_1_106' title="bbox 2005 5276 3636 5353; baseline -0.009 -12"><span class='ocrx_word' id='word_1_781' title='bbox 2005 5284 2341 5341; x_wconf 63' lang='lat' dir='ltr'><strong><em>sertitudine</em></strong></span> <span class='ocrx_word' id='word_1_782' title='bbox 2362 5282 2501 5336; x_wconf 89' lang='lat' dir='ltr'><strong><em>ﬁdei</em></strong></span> <span class='ocrx_word' id='word_1_783' title='bbox 2536 5282 2781 5353; x_wconf 90' lang='lat' dir='ltr'><strong><em>Spiritus</em></strong></span> <span class='ocrx_word' id='word_1_784' title='bbox 2804 5281 3006 5343; x_wconf 90' lang='lat' dir='ltr'><strong><em>simus,</em></strong></span> <span class='ocrx_word' id='word_1_785' title='bbox 3037 5294 3231 5349; x_wconf 88' lang='lat' dir='ltr'><strong><em>neque</em></strong></span> <span class='ocrx_word' id='word_1_786' title='bbox 3249 5276 3598 5331; x_wconf 86' lang='lat' dir='ltr'><strong><em>difﬁdamus</em></strong></span> <span class='ocrx_word' id='word_1_787' title='bbox 3625 5290 3636 5326; x_wconf 93' lang='lat'><strong><em>:</em></strong></span> 
     </span>
    </p>
   </div>
   <div class='ocr_carea' id='block_1_107' title="bbox 272 5362 1903 5447">
    <p class='ocr_par' dir='ltr' id='par_1_107' title="bbox 272 5364 1882 5442">
     <span class='ocr_line' id='line_1_107' title="bbox 272 5364 1882 5442; baseline 0.006 -26"><span class='ocrx_word' id='word_1_788' title='bbox 272 5369 362 5416; x_wconf 86' lang='lat' dir='ltr'><strong><em>xui</em></strong></span> <span class='ocrx_word' id='word_1_789' title='bbox 392 5364 462 5427; x_wconf 84' lang='grc' dir='ltr'><strong><em>εἰς</em></strong></span> <span class='ocrx_word' id='word_1_790' title='bbox 508 5364 845 5440; x_wconf 82' lang='grc' dir='ltr'><strong>ἁμαρτωλοὺς</strong></span> <span class='ocrx_word' id='word_1_791' title='bbox 897 5371 1330 5437; x_wconf 88' lang='grc' dir='ltr'><strong>μετανοοῦνταςὴ</strong></span> <span class='ocrx_word' id='word_1_792' title='bbox 1365 5372 1525 5442; x_wconf 86' lang='grc' dir='ltr'><strong>χάρις</strong></span> <span class='ocrx_word' id='word_1_793' title='bbox 1554 5379 1687 5423; x_wconf 86' lang='grc' dir='ltr'><strong>Θεοῦ</strong></span> <span class='ocrx_word' id='word_1_794' title='bbox 1733 5370 1882 5425; x_wconf 68' lang='grc' dir='ltr'><strong>εὗδο-</strong></span> 
     </span>
    </p>
   </div>
   <div class='ocr_carea' id='block_1_108' title="bbox 2009 5362 3640 5447">
    <p class='ocr_par' dir='ltr' id='par_1_108' title="bbox 2009 5362 3640 5447">
     <span class='ocr_line' id='line_1_108' title="bbox 2009 5362 3640 5447; baseline -0.009 -18"><span class='ocrx_word' id='word_1_795' title='bbox 2009 5376 2133 5447; x_wconf 66' lang='lat' dir='ltr'><strong><em>;uia</em></strong></span> <span class='ocrx_word' id='word_1_796' title='bbox 2151 5378 2491 5446; x_wconf 90' lang='lat' dir='ltr'><strong><em>peccatores</em></strong></span> <span class='ocrx_word' id='word_1_797' title='bbox 2512 5386 2753 5442; x_wconf 89' lang='lat' dir='ltr'><strong><em>quoque</em></strong></span> <span class='ocrx_word' id='word_1_798' title='bbox 2774 5369 3188 5440; x_wconf 89' lang='lat' dir='ltr'><strong><em>resipiscentes</em></strong></span> <span class='ocrx_word' id='word_1_799' title='bbox 3210 5366 3399 5435; x_wconf 89' lang='lat' dir='ltr'><strong><em>gratia</em></strong></span> <span class='ocrx_word' id='word_1_800' title='bbox 3427 5362 3525 5417; x_wconf 92' lang='lat' dir='ltr'><strong><em>Dei</em></strong></span> <span class='ocrx_word' id='word_1_801' title='bbox 3544 5362 3640 5415; x_wconf 90' lang='lat' dir='ltr'><strong><em>be-</em></strong></span> 
     </span>
    </p>
   </div>
   <div class='ocr_carea' id='block_1_109' title="bbox 279 5450 1910 5535">
    <p class='ocr_par' dir='ltr' id='par_1_109' title="bbox 279 5450 1881 5535">
     <span class='ocr_line' id='line_1_109' title="bbox 279 5450 1881 5535; baseline 0.005 -30"><span class='ocrx_word' id='word_1_802' title='bbox 279 5458 379 5505; x_wconf 86' lang='grc' dir='ltr'><strong>κεῖ.</strong></span> <span class='ocrx_word' id='word_1_803' title='bbox 413 5457 483 5506; x_wconf 90' lang='lat' dir='ltr'><strong><em>T6</em></strong></span> <span class='ocrx_word' id='word_1_804' title='bbox 526 5456 627 5527; x_wconf 84' lang='grc' dir='ltr'><strong><em>γὰρ</em></strong></span> <span class='ocrx_word' id='word_1_805' title='bbox 670 5455 806 5506; x_wconf 86' lang='grc' dir='ltr'><strong>κατὰ</strong></span> <span class='ocrx_word' id='word_1_806' title='bbox 842 5456 1004 5529; x_wconf 89' lang='grc' dir='ltr'><strong>χάριν</strong></span> <span class='ocrx_word' id='word_1_807' title='bbox 1059 5450 1402 5528; x_wconf 82' lang='grc' dir='ltr'><strong>δωρούμενον,</strong></span> <span class='ocrx_word' id='word_1_808' title='bbox 1453 5458 1625 5512; x_wconf 83' lang='grc' dir='ltr'><strong>ούκέτι</strong></span> <span class='ocrx_word' id='word_1_809' title='bbox 1664 5460 1711 5511; x_wconf 84' lang='grc' dir='ltr'><strong>ἐν</strong></span> <span class='ocrx_word' id='word_1_810' title='bbox 1753 5481 1881 5535; x_wconf 84' lang='grc' dir='ltr'><strong>παρ-</strong></span> 
     </span>
    </p>
   </div>
   <div class='ocr_carea' id='block_1_110' title="bbox 2008 5450 3639 5535">
    <p class='ocr_par' dir='ltr' id='par_1_110' title="bbox 2008 5451 3639 5533">
     <span class='ocr_line' id='line_1_110' title="bbox 2008 5451 3639 5533; baseline -0.009 -15"><span class='ocrx_word' id='word_1_811' title='bbox 2008 5463 2198 5520; x_wconf 70' lang='grc' dir='ltr'><strong>]θνοΙθ</strong></span> <span class='ocrx_word' id='word_1_812' title='bbox 2218 5460 2489 5533; x_wconf 88' lang='lat' dir='ltr'><strong><em>suscipit.</em></strong></span> <span class='ocrx_word' id='word_1_813' title='bbox 2516 5461 2683 5526; x_wconf 92' lang='lat' dir='ltr'><strong><em>Quod</em></strong></span> <span class='ocrx_word' id='word_1_814' title='bbox 2705 5461 2861 5516; x_wconf 87' lang='lat' dir='ltr'><strong><em>enim</em></strong></span> <span class='ocrx_word' id='word_1_815' title='bbox 2881 5475 2985 5531; x_wconf 88' lang='lat' dir='ltr'><strong><em>per</em></strong></span> <span class='ocrx_word' id='word_1_816' title='bbox 3007 5457 3257 5530; x_wconf 88' lang='lat' dir='ltr'><strong><em>gratiam</em></strong></span> <span class='ocrx_word' id='word_1_817' title='bbox 3278 5456 3553 5515; x_wconf 87' lang='lat' dir='ltr'><strong><em>donatur,</em></strong></span> <span class='ocrx_word' id='word_1_818' title='bbox 3581 5451 3639 5505; x_wconf 90' lang='lat' dir='ltr'><strong><em>id</em></strong></span> 
     </span>
    </p>
   </div>
   <div class='ocr_carea' id='block_1_111' title="bbox 346 5595 1977 5671">
    <p class='ocr_par' dir='ltr' id='par_1_111' title="bbox 346 5595 1977 5671">
     <span class='ocr_line' id='line_1_111' title="bbox 346 5595 1977 5671; baseline 0.006 -19"><span class='ocrx_word' id='word_1_819' title='bbox 346 5595 724 5671; x_wconf 27' lang='lat' dir='ltr'><strong><em>3{Matthtig</em></strong></span> <span class='ocrx_word' id='word_1_820' title='bbox 778 5598 860 5653; x_wconf 83' lang='grc'><strong><em>11.</em></strong></span> <span class='ocrx_word' id='word_1_821' title='bbox 941 5599 982 5635; x_wconf 74' lang='grc' dir='ltr'><strong><em>⁸ο</em></strong></span> <span class='ocrx_word' id='word_1_822' title='bbox 1026 5598 1236 5669; x_wconf 87' lang='lat' dir='ltr'><strong><em>Ephes.</em></strong></span> <span class='ocrx_word' id='word_1_823' title='bbox 1263 5616 1321 5666; x_wconf 82' lang='grc' dir='ltr'><strong><em>ιι,</em></strong></span> <span class='ocrx_word' id='word_1_824' title='bbox 1390 5604 1472 5656; x_wconf 83' lang='grc'>14.</span> <span class='ocrx_word' id='word_1_825' title='bbox 1552 5603 1643 5657; x_wconf 72' lang='lat' dir='ltr'><strong><em>“l</em></strong></span> <span class='ocrx_word' id='word_1_826' title='bbox 1696 5605 1823 5660; x_wconf 89' lang='lat' dir='ltr'><strong><em>Cor.</em></strong></span> <span class='ocrx_word' id='word_1_827' title='bbox 1857 5622 1977 5671; x_wconf 84' lang='lat' dir='ltr'><strong><em>xm,</em></strong></span> 
     </span>
    </p>
   </div>
   <div class='ocr_carea' id='block_1_112' title="bbox 1962 5595 3593 5671">
    <p class='ocr_par' dir='ltr' id='par_1_112' title="bbox 1967 5601 3593 5671">
     <span class='ocr_line' id='line_1_112' title="bbox 1967 5601 3593 5671; baseline -0.006 -9"><span class='ocrx_word' id='word_1_828' title='bbox 1967 5646 1981 5671; x_wconf 93' lang='lat'><strong><em>,</em></strong></span> <span class='ocrx_word' id='word_1_829' title='bbox 2032 5612 2115 5662; x_wconf 86' lang='grc'>12.</span> <span class='ocrx_word' id='word_1_830' title='bbox 2192 5608 2276 5662; x_wconf 77' lang='lat'><strong><em>&quot;1</em></strong></span> <span class='ocrx_word' id='word_1_831' title='bbox 2311 5609 2438 5663; x_wconf 88' lang='lat' dir='ltr'><strong><em>Cor.</em></strong></span> <span class='ocrx_word' id='word_1_832' title='bbox 2496 5622 2554 5670; x_wconf 82' lang='grc' dir='ltr'><strong><em>ιι,</em></strong></span> <span class='ocrx_word' id='word_1_833' title='bbox 2587 5610 2639 5660; x_wconf 86' lang='grc'><strong><em>9.</em></strong></span> <span class='ocrx_word' id='word_1_834' title='bbox 2716 5607 2762 5640; x_wconf 69' lang='lat'><strong><em>‘3</em></strong></span> <span class='ocrx_word' id='word_1_835' title='bbox 2808 5607 3083 5667; x_wconf 79' lang='lat' dir='ltr'><strong><em>Act.x1v,</em></strong></span> <span class='ocrx_word' id='word_1_836' title='bbox 3146 5604 3227 5658; x_wconf 81' lang='lat' dir='ltr'><strong><em>t5.</em></strong></span> <span class='ocrx_word' id='word_1_837' title='bbox 3309 5601 3405 5653; x_wconf 74' lang='grc' dir='ltr'><strong><em>ιιι</em></strong></span> <span class='ocrx_word' id='word_1_838' title='bbox 3465 5602 3593 5657; x_wconf 83' lang='lat' dir='ltr'><strong><em>Cor.</em></strong></span> 
     </span>
    </p>
   </div>
   <div class='ocr_carea' id='block_1_113' title="bbox 270 5666 1901 5751">
    <p class='ocr_par' dir='ltr' id='par_1_113' title="bbox 270 5666 1901 5741">
     <span class='ocr_line' id='line_1_113' title="bbox 270 5666 1901 5741; baseline 0.006 -18"><span class='ocrx_word' id='word_1_839' title='bbox 270 5683 332 5736; x_wconf 85' lang='grc' dir='ltr'><strong><em>ιι,</em></strong></span> <span class='ocrx_word' id='word_1_840' title='bbox 366 5666 454 5722; x_wconf 82' lang='grc'>10.</span> <span class='ocrx_word' id='word_1_841' title='bbox 534 5668 580 5703; x_wconf 68' lang='grc'><strong><em>⁸⁵</em></strong></span> <span class='ocrx_word' id='word_1_842' title='bbox 609 5668 824 5740; x_wconf 89' lang='lat' dir='ltr'><strong><em>Ephes.</em></strong></span> <span class='ocrx_word' id='word_1_843' title='bbox 880 5686 961 5740; x_wconf 83' lang='grc' dir='ltr'><strong>ιιι,</strong></span> <span class='ocrx_word' id='word_1_844' title='bbox 992 5666 1193 5738; x_wconf 42' lang='lat'><strong><em>16,17.</em></strong></span> <span class='ocrx_word' id='word_1_845' title='bbox 1273 5673 1320 5708; x_wconf 81' lang='grc'><strong><em>⁴⁶</em></strong></span> <span class='ocrx_word' id='word_1_846' title='bbox 1375 5673 1420 5727; x_wconf 87' lang='lat' dir='ltr'><strong><em>ll</em></strong></span> <span class='ocrx_word' id='word_1_847' title='bbox 1453 5674 1579 5731; x_wconf 88' lang='lat' dir='ltr'><strong><em>Cor.</em></strong></span> <span class='ocrx_word' id='word_1_848' title='bbox 1614 5691 1695 5741; x_wconf 83' lang='lat' dir='ltr'><strong><em>Ill,</em></strong></span> <span class='ocrx_word' id='word_1_849' title='bbox 1735 5680 1818 5732; x_wconf 89' lang='grc'>17.</span> <span class='ocrx_word' id='word_1_850' title='bbox 1897 5694 1901 5707; x_wconf 65' lang='grc' dir='ltr'><strong><em>ι</em></strong></span> 
     </span>
    </p>
   </div>
   <div class='ocr_carea' id='block_1_114' title="bbox 1432 5666 3063 5751">
    <p class='ocr_par' dir='ltr' id='par_1_114' title="bbox 1453 5666 3063 5751">
     <span class='ocr_line' id='line_1_114' title="bbox 1453 5666 3063 5751; baseline -0.002 -22"><span class='ocrx_word' id='word_1_851' title='bbox 1453 5674 1579 5731; x_wconf 89' lang='lat' dir='ltr'><strong><em>Cor.</em></strong></span> <span class='ocrx_word' id='word_1_852' title='bbox 1614 5691 1695 5741; x_wconf 82' lang='lat' dir='ltr'><strong><em>Ill,</em></strong></span> <span class='ocrx_word' id='word_1_853' title='bbox 1735 5680 1818 5732; x_wconf 86' lang='lat' dir='ltr'><strong><em>t7.</em></strong></span> <span class='ocrx_word' id='word_1_854' title='bbox 1897 5666 2142 5736; x_wconf 71' lang='lat' dir='ltr'><strong><em>&quot;Rom.</em></strong></span> <span class='ocrx_word' id='word_1_855' title='bbox 2180 5694 2296 5746; x_wconf 81' lang='lat' dir='ltr'>V111,</span> <span class='ocrx_word' id='word_1_856' title='bbox 2352 5683 2400 5735; x_wconf 91' lang='lat'><strong><em>9.</em></strong></span> <span class='ocrx_word' id='word_1_857' title='bbox 2483 5666 2781 5751; x_wconf 49' lang='lat' dir='ltr'><strong><em>“Ephes.</em></strong></span> <span class='ocrx_word' id='word_1_858' title='bbox 2838 5693 2916 5742; x_wconf 81' lang='lat' dir='ltr'><strong><em>1v,</em></strong></span> <span class='ocrx_word' id='word_1_859' title='bbox 2982 5680 3063 5729; x_wconf 89' lang='grc'>13.</span> 
     </span>
    </p>
   </div>
  </div>
