4130 6286
533 287 638 342 ’755

530 503 894 570 inﬁrmitate,
956 504 1171 566 metiri;
1222 503 1364 572 quia
1421 502 1611 570 gratia
1659 502 1787 572 jam
1841 517 1962 556 non
2025 507 2180 556 esset

531 594 746 663 gratia,
772 591 874 646 sed
893 592 950 646 in
983 593 1168 646 Deum
1191 591 1664 660 omnipotentem
1687 590 2016 656 credentes,
2039 592 2178 646 sim-

536 682 667 753 plici
695 688 749 737 et
782 681 936 735 curis
965 696 1152 735 vacuo
1182 680 1360 734 corde
1393 680 1754 734 accedamus
1785 680 1859 735 ad
1888 696 2047 742 eum,
2078 682 2178 753 qui

529 785 636 840 per
649 769 829 825 ﬁdem
846 768 1364 839 participationem
1383 769 1632 840 Spiritus
1646 768 1910 836 largitur,
1935 783 2054 822 non
2075 783 2179 839 per

528 858 1019 913 assimilationem
1043 874 1293 929 operum
1315 858 1450 912 lidei
1477 875 1488 909 :
1516 857 1916 928 inquitenim:
1949 858 2086 913 Non
2104 872 2179 913 ex

527 947 804 1015 operibus
841 947 981 1016 tegis
1020 947 1310 1016 Spiritum
1343 947 1679 1016 accepistis,
1727 947 1828 1002 sed
1858 962 1931 1003 ea:
1967 947 2178 1002 auditu

526 1037 667 1103 ﬁdei
687 1038 754 1087 ‘9.

538 1201 540 1203 .
597 1162 735 1216 Vlll.
759 1161 1175 1232 Interrogatio.
1205 1162 1443 1230 Dixisti,
1467 1163 1664 1218 omnia
1687 1161 2089 1232 spirituatiter
2114 1161 2176 1215 in

525 1251 729 1305 anima
745 1252 1203 1307 esserecondita.
1233 1252 1386 1318 Quid
1405 1258 1485 1308 est
1505 1267 1642 1322 ergo
1661 1270 1720 1308 .·‹‹
1763 1253 1904 1306 Voto
1917 1251 2179 1322 quinque

524 1340 706 1395 verba
740 1341 801 1394 in
842 1341 1111 1396 Ecclesia
1141 1347 1333 1396 mente
1363 1357 1489 1397 mea
1513 1342 1759 1412 loqui“.
1791 1360 1820 1392 ν

597 1466 936 1535 Responsio.
969 1466 1225 1521 Ecclesia
1250 1468 1308 1521 in
1335 1466 1573 1521 duabus
1602 1467 1871 1536 personis
1907 1465 2177 1535 intelligi-

524 1558 638 1618 tur,
684 1555 1145 1624 congregatione
1177 1555 1395 1610 scilicet
1428 1555 1712 1619 ﬁdelium,
1750 1561 1805 1609 et
1843 1555 1901 1609 in
1939 1571 2178 1610 concre-

523 1645 682 1698 tione
713 1645 950 1698 animte.
984 1646 1034 1700 Si
1070 1660 1209 1714 ergo
1243 1645 1624 1714 spiritualiter
1665 1645 1723 1698 in
1759 1644 1998 1699 homine
2031 1645 2178 1699 acci-

523 1733 738 1802 piatur,
780 1733 1026 1788 ecclesia
1057 1739 1144 1787 est
1184 1737 1302 1787 tota
1344 1734 1471 1802 ejus
1517 1749 1862 1804 compages.
1901 1733 2175 1804 Quinque
2215 1763 2256 1818 Β

521 1825 717 1876 autem
740 1822 923 1876 verba
946 1830 1082 1876 sunt
1104 1823 1366 1882 virtutes,
1389 1822 1606 1894 quibus
1625 1822 2173 1893 comprehenditur,

519 1924 655 1980 quae
687 1915 876 1965 totum
907 1911 1214 1964 hominem
1248 1918 1620 1975 construunt,
1655 1913 1831 1965 variis
1866 1912 2057 1966 modis
2090 1913 2175 1967 di-

519 1998 680 2052 visae.
698 1998 1220 2062 Quemadmodum
1242 1999 1398 2053 enim
1417 2000 1518 2070 qui
1538 2000 1871 2070 loquiturin
1900 2002 2173 2064 Domino,

520 2086 904 2158 perquinque
921 2087 1102 2142 verba
1118 2104 1361 2142 omnem
1377 2088 1790 2159 complectitur
1804 2091 2173 2160 sapientiam;

520 2175 606 2231 sic
648 2177 751 2248 qui
805 2177 1076 2248 sequitur
1107 2178 1425 2233 Dominum
1473 2194 1579 2249 per
1605 2180 1871 2250 quinque
1911 2180 2174 2244 virtutes,

1828 286 1882 340 S.
1929 283 2230 341 MACARII
2271 279 2576 338 )EGYPTII

531 430 653 472 non
677 414 812 470 licet
840 414 1118 485 amplius,
1161 413 1570 484 comparando
1611 429 1748 468 cum
1793 413 2169 468 antecedente

2288 417 2520 480 εικασμῷ
2612 418 2700 471 τῆς

3781 284 3895 340 756

2791 410 3158 482 προλαϐούσης
3237 412 3502 472 ἀσθενείας
3593 415 3895 483 μετρεῖται.

2289 498 2394 552 ἐπεὶ
2431 502 2460 557 ἡ
2503 502 2665 573 χάρις
2704 500 2872 553 ούκέτι
2916 504 3028 554 ἐστὶ
3058 504 3235 575 χάρις,
3281 501 3407 554 ἀλλὰ
3444 509 3517 571 τῷ
3557 497 3892 553 παντοδυνοί-

2288 610 2369 660 μῳ
2411 596 2525 659 Θεῷ
2555 593 2946 655 πιστεύσαντες,
3007 591 3166 663 ἁπλῆ,
3215 597 3303 644 καὶ
3350 593 3640 664 ἀπεριέργῳ
3693 586 3904 664 καρδίᾳ

2289 678 2647 750 προσέλθωμεν
2703 688 2775 748 τῷ
2852 676 2945 732 διὰ
3009 684 3232 741 πίστεως
3292 685 3380 738 τὴν
3447 683 3727 751 μετουσίαν
3803 686 3901 730 τοῦ

2291 769 2580 838 Πνεύματος
2622 769 2977 841 χαριζομένῳ,
3027 774 3115 822 καὶ
3163 769 3222 821 ού
3255 766 3348 822 διὰ
3393 775 3757 840 παρεικασμοῦ
3814 773 3902 820 πί-

2293 875 2451 918 στεως
2473 860 2668 930 ἔργων·
2703 863 2834 929 φησί
2863 861 2988 931 γὰρ,
3022 859 3150 910 Ούκ
3190 858 3253 921 ἕξ
3313 862 3509 931 ἔργων
3563 864 3757 929 νόμου
3828 860 3900 909 τὸ

2291 953 2541 1018 Πνεῦμα
2569 945 2848 1011 ἐλάϐετε,
2891 947 3046 999 ἀλλὰ
3084 943 3165 1000 δι’
3208 947 3403 1009 ἀκοῆς
3441 952 3746 1008 πίστεως.

2362 1069 2439 1124 H'.
2473 1070 2839 1144 Ἐρώτησις.
2899 1073 3106 1135 Εἶπες,
3182 1073 3387 1124 πάντα
3450 1076 3510 1124 ἐν
3558 1079 3631 1143 τῇ
3705 1071 3892 1144 ψυχῇ

2287 1168 2742 1230 πνευματικῶς
2781 1160 3340 1236 ἀποκρύπτεσθαι,
3372 1165 3432 1214 τί
3479 1159 3640 1226 ἐστι,
3675 1161 3897 1214 «Θέλω

2287 1253 2478 1301 πέντε
2516 1248 2742 1320 λόγους
2795 1249 2854 1301 ίν
2907 1249 3224 1321 ἐκκλησίᾳ
3285 1246 3396 1303 διὰ
3445 1257 3554 1303 τοῦ
3594 1255 3732 1312 νοός
3770 1269 3895 1321 μου

2287 1337 2612 1405 λαλῆσαι;
2648 1359 2676 1389 ››

2363 1465 2411 1514 Ἀ
2435 1469 2591 1537 πόκρ
2610 1483 2757 1524 ισις.
2794 1463 3080 1522 Ἐκκλησία
3102 1462 3148 1515 έν
3182 1460 3309 1516 δυσὶ
3340 1468 3639 1537 προσώποις
3667 1471 3886 1528 νοεῖται,

2288 1561 2359 1623 τῷ
2403 1557 2702 1624 συστήματι
2748 1562 2846 1604 τῶν
2899 1561 3116 1617 πιστῶν,
3167 1558 3256 1604 καὶ
3313 1560 3383 1622 τῷ
3434 1557 3751 1628 συγκρίματι
3799 1560 3903 1613 τῆς

2287 1642 2493 1713 ψυχῆς.
2562 1642 2721 1694 ’Ὅταν
2788 1638 2873 1693 οὖν
2927 1651 3286 1713 πνευματικῶς
3348 1643 3418 1704 εἰς
3482 1645 3568 1694 τὸν
3626 1643 3903 1714 ἄνθρωπον

2287 1731 2631 1802 λαμϐαναται,
2681 1731 2966 1789 Ἐκκλησία
3018 1731 3160 1782 ἐστὶν
3211 1730 3322 1782 ὂλον
3371 1730 3529 1782 αύτοῦ
3559 1735 3613 1782 τὸ
3675 1733 3903 1800 σύγκρι-

2288 1841 2380 1892 μα.
2419 1825 2570 1872 Πέντε
2609 1817 2668 1872 δὲ
2714 1820 2858 1891 λόγοι
2893 1821 3024 1873 εἰσὶν
3077 1821 3132 1871 αἱ
3167 1826 3484 1892 περιεκτικαὶ
3535 1820 3732 1894 ἀρεταὶ,
3781 1820 3903 1871 ὅλον

2288 1914 2372 1962 τὸν
2417 1912 2683 1984 ἄνθρωπον
2741 1907 3147 1982 οἰκοδομοῦσαι,
3201 1909 3538 1982 πολυτρόπως
3589 1907 3908 1982 διαιρούμε-

2288 2020 2390 2053 ναι.
2435 1999 2632 2074 Ὠσπερ
2683 2002 2782 2070 γὰρ
2833 2002 2857 2051 6
2911 1999 3078 2051 λαλῶν
3110 1999 3156 2051 ἐν
3208 2004 3404 2074 Κυρίῳ,
3465 1996 3557 2051 διὰ
3608 2007 3705 2050 τῶν
3753 2004 3906 2052 πέντε

2287 2089 2449 2160 λόγων
2499 2095 2669 2140 πᾶσαν
2722 2088 3012 2162 περιέλαϐεν
3071 2093 3162 2146 τὴν
3219 2093 3435 2160 σοφίαν·
3486 2088 3645 2148 οὕτως
3703 2089 3727 2138 6
3777 2086 3907 2140 ἀκο-

2285 2179 2479 2230 λουθῶν
2510 2186 2580 2247 τῷ
2632 2182 2805 2252 Κυρίῳ
2861 2175 2954 2230 διὰ
3003 2186 3102 2229 τῶν
3156 2182 3303 2230 πέντε
3352 2176 3543 2251 ἀρετῶν
3576 2176 3768 2235 πολλὴν
3822 2180 3904 2230 οἱ-

2287 2265 2504 2338 κοδομεῖ
2532 2270 2624 2324 τήν
2676 2266 2956 2321 εὐσέϐειαν.
2993 2271 3144 2320 Πέντε
3185 2268 3286 2341 γὰρ
3358 2263 3514 2319 οὖσαι
3566 2266 3745 2327 λοιπὰς
3798 2269 3902 2318 ποί-

3321 2359 3516 2409 Λοιπὸν
3600 2357 3897 2430 ἐγκράτεια,

517 2281 905 2336 summopere
925 2266 1157 2337 pietatis
1180 2267 1400 2322 cultum
1426 2268 1696 2322 aedificat.
1719 2269 1860 2332 Quae
1896 2285 2030 2322 cum
2064 2268 2178 2323 sint

517 2354 813 2426 quinque,
857 2355 1118 2426 reliquas
1150 2372 1360 2411 omnes
1402 2357 1941 2426 comprehendunt,
1984 2358 2179 2427 prima

516 2443 806 2498 nimirum
840 2446 1128 2499 oratione.
1165 2447 1400 2500 Caeterae
1429 2446 1813 2510 continentia,
1847 2447 2178 2502 misericor-

521 2530 642 2599 dia,
673 2537 1016 2603 paupertas.
1051 2533 1498 2603 longanimitas,
1533 2534 1624 2588 hee
1652 2535 1948 2589 desiderio
1975 2552 2044 2591 ac
2077 2553 2178 2592 vo-

513 2621 750 2676 luntate
782 2621 1142 2693 implentur;
1191 2629 1446 2694 suntque
1489 2624 1668 2678 verba
1700 2625 1934 2689 animae,
1971 2641 2106 2697 quas
2145 2642 2180 2681 a

517 2709 772 2765 Domino
803 2711 1205 2780 proferuntur,
1241 2718 1295 2766 et
1325 2713 1382 2766 in
1411 2712 1586 2766 corde
1613 2713 2034 2768 exaudiuntur-
2072 2717 2177 2770 Do-

516 2797 720 2853 minus
752 2799 914 2854 enim
947 2807 1257 2871 operatur,
1299 2807 1354 2855 et
1385 2806 1523 2855 tunc
1557 2801 2091 2874 Spiritusloquitur
2117 2805 2176 2860 in

511 2886 811 2943 intellectu
844 2905 854 2942 :
895 2894 949 2944 et
978 2905 1080 2943 cor
1097 2894 1395 2960 quantum
1421 2889 1741 2956 desiderat,
1771 2896 2001 2947 tantum
2033 2908 2180 2965 quO'

516 2992 633 3048 que
663 2976 724 3031 in
757 2981 964 3049 aperto
991 2984 1296 3049 operatur.

2291 2377 2385 2418 σας
2444 2359 2751 2430 περιέχουσι
2814 2362 2988 2429 πρώτη
3077 2357 3233 2428 εύχῆ.

2288 2445 2627 2516 ἐλεημοσύνη,
2678 2450 2936 2515 πτωχεία,
2992 2447 3348 2516 μακροθυμία,
3409 2451 3576 2495 ταῦτα
3630 2447 3774 2515 πόθῳ
3800 2449 3895 2497 καὶ

2287 2538 2587 2607 προαιρέσει
2636 2533 3025 2606 ἐπιτελούμενα·
3081 2533 3222 2605 λόγοι
3271 2534 3369 2586 εἰσὶ
3427 2533 3616 2604 ψυχῆς
3647 2535 3746 2585 ὑπὸ
3790 2541 3894 2587 Κυ-

2285 2627 2401 2697 ρίου
2467 2623 2788 2695 λαλούμενοι,
2848 2629 2936 2675 καὶ
2989 2623 3087 2675 {me
3162 2619 3383 2696 καρδίας
3445 2621 3768 2694 ἀκουόμενοι.
3831 2623 3889 2675 Ὁ

2285 2715 2383 2785 γὰρ
2416 2715 2602 2784 Κύριος
2646 2711 2872 2784 ἐνεργεῖ·
2925 2716 3012 2763 καὶ
3066 2715 3122 2763 τὸ
3179 2719 3383 2784 Πνεῦμα
3414 2716 3528 2763 τότε
3558 2720 3735 2784 νοερῶς
3798 2711 3887 2763 λα-

2286 2801 2360 2853 λεῖ
2389 2806 2476 2853 καὶ
2517 2803 2545 2859 ἡ
2601 2798 2797 2875 καρδία
2826 2802 2948 2853 ὅσον
3006 2799 3260 2866 ἐπιποθεῖ,
3317 2807 3565 2854 τοσοῦτον
3595 2805 3677 2852 καὶ
3727 2820 3876 2870 φανε-

2287 2899 2389 2964 ρῶς
2428 2890 2663 2942 ἐπιτελεῖ.

2360 3104 2439 3158 ϐ’.
2475 3107 2540 3160 Αἱ
2593 3100 2651 3156 δὲ
2679 3102 2858 3178 ἀρεταὶ
2888 3106 3008 3156 ὅσον
3039 3105 3143 3156 εἰσὶ
3200 3108 3524 3177 περιεκτικαὶ
3553 3111 3747 3167 πασῶν,
3794 3121 3874 3154 το-

2286 3202 2470 3246 σοῦτον
2519 3193 2748 3250 ἀλλήλων
2799 3198 3116 3264 γεννητικαί.
3167 3200 3274 3254 Τῆς
3319 3200 3532 3266 πρώτης
3571 3195 3670 3264 γὰρ
3724 3192 3880 3244 ἀπού-

2283 3302 2402 3348 σης,
2448 3283 2782 3355 ἀναιροῦνται
2834 3289 3020 3336 πᾶσαι.
3071 3282 3292 3352 Ὀμοίως
3337 3278 3431 3334 διὰ
3461 3291 3556 3342 τῆς
3616 3278 3877 3355 δευτέρας,

2279 3375 2333 3425 αί
2376 3372 2690 3424 ἀκόλουθοι·
2753 3374 3000 3434 ὡσαύτως
3031 3374 3085 3423 αἱ
3133 3371 3374 3433 καθεξῆς.
3432 3378 3542 3431 Πῶς
3595 3374 3694 3442 γὰρ
3750 3371 3882 3433 εύξε-

2278 3467 2363 3514 ταί
2407 3482 2480 3522 τις
2531 3466 2602 3533 μὴ
2637 3463 2735 3512 ύπό
2793 3464 3084 3532 Πνεύματος
3130 3463 3452 3534 ἱνεργηθείςς
3512 3465 3602 3512 καὶ
3633 3466 3886 3534 μαρτυρεί

2277 3573 2366 3626 μοι
2410 3554 2439 3609 ἡ
2478 3555 2651 3622 Γραφὴ
2703 3549 2950 3620 λέγουσα,
3003 3547 3253 3610 Ούδεὶς
3321 3547 3595 3602 δύναται
3678 3549 3886 3602 εἰπεῖν

2283 3644 2512 3712 Κύριον
2552 3639 2823 3703 Ἰησοῦν,
2858 3640 3026 3710 εἰμὴ
3067 3639 3126 3691 ἐν
3169 3641 3494 3711 Πνεύματι
3549 3639 3735 3709 ἁγίῳ,
3773 3646 3885 3699 Πῶς

2279 3727 2336 3802 δε
2366 3731 2605 3799 ὑπομενεῖ
2628 3729 2653 3778 6
2679 3733 2844 3802 χωρὶς
2871 3728 3032 3798 εύχῆς
3064 3727 3500 3800 ἐγκρατευόμενος
3533 3726 3874 3794 ἀϐοηθητως;

2273 3801 2330 3871 ιΟ
2359 3814 2415 3870 δὲ
2447 3817 2493 3868 ἐν
2523 3822 2678 3869 παντὶ
2708 3801 2777 3887 μῆ
2809 3817 3262 3889 ἐγκρατευόμενος,
3295 3826 3403 3878 πῶς
3432 3816 3632 3875 ἐλεήσει
3661 3822 3752 3869 τὸν
3779 3838 3877 3870 πει-

2274 3911 2486 3964 νῶνταῆ
2537 3903 2826 3958 ἀδικοῦντα
2851 3923 2863 3972 ;
2893 3907 2950 3958 Ὀ
2983 3904 3041 3959 δε
3067 3907 3158 3958 οὐκ
3214 3905 3379 3970 ἐλεῶν,
3413 3902 3537 3958 ούδε
3589 3911 3882 3978 πτωχεύειν

2273 3999 2516 4057 ἑκουσίως
2563 3993 2937 4067 καταδέχεται.
2993 3999 3150 4049 Πάλιν
3206 3993 3264 4049 δε
3294 4005 3387 4058 τῆς
3437 4005 3536 4048 τῶν
3587 4000 3881 4069 χρημάτων

2272 4079 2548 4157 ἐπιθυμίας
2578 4087 2602 4136 ὁ
2633 4087 2789 4156 θυμὸς
2839 4089 3138 4157 σύντροφος,
3196 4086 3289 4136 κᾶν
3315 4087 3414 4156 ἔχη
3447 4089 3730 4156 χρήματα,
3787 4087 3879 4137 κᾶν

2269 4180 2337 4246 μὴ
2367 4178 2466 4246 ἔχη
2490 4194 2502 4207 ·
2553 4177 2582 4232 ἡ
2619 4171 2677 4227 δὲ
2719 4173 2948 4246 ἐνάρετος
2977 4173 3130 4244 ψυχὴ
3174 4175 3332 4234 οὕτως
3375 4170 3876 4245 προσοικοδομεῖται

582 3104 668 3157 ΙΧ.
697 3103 946 3158 Virtutes
980 3110 1180 3158 autem
1216 3103 1352 3168 illas,
1375 3103 1431 3158 in
1463 3109 1756 3175 quantum
1783 3122 1992 3162 omnes
2018 3125 2178 3165 com-
2207 3112 2247 3168 C

509 3192 913 3262 prehenduni,
941 3199 1170 3248 tantum
1208 3209 1336 3248 sese
1359 3199 1566 3249 mutuo
1591 3201 1897 3261 generant.
1930 3197 2175 3255 Sublata

507 3282 669 3336 enim
691 3282 908 3352 prima,
941 3282 1222 3336 tolluntur
1239 3298 1468 3338 omnes.
1490 3283 1695 3338 Itidem
1723 3300 1823 3354 per
1841 3287 2169 3343 secundam

504 3385 644 3440 quae
689 3376 1025 3441 sequuntur
1057 3387 1068 3423 :
1103 3377 1160 3425 et
1198 3372 1277 3426 ita
1308 3372 1609 3443 deinceps.
1645 3374 1770 3437 Quo
1805 3380 1977 3444 pacto
2009 3377 2169 3432 enim

504 3458 643 3528 quis
697 3459 1038 3528 precabitur
1074 3476 1193 3514 non
1223 3477 1258 3516 a
1299 3461 1517 3531 Spiritu
1550 3461 1843 3531 impulsus
1866 3464 1894 3518 ?
1927 3467 1986 3517 Et
2017 3469 2168 3520 atte-

507 3550 696 3600 statur
730 3547 875 3601 mihi
905 3548 1226 3616 Scriptura,
1258 3565 1392 3618 quae
1426 3549 1572 3602 dicit
1606 3567 1617 3604 :
1651 3551 1837 3604 Nemo
1861 3559 2050 3619 potest
2081 3555 2168 3609 di-

507 3647 643 3689 cere
659 3635 977 3689 Dominum
998 3637 1216 3701 Jesum,
1241 3638 1474 3707 nisiper
1495 3638 1786 3706 Spiritum
1808 3648 2079 3697 sanctum
2097 3645 2163 3701 ⁵¹.

503 3724 757 3793 Insuper
787 3739 907 3794 quo
936 3731 1110 3794 pacto
1154 3726 1325 3796 130
1359 3725 1589 3796 absque
1630 3729 1916 3782 orationis
1946 3731 2166 3786 auxilio

502 3811 817 3866 continens
848 3814 1220 3882 permanebit
1251 3814 1277 3868 ?
1313 3818 1375 3869 Et
1413 3816 1516 3886 qui
1549 3831 1668 3871 non
1711 3823 1796 3872 est
1829 3834 1931 3888 per
1961 3821 2166 3877 omnia

503 3901 836 3966 continens,
860 3919 981 3974 quo
1013 3910 1186 3972 pacto
1211 3905 1581 3958 miserebitur
1604 3906 1915 3960 esurientis
1945 3914 2043 3963 aut
2078 3910 2164 3966 in-

500 3991 722 4060 juriam
743 3992 941 4060 passi?
976 3995 1185 4048 Verum
1209 3994 1311 4064 qui
1337 3993 1746 4049 misericordia
1771 3997 2159 4068 nonducitur,

509 4078 602 4134 ille
635 4095 829 4152 neque
859 4088 1190 4151 spontaneo
1225 4089 1390 4136 motu
1433 4092 1843 4152 paupertatem
1878 4088 2150 4159 suscipit.

507 4171 760 4224 Rursum
795 4186 931 4225 vero
971 4170 1282 4226 iracundia
1314 4178 1400 4226 est
1448 4171 1696 4227 alumna
1740 4181 1793 4227 et
1825 4176 2021 4230 nutrix
2064 4193 2159 4231 cu-

506 4258 778 4329 piditatis
813 4261 1235 4330 pecuniarum;
1271 4260 1393 4314 sive
1418 4262 1733 4328 pecuniam
1765 4263 2000 4328 habeat,
2032 4265 2158 4323 sive

509 4363 654 4403 non.
689 4349 974 4402 Caeterum
1013 4349 1263 4418 praedita
1295 4350 1607 4404 virtutibus
1639 4351 1838 4406 anima
1863 4353 1942 4406 ita
1967 4354 2157 4410 (ediﬁ-

2268 4272 2328 4335 τῇ
2385 4263 2692 4334 Ἐκκλησία,
2728 4262 2832 4334 οὐχ
2880 4265 2958 4315 ὅτι
2990 4262 3251 4328 ἐποίησεν,
3302 4262 3408 4314 ἀλλ’
3464 4265 3543 4314 ὅτι
3602 4262 3870 4320 ἆπόθησεν.

2268 4353 2343 4405 Ού
2372 4356 2472 4426 γὰρ
2505 4357 2562 4404 τὸ
2593 4349 2730 4404 ἴδιον
2759 4355 2905 4423 ἔργον
2939 4353 3096 4412 σώζει
3130 4356 3214 4404 τὸν
3244 4353 3536 4424 ἄνθρωπον,
3572 4351 3678 4403 ἀλλ’
3705 4353 3730 4403 6
3758 4372 3872 4422 χα-

499 4436 747 4490 caturin
798 4437 1065 4502 ecclesia,
1118 4454 1234 4492 non
1267 4439 1409 4508 quia
1448 4446 1693 4511 operata
1725 4445 1830 4506 est,
1884 4442 1987 4497 sed
2014 4445 2156 4513 quia

2280 4446 2538 4514 ησάμενος
2582 4446 2674 4499 τὴν
2706 4438 2946 4512 δύναμιν.
2983 4441 3040 4494 Εἰ
3093 4441 3179 4493 οὖν
3211 4443 3450 4512 ὑπομένει
3505 4461 3582 4502 τις
3634 4444 3698 4492 τὰ
3747 4445 3863 4490 στί-

499 4523 878 4581 desideravit.
925 4529 1052 4581 Non
1094 4528 1251 4580 enim
1284 4530 1592 4597 pr0prium
1632 4545 1783 4599 opus
1822 4531 2012 4586 salvat
2049 4533 2154 4587 ho-

505 4613 750 4678 minem,
795 4615 900 4669 sed
929 4615 1030 4687 qui
1079 4617 1367 4687 operandi
1410 4616 1746 4672 facultatem
1796 4618 2059 4688 largitur.
2095 4623 2152 4676 Si

500 4717 641 4771 ergo
687 4704 819 4773 quis
877 4705 1158 4773 stigmata
1201 4706 1431 4759 Domini
1475 4706 1706 4777 perfert,
1749 4723 1822 4761 ne
1863 4709 2152 4764 existimet

501 4791 726 4863 aliquid
761 4807 909 4856 esse,
954 4793 1086 4848 licet
1117 4794 1355 4866 quidvis
1391 4795 1605 4860 fecerit,
1639 4796 1723 4850 vel
1756 4799 1952 4867 etiam,
1989 4798 2150 4869 quod

501 4897 739 4936 summo
798 4898 1001 4935 amore
1042 4888 1221 4951 atque
1261 4885 1440 4938 animi
1471 4890 1684 4939 conatu
1729 4887 1891 4956 operi
1933 4887 2149 4959 produ-

495 4969 687 5023 cendo
720 4969 1081 5024 incubuerit.
1114 4973 1192 5026 Ne
1224 4972 1399 5041 igitur
1429 4974 1728 5028 existimes
1768 4979 1822 5030 te
1857 4975 1911 5030 in
1941 4976 2149 5032 virtute

2265 4551 2442 4602 γματα
2469 4537 2560 4582 τοῦ
2582 4534 2862 4593 Δεσπότου,
2914 4534 2986 4602 μὴ
3035 4530 3185 4602 οἰηθῇ
3221 4533 3267 4582 ῐν
3297 4549 3416 4595 τινι,
3469 4531 3562 4582 κοίν
3586 4531 3638 4579 τό
3695 4531 3855 4597 τυχόν

2265 4626 2559 4684 πεποίηκεν,
2595 4617 2704 4670 ἀλλ’
2751 4623 2780 4677 ἥ
2815 4623 2966 4690 μόνον
2996 4623 3052 4671 τό
3102 4619 3400 4690 ἀγαπῆσαι,
3453 4625 3540 4671 καὶ
3591 4612 3854 4672 ἐπιτηδεῦ-

2267 4728 2355 4760 σαι
2381 4712 2509 4782 πρὸς
2539 4711 2630 4770 τὰς
2684 4707 2952 4782 ἐνεργείας.
3007 4713 3091 4766 Μὴ
3150 4705 3236 4761 οὖν
3295 4706 3456 4781 δόξῃς
3486 4711 3606 4761 ποτε
3654 4709 3696 4758 ἓν
3750 4703 3856 4777 ἁρε-

2263 4805 2323 4870 τῆ
2381 4797 2740 4871 προειληφέναι
2794 4800 2878 4847 τὸν
2943 4800 3130 4870 Κύριον
3183 4799 3318 4849 κατὰ
3365 4801 3451 4849 τόν
3509 4797 3738 4868 λέγοντα,
3787 4794 3862 4846 ότι

2262 4887 2463 4948 Οὗτός
2505 4885 2677 4937 ἐστιν
2718 4887 2742 4937 6
2783 4888 3051 4959 ἐνεργῶν
3091 4885 3149 4937 ἐν
3219 4888 3368 4958 ύμῖν
3409 4892 3515 4938 καὶ
3556 4890 3626 4938 τό
3670 4885 3863 4938 θέλειν

2259 4978 2472 5027 καὶτὸ
2513 4975 2793 5046 ἐνεργεῖν
2835 4976 2986 5048 ὑπὲρ
3030 4983 3141 5037 τῆς
3184 4973 3508 5036 εύδοκίας.

493 5058 857 5129 ριέθνθῑιίεεε
888 5060 1227 5124 Dominum,
1264 5062 1590 5117 secundum
1621 5079 1756 5117 eum
1791 5066 1892 5136 qui
1917 5065 2057 5120 dicit
2090 5083 2100 5118 :
2140 5065 2266 5134 Ipse
2291 5071 2372 5121 est
2396 5065 2500 5137 qui
2529 5071 2814 5133 operatur
2843 5065 2904 5119 in
2935 5066 3110 5128 vobis,
3138 5067 3285 5121 velte
3306 5070 3358 5122 et
3405 5065 3713 5136 perﬁcere,
3744 5080 3855 5135 pro

497 5147 649 5202 bona
683 5148 1067 5203 voluntate“.

564 5239 624 5291 Χ.
669 5235 1090 5306 Interrogatio.
1137 5238 1290 5306 Quid
1312 5241 1495 5309 igitur
1522 5243 1796 5312 praecipit
1827 5244 2146 5311 Scriptura

494 5325 720 5382 homini
745 5326 814 5394 fa
827 5342 955 5381 cere
988 5326 1014 5380 ἱ)

501 5445 506 5451 ’
563 5434 906 5504 Responsio.
922 5436 1105 5490 Antea
1123 5434 1944 5508 diximus,promptitudinem
1960 5439 2146 5494 animi

489 5520 796 5579 hominem
824 5521 1047 5580 habere
1076 5540 1111 5581 a
1132 5528 1369 5589 natura,
1401 5541 1582 5597 quam
1612 5542 1854 5598 quoque
1882 5528 2033 5582 Deus
2061 5543 2143 5583 re-

565 5668 610 5701 ‘9
645 5668 832 5723 Galat.
868 5684 948 5736 ιιι,
999 5672 1046 5723 '2.
1127 5672 1212 5725 δοί
1248 5673 1375 5727 Cor.
1431 5687 1547 5735 xw,
1591 5674 1670 5725 l9.

1751 5672 1846 5726 ³¹Ι
1903 5673 2031 5728 Cor.
2063 5689 2163 5740 xu,
2224 5677 2275 5730 3.

2328 5241 2382 5296 Γ.
2416 5248 2781 5316 Ἐρώτησις.
2823 5245 2894 5294 Τί
2941 5243 3046 5294 οὖν
3086 5244 3115 5300 ἡ
3161 5247 3368 5316 Γραφῆ
3412 5242 3846 5314 παραγγέλλει

2255 5339 2335 5400 τῷ
2377 5330 2684 5402 ἀνθρώπῳ
2725 5339 2972 5397 ποιεὶν;

2329 5438 2560 5509 Ἀπόκρ
2580 5457 2726 5498 ισις.
2759 5444 3090 5511 Προείπομεν,
3142 5440 3220 5491 ότι
3250 5442 3341 5496 τὴν
3373 5434 3714 5496 ἐπιτήδευσιν
3745 5441 3837 5510 ἔχε

2256 5529 2280 5581 6
2311 5530 2582 5601 ἄνθρωπος
2628 5530 2762 5579 κατὰ
2791 5531 2964 5600 φύσιν,
3006 5533 3094 5581 καὶ
3130 5531 3320 5586 ταύτην
3353 5529 3378 5580 6
3425 5531 3553 5588 Θεὸς
3599 5527 3863 5588 ἐπιζητεῖ.

2353 5672 2396 5709 δ’
2421 5673 2669 5745 Philipp.
2702 5689 2759 5736 ιι,
2824 5678 2905 5728 ιδ.
