4130 6286
253 261 363 317 757

1502 260 1849 317 HOMILl/E.
1890 287 1958 304 -η
1998 263 2170 320 HOM.
2206 264 2509 321 XXXVIII.

3511 264 3616 319 758

252 385 605 462 Παραγγέλλει
633 386 743 455 οὖν,
785 388 869 440 ἱνα
904 393 1103 459 πρῶτον
1141 390 1327 461 νοήσῃ,
1361 390 1449 440 καὶ
1490 390 1684 448 νοήσας
1716 384 1843 457 ἁγα-

1959 387 2150 460 quirit.
2185 388 2453 460 Praecipit
2494 388 2689 458 igitur,
2739 392 2801 445 ut
2834 388 3098 460 primum
3156 393 3510 458 cognoscat,
3561 393 3614 446 et

250 480 423 548 πήσῃ,
465 480 555 528 καὶ
590 476 838 549 θελήματι
889 472 1209 548 ἐπιτηδεύσῃ
1252 492 1265 505 ⁸
1313 477 1370 528 τὸ
1412 472 1470 527 δὲ
1510 473 1847 549 ἐνεργηθῆναι

251 569 337 618 τὸν
367 573 505 631 νοῦν,
540 566 568 625 ἦ
617 566 892 638 ὑπομεῖναι
934 568 1021 617 τόν
1053 569 1233 631 κόπον,
1278 565 1307 625 ἦ
1343 564 1544 617 τελέσαι
1573 568 1630 616 τὸ
1676 567 1843 639 ἔργον,

250 656 280 715 ἣ
313 657 475 729 χάρις
532 662 623 708 τοῦ
680 657 873 727 Κύριον
927 658 1151 728 παρέχει
1200 662 1273 726 τῷ
1325 654 1599 713 θελήσαντι
1645 659 1733 706 καὶ
1763 674 1846 707 πι-

254 747 547 798 στεύσαντι.
590 746 659 797 T6
717 741 804 797 οὖν
855 744 1052 817 θέλημα
1099 751 1192 797 τοῦ
1248 742 1522 817 ἀνθρώπου
1572 747 1640 806 ὡς
1684 746 1847 816 παρά-

253 852 441 895 στασις
470 834 796 891 ύποστατική
849 850 863 864 °
905 838 975 905 μὴ
1004 837 1260 906 παρόντος
1292 830 1350 886 δι
1388 833 1689 905 θελήματος,
1724 829 1847 886 οὐδὲ

250 922 398 983 αὐτὸς
424 923 448 975 6
490 928 615 983 Θεός
643 942 695 975 τι
720 930 878 991 ποιεῖ,
930 928 1116 994 καίπερ
1171 919 1475 995 δυνάμενος,
1510 919 1604 975 διὰ
1630 925 1689 975 τό
1721 926 1849 975 αύτ-

251 1012 499 1075 εξούσιον.
552 1011 612 1065 Ἡ
656 1010 745 1065 οὖν
799 1011 1157 1086 τελεσιουργία
1202 1032 1295 1065 του
1348 1014 1642 1084 Πνεύματος
1686 1010 1734 1064 ἐν
1775 1018 1846 1081 τῷ

254 1100 505 1173 θελήματι
561 1108 653 1154 τοῦ
708 1101 982 1174 ἀνθρώπου
1041 1109 1228 1156 κεῖται.
1284 1100 1443 1155 Πάλιν
1491 1104 1576 1154 ἐὰν
1636 1101 1747 1154 ὅλον
1788 1104 1846 1153 τό

250 1189 447 1262 θέλημα
482 1186 673 1263 δῶμεν,
733 1190 845 1243 ὅλον
897 1194 957 1243 τό
995 1193 1142 1263 ἔργον
1197 1193 1322 1263 ἡμῖν
1375 1193 1663 1263 ἐπιγράφει,
1727 1192 1849 1242 θαυ⁶

246 1283 444 1351 μαστὸς
484 1280 509 1332 ό
541 1285 672 1342 Θεὸς
710 1279 759 1333 ἐν
789 1286 943 1347 πᾶσι,
984 1285 1074 1333 καὶ
1126 1281 1467 1353 ἀπερινόητος
1494 1284 1550 1332 τό
1588 1280 1798 1332 σύνολον
1830 1297 1845 1311 ⁶

246 1369 510 1443 ἄνθρωποι
541 1366 600 1422 δι
647 1374 799 1443 μέρος
854 1389 906 1422 τι
958 1378 1058 1422 τῶν
1114 1371 1422 1442 θαυμασίων
1482 1369 1642 1421 αὑτοῦ
1680 1369 1847 1422 λαλεῖν

247 1456 633 1533 ἐπιχειροῦμεν,
684 1467 743 1531 τῇ
822 1465 996 1532 Γραφῇ
1076 1456 1479 1533 ἐπερειδόμενοι,
1543 1459 1732 1530 μᾶλλον
1789 1456 1848 1512 δι

246 1546 530 1608 ύπάύτῆς
584 1548 1004 1621 συνεταζόμενοι.
1062 1553 1168 1609 Τίς
1228 1551 1374 1619 γὰρ,
1446 1553 1621 1620 φησὶν,
1686 1550 1847 1619 ἔγνω

248 1642 389 1687 νοῦν
432 1640 714 1709 Κυρίου;
753 1640 905 1699 αὐτὸς
936 1633 995 1690 δέ
1025 1657 1177 1710 φησι,
1221 1640 1513 1699 Ποσάκις
1554 1637 1846 1697 ἠθέλησα

1956 492 2092 532 cum
2136 480 2426 546 cognorit,
2459 478 2689 549 diligat,
2722 482 2779 533 et
2817 478 3117 533 voluntate
3166 476 3502 533 incumbat.
3543 480 3612 534 Ut

1956 570 2159 622 autem
2198 574 2541 623 exerceatur
2579 583 2771 630 mens,
2806 572 2908 621 aut
2942 565 3211 621 laborem
3245 566 3473 632 toleret,
3514 571 3615 622 aut

1956 670 2109 727 opus
2136 655 2379 727 aliquod
2412 655 2697 727 perﬁciat,
2730 656 2921 724 gratia
2957 654 3188 709 Domini
3229 653 3479 723 largitur
3515 670 3617 709 vo-

1956 744 2099 800 lenti
2129 751 2184 800 et
2210 745 2495 801 credenti.
2532 746 2815 801 Voluntas
2846 760 2987 814 ergo
3018 744 3286 798 hominis
3328 749 3419 800 est
3460 743 3616 799 velut

1958 834 2321 905 adjutorium
2346 852 2377 892 a
2404 840 2617 891 natura
2644 835 2889 890 insitum
2915 850 2927 888 :
2959 833 3211 889 absente
3244 849 3382 888 vero
3407 832 3609 888 volun-

1959 929 2094 989 tate,
2125 939 2318 995 neque
2348 925 2473 997 ipse
2506 927 2655 979 Deus
2673 923 2985 995 quidpiam
3004 926 3303 993 operatur,
3334 920 3616 994 quamvis

1956 1012 2186 1084 possit;
2218 1020 2460 1085 propter
2490 1013 2740 1068 liberam
2772 1012 3056 1067 nimirum
3082 1010 3311 1066 arbitrii
3344 1010 3614 1066 volunta-

1957 1106 2099 1157 tem.
2136 1103 2411 1158 Perfectio
2452 1103 2628 1172 igitur
2666 1102 2861 1173 operis
2899 1100 3173 1171 Spiritus,
3213 1100 3271 1155 in
3314 1099 3615 1155 voluntate

1958 1191 2221 1247 hominis
2274 1193 2382 1247 sita
2428 1198 2535 1246 est.
2588 1194 2863 1254 Rursum,
2921 1190 2968 1244 si
3009 1194 3191 1244 totam
3242 1188 3613 1243 voluntatem

1958 1281 2383 1345 concedamus,
2412 1282 2708 1349 integrum
2732 1294 2887 1345 opus
2914 1278 3091 1332 nobis
3111 1277 3417 1342 adscribit,
3441 1277 3616 1332 mira-

1956 1368 2090 1425 bilis
2122 1369 2219 1425 ille
2249 1370 2402 1424 Deus
2442 1369 2499 1423 in
2533 1369 2840 1433 omnibus,
2887 1371 2943 1421 et
2973 1367 3075 1437 qui
3106 1366 3308 1421 animo
3344 1380 3617 1437 compre-

1957 1458 2137 1515 hendi
2160 1460 2407 1514 omnino
2431 1473 2549 1512 non
2585 1461 2814 1529 potest:
2851 1472 2959 1511 nos
2990 1456 3268 1510 homines
3311 1470 3450 1509 vero
3482 1469 3616 1525 por-

1959 1548 2287 1603 tiunculam
2320 1547 2583 1619 aliquam
2625 1545 2985 1601 mirabilium
3023 1545 3152 1614 ejus
3179 1542 3478 1614 explicare
3514 1559 3617 1598 co-

1958 1654 2195 1701 namur,
2235 1637 2537 1708 Scriptura
2570 1635 2712 1701 nixi,
2741 1636 2885 1707 quin
2914 1635 3108 1705 potius
3140 1633 3218 1687 ab
3256 1632 3349 1688 illa
3384 1632 3605 1689 edocti.

251 1723 637 1789 ἐπισυνάξαι
669 1728 957 1779 τὰτέκνα
998 1746 1134 1793 σου,
1168 1732 1274 1779 καὶ
1313 1727 1423 1779 ούκ
1452 1727 1842 1795 ἡθίλησατε;

1961 1727 2099 1794 Quis
2129 1726 2304 1791 enim,
2338 1725 2437 1790 ait,
2483 1726 2755 1795 cngnovit
2779 1739 3011 1779 sensum
3040 1723 3277 1777 Domini
3331 1722 3379 1755 ⁵³
3402 1722 3429 1778 ?
3484 1721 3615 1792 Ipse

247 1812 335 1875 Ὠς
367 1812 417 1865 ἐκ
453 1817 636 1867 τούτου
685 1818 966 1880 πιστεύειν,
1006 1817 1083 1868 ὄτι
1140 1816 1298 1878 αὐτὸς
1356 1818 1491 1889 ὂμᾶς
1518 1819 1844 1889 ἐπισυνάγει.

245 1900 422 1973 Ἠμῶν
478 1900 538 1956 δὲ
582 1908 739 1976 μόνον
792 1905 1089 1977 παραζητεῖ
1150 1909 1206 1957 τό
1265 1906 1486 1979 θέλημα.
1547 1912 1640 1970 Τίς
1700 1905 1758 1961 δὲ
1815 1911 1844 1967 ἡ

256 1996 542 2064 φανέρωσις
571 2000 664 2045 τοῦ
690 1992 995 2066 θελήματος,
1020 1993 1154 2067 εἰμὴ
1183 1998 1337 2056 πόνος
1368 1994 1602 2057 ἑκούσιος
1632 2012 1645 2063 ;

322 2292 423 2350 ΙΑ’.
454 2292 655 2368 Ὠσπερ
695 2297 797 2370 γὰρ
848 2293 1071 2371 σίδηρος
1100 2297 1326 2368 πρίζων,
1360 2299 1644 2364 ἐκκόπτων,
1693 2318 1849 2373 γεωρ.

249 2390 371 2454 γῶν,
402 2386 791 2456 καταφυτεύων,
828 2385 976 2447 αὐτὸς
1002 2389 1091 2459 μεν
1123 2386 1531 2460 ύποθλιϐόμενος
1568 2386 1843 2465 ἐνδίδωσι,

248 2471 381 2530 πλήν
433 2472 579 2534 ἄλλος
631 2472 773 2526 ἐστὶν
803 2476 829 2527 6
868 2484 1043 2540 κινῶν,
1100 2481 1187 2529 καὶ
1242 2476 1470 2548 ἐπάγων,
1528 2482 1619 2530 καὶ
1671 2478 1719 2531 ἐν
1774 2488 1845 2549 τῷ

253 2560 592 2637 συντριϐῆναι
642 2572 819 2637 πυρῶν
877 2570 965 2618 καὶ
1014 2564 1400 2627 ἀνακαινίζων’
1458 2568 1624 2630 οὕτως
1676 2573 1762 2621 xui
1820 2571 1845 2621 6

248 2650 518 2725 ἄνθρωπος
566 2651 659 2703 κᾶν
706 2651 950 2712 θλίϐηται
1025 2660 1113 2707 καὶ
1168 2661 1329 2727 κοπιᾴ
1402 2656 1742 2730 ἐργαζόμενος
1789 2662 1845 2711 τό

249 2737 467 2810 ἀγαθὸν,
492 2739 599 2792 ἀλλ’
632 2743 657 2793 6
692 2745 883 2814 Κύριος
928 2743 1238 2807 λανθνόντως
1270 2744 1317 2797 ἐν
1374 2746 1514 2799 αὐτῶ
1546 2747 1842 2821 ἐργάζεται,

247 2832 337 2880 καὶ
388 2830 436 2880 ἐν
494 2837 566 2900 τῷ
624 2837 881 2885 κοπιᾶσαι
935 2838 1025 2886 καὶ
1079 2833 1438 2907 συντριϐῆναι,
1480 2840 1572 2894 τὴν
1621 2834 1845 2911 καρδίαν

246 2916 538 2989 παρακαλεῖ
593 2924 681 2972 xui
736 2919 1079 2987 ἁνάκαινίζει,
1138 2926 1306 2985 καθὼς
1362 2930 1451 2977 xui
1504 2926 1529 2977 6
1578 2932 1845 3000 προφήτης

246 3004 404 3076 λέγει,
483 3011 575 3065 Μή
662 3005 1171 3072 δοξασθήσεται
1251 3012 1432 3087 ἀξίνῃ
1516 3016 1661 3067 ἄνευ
1737 3024 1847 3068 τοῦ

246 3098 649 3161 κόπτοντος;
710 3098 738 3155 ἣ
778 3098 1211 3168 ὑψωθήσεται
1275 3106 1477 3175 πρίων
1537 3104 1682 3155 ἄνευ
1736 3113 1846 3157 τοῦ

247 3181 573 3250 ἓλκοντος;
608 3185 783 3246 Οὖτως
839 3185 897 3240 δὲ
944 3187 1055 3240 ἐστι
1108 3194 1197 3241 καὶ
1237 3190 1303 3251 εἰς
1355 3195 1413 3243 τό
1462 3194 1639 3256 κακὸν,
1694 3195 1772 3246 ὅτε
1822 3197 1846 3246 6

252 3271 524 3345 ἄνθρωπος
577 3276 828 3328 ὑπακούει
885 3282 975 3330 καὶ
1035 3278 1368 3350 ἐτοιμάζεται
1425 3298 1436 3309 ·
1500 3285 1611 3333 τότε
1675 3288 1763 3335 xui
1821 3285 1846 3335 6

250 3366 485 3422 Σατανᾶς
516 3360 711 3415 ἐλαύνει
754 3370 843 3417 καὶ
872 3367 1152 3441 παροξύνει
1182 3369 1340 3420 αὑτὸν
1372 3372 1435 3430 ὡς
1484 3371 1508 3422 6
1561 3371 1763 3444 λῃστής
1790 3376 1845 3425 τὸ

246 3448 408 3520 ξίφος.
460 3448 666 3525 Σιδήρῳ
714 3450 773 3506 δὲ
811 3459 1200 3530 παρεικάσαμεν
1230 3463 1320 3515 τὴν
1351 3457 1594 3529 καρδίαν,
1630 3457 1725 3514 διὰ
1753 3467 1845 3521 τὴν

243 3536 598 3597 ἀναισθησίαν
637 3550 735 3593 τῶν
788 3547 1110 3617 πραγμάτων
1158 3552 1245 3599 καὶ
1288 3547 1477 3607 πολλὴν
1520 3555 1841 3624 σκηρότητα.

244 3626 353 3679 Ούκ
383 3624 490 3681 ἔδει
522 3626 581 3682 δὲ
625 3633 764 3702 ἡμᾶς
794 3631 995 3705 ἀγνοεῖν
1035 3638 1122 3687 τόν
1161 3644 1451 3710 κρατοῦντα
1480 3642 1547 3702 ὡς
1587 3638 1844 3699 ἀναίσθη-

240 3734 325 3777 τος
358 3714 577 3792 σίδηρος
608 3740 620 3753 ·
656 3719 765 3774 ἐπεὶ
794 3727 999 3795 ταχέως
1030 3724 1131 3777 ἀπὸ
1181 3734 1272 3779 τοῦ
1304 3735 1537 3801 γεωργοῦ
1583 3728 1737 3801 λόγου
1771 3731 1841 3791 εἰς

236 3808 323 3858 τὸν
377 3815 469 3859 τοῦ
524 3818 753 3881 πονηροῦ
808 3811 1059 3884 λογισμόν
1117 3815 1175 3867 οὐ
1232 3823 1602 3888 μετεπίπτομεν
1636 3837 1648 3851 ·
1714 3817 1842 3871 ἀλλὰ

236 3894 425 3965 μᾶλλον
474 3898 542 3959 ὡς
574 3899 598 3948 6
653 3896 779 3971 βοῦς
823 3906 913 3953 xui.
951 3904 977 3954 6
1009 3907 1119 3966 ὄνος
1176 3902 1371 3957 εἰδέναι
1423 3910 1509 3957 τόν
1567 3906 1840 3960 ἐλαύνοντα

236 3989 325 4035 xui
355 3981 654 4055 όὸηγοῦντα
677 3992 811 4040 κατὰ
842 3987 1079 4044 διάνοιαν
1106 4013 1119 4026 ·
1148 4000 1279 4064 φησὶ
1313 3998 1436 4066 γὰρ,
1464 3994 1660 4066 Ἔγνω
1690 3994 1838 4068 βοῦς

235 4074 345 4123 τὸν
412 4077 841 4147 κτησάμενον,
905 4084 1012 4131 καὶ
1079 4084 1210 4141 ὄνος
1276 4087 1387 4141 τήν
1455 4086 1690 4154 φάτνην
1731 4092 1838 4136 τοῦ

234 4164 462 4234 κυρίου
506 4162 726 4232 αὐτοῦ,
771 4167 1032 4239 Ἰσραήλ
1075 4164 1143 4221 δέ
1182 4188 1253 4240 με
1293 4171 1403 4223 οὐκ
1441 4174 1618 4242 ἔγνω.
1662 4172 1839 4235 Εύξώ-

231 4250 364 4320 μεθα
413 4255 581 4303 τοίνυν
635 4249 890 4316 δέξασθαι
918 4265 1115 4326 γνῶσιν
1166 4266 1319 4324 Θεοῦ,
1382 4265 1472 4312 xui
1504 4269 1836 4333 πνευματικῷ

232 4335 584 4399 παιδευθῆναι
612 4346 752 4415 νόμῳ
802 4343 873 4406 εἰς
937 4346 1266 4421 ύπούργησιν
1316 4357 1416 4400 τῶν
1471 4349 1632 4421 ἁγίων
1677 4350 1836 4403 αὐτοῦ

1960 1832 2098 1871 vero
2129 1815 2274 1869 dixit
2306 1831 2319 1867 :
2356 1814 2587 1880 Quoties
2622 1812 2783 1869 volui
2813 1827 3170 1882 congregare
3197 1812 3349 1879 ﬁlios
3382 1816 3529 1874 tuos,
3560 1815 3615 1865 et

1958 1907 2223 1963 noluistis
2257 1908 2302 1941 ⁵⁸
2332 1906 2359 1961 ‘?
2406 1909 2608 1976 Itaque
2646 1920 2716 1959 ex
2748 1905 2860 1959 hoc
2899 1903 3242 1966 credamus,
3281 1901 3446 1973 quod
3489 1901 3614 1973 ipse

1958 2013 2068 2052 nos
2087 2001 2410 2066 congregat
2435 2011 2499 2059 ;a
2522 1994 2693 2049 nobis
2712 1999 2912 2048 autem
2930 1991 3119 2047 solam
3141 1991 3385 2063 requirit
3408 1990 3615 2046 volun-

1959 2089 2161 2141 tatem.
2220 2086 2357 2150 Quae
2407 2099 2547 2139 vero
2595 2083 2918 2139 voluntatis
2970 2080 3079 2136 erit
3125 2080 3447 2135 declaratio
3497 2078 3616 2134 nisi

1958 2173 2132 2230 labor
2163 2180 2529 2245 spontaneus
2558 2172 2585 2227 ‘?

2029 2299 2093 2354 XI
2135 2297 2664 2363 Quemadmodum
2719 2296 2878 2351 enim
2922 2294 3164 2357 ferrum.
3224 2293 3373 2349 dum
3432 2296 3613 2360 secat,

1959 2387 2198 2451 scindit,
2232 2391 2380 2452 arat,
2408 2386 2654 2457 plantat,
2686 2385 2885 2456 ipsum
2908 2384 3154 2455 quidem
3188 2386 3484 2454 quatenus
3511 2382 3618 2436 im-

1957 2477 2213 2549 pellitur,
2244 2476 2467 2548 aliquid
2500 2474 2787 2547 porrigit:
2819 2473 2967 2528 alius
2998 2479 3200 2527 tamen
3231 2478 3337 2535 est,
3364 2470 3466 2541 qui
3495 2485 3617 2524 mo-

1956 2572 2052 2622 vet
2080 2570 2137 2621 et
2168 2566 2349 2634 agitat
2383 2564 2628 2629 ferrum,
2658 2570 2713 2618 et
2741 2564 2840 2618 ubi
2863 2562 3041 2617 fuerit
3066 2562 3351 2626 attritum,
3386 2558 3619 2614 inﬂam-

1960 2662 2079 2710 mat
2126 2658 2303 2725 atque
2354 2659 2640 2718 renovat;
2676 2653 2760 2706 sic
2803 2666 3047 2723 quoque
3081 2651 3285 2713 homo,
3324 2649 3457 2703 licet
3489 2662 3617 2717 pre-

1956 2750 2154 2801 matur
2177 2749 2232 2799 et
2259 2742 2506 2805 laboret.
2532 2757 2790 2813 operans
2821 2739 2985 2812 quod
3016 2741 3244 2793 bonum
3272 2743 3381 2800 est,
3417 2735 3615 2790 Domi-

1954 2850 2070 2889 nus
2120 2840 2319 2888 tamen
2350 2832 2503 2887 clam
2554 2832 2612 2885 in
2644 2831 2775 2902 ipso
2831 2836 3130 2900 operatur,
3155 2833 3211 2882 et
3235 2827 3379 2881 dum
3408 2825 3615 2881 labore

1955 2922 2311 2991 defatigatur
2326 2926 2381 2976 et
2406 2921 2672 2976 atteritur
2704 2919 2821 2988 ille,
2847 2934 2948 2973 cor
2970 2916 3305 2972 consolatur
3335 2920 3511 2986 atque
3530 2929 3615 2969 re-

1956 3016 2136 3075 creat,
2162 3015 2222 3065 ut
2248 3025 2489 3080 quoque
2534 3008 2826 3079 propheta
2858 3006 3087 3078 inquit:
3122 3007 3281 3060 Num
3331 3003 3613 3074 gloriabi-

1880 3095 1919 3150 C
1957 3107 2058 3155 tur
2078 3100 2299 3154 securis
2325 3094 2918 3168 absqueqscindente?
2941 3104 3042 3150 aut
3065 3094 3127 3148 in
3155 3095 3347 3150 altum
3375 3092 3615 3147 tolletur

1956 3203 2123 3244 serra
2144 3187 2554 3243 sinetrahente
2579 3186 2625 3220 ⁵⁵
2642 3184 2671 3239 ‘i
2694 3185 2913 3239 Eodem
2944 3183 3124 3238 modo
3168 3199 3227 3236 se
3255 3197 3347 3236 res
3371 3196 3614 3253 quoque

1958 3276 2139 3331 habet
2164 3277 2223 3330 in
2252 3290 2383 3329 com
2396 3274 2678 3329 mittendo
2708 3272 2866 3328 malo
2884 3292 2895 3330 :
2913 3271 3155 3344 quando
3180 3272 3361 3326 homo
3385 3269 3613 3324 obtem-

1957 3371 2142 3437 perat,
2164 3369 2577 3436 etpromptum
2602 3378 2661 3416 se
2679 3362 2933 3426 exhibet,
2951 3369 3074 3415 tum
3094 3375 3331 3432 quoque
3356 3358 3612 3413 Satanas

1956 3453 2203 3524 impellit
2232 3457 2289 3507 et
2320 3452 2551 3507 exacuit
2576 3451 2762 3517 illum,
2798 3450 2954 3506 velut
2983 3450 3132 3505 latro
3169 3464 3397 3504 ensem.
3433 3448 3612 3502 Ferro

1955 3549 2152 3598 autem
2184 3541 2651 3598 assimilavimus
2709 3556 2830 3606 cor,
2861 3540 2939 3595 ob
2996 3538 3359 3609 imperitiam
3411 3551 3611 3591 rerum

1954 3647 2379 3703 summamque
2411 3630 2710 3686 duritiem.
2742 3628 2996 3685 Tametsi
3041 3643 3162 3682 non
3203 3626 3453 3681 decebat
3502 3639 3611 3680 nos

1951 3722 2228 3791 ignorare
2279 3736 2441 3785 eum,
2476 3721 2577 3790 qui
2634 3718 2929 3789 gubernat
2980 3734 3113 3782 nos,
3178 3715 3334 3770 velut
3391 3714 3607 3769 ferrum

1950 3825 2128 3864 sensu
2161 3825 2371 3865 carens
2397 3809 2708 3880 (quoniam
2736 3807 3009 3863 celeritur
3027 3806 3102 3861 ab
3128 3804 3403 3876 agricola:
3427 3801 3610 3857 verbo

1949 3898 2027 3953 ad
2051 3899 2289 3954 malitia:
2314 3898 2738 3967 cogitationem
2758 3896 3265 3963 nondilabimur);
3290 3892 3389 3947 sed
3410 3891 3610 3962 potius

1949 3986 2127 4040 veluti
2159 3987 2269 4041 bos
2302 3992 2358 4041 et
2389 3986 2596 4041 asinus
2630 4001 2803 4040 nosse
2835 3984 3125 4038 debemus
3157 3998 3317 4046 eum,
3359 3979 3461 4050 qui
3492 3979 3609 4032 im-

1949 4074 2115 4143 pellit
2144 4074 2415 4143 etdirigit
2439 4090 2546 4145 pro
2573 4075 2786 4128 mentis
2809 4074 3146 4143 agitatione.
3183 4071 3377 4142 lnquit
3417 4069 3605 4123 enim:

1952 4162 2239 4231 Cognovit
2266 4162 2363 4217 bos
2388 4178 2790 4230 possessorum
2812 4178 3007 4226 suum,
3032 4165 3085 4216 et
3108 4160 3311 4215 asinus
3340 4171 3605 4227 praesepe

1956 4251 1997 4319 ι
2012 4250 2062 4321 3
2082 4253 2124 4320 1
2154 4250 2380 4306 domini
2401 4251 2526 4313 sui;
2554 4252 2742 4307 Israel
2766 4259 2962 4306 autem
2990 4265 3078 4303 me
3098 4265 3218 4304 non
3239 4245 3510 4316 cognovit
3536 4246 3604 4298 ⁵⁵.

1947 4338 2263 4395 Precemur
2283 4340 2460 4409 igitur
2493 4346 2556 4393 ut
2580 4354 3029 4411 consequamur
3056 4336 3464 4405 cognitionem
3487 4333 3608 4398 Dei,

232 4427 464 4497 ἐντολῶν,
536 4428 842 4496 δοξαζοντες
900 4440 1127 4507 Πατέρα,
1188 4442 1277 4491 xui
1332 4440 1471 4509 Υἱὸν,
1550 4445 1639 4493 καὶ
1688 4441 1835 4513 ἅγιον

1959 4432 2003 4483 et
2031 4429 2089 4482 in
2113 4429 2402 4500 spirituali
2431 4429 2780 4484 erudiamur
2803 4429 2951 4497 lege,
2975 4427 3053 4482 ab
3078 4425 3440 4497 obsequium
3475 4438 3611 4477 san-

232 4524 462 4592 ῐινεῦμα,
493 4520 563 4583 εἰς
596 4526 719 4585 τοὺς
750 4522 969 4587 αἰῶνας.
1003 4523 1191 4598 Ἀμήν.

811 4724 1058 4777 OMIAIA
1099 4720 1228 4779 AH'.

231 4818 480 4905 Πολλῆς
518 4820 855 4905 ἀκριϐείας
896 4833 1003 4879 καὶ
1040 4833 1364 4905 συνέσεως
1392 4835 1595 4905 χρεία
1633 4831 1815 4885 ἐστὶν

304 4890 362 4942 ἐν
388 4890 483 4980 ⁸τιεῖ)
548 4890 911 4981 δοκιμάσαι
949 4904 1094 4981 τοὺς
1136 4890 1485 4981 ἀληθινόῖίς
1524 4911 1839 4979 Χριστια-

311 4970 460 5024 νοὺς.
502 4970 612 5017 καὶ
650 4972 829 5028 τίνες
869 4970 1105 5024 ἐκεῖνοί
1145 4973 1342 5026 εἰσιν.

318 5086 391 5141 Α’.
426 5088 611 5143 Πολλοὶ
642 5087 844 5145 δίκαιοι
876 5100 1168 5167 φαινόμενοι
1206 5099 1508 5170 νομίζονται
1557 5097 1685 5153 εἶναι
1714 5110 1841 5177 Χρι-

247 5182 472 5243 στιανοὶ,
526 5188 777 5251 τεχνιτῶν
829 5177 889 5234 δέ
939 5181 1053 5235 ἐστι
1081 5190 1170 5237 καὶ
1201 5193 1583 5261 πεπειραμένων
1615 5187 1840 5263 δοκιμά-

248 5286 359 5337 σαι,
417 5268 459 5321 εἰ
489 5266 694 5333 ἀληθῶς
733 5273 781 5323 οἱ
824 5280 1049 5325 τοιοῦτοι
1081 5277 1272 5344 ἔχουσι
1318 5281 1377 5329 τὸ
1425 5283 1601 5349 σίγνον
1632 5286 1721 5332 xui
1746 5286 1840 5340 τήν

241 5356 412 5410 εἰκόνα
458 5365 550 5411 τοῦ
599 5356 875 5433 βασιλέως.
935 5365 1137 5424 Μήπως
1190 5364 1293 5437 ἄρα
1366 5370 1841 5443 παρακεχάρακται

228 5454 496 5518 τεχνιτῶν
544 5449 692 5522 ἔργα,
746 5454 835 5504 καὶ
895 5452 1232 5525 θαυμάζουσι
1317 5462 1555 5529 τεχνῖται
1606 5462 1695 5510 καὶ
1752 5457 1841 5529 ψέ-

303 5652 349 5686 ⁵³
382 5651 426 5707 Il
452 5651 583 5708 Cor.
606 5668 666 5718 ιι,
703 5654 766 5711 16
790 5672 804 5722 ;
832 5659 1002 5713 Rom.
1032 5674 1111 5724 ιι,
1139 5661 1226 5715 34.

1306 5660 1355 5696 ⁸⁸
1384 5661 1517 5717 Luc.
1546 5677 1668 5730 xui,
1696 5667 1765 5720 34
1790 5681 1804 5731 ;
1831 5665 2023 5723 Matth.
2057 5682 2178 5736 xui,
2212 5667 2299 5724 37.

1948 4521 2175 4573 ctorum
2208 4518 2630 4573 mandatorum
2660 4518 2806 4588 eius,
2839 4516 3233 4586 glorificantes
3273 4517 3523 4577 Patrem,
3555 4516 3610 4567 et

1952 4605 2160 4663 Filium
2188 4614 2245 4663 et
2274 4608 2556 4679 Spiritum
2586 4613 2883 4670 sanctum,
2917 4606 2975 4661 in
3013 4605 3249 4661 saecula.
3286 4606 3497 4659 Amen.

2472 4733 2761 4789 HOMILIA
2804 4732 3080 4789 XXXVlII.

1949 4836 2253 4894 Accurato
2273 4839 2504 4907 judicio
2553 4845 2732 4909 atque
2769 4839 3078 4893 intellectu
3105 4852 3250 4909 opus
3283 4842 3363 4909 est
3398 4835 3463 4909 in
3477 4834 3605 4909 ais-

2002 4906 2314 4966 cernendis
2346 4911 2495 4966 veris
2530 4906 2911 4975 Christianis,
2946 4916 3000 4966 et
3023 4908 3266 4980 quinam
3298 4908 3417 4963 sint
3444 4906 3557 4962 illi.

2025 5105 2067 5158 Ι.
2100 5104 2259 5161 Multi
2290 5105 2393 5176 qui
2419 5105 2562 5175 justi
2594 5109 2905 5177 apparent,
2965 5104 3263 5159 habentur
3288 5118 3396 5175 pro
3445 5102 3611 5161 Chri-

1954 5194 2198 5249 stianis:
2227 5211 2429 5248 verum
2460 5193 2746 5249 artificum
2782 5199 2866 5248 est
2890 5197 2940 5248 et
2972 5193 3293 5264 peritorum
3329 5192 3605 5264 probare,

1954 5299 2101 5338 num
2160 5282 2307 5338 tales
2362 5298 2563 5338 revera
2595 5284 2859 5338 habeant
2910 5283 3150 5351 signum
3182 5288 3237 5337 et
3281 5283 3604 5351 imaginem

1951 5372 2128 5440 regis,
2162 5388 2239 5426 an
2268 5371 2515 5427 forsitan
2557 5371 2891 5427 adulterino
2926 5373 3219 5443 impresso
3248 5372 3420 5442 signo
3449 5386 3595 5424 cusa

1954 5460 2067 5515 sint
2096 5460 2391 5516 artiﬁcum
2425 5476 2629 5533 opera,
2684 5478 2758 5516 an
2797 5460 3164 5517 admirentur
3212 5461 3489 5523 artiﬁces,
3540 5463 3593 5513 et

2377 5668 2424 5704 ⁵⁸
2452 5668 2569 5726 Isa.
2601 5685 2659 5733 x,
2697 5672 2779 5723 l5.
2858 5669 2905 5702 ⁵⁸
2928 5667 3039 5721 Isa.
3068 5684 3102 5718 ι.
3134 5668 3185 5718 2.
