4130 6286
512 266 619 321 ’759

1805 262 1864 319 S.
1908 260 2205 319 MACARII
2246 260 2549 319 EGYPTII

3740 259 3847 315 760

507 390 976 464 reprehendant.
1013 388 1070 447 Si
1102 407 1239 447 vero
1280 391 1572 447 defuerint
1598 390 1869 454 artiﬁces,
1902 404 2026 444 non
2056 403 2148 460 po-

2272 406 2479 459 γουσιν.
2532 387 2651 442 Ἐὰν
2682 383 2741 441 δι
2784 390 2856 459 μὴ
2890 387 2990 439 ὦσι
3033 393 3290 458 τεχνῖται,
3339 384 3398 438 ού
3440 381 3690 439 δύνανται
3722 382 3877 438 δοκι-

508 484 705 536 terunt
738 480 980 552 probari
1025 481 1217 537 dolosi
1275 480 1659 537 fabricatores
1685 497 1697 535 :
1726 480 2017 552 quoniam
2043 477 2161 549 ipsi

508 586 753 642 quoque
781 576 991 641 gerunt
1021 570 1291 625 habitum
1327 586 1557 635 eorum,
1593 570 1695 642 qui
1725 568 2051 625 solitariam
2080 566 2163 622 vi-

506 663 636 714 tam
666 666 851 728 agunt
882 664 983 715 aut
1013 659 1501 715 Christianorum.
1535 659 1759 715 Etenim
1779 660 2152 730 pseudoapo-

505 748 637 803 stoli
665 764 771 819 pro
813 747 1045 803 Christo
1069 747 1469 819 patiebantur,
1503 754 1555 803 et
1578 748 1694 820 ipsi
1717 748 2160 804 annuntiabant

503 854 760 908 regnum
789 839 1099 893 caelorum.
1133 839 1504 910 Quapropter
1561 838 1755 911 inquit
1804 838 2154 910 Apostolus:

506 928 573 982 In
585 927 868 997 periculis
882 928 1260 996 copiosius,in
1273 928 1695 997 afﬂictionibus
1707 943 1893 998 supra
1908 927 2154 991 modum,

502 1017 567 1071 in
599 1017 938 1072 carceribus
965 1016 1374 1073 abundantius
1397 1019 1443 1053 ⁵⁷
1469 1033 1482 1070 :
1515 1017 1716 1073 volens
1737 1017 2069 1082 ostendere,
2094 1032 2158 1072 se

503 1104 701 1177 plura,
730 1121 915 1176 quam
956 1103 1091 1176 ipsi,
1121 1121 1371 1177 passum
1399 1122 1551 1163 esse.

576 1228 646 1281 Il.
674 1232 899 1282 Aurum
957 1228 1128 1284 facile
1175 1230 1504 1301 reperitur;
1549 1229 1887 1298 margarita:
1934 1245 2070 1285 vero
2101 1234 2157 1284 et

502 1315 733 1387 lapides
782 1318 1044 1388 pretiosi,
1101 1318 1401 1373 commodi
1463 1318 1541 1374 ad
1585 1318 1868 1374 diadema
1897 1318 2149 1387 regium,

499 1406 692 1461 rarius
732 1406 1144 1474 inveniuntur;
1183 1424 1600 1479 smpenumero
1662 1408 1820 1463 enim
1865 1409 2039 1465 exiis
2069 1425 2154 1463 re-

501 1494 721 1566 perias,
752 1497 853 1566 qui
881 1496 1080 1550 minus
1138 1496 1253 1552 sint
1308 1496 1657 1553 idoneizsic
1711 1514 1952 1569 quoque
2006 1498 2157 1553 inter

504 1583 886 1649 Christianos,
916 1584 1019 1656 qui
1072 1592 1533 1657 superstuuntur
1563 1603 1798 1642 coronae
1830 1587 2059 1650 Christi,
2094 1594 2157 1642 ut

503 1672 685 1728 sociae
743 1678 1089 1729 sanctorum
1123 1674 1269 1731 ﬁant
1329 1676 1705 1731 animaeillae.
1740 1676 1936 1732 Gloria
1984 1684 2053 1731 sit
2079 1677 2147 1741 ei,

501 1762 599 1831 qui
635 1778 829 1833 usque
864 1763 1016 1818 adeo
1065 1764 1560 1820 dilexitanimam
1616 1767 1792 1831 hanc,
1840 1774 1895 1821 et
1921 1782 2029 1838 pro
2056 1766 2153 1822 illa

498 1865 717 1921 passus
779 1858 886 1916 est,
920 1858 974 1906 et
1034 1855 1343 1909 suscitovit
1396 1871 1530 1911 eam
1560 1872 1595 1909 a
1623 1856 1893 1910 mortuis.
1938 1856 2149 1921 Quem-

499 1938 831 1994 admodum
861 1947 1060 1995 autem
1129 1944 1268 1997 Mosi
1328 1944 1595 1999 velamen
1638 1944 2062 2016 imponebatur
2091 1944 2149 1999 in

497 2027 728 2083 vultum
755 2029 823 2093 ⁵⁸,
849 2029 992 2100 quia
1020 2046 1140 2085 non
1183 2038 1415 2102 poterat
1468 2034 1772 2088 intendere
1822 2034 1880 2089 in
1937 2034 2149 2090 faciem

497 2116 627 2186 ejus
661 2116 923 2188 populus
950 2134 964 2183 ;
990 2118 1075 2172 sic
1106 2135 1347 2190 quoque
1368 2137 1526 2175 nunc
1548 2122 1711 2176 cordi
1746 2122 2150 2192 tuoinjectum

500 2211 587 2260 est
612 2205 903 2271 velamen,
940 2223 1013 2261 ne
1070 2209 1410 2279 conspicias
1432 2211 1681 2278 gloriam
1724 2211 1840 2265 Dei.
1872 2213 1977 2267 Ubi
2009 2227 2149 2266 vero

498 2292 644 2348 illud
670 2294 841 2348 fuerit
867 2295 1159 2361 ablatum,
1218 2305 1340 2353 tum
1370 2304 1615 2369 apparet
1648 2303 1706 2354 et
1728 2298 2066 2355 manifestat
2087 2316 2149 2355 se

498 2382 702 2453 ipsum
732 2383 1098 2449 Christianis,
1132 2391 1187 2441 et
1217 2386 1603 2456 diligentibus
1662 2404 1744 2451 se,
1773 2394 1826 2444 et
1852 2389 2151 2461 inquiren-

500 2471 658 2526 tibus
685 2472 745 2526 in
773 2473 1039 2542 veritate,
1074 2480 1138 2529 ut
1164 2474 1244 2529 ait
1271 2493 1283 2541 ;
1316 2477 1713 2545 Manifestabo
1738 2478 1789 2533 ei
1818 2494 1908 2534 me
1930 2478 2148 2549 ipsum,

498 2565 552 2615 et
571 2564 931 2617 mansionem
966 2565 1131 2630 apud
1159 2578 1288 2619 eum
1311 2564 1536 2631 faciam
1565 2566 1634 2617 ⁵9.

572 2772 664 2826 III.
713 2773 1158 2830 Coutendamus
1206 2791 1347 2846 ergo
1396 2778 1675 2833 accedere
1723 2780 1800 2835 ad
1851 2780 2149 2837 Christum

498 2860 801 2917 mendacii
820 2869 1120 2933 expertem
1153 2870 1213 2920 ut
1230 2881 1676 2937 consequamur
1690 2870 2149 2941 promissionem

496 2954 553 3004 et
585 2966 813 3007 novum
848 2958 1294 3021 testamentum,
1328 2956 1492 3027 quod
1526 2958 1833 3013 renovavit
1868 2960 2151 3014 Dominus

496 3055 603 3111 per
635 3056 870 3097 crucem
901 3046 956 3098 et
976 3049 1257 3109 mortam,
1300 3044 1557 3101 effractis
1602 3048 1785 3117 portis
1832 3047 2042 3103 inferni
2097 3053 2154 3103 et
2185 3083 2228 3142 Ο

495 3131 761 3201 peccati;
799 3147 935 3186 cum
996 3133 1301 3190 eduxisset
1355 3135 1588 3190 animas
1636 3136 1861 3203 ﬁdeles,
1908 3137 2152 3194 donavit

495 3220 725 3275 eisdem
774 3221 1021 3276 interius
1082 3224 1469 3291 Paracletum,
1531 3231 1711 3297 atque
1740 3227 1973 3283 reduxit
2018 3226 2151 3282 illas

493 3308 554 3364 in
580 3324 831 3378 regnum
860 3326 1057 3364 suum.
1104 3312 1229 3365 Una
1268 3328 1410 3381 ergo
1435 3330 1573 3368 cum
1631 3314 1731 3370 illo
1762 3332 1873 3371 nos
1912 3332 2151 3387 quoque

494 3412 839 3465 regnemus,
864 3398 921 3451 iu
940 3399 1270 3454 Jerusalem
1291 3402 1528 3457 civitate
1552 3404 1702 3474 ejus,
1728 3406 1783 3459 in
1809 3405 2032 3460 caelesti
2054 3408 2152 3460 Ec-

495 3484 696 3548 clesia,
730 3486 789 3539 in
821 3486 1002 3541 choro
1036 3494 1384 3544 sanctorum
1440 3492 1817 3555 angelorum.
1874 3495 1981 3559 Qui
2015 3510 2150 3549 vero

494 3572 746 3627 fratrum
771 3573 953 3641 longo
983 3583 1246 3646 tempore
1294 3580 1589 3633 exercitati
1624 3588 1677 3635 et
1719 3583 1951 3652 probati
1975 3590 2134 3645 sunt,

494 3659 555 3715 hi
587 3669 844 3732 possunt
875 3663 1121 3718 rudibus
1153 3667 1465 3736 suppetias
1498 3667 1646 3723 ferre
1678 3677 1732 3725 et
1764 3672 2042 3743 compati.

566 3874 654 3927 ιν.
686 3874 939 3939 Quidam
964 3876 1122 3932 enim
1152 3878 1486 3935 munientes
1508 3897 1568 3937 se
1597 3882 1782 3953 ipsos,
1811 3889 1867 3939 et
1891 3901 1925 3939 a
1957 3887 2145 3955 gratia

493 3963 592 4018 Dei
616 3964 914 4036 imprimis
938 3967 1162 4035 agitati,
1179 3969 1330 4023 adeo
1352 3971 1721 4028 sanctiﬁcata
1744 3973 2018 4029 membra
2037 3991 2145 4030 sua

492 4059 792 4123 reperunt,
842 4060 903 4109 ut
954 4056 1379 4123 existimarent,
1435 4076 1553 4116 non
1596 4064 1957 4133 contingere,
1994 4071 2055 4119 ut
2085 4067 2142 4121 in

491 4141 1002 4198 Christianismum
1029 4145 1203 4200 cadat
1225 4147 1522 4217 cupiditas
1547 4166 1560 4216 ;
1592 4152 1694 4205 sed
1714 4168 1815 4207 eos
1835 4154 2143 4224 possidere

490 4237 751 4287 mentem
779 4232 1045 4288 sobriam
1073 4240 1130 4289 et
1160 4242 1384 4291 castam
1414 4254 1427 4303 ;
1464 4246 1518 4294 et
1548 4240 1749 4311 quoad
1797 4242 2023 4314 reliqua
2054 4242 2140 4298 in-

489 4320 763 4375 teriorem
788 4321 1097 4379 hominem
1117 4325 1376 4396 pendere
1403 4343 1438 4383 a
1463 4327 1680 4384 divinis
1698 4335 1751 4385 et
1773 4331 2139 4387 caelestibus:

2271 480 2593 550 μάσαιτούς
2646 475 2850 538 δολίους
2898 476 3138 551 έργάτας,
3190 471 3369 534 ἐπειδὴ
3421 480 3511 528 καὶ
3563 474 3713 527 αὐτοὶ
3764 474 3874 526 έπε-

2273 571 2514 642 φέρονται
2561 575 2751 639 σχῆμα
2802 567 3152 638 μοναςόντων,
3207 569 3325 624 ἦτοι
3378 572 3727 637 Χριστιανῶν.
3764 569 3863 617 Καὶ

2268 659 2370 729 γὰρ
2411 660 2460 709 οἱ
2489 654 2913 728 ψευδαπόστολοι
2942 658 3179 727 ἔπασχον
3210 656 3335 727 ὑπὲρ
3367 662 3458 707 τοῦ
3492 659 3745 729 Χριστοῦ,
3780 657 3870 705 καὶ

2272 747 2421 799 αὐτοὶ
2470 746 2863 818 εὐηγγελίζοντο
2930 743 3197 818 βασιλείαν
3262 744 3514 820 ούρανῶν,
3577 746 3672 797 Διὰ
3717 750 3870 796 τοῦτο

2268 835 2403 906 λέγει
2432 837 2458 887 ὁ
2484 834 2819 897 Ἀπόστολος,
2854 836 2949 889 Ἐν
2987 830 3319 895 κινδύνοις
3355 836 3865 907 περισσοτέρως,

2269 925 2329 977 έν
2398 924 2745 996 θλίψευσιν
2808 923 3363 998 ὑπερϐαλλόντως,
3426 923 3485 975 έν
3547 922 3864 994 φυλακαῖς

2268 1019 2763 1089 περισσοτέρως,
2806 1013 2958 1066 θελων
2986 1010 3157 1076 δεῖξαι
3186 1014 3267 1065 ὅτι
3295 1011 3465 1065 πλεῖον
3490 1010 3655 1063 αὐτῶν
3686 1012 3861 1063 ἔπαθε.

2341 1228 2410 1281 Β’.
2440 1231 2647 1302 Χρυσός
2691 1227 2919 1301 εὐχερῶς
2948 1230 3240 1301 εὑρίσκεται
3273 1243 3285 1256 ’
3320 1232 3641 1301 μαργαρῖται
3688 1220 3745 1277 δι
3771 1229 3863 1278 καὶ

2265 1316 2400 1369 λίθοι
2456 1322 2622 1389 τίμιοι
2701 1324 3091 1391 προχωροῦντες
3158 1316 3224 1376 εἰς
3282 1311 3529 1387 διάδημα
3608 1312 3869 1386 βασιλέως

2269 1412 2496 1468 σπανίως
2554 1408 2882 1477 εὑρίσκονται
2914 1425 2927 1438 ·
2971 1405 3217 1467 πολλάκις
3272 1407 3372 1477 γὰρ
3428 1402 3480 1466 ἐξ
3526 1406 3694 1455 αὐτῶν
3752 1402 3860 1474 ούχ

2266 1497 2593 1568 εὑρίσκονται
2622 1502 3019 1568 προχωροῦντες
3052 1533 3066 1547 .
3103 1494 3278 1554 Οὕτως
3316 1498 3403 1544 καὶ
3443 1494 3491 1545 οἱ
3546 1496 3860 1565 Χριστιανοὶ

2266 1581 2729 1658 ἐποικοδομοῦντες
2777 1584 2847 1644 εἰς
2893 1586 2979 1635 τόν
3031 1587 3274 1655 στέφανον
3325 1589 3417 1634 τοῦ
3470 1583 3724 1655 Χριστοῦ,
3782 1582 3867 1632 ἶνα

2266 1680 2499 1727 κοινωνοὶ
2531 1678 2778 1745 γένωνται
2807 1681 2907 1725 τῶν
2960 1673 3120 1745 ἁγίων
3174 1674 3229 1724 αἱ
3257 1670 3433 1743 ψυχαὶ
3486 1673 3693 1724 ἐκεῖναι.
3728 1670 3865 1733 Δόξα

2265 1774 2336 1837 τῷ
2376 1766 2540 1824 οὕτως
2593 1763 2931 1834 ἀγαπήσαντι
2978 1767 3070 1819 τὴν
3111 1762 3297 1833 ψυχὴν
3336 1763 3551 1826 ταύτην,
3600 1764 3690 1812 καὶ
3732 1762 3863 1834 ὑπερ

2265 1855 2428 1915 αύτῆς
2494 1855 2710 1906 παθόντι
2762 1856 2852 1904 καὶ
2916 1850 3272 1909 ἀναστήσαντι
3329 1850 3490 1909 αὐτὴν
3539 1849 3593 1901 ἐκ
3650 1858 3863 1921 νεκρῶν.

2262 1944 2461 2015 Ὠσπερ
2504 1939 2562 1994 δε
2594 1950 2667 2012 τῷ
2697 1948 2912 1994 Μωύσεί
2940 1940 3188 2013 κάλυμμα
3218 1939 3474 1991 ἐπετίθετο
3500 1938 3570 2001 εἰς
3598 1942 3655 1990 τό
3696 1942 3861 2009 πρόσο

2263 2053 2419 2102 ωπον,
2475 2036 2605 2105 πρός
2635 2034 2692 2083 τὸ
2723 2035 2794 2102 μὴ
2849 2027 3112 2083 δύνασθαι
3162 2032 3442 2102 προσέχειν
3467 2036 3538 2099 τῷ
3585 2032 3856 2097 προσώπῳ

2262 2123 2422 2174 αὐτοῦ
2466 2126 2552 2173 τόν
2598 2120 2719 2171 λαόν
2755 2136 2768 2150 ·
2805 2120 2939 2172 οὕτω
2991 2123 3080 2170 καὶ
3129 2125 3217 2170 νῦν
3256 2117 3339 2170 έπὶ
3366 2122 3458 2175 τὴν
3510 2114 3734 2190 καρδίαν
3767 2136 3865 2169 σου

2260 2219 2428 2262 κεῖται
2460 2208 2710 2280 κάλυμμα
2757 2211 2883 2281 πρὸς
2922 2211 2980 2259 τὸ
3025 2211 3095 2278 μὴ
3149 2205 3354 2279 βλέπειν
3402 2210 3497 2263 τὴν
3554 2202 3711 2268 δόξαν
3766 2213 3861 2258 τοῦ

2260 2306 2407 2353 Θεοῦ.
2461 2298 2622 2351 Ὀταν
2680 2294 2739 2350 δὲ
2785 2299 3084 2370 περιαιρεθῇ
3144 2303 3316 2359 τοῦτο,
3376 2299 3493 2347 τότε
3544 2297 3872 2367 ἐπιφαίνεται

2260 2396 2350 2442 καὶ
2380 2392 2646 2461 ἔμφανίζει
2677 2386 2853 2440 ἑαυτὸν
2897 2393 3007 2448 τοῖς
3052 2390 3411 2460 Χριστιανοῖς,
3453 2388 3544 2435 καὶ
3594 2391 3697 2444 τοῖς
3729 2385 3869 2454 ἀγα-

2260 2486 2430 2530 πῶσιν
2486 2480 2660 2539 αὐτόν,
2730 2480 2816 2527 καὶ
2876 2475 3185 2535 ἑκζητοῦσιν
3261 2473 3310 2525 έν
3369 2471 3608 2544 ἀληθείᾳ,
3677 2475 3851 2535 καθὼς

2260 2566 2417 2637 λέγει,
2449 2567 2529 2618 ὅτι
2561 2565 2931 2636 Ἐμφανίσω
2970 2567 3134 2633 αὐτῷ
3173 2565 3470 2635 ἒμαυτὸν,
3514 2567 3622 2615 καὶ
3660 2567 3853 2634 μονὴν

2261 2655 2401 2728 παρ’
2460 2654 2627 2724 αύτῷ
2664 2658 2816 2712 ποιή
2834 2672 2937 2707 σω.

2335 2778 2407 2832 I".
2433 2775 2819 2851 Σπουδάσωμεν
2841 2778 2928 2831 οὖν
2959 2775 3258 2853 προσελθεῖν
3281 2784 3351 2847 τῷ
3368 2771 3591 2847 ἀψευδεῖ
3612 2781 3845 2847 Χριστῷ,

2265 2872 2347 2921 ἶνα
2398 2871 2642 2941 τύχωμεν
2672 2874 2767 2929 τῆς
2810 2865 3139 2937 έπαγγελίας,
3191 2870 3279 2918 καὶ
3318 2873 3409 2925 τῆς
3438 2873 3609 2925 καινῆς
3654 2860 3839 2922 διαθή-

2262 2978 2373 3023 κης,
2408 2957 2467 3015 ἢν
2517 2958 2837 3009 ἀνεκαίνισεν
2866 2956 2892 3007 ὁ
2926 2956 3120 3029 Κύριος
3152 2950 3244 3007 διὰ
3298 2961 3530 3029 σταυροῦ
3556 2958 3639 3005 καὶ
3685 2953 3836 3005 θανά-

2262 3067 2352 3100 του
2405 3043 2691 3120 διαρρήξας
2760 3048 2924 3107 πύλας
2996 3039 3155 3114 ᾇδου,
3231 3046 3321 3095 καὶ
3378 3043 3640 3114 ἁμαρτίας
3687 3059 3699 3071 ·
3755 3046 3843 3093 καὶ

2263 3136 2551 3208 ἐξαγαγὼν,
2598 3138 2690 3195 τὰς
2734 3136 2926 3195 πιστὰς
2953 3133 3160 3205 ψυχὰς,
3193 3138 3283 3185 καὶ
3332 3129 3459 3194 δοὺς
3498 3131 3681 3193 αύταῖς
3718 3128 3857 3183 ἔνδον

2262 3226 2616 3297 παράκλητον,
2645 3229 2735 3277 καὶ
2788 3222 3060 3294 ἀνενέγκας
3115 3222 3181 3282 εἰς
3228 3225 3321 3280 τὴν
3372 3220 3646 3294 βασιλείαν
3682 3220 3855 3275 αὐτοῦ.

2263 3314 2762 3387 Συμϐασιλεύσωμεν
2802 3313 2890 3365 οὖν
2938 3313 3078 3382 αύτῷ
3124 3316 3214 3364 καὶ
3253 3314 3402 3383 ἡμεῖς
3433 3310 3507 3373 εἰς
3558 3314 3653 3370 τὴν
3679 3310 3860 3385 Ἰερου-

2262 3405 2438 3476 σαλὴμ
2490 3408 2584 3461 τὴν
2616 3403 2761 3455 πόλιν
2819 3403 2999 3466 αύτοῦ,
3056 3401 3128 3463 εἰς
3176 3405 3268 3459 τὰν
3317 3403 3622 3471 ἱπουράνιον
3655 3400 3867 3457 Ἐκκλη-

2262 3500 2403 3559 σίαν,
2456 3494 2527 3555 εἰς
2574 3496 2659 3545 τὸν
2686 3496 2849 3565 χορὸν
2904 3501 3004 3544 τῶν
3052 3492 3211 3562 ἁγίων
3271 3489 3517 3562 ἀγγέλων.
3552 3492 3621 3541 Οἱ
3678 3486 3737 3542 δι
3784 3489 3866 3542 ἰπὶ

2260 3583 2417 3637 πολὺν
2448 3587 2641 3655 χρόνον
2694 3584 3078 3653 γυμνασθέττες
3108 3577 3323 3653 ἀδελφοὶ
3366 3584 3455 3631 καὶ
3514 3576 3865 3651 δοκιμασθένυ

2258 3692 2359 3738 τες,
2402 3673 2547 3725 οὗτοι
2578 3669 2829 3725 δύνανται
2870 3678 2978 3731 τοῖς
3008 3670 3235 3744 ἀπείροις
3266 3667 3553 3743 βοηθῆσαι,
3588 3674 3681 3721 καὶ
3713 3688 3850 3741 συμ-

2258 3764 2399 3819 παθῆ
2410 3780 2500 3813 σαι
2512 3804 2525 3817 .

2330 3888 2399 3939 Δ’.
2429 3887 2574 3946 rm;
2597 3884 2698 3957 γὰρ
2748 3881 3162 3955 ἀσφαλισάμενοι
3188 3882 3400 3941 ἑαυτοὺς
3428 3884 3517 3933 καὶ
3547 3881 3649 3933 ὑπὸ
3696 3883 3859 3953 χάρι-

2255 3996 2342 4038 τος
2427 3981 2560 4028 Θεοῦ
2615 3972 2967 4046 ένεργηθέντες
3040 3970 3295 4043 μεγάλως,
3373 3971 3532 4029 οὕτως
3586 3969 3733 4045 εὗρον
3800 3973 3865 4023 τὰ

2254 4065 2378 4138 μέλη
2415 4064 2581 4116 αὐτῶν
2628 4064 2945 4134 ἡγιασμένα,
3000 4063 3133 4112 ὥστε
3180 4059 3490 4131 λογίζεσθαι
3536 4058 3743 4123 αύτούς,
3779 4061 3859 4113 ὅτι

2254 4156 2313 4207 ού
2348 4151 2622 4226 συμϐαίνει
2668 4151 2738 4213 εἰς
2786 4151 3206 4223 Χριστιανισμὸν
3258 4149 3499 4219 γίνεσθαι
3555 4146 3856 4219 έπιθυμίαν,

2255 4244 2383 4296 ἀλλὰ
2433 4246 2707 4299 κέκτηνται
2736 4247 2853 4292 νοῦν
2895 4245 3135 4313 σώφρονα
3185 4242 3273 4291 καὶ
3332 4237 3509 4308 ἁγινόν
3540 4256 3552 4269 ·
3604 4241 3692 4289 καὶ
3737 4240 3852 4289 ἔστι

2252 4333 2429 4386 λοιπόν
2487 4333 2513 4383 ὁ
2568 4333 2671 4383 ἔσω
2726 4330 2997 4400 ἄνθρωπος
3045 4331 3300 4401 μετέωρος
3355 4327 3428 4389 εἰς
3484 4328 3549 4379 τὰ
3598 4328 3707 4378 θεῖα
3756 4329 3845 4378 καὶ

490 4413 555 4462 ut
596 4410 847 4465 omnino
896 4412 1303 4469 existimarent
1336 4417 1509 4472 talem
1550 4418 1677 4489 jam
1706 4421 1781 4473 ad
1814 4420 2143 4491 perfectum

2260 4424 2553 4497 ἰπουράνια,
2607 4422 2741 4471 ὥστε
2788 4421 2992 4479 πάντως
3041 4421 3258 4489 νομίσαι
3309 4419 3397 4468 τὸν
3448 4422 3675 4468 τοιοῦτον
3730 4409 3837 4470 ἤδη

489 4498 836 4569 pervenisse
868 4501 1146 4568 gradum,
1176 4508 1277 4575 qui
1310 4520 1447 4561 cum
1478 4514 1731 4578 putaret,
1758 4510 2060 4580 appulisse
2083 4528 2144 4567 se

484 4585 613 4656 jam
672 4587 749 4641 ad
808 4594 1049 4658 portum
1127 4594 1533 4663 tranquillum,
1594 4596 2039 4654 insurrexerunt
2090 4600 2140 4655 ei

488 4674 727 4740 ﬂuctus,
769 4684 831 4731 ut
864 4678 1065 4734 denuo
1101 4680 1377 4737 inventus
1404 4684 1477 4739 sit
1504 4685 1563 4739 in
1606 4686 1804 4741 medio
1826 4687 2044 4758 pelagi,
2078 4688 2141 4743 il-

488 4761 706 4834 lucque
726 4764 980 4832 delatus,
1008 4768 1107 4823 ubi
1130 4786 1309 4833 mare,
1334 4772 1545 4828 caelum
1565 4780 1620 4828 et
1642 4790 1802 4829 mors
1820 4782 2093 4847 prompta
2128 4793 2140 4831 :

490 4851 642 4907 adeo
664 4861 979 4923 peccatum
1006 4857 1340 4926 ingressum
1372 4864 1733 4932 produxerat
1756 4881 1998 4921 omnem
2022 4883 2145 4921 ma-

490 4939 609 4995 lam
628 4943 1106 5012 cupididitatem.
1124 4949 1378 5004 Rursum
1399 4966 1540 5006 vero
1556 4952 1719 5017 tales,
1740 4953 1942 5025 aliqua
1954 4955 2145 5023 gratia

488 5028 652 5097 digni
692 5030 899 5098 habiti,
941 5034 1115 5106 132
1144 5042 1221 5103 et,
1257 5045 1316 5092 ut
1347 5040 1425 5094 ita
1456 5040 1674 5106 dicam,
1709 5058 1777 5097 ex
1809 5043 1929 5098 imo
1962 5044 2144 5099 maris

488 5116 793 5188 profundo
814 5123 1050 5190 guttulis
1066 5124 1429 5196 quibusdam
1448 5130 1699 5195 irrorati,
1717 5134 2011 5202 reperiunt
2030 5133 2145 5190 hoc

487 5206 685 5278 ipsum
706 5210 953 5277 singulis
974 5212 1155 5280 horis,
1182 5216 1551 5290 singulisque
1573 5220 1785 5275 diebus
1806 5228 1924 5277 tam
1953 5223 2143 5277 admi-

490 5297 746 5351 randam
776 5302 1180 5368 Operationem
1215 5304 1356 5369 fieri.
1396 5314 1456 5362 ut
1477 5310 1579 5379 qui
1603 5317 1880 5381 operetur
1909 5312 1986 5367 ob
2010 5312 2143 5368 ino-

490 5388 783 5459 pinatam,
820 5391 1192 5459 peregrinam
1249 5398 1305 5449 et
1333 5395 1597 5452 divinam
1631 5398 2003 5457 effectionem
2034 5402 2144 5458 ob-

491 5480 800 5548 stupescat
838 5484 895 5532 et
922 5479 1267 5547 admiretur,
1322 5500 1443 5555 qua
1474 5488 1700 5543 ratione
1731 5491 2015 5562 deceptus
2047 5492 2138 5546 sit.

562 5630 605 5662 ⁶⁷
642 5629 687 5682 ll
716 5632 843 5685 Cor.
878 5648 955 5701 χι,
989 5631 1076 5691 23.

1155 5636 1200 5670 ⁵⁸
1229 5636 1412 5692 Exod.
1448 5654 1647 5709 xxxw,
1672 5639 1761 5706 33,
1793 5644 1891 5706 35;
1930 5644 1971 5697 II
1998 5642 2127 5699 Cor.
2157 5661 2235 5709 ιιι,
2270 5644 2357 5701 73.

2254 4511 2523 4585 ἐφθακέναι
2556 4509 2625 4570 εἰς
2670 4511 2735 4559 τὰ
2776 4507 2941 4560 τέλεια
2991 4511 3175 4580 μέτρα.
3212 4511 3312 4560 Καὶ
3359 4508 3428 4568 ὡς
3460 4504 3646 4576 ἐνόμιζε
3672 4519 3836 4576 προσ-

2254 4604 2526 4673 ηγγικέναι
2576 4595 2683 4657 ἤδη
2733 4606 2805 4667 τῷ
2855 4593 3016 4669 εύδίῳ
3070 4596 3255 4668 λιμένι,
3307 4594 3651 4650 έπανέστησαν
3697 4589 3834 4660 αύτῷ

2253 4686 2525 4751 κλύδωνες,
2584 4688 2718 4738 ὥστε
2770 4685 2923 4738 πάλιν
2984 4686 3253 4756 εὑρεθῆναι
3314 4683 3385 4745 εἰς
3444 4686 3503 4735 τό
3559 4684 3705 4754 μέσον
3750 4684 3837 4730 τοῦ

2253 4778 2529 4849 πελάγους,
2574 4781 2663 4827 καὶ
2713 4775 3072 4845 εἰσενεχθῆναι
3128 4775 3255 4826 όπου
3312 4775 3342 4831 ἡ
3393 4771 3653 4836 θάλασσα,
3696 4768 3851 4843 ούρα-

2254 4871 2359 4933 νός,
2407 4871 2497 4918 καὶ
2548 4867 2763 4924 θάνατός
2832 4863 2973 4916 ἐστιν
3046 4864 3269 4935 ἕτοιμος.
3328 4862 3506 4922 Ούτως
3548 4862 3577 4918 ἠ
3630 4860 3857 4932 ἁμαρτία

2255 4956 2551 5010 έπεισελθοῦ
2560 4974 2627 5007 σα
2751 4956 3135 5028 κατειργάσατο
3262 4958 3435 5004 πᾶσαν
3584 4948 3860 5020 ἐπιθυμίαν

2255 5049 2419 5102 κακήν
2455 5062 2467 5073 ·
2503 5044 2652 5105 αὖθις
2680 5040 2739 5096 δὲ
2766 5044 2814 5096 οἱ
2869 5050 3097 5095 τοιοῦτοι
3126 5044 3345 5117 χάριτός
3374 5059 3509 5102 τινος
3541 5038 3860 5102 ἀξιωθέντες,

2254 5140 2364 5200 καὶ,
2418 5137 2592 5209 ὥσπερ
2635 5134 2816 5197 εἰπεῖν,
2877 5131 2977 5185 ἀπὸ
3017 5132 3133 5185 ὅλου
3197 5129 3361 5205 βυθοῦ
3420 5138 3512 5189 τῆς
3588 5126 3866 5188 θαλάσσης

2253 5223 2465 5296 ψεκάδα
2492 5225 2609 5275 τινὰ
2662 5219 2953 5295 δεξάμενοι,
3003 5223 3337 5295 εὑρίσκουσιν
3369 5218 3496 5271 αύτό
3528 5216 3685 5270 έκεῖνο
3736 5217 3835 5267 καθ
3855 5231 3868 5251 ³

2254 5314 2411 5385 ὥραν,
2471 5317 2561 5363 καὶ
2639 5311 2758 5364 καθ’
2816 5312 3010 5384 ἡμέραν
3086 5313 3347 5368 τοσαύτην
3428 5309 3855 5379 θαυματουργίαν

2253 5405 2577 5474 γιγνομένην,
2612 5402 2747 5453 ὥστε
2775 5404 2862 5451 τὸν
2892 5402 3250 5473 ἑνεργούμενον
3306 5396 3392 5450 ἐπὶ
3420 5404 3482 5469 τῇ
3540 5390 3856 5466 παραδόξῳ,

2252 5496 2342 5543 καὶ
2373 5491 2485 5564 ξένῃ
2537 5492 2625 5543 καὶ
2674 5492 2816 5563 θεὶκῇ
2878 5492 3101 5564 ἱργασίᾳ
3153 5487 3466 5561 θαμϐεῖσθαι
3516 5488 3605 5536 καὶ
3633 5476 3859 5540 ἐκπλήτ-

2437 5644 2484 5679 ⁸⁹
2509 5644 2680 5701 Joan.
2705 5657 2823 5710 xiv,
2852 5644 2942 5711 2t,
2975 5643 3061 5697 23.
