4130 6286
300 277 399 333 761
1477 274 1813 333 ΗῡΜΙΙΛΑΞ.
1850 308 1890 317 -

2010 274 2133 332 0M.
2178 276 2444 346 XXXIX,
2484 276 2597 333 XL.

3562 279 3667 335 762

299 405 485 458 τεσθαι
514 410 626 464 πῶς
681 401 957 475 ὸσοφίσθη.
1019 404 1237 469 Λοιπὸν,
1294 402 1505 475 φωτίζει
1538 403 1568 462 ἠ
1602 404 1766 478 χάρις
1814 406 1890 455 αῦ·

2016 403 2196 459 Porro
2242 403 2661 476 gratiaipsum
2689 402 3005 472 illuminat,
3060 401 3282 473 dirigit,
3338 403 3665 474 paciﬁcum

298 496 409 558 τὸν,
476 490 680 564 ὁδηγεῖ,
737 492 1004 567 εἰρηνεύει,
1084 491 1351 563 ἀγαθῦνει,
1424 495 1491 545 τὰ
1548 495 1719 545 πάντα
1768 493 1903 546 οὖσα

301 584 413 634 θεία
467 587 556 634 καὶ
605 582 942 656 ἐπουράνιος·
1017 582 1151 634 ὥστε
1205 585 1330 656 πρὸς
1380 584 1656 655 σύγκρισιν
1711 580 1901 634 έκιίνου

298 668 533 743 βασιλεῖς
574 675 665 723 καὶ
720 667 1000 741 δυνάστας,
1037 674 1229 743 σοφοὺς
1279 676 1369 723 καὶ
1422 670 1804 744 ἀξιωματικοὺς
1833 674 1900 733 ὡς

296 759 611 832 ἐλαχίστους
665 765 755 813 καὶ
817 760 1027 821 εὐτελεῖς
1107 762 1371 832 ἡγεῖσθαι.
1417 762 1563 813 Μετὰ
1611 757 1668 813 δὲ
1720 764 1901 834 καιρὸν

296 853 384 901 καὶ
422 851 560 924 ὥραν
612 848 987 921 μεταϐάλλεταί
1041 851 1107 901 τὰ
1148 851 1451 923 πράγματα,
1511 851 1645 902 ὥστε
1694 849 1747 911 ἐξ
1777 848 1901 908 ἀληο

298 939 436 1000 θείας
492 941 579 990 τόν
645 946 879 991 τοιοῦτον
929 939 1106 991 ἑαυτὸν
1178 939 1425 1010 ἡγεῖσθαι
1476 938 1900 1011 ἀμαρτωλότερον

294 1028 499 1078 πάντων
560 1025 842 1101 ἀνθρώπων
871 1044 884 1058 °
942 1032 1029 1079 καὶ
1091 1026 1245 1079 πάλιν
1304 1026 1429 1100 ἄλλῃ
1463 1028 1592 1102 ὥρᾳ,
1634 1030 1756 1101 όρᾷν
1786 1027 1901 1080 ἐαυ-

304 1118 389 1167 τὸν
422 1116 526 1169 οἶον
554 1113 776 1189 βασιλέα
819 1120 1065 1189 μέγιστον
1091 1116 1339 1181 ἐξαίσιον,
1390 1118 1420 1176 ἣ
1452 1113 1718 1175 δυνάστην
1759 1116 1900 1189 φίλον

314 1203 573 1276 βασιλέως
600 1226 611 1237 ·
663 1205 815 1257 πάλιν
872 1205 997 1279 ἄλλῃ
1055 1207 1165 1279 ὥρᾳ
1225 1206 1404 1259 ἑαυτὸν
1434 1208 1557 1279 όρᾷν
1588 1205 1777 1264 ἀσθενῆ
1811 1210 1901 1257 καὶ

294 1299 537 1367 πτωχόν.
595 1298 792 1349 Λοιπὸν
825 1295 893 1358 εἰς
939 1295 1244 1368 ἀμηχανίαν
1294 1294 1537 1368 ἐμπίπτει
1568 1297 1593 1348 6
1622 1303 1759 1365 νοῦς,
1808 1292 1902 1348 διὰ

294 1387 345 1435 τί
370 1382 555 1447 οὕτως,
586 1389 676 1436 καὶ
732 1383 886 1435 πάλιν
918 1384 1081 1445 οὕτως
1116 1406 1127 1417 ·
1158 1382 1276 1436 Ὀτι
1309 1385 1334 1435 6
1369 1390 1593 1447 Σατανᾶς
1619 1382 1899 1456 μισόκαλος

294 1476 381 1540 ὧν,
422 1475 488 1524 τὰ
531 1475 735 1548 πονηρὰ
781 1472 1059 1526 ὑποϐαλλει
1104 1482 1210 1534 τοῖς
1260 1478 1352 1533 τὴν
1396 1473 1581 1548 ἀρετήν
1612 1476 1900 1550 κατορθοῦ-

299 1579 373 1626 σι,
425 1567 515 1615 καὶ
561 1561 868 1634 ἀγωνίξεται
908 1582 1100 1626 αυτους
1151 1563 1517 1637 μεταστρέψαι
1556 1579 1570 1595 ·
1604 1566 1751 1639 ἔργον
1795 1566 1896 1637 γὰρ

298 1652 413 1722 ἔχει
438 1659 611 1707 τοῦτο.

368 1844 438 1901 Ε’.
496 1846 650 1900 Ἀλλὰ
702 1850 769 1900 σὺ
813 1850 981 1919 τούτῳ
1038 1852 1110 1921 μὴ
1182 1850 1451 1921 ὑποταγῇς
1520 1854 1635 1917 τήν,
1714 1848 1764 1901 έν
1825 1857 1897 1920 τῷ

296 1936 397 1988 ἔσω
459 1933 712 2007 ἀνθρώπῳ
761 1936 1149 2009 ἑπιτελουμένην
1217 1935 1560 1997 δικαιοσύνην
1609 1939 1896 2011 έργαζὸμε-

293 2041 393 2087 νος,
444 2022 493 2075 έν
634 2027 692 2076 τὸ
742 2032 835 2077 τοῦ
882 2033 1117 2100 Χριστοῦ
1180 2024 1333 2098 βῆμα
1407 2026 1619 2085 ἓστηκεν
1663 2028 1774 2099 άμα
1824 2034 1897 2097 τῷ

294 2109 545 2185 ἀχράντῳ
592 2113 947 2188 ἀγιαστηρίῳ,
1012 2115 1151 2177 ὃπως
1180 2118 1238 2167 τὸ
1275 2118 1561 2189 μαρτύριον
1592 2124 1685 2177 τῆς
1718 2134 1895 2167 συνει-

296 2196 497 2263 δήσεώς
531 2222 625 2255 σου
666 2208 1002 2275 καυχήσεται
1054 2204 1105 2257 έν
1144 2213 1213 2275 τῷ
1266 2213 1475 2277 σταυρῷ
1518 2212 1609 2257 τοῦ
1640 2212 1895 2280 Χριστοῦ,

292 2298 385 2342 τοῦ
443 2293 825 2364 καθαρίσαντὸς
887 2312 982 2345 σου
1045 2298 1139 2352 τήν
1189 2290 1494 2352 συνείδησιν
1552 2293 1653 2346 ἀπὸ
1708 2302 1896 2366 νεκρῶν

294 2380 479 2452 ἔργων,
540 2381 623 2433 ἱνα
680 2390 751 2453 τῷ
810 2384 1062 2453 πνεύματί
1122 2401 1215 2434 σου
1283 2388 1390 2454 Θεῷ
1457 2383 1768 2459 λατρεύσῃς,
1815 2383 1898 2435 ἵνα

292 2474 425 2535 γνῷς
446 2469 499 2518 τί
523 2475 852 2541 προσκυνεῖς,
879 2470 1016 2519 κατά
1044 2471 1131 2519 τὸν
1166 2467 1394 2521 εἰπόντα.
1449 2466 1506 2521 ’Π
1521 2475 1623 2540 μεῖ
1638 2488 1658 2529 ς
1705 2487 1784 2540 πρ
1800 2487 1824 2519 ο
1840 2486 1897 2519 σ-

300 2563 620 2628 κυνοῦμεν
669 2557 696 2608 ὃ
743 2553 1037 2629 οἴδαμεν.
1097 2559 1351 2614 Πείσθητι
1393 2566 1465 2628 τῷ
1521 2554 1801 2628 ὸδηγοῦντί
1840 2575 1897 2609 σε

300 2650 434 2715 Θεῷ,
486 2647 853 2704 κοινωνησάτω
883 2647 913 2703 ἡ
948 2644 1102 2717 ψυχή
1156 2665 1251 2698 σου
1298 2654 1367 2717 τῷ
1408 2653 1541 2717 Θεῷ,
1572 2649 1640 2708 ὡς
1666 2653 1897 2698 κοινωνεῖ

291 2735 465 2805 νύμφη
493 2741 697 2807 νυμφίῳ
732 2752 744 2763 ·
800 2737 879 2788 Τὸ
938 2737 1058 2807 γὰρ
1106 2739 1469 2808 μυστήριον
1508 2743 1697 2789 τοῦτο
1734 2738 1897 2809 μέγα

288 2820 450 2887 έστὶ,
482 2829 663 2896 φησὶν,
710 2826 825 2896 ἐγὼ
858 2823 926 2877 δε
954 2824 1113 2897 λέγω
1168 2825 1257 2886 εἰς
1287 2829 1567 2899 Χριστὸν
1597 2830 1685 2878 καὶ
1713 2825 1893 2887 εἰςτήν

292 2910 501 2985 ἆαωμον
531 2912 737 2985 ψυχήν.
764 2913 787 2933 ⁷
810 2916 905 2986 ῼή
936 2911 1073 2986 δόξμ
1112 2914 1183 2978 εἰς
1212 2918 1332 2976 τοὺς
1355 2915 1564 2978 αἰῶνας.
1594 2913 1782 2988 Ἀμήν.

879 3041 1129 3093 ΟΜῙΛῙΑ
1172 3039 1304 3096 ΛΘ’.

2013 492 2225 556 reddit,
2260 509 2329 549 ac
2360 494 2585 549 bonum
2608 491 2805 555 efﬁcit,
2834 507 2970 563 quae
2995 491 3187 560 gratia
3220 507 3323 563 per
3351 494 3556 550 omnia
3581 495 3667 550 di-

2015 582 2150 637 vina
2178 588 2235 637 et
2258 582 2509 638 caelestis
2542 598 2556 647 ;
2590 588 2649 635 ut
2678 580 2993 635 collatione
3045 580 3176 651 ejus
3224 596 3414 651 reges,
3453 590 3667 654 poten-

2014 675 2117 737 tes,
2148 672 2464 742 sapientes,
2498 676 2554 727 et
2596 672 2657 724 in
2691 670 2976 739 dignitate
3021 670 3323 726 constituti
3368 672 3526 727 velut
3550 673 3664 728 mi-

2013 760 2159 816 nimi
2195 776 2264 815 ac
2296 759 2440 815 viles
2490 766 2854 831 reputentur.
2906 758 3132 828 Exiguo
3190 776 3327 815 vero
3378 762 3665 833 temporis

2012 855 2115 904 aut
2144 848 2306 905 hora
2338 850 2532 920 spatio
2565 855 2717 919 post,
2748 864 2842 903 res
2888 847 3303 911 immutantur,
3341 854 3402 905 ut
3431 866 3492 904 re
3522 866 3665 907 vera

2010 938 2059 993 is
2110 937 2240 1009 ipse
2299 954 2359 994 se
2415 938 2610 1010 ipsum
2640 941 2870 1009 reputet
2924 937 3258 1006 graviorem
3286 943 3663 1009 peccatorem

2010 1028 2295 1083 omnibus
2318 1026 2698 1083 hominibus:
2729 1032 2784 1081 et
2810 1041 3047 1080 rursum
3072 1026 3187 1081 alia
3208 1026 3358 1081 hora
3379 1027 3577 1083 videat
3600 1043 3663 1085 se

2009 1115 2209 1187 ipsum
2240 1115 2419 1170 veluti
2479 1130 2677 1184 regem
2712 1114 3045 1169 maximum
3097 1119 3153 1169 et
3204 1114 3529 1186 ingentem,
3561 1120 3663 1173 aut

2012 1209 2314 1276 potentem
2333 1205 2592 1259 amicum
2609 1204 2796 1272 regis:
2822 1219 3059 1258 rursum
3077 1203 3195 1258 alia
3221 1203 3370 1259 hora
3386 1205 3661 1274 seipsum

2011 1293 2209 1349 videat
2262 1293 2568 1348 inﬁrmum
2598 1298 2653 1348 et
2712 1308 3066 1364 pauperem.
3095 1292 3387 1347 Caeterum
3444 1292 3503 1347 in
3536 1308 3662 1364 per-

2010 1381 2351 1454 plexitatem
2376 1382 2593 1437 labitur
2614 1382 2873 1445 animus,
2895 1380 3292 1453 quamobrem
3317 1382 3421 1446 sic,
3451 1386 3507 1437 et
3529 1398 3659 1437 rur-

2008 1488 2142 1527 sum
2176 1472 2278 1527 sic.
2314 1471 2463 1537 Quia
2496 1474 2768 1535 Satanas,
2819 1486 2954 1525 cum
3004 1470 3059 1524 id
3113 1471 3278 1542 quod
3312 1470 3541 1525 bonum
3574 1474 3662 1527 est

2007 1561 2147 1617 odio
2180 1565 2596 1633 prosequatur,
2626 1558 2785 1616 mala
2816 1560 3079 1630 suggerit
3109 1559 3221 1623 his,
3252 1560 3353 1631 qui
3384 1559 3662 1616 virtutem

2008 1656 2445 1717 consectantur,
2465 1665 2692 1723 eosque
2712 1654 2974 1706 avertere
2992 1648 3298 1705 contendit
3319 1668 3338 1721 ς
3363 1648 3475 1705 hoc
3498 1649 3660 1705 enim

1932 1766 1970 1819 Β
2008 1740 2136 1810 ejus
2162 1745 2252 1795 est
2277 1754 2449 1810 opus.

2082 1849 2142 1902 V.
2176 1848 2390 1902 Verum
2421 1862 2494 1901 ne
2539 1844 2617 1901 illi
2664 1844 3021 1915 subjiciaris,
3067 1845 3173 1900 sed
3203 1861 3451 1917 cperare
3486 1846 3661 1917 justi-

2009 1936 2173 2001 tiam,
2206 1951 2339 2006 quae
2366 1935 2425 1990 in
2477 1934 2741 1989 interiori
2800 1934 3044 1989 homine
3076 1934 3398 2005 perﬁcitur,
3445 1934 3504 1989 in
3536 1950 3659 2006 quo

2009 2024 2214 2079 Christi
2245 2023 2428 2079 altare
2447 2022 2859 2078 consistituna
2885 2040 3022 2077 cum
3043 2022 3355 2094 impolluto
3383 2028 3661 2079 sanctua-

2007 2114 2115 2177 rio,
2149 2118 2209 2167 ut
2255 2112 2660 2168 testimonium
2714 2112 3090 2167 conscientias
3142 2118 3254 2167 tuae
3286 2112 3567 2181 glorietur
3597 2112 3658 2167 in

2007 2217 2179 2257 cruce
2208 2201 2437 2264 Christi,
2466 2201 2569 2272 qui
2606 2205 2901 2272 expurgat
2923 2200 3351 2255 conscientiam
3386 2208 3546 2256 tuam
3579 2201 3657 2257 ab

2007 2292 2289 2362 operibus
2322 2291 2593 2356 mortuis,
2624 2296 2686 2345 ut
2716 2290 2930 2361 spiritu
2954 2294 3054 2344 tuo
3088 2289 3206 2344 Deo
3240 2288 3561 2356 ministres,
3596 2294 3659 2346 ut

2008 2380 2169 2435 noris
2193 2381 2337 2452 quid
2369 2379 2608 2444 adoras,
2642 2378 2974 2434 secundum
3006 2394 3140 2433 eum
3184 2378 3287 2450 qui
3329 2378 3501 2435 dicit:
3536 2379 3656 2435 Nos

2007 2469 2350 2533 adoramus,
2370 2468 2753 2539 quodscimus
2777 2471 2824 2503 ⁶⁰
2848 2486 2859 2523 :
2893 2468 3134 2523 Contide
3150 2466 3425 2537 dirigenti
3442 2474 3492 2523 te
3511 2469 3652 2533 Deo,

2008 2559 2375 2613 consortium
2404 2558 2623 2613 habeat
2645 2558 2967 2613 animatua
2991 2574 3127 2612 cum
3160 2556 3300 2620 Deo,
3336 2564 3399 2612 ut
3425 2573 3654 2629 sponsa

2008 2647 2349 2701 societatem
2372 2646 2511 2700 colit
2540 2662 2673 2701 cuin
2705 2661 2948 2716 sponso.
2980 2644 3327 2714 Mysterium
3357 2644 3518 2699 enim
3543 2645 3653 2701 hoc

2004 2750 2290 2805 magnum
2326 2741 2406 2791 est
2426 2755 2445 2791 :
2471 2750 2568 2805 ego
2616 2749 2751 2790 vero
2777 2733 2928 2799 dico,
2979 2734 3137 2789 inter
3186 2734 3490 2789 Christum
3526 2735 3568 2769 ⁶¹
3602 2738 3659 2790 et

2004 2824 2540 2880 incontaminatam
2582 2823 2868 2878 animam.
2922 2822 3025 2877 Cui
3084 2822 3272 2895 gloria
3321 2824 3381 2877 in
3413 2822 3653 2879 saacula.

2004 2914 2213 2969 Amen.

2554 3037 2841 3093 HOMILIA
2884 3036 3101 3091 XXXIX.

292 3144 480 3205 Τίνος
510 3144 717 3196 ἕνεκεν
747 3140 943 3203 ἓδόθη
984 3146 1136 3217 ήμίν
1170 3146 1288 3198 ὑπὸ
1339 3153 1449 3198 τοῦ
1490 3147 1704 3205 Θεοῦή
1755 3147 1890 3198 θεία

2006 3145 2101 3201 Ad
2124 3144 2269 3215 quid
2297 3144 2616 3213 Scriptura
2645 3143 2852 3199 divina
2878 3142 3044 3198 nobis
3071 3158 3107 3199 a
3135 3144 3251 3198 Deo
3282 3142 3505 3200 donata
3534 3143 3653 3199 sit?

955 3221 1221 3289 Γραφή;

358 3338 441 3391 Α⁹.
472 3336 673 3409 Ὠσπερ
720 3335 963 3411 βασιλεὺς
1012 3339 1221 3412 γράψας
1259 3340 1553 3406 ίπίστολὸις,
1604 3342 1681 3402 οἷς
1712 3338 1893 3413 βούλε-

283 3445 371 3479 ται
427 3423 738 3488 κωδικέλους
802 3433 891 3481 καὶ
939 3425 1137 3501 δωρεὰς
1180 3425 1324 3491 ἰδίας
1379 3432 1739 3502 χαρίσασθαι,
1785 3450 1889 3488 ση-

280 3520 453 3587 μαίνει
492 3522 672 3581 πᾶσιν,
721 3517 802 3569 ὃτι
846 3522 1109 3589 Ταχέως
1195 3516 1609 3572 σπουδάσατε
1678 3519 1888 3572 έλθεῖν

278 3610 434 3680 πρὸς
462 3624 554 3678 με,
589 3608 687 3658 ἵνα
716 3606 955 3665 λάϐητε
982 3608 1126 3681 παρ’
1159 3608 1311 3680 ἐμοῦ
1345 3605 1589 3683 δωρεὰς
1621 3606 1874 3682 βασιλι-

276 3697 411 3759 κὰς,
438 3699 527 3747 καὶ
557 3694 602 3747 εἰ
620 3699 691 3768 μὴ
727 3694 992 3748 ἀπέλθωσι
1022 3702 1111 3749 καὶ
1140 3696 1389 3763 λάϐωσιν,
1425 3692 1578 3749 οὐδὲν
1612 3696 1877 3769 ὠφελήθη-

281 3800 398 3847 σαν,
431 3780 736 3853 ἀναγνόντες
772 3787 866 3845 re;
922 3784 1217 3850 ἐπιστολὰς,
1269 3784 1461 3856 μᾶλλον
1506 3783 1566 3837 δε
1599 3790 1689 3837 καὶ
1730 3787 1883 3838 θανά-

274 3889 367 3923 του
400 3872 529 3924 εἰσὶν
547 3875 724 3943 ἔνοχοι
751 3878 821 3943 μή
853 3874 1155 3935 θελήσαντες
1188 3874 1441 3939 ἀπελθεῖν,
1471 3880 1561 3926 καὶ
1591 3873 1647 3925 ἐκ
1697 3879 1881 3948 χειρός

280 3956 541 4030 βασιλέως
589 3969 743 4031 τιμῆς
787 3960 1113 4022 ἀξιωθῆναι’
1185 3963 1349 4021 οὕτως
1427 3967 1518 4013 καὶ
1588 3964 1683 4022 τὰς
1742 3965 1882 4023 θείας

280 4048 487 4117 Γραφὰς
557 4046 730 4121 ὥσπερ
809 4046 1085 4112 ἐπιστολὰς
1170 4048 1463 4103 ἀπέστειλεν
1520 4050 1546 4101 ό
1632 4048 1883 4121 βασιλεὺς

283 4139 413 4196 Θεὸς
450 4142 555 4196 τοῖς
594 4135 903 4209 ἀνθρώποις,
942 4133 1184 4198 δηλώσας
1238 4134 1309 4191 δι’
1337 4138 1525 4203 αὐτῶν,
1583 4139 1666 4190 ἵνα
1711 4158 1884 4211 παρα-

286 4223 594 4286 καλέσαντες
668 4227 755 4277 τὸν
831 4228 981 4291 Θεὸν,
1034 4231 1123 4278 καὶ
1202 4229 1571 4288 πιστεύσαντες
1624 4227 1882 4287 αἰτήσωσι

283 4317 372 4365 καὶ
393 4312 590 4365 λάϐωσι
623 4309 821 4387 δωρεὰν
871 4314 1106 4387 οὐράνιον
1159 4314 1214 4367 ἐκ
1260 4323 1355 4377 τῆς
1408 4316 1746 4379 ὑποστάσεως
1787 4324 1883 4377 τῆς

283 4405 518 4463 θεότητος
573 4402 755 4459 αὐτοῦ.
813 4407 1111 4476 Γέγραπται
1185 4406 1312 4477 γὰρ,
1368 4403 1411 4456 Ἰ
1433 4425 1501 4457 να
1551 4408 1882 4477 γινώμεθα

2074 3340 2115 3395 Ι.
2150 3338 2679 3406 Quemadmodum
2708 3354 2832 3403 rex,
2864 3338 2966 3410 qui
3022 3337 3226 3393 scribit
3281 3339 3520 3394 Litteras
3573 3339 3651 3394 ad

2002 3445 2128 3493 eos,
2161 3429 2381 3501 quibus
2422 3427 2547 3482 vult
2591 3426 2894 3482 codicillos
2936 3434 2989 3482 et
3030 3426 3354 3498 peculiaria
3398 3443 3652 3484 munera

1999 3519 2221 3588 largiri,
2255 3524 2462 3573 notum
2493 3516 2629 3573 facit
2655 3516 2959 3582 omnibus,
3009 3532 3263 3586 nempe:
3301 3517 3650 3573 Contendite

1999 3610 2306 3677 confestim
2330 3608 2411 3662 ad
2435 3621 2525 3662 me
2544 3607 2759 3669 venire,
2785 3612 2850 3661 ut
2880 3606 3189 3675 accipiatis
3221 3622 3257 3660 a
3280 3621 3370 3662 me
3397 3621 3650 3662 munera

1996 3700 2204 3768 regia:
2236 3696 2341 3768 qui
2382 3696 2497 3751 nisi
2526 3696 2792 3750 venerint
2835 3700 2889 3750 et
2929 3696 3289 3766 acceperint,
3330 3694 3650 3767 nihilipsis

1994 3786 2277 3860 proderit,
2323 3785 2488 3857 quod
2544 3785 2653 3839 has
2682 3784 2962 3852 legerint;
2996 3785 3141 3855 quin
3194 3785 3392 3855 potius
3439 3784 3648 3840 mortis

1994 3875 2288 3947 supplicio
2306 3873 2740 3938 ﬁuntobnoxii,
2777 3873 2943 3944 quod
2972 3872 3275 3927 renuerint
3323 3874 3541 3938 venire,
3590 3879 3649 3929 et

1992 3981 2024 4020 e
2048 3980 2231 4019 manu
2260 3964 2414 4033 regis
2436 3962 2825 4017 honorarium
2852 3964 3169 4032 consequi:
3201 3963 3285 4015 sic
3298 3977 3541 4032 quoque
3560 3962 3645 4016 di-

1992 4054 2160 4107 vinas
2194 4052 2527 4121 Scripturas
2546 4050 2703 4104 velut
2724 4051 3005 4121 epistolas
3037 4050 3200 4104 misit
3224 4065 3325 4104 rex
3359 4051 3511 4104 Deus
3540 4050 3648 4106 ho-

1993 4140 2279 4203 minibus,
2312 4139 2387 4194 iis
2420 4139 2792 4207 signiﬁcans,
2850 4145 2910 4192 ut
2954 4138 3303 4192 invocantes
3350 4141 3557 4206 Deum,
3589 4144 3646 4195 et

1992 4229 2297 4285 credentes
2331 4232 2533 4299 petant
2562 4234 2618 4282 et
2652 4232 3101 4298 consequantur
3138 4225 3368 4281 donum
3400 4227 3642 4284 cmleste

1991 4334 2061 4374 ex
2102 4317 2409 4389 hypostasi
2440 4316 2760 4371 divinitatis
2790 4318 2937 4386 ejus.
2988 4315 3284 4385 Scriptum
3324 4316 3482 4371 enim
3514 4320 3638 4372 est:

1993 4408 2118 4474 Quo
2136 4410 2348 4473 ﬁamus
2361 4406 2582 4462 divina:
2600 4408 2895 4461 consortes
2914 4411 3149 4460 natura?
3172 4406 3240 4461 ⁸⁸.
3263 4404 3319 4460 Si
3352 4420 3495 4460 vero
3518 4421 3641 4461 non

281 4493 458 4553 θείας
505 4497 808 4544 κοινωνοὶ
846 4475 1114 4565 φύσεως.
1298 4490 1358 4546 δὲ
1381 4497 1453 4565 μή
1477 4475 1762 4568 προσέλθη,
1790 4500 1879 4547 καὶ

2006 4496 2323 4559 tccesserit,
2377 4510 2499 4549 non
2556 4494 2804 4565 petierit,
2868 4510 2976 4548 nec
3028 4493 3340 4564 acceperit,
3392 4493 3537 4548 nihil
3588 4496 3642 4550 ei

278 4579 497 4652 αἰτήσῃ,
530 4584 619 4632 καὶ
671 4579 801 4653 λάϐῃ
860 4582 886 4632 ὸ
943 4580 1231 4657 ἅνθρωπος,
1278 4579 1431 4635 οὐδὲν
1485 4582 1721 4655 ὠφελήθη
1755 4583 1881 4636 ἀνα-

276 4672 430 4738 γνοὺς
494 4671 589 4729 τὰς
632 4672 854 4743 Γραφάς,
931 4671 1121 4743 μᾶλλον
1179 4669 1237 4724 δε
1286 4677 1375 4725 καὶ
1429 4674 1652 4724 θανάτου
1700 4674 1879 4745 ἔνοχός

278 4758 548 4825 ἑστιν,ὃτι
577 4761 720 4831 παρὰ
777 4757 1031 4830 βασιλέως
1078 4762 1322 4834 οὐρανίου
1375 4763 1467 4815 οῦκ
1521 4762 1743 4821 ἠθέλησε
1790 4763 1876 4816 λα-

278 4843 383 4896 ϐεῖν
441 4844 576 4904 ζωῆς
610 4848 817 4919 ςωρεὰν,
864 4848 923 4909 ἧς
982 4851 1100 4902 ἄνευ
1132 4848 1390 4904 ἀδύνατόν
1426 4851 1537 4904 ίστι
1566 4853 1703 4913 ζωῆς
1750 4852 1877 4905 ἀθα-

276 4935 431 4985 νάτου
455 4940 656 5004 τυχεῖν,
714 4933 830 4995 ἣτις
881 4938 1021 4990 ἂστὶν
1061 4939 1087 4990 6
1142 4945 1388 5013 Χριστός.
1438 4941 1509 5013 ᾯ.
1550 4942 1580 5000 ή
1635 4937 1766 5004 δόξα
1803 4942 1877 5004 εἰς

276 5025 394 5083 τοὺς
424 5020 634 5084 αἰῶνας.
664 5022 854 5095 Ἀμήν.

892 5154 1140 5208 ΟΜΙΛΙΑ
1180 5153 1264 5209 Μ’.

272 5253 291 5270 ”
320 5261 435 5332 Qu
464 5260 668 5332 πάσαι
691 5257 763 5332 αἱ
818 5254 1069 5332 ἀρεταὶ,
1101 5266 1212 5314 καὶ
1240 5261 1447 5316 πάντα
1473 5268 1638 5317 κακὰ
1684 5264 1873 5323 ἀλλή-

345 5326 464 5408 λων
519 5323 919 5408 ἕᾷκδέδεντάι,
980 5336 1087 5383 καὶ
1144 5333 1420 5408 ὡσπερεὶ
1484 5336 1717 5399 ἄλυσίς
1778 5355 1871 5397 τις

347 5404 462 5470 μία
490 5406 598 5460 τῆς
634 5405 786 5471 μιᾶς
824 5401 1158 5476 ήρτηνται.

348 5500 426 5557 Α’.
481 5510 607 5579 Περὶ
634 5514 725 5568 τῆς
766 5513 1075 5585 φαινομένης
1122 5511 1411 5583 ἀσκήσεως,
1443 5518 1533 5567 καὶ
1564 5520 1708 5567 ποῖον
1760 5511 1870 5566 ἔπι-

349 5652 683 5721 ⁸⁰1οοη.ιν,
711 5658 798 5712 22.
878 5658 921 5693 ⁶¹
974 5658 1190 5733 Ephes.
1225 5676 1277 5726 v,
1326 5663 1412 5717 32.

1492 5662 1539 5695 οί
1566 5659 1613 5714 ιι
1646 5662 1792 5719 Petr.
1842 5674 1881 5728 ι,
1910 5658 1961 5716 4.

1990 4585 2271 4658 proderit,
2295 4584 2458 4657 quod
2490 4583 2697 4653 legerit
2719 4583 3075 4653 Scripturas,
3109 4583 3227 4637 imo
3246 4582 3444 4654 potius
3475 4583 3644 4654 capi-

1988 4675 2089 4732 tali
2127 4673 2419 4745 supplicio
2453 4671 2763 4737 tenebitur,
2806 4671 2966 4743 quod
3009 4686 3043 4726 a
3075 4673 3228 4741 Rege
3261 4670 3483 4725 cmlesti
3520 4686 3637 4726 no-

1985 4764 2157 4820 luerit
2182 4762 2450 4833 accipere
2467 4761 2696 4816 donum
2730 4761 2896 4826 vitae;
2932 4759 3061 4814 sine
3092 4776 3214 4831 quo
3240 4760 3371 4816 ﬁeri
3406 4761 3631 4832 nequit,

1988 4857 2050 4907 ut
2074 4852 2257 4906 vitam
2278 4849 2698 4915 immortalem,
2718 4864 2852 4919 quae
2872 4855 2957 4903 est
2981 4848 3261 4918 Christus,
3300 4862 3632 4920 consequa-

1986 4946 2098 4996 tur.
2132 4940 2235 4996 Cui
2266 4938 2453 5009 gloria
2483 4939 2542 4993 in
2576 4937 2814 4993 saecula.
2845 4938 3055 4992 Amen.

2590 5151 2872 5208 HOMILIA
2919 5151 3022 5205 XL.

1984 5261 2242 5317 Cunctas
2276 5260 2544 5325 virtutes,
2571 5261 2625 5314 et
2648 5265 2865 5315 cuncta
2896 5257 3041 5313 vitia
3070 5256 3228 5313 inter
3258 5271 3316 5313 se
3342 5255 3628 5325 colligata

2051 5347 2187 5393 esse,
2197 5337 2247 5387 et
2262 5332 2420 5387 velut
2432 5338 2699 5387 catenam
2716 5345 2896 5386 unam
2910 5329 2985 5385 ab
2997 5330 3192 5385 altera
3204 5328 3554 5398 dependere.

2051 5509 2097 5569 Ι.
2124 5509 2200 5567 De
2222 5508 2493 5567 exteriori
2514 5508 2948 5581 exercitatione,
2976 5514 3029 5564 et
3055 5505 3370 5582 quodnam
3393 5503 3633 5558 institu-
