4130 6286
496 308 598 366 763
1209 354 1213 358 .
1794 307 1853 361 S.
1900 302 2127 361 MACAF

2239 300 2539 359 IEGYPTll
3103 348 3105 350 .
3738 301 3852 355 764

500 437 621 487 tum
645 432 718 489 sit
749 432 947 504 potius
970 431 1306 504 etprimum
1332 431 1446 486 hoc
1469 431 1696 495 scitote,
1728 430 1942 496 dilecti,
1972 427 2131 503 quod

2250 425 2491 498 τηδευμα
2544 426 2740 499 μεῖζον,
2773 430 2865 479 καὶ
2927 434 3125 500 πρῶτον
3170 427 3447 497 τυγχάνει,
3503 431 3655 478 τοῦτο
3697 430 3852 496 γινὼ-

498 522 650 577 inter
680 538 741 577 se
768 521 1058 576 devinctae
1085 522 1198 575 sint
1226 534 1437 575 omnes
1468 521 1730 575 virtutes.
1774 519 1943 591 133
1981 518 2129 573 Velut

2255 536 2420 586 σκετε,
2473 515 2751 586 ἀγαπητοὶ,
2801 517 2881 568 ὃτι
2928 514 3157 573 ἀλλήλων
3224 512 3525 568 ἐκδεδενται
3576 521 3745 568 πᾶσαι
3795 515 3851 566 αἱ

498 610 646 667 enim
662 611 935 681 quaedam
952 608 1270 682 spiritualis
1285 616 1493 664 catena
1507 625 1622 664 una
1636 610 1713 664 ab
1727 608 1913 664 altera
1925 608 2129 680 depen-

2255 603 2453 679 ἀρεταί.
2505 604 2746 677 Ὡσπερεὶ
2801 607 2904 676 γάρ
2972 624 3047 665 τις
3100 609 3422 676 πνευματικὴ
3488 604 3694 670 ἅλυσις,
3752 608 3851 676 μία

500 700 628 765 det;
671 702 933 772 precatio
971 700 1047 755 ad
1089 698 2131 768 dilectione,dilectioagaudio,gau-

2253 701 2347 755 τῆς
2378 699 2500 766 μιᾶς
2526 697 2781 767 ἤρτηνται
2821 708 2834 723 ⁸
2868 696 2896 751 ἡ
2939 693 3081 765 τῦχὴ
3134 692 3233 747 ἀπὸ
3270 701 3361 754 τῆς
3401 693 3627 766 ἀγάπης,
3659 695 3686 751 ἱ)
3719 691 3852 765 ἀγά-

499 788 657 843 dium
674 805 706 843 a
723 787 1591 852 mansuetudine,mansuetudo
1605 786 1681 842 ab
1697 786 2016 841 humilitate
2031 785 2130 839 hu-

2255 802 2326 840 πη
2361 782 2461 835 ἀπό
2518 792 2609 843 τῆς
2653 789 2849 857 χαρᾶς,
2908 785 2939 841 ἡ
2989 786 3134 855 χαρά
3190 782 3290 835 ἀπὸ
3334 791 3428 845 τῆς
3478 787 3785 856 πραόνητος,
3819 785 3848 840 ἡ

500 876 717 932 militas
742 877 817 932 ab
835 878 1144 949 obsequio,
1166 876 1524 948 obsequium
1558 894 1591 930 a
1611 891 1737 947 spe,
1766 890 1901 946 spes
1949 890 1985 930 a
2003 874 2122 927 ﬁde

2256 876 2486 944 πραότης
2544 870 2645 923 ἀπὸ
2693 879 2790 933 τῆς
2868 876 3243 935 ταπεινώσεως,
3299 874 3329 928 ἡ
3384 876 3696 933 ταπείνωσις
3752 870 3852 922 ἀπὸ

497 966 645 1021 ﬁdes
664 966 741 1022 ab
758 967 985 1034 auditu,
1010 966 1295 1021 auditusa
1320 966 1713 1037 simplicitate.
1749 963 2124 1033 Quemadmo

2258 968 2346 1021 τῆς
2387 957 2674 1025 διακονίας,
2724 962 2753 1018 ἦ
2808 957 3051 1012 διακονία
3098 959 3198 1013 ἀπὸ
3242 969 3333 1020 τῆς
3386 957 3612 1025 ἐλπίδος,
3642 961 3672 1017 ἡ
3716 958 3855 1021 ὓπὶς

497 1054 641 1109 dum
667 1058 841 1110 etiam
866 1072 935 1110 ex
969 1055 1219 1109 adversa
1241 1061 1409 1126 parte
1432 1056 1589 1121 vitia,
1619 1071 1805 1109 unum
1840 1055 1917 1108 ab
1941 1052 2123 1109 altero

2260 1048 2361 1101 ἀπὸ
2395 1058 2488 1110 τῆς
2517 1054 2762 1115 πίστεως,
2821 1051 2850 1106 ἡ
2906 1054 3086 1111 πίστις
3138 1048 3238 1101 ἀπὸ
3276 1057 3369 1111 τῆς
3399 1050 3655 1115 ὑπακοῆς,
3688 1050 3718 1107 ἡ
3762 1051 3857 1101 ὑπ-

494 1144 874 1216 dependent;
909 1145 1114 1199 odium
1161 1144 1237 1198 ab
1291 1145 1397 1207 ira,
1431 1161 1467 1199 a
1513 1143 1813 1215 superbia,
1871 1141 2125 1214 superbi:

2261 1143 2389 1197 ακοὴ
2421 1138 2521 1190 ἀπὸ
2548 1147 2640 1200 τῆς
2669 1138 2979 1201 ἁπλότητος.
3023 1137 3222 1213 Ὠσπερ
3271 1144 3361 1191 καὶ
3418 1142 3473 1191 τό
3520 1139 3744 1191 ἐναντίον
3774 1142 3857 1211 μέ-

496 1249 715 1289 avana
769 1232 979 1302 gloria,
1038 1248 1197 1287 vana
1246 1232 1433 1301 gloria
1479 1233 1557 1288 ab
1611 1232 1977 1296 inﬁdelitate,
2022 1230 2125 1285 inﬁ

2260 1248 2350 1303 ρος
2399 1229 2447 1280 ἓν
2502 1227 2585 1300 ἀφ’
2643 1227 2753 1290 ἐνὸς
2804 1231 2870 1280 τὰ
2908 1230 3043 1280 κακὰ
3081 1224 3381 1281 ἐκδέδενται
3413 1248 3426 1260 ·
3472 1231 3531 1280 τὸ
3573 1234 3730 1300 μῖσος
3758 1227 3856 1280 ἀπὸ

497 1322 705 1378 delitas
763 1339 796 1377 a
850 1322 1062 1377 duritie
1121 1322 1340 1389 cordis,
1403 1322 1649 1377 durities
1711 1322 1908 1376 cordis
1962 1337 1997 1376 a
2054 1336 2126 1375 ne

2262 1325 2353 1370 τοῦ
2388 1319 2574 1388 θυμοῦ,
2625 1319 2650 1369 ό
2703 1319 2865 1390 θυμός
2922 1318 3022 1369 ἀπό
3076 1325 3170 1379 τῆς
3216 1318 3593 1391 ὑπερηφανίας,
3638 1318 3668 1376 ἡ
3711 1319 3859 1392 ὑπερ-

498 1412 801 1481 gligentia,
836 1411 1194 1481 negligentia
1241 1427 1275 1465 a
1304 1411 1561 1482 pigritia,
1596 1410 1832 1482 pigritia
1862 1409 1939 1465 ab
1985 1424 2129 1464 acce-

2263 1411 2454 1478 ηφανία
2483 1405 2584 1457 ἀπὸ
2615 1414 2709 1467 τῆς
2748 1402 3060 1471 κενοδοξίας,
3112 1407 3141 1464 ἡ
3189 1402 3461 1468 κενοδοξία
3492 1405 3592 1459 ἀπὸ
3625 1414 3715 1467 τῆς
3745 1405 3859 1459 ἀπι-

499 1501 618 1566 dia,
650 1501 859 1556 acedia
880 1503 959 1555 ab
986 1500 1377 1571 impatientia,
1393 1500 1811 1572 impatientiaa
1827 1498 2127 1569 voluptate

2265 1500 2433 1559 στίας,
2465 1497 2495 1553 ἡ
2540 1496 2761 1548 ἀπιστία
2799 1494 2900 1547 ἀπό
2954 1503 3048 1557 τῆς
3084 1492 3529 1569 σκληροκαρδίας,
3575 1497 3605 1553 ἡ
3642 1495 3857 1570 σκληρο-

503 1595 558 1644 et
584 1589 815 1661 reliqua
864 1589 1136 1644 membra
1164 1589 1445 1644 vitiorum
1504 1589 1584 1644 ab
1626 1589 1883 1645 invicem
1929 1587 2134 1659 depen-

2262 1582 2461 1659 καρδία
2518 1583 2619 1637 ἀπὸ
2674 1593 2766 1645 τῆς
2823 1582 3081 1657 ἀμελείας,
3132 1585 3163 1642 ἡ
3222 1582 3431 1656 ἀμέλεια
3473 1584 3573 1637 ἀπὸ
3607 1592 3696 1645 τῆς
3724 1604 3861 1657 χαυ-

498 1679 702 1734 dentia
724 1697 735 1732 :
755 1680 837 1733 sic
860 1694 1101 1749 quoque
1121 1679 1181 1732 in
1210 1677 1370 1733 bona
1389 1682 1556 1748 parte
1571 1677 1919 1733 abinviccm
1933 1675 2126 1748 depen

2262 1680 2488 1743 νὼσεως,
2536 1676 2565 1731 ἡ
2621 1676 2890 1744 χαῦνωσις
2930 1675 3030 1725 ἀπὸ
3070 1680 3159 1733 τῆς
3189 1669 3438 1738 ἀκηδέας,
3465 1678 3494 1732 ἡ
3530 1670 3731 1731 ἀκηδέα
3760 1672 3859 1727 ἀπὸ

500 1768 663 1835 dent,
693 1774 749 1822 et
775 1783 1083 1838 suspensae
1116 1771 1257 1821 sunt
1283 1767 1543 1821 virtutes.

2223 1769 2357 1825 ιτῆς
2411 1763 2849 1835 ἀνυπομονησίας,
2917 1764 2947 1821 ἡ
3006 1761 3401 1836 ἀνυπομονησία
3440 1761 3540 1816 ἀπὸ
3586 1770 3681 1825 τῆς
3747 1764 3854 1835 φιλ-

500 1853 714 1916 ηδονίας
756 1875 766 1887 ·
818 1858 1015 1907 καὶτὰ
1065 1855 1221 1907 λοιπὰ
1279 1854 1406 1926 μέλη
1457 1864 1547 1915 τῆς
1597 1858 1781 1915 κακίας
1840 1853 2067 1912 ἀλλήλων
2131 1854 2262 1906 εἰσὶν
2317 1852 2711 1925 ἐκκρεμάμενα·
2779 1852 2944 1913 οὕτως
3023 1850 3118 1904 κάν
3186 1860 3261 1923 τῷ
3315 1851 3495 1925 ἀγαθῷ
3553 1857 3693 1926 μέρει
3777 1851 3863 1904 ἀλ-

499 1945 663 2003 λήλων
682 1945 811 1997 εἰσὶν
843 1947 1215 2017 ἓκκρεμάμεναι
1241 1946 1294 1996 αὶ
1325 1943 1498 2019 ἀρεταὶ
1530 1949 1619 1996 καὶ
1659 1944 2041 2017 ἀπηρτημέναι.

570 2069 636 2122 Il.
692 2070 879 2139 Caput
911 2072 1113 2123 autem
1156 2067 1337 2123 totius
1385 2066 1528 2123 boni
1570 2067 1837 2133 instituti,
1872 2070 1930 2121 et
1955 2070 2150 2121 vertex

2335 2064 2406 2117 B’.
2440 2064 2722 2136 Κεφάλαιον
2774 2060 2833 2116 δὲ
2876 2065 3055 2127 πάσης
3111 2062 3352 2125 σπουδῆς
3407 2064 3626 2137 ἀγαθῆς,
3660 2070 3749 2118 καὶ
3777 2085 3863 2118 κο-

497 2156 884 2213 honestarum
921 2157 1223 2211 actionum
1249 2161 1333 2210 est
1359 2156 1684 2226 perdurare
1706 2155 1765 2209 in
1787 2153 2127 2226 precatione

2260 2161 2479 2226 ρυφαῑον
2547 2161 2646 2205 τῶν
2719 2154 3144 2226 κατορθωμάτων
3218 2152 3327 2206 ἔστὶ
3375 2157 3434 2207 τό
3464 2163 3868 2228 προσκαρτερεῖν

498 2246 670 2316 cujus
695 2262 809 2315 ope
842 2249 1085 2300 caeteras
1115 2261 1358 2316 quoque
1392 2245 1632 2300 virtutes
1663 2259 1768 2314 per
1804 2242 2125 2313 postulatio

2262 2250 2322 2313 τῇ
2362 2242 2516 2313 εὐχῇ,
2554 2241 2637 2314 ἀφ’
2670 2242 2729 2315 ᾖς
2781 2248 2869 2294 καὶ
2924 2244 3016 2305 τάς
3047 2243 3230 2305 λοιπάς
3261 2241 3449 2316 ἀρετὰς
3481 2240 3574 2297 διά
3608 2253 3707 2307 τῆς
3728 2248 3873 2318 παρά

500 2350 637 2389 nem
662 2351 696 2390 a
721 2334 839 2388 Deo
858 2333 1125 2405 quotidie
1146 2334 1428 2404 consequi
1451 2349 1794 2404 possumus.
1815 2332 1958 2386 Hinc
1990 2332 2131 2385 enin

2263 2338 2397 2384 Θεοῦ
2484 2332 2738 2392 αἰτήσεως
2814 2334 3073 2405 ὁσημέραι
3150 2335 3527 2408 προσκτᾶσθαι
3580 2330 3867 2407 δυνάμεθα.

500 2424 775 2494 provenit
806 2424 875 2477 iis
908 2423 1007 2493 qui
1037 2422 1200 2491 digni
1230 2422 1544 2486 habentur,
1578 2421 2043 2477 communicatio
2068 2420 2124 2474 di

2266 2420 2518 2473 Ἐντεῦθεν
2556 2423 2657 2493 γάρ
2716 2420 2973 2492 ἐγγίνεται
3028 2428 3136 2481 τοῖς
3191 2420 3619 2495 καταξιουμένοις
3669 2425 3700 2481 ἡ
3757 2442 3869 2475 κοι.

498 2512 653 2566 vina:
681 2512 1092 2566 sanctimoniae
1144 2516 1200 2565 et
1231 2510 1552 2582 spiritualis
1604 2509 1905 2573 efficaciae,
1932 2514 1986 2564 et
2009 2524 2129 2564 cont

2262 2514 2419 2561 νωνία
2446 2518 2538 2572 τῆς
2592 2516 2683 2561 τοῦ
2715 2518 2849 2563 Θεοῦ
2892 2510 3191 2581 ἁγιότητος,
3255 2515 3345 2563 καὶ
3384 2520 3479 2573 τῆς
3517 2522 3871 2584 πνευματικῆς

500 2600 675 2656 nexio
707 2600 1037 2655 affectionis
1081 2600 1265 2655 animi
1298 2615 1439 2669 erga
1471 2599 1813 2663 Dominum,
1858 2598 2020 2654 velut
2048 2613 2131 2669 pe:

2264 2597 2538 2672 ἐνεργείας,
2573 2603 2662 2650 καὶ
2719 2601 2749 2657 ἡ
2814 2601 3066 2671 συνάφεια
3118 2607 3209 2660 τῆς
3263 2607 3356 2651 τοῦ
3400 2606 3491 2652 νοῦ
3552 2596 3856 2662 διαθέσεως.

502 2704 789 2745 arcanam
812 2688 1210 2743 dilectionem.
1242 2688 1348 2753 Qui
1375 2688 1531 2742 enim
1564 2704 1627 2742 se
1661 2688 1856 2757 ipsum
1886 2685 2133 2758 quotidie

2265 2689 2328 2746 ὡς
2358 2690 2489 2760 πρὸς
2527 2689 2613 2739 τὸν
2648 2690 2857 2761 Κύριον,
2908 2687 2959 2739 ἕν
2997 2686 3175 2761 ἀγάπη
3211 2686 3440 2762 ἀῤῥὴτῳ.
3473 2687 3533 2741 Ὀ
3563 2692 3661 2764 γὰρ
3688 2690 3863 2742 ἑαυτὸν

502 2777 579 2833 ad
612 2777 1122 2848 perseverandum
1181 2777 1238 2831 in
1271 2777 1539 2831 oratione
1597 2775 1920 2846 compellit,
1966 2774 2061 2830 ille
2092 2775 2133 2829 ix

2266 2778 2523 2849 ὁσημέραι
2607 2784 2670 2848 τῇ
2729 2783 3004 2849 προσευχῇ
3066 2785 3469 2853 προσκαρτερεῖν
3541 2777 3849 2849 ἀναγκάζων,

504 2881 771 2921 amorem
803 2866 1073 2920 divinum
1098 2871 1153 2921 et
1174 2866 1537 2921 desiderium
1561 2864 1774 2920 ardens
1801 2880 1835 2921 a
1863 2863 2130 2936 spiritual

2267 2864 2338 2925 εἰς
2368 2868 2534 2939 ἔρωτα
2567 2866 2698 2917 θεῖον
2748 2870 2839 2916 καὶ
2874 2868 3031 2917 πόθον
3062 2868 3288 2941 ἔμπυρον
3344 2868 3445 2919 ὑπό
3488 2874 3574 2929 τῆς
3621 2885 3839 2937 πνευμα-

502 2955 814 3011 dilectione
836 2955 1183 3010 accenditur
1206 2971 1345 3025 erga
1380 2958 1563 3010 Deum
1596 2961 1651 3009 et
1679 2954 1936 3023 gratiam
1965 2952 2129 3025 perte

2266 2962 2416 3016 τικῆς
2466 2954 2672 3025 ἀγάπης
2727 2953 2988 3007 ἐκκαίεται
3032 2958 3162 3030 πρὸς
3212 2958 3360 3021 Θεὸν,
3415 2960 3507 3008 καὶ
3561 2960 3647 3014 τὴν
3695 2958 3844 3029 χάριν

501 3044 714 3101 ctionis
745 3043 1171 3100 sanctiﬁcantis
1205 3044 1459 3115 Spiritus
1492 3043 1759 3114 suscipit.

2265 3051 2359 3104 τῆς
2410 3050 2503 3097 τοῦ
2557 3046 2850 3116 Πνεῦματος
2911 3043 3227 3116 ἀγιαστικῆς
3282 3044 3600 3108 τελειότητος
3666 3042 3852 3099 ὑποδὲ-

2263 3151 2440 3203 χεται.

573 3238 670 3295 IlI.
687 3238 1407 3309 Interrogatio.Quoniam
1423 3238 1665 3309 quidam
1680 3237 1943 3294 vendunt
1958 3237 2153 3307 facul-

2336 3239 2412 3295 I".
2455 3239 2823 3314 Ἐρώτησις.
2858 3238 3106 3298 Ἐπειδὴ
3138 3259 3307 3303 τινες
3334 3240 3626 3294 πωλοῦσι
3657 3245 3763 3315 μεν
3792 3244 3868 3295 τά

503 3335 652 3385 tates
680 3344 837 3393 suas,
856 3328 1341 3384 servastibertate
1362 3328 1607 3392 donant,
1638 3331 1691 3382 et
1719 3326 1969 3394 implent
1990 3342 2134 3383 man

2264 3329 2672 3402 ὑπάρχοντα,
2750 3333 2859 3381 καὶ
2914 3326 3193 3392 δούλους
3267 3328 3709 3403 ἐλευθεροῦσι,
3761 3336 3867 3383 καὶ

501 3416 1627 3487 datamontamenstudentconsequiin
1653 3416 1762 3471 hoc
1782 3416 2004 3471 mundo
2024 3415 2151 3484 Spi-
2262 3425 2567 3469 ποιοῦσιν
2619 3416 2888 3483 ἐντολὰς,
2939 3418 2997 3470 οὗ
3029 3418 3303 3481 ζητοῦσι
3334 3415 3401 3471 6":
3439 3418 3663 3473 λαϐεῖν
3695 3419 3753 3472 ἐν
3787 3430 3870 3491 τῷ

501 3505 704 3569 ritum,
732 3521 875 3561 num
907 3506 1012 3576 qui
1042 3505 1125 3560 sic
1158 3504 1380 3570 vivunt,
1414 3520 1533 3560 non
1559 3504 1780 3560 abeunt
1804 3506 1867 3560 in
1898 3520 2132 3575 regnun

2264 3510 2479 3578 κόσμῳ
2532 3508 2733 3577 τούτῳ
2791 3510 2860 3559 τό
2894 3514 3167 3579 Πνεῦμα,
3219 3507 3340 3580 ἆρα
3383 3508 3621 3570 ζῶντες
3670 3510 3867 3573 οὕτως

503 3594 786 3649 calorum
816 3591 844 3646 7
2262 3594 2375 3646 οῦκ
2415 3593 2818 3667 ἀπέρχονται
2874 3595 2965 3658 εἰς
3012 3601 3126 3655 τὴν
3168 3594 3507 3670 βασιλείαν
3536 3606 3659 3650 τῶν
3686 3603 3869 3673 οὐρα-

2261 3692 2377 3736 νῶν
2420 3699 2434 3750 ;

572 3770 915 3843 Responsio.
951 3770 1279 3840 Disputatio
1322 3769 1452 3825 haec
1502 3768 1733 3825 subtilis
1760 3775 1864 3826 est.
1895 3771 2149 3837 Quidam

2334 3771 2731 3847 Ἀπόκρισις.
2787 3771 2846 3825 Ὀ
2902 3771 3053 3845 λόγος
3109 3773 3255 3836 οὗτος
3289 3773 3470 3837 λεπτός
3523 3774 3659 3830 ἐστι.
3719 3779 3861 3837 Τίνες

501 3861 661 3918 enim
693 3859 857 3915 aiunt
907 3860 984 3931 (2)
1017 3859 1261 3914 unicum
1296 3874 1427 3913 esse
1480 3874 1756 3928 regnum,
1806 3866 1863 3915 et
1910 3860 2132 3917 unicam

2260 3863 2361 3935 γὰρ
2410 3860 2623 3932 λέγουσι
2669 3866 2793 3933 μίαν
2843 3860 3138 3933 βασιλείαν,
3185 3867 3274 3916 καὶ
3315 3868 3515 3934 γέενναν
3546 3880 3565 3899 ’
3615 3865 3768 3938 ἡμεῖς
3806 3862 3865 3918 δε

499 3951 860 4021 gehennam.
887 3952 1004 4004 Nos
1037 3954 1232 4003 autem
1255 3948 1601 4016 asserimus,
1622 3948 1839 4004 multos
1865 3965 1994 4005 esse
2018 3965 2130 4019 gra-

2261 3950 2471 4023 λέγομεν
2512 3949 2746 4023 βαθμοὺς
2784 3949 3003 4013 πολλοὺς
3058 3957 3148 4004 καὶ
3188 3949 3462 4026 διαφορὰς,
3509 3958 3600 4006 καὶ
3657 3958 3861 4027 μέτρα·

499 4041 635 4105 dus,
670 4037 1036 4094 differentias
1070 4042 1247 4108 atque
1300 4052 1639 4103 mensuras,
1691 4052 1812 4093 non
1844 4040 2039 4095 solum
2094 4040 2130 4094 i1

2264 4044 2353 4091 καὶ
2384 4038 2431 4090 iv
2475 4039 2605 4112 αὐτῇ
2648 4047 2709 4112 τῇ
2742 4036 3002 4113 βασιλείᾳ,
3053 4044 3139 4093 καὶ
3170 4039 3218 4092 iv
3240 4040 3367 4114 αὐτῇ
3403 4050 3464 4115 τῇ
3497 4045 3697 4115 γεέννῃ.
3738 4050 3865 4095 Ὤσ-

497 4130 630 4201 ipso
666 4143 871 4199 regno,
897 4142 1102 4181 verum
1137 4126 1314 4181 etiam
1346 4126 1403 4180 in
1424 4126 1719 4195 gehenna.
1754 4128 2128 4193 Quemadmo

2265 4148 2358 4202 περ
2393 4124 2452 4181 δε
2478 4127 2590 4181 ἔστι
2619 4128 2771 4200 ψυχὴ
2817 4128 2865 4180 iv
2896 4128 3033 4191 ὅλοις
3070 4136 3179 4191 τοῖς
3206 4131 3404 4202 μελεσι,
3444 4134 3533 4183 καὶ
3580 4132 3686 4184 ἄνω
3710 4135 3760 4183 ἓν
3791 4139 3863 4202 τῷ

500 4218 647 4275 dum
670 4232 813 4287 ergo
834 4221 919 4272 est
949 4232 1068 4271 una
1092 4215 1294 4271 anima
1322 4216 1379 4269 in
1405 4215 1686 4270 omnibus
1706 4215 1989 4271 membris
2012 4217 2131 4271 nihi

2267 4218 2528 4290 ἐγκεφάλῳ
2586 4216 2793 4293 ἐνεργεῖ,
2852 4224 2941 4271 καὶ
2987 4221 3128 4272 κάτω
3158 4223 3275 4281 τοὺς
3303 4217 3469 4281 πόδας
3500 4220 3632 4279 αῦτή
3672 4229 3805 4274 κινεῖ
3838 4232 3855 4253 ⁸

498 4308 762 4364 lominus
791 4323 861 4362 ea
885 4322 1123 4361 sursum
1143 4307 1203 4361 in
1223 4305 1468 4361 cerebro
1494 4305 1615 4360 vim
1650 4322 1820 4360 suam
1845 4308 2077 4371 exserit,
2104 4324 2129 4361 e

2268 4307 2429 4369 οὕτως
2474 4312 2563 4359 καὶ
2601 4309 2631 4366 ἡ
2690 4310 2869 4368 θεότης
2911 4308 3080 4360 πάντα
3119 4310 3185 4360 τά
3222 4312 3488 4380 κτίσματα
3535 4312 3600 4361 τὰ
3643 4311 3854 4383 ἐπουρά-

497 4397 781 4453 deorsum
829 4397 1010 4466 pedes
1042 4401 1381 4450 commovet
1414 4412 1426 4446 :
1470 4395 1553 4449 sic
1591 4410 1833 4466 quoque
1874 4395 2125 4450 divinita

2267 4415 2371 4461 νια,
2404 4401 2495 4448 καὶ
2524 4398 2591 4447 τά
2628 4397 2874 4448 ῦποκάτω
2905 4405 2996 4457 τῆς
3026 4395 3262 4449 ἀϐύσσου
3310 4402 3563 4472 περιέχει,
3603 4402 3687 4449 καὶ
3724 4416 3852 4449 παν-

498 4501 714 4542 omnes
748 4491 1073 4549 creaturas,
1104 4491 1229 4538 tum
1260 4482 1551 4547 ccelestes,
1575 4499 1710 4554 qua:
1740 4484 1949 4539 subtus
1980 4483 2129 4555 abys

2268 4493 2442 4557 ταχοῦ
2471 4485 2808 4559 πεπλήρωται
2860 4484 2908 4537 iv
2948 4493 3010 4555 τῇ
3048 4490 3236 4551 κτίσει,
3285 4487 3329 4539 εἰ
3382 4492 3473 4540 καὶ
3516 4487 3723 4557 ὶξωτέρα
3751 4492 3849 4537 τῶν

499 4591 636 4629 sum
656 4578 814 4638 sunt,
835 4573 1116 4637 continet,
1147 4576 1202 4626 et
1229 4571 1450 4642 ubique
1469 4570 1640 4640 plene
1658 4577 1744 4626 est
1769 4571 1827 4625 in
1847 4573 2130 4626 creaturis

2269 4576 2570 4646 κτισμάτων
2598 4573 2732 4639 ἐστὶ,
2765 4570 2859 4626 διά
2922 4579 2981 4626 τὸ
3012 4573 3299 4648 ἀμέτρητον
3356 4582 3444 4629 καὶ
3496 4574 3847 4648 ἀπερίληπτον.

497 4662 782 4736 quamvis
816 4660 1011 4717 aliena
1036 4678 1071 4716 a
1102 4661 1383 4716 creaturis
1410 4660 1500 4723 sit,
1535 4676 1604 4714 eo
1632 4660 1795 4730 quod
1832 4661 1903 4715 sit
1930 4660 2128 4716 dimen

2228 4667 2535 4755 ’Προσέχει
2585 4662 2672 4715 οὖν
2729 4666 2863 4721 αὐτὴ
2923 4665 2952 4721 ἡ
3008 4665 3184 4727 θεότης
3256 4672 3361 4726 τοῖς
3423 4664 3722 4740 ἀνθρώποις,
3768 4667 3859 4715 καὶ

497 4753 684 4809 sionis
731 4758 786 4807 et
835 4749 1387 4820 comprehensionis
1436 4764 1666 4819 expers.
1714 4749 1974 4804 Attendit
2016 4766 2128 4820 ergt

2269 4751 2529 4823 οἰκονομεῖ
2552 4753 2723 4804 πάντα
2760 4754 2895 4805 κατά
2934 4752 3083 4824 λόγον
3117 4770 3130 4783 ·
3156 4758 3244 4806 καὶ
3291 4751 3471 4814 ἐπειδὴ
3505 4758 3637 4817 τινες
3670 4758 3756 4826 μεν
3789 4755 3865 4805 εῦ-

497 4842 634 4913 ipsa
665 4840 944 4895 divinitas
976 4838 1348 4903 hominibus,
1382 4844 1437 4893 et
1464 4837 1759 4908 gubernat
1783 4838 1990 4894 omnia
2019 4855 2128 4893 cun

2267 4859 2458 4912 χονται
2483 4845 2553 4912 μὴ
2579 4837 2774 4903 εἰδότες
2812 4845 2862 4892 τί
2892 4841 3115 4902 ζητοῦσι
3148 4861 3160 4873 ·
3206 4846 3341 4905 τινὲς
3405 4840 3464 4896 δε
3501 4847 3864 4911 νηστεύουσιν,

495 4930 747 4985 ratione.
773 4931 838 4983 Et
855 4927 1142 4999 quoniam
1168 4928 1435 4982 nonnulli
1456 4934 1793 4997 precantur,
1814 4926 2126 4998 ignorante

2268 4928 2413 4981 ἄλλοι
2467 4934 2751 4987 στήκουσιν
2804 4929 2876 4990 εἰς
2928 4926 3223 5001 διακονίαν,
3280 4933 3478 5003 ἑκάστῳ
3516 4934 3743 4985 κατὰτὸ
3784 4935 3865 5004 με·

496 5018 644 5090 quid
672 5024 975 5089 quaerant;
1016 5016 1265 5087 quidam
1304 5032 1443 5070 vero
1480 5015 1779 5087 jejunant;
1826 5016 1924 5072 alii
1965 5017 2127 5072 consi

2267 5037 2386 5093 τρον
2416 5026 2511 5078 τῆς
2540 5023 2784 5084 πίστεως,
2813 5020 2838 5070 ὁ
2890 5022 3018 5082 Θεὸς
3070 5017 3434 5095 δικαιοκρίτης
3464 5025 3531 5073 ὦν
3564 5018 3870 5074 ἀποδίδωσι

499 5111 667 5162 stunt
712 5106 772 5160 in
822 5105 1171 5168 ministerio,
1220 5105 1543 5176 unicuique
1595 5121 1701 5175 pro
1755 5105 1936 5160 modo
1992 5104 2129 5161 fidei

2267 5110 2353 5159 τόν
2385 5109 2598 5178 μισθόν.
2628 5106 2692 5161 Ἀ
2713 5111 2812 5181 γὰρ
2839 5116 3073 5180 ποιοῦσι,
3105 5105 3200 5162 διὰ
3233 5109 3388 5183 φόϐον
3417 5114 3545 5163 Θεοῦ
3584 5118 3826 5163 ποιοῦσιν
3852 5127 3864 5140 ·

499 5197 677 5260 Deus,
711 5195 813 5265 qui
837 5194 1032 5264 justus
1060 5193 1243 5263 judex
1270 5202 1374 5258 est,
1403 5192 1595 5249 reddit
1620 5194 1975 5249 mercedem.
2013 5195 2130 5258 Qua

2270 5195 2375 5247 ἀλλ’
2432 5196 2530 5248 οὐκ
2560 5196 2689 5249 εἰσὶν
2734 5196 2878 5249 οὗτοι
2929 5200 3116 5261 πάντες
3169 5201 3296 5265 υἱοὶ,
3344 5203 3461 5253 οῦτε
3491 5197 3726 5273 βασιλεῖς
3756 5202 3870 5252 οὔτε

502 5285 662 5343 enim
678 5283 923 5351 faciunt,
944 5288 1101 5337 metu
1125 5283 1221 5337 Dei
1247 5289 1570 5353 peragunt:
1589 5299 1795 5339 verum
1811 5298 1933 5339 non
1947 5299 2133 5340 omne:

968 5288 1101 5337 netu
1125 5283 1221 5337 Dei
1247 5289 1570 5353 peragunt:
1589 5299 1795 5339 verum
1811 5298 1933 5339 non
1947 5299 2157 5340 omnes
2270 5284 2599 5359 κληρονόμοι.

503 5376 599 5431 isti
620 5374 742 5442 ﬁlii,
784 5378 887 5429 aut
916 5387 1104 5441 reges,
1142 5376 1245 5427 aut
1272 5372 1538 5427 haeredes
1572 5378 1727 5427 sunt.

572 5465 662 5520 1V.
701 5467 992 5521 Caeterum
1025 5460 1083 5516 in
1114 5459 1343 5516 mundo
1375 5460 1471 5515 alii
1509 5468 1647 5516 sunt
1676 5461 2015 5530 homicidae,
2056 5461 2157 5518 alii

2342 5465 2420 5520 Δ’.
2464 5469 2582 5518 Εισὶ
2625 5460 2683 5518 δὲ
2722 5467 2770 5518 iv
2819 5474 2892 5537 τῷ
2917 5472 3099 5540 κόσμῳ
3143 5470 3192 5521 οἱ
3221 5472 3311 5540 μὶν
3342 5476 3521 5540 φονεῖς,
3564 5468 3711 5522 ἄλλοι
3739 5473 3869 5543 πόρ-

503 5558 711 5625 stupro
752 5552 955 5618 dediti,
986 5550 1081 5607 alii
1112 5553 1382 5622 raptores
1411 5564 1423 5603 :
1464 5564 1704 5605 rursum
1736 5550 2007 5606 nonnulli
2048 5567 2134 5607 sui

2270 5572 2370 5623 νοι,
2397 5558 2487 5607 καὶ
2532 5551 2674 5607 ἀλλοι
2722 5554 2945 5629 ἅρπαγες
2978 5574 2989 5586 ·
3024 5559 3071 5609 οἱ
3112 5553 3169 5610 δὲ
3199 5556 3352 5610 πάλιν
3382 5560 3448 5611 τὰ
3485 5554 3604 5611 ἴδια
3633 5566 3875 5631 πτωχοῖς

575 5694 650 5775 (2)
685 5694 935 5753 Unicum
964 5693 1167 5769 accipe
1197 5708 1307 5769 pro
1333 5691 1611 5749 uniformi
1638 5695 1695 5750 et
1722 5691 1874 5766 pari.
