4130 6286
302 271 432 329 765
1619 263 1987 328 ,HOMILIE.
2026 295 2097 308 —
2136 265 2309 322 HOM.
2357 264 2466 322 XL.
3567 278 3671 334 766

299 393 668 461 διαδιδόντες,
700 399 951 469 προσέχει
997 398 1086 446 καὶ
1115 395 1315 455 τούτοις
1362 392 1615 454 κάκείνοις
1641 394 1666 445 6
1696 395 1907 467 Κύριος,

2038 393 2383 462 )auperibus
2403 392 2736 465 largiuntur
2769 412 2781 460 ;
2815 397 3062 452 attendit
3092 416 3332 473 quoque
3355 403 3448 458 his
3476 409 3532 461 et
3553 406 3669 462 illis

297 491 533 546 καὶτοῖς
565 488 654 557 μὲν
685 483 1091 555 ἀγαθοποιούσιν
1139 483 1433 536 ἀνάπαυσιν
1471 489 1560 535 καὶ
1599 485 1788 554 μισθὸν
1821 479 1854 534 δ
1860 488 1907 535 i-

2036 483 2323 536 )ominus.
2358 486 2414 536 et
2460 483 2701 553 quidem
2749 485 2900 540 bene
2941 490 3275 556 agentibus,
3306 494 3567 564 quietem
3612 503 3667 553 et

299 571 501 629 δωσιν.
545 574 663 627 Εἰσὶ
687 576 788 645 γὰρ
820 577 980 646 μέτρα
1005 575 1346 644 ὑπερέχοντα,
1378 578 1467 624 καὶ
1505 576 1668 644 μέτρα
1704 575 1867 645 μικρά
1892 592 1904 604 ·

2035 571 2332 625 )raemium
2359 571 2625 641 largitur.
2654 574 2974 630 Suntenim
3005 593 3300 635 mensurae
3320 584 3571 652 exigua}.
3602 589 3666 644 Et

296 669 400 716 xui
435 663 483 716 ἓν
514 663 653 733 αύτῷ
684 670 754 731 τῷ
781 667 909 733 φωτὶ
959 666 1049 712 καὶ
1102 669 1162 734 τῇ
1206 659 1334 734 δόξῃ
1365 658 1590 735 διαφορά
1633 664 1743 714 ἐστι
1777 682 1789 694 ⁸
1819 666 1907 714 καὶ

2040 674 2075 713 n
2109 659 2238 728 ipso
2268 660 2493 715 lumine
2518 677 2586 716 ac
2604 663 2791 733 gloria
2811 663 3212 737 discrepantia
3244 672 3524 741 quaedam
3559 682 3664 730 est.

298 750 352 804 ἐν
387 753 520 824 αὐτῇ
568 759 630 824 τῇ
682 754 879 822 γεέννῃ,
927 755 1017 802 καὶ
1051 758 1112 822 τῇ
1164 749 1374 803 κολάσει
1405 757 1669 823 φαίνονται
1700 753 1748 803 οἰ
1786 771 1910 824 φαρ-

2043 764 2077 802 n
2123 749 2254 819 ipsa
2294 764 2470 820 porro
2514 751 2789 820 gehenna
2829 760 2887 808 et
2931 757 3228 826 supplicio
3281 761 3667 821 inveniuntur

294 810 615 913 μακοὶ,⁴καὶ.
643 810 703 892 οἱ,
743 810 953 911 λῃσταὶ,
1005 810 1097 891 καὶ¹
1145 839 1289 891 ἄλλοι
1335 843 1384 892 οἱ
1411 810 1578 914 μικρά
1605 810 1897 913 πλημμελὴ·

2035 839 2282 902 rcneﬁci,
2315 839 2576 894 latrones
2608 847 2663 896 et
2684 841 2801 906 alii,
2841 845 2940 914 qui
2973 845 3122 901 levia
3142 858 3385 917 peccata
3419 854 3666 910 commi-

297 949 512 992 σαντες.
564 932 630 982 Οἱ
670 926 729 982 δε
784 929 1026 1000 λέγοντες.
1079 933 1190 982 Μία
1236 929 1351 982 ἐστὶ
1400 927 1662 1002 βασιλεία,
1694 935 1783 982 καὶ
1808 935 1904 1002 μία

2036 934 2238 982 serunt.
2273 928 2380 992 Qui
2411 945 2545 984 vero
2574 938 2868 1001 asserunt,
2897 934 3139 990 unicum
3163 952 3288 992 esse
3314 956 3587 1010 regnum,
3611 948 3667 1000 et

290 1023 501 1090 γέεννα,
544 1024 633 1071 καὶ
684 1018 776 1070 ούκ
831 1018 930 1070 εἰσὶ
989 1017 1209 1090 βαθμοὶ,
1253 1027 1421 1079 κακῶς
1449 1019 1680 1090 λέγουσι.
1741 1025 1903 1072 Πόσοι

2032 1032 2256 1071 micam
2307 1018 2664 1086 gehennam,
2728 1036 2836 1076 nec
2891 1038 3020 1078 esse
3071 1027 3314 1094 gradus,
3347 1045 3663 1101 perperam

290 1111 409 1182 γὰρ
471 1109 574 1160 εἰσι
630 1112 878 1180 κοσμικοὶ
931 1115 1018 1159 νῦν
1084 1108 1155 1169 εἰς
1223 1110 1412 1182 θέατρα
1459 1113 1748 1177 στήκοντες,
1809 1112 1900 1158 καὶ

2034 1110 2361 1174 oquuntur.
2397 1105 2570 1177 134
2593 1109 2741 1171 Quot
2764 1110 2922 1164 enim
2957 1118 3097 1167 sunt
3129 1115 3312 1170 moda
3348 1119 3662 1185 mundani,

288 1200 489 1259 λοιπάς
524 1196 739 1259 ἀταξίας
775 1195 786 1248 1
823 1201 913 1248 xui
967 1202 1122 1248 πόσοι
1161 1202 1292 1248 εἰσὶν
1345 1199 1463 1270 ἄρτι
1510 1198 1785 1269 εὐχόμενοι
1809 1202 1899 1248 καὶ

2035 1194 2111 1264 [ui
2168 1197 2523 1264 spectaculis
2579 1203 2635 1250 et
2688 1196 2816 1251 aliis
2867 1200 3146 1255 absurdis
3205 1206 3384 1259 rebus
3437 1209 3666 1264 haerent

289 1283 607 1357 φοϐούμενοι
645 1289 731 1337 τόν
786 1289 907 1337 Θεόν
954 1285 966 1340 !
1017 1288 1220 1347 τούτοις
1267 1293 1354 1337 οῦν
1398 1285 1649 1347 κάκείνοις
1705 1288 1731 1338 6
1779 1291 1899 1349 Θεὸς

2032 1283 2216 1335 ntenti
2256 1282 2284 1336 ‘I
2318 1285 2378 1336 Et
2423 1291 2568 1354 quot
2602 1291 2738 1339 sunt
2776 1287 2958 1342 modo
2999 1291 3099 1360 qui
3150 1291 3548 1362 deprecantur
3593 1314 3663 1354 ac

285 1378 556 1445 προσέχει
583 1392 596 1404 ·
659 1378 748 1425 καὶ
795 1377 863 1435 ὡς
921 1371 1306 1447 δικαιοκρίτης,
1340 1382 1444 1436 τοῖς
1487 1379 1575 1448 μὲν
1607 1375 1900 1429 ἀνάπαυσιν

2033 1376 2282 1424 netuunt
2316 1373 2499 1426 Deum
2529 1371 2556 1425 ?
2581 1375 2676 1428 His
2703 1375 2882 1442 igitur
2911 1383 2964 1431 et
2996 1377 3107 1432 illis
3136 1383 3383 1437 attendit
3412 1386 3582 1456 Deus,
3610 1393 3664 1443 et

287 1461 588 1534 ἑτοιμάζει,
628 1470 730 1523 τοῖς
761 1458 820 1515 δε
847 1463 1085 1519 κόλασιν.

2030 1459 2168 1515 relut
2197 1460 2622 1530 justusjudex,
2657 1464 2750 1518 his
2783 1467 3074 1536 requiem,
3105 1469 3218 1524 illis
3263 1488 3392 1528 vero
3435 1477 3661 1548 suppli-

2008 1549 2169 1604 cium
2197 1555 2519 1621 praeparat.

366 1639 446 1692 E’.
490 1639 690 1714 Ὠσπερ
738 1638 796 1693 δέ
850 1641 1176 1712 ζευγνύοντες
1223 1643 1486 1715 ἄνθρωποι
1535 1645 1742 1707 ἵππους,
1808 1648 1897 1695 καὶ

2081 1657 2144 1709 V.
2179 1657 2706 1721 Quemadmodum
2735 1666 2936 1716 autem
2967 1663 3245 1720 homines
3275 1669 3377 1740 qui
3398 1670 3663 1743 jungunt

281 1727 508 1802 ἅρματα
574 1732 874 1800 ἠνιοχοῡσι,
929 1736 1018 1782 καὶ
1079 1731 1193 1783 κατ’
1247 1730 1473 1789 ἀλλήλων
1539 1733 1837 1787 ἐλαύνουσιν
1881 1773 1893 1787 .

2030 1758 2219 1814 :quos,
2275 1761 2484 1799 currus
2534 1746 2815 1817 dirigunt,
2850 1756 2905 1805 et
2954 1752 3242 1808 adversus
3291 1773 3351 1811 se
3406 1759 3661 1816 invicem

279 1818 512 1880 ἕκαστος
571 1821 672 1890 γὰρ
729 1818 1058 1889 ἀγωνίζεται,
1105 1828 1208 1881 πῶς
1253 1821 1395 1895 ῥίψει
1441 1828 1530 1875 καὶ
1582 1830 1786 1882 κινήσει
1812 1830 1896 1878 τὸν

2033 1832 2322 1902 mpellunt
2364 1851 2377 1900 ;
2418 1833 2668 1905 quilibet
2717 1838 2873 1891 enim
2933 1856 3138 1896 eorum
3190 1847 3513 1914 contendit,
3546 1865 3662 1919 qua

276 1905 338 1968 ἐξ
372 1904 606 1969 ἐναντίας
637 1924 649 1937 '
702 1909 866 1969 οὕτως
904 1910 1044 1960 ἐστὶν
1093 1908 1141 1960 ἐν
1192 1917 1254 1981 τῇ
1307 1908 1506 1985 καρδίᾳ
1560 1922 1657 1964 τῶν
1708 1913 1898 1984 ἀγωνι-

2030 1922 2236 1976 ἐιῑὶοηθ
2274 1904 2607 1993 prosternat
2633 1929 2687 1979 et
2734 1934 2970 1997 superet
3002 1929 3413 1990 adversarium
3445 1950 3457 1989 :
3495 1937 3575 1992 ita
3600 1953 3661 1994 se

293 1995 554 2066 ζομένων,
602 1998 809 2067 θέατρον
858 2005 956 2049 τῶν
1012 2007 1248 2070 πονηρῶν
1299 2003 1601 2072 πνευμάτων
1655 2003 1896 2056 παλαιόν-

2027 2009 2268 2064 iabetin
2309 2011 2488 2066 corde
2515 1995 2890 2081 certantium,
2927 2022 3658 2096 spectaculumimprobo-

262 2105 385 2152 frum
437 2093 504 2158 τῇ
564 2084 742 2158 ψυχῇ,
803 2092 891 2139 καὶ
947 2095 1079 2140 Θεοῦ
1133 2093 1221 2140 καὶ
1281 2087 1508 2160 ἀγγελῶν
1578 2093 1893 2166 θεωρούντων

2024 2113 2141 2153 ἰιω
2174 2099 2492 2169 spirituum
2515 2116 2652 2156 cum
2679 2103 2884 2159 anima
2911 2106 3286 2180 luctantium,
3331 2116 3446 2168 Deo
3475 2121 3529 2170 et
3558 2131 3655 2171 an-

269 2176 365 2225 τόν
403 2172 588 2245 ἀγῶνα
618 2193 630 2206 ο
661 2175 840 2226 λοιπόν
894 2176 1009 2226 καθ’
1051 2176 1278 2235 ἑκάστην
1323 2178 1459 2252 ὥραν
1497 2180 1765 2240 κτίζονται
1796 2183 1895 2232 ὑπὸ

2031 2187 2152 2255 ςθιίε
2180 2193 2482 2242 certamen
2515 2193 2944 2260 spectantibus.
2992 2200 3190 2269 Itaque
3223 2200 3468 2273 singulis
3499 2203 3662 2259 horis

275 2271 378 2324 τῆς
407 2263 602 2334 ψυψῆς
632 2264 812 2317 πολλοὶ
863 2264 1112 2336 λογισμοὶ
1156 2273 1328 2338 νεαροί
1363 2288 1373 2298 ·
1432 2270 1622 2341 ὁμοίως
1654 2279 1741 2326 καὶ
1795 2273 1893 2323 ύπό

2030 2275 2420 2331 ιτοάυουηῐυι·
2451 2277 2528 2332 ab
2568 2279 2772 2336 anima
2811 2283 3012 2338 multae
3053 2294 3318 2345 recentes
3360 2293 3661 2362 cogitatio-

269 2360 374 2414 τῆς
405 2358 598 2413 κακίας
658 2350 822 2407 ἔνδον.
878 2359 978 2406 Καὶ
1024 2358 1125 2427 γὰρ
1157 2358 1185 2414 ἡ
1226 2356 1375 2427 ψυχὴ
1417 2359 1630 2421 πολλοὺς
1668 2365 1895 2436 ἀποκρύ-

2027 2379 2158 2430 les;
2194 2365 2393 2420 itidem
2419 2368 2616 2422 avitio
2657 2385 2898 2442 quoque
2939 2373 3206 2430 interius.
3245 2380 3460 2438 Anima
3500 2385 3658 2438 enim

271 2462 402 2514 φους
446 2445 565 2512 ἔχει
617 2441 919 2514 λογισμούς,
961 2449 1050 2496 καὶ
1112 2444 1159 2495 ἐν
1201 2446 1330 2518 αὐτῇ
1385 2456 1444 2519 τῇ
1492 2452 1601 2523 ὥρᾳ
1653 2456 1893 2524 προφέρει

2025 2454 2226 2509 nullas
2255 2456 2594 2510 reconditas
2624 2441 2812 2514 habet
2835 2463 3243 2532 cogitationes,
3274 2485 3426 2539 quas
3452 2472 3529 2527 ad
3551 2473 3656 2528 ho-

267 2537 362 2583 xui
393 2536 555 2602 γεννᾷ
583 2549 594 2562 ·
665 2535 755 2582 καὶ
812 2531 942 2589 αύτὴ
1001 2534 1029 2590 ἡ
1087 2538 1246 2585 κακία
1295 2533 1575 2608 λογισμοὺς
1615 2542 1727 2610 ἔχει
1775 2541 1892 2592 πολ-

2022 2556 2131 2598 'am
2148 2543 2339 2614 ipsam
2366 2551 2636 2614 procreat
2657 2553 2711 2601 et
2733 2549 2938 2617 gignit.
2965 2554 3162 2622 Ipsum
3186 2531 3429 2629 quoque
3442 2562 3653 2618 vitium

270 2620 418 2693 λοὺς,
486 2626 576 2672 καὶ
628 2618 1043 2694 ἐπιτηδεύματα,
1100 2629 1189 2674 καὶ
1243 2624 1360 2676 καθ’
1423 2628 1558 2700 ὥραν
1605 2635 1756 2701 γεννᾲ
1813 2631 1890 2683 λο-

2021 2633 2326 2699 )ermultas
2343 2634 2665 2704 habetcogi
2679 2639 2926 2694 lationes
2942 2618 3002 2695 et
3022 2618 3241 2710 studia,
3260 2653 3313 2701 et
3330 2618 3411 2702 ad
3440 2649 3652 2707 horam

264 2713 512 2783 γισμοὺς
558 2714 765 2784 νεαροὺς
809 2709 948 2763 κᾶτά
1003 2720 1094 2772 τῆς
1153 2711 1360 2784 ψυχῆς.
1411 2722 1508 2768 Καὶ
1555 2721 1654 2789 γάρ
1710 2721 1735 2771 6
1777 2729 1892 2779 νοῦς

2024 2721 2272 2775 ηιοάυοιῐ
2288 2724 2673 2792 cogitationes
2692 2742 2879 2783 novas
2895 2730 3189 2786 adversus
3205 2736 3655 2794 animam.Mens

266 2803 498 2872 ἡνίοχός
551 2801 663 2851 ἑστι
724 2804 814 2852 καὶ
865 2801 1113 2872 ζεύγνυσι
1154 2806 1212 2853 τὸ
1264 2803 1406 2876 ἅρμα
1437 2813 1526 2866 τῆς
1555 2806 1737 2878 ψυχῆς
1765 2831 1887 2863 κατ-

2022 2809 2216 2863 ιῐθῐιίιη
2245 2811 2454 2880 auriga
2485 2820 2592 2877 est,
2622 2830 2756 2884 quae
2782 2817 2980 2887 jungit
3010 2835 3252 2877 currum
3296 2826 3537 2894 animae,
3569 2834 3653 2883 te-

265 2892 415 2960 έχων
449 2891 595 2950 ἡνίας
652 2897 752 2940 τῶν
808 2889 1072 2962 λογισμῶν
1103 2906 1118 2920 ⁸
1160 2897 1246 2944 xui
1278 2889 1382 2946 ὦδε
1409 2900 1586 2969 τρέχει
1633 2901 1767 2951 κατὰ
1795 2909 1884 2952 τοῦ

2022 2913 2142 2951 iens
2174 2898 2443 2956 habenas
2478 2904 2908 2971 cogitationum
2942 2926 2953 2961 :
2991 2915 3046 2963 et
3077 2913 3261 2967 currit
3303 2913 3420 2969 illic
3444 2889 3653 2974 contra

273 2979 517 3051 ἅρματος
573 2985 666 3029 τοῦ
718 2985 939 3043 Σατανᾶ,
992 2979 1119 3032 ὃπου
1176 2986 1266 3032 καὶ
1323 2983 1475 3044 αὐτὸς
1539 2986 1711 3049 ἔζευξε
1748 2993 1884 3042 κοιτά

2022 3002 2231 3040 :urrum
2263 2990 2495 3044 Satanae.
2529 2989 2628 3045 ubi
2654 2992 2778 3063 ipse
2798 3010 3036 3068 quoque
3062 3000 3260 3067 jnnxit
3281 3019 3522 3062 currum
3549 3008 3653 3063 ad-

276 3074 380 3128 τῆς
404 3065 562 3138 ψυχῆ
575 3087 615 3127 ς-

1921 3089 1962 3146 C
1993 3088 2203 3128 versus
2227 3076 2519 3132 animam.

357 3173 427 3235 ς’.
508 3171 883 3245 Ἐρώτησις.
987 3174 1055 3227 Εἰ
1157 3173 1516 3239 ἀνάπαυσίς
1613 3179 1876 3242 ἐστινὴ

2065 3179 2156 3234 Vl.
2193 3181 2610 3252 Interrogatio.
2643 3186 2708 3240 Si
2752 3189 2913 3258 quies
2943 3195 3025 3246 est
3057 3195 3281 3262 anima,
3311 3214 3425 3269 quo
3465 3209 3646 3271 pacto

270 3259 464 3330 ψυχὴ
497 3263 599 3330 (3),
623 3271 752 3322 πῶς
779 3262 1048 3334 λέγουσί
1079 3282 1268 3327 τινες,
1303 3267 1398 3318 ὅτι
1439 3268 1522 3319 Ού
1555 3265 1882 3344 δυνάμεθα

2012 3267 2198 3323 licunt
2218 3270 2411 3340 aliqui
2434 3289 2539 3328 nos
2563 3289 2681 3330 non
2711 3292 2882 3343 posse
2903 3295 3098 3347 orare,
3133 3300 3239 3340 nec
3255 3294 3643 3354 perseverant

277 3348 621 3416 εὔξασθαι,
665 3347 816 3404 οὐδὲ
852 3353 1285 3424 ὑπομένουσιν
1324 3354 1382 3406 ἓν
1421 3365 1489 3428 τῇ
1535 3359 1735 3432 auxi);

795 3354 816 3404 ξ
852 3353 1285 3424 ὑπομένουσιν
1324 3354 1382 3406 ἓν
1421 3365 1489 3428 τῇ
1535 3359 1735 3432 milia;
1988 3355 2052 3411 in
2085 3358 2354 3415 oratione
2384 3361 2413 3418 9

354 3454 757 3532 Ἀπόκρισις.
814 3458 958 3516 Αὐτὴ
1004 3462 1033 3518 ἡ
1069 3459 1359 3523 ἀνάπαυσις
1410 3463 1769 3527 πλεονάζουσα
1799 3466 1880 3521 δί-

2067 3465 2398 3533 Responsio.
2427 3468 2561 3539 Ipsa
2610 3473 2846 3543 requies
2889 3477 2934 3531 si
2977 3477 3265 3546 abundet,
3303 3486 3646 3557 suppeditat

278 3541 424 3597 δωσι
456 3546 739 3618 σπλάγχνα
789 3552 878 3600 καὶ
933 3545 1203 3611 διακονίας
1252 3551 1445 3625 ἑτέρας,
1504 3556 1607 3606 οἷον
1640 3565 1728 3609 τοῦ
1765 3557 1878 3611 ἐπι-

2014 3552 2220 3610 νὶεοθτδι
2275 3555 2696 3616 misericordias
2747 3571 2924 3636 atque
2958 3567 3075 3623 alia
3127 3571 3442 3644 obsequia,
3483 3577 3645 3633 velut

276 3633 587 3704 σκέψασθαι
617 3640 738 3697 τοὺς
767 3634 1040 3708 ἀδελφοὺς,
1073 3646 1164 3690 τοῦ
1218 3640 1287 3701 εἰς
1316 3644 1402 3692 τόν
1451 3642 1600 3714 λόγον
1633 3642 1877 3706 διακονῆ-

2013 3641 2266 3698 νὶεὶῐδηᾱὶ
2309 3645 2538 3714 fratres,
2584 3633 2960 3710 ministrandi
2993 3659 3195 3715 verbo.
3229 3633 3361 3733 Ipsa
3401 3633 3644 3738 quoque

273 3739 390 3777 σαι.
449 3729 547 3777 Καὶ
607 3725 737 3784 αύτὴ
770 3728 800 3784 ἡ
833 3729 990 3798 φύσις
1033 3727 1160 3779 θέλει
1213 3727 1445 3782 ἀπελθεῖν
1475 3738 1560 3783 xui
1595 3730 1723 3786 ἰδεῖν
1754 3740 1876 3798 τοὺς

2014 3737 2197 3788 natura
2253 3734 2552 3792 desiderat
2597 3745 2895 3810 progredi,
2953 3752 3008 3801 et
3066 3725 3270 3805 visere-
3319 3725 3645 3813 fratres.ad

272 3811 529 3885 ἀδελφούς
585 3814 810 3873 λαλῆσαι
871 3815 1038 3887 λόγον.
1093 3814 1259 3870 Οὐδὲν
1315 3823 1415 3893 γάρ
1448 3821 1495 3872 ἕν
1535 3828 1661 3897 πυρὶ
1692 3822 1874 3896 βαλλό-

2011 3823 2357 3892 oquendum
2391 3829 2658 3882 verbum.
2691 3831 2839 3886 Nihil
2863 3835 3020 3890 enim
3050 3842 3324 3910 est,quod
3354 3843 3412 3897 in
3441 3811 3642 3913 ignem

272 3921 426 3973 μενον
459 3900 679 3956 δύναται
727 3908 890 3974 μένειν
949 3905 997 3956 ἐν
1028 3913 1090 3978 τῇ
1137 3904 1250 3978 ἰδίᾳ
1303 3913 1473 3979 φύσει,
1530 3911 1634 3963 ἀλλ’
1669 3912 1871 3986 ἀνάγκη

2011 3911 2344 3978 :onjectum,
2376 3920 2570 3982 potest
2619 3934 2968 3987 permanere
3017 3925 3075 3980 in
3132 3945 3240 3983 sua
3270 3937 3505 3997 natura,
3539 3936 3642 3990 sed

270 3994 366 4041 xui
431 3995 555 4042 αὐτὸ
599 3995 837 4062 γίνεσθαι
893 4002 1017 4066 πῦρ.
1062 3992 1156 4046 Ὀν
1196 4001 1383 4067 τρόπον
1432 4001 1515 4049 ἐὰν
1569 3999 1737 4074 βάλῃς
1783 4005 1873 4054 κά-

2010 4013 2224 4053 necesse
2242 4008 2327 4054 est
2344 4003 2540 4073 ipsum
2555 4021 2798 4078 quoque
2822 4011 2881 4065 in
2905 4012 3103 4082 ignem
3121 4022 3388 4075 converti
3423 4042 3433 4080 :
3461 4024 3641 4079 veluti

271 4077 485 4149 χληκας
532 4079 603 4140 εἰς
653 4088 777 4154 πῦρ,
810 4081 981 4152 ὀλίγος
1009 4088 1208 4153 γίνεται
1256 4086 1512 4149 ἄσϐεστος
1546 4105 1556 4117 ·
1610 4096 1697 4142 xui
1728 4093 1771 4143 εἰ
1802 4093 1873 4154 εἰς

2007 4086 2324 4179 ηἱρτοῄίοίᾶε
2355 4089 2659 4160 lapillosin
2686 4077 2908 4166 ignem,
2928 4077 3258 4173 pauxillum
3290 4077 3638 4179 producitur

275 4166 570 4233 θάλασσαν,
605 4168 819 4221 ὶπιπολὺ
858 4168 1151 4224 καταδῦναι
1203 4179 1287 4225 xui
1323 4173 1556 4229 ἀπελθεῖν
1600 4179 1668 4239 εἰς
1713 4184 1870 4252 μέσον

2004 4175 2179 4241 :alcis,
2210 4179 2306 4232 Sin
2341 4180 2400 4234 in
2436 4197 2598 4237 mare
2629 4186 2824 4241 mittas
2851 4166 3225 4265 quempiam,
3265 4166 3327 4252 fit
3360 4206 3421 4256 ut
3451 4166 3635 4271 pluri-

270 4256 511 4327 πέλαγος,
563 4260 994 4320 καταποντίζεται
1045 4267 1135 4312 xui
1184 4260 1382 4333 ἀφανὴς
1427 4270 1626 4335 γίνεται
1654 4285 1666 4297 ·
1723 4271 1748 4320 6
1789 4267 1867 4337 δὲ,

2006 4279 2170 4330 num,
2208 4274 2269 4321 ut
2292 4267 2615 4333 demersus
2646 4281 2700 4328 et
2741 4277 2972 4333 delatus
2994 4283 3049 4336 in
3070 4286 3335 4341 medium
3360 4289 3637 4359 pelagus,

267 4349 408 4398 κατά
464 4345 664 4420 βαθμὸν
718 4348 1099 4422 εἰσερχόμενος,
1161 4351 1313 4403 πάλιν
1368 4352 1621 4413 ἀναϐῆναι
1655 4373 1668 4385 ·
1742 4359 1870 4411 θέλει

2007 4353 2258 4409 luctibus
2289 4357 2597 4426 obruatur,
2633 4368 2687 4418 et
2715 4365 2908 4422 visum
2941 4369 3202 4440 effugiat.
3236 4345 3638 4451 Qui.veroUpe1:

267 4441 359 4487 xui
424 4435 731 4490 ἐπιπλεῦσαι
781 4444 870 4490 καὶ
940 4439 1153 4501 ἐξελθεῖν
1229 4441 1300 4502 εὶς
1347 4443 1544 4515 λιμένα,
1595 4452 1683 4498 xui
1739 4445 1867 4500 ἰδεῖν

2007 4442 2201 4509 gradus
2225 4445 2570 4517 ingreditur,
2606 4452 2804 4509 denuo
2839 4463 3156 4516 ascendere
3192 4464 3506 4533 desiderat,
3534 4435 3638 4524 ad-

268 4529 393 4587 τούς
425 4525 506 4578 ἐπὶ
544 4534 644 4596 γῆς
685 4526 984 4601 ἀνθρώπους
1018 4546 1031 4559 ⁸
1084 4530 1248 4592 οὖτως
1287 4537 1374 4584 xui
1420 4534 1491 4594 εἰς
1543 4538 1600 4586 τό
1645 4556 1868 4609 πνευμα-

2005 4531 2262 4602 lavigare
2291 4540 2346 4589 et
2377 4540 2578 4605 egredi
2600 4543 2674 4597 ad
2695 4550 2957 4613 portum,
2986 4555 3045 4604 ut
3077 4554 3339 4623 aspiciat,
3369 4557 3472 4628 qui
3496 4525 3636 4614 sunt

269 4618 415 4666 τικόν
455 4616 752 4690 εἰσέρχεταί
804 4637 880 4678 τις
932 4619 1002 4681 εἰς
1054 4617 1216 4692 βάθος
1271 4624 1510 4695 χάριτος,
1569 4630 1658 4677 xui
1710 4628 1864 4679 πάλιν

2007 4633 2032 4673 n
2069 4623 2254 4687 terris,
2285 4623 2556 4682 homines
2592 4644 2604 4682 :
2639 4631 2721 4687 sic
2750 4649 2994 4707 quoque
3021 4638 3079 4694 in
3107 4657 3168 4695 re
3201 4645 3510 4714 spirituali,
3532 4648 3638 4702 ali-

270 4708 578 4774 μνημονεύει
638 4715 736 4758 τῶν
790 4707 1002 4781 ἑταίρων
1050 4710 1230 4777 αὐτοῦ,
1285 4718 1374 4765 xui
1432 4713 1562 4773 αύτή
1620 4718 1648 4773 ἡ
1710 4720 1866 4788 φύσις

2004 4708 2110 4778 [uis
2141 4711 2196 4764 in
2229 4713 2596 4782 profundum
2615 4723 2818 4788 gratiae
2846 4724 3424 4795 ingressus,rursum
3445 4752 3635 4792 recor-

273 4790 405 4842 οελει
445 4791 677 4845 ἀπελθεῖν
717 4795 786 4856 εἰς
844 4793 1111 4869 ἀδελφοὺς,
1181 4798 1561 4874 ἀποπληρῶσαι
1591 4810 1681 4864 τὴν
1732 4805 1864 4877 ἀγά-

1997 4797 2149 4853 latur
2185 4803 2482 4859 sociorum
2511 4824 2774 4880 suorum,
2798 4816 3068 4884 quinimo
3091 4819 3218 4890 ipsa
3237 4828 3451 4880 natura
3477 4826 3628 4882 desi-

268 4899 395 4945 πην,
423 4879 722 4954 πληροφορῆ
733 4902 822 4936 σαι
850 4885 1022 4956 λόγον.

2000 4884 2146 4941 lerat
2172 4890 2453 4946 accedere
2487 4894 2562 4948 ad
2612 4879 2840 4965 fratres:
2877 4879 3128 4976 implere
3155 4879 3631 4980 charitatemtet

1976 4976 2362 5034 corroborare
2395 4982 2667 5040 verbum.

344 5057 420 5113 Z'.
485 5058 859 5132 Ἐρώτησις.
920 5070 1056 5125 Πῶς
1108 5061 1386 5121 δύναται
1437 5073 1512 5122 τὰ
1554 5068 1670 5125 δύο
1724 5079 1866 5149 πρό-

347 5169 455 5182 ...κ
505 5146 663 5182 εἴη...
716 5149 772 5182 3..
827 5159 896 5182 -.κ
938 5150 1181 5182 .._-.!:..
1255 5163 1357 5182 --με
1409 5161 1436 5182 -1
1474 5163 1587 5182 ,Hv,
1784 5169 1793 5180 ε
1840 5167 1853 5182 ρ

1994 5170 2000 5182 ⁵
2046 5083 2586 5159 Vll.Interrogatio,
2609 5093 2722 5160 Qui
2742 5105 2920 5166 pacto
2945 5108 3625 5182 possuntduacpersonae

275 5167 456 5202 σωπα
503 5146 666 5201 εἶναι
715 5149 772 5202 ἒν
827 5159 896 5224 τῇ
938 5150 1200 5227 καρδίᾳ,
1255 5163 1361 5210 xui
1409 5161 1860 5236 ἠχάριςκαὶὴ

2404 5146 2430 5159 ν
2573 5146 2585 5156 ι
2617 5146 2642 5160 ι
2742 5146 2916 5166 Γ--η--υ
2945 5146 3191 5171 tul-ww."
3210 5146 3338 5165 wuw
3401 5146 3448 5168 cr
3467 5146 3624 5172 ουιιῶ

1997 5170 2040 5225 ἠ
2069 5173 2240 5229 corde
2270 5177 2606 5246 consistere,
2637 5188 2838 5252 gratia
2872 5189 3153 5250 nimirum
3186 5203 3241 5252 et
3261 5146 3565 5267 mactatum
3601 5207 3628 5260 ?

273 5255 602 5313 αμαρτια;

347 5328 748 5402 Ἀπόκρισις.
803 5327 1002 5404 Ὠσπερ
1055 5330 1175 5384 ὅταν
1208 5329 1237 5404 ᾖ
1270 5341 1373 5406 πῦρ
1405 5335 1584 5398 ἔξωθεν
1613 5339 1862 5410 χαλκίον,

347 5418 458 5445 ι-Ᾱ..
503 5414 585 5445 33...
637 5416 902 5445 .“...-Β.Ζ“...-
984 5418 1105 5445 nn-
1197 5418 1299 5445 1.9-)
1377 5425 1458 5445 5,,
1693 5433 1702 5445 ι

2053 5351 2390 5418 Responsio.
2422 5355 2949 5424 Quemadmodum
2982 5369 3028 5424 si
3059 5372 3128 5427 sit
3157 5374 3310 5445 ignis
3336 5386 3495 5435 extra
3521 5397 3624 5436 vas

278 5411 458 5466 λοιπόν
501 5414 585 5468 ἐὰν
637 5416 902 5490 ύποϐάλης
981 5418 1123 5491 ξύλα,
1194 5418 1310 5474 ἰδού
1375 5425 1594 5498 ἕκπυρον
1645 5433 1864 5498 γίνεται,

279 5506 366 5532 καὶ
406 5506 465 5532 ..λ
511 5507 695 5532 1..--Δ...
739 5515 829 5532 --.ἡ
885 5510 1092 5532 _---’_-_,_
1151 5508 1285 5532 fl__,
1450 5518 1459 5531 ι
1506 5514 1535 5532 n
1596 5518 1608 5530 ι
1846 5527 1867 5532 ..

2163 5411 2173 5418 _
2434 5411 2463 5424 π
2501 5411 2949 5423 κι-ηκωνυυμ..
2982 5411 3028 5424 υ.
3059 5411 3128 5427 οη
3158 5411 3310 5445 ιδυιδ
3336 5411 3495 5435 caua.
3526 5411 3625 5436 V0.3

1994 5451 2234 5510 laneum,
2261 5449 2538 5502 caeterum
2561 5449 2607 5503 si
2631 5452 2955 5524 subjeceris
2986 5459 3168 5532 ligna,
3189 5480 3322 5520 ecce
3357 5468 3625 5524 accendi-

279 5506 369 5554 xui
406 5506 466 5555 τὸ
509 5507 696 5558 ἔσωθεν
738 5515 831 5560 τοῦ
881 5510 1092 5569 σκεύους
1147 5508 1346 5583 ἕψεται,
1377 5518 1466 5566 xui
1500 5514 1749 5588 βράσσει,
1778 5527 1868 5572 τοῦ

2220 5506 2230 5510 _
2675 5506 2954 5524 πηνα---
2986 5506 3021 5514 -.
3071 5506 3168 5528 _..,
3191 5506 3322 5520 ww
3357 5506 3618 5524 μυνυιων

1987 5530 2075 5580 tur
2099 5525 2214 5598 ille,
2247 5535 2304 5586 et
2333 5536 2496 5606 quod
2530 5537 2686 5598 intra
2729 5559 2835 5606 vas
2875 5553 2982 5623 est,
3009 5506 3299 5624 c‘bquitur,
3333 5561 3386 5610 et
3417 5556 3618 5631 fervet,

357 5627 438 5698 (3)
475 5629 650 5701 Εὐχή,
680 5632 884 5699 oratio,
911 5631 1028 5705 legi
1078 5633 1278 5694 debet.
