4130 6286
504 293 607 349 767
1800 288 1859 344 S.
1900 286 2203 345 MACARII
2246 287 2553 345 [EGYPTII
3754 290 3871 345 768

502 421 637 490 igne
671 419 1003 474 extrinseco
1022 432 1274 473 accenso
1304 433 1317 471 :
1348 417 1395 471 si
1417 431 1559 471 vero
1576 416 1711 488 quis
1731 416 2013 487 negligat,
2041 429 2133 468 nei

2261 416 2427 486 πυρὸς
2477 413 2660 475 ἔξωθεν
2698 414 3074 483 ὑποκαιομένου
3101 430 3114 444 ’
3156 413 3201 463 εί
3245 408 3305 464 δέ
3356 431 3435 474 τις
3488 412 3726 485 ἁμελήση
3772 418 3875 465 καὶ

500 508 664 577 ligna
704 508 1034 573 submittat,
1067 506 1271 576 incipit
1311 505 1561 575 tepidior
1599 505 1849 560 evadere
1889 504 2063 572 ignis,
2096 520 2125 558 e

2261 506 2332 573 μὴ
2367 501 2598 575 ὑποϐάλῃ
2653 500 2800 567 ξύλα,
2834 503 3059 576 ἄρχεται
3096 500 3449 575 χλιαρώτερον
3486 504 3766 573 γίγνεσθαι
3804 506 3870 555 τὸ

502 598 943 670 propemodum
984 595 1278 667 exstingui
1306 612 1318 647 :
1344 596 1427 649 sic
1467 609 1710 666 quoque
1750 594 1962 663 gratia,
1994 593 2133 662 ignis

2260 599 2383 664 πῦρ,
2418 596 2506 643 καὶ
2536 594 2707 663 ὥσπερ
2766 590 3217 643 κατασϐέννυσθαι
3248 606 3261 618 ⁸
3311 590 3469 651 οὑτως
3508 596 3595 643 καὶ
3628 593 3657 649 ἡ
3702 594 3874 664 χάρις

502 687 787 743 nimirum
828 684 1084 740 caelestis
1123 686 1274 738 intra
1313 687 1368 738 te
1400 688 1509 737 est.
1545 685 1750 753 Itaque
1791 682 1838 735 si
1873 689 2133 753 precatus

2261 684 2319 733 τὸ
2350 689 2451 756 πῦρ
2484 684 2541 732 τὸ
2573 680 2808 754 ούράνιον
2861 684 2951 732 καὶ
2984 682 3171 732 ἓσωθέν
3222 682 3314 732 σού
3362 681 3493 735 ἐστι.
3551 684 3745 733 Λοιπὸν
3779 681 3872 733 ἐὰν

506 776 704 840 fueris,
732 791 800 829 ac
825 773 1137 829 contuleris
1168 772 1553 841 cogitationes
1594 777 1727 826 tuas
1770 772 1843 827 ad
1887 770 2137 825 dilectio-

2263 770 2405 843 εῦξη,
2435 776 2523 823 καὶ
2564 768 2745 843 δώσῃς
2786 774 2905 832 τοὺς
2939 769 3223 842 λογισμούς
3272 788 3366 821 σου
3395 770 3466 831 εἰς
3526 769 3737 841 ἀγάπην
3771 778 3872 823 τοῦ

503 881 640 921 nem
683 863 906 930 Christi,
952 863 1079 916 vide
1122 877 1245 933 quo
1291 867 1465 932 pacto
1524 861 1846 931 subjeceris
1886 860 2067 929 ligna,
2097 876 2127 914 e

2262 867 2520 934 Χριστοῦ,
2565 857 2648 912 ἴδε
2703 868 2811 920 πῶς
2862 858 3112 921 ὑπέϐαλες
3160 862 3226 910 τὰ
3281 859 3426 923 ξύλα,
3479 864 3569 912 καὶ
3631 864 3874 931 γίνονται

502 954 765 1010 evadunt
795 952 1178 1021 cogitationes
1233 956 1346 1005 tua:
1396 952 1453 1003 in
1497 951 1719 1019 ignem,
1752 954 1804 1004 et
1847 952 2133 1018 tinguntur

2261 951 2310 999 οἱ
2340 948 2581 1020 λογισμοί
2609 968 2702 1001 σου
2733 956 2856 1023 πῦρ,
2897 953 2987 1000 καὶ
3022 946 3314 1020 βάπτονται
3365 948 3435 1009 εἰς
3462 952 3549 1000 τὸν
3588 951 3747 1002 πόθον
3773 957 3872 1001 τοῦ

498 1042 796 1098 desiderio
847 1040 962 1094 Dei.
988 1042 1053 1094 Et
1097 1040 1229 1094 licet
1268 1040 1503 1094 secedat
1542 1040 1814 1108 Spiritus,
1843 1038 1943 1110 qui
1985 1044 2129 1093 extra

2263 1046 2416 1092 Θεοῦ.
2473 1038 2532 1091 Εἰ
2584 1036 2643 1090 δὲ
2682 1044 2774 1091 καὶ
2828 1040 3099 1111 ὑποχωρεῖ
3150 1040 3207 1089 τὸ
3264 1044 3472 1109 Πνεῦμα
3524 1041 3593 1100 ὡς
3622 1037 3869 1111 ἔξὼτερὸν

501 1139 552 1187 te
606 1136 710 1195 est,
745 1129 1132 1184 nihilominus
1163 1130 1342 1183 etiam
1374 1130 1528 1183 intra
1572 1134 1626 1182 te
1674 1132 1780 1195 est,
1812 1133 1865 1182 et
1904 1133 2070 1182 extra
2095 1134 2132 1182 tt

2264 1147 2359 1180 σου
2419 1133 2705 1199 γινόμενον,
2788 1126 2915 1179 ἀλλὰ
2985 1131 3073 1178 καὶ
3147 1126 3335 1179 ἓσωθέν
3409 1129 3503 1179 σού
3588 1126 3717 1193 ἐστι,
3775 1133 3864 1181 καὶ

499 1224 766 1293 apparet.
802 1218 973 1286 Quod
1005 1219 1051 1272 si
1087 1234 1223 1273 vero
1246 1218 1373 1289 qeis
1398 1218 1674 1273 socordia
1701 1216 2128 1289 diﬁluens,pau

2262 1217 2439 1279 ἔξωθέν
2468 1236 2561 1268 σου
2592 1220 2990 1291 παραφαίνεται.
3055 1214 3170 1268 Ἐὰν
3205 1211 3264 1267 δὲ
3318 1214 3553 1289 ἁμελήσῃ
3602 1236 3702 1281 τις,
3762 1216 3870 1269 ὀλί-

499 1312 682 1381 lisper
713 1326 776 1364 se
824 1310 1021 1378 ipsum
1072 1308 1267 1363 tradat
1315 1314 1415 1362 aut
1464 1308 1785 1362 mundanis
1841 1307 2019 1361 rebus
2049 1323 2125 1362 au

2260 1325 2349 1376 γον
2389 1302 2577 1368 ἐκδούς
2625 1306 2823 1370 ἑαυτὸν,
2879 1309 2908 1363 ἧ
2974 1304 3045 1366 εἰς
3103 1307 3333 1377 κοσμικα
3395 1306 3699 1380 πράγματα,
3732 1307 3763 1364 ἣ
3797 1306 3872 1366 εἰς

499 1397 1221 1470 occupationibus,denuo
1262 1399 1304 1465 ι
1319 1398 1369 1467 3
1382 1397 1432 1468 5
1448 1396 1675 1451 accedit
1698 1396 2129 1468 vitium,inquit

2259 1394 2580 1468 ῥεμϐασμόν,
2654 1394 2805 1446 πάλιν
2871 1396 3084 1465 ἔρχεται
3158 1395 3187 1451 ἡ
3243 1397 3421 1457 κακία,
3482 1399 3573 1447 καὶ
3629 1392 3871 1447 ἐνδύεται

498 1504 616 1559 que
642 1489 931 1551 animam,
959 1501 1028 1540 ac
1056 1490 1243 1541 totum
1275 1486 1581 1540 hominem
1622 1483 1884 1553 afﬂigere
1915 1485 2116 1556 incipit

2262 1489 2355 1541 τὴν
2404 1483 2610 1555 ψυχὴν,
2684 1489 2771 1536 καὶ
2853 1484 2965 1535 ὅλον
3032 1484 3304 1555 ἄνθρωπον
3354 1484 3581 1554 ἄρχεται
3649 1484 3871 1538 θλίϐειν.

500 1577 862 1633 Recordatur
893 1590 1033 1643 ergo
1062 1575 1267 1629 anima
1287 1574 1498 1644 prioris
1530 1574 1774 1644 requiei,
1801 1579 1979 1645 atque
2008 1574 2131 1628 inci-

2262 1574 2583 1645 Μνημονεύει
2626 1569 2712 1624 οὖν
2767 1574 2797 1630 ἡ
2853 1572 3009 1643 ψυχὴ
3072 1579 3163 1630 τῆς
3217 1575 3467 1645 προτέρας
3524 1571 3872 1636 ἀναπαύσεως

500 1664 804 1738 pitaﬂligi,
836 1670 889 1718 et
916 1663 1213 1718 continuis
1244 1663 1532 1717 arumnis
1566 1661 1741 1717 afﬁci.

2262 1667 2351 1714 καὶ
2390 1682 2581 1734 ρχεται
2614 1661 2902 1728 θλίϐεσθαι,
2960 1666 3048 1713 καὶ
3078 1665 3451 1733 συνεχέστερον
3495 1662 3867 1735 ταλαιπωρεῖν.

572 1790 707 1845 Vlll.
740 1790 954 1843 Iterum
980 1787 1234 1842 intendit
1271 1788 1509 1842 animus
1540 1788 1595 1841 in
1628 1787 2031 1858 Deum,cmpit
2072 1785 2149 1841 illi
2184 1768 2203 1822 Ῐ

2334 1788 2411 1841 Η’.
2449 1788 2607 1840 Πάλιν
2637 1791 2933 1860 προσέσχεν
2980 1788 3005 1838 ὸ
3034 1792 3147 1844 νοῦς
3195 1788 3324 1857 πρὸς
3362 1788 3446 1838 τὸν
3486 1790 3633 1852 Θεὸν,
3666 1788 3870 1862 ἤρξατο

498 1878 988 1950 appropinquare
1028 1877 1189 1947 prior
1219 1876 1472 1947 requies,
1505 1875 1709 1945 incipit
1743 1876 2129 1931 vehementiu:

2261 1878 2624 1949 προσεγγίζειν
2673 1877 2812 1946 αύτῷ
2875 1878 2903 1934 ἠ
2960 1878 3185 1951 προτέρα
3257 1872 3569 1942 ἀνάπαυσις,
3633 1878 3869 1949 ἄρχεται

498 1967 813 2039 inquirere.
845 1969 1136 2033 Deprecor
1158 1971 1230 2031 te,
1252 1965 1350 2029 ait,
1384 1965 1943 2020 DomineJ’aulatim
1968 1980 2125 2036 appo

2263 1962 2626 2038 σφοδροτέρως
2656 1966 2917 2027 ἐπιζητεῖν
2951 1983 2963 1995 ·
2998 1964 3232 2035 Δέομαί
3267 1981 3401 2030 σου,
3437 1971 3587 2037 φησὶ,
3622 1969 3818 2038 Κύριε
3852 1984 3864 1995 ·

498 2056 660 2110 nitur
691 2056 741 2110 ei
767 2056 918 2125 ignis
952 2062 1005 2107 et
1044 2056 1379 2108 accendens
1418 2059 1471 2108 et
1506 2069 1781 2108 recreans
1822 2053 2087 2107 animam

2260 2056 2395 2104 κατὰ
2433 2056 2616 2126 μικρὸν
2669 2055 3006 2125 προστίθεται
3058 2054 3199 2127 αύτῷ
3247 2057 3305 2106 τὸ
3364 2060 3467 2125 πῦρ
3521 2052 3739 2115 ἐξάπτον
3771 2059 3870 2106 καὶ

498 2144 1019 2214 quemadmodum
1058 2143 1272 2196 hamus
1312 2141 1604 2212 paulatim
1644 2141 1899 2195 extrahit
1939 2157 1968 2194 e
2009 2157 2129 2211 pro-

2259 2140 2520 2193 ἀναπαῦον
2584 2147 2676 2199 τὴν
2723 2142 2909 2213 ψυχήν
2943 2161 2954 2171 ·
3016 2145 3187 2218 ὥσπερ
3246 2149 3305 2197 τὸ
3382 2145 3669 2216 ἄγκιστρον
3727 2146 3868 2216 αἴρει

500 2232 690 2288 fundo
724 2233 974 2303 piscem.
1000 2232 1116 2286 Nisi
1143 2231 1298 2285 enim
1332 2231 1443 2284 hoc
1473 2231 1550 2285 ita
1580 2237 1754 2294 esset,
1790 2246 1858 2284 ac
1885 2233 2125 2298 gustare

2261 2234 2315 2282 ἐκ
2337 2239 2427 2283 τοῦ
2460 2230 2628 2303 βυθοῦ
2658 2235 2743 2283 τὸν
2773 2232 2928 2303 ἰχθῦν
2976 2236 3110 2284 κατά
3142 2238 3348 2309 μικρὸν.
3409 2233 3464 2287 Ei
3493 2235 3593 2305 γὰρ
3627 2236 3699 2304 μὴ
3746 2240 3868 2285 τοῦ-

498 2321 960 2376 amaritudinem
989 2328 1039 2375 et
1073 2325 1339 2380 mortem,
1362 2334 1483 2390 quo
1504 2326 1678 2389 pacto
1707 2324 1905 2389 posset
1927 2318 2123 2372 discer

2260 2340 2314 2373 το
2343 2318 2424 2385 ἦν,
2458 2326 2545 2372 καὶ
2578 2319 2776 2392 ἐγεύετο
2807 2329 2896 2373 τοῦ
2926 2330 3115 2395 πικροῦ
3167 2329 3257 2376 καὶ
3313 2331 3403 2376 τοῦ
3454 2324 3698 2388 θανάτου,
3754 2332 3871 2384 πῶς

498 2425 639 2465 nere
662 2426 938 2465 amarum
970 2426 1004 2464 a
1036 2408 1210 2475 dulci,
1237 2415 1292 2462 et
1323 2414 1571 2463 mortem
1604 2425 1637 2462 a
1667 2410 1807 2473 vita,
1829 2414 1882 2461 et
1910 2412 2129 2479 gratun

2262 2406 2493 2468 ἠδύνατο
2526 2407 2793 2484 διακρῖναι
2848 2414 2904 2462 τὸ
2953 2416 3138 2485 πικρὸν
3196 2412 3297 2465 ἀπὸ
3347 2419 3437 2465 τοῦ
3490 2412 3741 2482 γλυκέως,
3775 2416 3869 2463 καὶ

500 2515 561 2553 se
612 2499 889 2553 exhibere
931 2497 1254 2552 vivificanti
1314 2497 1482 2563 Patri,
1524 2503 1577 2551 et
1635 2496 1793 2561 Filio,
1829 2502 1883 2551 et
1910 2495 2126 2568 Spiritu

2262 2502 2349 2550 τὸν
2381 2500 2598 2551 θάνατον
2630 2497 2731 2551 ἀπὸ
2778 2506 2872 2561 τῆς
2906 2504 3060 2564 ζωῆς,
3087 2506 3176 2554 καὶ
3202 2502 3602 2575 εύχαριστῆσαι
3631 2509 3702 2571 τῷ
3731 2501 3866 2561 ζωο-

501 2592 729 2652 sancto,
768 2588 823 2641 in
857 2587 1075 2642 saecula
1101 2588 1129 2642 ?
1161 2592 1366 2641 Amen.

2262 2597 2394 2658 ποιῷ
2435 2594 2624 2661 Πατρὶ,
2670 2594 2758 2642 καὶ
2810 2592 2937 2660 Υὶῷ,
2974 2595 3063 2643 καὶ
3113 2590 3246 2663 ἁγίῳ
3295 2593 3582 2663 Πνεύματι,
3642 2590 3714 2652 εἰς
3746 2594 3867 2653 τούς

2264 2678 2448 2738 αἰῶνας
2481 2694 2493 2744 ;
2519 2679 2706 2750 Ἀμήν.

1103 2765 1389 2821 HOMILIA
1420 2764 1546 2819 XL].
2272 2757 2291 2800 ἓ
2849 2773 3093 2822 OMIAIA
3135 2768 3267 2824 MA'.

498 2874 821 2945 Profunda
852 2873 1021 2928 valde
1052 2878 1188 2927 sunt
1216 2878 1352 2926 sunt
1380 2872 1721 2945 penetralia
1757 2871 1991 2937 animae,
2026 2889 2129 2944 qua

2266 2872 2466 2923 Βαθέα
2493 2869 2631 2923 λίαν
2663 2873 2737 2922 τὰ
2766 2879 2873 2931 τῆς
2904 2870 3123 2942 ψυχῆς
3161 2878 3413 2943 ταμεία,
3456 2879 3556 2929 τῆς
3591 2868 3701 2945 ἁπρ
3738 2874 3842 2940 μέο

535 2940 828 3023 ραιιίαιίηι
845 2947 1209 3000 incrementa
1230 2945 1440 3013 gratia:
1452 2949 1554 2998 aut
1574 2942 1852 2998 vitiorum
1876 2940 2113 3013 accipit.

2332 2961 2480 3016 ρους
2509 2951 2579 3015 τῇ
2612 2945 2833 3018 χάριτι
2871 2940 3151 3003 καὶταίς
3177 2940 3434 3003 κακίαις
3470 2940 3836 3003 συναυξανο-

2331 3033 2543 3085 μενης.

566 3127 605 3182 Ι.
641 3123 967 3181 Pretiosum
998 3138 1099 3177 vas
1130 3120 1345 3176 animae
1373 3121 1429 3175 in
1464 3136 1705 3175 summa
1748 3120 2150 3191 profunditate
2184 3127 2197 3177 t

2333 3120 2413 3175 A'.
2446 3124 2515 3172 Τὸ
2546 3124 2715 3193 τίμιον
2747 3127 2929 3183 σκεῦος
2958 3128 3053 3183 τῆς
3080 3118 3266 3193 ψυχῆς
3313 3120 3360 3172 ἐν
3400 3120 3560 3193 πολλῇ
3596 3119 3858 3193 βαθύτητι

495 3214 784 3277 consistit,
839 3218 900 3266 ut
946 3210 1163 3265 alicubi
1221 3211 1413 3281 inquit
1446 3228 1458 3261 :
1489 3210 1781 3279 Abyssum
1807 3218 1858 3265 et
1891 3227 1995 3266 cor
2024 3212 2126 3280 ipsi

2262 3212 2537 3282 τυγχάνει,
2568 3209 2636 3270 ὣς
2665 3212 2764 3261 πού
2797 3229 2977 3282 φησιν,
3031 3208 3353 3263 Ἀϐυσσηον
3404 3215 3515 3262 καὶ
3576 3204 3860 3281 καρδίαν

495 3308 804 3361 scrutatur
834 3304 900 3357 ⁸³.
934 3300 1041 3354 Ubi
1067 3300 1225 3353 enim
1252 3299 1553 3353 diverterit
1571 3300 1752 3353 homo
1775 3315 1810 3353 a
1833 3299 2118 3355 mandato

2263 3299 2448 3359 αὐτὸς
2480 3301 2702 3369 ἐρευνᾷ
2728 3318 2741 3330 ·
2776 3301 3108 3373 ἐκτραπέντος
3158 3302 3259 3370 γὰρ
3309 3307 3400 3352 τοῦ
3454 3296 3726 3374 ἀνθρώπου
3767 3306 3864 3358 τῆς

496 3399 549 3448 et
606 3390 909 3446 sententiae
958 3388 1055 3442 irae
1104 3387 1398 3441 obnoxius
1456 3387 1646 3442 factus
1697 3386 1887 3453 fuerit,
1936 3389 2122 3458 redigi

2262 3387 2486 3455 ἐντολῆς,
2519 3394 2609 3439 καὶ
2630 3390 2730 3440 ὑπὸ
2763 3386 3022 3460 ἀπόφασιν
3050 3388 3209 3462 ὀργῆς
3238 3393 3601 3459 γεγενημένου,
3626 3386 3869 3441 λαϐοῦσα

495 3482 661 3537 illum
691 3481 751 3534 in
782 3493 951 3532 suam
979 3482 1329 3545 potestatem
1362 3477 1875 3547 peccatum,quod
1911 3494 2047 3531 cum
2071 3479 2118 3532 si

2261 3478 2416 3531 αὑτὸν
2458 3479 2763 3548 ὑποχείριον
2789 3478 2818 3534 ἡ
2853 3477 3105 3551 ἁμαρτία,
3136 3482 3224 3529 καὶ
3263 3476 3394 3535 αύτὴ
3425 3479 3602 3549 ὥσπερ
3633 3476 3868 3537 οἷϐυσσὸς

493 3570 652 3624 velut
691 3568 948 3637 abyssus
981 3564 1264 3636 quaedam
1283 3564 1616 3618 acerbitatis
1649 3566 1706 3618 in
1741 3565 2064 3621 subtilitate
2086 3584 2116 3621 e

2260 3587 2340 3626 τις
2361 3571 2575 3638 πικρίας
2606 3565 2652 3617 ἐν
2674 3567 2944 3624 λεπτότητι
2966 3571 3055 3619 καὶ
3083 3564 3343 3638 βαθύτητι
3360 3568 3728 3637 τυγχάνουσα,
3764 3566 3867 3618 εἰσ-

493 3656 897 3730 profunditate
937 3652 1293 3713 consistens,
1328 3653 1663 3720 ingressum
1704 3653 1878 3718 intro,
1914 3670 2124 3725 pascua

2262 3655 2483 3706 ελθοῦσα
2512 3651 2677 3719 ἔνδον,
2724 3657 2818 3715 τὰς
2879 3657 3038 3726 νομὰς
3078 3662 3172 3715 τῆς
3224 3654 3412 3725 ψυχῆς
3459 3658 3747 3726 κατέσχεν,
3778 3656 3862 3715 ἕως

492 3746 711 3803 animae
750 3741 1083 3811 occupavit,
1119 3755 1307 3809 usque
1338 3741 1415 3795 ad
1448 3740 1569 3795 ima
1595 3742 1723 3810 ejus
1749 3744 2123 3813 receptacula

2259 3752 2359 3796 τῶν
2396 3741 2701 3815 βαθυτάτων
2768 3742 2933 3804 αὐτῆς
2996 3748 3243 3815 ταμείων,
3302 3746 3533 3815 Τοιούτῳ
3590 3740 3652 3797 δε
3692 3748 3856 3818 τρόπῳ

497 3838 659 3891 Hunc
698 3838 894 3888 autem
928 3832 984 3885 in
1012 3830 1259 3884 modum
1295 3829 1764 3885 assimilabimus
1794 3831 2067 3887 animam
2094 3849 2125 3887 e

2260 3835 2641 3905 παρεικάσομεν
2704 3837 2796 3891 τὴν
2848 3832 3035 3904 ψυχὴν
3080 3838 3169 3885 καὶ
3228 3838 3320 3891 τὴν
3361 3833 3643 3906 ἁμαρτίαν,
3702 3840 3862 3905 μιγεῐο

488 3928 803 3996 peccatum
825 3918 1531 3991 permistum,perindeac
1545 3920 1590 3973 si
1608 3920 1872 3975 sitarbor
1890 3921 2119 3991 ingens,

2262 3942 2379 3990 σαν,
2422 3926 2595 3994 ὥσπερ
2647 3922 2766 3974 ὅταν
2822 3922 2853 3993 ᾖ
2909 3918 3127 3996 δένδρον
3183 3926 3451 3994 μέγιστον,
3495 3924 3620 3993 ἔχον
3648 3923 3870 3985 πολλοὺς

492 4031 627 4087 quae
658 4012 879 4069 habeat
906 4009 1127 4064 multos
1161 4007 1613 4075 ramos,habeat
1642 4025 1885 4081 quoque
1916 4011 2123 4067 radice:

2256 4012 2452 4073 κλῶνας
2487 4032 2499 4044 ο
2534 4014 2634 4083 ἔχῃ
2674 4006 2733 4064 δὲ
2762 4016 2852 4063 καὶ
2883 4013 2970 4071 τὰς
3000 4012 3155 4085 ῥίζας
3202 4012 3250 4063 ἐν
3302 4018 3409 4073 τοῖς
3450 4009 3741 4084 βαθυτάτοι
3772 4018 3868 4073 τῆς

493 4101 800 4175 profunda
833 4106 998 4155 terrae
1030 4097 1377 4152 inlixaszsic
1393 4113 1635 4168 quoque
1654 4114 1878 4169 pascua
1910 4099 2120 4156 intimo

2255 4110 2351 4172 γῆς
2384 4120 2396 4133 ο
2432 4101 2591 4160 οὕτως
2646 4102 2739 4162 τὰς
2808 4103 2968 4171 νομὰς
3006 4108 3105 4152 τῶν
3157 4098 3466 4172 βαθυτάτων
3530 4108 3621 4161 τῆς
3677 4100 3868 4171 ψυχῆς

490 4209 625 4250 rum
641 4186 1379 4259 animaereceptaculorum
1398 4187 1494 4240 ubi
1512 4194 1829 4256 penetrans
1844 4196 2121 4259 peccatum

2256 4194 2479 4260 ταμείων
2511 4191 2540 4247 ἠ
2574 4189 2907 4263 παρελθοῦσα
2957 4188 3188 4262 ἁμαρτία
3228 4197 3607 4261 κατασχοῦσα,
3664 4189 3712 4241 ἐν
3742 4208 3860 4241 συν-

493 4281 827 4352 occupavit,
848 4280 905 4333 in
937 4276 1434 4331 consuetudinem
1463 4276 1585 4330 abit
1605 4283 1659 4330 et
1680 4279 2120 4347 praeoccupatio

2256 4281 2406 4350 ηθείᾳ
2462 4283 2637 4350 γέγονε
2693 4283 2782 4330 καὶ
2830 4278 3106 4351 προλήψει,
3176 4278 3373 4350 ἑκάστῳ
3420 4282 3655 4338 νηπιὸθεν
3718 4296 3840 4329 συν-

491 4386 796 4435 nem,cum
814 4364 1267 4438 unoquoque‘ab
1282 4364 1531 4419 infantia
1552 4365 1729 4420 simul
1750 4372 2122 4437 augmentun

1802 4372 2143 4437 ngentum
2255 4368 2595 4439 αυξανομένη,
2628 4372 2717 4420 καὶ
2745 4370 2811 4420 τὰ
2838 4370 2977 4420 κακὰ
3014 4364 3433 4421 ἐκδιδάσκουσα.

497 4474 745 4515 sumens
773 4462 1177 4519 conversatur,
1210 4460 1267 4507 et
1297 4453 1435 4507 vitia
1464 4453 1692 4508 edocet.
2177 4473 2218 4527 υ

568 4550 630 4603 ll.
650 4548 910 4617 Ubiergo
924 4545 1125 4617 gratiae
1156 4543 1371 4597 divinae
1400 4542 2142 4600 etﬁcaciaobumbraverit

2328 4545 2396 4598 B’.
2432 4546 2590 4597 Ἐπὰν
2620 4549 2790 4597 τοίνυν
2837 4548 3062 4619 χάριτος
3113 4548 3251 4608 θείας
3308 4545 3532 4618 ἐνέργεια
3557 4546 3846 4620 ἑπισκιοὶσῃ

494 4640 713 4695 animae
729 4652 836 4708 pro
851 4634 1033 4689 modo
1048 4633 1519 4703 uniuscujusque
1536 4632 1727 4697 ﬁdei,a
1740 4636 1875 4703 tque
1888 4633 2125 4703 desupel

2254 4644 2314 4707 τῇ
2348 4634 2502 4707 ψυχῇ
2559 4638 2694 4686 κατὰ
2736 4640 2793 4688 τὸ
2824 4640 3008 4708 μέτρον
3062 4642 3153 4708 τῇς
3202 4634 3426 4688 ἑκάστου
3469 4640 3707 4701 πίστεως,
3759 4642 3851 4689 καὶ

494 4727 783 4785 auxilium
799 4720 1313 4794 receperit,adhuc
1326 4721 1530 4792 aliqua
1560 4721 1616 4775 in
1636 4727 1803 4792 parte
1818 4721 2118 4777 adumbra

2254 4721 2474 4787 δέξηται
2535 4725 2724 4777 ἄνωθεν
2776 4722 3047 4796 βοήθειαν,
3098 4723 3269 4797 ἀκμὴν
3322 4723 3370 4777 ἐν
3408 4730 3552 4799 μέρει
3607 4731 3710 4778 τινὶ
3760 4724 3852 4779 ἐπ·-

494 4818 706 4887 gratia.
741 4818 818 4869 Ne
845 4827 986 4881 ergo
1036 4810 1337 4865 arbitreris
1366 4812 1715 4881 quempiam
1765 4815 1886 4865 tota
1939 4812 2125 4865 anima

2257 4819 2496 4865 εσκίασεν
2555 4816 2584 4870 ἡ
2640 4817 2820 4885 χάρις.
2889 4818 2973 4871 Μὴ
3033 4817 3223 4886 νομίσῃ
3285 4810 3372 4866 οὖν
3421 4834 3523 4880 τις,
3573 4813 3694 4873 ὃλην
3758 4820 3850 4874 τήν

494 4921 621 4960 esse
658 4902 1057 4957 illuminatum
1094 4918 1105 4954 :
1141 4900 1339 4954 adhuc
1385 4899 1636 4953 multum
1688 4899 1978 4969 pabulum
2021 4900 2119 4954 viti

2250 4902 2435 4973 ψυχὴν
2488 4907 2809 4974 πεφώτισται
2840 4919 2855 4934 ο
2924 4901 3095 4974 ἀκμὴν
3139 4902 3297 4961 πολλὴ
3347 4908 3475 4974 νομὴ
3537 4910 3632 4965 τῆς
3671 4905 3852 4965 κακίας

495 4996 653 5048 intus
707 4992 864 5053 latet,
900 5003 1259 5059 summoque
1306 4988 1512 5041 labore
1568 4989 1792 5057 indiget
1840 4988 2045 5052 homo,
2088 5006 2117 5042 e

2252 4988 2396 5043 ἔνδον
2451 4993 2580 5053 ἐστὶ,
2640 4996 2729 5043 καὶ
2796 4991 2983 5043 πολλοῦ
3033 4996 3189 5043 πὸνου
3237 4997 3398 5066 χρεία
3460 4997 3550 5045 καὶ
3615 4995 3850 5066 καμάτου

494 5079 936 5149 defatigatione,
959 5094 1094 5149 quae
1128 5076 1452 5132 consentiat
1497 5078 1725 5132 collatae
1755 5077 1870 5147 ipsi
1903 5079 2125 5146 gratiae.

2254 5088 2325 5151 τῷ
2386 5078 2638 5153 ἀνθρώπῳ
2693 5087 3085 5152 συμφωνοῦντος
3136 5088 3198 5153 τῇ
3256 5085 3387 5155 πρὸς
3439 5080 3595 5133 αὑτὸν
3646 5084 3851 5155 χάριτι.

494 5176 809 5242 Propterea
835 5168 994 5223 enim
1025 5166 1423 5237 particulatim
1465 5167 1669 5237 incipit
1709 5166 1913 5222 divina
1951 5168 2125 5236 gratia

2254 5174 2345 5221 Δια
2385 5176 2533 5220 τοῦτο
2585 5171 2685 5244 γὰρ
2727 5174 2817 5221 καὶ
2879 5168 2978 5220 ἀπὸ
3019 5174 3207 5244 μέρους
3260 5170 3451 5243 ἤρξατο
3488 5171 3518 5227 ἡ
3557 5172 3669 5223 θεία
3696 5174 3857 5245 χάρις

491 5261 815 5320 adventare
872 5258 929 5311 in
957 5256 1245 5321 animam,
1276 5272 1407 5325 qua:
1451 5255 1540 5309 vel
1573 5256 1749 5309 unius
1804 5256 1964 5310 horae
2018 5272 2117 5311 mo

2252 5260 2516 5330 ἑπιφοιτᾷν
2573 5265 2635 5331 τῇ
2695 5257 2872 5331 ψυχῇ,
2936 5255 3194 5331 δυναμένη
3238 5260 3372 5334 ῥοπῇ
3434 5262 3573 5334 ὧρας
3625 5263 3711 5312 τὸν
3772 5280 3859 5313 αν-

493 5355 697 5408 mento
724 5346 911 5419 possit
932 5346 1261 5410 hominem,
1285 5343 1385 5398 ubi
1415 5345 1757 5413 cxpurgarit
1786 5344 2124 5417 eum,perfe-

2257 5349 2461 5423 θρωπον
2505 5349 2844 5419 καθαρίσασα
2900 5347 3190 5405 τελειῶσαι.
3246 5347 3381 5401 Ἀλλ’
3442 5348 3527 5400 ἵνα
3583 5345 3852 5422 δοκιμάσῂ

492 5449 654 5498 ctum
686 5436 933 5492 reddere
962 5452 974 5501 ;
1012 5448 1215 5488 verum
1250 5431 2117 5503 utprobetintentionemhomi

2254 5441 2347 5494 τὴν
2397 5446 2672 5511 πραίρεσιν
2719 5444 2809 5489 τοῦ
2865 5436 3158 5509 ἀνθρώπου,
3226 5436 3269 5489 εἰ
3322 5441 3415 5496 τὴν
3470 5436 3679 5509 ἀγάπην
3727 5442 3860 5511 πρὸς

490 5530 690 5596 nis,an
720 5523 1102 5582 dilectionem
1121 5537 1262 5592 erga
1292 5524 1477 5581 Deum
1500 5518 1789 5593 integram
1813 5527 2119 5579 conservet

2255 5530 2384 5580 Θεὸν
2416 5525 2693 5602 ὁλόκληρον
2733 5524 3017 5593 ἀποσώζει,
3057 5530 3129 5599 μὴ
3174 5522 3484 5587 συνδυάζων
3528 5534 3599 5598 τῷ
3645 5535 3861 5603 πονηρῷ

567 5683 610 5721 ⁸³
641 5677 813 5735 Ecch.
846 5691 979 5747 xw,
1010 5676 1093 5731 18.
