4130 6286
304 351 418 412 769

1572 355 1945 419 HOMILIE.
1992 308 2071 404 ε-
2113 356 2305 423 HOM.
2352 361 2537 424 XLII.

3696 374 3815 435 770

293 483 346 539 ἐν
403 480 597 556 μηδενῖ
651 478 781 539 ἀλλ’
836 481 967 563 ὅλον
1024 487 1093 559 τῇ
1141 482 1327 561 χάριτι
1378 483 1562 542 ἑαυτὸν
1590 484 1871 552 ἐκδιδούςο
1911 491 1999 544 καὶ

2120 492 2276 548 nullo
2306 511 2541 565 prorsus
2572 494 2771 553 habito
2800 498 3147 556 commercio
3178 516 3312 557 cum
3352 501 3653 576 improbo;
3704 508 3807 565 sed

294 570 464 635 ἐῧτως
514 570 881 645 εὐδοκιμοῦσα
922 575 958 642 ἦ
1007 575 1163 651 ψυχή
1221 575 1441 649 χρόνοις
1496 577 1589 630 καὶ
1628 583 1863 653 καιροῖς,
1911 577 2001 633 καὶ

296 662 396 730 τήν
468 660 629 735 χάριν
683 659 735 713 ἐν
800 658 995 733 μηδενὶ
1074 659 1338 735 λυποῦσα,
1413 664 1553 737 μήτε
1625 661 2002 738 ἐνυϐρίζουσα,

301 749 360 804 ἐκ
398 753 492 803 τοῦ
548 751 665 804 κατ’
713 748 906 824 ὀλίγου
969 752 1270 826 βοηθεῖται.
1331 752 1427 806 Καὶ
1487 753 1622 822 αὐτή
1659 751 1716 809 δὲ
1754 756 1788 824 ἡ
1840 756 2003 831 χάρις

302 840 478 911 νομήν
512 834 781 912 λαμϐάνει
812 838 864 893 ἐν
909 838 977 914 τῇ
1006 843 1184 915 ψυχῇ,
1234 840 1321 895 καὶ
1370 837 1474 904 ἓως
1533 846 1641 897 τῶν
1688 845 2002 917 βαθυτάτων

292 931 473 998 ἀὐτῆς
540 935 722 1002 μερῶν
770 930 858 985 καὶ
930 927 1303 1006 διαλογισμῶν
1364 931 1629 1007 ῥιζοῦται,
1688 933 1740 988 ἐν
1789 939 2007 1009 καιροῖς

298 1018 545 1074 πλείοσιν
606 1016 1007 1092 εὖδοκιμοὺσης
1058 1020 1147 1074 καὶ
1206 1022 1607 1096 συμφωνοὺσης
1669 1030 1769 1092 τῆς
1819 1026 2003 1099 ψυχῆς

296 1112 364 1181 τῇ
420 1108 656 1183 χάριτι·
709 1102 813 1172 ἕως
866 1108 926 1163 οῦ
966 1107 1071 1179 ὅλη
1129 1110 1164 1178 ἡ
1225 1110 1380 1184 ψυχὴ
1412 1108 1730 1185 περιληφθῇ
1771 1112 1872 1167 ὑπὸ
1903 1120 2003 1182 τῆς

296 1196 620 1274 ἒπουρανίου
674 1199 926 1275 χάριτος,
990 1198 1184 1254 λοιπὸν
1268 1198 1670 1274 βασιλευούσης
1737 1200 1787 1256 ἐν
1857 1202 2006 1276 αὐτῷ

296 1287 377 1360 τῷ
407 1287 602 1343 σκεύει.

374 1473 442 1523 Γ’.
495 1467 619 1522 Ἐὰν
678 1463 737 1522 δέ
794 1487 877 1529 τις
937 1466 1093 1542 μή
1144 1465 1195 1522 ἐν
1258 1468 1724 1546 ταπεινοφροσύνῃ
1792 1467 2002 1544 πολλῇ,

303 1553 663 1627 παραδίδοται
733 1558 892 1620 οὗτος
964 1561 1045 1629 τῷ
1124 1562 1356 1629 Σατανᾷ,
1431 1560 1521 1613 καὶ
1593 1560 2005 1634 ἀπογυμνοῦται

304 1653 406 1716 τῆς
455 1646 591 1721 πρὸς
640 1647 799 1701 αὑτὸν
840 1645 1129 1722 γενομένης
1178 1647 1323 1711 θείας
1368 1647 1620 1724 χάριτος,
1669 1650 1758 1704 καὶ
1813 1650 2003 1723 πειρά-

305 1743 453 1806 ζεται
483 1735 534 1790 ἐν
577 1736 792 1811 θλίψεσι
830 1734 1092 1807 πολλαῖς,
1141 1735 1231 1791 καί
1277 1737 1401 1793 τότε
1457 1743 1780 1817 φανεροῦται
1838 1740 2005 1794 αὑτοῦ

302 1829 338 1895 ἠ
389 1825 592 1896 οἷήσις,
624 1826 709 1881 ὅτι
754 1828 958 1902 γυμνὸς
1015 1828 1106 1882 καὶ
1143 1826 1495 1901 ταλαίπωρος
1539 1829 1799 1907 ὑπάρχει.
1833 1828 2004 1905 Ὀφεί-
2039 1870 2084 1935 Β

303 1914 323 1935 η
472 1913 495 1935 τ
595 1916 608 1935 ε
728 1919 741 1935 ι
862 1921 888 1933 ..
1007 1919 1034 1931 υ
1147 1917 1161 1935 1
1380 1915 1409 1927 ς-
1446 1924 1477 1935 ,.
1546 1921 1571 1932 ..
1609 1916 1624 1935 .
1769 1916 1877 1935 ης..

303 1914 387 1971 λει
437 1913 528 1970 οὖν
587 1916 616 1970 ὁ
675 1919 932 1971 πλουτῶν
970 1919 1037 1990 τῇ
1088 1917 1279 1991 χάριτι
1315 1915 1412 1971 τοῦ
1442 1921 1575 1972 Θεοῦ
1606 1916 1657 1972 ἐν
1691 1916 1880 1992 πολλῇ
1909 1940 2007 1973 τα-

300 2005 696 2083 πεινοφροσύνῃ
756 2005 848 2060 καὶ
894 2009 1218 2079 συντριμμῷ
1285 2002 1508 2079 καρδίας
1569 2007 1859 2081 ὑπάρχειν,
1916 2008 2003 2062 καὶ

307 2097 382 2158 ὡς
435 2096 660 2171 πτωχὸν
689 2094 782 2149 καὶ
839 2092 1009 2168 Mat»
1052 2091 1252 2170 ἔχοντα
1291 2095 1478 2149 ἑαυτὸν
1504 2097 1757 2171 ἡγεῖσθαι
1791 2117 1803 2130 ·
1835 2095 2010 2151 ἀλλό-

304 2206 455 2262 τριον
511 2186 679 2241 αὐτοῦ
739 2186 874 2256 ἐστι,
922 2185 1012 2240 καὶ
1067 2183 1240 2247 ἄλλος
1296 2180 1495 2240 ἔδωκεν
1537 2185 1701 2258 αὐτῷ,
1760 2187 1851 2241 καὶ
1920 2188 2009 2243 ὅτε

309 2273 570 2352 βούλεται
618 2273 761 2349 αἶ’ρει
818 2274 969 2331 αὑτό.
1038 2278 1095 2329 '0
1144 2274 1317 2336 οὕτως
1359 2276 1627 2330 ταπεινῶν
1682 2275 1869 2331 ἑαυτὸν
1920 2274 2008 2331 ἐπὶ

311 2370 444 2421 Θεοῦ
501 2366 592 2421 καὶ
651 2365 976 2440 ἀνθρώπων,
1029 2363 1249 2419 δύναται
1310 2362 1634 2443 διαφυλάξαι
1708 2365 1805 2432 τὴν
1873 2366 2009 2439 πρὸς

309 2456 472 2511 αὐτὸν
529 2452 820 2529 γενομένην
886 2453 1069 2529 χάριν,
1125 2454 1306 2517 καθὼς
1376 2474 1552 2530 φησιν.
1614 2458 1670 2508 '0
1739 2459 2007 2510 ταπεινῶν

308 2551 497 2606 ἑαυτὸν
549 2551 931 2624 ὑψωθήσεται’
982 2550 1175 2625 καίπερ
1242 2547 1317 2603 ὢν
1367 2547 1619 2611 ἐκλεκτὸς
1678 2553 1835 2620 Θεοῦ,
1883 2550 2011 2623 παρ’

305 2641 478 2712 ἑαυτῷ
536 2637 1109 2714 ἀποδεδοκιμασμένοις
1164 2635 1324 2708 ἤτω·
1384 2637 1473 2693 καὶ
1524 2636 1598 2693 ὢν
1659 2639 1871 2708 πιστὸς,
1932 2638 2006 2700 ὡς

301 2731 517 2803 ἀνάξιον
568 2731 753 2785 ἑαυτὸν
826 2729 1091 2804 ἡγείσθω.
1167 2732 1425 2783 Τοιαῦται
1504 2730 1605 2803 γὰρ
1684 2729 1855 2802 ψυχαὶ
1918 2726 2005 2782 su-

299 2824 580 2895 αρεστοῦσι
640 2824 781 2892 Θεῷ,
838 2824 927 2874 καί
986 2821 1379 2889 ζωοποιοῦνται
1424 2816 1475 2873 ἐν
1502 2815 1742 2891 Χριστῷ,
1773 2818 1819 2890 ᾧ
1846 2818 1881 2887 ἡ
1915 2813 2005 2871 δό·

299 2910 360 2981 ξα
386 2910 473 2965 καὶ
503 2910 566 2965 τὸ
596 2909 794 2984 κράτος
834 2908 909 2970 εἰς
934 2909 1060 2970 τοὺς
1098 2906 1321 2970 αἰῶνας.
1359 2908 1558 2981 Ἃμήν.

941 3018 1190 3073 ΟΜΙΛῙΑ
1232 3015 1365 3071 ΜΒ“.

304 3110 395 3178 Μὴ
468 3107 536 3163 τὰ
600 3104 817 3178 ἔξωθεν,
877 3102 1023 3159 ἀλλὰ
1084 3103 1151 3178 τᾷ
1191 3100 1417 3178 ,ἔνδοθεν
1466 3101 1700 3178 ’προάγει
1838 3101 2003 3178 *βλά-

375 3172 496 3236 πτει
569 3172 681 3250 τὸν,
740 3172 1359 3250 ἅνθρωπονηδηλαδή.
1428 3172 1528 3228 τὸ’
1581 3172 1681 3242 τῆς
1776 3172 2006 3250 χάριτος

380 3254 622 3323 Πνεῦμα,
652 3248 689 3317 ἢ
719 3249 782 3302 τὸ
804 3243 1011 3320 πνεῦμα
1032 3246 1131 3313 τῆς
1160 3243 1448 3319 πονηρίας.

376 3358 457 3413 Α“.
508 3358 710 3429 Ὥσπερ
768 3352 855 3407 ἐὰν
910 3351 1135 3426 ᾔπόλις
1173 3350 1408 3427 μεγάλη,
1459 3348 1665 3425 ἔρημος
1716 3347 1773 3405 δὲ
1896 3356 2003 3406 τῶν

304 3443 535 3519 τειχέων
580 3439 1013 3515 διαλελυμένων,
1043 3439 1134 3495 καὶ
1186 3440 1288 3494 ὑπὸ
1324 3438 1536 3514 ἐχθρῶν
1598 3436 1807 3516 ληφθῇ,
1847 3436 2001 3494 οὐδὲν

301 3542 402 3605 τῆς
466 3531 895 3608 μεγαλειότητος
960 3526 1159 3608 ὄφελος
1202 3546 1218 3563 ’
1270 3528 1532 3599 ζητητέον
1580 3526 1670 3582 οῦν
1720 3529 1809 3583 καὶ
1860 3530 2003 3604 [alii

299 3622 454 3695 κατὰ]
513 3621 575 3676 τὸ
637 3620 885 3693 μέγεθος,
943 3615 1039 3672 ’ἱνα
1090 3610 1194 3692 ἔχῃ
1255 3615 1344 3669 καὶ
1374 3615 1536 3690 τείχη
1570 3613 1748 3690 όχῦρέι
1776 3617 1913 3688 πρὸς
1939 3617 2001 3671 τὸ

303 3712 378 3786 μή
431 3711 556 3772 τοὺς
618 3706 849 3782 ἐχθροὺς
908 3705 1175 3761 εἰσιέναι·
1237 3706 1382 3759 οὕτω
1438 3700 1505 3772 δὴ
1563 3703 1652 3758 καὶ
1704 3705 1879 3779 ψυχαὶ
1946 3706 2002 3758 αἱ

295 3797 706 3872 κεκοσμημέναι
761 3796 955 3872 γνώσει
1009 3795 1100 3849 καὶ
1150 3794 1377 3863 συνέσει,
1436 3794 1524 3847 καὶ
1582 3796 1657 3864 νῷ
1740 3793 2000 3866 ὀξυτάτῳ,

298 3890 372 3953 ὡς
432 3888 623 3949 πόλεις
682 3885 785 3941 είσι
854 3882 1110 3959 μεγάλαι.
1172 3880 1349 3939 Ἀλλᾶ
1404 3882 1691 3952 ξητητέον,
1752 3881 1796 3935 εἰ
1852 3882 2002 3956 ὡχῦ-

303 3999 502 4054 ρωνται
549 3982 618 4050 τῇ
675 3974 900 4049 δυνάμει
953 3975 1049 4030 τοῦ
1082 3972 1415 4044 Πνεῦματος,
1452 3974 1667 4045 μήποτε
1709 3972 1760 4027 οἷ
1809 3970 2004 4051 ἐχθροῖ

301 4067 636 4127 εἰσελθόντες
691 4065 1052 4139 ἐρημώσωσιν
1096 4062 1278 4122 αὐτάς.
1311 4062 1375 4114 Oi.
1419 4062 1522 4136 γὰρ
1571 4062 1728 4134 σοφοὶ
1779 4065 1874 4115 τοῦ
1915 4061 2006 4117 κό-

303 4179 466 4231 σμου.
524 4151 936 4229 Ἀριστοτέλης,
996 4152 1031 4225 ᾔ
1093 4148 1341 4214 Πλάτων,
1399 4149 1435 4221 ᾗ
1497 4149 1816 4223 Σωκράτης,
1876 4148 2004 4225 φρὸ.

298 4268 450 4320 νιμοι
509 4241 658 4306 ὄντες
720 4241 772 4297 ἐν
821 4240 1043 4315 γνώσει,
1076 4236 1259 4312 ὥσπερ
1297 4236 1486 4300 πόλεις
1556 4236 1787 4311 μεγάλαι
1854 4236 2004 4313 ἐτύγ-

298 4356 487 4412 χανοι,
521 4332 647 4389 ἁλλ’
678 4325 878 4407 ἔρημοι
909 4330 1045 4398 ἦσαν
1082 4328 1186 4383 ὑπό
1218 4325 1454 4402 ἐχθρῶν,
1486 4322 1574 4381 διὰ
1610 4326 1673 4381 τὸ
1734 4327 1810 4399 μή
1866 4328 2002 4381 εἶναι

298 4430 518 4498 Πνεῦμα
548 4426 683 4478 Θεοῦ
716 4420 767 4476 ἐν
802 4420 1007 4481 αὐτοῖς.

369 4515 446 4572 Β’,
506 4516 662 4568 Ὅσοι
724 4507 780 4563 δέ
838 4507 969 4563 εἰσιν
1027 4504 1243 4562 ἰδιῶται
1301 4504 1540 4579 μέτπχοι
1594 4507 1692 4574 τῆς
1752 4506 2001 4580 χάριτος,
2082 4522 2089 4530 .

2112 585 2298 638 totum
2330 585 2527 655 gratiis
2559 601 2619 642 se
2666 586 2861 657 ipsum
2912 589 3151 644 tradat:
3203 589 3428 663 hocque
3474 599 3639 663 pacto
3672 612 3802 669 pro-

2114 670 2249 726 hata
2296 676 2556 745 tempore
2599 682 2653 731 et
2701 677 3132 747 opportunitate
3178 679 3394 750 anima,
3441 684 3810 757 gratiamque

2111 758 2172 813 in
2204 759 2368 815 nulla
2398 778 2635 833 prorsus
2666 780 2726 820 re
2756 766 3133 835 contristans,
3166 784 3269 824 nec
3302 768 3423 825 ulla
3444 773 3812 829 oontumulia

2113 849 2396 918 afﬁciens,
2439 869 2473 907 a
2507 854 2730 909 modico
2779 859 3016 928 sumpto
3056 856 3222 913 initio
3274 858 3558 916 auxilium
3608 878 3812 918 conse-

2113 938 2334 1010 quitur.
2368 941 2499 1013 Ipsa
2529 959 2758 1015 quoque
2795 946 2985 1016 gratia
3025 951 3254 1018 pastum
3290 948 3346 1003 in
3382 950 3576 1008 anima
3618 953 3813 1021 sumit,

2113 1033 2169 1084 et
2198 1030 2266 1084 ad
2301 1032 2805 1101 profundussimas
2847 1052 3032 1106 usque
3075 1037 3205 1108 ejus
3252 1043 3445 1107 partes
3494 1049 3547 1095 et
3595 1043 3818 1113 cogita-

2113 1118 2303 1173 tiones
2349 1121 2594 1188 radices,
2631 1122 2832 1189 mittit,
2870 1139 3005 1179 cum
3058 1124 3118 1180 in
3152 1126 3353 1181 multis
3401 1129 3813 1187 occasionibus

2112 1208 2355 1279 probata
2386 1210 2483 1275 sil,
2517 1214 2574 1266 et
2621 1212 2990 1269 consentiens
3036 1216 3233 1286 gratia:
3265 1220 3322 1271 et
3361 1217 3577 1285 anima,
3628 1220 3816 1275 donec

2110 1299 2233 1352 tota
2262 1297 2461 1354 anima
2511 1298 2784 1371 absorpta
2836 1306 2923 1357 est
2964 1319 2998 1357 a
3028 1304 3246 1360 caelesti
3286 1306 3492 1376 gratia,
3553 1312 3812 1378 postmo-

2113 1385 2256 1440 dum
2285 1386 2343 1441 in
2376 1386 2502 1457 ipso
2531 1404 2666 1444 vase
2696 1394 3000 1461 regnante.

2182 1476 2284 1533 III.
2317 1477 2476 1541 Quod
2519 1478 2568 1533 si
2598 1495 2731 1534 vero
2780 1480 2913 1550 quis
2948 1497 3059 1536 non
3089 1482 3373 1538 studuerit
3414 1500 3661 1541 summae
3710 1486 3819 1542 hu-

2114 1564 2371 1633 militati,
2420 1565 2666 1622 traditur
2698 1568 2809 1623 iste
2859 1569 3108 1635 Satanae,
3144 1576 3199 1625 et
3255 1572 3586 1628 denudatus
3618 1575 3817 1631 divina

2115 1652 2225 1708 sibi
2257 1654 2461 1710 collata
2490 1659 2696 1726 gratia,
2728 1662 2991 1713 tentatur
3021 1659 3440 1716 afﬂictionibus
3482 1662 3679 1719 multis
3708 1681 3723 1731 ;
3755 1669 3813 1721 et

2113 1744 2240 1796 tum
2296 1744 2704 1800 manifestatur
2747 1746 2874 1816 ejus
2923 1748 3294 1816 existimatio,
3328 1751 3483 1821 quod
3533 1754 3732 1807 nudus
3762 1758 3820 1807 et

2114 1847 2477 1888 mrumnusus
2520 1834 2616 1889 sit.
2655 1835 2828 1891 Debet
2874 1852 3032 1907 ergo,
3064 1838 3162 1909 qui
3196 1839 3453 1909 locuples
3507 1846 3597 1896 est
3625 1843 3819 1913 gratia

2113 1921 2330 1990 divina,
2360 1922 2419 1977 in
2478 1922 2655 1978 multa
2733 1923 3061 1981 humilitate
3110 1933 3167 1983 et
3238 1931 3583 1985 contritione
3630 1931 3819 1987 cordis

2114 2009 2355 2077 versari,
2431 2015 2487 2067 et
2545 2011 2700 2067 velut
2758 2029 3074 2084 pauperem
3148 2032 3214 2070 ac
3284 2016 3428 2072 nihil
3504 2017 3815 2075 habentem

2117 2099 2270 2154 136
2329 2116 2392 2154 se
2457 2099 2655 2170 ipsum
2728 2101 3095 2171 existimare;
3160 2103 3413 2161 alienum
3495 2109 3584 2163 est
3656 2110 3815 2179 quod

2115 2185 2311 2256 habet,
2345 2188 2614 2260 aliusque
2652 2190 2764 2245 sibi
2805 2190 2984 2257 dedit,
3044 2197 3103 2248 et
3153 2195 3387 2263 quando
3427 2195 3573 2260 vult,
3629 2196 3818 2252 aufert

2115 2275 2283 2331 illud.
2317 2276 2560 2342 Quihoe
2603 2289 2765 2347 pacto
2797 2295 2859 2334 se
2907 2279 3100 2350 ipsum
3148 2281 3445 2352 humiliat,
3490 2292 3603 2340 tam
3655 2287 3809 2356 apud

2118 2368 2301 2423 Deum
2360 2385 2535 2441 quam
2594 2370 2880 2439 homines,
2932 2380 3116 2441 potest
3163 2389 3501 2430 conservare
3553 2374 3817 2431 collatam

2116 2456 2229 2512 sibi
2261 2458 2527 2529 gratiam,
2562 2464 2626 2514 ut
2647 2459 2838 2531 inquit
2869 2478 2882 2515 :
2920 2461 3027 2529 Qui
3044 2478 3098 2517 se
3128 2462 3420 2531 humiliat,
3452 2465 3813 2519 multabitur.

2115 2550 2187 2601 Et
2236 2548 2500 2618 quamvis
2549 2547 2628 2603 sit
2674 2548 2892 2605 electus
2958 2550 3074 2617 Dei,
3134 2553 3288 2622 apud
3343 2569 3407 2607 se
3464 2556 3816 2623 reprobatus

2115 2642 2235 2691 esto
2269 2652 2282 2695 :
2317 2637 2587 2707 quamvis
2619 2636 2695 2692 sit
2746 2638 2954 2707 ﬁdelis,
2988 2639 3143 2694 velut
3173 2640 3478 2710 indignum
3527 2658 3589 2698 se
3621 2642 3812 2712 ipsum

2116 2728 2359 2795 reputet.
2413 2726 2712 2796 Ejusmodi
2779 2728 2935 2783 enim
2999 2728 3207 2783 animae
3262 2730 3371 2784 Deo
3444 2747 3820 2803 summopere

2115 2812 2364 2883 placent,
2396 2817 2452 2869 et
2499 2814 2866 2870 vivificantur
2914 2832 3015 2888 per
3043 2815 3357 2872 Christum.
3392 2817 3497 2873 Cui
3546 2819 3733 2891 gloria
3763 2822 3820 2875 et

2114 2902 2374 2973 potentia
2400 2903 2459 2957 in
2490 2904 2721 2961 saecula.
2752 2906 2954 2961 Amen.

2710 3010 3020 3066 HOMILIA
3048 3012 3223 3067 XLII.

2114 3099 2235 3171 Non
2292 3104 2548 3167 externa,
2620 3099 2710 3154 sed
2761 3104 2986 3155 interna
3048 3108 3367 3171 promovent
3437 3111 3538 3158 aut
3604 3101 3822 3160 [edunt

2188 3169 2486 3245 hominem,
2564 3171 2732 3226 veluti
2826 3169 3060 3242 Spiritus
3123 3174 3340 3243 gratiae.
3436 3178 3536 3229 aut
3588 3175 3821 3245 spiritus

2187 3240 2462 3311 nequitiae.

2190 3346 2231 3403 l.
2253 3348 2755 3413 Quemadmodum
2788 3350 2837 3405 si
2872 3350 3044 3406 fuerit
3074 3350 3210 3407 urbs
3264 3351 3493 3425 ingens,
3526 3369 3710 3425 eaque
3742 3355 3819 3409 sit

2117 3438 2363 3506 deserta,
2393 3437 2577 3494 muris
2609 3439 2874 3496 videlicet
2904 3439 3224 3511 dissolutis,
3257 3446 3426 3513 atque
3446 3442 3517 3498 ab
3551 3443 3817 3499 hostibus

2116 3532 2305 3599 capta,
2365 3527 2526 3583 nulla
2558 3528 2977 3598 magnitudinis
3007 3537 3092 3584 est
3114 3529 3334 3586 utilitas
3365 3547 3379 3589 :
3426 3532 3816 3601 expetendum

2114 3630 2251 3688 ergo
2294 3620 2353 3672 et
2404 3620 2610 3687 praeter
2656 3616 3143 3687 magnitudinem,
3194 3624 3260 3674 ut
3316 3618 3528 3676 habeat
3583 3636 3817 3692 quoque

2117 3718 2314 3759 muros
2353 3705 2579 3772 firmos,
2613 3718 2685 3760 ne
2718 3705 2909 3761 hostes
2941 3705 3220 3761 invadant
3253 3723 3265 3761 :
3310 3709 3395 3763 sic
3424 3723 3559 3763 sane
3586 3723 3818 3779 quoque

2114 3794 2657 3861 animae,exornata3
2709 3794 2954 3851 scientia
2982 3801 3041 3849 et
3092 3794 3416 3865 intellectu,
3460 3800 3522 3851 et
3582 3796 3814 3869 ingenio

2115 3885 2482 3950 acutissimo,
2504 3883 2665 3939 velut
2696 3900 2918 3956 magna:
2950 3890 3090 3940 sunt
3124 3886 3317 3941 urbes.
3352 3885 3633 3941 Caeterum
3663 3903 3816 3958 quen-

2116 3975 2385 4041 rendum,
2420 3990 2495 4029 an
2527 3973 2765 4028 munitae
2795 3974 2914 4029 sint
2932 3973 3146 4030 virtute
3170 3974 3442 4046 Spiritus,
3476 3991 3549 4030 ne
3579 3976 3815 4046 quando

2116 4063 2314 4119 hostes
2356 4061 2643 4117 irruentes
2724 4061 3063 4118 desoleutur
3117 4078 3237 4119 eas.
3296 4063 3597 4134 Sapientes
3654 4064 3812 4120 enim

2116 4151 2294 4222 hujus
2343 4150 2545 4205 mundi
2596 4149 2953 4219 Aristoteles,
3005 4150 3169 4207 Plato
3220 4152 3306 4207 vel
3353 4152 3641 4221 Socrates,
3713 4153 3814 4224 qui

2116 4255 2312 4296 rerum
2346 4237 2609 4293 notitiam
2669 4238 2973 4307 callebant,
3027 4238 3212 4295 instar
3257 4255 3603 4311 magnarum
3653 4245 3819 4296 erant

2115 4328 2343 4384 urbium
2371 4347 2385 4395 ;
2419 4341 2620 4381 verum
2651 4327 2855 4383 vastati
2887 4331 3054 4385 erant
3106 4329 3179 4383 ab
3227 4328 3519 4395 hostibus,
3550 4344 3618 4384 eo
3658 4331 3813 4399 quod

2116 4434 2231 4473 non
2255 4423 2406 4471 esset
2437 4414 2687 4485 Spiritus
2723 4414 2821 4470 Dei
2851 4415 2909 4470 in
2944 4416 3110 4487 ipsis.

2186 4506 2257 4561 II.
2319 4504 2663 4575 Quicunque
2718 4520 2850 4560 vero
2908 4520 2978 4559 ex
3048 4503 3244 4560 idiotis
3301 4504 3615 4576 participes
3683 4509 3818 4561 sunt

298 4602 479 4678 ὥσπερ
537 4600 728 4661 πόλεις
781 4596 970 4673 μικραί
1026 4596 1160 4652 εἰσιν
1219 4592 1589 4670 ὦχυρωμέναι
1646 4596 1714 4668 τῇ
1773 4591 1997 4667 δυνάμει

2120 4593 2327 4668 gratim,
2385 4591 2542 4648 velut
2600 4592 2775 4648 urbes
2845 4609 3033 4663 parva:
3091 4597 3250 4658 sunt,
3306 4592 3542 4647 munitae
3602 4591 3818 4649 virtute

295 4696 392 4748 τοῦ
451 4693 706 4763 σταυροῦ.
757 4687 1114 4743 Ἐκπίπτουσι
1165 4681 1223 4739 δὲ
1269 4690 1369 4752 τῆς
1417 4684 1647 4757 ’χάριτος
1712 4682 1821 4738 ἀπὸ
1906 4681 2001 4738 δύο

298 4779 663 4855 πραγμάτων,
710 4777 800 4831 καὶ
859 4774 1197 4831 ἀπόλλυνται
1231 4791 1246 4805 ·
1305 4772 1340 4847 ᾗ
1396 4772 1478 4827 ὅτι
1533 4774 1628 4835 τὰς
1685 4770 2005 4847 ἐπιφερομέ·

300 4890 396 4933 νας
453 4865 667 4940 θλίψεις
715 4865 823 4940 οὐχ
872 4864 1234 4937 ὑπομένουσιν
1413 4860 1495 4916 ὅτι
1544 4860 1744 4925 εἰςτὰς
1802 4859 2006 4931 ἡδονὰς

300 4966 400 5029 τῆς
468 4953 735 5032 ἁμαρτίας
794 4952 1161 5025 ἒνηδυνθεῖσαι
1229 4950 1518 5025 ἁπέμειναν
1583 4954 1701 5023 [alii
1786 4949 2005 5022 ἒνηδυν-

304 5053 466 5119 θῆναι
522 5044 835 5119 ὑπέμειναν]
868 5061 882 5076 ⁸
934 5042 995 5097 οὐ
1054 5040 1306 5097 δύνανται
1363 5042 1469 5118 γὰρ
1535 5042 1586 5096 οἱ
1672 5038 2004 5104 διοδεύοντες

306 5138 425 5194 ἄνευ
484 5137 805 5210 πειρασμῶν
868 5129 1126 5202 διελθεῖν,
1173 5132 1376 5203 ’Ὠσπερ
1434 5127 1492 5184 δὲ
1547 5127 1600 5184 ἒν
1655 5134 1734 5202 τῷ
1798 5134 2006 5202 τοκετῷ

303 5232 338 5299 ἡ
370 5230 655 5304 προσαῖτις
686 5222 776 5278 καὶ
816 5224 852 5292 ἡ
902 5218 1120 5296 βασιλὶς
1167 5220 1263 5280 τὰς
1304 5219 1465 5281 αὐτὰς
1522 5218 1719 5280 ὠδῖνας
1759 5213 2004 5294 ἔχουσιν,

300 5316 514 5390 ὁμοίως
544 5315 632 5370 καὶ
667 5315 703 5383 ἡ
737 5318 805 5386 γῆ
836 5313 932 5367 τοῦ
962 5307 1235 5364 πλουσίου
1263 5307 1355 5362 καὶ
1383 5310 1480 5362 τοῦ
1527 5306 1783 5377 πένητος,
1818 5308 1864 5362 εἱ
1926 5310 2001 5381 μή

298 5409 395 5476 τήν
430 5397 805 5477 δέουσανλάϐῃ
848 5397 1130 5476 [ἀρδείαν],
1161 5399 1225 5453 οὐ
1268 5395 1487 5453 δύναται
1533 5396 1774 5474 καρποὺς
1820 5397 2003 5466 ἀξίους

302 5496 528 5572 ἐνεγκεῖν
580 5516 593 5530 ο
656 5493 800 5550 οὕτω
847 5491 938 5546 καὶ
996 5488 1049 5545 ἓν
1104 5492 1172 5563 τῇ
1232 5486 1459 5566 ἐργασίᾳ
1514 5494 1613 5557 τῆς
1682 5490 1869 5562 ψυχῆς
1941 5487 2002 5542 οὐ

303 5583 490 5663 σοφός,
532 5583 595 5639 οὐ
649 5581 915 5645 πλούσιος
964 5578 1017 5635 ἒν
1052 5582 1121 5653 τῇ
1162 5577 1348 5654 χάριτι
1395 5575 1689 5652 βασιλεύει,
1731 5576 1779 5631 εἰ
1826 5578 1900 5650 μή
1935 5573 2003 5631 δι’

305 5679 612 5752 ὑπομονῆς,
656 5675 749 5733 καὶ
805 5673 1069 5747 θλίψεων,
1098 5668 1190 5724 καὶ
1242 5667 1502 5743 καμάτων
1545 5666 1805 5723 πολλῶν·
1845 5667 1874 5721 ὁ
1901 5665 2003 5744 γὰρ

621 5778 881 5838 ΡΛτιιοῐ..
928 5774 1038 5837 Gn.
1083 5768 1351 5836 XXXIV.

2112 4682 2324 4741 crucis.
2359 4681 2644 4737 Excidunt
2698 4698 2830 4737 vero
2878 4699 2911 4737 a
2950 4681 3139 4754 gratia
3169 4680 3392 4753 duplici
3423 4682 3493 4737 de
3526 4698 3727 4751 causa,
3759 4686 3816 4738 et

2114 4776 2380 4845 pereunt,
2403 4775 2506 4826 aut
2543 4772 2691 4840 quod
2722 4770 2916 4826 illatas
2947 4771 3296 4827 afﬂictiones
3329 4786 3442 4826 non
3467 4770 3817 4841 sustineant,

2115 4865 2216 4917 aut
2246 4859 2401 4931 quod
2445 4857 2844 4930 voluptatibus
2885 4858 3105 4930 peccati
3147 4875 3209 4914 se
3257 4858 3505 4914 deleniri
3538 4860 3819 4930 permise-

2116 4951 2252 5009 rint.
2304 4951 2428 5006 Non
2503 4950 2660 5006 enim
2717 4956 2967 5021 possunt
3015 4950 3113 5020 qui
3146 4955 3531 5020 transmeant,
3565 4950 3819 5023 absque-

2115 5040 2534 5098 tentationibus
2605 5044 2928 5111 penetrare.
2987 5039 3491 5103 Quemadmodum
3548 5056 3683 5113 ergo
3756 5043 3819 5097 in

2116 5136 2311 5205 partu,
2352 5129 2709 5202 paupercula
2741 5135 2798 5185 et
2838 5130 3038 5202 regina
3067 5133 3303 5186 eosdem
3352 5129 3582 5187 dolores
3632 5130 3816 5186 susti-

2116 5225 2274 5291 nent,
2297 5218 2496 5275 itidem
2553 5234 2782 5291 quoque
2834 5224 2988 5275 terra
3019 5219 3215 5275 divitis
3254 5224 3311 5276 et
3356 5218 3648 5292 pauperis,
3705 5218 3820 5274 nisi

2116 5309 2552 5367 convenientem
2585 5308 2866 5381 acceperit
2908 5309 3176 5379 imbrem,
3210 5326 3324 5365 non
3365 5315 3551 5379 potest
3596 5308 3818 5361 fructus

2115 5400 2323 5470 dignos
2346 5398 2698 5469 producere:
2733 5398 2815 5453 sic
2845 5413 3077 5469 quoque
3108 5398 3165 5453 in
3214 5400 3553 5469 operatione
3582 5394 3812 5459 animae,

2116 5503 2232 5544 non
2256 5485 2510 5556 sapiens,
2543 5502 2658 5541 non
2692 5485 2953 5556 locuples
2982 5485 3042 5540 in
3075 5484 3264 5557 gratia
3294 5497 3542 5553 regnum
3569 5480 3814 5547 obtinet,

2114 5577 2225 5633 nisi
2259 5592 2360 5648 per
2389 5574 2785 5645 tolerantiam,
2831 5574 3176 5631 afﬂictiones
3207 5578 3262 5627 et
3292 5570 3519 5627 labores
3559 5567 3772 5624 multos
3800 5584 3815 5635 ;

2115 5666 2592 5725 Christianorum
2628 5665 2783 5723 enim
2823 5664 2942 5719 vita
2970 5660 3251 5733 ejusmodi
3288 5676 3413 5717 esse
3459 5659 3647 5718 debet.
3678 5656 3816 5711 Per-

3413 5762 3491 5821 25

3762 5962 3903 6051 ,Γ
