4130 6286
350 326 467 390 771

1700 329 1764 386 S.
1813 323 2134 389 MACARII
2178 326 2523 393 )EGYPTII

3753 326 3874 392 772

352 462 489 518 inde
510 475 577 517 ac
606 460 722 517 mel
752 459 923 517 dulce
963 461 1118 531 quod
1177 462 1287 526 est,
1348 457 1493 515 nihil
1541 459 1786 531 suscipit
1838 459 2023 516 amari

2164 466 2501 536 Χριστιανῶν
2537 461 2659 537 βίος
2703 459 2916 539 ὀφείλει
2945 462 3197 522 τοιοῦτος
3227 450 3385 520 εἶναι.
3425 465 3631 537 ’Ὥσπερ
3659 462 3723 516 τὸ
3772 464 3874 535 μέ·

349 567 455 607 neo
509 551 778 607 venenati
847 550 985 621 quid
1017 550 1316 617 admittit;
1386 549 1471 606 sic
1518 548 1617 605 isti
1683 565 2046 622 quascunque

347 641 666 706 evenerint,
718 639 836 695 sive
888 638 1055 705 bona,
1107 639 1227 694 sivo
1275 638 1447 707 mala,
1494 639 1732 711 benigni
1784 643 1944 704 sunt,
1988 643 2051 694 ut

348 730 541 802 inquit
580 729 909 785 Dominus:
956 732 1138 784 Estote
1183 729 1427 799 benigni,
1478 730 1620 784 sicut
1661 731 1832 785 Pater
1876 737 2051 784 vester

346 820 596 877 catastis.
633 820 781 887 Quod
809 821 958 874 enim
1000 819 1155 874 laedit
1183 825 1237 874 et
1275 818 1534 890 inquinat
1572 821 1867 889 hominem,
1898 822 2048 875 intus

342 916 444 965 est.
478 915 620 966 Nam
646 909 712 965 de
756 909 912 965 corde
958 916 1195 965 exerunt
1250 912 1604 978 cogitatione:
1662 912 1835 968 malae
1865 909 1935 976 6‘,
1987 917 2049 965 ut

342 999 627 1055 Dominus
672 999 771 1070 ait,
821 1000 1098 1070 quoniam
1147 1015 1273 1071 quae
1351 1000 1667 1071 inquinant
1723 1001 2043 1065 hominem,

342 1088 571 1146 interna
600 1096 758 1145 sunt.

413 1364 511 1420 llI.
548 1363 714 1420 Intus
745 1379 877 1435 ergo
908 1370 994 1420 est
1034 1364 1093 1419 in
1126 1363 1327 1421 anima
1357 1380 1564 1436 repens
1588 1368 1645 1420 et
1676 1364 2046 1437 progrediens

338 1454 582 1525 spiritus
630 1453 889 1522 malitias,
951 1453 1231 1509 rationale
1285 1453 1690 1525 impulsivum,
1752 1454 1905 1526 quod
1958 1458 2047 1511 est

335 1542 597 1600 velamen
618 1542 1013 1612 tenebrarum,
1064 1546 1227 1599 vetus
1284 1543 1566 1599 nimirum
1614 1543 1817 1611 homo,
1871 1559 2043 1615 quem

336 1635 561 1702 oportet
607 1647 707 1687 eos
756 1632 857 1703 qui
899 1632 966 1686 ad
1031 1631 1341 1687 Dominum
1394 1632 1760 1705 confugiunt,
1809 1648 2041 1702 exuere,

336 1726 507 1791 atque
556 1720 797 1777 induere
852 1720 1149 1777 caelestem
1210 1731 1262 1777 et
1322 1738 1533 1777 novum
1586 1721 1909 1789 hominem,
1941 1724 2042 1794 qui

2163 551 2220 609 λι
2269 553 2439 629 γλυκὺ
2490 552 2791 629 τυγχάνον,
2842 549 2998 607 οὐδὲν
3056 548 3368 626 ἐπιδέχεται
3442 556 3551 606 τῶν
3628 558 3868 626 πικρῶν,

2158 644 2331 713 ἢτῶν
2382 642 2624 699 ἳοϐόλων
2682 637 3054 718 μεταλαϐεἶνο
3116 640 3289 706 οὕτως
3345 642 3499 699 αὐτοὶ
3559 647 3690 698 πᾶσι
3749 649 3869 705 τοῖς

2158 733 2575 812 ἐπερχομένοις,
2635 733 2743 790 εἷ’τε
2810 734 3035 809 ἀγαθοῖς
3115 733 3219 789 εἷ’τε
3288 738 3570 808 πονηροῖς,
3628 734 3870 810 χρηστοὶ

2155 824 2541 899 τυγχάνουσιν,
2598 823 2674 886 ὥς
2732 844 2896 901 φησιν
2973 825 3001 878 6
3062 823 3283 899 Κύριος,
3329 823 3542 877 Γίνεσθε
3600 825 3865 898 χρηστοὶ,

2157 912 2232 975 ὧς
2293 914 2321 967 6
2380 914 2567 988 Πατὴρ
2632 914 2784 986 ὑμῶν
2842 914 2870 967 ὁ
2931 912 3234 987 ούράνιοςο
3320 913 3383 968 τὸ
3454 912 3557 987 γὰρ
3626 912 3873 987 βλάπτον

2155 1003 2246 1058 καὶ
2308 1008 2522 1077 μιαῖνον
2582 1003 2673 1058 τὸν
2735 1002 3041 1076 ἄνθρωπον,
3097 998 3307 1058 ἔνδοθέν
3381 1000 3525 1057 ἐστιν
3574 1019 3589 1034 °
3651 1001 3711 1056 ἐκ
3766 1002 3871 1077 γὰρ

2153 1099 2255 1161 τῆς
2344 1090 2570 1169 καρδίας
2671 1092 3060 1168 ἐκπορεύονται
3155 1090 3511 1169 διαλογισμοὶ
3612 1094 3870 1163 πονηροὶ,

2153 1182 2335 1245 καθὼς
2367 1183 2396 1235 6
2430 1183 2622 1254 Κύριος
2663 1179 2835 1257 λέγει,
2866 1181 2953 1238 ὅτι
3000 1184 3066 1237 τὰ
3113 1186 3396 1238 κοινοῦντα
3445 1182 3538 1239 τὸν
3583 1182 3868 1255 ἄνθρωπον

2157 1267 2369 1327 ἔνδοθέν
2401 1267 2564 1331 ἐστιν.

2225 1358 2517 1417 Γ’“Εδθ
2639 1359 2765 1415 τι
2916 1360 3066 1415 ε*
3600 1361 3614 1381 ε

2283 1404 2295 1417 .
2395 1384 2420 1415 ν
2460 1383 2486 1415 ο
2524 1381 2573 1415 εν
2607 1382 2698 1415 ουν
2770 1382 2883 1415 στιν
2943 1382 2969 1415 ν
2998 1382 3069 1435 τῃ
3316 1381 3482 1435 ερπον
3525 1382 3615 1415 και
3663 1381 3857 1435 προιοι

2152 1454 2368 1524 πνεῦμα
2434 1450 2721 1527 πονηρίας,
2799 1450 3115 1528 λογιστικὸν
3197 1450 3499 1521 κινητικὸν,
3558 1449 3687 1524 ὅπερ
3746 1450 3861 1506 ἐστὶ

2151 1541 2214 1596 τὸ
2271 1537 2540 1614 κάλυμμα
2601 1545 2699 1595 τοῦ
2760 1542 3007 1610 σκότους,
3058 1541 3086 1595 6
3135 1540 3371 1603 παλαιὸς
3438 1539 3745 1614 ἄνθρωπος,
3806 1540 3863 1594 ὅν

2152 1628 2236 1685 δεῖ
2304 1631 2431 1691 τοὺς
2487 1634 2565 1700 τῷ
2621 1633 2736 1701 Θεῷ
2800 1629 3240 1710 προσφεύγοντας
3315 1626 3706 1698 ἀποδύσασθαι,
3767 1632 3867 1684 καὶ

2150 1717 2464 1773 ἐνδύσασθαι
2516 1720 2606 1774 τὸν
2655 1720 2974 1795 ἐπουράνιον
3035 1720 3124 1774 καὶ
3191 1719 3373 1775 καινὸν
3441 1721 3750 1796 ἄνθρωπον,
3800 1719 3862 1781 ὅς

331 1814 421 1865 est
451 1809 738 1866 Christus.
790 1809 945 1865 Nihil
1006 1826 1142 1882 ergo
1172 1827 1392 1878 eorum,
1430 1828 1556 1882 quas
1606 1817 1843 1867 externa
1873 1822 2023 1873 sunt,

2149 1811 2261 1865 ἐστι
2292 1811 2544 1884 Χριστός.
2579 1808 2742 1865 Ούδὶν
2775 1809 2866 1865 οὖν
2907 1814 3013 1866 τῶν
3067 1806 3258 1880 ἔξωθεν
3309 1808 3570 1885 βλάπτειν
3631 1807 3856 1866 δύναται

330 1898 535 1954 laedere
566 1902 755 1969 potest
803 1899 1115 1968 hominem,
1150 1900 1260 1956 nisi
1303 1902 1403 1972 qui
1459 1900 1612 1969 vivit,
1645 1906 1939 1973 Operatur,
1979 1911 2034 1958 et

330 1989 556 2043 habitat
611 1989 668 2043 in
730 1989 899 2045 corde
957 1990 1198 2059 spiritus
1278 1994 1673 2047 tenebrarum.
1745 1994 2027 2058 Quocirca

328 2077 620 2149 unusquis
642 2094 754 2148 que
775 2078 835 2133 in
868 2080 1322 2150 cogitationibus
1362 2082 1485 2136 suis
1523 2081 1694 2137 debet
1740 2092 2029 2138 certamen

326 2168 492 2232 inire,
540 2171 605 2221 ut
646 2165 951 2223 illucescat
997 2169 1156 2223 cordi
1205 2170 1330 2240 ejus
1384 2170 1671 2225 Christus.
1714 2171 1816 2225 Cui
1848 2171 2034 2243 gloria

333 2257 394 2313 in
416 2255 645 2312 saecula.
677 2259 880 2314 Amen.

830 2347 976 2403 I87
1013 2348 1307 2405 HOMILIA
1342 2349 1540 2405 XLIII.

337 2438 405 2495 De
431 2454 714 2510 progressu
752 2440 861 2494 viri
891 2439 1212 2506 Christiani,
1254 2441 1411 2511 cujus
1474 2447 1587 2497 tota
1624 2442 1705 2497 vis
1763 2456 1833 2499 ea:
1878 2443 2035 2501 corde

643 2511 921 2582 dependet,
952 2516 1013 2567 ut
1057 2513 1148 2567 hic
1187 2512 1339 2569 varie
1371 2512 1721 2570 describitur.

402 2740 443 2801 Ι.
474 2743 978 2808 Quemadmodum
1038 2745 1110 2801 ab
1169 2744 1289 2817 igni
1329 2746 1728 2803 accenduntur
1779 2746 2029 2805 lucernae

328 2832 523 2889 multas
558 2838 613 2889 et
645 2835 942 2905 lampades
973 2836 1283 2904 ardentes;
1318 2844 1541 2892 cunctas
1571 2853 1701 2893 vero
1733 2836 2030 2910 lampades

325 2921 649 2977 etlucernas
681 2922 754 2977 ab
786 2937 902 2978 una
941 2927 1148 2978 natura
1178 2925 1576 2979 accendunlur
1605 2934 1658 2981 et
1682 2927 2024 2996 splendent:

325 3011 409 3067 sic
442 3028 673 3084 quoque
722 3012 1036 3069 Christiani
1088 3014 1159 3068 ab
1210 3031 1327 3070 una
1375 3018 1581 3070 natura
1629 3016 2029 3073 accenduntur

322 3106 379 3157 et
407 3100 622 3171 lucent,
657 3102 810 3174 ignis
865 3102 1146 3159 nimirum
1197 3102 1398 3171 divini,
1445 3104 1574 3160 Filii
1617 3103 1764 3161 Dei:
1813 3111 1868 3161 et
1916 3106 2029 3162 ba—

2144 1903 2235 1955 τὸν
2264 1901 2565 1975 ἄνθρωπον,
2601 1901 2645 1955 εἰ
2692 1901 2766 1973 μὴ
2826 1902 2887 1955 τὸ
2956 1904 3062 1970 ζῶν
3104 1899 3195 1955 καὶ
3261 1897 3606 1976 ἐνεργητικὸν
3660 1899 3722 1953 τὸ
3778 1898 3860 1953 ἐν·

2147 1994 2327 2045 οικοῦν
2384 1989 2438 2045 ἐν
2485 1994 2554 2063 τῇ
2603 1987 2800 2065 καρδίᾳ
2849 1994 3063 2064 πνεῦμα
3124 1989 3349 2052 σκότους
3380 1996 3395 2020 ⁶
3438 1990 3580 2045 ὥστε
3630 1987 3725 2043 οὖν
3754 1989 3849 2044 τὸν

2144 2081 2325 2155 ἀγῶνα
2353 2078 2579 2144 ἕκαστος
2625 2078 2678 2134 ἐν
2736 2085 2853 2142 τοῖς
2917 2081 3209 2156 λογισμοῖς
3271 2078 3479 2157 ὀφείλει
3536 2082 3859 2149 κεκτῆσθαι,

2141 2170 2237 2225 ’ίνα
2269 2169 2559 2244 ἐπιλάμψῃ
2592 2175 2660 2243 τῇ
2710 2168 2905 2244 καρδίᾳ
2933 2172 3105 2225 αὐτοῦ
3163 2172 3191 2225 6
3233 2169 3487 2244 Χριστός.
3522 2172 3587 2247 ᾪ
3633 2172 3666 2239 ἡ
3730 2167 3863 2243 δόξα

2146 2258 2222 2319 εἷς
2249 2256 2375 2317 τοὺς
2406 2256 2628 2319 αἰῶνας.
2662 2259 2863 2330 Ἀμήν.

2792 2348 3040 2403 ΟΜΙΛΙΑ
3085 2348 3210 2403 ΜΤ’.

2147 2436 2276 2508 Περὶ
2378 2442 2478 2504 τῆς
2581 2442 2866 2510 προκοπῆς
2967 2433 3066 2510 τού
3178 2437 3544 2510 Χριστιανοῑξ-
3625 2431 3857 2510 ἀνδρὸς,

2212 2503 2278 2575 ἧς
2366 2503 2510 2581 πᾶσα
2730 2503 2963 2581 δύναμις.
3051 2507 3111 2564 ἐκ
3200 2503 3299 2572 τῆς
3370 2503 3641 2581 ,καρδίας-
3704 2503 3851 2581 diqu

2213 2599 2389 2654 κρεμα
2440 2580 2527 2649 ένη
2653 2578 2815 2649 ἐστὶν,
2866 2576 2877 2581 ⁷
2926 2578 3107 2654 ὥσπερ
3228 2576 3501 2641 ποικίλως
3624 2576 3847 2633 ἐνταῦθα

2214 2602 2588 2705 διαγοςίίοεται.

2214 2648 2588 2725 διαγράφεται.

2213 2741 2520 2816 Α’.Ὢσπερ
2550 2739 2779 2797 ἀπὸτοῦ
2830 2740 2999 2814 πυρὸς
3058 2734 3325 2795 ἅπτονται
3387 2737 3587 2815 λύχνοι
3642 2736 3843 2794 πολλοὶ

2138 2831 2229 2884 καὶ
2282 2828 2566 2903 λαμπάδες
2612 2832 2921 2903 καιόμεναι,
2954 2835 3117 2884 πᾶσαι
3189 2828 3244 2884 δὲ
3294 2831 3347 2885 αἱ
3398 2826 3676 2903 λαμπάδες
3739 2827 3832 2881 καί

2140 2920 2195 2973 οἳ
2223 2916 2422 2992 λύχνοι
2456 2919 2560 2973 ἀπὸ
2606 2923 2733 2991 μιᾶς
2778 2917 2987 2996 φύσεως
3031 2918 3351 2972 ἀνάπτονται
3400 2917 3492 2972 καὶ
3538 2916 3824 2994 φαίνουσιν·

2138 3010 2312 3071 οὕτως
2358 3008 2448 3063 καὶ
2499 3008 2550 3063 o't
2600 3011 2914 3083 Χριστιανοὶ
2976 3006 3081 3065 ἀπὸ
3134 3012 3259 3082 μιᾶς
3307 3009 3519 3086 φύσεως
3565 3008 3829 3061 ἀνάπτον-

2136 3120 2247 3168 ται,
2278 3097 2367 3154 καὶ
2408 3097 2675 3176 φαίνουσι,
2720 3101 2816 3154 τοῦ
2858 3099 3028 3172 πυρὸς
3094 3102 3190 3153 τοῦ
3234 3097 3404 3166 θείου,
3446 3102 3540 3153 τοῦ
3587 3098 3709 3151 1⁸ἱοῦ
3738 3099 3837 3151 τοῦ

318 3189 461 3247 bent
490 3192 792 3265 lampades
821 3194 1091 3249 ardentes
1132 3193 1193 3248 in
1224 3194 1502 3249 cordibus
1535 3195 1687 3265 suis,
1716 3194 2023 3267 lucentqus

2141 3189 2295 3260 Θεοῦ,
2348 3188 2439 3242 καὶ
2505 3184 2695 3265 ἔχουσι
2760 3187 2854 3250 τάς
2907 3183 3197 3259 λαμπάδας
3254 3188 3548 3260 καιομένας
3620 3185 3694 3246 εἰς
3744 3186 3846 3249 τὰς

316 3280 377 3335 in
432 3292 748 3355 uonspeclu
804 3285 946 3356 ejus,
1010 3284 1095 3339 vel
1152 3284 1340 3340 adhuc
1390 3285 1446 3340 in
1496 3289 1652 3341 terra
1725 3288 2018 3355 degentes,

318 3370 474 3425 sicut
528 3379 582 3426 et
630 3372 777 3443 ipse.
836 3371 1033 3443 Inquit
1092 3372 1293 3429 enim:
1364 3378 1657 3445 Pr0pterea
1725 3378 1888 3431 unxit
1971 3384 2021 3433 te

314 3460 480 3524 Deus,
533 3460 670 3515 Deus
727 3465 853 3516 tuus
908 3463 1023 3517 oleo
1081 3462 1362 3518 laetitia“.
1408 3464 1626 3520 Idcirco
1687 3467 2018 3537 appellatus

316 3553 406 3606 est
435 3549 725 3617 Christus,
752 3556 814 3605 ut
862 3567 927 3607 eo
980 3550 1108 3623 ipso
1140 3550 1287 3619 oleo,
1332 3569 1445 3624 quo
1505 3554 1627 3623 ipse
1657 3560 1746 3611 est
1789 3561 2015 3619 unctus,

315 3656 421 3695 nos
450 3654 679 3709 quoque
738 3640 891 3695 uncti
930 3641 1142 3696 ﬁamus
1182 3640 1419 3706 Christi,
1480 3643 1764 3715 ejusdem,
1808 3650 1873 3701 ut
1935 3647 2018 3703 ita

313 3729 523 3798 dicam,
572 3728 939 3796 substantias,
994 3734 1052 3785 et
1101 3732 1278 3787 unius
1330 3732 1610 3803 corporis.
1646 3732 1839 3805 Inquit
1888 3752 2015 3791 rur-

312 3834 442 3875 sum
480 3834 493 3875 :
548 3819 653 3887 Qui
690 3819 1029 3890 sanctiﬁcat,
1061 3828 1112 3876 et
1162 3820 1259 3892 qui
1304 3822 1721 3893 sanctiﬁcantur
1776 3840 1851 3881 ea:
1905 3841 2013 3882 uno

308 3908 564 3964 omnes“.

376 4089 447 4146 Π.
484 4089 713 4146 Similes
761 4090 940 4161 igitur
976 4094 1115 4146 sunt
1143 4091 1458 4148 Christiani
1490 4108 1557 4148 ex
1616 4094 1811 4168 aliqua
1841 4101 2006 4166 parte

306 4178 566 4236 lucernis
596 4179 949 4235 habentibus
1007 4179 1198 4236 oleum
1243 4180 1302 4235 in
1361 4198 1444 4250 se,
1488 4181 1595 4238 hoc
1653 4190 1743 4241 est
1785 4186 2008 4242 fructus

302 4269 562 4338 justitiaa,
596 4273 651 4325 et
680 4269 792 4325 nisi
824 4270 1174 4326 accendatur
1222 4270 1461 4329 lucerna
1491 4272 1549 4328 in
1573 4273 1656 4329 eis
1679 4290 1713 4329 a
1773 4273 2010 4333 lucerna

302 4356 523 4424 divina,
556 4357 699 4412 nihil
752 4363 908 4413 sunt.
962 4360 1238 4416 Dominus
1287 4366 1410 4416 erat
1454 4360 1692 4419 lucerna
1768 4367 2004 4435 ardens,

300 4451 536 4517 propter
588 4446 865 4517 Spiritum
895 4448 1217 4505 divinitatis
1264 4454 1600 4508 manentem
1643 4453 2006 4511 substantia-

298 4533 435 4592 liter
461 4536 520 4592 in
541 4534 687 4605 ipso,
719 4541 777 4593 et
807 4537 1215 4595 accendentem
1272 4540 1399 4610 ejus
1452 4557 1551 4596 cor
1596 4559 1700 4613 pro
1744 4542 2007 4601 humana

298 4635 529 4682 natura.
566 4625 809 4683 Perinde
838 4644 972 4684 vero
1004 4644 1069 4683 ac
1112 4628 1160 4685 si
1192 4628 1267 4685 sit
1308 4631 1671 4703 marsupium
1705 4632 2001 4706 putidum,

299 4713 538 4784 plenum
597 4717 962 4788 margaritis:
1022 4718 1106 4774 sic
1152 4736 1379 4792 quoque
1418 4721 1755 4791 Christiani,
1812 4727 2001 4794 quoad

297 4809 598 4859 externum
634 4806 949 4875 hominem,
987 4807 1242 4865 humiles
1296 4810 1509 4866 debent
1570 4827 1720 4881 esse,
1773 4818 1831 4869 et
1876 4814 2004 4870 vilis

296 4894 669 4961 conditionis,
724 4896 881 4950 intus
932 4913 1063 4953 vero
1113 4897 1169 4951 in
1226 4897 1486 4955 interiori
1545 4900 1784 4958 homine
1856 4903 2003 4959 obti-

294 4987 436 5038 nent
494 4982 807 5053 pretiosam
855 4984 1257 5055 margaritam.
1331 4986 1606 5045 Nonnulli
1665 5006 1802 5048 vero
1864 4998 2006 5048 sunt

294 5072 584 5145 sepulcris
640 5073 923 5131 dealbatis
980 5077 1223 5147 similes,
1254 5081 1508 5136 exterius
1595 5082 1831 5154 quidem
1899 5084 2001 5140 de-

294 5163 432 5235 picti
473 5168 527 5218 et
556 5161 722 5218 valde
767 5162 1129 5234 splendidi“,
1172 5165 1336 5222 intus
1390 5184 1520 5225 vero
1574 5169 1731 5240 pleni
1780 5171 2003 5228 ossium

295 5259 685 5318 mortuorum,
743 5253 941 5309 fetoris
1001 5255 1170 5310 multi
1238 5261 1293 5312 et
1344 5258 1663 5327 spirituum
1742 5260 2002 5319 immun-

295 5342 778 5414 dorum;mortui
831 5350 1033 5400 sunta
1082 5346 1239 5402 Deo:
1302 5351 1474 5417 atque
1532 5351 1691 5405 omni
1750 5353 2003 5425 turpitu-

295 5431 448 5500 dine,
474 5434 745 5491 sordibus
774 5438 831 5491 et
861 5434 1119 5493 tenebris
1141 5435 1451 5493 adversarii
1472 5439 1683 5496 induti.

2136 3274 2362 3352 καρδίας
2430 3278 2629 3347 αὐτῶν,
2699 3277 2791 3331 καὶ
2852 3275 3100 3353 φαίνουσι
3150 3277 3486 3332 κατενώπιον
3564 3274 3727 3329 αύτοῦ
3788 3273 3841 3328 ἐν

2128 3374 2202 3443 γῇ
2262 3363 2431 3435 ὄντες,
2488 3364 2669 3427 καθὼς
2726 3365 2816 3420 καὶ
2858 3364 3038 3426 αὐτός.
3102 3364 3256 3442 Λέγει
3313 3365 3436 3441 γὰρ,
3506 3365 3603 3420 Διά
3677 3368 3843 3419 τοῦτο

2124 3454 2313 3533 ἕχρισέ
2370 3477 2427 3509 σε
2504 3455 2531 3510 6
2609 3452 2739 3517 Θεός
2816 3475 2911 3533 σου
2998 3451 3181 3509 ἔλαιον
3275 3452 3682 3531 ἀγαλλιάσεως.
3745 3454 3844 3508 Διὶ

2123 3551 2282 3601 τοῦτο
2339 3544 2569 3620 Χριστὸς
2638 3541 2941 3615 ἐπεκλήθη,
2996 3540 3088 3598 ’ίνα
3162 3548 3237 3616 τῷ
3314 3543 3462 3616 αύτῷ
3538 3542 3729 3616 ἐλαίῳ,
3790 3543 3835 3616 ᾧ

2121 3636 2285 3697 αὐτὸς
2343 3633 2597 3710 ἐχρίσθη,
2646 3632 2737 3688 καί
2802 3637 2966 3706 ἡμεῖς
3024 3631 3332 3712 χρισθέντες
3371 3634 3655 3710 γενώμεθα
3702 3640 3832 3709 Χρι-

2122 3725 2261 3794 στοὶ,
2291 3732 2391 3794 τῆς
2433 3724 2619 3792 αὐτῆς,
2654 3724 2728 3785 ὡς
2784 3721 2976 3791 εἰπεῖν,
3019 3722 3199 3785 οὐσίας
3232 3722 3320 3777 καὶ
3374 3723 3487 3784 ἐνὸς
3548 3723 3825 3797 σώματος.

2120 3814 2278 3890 Λέγει
2318 3814 2507 3883 πάλιν,
2548 3815 2613 3867 Ὅ
2658 3834 2717 3869 τε
2777 3813 3031 3890 ἁγιάζων,
3091 3815 3179 3869 καὶ
3248 3813 3299 3869 οἱ
3371 3814 3731 3892 ἁγιαζόμενοι
3777 3811 3825 3885 ἐξ
3915 3854 3921 3858 -

2120 3906 2233 3970 ἐνὸς
2262 3906 2473 3971 πάντες.

2188 4093 2264 4144 B‘.
2333 4088 2610 4141 Ἐοικασιν
2676 4083 2766 4139 οὖν
2839 4083 2889 4138 οἳ
2950 4082 3259 4159 Χριστιανοῖ
3346 4080 3398 4137 ἐν
3496 4082 3570 4138 ἐνὶ
3665 4083 3817 4158 μέρει

2118 4177 2369 4255 λυχνίαις
2428 4175 2685 4251 ἐχούσαις
2735 4176 2795 4231 τὸ
2841 4168 3021 4231 ἔλαιον
3073 4176 3122 4230 ἐν
3174 4174 3386 4245 αὐταῖς,
3416 4176 3658 4230 τούτεστι
3696 4173 3826 4235 τοὺς

2115 4268 2356 4344 καρποὺς
2405 4274 2505 4337 τῆς
2557 4263 2928 4335 δικαιοσύνης.
2982 4266 3101 4322 Ἐὰν
3164 4262 3221 4319 δέ
3287 4266 3361 4339 μὴ
3416 4265 3560 4341 ἀφθῇ
3620 4263 3823 4337 λύχνος

2116 4356 2178 4413 ἐκ
2206 4363 2304 4414 τοῦ
2354 4354 2564 4434 λύχνου
2616 4362 2715 4424 τῆς
2764 4354 3020 4426 θεότητος
3068 4354 3120 4410 ἐν
3168 4355 3377 4424 αὐτοῖς,
3430 4352 3583 4409 οὐδέν
3638 4353 3767 4407 εἰσιν
3805 4370 3823 4386 ο

2114 4449 2141 4503 ὁ
2175 4449 2373 4524 Κύριος
2404 4448 2469 4516 ἦν
2500 4447 2527 4500 ὁ
2569 4444 2777 4517 λύχνος
2804 4446 2831 4499 ὁ
2877 4446 3188 4517 καιόμενος,
3223 4441 3311 4498 διὰ
3356 4445 3418 4500 τὸ
3461 4448 3680 4516 Πνεῦμα
3716 4445 3822 4506 τῆς

2117 4538 2382 4609 θεότητος
2438 4536 2499 4589 τὸ
2552 4535 2713 4607 μένον
2773 4531 3059 4595 ούσιωδῶς
3117 4533 3168 4588 ἐν
3216 4533 3385 4606 αύτῷ,
3449 4533 3538 4589 καὶ
3606 4533 3821 4588 ἐκκαῖον

2113 4627 2280 4683 αὐτοῦ
2336 4628 2434 4696 τὴν
2493 4622 2716 4699 καρδίαν
2776 4626 2913 4681 κατᾶ
2958 4625 3020 4679 τὸ
3078 4623 3670 4700 άνθρώπινον.⁴Ὡσπερ
3717 4622 3821 4696 γὰρ

2113 4716 2260 4791 ἐάνῇ
2321 4714 2610 4792 βαλάντιον
2671 4724 2875 4787 σαπρον
2936 4711 3374 4788 πεπληρωμένον
3446 4716 3821 4790 μαργαριτῶν,

2114 4806 2257 4863 οὕτω
2315 4806 2403 4860 καὶ
2462 4806 2513 4859 οἱ
2564 4803 2876 4879 Χριστιανοὶ
2920 4808 3000 4875 τῷ
3040 4800 3230 4876 ἔξωθεν
3279 4804 3552 4877 ἀνθρώπῳ
3579 4802 3821 4857 ταπεινοὶ

2116 4895 2427 4973 ὀφείλοντες
2481 4895 2617 4949 εἶναι
2676 4891 2767 4947 καί
2816 4892 3300 4970 εὐκαταφρόνητοι,
3332 4889 3544 4948 ἔνδοθεν
3595 4890 3671 4954 είς
3724 4892 3819 4946 τὸν

2112 4983 2218 5041 ἔσω
2277 4982 2559 5060 ἄνθρωπον
2636 4980 2827 5058 ἔχουσι
2912 4983 3003 5037 τὸν
3078 4981 3388 5057 πολύτιμον
3462 4982 3817 5059 μαργαρίτην.

2112 5079 2330 5151 ΓΈτεροι
2371 5073 2429 5130 δέ
2477 5075 2576 5130 εἰσι
2624 5074 2816 5149 τάφοις
2885 5072 3287 5147 κεκονιαμένοις
3352 5071 3611 5139 ἐοικότες,
3682 5068 3823 5141 ἔξω-

2112 5168 2195 5222 θεν
2256 5166 2348 5239 μέν
2409 5160 2857 5241 ἐζωγραφημένοι
2912 5161 3001 5217 καὶ
3072 5159 3447 5240 περικαλλεῖς,
3508 5160 3702 5217 ἔσωθεν
3760 5157 3819 5214 δὲ

2111 5258 2372 5333 γέμοντες
2426 5254 2626 5309 ὀστέων
2684 5256 2909 5328 νεκρῶν,
2962 5253 3051 5307 καὶ
3114 5249 3379 5314 δυσωδίας
3430 5248 3675 5321 πολλῆς,
3724 5251 3819 5304 καὶ

2111 5347 2427 5419 πνευμάτων
2477 5343 2815 5418 ἀκαθάρτων.
2883 5341 3081 5418 Νεκροί
3139 5341 3267 5397 εἰσιν
3328 5339 3433 5397 άπὸ
3508 5345 3664 5412 Θεοῦ,
3722 5341 3817 5395 καὶ

2110 5440 2281 5493 πᾶσαν
2343 5432 2607 5507 αἶ’σχύνην
2668 5433 2759 5487 καὶ
2829 5431 3116 5510 ῥυπαρίαν,
3172 5429 3261 5489 καὶ
3318 5430 3379 5486 τὸ
3452 5431 3645 5494 σκότος
3717 5433 3816 5488 τοῦ

2111 5526 2481 5601 ἁντικείμένου
2540 5521 2908 5598 ἐνδεδυμένοι.

372 5702 417 5738 “
446 5702 583 5761 Luc.
617 5719 693 5774 vx,
725 5704 837 5776 36;
871 5704 1078 5777 Matth,
1121 5722 1215 5777 xv,
1250 5706 1334 5762 11.
1414 5705 1462 5742 ⁸⁵
1491 5706 1642 5764 Psal.
1675 5723 1800 5778 ην,
1829 5708 1863 5762 8
1935 5709 1979 5747 ⁶⁶
2008 5709 2023 5767 l

2140 5723 2180 5765 r.
2212 5725 2274 5764 ιι.
2304 5707 2361 5765 2.
2437 5706 2483 5741 ⁸⁷
2517 5705 2723 5765 Matth.
2746 5720 2914 5803 IXXIII,
2943 5700 3034 5761 27.
