4130 6286
327 390 441 454 773
1583 384 1959 458 HOMILI/E.
2010 427 2084 437 -—-
2130 391 2321 455 HOM.
2370 394 2584 459 XLIII.
3726 406 3842 465 7'14

393 536 463 586 I".
497 530 557 586 Ὁ
617 526 959 589 ’Λπόστολος
1017 526 1183 603 λέγει,
1243 529 1326 585 ὅτι
1390 533 1451 587 Ὀ
1504 531 1727 601 νήπιος,
1776 524 1878 589 ἕως
1939 527 2024 580 ὅτε

2215 529 2317 584 ΙΙΙ.
2387 532 2699 603 Apostolus
2754 533 2837 589 ait
2893 534 3079 604 :Puer,
3136 536 3382 607 quandiu
3428 540 3687 607 parvulus
3740 549 3837 608 est,

325 618 519 693 μικρός
612 618 782 690 ἐστιν,
892 618 995 674 61:6
1094 618 1421 694 ἐπιτρόπους
1507 620 1597 675 καὶ
1705 616 1956 689 οἷκονόμο

2208 618 2235 672 b
2294 622 2568 677 tutoribus
2620 628 2672 677 et
2728 625 3075 680 curatoribus
3102 626 3146 660 ⁸⁸
3201 626 3516 697 spirituum
3576 630 3839 685 immun-

318 716 425 766 τῶν
480 715 736 782 πονηρῶν
805 708 1124 784 πνευμάτων
1189 709 1356 780 ἐστιν,
1412 705 1567 766 ἅτινα
1621 708 1900 781 πνεύματα

2205 725 2342 763 trum
2394 711 2533 781 agit,
2587 712 2687 784 qui
2733 714 2974 783 spiritus
3014 714 3216 771 nolunt
3262 734 3507 787 puerum
3559 735 3836 785 crescere,

316 800 532 856 θέλουσι
577 800 668 855 τὸν
714 802 908 871 νήπιον
960 800 1236 870 αὐξῆσαι·
1277 799 1366 855 τίνα
1411 803 1487 875 μὴ
1548 799 1833 873 γενόμενος
1894 796 1947 850 ἀν

2244 797 2337 851 ubi
2369 799 2429 854 iu
2460 799 2649 855 virum
2685 804 3005 872 perfectum
3063 806 3331 873 evaserit,
3395 806 3635 879 incipiat
3682 825 3841 881 quee-

313 890 547 958 τέλειος,
608 886 831 965 ἄρξηται
883 892 1161 960 ἒπιζητεῖν
1224 891 1292 945 τὰ
1349 894 1483 945 κατὰ
1551 889 1642 943 τὸν
1706 891 1880 957 οἷκον,
1938 906 1944 938 1

2205 904 2283 953 re,
2317 905 2439 959 quae
2473 891 2544 945 ad
2586 890 2871 947 familiam
2925 896 3235 964 pertinent,
3281 901 3338 951 et
3385 897 3676 954 vindicare
3729 900 3836 955 do-

314 978 547 1036 ἐκδικεῖν
629 982 727 1050 τὴν
812 982 1136 1054 κυριότητα.
1212 982 1272 1039 Ὀ
1372 981 1694 1057 Χριστιανὸς
1795 978 1945 1032 πάντι

2203 976 2409 1033 inium.
2444 980 2813 1037 Christianus
2846 982 3006 1038 nullo
3057 1001 3172 1039 non
3218 989 3475 1055 tempore
3510 988 3682 1043 debet
3713 1003 3834 1044 me-

315 1068 523 1148 ὀφείλει
556 1072 656 1140 τήν
707 1074 930 1145 μνήμην
980 1077 1078 1126 τοῦ
1110 1075 1244 1126 Θεοῦ
1293 1067 1438 1146 ἔχειν
1469 1089 1482 1103 ⁸
1533 1070 1836 1147 γέγραπται
1900 1067 1946 1143 γέ

2202 1068 2382 1122 oriam
2433 1069 2534 1123 Dei
2582 1069 2816 1127 habere.
2876 1073 3166 1145 Scriptum
3229 1075 3383 1130 enim
3437 1081 3574 1132 est:
3629 1079 3833 1149 Dilige:

314 1161 646 1233 Ἀγαπήσεις
734 1160 927 1233 Κύριον
998 1162 1088 1216 τὸν
1163 1160 1291 1217 Θεόν
1371 1183 1467 1216 σου
1542 1162 1592 1230 ἐξ
1696 1159 1835 1229 ὅλης
1924 1178 1945 1210 τ

2200 1159 2429 1212 ιγηίηιιηι
2480 1160 2647 1213 Deum
2680 1166 2835 1215 tuum
2868 1177 2937 1217 ea:
2967 1168 3074 1218 toto
3104 1163 3262 1218 corde
3294 1169 3385 1219 tuo
3416 1165 3493 1221 69:
3539 1184 3608 1222 ne
3639 1168 3831 1223 solum

315 1248 540 1322 καρδίας
603 1271 723 1319 σου,
780 1248 874 1304 ’ίνα
945 1252 1019 1323 μὴ
1086 1249 1275 1323 μόνον,
1334 1251 1423 1305 ὅτε
1480 1248 1782 1323 εἰσέρχεται
1841 1246 1918 1309 είς

2201 1246 2366 1301 tando
2441 1247 2771 1319 ingreditur
2830 1251 3168 1317 oratorium,
3237 1253 3442 1324 diligat
3516 1255 3832 1312 Dominum

316 1341 632 1413 εὐκτήριον,
687 1340 872 1415 ἀγαπᾷ
918 1341 1011 1395 τὸν
1068 1340 1285 1414 Κύριον,
1344 1339 1493 1395 ἀλλὰ
1546 1340 1637 1394 καὶ
1692 1342 1947 1413 περιπατὸ

2203 1335 2234 1389 d
2276 1335 2448 1391 etiam
2498 1338 2832 1405 ambulans,
2884 1339 3248 1411 colloquens,
3295 1348 3351 1397 et
3400 1346 3732 1412 comedens,
3779 1347 3834 1401 la

313 1430 403 1501 καὶ
465 1428 705 1501 ὁμιλῶν,
759 1430 852 1485 καὶ
906 1429 1097 1486 ἐσθίων
1156 1428 1265 1506 ἔχῃ
1319 1432 1417 1499 τήν
1464 1433 1689 1504 μνήμην
1738 1433 1834 1485 τοῦ
1866 1435 1944 1483 Θε‹

2199 1425 2411 1479 emoria
2472 1426 2653 1482 Deum
2701 1427 2929 1495 habeat,
2982 1429 3215 1500 diligat;
3266 1435 3322 1485 et
3380 1449 3573 1488 amore
3631 1450 3830 1503 prose-

314 1519 403 1572 καὶ
452 1520 550 1587 τὴν
598 1518 835 1592 ἀγάπην,
885 1519 974 1574 καὶ
1019 1521 1118 1588 τὴν
1173 1522 1434 1597 στοργήν.
1486 1520 1646 1594 Λέγει
1684 1518 1806 1594 γὰρ,
1848 1520 1945 1573 "On

2201 1518 2363 1570 tatur.
2415 1516 2608 1584 Inquit
2642 1516 2837 1572 enim:
2875 1517 2974 1574 Ubi
3005 1535 3155 1574 mens
3186 1527 3303 1589 tua,
3354 1520 3434 1576 ibi
3473 1539 3681 1594 quoque
3711 1524 3832 1580 the-

316 1608 343 1661 6
403 1612 530 1669 νοῦς
579 1629 696 1677 σου,
756 1607 867 1663 ἐκεῖ
920 1610 1011 1664 καὶ
1070 1609 1097 1663 6
1157 1609 1429 1685 θησαυρός
1490 1630 1604 1666 σου.
1673 1609 1763 1668 Εἰς
1836 1609 1863 1661 ὃ
1920 1629 1947 1682 γ

2199 1620 2333 1659 urus
2362 1612 2507 1661 tuus.
2541 1605 2587 1640 7°
2617 1609 2699 1661 Ad
2734 1624 3145 1679 quamcunque
3175 1611 3332 1666 enim
3383 1628 3503 1667 rem
3534 1630 3631 1669 cor
3652 1614 3827 1670 alicu-

311 1701 541 1772 πρᾶγμα
571 1700 605 1767 ἡ
656 1696 851 1771 καρδία
894 1700 1040 1761 τινὸς
1075 1696 1307 1765 δέδεται,
1339 1700 1430 1754 καὶ
1479 1698 1616 1754 ὅπου
1666 1701 1702 1767 ἡ
1761 1696 1942 1769 έπιθυε.

2201 1708 2223 1747 s
2245 1692 2538 1763 alligatur,
2572 1700 2628 1751 et
2659 1712 2774 1766 quo
2804 1713 2939 1752 eum
2998 1698 3425 1773 trahitcupido,
3478 1700 3577 1755 illa
3609 1719 3700 1757 res
3742 1708 3832 1759 est

308 1785 459 1841 ἕλκει
509 1788 690 1857 αὐτὸν,
723 1787 891 1843 ἐκεῖνό
922 1786 1062 1843 ἐστιν
1114 1790 1280 1843 αὐτοῦ
1325 1788 1352 1843 6
1412 1789 1555 1851 θεός.
1606 1787 1727 1844 Ἐὰν
1777 1785 1930 1841 ἐπιθυ

2196 1796 2258 1834 us
2288 1780 2452 1836 deus.
2500 1783 2557 1837 Si
2609 1783 2900 1840 desideret
2936 1802 3035 1840 cor
3066 1785 3281 1856 ubique
3311 1788 3646 1857 Dominum,
3703 1792 3827 1861 ipse

307 1877 342 1943 ἡ
403 1873 599 1949 καρδία
656 1877 889 1932 πάντοτε
933 1881 1030 1932 τοῦ
1089 1882 1244 1946 Θεοῦ,
1294 1877 1456 1940 αὐτός
1526 1876 1637 1933 ἐστι
1680 1876 1875 1949 Κύριος
1917 1896 1938 1929 τ

2197 1869 2526 1925 tDominus
2569 1874 2762 1928 cordis
2800 1873 2949 1943 ejus.
2989 1874 3289 1946 Quispiam
3322 1893 3476 1939 vero,
3528 1879 3629 1948 qui
3659 1880 3827 1936 abre-

305 1964 528 2038 καρδίας
596 1964 760 2020 αὐτοῦ
795 1985 807 1998 ’
877 1966 905 2020 6
962 1964 1021 2021 δὲ
1069 1965 1472 2039 ἂποταξάμενός
1546 1987 1651 2036 τις,
1720 1964 1936 2040 γενόμει

2197 1959 2445 2029 Intiavit,
2512 1960 2902 2032 omnibusque
2972 1963 3094 2018 suis
3139 1963 3517 2023 facultatibus
3574 1975 3628 2022 et
3688 1969 3828 2025 urbe

304 2054 586 2127 ἀκτήμων,
647 2056 737 2109 καὶ
804 2051 1027 2124 ἄπολις,
1062 2057 1150 2110 καὶ
1211 2057 1508 2126 νηστεύων,
1561 2056 1719 2116 οὗτος
1791 2054 1866 2116 εἷς
1919 2075 1935 2109 ⁸1

2197 2047 2366 2115 lictis,
2391 2048 2617 2118 jejunio
2667 2051 2767 2105 dat
2796 2066 3053 2122 operam,
3098 2052 3202 2108 iste
3247 2054 3335 2109 sui
3370 2054 3555 2125 ipsius
3604 2055 3828 2113 homini

304 2141 496 2198 ἑαυτοῦ
554 2142 838 2216 ἄνθρωπον
899 2145 1081 2217 ἀκμὴν
1142 2143 1372 2214 δέδεται,
1432 2146 1466 2219 ᾔ
1524 2144 1601 2207 εἷς
1653 2144 1721 2199 τὰ
1775 2164 1935 2217 κοσμι

2194 2136 2317 2191 .huc
2346 2137 2616 2207 alligatus
2648 2137 2845 2207 haeret,
2888 2145 2992 2195 aut
3022 2142 3196 2198 rebus
3228 2144 3561 2211 mundanis,
3597 2150 3696 2201 aut
3736 2146 3825 2201 fa-

302 2233 618 2309 πράγματα,
651 2236 686 2309 ᾗ
719 2236 796 2298 εἰς
847 2236 1040 2305 οἰκίαν,
1165 2235 1241 2298 τίς
1302 2234 1533 2312 φίλτρον
1586 2235 1812 2310 γονέων,
1873 2236 1933 2290 ὅτι

2196 2224 2478 2295 iliaribus,
2519 2231 2622 2282 aut
2651 2229 2833 2284 amori
2867 2234 3173 2298 parentum
3210 2246 3222 2287 :
3258 2232 3356 2287 ubi
3405 2233 3705 2305 alligatum
3739 2240 3827 2291 est

305 2318 457 2392 ἐδέθη
518 2324 688 2377 αὐτοῦ
755 2325 789 2392 ἡ
849 2320 1067 2396 καρδία,
1124 2324 1214 2379 καὶ
1272 2323 1299 2378 6
1374 2329 1503 2388 νοῦς
1573 2323 1936 2399 ᾐχμαλωτίσθ

2194 2331 2249 2369 ne
2283 2331 2399 2383 cor,
2424 2324 2477 2370 et
2510 2332 2674 2372 mens
2702 2318 2830 2388 ejus
2861 2320 3173 2391 captivata,
3206 2322 3263 2377 id
3314 2322 3508 2393 ipsum
3557 2328 3645 2378 est
3700 2326 3825 2393 ejus

304 2408 480 2464 έκεῖνο
530 2409 694 2465 αὐτοῦ
744 2412 855 2466 ἐστι
909 2411 1029 2474 θεός
1079 2429 1095 2446 ·
1148 2413 1239 2467 καὶ
1271 2413 1596 2488 εὑρίσκεται,
1647 2411 1735 2467 διὰ
1786 2413 1934 2485 μὶντ

2193 2420 2309 2460 ηυδε
2363 2414 2416 2460 et
2465 2406 2921 2478 deprehenditur
2972 2408 3208 2481 quidem
3252 2427 3350 2480 per
3393 2414 3646 2483 amplam
3696 2430 3824 2485 por-

304 2498 565 2561 πλατείας
615 2501 777 2574 θύρας
827 2499 1054 2571 ἐξελθὼν
1105 2506 1206 2555 τοῦ
1241 2502 1473 2575 κόσμου,
1519 2499 1607 2556 διὰ
1656 2498 1712 2557 δὲ
1757 2509 1856 2570 τῆς
1904 2524 1935 2557 π

2191 2509 2238 2547 m
2273 2511 2303 2549 e
2348 2498 2562 2551 mundo
2611 2497 2947 2565 excessisse,
3005 2515 3103 2566 per
3161 2500 3430 2556 ostiolum
3485 2507 3683 2558 autem
3730 2504 3822 2558 in-

304 2588 540 2662 ραθύρου
605 2587 861 2643 εἰσελθὼν
948 2590 1039 2643 καὶ
1114 2587 1360 2662 ἐμπεσὼν
1439 2589 1515 2652 εἲς
1600 2590 1690 2644 τὸν
1778 2590 1935 2663 κόσμ‹

2188 2598 2355 2638 essus
2388 2584 2445 2637 in
2480 2586 2766 2641 mundum
2797 2586 3096 2643 incidisse.
3150 2590 3648 2653 Quemadmodum
3688 2609 3819 2647 sar-

300 2675 504 2748 ’Ὡσπερ
564 2673 631 2729 τὰ
683 2674 919 2752 φρύγανα
977 2674 1408 2751 έπιῤῥιπτόμενα
1469 2675 1547 2737 εἷς
1616 2680 1679 2730 τὸ
1755 2679 1883 2747 πῦρ,

2182 2681 2306 2727 enta
2333 2673 2390 2729 in
2424 2673 2617 2745 ignem
2652 2676 2909 2745 proiecta
2938 2686 3236 2747 nequeunt
3259 2678 3525 2734 resistere
3559 2683 3610 2734 vi
3643 2680 3813 2751 ignis,

302 2762 552 2819 δύνανται
610 2764 927 2833 ἀντιστῆναι
974 2769 1043 2838 τῇ
1104 2764 1327 2838 δυνάμει
1376 2769 1472 2820 τοῦ
1511 2767 1700 2838 πυρὸς,
1736 2762 1863 2818 ἀλλ’
1921 2785 1933 2818 ε

2183 2763 2215 2817 d
2252 2764 2559 2819 confestim
2592 2766 3053 2834 comburuntur;
3097 2768 3180 2823 sic
3222 2784 3455 2839 quoque
3499 2768 3814 2839 daemones,

300 2854 437 2917 θέως
492 2854 872 2910 κατακαίονται
925 2873 939 2887 '
992 2853 1163 2917 οὕτως
1202 2858 1291 2910 καὶ
1331 2856 1383 2911 οἱ
1444 2853 1694 2928 δαίμονες
1755 2854 1931 2910 θέλονπ

2175 2852 2216 2905 1i
2250 2852 2464 2909 bellum
2508 2854 2711 2910 volunt
2739 2856 2953 2912 inferre
3009 2858 3230 2913 homini
3273 2859 3557 2929 Spiritum
3606 2877 3806 2917 conse-

297 2943 562 3017 πολεμεῖν
630 2945 903 3020 ἀνθρώπῳ
976 2946 1289 3018 Πνεύματος
1364 2946 1680 3019 ἠξιωμένῳ,
1764 2944 1928 2998 καίοικ

2190 2945 2270 3010 to,
2302 2943 2730 3000 comburuntur
2757 2953 2811 3001 et
2854 2954 3282 3002 consumuntur
3313 2965 3346 3002 a
3377 2948 3567 3003 divina
3598 2951 3814 3005 virtute

296 3034 384 3087 καὶ
444 3033 928 3090 καταναλίσκονται
979 3036 1082 3091 ὑπὸ
1159 3042 1261 3104 τῆς
1334 3036 1480 3097 θείας
1568 3033 1850 3107 δυνάμεως
1908 3057 1927 3089 1

2191 3031 2288 3097 iis,
2324 3033 2494 3087 modo
2528 3033 2699 3088 homo
2732 3040 3008 3104 perpetuo
3040 3036 3285 3092 Domino
3317 3038 3639 3105 adhaereat,
3674 3039 3822 3093 fidu-

296 3124 488 3197 πυρὸς,
528 3124 693 3195 μόνον
755 3122 844 3178 ἵνα
903 3126 929 3178 ὁ
990 3124 1278 3199 ἄνθρωπος
1334 3125 1566 3178 πάντοτε
1638 3121 1923 3196 προσκολλ

2190 3136 2383 3190 imque
2414 3125 2469 3177 et
2496 3137 2660 3191 spem
2691 3122 2751 3176 in
2782 3138 2915 3177 eum
2948 3122 3207 3179 collocet.
3251 3124 3315 3178 Et
3347 3125 3392 3179 si
3430 3125 3578 3180 138
3606 3126 3821 3181 fuerint

302 3214 525 3288 μενοςῇ
571 3219 647 3285 τῷ
698 3216 901 3288 Κυρίῳ,
931 3215 1021 3268 καὶ
1077 3218 1175 3284 την
1234 3214 1562 3285 πεποίθησιν
1620 3215 1710 3269 καὶ
1758 3216 1855 3283 τήν
1912 3213 1933 3269 έ

2183 3225 2407 3266 ιωοηοε
2443 3212 2641 3279 fortes,
2676 3212 2879 3268 robore
2894 3214 3195 3269 montibus
3220 3214 3370 3270 haud
3394 3215 3718 3285 absimiles,
3743 3217 3814 3273 ab

297 3300 428 3356 πίδα
482 3304 618 3375 πρὸς
671 3302 831 3357 αὐτὸν
913 3297 1079 3377 ἔχων.
1141 3304 1245 3359 Καὶ
1312 3304 1399 3359 ἐὰν
1455 3304 1586 3358 ὦσιν
1642 3305 1694 3358 οἳ
1754 3301 1928 3376 δαίμοι

2183 3297 2377 3353 atione
2433 3271 2880 3365 comburuntur,
2921 3300 3078 3355 velut
3122 3316 3249 3357 cera
3280 3301 3350 3356 ab
3398 3302 3542 3373 igni.
3601 3271 3812 3375 Ingens

301 3391 522 3466 ἰσχυροὶ
591 3392 665 3453 ὡς
725 3389 825 3466 ὅρη
898 3392 1119 3467 ἰσχυρὰ,
1166 3394 1268 3447 ὑπὸ
1335 3400 1434 3462 τῆς
1502 3392 1672 3468 εὐχῆς
1738 3393 1932 3448 καίοντι

2188 3403 2251 3441 ro
2311 3387 2527 3443 interea
2576 3389 2882 3444 intercedit
2915 3394 3203 3446 certamen
3236 3407 3302 3447 ac
3345 3390 3561 3447 bellum
3609 3392 3816 3448 anima:

296 3481 534 3555 καθάπερ
584 3480 611 3534 6
660 3481 830 3554 κηρὸς
885 3482 987 3536 ὑπὸ
1036 3480 1221 3556 κυρός.
1279 3478 1457 3557 Μέγας
1505 3480 1563 3536 δὲ
1614 3482 1666 3536 έν
1697 3487 1774 3554 τῷ
1809 3504 1927 3555 μετα

2183 3492 2390 3533 ινοτευε
2421 3479 2676 3534 eosdem.
2725 3477 2909 3533 Fluvii
2944 3481 3260 3535 draconum
3294 3486 3432 3537 sunt
3473 3482 3611 3549 illic,
3640 3489 3814 3554 atque

295 3575 468 3624 κεῖται
500 3570 643 3645 ἀγὼν
678 3572 765 3624 καὶ
822 3570 1071 3646 πόλεμος
1115 3575 1185 3645 τῇ
1236 3574 1390 3646 ψυχῇ
1436 3572 1573 3646 πρὸς
1626 3573 1846 3635 αὐτοὺς.
1892 3582 1926 3629 Π

2180 3583 2212 3619 a
2243 3566 2514 3636 leonum;
2552 3568 2704 3639 ignis
2736 3569 3060 3624 accendens
3102 3571 3379 3626 animam.
3425 3572 3808 3636 Quemadmoc

289 3660 458 3732 ταμοί
493 3659 597 3713 εἶσι
658 3659 966 3734 δρακόντων
1039 3660 1170 3730 ἐκεῖ,
1218 3662 1307 3715 καὶ
1386 3663 1628 3735 στόματα
1713 3662 1919 3719 λεόντω

2169 3673 2251 3711 1m
2284 3674 2420 3729 ergo
2454 3662 2739 3727 perfectus
2770 3658 2829 3713 in
2865 3660 3019 3716 malo
3080 3664 3522 3731 oommittendo,
3556 3664 3800 3719 inebria-

289 3750 395 3819 πῦρ
474 3746 587 3802 ἐστι
676 3746 1016 3825 φλεγόμενον
1085 3749 1160 3809 είς
1225 3750 1324 3818 τήν
1408 3752 1614 3823 ψυχήν.
1685 3758 1884 3826 ’Ὠσπερ

2179 3764 2204 3802 s
2226 3747 2436 3818 spiritu
2468 3750 2703 3816 erroris,
2738 3749 3056 3806 homicidio
3098 3760 3195 3807 aut
3223 3753 3510 3808 adulterio
3556 3754 3810 3823 deditus,

284 3833 499 3898 τέλειος
555 3838 851 3898 κακοποιὸς
895 3836 1103 3910 μεθύων
1166 3838 1241 3898 εἰς
1289 3837 1353 3892 τὸ
1396 3843 1609 3911 πνεῦμα
1652 3846 1754 3908 τῆς
1785 3838 1915 3895 πλάη

2179 3838 2433 3893 saturari
2478 3840 2704 3894 malitia
2760 3840 3002 3909 nequit:
3037 3841 3119 3895 sic
3187 3856 3415 3912 quoque
3472 3841 3808 3911 Christiani,

284 3925 319 3998 ᾖ
353 3925 613 4002 φονεύων,
731 3926 1029 4001 μοιχεύων,
1062 3927 1351 4001 ἀκόρεστός
1384 3927 1525 3982 ἐστιν
1555 3927 1631 3989 εἷς
1679 3927 1742 3983 τὸ
1796 3950 1915 3983 κακι

2187 3928 2383 3997 ptizati
2416 3928 2473 3982 in
2504 3929 2787 3999 Spiritum
2812 3934 3107 3994 sanctum,
3143 3932 3318 3986 rudes
3350 3931 3610 3986 evadunt
3642 3932 3809 3989 vitio-

280 4012 455 4075 οὕτως
503 4014 593 4068 καὶ
648 4017 698 4069 οἱ
753 4015 1067 4087 Χριστιανοὶ
1119 4011 1545 4090 βεϐαπτισμένοι
1577 4017 1651 4079 εἷς
1681 4017 1743 4070 τὸ
1776 4022 1911 4072 Πνεῦ

2179 4032 2257 4070 m.
2293 4016 2399 4079 Qui
2430 4032 2561 4072 vero
2594 4018 2892 4073 consecuti
2942 4017 3192 4089 gratiam
3236 4020 3425 4075 adhuc
3457 4020 3807 4090 permiscen-

273 4104 337 4157 τὸ
391 4105 566 4179 ἅγιον,
636 4104 853 4179 ἄπειροι
905 4125 1147 4179 γινονται
1196 4109 1293 4160 τοῦ
1333 4105 1520 4163 κακοῦ.
1557 4107 1621 4163 Οἱ
1673 4104 1730 4161 δὲ
1773 4103 1898 4182 ἕχον

2174 4121 2199 4161 r
2229 4115 2480 4177 peccato,
2518 4106 2579 4161 hi
2633 4106 2741 4162 sub
2788 4110 2940 4162 metu
3002 4112 3155 4176 sunt,
3191 4113 3247 4164 et
3302 4126 3404 4180 per
3456 4109 3802 4167 formidabi-

277 4192 465 4267 χάριν,
522 4193 611 4247 κσὶ
670 4188 747 4247 ἔτι
811 4194 1139 4270 μεμιγμένοι
1196 4198 1263 4267 τῇ
1342 4195 1604 4268 ἁμαρτίᾳ,
1661 4196 1813 4250 οὗτοι
1890 4197 1908 4250 ί

1229 4198 1263 4267 ᾗ
1342 4195 1604 4268 ἁμαρτίᾳ,
1661 4196 1813 4250 οὗτοι
1890 4197 1992 4251 ὑπὸ
2103 4192 2217 4249 lem
2249 4195 2443 4251 locum
2474 4195 2584 4251 iter
2614 4196 2856 4251 faciunt.

276 4277 448 4357 φόϐον
480 4280 605 4350 εἶσὶ,
639 4281 728 4336 καὶ
765 4279 856 4337 διὰ
887 4279 1120 4360 φοϐερὸν
1148 4283 1315 4338 τόπον
1346 4280 1614 4341 ὁδεύουσι,

348 4373 419 4430 Δ’.
476 4373 724 4448 Καθάπερ
774 4373 878 4450 γὰρ
932 4373 983 4429 οί
1033 4369 1267 4449 ἔμποροι
1311 4373 1568 4437 πλέοντες
1616 4375 1712 4430 κᾶν
1759 4376 1979 4452 εὕρωσιν

2172 4374 2265 4429 IV.
2300 4372 2807 4436 Quemadmodum
2833 4372 2991 4427 enim
3055 4377 3405 4430 mercatores
3453 4376 3592 4432 dum
3636 4375 3798 4432 navi-

274 4460 415 4516 ῗδιον
472 4463 675 4536 ἄνεμον
735 4466 824 4519 καὶ
886 4464 1237 4539 γαληνιιῖλσαν
1297 4466 1398 4534 τήν
1467 4464 1762 4531 θάλασσαν,
1820 4470 1905 4540 μήτ

2164 4469 2260 4527 int,
2315 4464 2449 4518 licet
2495 4462 2649 4519 nacti
2702 4464 2823 4517 sint
2864 4464 3183 4519 secundum
3234 4470 3471 4521 ventum
3522 4472 3579 4521 et
3633 4471 3795 4522 tran-

271 4546 328 4604 δὲ
395 4551 668 4630 φθάσωσιν
730 4551 809 4613 εἰς
861 4554 954 4608 τὸν
1015 4551 1233 4625 λιμένα,
1292 4553 1375 4607 ἀεὶ
1434 4553 1538 4607 ὑπὸ
1613 4550 1783 4632 φόϐον
1861 4552 1902 4609 εἰ

2168 4552 2341 4608 ιίΙΙυιη
2377 4569 2555 4621 mare,
2593 4570 2695 4609 nec
2728 4554 2867 4609 dum
2893 4556 3254 4623 pervenerint
3283 4556 3354 4609 ad
3380 4560 3633 4624 portum,
3667 4573 3799 4611 con-

272 4642 474 4711 μήπως
535 4640 696 4719 ἄφνω
749 4641 990 4696 ἐναντίου
1034 4642 1345 4712 κινηθέντος
1395 4641 1595 4715 ἀνέμου
1639 4641 1903 4698 κλυδωνις

2162 4660 2261 4699 ιιιο
2284 4644 2395 4699 sub
2426 4648 2581 4697 metu
2642 4646 2801 4706 sunt,
2836 4658 2907 4698 ne
2956 4644 3269 4713 derepente
3307 4645 3595 4700 contrario
3645 4648 3793 4702 exci-

265 4729 300 4795 ἡ
363 4728 628 4795 θάλασσα,
661 4729 753 4784 καὶ
811 4728 1125 4805 κινδυνεύσῃ
1168 4731 1229 4785 τὸ
1287 4730 1482 4786 πλοῖον
1518 4749 1532 4765 ο
1590 4730 1734 4786 οὕτω
1791 4733 1881 4787 καὶ

2166 4738 2213 4789 to
2244 4738 2412 4787 vento
2471 4732 2747 4789 ﬂuctibus
2805 4748 2964 4788 mare
3020 4732 3297 4803 agitetur,
3333 4737 3390 4787 et
3422 4734 3584 4790 navis
3616 4734 3675 4791 in
3701 4751 3797 4806 pe-

268 4820 610 4887 Χριστιανοὶ,
646 4821 691 4874 εἰ
748 4822 836 4875 καὶ
896 4817 1114 4893 ἔχουσιν
1177 4822 1233 4877 ἐν
1292 4823 1478 4884 αὑτοῖς
1546 4821 1721 4878 αἴσιον
1786 4822 1899 4895 ἄνει

2166 4821 2342 4877 :ulum
2373 4820 2594 4876 incidat
2626 4836 2640 4875 :
2676 4820 2759 4876 sic
2777 4836 3009 4893 quoque
3030 4820 3367 4890 Christiani,
3392 4822 3525 4877 licet
3548 4822 3797 4882 habeant

264 4910 365 4962 τοῦ
426 4906 581 4981 ἁγίου
640 4910 950 4979 Ιῐνεύματος
1005 4908 1249 4966 πνέοντα.
1311 4911 1437 4966 αλλ’
1484 4910 1561 4967 ἔτι
1639 4913 1742 4968 ὑπὸ
1811 4912 1895 4990 φόί

2202 4927 2265 4967 se
2317 4926 2651 4980 prosperum
2708 4916 2945 4965 ventum
2996 4911 3181 4966 sancti
3241 4910 3495 4981 Spiritus
3534 4912 3791 4984 ﬂantem,

270 4996 396 5063 εἶσὶ,
454 4999 653 5069 μήπως
700 4998 728 5051 6
772 4996 966 5070 ἄνεμος
1025 5006 1125 5069 τῆς
1184 5000 1424 5064 ἐναντίας
1482 5000 1763 5076 δυνάμεως
1822 5024 1901 5058 πνι

2163 5000 2482 5057 hilominus
2522 5004 2808 5068 metuunt,
2852 5017 2923 5056 ne
2953 5000 3270 5072 aliquando
3302 5007 3508 5058 ventus
3557 5008 3794 5059 contra-

267 5106 336 5162 σῃ
397 5084 667 5155 ἐπελθὼν,
697 5088 787 5141 καί
844 5089 1091 5161 ταραχήν
1148 5110 1289 5144 τινα.
1316 5091 1406 5145 καὶ
1466 5088 1720 5147 κλύδωνα
1778 5095 1897 5163 κινή

2157 5108 2186 5147 s
2228 5092 2532 5162 potestatis
2590 5091 2770 5161 spiret
2817 5094 2878 5145 et
2934 5090 3223 5163 insurgat,
3264 5094 3323 5146 et
3378 5096 3788 5163 tempestatem

262 5182 383 5241 ταῖς
439 5178 645 5251 ψυχαῖς
702 5174 900 5233 αὐτῶν.
950 5174 1205 5247 Επουδῆς
1256 5176 1345 5233 οῦν
1391 5178 1614 5250 πολλῆς
1672 5181 1893 5259 χρεία,⁴

2157 5180 2409 5239 Iamdam
2459 5197 2524 5237 ac
2556 5179 2735 5236 ﬂutus
2766 5178 2978 5236 excitet
3007 5180 3225 5237 animis
3254 5197 3478 5237 eorum.
3530 5181 3788 5253 Diligen-

264 5267 555 5340 φθάσωμεν
615 5265 692 5326 εἰς
748 5267 838 5321 τὸν
912 5263 1109 5338 λιμένα
1155 5273 1254 5335 τῆς
1311 5270 1718 5336 καταπαύσεως,
1765 5270 1895 5332 εἷ’ςη

2154 5291 2168 5328 ι
2215 5286 2351 5342 ergo
2399 5285 2633 5326 summa
2680 5286 2848 5342 opus,
2896 5273 2961 5325 ut
2999 5269 3406 5342 perveniamus
3444 5271 3514 5326 ad
3557 5274 3785 5340 portum

262 5355 471 5413 τέλειον
524 5355 752 5431 κόσμον,
811 5355 887 5418 είς
953 5357 1054 5424 τήν
1111 5354 1329 5410 αἶ’ωνίαν
1381 5358 1524 5425 ζωὴν
1590 5358 1680 5414 καὶ
1736 5380 1893 5435 τρυφι

2153 5360 2328 5433 quiei,
2362 5362 2431 5415 ad
2468 5360 2755 5416 mundum
2800 5360 3142 5431 perfectum,
3191 5362 3260 5416 ad
3310 5361 3487 5416 vitam
3532 5363 3587 5414 et
3633 5357 3783 5413 deli-

262 5445 338 5508 εἷς
374 5448 474 5515 τὴν
509 5447 670 5503 πόλιν
702 5451 807 5503 τῶν
862 5445 1051 5521 ἁγίων,
1109 5446 1185 5505 εἷς
1243 5447 1343 5516 τήν
1391 5445 1713 5523 ἐπουράνιον
1773 5453 1893 5523 Ἱερι

2151 5468 2208 5507 as
2237 5455 2504 5516 aeternas,
2541 5450 2612 5505 ad
2648 5450 2939 5506 civitatem
2971 5454 3329 5514 sanctorum,
3378 5463 3443 5502 ac
3499 5444 3782 5501 cmlestem

265 5533 478 5610 σαλὴμ,
522 5537 599 5600 είς
652 5541 753 5609 τὴν
808 5535 1134 5608 Ἐκκλησίαν
1182 5539 1291 5592 τῶν
1344 5538 1727 5612 πρωτοτόκων.
1762 5538 1882 5595 Ἐάν

2156 5540 2486 5611 rusalem'“,
2528 5541 2600 5598 ad
2655 5540 2970 5597 Eeclesiam
3044 5536 3583 5611 primogenitorum.
3661 5534 3782 5592 Nisi

260 5716 309 5754 ⁸⁸
334 5716 455 5775 Gal.
490 5733 569 5788 ιν,
602 5720 653 5776 1.
729 5718 778 5757 ⁸⁸
811 5720 977 5779 Deut.
1008 5735 1089 5792 v1,
1118 5719 1172 5777 5.
1251 5719 1297 5758 ⁷ο
1331 5719 1535 5778 Matth.
1559 5736 1638 5790 v1,
1670 5720 1762 5777 21.
1796 5720 1839 5757 τί
1871 5722 1891 5778 l

777 5733 778 5741 ‘
811 5720 977 5779 Deut.
1008 5735 1089 5792 v1,
1118 5719 1172 5777 5.
1251 5719 1297 5758 7°
1331 5719 1535 5778 Matth.
1559 5736 1638 5790 v1,
1670 5720 1762 5777 21.
1796 5720 1839 5757 τί
1871 5721 2043 5780 Hebr.
2076 5738 2184 5793 xu,
2204 5721 2296 5791 22,
2319 5721 2408 5778 25.

3728 5952 3885 6039 Γ
