4130 6286
303 398 420 459 775

1629 397 1692 457 S.
1743 393 2068 456 MACARII
2112 390 2460 456 EGYPTII

3692 362 3810 424 776

300 547 433 587 vero
482 531 616 601 quis
645 529 863 602 gradus
900 528 1033 585 illos
1077 527 1393 595 transierit,
1450 543 1819 600 summopere
1868 543 1993 583 me-
2024 564 2038 602 λ

2151 527 2189 595 ἠ
2248 524 2433 600 διέλθῃ
2492 542 2578 585 τις
2618 518 2685 574 τὰ
2728 515 2896 589 μέτρα
2945 508 3167 602 έκεῖναζ
3196 502 3301 602 ὑπὸ
3350 494 3517 602 φόϐον
3570 495 3681 552 ἐστὶ
3710 514 3812 600 ποῖ

302 621 438 689 tuit,
471 637 542 676 ne
573 620 717 675 forte
760 620 981 675 interea
1021 617 1251 689 lapsum
1303 619 1616 689 quemdam
1669 618 2000 675 adversaria

302 715 564 782 potestas
594 709 892 767 moliatur.

376 800 444 853 V.
476 800 721 855 Perinde
775 816 909 854 vero
967 813 1034 855 ac
1067 798 1272 853 mulier
1321 814 1451 869 quae
1498 800 1782 869 concepit,
1843 799 2003 854 intus

306 888 484 944 habet
512 889 789 944 infantem
844 903 1016 943 suum
1056 887 1117 942 in
1165 888 1440 954 tenebris,
1475 893 1540 944 ut
1584 888 1664 944 ita
1693 888 1905 955 dicam,
1946 892 2006 943 et

310 979 494 1033 denso
538 976 708 1032 loco:
760 976 809 1031 si
850 993 980 1032 vero
1037 977 1409 1047 postmodum
1463 978 1764 1049 contingat
1805 975 2003 1048 egredi

309 1082 556 1139 puerum
622 1070 883 1135 tempore
947 1065 1164 1135 debito,
1204 1066 1463 1121 intuetur
1518 1082 1728 1121 novam
1788 1069 2006 1120 creatu-

311 1172 458 1224 ram,
501 1171 676 1227 quam
722 1172 1022 1225 nunquam
1067 1155 1307 1222 viderat,
1342 1156 1495 1223 cceli,
1527 1164 1688 1211 terra:
1743 1160 1800 1210 et
1847 1154 2008 1220 solis,

312 1251 369 1303 et
411 1244 580 1301 amici
638 1250 812 1315 atque
865 1244 1093 1316 cognati
1141 1245 1413 1301 continuo
1472 1245 1646 1301 hilari
1693 1245 1858 1301 vultu
1916 1260 2012 1299 ex-

314 1336 534 1405 cipiunt
574 1350 706 1389 eum
755 1336 815 1389 in
857 1335 1071 1390 ulnas:
1121 1336 1277 1405 quod
1338 1335 1388 1390 si
1444 1351 1577 1391 vero
1628 1335 1927 1405 conlingat
1983 1349 2017 1388 a

315 1425 657 1481 confusione
687 1424 937 1495 quadam
960 1423 1156 1478 divelli
1204 1412 1361 1479 intus
1390 1424 1700 1490 infantem,
1743 1439 2016 1479 necessa-

318 1515 405 1570 rio
435 1518 724 1584 superest,
758 1517 822 1567 ut
863 1513 935 1567 ad
997 1512 1104 1567 hoc
1160 1513 1463 1567 constituti
1522 1513 1732 1568 medici
1781 1510 2014 1568 cultello

321 1609 584 1671 utantur,
679 1602 873 1673 itaque
937 1601 1390 1671 deprehenditur
1464 1608 1654 1672 postea
1721 1602 1913 1657 infans
1986 1618 2021 1656 a

322 1697 506 1749 morte
541 1694 601 1747 in
634 1698 878 1747 mortem
913 1707 1170 1763 pergere,
1203 1708 1236 1746 a
1278 1691 1528 1747 tenebris
1584 1692 1645 1746 in
1699 1690 1970 1746 tenebras
2002 1706 2017 1747 :

322 1784 408 1840 sic
467 1783 663 1854 accipe
719 1797 950 1853 quoque
1005 1780 1064 1835 in
1155 1797 1214 1836 re
1288 1781 1602 1853 spirituali,
1677 1781 2023 1851 Quicunque

323 1876 710 1942 susceperunt
740 1887 934 1927 semen
1003 1870 1340 1939 divinitatis,
1399 1872 1459 1926 hi
1516 1871 1797 1926 invisibili
1849 1872 2022 1926 modo
2055 1904 2101 1969 Β

325 1962 588 2020 obtinent
614 1959 784 2027 illud,
811 1965 869 2015 et
913 1964 1147 2030 pr0pter
1195 1959 1529 2015 inhabitans
1561 1960 1672 2015 sibi
1724 1965 2024 2031 peccatum

324 2052 386 2107 in
417 2050 796 2105 tenebricoeis
822 2055 879 2103 et
938 2048 1220 2103 timendis
1249 2047 1395 2105 locis
1451 2049 1763 2104 occultant.
1797 2050 1856 2104 Si
1890 2065 2024 2121 ergo

326 2140 593 2194 muniant
622 2154 685 2193 se
712 2137 896 2208 ipsos,
926 2142 985 2191 et
1021 2141 1364 2191 conservent
1411 2153 1633 2201 semen,
1688 2138 1782 2192 isti
1831 2135 2026 2192 debito

324 2232 588 2298 tempore
617 2226 949 2298 producunt
1003 2226 1062 2280 in
1112 2226 1406 2295 |ucem,et
1454 2227 1694 2281 tandem
1731 2227 1789 2281 in
1841 2227 2029 2280 disso-

323 2316 547 2372 lutione
604 2314 882 2386 corporis,
928 2313 1119 2385 angeli
1170 2318 1227 2370 et
1282 2330 1487 2370 omnes
1563 2314 1805 2386 superni
1862 2313 2029 2370 chori

328 2407 457 2460 laeto
496 2404 659 2459 vultu
716 2403 1009 2473 excipiunt
1065 2403 1216 2458 illos.
1262 2404 1319 2459 Si
1360 2420 1492 2460 vero
1550 2404 1684 2475 quis
1739 2403 2024 2473 susceptis

328 2496 506 2550 armis
529 2493 742 2549 Christi
764 2495 833 2546 ad
886 2492 1102 2547 bellum
1157 2494 1378 2548 fortiter
1428 2495 1771 2565 gerendum,
1827 2509 2023 2549 socor-

329 2586 422 2641 dia
445 2583 733 2648 difﬂuerit,
765 2582 1053 2651 ejusmodi
1102 2582 1199 2651 qui
1235 2588 1347 2650 est,
1380 2599 1558 2654 quam
1613 2584 1865 2654 primum
1916 2588 2027 2637 tra-

330 2675 490 2730 ditur
518 2672 806 2738 hostibus,
838 2677 894 2725 et
934 2671 992 2724 in
1046 2670 1430 2726 dissolutione
1486 2673 1742 2741 corporis
1772 2690 1803 2726 a
1864 2679 2031 2728 tene-

332 2764 479 2829 bris,
511 2778 640 2828 quae
674 2776 826 2814 nunc
857 2760 1357 2830 comprehendunt
1386 2760 1573 2829 illum,
1628 2763 1685 2816 in
1716 2763 1866 2817 alias
1911 2778 2031 2817 mo-

335 2855 602 2910 lestiores
633 2850 903 2905 tenebras
932 2856 987 2905 et
1016 2851 1077 2906 in
1104 2850 1398 2905 interitum
1434 2852 1641 2923 pergit.

406 2943 498 2998 Vl.
534 2941 779 2997 Perinde
809 2957 941 2996 vero
972 2957 1037 2996 ac
1086 2941 1135 2995 si
1185 2941 1263 2996 sit
1320 2941 1542 3010 hortus,
1578 2943 1867 3000 arboritus
1920 2945 2033 2999 fru-

337 3035 555 3092 ctiferis
588 3038 642 3088 et
690 3032 819 3086 aliis
855 3031 1252 3103 fragrantibus
1286 3032 1499 3103 plantis
1548 3034 1832 3100 consitus,
1857 3038 2032 3105 atque

340 3142 441 3196 per
495 3122 694 3178 omnia
742 3122 890 3177 bene
941 3120 1204 3176 excultus
1262 3126 1318 3175 et
1374 3127 1710 3191 exornatus,
1774 3124 2043 3179 munitus

342 3230 569 3287 quoque
603 3230 702 3284 pro
752 3212 923 3280 vallo,
956 3212 1161 3283 exiguo
1196 3213 1415 3282 pariete
1445 3218 1824 3269 conservante
1866 3230 1999 3270 eum
2028 3230 2041 3268 :

2112 582 2232 685 λὺν,
2296 582 2493 689 primo):
2548 609 2600 665 έν
2660 582 2739 677 τῷ
2807 600 3003 676 μεταξὺ
3061 591 3264 650 πτῶσίν
3324 610 3445 647 τινα
3493 590 3528 658 ἦ
3597 582 3815 659 πονηρᾶ

2111 704 2341 780 δύναμις
2364 706 2684 779 ἐργάσηταιο
2937 777 2992 784 η
3056 771 3082 784 Δ
3121 779 3147 784 _
3278 771 3291 784 ,
3364 772 3377 784 ,
3451 767 3474 784 ,,
3634 766 3648 784 ς
3692 766 3721 784 η
3774 764 3787 784 ι

2320 766 2525 866 ’Ὥσπερ
2558 766 2642 844 ἰδὲ
2697 784 2834 860 γυνή
2870 771 3221 836 συλλαϐοῦσα
3273 771 3418 866 έντδς
3450 767 3569 866 έᾉει
3597 766 3819 866 τὸιβρὲ-

2114 909 2212 966 cpe:
2274 885 2441 954 αὐτῆς
2492 857 2543 937 έν
2605 873 2807 945 σκότει,
2850 873 2925 933 ὡς
2983 866 3177 932 εἴπεῖν,
3218 863 3307 918 καὶ
3368 857 3569 917 ὑλώδει
3613 857 3769 926 τόπῳ
3803 872 3820 888 ⁸

2860 960 2898 966 ⁸-
2942 958 2959 966 ⁸
2986 960 3003 966 ⁸
3043 962 3065 966 ’⁸
3194 953 3206 966 ³
3366 949 3414 966 (\l
3535 948 3550 966 9
3649 943 3695 966 δ’
3776 965 3796 966 η

2116 943 2210 1033 iam.
2253 974 2311 1030 δὲ
2359 943 2543 1046 σῦμϐῇ
2597 943 2799 1024 λοιπὸν
2859 958 3091 1033 ἐξελθεῖν
3148 953 3211 1009 τό
3262 949 3477 1007 παιδίον
3532 948 3587 1003 έν
3646 943 3825 1000 δέοντι

2116 1071 2315 1140 καιρῷ,
2350 1062 2539 1140 βλέπει
2597 1057 2768 1114 κτίσιν
2812 1047 3149 1122 καινοτέραν,
3212 1045 3278 1113 ἢν
3340 1038 3603 1096 οὐδέποτε
3660 1034 3827 1106 εἶδεν,

2121 1124 2375 1221 οὐόανόῦι,
2405 1150 2497 1206 καὶ
2544 1154 2667 1223 γῆς,
2728 1144 2818 1199 καὶ
2875 1138 3091 1209 ἡλίομο
3123 1133 3213 1189 καὶ
3255 1131 3408 1192 εὐθὺς
3459 1129 3510 1183 οἱ
3552 1125 3704 1186 φίλοι
3736 1124 3828 1178 καὶ

2123 1210 2399 1322 συίίγενεῖς
2448 1210 2751 1314 ἱλαρῷ-τῷ
2801 1231 3080 1305 προσώπῳ
3130 1222 3382 1300 δέχονται
3428 1218 3559 1321 αότὸ
3609 1216 3684 1277 εἷς

2122 1305 2365 1410 ἀγκάλας
2398 1348 2411 1360 ⁸
2446 1305 2559 1383 ἐὰν·
2597 1305 2652 1379 δὲ
2712 1305 2899 1395 συμϐῇ
2962 1315 3063 1370 ὑπὸ
3122 1312 3341 1381 ἀταξίας
3389 1308 3533 1368 τινὸς
3583 1305 3831 1370 σπασθῆ-

2124 1395 2213 1479 ναι
2274 1416 2421 1475 ἔνδον
2453 1419 2516 1473 τὸ
2547 1412 2792 1481 παιδίον,
2845 1408 3051 1483 ἀνάγκη
3096 1402 3293 1459 λοιπὸν
3356 1398 3484 1458 τοὺς
3541 1395 3617 1456 εἷς
3667 1396 3829 1446 τοῦτο

2124 1510 2490 1587 τεταγμένους
2553 1502 2766 1579 ἰατροὺς
2826 1499 2964 1576 ξίφει
3018 1492 3380 1570 χρήσασθαι·
3467 1483 3559 1587 καὶ
3637 1482 3834 1537 λοιπὸν

2129 1575 2434 1672 εὑρίσκεται
2481 1596 2543 1650 τὸ
2591 1589 2813 1649 παιδίον
2875 1585 2982 1641 ἀπὸ
3030 1582 3260 1638 θανάτου
3304 1578 3379 1640 εἷς
3436 1575 3658 1631 θάνατον
3710 1590 3834 1672 χοὶ-

2132 1656 2280 1764 ροιῦν,
2314 1690 2400 1742 καὶ
2442 1685 2548 1740 ἀπὸ
2613 1682 2841 1742 σκότους
2907 1676 2980 1737 εἷς
3039 1668 3231 1733 σκότος
3276 1688 3289 1702 ο
3350 1666 3527 1727 οὕτως
3597 1656 3838 1717 ἀνέλαϐε

2129 1751 2219 1835 καὶ
2252 1778 2328 1839 εἷς
2376 1778 2439 1831 τὸ
2470 1769 2857 1846 πνευματικόν.
2886 1769 3039 1821 Ὅσοι
3103 1758 3421 1829 ὑπεδέξαντο
3486 1755 3577 1809 τὸν
3634 1751 3839 1846 σπόρον

2130 1873 2229 1938 τῆς
2286 1866 2568 1935 θεότητος,
2617 1861 2767 1915 οὗτοι
2825 1855 3079 1932 ἀοράτως
3120 1848 3339 1924 ἔχουσιν
3390 1843 3573 1912 αὐτὸν,
3603 1841 3690 1938 καὶ
3748 1836 3842 1893 διὰ

2132 1925 2231 2028 την
2276 1958 2531 2011 σύνοικοι)
2597 1947 2862 2024 ἁμαρτίαν
2941 1945 2994 1998 ἐν
3054 1941 3354 1997 σκοτεινοῖς
3428 1932 3519 1986 καὶ
3581 1925 3840 2009 φοϐεροῖς

2132 2018 2324 2106 τόποις
2376 2018 2733 2119 κρύπτουσιν.
2791 2034 2919 2091 Ἐὰν
2980 2029 3071 2085 οὖν
3138 2024 3549 2101 ἀσφαλίσωνται
3594 2018 3841 2084 ἑαυτούς,

2135 2135 2224 2191 καὶ
2282 2110 2567 2207 τηρησωσι
2624 2128 2685 2182 τὸ
2735 2124 2971 2199 σπέρμα,
3014 2120 3166 2174 οὗτοι
3224 2118 3329 2207 τίς)
3416 2110 3591 2207 δέοντι
3655 2111 3843 2207 καιρῷ

2137 2195 2530 2302 ἀναγεννῶντες
2590 2218 2665 2280 εἷς
2722 2217 2783 2271 τὸ
2842 2211 3091 2291 φανερὸν,
3147 2206 3236 2262 καὶ
3286 2203 3483 2259 λοιπὸν
3535 2201 3584 2255 έν
3618 2202 3685 2271 τῇ
3718 2195 3845 2252 δια-

2137 2288 2293 2371 λόσέι
2325 2317 2421 2367 τοῦ
2454 2311 2709 2382 σώματος
2740 2305 2792 2360 οἳ
2823 2302 3051 2379 ἄγγελοι
3083 2298 3172 2353 καὶ
3203 2297 3399 2357 πάντες
3430 2295 3481 2347 οἳ
3536 2288 3647 2345 ἅνω
3680 2289 3846 2382 χοροὶ

2132 2405 2353 2479 ’ίλαροῖς
2412 2374 2730 2475 προσώποις
2811 2374 3213 2468 προσδέχονται
3288 2381 3508 2443 αὐτοὺς.
3578 2378 3699 2434 Ἐὰν
3786 2374 3847 2430 δὲ

2144 2468 2541 2565 ὑπόδεξάμενος
2579 2489 2648 2542 τὰ
2704 2483 2850 2540 ὅπλα
2906 2486 3003 2537 τοῦ
3052 2480 3288 2554 Χριστοῦ
3321 2473 3395 2534 εἷς
3432 2472 3495 2526 τὸ
3527 2468 3844 2565 πολεμῆσαι

2145 2553 2403 2656 ἀνδρείως
2462 2578 2746 2654 χαυνωθῇ,
2796 2572 2993 2630 εὐθέως
3061 2570 3089 2622 ὁ
3166 2568 3419 2623 τοιοῦτος
3486 2553 3843 2656 παραδίδοται

2143 2643 2259 2731 τοῖς
2318 2643 2564 2743 ἐχθροῖς,
2604 2664 2694 2719 καὶ
2753 2662 2806 2716 έν
2863 2664 2932 2733 τῇ
2992 2655 3234 2712 διαλύσει
3275 2655 3372 2707 τοῦ
3420 2650 3675 2720 σώματος
3736 2643 3841 2743 ἀπὸ

2147 2730 2385 2819 σκότοὺς
2419 2730 2515 2810 τοῦ
2555 2758 2642 2807 νῦν
2702 2746 3054 2823 περιέχοντος
3112 2742 3271 2798 αὐτὸν
3333 2738 3410 2799 εἷς
3474 2734 3615 2790 ἄλλο
3673 2730 3839 2806 χαλε-

2146 2849 2395 2922 πώτερον
2429 2842 2619 2904 σκότος
2652 2843 2827 2915 χωρεῖ
2856 2835 2945 2891 καὶ
2977 2832 3277 2889 ἀπώλειαν.

2221 2913 2316 3011 ς”ξ
2346 2938 2552 3006 υΩσπερ
2606 2913 2789 2985 δέήέἂιν
2832 2926 2867 3000 ᾗ
2914 2920 3241 3011 παράδεισος
3292 2916 3439 3011 ξχών
3491 2913 3665 3011 δένδρα
3699 2928 3833 3011 ξαρ-

2149 2998 2383 3102 ποιρόρα,
2425 2998 2533 3077 καί
2574 3016 2718 3075 ἄλλα
2764 2998 2903 3096 φυτά
2968 2998 3171 3081 εῦώδη,
3363 3005 3517 3102 ὅλως
3658 2998 3845 3102 καλῶς

2151 3089 2503 3189 εἷρίγαισμένος
2540 3110 2630 3165 καὶ
2682 3089 3221 3184 πετριλοκαλημένος,
3290 3092 3435 3189 ἔχῃ·
3474 3091 3532 3189 δὲ
3604 3089 3691 3145 καὶ
3758 3109 3853 3189 Fat:

2153 3172 2282 3280 xpo'v
2329 3172 2516 3276 τεῖχος
2564 3198 2680 3254 ἀντὶ
2741 3172 2985 3270 θ’ριγγίου
3043 3172 3317 3266 φυλάσσον
3379 3183 3560 3280 αὐτόν.
3596 3198 3608 3211 ·
3670 3172 3855 3280 συμϐῇ

349 3268 444 3287 τη
477 3268 495 3285 .
526 3268 561 3270 η
604 3268 619 3284 ι
910 3268 922 3280 ι
1048 3268 1082 3283 υ
1197 3268 1212 3282 .
1546 3268 1549 3269 ν
1600 3268 1609 3269 κ
1878 3268 1888 3270 ~

342 3304 641 3373 contingat
668 3317 803 3356 vero
836 3300 1077 3355 ﬂuvium
1135 3301 1396 3371 rapidum
1452 3302 1571 3358 illic
1627 3307 2038 3370 transcurrere,

2158 3268 2214 3352 δέ
2270 3293 2380 3349 ἐκεῖ
2428 3289 2672 3363 ποταμὸν
2734 3288 3059 3362 ὁρμητιαῖον
3127 3278 3457 3353 διέρχεσθαι,
3516 3271 3566 3327 εἲ
3620 3268 3708 3324 καὶ
3758 3289 3861 3373 ,μι-

344 3393 482 3447 licet
522 3391 814 3444 modicum
850 3406 1018 3459 aqua;
1061 3389 1264 3445 allidat
1297 3391 1527 3461 parieti,
1562 3392 1885 3463 corrumpit
1916 3393 2047 3447 fun-

345 3482 704 3543 damentum,
755 3484 1104 3547 sumptaque
1179 3479 1486 3533 eductione
1563 3480 1837 3548 paulatim
1923 3482 2044 3536 dis-

343 3569 536 3631 solvit,
620 3574 789 3636 alque
873 3566 1101 3619 irruens
1191 3566 1451 3635 effringit
1552 3568 1837 3638 exstirpat
1929 3586 2052 3625 om-

344 3673 448 3713 nes
482 3655 735 3726 plantas,
776 3658 831 3709 et
881 3654 1217 3709 universam
1267 3655 1557 3711 culturam
1607 3656 1776 3725 delet,
1827 3664 1882 3712 et
1930 3663 2048 3714 ste-

344 3746 513 3801 rilem
544 3742 725 3799 reddit
761 3760 773 3796 :
809 3742 891 3798 sic
916 3760 1150 3815 quoque
1168 3760 1230 3798 se
1260 3743 1433 3799 habet
1456 3761 1554 3800 cor
1578 3745 1834 3803 hominis
1869 3764 1881 3801 :
1917 3766 2050 3819 pos-

347 3835 498 3891 sidet
553 3833 932 3904 cogitationes
1020 3833 1339 3889 honestas:
1402 3836 1868 3907 appropinquant
1918 3854 2049 3894 vero

347 3923 506 3980 cordi
576 3929 851 3993 perpetuo
914 3926 971 3977 et
1025 3922 1184 3976 ﬂuvii
1240 3923 1531 3993 vitiorum,
1591 3925 1849 3981 volentes
1907 3926 2049 3982 illud

349 4014 619 4083 dejicere,
649 4010 914 4083 atquein
946 4027 1108 4066 suam
1167 4018 1385 4082 partem
1449 4014 1800 4083 protrahere.
1859 4015 2052 4087 Itaque

350 4107 398 4160 si
439 4103 592 4158 I39
625 4101 858 4157 animus
892 4101 1201 4172 paululum
1253 4102 1397 4160 levis
1429 4104 1638 4171 factus,
1683 4105 1963 4162 iIlabatur
1992 4106 2052 4161 in

350 4195 616 4263 impuras
668 4190 1073 4261 cogitationes,
1138 4208 1269 4247 ecce
1349 4199 1698 4263 acceperunt
1773 4195 2052 4265 pabulum

349 4284 596 4352 spiritus
638 4281 874 4348 erroris,
907 4280 1236 4351 etingressi
1286 4289 1621 4336 everterunt
1665 4282 1825 4338 illius
1875 4300 2054 4338 orna-

351 4376 570 4437 menta,
620 4370 1037 4440 exstinctisque
1086 4370 1255 4425 bonis
1300 4370 1751 4441 cogitationibus
1798 4372 2054 4429 animam

354 4462 748 4515 devastarunt.

428 4550 549 4606 VII.
584 4549 1089 4615 Quemadmodum
1121 4565 1254 4605 vero
1328 4550 1535 4606 oculus
1567 4550 1834 4607 omnium
1869 4568 2058 4608 mem-

2155 3386 2283 3460 κρὸν
2338 3387 2436 3437 τοῦ
2493 3378 2685 3439 ὓδατος
2734 3372 3095 3451 προσκρούσει
3150 3373 3225 3440 τῷ
3281 3366 3483 3439 τοίχῳ,
3544 3357 3860 3460 ὑποφθείρὶει

2153 3447 2245 3530 τδν
2305 3470 2580 3545 θεμέλιον,
2623 3447 2893 3539 λαμϐάνει
2949 3460 3201 3536 ἀγωγὴν,
3258 3455 3401 3545 καί,
3441 3451 3580 3507 κατά
3648 3447 3861 3545 μικρὸν

2158 3564 2276 3621 λύει
2332 3537 2422 3617 τδν
2471 3557 2744 3633 θεμέλιον,
2796 3554 2885 3609 καὶ
2944 3548 3199 3606 εἰσελθών
3253 3544 3534 3619 διαρῥήσει
3574 3539 3666 3594 καὶ
3712 3537 3860 3609 ἐκρι-

2160 3659 2245 3724 ζοῖ
2282 3652 2456 3707 πάντα
2502 3648 2568 3702 τὰ
2615 3645 2773 3725 φυτὰ,
2802 3644 2891 3698 καὶ
2941 3641 3079 3711 ὅλην
3135 3640 3237 3708 τὴν
3286 3633 3538 3711 ἐργασίαν
3594 3626 3860 3706 ἀφανίζει,

2158 3746 2247 3799 καὶ
2305 3742 2545 3807 ἄκαρπον
2596 3742 2791 3793 ποιεῖ·
2853 3735 3027 3793 οὕτως
3087 3730 3197 3785 ἐστὶ
3257 3727 3349 3782 καὶ
3395 3726 3430 3795 ἡ
3491 3719 3689 3807 καρδία
3761 3721 3860 3772 τοῦ

2159 3832 2466 3907 ἀνθρώπου.
2499 3834 2656 3903 Ἔχει
2685 3824 2811 3884 τοὺς
2842 3818 3147 3896 λογισμοὺς
3184 3815 3310 3876 τοὺς
3361 3810 3588 3880 καλοὺς,
3620 3805 3866 3876 πλησιά-

2163 3898 2314 3990 ζουσι
2346 3916 2402 3972 δὲ
2451 3916 2679 3971 πάντοτε
2708 3911 2797 3967 καὶ
2856 3910 2909 3964 οἱ
2970 3905 3214 3979 ποταμοὶ
3242 3909 3341 3971 τῆς
3392 3898 3584 3990 κακίας
3621 3898 3689 3990 τῇ
3725 3911 3867 3990 iap-

2164 4010 2271 4084 δίᾳ,
2303 4009 2546 4069 θέλοντες
2596 4004 2761 4073 αὐτὴν
2814 3996 3139 4057 καταϐαλεῖν
3188 3995 3278 4051 καὶ
3329 3993 3480 4068 ῥίψαι
3517 3988 3591 4050 εἰς
3633 3987 3693 4040 τὸ
3724 3982 3865 4038 ἴδιον

2169 4074 2352 4178 pé'P'oq,
2393 4098 2589 4154 λοιπὸν
2641 4092 2797 4167 ἐδινῇ
2856 4090 3047 4165 μικρὸν
3108 4082 3588 4178 κοῦφος-ὁῇνοῦς,
3618 4074 3710 4178 καὶ

2163 4164 2279 4254 ’τοῖς
2336 4164 2659 4261 ἀκαθάρτοις
2718 4164 3039 4256 λογισμοῖς,
3098 4174 3216 4231 ἰδοὺ
3292 4164 3491 4227 ἔλαϐον
3545 4166 3722 4261 νομὴν
3776 4164 3871 4261 ,ιὰ

2164 4280 2446 4352 πνεύματα
2490 4253 2591 4344 τῆς
2629 4253 2867 4342 πλάνης,
2897 4269 2989 4324 καὶ
3043 4263 3299 4335 εἰσῆλθον
3356 4258 3449 4314 καὶ
3506 4253 3867 4353 κατέστρεψαν

2164 4371 2231 4425 τὰ
2278 4344 2388 4422 ἐκεῖ
2434 4363 2642 4433 κάλλη,
2699 4360 2955 4430 ἠσᾶνισαν
3024 4354 3151 4416 τοὺς
3231 4350 3465 4425 ἀγαθοὺς
3540 4344 3869 4417 λογισμοὺς,

2166 4460 2255 4514 καὶ
2277 4457 2386 4528 ήόή
2399 4474 2582 4528 μωσαν
2611 4452 2709 4520 τήν
2746 4450 2954 4524 ψυχήν.

2239 4554 2308 4604 Ζ’.
2355 4548 2561 4616 ’Ὠσπερ
2619 4539 2759 4595 ἐστὶν
2820 4540 2848 4592 ὁ
2906 4533 3192 4613 ὀφθαλμὸς
3255 4531 3450 4606 μικρὸς
3508 4538 3635 4606 παρ’
3665 4531 3768 4588 ὅλα
3804 4533 3873 4588 τὰ

354 4641 594 4695 brorum
635 4644 725 4694 est
757 4638 1057 4707 minimus,
1089 4643 1147 4693 et
1174 4638 1301 4709 ipsa
1359 4640 1601 4711 pupilla,
1635 4657 1762 4711 qua!
1800 4646 1889 4697 est
1938 4643 2038 4697 exi-

2169 4637 2336 4713 μέλη,
2402 4636 2493 4690 καὶ
2561 4632 2697 4699 αὐτὴ
2764 4632 2799 4699 ἡ
2861 4629 3009 4713 κόρη,
3073 4624 3241 4713 μικρᾶ
3290 4621 3464 4713 -οῦσα,
3538 4623 3871 4713 μέγαηέστὶ

357 4745 470 4801 gua
499 4734 587 4784 est
642 4745 744 4783 vas
799 4729 1001 4798 ingens
1034 4744 1047 4783 :
1080 4727 1339 4784 intuetur
1386 4730 1539 4784 enim
1588 4747 1704 4786 uno
1762 4739 2057 4788 momento

359 4817 592 4883 coelum,
643 4822 821 4878 astra,
854 4816 1054 4885 solem,
1090 4817 1316 4879 lunam.
1347 4820 1544 4887 urbes,
1595 4826 1651 4875 et
1706 4820 1847 4875 alias
1906 4838 2061 4878 crea-

358 4911 573 4961 turas:
635 4906 837 4960 eodem
897 4922 1131 4975 quoque
1195 4907 1386 4974 modo,
1446 4924 1570 4978 qua:
1624 4909 2065 4979 conspiciuntur

362 5013 479 5052 uno
502 4998 822 5065 eodemque
856 5000 1173 5063 momento,
1202 4995 1263 5051 in
1301 4995 1402 5052 illa
1432 5014 1608 5067 parva
1651 5000 1875 5070 pupilla
1910 5000 2062 5055 oculi

360 5084 690 5143 formantur
719 5087 775 5137 et
806 5082 1166 5152 efﬁnguntur
1198 5102 1211 5140 :
1245 5084 1329 5139 sic
1348 5100 1575 5155 quoque
1602 5103 1664 5143 se
1695 5104 1860 5143 mens
1894 5088 2065 5144 habet

362 5177 419 5233 in
454 5171 625 5230 corde
658 5187 673 5227 :
708 5172 1019 5243 ipsumque
1069 5188 1165 5228 cor
1194 5178 1283 5229 est
1315 5190 1413 5230 vas
1445 5176 1739 5246 quoddam
1791 5178 2062 5248 exiguum

362 5267 561 5339 ibique
590 5266 730 5319 sunt
759 5262 1056 5332 dracones,
1087 5263 1166 5317 ibi
1221 5264 1439 5333 leones,
1473 5265 1553 5320 ibi
1605 5282 1907 5324 venenosae
1965 5269 2066 5324 be—

363 5358 510 5418 stiae,
546 5354 626 5409 ibi
660 5351 857 5409 cuncti
890 5351 1157 5408 vitiorum
1192 5352 1454 5409 thesauri
1489 5370 1503 5409 :
1535 5354 1618 5411 ibi
1649 5372 1877 5428 quoque
1904 5374 2067 5430 aspe-

364 5463 440 5502 ra:
472 5448 525 5499 et
574 5441 886 5497 salebrosa:
928 5439 1053 5507 vias,
1102 5439 1179 5496 ibi
1232 5440 1598 5511 praecipitia:
1645 5445 1846 5500 itidem
1892 5462 1923 5500 e
1972 5445 2065 5499 di-

362 5549 550 5600 verso,
601 5531 682 5586 ibi
738 5535 828 5587 est
858 5530 1030 5593 Deus,
1057 5530 1133 5585 ibi
1193 5546 1424 5602 quoque
1466 5532 1676 5603 angeli,
1712 5533 1790 5588 ibi
1848 5536 1965 5589 vita
2012 5541 2066 5590 et

366 5636 635 5694 regnum,
664 5619 743 5673 ibi
778 5620 972 5674 lumen
1008 5624 1064 5674 et
1109 5620 1374 5690 apostoli,
1416 5619 1495 5674 ibi
1526 5620 1784 5677 thesauri
1815 5622 2013 5692 gratiae
2047 5640 2061 5678 :

367 5714 449 5775 ibi
492 5714 631 5770 sunt
661 5710 875 5768 omnia.
937 5710 1439 5775 Quemadmodum
1498 5710 1655 5766 enim
1711 5715 1800 5769 est
1850 5712 2065 5773 nebula

2162 4711 2350 4787 σκεῦος
2385 4743 2399 4757 ’
2455 4721 2646 4797 βλέπει
2702 4718 2802 4795 γὰρ
2854 4717 2939 4793 ὑφ’
2987 4712 3064 4785 ἓν,
3116 4711 3365 4789 οὐρανὸν,
3413 4712 3626 4787 ἀστέρα,
3684 4711 3869 4781 ἥλιον,

2162 4815 2414 4885 σελήνην,
2477 4808 2668 4869 πόλεις
2729 4807 2816 4860 καὶ
2897 4801 3044 4858 ἄλλα
3099 4802 3371 4875 κτίσματα
3431 4820 3444 4835 ·
3505 4800 3724 4873 ὁμοίως
3780 4801 3871 4855 καὶ

2175 4904 2308 4960 αὖτά
2361 4902 2427 4956 τὰ
2483 4899 2735 4972 ὁρώμενα
2793 4894 2896 4948 ὑπὸ
2952 4890 3130 4959 τὸὲν,
3191 4894 3260 4962 τῇ
3326 4896 3492 4965 μικρᾷ
3561 4891 3696 4965 κόρῃ
3773 4892 3873 4943 τοῦ

2173 4991 2461 5070 ὀφθαλμοῦ
2518 4989 2902 5063 ἐμμορφοῦται
2951 5002 3040 5037 και
3082 4979 3459 5049 ἐνεικονίζεται
3494 5000 3506 5013 ’
3550 4978 3721 5041 οὕτως
3761 4977 3873 5033 ἐστὶ

2172 5066 2261 5137 καὶ
2302 5083 2330 5136 ὁ
2371 5085 2495 5142 νοῦς
2526 5078 2602 5142 εἷς
2630 5079 2727 5145 τήν
2764 5070 3010 5148 καρδίαν.
3044 5070 3144 5125 Καὶ
3190 5068 3324 5139 αὐτὴ
3363 5071 3397 5138 ἡ
3429 5066 3649 5141 καρδία,
3682 5068 3875 5142 μικρόν

2173 5172 2415 5233 τισκεῦός
2446 5170 2576 5237 ἐστι,
2608 5169 2697 5222 καὶ
2730 5167 2842 5221 ἐκεῖ
2888 5166 2941 5217 o't
2988 5159 3301 5237 δράκοντες,
3330 5158 3420 5213 καὶ
3472 5158 3584 5214 ἐκεῖ
3630 5159 3681 5213 o't
3729 5156 3877 5212 λέον-

2171 5284 2280 5329 τες,
2305 5260 2415 5316 ἐκεῖ
2444 5261 2510 5314 τὰ
2541 5252 2736 5313 ἷόϐόλα
2766 5252 2952 5328 θηρία,
2982 5251 3071 5307 καὶ
3104 5249 3229 5306 ὅλοι
3260 5251 3310 5304 ο⁹ι
3357 5248 3620 5323 θησάυροὶ
3651 5254 3749 5317 τῆς
3777 5268 3877 5301 κα-

2172 5355 2292 5418 κίας
2324 5374 2335 5385 ·
2370 5350 2462 5406 καὶ
2502 5349 2613 5404 ἐκεῖ
2643 5348 2696 5402 αἱ
2737 5350 2989 5421 τραχεῖαι
3036 5341 3127 5397 καὶ
3176 5338 3466 5413 ἀνώμαλοι
3500 5337 3643 5406 ὁδοὶ,
3674 5338 3783 5393 ἐκεῖ
3822 5337 3876 5390 αἱ

2175 5445 2441 5522 φάραγγες
2475 5462 2487 5474 ο
2550 5440 2761 5511 ὁμοίως
2817 5435 2982 5492 πάλιν
3013 5433 3123 5488 ἐκεῖ
3153 5433 3180 5486 ὁ
3236 5432 3387 5499 Θεὸς,
3428 5429 3540 5484 ἐκεῖ
3576 5428 3665 5483 καὶ
3702 5428 3753 5481 οἱ
3788 5429 3878 5501 ἅγ-

2171 5516 2347 5610 valor,
2408 5531 2517 5585 ἐκεῖ
2562 5531 2597 5598 ἡ
2651 5528 2763 5597 ζωὴ
2803 5525 2894 5579 καὶ
2922 5526 2957 5593 ἡ
3012 5519 3282 5596 βασιλεία,
3314 5517 3426 5574 ἐκεῖ
3454 5522 3515 5573 τό
3547 5521 3661 5593 φῶς
3688 5516 3780 5571 καὶ
3821 5516 3879 5568 οἱ

2175 5603 2497 5689 ἀπόστολοι,
2532 5616 2641 5673 ἐκεῖ
2682 5616 2733 5669 οἱ
2784 5611 3066 5684 θησαυμοὶ
3093 5616 3195 5678 τῆς
3240 5614 3341 5671 τῆς
3390 5609 3642 5683 χάριτος,
3674 5603 3881 5660 ἐκεῖτά

2174 5715 2350 5769 πάντα
2396 5708 2555 5765 ἐστίν.
2588 5708 2794 5781 ’Ὠσπερ
2838 5703 2939 5779 γὰρ
2989 5701 3129 5759 ἐστιν
3189 5696 3409 5777 ὁμίχλη
3462 5695 3537 5759 εἷς
3595 5694 3737 5767 ὅλην
3778 5697 3880 5769 τὴν
