4130 6286
1261 38 1264 40 ν
1341 33 1344 36 .
1501 21 1550 30 -ν
2133 14 2291 37 λςημ

643 69 678 72 _
903 57 946 60 --
973 51 1032 58 --
1645 55 1700 72 ~
1743 59 1772 66 μ
1813 59 1832 64 -.
1859 55 1904 66 μ-
1995 53 2002 60 ~-
2025 39 2170 62 :"““’-~-—
2201 53 2214 58 -
2256 42 2291 65 in,

357 464 473 524 777

359 594 687 669 οἰκουμένην
746 593 1087 668 ἐπικειμένη,
1139 594 1229 650 καὶ
1280 591 1563 668 ἅνθρωπος
1609 593 1896 669 ἄνθρωπον
1948 592 2056 667 οὐχ

2174 612 2346 668 super
2392 600 2726 658 universam
2775 606 2991 661 terram
3049 611 3312 677 extensa,
3362 614 3419 667 et
3466 611 3638 668 homo
3686 612 3871 668 homi-

357 686 501 759 ὁρᾷ⁸
550 682 725 744 οὕτως
785 681 897 737 ἐστὶ
954 683 1046 737 καὶ
1093 684 1155 738 τὸ
1214 683 1403 746 σκότος
1461 688 1557 737 τοῦ
1616 683 1817 747 αἰῶνος
1864 683 2063 738 τούτου

356 775 692 849 ἐπικείμενον
753 773 895 848 πάσῃ
952 778 1019 847 τῇ
1074 773 1245 829 κτίσει
1293 773 1381 829 καὶ
1432 775 1578 848 πάσῃ
1641 774 1794 852 φύσει
1851 774 2064 848 ἀνθρώ-

354 886 457 919 που
508 863 615 918 ἀπὸ
673 869 774 932 τῆς
828 857 1188 938 παραϐάσεως
1239 881 1253 894 ⁸
1317 863 1435 917 ὅθεν
1494 863 1935 935 ἐπισκιαζόμενοι
2004 861 2063 917 ἐκ

354 958 449 1008 τοῦ
525 954 722 1008 σκότου
778 953 832 1007 ἐν
890 951 1037 1006 νυκτί
1094 952 1228 1024 εἶσι,
1290 951 1379 1005 καὶ
1447 950 1498 1006 έν
1558 947 1813 1030 φοϐεροῖς
1874 952 2063 1011 τόποις

353 1041 543 1118 ἔχουσι
590 1044 689 1112 τήν
731 1039 1008 1116 ’διαγωγήν
1068 1061 1081 1075 ⁸
1160 1042 1249 1096 καὶ
1319 1042 1503 1115 ὥσπερ
1576 1045 1781 1096 καπνοῦ
1847 1038 2059 1109 πλῆθός

351 1131 492 1188 ἐστιν
543 1132 594 1187 ἐν
656 1130 792 1204 οἷ’κῳ
841 1132 941 1200 ἑνὶ,
987 1131 1159 1192 οὕτως
1210 1130 1325 1186 ἐστὶ
1376 1130 1467 1184 καὶ
1527 1132 1562 1200 ἡ
1624 1130 1865 1204 ἁμαρτία
1929 1128 2063 1202 μετᾶ

350 1230 459 1281 τῶν
548 1226 801 1301 ῥυπαρῶν
882 1221 1163 1298 λογισμῶν
1237 1222 1429 1293 αὐτῆς,
1497 1221 1901 1299 ἐγκαθεζομένη
1970 1219 2060 1274 καὶ

354 1314 657 1394 έφέρπουσα
726 1312 804 1377 εἷς
868 1312 996 1376 τοὺς
1077 1311 1384 1387 λογισμοὺς
1458 1319 1558 1382 τῆς
1641 1309 1885 1386 καρδίας,
1970 1308 2060 1365 καὶ

353 1407 576 1479 ἄπειρον
602 1403 817 1475 πλῆσος
850 1403 1147 1477 δαιμόνων.

424 1498 505 1554 Η’.
546 1498 749 1569 Ὥσπερ
805 1492 863 1548 δὲ
912 1493 963 1549 ἐν
992 1498 1108 1555 τοῖς
1141 1494 1515 1571 φαινομένοις,
1547 1512 1789 1565 πονεμου
1828 1510 2059 1564 συγκρο-

349 1585 643 1657 τουμένοὺ,
698 1582 798 1639 οὐκ
857 1582 1188 1661 ἀπέρχονται
1246 1583 1298 1637 οἱ
1366 1582 1525 1659 σοφοὶ
1584 1580 1672 1636 καὶ
1742 1584 2057 1654 μεγιστᾶνες

352 1670 486 1739 ἐκτῖ,
562 1672 707 1728 ἀλλὰ
778 1666 1108 1748 φοϐούμενοι
1178 1672 1270 1727 τὸν
1355 1673 1575 1727 θάνατον
1648 1670 1981 1742 ἀπομένουσι
2042 1686 2056 1701 ⁸

353 1759 546 1817 λοιπὸν
598 1757 1007 1831 προϐάλλονται
1067 1763 1117 1816 o't
1191 1763 1437 1835 τίρωνες,
1513 1761 1605 1815 καὶ
1672 1759 1727 1813 οἱ
1804 1760 2057 1828 πένητες,

349 1852 440 1906 καὶ
492 1852 543 1906 οἱ
604 1848 840 1924 ἰδιῶται,
898 1851 988 1906 καὶ
1047 1846 1332 1925 συμϐαίνει
1390 1848 1474 1905 ὅτι
1526 1851 1683 1920 νίκην
1739 1849 2057 1926 ἐργάζονται

349 1942 483 1997 κατὰ
542 1944 650 1995 τῶν
698 1940 1003 2013 πολεμίων,
1062 1940 1152 1995 καὶ
1211 1938 1501 1995 διώκουσιν
1562 1938 1757 2001 αὐτοὺς
1824 1938 1884 1994 ἐκ
1948 1940 2055 1992 τῶν

352 2033 534 2108 ὁρίων,
598 2032 688 2086 καὶ
744 2033 809 2087 τὰ
867 2030 1102 2087 ἐπινίκια
1138 2031 1228 2085 καὶ
1285 2031 1411 2092 τοὺς
1467 2031 1759 2109 στεφάνους
1834 2021 2055 2100 λαμϐά-

349 2144 527 2178 νουσιν
561 2120 667 2179 ἀπὸ
716 2125 813 2177 τοῦ
867 2120 1155 2196 βασιλέως,
1213 2120 1305 2175 καὶ
1350 2117 1602 2195 ἔρχονται
1652 2118 1727 2180 εἷς
1773 2116 2057 2191 προκοπὰς

349 2212 440 2267 καὶ
517 2210 822 2284 ἀξιώματα,
908 2210 1145 2265 κάκεῖνοι
1206 2209 1259 2263 οἱ
1325 2207 1556 2282 μεγάλοι
1617 2209 1795 2262 ὀπίσω
1847 2206 2054 2260 τούτων

352 2303 688 2375 εὑρίσκονται
722 2320 736 2334 ⁸
771 2300 944 2361 οὕτως
994 2300 1105 2355 ἐστὶ
1156 2299 1248 2355 καὶ
1287 2299 1349 2354 τὸ
1393 2300 1555 2373 μέρος
1585 2298 1647 2352 τὸ
1694 2294 2058 2369 πνευματικόν

349 2394 415 2449 Οἱ
457 2389 676 2447 ἰδιῶται
713 2390 1001 2451 ἀκούοντες
1059 2387 1112 2459 ἐξ
1161 2390 1340 2463 ἀρχῆς
1387 2388 1478 2443 τὸν
1539 2386 1728 2461 λόγον,
1760 2383 2056 2462 φιλαλήθει

350 2481 603 2554 λογισμῷ
678 2480 741 2534 τὸ
818 2474 977 2555 ἔργον
1036 2477 1200 2533 αὐτοῦ
1252 2480 1497 2546 ποιοῦσι,
1556 2476 1646 2530 καὶ
1707 2469 2055 2548 λαμϐάνουσι

348 2552 495 2640 παρὰ
532 2572 665 2624 Θεοῦ
692 2570 793 2639 τήν
850 2552 1015 2643 χάριν
1070 2570 1172 2623 τοῦ
1231 2564 1551 2639 Πνεόματος
1585 2581 1599 2595 ⁸
1669 2565 1720 2619 οἱ
1781 2561 1838 2618 δὲ
1891 2552 2057 2639 σοφοὶ

348 2657 438 2713 καὶ
470 2656 682 2719 λεπτῶς
732 2660 1013 2728 ζητοῦντες
1061 2656 1154 2711 τὸν
1211 2653 1401 2733 λόγον,
1435 2655 1589 2709 οὗτοι
1648 2654 1907 2729 φεύγουσι
1965 2651 2053 2706 τὸν

348 2745 621 2819 πόλεμον,
664 2748 756 2801 καί
816 2744 879 2800 οὐ
938 2744 1331 2819 προκόπτουσι,
1389 2743 1479 2798 καὶ
1540 2741 1715 2797 ὀπίσω
1770 2741 2056 2817 εὑρίσκον-

349 2856 439 2892 ται
479 2838 587 2890 τῶν
618 2833 1054 2908 πολεμησάντων
1080 2833 1171 2888 καὶ
1201 2832 1557 2903 νικησάντων.

419 2928 493 2983 8'.
540 2927 747 2998 Ὥσπερ
797 2921 853 2978 δὲ
901 2924 955 2977 οἱ
1011 2922 1209 2995 ἄνεμοι
1267 2919 1522 3001 σφοδρῶς
1576 2917 1828 2982 πνέοντες
1884 2920 2057 2974 πάντα

350 3016 417 3071 τὰ
472 3013 739 3086 κτίσματα
782 3012 849 3068 τά
900 3013 1003 3068 ὑπὸ
1050 3017 1159 3067 τῶν
1213 3012 1456 3085 οὐρανῶν
1507 3015 1743 3077 κινοῦσι,
1773 3009 1863 3063 καὶ
1912 3012 2058 3083 ἦχον

349 3103 524 3160 πολὺν
577 3103 935 3159 ἀποτελοῦσιν
1000 3120 1014 3135 ⁸
1090 3102 1263 3163 οὓτως
1320 3104 1356 3171 ἠ
1418 3100 1646 3175 δύναμις
1701 3105 1798 3156 τοῦ
1855 3100 2057 3175 ἐχθροῦ

348 3194 537 3267 κρούει
601 3193 692 3246 καὶ
751 3193 899 3270 φέρει
954 3191 1082 3253 τούς
1139 3189 1463 3265 λογισμοὺς,
1531 3189 1622 3244 καὶ
1700 3187 1917 3243 σαλεύει
1991 3189 2057 3241 τὰ

355 3285 493 3358 βάθη
552 3289 652 3351 τῆς
695 3279 920 3357 καρδίας
977 3281 1113 3357 πρὸς
1181 3281 1244 3334 τὸ
1302 3280 1492 3334 ἑαυτοῦ
1551 3277 1792 3351 θέλημα,
1831 3276 1922 3332 καί
1981 3276 2057 3340 είς

352 3376 449 3443 τὴν
517 3370 792 3427 διακονίαν
870 3372 1036 3427 αὐτοῦ
1131 3369 1408 3444 σκορπίζει
1500 3367 1626 3430 τοὺς
1723 3366 2051 3442 λογισμούς.

351 3466 553 3535 ’Ὠσπερ
606 3462 740 3517 εἰσὶν
797 3462 849 3517 οἱ
900 3460 1130 3517 τελῶναι
1183 3460 1533 3532 καθεζόμενοι
1591 3458 1666 3521 εἷς
1714 3460 1809 3521 τάς
1869 3459 2055 3520 στενὰς

352 3551 535 3622 ὁδοὺς,
577 3553 666 3606 καὶ
714 3551 1038 3627 κατέχοντες
1105 3550 1233 3613 τοὺς
1298 3549 1592 3625 παριόντας
1646 3549 1737 3605 καὶ
1794 3547 2057 3604 διασείον-

348 3662 454 3711 τες,
490 3642 664 3703 οὕτως
709 3640 800 3695 καὶ
850 3641 902 3695 o't
948 3637 1201 3713 δαίμονες
1252 3638 1571 3713 έπιτηροῦσι
1621 3640 1709 3693 καὶ
1760 3638 2053 3712 κατέχουσι

345 3731 439 3792 τάς
483 3732 688 3805 ψυχὰς,
727 3729 818 3785 καὶ
866 3729 918 3784 ἐν
967 3730 1045 3801 τῷ
1097 3728 1407 3803 ἐξέρχεσθαι
1467 3728 1629 3790 αὐτάς
1680 3727 1740 3782 ἐκ
1786 3731 1883 3782 τοῦ
1950 3726 2057 3780 σώ-

350 3841 543 3893 ματος,
601 3820 688 3874 ἐὰν
747 3820 825 3893 μὴ
899 3816 1124 3880 τελείως
1194 3818 1614 3892 καθαρισθῶσιν,
1688 3816 1787 3872 οὐκ
1842 3814 2058 3890 ἐπιτρέ-

344 3930 539 3965 πονται
607 3907 849 3965 ἀνελθεῖν
906 3907 984 3971 εἲς
1038 3908 1134 3969 τὰς
1211 3907 1379 3981 μονὰς
1453 3910 1550 3960 τοῦ
1628 3905 1877 3981 οὐρανοῦ,
1965 3905 2055 3959 καὶ

345 4000 651 4068 ἀπαντῆσαι
709 4002 789 4068 τῷ
844 3995 1088 4070 Δεσπότῃ
1149 3996 1324 4050 αὐτῶν
1386 4013 1400 4029 ⁸
1479 3994 1869 4071 καταφέρονται
1953 3994 2055 4069 γὰρ

351 4090 454 4144 ὑπὸ
519 4092 628 4143 τῶν
692 4086 885 4161 ἀερίων
947 4083 1244 4159 δαιμόνων.
1311 4084 1373 4138 Οἱ
1448 4083 1505 4139 δὲ
1584 4085 1917 4157 ὑπάρχοντες
2003 4082 2054 4135 ἐν

349 4174 529 4249 σαρκὶ,
586 4170 666 4228 ἔτι
737 4171 826 4226 διὰ
882 4172 1051 4225 πόνου
1107 4170 1199 4225 καὶ
1256 4169 1473 4243 ἀγῶνος
1547 4167 1766 4223 πολλοῦ
1840 4174 1938 4236 τῆν
2005 4165 2055 4235 ἐξ

349 4262 518 4336 ὕψους
576 4262 723 4337 παρὰ
778 4259 978 4334 Κυρίου
1026 4260 1322 4329 κτήσονται
1386 4260 1545 4331 χάριν
1579 4276 1590 4289 ⁸
1645 4254 1861 4327 δηλαδὴ
1908 4257 2057 4311 οὗτοι

353 4352 488 4426 μετά
556 4355 664 4407 τῶν
749 4348 817 4405 δι’
904 4346 1154 4423 ἐναρέτου
1222 4347 1682 4419 ἀναπαυσαμένων
1757 4345 2057 4414 πολιτείας,

349 4444 486 4517 πρὸς
533 4441 625 4496 τὸν
680 4440 874 4515 Κύριον
944 4436 1357 4509 ἀπελεύσονται,
1409 4436 1591 4498 καθὼς
1668 4434 2057 4511 ἐπηγγείλατο,

349 4535 520 4589 Ὃπου
584 4530 699 4604 εἰμὶ
759 4528 890 4605 ἐγὼ,
951 4526 1063 4583 ἐκεῖ
1116 4528 1208 4583 καὶ
1267 4528 1295 4581 ὁ
1340 4524 1588 4588 διάκονος
1623 4526 1650 4579 ὁ
1700 4524 1830 4597 ἐμὸς
1860 4519 2007 4579 ἔσται
2042 4542 2054 4554 ⁸

351 4623 441 4678 καὶ
527 4622 602 4683 εἷς
687 4620 814 4682 τοὺς
897 4617 1228 4693 ἀπεράντους
1291 4615 1489 4679 αἰῶνας
1560 4609 2055 4688 συμϐασιλεύσουσι

349 4716 429 4784 τῷ
486 4708 679 4786 Πατρὶ,
716 4708 805 4764 καὶ
846 4709 980 4781 Υἱῷ,
1023 4706 1114 4763 καὶ
1163 4707 1302 4783 ἁγίῳ
1354 4704 1653 4779 Πνεόματι,
1696 4708 1785 4759 νῦν
1833 4702 1924 4758 καὶ
1978 4702 2060 4758 ἀεὶ
2092 4710 2140 4775 D

354 4803 443 4854 καὶ
475 4799 550 4861 εἷς
579 4800 707 4862 τοὺς
748 4799 946 4859 αἰῶνας
975 4801 1082 4853 τῶν
1116 4796 1348 4854 αἰώνων.
1382 4796 1582 4868 ’Δμήν.

977 4908 1228 4961 ΟΜΙΛΙΑ
1268 4907 1404 4963 MA'.

358 4989 531 5067 Ποίαν
612 4992 665 5067 ἐν
770 4994 1041 5067 ἀνθρώπῳ
1150 4993 1458 5067 Χριστιανῷ
1547 4984 1867 5067 μεταᾷολήν
1972 4987 2062 5067 καὶ

428 5064 758 5153 ditat-etwa?
836 5062 1213 5153 ἀπεργάζεται
1267 5065 1296 5117 ὁ
1370 5062 1624 5153 ξζριστὸς,
1701 5063 1729 5115 ὁ
1807 5062 1874 5116 τά
1965 5062 2063 5129 τῆς

428 5141 614 5213 ψυχῆς
645 5136 790 5205 παθη
821 5135 911 5192 καὶ
940 5135 1130 5196 νόσους
1162 5135 1512 5209 θεραπεύσας.

424 5242 506 5300 Α’.
557 5242 619 5298 Ὁ
676 5239 1123 5313 προσερχόμενος
1173 5243 1254 5312 τῷ
1309 5242 1446 5311 Θεῷ,
1506 5238 1594 5295 καὶ
1653 5241 1893 5313 Χριστοῦ
1927 5238 2063 5309 πάρ-

355 5330 511 5407 εδρος
588 5329 639 5384 ἐν
713 5326 947 5399 ἀληθείᾳ
999 5324 1145 5383 θέλει
1230 5329 1387 5400 εἶναι,
1470 5329 1666 5383 τούτου
1742 5328 1901 5402 χάριν
1966 5332 2063 5380 τοῦ

357 5423 563 5475 σκοποῦ
632 5417 843 5497 ὀφείλει
901 5416 1301 5492 προσέρχεσθαι
1356 5420 1452 5471 τοῦ
1508 5415 1814 5492 ἀλλαγῆναι
1876 5415 2060 5486 αὐτὸν,

358 5509 449 5562 καὶ
518 5502 929 5579 μεταϐληθῆναι
1011 5506 1118 5562 ὰπὸ
1185 5513 1287 5576 τῆς
1342 5501 1612 5581 προτέρας
1688 5505 2062 5565 καταστάσεως

359 5599 451 5654 καὶ
525 5600 886 5675 ἀναστροφῆς,
954 5599 1043 5654 καὶ
1119 5594 1286 5652 καλὸν
1366 5597 1454 5651 καὶ
1540 5595 1721 5651 καινὸν
1778 5594 2062 5671 ἄνθρωπον

437 5802 487 5839 7’
513 5804 677 5860 Joan.
712 5819 815 5876 xu,
852 5804 943 5858 26.

1618 459 1991 525 HOMILI/E.
2038 494 2116 505 —
2162 464 2361 524 HOM.
2411 465 2625 530 XLIII.

3760 477 3873 538 778

2175 702 2307 740 nem
2369 704 2479 742 non
2541 690 2730 758 videt;
2765 692 2849 747 sic
2906 710 3139 766 quoque
3198 704 3335 752 sunt
3382 703 3627 754 tenebras
3676 702 3873 755 saeculi

2174 773 2348 844 hujus
2408 793 2673 848 expansis
2715 798 2892 852 super
2938 800 3170 839 omnem
3203 792 3525 843 creaturam
3555 797 3607 842 et
3640 789 3877 844 univer—

2174 880 2297 918 Sam
2332 871 2599 922 naturam
2643 869 2957 925 humanam
2998 889 3030 926 a
3060 878 3321 946 tempore
3360 878 3873 946 transgressionis;

2174 954 2329 1007 unde
2374 958 2630 1011 tenebris
2675 959 2845 1013 oli'usi
2887 969 3019 1015 sunt
3066 962 3124 1015 in
3176 970 3362 1033 nocte,
3398 970 3453 1020 et
3501 966 3558 1019 in
3593 966 3873 1021 formida-

2172 1040 2388 1097 bilibus
2420 1044 2561 1100 locis
2592 1046 2767 1101 vitam
2799 1054 3002 1117 agunt.
3037 1050 3103 1104 Et
3133 1054 3627 1122 quemadmodum
3661 1070 3875 1124 magna

2172 1131 2314 1186 fumi
2349 1135 2513 1205 copia
2561 1140 2649 1192 est
2696 1137 2754 1192 in
2799 1141 2970 1195 domo
3002 1142 3317 1213 quapiam;
3351 1143 3437 1199 sic
3474 1160 3708 1216 quoque
3740 1161 3873 1216 pec-

2173 1225 2368 1277 catum
2429 1240 2558 1279 cum
2612 1230 2878 1283 obscenis
2928 1230 3374 1301 cogitationibus
3421 1233 3543 1289 suis
3576 1234 3790 1288 insidet
3818 1238 3875 1288 et

2171 1310 2353 1380 serpit
2400 1312 2458 1366 in
2499 1316 2879 1386 cogitationes
2938 1320 3149 1386 cordis,
3178 1325 3235 1376 et
3279 1319 3509 1377 inﬁnita
3558 1322 3872 1378 multitudo

2172 1398 2522 1459 daemonum.

2251 1502 2396 1557 VIII.
2432 1501 2591 1556 Sicut
2642 1514 2777 1553 vero
2834 1499 2890 1554 in
2953 1502 3127 1555 rebus
3182 1500 3477 1555 oculorum
3536 1502 3677 1555 aciei
3737 1501 3875 1554 sub-

2160 1591 2357 1663 jectis,
2398 1590 2551 1644 bello
2597 1588 2836 1656 indicto,
2898 1604 3013 1644 non
3068 1589 3521 1660 proficiscuntur
3577 1590 3872 1660 sapientes

2170 1684 2272 1736 aut
2325 1683 2624 1750 magnetes
2670 1694 2759 1742 eo,
2793 1679 2917 1746 sed,
2952 1685 3197 1734 mortem
3248 1680 3653 1744 formidantes,
3713 1679 3870 1734 domi

2167 1774 2508 1835 remanent;
2550 1785 2681 1840 ergo
2743 1770 3115 1838 proferuntur
3171 1768 3413 1834 tirones,
3475 1783 3757 1839 pauperes
3815 1772 3873 1824 et

2167 1858 2461 1925 idiotaa,et
2514 1857 2747 1923 accidit,
2782 1862 2848 1912 ut
2910 1857 3149 1913 victoria
3204 1862 3536 1928 comparata
3591 1858 3870 1913 adversus

2090 1971 2137 2035 B
2168 1948 2390 2015 hostes,
2423 1951 2840 2018 persequantur
2886 1962 2983 2001 eos
3004 1952 3165 2001 extra
3207 1946 3426 2001 limites
3456 1963 3664 2016 usque,
3698 1952 3871 2017 atque

2164 2039 2418 2094 victoriae
2475 2036 2727 2109 praemiis
2791 2052 2856 2091 ac
2914 2036 3141 2092 coronis
3198 2053 3233 2089 a
3290 2052 3421 2107 rege
3470 2036 3739 2105 acceptis,
3797 2035 3871 2090 ad

2166 2127 2484 2198 dignitates
2535 2130 2590 2181 et
2644 2126 2929 2181 honorum
2974 2125 3192 2195 gradus
3232 2129 3725 2195 promoveantur;
3786 2123 3874 2179 illi

2164 2230 2298 2270 vero
2330 2213 2529 2284 magni
2551 2213 2720 2278 longe
2762 2212 2836 2266 ab
2878 2212 3086 2266 borum
3136 2216 3297 2281 tergo
3343 2209 3750 2281 reperiuntur:
3785 2209 3871 2265 sic

2166 2320 2401 2376 quoque
2441 2319 2503 2359 se
2547 2318 2640 2358 res
2681 2302 2856 2357 habet
2901 2302 3244 2374 spiritualis.
3297 2301 3493 2356 Rudes
3542 2316 3608 2356 ac
3640 2300 3869 2370 plebeii,

2166 2394 2470 2450 audientes
2501 2393 2666 2447 initio
2698 2393 2924 2451 verbum
2954 2392 3234 2457 veritatis,
3266 2391 3487 2447 amanti
3517 2390 3873 2461 cogitatione

2167 2501 2317 2556 opus
2373 2484 2501 2553 ejus
2548 2482 2877 2553 perﬁciunt,
2924 2486 2982 2539 et
3023 2482 3318 2553 accipiunt
3364 2498 3397 2535 a
3444 2481 3560 2535 Deo
3617 2479 3869 2551 gratiam

2163 2572 2415 2645 Spiritus
2456 2592 2470 2641 ;
2516 2572 2809 2642 sapientes
2855 2588 3010 2640 vero,
3052 2574 3109 2627 et
3165 2570 3266 2641 qui
3312 2569 3693 2626 subtilitatem
3745 2583 3873 2622 ver-

2111 2688 2115 2692 -
2167 2666 2376 2720 borum
2409 2665 2732 2735 requirunt,
2764 2663 2825 2718 hi
2857 2662 3093 2734 fugiunt
3121 2660 3365 2729 bellum,
3399 2675 3505 2714 nec
3536 2657 3869 2729 proﬁciunt,

2166 2754 2269 2809 sed
2302 2754 2650 2826 posteriores
2705 2752 3085 2807 inveniuntur
3139 2749 3213 2805 iis
3271 2748 3372 2819 qui
3412 2746 3564 2803 bello
3596 2751 3758 2819 gesto
3788 2745 3872 2820 vi;

2166 2842 2405 2899 ctoriam
2438 2848 2829 2914 reportarunt.

2247 2938 2346 2991 IX.
2374 2931 2881 3000 Quemadmodum
2919 2944 3053 2986 vero
3083 2927 3237 2983 venti
3268 2925 3637 2982 vehementer
3668 2924 3872 2979 ﬂantes

2166 3042 2368 3086 omnes
2411 3033 2707 3080 creaturas
2754 3035 2880 3090 qua:
2935 3020 3073 3073 sunt
3128 3016 3235 3071 sub
3268 3014 3452 3081 caelis,
3482 3018 3871 3080 commovent,

2167 3125 2343 3189 atque
2389 3128 2598 3171 sonum
2647 3111 2946 3180 ingentem
2995 3107 3216 3174 edunt;
3259 3104 3345 3159 sic
3388 3103 3649 3173 potentia
3688 3100 3874 3156 hostis

2166 3207 2385 3281 pulsat,
2414 3205 2523 3259 fert
2552 3199 2958 3274 cogitationes,
2992 3200 3160 3265 atque
3204 3192 3384 3263 agitat
3422 3191 3712 3263 profunda
3741 3205 3873 3245 cor-

2167 3302 2258 3357 dis
2287 3314 2390 3371 pro
2419 3310 2528 3352 suo
2559 3294 2746 3365 ipsius
2775 3289 2990 3356 lubitu,
3021 3294 3078 3341 et
3125 3286 3185 3340 in
3230 3282 3624 3339 ministerium
3666 3281 3757 3337 sui
3791 3281 3875 3335 di-

2165 3388 2380 3462 spergit
2426 3383 2825 3456 cogitationes.
2884 3378 3048 3432 Sicut
3105 3372 3401 3445 publicani
3458 3372 3664 3462 sedent
3704 3372 3874 3439 juxta

2166 3460 2288 3534 vias
2318 3483 2622 3547 angustas,
2655 3479 2709 3527 et
2748 3470 3005 3526 retinent
3052 3468 3225 3535 atque
3266 3460 3612 3518 concutiunt
3643 3463 3873 3529 praeter-

2165 3571 2407 3625 euntes:
2442 3564 2525 3619 sic
2565 3575 2799 3634 quoque
2835 3557 3129 3611 diemones
3177 3550 3481 3606 observant
3527 3556 3583 3607 et
3611 3548 3873 3606 detinent

2166 3656 2415 3720 animas,
2456 3655 2514 3708 et
2557 3652 2699 3706 dum
2748 3648 3035 3703 decedunt
3093 3661 3173 3701 eae
3213 3661 3243 3700 e
3280 3658 3538 3713 corpore,
3584 3638 3699 3695 nisi
3744 3652 3872 3707 per-

2165 3748 2308 3803 fecte
2365 3743 2581 3800 fuerint
2635 3742 2989 3810 expurgatae,
3020 3752 3133 3792 non
3176 3736 3527 3807 permittunt
3555 3729 3637 3786 eis
3670 3743 3873 3783 ascen—

2164 3838 2301 3891 dere
2332 3835 2403 3890 ad
2437 3831 2775 3888 mansiones
2818 3827 2969 3893 coeli,
2997 3832 3054 3881 et
3097 3838 3397 3881 occurrere
3441 3819 3687 3876 Domino
3720 3832 3820 3871 suo
3854 3832 3867 3870 :

2165 3927 2506 3980 evertuntur
2552 3919 2709 3975 enim
2764 3916 2834 3971 ab
2884 3913 3056 3970 aeriis
3112 3910 3512 3967 daemonibus.
3574 3906 3681 3972 Qui
3738 3919 3870 3959 vero

2165 4016 2473 4068 versantur
2520 4009 2575 4062 in
2629 4022 2823 4074 carne,
2856 4001 3242 4058 nihilominus
3290 4011 3525 4053 summo
3571 3994 3769 4049 labore
3807 4010 3870 4048 ac

2168 4100 2485 4157 certamine
2543 4110 2854 4167 supernam
2886 4111 2920 4149 a
2958 4091 3206 4147 Domino
3257 4091 3692 4156 consequentur
3741 4100 3871 4154 gra-

2166 4191 2338 4246 tiam:
2378 4202 2583 4257 nempe
2629 4185 2689 4240 hi
2735 4200 2868 4240 cum
2922 4181 3060 4246 illis,
3092 4179 3193 4251 qui
3230 4195 3331 4249 per
3373 4177 3676 4231 honestam
3716 4174 3872 4242 quie-

2166 4285 2371 4336 verunt
2442 4274 2963 4340 conversationem,
2996 4271 3066 4325 ad
3135 4267 3445 4324 Dominum
3505 4263 3872 4333 proﬁciscen-

2167 4376 2285 4437 tur,
2316 4373 2381 4423 ut
2411 4364 2704 4438 pollicitus
2726 4368 2816 4419 est
2850 4378 2863 4415 ε
2893 4360 2988 4417 Ubi
3018 4375 3136 4414 sum
3167 4373 3287 4426 ego,
3321 4362 3373 4411 et
3410 4354 3528 4409 illic
3545 4357 3595 4408 et
3620 4350 3876 4407 minister

2166 4474 2317 4515 meus
2336 4457 2447 4514 erit
2476 4458 2560 4524 7';
2592 4459 2650 4510 et
2698 4469 2799 4525 per
2828 4450 3059 4506 inﬁnita
3106 4445 3318 4502 saecula
3373 4442 3704 4516 regnabant
3743 4456 3876 4495 cum

2166 4548 2338 4603 Patre
2364 4551 2421 4601 et
2469 4544 2632 4610 Filio,
2667 4548 2724 4598 et
2772 4540 2986 4610 Spiritu
3038 4539 3261 4601 sancto,
3292 4548 3450 4590 nunc
3505 4536 3564 4588 et
3622 4546 3872 4602 semper,

2169 4643 2227 4695 et
2256 4637 2315 4692 in
2347 4634 2559 4692 sascula
2589 4630 2954 4689 saeculorum.
2987 4630 3197 4682 Amen.

2670 4883 2826 4939 I40
2866 4878 3162 4937 HOMILIA
3197 4874 3386 4932 XLIV.

2177 4980 2451 5049 Quantam
2482 4977 2543 5032 in
2591 4969 3184 5049 Ιιογηὶηθᾼ,Οζιιέὶειίαηο⁸
3214 4963 3577 5049 mutationem
3623 4965 3677 5049 et
3706 4977 3880 5018 reno-

2244 5048 2525 5105 vationem
2560 5048 2735 5116 faciat
2790 5045 3058 5109 Christus,
3091 5041 3184 5112 qui
3240 5038 3441 5093 animae
3483 5035 3792 5107 affectione:
3818 5049 3882 5088 ac

2244 5120 2462 5178 morbos
2493 5120 2729 5175 sanavit.

2248 5231 2293 5286 Ι.
2324 5229 2431 5296 Qui
2494 5226 2719 5284 accedit
2767 5227 2839 5281 ad
2893 5227 3095 5292 Deum,
3126 5225 3184 5279 et
3222 5219 3435 5277 Christi
3476 5231 3740 5273 assessor
3791 5228 3877 5267 re-

2173 5339 2308 5378 vera
2355 5337 2484 5377 esse
2531 5319 2843 5385 desiderat,
2903 5315 3084 5385 hujus
3154 5311 3316 5384 scopi
3374 5309 3558 5382 gratia
3610 5305 3882 5362 accedere

2176 5413 2366 5479 debet,
2400 5414 2459 5465 ut
2490 5412 2858 5465 convertatur
2898 5406 3046 5477 ipse,
3070 5408 3127 5459 et
3174 5404 3604 5457 transmutetur
3642 5411 3674 5448 a
3705 5390 3882 5461 priori

2174 5506 2328 5561 statu
2387 5506 2444 5557 et
2489 5501 2943 5566 conversatione,
2974 5511 3040 5551 ac
3088 5495 3306 5549 bonum
3363 5493 3419 5545 et
3450 5498 3660 5541 novum
3691 5479 3881 5536 homi-

2175 5609 2311 5650 nem
2344 5591 2725 5659 demonstret,
2758 5587 2856 5659 qui
2906 5582 3053 5640 nihil
3100 5580 3312 5639 veteris
3360 5571 3614 5631 hominis
3644 5570 3832 5643 gestet
3864 5583 3876 5621 :
