4130 6286
270 374 386 431 779

268 592 550 648 Dominus
578 593 734 648 enim
777 596 974 646 noster
1023 590 1191 645 Jesus
1236 589 1497 645 Christus
1546 593 1846 660 propterea
1874 603 1971 641 ve-

268 681 378 749 nit,
414 690 475 735 ut
531 687 800 735 naturam
850 682 1227 743 converteret,
1256 682 1507 733 mutaret
1562 683 1618 732 et
1648 680 1970 743 renovaret,

268 774 443 841 atque
479 786 714 826 rursum
764 769 1037 824 conderet
1092 768 1350 822 animam
1392 767 1542 821 hanc
1591 782 1849 822 eversam
1883 765 1969 820 af-

265 860 613 915 fectionibus
688 861 923 929 propter
980 857 1521 926 transgressionem,
1580 856 1970 911 commiscens

266 951 529 1005 eamdem
588 965 720 1004 cum
770 964 875 1004 suo
924 947 1148 1018 Spiritu
1192 948 1408 1003 divino.
1442 950 1660 1002 Novam
1693 951 1968 1013 mentem,

266 1056 470 1095 novam
519 1038 798 1104 animam,
833 1054 1012 1093 novos
1069 1037 1290 1103 oculos,
1325 1053 1500 1091 novas
1537 1052 1727 1103 aures,
1761 1051 1967 1090 novam

264 1128 528 1200 linguam
580 1127 969 1198 spiritualem,
1020 1131 1076 1182 et
1126 1131 1191 1182 ut
1239 1126 1477 1181 omnino
1525 1126 1735 1193 dicam,
1792 1140 1971 1180 novos

262 1218 530 1273 homines
578 1217 875 1271 credentes
921 1216 972 1271 ei
1022 1220 1085 1270 ut
1140 1215 1419 1283 efﬁceret,
1450 1216 1625 1281 venit,
1659 1231 1758 1269 seu
1790 1230 1971 1270 novos

264 1312 446 1370 utres,
508 1322 732 1373 ungens
793 1322 888 1360 eos
945 1321 1045 1359 suo
1104 1305 1290 1374 ipsius
1336 1305 1556 1359 lumine
1605 1304 1969 1374 cognitionis,

266 1401 330 1450 ut
398 1394 730 1448 infunderet
795 1394 992 1447 vinum
1048 1409 1283 1460 novum,
1346 1393 1494 1463 quod
1566 1399 1655 1447 est
1722 1393 1972 1462 Spiritus

261 1485 407 1554 eius.
451 1486 647 1538 Vinum
685 1483 864 1548 enim,
896 1483 994 1552 ait,
1026 1498 1227 1538 novum
1266 1481 1326 1536 in
1358 1489 1504 1538 utres
1558 1497 1721 1537 novos
1749 1482 1971 1537 mitten-

264 1574 394 1629 dum
426 1574 492 1629 Ἠ.

1609 365 1668 423 S.
1717 361 2052 424 MACARII
2101 358 2442 421 IEGYP'I‘II

266 503 329 557 Si
385 502 508 573 quis
545 502 722 569 enim,
771 500 986 572 inquit,
1026 501 1083 554 in
1135 498 1373 569 Christo,
1423 513 1562 554 nova
1616 503 1870 553 creatura
1900 495 1965 550 72.

2085 490 2500 567 ἀποδειχθῆναι,
2589 492 2758 565 μηδὲν
2842 515 2893 550 τι
2981 500 3079 550 τού

3667 368 3786 427 ’780

3175 498 3415 553 παλαιοῦ
3501 500 3791 574 ἀνθρώπου

2082 584 2493 662 ἐπιφερόμενον.
2557 582 2620 639 E'i
2677 605 2759 646 τις
2805 584 2930 662 γὰρ,
2982 586 3167 663 φησὶν,
3221 587 3273 642 ἐν
3330 590 3566 663 Χριστῷ,
3627 591 3789 657 καινὴ

2079 675 2273 735 κτίσις.
2330 674 2428 728 Καὶ
2479 674 2581 750 γὰρ
2636 676 2664 729 6
2714 674 2910 748 Κύριος
2968 678 3130 749 ἡμῶν
3181 679 3391 746 Ἰησοῦς
3440 681 3669 753 Χριστὸς
3702 678 3794 734 διὰ

2079 767 2240 817 τοῦτο
2303 763 2691 838 παραγέγονεν,
2754 764 2891 819 ὥστε
2976 772 3073 835 τῆν
3162 769 3318 843 φύσιν
3394 767 3625 838 ἀλλάξαι
3702 768 3791 823 καί

2085 847 2408 925 μεταϐαλεῖν
2467 854 2557 908 καὶ
2619 853 2976 925 ἀνακαινίσαι,
3034 856 3125 910 καὶ
3182 855 3483 925 ἀνακτίσαι,
3530 859 3633 925 τήν
3690 862 3794 931 ψυ-

2079 943 2186 1017 χὴν
2273 943 2474 1013 ταύτην
2537 944 2635 1012 τήν
2718 946 3203 1020 κατεστραμμένην
3277 952 3393 1009 τοῖς
3452 947 3643 1001 πάθεσι
3704 945 3793 1002 διά

2079 1032 2179 1098 τήν
2256 1028 2585 1105 παράϐασιν,
2644 1036 2873 1108 κεράσας
2926 1039 3007 1106 τῷ
3072 1032 3200 1107 ῗδίῳ
3265 1036 3427 1091 αὐτοῦ
3511 1036 3788 1110 Πνεύματι

2079 1126 2178 1189 τῆς
2238 1122 2516 1192 θεότητος.
2586 1124 2785 1179 Καινὸν
2847 1128 2991 1195 νοῦν,
3052 1124 3144 1179 καὶ
3201 1127 3392 1193 καινὴν
3447 1127 3656 1201 ψυχὴν,
3700 1126 3791 1181 καὶ

2081 1212 2304 1272 καινοὺς
2395 1211 2738 1289 ὀφθαλμοὺς,
2812 1214 2967 1268 καινὰ
3053 1213 3188 1277 ὦτα,
3260 1216 3453 1284 καινὴν

2569 1302 2657 1357 καὶ
2742 1304 3077 1376 ἁπαξαπλῶς

3543 1214 3793 1291 γλῶτταν

2082 1304 2476 1374 πνευματικὴν,
2569 1304 2657 1357 καὶ
2742 1304 3077 1376 ἁπαξαπλῶς
3173 1306 3390 1367 καινοὺς
3471 1304 3791 1380 ἀνθρώπους

2080 1390 2206 1451 τοὺς
2280 1393 2636 1454 πιστεύοντας
2710 1395 2858 1467 αὐτῷ
2929 1394 3093 1463 ἦλθεν
3171 1395 3597 1470 ἀπεργάσασθαι,
3664 1394 3788 1465 ἤτοι

2083 1480 2303 1541 καινοὺς
2352 1483 2571 1554 ἀσκοὺς,
2633 1483 2829 1557 χρίσας
2889 1483 3086 1545 αὐτοὺς
3138 1489 3217 1557 τῷ
3265 1487 3457 1541 ἑαυτοῦ
3515 1485 3652 1564 φωτὶ
3685 1494 3787 1555 τῆς

2080 1570 2352 1645 γνώσεως,
2399 1569 2495 1624 *ἕνα
2555 1568 2834 1646 μεταϐάλῃ
2899 1570 3019 1627 νέον
3078 1573 3244 1641 οἶνον,
3304 1573 3333 1628 6'
3366 1574 3477 1629 ἐστι
3516 1576 3578 1630 τὸ
3630 1579 3791 1630 Πνεῦ-

2086 1680 2161 1732 μα
2213 1659 2399 1715 αύτοῦ.
2464 1662 2621 1717 Οἶνον
2673 1663 2800 1736 γὰρ,
2858 1664 3012 1739 φησί,
3044 1662 3160 1718 νὲον
3207 1664 3283 1727 είς
3330 1665 3528 1728 ἀσκοὺς
3576 1664 3791 1727 καινοὺς

2086 1747 2323 1821 βλητέον
2336 1793 2348 1805 .

332 1847 402 1901 ΙΙ.
443 1844 939 1910 Quemadmodum
981 1844 1136 1899 enim
1194 1843 1380 1899 hostis
1422 1848 1628 1901 nactus
1675 1845 1967 1901 hominem

2158 1840 2233 1896 B'.
2297 1838 2496 1910 Ὠσπερ
2554 1838 2654 1913 γὰρ
2715 1841 2743 1893 δ
2802 1840 2995 1916 ἐχθρὸς
3064 1837 3248 1896 λαϐὼν
3328 1843 3423 1898 τὸν
3504 1843 3790 1918 ἄνθρωπον

260 1936 372 1992 sibi
405 1936 805 2005 subjugatum,
837 1950 973 1989 eum
1017 1949 1227 1990 novum
1262 1935 1319 1989 in
1352 1936 1440 1990 sui
1473 1935 1721 2006 gratiam
1764 1937 1971 2005 effecit,

260 2024 605 2096 vitiosisque
708 2022 1114 2080 atlectionibus
1225 2024 1715 2080 circumvolutum
1809 2026 1979 2081 unxit

263 2114 474 2186 spiritu
506 2112 747 2184 peccati,
772 2130 836 2168 ac
884 2114 1085 2168 vinum
1135 2114 1325 2168 omnis
1374 2113 1699 2183 iniquitatis
1740 2119 1797 2169 et
1849 2133 1975 2185 pra-

261 2220 343 2258 vas
367 2202 641 2258 doctrinas
671 2201 733 2257 in
782 2218 914 2256 eum
948 2202 1193 2256 immisit
1226 2217 1238 2254 :
1275 2201 1357 2255 sic
1394 2217 1628 2273 quoque
1668 2203 1971 2271 Dominus,

264 2310 397 2349 cum
450 2293 794 2348 redemisset
849 2308 983 2347 eum
1035 2294 1106 2347 ab
1156 2292 1343 2359 hoste,
1384 2308 1599 2347 novum
1628 2294 1971 2363 constituit;

262 2401 517 2455 cumque
556 2383 820 2439 unxisset
867 2399 970 2438 suo
1019 2383 1206 2454 ipsius
1236 2383 1475 2454 Spiritu,
1509 2384 1709 2437 vinum
1743 2400 1973 2455 quoque

259 2473 389 2527 vitae
422 2477 479 2527 et
526 2489 732 2527 novam
765 2473 1017 2543 Spiritus
1067 2472 1391 2527 doctrinam
1442 2471 1498 2525 in
1543 2487 1676 2527 eum
1737 2473 1970 2529 infudit.

263 2564 371 2629 Qui
398 2565 552 2618 enim
600 2564 843 2617 mutavit
890 2572 1153 2617 naturam
1204 2562 1461 2632 quinque
1504 2578 1720 2632 panum
1776 2563 1834 2617 in
1868 2580 1972 2620 na-

264 2659 458 2709 turam
519 2652 935 2720 multitudinis,
966 2657 1023 2706 et
1071 2659 1290 2706 naturae
1339 2652 1489 2705 asini
1532 2654 1756 2707 ratione
1786 2654 1972 2708 desti-

264 2748 448 2798 tutum
490 2758 685 2797 vocem
719 2742 903 2806 dedit,
932 2744 988 2795 et
1020 2740 1383 2795 meretricem
1428 2742 1494 2794 ad
1526 2743 1966 2812 temperantiam

261 2832 565 2895 convertit,
590 2836 647 2885 et
696 2830 873 2901 ignis,
933 2829 1215 2885 adurendi
1274 2829 1329 2883 vi
1389 2831 1635 2901 praediti,
1696 2839 1967 2888 naturam

260 2923 327 2976 ad
390 2921 714 2992 irrigandos
769 2936 867 2975 eos
919 2920 1017 2989 qui
1068 2927 1228 2975 erant
1279 2920 1336 2973 in
1397 2920 1628 2975 camino
1696 2922 1969 2979 idoneam

259 3010 534 3077 reddidit,
593 3014 649 3064 et
708 3015 975 3063 naturam
1040 3009 1265 3064 leonum
1332 3010 1648 3079 agrestium
1721 3011 1969 3069 ferarum

260 3106 496 3173 propter
551 3099 848 3155 Danielem
909 3100 1309 3160 mansuefecit,
1353 3099 1446 3154 hic
1491 3116 1725 3172 quoque
1783 3108 1974 3173 potest

261 3192 517 3247 animam
568 3191 854 3244 desertam
907 3196 965 3245 et
1013 3194 1301 3261 agrestem
1353 3207 1386 3244 a
1420 3194 1652 3259 peccato
1684 3192 1968 3260 eﬂ'ectam,

262 3284 594 3336 convertere
644 3279 705 3334 in
765 3295 929 3334 suam
976 3279 1163 3349 ipsius
1215 3278 1552 3344 bonitatem,
1601 3279 1971 3339 clementiam

265 3375 322 3425 et
353 3386 573 3439 pacem,
606 3369 821 3439 Spiritu
867 3369 1279 3439 promissionis
1308 3375 1504 3424 sancto
1527 3380 1580 3425 et
1612 3370 1829 3427 divino.

342 3461 438 3514 ΙΙΙ.
476 3458 717 3512 Perinde
758 3457 912 3511 enim
968 3473 1033 3511 ac
1084 3466 1276 3527 pastor
1304 3460 1629 3515 scabiosam
1663 3477 1827 3515 ovem
1873 3478 1975 3532 po-

266 3553 385 3605 test
442 3562 667 3613 curare,
699 3550 756 3600 et
786 3562 819 3601 a
878 3546 1031 3616 lupis
1079 3548 1394 3615 custodire,
1417 3551 1619 3604 eodem
1670 3552 1839 3606 modo
1886 3568 1978 3607 ve-

268 3651 372 3688 rus
406 3636 605 3704 pastor
651 3632 914 3687 Christus
964 3633 1201 3687 veniens
1254 3633 1418 3688 solus
1468 3636 1661 3705 potuit
1691 3652 1891 3693 curare
1922 3643 1976 3694 et

268 3729 598 3778 convertere
636 3722 923 3792 perditam
985 3725 1042 3776 et
1085 3722 1407 3778 scabiosam
1440 3740 1625 3791 ovem,
1661 3726 1974 3794 hominem,

268 3830 301 3867 a
332 3812 521 3867 scabie
543 3819 595 3866 et
649 3810 811 3881 lepra
863 3812 1102 3882 peccati.
1137 3811 1364 3867 Priores
1411 3813 1566 3869 enim
1618 3818 1974 3883 sacerdotes,

267 3902 472 3957 Levita:
506 3911 675 3973 atque
733 3900 1023 3972 magistri,
1065 3917 1179 3956 non
1242 3910 1551 3971 potuerunt
1580 3921 1789 3960 sanare
1845 3907 1976 3961 ani-

264 4009 420 4048 mam
478 3992 869 4048 oblationibus
930 4006 1242 4047 munerum
1294 3998 1351 4048 et
1413 3995 1860 4063 sacriﬁciorum,
1895 4002 1969 4051 at-

264 4099 376 4154 que
439 4082 880 4153 aspersionibus
946 4082 1268 4149 sanguinis,
1324 4098 1455 4137 cum
1519 4099 1624 4139 nec
1693 4101 1756 4140 se
1819 4086 1975 4155 ipsos

260 4171 560 4244 potuerint
616 4187 856 4236 curare;
903 4172 1117 4226 etenim
1179 4171 1291 4242 ipsi
1353 4189 1586 4243 quoque
1635 4174 1976 4232 inﬁrmitate

259 4268 424 4318 erant
455 4264 677 4318 amicti.
710 4264 825 4318 Non
865 4262 1013 4318 enim
1059 4271 1254 4332 potest,
1287 4264 1499 4334 inquit,
1535 4268 1759 4335 sanguis
1792 4274 1974 4321 lauro-

261 4370 386 4407 rum
443 4360 495 4406 et
544 4352 828 4407 hircorum
876 4356 1097 4423 auferre
1139 4358 1355 4422 peccata
1401 4354 1465 4410 ⁷⁸.
1522 4355 1803 4410 Dominus
1842 4372 1973 4411 vero

263 4440 429 4504 dixit,
480 4446 953 4495 commonstrans
1020 4440 1424 4496 infirmitatem
1499 4450 1615 4497 tum
1694 4445 1975 4514 temporis

266 4529 625 4584 medicorum
664 4545 675 4583 :
711 4528 942 4583 Omnino
972 4529 1160 4585 dicetis
1189 4532 1329 4585 mihi
1353 4532 1492 4585 hanc
1511 4532 1972 4587 similitudinem:

264 4619 497 4684 Medica,
534 4635 674 4674 cura
724 4623 776 4673 te
822 4622 1002 4688 ipsum
1032 4619 1095 4673 ⁷⁸.
1144 4626 1249 4675 Pro
1300 4637 1365 4675 eo
1402 4637 1415 4674 :
1448 4622 1563 4676 Non
1609 4638 1734 4675 sum
1777 4637 1873 4689 ego
1920 4639 1967 4676 τι.

2089 4604 2258 4681 ἓρεῖτὲ
2328 4630 2421 4682 μοι
2486 4611 2588 4678 τήν
2646 4605 2969 4684 παραϐολὴν

262 4711 371 4774 illi,
405 4713 499 4780 qui
542 4726 638 4764 nec
676 4726 733 4764 se
782 4713 921 4781 ipsos
969 4718 1195 4780 possunt
1245 4728 1458 4766 curare.
1496 4711 1613 4782 Ego
1645 4728 1769 4767 sum
1804 4727 1973 4767 verus

264 4800 548 4864 medicus,
582 4809 634 4854 et
664 4800 849 4855 bonus
890 4805 1104 4870 pastor,
1139 4802 1240 4873 qui
1296 4819 1447 4871 pono
1493 4802 1751 4857 animam
1788 4819 1971 4857 meam

260 4903 364 4958 pro
393 4887 618 4955 ovibus,
644 4888 741 4960 qui
800 4904 1033 4958 possum
1085 4904 1284 4943 curare
1334 4906 1568 4945 omnem
1616 4890 1884 4944 morbum
1918 4896 1974 4945 et

261 4992 494 5032 omnem
530 4975 990 5031 imbecillitatem
1023 4978 1252 5033 animae.
1277 4980 1393 5049 Ego
1434 4996 1563 5035 sum
1595 4979 1971 5036 immaculata

255 5066 400 5131 ovis,
434 5080 561 5134 qua:
602 5064 771 5119 semel
831 5064 1022 5119 oblata
1064 5074 1171 5132 est,
1218 5070 1273 5123 et
1313 5066 1413 5138 qui
1443 5068 1725 5123 accedunt
1757 5067 1829 5121 ad
1860 5084 1969 5136 me,

263 5172 362 5211 eos
414 5170 657 5227 possum
709 5171 931 5209 curare.
980 5156 1122 5210 Vera
1170 5156 1323 5211 enim
1369 5157 1590 5213 sanitas
1641 5174 1674 5211 a
1723 5156 1969 5212 Domino

258 5244 381 5301 solo
451 5243 859 5316 proﬁciscitur.
893 5245 1024 5299 Ecce
1085 5246 1263 5312 enim,
1320 5247 1533 5318 inquit,
1601 5249 1783 5318 Agnus
1851 5247 1966 5316 Dei,

262 5334 358 5407 qui
386 5336 528 5391 tollit
560 5341 781 5406 peccata
814 5334 1006 5387 mundi
1036 5332 1080 5368 7"
1117 5350 1128 5386 :
1164 5335 1375 5390 animae
1408 5337 1686 5391 nimirum
1719 5336 1967 5391 creden-

261 5426 339 5480 tis
361 5426 433 5496 ei,
456 5432 513 5481 et
535 5425 837 5497 diligentis
864 5441 995 5482 eum
1030 5440 1099 5479 ex
1128 5428 1247 5481 toto
1276 5428 1468 5482 corde.

263 5516 397 5566 Θεοῦ
472 5514 500 5567 ὁ
575 5513 743 5588 αἴρων
819 5515 919 5583 τὴν
997 5513 1269 5588 ἁμαρτίαν
1346 5518 1441 5568 τοῦ
1517 5516 1751 5586 κόσμου,
1818 5520 1917 5583 τῆς
1990 5515 2179 5585 ψυχῆς

265 5601 424 5655 αὐτὸν
481 5601 531 5674 ἐξ
590 5602 729 5673 ὅλης
782 5600 1031 5679 καρδίας.

339 5690 384 5729 ⁷³
414 5693 461 5748 ΙΙ
492 5694 621 5752 Cor.
656 5710 709 5767 v,
743 5695 829 5750 17.
904 5694 952 5729 7‘
982 5695 1189 5753 Matth.
1221 5712 1299 5765 1x,
1336 5696 1422 5754 17.
1499 5694 1548 5727 ⁷⁵
1577 5694 1749 5751 Hebr.
1781 5711 1835 5765 κ,
1868 5693 1921 5750 4.

2084 5691 2208 5748 Luc.
2234 5708 2308 5763 IV,
2340 5694 2427 5748 23.

2091 1929 2433 2002 ὑποχείριον,
2502 1931 2685 1985 καινὸν
2771 1932 2929 1986 αὐτὸν
3022 1933 3099 1995 εἷς
3192 1934 3380 1989 ἑαυτὸν
3475 1934 3784 2009 εἰργάσατο,

2085 2020 2276 2073 πάθεσι
2346 2021 2535 2082 κακίας
2603 2017 2939 2096 περιϐαλὼν,
2996 2024 3086 2077 καὶ
3130 2023 3326 2098 χρίσας
3386 2028 3465 2096 τῷ
3522 2027 3792 2099 πνεύματι

2083 2114 2182 2176 τῆς
2241 2109 2531 2183 ἁμαρτίας,
2591 2110 2682 2164 τὸν
2746 2111 2886 2165 οἶνον
2949 2116 3052 2177 τῆς
3127 2114 3363 2185 ἀνομίας
3446 2115 3628 2184 πάσης
3700 2115 3792 2169 καὶ

2081 2197 2271 2259 κακίας
2333 2194 2686 2261 διδασκαλίας
2760 2195 3011 2255 ἐνέϐαλεν
3073 2202 3149 2263 εἱς
3198 2203 3358 2257 αὐτόν
3395 2222 3408 2235 ·
3472 2201 3646 2265 οὕτως
3699 2204 3794 2258 καὶ

2087 2287 2113 2339 ὁ
2165 2285 2366 2363 Κύριος
2418 2286 2839 2362 λυτρωσάμενος
2889 2290 3049 2344 αὐτὸν
3099 2290 3205 2345 ἀπὸ
3262 2296 3359 2346 τοῦ
3415 2288 3642 2366 ἐχθροῦ,
3674 2314 3794 2347 και-

2083 2376 2169 2429 νὸν
2227 2376 2592 2451 ἀπειργάσατο
2630 2398 2641 2409 ·
2703 2378 2901 2453 χρίσας
2958 2384 3039 2451 τῷ
3096 2381 3286 2435 ἑαυτοῦ
3357 2382 3649 2454 Πνεύματι,
3699 2383 3788 2438 καὶ

2079 2465 2170 2519 τὸν
2228 2472 2329 2533 τῆς
2410 2471 2555 2534 ζωῆς
2613 2468 2780 2536 οἶνον,
2834 2468 2933 2535 τὴν
3013 2470 3205 2537 καινὴν
3289 2473 3385 2523 τοῦ
3474 2471 3788 2543 Πνεύματος

2083 2550 2432 2608 διδασκαλίαν
2498 2553 2574 2614 είς
2661 2555 2819 2611 αὐτὸν
2898 2556 3129 2629 ἐνέχεεν.
3184 2559 3245 2613 Ὁ
3299 2558 3405 2632 γὰρ
3465 2555 3789 2631 μεταϐαλὼν

2078 2645 2178 2712 τήν
2241 2642 2395 2719 φύσιν
2454 2648 2564 2697 τῶν
2612 2644 2767 2699 πέντε
2833 2645 3010 2719 ἅρτων
3070 2646 3144 2707 είς
3204 2646 3359 2724 φύσιν
3397 2645 3785 2718 πλήθοὺς,καέ

2084 2732 2395 2811 φύσειὸνου
2456 2735 2646 2808 ἀλόγῳ
2707 2734 2833 2799 δοὺς
2890 2738 3098 2813 φωνην,
3155 2736 3244 2791 καί
3297 2740 3395 2807 τήν
3448 2741 3651 2812 πόρνην
3702 2739 3778 2799 εἷς

2083 2822 2437 2898 σωφροσύνην
2524 2824 2915 2898 μεταστρέψας,
2995 2828 3085 2882 καὶ
3162 2823 3333 2902 πυρὸς
3416 2829 3563 2901 φύσιν
3642 2850 3778 2883 καυ-

2082 2917 2265 2967 στικοῦ
2326 2911 2593 2985 δροσίζειν
2658 2915 2785 2977 τοὺς
2851 2916 2903 2969 ἐν
2961 2922 3029 2991 τῇ
3089 2918 3308 2991 καμίνῳ
3362 2919 3776 2994 παρασκευάσας,

2081 3003 2168 3056 καὶ
2219 3004 2378 3079 φύσιν
2429 3001 2664 3058 λεόντων
2718 3005 2920 3082 ἀγρίων
2981 3008 3186 3079 θηρίων
3252 3012 3332 3079 τῷ
3394 3008 3606 3077 Δανιὴλ
3658 3011 3792 3081 ⁴ἡμε-

2086 3092 2288 3165 ρώσας,
2348 3093 2504 3153 οὗτος
2554 3090 2773 3149 δύναται
2831 3096 2922 3149 καὶ
2996 3097 3098 3164 τήν
3166 3099 3351 3170 ψυχὴν
3419 3100 3520 3165 τὴν
3588 3093 3793 3173 ἔρημον

2082 3181 2174 3234 καὶ
2243 3181 2601 3255 ἀγριωθεῖσαν
2660 3185 2764 3237 ἂπὸ
2819 3188 2921 3249 τῇς
2976 3185 3244 3259 ἁμαρτίας
3306 3182 3633 3258 μεταϐαλεῖν
3720 3189 3793 3250 εἷς

2082 3271 2180 3337 τήν
2237 3271 2428 3325 ἑαυτοῦ
2486 3272 2813 3347 ἀγαθότητα,
2862 3274 2952 3327 καὶ
3010 3276 3390 3347 χρηστότητα,
3425 3276 3515 3329 καὶ
3572 3277 3793 3351 εἰρήνην

2081 3363 2160 3431 τῷ
2193 3359 2469 3427 Πνεύματι
2500 3368 2598 3430 τῆς
2630 3360 2962 3437 ἐπαγγελίας
2991 3368 3069 3434 τῷ
3107 3362 3248 3437 ἁγίῳ
3285 3364 3376 3419 καὶ
3425 3365 3634 3439 ἀγαθῷ.

2155 3449 2226 3505 Γ’.
2273 3452 2370 3506 "Ov
2397 3452 2497 3525 γὰρ
2556 3450 2759 3524 τρόπον
2808 3452 3018 3524 ποιμὴν
3084 3453 3147 3507 τὸ
3218 3456 3443 3527 ψωριῶν
3516 3451 3791 3529 πρόϐατον

2086 3534 2305 3592 δύναται
2336 3541 2698 3612 [θεραπεῦσαι,
2748 3542 2834 3594 καὶ
2887 3540 2993 3594 ἀπὸ
3043 3540 3223 3595 λύκων
3278 3541 3555 3619 φυλάξαι·
3611 3544 3786 3599 ὡσαύ-

2082 3647 2189 3687 τως
2244 3628 2271 3680 ὁ
2321 3627 2577 3696 ἀληθινὸς
2635 3632 2845 3702 ποιμὴν
2904 3630 3132 3703 Χριστὸς
3182 3629 3370 3703 ἐλθὼν,
3435 3632 3604 3704 μόνος
3658 3632 3791 3704 ἠδυ-

2082 3716 2222 3784 νήθη
2294 3716 2636 3789 θεραπεῦσαι,
2693 3718 2782 3772 καὶ
2847 3718 3160 3792 ἐπιπρέψαι
3216 3721 3277 3774 τὸ
3337 3720 3637 3784 ἀπολωλὸς
3696 3725 3787 3777 καὶ

2084 3808 2307 3879 ψωριῶν
2358 3801 2654 3879 πρόϐατον,
2731 3808 2821 3862 τὸν
2895 3808 3202 3882 ἄνθρωπον,
3265 3809 3389 3888 ἀπὸ.
3437 3813 3535 3874 τῆς
3601 3816 3786 3887 ψώρας

2083 3894 2173 3948 καὶ
2226 3892 2430 3968 λέπρας
2490 3902 2591 3964 τῆς
2634 3897 2920 3970 ἁμαρτίας.
2968 3900 3029 3952 Οἱ
3087 3899 3189 3973 γὰρ
3254 3898 3382 3973 πρὶν
3451 3900 3612 3975 ἱερεῖς
3695 3902 3786 3955 καὶ

2084 3989 2305 4038 Λευῖται
2364 3985 2452 4038 καὶ
2522 3984 2840 4041 διδάσκαλοι
2901 3988 3005 4042 οὐκ
3059 3987 3405 4059 ἠδυνήθησαν
3463 3988 3800 4066 θεραπεῦσαι

2082 4075 2179 4141 τὴν
2229 4076 2413 4149 ψυχήν
2454 4080 2573 4138 ταῖς
2610 4082 2949 4155 προσφοραῖς
3004 4082 3114 4132 τῶν
3166 4077 3354 4153 δώρων
3413 4080 3503 4133 καὶ
3567 4082 3790 4145 θυσιῶν,

2082 4163 2169 4215 καὶ
2219 4161 2537 4236 ῥαντίσμοῖς
2606 4162 2857 4237 α’ίματος,
2920 4168 3125 4242 δπουγε
3175 4163 3299 4222 οὐδὲ
3347 4167 3541 4229 αὐτοὺς
3596 4166 3799 4239 ἠδυνή-

2083 4251 2248 4317 θησαν
2307 4253 2628 4324 θεραπεῦσαι
2664 4271 2677 4286 ⁸
2765 4254 2854 4308 καὶ
2922 4256 3026 4330 γὰρ
3102 4254 3262 4310 αὐτοὶ
3326 4255 3597 4311 ἀσθένειαν
3640 4278 3797 4331 περι-

2086 4337 2310 4395 ἒκειντο.
2360 4340 2653 4398 ’Δδύνατον
2732 4343 2858 4418 γὰρ,
2946 4345 3133 4417 φησὶν,
3205 4345 3339 4417 αῖμᾶ
3410 4348 3621 4420 ταύρων
3704 4348 3799 4399 καὶ

2083 4431 2296 4503 τράγων
2363 4429 2580 4505 ἀφελεῖν
2662 4433 2949 4506 ἁμαρτίαν.
3019 4435 3075 4488 Ὃ
3170 4432 3226 4487 δὲ
3322 4435 3520 4506 Κύριος
3610 4433 3799 4509 ἔλεγε,

2086 4516 2297 4581 δεικνὺς
2377 4523 2474 4589 τήν
2545 4521 2819 4576 ἀσθένειαν
2883 4526 2990 4576 τῶν
3055 4523 3179 4576 τότε
3262 4523 3480 4597 ἰατρῶν,
3570 4525 3800 4588 Πάντως

3062 4611 3287 4683 ταύτην,
3358 4612 3543 4687 Ἰατρὲ,
3636 4614 3798 4686 θερά-

2088 4719 2285 4753 πευσον
2355 4700 2573 4754 σεαυτόν
2611 4718 2622 4731 ’
2667 4700 2784 4755 ἀντὶ
2848 4706 2965 4765 τοῦ,
3009 4701 3117 4755 Οὐκ
3175 4702 3290 4774 εἰμὶ
3350 4701 3455 4777 ἐγὼ
3522 4703 3594 4764 ὡς
3653 4703 3793 4757 ἐκεῖ·

2082 4809 2185 4859 νοι,
2246 4789 2297 4843 οἰ
2354 4792 2493 4863 μήτε
2576 4790 2795 4854 ἑαυτοὺς
2882 4788 3170 4863 δυνάμενοι
3255 4793 3598 4866 θεραπεῦσαι.
3652 4795 3794 4867 Ἐγὼ

2083 4882 2196 4951 εἰμι
2249 4882 2275 4935 ὁ
2322 4881 2581 4951 ἀληθινὸς
2644 4882 2848 4951 ἰατρὸς,
2881 4883 2971 4938 καὶ
3019 4883 3187 4945 καλὸς
3228 4885 3460 4955 ποιμὴν,
3496 4885 3522 4937 ὁ
3554 4883 3667 4947 θεὶς
3695 4884 3795 4951 τὴν

2084 4973 2268 5045 ψυχήν
2338 4994 2442 5044 μου
2497 4972 2627 5047 ὑπὲρ
2675 4977 2782 5027 τῶν
2845 4969 3158 5048 προϐάτιον,
3219 4975 3245 5027 ὁ
3305 4972 3596 5046 δυνάμενος
3639 4977 3794 5050 θερα-

2082 5061 2259 5115 πεύειν
2342 5068 2512 5116 πᾶσαν
2577 5064 2755 5131 νόσον,
2824 5063 2913 5118 καὶ
2970 5068 3144 5119 πᾶσαν
3215 5062 3486 5138 μαλακίαν
3556 5068 3789 5140 ψυχῆς*

2082 5149 2186 5224 ἐγώ
2218 5149 2331 5223 εἶμι
2364 5152 2424 5205 τὸ
2484 5150 2718 5225 ἄμωμον
2748 5149 3044 5227 πρόϐατον,
3105 5154 3166 5208 τὸ
3221 5153 3359 5225 ἅπαξ
3409 5156 3785 5229 προσενεχθὲν,

2078 5241 2166 5293 καὶ
2225 5240 2353 5303 τοὺς
2413 5240 2536 5313 ἐμοὶ
2612 5246 3099 5319 προσερχομένους
3173 5242 3471 5316 δυνὰμενος
3529 5245 3785 5319 θεραπεῦ·

2080 5351 2186 5383 σαι.
2251 5334 2313 5384 Ἠ
2369 5332 2472 5406 γὰρ
2532 5333 2762 5401 ἀληθινὴ
2815 5332 2957 5395 ἴασις
3005 5341 3108 5403 τῆς
3167 5337 3355 5411 ψυχῆς
3412 5333 3518 5387 ἀπὸ
3591 5336 3791 5409 Κυρίου

2082 5422 2250 5493 μόνου
2315 5422 2566 5497 γίνεται’
2635 5421 2775 5480 Ἰδοὺ
2834 5424 2959 5502 γὰρ,
3028 5424 3215 5503 φησὶν,
3304 5426 3332 5479 6
3399 5424 3595 5497 ’Δμνός

2279 5508 2537 5582 δηλονότι
2627 5516 2994 5585 πιστευσάσης
3065 5513 3234 5588 αὐτῷ,
3313 5513 3405 5570 καὶ
3490 5514 3794 5591 ἀγαπώσης

3687 5431 3787 5479 τοῦ

2506 5693 2551 5730 ⁷⁷
2580 5694 2750 5751 Joan.
2795 5711 2839 5766 ι,
2866 5694 2958 5751 29.
