4130 6286
316 412 430 475 781

1579 413 1968 477 HOMILME.
2012 443 2092 461 ——
2133 412 2325 473 HOM.
2372 410 2576 471 XLIV.

3717 405 3836 468 782

386 549 457 605 A'.
490 549 547 601 '0
593 548 801 620 ποιμὴν
855 547 1031 601 τοίνυν
1074 546 1102 602 ὁ
1151 544 1320 609 καλὸς
1359 546 1420 600 τὸ
1456 548 1681 621 ψωριῶν
1742 540 2000 620 πρόϐατοι

2216 544 2365 600 141
2431 542 2524 599 ιν.
2580 542 2782 596 Pastor
2844 554 2981 611 ergo
3042 537 3226 595 bonus
3292 536 3609 595 scabiosam
3667 554 3835 597 ovem

319 637 619 713 θεραπεύει.
667 631 954 709 Πρόϐατον
1006 634 1061 690 δὲ
1122 631 1396 710 πρόϐατον
1452 638 1775 711 θεραπεῦσαι
1814 635 1875 691 οὐ
1934 633 2023 689 δύ-

316 746 489 780 ναται.
546 725 644 781 Καὶ
695 727 738 780 εἰ
794 726 870 799 μὴ
920 727 1222 801 θεραπευθῇ
1282 727 1344 781 τὸ
1404 723 1627 801 λογικὸν
1660 722 1957 800 πρόϐατον,
1991 726 2020 780 ὁ

318 815 624 889 ἅνθρωπος,
677 814 753 877 εἰς
814 813 1142 886 Ἐκκλησίαν
1189 815 1392 891 Κυρίου
1431 816 1531 885 τήν
1572 816 1891 891 ἐπουράνιον
1922 815 2022 871 οὐκ

318 905 642 980 εἰσέρχεται.
675 903 857 967 Οὕτως
885 907 987 982 γὰρ
1042 903 1131 960 καὶ
1189 904 1238 959 ἐν
1297 909 1377 977 τῷ
1437 907 1596 979 νόμῳ
1651 904 1866 979 εἷ’ρηται
1933 903 2022 959 διὰ

317 1002 468 1060 σκιᾶς
523 997 613 1051 καὶ
671 996 878 1058 εἰκόνος
915 1015 930 1030 ⁸
989 994 1113 1070 περί
1169 997 1273 1071 γὰρ
1328 1001 1423 1051 τοῦ
1479 996 1705 1070 λεπροῦ,
1765 998 1854 1051 καὶ
1908 1000 2022 1071 μῶ-

319 1106 419 1158 μον
467 1084 714 1161 ἔχοντος,
783 1089 950 1140 ταῦτα
1009 1084 1301 1141 αἰνίσσεται
1363 1087 1569 1158 μηνύον
1624 1086 1684 1141 τὸ
1746 1090 1959 1157 Πνεῦμα
1999 1125 2014 1141 .

316 1177 545 1250 Δεπρὸς,
606 1176 792 1251 φησὶν,
857 1176 893 1246 ἢ
966 1179 1160 1248 μῶμον
1237 1174 1399 1251 ἔχων,
1488 1176 1589 1230 οὐκ
1661 1174 2016 1230 εἰσελεύσεται

315 1266 393 1328 εἷς
441 1266 773 1336 Ἓκκλησίαν
832 1267 1055 1341 Κυρίου.
1116 1265 1293 1323 Ἀλλὰ
1349 1268 1640 1343 προσέταξε
1693 1271 1771 1338 τῷ
1830 1266 2015 1341 λεπρῷ

316 1354 651 1433 ἀπέρχεσθαι
708 1356 845 1428 πρὸς
903 1356 993 1408 τὸν
1062 1355 1227 1428 ἱερέα,
1284 1355 1375 1410 καὶ
1428 1353 1770 1429 παρακλήσει
1825 1353 2014 1427 πολλῇ

314 1446 463 1518 ἄγειν
532 1446 698 1499 αὐτὸν
757 1444 831 1505 εἰς
888 1445 978 1497 τὸν
1040 1442 1190 1497 οἶκον
1248 1450 1348 1511 τῆς
1406 1451 1611 1514 σκηνῆς
1668 1445 1858 1513 αὐτοῦ,
1924 1444 2015 1499 καὶ

314 1530 611 1585 ἐπιτιθέναι
668 1531 763 1593 τὰς
843 1537 1033 1610 χεῖρας
1112 1532 1275 1587 αὐτοῦ
1333 1532 1417 1587 ἐπὶ
1476 1536 1578 1603 τήν
1634 1533 1860 1606 λέπραν,
1912 1554 2014 1603 ση-

319 1619 640 1693 μειούμενον
707 1622 798 1675 τὸν
858 1620 1025 1675 τόπον
1086 1628 1189 1690 τῆς
1248 1623 1390 1700 ἁφῆς
1452 1629 1551 1692 τῆς
1639 1620 1865 1698 λέπρας,
1922 1624 2012 1677 καὶ

312 1708 643 1780 θεραπεύειν.
703 1710 801 1764 Τὸν
859 1707 1019 1766 αὒτὸν
1078 1710 1281 1785 τρόπον
1332 1712 1421 1767 καὶ
1476 1714 1705 1788 Χριστὸς
1765 1715 1793 1767 ὁ
1866 1713 2015 1784 ἀλη-

314 1797 416 1864 θήτ
445 1798 733 1873 ἀρχιερεὺς
788 1804 895 1853 τῶν
965 1798 1277 1872 μελλόντων
1344 1802 1559 1876 ἀγαθῶν
1613 1807 1732 1864 ταῖς
1788 1802 2013 1877 λεπρῶ-

2132 640 2318 691 curat.
2362 633 2498 690 Ovis
2574 636 2771 687 autem
2832 645 2995 685 ovem
3053 644 3258 685 curare
3314 630 3538 700 nequit.
3600 630 3671 685 Et
3720 630 3835 687 nisi

2130 730 2327 782 curata
2400 723 2575 779 fuerit
2640 719 2942 777 rationalis
3013 718 3153 785 ovis,
3217 718 3391 773 homo
3455 719 3693 786 scilicet,
3772 721 3834 775 in

2130 814 2446 872 Ecclesiam
2464 810 2693 868 Domini
2725 808 3015 864 cmlestem
3050 824 3162 863 non
3189 807 3535 877 ingreditur.
3559 809 3644 863 Ad
3676 809 3833 867 hunc

2128 905 2282 961 enim
2318 905 2555 958 modum
2589 902 2647 957 in
2680 899 2804 970 lege
2834 914 3067 969 quoque
3100 896 3322 952 dictum
3367 901 3457 953 est
3485 899 3593 954 sub
3627 898 3836 955 umbra

2130 999 2185 1051 et
2215 994 2492 1063 imagine.
2526 991 2604 1047 De
2652 990 2881 1059 leproso
2920 988 3077 1043 enim
3120 990 3221 1042 aut
3266 987 3545 1042 maculam
3588 987 3835 1043 habente

2129 1087 2248 1142 hac
2297 1087 2542 1141 obscure
2574 1083 2821 1154 loquens
2870 1080 3163 1151 signiﬁcat
3211 1079 3464 1149 Spiritus
3498 1096 3512 1134 :
3548 1081 3831 1150 chroxus,

2127 1178 2338 1248 inquit,
2361 1181 2409 1231 et
2466 1173 2740 1231 maculam
2796 1174 3017 1239 habens,
3063 1185 3170 1225 non
3228 1169 3573 1240 ingredietur
3618 1172 3676 1225 in
3736 1172 3834 1226 Ec-

2125 1268 2359 1323 clesiam
2390 1266 2610 1321 Domini
2638 1264 2700 1319 τ’.
2736 1265 2953 1316 Verum
2986 1260 3257 1332 precepit
3278 1259 3528 1330 leproso,
3562 1266 3629 1315 ut
3662 1261 3833 1316 abeat

2124 1357 2197 1412 ad
2226 1356 2608 1423 sacerdotem,
2636 1358 2693 1408 et
2736 1353 3004 1423 precibus
3046 1349 3246 1404 multis
3295 1350 3547 1404 adducat
3600 1366 3735 1405 eum
3771 1353 3828 1405 in

2125 1446 2363 1501 domum
2406 1442 2768 1500 tabernaculi
2826 1441 2943 1509 sui,
3003 1448 3056 1495 et
3105 1441 3365 1510 imponat
3424 1455 3634 1496 manus
3687 1456 3824 1495 suas

2124 1554 2298 1608 super
2328 1536 2572 1608 lepram,
2605 1535 2793 1590 locum
2826 1531 3107 1588 nimirum
3143 1535 3407 1586 notatum
3441 1535 3601 1586 tactu
3636 1531 3829 1601 leprae,

2122 1633 2180 1685 et
2206 1631 2386 1682 curet.
2419 1627 2633 1682 Eodem
2674 1639 2906 1695 quoque
2950 1622 3123 1678 modo
3160 1621 3447 1690 Christus,
3477 1638 3644 1677 verus
3677 1622 3827 1677 Pon-

2121 1719 2259 1773 tifex
2284 1718 2621 1772 futurorum
2653 1716 2964 1780 bonorum,
3000 1713 3067 1767 ad
3101 1712 3361 1782 leprosas
3394 1712 3639 1778 animas,
3676 1712 3833 1782 lepra

2124 1805 2346 1877 peccati
2370 1804 2703 1859 laborantes
2727 1801 3371 1871 inclinans,ingreditur
3388 1799 3831 1856 tabernaculum

313 1904 431 1946 σαις
474 1890 677 1961 ψυχαῖς
728 1886 930 1958 λέπραν
981 1890 1250 1963 ἁμαρτίας
1298 1889 1797 1965 ὲπικαμπτὸμενος,
1838 1891 2000 1963 εἰσέρ-

2125 1895 2315 1950 cordis
2370 1893 2624 1961 illarum,
2659 1896 2715 1948 et
2763 1897 2927 1946 curat
2972 1907 3037 1945 ac
3095 1895 3262 1945 sanat
3300 1890 3655 1945 affectiones.
3726 1892 3831 1945 At-

310 1987 469 2049 χεταῐ
503 1976 579 2035 εἰς
624 1978 723 2045 τήν
774 1979 980 2047 σκηνὴν
1025 1983 1120 2033 τοῦ
1176 1981 1429 2052 σώματος
1471 1982 1670 2050 αὐτῶν,
1721 1983 1810 2035 καὶ
1869 1984 2024 2055 θερα-

315 2063 464 2119 πεύει
516 2066 606 2119 καὶ
668 2065 809 2122 ἷᾶται
878 2068 944 2121 τὰ
1002 2071 1173 2138 πάθη.
1234 2070 1330 2123 Καὶ
1384 2068 1558 2131 οὓτως
1617 2068 1899 2141 δυνήσεται
1985 2074 2019 2141 ἡ

313 2155 468 2229 ψυχὴ
530 2153 788 2210 εἰσελθεῖν
848 2157 925 2217 εἱς
983 2157 1082 2225 τήν
1142 2156 1459 2231 ἐπουράνιον
1522 2158 1854 2225 Ἐκκλησίαν
1915 2164 2023 2213 τῶν

310 2243 477 2318 ἁγίων
533 2248 631 2299 τοῦ
681 2244 944 2315 ἀληθινοῦ
988 2248 1213 2320 Ἰσραήλ
1256 2264 1271 2279 ο
1340 2248 1484 2301 πάσα
1546 2249 1647 2321 γὰρ
1706 2249 1861 2322 ψυχή
1922 2270 2023 2325 φο-

319 2335 487 2406 ροῦσα
537 2332 739 2404 λέπραν
800 2334 1068 2407 ἁμαρτίας
1134 2337 1345 2405 παθῶν,
1404 2338 1494 2390 καὶ
1546 2339 1621 2409 μὴ
1691 2336 2023 2411 προσελθοῦ-

316 2440 381 2473 σα
421 2425 500 2492 τῷ
550 2420 797 2493 ἀληθινῷ
856 2422 1126 2497 ἀρχιερεῖ,
1180 2425 1269 2477 καὶ
1327 2427 1713 2499 θεραπευθεῖσα
1767 2430 1882 2497 νῦν,
1944 2426 2020 2487 είς

311 2510 410 2574 τὴν
470 2507 832 2583 παρεμϐολὴν
886 2515 995 2565 τῶν
1076 2511 1263 2587 ἁγίων,
1351 2512 1426 2576 είς
1512 2517 1612 2583 τήν
1695 2513 2015 2589 ἐπουράνιον

310 2595 641 2668 Ἐκκλησίαν
707 2600 809 2654 οὐκ
865 2600 1190 2676 εἰσέρχεται.
1249 2605 1526 2675 Ἅμωμος
1581 2605 1685 2679 γὰρ
1746 2602 1875 2659 οῦσα
1924 2604 2015 2659 καῖ

303 2688 531 2761 καθαρὰ,
593 2689 862 2761 ἀμώμους
920 2691 1011 2744 καὶ
1066 2692 1304 2765 καθαρὰς
1361 2692 1541 2766 ψυχὰς
1603 2698 1775 2762 ζητεῖ.
1826 2694 2014 2749 Μακά-

304 2795 413 2850 ριοι
487 2776 613 2851 γὰρ,
668 2779 831 2856 φησὶν
900 2779 956 2832 οἱ
1018 2781 1241 2856 καθαροὶ
1315 2785 1384 2854 τῇ
1442 2779 1656 2857 καρδίᾳ,
1718 2781 1799 2837 ὅτι
1858 2782 2013 2837 αὐτοὶ

299 2865 391 2920 τὸν
416 2865 548 2920 Θεὸν
579 2867 827 2940 ὄψονται.

376 2958 452 3011 Ε¹.
509 2960 599 3009 Δεῖ
625 2956 728 3031 γὰρ
765 2958 865 3025 τὴν
926 2960 1110 3032 ψυχὴν
1170 2961 1270 3027 τήν
1328 2957 1382 3014 ἓν
1434 2958 1666 3031 ἀληθείᾳ
1729 2960 2012 3016 πιστεύου-

302 3064 398 3099 σαν
469 3049 707 3119 Χριστῷ,
784 3049 1135 3117 μετατεθῆναι
1212 3050 1301 3103 καὶ
1377 3048 1684 3123 ἀλλαγῆναι
1744 3050 1851 3104 ἀπὸ
1905 3056 2009 3119 τῆς

299 3139 391 3188 νῦν
474 3139 718 3206 πονηρᾶς
806 3135 1201 3203 καταστάσεως,
1262 3136 1337 3199 είς
1420 3138 1601 3211 ἑτέραν
1683 3140 2003 3193 κατάστασιν

2129 2002 2239 2057 que
2289 1985 2395 2041 hoc
2442 1989 2605 2055 pacto
2659 1983 2868 2054 poterit
2916 1981 3113 2035 anima
3162 1980 3384 2050 ingredi
3428 1980 3490 2033 in
3531 1980 3827 2035 caelestem

2130 2075 2444 2132 Ecclesiam
2478 2077 2813 2128 sanctorum
2842 2070 2958 2125 veri
2991 2068 3238 2125 Israelis.
3274 2069 3641 2138 Quaecunque
3670 2068 3825 2124 enim

2126 2168 2340 2229 anima,
2374 2165 2643 2219 laborans
2689 2161 2852 2232 lepra
2892 2159 3259 2216 aii'ectionum
3309 2160 3551 2231 peccati,
3586 2176 3698 2216 non
3733 2176 3828 2214 ac-

2124 2253 2361 2309 cesserit
2402 2252 2471 2307 ad
2521 2267 2724 2306 verum
2774 2250 3136 2315 Pontiﬁcem,
3168 2252 3226 2303 et
3278 2264 3437 2304 nunc
3486 2254 3688 2303 curata
3708 2248 3829 2303 fue-

2124 2344 2217 2407 rit,
2248 2342 2306 2396 in
2347 2341 2608 2396 ordinem
2661 2343 3021 2405 sanctorum,
3056 2337 3113 2391 in
3172 2335 3463 2393 cmlestem
3504 2335 3821 2392 Ecclesiam

2122 2448 2236 2487 non
2258 2429 2601 2502 ingreditur.
2636 2427 3015 2483 Immaculata
3070 2427 3226 2482 enim
3264 2440 3397 2482 cum
3446 2425 3518 2481 sit
3564 2434 3618 2480 et
3653 2442 3823 2497 pura,

2120 2518 2609 2575 incontaminatas
2678 2520 2735 2571 et
2806 2532 2985 2588 puras
3070 2516 3277 2587 qumrit
3352 2514 3599 2570 animas.
3666 2516 3827 2571 Beati

2116 2611 2286 2679 enim,
2317 2607 2531 2680 inquit,
2579 2608 2781 2663 mundi
2815 2609 2998 2674 corde,
3026 2605 3290 2678 quoniam
3333 2605 3441 2677 ipsi
3470 2606 3644 2661 Deum
3674 2604 3823 2661 vide-

2118 2702 2252 2755 bunt
2271 2700 2335 2753 τ’.

2186 2975 2248 3029 V.
2291 2974 2526 3043 Oportet
2572 2972 2726 3027 enim
2776 2971 3024 3028 animam
3084 2987 3214 3042 quae
3251 2986 3382 3027 vere
3434 2970 3666 3027 Christo
3703 2986 3817 3026 cre-

2111 3060 2217 3127 dit,
2251 3059 2549 3115 transferri
2574 3076 2640 3117 ac
2665 3061 2876 3116 mutari
2908 3061 2977 3116 ab
3027 3060 3132 3116 hoc
3164 3076 3341 3130 pravo
3373 3064 3529 3115 statu
3550 3060 3609 3114 in
3634 3058 3812 3115 alium

2109 3154 2326 3207 statum
2377 3152 2619 3219 bonum,
2653 3154 2709 3206 et
2756 3150 2826 3206 ab
2878 3150 2982 3206 hac
3029 3148 3235 3205 humili
3290 3153 3518 3215 natura,
3548 3150 3607 3204 in
3657 3149 3811 3205 alte—

295 3222 650 3295 ἀγαθήν,καὶ
692 3221 799 3276 ἀπὸ
828 3228 929 3291 τῆς
986 3227 1080 3278 νῦν
1142 3224 1352 3300 φύσεως
1407 3233 1686 3295 ταπεινῆς,
1755 3227 1832 3288 εἷς
1900 3226 2000 3281 ἐτέ-

2115 3257 2225 3295 ram
2260 3238 2513 3294 divinam
2547 3244 2840 3307 naturam,
2874 3255 3120 3310 eamque
3150 3254 3357 3294 novam
3401 3238 3552 3293 effici
3595 3238 3810 3294 virtute

297 3331 394 3383 ραν
462 3311 602 3365 θείαν
678 3310 856 3387 φύσιν,
924 3313 1013 3366 καὶ
1090 3315 1282 3382 καινὴν
1349 3314 1516 3384 αὐτὴν
1588 3317 1991 3391 ἀπεργασθῆναι

298 3395 387 3452 διὰ
426 3406 552 3467 τῆς
604 3396 889 3473 δυνάμεως
943 3406 1040 3455 τοῦ
1096 3403 1254 3475 ἁγίου
1297 3406 1627 3476 Πνεύματος.
1674 3406 1772 3461 Καὶ
1822 3407 1997 3468 οὕτως

295 3486 512 3543 δύναται
579 3495 951 3564 χρησιμεῦσαι
1012 3493 1090 3554 εἷς
1131 3495 1232 3562 τήν
1291 3495 1610 3570 ἐπουράνιον
1691 3496 1990 3573 βασιλείαν.

289 3581 483 3650 Τυχεῖν
523 3574 579 3632 δὲ
625 3579 835 3634 τούτων
886 3583 1023 3651 ἡμῖν
1074 3580 1220 3638 ἔσται
1257 3585 1593 3655 πιστεύουσι,
1632 3586 1722 3639 καὶ
1765 3584 1991 3663 ἀγαπῶ-

289 3686 370 3721 σιν
427 3667 588 3722 αύτὸν
640 3667 692 3723 ἐν
750 3667 1008 3743 ἀληθείᾳ,
1064 3673 1153 3727 καὶ
1221 3672 1273 3728 ἐν
1345 3674 1541 3737 πάσαις
1621 3681 1741 3739 ταῖς
1816 3674 1991 3751 ἁγίαις

288 3756 457 3811 αὐτοῦ
516 3756 760 3820 ἐντολαῖς
811 3759 1323 3841 ἀναστρεφομένοις.
1541 3766 1646 3840 γὰρ
1723 3764 1810 3820 ἐπὶ
1894 3770 1992 3821 τοῦ

286 3844 603 3901 Ἐλισσαίου
667 3849 731 3902 τὸ
792 3849 947 3925 φύσει
1022 3856 1223 3931 κοῦφον
1304 3852 1463 3925 ξύλον
1528 3855 1580 3909 ἐν
1651 3860 1770 3917 τοῖς
1837 3852 1991 3910 ὕδασι

291 3932 495 4007 βληθὲν
553 3936 815 4009 ἀνήνεγκε
870 3939 931 3993 τὸ
1008 3941 1164 4012 φύσει
1259 3941 1396 4016 βαρὺ
1485 3940 1755 4018 σιδήριον,
1839 3945 1994 4016 πόσῳ

291 4022 508 4111 μᾶλλον
564 4023 786 4079 ἐνταῦθα
840 4027 1133 4083 ἀποστελεῖ
1186 4031 1214 4083 ὁ
1273 4030 1476 4103 Κύριος
1519 4038 1581 4086 τὸ
1639 4032 1865 4111 κούφον,
1903 4034 1993 4087 καὶ

286 4109 542 4187 ἐλαφρὸν,
592 4112 680 4168 καὶ
742 4116 964 4191 ἀγαθὸν,
998 4116 1088 4170 καὶ
1148 4115 1470 4191 ἐπουράνιον
1528 4119 1692 4174 αὐτοῦ
1751 4109 1991 4193 Πνεῦμα,

284 4201 375 4255 καὶ
435 4199 507 4256 δι’
563 4202 728 4258 αὐτοῦ
764 4206 865 4273 τὴν
927 4201 1316 4279 βεϐυθισμένην
1374 4212 1492 4271 τοῖς
1547 4208 1701 4264 ὕδασι
1758 4213 1858 4274 τῆς
1889 4232 1991 4265 πο-

284 4291 476 4366 νηρίας
552 4294 738 4367 ψυχὴν
816 4293 1102 4371 ἀνενεγκεῖ,
1161 4297 1249 4351 καὶ
1307 4298 1573 4377 κουφίσει,
1631 4300 1721 4352 καὶ
1779 4301 1993 4376 πτερώ-

286 4400 365 4435 σει
424 4382 560 4457 πρὸς
607 4383 672 4437 τὰ
730 4382 839 4456 ὕψη
889 4388 996 4439 τῶν
1060 4384 1323 4458 οὐρανῶν,
1382 4389 1474 4442 καὶ
1536 4383 1836 4462 μεταϐαλεῖ
1898 4389 1986 4443 καὶ

284 4466 509 4539 ἀλλάξει
558 4469 728 4540 αὐτὴν
762 4470 823 4525 ἐκ
849 4477 949 4541 τῆς
983 4470 1125 4536 ἰδίας
1157 4472 1368 4550 φύσεως
1402 4475 1415 4529 l

356 4558 457 4631 ς’.
482 4560 584 4615 Καὶ
630 4559 809 4636 ὥσπερ
861 4560 915 4616 ἐν
969 4568 1087 4625 τοῖς
1133 4564 1481 4641 φαινομένοις
1530 4564 1706 4628 οὐδεὶς
1767 4562 1986 4621 δύναται

282 4642 354 4729 δι’
410 4648 600 4702 ἑαυτοῦ
657 4651 885 4725 περάσαι
943 4653 1034 4707 καὶ
1085 4650 1316 4709 διελθεῖν
1364 4655 1466 4723 τήν
1499 4655 1789 4724 θάλασσαν,
1824 4655 1873 4710 εἷ
1906 4656 1982 4729 μή

282 4728 399 4806 ἔχει
428 4736 490 4788 τὸ
530 4734 731 4813 κοῦφον
762 4740 853 4795 καὶ
904 4739 1138 4819 ἐλαφρὸν
1186 4744 1406 4816 πλοῖον,
1454 4746 1516 4798 τὸ
1574 4744 1633 4800 ἐκ
1690 4743 1853 4814 ξύλου
1883 4765 1984 4800 κα·-

283 4826 662 4895 τασκευασθέν,
710 4827 774 4882 τὸ
837 4828 1000 4901 μόνον
1072 4830 1254 4887 ἐπάνω
1327 4837 1434 4889 τῶν
1496 4831 1703 4889 ὑδάτων
1758 4854 1988 4910 περιπα-

283 4916 395 4967 τεῖν
435 4908 725 4998 δυνάμενον
786 4934 800 4948 ·
853 4922 1299 4991 καταποντίζεται
1350 4924 1455 4998 γὰρ
1514 4923 1603 4978 καὶ
1651 4908 1984 4994 ἀπόλλυται,

285 4999 348 5053 ἂν
416 4994 668 5073 ἐπιϐαίνῃ
710 5021 793 5062 τις
860 5002 912 5057 ἐν
973 5008 1039 5071 τῇ
1105 4994 1521 5083 θαλάσσῃνοτὸν
1588 5011 1749 5066 αὐτὸν
1779 5012 1982 5085 τρόπον

283 5087 541 5145 ἀδύνατον
584 5092 769 5167 ψυχὴν
830 5090 898 5147 δι’
958 5094 1150 5160 ἑαυτῆς
1210 5094 1443 5155 διελθεῖν
1499 5102 1588 5155 καὶ
1659 5097 1983 5176 ὑπερϐῆναι,

278 5180 371 5234 καί
431 5177 749 5253 διαπεράσαι
806 5181 906 5250 τήν
964 5185 1159 5257 πικράν
1207 5186 1477 5242 θάλασσαν
1534 5197 1635 5258 τῆς
1693 5192 1982 5264 ἁμαρτίας,

281 5271 371 5325 καὶ
424 5272 527 5339 τήν
581 5268 832 5345 χαλεπὴν
900 5266 1132 5329 ἄϐυσσον
1197 5280 1305 5330 τῶν
1380 5284 1637 5354 πονηρῶν
1707 5277 1984 5353 δυνάμεων

279 5364 377 5414 τοῦ
420 5362 646 5423 σκότους
677 5360 784 5415 τῶν
813 5362 1022 5431 παθῶν,
1057 5363 1103 5417 εἰ
1141 5367 1217 5437 μὴ
1275 5365 1338 5420 τὸ
1392 5366 1622 5445 ἐλαφρὸν
1683 5370 1772 5423 καὶ
1822 5368 1982 5423 ἐπου-

288 5449 468 5522 ράνιον
530 5451 619 5506 καὶ
686 5448 943 5528 εὔπτερον
1000 5457 1096 5509 τοῦ
1156 5460 1397 5530 Χριστοῦ
1474 5462 1691 5532 Πνεῦμα
1757 5456 1980 5530 δέξεται,

280 5539 461 5596 ἐπάνω
506 5549 607 5612 τῆς
654 5544 921 5619 πονηρίας
973 5544 1112 5617 ὅλης
1168 5556 1502 5624 περιπατοῦν
1561 5551 1653 5607 καὶ
1717 5548 1978 5623 διοδεῦον,

351 5717 396 5754 ⁷⁸
429 5718 559 5775 Lev.
590 5736 710 5791 ιιι,
743 5722 829 5778 18.
905 5723 951 5760 ⁷⁸
980 5720 1186 5781 Matth.
1211 5738 1269 5796 v,
1288 5722 1343 5780 8.
1419 5722 1467 5759 ⁸ο
1496 5723 1571 5779 IV
1602 5723 1741 5797 Reg.
1773 5741 1854 5797 vr,
1887 5729 1937 5779 5.

2107 3329 2364 3401 Spiritus
2412 3329 2643 3395 sancti;
2676 3337 2729 3384 et
2766 3328 2871 3384 hac
2914 3329 3136 3383 ratione
3181 3327 3392 3399 poterit
3437 3328 3647 3382 idonea
3681 3341 3810 3385 esse

2103 3421 2174 3475 ad
2206 3419 2439 3476 caeleste
2483 3435 2748 3490 regnum.
2782 3418 3063 3489 Consequi
3113 3423 3309 3473 autem
3368 3418 3491 3473 haec
3541 3422 3807 3473 nostrum

2102 3516 2208 3577 est,
2270 3509 2369 3579 qui
2418 3509 2712 3563 credimus
2768 3512 2824 3563 et
2879 3524 3007 3563 vere
3064 3507 3364 3578 diligimus
3412 3506 3602 3574 illum,
3636 3511 3692 3562 et
3746 3508 3805 3562 in

2055 3626 2061 3631 -
2098 3601 2373 3655 omnibus
2392 3601 2608 3654 sanctis
2636 3599 2929 3655 mandatis
2951 3600 3078 3669 ejus
3100 3614 3535 3653 conversamur.
3555 3598 3614 3652 Si
3645 3598 3801 3653 enim

2100 3692 2364 3761 tempore
2412 3688 2620 3749 Elissel,
2674 3688 2923 3759 lignum,
2965 3688 3123 3759 quod
3173 3694 3376 3743 natura
3422 3687 3541 3742 leve
3588 3692 3696 3757 est,
3743 3687 3802 3742 in

2101 3796 2312 3853 aquam
2370 3781 2694 3851 conjectum
2740 3780 2806 3845 ⁸ο,
2857 3778 3062 3835 extulit
3111 3778 3345 3846 ferrum,
3388 3779 3542 3849 quod
3596 3783 3804 3833 natura

2102 3886 2272 3940 grave
2302 3874 2420 3924 est:
2457 3872 2677 3939 quanto
2707 3868 2893 3940 magis
2926 3868 3115 3922 mittet
3140 3867 3253 3921 huc
3286 3867 3566 3921 Dominus
3596 3866 3802 3934 levem,

2102 3960 2398 4027 subtilem,
2430 3959 2649 4013 bonum
2694 3962 2751 4013 et
2786 3957 3074 4013 caelestem
3108 3974 3283 4013 suum
3316 3956 3621 4028 Spiritum,
3654 3958 3809 4025 ejus-

2103 4064 2214 4120 que
2238 4064 2346 4118 0pc
2362 4047 2731 4102 submersam
2764 4048 2925 4117 aquis
2958 4047 3227 4120 nequitiae
3259 4048 3512 4101 animam
3546 4045 3801 4115 extollet,

2102 4142 2159 4193 et
2210 4137 2455 4192 elevabit
2503 4140 2677 4208 atque
2735 4136 2959 4193 evolare
3019 4137 3187 4193 faciet
3245 4137 3313 4191 ad
3374 4134 3657 4191 sublimia
3698 4152 3807 4190 caa-

2096 4225 2311 4291 lorum,
2344 4240 2409 4279 ac
2457 4223 2875 4281 transmutabit
2921 4227 2978 4279 et
3027 4227 3318 4280 convertet
3370 4238 3495 4279 eam
3536 4240 3568 4278 a
3599 4226 3804 4278 natura

2099 4312 2239 4369 sua!

2167 4575 2254 4632 VI.
2286 4575 2356 4631 Et
2403 4574 2901 4647 quemadmodum
2939 4574 2997 4630 in
3050 4573 3224 4630 rebus
3273 4575 3605 4647 conspicuis
3627 4590 3797 4630 nemo

2096 4671 2282 4739 potest
2313 4684 2414 4738 per
2445 4682 2507 4722 se
2549 4665 2793 4721 transire
2825 4672 2877 4719 et
2916 4666 3184 4737 trajicere
3230 4682 3411 4732 mare,
3446 4665 3553 4721 nisi
3589 4665 3801 4722 habeat

2101 4757 2280 4812 levem
2313 4762 2369 4812 et
2408 4760 2642 4812 tenuem
2694 4755 3046 4822 naviculam,
3069 4771 3137 4812 ex
3186 4754 3343 4827 ligno
3374 4759 3796 4824 constructam,

2099 4862 2224 4917 qum
2256 4846 2380 4901 sola
2410 4862 2587 4916 super
2644 4862 2823 4915 aquas
2871 4845 3137 4901 incedere
3187 4851 3411 4916 potest;
3444 4845 3799 4914 demergitur

2096 4933 2253 4988 enim
2298 4940 2347 4988 et
2402 4933 2623 5001 interit,
2657 4932 2707 4987 si
2751 4932 3010 4988 ambulet
3058 4933 3190 5004 quis
3241 4934 3301 4987 in
3350 4933 3539 4989 mari:
3592 4934 3796 4989 eodem

2098 5023 2271 5077 modo
2303 5023 2501 5092 nequit
2529 5022 2726 5077 anima
2763 5038 2864 5091 per
2912 5037 2976 5077 se
3007 5021 3195 5093 ipsam
3227 5022 3498 5089 transire,
3522 5039 3798 5094 superare

2096 5112 2198 5163 aut
2258 5108 2521 5179 trajicere
2568 5109 2837 5163 acerbum
2897 5124 3055 5163 mare
3096 5109 3335 5180 peccati,
3396 5112 3452 5164 et
3498 5108 3795 5163 difﬁcilem

2097 5197 2375 5268 abyssum
2407 5212 2716 5269 pravorum
2750 5196 3065 5270 spirituum
3096 5196 3368 5270 caliginis
3400 5198 3794 5260 aﬂ'ectionum,

2095 5287 2210 5341 nisi
2268 5285 2569 5353 subtilem,
2602 5285 2895 5342 caelestem
2944 5291 3001 5342 et
3056 5286 3347 5343 volatilem
3403 5286 3611 5342 Christi
3660 5285 3794 5353 Spi-

2096 5377 2276 5431 ritum
2338 5376 2681 5447 susceperit,
2703 5393 2882 5449 super
2928 5393 3159 5433 omnem
3213 5376 3530 5447 nequitiam
3600 5372 3797 5427 ambu-

2096 5464 2312 5522 lantem
2370 5474 2425 5520 et
2492 5466 2879 5536 incedentem,
2935 5468 3104 5538 cujus
3164 5482 3291 5536 ope,
3341 5463 3576 5531 auxilio,
3637 5466 3792 5516 recto

2095 5558 2153 5612 ct
2181 5554 2377 5612 minus
2401 5572 2641 5615 erroneo
2672 5573 2845 5614 cursu
2877 5557 2949 5613 ad
2972 5555 3260 5612 caelestem
3292 5556 3524 5626 portum
3558 5549 3789 5623 quietis,
