4130 6286
260 401 376 466 783

1592 399 1655 459 S.
1703 398 2029 460 MACARII
2073 397 2421 460 zEGYPTII

3663 385 3783 446 786

257 537 330 591 ad
365 536 659 592 civitatem
706 532 866 605 regni
933 530 1140 603 poterit
1203 529 1520 601 pervenire.
1572 530 2001 603 Quemadmo-,

2115 530 2149 583 ι’
2197 527 2259 583 οῦ
2308 524 2660 600 εὐθυδρόμως
2707 523 2795 579 καὶ
2837 523 3012 596 ὀρθῶς
3061 517 3138 581 είς
3184 519 3274 575 τὸν
3327 515 3643 593 ἐπουράνιον
3693 515 3788 572 λι-

258 629 397 683 dum
445 631 637 683 autem
688 625 786 696 qui
833 627 966 678 sunt
1008 622 1067 676 in
1109 621 1259 687 navi,
1293 636 1322 676 e
1352 622 1496 675 mari
1543 637 1657 676 non
1690 621 1968 676 hauriunt

259 732 366 771 nec
425 715 658 776 bibunt,
694 729 797 768 nec
848 728 911 766 ex
963 727 1027 766 eo
1083 710 1430 764 vestimenta
1489 717 1584 764 aut
1630 710 1847 764 victum
1876 726 1969 766 ac-

261 803 508 874 cipiunt,
543 803 639 857 sed
673 800 906 856 aliunde
948 799 1004 852 in
1055 814 1262 854 navem
1308 798 1627 868 important
1661 814 1673 852 :
1709 799 1793 853 sic
1833 815 1970 869 quo-

265 909 377 963 que
407 891 614 948 animm
663 889 1122 945 Christianorum
1175 904 1292 941 non
1337 904 1404 942 ex
1451 888 1558 943 hoc
1590 887 1822 955 seculo,
1870 889 1965 943 sed

265 979 600 1051 supernitus
645 996 674 1034 e
714 978 856 1033 coelo
912 978 1107 1033 cibum
1159 976 1454 1032 ccelestem
1515 981 1571 1031 et
1627 977 1970 1031 indumenta

270 1068 599 1139 spiritualia
655 1067 945 1138 accipiunt
979 1083 992 1121 :
1027 1071 1196 1136 atque
1251 1066 1386 1121 inde
1429 1067 1703 1133 viventes,
1731 1066 1788 1120 in
1839 1065 1969 1120 navi

268 1158 406 1211 boni
432 1163 487 1212 et
504 1156 710 1211 vivifici
745 1156 994 1227 Spiritus
1025 1153 1351 1219 ambulant,
1377 1159 1431 1210 et.
1462 1154 1973 1224 transgrediuntur

269 1246 627 1302 adversaries
659 1245 988 1318 principum
1023 1249 1079 1299 et
1119 1249 1465 1314 potestatum
1494 1260 1696 1314 pravas
1731 1243 1975 1299 faculta-

271 1341 379 1391 tes.
415 1337 481 1390 Et
510 1335 998 1406 quemadmodum
1041 1349 1110 1388 ex
1160 1333 1324 1386 unica
1355 1340 1560 1386 natura
1603 1331 1741 1402 ligni
1773 1349 1976 1388 omnes

273 1444 449 1483 naves
479 1431 916 1491 construuntur,
940 1441 1190 1495 quarum
1223 1424 1498 1479 beneficio
1531 1423 1798 1479 homines
1823 1441 1980 1478 ama-

274 1532 406 1571 rum
449 1519 696 1586 possunt
726 1519 1087 1570 transmeare
1119 1530 1274 1568 mare
1309 1529 1323 1567 :
1359 1513 1442 1568 sic
1481 1529 1548 1568 ex
1571 1514 1743 1567 unica
1766 1513 1978 1568 divini-

274 1610 392 1660 tate
413 1604 562 1660 lucis
594 1604 841 1659 ccelestis
872 1603 1224 1658 diversorum
1257 1602 1451 1673 gratiae
1483 1603 1769 1657 donorum
1803 1603 1979 1658 unius

275 1694 430 1748 142
464 1693 738 1763 Spiritus,
786 1708 986 1746 omnes
1024 1691 1485 1747 Christianorum
1526 1691 1738 1746 anima
1778 1707 1981 1746 corro-

277 1783 491 1837 borataa
516 1781 843 1836 universam
875 1781 1244 1850 supervolant
1269 1779 1610 1850 nequitiam.

2077 620 2211 690 μένα
2241 623 2342 685 τῆς
2396 614 2766 680 ἀναπαύσεως,
2825 611 2903 672 εἲς
2957 613 3057 680 τήν
3117 609 3280 664 πόλιν
3339 617 3438 678 τῆς
3503 605 3789 682 βασιλείας

2078 706 2363 778 δυνήσεται
2411 713 2762 775 καταντῆσαι.
2821 705 3022 776 ’Ὠσπερ
3087 699 3145 755 δὲ
3221 700 3270 754 οἱ
3329 698 3381 753 ἔν
3438 703 3515 769 τῷ
3593 698 3784 769 πλοίῳ

2079 799 2138 852 ἐκ
2193 804 2290 865 τῆς
2340 794 2618 865 Θαλάσσης
2675 793 2773 848 ούκ
2824 792 3076 866 ἀρύονται
3124 789 3216 844 καῖ
3265 787 3532 858 πίνουσιν,
3577 784 3700 843 οὕτε
3734 788 3785 858 ἐξ

2078 887 2246 954 αὐτῆς
2295 887 2362 940 τα
2424 883 2696 955 ἐνδύματα
2736 881 2826 937 καὶ
2883 881 2980 944 τὰς
3055 878 3257 958 τροφὰς
3336 872 3579 952 ἔχουσιν,
3657 877 3789 932 ἀλλ’

2079 972 2267 1046 ἔξωθεν
2325 973 2375 1028 ἐν
2408 978 2485 1045 τῷ
2515 970 2700 1045 πλοίῳ
2748 971 3160 1043 ἐπικομίζονται
3203 974 3218 1001 ‘
3279 967 3454 1028 οὕτως
3501 966 3555 1020 αἱ
3614 968 3786 1041 ψυγαὶ

3659 1055 3790 1111 ἀλλ’

2083 1152 2283 1206 ἄνωθεν
2354 1152 2402 1222 ἐξ
2464 1151 2695 1224 ούρανοῦ
2750 1152 2957 1226 τροφὴν
3022 1149 3272 1223 οὐράνιον
3350 1145 3438 1200 καὶ
3517 1143 3789 1219 ἐνδύματα

2084 1241 2418 1315 πνευματικὰ
2485 1236 2852 1314 λαμϐάνουσι,
2907 1240 3150 1294 κάκεῖθεν
3219 1242 3386 1306 ζῶσαι
3455 1234 3505 1290 ἐν
3559 1240 3627 1309 τῇ
3697 1241 3792 1305 νηῖ

2085 1337 2182 1388 τοῦ
2273 1333 2477 1405 ἀγαθοῦ
2569 1331 2658 1385 καὶ
2743 1335 3017 1400 ζωοποιοῦ
3114 1328 3429 1401 Πνεύματος
3533 1321 3789 1399 ἐμϐᾶσαι,

2085 1421 2453 1496 παρέρχονται
2501 1421 2594 1482 τάς
2671 1421 2912 1482 ἐναντίας
2962 1424 3069 1475 τῶν
3135 1419 3322 1493 ἀρχῶν
3393 1417 3482 1471 καὶ
3540 1416 3791 1486 ἐξουσιῶν

2088 1511 2328 1584 πονηράς
2387 1508 2662 1583 δυνάμεις.
2713 1510 2813 1566 Καὶ
2865 1507 3046 1582 ὥσπερ
3104 1507 3164 1562 ἐκ
3205 1511 3330 1579 μιᾶς
3384 1505 3587 1566 θύσεως
3634 1503 3797 1575 ξύλου

2089 1600 2263 1654 πάντα
2317 1600 2384 1653 τὰ
2437 1599 2607 1655 πλοῖα
2665 1598 3175 1667 κατασκευάζονται,
3239 1594 3309 1650 δι’
3369 1597 3441 1649 ὧν
3509 1593 3798 1668 παρελθεῖν

2091 1691 2142 1744 οἱ
2232 1692 2515 1764 ἅνθρωποι

2079 1070 2186 1119 τῶν
2247 1067 2606 1136 Χριστιανῶν,
2665 1060 2762 1115 οὐκ
2821 1062 2882 1114 ἐκ
2935 1063 3033 1114 τοῦ
3090 1059 3289 1119 αἰῶνος
3359 1056 3577 1127 τούτου,

2569 1331 2658 1385 καὶ

2619 1692 2720 1758 τήν
2797 1688 2993 1762 πικράν
3082 1686 3404 1756 δυνήσονται
3483 1685 3794 1740 θάλασσαν·

2090 1777 2261 1840 οὕτως
2320 1777 2380 1834 ἐκ
2441 1783 2567 1852 μιᾶς
2626 1778 2883 1849 θεότητος
2915 1777 3096 1856 φωτὸς
3155 1774 3416 1850 οὓρανίου
3465 1779 3570 1828 τῶν
3604 1771 3795 1850 διαφό-

282 1889 391 1943 ρων
451 1868 810 1941 χαρισμάτων
872 1871 968 1922 τοῦ
1036 1866 1159 1929 ἐνὸς
1223 1867 1558 1939 Πνεύματος,
1626 1871 1790 1921 πᾶσαι
1866 1873 1975 1921 τῶν
2043 1872 2388 1942 Χριστιανῶν
2449 1869 2501 1922 αἱ
2565 1870 2739 1944 ψυχαὶ
2808 1866 3206 1940 ὃυναμούμεναι
3271 1866 3370 1934 τήν
3438 1863 3574 1935 ὅλην
3643 1884 3794 1938 περιο

285 1957 529 2012 ίπτανται
561 1955 846 2030 πονηρίαν.

348 2047 469 2102 VlI.
506 2046 722 2102 Verum
771 2063 903 2102 cum
962 2048 1123 2102 navis
1181 2050 1236 2102 et
1267 2047 1654 2118 gubernatore
1703 2047 1980 2118 indigeat,
2014 2049 2060 2115 Β

279 2141 336 2193 et
363 2141 684 2206 temperato
728 2141 784 2191 et
826 2152 1052 2191 amoeno
1089 2141 1282 2204 vento,
1309 2137 1380 2191 ad
1433 2136 1672 2191 feliciter
1711 2137 1984 2208 navigan-

279 2227 447 2291 dum;
483 2225 604 2280 haec
644 2225 841 2280 omnia
887 2231 974 2281 est
1018 2226 1142 2297 ipse
1199 2226 1478 2281 Dominus
1508 2226 1565 2280 in
1608 2227 1803 2282 anima
1835 2227 1984 2282 fideli

282 2317 520 2386 degens,
548 2319 605 2370 et
649 2315 900 2387 perferre
959 2332 1083 2371 eam
1146 2317 1365 2372 faciens
1427 2317 1701 2372 molestas
1761 2323 1986 2386 tempe-

283 2409 464 2460 states
495 2410 551 2459 et
581 2405 798 2461 feroces
829 2404 1064 2460 maliti
1107 2405 1341 2473 ﬂuctus,
1367 2411 1542 2476 atque
1583 2405 1840 2476 impetus
1870 2407 1987 2461 vio-

283 2493 571 2549 lentorum
629 2493 847 2564 peccati
913 2507 1261 2554 ventorum;
1314 2500 1370 2550 et
1439 2495 1676 2565 quidam
1745 2495 1986 2556 fortiter,

287 2581 570 2635 ferventer
615 2597 682 2634 ac
727 2581 888 2648 scite,
922 2587 986 2636 ut
1033 2583 1158 2653 ipse
1199 2582 1377 2649 novit,
1441 2582 1724 2638 dissoluto
1791 2600 1988 2639 eorum

291 2676 459 2723 aestu.
509 2668 746 2738 Absque
802 2670 1017 2724 ccelesti
1067 2671 1221 2725 enim
1289 2671 1687 2742 gubernatore.
1740 2672 1990 2738 Christo,

291 2775 410 2813 non
479 2763 666 2827 potest
737 2760 1030 2828 quispiam
1108 2759 1376 2829 trajicere
1459 2777 1791 2830 perversum
1845 2777 1996 2816 mare

290 2850 642 2917 potestatum
677 2849 1158 2917 tenebrarum,ac
1193 2849 1573 2903 molestarum
1610 2850 1995 2906 tentationum

292 2936 546 2992 afﬂatus.
579 2936 884 2993 Ascendunt
931 2941 1110 3004 enim,
1143 2939 1356 3009 inquit,
1405 2955 1572 3010 usque
1618 2940 1689 2994 ad
1717 2942 1896 3008 catos,
1946 2951 1997 2997 et

289 3025 623 3082 descendunt
673 3043 840 3096 usque
898 3029 966 3080 ad
1024 3029 1243 3099 abyssos
1266 3027 1332 3086 δ’.
1367 3028 1612 3084 Omnem
1672 3047 1837 3099 porro
1894 3049 2000 3104 gu-

293 3115 573 3171 bernandi
625 3115 950 3184 scientiam,
986 3118 1121 3172 item
1173 3118 1461 3174 bellorum
1501 3135 1568 3174 ac
1615 3121 2002 3176 tentationum

293 3205 472 3272 novit,
534 3221 709 3276 super
763 3205 983 3261 feroces
1052 3206 1264 3262 ﬂuctus
1321 3207 1617 3264 incedens.
1676 3210 1794 3280 Ipse
1831 3212 2002 3277 enim,

295 3295 514 3365 inquit,
567 3298 833 3362 tentatus,
884 3302 1059 3364 potest
1126 3296 1200 3352 iis
1257 3299 1354 3368 qui
1418 3301 1727 3368 tentantur,
1782 3315 2006 3354 succur-

302 3398 428 3437 rere
456 3381 530 3436 δε.

373 3555 521 3610 VIII.
549 3555 785 3624 Oportet
840 3574 972 3625 ergo
1031 3559 1283 3614 converti
1339 3576 1406 3614 ac
1459 3563 1841 3618 transmutari
1892 3565 2014 3620 ani-

308 3662 434 3700 mas
457 3648 686 3700 nostrae
718 3662 751 3700 a
783 3647 1054 3716 praesenti
1085 3653 1234 3702 statu
1289 3648 1348 3702 in
1395 3648 1644 3704 alterum
1686 3657 1926 3718 statum,
1957 3659 2014 3709 et

309 3735 568 3789 divinam
630 3740 920 3802 naturam,
973 3741 1028 3791 et
1073 3736 1197 3792 fieri
1246 3754 1422 3793 novos
1474 3755 1504 3793 e
1543 3741 1853 3804 veteribus,
1905 3743 2013 3800 hoc

312 3830 420 3889 est,
458 3827 664 3891 bonos,
699 3825 982 3894 benignos
1039 3841 1105 3880 ac
1139 3825 1360 3894 fideles,
1391 3844 1458 3883 ex
1498 3830 1723 3885 acerbis
1781 3836 1837 3887 et
1882 3831 2012 3886 infi-

313 3914 565 3982 delibus,
596 3919 652 3969 ct
682 3915 764 3969 sic
796 3915 1035 3970 idoneos
1066 3915 1284 3970 caelesti
1334 3933 1513 3988 regno
1567 3919 1687 3974 fieri
1720 3928 1772 3975 et
1803 3922 2013 3976 consti-

313 4005 417 4060 tui.
463 4006 670 4060 Beatus
728 4003 882 4058 enim
943 4004 1155 4060 Paulus
1207 4007 1276 4060 de
1305 4007 1677 4064 conversione
1709 4013 1763 4064 et
1795 4026 2016 4064 assum-

313 4097 510 4166 ptione
541 4112 664 4159 sua,
691 4110 808 4164 qua
856 4095 1314 4163 comprehensus
1344 4101 1433 4150 est
1462 4113 1494 4150 a
1521 4096 1783 4165 Domino,
1817 4099 2017 4154 scribit

313 4185 481 4240 haec:
533 4180 636 4239 Sed
691 4193 880 4248 sector,
937 4186 986 4237 si
1020 4183 1195 4238 etiam
1250 4186 1674 4253 apprehendam,
1720 4195 2016 4258 quatenus,

311 4282 363 4330 et
404 4274 775 4345 apprehensus
823 4289 944 4326 sum
1003 4291 1036 4326 a
1086 4272 1298 4328 Christo
1346 4272 1412 4328 ⁸³.
1455 4275 1574 4338 Quo
1621 4276 1801 4346 igitur
1849 4281 2017 4348 pacto

314 4361 828 4433 comprehenditur
879 4379 911 4415 a
968 4360 1083 4416 Deo
1115 4361 1143 4416 ‘?
1191 4364 1693 4428 Quemadmodum
1753 4366 1908 4420 enim
1968 4367 2018 4421 si

316 4453 573 4522 captivos
604 4450 911 4520 quosdam,
946 4466 1094 4519 quos
1124 4459 1405 4521 rapuerat,
1435 4459 1717 4522 tyrannus
1749 4455 2016 4519 abducat,

314 4542 583 4610 deinceps
616 4539 738 4609 ipse
770 4539 1298 4608 comprehendatur
1326 4558 1358 4594 a
1388 4557 1521 4596 vero
1554 4558 1686 4614 rege
1718 4557 1730 4596 :
1765 4544 1844 4598 ita
1874 4560 2021 4615 quo—

315 4646 422 4702 que
462 4628 699 4696 Paulus,
728 4644 859 4683 cum
912 4645 944 4681 a
1003 4627 1302 4699 tyrannico
1359 4632 1564 4700 spiritu
1627 4635 1842 4703 peccati
1901 4639 2020 4688 tor-

314 4725 608 4789 queretur,
648 4716 968 4773 Ecclesiam
1031 4719 1484 4788 persequebatur
1537 4729 1590 4774 et
1645 4722 2017 4776 deVastabat:

311 4823 508 4862 verum
540 4822 672 4861 cum
708 4823 821 4861 non
854 4807 982 4861 odio
1015 4805 1137 4873 Dei,
1172 4808 1268 4862 sed
1314 4824 1411 4878 per
1470 4808 1855 4875 ignorantiam
1910 4811 2017 4866 hoc

313 4900 532 4966 ageret,
587 4901 868 4964 tanquam
947 4911 1048 4964 pro
1108 4895 1347 4949 veritate
1406 4897 1710 4966 dimicans,
1777 4916 1887 4953 non
1931 4904 2018 4955 est

314 4983 638 5054 neglectus,
680 4985 778 5037 sed
838 4983 1222 5052 apprehendit
1252 4999 1380 5038 eum
1451 5001 1780 5057 arcanoque
1823 4989 2021 5059 splen-

315 5077 455 5130 dore
504 5071 882 5126 circumfudit
931 5072 1233 5138 Dominus,
1267 5074 1518 5130 cmlestis
1567 5081 1626 5130 et
1673 5092 1842 5131 verus
1901 5095 2019 5148 rex,

314 5176 566 5232 eumque
586 5177 721 5216 voce
743 5177 850 5215 sua
881 5160 1248 5230 dignatus,in
1281 5161 1483 5218 faciem
1516 5165 1825 5235 percussit,
1849 5174 2023 5236 atque

314 5266 379 5310 ut
434 5265 665 5308 servum
734 5248 1018 5306 liberavit.
1080 5249 1221 5306 Vide
1285 5253 1517 5307 Domini
1581 5253 1898 5310 bonitatem
1966 5261 2024 5312 et

314 5341 775 5406 conversionem,
833 5355 946 5410 quo
1015 5345 1178 5410 pacto
1248 5341 1433 5410 possit
1508 5349 1731 5398 mutare
1797 5344 2021 5402 animas

312 5433 452 5490 vitio
510 5429 921 5502 agglutinatas,
981 5433 1038 5484 et
1096 5429 1309 5485 feroces
1355 5429 1608 5498 effectae,
1669 5437 1840 5502 atque
1897 5450 2024 5489 mo-

314 5531 505 5576 mento
537 5521 689 5575 horta
720 5519 780 5574 in
812 5534 976 5574 suam
1012 5516 1199 5588 ipsius
1239 5517 1557 5574 bonitatem
1589 5524 1646 5575 et
1677 5536 1876 5591 pacem
1906 5526 2022 5579 tra-

316 5610 528 5666 ducere
552 5609 564 5662 ι

385 5697 432 5731 δί
464 5695 617 5765 Psal,
646 5713 780 5768 cvm,
798 5699 887 5754 26.
963 5697 1010 5733 "
1040 5697 1214 5755 Hebr.
1240 5714 1306 5770 ιι,
1333 5699 1422 5754 18.
1499 5697 1546 5733 ⁸³
1567 5696 1822 5770 Philipp.
1847 5715 1935 5772 ιιι,
1962 5702 2048 5762 12.

2036 3422 2080 3488 C
2119 3385 2321 3459 ἀγρίων
2408 3385 2664 3455 κυμάτων
2739 3380 3031 3439 ἐπιϐαίνων
3094 3403 3107 3418 ’

2164 2052 2240 2106 Ζ’.
2296 2049 2443 2102 Ἐπεὶ
2518 2045 2574 2102 δὲ
2623 2048 2684 2103 τὸ
2759 2046 2954 2101 πλοῖον
3010 2046 3101 2101 καὶ
3168 2039 3502 2118 κυϐερνήτου
3577 2045 3796 2118 χρῄζει,

2085 2137 2177 2189 καὶ
2232 2137 2493 2210 εὐκράτου
2549 2138 2638 2190 καὶ
2697 2133 2858 2205 ἡδέος
2920 2138 3121 2209 ἀνέμου
3192 2133 3328 2207 πρὸς
3391 2136 3452 2188 τὸ
3534 2131 3794 2188 διαπλεῦ-

2092 2246 2178 2278 σαι
2228 2225 2436 2289 καλῶς,
2485 2231 2656 2281 ταῦτα
2702 2228 2874 2280 πάντα
2925 2226 3086 2290 αὐτός
3143 2227 3283 2283 ἐστιν
3332 2229 3358 2282 6
3401 2224 3596 2297 Κύριος
3643 2224 3693 2278 ἐν
3723 2227 3794 2297 τῇ

2091 2318 2257 2388 πιστῇ
2316 2318 2468 2388 ψυχῇ
2533 2315 2840 2390 γινόμενος,
2921 2315 3009 2370 καὶ
3087 2313 3355 2392 διαπερῶν
3433 2313 3598 2382 αὐτὴν
3668 2313 3796 2374 τοὺς

2095 2402 2298 2466 δεινοὺς
2343 2409 2650 2481 χειμῶνας,
2701 2405 2792 2459 καὶ
2847 2405 2914 2459 τὰ
2969 2404 3131 2480 ἄγρια
3176 2413 3275 2474 τῆς
3318 2404 3582 2478 πονηρίας
3621 2402 3793 2474 κύμα-

2094 2515 2182 2562 τα,
2240 2491 2329 2547 καὶ
2386 2494 2480 2554 τὰς
2521 2491 2834 2568 καταιγίδας
2887 2499 2994 2548 τῶν
3074 2495 3264 2569 βιαίων
3347 2501 3449 2564 τῆς
3535 2494 3798 2567 ἁμαρτίας

2098 2583 2332 2654 ἀνεμων,
2408 2580 2646 2645 δυνατῶς
2723 2584 2810 2637 καὶ
2901 2582 3161 2657 ἐμπύρως
3238 2584 3328 2637 καὶ
3396 2583 3798 2654 ἐπιστημόνως,

2101 2672 2176 2731 ὡς
2235 2670 2393 2731 αὐτὸς
2469 2669 2767 2741 ἐπίσταναι,
2829 2669 3067 2726 διαλύων
3144 2672 3236 2726 τὸν
3309 2669 3563 2726 κλύδωνα
3626 2670 3800 2724 αὐτῶν

2101 2759 2255 2811 Ἀνευ
2347 2758 2451 2832 γὰρ
2553 2763 2650 2813 τοῦ
2735 2759 3058 2833 ἐπουρανίου
3140 2754 3478 2834 κυϐερνήτου
3543 2760 3794 2831 Χριστοῦ,

2105 2845 2360 2903 ἀδύνατόν
2420 2871 2526 2904 τινι
2580 2848 2871 2921 παρελθεῖν
2930 2851 3028 2917 τὴν
3083 2849 3322 2922 πονηρὰν
3372 2846 3629 2902 θάλασσαν
3686 2849 3794 2899 τῶν

2108 2934 2388 3009 δυνάμεων
2455 2941 2552 2992 τοῦ
2620 2939 2871 3005 σκότους,
2936 2938 3026 2992 καὶ

2107 3031 2259 3100 σμῶν
2292 3025 2357 3080 τά
2412 3029 2846 3103 καταφυσήματα
2901 3047 2914 3060 ·

2105 3114 2213 3178 ἕως
2305 3119 2410 3170 τῶν

2111 3201 2382 3262 ἀϐύσσων.

3117 2942 3224 2992 τῶν
3305 2941 3511 3012 πικρῶν
3606 2954 3796 3009 πειρα-

2977 3023 3358 3083 Ἀναὸαίνουσι
3438 3025 3560 3099 γὰρ,
3620 3024 3805 3101 φησὶν,

2502 3115 2771 3187 οὐρανῶν,
2854 3116 2944 3169 καὶ
3028 3110 3442 3169 καταϐαίνουσιν
3527 3112 3627 3174 ἕως
3699 3116 3810 3166 τῶν

2458 3211 2635 3259 Πᾶσαν
2720 3202 2776 3259 δὲ
2877 3201 3272 3280 κυϐερνητικήν
3351 3204 3661 3274 ἐπιστήμην
3726 3201 3818 3256 καὶ

2113 3294 2377 3367 πολέμων
2465 3295 2553 3348 καί
2621 3300 2940 3369 πειρασμῶν
3017 3292 3322 3364 ἐπίσταται,
3400 3293 3645 3368 ὑπεράνω
3712 3297 3818 3345 τῶν

3195 3385 3374 3445 Αὐτὸς
3454 3383 3583 3458 γὰρ,

2119 3474 2430 3548 πειρασθεῖς
2461 3472 2679 3529 δύναται
2715 3473 3135 3545 πειραζομένοις
3171 3474 3463 3548 βοηθῆσαι.

2193 3567 2277 3620 Η’.
2314 3565 2410 3622 Δεῖ
2475 3562 2653 3616 τοίνυν
2719 3562 3024 3640 ἀλλαγῆναι
3086 3563 3176 3618 καὶ
3245 3558 3661 3635 μεναϐληθῇναι
3726 3560 3822 3619 τὰς

2122 3655 2300 3727 ψυχὰς
2358 3655 2519 3725 ἡμῶν
2573 3652 2679 3706 ἀπὸ
2745 3660 2844 3721 τῆς
2899 3658 2988 3708 νῦν
3045 3653 3420 3713 καταστάσεως
3489 3652 3566 3712 εἷς
3637 3647 3814 3722 ἑτέραν

2122 3741 2464 3809 κατάστασιν,
2531 3741 2622 3796 καὶ
2689 3741 2843 3817 φύσιν
2920 3744 3089 3813 θείαν,
3159 3743 3248 3796 καὶ
3321 3741 3561 3817 γενέσθαι
3608 3739 3827 3799 καινοὺς

2124 3829 2184 3884 ἐκ
2250 3829 2522 3900 παλαιῶν,
2584 3830 2858 3886 τουτέστιν
2935 3830 3168 3899 ἀγαθοὺς
3235 3831 3326 3885 καὶ
3395 3830 3673 3904 χρηστοὺς
3738 3827 3830 3881 καὶ

2123 3922 2369 3986 πιστοὺς,
2403 3919 2462 3975 ἐκ
2489 3926 2700 3996 πικρῶν
2738 3921 2828 3976 καὶ
2873 3921 3111 3978 ἀπίστων
3147 3943 3160 3957 ·

3668 3380 3823 3458 φησὶ,

3203 3921 3294 3976 καὶ
3344 3922 3486 3975 οὕτω
3518 3919 3832 3994 χρησίμους

2123 4010 2446 4082 γενομὲνους
2476 4009 2551 4072 εἷς
2596 4011 2695 4079 τήν
2744 4009 3064 4086 ἐπουράνιον
3121 4009 3396 4084 βασιλείαν
3449 4011 3833 4076 ἀποκαταστῆ-

2124 4119 2234 4155 ναι.
2277 4100 2382 4155 Καὶ
2440 4100 2540 4174 γὰρ
2586 4100 2614 4153 6
2665 4101 2932 4174 μακάριος
2981 4099 3199 4164 Παῦλος
3227 4099 3350 4168 περὶ
3381 4106 3479 4168 τῆς
3516 4093 3831 4171 μεταϐολῆς

2126 4188 2290 4242 αὐτοῦ
2347 4189 2436 4242 καὶ
2483 4187 2864 4262 καταλήψεως,
2922 4192 2990 4258 ἧς
3051 4188 3370 4263 κατελήφθη
3443 4189 3544 4242 ὑπὸ
3599 4187 3828 4258 Κυρίου,

2127 4277 2320 4352 γράφει
2373 4281 2585 4332 ταῦτα’
2649 4279 2840 4332 Διώκω
2899 4277 2978 4345 δὲ,
3019 4280 3062 4333 εί
3111 4273 3427 4349 καταλάϐω,
3489 4277 3569 4355 ἐφ’
3623 4277 3667 4346 ᾧ
3734 4276 3827 4329 καὶ

2128 4364 2474 4443 κατελήφθην
2548 4368 2650 4422 ὑπὸ
2727 4371 2984 4442 Χριστοῦ.
3069 4373 3192 4431 Πῶς
3257 4367 3309 4423 τί
3378 4367 3480 4443 ἄρα
3553 4367 3834 4436 καταλαμ-

2131 4452 2342 4510 ϐάνεται
2377 4456 2478 4510 ὑπὸ
2507 4457 2603 4511 τοῦ
2661 4461 2842 4527 Θεοῦ;
2894 4459 3099 4532 ’Ὠσπερ
3150 4458 3252 4534 γὰρ
3304 4457 3392 4512 ἐὰν
3447 4454 3834 4531 αἰχμαλωσίαν

2128 4566 2244 4600 τινα
2317 4545 2573 4619 τύραννος
2663 4547 2904 4620 ἁρπάσας
3000 4549 3202 4622 ἀπάγῃ,
3299 4548 3414 4601 εἶνα
3508 4544 3836 4622 καταληφθῇ

2135 4635 2238 4690 ὑπὸ
2289 4637 2389 4689 τοῦ
2429 4633 2691 4706 ἀληθινοῦ
2749 4635 3020 4710 βασιλέως
3054 4655 3066 4669 '
3119 4635 3289 4691 οὕτων
3338 4636 3428 4691 καὶ
3476 4635 3712 4697 Παῦλος,
3745 4633 3837 4688 ὅτε

2135 4724 2236 4778 ὑπὸ
2293 4728 2389 4778 τοῦ
2454 4728 2777 4798 τυραννικοῦ
2835 4726 3138 4795 πνεύματος
3210 4731 3310 4793 τῆς
3360 4722 3625 4798 ἁμαρτίας
3670 4721 3836 4794 ἐνηρ-

2130 4818 2303 4887 γεῖτο,
2368 4814 2467 4881 τήν
2527 4811 2858 4883 Ἐκκλησίαν
2929 4810 3120 4868 ἐδίωκε
3166 4813 3256 4868 καὶ
3317 4812 3620 4867 ἐσκύλευεν.
3682 4809 3838 4864 Ἀλλ’

2130 4901 2243 4955 ἐπεὶ
2314 4906 2389 4974 μή
2443 4904 2601 4976 ζήλῳ
2674 4907 2807 4960 Θεοῦ
2865 4904 3002 4958 κατά
3056 4903 3273 4978 ἄγνοιαν
3337 4903 3531 4969 ἐποίει,
3581 4902 3656 4961 ὡς
3704 4900 3835 4972 ὑπὲρ

2131 4989 2388 5059 ἀληθείας
2466 4993 2890 5068 ἀγωνιζόμενος,
2951 4994 3015 5048 οὐ
3081 4993 3403 5068 παρωράθη,
3481 4989 3626 5046 ἀλλὰ
3707 5009 3839 5043 κατ-

2131 5075 2322 5134 έλαϐεν
2353 5080 2512 5136 αὐτὸν
2546 5083 2574 5136 6
2625 5083 2847 5155 Κύριος,
2888 5079 3239 5155 περιλάμψας
3289 5079 3541 5154 ἀρρήτως
3589 5080 3617 5132 6
3671 5076 3842 5132 ἐπου-

2135 5170 2313 5242 ράνιος
2380 5171 2470 5223 καὶ
2531 5170 2792 5240 ἀληθινὸς
2872 5168 3148 5245 βασιλεὺς,
3218 5177 3402 5246 φωνῆς
3482 5175 3584 5238 τῆς
3672 5167 3840 5221 αὐτοῦ

2128 5262 2320 5313 τοῦτον
2358 5258 2611 5329 ἀξιώσας,
2646 5261 2735 5314 καὶ
2789 5260 3016 5335 ῥαπίσας
3064 5261 3138 5322 ὡς
3194 5257 3392 5314 δοῦλον
3438 5257 3835 5330 ἠλευθέρωσεν.

2131 5354 2152 5373 υ
2185 5347 2207 5364 '5
2643 5349 2656 5369 ν
2785 5351 2796 5368 ι
3060 5350 3074 5367 κ
3382 5350 3397 5368 ι
3563 5348 3588 5359 ~
3677 5343 3730 5365 αν

2157 5355 2237 5403 [οε
2294 5349 2563 5404 Δεσπότου
2631 5351 2941 5423 αγαθοτητα
2986 5371 3074 5404 και
3126 5346 3456 5423 μεταϐολην,
3507 5368 3623 5408 πως
3673 5365 3835 5400 ουνα-

2127 5457 2214 5491 ται
2279 5432 2601 5511 μεταϐαλεῖν
2659 5439 2843 5516 ψυχὰς
2898 5439 2993 5500 τὰς
3050 5441 3118 5511 τῇ
3184 5437 3343 5508 κακίᾳ
3399 5434 3835 5509 συμπλακείσας,

2129 5528 2218 5581 καὶ
2268 5527 2461 5603 ἀγρίας
2516 5527 2984 5598 ἀποκαταστάσας,
3042 5528 3132 5582 καὶ
3199 5528 3344 5603 ῥοπῇ
3404 5525 3549 5601 ὥρας
3607 5525 3684 5587 εἰς
3730 5526 3834 5594 τήν

2129 5617 2322 5673 ἑαυτοῦ
2349 5619 2675 5694 ἀγαθότητα,
2707 5618 2799 5673 καὶ
2831 5618 3053 5693 εἰρήνην
3085 5617 3442 5693 μετενεγκεῖν.

3299 4548 3375 4601 εἶν
3384 4567 3414 4600 α
