4130 6286
318 388 438 451 785

391 527 452 579 Θ.
500 522 679 576 Πάντα
735 523 840 598 γάρ
891 519 1089 578 δυνατὰ
1143 524 1291 598 παρὰ
1340 528 1479 597 Θεῷ,
1528 524 1707 599 ὥσπερ
1779 524 1865 580 ἐπὶ
1917 528 2015 580 τοῦ
2048 528 2103 594 Α

321 607 526 684 λῃστοῦ
554 611 767 686 γέγονε,
800 611 944 688 ῥοπῇ
986 614 1131 688 ὥρας
1190 610 1278 668 διὰ
1314 622 1413 685 τῆς
1466 615 1697 677 πίστεως
1749 610 2023 688 μετεϐλή-

323 700 414 767 θη,
445 700 533 753 καί
575 698 653 762 εἷς
708 698 1034 774 παράδεισον
1079 702 1445 773 ἀποκατέστη.
1501 704 1596 758 Διὰ
1642 708 1807 758 τοῦτο
1857 702 2023 772 ἦλθεν

321 788 354 841 ἃ
396 789 615 862 Κύριος,
643 787 738 844 ’ίνα
777 792 872 854 τὰς
913 794 1092 867 ψυχὰς
1142 795 1305 865 ἡμῶν
1345 793 1557 869 ἀλλάξῃ
1608 793 1697 849 καὶ
1740 793 2022 867 ἀνακτίσῃ,

321 877 411 931 καὶ
468 880 674 952 ποιήσῃ
730 880 915 949 αὐτὰς,
989 882 1172 944 καθὼς
1251 883 1575 957 γέγραπται,
1633 884 1777 945 θείας
1835 904 2026 938 κοινω-

317 967 444 1030 νοὺς
482 967 717 1041 φύσεως,
762 971 852 1024 καὶ
900 968 1082 1025 δοῦναι
1138 971 1214 1033 εἷς
1261 974 1360 1041 τὴν
1408 975 1592 1047 ψυχήν
1651 974 1811 1046 ἡμῶν
1863 972 2024 1026 ἐπου-

321 1055 502 1127 ράνιον
572 1058 776 1131 ψυχὴν,
850 1059 1095 1114 τουτέστι
1174 1065 1394 1133 Πνεῦμα
1463 1061 1720 1131 θεότητος
1781 1058 2019 1133 ὁδηγοῦν

316 1144 467 1217 ἡμᾶς
523 1145 600 1207 εἰς
662 1150 834 1201 πᾶσαν
889 1148 1105 1222 ἀρετὴν,
1164 1150 1314 1212 ὅπως
1371 1151 1518 1220 ςωήν
1567 1149 1789 1204 αἰώνιον
1864 1155 2022 1217 ζῆσαι

315 1230 646 1308 δυνηθχμεν.
701 1233 799 1305 Ern
856 1235 1036 1291 τοίνυν
1102 1237 1152 1310 ἐξ
1231 1238 1368 1307 ὅλης
1445 1235 1666 1314 καρδίας
1739 1237 2020 1292 πιστεῦσαι

323 1324 463 1395 ἡμᾶς
530 1329 649 1386 ταῖς
734 1323 1144 1402 ἀνεκδιηγήτοις
1226 1328 1390 1383 αὐτοῦ
1469 1325 1844 1404 ἐπαγγελίαις,
1937 1326 2021 1382 ὅτι

317 1411 533 1483 ἀληθής
584 1412 725 1468 ἐστιν
789 1416 817 1469 ὁ
885 1416 1358 1492 ἐπαγγειλάμενος.
1419 1419 1535 1492 Χρὴ
1597 1417 1689 1471 οῦν
1744 1417 2019 1492 ἀγαπῆσαι

317 1502 410 1557 τὸν
460 1501 675 1576 Κύριον,
725 1504 814 1559 καὶ
865 1504 1164 1561 σπουδάσαι
1221 1509 1495 1570 παντοίως
1553 1507 1604 1562 ἐν
1650 1508 1846 1570 πάσαις
1898 1509 2022 1581 ἀρε-

320 1598 464 1661 ταῖς,
511 1594 601 1648 καὶ
658 1595 873 1667 αἰτῆσαι
948 1597 1224 1670 ἐπιμόνως
1280 1599 1371 1653 καὶ
1466 1596 1793 1673 ἐνδελεχῶς,

319 1679 565 1752 δέξασθαι
622 1686 723 1755 τὴν
780 1684 1111 1763 ἐπαγγελίαν
1174 1694 1273 1743 τοῦ
1332 1689 1646 1763 Πνεύματος
1685 1690 1851 1744 αὐτοῦ
1900 1688 2023 1744 ὁλο-

317 1768 544 1844 κλήρως
600 1773 692 1828 καὶ
751 1776 1000 1847 τελείως,
1080 1776 1174 1832 ’ίνα
1241 1780 1654 1849 ζωοποιηθῶσιν
1724 1779 1777 1833 αἱ
1849 1779 2021 1853 ψυχαὶ

1886 1598 2022 1653 ὥστε

1589 392 1958 456 ΗΟΜῐῐλΙλΕ.
2008 426 2085 437 -
2129 390 2321 454 HOM.
2370 391 2554 455 XLV.

3712 377 3830 440 786

2204 527 2293 583 IX.
2325 527 2537 582 Omnia
2565 525 2720 581 enim
2779 522 2933 595 apud
2984 524 3164 577 Deum
3197 521 3334 575 sunt
3379 513 3700 589 possibilia,
3760 516 3826 568 ut

2135 617 2193 672 in
2229 618 2455 673 latrone
2504 616 2771 687 contigit,
2815 615 2915 686 qui
2952 617 3244 670 momento
3307 610 3456 663 horae
3508 623 3608 677 per
3655 604 3829 658 ﬁdem

2136 723 2452 763 conversus
2483 712 2591 774 est,
2624 712 2682 760 et
2728 704 2787 759 in
2822 706 3149 774 paradisum
3182 698 3527 756 translatus.
3559 697 3830 763 Propter-

2135 812 2203 852 ea
2242 800 2397 852 venit
2447 795 2747 861 Dominus,
2808 800 2869 848 ut
2908 794 3136 849 animas
3194 795 3427 846 nostras
3476 784 3834 842 converteret

2134 890 2311 956 atque
2365 887 2743 951 reformeret;
2799 899 2865 937 ac
2906 882 3077 936 faciat
3113 896 3231 945 eas,
3283 883 3349 932 ut
3396 875 3674 946 scriptum
3723 874 3829 937 est,

2131 975 2336 1030 divina
2390 978 2669 1031 consortes
2724 971 3003 1037 naturae“,
3057 978 3109 1025 et
3168 969 3427 1023 conferat
3470 964 3529 1018 in
3571 961 3828 1016 animam

2135 1070 2397 1121 nostram
2440 1064 2736 1120 caelestem
2779 1064 3061 1127 animam,
3112 1059 3222 1114 hoc
3269 1060 3376 1123 est,
3412 1052 3691 1125 Spiritum
3742 1049 3831 1103 di-

2133 1154 2364 1223 vinum,
2420 1154 2803 1209 deducentem
2864 1168 2969 1207 nos
3007 1150 3065 1205 in
3127 1163 3361 1203 omnem
3419 1144 3710 1205 virtutem,
3771 1145 3833 1192 ut

2131 1244 2308 1299 vitam
2365 1249 2641 1299 aeternam
2683 1242 2868 1297 vivere
2929 1239 3241 1312 possimus.
3294 1235 3533 1306 Oportet
3578 1245 3713 1301 ergo
3763 1243 3833 1282 ex

2131 1340 2249 1390 toto
2281 1337 2451 1391 corde
2484 1352 2588 1391 nos
2618 1335 2850 1391 credere
2885 1328 3349 1387 inenarabilibus
3388 1327 3515 1397 ejus
3572 1320 3829 1393 promis-

2134 1425 2420 1491 sionibus,
2452 1424 2592 1494 quia
2632 1439 2802 1477 verax
2833 1425 2939 1487 est,
2984 1419 3083 1491 qui
3137 1415 3424 1488 promisit.
3472 1413 3834 1482 Quapropter

2134 1513 2301 1570 decet
2331 1512 2578 1584 diligere
2618 1512 2945 1578 Dominum,
2987 1514 3162 1579 atque
3194 1504 3541 1562 contendere
3590 1502 3829 1555 omnino

2132 1604 2190 1658 in
2215 1604 2489 1659 omnibus
2520 1602 2848 1671 virtutibus,
2881 1609 2934 1657 et
2953 1598 3189 1656 assidue
3209 1601 3400 1668 petere
3419 1593 3639 1663 absque
3670 1587 3833 1645 omni

2134 1693 2599 1758 intermissione,
2657 1696 2721 1747 ut
2751 1705 3179 1760 consequamur
3214 1683 3660 1759 promissionem
3704 1677 3834 1749 Spi—

2132 1784 2275 1838 ritus
2306 1785 2431 1853 ejus
2462 1782 2686 1853 integre
2735 1798 2799 1836 ac
2832 1779 3100 1850 perfecte,
3151 1793 3268 1848 quo
3296 1773 3664 1829 viviﬁcentur
3711 1768 3833 1823 ani-

317 1862 502 1966 iilla”,
558 1862 755 1966 (54.31:.
816 1865 877 1966 ἐν
934 1866 1089 1941 σαρκί
1150 1867 1331 1941 ἐσμεν,
1385 1869 1505 1923 Ἐὰν
1569 1870 1644 1943 μὴ
1705 1870 1806 1943 γὰρ
1857 1866 1909 1923 ἐν
1941 1872 2019 1940 τῷ

2139 1889 2241 1926 mea
2272 1881 2505 1938 nostrae,
2540 1869 2754 1942 quippe
2782 1869 2884 1939 qui
2915 1867 3106 1922 adhuc
3138 1867 3194 1921 in
3237 1880 3408 1920 carne
3438 1876 3669 1917 sumus.
3706 1857 3833 1913 Nisi

317 1950 509 2023 κόσμῳ
573 1953 754 2026 τούτῳ
812 1952 1028 2025 δέξηται
1101 1959 1135 2025 ἡ
1223 1959 1375 2031 ψυχή
1434 1958 1525 2012 τὸν
1600 1958 1863 2032 ἁγιασμὸν
1922 1960 2018 2012 τοῦ

318 2040 632 2112 Πνεύματος
692 2040 782 2097 διὰ
838 2042 1062 2113 πολλῆς
1118 2046 1352 2107 πίστεως
1425 2046 1515 2101 καὶ
1594 2044 1854 2116 δεήσεως,
1929 2048 2018 2101 καὶ

314 2128 574 2190 κοινωνὸς
657 2127 799 2189 θείας
870 2130 1080 2206 φύσεως
1172 2132 1415 2207 γένηται,
1500 2130 1859 2204 ἀνακραθεῖσα
1948 2136 2017 2205 τῇ

319 2214 527 2288 χάριτι,
589 2213 660 2272 δι’
706 2220 772 2286 ἧς
816 2224 1000 2274 ,πᾶσαν
1061 2220 1289 2291 ἐντολὴν
1348 2222 1597 2295 ἀμώμως
1639 2223 1726 2276 καὶ
1770 2222 2018 2295 καθαρῶς

319 2301 588 2360 ἐπιτελεῖν
666 2304 975 2378 δυνήσεται,
1045 2310 1311 2381 ἀποίητός
1372 2310 1511 2366 ἐστιν
1568 2310 1645 2372 εἷς
1700 2312 1801 2379 τήν
1864 2312 2021 2386 βασι-

322 2389 473 2447 λείαν
517 2399 628 2449 τῶν
679 2395 939 2471 οὐρανῶν.
1008 2400 1176 2474 Ὅπερ
1233 2402 1334 2475 γὰρ
1391 2421 1473 2462 τις
1532 2399 1770 2455 ἐντεῦθεν
1827 2401 2021 2475 ἀγαθὸν

321 2481 612 2555 ἐκτήσατο,
678 2491 839 2541 τοῦτο
905 2486 1035 2542 αὐτὸ
1100 2487 1154 2543 ἐν
1220 2488 1397 2563 ἐκείνῃ
1463 2493 1532 2562 τῇ
1599 2488 1780 2562 ἡμέρᾳ
1873 2488 2019 2544 ἔσται

322 2571 486 2627 αὐτοῦ
543 2576 659 2642 ζωὴ
719 2571 807 2629 διὰ
860 2580 958 2631 τοῦ
1021 2580 1249 2653 Πατρὸς,
1300 2579 1391 2633 καὶ
1440 2582 1538 2634 τοῦ
1596 2580 1723 2633 Υἱοῦ
1778 2579 1869 2633 καὶ
1924 2582 2021 2634 τοῦ

319 2660 479 2735 ἁγίοσ
508 2664 845 2736 Πνεύματος,
877 2664 956 2728 sic
984 2666 1111 2730 τοὺς
1142 2666 1365 2730 αἰῶνας.
1398 2670 1593 2741 Ἀμήν.

949 2800 1199 2853 ΟΜΙΛΙΑ
1249 2800 1381 2855 ΜΕ’.

312 2878 562 2970 Ούδέμίαὶ
601 2881 796 2970 τέχνη,
862 2883 922 2970 ού
1004 2883 1242 2970 πλοῦτος
1320 2885 1516 2970 τούτου
1598 2889 1695 2940 τοῦ
1787 2885 2021 2958 κόσμου,

386 2954 432 3043 εἰ
494 2954 594 3041 μήὶ
857 2958 891 3023 ἡ
949 2959 1351 3043 τοῦῆρζριστοῦ
1421 2957 1709 3043 ἐπιφάνεια
1767 2954 2022 3043 θεραπεῦὲ

388 3042 475 3109 σαι
541 3026 640 3113 153v
700 3026 984 3113 ἄνθρωπον
1062 3026 1300 3113 δύναται,
1386 3028 1448 3082 οὗ
1532 3026 1839 3113 ’μεγίστην
1884 3029 2020 3101 πρὸς

388 3097 483 3148 τὸν
552 3097 681 3150 Θεὸν
750 3097 1052 3173 συγγένειαν
1143 3098 1279 3169 αὕτη
1373 3101 1409 3168 ἡ
1499 3097 1692 3172 ὁμιλία
1765 3097 2023 3175 ⁷ἀποφαίι

392 3185 560 3223 νεται.

2129 1964 2285 2020 enim
2318 1962 2378 2017 in
2405 1962 2515 2017 hoc
2555 1960 2764 2017 saeculo
2795 1963 3104 2014 consecuta
3154 1955 3328 2010 fuerit
3356 1951 3558 2008 anima
3604 1946 3829 2004 sancti-

2130 2052 2461 2108 ﬁcationem
2492 2049 2743 2121 Spiritus
2782 2064 3013 2104 summa
3044 2046 3155 2100 ﬁde
3189 2049 3363 2115 atque
3411 2036 3827 2100 absecratione,

2129 2146 2187 2198 et
2234 2140 2522 2212 particeps
2568 2138 2780 2194 divinae
2827 2141 3045 2193 natura
3099 2136 3247 2188 facta
3292 2130 3484 2197 fuerit,
3544 2127 3833 2199 permixta

2129 2230 2348 2303 gratias,
2373 2230 2542 2295 cujus
2568 2226 2848 2283 beneﬁcio
2878 2241 3050 2282 omne
3076 2221 3417 2279 mandatum
3465 2217 3684 2286 absque
3730 2229 3829 2268 re-

2130 2317 2515 2389 prehensione
2545 2325 2596 2372 et
2630 2332 2773 2387 pure
2823 2314 3093 2384 perﬁcere
3144 2310 3373 2382 poterit,
3407 2322 3521 2362 non
3572 2311 3657 2359 est
3694 2306 3831 2372 apta

2129 2408 2202 2462 ad
2238 2422 2481 2478 regnum
2512 2404 2811 2462 caelorum.
2848 2401 3142 2472 Quidquid
3173 2399 3329 2455 enim
3368 2396 3503 2452 boni
3553 2392 3828 2465 quisjam

2134 2497 2267 2552 hinc
2289 2497 2629 2563 obtinuerit,
2654 2493 2762 2549 hoc
2806 2494 2995 2563 ipsum
3030 2507 3087 2545 1n
3121 2488 3222 2544 illa
3255 2488 3347 2543 die
3392 2486 3501 2541 erit
3530 2484 3659 2554 ejus
3691 2481 3826 2541 vita.

2132 2602 2235 2659 per
2290 2587 2540 2650 Patrem,
2586 2588 2642 2639 et
2690 2582 2923 2648 Filium,
2985 2584 3041 2636 et
3086 2579 3373 2651 Spiritum
3439 2581 3728 2639 sanctum,
3770 2572 3829 2625 in

2132 2677 2367 2733 saacula.
2401 2680 2607 2731 Amen.

2632 2794 2796 2852 143
2829 2793 3130 2850 HOMILIA
3160 2790 3323 2847 XLV.

2130 2890 2300 2947 Nulla
2378 2904 2470 2944 ars
2534 2893 2630 2941 aut
2722 2885 2931 2940 divitiae
2997 2882 3157 2954 hujus
3234 2879 3450 2946 mundi,
3526 2877 3620 2934 sed
3687 2877 3833 2954 solus

2203 2962 2405 3017 Christi
2479 2959 2739 3013 adventus
2792 2970 2993 3010 sanare
3058 2951 3330 3008 hominem
3402 2954 3620 3021 potest,
3674 2951 3832 3021 cuius

2201 3036 2507 3086 maximam
2579 3044 2705 3082 cum
2785 3027 2889 3082 Dco
2956 3024 3332 3093 cognationem
3402 3018 3529 3076 ’haec
3602 3018 3829 3074 [comitia

2202 3103 2464 3171 explicat.

392 3292 468 3347 A'.
526 3293 584 3347 Ὀ
630 3292 720 3346 τὸν
771 3294 987 3367 μονήρη
1053 3292 1169 3368 βίον
1248 3291 1652 3367 ἐπιλεξάμενος,
1720 3294 1889 3349 πάντα
1953 3296 2019 3349 τὰ

2204 3301 2247 3357 Ι.
2282 3299 2389 3364 Qui
2440 3297 2765 3354 solitariam
2811 3296 2988 3351 vitam
3049 3294 3240 3364 elegit,
3286 3290 3560 3347 universa
3606 3305 3732 3360 quae
3772 3288 3832 3343 in

318 3379 371 3435 ἐν
406 3385 485 3452 τῷ
542 3381 735 3454 κόσμῳ
782 3383 963 3456 τούτῳ
1023 3384 1361 3457 στρεφόμενα
1410 3385 1709 3459 πράγματα
1754 3382 2023 3460 ἀλλότρια

318 3470 511 3524 ἑαυτοῦ
576 3470 668 3527 καὶ
724 3473 843 3541 ξένα
918 3475 1150 3548 ἡγεῖσθα
1209 3473 1437 3549 ὀφείλει.
1497 3477 1553 3529 Ὀ
1610 3476 1715 3551 γὰρ
1770 3474 1821 3548 ἐξ
1881 3472 2022 3545 ἀλη-

318 3558 463 3621 θείας
533 3558 887 3633 μεταδιώκων
951 3564 1042 3617 τὸν
1095 3564 1357 3637 σταυρρόν
1398 3568 1496 3618 τοῦ
1543 3568 1799 3637 Χριστοῦ,
1848 3564 2025 3619 πάντα

316 3650 712 3723 ἀρνησάμενος,
771 3650 849 3706 ἔτι
907 3650 964 3707 δὲ
1007 3654 1106 3721 τήν
1164 3653 1356 3708 ἑαυτοῦ
1412 3656 1618 3728 ψυχὴν,
1660 3650 2025 3729 προσηλωμέ-

314 3759 406 3793 νον
461 3740 552 3794 τὸν
607 3744 733 3795 νοῦν
794 3740 870 3803 εἷς
915 3744 1015 3811 τήν
1077 3742 1295 3818 ἀγάπην
1369 3749 1466 3798 τοῦ
1547 3746 1789 3818 Χριστοῦ
1872 3742 2023 3823 ἔχειν

316 3827 530 3906 ἀφείλει
564 3850 579 3865 ο
611 3837 893 3906 προτιμῶν
936 3831 1151 3904 δηλαδή
1202 3834 1296 3890 τὸν
1342 3836 1545 3911 Κύριον
1594 3835 1819 3909 γονέων,
1859 3832 2025 3890 ἀδελ-

318 3923 456 3992 φῶν,
513 3922 791 3995 γυναικὸς,
849 3924 1076 3993 τέκνων,
1156 3924 1488 3999 συγγενείας,
1572 3923 1770 4002 φίλων,
1856 3924 2027 3993 ὑπαρ-

321 4006 554 4080 χόντων.
626 4011 801 4065 Τοῦτο
878 4013 981 4087 γὰρ
1061 4013 1089 4065 ὁ
1162 4010 1356 4087 Κύριος
1443 4013 1760 4089 ἀπεφήνατο
1833 4012 2024 4082 εἰπὼν,

321 4102 433 4160 Πᾶς
499 4096 645 4158 ὅστις
709 4098 808 4152 οὐκ
871 4099 1046 4177 ἀφῆκε
1117 4099 1342 4174 πατέρα,
1400 4100 1435 4169 ἢ
1508 4102 1805 4175 μητέρα,ἢ
1863 4098 2024 4155 ἀδελ·

322 4185 479 4263 φοῦς,
548 4188 583 4256 ἢ
651 4192 901 4263 γυναῖκα,
970 4187 1006 4257 ἢ
1098 4188 1255 4243 τέκνα
1319 4190 1354 4258 ἢ
1446 4189 1670 4265 ἀγροὺς,
1743 4189 1833 4244 καὶ
1928 4189 2028 4246 οὐκ

320 4274 615 4330 ἀκολουθεῖ
683 4296 797 4349 μοι,
866 4274 966 4331 οὒκ
1030 4271 1142 4331 ἔστι
1229 4298 1334 4351 μου
1422 4278 1589 4348 ἄξιος.
1677 4280 1766 4333 Ἐν
1852 4276 2024 4333 οὐδενὶ

320 4364 427 4440 γὰρ
483 4366 650 4440 ἑτέρῳ
710 4366 1009 4441 εὑρίσκεται
1060 4367 1304 4441 σωτηρία
1357 4372 1474 4428 τοῖς
1545 4367 1855 4441 ἀνθρώποις
1935 4369 2024 4423 καὶ

319 4451 630 4522 ἀνάπαυσις,
681 4455 755 4515 ὡς
800 4455 1130 4528 ἠκούσαμεν.
1202 4454 1368 4510 Πόσοι
1439 4454 1542 4531 γὰρ
1616 4457 1866 4530 βασιλεῖς
1938 4457 2024 4510 ἆν-

322 4545 592 4617 εφάνησαν
652 4544 712 4598 ἐκ
760 4547 857 4599 τοῦ
920 4543 1105 4621 γένους
1186 4542 1384 4617 Ἀδὰμ,
1462 4550 1778 4619 κρατοῦντες
1846 4545 2027 4616 πᾶσης

2136 3392 2242 3447 hoc
2296 3388 2507 3445 seculo
2564 3392 2891 3453 versantur,
2936 3403 2967 3440 a
3017 3401 3080 3440 se
3163 3383 3354 3440 aliena
3413 3390 3587 3453 atque
3670 3394 3836 3451 pere-

2133 3482 2302 3554 grina
2344 3478 2674 3535 existimare
2729 3476 2921 3531 debet.
2989 3474 3095 3541 Qui
3125 3474 3280 3529 enim
3342 3486 3471 3527 vere
3529 3468 3835 3542 prosequi-

2131 3577 2229 3627 tur
2285 3586 2515 3626 crucem
2576 3567 2815 3634 Christi,
2868 3567 3143 3621 omnibus
3193 3561 3517 3634 abnegatis,
3562 3560 3648 3615 vel
3725 3575 3834 3614 sua

2134 3662 2325 3732 ipsius
2374 3659 2588 3725 anima,
2647 3658 2818 3712 fixam
2878 3660 3130 3711 mentem
3182 3654 3241 3707 in
3300 3667 3557 3708 amorem
3615 3646 3834 3705 Christi

2137 3753 2355 3808 habere
2383 3752 2574 3816 debet,
2621 3754 2984 3819 anteponens
3040 3743 3305 3800 videlicet
3361 3742 3673 3799 Dominum
3732 3756 3834 3811 pa-

2135 3841 2423 3905 rentibus,
2450 3838 2746 3907 fratribus,
2780 3835 2969 3899 uxori,
2999 3833 3219 3899 liberis,
3266 3830 3553 3903 cognatis,
3612 3829 3839 3894 amicis,

2141 3928 2536 3985 facultatibus.
2604 3926 2722 3980 Hoc
2780 3924 2935 3979 enim
2987 3922 3271 3977 Dominus
3317 3919 3537 3986 innuit,
3588 3916 3836 3971 dicens:

2138 4019 2456 4087 Quicunque
2528 4030 2639 4070 non
2724 4014 3005 4067 dimiserit
3096 4013 3328 4081 patrem.
3404 4014 3503 4062 aut
3583 4011 3835 4067 matrem,

2137 4113 2236 4162 aut
2265 4108 2487 4175 fratres,
2518 4109 2617 4158 aut
2649 4118 2900 4167 uxorem,
2949 4108 3044 4155 aut
3070 4099 3286 4163 liberos,
3334 4106 3431 4153 aut
3460 4112 3640 4166 agros,
3671 4098 3724 4149 et
3752 4108 3839 4148 me

2136 4206 2347 4252 secutus
2376 4211 2482 4250 non
2525 4196 2724 4265 fuerit,
2755 4209 2867 4248 non
2894 4200 2971 4247 est
2998 4207 3085 4247 me
3112 4189 3328 4261 dignus.
3383 4188 3444 4243 In
3476 4185 3638 4241 nullo
3678 4184 3836 4240 enim

2138 4285 2249 4341 alio
2300 4286 2594 4340 invenitur
2659 4282 2815 4339 salus
2906 4280 3208 4337 hominum
3275 4288 3331 4333 et
3422 4276 3678 4349 requies,
3773 4282 3838 4330 ut

2137 4374 2492 4431 audivimus.
2536 4375 2688 4439 Quot
2736 4371 2893 4427 enim
2939 4386 3100 4440 reges
3149 4367 3576 4424 emicuerunte
3626 4379 3837 4436 genere

2136 4467 2297 4529 Adae,
2343 4464 2443 4535 qui
2499 4464 2651 4519 nacti
2714 4460 3040 4516 dominium
3112 4459 3395 4513 universae
3456 4464 3637 4524 teme,
3686 4454 3836 4510 altos

2136 4554 2249 4611 sibi
2282 4553 2596 4610 sumebant
2643 4551 2888 4623 spiritus
2938 4552 3175 4622 prapter
3222 4549 3438 4619 regiam
3474 4544 3833 4617 potentiam!

320 4642 420 4704 τῆς
468 4641 597 4709 γῆς,
650 4633 790 4708 μέγα
836 4638 1155 4709 φρονοῦντες
1189 4634 1275 4690 ἐπὶ
1306 4639 1372 4708 τῇ
1409 4633 1667 4711 βασιλικῇ
1698 4632 1979 4705 δυναστείᾳ
2009 4638 2022 4693 l

2139 4645 2343 4699 borum
2378 4651 2569 4698 tamen
2612 4640 2811 4697 nullus
2850 4656 2918 4695 ex
2949 4640 3054 4695 bac
3076 4653 3272 4693 rerum
3306 4636 3472 4707 copia
3504 4634 3692 4707 potuit
3740 4651 3837 4689 co-

319 4723 409 4777 καὶ
435 4724 642 4777 τούτων
677 4722 853 4785 οὐδεὶς
884 4721 973 4779 διὰ
1014 4731 1117 4794 τῆς
1164 4724 1421 4794 τοιαύτης
1454 4720 1772 4796 ἱκανότητος
1831 4723 2025 4800 ἴσχυσε

322 4811 581 4885 γνωρίσαι
649 4813 746 4880 τὴν
814 4812 874 4867 ἐκ
917 4820 1018 4882 τῆς
1083 4810 1443 4889 παραϐάσεως
1498 4819 1596 4869 τοῦ
1653 4815 1875 4888 πρώτου
1934 4816 2024 4870 ἀν-

322 4899 541 4973 θρώπος
599 4898 1010 4956 ἐπεισελθοῦσαν
1080 4906 1149 4976 τῇ
1218 4906 1372 4977 ψυχῇ
1435 4903 1642 4973 κακίαν,
1691 4904 1780 4958 καὶ
1835 4904 2026 4960 σκοτί-

322 5009 485 5044 σασαν
539 4988 726 5058 αὐτὴν,
778 4992 917 5062 πρὸς
953 4992 1015 5045 τὸ
1069 4995 1144 5064 μὴ
1197 4991 1488 5069 ἐπιγνῶναι
1538 4996 1638 5064 τὴν
1683 4991 2022 5067 μεταϐολὴν,

320 5080 404 5134 ὅτι
460 5083 679 5152 πρῶτον
734 5078 1045 5152 καθαρεύων
1100 5081 1127 5134 ὁ
1185 5086 1309 5143 νοῦς
1369 5084 1511 5157 ἑώρα
1580 5083 1672 5137 τὸν
1745 5086 2020 5155 Δεσπότην

319 5172 485 5227 αὐτοῦ
545 5170 596 5227 ἐν
662 5170 933 5245 ἀξιώματι
992 5168 1091 5243 ὤν,
1145 5177 1235 5227 καὶ
1304 5178 1396 5228 νῦν
1454 5172 1725 5230 ἐνδέδυται
1793 5174 1882 5231 διὰ
1920 5178 2018 5246 τὴν

316 5260 586 5317 ἓκπτωσιν
642 5261 930 5337 αῗσχύνην,
978 5259 1371 5341 τυφλωθέντων
1412 5268 1519 5318 τῶν
1574 5264 1874 5342 ὀφθαλμῶν
1922 5272 2023 5335 τῆς

317 5350 541 5425 καρδίας
571 5356 665 5407 τοῦ
709 5364 783 5426 μη
821 5349 1043 5427 βλέπειν
1089 5352 1296 5423 ἐκείνην
1346 5354 1444 5421 τὴν
1492 5352 1670 5423 δόξαν,
1712 5354 1777 5423 ἢν
1825 5350 2022 5411 ἔϐλεπε

315 5444 422 5515 πρὸ
450 5450 551 5513 τῆς
579 5451 860 5518 παρακοῆς
903 5444 930 5498 ὁ
960 5446 1139 5514 πατὴρ
1172 5446 1334 5517 ἡμῶν
1368 5442 1563 5518 Ἀδάμ.

391 5533 465 5589 Β“.
501 5534 773 5610 Ἐγένοντο
813 5533 871 5590 δὲ
917 5534 1008 5589 καὶ
1067 5532 1321 5613 διάφοροι
1368 5536 1532 5614 σοφοὶ
1574 5536 1710 5590 κατᾶ
1764 5536 1968 5609 κόσμον
1998 5558 2010 5570 ·

316 5619 392 5673 ὧν
436 5621 486 5674 οἱ
538 5621 630 5693 μὲν
681 5618 770 5676 διά
817 5619 1144 5699 φιλοσοφίας
1194 5622 1391 5696 ἀρετὴν
1432 5620 1769 5692 ἐπεδείξαντο
1803 5642 1816 5657 ’
1876 5624 1928 5678 οἱ
1959 5622 2017 5680 δὲ

388 5710 434 5745 ⁸⁴
462 5710 510 5765 ΙΙ
550 5710 699 5769 Petr.
731 5729 773 5781 ι,
803 5714 856 5770 4.
931 5713 978 5749 ⁸⁵
1008 5714 1150 5782 Luc,
1182 5729 1297 5783 xxv,
1325 5713 1436 5789 26;
1463 5713 1669 5771 Matth.
1711 5730 1767 5781 χ,
1802 5713 1897 5774 37.

2136 4751 2433 4805 gnoscere,
2468 4732 2750 4787 malitiam
2782 4747 2812 4787 e
2861 4728 3319 4799 transgressione
3367 4726 3537 4799 primi
3577 4724 3838 4780 hominis

2136 4823 2558 4894 ingredientem
2620 4821 2681 4875 in
2718 4820 3000 4884 animam,
3059 4825 3116 4872 et
3172 4816 3650 4872 obtenebrantem
3682 4829 3833 4883 eam,

2135 4927 2205 4966 ne
2236 4914 2574 4981 agnosceret
2605 4911 3013 4975 mutationem,
3052 4906 3207 4977 quod
3239 4920 3449 4977 nempe
3479 4918 3643 4959 mens
3693 4919 3839 4973 pura

2135 5001 2293 5072 prius
2323 5001 2533 5055 viderit
2574 5000 2884 5055 Dominum
2936 5013 3111 5053 suum
3172 4995 3231 5050 in
3290 4995 3572 5066 dignitate
3614 4992 3835 5049 consti-

2132 5094 2301 5157 tuta;
2333 5106 2487 5145 nunc
2537 5105 2667 5144 vero
2708 5089 2915 5145 induta
2945 5087 3020 5142 sit
3056 5090 3288 5157 pr0pter
3322 5084 3551 5155 lapsum
3591 5083 3831 5155 pudore,

2131 5179 2427 5237 excaecatis
2458 5178 2642 5234 oculis
2684 5177 2899 5246 cordis,
2940 5193 3011 5233 ne
3062 5174 3428 5243 conspiciant
3474 5172 3717 5245 gloriam
3769 5171 3836 5225 il-

2130 5270 2248 5326 lam
2309 5286 2487 5341 quam
2553 5269 2851 5341 spectabat
2937 5272 3069 5324 ante
3136 5265 3592 5323 inobedientiam
3667 5266 3831 5330 pater

2131 5364 2332 5415 noster
2354 5360 2562 5415 Adam.

2203 5539 2276 5593 II.
2310 5538 2590 5594 Caeterum
2624 5539 2915 5610 sapientes
2944 5537 3003 5592 in
3037 5537 3253 5591 mundo
3286 5533 3442 5587 fuere
3473 5528 3827 5584 diversimo-

2130 5627 2209 5696 di,
2232 5645 2471 5701 quorum
2500 5628 2770 5687 nonnulli
2816 5624 3194 5699 philosophia:
3241 5620 3521 5679 beneﬂcio
3554 5619 3825 5674 virtutem

3780 5952 3923 6039 Γ
