4130 6286
293 385 408 444 787

286 699 673 770 gravitatem:
750 698 844 751 alii
913 696 1274 763 grammatici
1346 700 1403 751 et
1470 702 1648 767 poeta
1708 698 1841 753 facti
1896 715 1996 768 pro

288 790 559 844 instituto
582 788 914 843 scribebant
937 786 1235 840 historias.
1278 786 1453 841 Porro
1498 788 1731 842 luerunt
1765 802 1996 859 quoque

286 880 432 935 varii
484 879 757 943 artifices,
819 876 941 947 qui,
993 891 1115 946 quae
1198 885 1335 931 sunt
1419 877 1477 932 in
1541 879 1778 945 mundo,
1843 886 1994 933 artes

288 971 690 1023 exercuerunt.
747 967 1006 1030 Quorum
1074 966 1341 1021 nonnulli
1403 966 1639 1037 quidem
1700 967 1760 1022 in
1817 968 1995 1038 lignis

284 1062 584 1112 tornantee
635 1072 849 1129 genera
897 1056 1093 1111 avium
1153 1063 1207 1110 et
1267 1055 1540 1127 piscium,
1591 1062 1649 1111 et
1711 1056 1995 1127 imagines

283 1147 617 1211 hominum,
651 1146 709 1201 in
746 1146 866 1200 illis
899 1162 1067 1199 suam
1120 1144 1473 1200 industriam
1532 1152 1993 1202 commonstrare

284 1239 755 1293 contenderunt:
789 1237 1057 1292 nonnulli
1106 1253 1239 1291 vero
1298 1238 1355 1291 in
1409 1254 1520 1293 sere
1579 1238 1993 1295 similitudines

286 1332 608 1383 statuarum
640 1327 1011 1397 aliorumque
1042 1327 1429 1396 quorumdam
1487 1328 1752 1397 sculpere
1798 1331 1991 1384 conati

284 1427 424 1471 sunt
477 1416 574 1471 alii
632 1418 878 1471 aediﬁcia
927 1417 1185 1486 ingentia
1238 1433 1303 1472 ac
1353 1417 1659 1488 splendida
1744 1419 1989 1474 fabrica-

281 1513 525 1562 verunt:
614 1506 709 1561 alii
804 1511 1018 1561 terram
1108 1506 1395 1562 fodientes
1472 1510 1751 1575 referunt,
1834 1511 1986 1582 quod

287 1595 701 1666 corrumpitur,
736 1611 943 1649 aurum
978 1599 1033 1649 et
1080 1600 1387 1666 argentum
1424 1596 1558 1651 :alii
1592 1598 1814 1669 lapides
1865 1615 1987 1666 pre-

285 1682 509 1740 tiosos:
591 1684 688 1738 alii
775 1700 905 1739 vero
979 1686 1238 1755 corporis
1343 1685 1637 1757 elegantia
1737 1688 1984 1758 praediti,

286 1789 418 1828 cum
498 1774 569 1829 ob
651 1777 1017 1829 venustatem
1092 1774 1289 1830 vultus
1366 1775 1455 1829 sui
1550 1775 1983 1845 extollerentur,

1627 385 1691 443 S.
1740 382 2068 445 MACARII
2114 379 2460 443 IEGYPTII

289 518 718 575 ostendebant:
761 516 857 572 alii
905 532 1057 582 vero,
1116 515 1189 570 ob
1239 516 1583 586 sophisticae
1658 518 1983 573 exercitium

2113 515 2213 582 τήν
2273 512 2597 592 σοφιστικὴν
2658 511 3035 583 ἐξαςκήσαντες
3099 506 3589 582 ἕθαυμαστώθησαν

288 608 661 664 admirationi
715 616 848 662 sunt
908 606 1128 661 habiti:
1163 606 1257 660 alii
1319 606 1667 662 rhetoricam
1717 608 1999 662 docebant

3699 374 3838 438 788

3634 526 3649 542 ο
3720 506 3839 565 ἄλ-

2111 601 2200 658 λοι
2250 605 2348 672 τήν
2423 604 2723 677 ῥητορικήν
2792 598 3128 669 ἐπεδείξαντο
3216 597 3502 669 δεινότητα
3560 616 3575 634 ’
3655 597 3839 655 ἄλλοι

2106 694 2485 767 γραμματικοὶ
2546 694 2637 748 καὶ
2693 691 2918 762 ποιηταὶ
2975 691 3282 766 γενόμενοι,
3339 692 3432 752 τὰς
3486 692 3623 745 κατὰ
3697 712 3839 746 συν-

2107 784 2279 853 θήκην
2338 783 2579 857 ἱστορίας
2630 780 2955 857 ἐγράψαντο.
3003 780 3180 839 Ἀλλά
3244 781 3333 835 καὶ
3400 785 3644 854 τεχνῖται
3710 780 3841 835 διά-

2107 892 2268 948 φοροι
2312 871 2565 949 γεγόνασι
2625 873 2721 933 τὰς
2776 870 2911 927 κατά
2985 870 3076 925 τὸν
3148 872 3356 942 κόσμον
3432 869 3831 940 ἐξασκήσαντες

2104 962 2302 1037 τέχνας
2346 979 2360 994 ·
2412 964 2486 1016 ὦν
2536 963 2587 1017 οἱ
2650 963 2743 1036 μὲν
2797 960 2850 1015 ἐν
2889 966 3007 1023 τοῖς
3058 960 3243 1031 ξύλοις
3273 958 3655 1035 τορνεύσαντες
3688 960 3830 1037 γένη

2106 1051 2331 1122 ὅρνέων,
2375 1054 2465 1107 καὶ
2515 1052 2743 1127 ἰχθύων,
2792 1054 2882 1107 καὶ
2944 1051 3153 1113 εἶκόνας
3210 1052 3534 1123 ἀνθρώπων,
3580 1051 3633 1106 ἐν
3682 1050 3831 1107 ἐκεί-

2102 1162 2215 1203 νοις
2267 1144 2365 1211 τὴν
2419 1143 2622 1197 ἑαυτῶν
2672 1144 2869 1217 ἀρετὴν
2929 1140 3192 1211 ἐπιδεῖξαι
3229 1140 3559 1197 ἐσπούδασαν
3595 1162 3609 1177 ο
3652 1141 3831 1197 ἄλλοι

2103 1229 2159 1285 δὲ
2225 1229 2313 1286 διὰ
2370 1231 2585 1307 χαλκοῦ
2672 1234 3001 1307 ὁμοιώματα
3069 1231 3396 1307 ἀνδριάντων
3461 1234 3551 1286 καὶ
3628 1232 3830 1288 ἄλλων

2100 1326 2263 1376 τινῶν
2346 1322 2707 1397 ἐπεχείρησαν
2775 1325 3211 1377 κατασκευάσειν
3282 1320 3448 1377 ἄλλοι
3512 1320 3828 1395 οἷ’κοδομάς

2104 1412 2361 1485 μεγίστας
2393 1416 2481 1467 καὶ
2514 1413 2865 1487 περικαλλεῖς
2898 1408 3107 1468 ἔκτισαν
3145 1431 3158 1444 ⁸
3208 1409 3382 1486 ἕτεροι
3442 1410 3499 1468 δὲ
3543 1416 3642 1482 τὴν
3709 1422 3825 1489 γῆν

2103 1500 2445 1574 ἀρύσσοντες,
2492 1502 2815 1579 ἀναφέρουσι
2865 1504 2954 1558 τὸν
3017 1503 3374 1583 φθειρόμενον
3440 1505 3671 1580 ἄργυρον
3719 1504 3819 1558 καὶ

2100 1593 2345 1665 χρυσόν⁶
2398 1591 2565 1649 ἄλλοι
2612 1592 2669 1648 δὲ
2711 1594 2898 1655 λίθους
2948 1594 3165 1667 τιμίους
3218 1610 3232 1624 ⁶
3284 1592 3450 1649 ἄλλοι
3502 1592 3561 1649 δὶ
3626 1594 3818 1666 κάλλη

2106 1681 2376 1753 σωμάτων
2427 1678 2669 1757 ἔχοντες,
2718 1682 2807 1737 ἐπὶ
2856 1686 2924 1756 τῇ
2980 1684 3276 1758 ὡραιότητι
3336 1688 3443 1739 τῶν
3506 1685 3823 1758 προσώπων

2096 1771 2473 1846 ἐπαιρόμενοι,
2530 1773 2742 1845 μᾶλλον
2803 1771 3193 1842 ἐδελεάσθησαν
3269 1773 3375 1828 ὑπὸ
3433 1777 3530 1828 τοῦ
3574 1778 3819 1843 Σατανᾶ,

287 1863 474 1931 magis
540 1861 716 1918 illecti
774 1866 907 1918 sunt
966 1880 999 1918 a
1044 1867 1277 1932 Satana,
1336 1869 1513 1936 atque
1570 1867 1630 1921 in
1682 1872 1983 1938 peccatum

2094 1862 2183 1915 καὶ
2234 1862 2308 1922 εἷς
2360 1862 2626 1937 ἁμαρτίαν
2687 1858 2899 1922 ἔπεσον.
2955 1864 3055 1918 Καὶ
3106 1864 3256 1917 οὗτοι
3306 1863 3503 1924 πάντες
3553 1864 3603 1917 oi
3642 1862 3821 1938 προρ-

284 1950 452 2022 lapsi.
515 1952 579 2005 Et
624 1952 682 2006 hi
734 1968 939 2007 omnes
1006 1953 1267 2023 praedicti
1324 1954 1577 2011 artiﬁces
1636 1956 1856 2012 detenti
1913 1958 1985 2011 ab

286 2042 446 2096 iutus
525 2041 824 2097 habitante
898 2048 1193 2113 serpente,
1267 2048 1322 2099 et
1386 2061 1501 2100 non
1574 2055 1991 2115 cognoscentes

283 2147 481 2187 secum
514 2130 781 2186 habitare
805 2140 1124 2201 peccatum,
1150 2133 1358 2201 captivi
1418 2150 1483 2189 ac
1530 2135 1678 2189 servi
1712 2153 1989 2206 perversae

282 2219 583 2289 potestatis
619 2218 749 2274 facti
774 2225 935 2290 sunt,
971 2219 1117 2275 nihil
1159 2222 1345 2291 adjuti
1377 2239 1411 2277 a
1460 2222 1707 2278 scientia
1754 2229 1811 2279 et
1867 2232 1991 2282 arte

285 2324 412 2362 8118.

353 2397 448 2452 Ill.
491 2398 711 2453 Similis
741 2403 831 2454 est
869 2415 1005 2469 ergo
1037 2401 1317 2466 mundus,
1351 2402 1511 2456 omni
1545 2402 1827 2458 varietate
1865 2405 1986 2475 ple-

287 2504 420 2555 nus,
451 2488 678 2543 homini
712 2490 874 2543 diviti
935 2490 1255 2560 possidenti
1317 2492 1519 2547 domos
1560 2493 1901 2563 splendidas
1931 2500 1989 2550 et

286 2593 554 2648 magnas,
589 2597 795 2635 aurum
816 2586 873 2634 et
904 2586 1226 2651 argentum,
1260 2598 1325 2636 ac
1357 2584 1753 2652 possessiones
1774 2586 1985 2655 varias,

284 2684 573 2737 omneque
604 2668 993 2724 ministerium
1020 2669 1399 2726 invidendum
1435 2689 1447 2726 :
1484 2688 1679 2728 verum
1713 2690 1987 2746 cumgra-

282 2758 428 2811 viter
459 2760 677 2814 morbis
710 2769 879 2830 atque
930 2758 1340 2815 afﬂictionibus
1402 2763 1805 2832 distineretur,
1838 2766 1987 2820 asti-

282 2849 481 2900 terunt
508 2851 565 2902 et
613 2848 807 2902 cuncti
868 2848 1099 2918 cognati
1132 2865 1264 2904 cum
1318 2851 1595 2907 omnibus
1627 2853 1837 2922 opibus
1869 2871 1985 2911 non

280 2938 541 2993 valentes
587 2954 718 2993 eum
773 2955 839 2993 ex
880 2938 1219 2995 infirmitate
1267 2943 1557 3011 expedire.
1618 2944 1789 2999 Nulla
1847 2960 1983 3015 ergo

282 3027 587 3099 diligentia
609 3044 834 3095 eorum,
870 3029 970 3099 qui
1001 3035 1141 3084 sunt
1189 3030 1247 3084 in
1301 3032 1535 3099 saeculo,
1587 3050 1701 3089 non
1752 3035 1983 3106 fratres,

279 3134 394 3173 non
427 3119 658 3185 divitiae,
694 3136 810 3174 non
837 3119 1137 3186 fortitudo,
1190 3138 1294 3176 nec
1344 3123 1479 3191 alia,
1532 3140 1661 3194 quas
1715 3128 1986 3196 praedicta

2102 1950 2357 2023 ῥηθέντες
2404 1958 2674 2025 τεχνῖται,
2722 1952 3091 2030 κατεχόμενοι
3153 1952 3254 2006 ὑπὸ
3326 1956 3428 2005 τοῦ
3509 1948 3657 2006 ἓνδον
3731 1952 3820 2005 oi-

2099 2044 2321 2101 κοῦντος
2379 2038 2575 2118 ὄφεως,
2635 2041 2723 2095 καὶ
2767 2042 2841 2114 μὴ
2902 2042 3117 2116 γνόντες
3162 2041 3259 2107 τὴν
3323 2041 3572 2095 σύνοικον
3622 2041 3813 2101 αὐτοῖς

2100 2129 2388 2202 ἁμαρτίαν,
2443 2130 2801 2203 αἶχμάλωτοι
2865 2131 2956 2184 καὶ
3012 2128 3202 2184 δοῦλοι
3267 2137 3365 2199 τῆς
3417 2137 3666 2205 πονηρᾶς
3720 2130 3819 2185 δυ-

2097 2218 2314 2289 νάμεως
2371 2218 2645 2292 γεγόνασι,
2709 2217 2876 2291 μηδὲν
2926 2216 3289 2289 ώσεληθέντες
3335 2219 3440 2276 ἀπὸ
3510 2227 3610 2289 τῆς
3687 2220 3811 2275 ἐπι-

2098 2308 2315 2379 στήμης
2342 2308 2431 2361 καὶ
2470 2309 2673 2385 τέχνης
2703 2310 2909 2365 αὐτῶν.

2166 2404 2236 2456 Γ’.
2296 2401 2513 2454 Ἔοικεν
2563 2398 2655 2454 οὖν
2715 2401 2742 2455 6
2792 2400 3022 2472 κόσμος,
3085 2400 3111 2454 6
3171 2401 3349 2469 πάσης
3398 2402 3684 2464 ποικιλίας
3712 2422 3809 2456 πε-

2095 2486 2484 2561 πληρωμένος,
2546 2488 2817 2563 ἀνθρώπῳ
2902 2489 3155 2561 πλουσίῳ
3220 2492 3545 2562 κεκτημένῳ
3615 2489 3803 2552 οἴκους

2097 2573 2388 2651 λαμπροὺς
2424 2578 2513 2635 καὶ
2568 2579 2868 2655 μεγάλους,
2920 2578 3127 2657 χρυσόν
3178 2600 3236 2634 τε
3287 2580 3377 2632 καὶ
3421 2578 3680 2656 ἄργυρον,
3710 2581 3799 2635 καὶ

2094 2668 2314 2735 κτήσεις
2374 2664 2688 2743 διαφόρους,
2748 2668 2839 2722 καὶ
2913 2674 3085 2723 πᾶσαν
3158 2670 3446 2743 ὑπηρεσίαν
3507 2670 3731 2746 ἄφθονον
3786 2690 3801 2707 ο

2095 2755 2309 2828 ἀθρόως
2371 2754 2428 2810 δὲ
2486 2756 2794 2832 συσχεθέντι
2845 2757 3025 2819 νόσοις
3084 2759 3175 2812 καὶ
3232 2759 3425 2813 πάθεσι
3472 2766 3612 2813 πᾶσα
3661 2780 3795 2833 παρ-

2095 2844 2317 2917 έστηκεν
2370 2849 2403 2915 ἡ
2457 2848 2757 2922 συγγένεια,
2820 2850 2954 2920 μετὰ
3001 2851 3198 2910 παντὸς
3262 2855 3359 2905 τοῦ
3400 2849 3651 2919 πλούτου,
3704 2851 3779 2921 μὴ

2096 2930 2368 3006 δυναμένη
2456 2937 2614 2991 αὐτὸν
2687 2936 2959 3006 ἐξελέσθαι
3024 2946 3124 3007 τῆς
3209 2939 3498 3001 ἀσθενείας.
3555 2936 3788 3010 Οὐδεμία

2092 3022 2273 3078 τοίνυν
2328 3024 2539 3095 σπουδή
2585 3030 2693 3080 τῶν
2747 3028 2882 3081 κατά
2937 3028 3028 3082 τὸν
3088 3028 3228 3101 βίον,
3290 3028 3390 3083 οὐκ
3444 3026 3688 3103 ἀδελφοὶ,
3736 3028 3795 3082 οὗ

2091 3114 2351 3181 πλοῦτος,
2412 3116 2512 3170 ούκ
2559 3112 2771 3189 ἀνδρία,
2828 3114 2939 3172 οὔτ’
2990 3115 3156 3182 ἄλλα,
3187 3117 3285 3172 ὅσα
3334 3118 3793 3191 προείρηται,τὴν

278 3213 435 3271 sunt,
496 3211 822 3265 demersam
875 3228 907 3265 a
961 3218 1194 3281 peccato
1256 3214 1533 3280 animam,
1567 3225 1619 3270 et
1671 3232 1794 3287 quae
1843 3236 1982 3287 pure

2098 3200 2534 3277 βεϐαπτισμένην
2587 3206 2689 3259 ύπὸ
2740 3212 2842 3274 τῆς
2907 3207 3173 3281 ἁμαρτίας
3240 3208 3445 3281 ψυχὴν,
3495 3212 3585 3260 καί
3633 3209 3797 3261 καθα-

277 3297 609 3367 prospicere
667 3300 889 3369 nequit,
931 3301 1185 3370 eripiunt
1231 3319 1261 3357 e
1343 3312 1613 3373 peccato;
1678 3308 1776 3361 sed
1859 3308 1982 3362 sola

274 3386 487 3440 Christi
519 3390 804 3456 apparitio
835 3405 1157 3459 expurgare
1199 3396 1387 3461 potest
1418 3394 1674 3450 animam
1734 3400 1790 3450 et
1849 3413 1980 3452 cor-

280 3490 412 3544 pus.
436 3476 522 3527 Ab
552 3476 711 3530 omni
752 3476 934 3546 igitur
988 3479 1163 3546 hujus
1214 3482 1341 3535 vitae
1389 3499 1527 3537 cura
1587 3485 1838 3553 liberati,
1872 3504 1981 3542 va-

282 3580 480 3618 cemus
515 3566 782 3629 Domino,
824 3565 1145 3623 clamantes
1195 3570 1263 3622 ad
1324 3586 1453 3625 eum
1513 3582 1684 3627 noctu
1744 3577 1981 3645 diuque.

288 3652 444 3708 I44
474 3654 725 3710 Mundus
775 3657 931 3711 enim
964 3657 1057 3713 hic
1091 3660 1459 3727 conspicuus,
1504 3667 1559 3717 et
1590 3680 1714 3733 qua;
1770 3670 1861 3720 est
1918 3666 1978 3720 in

282 3758 346 3797 eo
380 3744 624 3812 requies,
656 3749 876 3815 quanto
937 3747 1117 3815 magis
1176 3764 1387 3819 corpus
1438 3750 1713 3808 videntur
1771 3755 1978 3823 fovere,

283 3836 444 3887 tanto
476 3832 880 3890 vehementius
902 3837 1112 3893 animae
1142 3838 1480 3897 affectiones
1508 3841 1760 3906 irritant,
1807 3850 1981 3916 atque

280 3927 497 3994 augent
526 3926 649 3993 ejus
670 3924 1069 3983 afﬂictionem.

353 4104 441 4159 IV.
477 4104 724 4170 Quidam
781 4122 913 4163 vero
971 4108 1057 4162 vir
1122 4110 1400 4178 prudens,
1437 4128 1569 4168 curn
1630 4115 1980 4172 desideraret

279 4207 477 4246 curam
513 4208 710 4262 gerere
746 4193 837 4248 sui
867 4194 1069 4263 studii,
1130 4198 1431 4251 contendit
1489 4201 1735 4268 experiri
1780 4203 1980 4257 omnia

276 4297 405 4351 quae
430 4281 738 4336 volvuntur
768 4282 826 4336 in
862 4282 966 4338 hoc
1027 4286 1269 4355 mundo,
1300 4286 1349 4340 si
1408 4287 1554 4341 forte
1595 4288 1977 4345 emolumenti

279 4366 422 4436 quid
453 4366 711 4422 invenire
746 4369 943 4437 possit.
977 4372 1239 4427 Accessit
1283 4373 1354 4426 ad
1405 4390 1594 4445 reges,
1630 4381 1891 4445 potentes
1924 4382 1979 4433 et

281 4452 595 4524 principes,
643 4470 748 4510 nec
787 4455 1008 4512 invenit
1065 4458 1349 4515 medelam
1402 4460 1745 4527 salutarem,
1799 4481 1974 4535 quam

276 4542 413 4598 inde
442 4544 649 4599 animae
696 4545 972 4603 efferret:
1006 4556 1059 4602 et
1115 4564 1248 4604 cum
1308 4549 1399 4605 his
1439 4551 1539 4605 diu
1586 4560 1973 4623 conversatus,

277 4632 423 4687 nihil
453 4634 831 4691 emolumenti
858 4637 1132 4707 percepit.
1188 4638 1341 4693 Abiit
1367 4639 1558 4696 denuo
1605 4613 1977 4713 adsapientes
2010 4613 2052 4678 θ

278 4723 482 4776 mundi
514 4730 569 4777 et
599 4727 875 4792 oratores,
910 4742 1057 4796 quos
1088 4728 1292 4781 eodem
1345 4745 1574 4799 quoque
1620 4732 1790 4786 modo
1839 4733 1973 4787 reli-

276 4809 422 4878 quit,
458 4812 683 4866 nullum
716 4812 946 4868 lucrum
982 4816 1231 4869 referens
1267 4818 1539 4873 :transiit
1572 4835 1673 4890 per
1706 4820 1971 4891 pictores,

277 4905 334 4951 et
373 4913 469 4952 eos
528 4900 629 4969 qui
690 4917 898 4956 aurum
958 4908 1014 4957 et
1062 4911 1369 4973 argentum
1414 4913 1638 4963 eterra
1696 4912 1972 4980 referunt,

280 4990 452 5057 atque
513 5004 613 5056 per
668 5005 871 5045 omnes
921 4991 1191 5060 artifices,
1235 5010 1339 5049 nec
1378 4995 1556 5051 ullam
1612 4999 1973 5054 curationem

277 5077 463 5145 potuit
498 5077 622 5131 suis
654 5077 912 5133 invenire
968 5081 1321 5138 vulneribus.
1382 5084 1637 5143 Tandem
1698 5091 1974 5145 recedens

279 5164 351 5220 ab
384 5164 851 5235 his,inquirebat
880 5168 991 5223 sibi
1042 5169 1247 5237 Deum,
1296 5175 1395 5243 qui
1450 5179 1614 5230 sanat
1643 5177 1975 5235 affectiones

276 5259 334 5310 et
374 5255 606 5310 morbos
638 5254 843 5309 animas
871 5273 883 5311 :
910 5273 1043 5312 cum
1067 5275 1199 5315 vero
1252 5278 1313 5318 se
1336 5264 1527 5334 ipsum
1557 5267 1974 5335 consideraret,

272 5343 473 5399 ethaec
516 5344 920 5411 meditaretur,
981 5348 1338 5414 deprehensa
1376 5357 1464 5406 est
1514 5370 1678 5408 mens
1729 5358 1880 5425 ejus,
1944 5374 1976 5413 a

275 5435 487 5502 quibus
512 5437 684 5490 rebus
716 5440 882 5491 antea
914 5443 1196 5508 occupata
1246 5440 1435 5510 palam
1468 5453 1801 5505 recesserat,
1853 5463 1977 5502 eas-

280 5522 412 5579 dem
445 5525 661 5581 odisse.

346 5703 413 5766 V.
449 5705 950 5769 Quemadmodum
984 5726 1113 5768 vero
1146 5711 1356 5769 mulier
1377 5711 1639 5783 quredam
1662 5712 1720 5769 in
1754 5716 1975 5775 mundo

2095 3293 2204 3368 ρῶς
2272 3290 2560 3367 διαϐλέψαι
2615 3296 2689 3367 μὴ
2750 3294 3076 3367 συναμένην,
3125 3295 3411 3365 ἐξαιρεῖται
3468 3304 3570 3365 τῆς
3620 3300 3798 3371 ἀμαρ-

2092 3380 2233 3451 τίας,
2285 3382 2329 3435 εἰ
2384 3384 2459 3455 μὴ
2508 3382 2647 3454 μόνη
2709 3386 2743 3451 ἡ
2794 3388 2889 3438 τοῦ
2942 3387 3184 3459 Χριστυῦ
3238 3384 3517 3462 ἐπιφάνεια
3573 3386 3801 3461 καθαρίο

2094 3492 2180 3525 σαι
2240 3471 2459 3527 δύναται
2519 3475 2705 3547 ψυχὴν
2764 3474 2853 3527 καὶ
2930 3479 3108 3546 σῶμα.
3172 3475 3357 3545 Πάσης
3454 3474 3545 3529 οὖν
3632 3476 3802 3531 ἀπαλ-

2094 3561 2340 3636 λαγέντες
2400 3566 2499 3626 τῆς
2560 3564 2696 3617 κατὰ
2753 3565 2846 3618 τὸν
2906 3562 3021 3637 βίον
3084 3564 3373 3637 μερίμνης,
3426 3563 3794 3639 σχολάσωμεν

2090 3655 2170 3721 τῷ
2206 3651 2422 3723 Κυμίῳ,
2487 3654 2723 3725 βοῶντες
2770 3654 2907 3727 πρὸς
2964 3653 3121 3708 αὐτὸν
3168 3654 3358 3716 νυκτός
3408 3655 3498 3710 καὶ
3558 3656 3786 3728 ἡμέρας.

2092 3743 2147 3791 '0
2193 3741 2295 3812 γάρ
2354 3740 2680 3815 φαινόμενος
2745 3743 2903 3804 οὗτος
2975 3744 3181 3815 κόσμος
3248 3743 3336 3798 καὶ
3395 3746 3428 3813 ἡ
3511 3743 3563 3799 ἐν
3649 3747 3795 3818 αὐτῷ

2090 3829 2404 3899 ἀνάπαυσις,
2438 3831 2549 3903 ὅσῳ
2611 3832 2674 3886 τὸ
2736 3837 2897 3904 σῶμα
2954 3832 3173 3888 δοκοῦσι
3231 3833 3478 3903 θάλπειν,
3536 3838 3798 3892 τοσοῦτον

2087 3922 2187 3984 τῆς
2246 3924 2433 3999 ψυχῆς
2484 3922 2550 3975 τὰ
2588 3922 2731 3992 πάθη
2787 3922 3164 3999 παροξύνουσι,
3226 3925 3317 3978 καὶ
3376 3925 3623 3995 αὔξουσιν
3691 3926 3793 3979 αύ-

2086 4015 2151 4077 τῆ
2164 4030 2186 4070 ς
2232 4011 2329 4078 τήν
2363 4010 2619 4067 κάκωσιν.

2162 4104 2242 4158 Δ’.
2278 4101 2442 4174 Ἀνὴρ
2492 4099 2549 4155 δέ
2604 4122 2688 4163 τις
2745 4102 3007 4179 φρόνιμος
3067 4103 3409 4176 ἐπιθυμήσας
3479 4099 3795 4177 ἐπιμέλειαν

2088 4191 2418 4259 ποιήσασθαι
2475 4194 2572 4260 τῆς
2642 4191 2902 4262 σπουδῆς,
2980 4192 3311 4249 ἐσπούδασεν
3387 4194 3794 4269 ἀποπειρασθῆ-

2086 4299 2174 4332 ναι
2225 4280 2440 4335 πάντων
2499 4286 2605 4336 τῶν
2656 4280 2997 4354 κυλιομένων
3075 4283 3125 4339 ἐν
3206 4289 3285 4355 τῷ
3362 4285 3517 4339 αἰῶνι
3587 4284 3787 4356 τούτῷ,

2088 4367 2256 4432 εἶ’πως
2311 4371 2483 4443 εὑρεῖν
2554 4370 2821 4444 ὠφέλειαν
2880 4371 3107 4447 δυνηθῇ.
3146 4373 3431 4448 Προῆλθε
3480 4374 3780 4450 βασιλεῦσι,

2088 4456 2388 4530 δυνάσταις,
2445 4459 2696 4536 ἄρχουσι,
2755 4462 2845 4516 καὶ
2914 4463 3020 4537 ούχ
3071 4464 3217 4538 εὗρεν
3272 4463 3407 4536 ἴαμα
3439 4462 3788 4537 σωτηριῖυδες

2085 4548 2279 4604 ἐκεῖθεν
2326 4554 2393 4623 τῇ
2454 4555 2608 4630 ψυχῇ
2665 4556 3022 4631 προσενέγκαι
3080 4572 3093 4586 '
3148 4556 3236 4609 καὶ
3285 4556 3498 4617 τούτοις
3550 4554 3787 4610 ἐπιπολὺ

2081 4636 2487 4713 συνδιατρίψας,
2565 4639 2715 4695 οὐδὲν
2795 4642 3022 4712 ὤνησεν.
3085 4643 3355 4712 Ἀπῆλθεν
3429 4646 3579 4705 αὖθις
3656 4646 3789 4718 πρὸς

2082 4726 2212 4789 τοὺς
2263 4728 2460 4807 σοφοὺς
2506 4735 2604 4783 τοῦ
2648 4731 2857 4803 κόσμου
2901 4732 2989 4787 καὶ
3041 4733 3274 4805 ῥήτορας
3309 4754 3319 4765 ·
3371 4738 3451 4804 τῷ
3480 4732 3626 4805 αὐτῴ
3656 4735 3783 4805 τρό-

2082 4838 2171 4888 πῳ
2236 4818 2495 4874 κατέλιπε
2547 4820 2842 4887 κάκείνους,
2918 4819 3086 4893 μηδὲν
3166 4823 3358 4896 κέρδος
3436 4823 3790 4898 ἀπενεγκάμε-

2082 4927 2193 4968 νος.
2256 4908 2456 4976 Διῆλθε
2516 4907 2605 4963 διὰ
2660 4915 2766 4965 τῶν
2834 4913 3148 4988 ζωγράφων,
3180 4913 3271 4967 καὶ
3320 4918 3428 4967 τῶν
3465 4914 3555 4967 τὸν
3587 4915 3791 4987 χρυσὸν

2082 4996 2171 5050 καὶ
2231 4995 2460 5072 ἄργυρον
2539 5000 2643 5053 ἀπὸ
2717 5008 2821 5076 γῆς
2881 5002 3276 5078 ἀναφερόντων,
3336 4999 3426 5056 διὰ
3471 5003 3687 5056 πάντων
3732 5023 3787 5056 τε

2083 5091 2190 5141 τῶν
2238 5093 2527 5161 τεχνιτῶν,
2578 5089 2667 5143 καὶ
2745 5089 3002 5163 οὐδεμίαν
3066 5091 3349 5166 θεραπείαν
3417 5091 3609 5165 ἴσχυσε
3670 5098 3787 5153 τοῖς

2085 5172 2245 5237 ἰδίοις
2295 5174 2536 5252 ἐφευρεῖν
2591 5180 2883 5252 τραύμασι.
2964 5180 3130 5242 Τὲλος
3214 5182 3578 5255 ἀναχωρήσας
3661 5182 3785 5235 τού-

2081 5288 2209 5331 των,
2242 5265 2490 5336 ἐπεζήτει
2534 5270 2706 5341 ἒαυτῷ
2761 5272 2887 5325 Θεὸν
2955 5272 3187 5343 ἰώμενον
3247 5274 3315 5325 τὰ
3363 5274 3506 5340 παθη
3558 5272 3647 5326 καὶ
3694 5273 3787 5333 τάς

2081 5356 2272 5417 νόσους
2329 5363 2427 5425 τῆς
2496 5360 2705 5433 ψυχῆς.
2768 5361 2842 5422 ὡς
2896 5358 2953 5415 δὲ
3012 5360 3367 5416 ἐπεσκέπτετο
3435 5362 3643 5429 ἑαυτὸν,
3698 5363 3787 5415 καὶ

2080 5450 2251 5501 ταῦτα
2308 5443 2664 5522 διελογίζετο,
2707 5453 2901 5527 εὑρέθη
2963 5453 2990 5506 ὁ
3048 5456 3171 5513 νοῦς
3231 5453 3397 5507 αὐτοῦ
3454 5451 3505 5507 ἐν
3568 5451 3791 5516 ἐκείνοις

2085 5532 2426 5611 ῥεμϐόμενος
2486 5544 2604 5602 τοῖς
2668 5542 2981 5617 πράγμασιν
3058 5543 3131 5596 ὧν
3192 5546 3435 5620 φανερῶς
3499 5541 3793 5619 ἀνεχώρη-

2084 5645 2163 5696 σε,
2199 5627 2437 5698 μισήσας
2464 5628 2622 5686 αὐτά.

2154 5715 2233 5777 E'.
2287 5712 2497 5792 "De:ch
2556 5716 2615 5775 δὶ
2677 5720 2812 5794 γυνή
2864 5741 2951 5784 τις
3008 5721 3061 5778 ἒν
3120 5721 3315 5796 κόσμῳ
3383 5721 3641 5795 πλουσία,
3701 5724 3791 5780 καὶ
