4130 6286
305 327 424 390 ’789

1585 324 1956 390 HOMlLl/E.
2004 354 2078 369 —
2125 323 2312 383 HOM.
2363 324 2545 385 XLV.

3709 323 3828 385 790

303 463 572 538 χρήματα
609 459 795 516 πολλά
833 461 922 517 καὶ
975 461 1123 516 οἶκον
1177 459 1431 536 λαμπρὸν
1482 455 1707 535 ἔχουσα,
1766 456 2009 513 λείπεται

2131 455 2408 526 locuples,
2468 457 2552 512 vel
2604 455 2830 528 amplas
2897 456 3129 514 divitias
3186 474 3252 513 ac
3318 457 3555 513 domum
3603 457 3824 529 magni-

311 550 638 626 προστασίας
673 569 686 584 ⁸
743 551 836 606 καὶ
895 552 946 605 οἱ
1013 549 1380 624 ἐπερχόμενοι
1440 549 1528 605 ἐπὶ
1576 551 1638 604 τὸ
1684 547 1890 624 βλάψαι
1919 545 2014 600 αὖ·

305 644 424 712 τὴν,
476 643 567 696 καὶ
624 641 719 703 τὰς
776 640 1016 711 οἷ’κήσεις
1094 640 1401 715 ἐρημῶσαι,
1459 639 1666 696 πολλοί
1699 658 1712 674 ⁸
1790 635 2011 706 κάκείνη

314 733 390 805 μὴ
446 731 680 808 φέρουσα
745 734 843 800 τὴν
909 727 1082 806 ὓϐριν,
1149 730 1495 806 περιέρχεται
1556 733 1792 800 ζητοῦσα
1848 724 2015 799 ἄνδρα

309 822 597 894 δυνάστην,
631 823 812 878 ἱκανόν
853 844 911 877 τε
960 823 1050 878 καὶ
1099 819 1528 896 πεπαιδευμένον
1587 819 1639 875 ἐν
1697 825 1865 874 πᾶσιο
1922 815 2013 869 καὶ

307 914 436 970 ’ὁταν
524 910 712 968 πολλὰ
785 911 1162 987 ἀγωνισαμένη
1267 906 1411 986 λαϐῃ
1501 914 1747 964 τοιοῦτον
1824 903 2012 979 ἄνδρα,

307 1003 629 1078 ἆγαλλιᾶται
696 1001 782 1057 ἐπ’
851 1003 1023 1073 αὐτῷ,
1077 1001 1166 1054 καὶ
1224 999 1344 1078 ἔχει
1401 1000 1566 1056 αὐτὸν
1624 997 1739 1053 ἀντὶ
1793 996 2016 1069 τείχους

307 1092 578 1170 ίσχυροῖν
635 1093 728 1147 τὸν
791 1092 955 1146 αὐτὸν
1003 1092 1205 1164 τρόπον
1261 1092 1296 1159 ἡ
1357 1090 1511 1164 ψυχὴ
1550 1089 1684 1162 μετᾶ
1711 1088 1810 1155 τὴν
1840 1088 2016 1158 παρά-

309 1179 488 1253 ϐασιν,
526 1179 761 1238 ἐπιπολὺ
811 1175 1058 1236 θλιϐεῖσα
1121 1178 1225 1234 ὑπὸ
1275 1185 1374 1248 τῆς
1433 1176 1677 1238 ἐναντίας
1737 1174 2014 1248 δυνάμεως

307 1274 398 1328 καὶ
461 1271 538 1334 εἷς
609 1269 852 1347 μεγάλην
910 1269 1142 1344 ἐρημίαν
1201 1268 1534 1341 ἐμπεσοῦσα,
1565 1269 1656 1322 καὶ
1706 1268 1875 1341 χήρα,
1925 1263 2014 1320 καὶ

313 1361 674 1436 μεμονωμένη
729 1359 836 1413 ἀπὸ
866 1363 962 1413 τοῦ
993 1358 1316 1432 ἐπουρανίου
1373 1354 1566 1431 ἀνδρὸς
1621 1355 1709 1410 διὰ
1764 1358 1862 1426 τήν
1919 1375 2014 1410 παε

311 1447 536 1526 ραϐασιν
625 1452 723 1514 τῆς
810 1446 1034 1516 ἐντολῆς
1115 1446 1534 1526 καταλειφθεῖσα
1608 1445 1696 1500 καὶ
1765 1445 2014 1522 παίγνιον

310 1540 512 1600 πάσαις
560 1543 676 1600 ταῖς
735 1536 1130 1609 ἀντικειμέναις
1205 1535 1466 1610 δυνάμεσι
1540 1535 1805 1609 γενομένη
1860 1553 1872 1567 ·
1935 1533 2018 1606 ἐξ-

312 1628 542 1698 έστησαν
609 1626 710 1702 γὰρ
771 1627 940 1695 αὐτὴν
997 1630 1105 1680 τῶν
1173 1623 1328 1679 ἰδίων
1379 1627 1592 1698 θρενῶν,
1636 1621 2014 1696 θαμϐήσαντες

313 1716 417 1771 ἀπὸ
473 1717 573 1785 της
635 1714 889 1790 οὐρανίου
957 1712 1219 1783 διανοίας,
1281 1713 1419 1768 ὥστε
1479 1715 1556 1787 μή
1624 1716 1751 1789 ὁρᾷν
1809 1714 1876 1768 τὰ
1928 1711 2018 1765 ὑπ’

2125 545 2293 601 ticam
2337 549 2660 619 possidens,
2713 548 3052 604 destituitur
3104 548 3318 604 auxilio
3359 553 3416 603 et
3459 549 3819 619 patrocinio;

2123 645 2180 693 et
2209 639 2310 710 qui
2355 641 2412 694 in
2452 656 2577 695 eam
2628 643 2933 710 insurgunt
2965 645 3030 694 ut
3059 658 3182 696 eam
3217 640 3450 708 laedant,
3485 646 3542 696 et
3582 640 3825 695 aedilicia

2123 731 2445 800 devastent,
2481 747 2594 786 non
2627 735 2766 785 sunt
2818 730 3017 801 pauci;
3052 730 3152 786 illa
3184 747 3297 786 non
3331 733 3517 786 ferens
3549 731 3822 801 injuriam

2125 819 2482 887 obambulat,
2555 837 2818 891 quaerens
2887 822 3075 875 virum
3142 827 3454 892 potentem,
3522 822 3820 890 idoneum,

2123 916 2175 962 et
2241 909 2298 962 in
2356 909 2627 966 omnibus
2699 911 3048 977 eruditum;
3117 920 3170 964 et
3239 911 3338 964 ubi
3416 916 3542 981 post
3610 912 3822 968 multos

2122 997 2350 1054 labores
2417 999 2738 1055 exantlatos
2808 1005 2978 1055 nacta
3032 1000 3205 1054 fuerit
3271 1001 3559 1070 ejusmodi
3608 1003 3821 1067 virum,

2124 1087 2370 1142 exsultat
2437 1094 2672 1161 propter
2733 1105 2887 1155 eum,
2958 1093 3015 1144 et
3069 1089 3246 1144 habet
3307 1105 3440 1144 eum
3496 1107 3593 1158 pro
3659 1108 3823 1148 muro

2123 1178 2312 1233 valido
2347 1195 2359 1233 :
2397 1180 2598 1235 eodem
2653 1181 2824 1234 modo
2877 1181 3096 1244 anima,
3131 1188 3256 1249 post
3301 1183 3824 1250 transgressionem

2125 1268 2496 1322 vehementer
2547 1268 2619 1322 ab
2669 1269 2992 1322 adversaria
3050 1272 3337 1339 potestate
3386 1268 3620 1336 afflicta,
3661 1275 3717 1325 et
3763 1271 3827 1327 in

2126 1373 2398 1427 magnam
2451 1359 2826 1414 solitudinem
2870 1358 3100 1429 illapsa,
3162 1365 3218 1413 et
3265 1360 3436 1413 vidua
3491 1364 3546 1416 et
3595 1363 3826 1418 deserta

2125 1466 2157 1504 a
2187 1448 2438 1504 caelestis
2479 1449 2702 1518 Sponso
2729 1451 2984 1521 propter
3032 1451 3553 1518 transgressionem
3604 1452 3825 1522 peccati

2124 1538 2417 1606 derelicta,
2458 1555 2522 1593 ac
2563 1538 2815 1592 ludibrio
2847 1538 3121 1594 omnibus
3151 1538 3497 1594 adversariis
3531 1541 3828 1609 potestati-

2126 1626 2233 1682 bus
2282 1628 2539 1697 exposita
2573 1629 2919 1698 (everterunt
2965 1629 3120 1683 enim
3171 1627 3331 1683 illam
3378 1645 3410 1682 a
3459 1646 3568 1684 sua
3609 1635 3824 1698 mento,

2127 1719 2296 1785 atque
2327 1716 2714 1771 deturbarunt
2763 1716 2834 1770 ab
2875 1716 3170 1771 intellectu
3204 1715 3443 1785 cmlesti,
3479 1734 3552 1773 ne
3598 1718 3827 1788 conspi-

310 1803 485 1858 αὐτῶν
526 1803 602 1864 εἷς
648 1802 818 1873 αὐτὴν
865 1806 1147 1878 γινόμενα,
1197 1801 1345 1858 ἀλλὰ
1392 1801 1658 1876 νομίζειν,
1717 1803 1798 1856 ὅτι
1843 1800 2016 1862 οὕτως

2131 1804 2263 1870 ciat,
2298 1820 2425 1874 quaa
2477 1803 2548 1858 ab
2598 1803 2716 1858 illis
2754 1805 2814 1858 in
2847 1821 2976 1858 eam
3027 1806 3496 1872 committuntur,
3532 1807 3633 1861 sed
3670 1811 3828 1875 putet

311 1891 363 1963 ἐξ
424 1891 609 1967 ἀρχῆς
672 1895 977 1968 γεγένηται.
1036 1892 1166 1947 Εἶτα
1233 1890 1303 1946 δι’
1374 1892 1542 1960 ἀκοῆς
1612 1893 1852 1965 μαθοῦσα
1913 1892 2012 1958 τὴν

314 1983 550 2056 μόνωσιν
603 1983 772 2051 αὐτῆς
824 1983 910 2038 καὶ
973 1981 1232 2054 ἐρημίαν,
1292 1983 1582 2052 στενάξασα
1635 1980 1860 2035 ἐνώπιον
1917 1987 2016 2049 τῆς

310 2072 721 2150 φιλανθρωπίας
778 2077 874 2128 τοῦ
944 2076 1100 2141 Θεοῦ,
1156 2073 1276 2146 εὗρε
1344 2073 1490 2142 ζωὴν
1553 2071 1645 2126 καὶ
1723 2070 2015 2143 σωτηρίαν.

311 2163 405 2218 Διά
457 2164 555 2232 τί;
610 2160 832 2231 Ἐπειδὴ
883 2161 1116 2232 ἀνῆλθεν
1168 2161 1244 2223 εἰς
1299 2163 1398 2231 τήν
1450 2163 1763 2238 συγγένειαν
1825 2159 2017 2229 αὐτῆς.

312 2251 553 2324 Οὐδεμία
609 2253 712 2327 γὰρ
773 2251 921 2322 ἄλλη
980 2274 1064 2315 τις
1133 2251 1406 2314 οἷ’κείωσίς
1464 2250 1573 2307 ἐστι
1632 2251 1721 2306 καὶ
1782 2249 2020 2325 ὠφέλεια

311 2341 558 2412 τοιαύτη,
618 2342 664 2395 εἷ
734 2343 809 2414 μή
878 2345 1064 2416 ψυχῆς
1131 2343 1266 2416 πρὸς
1335 2343 1484 2410 Θεὸν,
1551 2341 1641 2396 καὶ
1708 2345 1840 2395 Θεοῦ
1881 2341 2017 2412 πρὸς

315 2433 508 2502 αὐτήν.
570 2433 828 2502 Ἐποίησε
883 2433 988 2506 γὰρ
1048 2434 1075 2486 ὁ
1134 2433 1265 2494 Θεὸς
1323 2431 1522 2507 ὀρνέων
1555 2431 1686 2505 γένη
1739 2429 2016 2505 διάφοραο

312 2521 379 2576 τὰ
440 2522 532 2594 μὲν
591 2521 731 2577 ὥστε
787 2521 1053 2599 φωλεύειν
1115 2521 1166 2576 ἐν
1221 2525 1290 2595 τῇ
1321 2525 1414 2597 γῇ,
1446 2521 1686 2577 κάκεῖθεν
1737 2515 1882 2596 ἔχειν
1923 2522 2021 2589 τὴν

1425 2613 1492 2668 τὰ
1555 2611 1612 2668 δὲ
1669 2614 1841 2686 ᾠκονό
1851 2635 1925 2686 μη
1936 2633 2020 2667 σεν

319 2703 419 2757 ὑπὸ
479 2704 548 2758 τὰ
613 2701 780 2758 ὕδατα
834 2701 1123 2780 φωλεύειν,
1181 2704 1423 2758 κάκεῖθεν
1483 2698 1629 2782 ἔχειν
1679 2705 1779 2773 τὴν
1826 2704 1970 2774 ζωήν
2005 2719 2020 2736 ⁶

317 2789 722 2867 ἐδημιούργησε
778 2791 867 2846 καὶ
937 2791 1031 2847 δύο
1087 2794 1351 2865 κόσμους,
1409 2794 1499 2847 τὸν
1578 2791 1675 2866 μὲν
1743 2791 1852 2846 ἄνω
1905 2796 2023 2853 τοῖς

317 2877 715 2951 λειτουργικοῖς
795 2877 1084 2950 πνεύμασι,
1151 2879 1240 2932 καὶ
1325 2880 1424 2947 τὴν
1511 2879 1790 2934 πολιτείαν
1874 2874 2022 2952 ἔχειν

319 2966 431 3020 ἐκεῖ
473 2965 747 3036 διετάξατο
783 2987 796 3000 ο
829 2967 920 3020 τὸν
957 2965 1013 3022 δὲ
1041 2969 1193 3022 κάτω
1250 2973 1366 3028 τοῖς
1408 2967 1738 3041 ἀνθρώποις,
1772 2967 1875 3021 ὑπὸ
1929 2968 2021 3021 τὸν

317 3054 448 3130 ἂὲρα
503 3059 733 3111 τοῦτον·
796 3050 970 3112 ἔκτισε
1037 3053 1093 3112 δὲ
1147 3057 1237 3112 καὶ
1293 3056 1514 3130 οὐρανὸν
1574 3057 1662 3110 καὶ
1695 3064 1817 3131 γῆν,
1863 3053 2024 3124 ἤλιον

316 3147 406 3200 καὶ
468 3144 722 3214 σελήνην,
783 3142 972 3212 ὕδατα,
1032 3142 1222 3215 δὲνδρα
1273 3145 1618 3222 καρποφόρα,
1675 3142 1800 3220 γένη
1867 3147 2021 3216 ζώων

316 2610 614 2692 διατροφὴν
673 2613 763 2667 καὶ
821 2614 920 2682 τήν
999 2612 1297 2668 ἀνάπαυσιν
1332 2631 1344 2646 ·

315 3234 590 3288 παντοίων
625 3254 636 3265 ·
670 3231 798 3294 ἀλλ’
844 3232 894 3287 ἐν
956 3231 1137 3288 οὐδενί
1188 3235 1365 3290 αὐτῶν
1420 3237 1447 3289 6
1506 3237 1635 3298 Θεὸς
1695 3233 2026 3290 ἐπαναπαῦε-
2056 3215 2098 3280 C

320 3344 430 3380 ται.
468 3330 614 3378 Πᾶσα
646 3326 679 3392 ἡ
729 3326 903 3386 κτίσις
955 3325 1044 3378 ὑπ’
1110 3323 1275 3379 αὐτοῦ
1321 3326 1670 3400 κεκράτηται,
1727 3324 1815 3379 καὶ
1873 3324 2026 3398 ὅμως

325 3412 424 3467 οὐκ
480 3408 670 3483 ἔπηξεν
727 3412 779 3466 ἐν
835 3414 1020 3475 αὐτοῖς
1073 3412 1283 3489 θρόνον,
1335 3412 1457 3468 οὕτε
1514 3414 1798 3477 κοινωνίας
1847 3415 2026 3489 ἡρμό-

324 3522 476 3569 σατο,
508 3502 553 3556 εί
593 3503 666 3574 μὴ
721 3500 774 3556 ἐν
805 3502 1076 3576 ἀνθρώπῳ
1128 3504 1291 3575 μόνον
1354 3502 1632 3574 εὖδόκησε,
1692 3507 2026 3574 κοινωνήσας

322 3591 489 3661 αὐτῷ,
553 3589 643 3645 καὶ
716 3590 1251 3664 ἐπαναπαυσάμενος.
1300 3595 1454 3663 Ὀρᾷς
1511 3590 1618 3647 ὧδε
1703 3594 2021 3669 συγγένειαν

323 3683 456 3735 Θεοῦ
513 3680 651 3753 πρὸς
707 3679 1008 3754 ἄνθρωπον,
1065 3682 1152 3736 καὶ
1213 3680 1502 3754 ἀνθρώπου
1561 3683 1696 3756 πρὸς
1752 3682 1879 3737 Θεόν
1913 3701 1926 3750 ;
1965 3688 2024 3738 Ἡ

326 3767 416 3825 οῦν
468 3773 658 3841 συνετή
704 3771 795 3825 καὶ
841 3771 1081 3847 φρονίμη
1135 3775 1286 3846 ψυχή
1337 3771 1697 3845 περιελθοῦσα
1734 3772 1902 3828 πάντα
1958 3775 2024 3829 τὰ

325 3855 810 3934 δημιουργήματα,
868 3859 975 3933 οὐχ
1034 3858 1181 3931 εὗρεν
1239 3858 1533 3915 ἀνάπαυσιν
1590 3862 1772 3933 ἑαυτῇ,
1825 3861 1877 3916 εἴ
1945 3864 2019 3934 μὴ

325 3948 485 4020 μόνον
539 3948 588 4002 ἐν
647 3949 829 4021 Κυρίῳ
865 3968 875 3981 ·
923 3951 1010 4003 καὶ
1073 3951 1100 4003 ὁ
1148 3951 1344 4023 Κύριος
1402 3949 1453 4005 ἐν
1489 3947 1668 4005 οὐδενὶ
1710 3948 2023 4022 εὐδόκησεν,

323 4037 368 4092 εἷ
394 4041 470 4112 μὴ
498 4040 664 4111 μόνον
695 4038 745 4093 ἐν
784 4039 1072 4112 ἀνθρώπῳ.

390 4218 489 4292 ς’.
548 4218 648 4271 Ἀν
727 4213 1026 4289 ἒκπετάσῃς
1111 4217 1239 4278 τοῦς
1321 4215 1637 4296 ὀφθαλμοὺς
1722 4217 1856 4292 πρὸς
1928 4217 2019 4271 τὸν

317 4306 503 4376 ἥλιον,
553 4305 820 4380 εὑρίσκεις
877 4305 926 4359 ἐν
972 4306 1185 4379 οὐρανῳ
1229 4306 1322 4361 τὸν
1353 4304 1565 4377 ξκόκλον
1612 4306 1776 4361 αὐτοῦ
1810 4326 1822 4339 ·
1868 4303 2022 4361 τὸδὲ

321 4402 435 4474 φῶς
493 4398 579 4452 καὶ
636 4397 732 4458 τάς
806 4394 1024 4458 ἀκτῖνας
1083 4395 1168 4451 ἐπὶ
1231 4403 1333 4471 γῆν
1390 4395 1653 4472 ῥεπούσας
1711 4397 1800 4451 καὶ
1848 4399 2017 4452 πᾶσαν

316 4487 413 4554 τήν
471 4483 698 4559 δύναμιν
738 4489 835 4540 τοῦ
897 4486 1096 4563 φωτὸς,
1154 4487 1242 4541 καὶ
1303 4487 1400 4554 την
1480 4483 1812 4558 λαμπηδόνα
1883 4488 2020 4563 πρὸς

315 4583 418 4649 γῆν
470 4576 772 4654 φερομένην
804 4617 817 4632 .
867 4573 1040 4636 οὕτως
1096 4576 1183 4630 καὶ

319 4665 531 4738 Πατρὸς
589 4664 836 4737 ὑπεράνω
893 4667 1071 4736 πάσης
1147 4664 1329 4739 ἀρχῆς
1408 4663 1496 4719 καὶ
1570 4664 1812 4735 ἐξουσίας
1900 4666 2023 4719 κάθ-

317 4770 466 4822 ηται’
539 4751 629 4806 τὸν
687 4750 744 4806 δὲ
791 4752 1071 4827 ὀφθαλμὸν
1132 4753 1298 4809 αὐτοῦ
1357 4754 1431 4816 εἰς
1487 4754 1583 4814 τὰς
1641 4754 1858 4829 καρείας
1914 4759 2018 4808 τῶν

319 4839 409 4897 ἒπί
463 4842 566 4916 γῆς
625 4839 922 4910 ἀνθρώπων
964 4838 1082 4916 ἔχει
1150 4843 1468 4918 τεταμένον,
1522 4842 1671 4904 ὅπως
1743 4845 1871 4907 τοὺς
1927 4845 2025 4900 ἀπ·-

321 4927 719 5004 εκδεχομένους
766 4930 865 4998 τῆν
920 4934 1048 5004 παρ’
1122 4931 1284 4986 αὐτοῦ
1383 4933 1658 5008 βοήθειαν,
1742 4932 2021 5012 ἀνενὲγκῃ,

317 5016 440 5078 ἔνθα
497 5017 660 5082 αὐτὸς
713 5018 944 5093 ὑπάρχε,
1005 5018 1192 5090 ἐπειδὴ
1252 5021 1425 5098 λέγει,
1484 5024 1660 5077 Ὅπου
1719 5021 1828 5096 ἐγὼ
1886 5023 2022 5096 εἰμι,

317 5111 429 5167 ἐκεῖ
493 5109 582 5162 καὶ
650 5107 676 5160 6
747 5103 995 5168 διάκονος
1063 5109 1090 5161 6
1159 5108 1287 5181 ἐμὸς
1349 5108 1518 5165 ἔσται.
1587 5111 1684 5165 Καὶ
1765 5111 1927 5168 πάλιν
1997 5113 2024 5165 ὁ

321 5196 537 5258 Παῦλος
591 5213 605 5228 ⁸
680 5196 802 5249 ’Ὀτι
861 5197 1141 5270 συνήγειρε
1203 5197 1293 5250 καὶ
1363 5198 1694 5253 συνεκάθισεν
1763 5197 1814 5254 ἒν
1884 5197 2026 5273 δεξιᾷ

319 5290 488 5345 αὐτοῦ
556 5285 608 5340 ἐν
667 5289 784 5347 τοῖς
850 5284 1206 5356 ἐπουρανίοις.
1283 5285 1436 5340 Πολὺ
1503 5285 1559 5341 δὲ
1643 5287 1820 5365 ἄλογα
1917 5294 2028 5358 ζῶα

322 5379 654 5450 συνετωτερα
717 5375 850 5430 εἰσιν
920 5379 1100 5449 ἡμῶν.
1181 5377 1278 5431 Καὶ
1355 5377 1457 5452 γὰρ
1536 5373 1762 5432 ἕκαστον
1847 5379 2025 5432 αὐτῶν

321 5468 656 5538 συνήνωνται
705 5471 775 5544 τῇ
837 5465 949 5539 ἰδίᾳ
997 5465 1172 5546 φύσει,
1220 5464 1288 5520 τὰ
1335 5463 1495 5540 ἄγρια
1548 5467 1683 5541 πρὸς
1739 5465 1804 5521 τὰ
1843 5465 2025 5543 σίγριᾱὶ,

389 5656 437 5691 ⁸⁸
473 5656 644 5714 «Ιοειιιι
676 5673 774 5726 xu,
802 5657 894 5713 26.
970 5655 1017 5693 ⁸⁷
1047 5655 1258 5729 Ephes.
1287 5669 1352 5725 ιι,
1381 5653 1437 5723 5,
1467 5651 1525 5709 6.

2127 1893 2211 1948 sic
2241 1893 2314 1946 ab
2346 1892 2525 1947 initio
2558 1893 2925 1963 contigisse);
2975 1893 3349 1964 postmodum
3385 1895 3483 1948 ubi
3515 1910 3583 1949 ex
3619 1897 3825 1950 auditu

2127 1985 2381 2054 percepit
2410 1982 2782 2039 solitudinem
2808 2001 3002 2050 suam,
3032 1983 3329 2055 deplorata
3347 1985 3700 2042 desolatione
3722 2004 3830 2043 sua

2126 2073 2186 2127 in
2221 2079 2536 2143 conspectu
2579 2072 2989 2128 humanissimi
3027 2073 3126 2128 Dei
3175 2075 3391 2130 invenit
3439 2075 3613 2130 vitam
3649 2081 3704 2131 et
3736 2093 3830 2132 sa-

2125 2161 2327 2217 lutem.
2363 2163 2726 2233 Quapropter
2745 2162 2772 2217 ‘I
2803 2163 2948 2228 Quia
2967 2180 3194 2219 reversa
3216 2169 3304 2218 est
3327 2165 3394 2218 ad
3422 2164 3829 2233 cogitationem

2127 2269 2318 2307 suam.
2370 2251 2540 2307 Nulla
2587 2253 2743 2307 enim
2794 2258 2882 2308 est
2908 2252 3041 2307 talis
3072 2253 3434 2310 familiaritas
3483 2265 3654 2326 atque
3696 2257 3828 2328 opi-

2128 2342 2358 2408 tulatio,
2429 2359 2495 2396 ac
2559 2345 2645 2397 est
2705 2343 2912 2396 animas
2975 2359 3108 2414 erga
3167 2343 3370 2412 Deum,
3440 2348 3496 2399 et
3547 2345 3648 2400 Dei
3693 2363 3830 2417 erga

2130 2431 2407 2486 animam.
2453 2431 2724 2486 Condidit
2788 2433 2942 2486 enim
3005 2431 3152 2487 Deus
3201 2433 3390 2487 avium
3463 2451 3675 2505 genera
3740 2435 3831 2489 di—

2129 2536 2332 2576 versa:
2376 2521 2661 2591 quasdam
2705 2525 2765 2575 ut
2797 2521 2962 2575 nidos
2993 2526 3344 2590 componant
3375 2523 3431 2576 in
3466 2527 3640 2592 terra,
3671 2527 3729 2578 et
3770 2522 3830 2576 in

2129 2627 2196 2666 ea
2229 2611 2480 2665 habeant
2512 2615 2740 2682 pastum
2775 2627 2839 2665 ac
2867 2611 3126 2681 requiem
3156 2613 3474 2682 :quasdam
3510 2630 3640 2668 vero
3673 2612 3829 2667 ordi-

2132 2703 2308 2768 navit,
2354 2706 2413 2757 ut
2451 2704 2559 2757 sub
2608 2702 2773 2774 aquis
2824 2703 3144 2770 nidiﬁcent,
3196 2704 3442 2776 indeque
3489 2704 3666 2761 vitam
3723 2704 3833 2759 ba-

2135 2795 2302 2848 beant
2327 2810 2344 2846 :
2369 2793 2667 2848 fabricavit
2698 2809 2928 2864 quoque
2961 2794 3249 2863 duplicem
3299 2794 3616 2862 mundum;
3652 2811 3834 2849 unum

2133 2883 2511 2954 superiorem,
2555 2881 3068 2937 administratoriis
3117 2882 3443 2952 spiritibus,
3468 2889 3530 2937 ut
3560 2883 3678 2938 illic
3701 2899 3833 2938 con-

2133 2981 2453 3036 versenlur,
2485 2971 2813 3036 constituit;
2849 2971 3092 3024 alterum
3126 2971 3456 3025 inferiorem
3491 2971 3831 3027 hominibus

2134 3059 2243 3113 sub
2293 3059 2401 3114 hoc
2449 3075 2598 3113 aere.
2653 3059 2878 3114 Creavit
2926 3076 3156 3129 quoque
3219 3059 3428 3114 castum
3476 3069 3528 3114 et
3594 3065 3830 3131 terram,

2136 3150 2314 3204 solem
2358 3165 2423 3203 ac
2471 3148 2693 3214 lunam,
2743 3165 2945 3220 aquas,
2996 3151 3227 3204 arbores
3271 3149 3619 3218 fructiferas,
3652 3155 3709 3204 et
3738 3166 3834 3204 va-

2138 3238 2352 3293 riorum
2400 3238 2738 3292 animalium
2781 3254 3025 3305 genera:
3080 3239 3137 3292 in
3187 3237 3347 3292 nullo
3387 3242 3583 3294 tamen
3625 3239 3833 3297 horum

2137 3327 2454 3398 requiescit
2477 3326 2642 3382 Deus.
2689 3325 2969 3381 Universa
3018 3331 3280 3382 creatura
3309 3327 3413 3382 sub
3447 3328 3574 3398 ejus
3605 3333 3692 3382 est
3721 3328 3833 3383 im-

2138 3415 2326 3486 perio;
2353 3432 2456 3470 nec
2506 3423 2697 3470 tamen
2731 3416 3054 3470 construxit
3097 3415 3156 3469 in
3194 3415 3276 3470 eis
3313 3415 3612 3482 thronum,
3648 3433 3836 3489 neque

2137 3503 2650 3572 societateminiit,
2701 3505 2810 3559 nisi
2863 3504 2924 3559 in
2975 3504 3211 3559 homine
3262 3504 3384 3559 solo
3425 3505 3834 3576 complacitum

2137 3597 2187 3651 ei
2235 3601 2341 3663 est,
2393 3613 2458 3651 ac
2501 3594 2834 3650 societatem
2888 3611 3022 3650 cum
3073 3611 3138 3650 eo
3191 3595 3501 3664 contraxit,
3569 3600 3627 3651 et
3683 3597 3742 3650 in
3771 3613 3836 3652 eo

2137 3685 2466 3757 requiescit.
2520 3685 2768 3739 Videsne
2824 3684 2918 3738 hic
2966 3685 3373 3754 cognationem
3417 3683 3517 3738 Dei
3563 3700 3693 3739 cum
3740 3685 3837 3740 ho-

2138 3774 2315 3843 mine,
2349 3784 2401 3828 et
2431 3774 2688 3828 hominis
2719 3789 2851 3829 cum
2902 3773 3018 3828 Deo
3059 3773 3086 3827 ?
3114 3774 3302 3844 Sagax
3325 3789 3460 3844 ergo
3492 3777 3546 3826 et
3578 3774 3832 3845 prudens

2135 3862 2329 3916 anima
2371 3861 2766 3932 pertransiens
2815 3869 3054 3916 cunctas
3095 3865 3408 3928 creaturas,
3461 3875 3576 3913 non
3609 3859 3834 3915 invenit

2135 3950 2391 4020 requiem
2460 3949 2571 4003 sibi
2621 3949 2755 4018 ipsi,
2823 3949 2934 4004 nisi
2981 3947 3169 4003 solum
3237 3949 3296 4002 in
3363 3948 3648 4004 Domino:
3728 3964 3832 4005 nec

2137 4038 2385 4093 Domino
2425 4039 2485 4092 in
2527 4037 2640 4092 ullo
2706 4037 3118 4109 complacitum
3172 4043 3285 4108 est,
3355 4037 3466 4092 nisi
3521 4039 3709 4093 solum
3770 4037 3833 4093 in

2134 4126 2393 4182 homine.

2202 4217 2298 4271 VI.
2325 4217 2383 4272 Si
2414 4217 2706 4287 expandas
2744 4215 2942 4271 oculos
2974 4216 3044 4272 ad
3080 4217 3282 4286 solem,
3339 4217 3555 4288 reperis
3600 4215 3659 4272 in
3691 4215 3832 4272 ccelo

2134 4307 2414 4364 circulum
2465 4308 2626 4378 ejus:
2678 4307 2876 4362 lumen
2923 4311 3116 4362 autem
3157 4313 3216 4363 et
3274 4308 3462 4362 radios
3509 4308 3570 4364 in
3617 4311 3830 4363 terram

2134 4413 2385 4468 vergere,
2431 4401 2601 4467 atque
2649 4413 2878 4452 omnem
2927 4396 3020 4450 vin
3073 4397 3316 4452 lum'inis
3363 4401 3420 4452 et
3459 4397 3829 4467 splendorem

2132 4489 2200 4541 ad
2235 4493 2446 4541 terram
2490 4487 2737 4540 del'erri:
2797 4487 2880 4540 sic
2932 4502 3165 4558 quoque
3219 4486 3492 4541 Dominus
3533 4503 3564 4540 a
3613 4487 3829 4542 dextris

1242 4577 1268 4629 6
1324 4575 1523 4648 Κύριος
1580 4573 1640 4629 ἐκ
1682 4572 1869 4644 δεξιῶν
1923 4581 2019 4630 τοῦ

2137 4577 2298 4633 I45
2351 4577 2539 4631 Patris
2577 4592 2752 4644 super
2813 4592 3044 4631 omnem
3108 4576 3497 4647 principatum
3565 4579 3621 4630 et
3673 4581 3831 4646 pote-

2129 4674 2337 4722 statem
2411 4668 2604 4734 sedet;
2691 4667 2922 4722 oculum
3007 4670 3199 4721 autem
3287 4683 3460 4720 suum
3533 4665 3590 4719 in
3659 4663 3835 4720 corda

2127 4757 2434 4812 hominum
2501 4756 2560 4810 in
2631 4761 2783 4812 terra
2869 4755 3188 4810 viventium
3261 4753 3435 4809 habet
3511 4759 3830 4823 extentum,

2128 4851 2193 4901 ut
2250 4861 2347 4901 eos
2414 4847 2515 4916 qui
2603 4846 2931 4915 suscipiant
2996 4845 3066 4900 ab
3108 4861 3176 4900 eo
3238 4844 3544 4906 auxilium,
3594 4845 3834 4902 extollat

2129 4953 2216 5004 eo,
2277 4935 2375 4990 ubi
2424 4934 2546 5006 ipse
2589 4940 2694 4989 est.
2739 4935 3033 4998 Quoniam
3095 4934 3332 5003 inquit:
3377 4935 3475 4991 Ubi
3533 4952 3651 4989 sum
3709 4952 3832 5005 ego,

2130 5025 2246 5079 illic
2282 5039 2496 5094 quoque
2523 5022 2779 5078 minister
2814 5039 2966 5077 meus
3009 5024 3116 5076 erit
3144 5022 3208 5074 ⁸⁵.
3242 5023 3310 5076 Et
3340 5023 3545 5078 iterum
3578 5022 3833 5078 Paulus:

2131 5113 2308 5168 Simul
2351 5113 2735 5177 ressuscitavit,
2777 5115 2827 5166 et
2857 5111 3030 5166 simul
3076 5111 3261 5166 sedere
3290 5113 3419 5182 fecit
3449 5114 3520 5166 ad
3551 5112 3833 5168 dexteram

2129 5219 2286 5258 suam
2344 5203 2490 5256 inter
2536 5200 2779 5256 calcares
2841 5202 2907 5259 ⁸⁷.
2967 5201 3178 5257 Verum
3269 5203 3544 5258 animalia
3614 5201 3832 5255 ratione

2133 5292 2427 5358 destituta,
2498 5296 2636 5346 sunt
2704 5296 2872 5362 longe
2939 5290 3390 5364 intelligentiora
3459 5305 3634 5361 quam
3701 5304 3827 5342 nos.

2132 5380 2602 5450 Unumquodque
2651 5380 2808 5434 enim
2862 5381 3070 5435 horum
3134 5380 3334 5434 unitur
3379 5378 3474 5444 iis,
3527 5392 3652 5446 quis
3694 5379 3830 5428 sunt

2131 5470 2397 5541 ejusdem
2447 5475 2689 5535 naturas,
2741 5471 2992 5542 agrestia
3040 5469 3385 5538 agrestibus,
3429 5470 3484 5520 et
3537 5479 3666 5519 oves
3713 5478 3829 5518 suae
