4130 6286
329 346 441 413 791

1667 345 1729 409 S.
1779 347 2104 409 MACARII
2152 348 2493 413 IEGYPTII

3722 350 3849 414 792

328 480 562 557 Speciei.
594 485 675 538 Tu
726 497 860 537 vero
892 496 1005 537 non
1054 480 1358 538 reverteris
1406 479 1478 537 ad
1520 479 1809 537 caelestem
1860 483 2021 537 tuam

2154 484 2233 539 xui
2302 483 2369 539 τὰ
2427 481 2673 560 πρόϐατα
2727 486 2863 561 πρὸς
2926 484 2987 543 τὸ
3050 484 3197 542 ’ίδιον
3265 487 3473 563 γένος·
3532 481 3717 540 καὶσὺ
3749 483 3855 540 οὐκ

331 574 762 647 cognationem,
794 590 922 645 quae
965 580 1049 628 est
1081 572 1393 629 Dominus:
1447 571 1550 627 sed
1581 571 2032 643 cogitationibus

330 667 448 723 tuis
495 667 682 723 tradis
740 671 796 722 te
842 670 898 721 et
946 665 1251 721 assentiris
1311 664 1768 736 cogitationibus
1813 663 2033 737 pravis,

332 758 566 828 adjutor
597 755 812 828 peccati
868 755 1075 819 factus,
1119 755 1365 823 ejusque
1395 770 1502 825 ope
1532 752 1637 808 tibi
1670 753 1783 824 ipsi
1817 751 2033 808 bellum

332 845 535 914 infers,
587 852 758 916 atque
801 844 942 899 adeo
992 858 1185 899 escam
1236 842 1418 898 hostis
1472 846 1528 898 te
1567 842 1763 913 ipsum
1816 842 2031 897 consti-

334 933 471 999 tuis,
521 935 757 1004 perinde
807 948 872 988 ac
902 932 949 989 si
982 933 1105 988 avis
1144 932 1216 987 ab
1246 931 1442 1003 aquila
1472 932 1897 1004 comprehensa
1932 932 2034 986 ab-

335 1027 609 1079 sumatur
634 1026 735 1077 aut
764 1021 885 1078 ovis
911 1038 944 1077 a
975 1021 1134 1094 lupo,
1160 1025 1262 1077 aut
1292 1038 1435 1092 puer
1462 1022 1738 1093 ignorans
1770 1020 2039 1075 extendat

338 1129 578 1169 manum
615 1129 781 1168 suam
816 1113 887 1167 ad
932 1116 1287 1184 serpentem,
1319 1130 1352 1168 a
1417 1128 1528 1183 quo
1557 1128 1767 1167 exesus
1812 1110 2041 1165 inﬂam-

337 1207 545 1259 metur.
612 1202 1038 1259 Similitudines
1093 1202 1250 1259 enim
1319 1202 1475 1259 velut
1541 1202 1784 1272 efﬁgiem
1827 1205 2040 1273 gerunt

337 1309 530 1349 rerum
561 1291 980 1363 spiritualium.

406 1472 528 1529 VII.
563 1472 1064 1538 Quemadmodum
1115 1489 1245 1528 vero
1293 1472 1453 1544 virgo
1501 1472 1662 1528 dives
1694 1473 2041 1544 desponsata

337 1562 481 1629 viro,
540 1580 899 1635 quaecunque
949 1563 1235 1634 acceperit
1282 1564 1435 1619 dona
1492 1568 1626 1619 ante
1674 1562 2043 1633 conjunctio-

343 1667 500 1717 nem,
553 1652 1087 1725 sivelornamenta,
1139 1652 1259 1708 sive
1302 1653 1739 1719 vestimentum,
1786 1652 1905 1706 sive
1936 1667 2042 1705 su-

340 1742 687 1814 pellectilem
739 1741 1076 1813 pretiosam,
1131 1758 1246 1797 non
1296 1742 1542 1813 quiescit
1574 1741 1633 1796 in
1676 1740 1815 1807 illis,
1859 1741 2040 1796 donec

338 1838 569 1901 tempus
623 1830 955 1900 nuptiarum
997 1830 1311 1897 advenerit,
1362 1834 1419 1885 et
1466 1830 1871 1901 conjunctione
1938 1845 2035 1898 po-

2154 1831 2349 1906 γάμου,
2382 1832 2470 1886 καί
2520 1832 2665 1910 τύχῃ
2728 1841 2828 1903 τῆς
2879 1832 3166 1897 κοινωνίας
3216 1853 3229 1866 ·

337 1921 446 1976 tita
493 1920 705 1974 fuerit:
747 1920 832 1974 sic
880 1936 1113 1991 quoque
1153 1920 1348 1975 anima
1396 1924 1591 1990 aptata
1635 1919 1694 1974 in
1757 1934 2037 1989 sponsam

336 2007 552 2064 ccelesti
600 2012 843 2077 Sponso,
899 2007 1110 2079 accipit
1147 2009 1541 2064 arrhabonem
1592 2023 1621 2063 e
1654 2006 2039 2079 Spiritu,sive

336 2099 490 2153 dona
548 2097 950 2161 sanationum,
998 2096 1116 2152 sive
1166 2098 1537 2169 cognitionis,
1588 2100 1708 2152 sive
1744 2095 2039 2151 revelatio-

336 2187 461 2243 nis:
492 2186 589 2241 sed
625 2202 738 2240 non
780 2186 1143 2257 conquiescit
1186 2186 1247 2240 in
1296 2186 1435 2255 illis,
1488 2187 1671 2241 donec
1718 2200 2040 2255 consequa-

336 2278 434 2329 tur
483 2273 715 2345 plenam
750 2273 1105 2341 societatem,
1160 2276 1267 2328 hoc
1343 2278 1432 2329 est
1466 2273 1859 2340 dilectionem,
1911 2288 2040 2344 quae

335 2378 463 2417 cum
516 2377 622 2416 nec
667 2366 948 2430 mutetur,
1002 2378 1106 2416 nec
1155 2361 1401 2429 excidat,
1432 2362 1623 2418 omnis
1651 2360 1939 2433 passionis
1982 2364 2039 2416 et

334 2451 742 2507 concussionis
797 2455 1057 2522 expertes
1096 2451 1402 2506 constituit
1451 2450 1604 2518 illos,
1642 2450 1743 2521 qui
1774 2466 1899 2505 eam
1934 2450 2038 2506 de—

334 2539 617 2596 siderant.
650 2542 766 2594 Aut
813 2539 1308 2609 quemadmodum
1358 2539 1553 2595 infans
1604 2538 1849 2594 amictus
1880 2555 2041 2594 mar-

332 2627 537 2702 garitis
578 2633 633 2683 et
664 2629 1027 2683 indumentis
1066 2630 1358 2698 pretiosis,
1415 2628 1512 2683 ubi
1552 2628 1841 2694 esurierit,
1892 2626 2037 2682 nihil

336 2719 589 2775 aestimat
635 2734 762 2789 quas
802 2722 1011 2786 gestat,
1050 2717 1151 2773 sed
1199 2735 1266 2773 ea
1314 2718 1574 2788 negligit,
1627 2732 1860 2773 omnem
1906 2732 2037 2772 vero

331 2824 533 2865 curam
590 2808 763 2863 habet
812 2808 870 2862 in
922 2807 1185 2863 mamilla
1242 2807 1526 2877 alimenti,
1580 2824 1694 2879 quo
1746 2812 1911 2877 pacto
1949 2808 2038 2863 lac

332 2896 621 2968 accipiat:
668 2896 823 2951 idem
856 2912 1089 2968 quoque
1130 2904 1329 2969 putato
1364 2897 1504 2951 mihi
1539 2896 1599 2951 in
1633 2897 2038 2969 spiritualibus

338 2986 507 3041 donis
538 2985 664 3041 Dei.
698 2984 803 3041 Cui
834 2985 1016 3057 gloria
1048 2987 1103 3040 in
1139 2986 1370 3041 secula.
1405 2987 1605 3041 Amen.

916 3092 1223 3149 HOMILIA
1261 3092 1456 3149 XLVI.

328 3185 402 3240 De
449 3184 761 3255 diﬂ‘erentia
810 3183 956 3237 inter
1028 3183 1269 3255 Verbum
1332 3182 1435 3239 Dei
1501 3187 1555 3238 et
1614 3183 1761 3238 inter
1809 3182 2035 3255 verbum

399 3254 635 3311 mundi:
685 3262 739 3310 et
804 3258 965 3325 inter,
1019 3254 1163 3325 ﬁlios
1224 3254 1323 3309 Dei
1386 3262 1436 3309 et
1488 3256 1638 3309 inter
1683 3256 1826 3323 ﬁlios
1876 3254 2038 3321 huius

399 3326 614 3382 mundi.

401 3432 445 3487 Ῑ.
493 3431 750 3487 Verbum
806 3430 923 3498 Dei,
982 3430 1142 3486 Deus
1201 3436 1309 3499 est,
1375 3435 1432 3486 et
1494 3432 1735 3487 verbum
1808 3434 2036 3501 mundi,

331 3522 591 3578 mundus
624 3526 734 3577 est.
773 3521 1041 3589 Magnum
1069 3538 1200 3577 vero
1223 3521 1537 3577 discrimen
1572 3528 1627 3577 et
1660 3522 2037 3578 intervallum

332 3616 422 3667 est
491 3611 642 3665 inter
713 3610 960 3665 Verbum
1036 3611 1131 3666 Dei
1191 3616 1246 3665 et
1310 3612 1461 3667 inter
1526 3614 1768 3667 verbum
1810 3614 2037 3683 mundi,

333 3704 507 3769 atque
542 3700 691 3754 inter
732 3698 882 3753 ﬁlios
921 3698 1020 3753 Dei
1053 3705 1109 3755 et
1156 3700 1307 3755 inter
1338 3699 1488 3756 filios
1523 3701 1746 3756 mundi.
1794 3703 2041 3773 Utraque

341 3788 497 3841 enim
549 3787 739 3859 proles
788 3803 1027 3843 suorum
1075 3786 1286 3842 similis
1328 3794 1417 3843 est
1465 3800 1792 3859 parentum.
1845 3790 1903 3844 Si
1938 3807 2041 3845 vo-

337 3877 513 3933 luerit
544 3894 681 3950 ergo
724 3895 976 3950 propago
1009 3878 1255 3950 spiritus
1292 3880 1519 3934 tradere
1550 3894 1611 3934 se
1653 3880 1837 3951 ipsam
1870 3882 2040 3937 verbo

341 3969 571 4037 mundi,
643 3984 710 4025 ac
777 3970 949 4023 rebus
1016 3968 1279 4037 terrenis,
1348 3974 1523 4041 atque
1582 3970 1779 4041 gloria
1844 3971 2043 4027 saeculi

344 4059 545 4127 hujus.
608 4059 998 4114 mortiﬁcatur
1052 4063 1108 4114 et
1165 4060 1331 4128 perit,
1382 4061 1598 4132 quippe
1660 4077 1787 4131 quse
1848 4078 2042 4117 veram

336 4149 601 4221 requiem
653 4151 783 4204 vitae
835 4149 1113 4221 consequi
1163 4165 1278 4204 non
1325 4150 1524 4221 possit.
1588 4150 1838 4221 Itequies
1886 4152 2041 4206 enim

336 4240 465 4311 ejus
516 4238 636 4294 illic
685 4242 791 4305 est,
845 4239 996 4293 unde
1045 4242 1327 4310 prognata
1365 4242 1470 4295 est.
1510 4238 1831 4294 Sull‘ocatur
1856 4241 2040 4308 enim,

344 4339 405 4384 ut
436 4329 628 4399 inquit
670 4329 975 4394 Dominus,
1027 4334 1084 4383 et
1115 4328 1517 4384 infructuosus
1566 4330 1825 4383 redditur
1854 4329 2041 4387 Verbo

338 4419 555 4485 divino,
610 4418 706 4487 qui
774 4417 1157 4472 saecularibus
1208 4419 1362 4473 curis
1427 4424 1740 4490 occupatus
1800 4422 2043 4476 terrenis

337 4508 560 4580 laqueis
600 4507 880 4576 illigatur.
936 4506 1237 4568 Similiter.
1290 4510 1389 4578 qui
1458 4508 1675 4564 carnali
1724 4508 2043 4565 intentione

2144 574 2416 650 ἐπανέρχῃ
2474 576 2610 651 πρὸς
2683 578 2781 647 τήν
2859 576 3106 652 οὐράνιόν
3167 599 3261 633 σου
3331 574 3664 653 συγγένειαν,
3723 572 3853 645 ⁴ἥτις

2144 664 2288 719 ἐστὶν
2321 667 2348 720 6
2382 666 2576 738 Κύριος
2610 684 2623 699 ·
2666 665 2811 722 ἀλλά
2862 665 3223 732 συνεπιδιδοῖς
3254 668 3343 724 καὶ
3401 665 3669 728 συννεύεις
3726 669 3852 727 τοῖς

2146 753 2440 830 λογισμοῖς
2473 778 2567 811 σου
2607 758 2683 819 εἰς
2742 758 2866 820 τοὺς
2924 758 3225 833 λογισμοὺς
3278 765 3380 827 τῆς
3437 759 3649 827 κακίας,
3714 757 3856 829 βοη-

2147 846 2238 907 θὸς
2297 853 2394 914 τῆς
2472 846 2741 922 ἁμαρτίας
2812 847 3126 921 γενόμενος,
3185 849 3273 903 καὶ
3328 849 3421 903 σὺν
3480 847 3617 920 αὐτῇ
3676 846 3859 916 ἐαυτῷ

2146 935 2430 1007 πολεμῶν,
2488 936 2576 989 xui
2628 936 2772 993 031w
2829 935 3166 1012 κατάϐρωμα
3221 941 3316 992 τοῦ
3387 936 3592 1015 ἐχθροῦ
3676 938 3857 989 ποιῶν

2149 1023 2334 1079 ἔαυτόν
2371 1043 2382 1056 ·
2417 1022 2597 1101 ὥσπερ
2658 1024 2718 1080 ἂν
2776 1026 2959 1101 ὄρνεον
3014 1028 3117 1082 ὑπὸ
3166 1028 3324 1081 ἀετοῦ
3372 1025 3682 1099 συλληφθὲν
3727 1044 3862 1078 κατ-

2148 1112 2428 1187 αναλωθῇ,
2475 1116 2509 1183 ἢ
2561 1110 2834 1189 πρόϐατον
2891 1117 2995 1172 ὑπὸ
3040 1115 3231 1183 λύκου,
3263 1116 3297 1185 ἢ
3360 1112 3567 1171 σαιδίον
3625 1114 3858 1188 ἀγνοοῦν

2151 1203 2360 1278 ἐκτείνῃ
2404 1208 2502 1273 τήν
2549 1211 2711 1281 χεῖρα
2765 1206 2930 1262 αὐτοῦ
2974 1207 3111 1281 πρὸς
3161 1203 3305 1282 ὄφιν,
3347 1205 3439 1261 καὶ
3491 1205 3695 1280 βρωθῖεν
3763 1202 3857 1257 ὑπ’

2151 1292 2318 1347 αὐτοῦ
2369 1294 2650 1368 ἃποκαυθῇ
2684 1313 2696 1327 ’
2768 1298 2821 1350 αἱ
2880 1298 2984 1371 γὰρ
3050 1293 3367 1370 παραϐολαὶ
3428 1294 3609 1367 ὥσπερ
3667 1292 3842 1366 πρόσ-

2150 1404 2272 1438 ωπα
2301 1379 2520 1457 ἔχουσιν
2553 1384 2629 1449 εἷς
2656 1386 2716 1440 τὸ
2746 1387 3109 1457 πνευματικὸν
3143 1382 3324 1459 ἔργον·

2222 1474 2290 1527 Ζ’.
2359 1476 2564 1548 Ὥσπερ
2632 1472 2687 1529 δὲ
2761 1473 3026 1548 παρθένος
3096 1473 3334 1530 πλουσία
3401 1471 3850 1546 μεμνηστευμένη

2152 1560 2324 1638 ἀνδρὶ,
2356 1562 2454 1618 ὅσα
2503 1565 2562 1619 ἂν
2618 1563 2831 1635 δέξηται
2884 1564 3033 1641 δῶρα
3087 1566 3194 1639 πρὸ
3241 1571 3339 1634 τῆς
3388 1563 3695 1633 κοινωνίας,
3745 1559 3857 1616 εἴτε

2149 1653 2372 1726 κόσμια,
2437 1653 2541 1708 εἷ’τε
2620 1655 2937 1728 ἱματισμὸν,
2995 1653 3102 1710 εἶ’τε
3168 1653 3330 1723 σκεύη
3394 1652 3695 1724 πολύτιμα,
3756 1651 3859 1705 οὐκ

2151 1739 2545 1797 ἒπαναπαύεται
2619 1744 2855 1813 τούτοις,
2912 1742 3017 1805 ἓως
3076 1744 3137 1798 οὗ
3205 1745 3233 1798 6
3290 1743 3476 1817 καιρὸς
3546 1736 3685 1814 ἔληῃ
3752 1744 3854 1795 τοῦ

3290 1832 3462 1893 οὕτως
3522 1831 3859 1905 ἁρμοσθεῖσα

2153 1922 2228 1984 εἷς
2258 1923 2474 2001 νύμφην
2506 1924 2541 1992 ἡ
2596 1926 2746 1999 ψυχὴ
2798 1924 2878 1997 τῷ
2935 1922 3243 2000 ἐπουρανίῳ
3304 1922 3547 1999 νυμφίῳ,
3582 1915 3854 1994 λαμϐάνει

2150 2007 2439 2087 ἀρραϐῶνα
2500 2010 2559 2067 ἐκ
2605 2017 2702 2067 τοῦ
2766 2014 3096 2086 Πνεύματος,
3155 2011 3263 2068 εἷ’τε
3306 2011 3621 2087 χαρίσματα
3684 2008 3854 2082 ἶαμά-

2146 2124 2276 2171 των,
2345 2103 2451 2158 εἴτε
2509 2106 2784 2178 γνώσεως,
2851 2104 2961 2161 εἷ’τε
3044 2104 3441 2178 ἀποκαλύψεως
3495 2122 3510 2136 ⁶
3576 2100 3702 2157 ἀλλ’
3752 2100 3856 2155 οὐκ

2150 2191 2550 2248 ἐπαναπαύεται
2645 2193 2889 2266 ἐκείνοις,
2954 2192 3058 2259 ἕως
3130 2194 3190 2249 ἂν
3254 2194 3397 2269 τύχῃ
3464 2199 3565 2261 τῆς
3637 2190 3854 2251 τελείας

2148 2283 2464 2351 κοινωνίας,
2512 2284 2759 2338 τουτέστι
2815 2290 2915 2353 τῆς
2963 2284 3201 2358 ἀγάπης,
3260 2284 3383 2353 ἥτις
3426 2280 3689 2358 ἄτρεπτος
3722 2278 3856 2334 οῦσα

2149 2371 2239 2425 καὶ
2318 2369 2588 2441 ἄπτωτος,
2675 2372 2895 2437 ἀπαθεῖς
2964 2374 3055 2428 καὶ
3149 2370 3477 2433 ἀσαλεύτους
3576 2371 3852 2447 ἐργάζεται

2147 2460 2275 2522 τοὺς
2342 2460 2509 2532 αὐτὴν
2568 2465 2932 2534 ποθήσαντας.
2990 2466 3059 2520 Ἤ
3120 2462 3299 2537 ὥσπερ
3361 2463 3560 2541 βρέφος
3635 2455 3852 2534 περιϐε-

2150 2546 2433 2624 6λημένον
2508 2553 2843 2627 μαργαρίτας
2919 2555 3011 2608 καὶ
3095 2552 3361 2627 ἐνδύματα
3447 2552 3628 2625 τίμια,
3725 2552 3848 2605 ὅταν

2147 2642 2394 2715 πεινάσῃ,
2427 2642 2501 2704 ὠς
2560 2641 2711 2698 οὐδέν
2758 2644 3039 2719 λογίζεται
3086 2644 3119 2698 ἃ
3175 2648 3352 2720 φορεῖ,
3384 2641 3533 2697 ἀλλά
3577 2661 3854 2718 καταφρο-

2146 2735 2226 2783 νεῖ
2277 2728 2477 2800 αύτῶν,
2537 2729 2674 2801 ὅλην
2727 2728 2783 2786 δὲ
2836 2733 2936 2796 τὴν
3000 2732 3258 2805 μέριμναν
3320 2728 3439 2805 ἔχει
3488 2730 3563 2792 εἷς
3617 2730 3702 2783 τὸν
3735 2749 3841 2800 μα-

2149 2821 2272 2873 στὸν
2332 2825 2431 2888 τῆς
2480 2826 2714 2894 τροφῆς,
2743 2824 2859 2882 πῶς
2911 2821 2971 2875 τὸ
3030 2820 3172 2896 γάλα
3219 2815 3365 2894 λάϐῃ
3404 2837 3416 2849 ·
3468 2820 3525 2873 τὸ
3580 2817 3703 2872 αὐτό
3735 2836 3831 2887 μοι

2147 2910 2376 2987 λογίζου
2433 2912 2528 2966 κᾶν
2580 2916 2696 2973 τοῖς
2735 2916 3127 2984 πνευματικοῖς
3176 2912 3481 2986 χαρίσμασι
3506 2912 3597 2964 τοῦ
3653 2911 3783 2962 Θεοῦ
3812 2925 3824 2937 ·

2149 3002 2194 3073 ᾧ
2225 3004 2259 3071 ἡ
2289 2999 2414 3071 δόξα
2445 2999 2522 3063 είς
2550 3001 2678 3063 τοὺς
2719 3005 2938 3064 αἰῶνας.
2974 3003 3180 3075 ’Δμήν,

2786 3112 3033 3166 OMIAIA
3065 3110 3218 3183 Μς.

2149 3179 2309 3256 Περὶ,
2345 3187 2447 3256 τῆς
2513 3177 2775 3256 διαφορᾶς
2824 3185 2938 3256 Δτοῦ
3002 3202 3061 3236 τε
3125 3176 3308 3256 Ᾰόγου
3382 3183 3502 3256 τοῦ.
3545 3182 3701 3246 Θεοῦ,
3758 3176 3851 3256 xui

2219 3251 2315 3306 τοῦ
2368 3251 2540 3327 λόγου
2605 3251 2706 3307 τοῦ
2772 3253 3004 3325 κόσμου,
3070 3253 3161 3307 καὶ
3221 3251 3362 3306 πῶν
3452 3252 3649 3305 τέκνων
3753 3253 3852 3304 τοῦ

2221 3326 2374 3391 Θεοῦ,
2407 3321 2497 3377 καὶ
2529 3327 2635 3377 τῶν
2666 3321 3091 3379 τέκνωντούτου
3122 3327 3216 3379 τοῦ
3244 3325 3477 3396 κόσμου.

2221 3430 2294 3483 A'.
2355 3430 2417 3486 Ὀ
2473 3432 2570 3483 τοῦ
2629 3433 2761 3483 Θεοῦ
2818 3430 3011 3503 Λόγος,
3081 3430 3210 3491 Θεός
3270 3428 3402 3486 ἐστι.
3454 3428 3553 3483 Kui
3602 3429 3629 3483 6
3688 3426 3859 3504 λόγος

2148 3523 2245 3574 τοῦ
2293 3520 2526 3591 κόσμου,
2558 3518 2765 3592 κόσμος
2825 3518 2957 3577 ἐστί.
2993 3518 3188 3588 Πολλὴ
3246 3516 3303 3574 δε
3356 3516 3588 3596 διαφορά
3634 3518 3725 3572 καὶ
3759 3538 3857 3591 με·

2150 3609 2313 3676 σότης
2344 3609 2628 3682 τυγχάνει,
2659 3613 2756 3662 τοῦ
2784 3630 2842 3664 τε
2890 3608 3072 3683 Λόγου
3117 3612 3213 3663 τοῦ
3272 3612 3404 3663 Θεοῦ
3461 3607 3551 3662 καὶ
3608 3611 3705 3661 τοῦ
3765 3606 3852 3661 λό-

2149 3718 2248 3772 γου
2299 3701 2395 3751 τοῦ
2453 3697 2687 3771 κόσμου,
2730 3700 2821 3753 καὶ
2877 3703 2985 3754 τῶν
3032 3699 3233 3755 τέκνων
3291 3703 3385 3753 τοῦ
3441 3701 3576 3753 Θεοῦ
3624 3696 3854 3753 καὶτῶν

2149 3784 2350 3840 τέκνων
2419 3790 2513 3840 τοῦ
2579 3788 2811 3858 κόσμου.
2879 3789 3139 3842 Ἒκαστον
3224 3786 3327 3862 γὰρ
3413 3789 3653 3862 γέννημα
3736 3790 3856 3846 τοῖς

2154 3874 2315 3938 ἰδίοις
2346 3872 2487 3931 ἔοικε
2525 3882 2791 3951 γονεῦσιν.
2829 3878 2889 3932 Εἴ
2921 3876 3009 3931 οῦν
3060 3878 3280 3947 θελήσει
3336 3877 3398 3931 τὸ
3456 3879 3555 3930 τοῦ
3606 3876 3855 3947 Πνεύμα-

2151 3986 2243 4027 τος
2313 3966 2559 4041 γέννημα
2625 3964 2901 4022 ἐπιδοῦναι
2969 3967 3153 4021 ἑαυτὸν
3224 3966 3298 4028 είς
3368 3965 3458 4020 τὸν
3520 3962 3689 4039 λόγου
3754 3968 3853 4018 τοῦ

2152 4056 2385 4127 κόσμου,
2445 4055 2535 4111 καὶ
2592 4055 2659 4110 τά
2704 4056 2996 4131 πράγματα
3051 4062 3151 4124 τῆς
3208 4062 3331 4131 γῆς,
3392 4055 3481 4108 καὶ
3539 4055 3638 4121 τήν
3696 4050 3851 4123 δόξαν

2150 4150 2246 4199 τοῦ
2294 4145 2492 4206 αἰῶνος
2539 4146 2754 4214 τούτου,
2805 4147 3121 4201 θανατοῦται
3168 4146 3257 4199 καὶ
3329 4142 3657 4209 ἀπόλλυται,

2152 4256 2345 4291 παυσιν
2391 4232 2659 4306 ἀληθινὴν
2719 4240 2865 4304 ζωῆς
2919 4236 3090 4309 εὑρεῖν
3153 4236 3229 4307 μή
3281 4232 3592 4305 δυνάμενον.
3626 4237 3689 4287 Ἡ
3748 4231 3852 4307 γὰρ

2152 4323 2444 4387 ἀνάπαυσις
2510 4324 2674 4379 αὐτοῦ
2740 4324 2850 4378 ἐκεῖ
2914 4323 3080 4391 ἐστιν,
3174 4325 3289 4378 ὅθεν
3379 4322 3471 4376 καὶ
3573 4321 3849 4396 ἐγεννήθη.

2154 4412 2522 4487 Συμπνίγεται
2581 4413 2709 4490 γὰρ,
2776 4410 2850 4473 ὥς
2909 4434 3070 4487 φησιν
3133 4415 3160 4467 ὁ
3225 4412 3562 4486 Κύριος,καὶ
3610 4409 3848 4482 ἄκαρπος

2152 4503 2356 4579 γίνεται
2414 4503 2519 4557 ἀπὸ
2574 4506 2672 4557 τοῦ
2730 4503 2906 4577 Λόγου
2950 4507 3046 4557 τοῦ
3096 4507 3228 4558 Θεοῦ
3279 4504 3306 4556 6
3360 4503 3643 4577 βιωτικαῖς
3680 4512 3850 4578 φρον-

3727 4142 3853 4195 ἀνά-

337 4597 650 4664 detinetur,
683 4596 789 4651 hoc
823 4600 913 4651 est
944 4595 1118 4651 homo
1150 4595 1503 4666 mundanus,
1537 4598 1586 4653 si
1615 4596 1757 4654 velit
1790 4598 2038 4653 Verbum

2154 4594 2258 4647 τίσι
2308 4592 2694 4667 συνεχόμενος,
2754 4593 2844 4646 καὶ
2910 4593 3127 4667 γηῖνοις
3187 4589 3408 4664 δεσμοῖς
3459 4589 3847 4662 δεσμούμενος.

336 4688 435 4743 Dei
483 4688 705 4755 audire,
754 4687 1091 4753 suffocatur,
1144 4693 1196 4741 et
1243 4686 1401 4741 velut
1478 4688 1769 4760 quispiam
1834 4705 2037 4759 expers

337 4777 573 4833 rationis
639 4776 1038 4833 constituitur.
1132 4776 1458 4834 Assuefacti
1544 4778 1702 4832 enim
1755 4776 2033 4834 vitiorum

335 4864 646 4931 illecebris,
702 4864 799 4919 ubi
850 4865 921 4918 de
984 4864 1099 4920 Deo
1153 4864 1291 4935 quid
1369 4866 1684 4931 audierint,
1753 4870 2036 4937 tanquam

335 4953 531 5010 minus
593 4954 756 5008 suavi
822 4968 1086 5009 sermone
1153 4952 1392 5019 turbati,
1463 4955 1645 5010 animi
1696 4954 1865 5011 taedio
1913 4956 2037 5011 affi-

333 5043 593 5105 eiuntur.

412 5222 569 5279 146
599 5221 669 5275 II.
715 5220 804 5275 Ait
857 5235 1087 5292 quoque
1142 5219 1357 5276 Paulus
1397 5219 1674 5278 Animatis
1721 5222 1878 5278 homo
1925 5240 2038 5278 non

332 5313 565 5386 percipit
605 5325 669 5365 ea
698 5325 816 5380 quae
844 5313 972 5363 sunt
1002 5309 1261 5379 Spiritus,
1293 5310 1536 5365 stultitia
1563 5312 1712 5365 enim
1743 5314 1818 5365 est
1856 5311 1943 5365 illi
1969 5311 2033 5367 ⁸⁸.

334 5406 403 5459 Et
459 5400 746 5475 propheta
806 5398 1037 5469 inquit:
1120 5399 1314 5453 Factus
1379 5409 1457 5454 est
1514 5400 1625 5455 illis
1680 5416 1856 5456 sermo
1920 5401 2033 5467 Dei,

332 5496 498 5565 quasi
536 5494 787 5548 vomitus.
839 5489 1038 5559 Vides,
1076 5490 1267 5546 vivere
1314 5490 1453 5546 alibi
1486 5507 1600 5546 non
1633 5490 1827 5563 licere,
1859 5508 2033 5563 quam

400 5679 443 5715 ³⁸
476 5682 494 5735 I
528 5679 655 5736 Cor.
690 5693 755 5750 ιι,
789 5680 874 5734 14.

2148 4681 2419 4744 Ὡσαύτως
2492 4681 2519 4733 6
2579 4685 2811 4754 σαρκικῇ
2880 4681 3191 4754 προαιρέσει
3257 4680 3652 4753 κατεχόμενος,
3698 4696 3851 4730 τουτ-

2148 4770 2289 4826 έστιν
2354 4770 2637 4846 ἄνθρωπος
2692 4767 2767 4822 ὢν
2819 4768 3052 4842 κόσμου,
3103 4768 3189 4823 ἐὰν
3240 4768 3442 4841 θελήσῃ
3495 4767 3591 4821 τοῦ
3668 4766 3848 4839 Λόγου

2148 4864 2372 4916 ἀκοῦσαι
2442 4865 2539 4917 τοῦ
2608 4865 2762 4933 Θεοῦ,
2825 4863 3211 4935 συμπνίγεται,
3270 4860 3360 4915 καὶ
3414 4857 3594 4933 ὥσπερ
3670 4854 3848 4932 ἀλόγισ

2148 4952 2271 5013 στός
2308 4972 2390 5013 τις
2420 4951 2779 5006 καθίσταται·
2832 4949 3126 5011 ἐθισθέντες
3171 4951 3272 5023 γὰρ
3329 4954 3446 5010 ταῖς
3504 4955 3605 5017 τῆς
3660 4945 3848 5007 κακίας

2146 5040 2397 5103 ἀπάταις,
2432 5040 2632 5096 ὁπόταν
2664 5040 2785 5113 περὶ
2817 5044 2948 5095 Θεοῦ
2980 5039 3304 5111 ἀκούσωσιν,
3337 5038 3411 5100 ὡς
3442 5035 3603 5107 ἀηδεῖ
3652 5034 3849 5109 ὁμιλίᾳ

2146 5130 2640 5205 περιοχλούμενοι,
2670 5129 2764 5185 τὸν
2793 5133 2914 5184 νοῦν
2949 5126 3287 5199 ἀηδίζονται.

2219 5220 2294 5288 Β’,
2328 5218 2472 5289 Φησὶ
2507 5216 2562 5273 δὲ
2609 5219 2697 5274 καὶ
2757 5219 2783 5272 6
2832 5217 3069 5280 Παῦλος.
3130 5217 3383 5291 Ψυχικὸς
3434 5214 3491 5270 δέ
3564 5213 3851 5289 ἄνθρωπος

2147 5309 2210 5362 οὐ
2281 5306 2499 5387 δέχεται
2564 5309 2630 5364 τὰ
2695 5312 2791 5363 τοῦ
2860 5308 3223 5380 Πνεύματος·
3297 5306 3478 5381 μωρία
3542 5306 3644 5380 γὰρ
3704 5304 3852 5377 αὐτῷ

2144 5398 2299 5454 ἐστι⁸
2360 5399 2450 5453 καὶ
2504 5400 2532 5453 6
2586 5401 2876 5473 προφήτης
2930 5397 3096 5474 λέγει,
3145 5396 3388 5472 Ἐγένετο
3440 5395 3625 5456 αὐτοῖς
3666 5395 3692 5448 6
3748 5391 3851 5449 λό-

2142 5510 2240 5565 γος
2296 5494 2394 5547 τοῦ
2449 5493 2583 5546 Θεοῦ
2640 5490 2714 5553 ὡς
2773 5487 2986 5565 ἔμετος.
3046 5492 3224 5563 Ὁρᾷς,
3276 5486 3359 5543 ὅτι
3418 5491 3515 5560 ζῇν
3586 5482 3851 5564 ἀλλαχοῦ
