4130 6286
326 362 444 424 793

1585 358 1967 425 HOMILLE.
2012 396 2088 408 -
2133 357 2325 426 HOM.
2373 362 2576 429 XLVI.

3728 364 3844 430 ’794

321 499 423 554 οὐκ
468 494 765 572 ἐνδέχεται,
834 494 880 550 εἰ
951 497 1028 569 μή
1095 498 1213 551 καθ’
1282 497 1342 551 ὅν
1407 490 1629 562 ἕκαστος
1698 499 2016 574 γεγέννηται

2142 518 2200 557 ea
2253 519 2367 573 qua
2413 501 2664 574 quisque
2711 506 2884 560 natus
2933 508 3039 570 est,
3074 502 3485 569 ratione.Quin
3524 504 3697 561 etiam
3728 506 3823 562 ali-

322 586 507 662 λόγον.
566 586 672 642 Καὶ
725 584 920 660 ἑτέρως
968 583 1024 640 δὲ
1082 584 1369 642 ἀκουστέον
1425 588 1548 662 περὶ
1614 587 1833 645 τούτου.
1894 590 2019 647 Ἐὰν

319 676 490 749 ἐπιδῷ
547 676 731 731 ἑαυτὸν
791 676 866 739 είς
929 670 1247 749 μεταϐολὴν
1302 676 1479 733 ἐλθεῖν
1538 680 1566 733 6
1625 680 1876 754 σαρκικὸς
1926 678 2026 735 ἄν-

248 838 251 841 _
321 770 559 842 θρωπος,
617 768 945 837 ἀποθνήσκει
1022 769 1287 843 πρότερον
1367 768 1588 838 ἐκεῖθεν,
1637 770 1727 824 καὶ
1784 768 2025 845 ἆίκαρπος

316 856 521 931 γίνεται
580 856 685 912 ἀπὸ
747 864 845 926 τῆς
907 859 1174 932 προτέρας
1230 857 1439 929 ἐκείνης
1516 858 1569 913 ἐν
1643 862 1711 933 τῇ
1789 860 2025 933 πονηρίᾳ

319 950 485 1017 ζωῆς.
544 949 745 1021 ’Ὠσπερ
806 944 863 1001 δέ
928 946 980 1002 εἷ’
1018 969 1101 1010 τις
1130 950 1276 1021 νόσῳ
1313 948 1348 1018 ἢ
1380 953 1598 1024 πυρετῷ
1628 950 1944 1024 κατέχεται,
1977 949 2026 1004 εἷ’

314 1036 405 1091 καὶ
462 1036 525 1091 τὸ
586 1041 746 1109 σῶμα
807 1035 893 1090 ἐπὶ
951 1043 1052 1106 τῆς
1109 1037 1303 1108 κλίνης
1358 1036 1626 1114 ἔρριπται,
1673 1036 1841 1110 μηδέν
1873 1036 2025 1092 δυνά-

321 1147 478 1200 μενον
531 1124 920 1201 διαπράξασθαι
977 1132 1087 1181 τῶν
1145 1134 1243 1198 τῆς
1301 1135 1407 1205 γῆς
1461 1125 1781 1204 ἓργων,καὶ
1842 1129 2024 1190 ὂνοὺς

321 1218 434 1291 οὐχ
487 1218 779 1290 ἡσυχάζει,
867 1217 1284 1291 περισπώμενος
1369 1219 1458 1273 καὶ
1540 1222 1816 1291 μεριμνῶν
1898 1219 2019 1293 περὶ

319 1304 595 1381 ἐργασίας,
626 1305 716 1361 καὶ
755 1305 846 1359 τὸν
904 1307 1086 1380 ἰατρὸν
1148 1305 1412 1376 ἐπιζητεῖ,
1485 1305 1840 1362 ἀποστέλλων
1888 1307 2022 1383 πρὸς

322 1395 483 1449 αὐτὸν
539 1395 667 1457 τοὺς
717 1392 913 1472 φίλους
970 1395 1135 1449 αὐτοῦ
1168 1413 1180 1427 ·
1215 1395 1308 1449 τὸν
1377 1396 1538 1451 αὐτὸν
1596 1394 1798 1471 τρόπον
1848 1395 1938 1450 καὶ
1985 1397 2020 1465 ἡ

324 1485 479 1557 ψυχὴ
514 1483 619 1537 ἀπὸ
664 1490 765 1552 τῆς
821 1480 1177 1559 παραϐάσεως
1222 1490 1323 1553 τῆς
1372 1483 1621 1553 ἐντολῆς,
1673 1485 1724 1539 ἐν
1778 1484 2025 1555 ἀσθενείᾳ

324 1576 431 1627 τῶν
489 1574 675 1626 παθῶν
744 1577 1017 1649 γεγονυῖα,
1074 1574 1162 1628 καὶ
1222 1572 1414 1637 ἄτονος
1467 1578 1793 1645 καταστᾶσα,
1848 1595 2024 1649 προσ-

326 1661 603 1737 ερχομένη
682 1666 764 1734 τῷ
824 1662 1029 1735 Κυρίῳ,
1086 1662 1178 1718 καὶ
1250 1664 1594 1734 πιστεύουσα,
1652 1671 1752 1733 τῆς
1811 1663 2027 1736 ἀντιλή-

325 1754 469 1824 ψεως
526 1751 697 1807 αὑτοῦ
743 1752 1022 1831 τυγχάνει,
1073 1753 1163 1808 καὶ
1210 1753 1554 1827 ἀρνησαμὲνη
1602 1754 1701 1822 τήν
1760 1752 2022 1830 προτέραν

2132 595 2221 646 ter
2249 592 2320 646 de
2350 590 2459 647 hoc
2516 596 2606 646 est
2661 590 3041 649 audiendum.
3073 593 3132 648 Si
3181 593 3368 649 tradat
3415 609 3477 648 se
3523 593 3716 664 ipsum
3767 597 3836 651 ad

2132 681 2603 753 consequendam
2638 682 3013 738 mutationem
3064 682 3317 740 carnalis
3374 683 3549 741 homo
3600 685 3843 741 moritur

2134 773 2297 842 prius
2330 774 2469 842 illic,
2503 779 2559 828 et
2588 773 2978 829 infructuosus
3007 773 3257 829 efﬁcitur
3298 776 3475 845 priori
3522 775 3627 843 illi,
3663 792 3841 847 quam

2130 865 2190 919 in
2242 864 2509 935 privitate
2557 865 2837 931 traduxit,
2869 864 3005 918 vita.
3051 864 3554 927 Quemadmodum
3604 882 3741 937 ergo
3790 865 3839 921 si

2132 953 2261 1024 quis
2293 954 2492 1009 morbo
2524 958 2624 1008 aut
2654 953 2798 1008 febri
2839 953 3189 1019 detineatur,
3232 953 3365 1008 licet
3396 954 3456 1008 in
3488 955 3682 1009 cubile
3714 971 3842 1010 cor-

2133 1058 2239 1111 pus
2286 1042 2610 1113 projectum
2666 1042 2743 1097 sit
2800 1058 2915 1099 non
2973 1042 3168 1098 valens
3217 1043 3493 1113 perﬁcere
3539 1060 3687 1115 opus
3733 1045 3839 1099 ali-

2132 1134 2287 1203 quod
2348 1138 2663 1203 terrenum,
2707 1150 2823 1189 non
2894 1139 3087 1189 tamen
3143 1133 3387 1204 quiescit
3436 1134 3687 1201 animus,
3737 1136 3839 1189 sed

2131 1220 2449 1277 distractus
2507 1226 2564 1277 et
2610 1238 2823 1278 curans
2854 1239 2977 1293 quae
3011 1230 3145 1277 sunt
3176 1224 3521 1294 peragenda,
3550 1222 3839 1277 medicum

2130 1311 2395 1380 requirit,
2429 1311 2627 1366 missis
2658 1312 2729 1366 ad
2752 1328 2886 1367 eum
2918 1311 3122 1367 amicis
3154 1312 3280 1367 suis
3312 1329 3326 1367 :
3370 1313 3567 1367 eodem
3604 1327 3840 1383 quoque

2131 1399 2303 1453 modo
2342 1398 2537 1455 anima
2587 1400 3111 1472 transgressionem
3163 1400 3447 1467 mandati,
3477 1399 3536 1454 in
3586 1401 3839 1456 inﬁrmi-

2130 1492 2308 1543 tatem
2366 1488 2735 1544 aii‘ectionum
2794 1490 3044 1557 redacta,
3099 1497 3150 1544 et
3207 1489 3541 1560 languidior
3597 1490 3835 1559 reddita,

2131 1577 2229 1632 ubi
2261 1580 2566 1634 accesserit
2614 1579 2685 1634 ad
2736 1580 3046 1634 Dominum
3084 1582 3140 1634 et
3183 1579 3514 1641 crediderit.
3550 1579 3837 1636 auxilium

2134 1669 2204 1723 ab
2253 1683 2319 1723 eo
2386 1672 2810 1741 consequitur:
2857 1673 2916 1725 et
2960 1671 3259 1742 abnegans
3328 1672 3581 1741 priorem
3650 1670 3838 1741 pessi-

2138 1773 2283 1813 mam
2321 1760 2520 1825 vitam,
2555 1760 2688 1815 licet
2734 1760 2976 1831 antiqua
3024 1759 3367 1831 aegritudine
3407 1761 3739 1831 decumbat,
3781 1764 3839 1817 et

321 1840 583 1910 κακίστην
638 1842 806 1910 ζωήν,
857 1840 900 1894 εἰ
958 1843 1048 1895 καὶ
1105 1839 1156 1896 ἐν
1204 1846 1271 1915 τῇ
1324 1840 1532 1913 παλαιᾷ
1576 1843 1811 1915 ἀσθενείᾳ
1858 1844 2024 1899 κατά-

634 1930 648 1948 ἱ
722 1927 747 1951 ᾗ
841 1950 847 1951 ,
911 1927 922 1949 1
1095 1932 1109 1950 \
1175 1928 1199 1951 ν
1408 1939 1431 1949 υ
1510 1938 1536 1951 υ
1599 1940 1621 1950 ν
1691 1932 1704 1951 9
1809 1932 1855 1951 ’κ
1915 1936 1938 1951 Λ
1981 1934 1992 1951 1

2142 1856 2383 1918 nequeat
2441 1864 2616 1919 opera
2672 1848 2803 1903 vitas
2873 1865 3001 1905 vere
3068 1865 3387 1921 peragere:
3450 1849 3838 1905 nihilominus

322 1951 517 1994 κειται,
581 1930 656 2002 μή
720 1927 992 2005 δυναμένη
1051 1932 1119 1986 τὰ
1173 1928 1304 2008 ἔργα
1365 1939 1466 2002 τῆς
1510 1938 1657 2001 ζωῆς
1687 1932 1740 1987 ἐν
1798 1932 2030 2004 ἀληθείᾳ

324 2016 735 2093 διαπράξασθαι,
796 2019 923 2076 ἀλλ’
982 2021 1133 2094 ὅμως
1200 2022 1261 2075 τὸ
1322 2029 1653 2095 μεριμνῆσαι
1729 2024 1851 2097 περὶ
1928 2030 2029 2092 τῆς

326 2116 471 2179 ζωῆς
529 2108 807 2182 ἐμπόνως,
848 2111 911 2165 τὸ
967 2107 1225 2181 δεηθῆναι
1275 2115 1372 2166 τοῦ
1413 2111 1634 2185 Κυρίου,
1688 2114 1751 2168 τὸ
1796 2118 2026 2183 ζητῆσαι

323 2200 413 2255 τὸν
447 2197 705 2269 ἀληθινὸν
738 2198 921 2274 ἰατρὸν
952 2198 1070 2277 ἔχει
1097 2201 1186 2256 καὶ
1228 2198 1469 2257 δύναται.

395 2288 469 2345 Γ’.
522 2288 623 2342 Καὶ
678 2286 786 2361 οὐχ
843 2287 916 2350 ὥς
974 2292 1109 2351 τινές
1160 2310 1286 2365 φασι
1343 2287 1857 2353 κακοδιδασκαλίαις
1927 2292 2024 2347 ὑπ-

326 2377 612 2449 αγόμενοι,
680 2375 764 2430 ὅτι
821 2378 1061 2446 καθάπαξ
1125 2378 1381 2433 ἀπέθανεν
1443 2381 1470 2432 ὁ
1552 2382 1859 2454 ἅνθρωπος.
1933 2381 2023 2435 καὶ

328 2465 477 2529 ὅλως
506 2467 567 2521 ού
609 2464 829 2521 δύναταί
870 2489 920 2523 τι
982 2469 1177 2543 ἀγαθὸν
1223 2467 1596 2542 διαπράξαθαι.
1655 2472 1758 2527 Καὶ
1808 2472 1908 2546 γὰρ
1966 2471 2027 2526 τὸ

332 2557 529 2634 βρέφος
576 2557 672 2612 κᾶν
718 2555 886 2632 μηδὲν
938 2559 1101 2635 ἰσχύῃ
1149 2557 1588 2633 διαπράττεσθαι,
1621 2560 1655 2630 ἢ
1686 2566 1801 2623 τοῖς
1862 2559 2027 2625 ἰδίοις

326 2648 482 2702 ποσὶν
539 2644 715 2702 ἐλθεῖν
773 2649 908 2723 πρὸς
976 2649 1072 2717 τήν
1140 2649 1349 2723 μητέρα
1414 2647 1674 2724 ἀδυνατῇ,
1734 2650 1888 2723 ὅμως
1942 2672 2032 2704 xu-

327 2737 524 2807 λίεται,
583 2736 673 2791 καὶ
736 2738 857 2813 βοᾷ,
916 2738 1006 2793 καὶ
1070 2737 1249 2794 κλαίει
1311 2738 1601 2810 ἐπιζητοῦν
1660 2742 1759 2810 τήν
1801 2742 2029 2816 μητέρα.

326 2828 428 2882 Καὶ
482 2825 533 2882 ἐν
599 2826 780 2900 τούτῳ
842 2826 1269 2904 σπλαγχνίζεται
1326 2832 1361 2899 ἡ
1425 2832 1633 2905 μήτηρ,
1690 2830 1781 2884 καὶ
1847 2831 2031 2905 χαίρει

325 2918 711 2988 ἐπιζητοῦντος
760 2918 927 2986 αὐτὴν
976 2924 1075 2974 τοῦ
1123 2918 1325 2991 νηπίου
1377 2919 1429 2974 ἐν
1478 2922 1631 2991 πόνῳ
1706 2921 1796 2975 καὶ
1862 2942 2031 2997 κραυ-

326 3010 425 3081 γῇ,
474 3007 565 3061 καὶ
627 3005 1015 3070 ἆδυνατοῦντος
1082 3013 1179 3062 τοῦ
1250 3008 1480 3086 βρέφους
1550 3009 1692 3064 ἐλεῖν
1745 3011 1881 3082 πρὸς
1948 3011 2034 3064 αύ-

324 3097 450 3166 τήν,
492 3096 645 3168 ὅμως
696 3093 784 3150 διὰ
832 3098 931 3164 τήν
982 3095 1202 3165 πολλὴν
1247 3101 1343 3151 τοῦ
1391 3096 1610 3153 παιδίου
1663 3100 1911 3168 ζήτησιν,
1944 3100 2035 3154 αὐ-

326 3187 394 3255 τὴ
429 3187 464 3255 ἡ
524 3188 709 3258 μήτηρ
750 3185 1048 3261 ἀπέρχεται
1116 3186 1251 3259 πρὸς
1296 3187 1448 3256 αὐτὸ,
1507 3185 1609 3241 ὓπὸ
1649 3194 1750 3256 τῆς
1805 3190 1927 3263 περὶ
1971 3190 2033 3244 τὸ

2135 1952 2358 2004 curare,
2397 1953 2524 2007 quas
2577 1938 2649 1992 ad
2699 1938 2873 1993 vitam
2925 1939 3231 2009 pertinent,
3282 1937 3484 1993 sedulo
3543 1940 3837 2010 deprecari

2138 2026 2467 2094 Dominum,
2499 2030 2556 2082 et
2602 2026 2894 2097 inquirere
2935 2044 3135 2084 verum
3194 2028 3513 2097 medicum,
3555 2044 3618 2084 se
3667 2029 3839 2086 habet

2136 2120 2193 2171 et
2227 2120 2439 2187 potest.

2209 2289 2302 2344 Ill.
2363 2288 2434 2342 Et
2480 2304 2620 2357 non,
2655 2287 2726 2342 sit
2782 2287 2949 2344 aiunt
2994 2287 3233 2360 quidam
3278 2304 3514 2357 pervera
3569 2289 3837 2346 doctrina

2137 2376 2384 2445 seducti,
2420 2392 2658 2446 prorsus
2696 2380 2965 2432 mortuus
3004 2381 3090 2431 est
3128 2377 3325 2443 homo,
3360 2382 3424 2432 ut
3453 2378 3692 2432 omnino
3725 2394 3839 2433 non

2139 2465 2324 2536 possit
2380 2464 2699 2536 quidquam
2751 2464 2885 2521 boni
2938 2481 3231 2538 peragere.
3266 2467 3490 2521 Etenim
3522 2467 3737 2535 infans,
3768 2466 3848 2521 li-

2139 2559 2228 2609 cet
2259 2553 2403 2609 nihil
2437 2554 2621 2624 possit
2678 2555 2973 2626 perficere,
3008 2560 3109 2610 aut
3168 2556 3420 2627 propriis
3470 2557 3713 2626 pedibus
3756 2574 3850 2611 ac-

2140 2644 2341 2699 cedere
2388 2646 2455 2698 ad
2518 2649 2765 2699 matrem
2824 2652 3062 2714 nequeat
3117 2644 3501 2701 nihilominus
3565 2646 3837 2713 volvitur,

2140 2732 2353 2787 clamat
2383 2741 2435 2786 et
2479 2734 2687 2803 plorat,
2720 2733 3022 2804 inquirens
3067 2739 3346 2801 matrem;
3381 2751 3518 2808 erga
3547 2751 3679 2792 eum
3713 2752 3849 2792 sum

2142 2839 2234 2877 ma
2257 2822 2517 2897 lalﬁcitur
2565 2823 2964 2879 misericordia
3023 2829 3227 2893 mater,
3258 2829 3316 2879 et
3372 2826 3588 2897 gaudet
3628 2826 3697 2880 dc
3754 2824 3850 2878 in-

2142 2888 2315 2978 fante,
2350 2920 2640 2982 quaerente
2682 2926 2741 2967 se
2787 2928 2918 2967 cum
2965 2912 3160 2968 labore
3205 2917 3263 2967 et
3309 2912 3598 2979 clamore;
3630 2917 3850 2967 etcum

2142 3017 2254 3055 non
2315 3002 2495 3071 possit
2552 3002 2746 3056 infans
2792 3003 2860 3055 ad
2913 3017 3042 3056 eam
3092 3002 3411 3073 pervenire,
3469 3002 3849 3057 nihilominus

2142 3090 2213 3145 ob
2239 3090 2483 3146 multam
2526 3091 2689 3162 pueri
2722 3090 3183 3161 inquisitionem,
3217 3091 3344 3160 ipsa
3401 3098 3587 3146 mater
3625 3091 3743 3145 abit
3774 3091 3846 3146 ad

2140 3177 2332 3249 illum,
2366 3196 2564 3236 amore
2623 3181 2784 3251 pueri
2827 3186 3012 3249 capta,
3049 3182 3104 3234 et
3153 3180 3546 3250 amplectitur,
3608 3180 3856 3235 circum-

337 3275 532 3352 βρέφος
592 3276 809 3350 ἀγάπης
860 3258 1437 3351 γαίχμαλωτιζομένη,
1505 3278 1595 3332 καὶ
1659 3258 2029 3351 ἀναλαμϐάνει

2148 3269 2321 3336 fovet,
2349 3274 2524 3340 atque
2579 3269 2927 3324 alimentum
2978 3268 3193 3339 profert
3242 3284 3477 3323 summa
3533 3285 3669 3325 cum
3710 3268 3856 3325 dile-

331 3367 420 3420 καὶ
481 3365 825 3440 περιθάλπει,
883 3365 973 3420 καὶ
1029 3372 1362 3443 τροφοφορεῖ
1417 3367 1468 3421 ἐν
1529 3366 1719 3441 πολλῇ
1797 3373 2027 3444 στοργῇ.

330 3459 499 3510 Τοῦτο
537 3455 626 3509 καὶ
668 3456 695 3510 6
740 3452 1130 3531 φιλάνθρωπος
1173 3456 1303 3517 Οεὸς
1352 3461 1501 3510 ποιεῖ
1556 3456 1645 3511 ἐπὶ
1690 3460 1758 3522 τῇ
1800 3478 2036 3533 προσερο

330 3545 543 3620 χομένῃ
594 3543 683 3599 καὶ
734 3544 894 3600 αὐτὸν
932 3544 1270 3620 ἐπιποθούσῃ
1322 3548 1499 3621 ψυχῇ.
1550 3546 1742 3620 Πολλῇ
1787 3546 1843 3602 δὲ
1886 3547 2033 3620 μᾶλ-

330 3633 426 3690 λον
477 3632 635 3695 αὐτὸς
682 3633 857 3708 ἀγάπῃ
904 3633 1202 3713 φερόμενος
1254 3632 1540 3708 ἐνδιαθέτῳ
1587 3638 1678 3691 καὶ
1729 3635 1841 3709 ἰδίᾳ
1886 3656 2032 3712 χρη-

328 3722 549 3794 στότητι
607 3720 877 3778 κολλᾶται
939 3728 1009 3797 τῇ
1086 3720 1299 3796 διανοίᾳ
1372 3725 1562 3795 αύτῆς,
1634 3725 1725 3780 καὶ
1799 3725 2035 3801 γίγνεναι

330 3814 445 3886 μετ’
511 3812 681 3880 αὐτῆς
748 3812 823 3874 εἰς
879 3810 934 3865 ’ἐν
1002 3816 1237 3885 πνεῦμα,
1305 3814 1445 3867 κατά
1509 3815 1601 3869 τὸν
1670 3814 2035 3870 ἂποστολικὸν

328 3900 509 3973 λόγον.
574 3904 684 3965 Τῆς
754 3900 858 3974 γὰρ
899 3903 1086 3976 ψυχῆς
1135 3901 1499 3973 κολλωμένης
1551 3908 1631 3974 τῷ
1687 3903 1891 3977 Κυρίῳ,
1945 3904 2034 3958 καὶ

324 3992 421 4042 τοῦ
496 3988 701 4060 Κυρίου
780 3987 1083 4054 ἐλεοῦντος,
1142 3988 1231 4042 καὶ
1314 3990 1657 4063 ἀγαπῶντος,
1730 3990 2036 4065 ἐρχομένου

325 4099 382 4131 τε
422 4077 558 4151 πρὸς
606 4076 792 4146 αὐτὴν,
852 4076 942 4130 καὶ
995 4074 1358 4149 κολλωμένου
1402 4077 1560 4152 αὐτῇ.
1620 4080 1710 4133 καὶ
1757 4087 1856 4148 τῆς
1919 4078 2033 4135 δια-

325 4166 473 4229 νοίας
544 4166 738 4220 λοιπὸν
805 4166 1224 4239 παραμενούσης
1289 4164 1655 4230 ἀδιαλείπτως
1719 4172 1782 4223 τὸ
1849 4167 2036 4244 χάριτι

325 4261 422 4312 τοῦ
464 4255 689 4331 Κυρίου,
739 4253 815 4316 εἷς
860 4248 913 4309 ἔν
954 4259 1187 4328 πνεῦμα,
1238 4255 1327 4310 καὶ
1379 4256 1457 4318 εἷς
1512 4258 1638 4330 μίαν
1689 4264 1897 4333 κρᾶσιν,
1944 4260 2035 4313 καὶ

327 4346 402 4403 εἰς
439 4346 563 4418 μίαν
617 4342 858 4400 διάνοιαν
918 4344 1188 4420 γίγνονται
1249 4347 1283 4414 ἡ
1341 4346 1495 4419 ψυχὴ
1553 4347 1643 4401 καὶ
1698 4348 1725 4400 6
1787 4348 1984 4424 Κύριος
2019 4371 2032 4384 ·

326 4436 416 4491 καὶ
473 4437 535 4491 τὸ
584 4438 745 4508 σῶμα
798 4435 969 4504 αὑτῆς
1019 4434 1326 4510 ἐρῥίπτεται
1367 4433 1419 4489 ἐν
1466 4439 1534 4509 τῇ
1586 4440 1682 4513 γῇ,
1731 4438 1817 4492 καὶ
1851 4440 1885 4507 ἡ
1919 4435 2034 4493 διά.

326 4546 447 4580 νοια
499 4523 668 4593 αὐτῆς
724 4522 828 4594 ὅλη
875 4521 925 4595 ἐξ
980 4521 1114 4577 ὅλου
1171 4528 1241 4597 τῇ
1296 4521 1601 4597 ἐπουρανίῳ
1672 4526 2038 4601 Ἰερουσαλὴμ

2148 3359 2383 3416 ctione:
2417 3362 2525 3416 hoc
2571 3361 2766 3432 ipsum
2825 3359 3115 3431 benignus
3174 3376 3408 3430 quoque
3456 3361 3608 3414 Deus
3632 3360 3767 3415 facit
3798 3361 3855 3415 in

2149 3450 2345 3505 anima
2375 3450 2445 3504 ad
2476 3466 2611 3505 eum
2643 3450 2969 3516 accedente,
3002 3454 3060 3505 et
3090 3449 3218 3519 ejus
3252 3450 3539 3504 desiderio
3572 3450 3806 3505 detenta
3838 3465 3853 3503 :

2147 3539 2315 3610 longe
2371 3557 2503 3596 vero
2560 3541 2770 3611 majori
2826 3539 2953 3611 ipse
3010 3539 3123 3595 sibi
3180 3538 3360 3594 insita
3417 3539 3746 3608 dilectione,
3797 3542 3852 3594 et

2148 3629 2381 3702 propria
2439 3630 2791 3703 benignitate
2839 3630 3069 3699 doctus,
3128 3628 3471 3684 adhaerescit
3533 3628 3857 3684 intellectui

2145 3720 2293 3790 ejus,
2327 3728 2379 3774 et
2410 3719 2602 3773 evadit
2646 3735 2776 3773 eum
2811 3716 2908 3772 illa
2951 3720 3011 3772 in
3058 3734 3235 3772 unum
3279 3716 3541 3788 spiritum
3586 3718 3650 3788 ⁸9,
3676 3718 3846 3787 juxta

2147 3824 2478 3863 sermonem
2538 3809 2944 3879 apostolicum.
2976 3808 3037 3862 Si
3090 3807 3246 3862 enim
3305 3808 3594 3862 adhaereat
3651 3807 3848 3864 anima

2147 3896 2417 3964 Domino,
2442 3901 2498 3951 et
2530 3896 2817 3951 Dominus
2850 3896 3249 3950 misericordia
3266 3904 3317 3949 et
3341 3895 3619 3950 charitate
3654 3901 3846 3952 motus

2147 3986 2379 4040 accedat
2427 3987 2496 4040 ad
2547 4001 2697 4048 eam.
2746 3989 2805 4039 et
2846 3985 3125 4054 jungatur
3166 3984 3241 4051 ei,
3291 3988 3465 4055 atque
3515 3984 3851 4041 intellectus

2145 4076 2381 4129 tandem
2434 4078 2772 4146 permaneat
2809 4073 3201 4129 indesinenter
3258 4074 3316 4129 in
3366 4073 3555 4144 gratia
3604 4074 3847 4143 Domini,

2148 4163 2203 4217 in
2265 4179 2445 4218 unum
2496 4162 2793 4232 spiritum,
2844 4167 2902 4217 et
2948 4162 3006 4216 in
3065 4178 3249 4216 unum
3300 4166 3851 4232 temperamentUm,

2146 4253 2289 4310 etin
2350 4271 2531 4309 unum
2590 4252 2948 4309 intellectum
3007 4252 3259 4307 evadunt
3308 4252 3505 4307 anima
3560 4261 3615 4306 et
3664 4253 3856 4307 Domi-

2146 4361 2258 4400 nus
2293 4361 2306 4397 :
2342 4350 2515 4414 atque
2558 4359 2767 4413 corpus
2797 4344 2925 4413 ejus
2971 4344 3031 4397 in
3069 4350 3280 4397 terram
3329 4343 3651 4413 projicitur,
3686 4359 3851 4400 mens

2146 4448 2279 4488 vero
2329 4438 2448 4488 tota
2492 4431 2661 4503 plane
2706 4431 2766 4485 in
2817 4431 3003 4486 caalesi
3062 4430 3390 4486 Jerusalem
3442 4436 3725 4496 versatur,
3777 4432 3849 4487 ad

2147 4523 2381 4577 tertium
2439 4521 2649 4577 ccelum
2700 4536 2887 4592 usque
2933 4520 3272 4587 ascendens,
3314 4524 3491 4591 atque
3538 4520 3850 4589 conjuncta

325 4615 690 4684 πολιτεύεται,
768 4610 876 4675 ἕως
952 4613 1138 4687 τρίτου
1198 4614 1434 4689 οὐρανοῦ
1512 4613 1881 4689 ἀνερχομένη,
1947 4619 2029 4673 καὶ

2148 4612 2417 4680 Domino,
2449 4612 2567 4668 illic
2590 4612 2889 4669 ministrat
2919 4611 2990 4668 ei.

327 4703 661 4774 κολλωμένη
693 4707 773 4774 τῷ
813 4702 1016 4778 Κυρίῳ,
1044 4704 1198 4758 κάκεῖ
1220 4701 1547 4759 διακονοῦσα
1576 4704 1742 4776 αὐτῷ.

399 4792 473 4847 Δ’.
526 4791 624 4845 Καὶ
676 4789 835 4855 αὐτὸς
889 4791 942 4845 ἐν
992 4796 1070 4864 τῷ
1121 4791 1297 4867 θρόνῳ
1358 4796 1458 4866 τῇς
1526 4792 1915 4869 μεγαλωσύνης
1982 4794 2033 4849 ἐν

333 4878 578 4954 ὑψηλοῖς
615 4879 996 4951 καθεζόμενος,
1031 4880 1156 4955 ἐντῇ
1187 4879 1494 4957 ἐπουρανίῳ
1523 4880 1707 4956 πόλει,
1739 4882 1869 4946 ὅλος
1898 4884 2033 4959 πρὸς

327 4966 497 5037 αὒτήν
550 4966 603 5022 ἐν
645 4970 727 5038 τῷ
774 4966 987 5040 σώματι
1035 4967 1202 5039 αὐτῆς
1255 4968 1385 5029 ἐστι.
1423 4972 1527 5039 Τὴν
1591 4972 1688 5044 μὲν
1731 4972 1830 5047 γὰρ
1861 4971 2032 5042 αὐτῆς

329 5057 506 5114 ετ“κόνα
521 5055 755 5111 τέθεικεν
780 5053 888 5110 ἅνω
919 5055 971 5110 ἐν
1000 5061 1069 5130 τῇ
1092 5057 1400 5133 ἐπουρανίῳ
1420 5057 1583 5114 πόλει
1614 5061 1719 5115 τῶν
1748 5061 1917 5134 ἁγίων
1939 5064 2035 5119 Ἰε-

330 5144 627 5222 ρουσαλήμ
656 5162 671 5177 ⁸
705 5146 804 5214 τήν
838 5141 894 5199 δέ
946 5142 1087 5199 ῗδίαν
1120 5146 1298 5201 εἰκόνα
1328 5151 1424 5203 τοῦ
1454 5146 1694 5225 ἀῤῥτςτου
1726 5152 1902 5226 φωτὸς
1933 5158 2031 5216 τῆς

330 5237 587 5308 θεότητος
639 5234 803 5290 αὐτοῦ
854 5235 1085 5290 τέθεικεν
1141 5234 1195 5290 ἐν
1244 5240 1325 5307 τῷ
1370 5237 1581 5308 σώματι
1633 5238 1821 5308 αὐτῆς.
1864 5240 2032 5303 Αὐτὸς

330 5327 469 5401 αὑτῇ
502 5324 743 5381 διακονεῖ
780 5323 830 5378 ἐν
871 5327 939 5399 τῇ
972 5329 1068 5379 τοῦ
1114 5324 1366 5397 σώματος
1398 5324 1595 5381 πόλει·
1626 5328 1850 5398 κάκείνη
1886 5326 2030 5402 αὐτῷ

332 5410 567 5467 διακονεῖ
615 5413 668 5467 ἐν
711 5415 781 5486 τῇ
830 5408 1136 5486 ἐπουρανίῳ
1193 5407 1376 5466 πόλει.
1425 5412 1574 5482 Δύτὴ
1650 5412 1807 5468 αὐτὸν
1861 5413 2027 5486 ἐκλη-

332 5500 633 5578 ρονόμησεν
715 5499 766 5556 ἐν
851 5499 1123 5576 οὐρανοῖς,
1187 5500 1277 5555 καὶ
1344 5500 1507 5564 αὐτὸς
1582 5499 2025 5575 ἐκληρονόμησεν

402 5676 450 5713 ⁸³
489 5677 512 5732 Ι
542 5676 671 5748 Cor,
705 5692 779 5746 tv,
814 5677 901 5733 17.

2218 4792 2307 4848 IV.
2360 4795 2484 4864 Ipse
2528 4808 2660 4849 vero
2709 4792 2767 4847 in
2815 4790 3020 4848 throno
3076 4790 3523 4861 magnificentiae
3569 4789 3629 4846 in
3662 4791 3848 4847 excel-

2144 4883 2226 4939 sis
2258 4884 2571 4950 sedens,in
2617 4883 2836 4939 cmlesti
2877 4882 3132 4947 civitate,
3165 4880 3399 4952 penitus
3456 4896 3591 4936 cum
3641 4880 3739 4937 illa
3789 4881 3847 4935 in

2142 4990 2381 5045 corpore
2411 4973 2538 5043 ejus
2568 4977 2697 5029 est:
2731 4972 3023 5044 siquidem
3071 4973 3201 5042 ejus
3258 4970 3570 5041 imaginem
3603 4971 3851 5026 colloca-

2141 5062 2222 5118 vit
2252 5079 2489 5118 sursum
2521 5063 2580 5123 in
2612 5061 2827 5117 ccelesti
2852 5062 3075 5117 civitate
3107 5065 3443 5116 sanctorum
3473 5061 3802 5115 Jerusalem
3830 5074 3843 5124 ;

2142 5151 2435 5223 propriam
2482 5167 2612 5207 vero
2665 5150 2979 5221 imaginem
3030 5150 3268 5205 luminis
3329 5149 3524 5205 arcani
3564 5154 3736 5219 atque
3768 5146 3849 5201 di-

2142 5241 2397 5297 vinitatis
2428 5258 2546 5297 suae
2595 5240 2896 5297 collocavit
2943 5241 3002 5296 in
3044 5256 3285 5312 corpore
3342 5241 3515 5310 ejus:
3552 5239 3675 5308 ipse
3725 5234 3837 5288 mi-

2142 5329 2352 5385 nistrat
2382 5330 2431 5385 ei
2462 5330 2520 5384 in
2544 5331 2775 5386 civitate
2795 5329 3083 5401 corporis:
3117 5329 3217 5384 illa
3261 5345 3390 5383 vero
3436 5328 3486 5381 ei
3538 5322 3836 5377 ministrat

2139 5418 2196 5472 in
2231 5419 2444 5475 cmlesli
2496 5419 2743 5475 civitate.
2779 5420 2906 5474 Htec
2957 5418 3115 5473 illius
3164 5416 3560 5472 haereditatem
3606 5411 3728 5465 adit
3778 5410 3836 5464 in

2137 5508 2314 5576 coelo;
2358 5508 2456 5566 ille
2522 5525 2655 5566 vero
2711 5510 2894 5565 cernit
2949 5510 3071 5578 ejus
3114 5506 3512 5561 haereditatem
3555 5501 3617 5556 in
3675 5505 3842 5554 terra.

3712 5900 3849 5983 ,μιν
