4130 6286
325 377 442 441 795

1659 377 1724 435 S.
1774 371 2098 434 MACABII
2147 365 2490 435 .EGYPTII

3724 378 3844 444 796

324 519 610 576 Dominus
660 518 817 573 enim
874 517 1180 573 haereditas
1233 515 1296 569 ﬁt
1340 513 1570 579 animis,
1599 515 1656 568 et
1681 511 1873 566 anima
1913 510 2027 565 ha:-

2150 508 2315 580 αύτήν
2350 508 2439 564 ἐπὶ
2496 517 2618 586 γῆς.
2679 511 2740 568 Ὁ
2798 510 3000 586 Κύριος
3066 514 3168 588 γὰρ
3222 513 3572 589 κληρονομία
3607 515 3846 592 γίγνεται

323 609 537 664 reditus
570 608 634 663 ﬁt
664 606 918 663 Domini.
967 607 1022 660 Si
1074 605 1287 660 etenim
1342 607 1706 674 peccatorum
1763 599 1822 654 in
1871 605 2028 656 tene-

328 699 448 755 bris
497 701 794 771 agentium
853 697 1182 752 intellectus
1245 705 1296 750 et
1357 712 1523 750 mens
1573 700 1690 749 tam
1753 690 2032 763 procula

327 805 568 862 corpore
619 790 818 844 abesse
861 792 1070 858 potest,
1126 803 1191 840 ac
1240 784 1474 856 longius
1515 782 1890 856 peregrinari,
1941 786 2028 835 at-

325 896 436 950 que
494 879 549 932 in
620 879 958 932 remotiores
1038 875 1299 946 regiones
1380 874 1666 944 proﬁcisci
1732 875 2028 926 momento

325 967 478 1022 horae
510 967 676 1035 valet,
709 974 763 1020 et
820 979 1218 1035 saepenumero
1268 961 1467 1017 relicto
1502 963 1555 1016 in
1591 967 1742 1016 terra
1771 974 2027 1031 corpore,

324 1075 486 1113 mens
545 1058 604 1112 in
654 1055 766 1110 alia
810 1055 1044 1126 regione
1101 1070 1234 1108 cum
1288 1053 1496 1108 dilecto
1546 1053 1630 1107 vel
1691 1052 1878 1106 amica
1927 1066 2031 1104 sua

321 1147 498 1217 degit,
531 1152 588 1201 et
647 1145 767 1200 illic
823 1162 885 1199 se
935 1144 1129 1214 ipsum
1191 1145 1359 1216 quasi
1406 1144 1583 1198 vitam
1635 1142 1844 1213 degere
1899 1156 2040 1195 con-

323 1237 541 1307 spicit:
605 1236 654 1290 si
716 1235 895 1306 igitur
938 1236 1086 1290 147
1144 1233 1461 1305 peccatoris
1523 1232 1717 1287 anima
1765 1235 1850 1285 est
1900 1232 2039 1284 adeo

322 1324 554 1382 subtilis
607 1329 663 1380 et
714 1324 982 1390 volatilis,
1015 1328 1084 1379 ut
1133 1340 1298 1379 mens
1344 1324 1473 1394 ejus
1516 1339 1630 1378 non
1664 1320 2038 1391 prohibeatur

323 1435 356 1473 a
388 1415 588 1488 procul
645 1414 868 1470 dissitis
927 1413 1314 1485 locis;multo
1377 1411 1561 1484 magis
1619 1411 1814 1467 anima
1861 1429 1892 1465 a
1923 1427 2034 1481 qua

324 1504 620 1562 sublatum
679 1509 768 1559 est
821 1503 1085 1559 velamen
1144 1504 1519 1559 tenebrarum
1579 1502 1791 1555 virlute
1845 1501 2031 1554 sancti

323 1593 594 1664 Spiritus,
629 1596 685 1647 et
732 1591 1046 1646 illuminati
1093 1596 1233 1646 sunt
1278 1588 1697 1645 intellectuales
1719 1589 1845 1658 ejus
1878 1585 2031 1642 oculi

324 1681 546 1737 lumine
605 1680 846 1748 cmlesli,
894 1687 952 1736 et
1022 1698 1147 1752 quas
1205 1681 1453 1735 liberata
1508 1684 1598 1735 est
1657 1679 1904 1750 perfecte
1961 1677 2031 1731 ab

324 1770 741 1828 afﬂictionibus
790 1770 1084 1834 obscenis,
1130 1773 1192 1824 ut
1243 1769 1460 1823 munda
1511 1767 1790 1822 beneﬁcio
1833 1767 2031 1837 gratia:

2137 600 2236 666 τῆς
2296 602 2502 674 ψυχῆς,
2571 599 2662 654 καὶ
2715 602 2748 669 ἡ
2811 603 2965 678 ψυχὴ
3033 601 3381 676 κληρονομία
3435 603 3672 680 γίγνεται
3749 611 3850 660 τοῦ

2140 690 2364 764 Κύρίου.
2393 690 2458 744 Εἰ
2509 691 2611 764 γὰρ
2660 696 2768 746 τῶν
2819 691 2870 746 ἐν
2919 693 3098 748 σκότει
3155 693 3498 767 ἁμαρτωλῶν
3540 697 3574 764 ἡ
3634 692 3850 752 διάνοια

2139 780 2227 834 καὶ
2269 781 2296 834 ὁ
2345 785 2472 844 νοῦς
2509 785 2764 836 τοσοῦτον
2822 780 3010 856 πόρῥω
3054 787 3152 838 τοῦ
3221 784 3471 857 σώματος
3543 786 3675 840 εἶναι
3747 785 3854 840 δύ-

2137 891 2309 938 ναται,
2383 871 2469 924 καὶ
2551 871 2760 944 μακράν
2819 869 3152 945 ἀποδημεῖν,
3221 874 3310 927 καὶ
3372 873 3446 934 εἷς
3507 875 3850 948 μακροτέρας

2138 956 2401 1033 πατρίδας
2459 957 2712 1014 ἀπελθεῖν
2773 960 2917 1034 ῥοπῇ
2971 959 3117 1035 ὥρας
3179 960 3378 1036 ἰσχύει,
3436 963 3528 1016 καὶ
3577 961 3853 1026 πολλάκις

2139 1046 2466 1121 ἐρριμμένου
2508 1048 2561 1102 ἐν
2612 1052 2680 1122 τῇ
2733 1052 2802 1123 γῇ
2853 1054 2949 1104 τοῦ
2993 1051 3268 1122 σώματος,
3310 1048 3581 1120 ἢδιάνοια
3611 1051 3662 1107 ἐν
3695 1053 3854 1126 ἑτέρᾳ

2137 1135 2354 1210 πατρίδι
2399 1138 2534 1212 πρὸς
2580 1138 2672 1192 τὸν
2720 1137 3029 1215 ἀγαπητὸν,
3080 1138 3114 1208 ἢ
3174 1141 3274 1208 τὴν
3335 1139 3618 1214 ἀγαπητὴν
3685 1143 3852 1197 αὗτοῦ

2138 1228 2418 1301 τυγχάνει,
2476 1227 2629 1281 κάκεῖ
2677 1229 2864 1282 ἑαυτὸν
2912 1229 2985 1291 ὡς
3044 1227 3402 1302 διαιτώμενον
3461 1233 3667 1306 καθορᾷ
3719 1248 3733 1262 ·
3804 1231 3857 1285 εἷ’

2141 1313 2229 1370 οὖν
2275 1318 2308 1385 ἡ
2351 1320 2445 1370 τοῦ
2494 1315 2828 1392 ἁμαρτωλοῦ
2872 1321 3025 1392 ψυχὴ
3070 1319 3214 1373 οὕτω
3255 1317 3464 1395 ἐλαφρά
3510 1341 3570 1375 τε
3616 1321 3705 1375 καὶ
3754 1320 3850 1375 εύ-

2138 1426 2356 1481 πτερος,
2408 1405 2546 1462 ὥστε
2599 1409 2690 1461 τὸν
2737 1412 2868 1462 νπῦν
2929 1409 3094 1463 αὐτοῦ
3165 1410 3239 1481 μὴ
3303 1406 3688 1482 ἐμποδίζεσθαι
3739 1409 3848 1465 ἀπὸ

2140 1500 2246 1552 τῶν
2295 1494 2572 1571 πόρρωθεν
2609 1496 2816 1558 τόπων,
2863 1495 3062 1569 πολλῴ
3113 1495 3328 1570 μᾶλλον
3396 1501 3430 1568 ἡ
3495 1501 3705 1574 ψυχης,
3781 1503 3848 1569 ἧς

2141 1585 2285 1659 ἤρθη
2335 1586 2396 1640 τὸ
2444 1584 2712 1659 κάλυμμα
2754 1591 2850 1641 τοῦ
2901 1587 3126 1649 σκότους
3161 1588 3262 1642 ὑπὸ
3301 1595 3399 1657 τῆς
3432 1585 3715 1662 δυνάμεως
3745 1594 3846 1644 τοῦ

2143 1677 2454 1748 Πνεύματος
2522 1680 2618 1730 τοῦ
2669 1677 2848 1751 ἁγίου,
2907 1675 2998 1731 καὶ
3075 1677 3448 1752 ἐφωτίσθησαν
3530 1680 3589 1732 οἱ
3661 1679 3846 1752 νεκροὶ

2142 1763 2418 1842 ὀφθαλμοὶ
2467 1765 2634 1829 αὐτῆς
2683 1761 2774 1820 διὰ
2810 1769 2906 1821 τυῦ
2965 1763 3285 1840 ἐπουρανίου
3336 1768 3536 1844 φωτὸς,
3584 1767 3673 1822 καὶ
3717 1765 3849 1822 ἐλυ-

323 1861 568 1926 reddita,
601 1865 722 1915 tota
761 1859 822 1914 in
879 1858 1097 1928 Spiritu
1134 1859 1188 1913 in
1232 1858 1391 1913 caelis
1434 1858 1732 1912 ministrat
1767 1855 2030 1922 Domino,

2147 1853 2324 1928 τρώθη
2383 1853 2606 1916 τελείως
2671 1855 2776 1909 ἀπὸ
2835 1859 2941 1910 τῶν
3001 1858 3186 1911 παθῶν
3267 1864 3366 1926 τῆς
3433 1856 3677 1929 ἀτιμίας,
3755 1857 3848 1910 καὶ

321 1956 378 2006 et
409 1955 527 2006 tota
552 1949 611 2004 in
643 1965 882 2020 corpore
914 1950 1088 2004 servit
1133 1949 1215 2003 illi
1249 1965 1262 2004 :
1296 1953 1354 2004 et
1399 1947 1458 2002 in
1513 1951 1738 2002 tantum
1771 1945 2037 2000 extendi-

321 2048 414 2096 tur
437 2039 754 2109 intellectu,
783 2043 846 2092 ut
912 2038 1034 2108 ipsa
1085 2039 1161 2092 sit
1202 2037 1414 2104 ubivis,
1448 2041 1524 2106 et,
1559 2037 1676 2104 ubi,
1712 2041 1768 2090 et
1797 2035 2034 2106 quando

319 2127 572 2193 libuerit,
606 2127 832 2182 Christo
861 2125 1172 2181 ministret.

395 2401 456 2454 V.
501 2399 617 2455 Hoc
660 2397 804 2454 dicit
853 2395 1210 2468 Apostolus:
1257 2395 1321 2452 Ut
1370 2392 1602 2448 valeatis
1649 2391 1868 2463 assequi
1911 2405 2036 2445 cum

321 2492 582 2547 omnibus
639 2490 864 2552 sanctis,
927 2501 1052 2558 quae
1096 2489 1166 2541 sit
1213 2484 1468 2549 latitudo,
1538 2489 1588 2538 et
1643 2481 1942 2552 longitudo,
1986 2488 2038 2535 et

317 2580 692 2652 profunditas,
723 2585 777 2633 et
814 2577 1146 2643 sublimitas,
1197 2589 1615 2646 cognoscereque
1655 2573 2035 2639 praeminen-

321 2673 429 2725 tem
460 2667 793 2739 cognitionis
841 2665 1184 2720 dilectionem
1227 2663 1458 2729 Christi,
1491 2667 1553 2716 ut
1602 2661 1950 2729 impleamini
1978 2665 2034 2714 in

319 2776 538 2817 omnem
564 2756 963 2828 plenitudinem
994 2756 1094 2811 Dei
1121 2753 1186 2808 9°.
1223 2752 1629 2824 Contemplare
1668 2767 1877 2806 arcana
1909 2766 2033 2821 my-

319 2850 500 2906 steria
540 2848 768 2914 animis,
799 2864 831 2900 a
875 2863 990 2916 qua
1047 2846 1236 2900 aufert
1295 2843 1580 2898 Dominus
1631 2839 2034 2896 incumbentes

323 2941 620 3004 tenebras,
649 2946 702 2994 et
761 2937 974 2992 revelat
1012 2951 1162 3002 eam,
1224 2939 1287 2988 ut
1337 2933 1620 2988 revelalur
1677 2932 1768 2999 ei;
1803 2947 1918 3002 qua
1950 2947 2036 2985 ra-

325 3031 484 3085 tione
534 3028 739 3083 dilatet
793 3036 847 3082 et
898 3027 1170 3080 extendat
1221 3023 1580 3096 prudentiam
1638 3023 1851 3076 mentis
1903 3021 2032 3090 ejus

323 3121 386 3176 in
437 3119 794 3184 latitudines,
822 3116 1242 3186 longitudines,
1278 3114 1704 3185 profunditates
1762 3115 1818 3166 et
1848 3109 2032 3164 subli-

321 3212 555 3266 mitates
625 3209 910 3263 universae
939 3206 1181 3262 visibilis
1246 3208 1303 3259 et
1361 3201 1672 3258 invisibilis
1729 3206 2026 3256 creaturis.

316 3303 584 3371 Magnum
636 3314 791 3369 ergo,
831 3301 887 3352 et
937 3296 1202 3351 divinum
1253 3310 1422 3365 opus,
1479 3298 1536 3348 et
1594 3291 2026 3356 admirandum,

319 3406 518 3445 revera
563 3392 652 3441 est
702 3387 918 3440 anima.
953 3385 1098 3440 Cum
1157 3385 1311 3439 enim
1370 3386 1591 3437 crearet
1631 3381 1816 3450 illam,
1849 3379 2026 3435 talem

319 3475 584 3534 condidit
617 3475 773 3528 Deus
803 3490 955 3538 eam,
989 3479 1051 3526 ut
1083 3474 1138 3525 in
1188 3477 1393 3525 natura
1442 3472 1571 3540 ejus
1603 3469 1828 3524 nullum
1870 3469 2027 3524 inse-

319 3569 471 3622 reret
530 3563 756 3625 vitium,
791 3563 890 3616 sed
941 3562 1012 3615 ad
1064 3559 1378 3629 imaginem
1441 3560 1724 3612 virtutum
1781 3559 2029 3625 Spiritus

317 3650 583 3711 condidit
630 3650 787 3704 illam
827 3663 839 3704 :
893 3649 1082 3718 posuit
1139 3649 1198 3700 in
1271 3663 1338 3701 ea
1388 3647 1539 3713 leges
1572 3647 1874 3710 virtutum,
1909 3647 2033 3700 dis-

326 3742 662 3806 cretionem,
716 3739 1045 3804 scientiam,
1098 3737 1492 3808 prudentiam,
1544 3736 1735 3804 ﬁdem,
1771 3736 2032 3791 dilectio-

323 3848 479 3898 nem,
557 3836 733 3902 atque
799 3839 1032 3884 caeteras
1096 3827 1340 3882 virtutes
1397 3827 1463 3881 ad
1536 3825 1848 3898 imaginem
1909 3825 2030 3896 Spi-

321 3922 490 3978 ritus.

389 4010 718 4067 VLAdbuc
775 4008 933 4065 enim
980 4007 1064 4064 vel
1114 4023 1269 4062 nunc
1327 4007 1385 4062 in
1445 4007 1708 4075 scientia,
1771 4006 2022 4078 pruden-

318 4103 753 4170 tia,dilectione
803 4104 858 4154 ot
917 4099 1028 4154 ﬁde
1073 4098 1380 4170 reperitur,
1415 4101 1471 4152 et
1522 4097 1928 4152 manifestatur
1979 4097 2026 4150 ei

317 4194 602 4250 Dominus
638 4209 650 4247 :
684 4191 892 4246 locavit
958 4189 1016 4244 in
1067 4205 1131 4244 ea
1190 4187 1570 4252 intellectum,
1619 4188 2028 4258 cogitationes,

316 4283 676 4340 voluntatem
725 4299 790 4336 ac
850 4286 1106 4336 mentem
1139 4280 1347 4334 ducem
1381 4279 1734 4349 praecipuum
1771 4294 1784 4334 :
1819 4279 2032 4333 consti-

316 4375 426 4428 tuit
484 4389 715 4443 quoque
772 4373 832 4427 in
874 4388 937 4426 ea
971 4371 1356 4442 multiplicem
1390 4370 1561 4425 aliam
1594 4368 1985 4424 subtilitatem
2016 4386 2028 4435 ;

321 4459 454 4516 fecit
494 4459 657 4514 illam
719 4457 885 4514 facile
944 4459 1240 4526 mobilem,
1300 4457 1617 4526 volatilem,
1675 4461 1732 4512 et
1791 4458 2036 4512 indefes-

321 4565 470 4607 sum.
505 4549 748 4604 Donavit
774 4547 880 4616 illi,
918 4553 978 4603 ut
1009 4549 1065 4601 in
1118 4552 1412 4602 momento
1465 4547 1548 4602 ire
1596 4552 1654 4600 et
1691 4545 1878 4601 redire
1909 4563 2034 4618 pos-

321 4639 414 4705 sit,
447 4643 503 4693 et
553 4642 744 4692 mente
777 4636 1112 4690 ministrare
1153 4636 1225 4705 ei,
1260 4641 1432 4706 prout
1462 4635 1713 4704 Spiritus
1753 4634 2025 4700 voluerit,

320 4732 494 4798 atque
563 4731 626 4781 ut
674 4725 911 4780 omnino
965 4727 1180 4788 dicam,
1234 4724 1447 4778 creavit
1503 4723 1662 4778 illam
1718 4722 1913 4789 talem,
1969 4726 2030 4776 ut

322 4816 451 4887 ipsa
480 4817 557 4870 sit
587 4833 798 4886 sponsa
830 4819 886 4870 et
933 4814 1088 4871 socia
1131 4815 1280 4884 ejus,
1314 4818 1378 4868 ut
1427 4814 1551 4884 ipse
1593 4829 1724 4870 cum
1761 4813 1860 4869 illa
1887 4830 2031 4869 con-

322 4909 694 4976 temperetur,
733 4913 786 4960 et
853 4921 1006 4961 unus
1064 4905 1316 4975 Spiritus
1374 4921 1506 4960 cum
1567 4920 1633 4960 eo
1684 4905 1803 4970 ﬁat,
1857 4906 2030 4961 utin-

325 4996 489 5068 quit:
525 4993 631 5063 Qui
679 4995 933 5051 adhaeret
979 4995 1228 5059 Domino,
1267 5010 1407 5049 unus
1449 4997 1681 5066 spiritus
1720 5003 1797 5052 est
1829 4996 1896 5052 9‘.
1927 4995 2031 5052 Cui

326 5084 512 5160 gloria
543 5084 605 5141 in
635 5084 846 5140 saecula
877 5081 1245 5139 saeculorum.
1279 5090 1486 5140 Amen.

890 5189 1196 5246 HOMILIA
1236 5190 1448 5246 XLVII.

537 5281 846 5356 Explicatio
867 5280 1171 5356 allegorica
1192 5281 1554 5350 quorumdam
1583 5284 1681 5339 sub
1708 5285 1820 5354 lege

1025 5354 1300 5422 factorum
1312 5393 1326 5408 .

396 5448 440 5504 Ι.
497 5445 693 5504 Gloria
751 5443 947 5510 Mosis,
981 5457 1153 5511 quam
1213 5441 1446 5512 gerebat
1515 5443 1573 5499 in
1635 5446 1799 5513 facie,
1859 5449 2030 5518 typus

323 5542 450 5596 erat
509 5553 655 5594 veris
713 5535 932 5607 gloria.
981 5532 1485 5600 Quemadmodum
1538 5535 1691 5591 enim
1749 5536 1866 5592 illic
1905 5537 2034 5595 fixis

393 5724 442 5760 9°
472 5721 685 5796 Ephes,
720 5738 805 5790 IlI,
843 5723 927 5780 19.
1004 5722 1047 5760 ⁹¹
1084 5726 1107 5780 Ι
1136 5725 1265 5782 Cor.
1301 5739 1378 5790 vr,
1409 5721 1497 5778 17.

2145 1941 2352 2015 καθαρὰ
2410 1939 2498 1996 διὰ
2554 1948 2652 2011 τῆς
2715 1943 2947 2017 χάριτος
2995 1944 3383 2018 κατειργάσθη,
3439 1941 3546 2013 ὅλη
3597 1941 3649 1998 ἐν
3691 1943 3856 2018 ούρα-

2145 2037 2261 2094 νοῖς
2311 2031 2362 2086 ἐν
2411 2031 2677 2104 πνεύματι
2731 2030 2971 2088 διακονεῖ
3023 2037 3103 2105 τῷ
3148 2035 3354 2108 Κυρίῳ,
3397 2035 3484 2087 καὶ
3532 2030 3638 2103 ὅλη
3682 2031 3730 2088 ἐν
3769 2037 3854 2104 τῷ

2937 2120 3028 2176 καί
3085 2127 3348 2177 τοσοῦτον
3405 2121 3857 2193 πλατύνεταιτῴ

2145 2210 2473 2283 φρονήματι,
2535 2208 2672 2263 ὥστε
2731 2215 3019 2288 πανταχοῦ
3099 2210 3261 2281 αὐτὴν
3327 2212 3505 2267 εἶναι’
3569 2212 3660 2267 καὶ
3712 2211 3852 2267 ὅπου

2149 2298 2425 2373 βούλεται,
2456 2298 2545 2352 καὶ
2576 2297 2702 2353 ἔνθα
2739 2299 2992 2372 βούλεται
3026 2296 3293 2355 διακονεῖν
3323 2305 3402 2372 τῷ
3433 2306 3673 2376 Χριστῷ.

2218 2392 2294 2446 Ε’.
2340 2389 2506 2444 Τοῦτό
2552 2412 2714 2467 φησιν
2756 2392 2782 2444 ὁ
2843 2390 3198 2454 Ἀπόστολος.
3240 2395 3352 2448 Ἵνα
3405 2391 3724 2468 ἐξισχύσητε
3753 2415 3849 2448 κα-

2143 2476 2400 2535 ταλαϐεῖν
2443 2479 2533 2534 σὺν
2594 2486 2725 2535 πᾶσι
2803 2486 2920 2545 τοῖς
2969 2482 3170 2556 ἁγίοις,
3236 2484 3288 2536 τί
3357 2482 3419 2537 τὸ
3488 2481 3718 2554 πλάτος,
3759 2485 3849 2538 καὶ

2151 2573 2347 2642 μῆκος,
2402 2571 2490 2624 καὶ
2540 2571 2700 2644 ὕψος,
2745 2571 2834 2626 καὶ
2887 2572 3077 2646 βάθος,
3137 2572 3338 2646 γνῶναί
3395 2592 3453 2627 τε
3529 2575 3629 2642 τὴν
3697 2574 3851 2648 ὓπερ-

3587 2664 3844 2738 Χριστοῦ,

2143 2747 2234 2804 ’ίνα
2300 2750 2632 2824 πληρωθῆτε
2707 2750 2783 2812 εἰς
2848 2755 2950 2805 πᾶν
3012 2752 3072 2806 τὸ
3141 2750 3425 2826 ηλήρωμα
3504 2757 3598 2807 τοῦ
3679 2758 3834 2810 Θεοῦ.

2147 2841 2434 2915 Θεώρησον
2493 2838 2704 2915 ἄρρητα
2764 2842 3038 2915 μυστήρια
3095 2845 3273 2916 ψυχῆ,
3313 2843 3380 2912 ἧς
3436 2841 3683 2914 περιαίρει
3716 2841 3829 2896 Κύ-

2147 2951 2261 3004 ριος
2317 2930 2378 2985 τὸ
2427 2929 2767 3004 ἐπικείμενον
2822 2932 3032 3004 σκότος,
3084 2932 3173 2986 καὶ
3235 2932 3601 2988 ἀποκαλύπτει
3643 2932 3823 3002 αὐτὴν,

2146 2122 2362 2193 σώματι
2401 2118 2640 2175 διακονεῖ
2690 2119 2834 2193 αὖτῷ
2869 2141 2880 2152 '

2147 2655 2457 2714 ϐάλλουσαν
2542 2663 2642 2729 τῆς
2734 2659 2983 2736 γνώσεως
3087 2661 3304 2736 ἀγάπην
3388 2665 3486 2718 τοῦ

2144 3020 2232 3076 xxi
2291 3019 2733 3075 ἀποκαλύπτεται
2789 3020 2924 3093 αὐτῇ
2960 3040 2972 3052 ·
3043 3025 3158 3082 πῶς
3216 3020 3477 3077 πλατύνει
3543 3021 3633 3076 καὶ
3684 3021 3838 3075 τείνει

2143 3111 2210 3164 τὰ
2277 3112 2600 3184 φρονήματα
2649 3113 2747 3164 τοῦ
2803 3110 2928 3172 νοὸς
3005 3111 3194 3180 αὐτῆς,
3265 3111 3341 3173 εἱς
3407 3111 3472 3166 τὰ
3521 3109 3723 3179 πλάτη,
3754 3110 3838 3164 καὶ

2149 3203 2323 3273 μήκη,
2376 3201 2462 3255 καὶ
2533 3201 2699 3275 βάθη,
2739 3203 2826 3256 καὶ
2891 3199 2999 3274 ὕψη
3060 3204 3236 3274 πάσης
3305 3205 3506 3275 ὁρατῆς
3565 3202 3652 3258 καὶ
3692 3204 3848 3277 ἀορά-

2140 3311 2238 3345 του
2297 3291 2544 3352 κτίσεως.
2617 3291 2767 3366 Μὲγα
2811 3290 2986 3345 τοίνυν
3039 3292 3125 3346 καὶ
3188 3294 3328 3347 θεῖον
3383 3287 3543 3368 ἔργον
3585 3293 3677 3347 καὶ
3722 3294 3852 3346 θαυ-

2146 3380 2345 3452 μαστὸν
2398 3378 2552 3441 ὄντος
2615 3377 2754 3434 ἐστὶν
2803 3381 2837 3448 ἡ
2889 3382 3064 3454 ψυχή.
3101 3382 3188 3437 Ἐν
3236 3381 3338 3456 γὰρ
3388 3385 3468 3452 τῷ
3511 3377 3851 3456 δημιουργῇ-

2144 3491 2230 3524 σαι
2269 3469 2460 3538 αὐτὴν,
2509 3470 2768 3540 τοιαύτην
2826 3467 3081 3541 ἐποίησεν
3147 3471 3173 3526 ὁ
3223 3471 3351 3534 Θεὸς
3417 3471 3608 3541 αὐτὴν,
3680 3473 3754 3534 ὡς
3799 3469 3852 3525 ἐν

2141 3565 2210 3634 τῇ
2275 3559 2426 3638 φύσει
2477 3557 2646 3628 αὐτῆς
2719 3562 2794 3632 μὴ
2837 3557 3059 3615 ἐνθεῖναι
3122 3563 3334 3631 κακίαν,
3397 3560 3544 3617 ἀλλά
3581 3562 3715 3617 κατά
3751 3564 3852 3630 την

3339 3650 3590 3722 ἐποίησεν
3657 3652 3821 3723 αὐτήν
3834 3695 3847 3707 .

2142 3741 2368 3810 Ἐθηκεν
2432 3739 2506 3800 εἰς
2559 3740 2728 3808 αὐτὴν
2796 3740 2997 3814 νόμους
3056 3742 3285 3815 ἀρετῶν,
3354 3739 3646 3816 διάκρισιν,
3716 3746 3854 3816 γνῶ-

2144 3650 2323 3704 εἶκόνα
2371 3654 2477 3704 τῶν
2529 3650 2732 3724 ἀρετῶν
2799 3656 2896 3706 τοῦ
2957 3653 3271 3726 Πνεύματος

2141 3851 2248 3899 σιν,
2300 3830 2580 3906 φρόνησιν,
2636 3829 2836 3900 πίστιν,
2884 3831 3121 3906 ἀγάπην,
3169 3833 3259 3888 καὶ
3314 3832 3411 3898 τὰς
3470 3833 3668 3896 λοιπάς
3738 3834 3854 3908 ἀρε-

2138 3921 2234 3981 τὰς
2267 3921 2400 3975 κατά
2429 3921 2527 3988 τὴν
2564 3919 2746 3975 εἰκόνα
2775 3925 2872 3976 τοῦ
2906 3921 3244 3994 Πνεύματος.

2214 4009 2308 4083 ς’.
2343 4010 2564 4084 Ἐτιγάρ
2604 4010 2690 4064 καὶ
2751 4012 2900 4065 νῦνὲν
2951 4015 3018 4084 τῇ
3071 4013 3284 4084 γνώσει,
3319 4012 3406 4066 καὶ
3451 4014 3726 4088 φρονήσει,
3759 4010 3848 4066 καὶ

2143 4097 2345 4171 ἀγάπη,
2401 4098 2493 4151 xui
2563 4099 2740 4153 πίστει
2801 4097 3102 4173 εύρίσκεται
3159 4101 3250 4155 καὶ
3317 4105 3640 4180 φανεροῦται
3708 4102 3844 4173 αὐτῇ

2143 4186 2170 4239 ὁ
2204 4186 2402 4259 Κύριος
2437 4181 2669 4255 ’ἔθηκεν
2726 4187 2802 4248 εἰς
2849 4187 3018 4256 αὐτὴν
3080 4185 3345 4258 διάνοιαν,
3396 4188 3720 4266 λογισμοὺς,
3771 4186 3849 4243 θέ-

2144 4274 2318 4347 λημα,
2361 4280 2484 4330 νοῦν
2530 4277 2780 4350 ἡγεμόνα
2806 4295 2818 4309 ·
2882 4277 3211 4351 ἐνεθρόνισεν
3253 4278 3302 4334 ἐν
3360 4279 3497 4352 αύτῇ
3539 4281 3624 4334 καὶ
3667 4277 3845 4348 ἄλλην

2140 4364 2360 4435 πολλήν
2403 4364 2738 4436 λεπτότητα.
2770 4367 3055 4438 Ἐποίησεν
3101 4370 3268 4438 αὐτὴν
3319 4368 3620 4439 εὐκίνητον,
3653 4367 3842 4422 εὔπτε-

2143 4475 2258 4529 ρον,
2311 4453 2514 4511 ἆίκοπον
2548 4475 2560 4488 ο
2624 4455 2920 4532 ἐχαρίσατο
2953 4457 3088 4532 αὐτῇ
3120 4458 3180 4514 τὸ
3212 4456 3262 4513 ἓν
3294 4458 3440 4534 ῥοπῇ
3473 4455 3718 4537 ἔρχεσθαι
3750 4458 3843 4512 καὶ

2141 4543 2495 4618 ἀπέρχεσθαι,
2550 4544 2639 4601 καὶ
2685 4549 2802 4609 τοῖς
2849 4548 3162 4624 φρονήμασι
3211 4544 3478 4602 διακονεῖν
3521 4548 3690 4620 αὐτῷ,
3721 4542 3846 4600 ἔνθα

2061 4620 2199 4689 Πτὸ
2260 4639 2479 4708 Πνεῦμα
2541 4633 2818 4708 βούλεται,
2877 4636 2966 4690 καὶ
3027 4636 3358 4708 ἁπαξαπλῶς
3415 4632 3619 4693 ἔκτισεν
3673 4636 3838 4706 αὐτὴν

2137 4724 2419 4793 τοίαύτην,
2480 4721 2618 4778 ὥστε
2672 4724 2915 4799 γενέσθαι
2976 4727 3052 4789 εἰς
3105 4729 3321 4805 νύμφην
3380 4728 3470 4782 xui
3523 4727 3842 4794 κοινωνικὴν

2139 4815 2325 4886 αὐτοῦ,
2391 4820 2487 4870 τοῦ
2552 4815 2710 4870 αὐτὸν
2779 4818 2894 4889 μετ’
2984 4817 3153 4888 αὐτῆς
3244 4821 3555 4891 κεκρᾶσθαι,
3621 4817 3709 4873 καὶ
3791 4815 3845 4872 ἓν

2141 4910 2361 4979 Πνεῦμα
2394 4911 2506 4978 μετ’
2537 4904 2703 4961 αὐτοῦ
2747 4907 2908 4970 εἶναι,
2969 4907 3149 4969 καθώς
3208 4930 3392 4988 φησιν,
3454 4913 3509 4964 '0
3553 4905 3845 4981 κολλώμε-

2143 5016 2299 5069 μενος
2350 4999 2430 5066 τῷ
2486 4998 2689 5070 Κυρίῳ,
2747 4996 2806 5050 ἓν
2867 4998 3085 5070 Πνεῦμα
3139 4996 3298 5057 ἐστιν.
3355 4999 3422 5077 ᾮ
3481 4999 3515 5068 ἡ
3577 4995 3724 5068 δόξα,
3767 4996 3844 5058 εἷς

2139 5086 2264 5148 τοὺς
2297 5085 2499 5150 αἰῶνας
2538 5093 2645 5143 τῶν
2680 5087 2914 5146 αἰώνων.
2946 5091 3148 5162 Ἀμήν.

2786 5200 3034 5252 OMlAlA
3074 5198 3202 5254 MZ'.

2143 5281 2526 5360 Ἀλληγορικῆ
2597 5284 2965 5398 παράφρασιςε
3007 5291 3114 5340 τῶν
3191 5287 3294 5341 ὑπὸ
3365 5285 3539 5359 νόμον
3619 5303 3842 5361 γεγενη-

2903 5379 3098 5430 μιαν(ον-

2212 5450 2291 5503 Α’.
2326 5449 2389 5502 Ἡ
2423 5442 2549 5518 δόξα
2579 5446 2818 5509 Μωσέως
2853 5449 2917 5517 ἧν
2980 5448 3127 5523 εἶχεν
3171 5444 3224 5503 ἒν
3253 5452 3334 5518 τῷ
3389 5447 3692 5524 προσώπῳ,
3750 5451 3847 5502 τύ-

2143 5555 2246 5598 πος
2311 5536 2379 5605 ἧν
2436 5541 2538 5606 τῆς
2590 5533 2861 5607 ἀληθινῆς
2923 5533 3106 5610 δόξης.
3167 5539 3259 5593 Ὃν
3305 5538 3418 5612 γαπ
3473 5538 3678 5612 τρόπον
3741 5537 3854 5595 ἐκεῖ
