4130 6286
307 328 421 391 797

1552 327 1933 391 HOMILIIE.
1982 360 2059 373 —-
2105 323 2293 385 HOM.
2343 319 2576 383 XLVII.

3700 313 3817 379 798

304 458 542 515 ἀτενίσαι
574 457 649 520 είς
688 459 749 513 τὸ
796 456 1089 534 πρόσωπον
1134 458 1374 521 Μωσέως
1415 457 1485 513 06'
1526 459 1715 535 ἴσχυον
1766 460 1822 516 οἷ’
1872 462 2007 517 Ἰου-

2126 456 2307 515 oculis
2348 452 2562 510 intueri
2607 450 2833 507 vultum
2883 449 3061 505 Mosis
3115 466 3229 505 non
3282 449 3549 506 valebant
3605 450 3814 519 Judai,

307 545 472 617 δαῖοι,
517 549 659 605 οὕτω
689 553 777 603 νῦν
807 548 1011 619 ἐκείνην
1057 550 1156 617 τὴν
1201 546 1355 619 δόξαν
1414 554 1510 605 τοῦ
1554 550 1732 628 φωτὸς
1783 548 1834 605 έν
1886 554 2004 612 ταῖς

305 640 508 711 ψυχαῖς
578 634 832 711 δέχονται
890 638 940 692 οἱ
997 638 1331 711 Χριστιανοὶ,
1391 639 1480 692 καὶ
1530 639 1592 694 τὸ
1672 640 1864 698 σκότος
1927 639 2002 709 μὴ

304 726 462 801 φέρον
519 727 617 795 τὴν
698 728 871 799 αὐγήν
944 727 1040 781 τοῦ
1098 728 1278 803 φωτὸς
1336 725 1773 806 έκτυφλούμενον
1832 748 2005 806 φυγα-

303 812 533 873 δεύεται.
584 817 814 871 Ἐκεῖνοι
868 813 947 883 δὲ,
1015 815 1101 871 ὅτι
1154 815 1285 878 λαὸς
1318 820 1452 871 Θεοῦ
1491 818 1652 886 ἦσαν,
1685 817 1744 872 ἐκ
1780 822 1879 884 τῆς
1911 837 2006 870 πε-

303 915 537 983 ριτομῆς
587 906 863 987 ἐφαίνοντο
898 926 910 941 ο
968 906 1196 963 ἐνταῦθα
1249 905 1305 963 δὲ
1363 908 1389 963 6
1451 908 1579 969 λαὸς
1634 913 1730 962 τοῦ
1788 911 1921 962 Θεοῦ
1981 906 2008 958 6

302 998 633 1071 περιούσιος,
690 999 753 1053 τὸ
803 1002 1030 1071 σημεῖον
1083 1004 1183 1066 τῆς
1268 1005 1575 1071 περιτομῆς
1652 993 1865 1051 ἔνδοθεν
1938 999 2007 1067 τῇ

301 1086 497 1162 καρδιᾳ
561 1088 725 1144 αὐτοῦ
797 1085 1143 1163 ὑποδέχεται.
1205 1088 1469 1162 Μάχαιρα
1523 1087 1625 1162 γὰρ
1686 1086 2007 1161 ἐπουράνιος

304 1176 546 1249 ἐκτέμνει
602 1179 665 1233 τὸ
714 1180 966 1251 περισσὸν
1012 1182 1110 1232 τοῦ
1160 1182 1275 1247 νοῦ,
1325 1177 1572 1232 τουτέστι
1620 1177 1718 1245 τήν
1775 1178 2011 1247 ἀκάθαρ-

300 1287 395 1321 τον
454 1262 815 1341 ἀκροϐυστίαν
885 1274 985 1336 τῆς
1063 1266 1353 1341 ἁμαρτίας.
1416 1267 1551 1339 Παρ’
1615 1264 1837 1327 ἐκείνοις
1901 1268 2009 1339 βά-

302 1378 512 1431 πτισμα
541 1360 640 1427 τὴν
677 1357 847 1432 σάρκα
888 1357 1107 1431 ἁγιάζον
1139 1379 1149 1391 ·
1201 1358 1328 1430 παρ’
1370 1358 1505 1429 ἡμῖν
1550 1353 1606 1409 δὲ
1650 1354 1760 1410 ἐστι
1813 1356 2011 1429 βάπτι-

304 1467 415 1519 σμα
479 1446 640 1522 ἁγίου
699 1445 1011 1520 Πνεῦματος
1068 1447 1159 1501 καὶ
1224 1444 1393 1519 πυρός
1429 1464 1443 1480 ⁸
1520 1447 1682 1500 τοῦτο
1741 1445 1845 1519 γὰρ
1887 1444 2011 1515 ἐκή-

308 1537 456 1607 ρυξεν
550 1534 836 1604 Ἰωάννης,
915 1533 1089 1595 Αὐτὸς
1170 1535 1311 1607 ὑμᾶς
1402 1532 1651 1608 βαπτίσει
1733 1533 1783 1586 ἐν
1870 1532 2009 1607 ἁγίῳ

307 1622 579 1696 Πνεύματι
610 1625 697 1677 καί
720 1624 874 1697 πυρί.

376 1715 447 1770 Β’.
507 1714 654 1770 Ἐκεῖ
700 1718 873 1784 σκηνή
928 1712 1165 1787 ἐσωτέρα
1221 1713 1307 1767 καὶ
1361 1711 1611 1786 ἐξωτέρα,
1662 1711 1753 1766 καὶ
1804 1708 1880 1772 εἷς
1915 1711 2007 1782 μὲν

2115 548 2314 603 eodem
2366 545 2538 598 modo
2591 556 2747 595 nunc
2804 537 2967 593 illam
3018 537 3262 609 gloriam
3312 537 3459 592 lucis
3508 539 3565 593 in
3608 539 3819 594 animis

2118 636 2403 705 recipiunt
2481 628 2794 686 Christiani
2859 643 2872 682 :
2936 644 3001 683 ac
3071 626 3319 682 tenebrae
3390 644 3505 682 non
3572 628 3819 683 ferentes

2116 724 2482 797 splendorem
2547 720 2715 787 lucis,
2779 722 3073 773 occaecata;
3143 717 3438 786 fugantur.
3492 716 3667 772 Porro
3708 716 3817 784 illi,

2115 815 2265 884 quod
2298 817 2489 868 essent
2522 809 2768 882 populus
2800 808 2922 876 Dei,
2955 823 3022 861 ex
3051 806 3497 862 circumcisione
3546 823 3822 878 agnosce-

2119 904 2383 958 bantur:
2436 902 2604 955 modo
2681 914 2811 952 vero
2869 895 3118 967 p0pulus
3185 895 3287 949 Dei
3362 894 3693 965 peculiaris,
3745 895 3820 949 si-

2116 1008 2295 1063 gnum
2345 986 2805 1045 circumcisionis
2852 985 3014 1040 intus
3062 984 3121 1039 in
3167 985 3338 1038 corde
3389 1000 3492 1039 suo
3534 986 3814 1056 suscepit.

2117 1080 2359 1136 Gladius
2388 1081 2544 1135 enim
2593 1076 2843 1132 caelestis
2887 1078 3145 1144 amputat
3192 1072 3614 1128 abundantiam
3658 1090 3822 1129 men-

2120 1170 2211 1239 tis,
2263 1170 2371 1225 hoc
2419 1172 2527 1232 est,
2587 1167 2885 1236 impurum
2940 1164 3289 1234 praeputium
3356 1165 3592 1232 peccati.
3653 1165 3819 1234 Apud

2118 1259 2250 1315 illos
2295 1262 2418 1314 erat
2449 1256 2743 1327 baptisma
2785 1270 3018 1310 carnem
3071 1253 3481 1308 sanctificans:
3517 1252 3671 1322 apud
3714 1270 3820 1307 nos

2119 1366 2251 1404 vero
2282 1349 2577 1418 baptisma
2621 1345 2811 1401 sancti
2866 1344 3121 1415 Spiritus
3170 1348 3226 1398 et
3268 1343 3443 1414 ignis.
3497 1344 3614 1398 Hoc
3664 1344 3819 1397 enim

2120 1437 2452 1510 praedicavit
2498 1437 2756 1492 Joannes
2799 1450 2813 1488 :
2867 1435 2983 1505 Ipse
3030 1449 3123 1488 vos
3173 1432 3474 1503 baptizabit
3528 1434 3586 1487 in
3632 1439 3819 1487 sancto

2119 1531 2334 1602 Spiritu
2355 1535 2408 1583 et
2430 1527 2551 1598 igni
2580 1527 2646 1583 9’.

2192 1711 2261 1764 II.
2314 1708 2399 1764 Ibi
2452 1704 2889 1763 tabernaculum
2940 1703 3189 1759 interius
3241 1710 3294 1759 et
3332 1703 3617 1772 exterius;
3650 1706 3822 1774 atque

302 1802 400 1868 τὴν
443 1803 691 1875 πρώτην,
724 1798 814 1855 διὰ
869 1803 1067 1863 παντὸς
1108 1801 1353 1875 εἰσῄεσαν
1405 1801 1454 1854 οἱ
1512 1802 1695 1873 ἱερεῖς,
1756 1800 1851 1863 τὰς
1909 1797 2007 1853 λα-

2124 1801 2177 1854 in
2211 1798 2369 1864 prius
2414 1813 2647 1868 semper
2692 1795 3171 1865 ingrediebantur
3219 1795 3569 1859 sacerdotes,
3603 1792 3822 1849 cultum

303 1891 482 1963 τρείας
524 1888 901 1954 ἐπιτελοῦντες
933 1909 945 1924 ·
992 1890 1069 1951 εἰς
1109 1888 1166 1944 δὲ
1219 1892 1319 1958 τὴν
1381 1888 1654 1963 δευτέραν,
1714 1889 1850 1958 ἅπαξ
1915 1891 2010 1943 τοῦ

306 1978 547 2034 ἐνιαυτοῦ
604 1979 766 2052 μόνος
826 1980 853 2034 6
912 1978 1201 2054 ἀρχιερεὺς
1258 1980 1349 2032 σὺν
1404 1976 1619 2050 α’ίματι,
1676 1981 1843 2033 τοῦτο
1912 1975 2013 2048 δη-

306 2067 535 2131 λοῦντος
600 2074 696 2125 τοῦ
800 2069 957 2147 ἁγίου
1065 2069 1401 2141 ΙΙνεύματος,
1510 2070 1679 2141 μήπω

306 2160 511 2233 ρῶσθαι
558 2159 658 2227 τήν
726 2163 834 2213 τῶν
898 2157 1066 2232 ἁγίων
1129 2155 1276 2214 ὁδόν.
1334 2158 1594 2212 Ἐνταῦθα
1660 2155 1718 2211 δὲ
1776 2157 1827 2209 οἱ
1883 2176 2009 2211 κατ-

306 2246 613 2319 αξιούμενοι
645 2245 984 2323 εἰσέρχονται
1018 2246 1094 2311 εἷς
1140 2248 1241 2315 τήν
1290 2245 1724 2325 ἀχειροποίητον
1784 2246 2008 2315 σκηνὴν,

307 2337 444 2390 ὅπου
476 2334 799 2409 πρόδρομος
833 2337 965 2411 ὑπὲρ
1019 2337 1179 2409 ἡμῶν
1235 2334 1457 2404 εἶσῆλθε
1504 2335 1751 2407 Χριστός.
1804 2334 2011 2409 Γέγρα-

307 2444 436 2479 πται
484 2423 538 2480 ἐν
596 2429 675 2497 τῷ
716 2426 897 2497 νόμῳ,
927 2425 1021 2479 τὸν
1091 2425 1236 2500 ἱερέα
1290 2420 1476 2479 λαϐεῖν
1537 2421 1631 2478 δύο
1673 2425 2008 2498 περιστεράς,

306 2512 397 2568 καὶ
456 2516 610 2569 θῦσαι
672 2514 766 2586 μὲν
824 2515 923 2583 τὴν
1006 2514 1150 2586 μίαν,
1213 2514 1454 2586 ῥαντίσαι
1533 2510 1590 2567 δὲ
1661 2514 1759 2581 τήν
1833 2518 2006 2582 ζῶσαν

305 2603 411 2658 ἀπὸ
495 2608 594 2659 τοῦ
680 2602 906 2676 α’ίματος
1008 2604 1238 2674 ἐκείνης,
1338 2604 1427 2657 καὶ
1528 2602 1822 2671 ἀπολῦσαι,
1917 2604 2008 2658 καὶ

302 2690 562 2748 ’ίπτασθαι
628 2692 933 2769 ἐλευθέραν.
1018 2695 1086 2749 Τὸ
1170 2690 1227 2748 δὲ
1300 2690 1585 2770 γενόμενον
1677 2693 1845 2755 τύπος
1937 2695 2004 2763 ἧν

303 2784 391 2838 καὶ
444 2783 570 2839 σκιά
639 2791 740 2853 τῆς
803 2784 1106 2854 ἀληθείας.
1161 2782 1251 2839 καὶ
1300 2785 1405 2858 γὰρ
1454 2785 1480 2838 ὁ
1533 2785 1763 2858 Χριστὸς
1820 2783 2004 2856 ἐτυθη,

302 2873 502 2928 καὶτὸ
575 2875 712 2946 αἷμα
798 2873 961 2928 αὐτοῦ
1045 2873 1294 2947 ῥαντίσαν
1388 2876 1536 2945 ἡμᾶς
1632 2880 2005 2949 πτεροφυῆσαι

303 2961 586 3031 ἐποίησεν.
654 2960 864 3017 Ἔδωκε
913 2963 1013 3036 γὰρ
1061 2966 1197 3036 ἡμῖν
1242 2962 1508 3037 πτέρυγας
1560 2961 1719 3038 ἁγίου
1770 2961 2009 3034 Πνεῦμα-

301 3071 416 3115 τος,
477 3051 613 3125 πρὸς
672 3051 735 3105 τὸ
790 3048 1051 3105 ’ίπτασθαι
1117 3050 1418 3113 ἀκωλύτως
1474 3052 1549 3114 εἰς
1605 3052 1695 3105 τὸν
1746 3046 1875 3123 ἀέρα
1906 3058 2005 3119 τῆς

304 3141 587 3211 θεότητος.

1780 2088 2011 2143 πεφανε-

374 3208 462 3287 1".v
498 3228 755 3291 Ἐκείνοις
803 3227 969 3301 νόμος
1015 3225 1176 3299 ἐδόθη
1223 3228 1273 3282 ἐν
1307 3228 1469 3301 πλαξὶ
1503 3228 1881 3304 γεγραμμένος
1917 3229 2003 3284 λι·
2034 3208 2083 3274 C-

306 3319 498 3389 θίναις,
539 3322 674 3391 ἡμῖν
726 3317 782 3373 δὲ
839 3319 998 3391 νόμοι
1054 3320 1414 3392 πνευματικοὶ
1481 3318 1677 3389 πλαξὶν
1735 3318 2005 3398 ἐγγραφό-

306 3430 454 3482 μενοι
500 3406 721 3484 καρδίας
780 3410 1055 3483 σαρκίναις
1104 3426 1117 3439 ’
1179 3407 1327 3484 λέγει
1377 3410 1501 3485 γάρ,
1556 3406 1757 3472 Διδοῦς
1802 3409 2002 3482 νόμους

303 3519 408 3571 μου
467 3498 519 3553 ἐν
594 3496 837 3573 καρδίαις
889 3498 1088 3569 αὑτῶν,
1157 3500 1247 3554 καὶ
1300 3499 1387 3554 ἐπὶ
1431 3499 1523 3561 τάς
1601 3496 1840 3562 διανοίας
1902 3499 2006 3554 αῦ-

300 3594 408 3643 τῶν
480 3588 762 3665 ἐπιγράψω
828 3588 1043 3653 αὐτούς.
1114 3590 1346 3646 Κάκεῖνα
1416 3590 1508 3662 μὲν
1568 3589 1738 3645 πάντα
1802 3610 2004 3663 καταρ-

297 3679 537 3753 γούμενα
595 3681 681 3734 καὶ
735 3680 1037 3755 πρόσκαιρα
1071 3698 1083 3710 ·
1142 3686 1230 3735 νῦν
1283 3678 1340 3735 δὲ
1402 3678 1570 3735 πάντα
1626 3678 1674 3749 ἐξ
1746 3680 2003 3751 ἀληθείας

301 3769 376 3830 εἰς
429 3770 522 3824 τὸν
556 3767 660 3823 ἔσω
712 3767 997 3840 ἄνθρωπον
1044 3770 1436 3843 ἐπιτελούμενα
1471 3787 1485 3802 ⁶
1538 3768 1769 3840 διαθήκη
1820 3792 1877 3825 τε
1903 3772 2002 3843 γάρ

301 3854 523 3928 ἔσωθεν,
632 3860 723 3913 καὶ
808 3861 1165 3929 ἁπαξαπλῶς,
1242 3862 1380 3917 Ὅσα
1470 3859 1695 3921 ἐκείνοις
1781 3854 2001 3929 συνέϐη,

300 3952 542 4010 τυπικῶς
636 3947 873 4022 ἐγίγνετο
934 3968 947 3982 ·
1026 3948 1233 4026 ἐγράφη
1339 3947 1396 4003 δὲ
1478 3950 1615 4022 πρὸς
1726 3947 2003 4002 νουθεσίαν

303 4036 595 4110 ἡμετέραν.
637 4039 724 4106 Τῷ
769 4038 869 4110 γάρ
910 4031 1162 4109 Ἀϐρααμ
1214 4041 1468 4110 προεῖπεν
1503 4038 1529 4090 ὁ
1590 4037 1719 4098 Θεὸς
1774 4037 1837 4090 τὸ
1888 4034 2005 4089 ἐσό-

307 4146 488 4197 μενον,
546 4124 627 4179 ὅτι
692 4123 961 4199 Πάροικον
1019 4120 1167 4178 ἔσται
1223 4125 1287 4178 τὸ
1362 4121 1576 4197 σπέρμα
1652 4145 1747 4178 σου
1816 4124 1867 4179 ἐν

304 4214 403 4271 οὐκ
470 4212 601 4286 ἰδίᾳ,
668 4215 755 4269 καὶ
839 4215 1171 4282 κακώσουσι,
1238 4214 1327 4269 καὶ
1415 4212 1788 4269 δουλώσουσιν
1875 4213 2004 4269 αὐτὸ

301 4302 394 4376 ἔτη
452 4306 790 4379 τετρακόσια.
850 4304 1019 4360 Τοῦτο
1086 4304 1331 4380 ἐπλήρου
1388 4306 1490 4374 τήν
1546 4310 1646 4372 τῆς
1708 4309 1859 4366 σκιᾶς
1928 4306 2007 4359 εί-

301 4396 452 4453 κόνα.
510 4395 778 4468 Πάροικος
829 4397 933 4470 γάρ
980 4394 1191 4471 ἐγένετο
1238 4396 1266 4449 6
1314 4393 1466 4466 λαὸς,
1495 4396 1582 4449 καὶ
1616 4391 2001 4464 κατεδουλώθη

303 4485 407 4540 ὑπὸ
437 4489 543 4541 τῶν
576 4486 1019 4559 Αίγυπτίων,καὶ
1051 4482 1298 4554 ἕκακώθη
1332 4483 1383 4539 ἐν
1413 4484 1579 4555 πηλῷ
1608 4484 1695 4538 καὶ
1731 4482 2002 4554 πλινθείᾳ.

2120 1888 2274 1943 148
2324 1887 2586 1941 divinum
2628 1888 3001 1956 peragrantes:
3055 1883 3114 1937 in
3166 1884 3449 1937 secndum
3500 1886 3694 1937 autem
3739 1900 3825 1937 sc-

2118 1975 2233 2031 mel
2265 1977 2324 2030 in
2357 1993 2511 2031 anno
2552 1974 2714 2030 solus
2747 1972 3004 2042 pontifex
3041 1988 3174 2026 cum
3224 1970 3509 2039 sanguine
3555 1988 3568 2026 :
3603 1972 3709 2026 Hoc
3735 1973 3823 2026 si-

2115 2068 2407 2137 gniﬁcante
2445 2068 2628 2119 sancto
2661 2063 2901 2133 Spiritu,
2942 2061 3185 2116 nondum
3235 2060 3645 2129 manifestatum
3708 2076 3821 2115 esse

2115 2163 2430 2211 sanctorum
2461 2154 2605 2210 viam
2644 2152 2712 2207 93.
2744 2152 2845 2206 Hic
2889 2167 3044 2218 vero,
3094 2148 3194 2221 qui
3228 2154 3588 2216 meruerunt,
3622 2150 3821 2220 ingrc-

2115 2245 2359 2300 diuntur
2423 2244 2482 2298 in
2552 2259 2665 2298 non
2734 2241 3133 2296 manufaclum
3190 2239 3659 2305 tabernaculum,
3710 2254 3819 2309 quo

2117 2350 2447 2405 praecursor
2477 2350 2579 2404 pro
2610 2332 2781 2388 nobis
2811 2330 3029 2385 introiit
3077 2330 3359 2387 Christus.
3412 2329 3707 2397 Scriptum
3733 2333 3821 2384 est

2117 2425 2174 2479 in
2209 2424 2369 2495 lege:
2417 2424 2479 2480 Ut
2522 2423 2777 2478 sacerdos
2808 2421 3049 2489 accipiat
3092 2420 3221 2475 duos
3258 2419 3557 2483 columbas,
3590 2426 3644 2476 et
3675 2418 3820 2474 alle-

2115 2530 2239 2570 ram
2304 2515 2519 2585 quidem
2566 2517 2782 2581 mactet,
2848 2519 3102 2581 aspergat
3149 2531 3278 2569 vero
3326 2517 3504 2570 vivam
3555 2516 3822 2586 sanguine

2114 2608 2255 2679 ejus,
2288 2610 2335 2662 et
2367 2608 2611 2662 dimittat
2659 2608 2887 2664 liberam
2924 2610 3159 2666 evolare.
3197 2608 3403 2661 Verum
3438 2607 3590 2676 quod
3626 2606 3819 2672 ﬁebat,

2118 2700 2289 2769 typus
2357 2705 2476 2752 erat
2544 2701 2599 2752 et
2674 2699 2880 2755 umbra
2938 2697 3214 2754 veritatis.
3271 2695 3493 2751 Etenim
3553 2696 3819 2752 Christus

2115 2786 2458 2843 immolatus
2488 2792 2596 2855 est,
2639 2793 2695 2843 et
2753 2789 2995 2861 sanguis
3043 2790 3173 2858 ejus
3202 2804 3308 2843 nos
3339 2803 3653 2857 aspergens
3687 2785 3820 2841 fecit

2114 2880 2182 2930 ut
2221 2880 2601 2930 nascerentur
2649 2876 2847 2931 nosbis
2894 2876 3019 2932 alae.
3070 2876 3240 2931 Dedit
3289 2874 3443 2929 enim
3478 2875 3645 2929 nobis
3695 2873 3817 2928 alas

2112 2963 2369 3033 Spiritus
2399 2964 2585 3018 sancti
2621 2965 2691 3018 ad
2742 2964 3056 3020 volandum
3088 2965 3215 3021 sine
3246 2963 3363 3018 ullo
3396 2964 3816 3034 impedimento

2111 3053 2170 3106 in
2207 3068 2398 3108 aerem
2422 3052 2713 3110 divinum.

2196 3233 2290 3287 III.
2327 3232 2451 3287 Illis
2483 3233 2619 3288 data
2648 3238 2736 3290 est
2766 3233 2875 3301 lex,
2921 3234 2979 3289 in
3028 3233 3244 3289 tabulis
3293 3233 3509 3303 scripta
3538 3232 3813 3302 lapideis;

2116 3322 2285 3376 nobis
2314 3338 2447 3377 vero
2480 3322 2639 3394 leges
2661 3323 2999 3395 spirituales
3051 3323 3270 3378 tabulis
3301 3322 3491 3378 cordis
3524 3322 3819 3393 inscriptae

2120 3411 2367 3467 carneis.
2402 3411 2594 3483 Inquit
2640 3413 2797 3468 enim
2834 3430 2846 3467 :
2901 3415 3049 3469 Dans
3084 3413 3222 3483 leges
3265 3429 3415 3467 meas
3462 3414 3520 3466 in
3568 3410 3818 3467 cordibus

2114 3500 2363 3565 illorum,
2411 3506 2465 3555 et
2514 3502 2574 3555 in
2621 3503 2900 3557 mentibus
2948 3519 3134 3558 eorum
3171 3501 3472 3557 inscribam
3514 3517 3606 3556 eas
3654 3499 3717 3556 9“.
3751 3501 3818 3556 Et

2115 3589 2215 3643 illa
2240 3589 2475 3659 quidem
2509 3589 2704 3644 omnia
2724 3589 3111 3645 abolebantur
3126 3595 3185 3645 et
3207 3594 3584 3659 temporanea
3615 3592 3813 3643 erant:

2116 3695 2271 3734 nunc
2318 3684 2513 3734 autem
2554 3692 2765 3736 cuncta
2813 3696 2942 3735 vere
3002 3680 3061 3736 in
3103 3678 3361 3735 interiori
3412 3679 3650 3734 homine
3683 3694 3817 3748 per-

2117 3768 2391 3824 ﬁciuntur
2423 3784 2437 3823 :
2467 3773 2886 3825 testamentum
2929 3770 3085 3824 enim
3128 3769 3296 3823 etiam
3330 3776 3416 3823 est
3446 3768 3814 3836 intrinsecus,

2115 3862 2293 3928 atque
2332 3866 2393 3911 ut
2436 3857 2684 3913 breviter
2731 3859 2923 3913 dicam
2958 3874 2970 3913 :
3015 3859 3358 3928 Quaecunque
3424 3857 3815 3925 contingebant

2114 3948 2250 4014 illis,
2305 3948 2366 4000 in
2430 3946 2615 4014 ﬁgura
2662 3948 2865 4016 ﬁebant
2914 3965 2933 4002 :
2978 3951 3181 4018 scripta
3246 3962 3369 4002 vero
3429 3954 3558 4001 sunt
3594 3949 3815 4015 propter

2115 4035 2553 4092 admonitionem
2617 4037 2795 4093 nostri
2868 4037 2936 4093 95.
3006 4037 3253 4093 Abrahae
3324 4037 3479 4091 enim
3555 4036 3819 4106 praedixit

2120 4126 2271 4181 Deus
2332 4124 2617 4192 futurum,
2670 4142 2916 4197 nempe:
2969 4128 3169 4182 Semen
3220 4132 3377 4181 tuum
3405 4127 3509 4180 erit
3539 4125 3719 4179 incola
3758 4126 3817 4178 in

2116 4224 2264 4272 terra
2310 4231 2421 4271 non
2467 4232 2590 4283 sua,
2631 4222 2685 4271 et
2727 4218 2985 4286 afﬂigant
3042 4218 3199 4283 illud,
3250 4233 3313 4271 ac
3391 4217 3455 4271 in
3508 4216 3819 4270 servitutem

2115 4306 2369 4379 redigant
2418 4307 2855 4378 quadringentos
2884 4324 3056 4364 annos
3094 4307 3161 4361 9°.
3214 4307 3332 4362 Hoc
3382 4305 3661 4377 implebat
3682 4322 3818 4361 um-

2119 4403 2233 4458 brae
2276 4404 2613 4474 imaginem.
2666 4404 2969 4475 Siquidem
3004 4405 3193 4461 incola
3226 4404 3633 4475 fuitpopulus,
3674 4408 3731 4458 et
3760 4405 3819 4457 in

2117 4493 2457 4548 servitutem
2501 4494 2571 4549 ab
2619 4494 2905 4566 {Egyptiis
2945 4495 3234 4558 redactus,
3288 4498 3461 4564 atque
3492 4494 3551 4548 in
3598 4493 3718 4547 luto
3762 4497 3821 4549 et

302 4577 534 4647 ’Έστησε
581 4580 684 4651 γάρ
740 4576 923 4632 αὐτοῖε
977 4578 1181 4651 Φαραῲ
1240 4574 1655 4653 ἐργοεπιστάτας
1702 4576 1791 4630 καὶ
1853 4576 2007 4650 ἐργο-

2124 4580 2299 4637 latere
2331 4581 2581 4638 afﬂictus
2611 4582 2678 4638 ⁸⁷.
2698 4564 3065 4639 ίιίτευθοὶοὶλοῐ
3090 4584 3245 4639 enim
3272 4582 3389 4637 illis
3421 4583 3639 4637 Pharao
3673 4598 3819 4651 prae-

304 4662 681 4735 Sttbmatc,'iva
728 4669 1000 4737 ποιήσωσι
1032 4668 1098 4722 τὰ
1146 4664 1275 4742 ἔργα
1334 4664 1499 4722 αὺτοῦ
1558 4667 1692 4739 μετὰ
1747 4666 2006 4741 ἀνάγκης,

304 4754 395 4810 καὶ
451 4757 539 4810 ὅτε
596 4755 871 4827 ἐστέναξαν
935 4758 987 4813 οἱ
1045 4757 1152 4813 υἱοὶ
1212 4758 1435 4831 Ἰσραὴλ
1503 4759 1608 4814 ἀπὸ
1668 4763 1776 4815 τῶν
1835 4756 2009 4833 ἔργων

305 4844 441 4918 πρὸς
462 4843 554 4897 τὸν
588 4845 738 4913 Θεὸν,
772 4846 894 4899 τότε
932 4847 1263 4921 ἒπεσκέψατο
1320 4848 1514 4911 αὐτοὺς
1575 4846 1663 4903 διὰ
1719 4847 1957 4910 Μωσέως
1993 4867 2006 4882 ·

304 4936 395 4990 καὶ
436 4932 677 4997 πολλαῖς
740 4932 979 5007 πληγαῖς
1044 4939 1277 5006 πατάξας
1343 4940 1470 4999 τοὺς
1537 4938 1890 5014 Αἰγυπτίους,
1955 4937 2009 4993 ἐν

303 5027 382 5096 τῷ
416 5022 549 5097 μηνὶ
593 5026 699 5077 τῶν
746 5021 945 5090 ἀνθῶν,
988 5023 1075 5080 ὅτε
1123 5030 1340 5101 πρῶτον
1390 5027 1724 5105 ἐπιφαίνεται
1772 5029 1833 5083 τὸ
1891 5026 2012 5096 ἤδι·

305 5134 428 5169 στον
484 5108 600 5186 ἔαρ,
647 5114 746 5180 τῆς
803 5112 1167 5188 στυγνότητος
1232 5120 1328 5170 τοῦ
1394 5122 1673 5190 χειμῶνος
1740 5136 2013 5195 παρερχο.

310 5205 497 5277 μένης,
531 5202 700 5277 ἐξάγει
750 5202 944 5264 αὐτοὺς
974 5202 1022 5272 ἐξ
1058 5204 1356 5277 Αἰγύπτου.

381 5295 453 5349 Δ’.
486 5294 615 5349 Elite
662 5292 719 5348 δὲ
766 5295 794 5349 6
845 5294 973 5357 Θεὸς
1026 5298 1097 5366 τῷ
1144 5299 1386 5358 Μωυσεῖ,
1418 5294 1552 5370 ἄρνα
1602 5291 1788 5352 λαϐεῖν
1849 5294 2013 5368 ἄμω-

314 5402 437 5455 μον,
499 5384 588 5439 καὶ
657 5384 867 5461 σφάξαι,
936 5383 1027 5439 καὶ
1091 5382 1154 5438 τὸ
1220 5385 1362 5458 αἷμα
1436 5385 1600 5440 αὐτοῦ
1667 5385 1854 5460 χρῖσαι
1922 5383 2010 5440 ἐπὶ

382 5578 431 5613 οε
461 5580 661 5636 Matth.
699 5581 798 5650 ιιι,
844 5583 927 5639 u.

315 5582 431 5708 Ηυξ
461 5582 661 5636 Matth.
699 5582 798 5650 Ill,
844 5583 927 5639 11.
1007 5582 1050 5619 π
1092 5582 1259 5640 Hebr.
1294 5600 1371 5653 ιχ,
1411 5584 1463 5638 8.

1542 5584 1586 5619 ⁰⁴
1631 5584 1868 5657 Jerem.,
1916 5602 2068 5655 xxxx,
2100 5586 2189 5641 31.

2121 4672 2300 4727 fectos
2330 4677 2387 4727 et
2420 4672 2872 4729 stimulatatores
2905 4674 3119 4743 operis,
3172 4678 3237 4727 ut
3270 4672 3611 4743 perﬁcerent
3649 4686 3821 4741 opera

2118 4778 2226 4817 sua
2274 4763 2621 4819 necessitate
2656 4762 2904 4831 quadam
2940 4763 3140 4817 coacti.
3189 4763 3451 4833 Cumque
3482 4761 3822 4832 ingemisce-

2120 4859 2240 4906 rent
2274 4850 2377 4905 ﬁlii
2410 4852 2584 4907 Israel
2610 4853 2683 4907 ab
2715 4854 2988 4924 Operibus
3019 4853 3142 4908 suis
3160 4854 3244 4907 ad
3273 4852 3479 4918 Deum,
3532 4855 3655 4906 tum
3688 4851 3821 4905 visi-

2118 4941 2277 4995 tabat
2324 4956 2422 4996 eos
2479 4958 2579 5011 per
2618 4943 2835 4998 Mosem
2876 4959 2889 5010 ;
2924 4958 2990 4999 ac
3039 4943 3236 4999 multis
3296 4941 3482 5014 plagis
3539 4940 3822 5013 [Egyptiis

2118 5030 2438 5101 percussis,
2471 5046 2673 5086 mense
2722 5032 2953 5096 florum,
3006 5033 3242 5103 quando
3276 5033 3533 5103 primum
3582 5033 3824 5104 apparet

2120 5121 2587 5176 amoenissimum
2660 5138 2776 5191 ver,
2834 5122 3073 5179 tristitia
3140 5123 3352 5179 hiemis
3422 5126 3819 5194 praetereunte,

2121 5211 2316 5265 educit
2348 5227 2446 5267 eos
2478 5227 2544 5266 ex
2569 5213 2834 5283 Egypto.

2194 5300 2287 5354 IV.
2340 5301 2492 5355 Dixit
2539 5307 2731 5357 autem
2782 5304 2933 5359 Deus
2983 5303 3127 5360 Mosi
3163 5321 3176 5359 :
3213 5306 3278 5361 Ut
3321 5320 3528 5374 agnum
3556 5303 3822 5371 acciperet

2120 5386 2559 5458 immaculatum,
2593 5395 2644 5446 et
2672 5391 3023 5461 immolaret,
3067 5403 3118 5450 et
3147 5393 3421 5463 sanguine
3449 5392 3564 5460 eius
3597 5391 3821 5461 ungere!

2267 5586 2315 5621 9⁵
2343 5590 2365 5646 Ι
2394 5592 2524 5663 Cor,
2554 5610 2610 5661 x,
2646 5593 2732 5648 11.
2812 5592 2857 5628 ⁹⁸
2889 5594 3030 5648 Gen.
3072 5610 3164 5658 xv,
3202 5592 3288 5646 13.
3366 5593 3415 5627 9"
3445 5592 3624 5649 Exod.
3657 5608 3695 5659 ι,
3735 5589 3818 5654 11,

3798 5870 3943 5959 1""
