4130 6286
319 376 437 440 799

1655 358 1715 419 S.
1764 358 2098 419 MACARII
2145 360 2482 423 ίΕϐΥΡΤΙΙ

3710 365 3835 427 800

323 511 525 571 limina
553 516 602 565 et
627 508 794 579 fores,
818 519 888 559 ne
922 502 1018 574 qui
1046 498 1303 571 perdebat
1331 495 1705 568 primogenita
1733 494 2014 566 Egyptia-

2145 496 2236 547 τῶν
2305 493 2500 569 φλιῶν,
2571 493 2657 549 καὶ
2721 499 2831 549 τῶν
2895 496 3072 569 θυρῶν
3134 491 3228 551 ’ίνα
3297 514 3372 571 μη
3442 496 3471 551 6
3523 492 3840 572 ὀλοθρεύων

320 620 468 671 rum,
508 602 757 670 tangeret
805 611 891 652 eos
934 592 997 647 9‘.
1036 585 1442 660 Conspiciebat
1471 584 1628 640 enim
1664 582 1882 638 missus
1917 599 2021 638 an-

323 694 488 766 gelus
549 690 783 761 signum
868 680 1173 753 sanguinis
1237 676 1486 739 eminus,
1567 678 1622 729 et
1696 674 2020 731 recedebat.

328 764 772 855 ingrediebatur
820 790 952 832 vero
1009 771 1214 825 domos
1257 782 1369 821 non
1421 764 1705 835 signatas,
1754 769 1813 818 et
1852 778 2025 817 omne

330 869 776 942 primogenitum
824 857 1222 917 interﬁciebat.
1293 856 1574 910 Praeterea
1634 868 1863 923 quoque
1912 855 2025 921 [er-

326 965 569 1019 mentum
616 973 688 1012 ex
716 964 1039 1025 quacunque
1068 948 1224 1002 domo
1262 945 1431 1015 jussit
1467 943 1691 1008 aboleri,
1726 948 1779 995 et
1812 946 2023 995 macta-

327 1057 441 1107 tum
478 1063 683 1117 agnum
746 1059 869 1097 cum
920 1040 1132 1111 azymis
1197 1043 1249 1091 el
1296 1035 1520 1089 lactucis
1582 1031 1887 1101 agrestibus
1931 1045 2027 1085 co-

326 1140 537 1196 medere
574 1132 846 1207 praacepit
889 1131 954 1183 9°.
1005 1128 1074 1182 Et
1111 1125 1340 1197 quidem
1394 1123 1746 1177 manducare
1780 1136 1880 1175 eos
1908 1121 2031 1187 jus-

328 1233 423 1297 sit,
474 1224 889 1283 circumcinctos
946 1217 1187 1278 renibus,
1229 1218 1278 1269 et
1314 1212 1538 1284 pedibus
1602 1208 1870 1264 sandaliis
1908 1208 2025 1262 cal-

327 1326 522 1385 ceatos,
566 1314 782 1370 baculo:
825 1308 1077 1365 manibus
1128 1310 1389 1359 tenentes.
1443 1303 1511 1355 Et
1556 1300 1638 1355 ita
1685 1315 1819 1354 cum
1865 1298 2027 1352 omni

329 1406 696 1466 festinatione
746 1402 815 1457 ad
866 1411 1167 1469 vesperam
1220 1395 1388 1449 edere
1432 1392 1602 1461 jubet
1650 1389 1868 1444 Pascha
1915 1388 2025 1443 Do-

330 1499 489 1564 mini,
522 1511 623 1551 nec
656 1492 774 1548 ullo
808 1489 978 1545 modo
1023 1502 1157 1543 ossa
1204 1498 1401 1539 coram
1455 1480 1600 1536 facie
1630 1478 1858 1535 Domini
1890 1494 2025 1533 con-

331 1590 604 1659 fringere.

401 1656 477 1731 vI
502 1673 713 1729 Verum
745 1667 943 1724 eduxit
990 1682 1085 1721 eos
1112 1678 1247 1720 cum
1279 1663 1519 1732 argento
1551 1662 1609 1713 et
1647 1674 1789 1712 auro
1820 1656 1861 1725 ',
1895 1671 2028 1710 cum

328 1766 605 1839 jussisset
660 1762 864 1815 mutuo
915 1754 1176 1824 accipere
1240 1750 1561 1822 quemlibet
1599 1763 1632 1802 a
1672 1746 1859 1800 vicino
1925 1761 2030 1799 suo

332 1836 593 1928 Egyptio
632 1866 768 1904 vasa
821 1862 997 1902 aurea
1053 1847 1110 1897 et
1160 1844 1455 1912 argentea.
1488 1836 1717 1907 Egressi
1751 1839 1891 1890 sunt
1921 1851 2032 1889 au-

330 1922 564 2004 tem-ex
626 1941 888 2011 Egypto,
947 1948 1080 1990 cum
1141 1929 1391 2001 [Egyptii
1452 1926 1766 1999 sepelirent
1814 1922 2026 1993 primo-

330 2034 544 2109 genita.
583 2034 646 2084 Et
675 2010 791 2083 illis
835 2024 1068 2094 quidem
1120 2017 1495 2074 oboriebatur
1525 2014 1830 2086 gaudium,
1878 2010 2029 2081 quod

329 2099 556 2181 liberati
607 2122 801 2173 essent
844 2131 875 2167 a
922 2109 1192 2180 squalida
1227 2106 1505 2162 servitute
1557 2119 1571 2158 :
1625 2102 1716 2156 his
1764 2117 1896 2156 vero
1941 2099 2032 2153 lu-

332 2219 461 2271 ctus
493 2215 548 2266 et
578 2207 847 2278 planctus
880 2204 1111 2273 propter
1141 2196 1441 2251 interitum
1474 2192 1811 2247 liberorum.
1845 2190 2032 2254 Quare

335 2298 521 2371 inquit
564 2277 755 2351 Moses
800 2307 814 2345 :
877 2291 997 2344 Haec
1060 2292 1135 2340 est
1180 2299 1313 2348 nox,
1366 2284 1428 2336 in
1461 2296 1566 2352 qua
1628 2277 1903 2350 pollicitus
1953 2282 2033 2331 est

335 2367 477 2447 Deus
517 2402 570 2443 se
616 2382 1028 2451 redempturam
1072 2390 1189 2429 nos.
1244 2373 1373 2428 Haec
1431 2375 1623 2425 autem
1682 2367 1877 2422 omnia
1916 2381 2035 2436 my-

336 2479 577 2535 sterium
611 2477 751 2529 sunt
791 2470 995 2525 animae
1036 2481 1140 2537 per
1187 2465 1499 2518 adventum
1546 2456 1758 2514 Christi
1808 2456 2032 2510 redem—

337 2573 470 2639 ptae.
532 2560 705 2619 Israel
740 2555 1220 2628 interpretatione
1268 2551 1528 2606 redditur
1570 2550 1794 2603 animus
1844 2544 2033 2599 videns

337 2632 524 2711 beam.
577 2651 881 2705 Liberatur
927 2659 1063 2714 ergo
1113 2658 1147 2696 a
1191 2639 1467 2695 servitute
1523 2634 1913 2698 tenebrarum,
1962 2632 2033 2686 ab

336 2739 621 2815 Egyptiis
653 2734 978 2807 spiritibus.

409 2812 561 2891 149
624 2828 720 2883 VI.
790 2826 1105 2895 Postquam
1182 2817 1336 2876 enim
1415 2832 1516 2889 per
1586 2812 2034 2870 inobedientiam

340 2933 607 2982 mortuus
654 2922 743 2975 est
790 2916 965 2972 homo
1012 2911 1170 2985 gravi
1230 2913 1413 2964 morte
1472 2906 1701 2971 animis,
1752 2912 1806 2959 et
1855 2902 2035 2957 male-

338 3015 654 3072 dictionem
703 3022 875 3077 super
926 2999 1386 3059 maledictionem
1436 2994 1746 3065 suscepit:
1792 2992 2037 3047 Tribulos

331 3112 382 3162 et
423 3105 613 3176 spina:
666 3096 928 3170 producet
974 3092 1079 3147 tibi
1138 3098 1283 3145 terra
1324 3086 1365 3140 ².
1424 3086 1493 3140 Et
1552 3084 1766 3139 iterum
1820 3098 1834 3137 :
1882 3080 2034 3137 Cales

332 3174 559 3259 terram,
612 3193 662 3246 et
731 3202 840 3241 non
902 3181 1086 3245 addet,
1156 3186 1221 3234 ut
1276 3178 1517 3249 praebeat
1584 3174 1798 3243 fructus
1857 3185 2032 3226 suos:

333 3236 559 3259 .........,
612 3236 659 3246 --
1074 3236 1085 3245 ,
1276 3236 1287 3249 ,
1584 3236 1593 3243 ,

333 3283 637 3340 creverunt
667 3281 722 3333 et
753 3277 961 3331 exortae
1014 3274 1152 3326 sunt
1180 3268 1239 3323 in
1291 3272 1443 3322 terra
1473 3262 1663 3319 cordis
1690 3262 1817 3331 ejus
1849 3259 2030 3328 spinae
2073 3236 2115 3303 (ἶ

332 3376 389 3427 et
416 3368 638 3425 tribuli.
682 3365 1041 3419 Abstuerunt
1086 3358 1212 3427 ejus
1268 3354 1509 3427 gloriam
1545 3350 1762 3407 inimici
1805 3347 1939 3403 dolo
1980 3353 2034 3402 et

330 3460 581 3522 technis,
625 3460 684 3511 et
743 3455 1063 3509 induerunt
1123 3465 1258 3504 eum
1324 3446 1562 3517 pudore.
1614 3442 1887 3497 Ablatum
1947 3443 2036 3494 est

332 3553 530 3608 lumen
561 3550 713 3618 ejus,
756 3550 812 3600 et
841 3544 1085 3598 indutus
1116 3547 1201 3594 est.
1250 3536 1503 3592 tenebris
1553 3552 1567 3589 :
1618 3534 2037 3588 interfecerunt

332 3641 587 3698 animam
633 3638 781 3706 ejus,
852 3628 1151 3701 dissipatis
1201 3643 1267 3682 ac
1314 3625 1515 3679 divisis
1583 3621 2033 3693 cogitationibus

333 3730 480 3801 ejus,
524 3734 577 3783 et
622 3724 1021 3781 distraxerunt
1065 3735 1095 3774 e
1141 3713 1379 3771 sublimi
1429 3714 1683 3768 mentem
1733 3711 1902 3780 ejus;
1947 3709 2034 3763 fa-

332 3799 574 3889 ctusque
642 3812 818 3871 Israel
885 3812 1057 3865 homo
1122 3821 1321 3863 servus
1384 3801 1502 3858 veri
1564 3799 1897 3856 Pharaonis.
1965 3799 2035 3854 Et

325 3888 703 3982 praefecerunt
755 3903 1052 3974 praefectos
1104 3902 1163 3952 et
1213 3892 1611 3951 stimulatores
1659 3889 1873 3961 operis,
1908 3888 2029 3959 spi-

327 4008 477 4064 ritus
521 4002 778 4070 malitiae,
827 4000 1100 4070 cogentes
1127 4009 1283 4061 eum,
1326 3989 1465 4048 velit
1495 3989 1729 4054 nolitve,
1762 3984 2030 4042 commit-

329 4103 446 4153 tere
490 4111 664 4166 prava
714 4107 819 4147 sua
888 4102 1084 4157 opera,
1166 4087 1222 4139 et
1281 4080 1772 4137 constructionem
1819 4076 1925 4131 luti
1968 4091 2033 4130 ac

327 4165 524 4243 lateris
555 4180 868 4254 complere.
910 4179 1017 4242 Qui
1051 4175 1226 4229 etiam
1267 4174 1533 4227 arcentes
1562 4184 1696 4224 eum
1729 4185 1762 4223 a
1816 4165 2032 4222 coalesti

331 4275 639 4344 sapientia,
697 4269 1067 4326 abduxerunt
1101 4264 1171 4319 ad
1222 4278 1438 4327 crassa,
1490 4263 1718 4313 terrena
1749 4272 1814 4311 ac
1844 4256 2034 4310 lutosa

331 4343 508 4436 opera
555 4376 747 4432 prava,
797 4358 869 4412 ad
920 4369 1240 4419 sermones,
1291 4349 1365 4404 ad
1423 4346 1832 4403 meditationes
1878 4350 1930 4398 et
1960 4343 2030 4397 ad

330 4452 711 4526 cogitationes
771 4464 970 4503 vanas.
1025 4444 1133 4500 Ubi
1183 4442 1340 4498 enim
1393 4438 1611 4494 excidit
1656 4452 1686 4491 e
1718 4451 1821 4490 sua
1854 4432 2032 4489 subli-

332 4543 533 4601 mitate
562 4540 783 4606 anima,
834 4535 1041 4593 incidit
1070 4534 1127 4589 in
1180 4546 1421 4600 regnum
1474 4524 1694 4581 homini
1733 4523 2030 4588 infestum,

2126 580 2192 635 τὰ
2256 584 2579 655 πρωτότοκα
2633 589 2741 639 τῶν
2808 583 3126 661 Αἰγυπτίων
3186 586 3310 659 θίγῃ
3380 585 3580 645 αὐτῶν.
3652 588 3839 660 Έώρα

2127 671 2227 743 γὰρ
2280 672 2306 724 6
2356 670 2682 735 ἀποσταλεὶς
2729 672 2962 749 ἅγγελος
3030 677 3092 730 τὸ
3154 680 3381 747 σημεῖον
3436 680 3535 731 τοῦ
3594 675 3841 750 αἵματος

2130 759 2430 834 πόρῥωθεν,
2491 762 2580 816 καὶ
2640 761 2917 839 ἀφίστατο.
2977 764 3257 839 Ἐπεισῄει
3315 762 3373 819 δὲ
3435 771 3555 827 ταῖς
3616 767 3691 837 μὴ
3744 787 3843 822 σε-

2133 850 2541 923 σημειωμέναις
2601 852 2819 925 οἰκίαις,
2868 856 2958 909 καὶ
3043 861 3144 910 πᾶν
3202 858 3550 930 πρωτότοκον
3619 857 3839 932 ἀνῄρει.

2130 939 2249 992 Ἐτι
2308 936 2363 993 δὲ
2420 939 2509 994 καὶ
2562 940 2738 1015 ζύμην
2797 941 2857 997 ἐκ
2912 944 3109 1007 παντὸς
3169 943 3323 999 οἷ’κου
3382 943 3656 1001 ἒκὲλευσεν
3696 948 3838 1022 ἀφα-

2130 1032 2397 1107 νισθῆναι,
2457 1032 2545 1085 καὶ
2602 1032 2665 1086 τὸ
2725 1032 3063 1111 σφαζόμενον
3140 1032 3320 1109 ἀρνίον
3402 1036 3535 1109 μετᾶ
3621 1038 3847 1109 ἀζύμων

2132 1120 2220 1173 καὶ
2286 1117 2554 1193 πικρίδων
2615 1120 2808 1176 ἐσθίειν
2879 1122 3198 1197 προσέταξεν
3253 1145 3265 1158 ·

2131 1210 2259 1272 τοὺς
2342 1212 2750 1283 περιζωμένους
2812 1213 2907 1274 τὰς

2133 1318 2259 1359 νους

3336 1124 3531 1180 ἐσθίειν
3605 1123 3661 1180 δὲ
3745 1127 3847 1180 αὐ-

3005 1211 3229 1289 ὂσφόας,
3327 1214 3417 1269 καὶ
3516 1212 3847 1288 ὑποδεδεμέ-

2320 1297 2371 1352 sv
2431 1304 2550 1361 τοῖς
2608 1301 2735 1354 ποσὶ
2793 1301 2858 1355 τᾶ
2923 1298 3269 1375 ὑποδήματα,
3328 1305 3420 1357 καὶ
3476 1305 3573 1366 τὰς
3634 1306 3844 1378 βακτη-

2137 1386 2254 1461 ρίας
2314 1386 2543 1462 ἔχοντας
2602 1388 2653 1442 ἐν
2711 1395 2831 1451 ταῖς
2898 1390 3101 1468 χερσί’
3160 1393 3250 1447 καὶ
3310 1392 3453 1448 οὕτω
3499 1393 3635 1466 μετά
3660 1395 3847 1465 πάσης

2136 1474 2377 1546 σπουδῆς
2437 1476 2631 1533 ἐσθίειν
2682 1478 2819 1554 πρός
2880 1480 3101 1555 ἑσπέραν
3148 1481 3357 1537 κελεύει
3402 1484 3465 1538 τὸ
3507 1484 3695 1558 πάσγα
3734 1491 3846 1539 Κυ-

2137 1568 2278 1641 ρίου,
2311 1566 2400 1621 καὶ
2435 1569 2573 1640 μήτε
2604 1566 2796 1624 ἂστοῦν
2829 1569 2934 1624 ἀπὸ
2965 1574 3062 1625 τοῦ
3094 1571 3296 1645 Κυρίου
3328 1548 3658 1647 συντρίψαιῗ

2210 1657 2284 1714 Ε’.
2342 1658 2607 1732 Ἐξήγαγε
2664 1656 2721 1713 δὲ
2778 1658 2973 1722 αὐτοὺς
3026 1659 3078 1715 ἐν
3140 1664 3382 1738 ἀργυρίῳ
3441 1664 3533 1717 καὶ
3606 1664 3846 1739 χρυσίῳ,

2136 1744 2396 1807 κελεύσας
2454 1747 2764 1820 χρήσασθαι
2820 1745 3045 1804 ’ἑκαστον
3126 1751 3273 1824 παρὰ
3353 1729 3850 1824 γείτονοξναῦτοῦ

2137 1834 2412 1911 Αἰγύπτου
2466 1837 2628 1907 σκεύη
2687 1844 2867 1913 χρυσᾶ
2913 1839 3003 1894 καὶ
3075 1840 3301 1914 ἀργυρᾶ,
3364 1843 3698 1921 Ἐξήρχοναο
3786 1841 3849 1897 δὲ

2141 1925 2192 1995 ἒξ
2239 1925 2534 2001 Αἰγύπτου,
2594 1930 2701 1981 τῶν
2759 1928 3075 2004 Αἰγυπτίων
3132 1929 3443 1985 θαπτόντων
3491 1932 3558 1985 τά
3620 1932 3848 2007 πρωτό-

2138 2033 2292 2072 τοκα.
2356 2015 2453 2071 Καὶ
2508 2020 2626 2079 τοῖς
2673 2018 2767 2089 μὲν
2834 2017 2904 2086 ἦν
2961 2019 3105 2093 χαρά
3136 2017 3221 2073 ἐπὶ
3282 2024 3351 2093 τῇ
3409 2018 3709 2095 ἀπαλλαγῇ
3739 2029 3848 2090 τῆς

2140 2102 2436 2177 αὐχμηρᾶς
2484 2100 2732 2166 δουλείας
2763 2122 2776 2135 ·
2825 2111 2943 2168 τοῖς
2994 2105 3052 2160 δὲ
3098 2106 3290 2169 πὲνθος
3336 2109 3424 2163 καὶ
3476 2110 3705 2173 κοπετὸς
3756 2108 3848 2165 ἒπὶ

2138 2197 2208 2266 τῇ
2238 2198 2344 2247 τῶν
2376 2194 2572 2248 τέκνων
2616 2193 2886 2265 ἀπωλείᾳ.
2919 2197 3011 2251 Διό
3060 2218 3222 2272 φησιν
3280 2199 3307 2252 ὁ
3367 2200 3633 2269 Μωῦσῆς,
3694 2199 3844 2270 Αὐτὴ

2142 2285 2175 2350 ἡ
2280 2281 2369 2355 νὺξ
2437 2282 2490 2338 ἐν
2705 2284 3079 2362 ἐπηγγείλατο
3163 2288 3191 2342 6
3268 2288 3396 2351 Θεὸς
3469 2286 3851 2365 λυτρώσασθαι

2141 2372 2307 2443 ἡμᾶς.
2365 2373 2545 2428 Ταῦτα
2603 2370 2659 2427 δὲ
2711 2374 2883 2429 πάντα
2935 2376 3233 2450 μυστήριόν
3287 2375 3398 2433 ἐστι
3447 2381 3657 2453 ψυχῆς,
3748 2386 3852 2448 τῆς

2141 2458 2194 2514 ἐν
2243 2465 2312 2535 τῇ
2381 2461 2653 2536 παρουσίᾳ
2709 2467 2807 2517 τοῦ
2867 2469 3106 2536 Χριστοῦ
3161 2464 3532 2537 λυτρωθείσης
3569 2486 3581 2500 ·
3624 2469 3848 2543 Ἰσραήλ

2141 2551 2242 2626 γὰρ
2301 2551 2651 2625 ἑρμηνεύεται
2700 2556 2825 2614 νὸῦς
2884 2555 3025 2628 ὁρῶν
3076 2555 3169 2609 τὸν
3232 2555 3382 2612 Θεόν.
3435 2554 3846 2632 Ἐλευθεροῦται

2143 2639 2237 2695 οὖν
2289 2641 2393 2696 ἀπὸ
2448 2649 2547 2712 τῆς
2609 2640 2860 2706 δουλείας
2917 2648 3016 2699 τοῦ
3063 2644 3308 2715 σκότους,
3369 2647 3476 2703 ἀπὸ
3531 2654 3640 2704 τῶν
3687 2650 3854 2724 Atyn-

2144 2731 2316 2786 πτίων
2347 2733 2688 2806 πνευμάτων.

2220 2822 2318 2894 ς·’.
2352 2818 2575 2890 Ἐπειδή
2608 2823 2711 2896 γὰρ
2744 2822 2795 2876 ἐν
2849 2826 2918 2897 τῇ
2964 2828 3214 2899 παρακοῇ
3268 2826 3518 2881 ἀπέθανεν
3560 2828 3588 2880 ὁ
3645 2824 3851 2903 ἅνθρω-

2145 2930 2247 2971 πος
2305 2911 2519 2983 θανάτῳ
2578 2908 2738 2983 δεινῷ
2799 2920 2902 2982 τῆς
2945 2916 3155 2988 ψυχῆς,
3194 2916 3286 2970 καὶ
3345 2916 3569 2989 κατάραν
3619 2914 3709 2970 ἐπὶ
3753 2938 3845 2971 κα-

2143 3001 2281 3074 τάρᾳ
2341 2997 2557 3069 ἐδέξατο
2590 3016 2605 3031 ·
2689 2996 2989 3076 Τριϐόλους
3080 3004 3173 3058 καὶ
3265 3005 3496 3066 ἀκάνθας
3597 3004 3848 3061 ἀνατελεῖ

2146 3110 2231 3144 σοι
2261 3089 2295 3157 ἡ
2350 3090 2420 3163 γῆ
2454 3106 2468 3119 ⁹
2501 3089 2591 3143 καὶ
2648 3088 2826 3160 αὖθις,
2859 3091 3092 3166 Ἐργάσῃ
3150 3093 3250 3160 τήν
3297 3096 3422 3168 γῆν,
3455 3094 3547 3149 καὶ
3595 3095 3656 3149 οὐ
3687 3116 3848 3169 προσ-

2147 3181 2301 3249 θήσει
2373 3175 2559 3234 δοῦναί
2635 3199 2718 3234 σοι
2791 3179 2917 3241 τοὺς
2996 3183 3238 3256 καρποὺς
3293 3181 3463 3252 αὺτὴς
3514 3202 3529 3216 ·
3614 3184 3848 3261 ἀνεφόη-

2146 3292 2238 3325 σαν
2296 3271 2381 3325 καὶ
2445 3269 2721 3326 ἀνέτειλαν
2798 3270 2850 3327 ἒν
2936 3278 3005 3347 τῇ
3058 3277 3127 3348 γῇ
3218 3278 3320 3339 τῆς
3401 3274 3602 3352 καρδία
3684 3275 3849 3332 αὐτοῦ

2142 3362 2362 3417 ἄκανθαι
2420 3363 2510 3415 καὶ
2564 3357 2844 3435 τρίϐολοι.
2904 3366 3072 3436 Ἥραν
3147 3364 3308 3419 αὐτοῦ
3380 3367 3481 3433 τὴν
3563 3365 3718 3441 δόξαν
3799 3369 3853 3422 οἱ

2141 3450 2332 3525 ἐχθροῖ
2392 3448 2481 3505 διὰ
2526 3455 2625 3517 τῆς
2674 3450 2907 3523 ἀπάτης,
2941 3454 3029 3508 καί
3079 3452 3327 3509 ἐνέδυσαν
3367 3456 3529 3511 αὐτὸν
3559 3456 3850 3536 αἰσχύνην.

2141 3542 2319 3615 ’Ήρθη
2385 3541 2448 3595 τὸ
2498 3546 2612 3620 φῶς
2670 3541 2855 3610 αὐτοῦ,
2909 3542 3001 3597 καὶ
3056 3541 3272 3614 ἐνεδόθη
3332 3546 3395 3600 τὸ
3454 3547 3649 3609 σκότος
3684 3548 3854 3623 ’ἐφό-

2140 3652 2324 3686 νευσαν
2382 3633 2482 3701 τήν
2546 3634 2732 3710 ψυχὴν
2793 3634 2983 3701 αὑτοῦ,
3043 3636 3133 3689 καὶ
3192 3632 3561 3700 δεισκέδασαν,
3608 3637 3694 3691 καὶ
3730 3635 3847 3692 διε-

2143 3719 2241 3776 λον
2297 3719 2423 3782 τοὺς
2471 3719 2774 3794 λογισμοὺς
2824 3722 3009 3791 αὐτοῦ,
3054 3724 3145 3778 καὶ
3202 3726 3543 3782 κατέσπασαν
3588 3726 3692 3782 ἀπὸ
3747 3732 3849 3783 τοῦ

2142 3810 2309 3882 ὕψους
2359 3810 2451 3865 τὸν
2500 3815 2626 3865 νοῦν
2658 3812 2848 3878 αὐτοῦ,
2880 3813 2969 3867 καὶ
3020 3812 3229 3890 ἐγένετο
3281 3816 3310 3869 ὁ
3360 3816 3583 3891 Ἰσραήλ
3636 3819 3855 3893 ἄνθρω-

2141 3919 2242 3960 πος
2303 3896 2501 3961 δοῦλος
2559 3903 2654 3954 τοῦ
2730 3900 2994 3972 ἀληθινοῦ
3067 3904 3292 3977 Φαραώ.
3379 3906 3479 3959 Καὶ
3556 3905 3847 3977 ἐπέστησεν

2143 3987 2289 4059 αὖτῷ
2332 3987 2459 4050 τοὺς
2516 3988 2935 4062 ἐργοεπιστάτας
2979 3991 3069 4046 καὶ
3121 3990 3513 4068 ἐργοδιώκτας,
3562 3996 3630 4049 τὰ
3682 3995 3850 4051 πνεύ-

2146 4076 2289 4148 ματά
2344 4084 2444 4145 τῆς
2500 4079 2763 4152 πονηρίας
2830 4079 3197 4156 ἀναγκάζοντα
3262 4082 3425 4138 αὐτὸν
3484 4083 3674 4139 ἑκόντα
3756 4087 3845 4141 καὶ

2142 4163 2340 4221 ἄκοντα
2383 4171 2559 4221 ποιεῖν
2602 4168 2669 4222 τά
2716 4168 2930 4242 πονηρὰ
2974 4169 3133 4225 αὗνοῦ
3183 4169 3336 4248 ἔργα,
3392 4172 3482 4227 καὶ
3531 4175 3631 4241 τήν
3665 4174 3851 4229 σύντο-

2141 4254 2218 4324 ξιν
2248 4250 2563 4328 ἐκπληροῦν
2596 4258 2691 4310 τοῦ
2732 4254 2920 4326 πηλοῦ
2978 4258 3066 4311 καὶ
3123 4265 3222 4328 τῆς
3292 4258 3596 4325 πλινθείας.
3656 4263 3719 4315 Οἳ
3761 4264 3850 4317 καὶ

2142 4345 2497 4420 χωρήσαντες
2557 4344 2716 4399 αὐτὸν
2773 4350 2875 4399 τοῦ
2934 4346 3187 4419 οὐρανίου
3264 4351 3638 4425 φρονήματος,
3714 4371 3847 4406 κατ-

2140 4434 2346 4508 ήγαγον
2405 4430 2490 4487 ἒπὶ
2550 4433 2617 4488 τὰ
2645 4433 2808 4489 ὑλικᾶ
2852 4436 2941 4490 καὶ
2992 4438 3158 4513 γήϊνα
3196 4439 3285 4492 καὶ
3326 4437 3565 4509 πηλώδη
3599 4438 3725 4516 ἔργα
3750 4462 3847 4496 που

2139 4521 2418 4593 νηρά,καὶ
2470 4520 2689 4597 λόγους,
2747 4525 2835 4579 καὶ
2897 4523 3269 4599 ἐνθυμήματα,
3302 4527 3392 4582 καὶ
3446 4524 3845 4602 διαλογισμοὺς

329 4639 387 4691 et
428 4634 489 4689 in
534 4630 829 4704 principes
877 4624 1164 4690 crudeles,
1216 4616 1629 4691 compellantes
1692 4630 1820 4670 eam
1885 4628 2030 4668 con-

2145 4608 2809 4704 u-atuioug-‘Exusaoﬁau
2856 4614 2958 4688 γὰρ
3013 4618 3111 4670 τοῦ
3163 4612 3303 4671 ἰδίου
3360 4615 3530 4689 ὕψους
3592 4620 3625 4685 ἡ
3681 4620 3839 4692 ψυχή

332 4729 553 4780 struere
575 4720 724 4792 ipsis
754 4717 876 4773 vitii
909 4714 1249 4787 peccatique
1280 4709 1569 4765 civitates.

405 4991 532 5046 VII.
580 4991 639 5046 Si
687 5005 819 5045 vero
869 4983 1215 5057 ingemiscat
1274 4978 1490 5047 anima,
1554 4980 1611 5031 et
1686 4973 1897 5030 clamet
1960 4971 2031 5027 ad

334 5084 539 5149 Deum,
574 5079 784 5135 emittit
804 5077 856 5132 ei
882 5070 1242 5145 spirituaiem
1270 5071 1508 5135 Mosem,
1540 5065 1639 5136 qui
1669 5062 1876 5118 liberet
1903 5077 2032 5117 eam

334 5191 367 5230 a
398 5170 675 5228 servitute
698 5165 1138 5239 Egyptiorum:
1178 5174 1379 5216 verum
1414 5154 1667 5227 primum
1701 5152 1941 5217 clamet,
1976 5154 2034 5205 et

333 5260 588 5335 suspiria
619 5257 803 5322 ducit,
844 5262 896 5311 et
944 5257 1067 5307 tum
1102 5247 1516 5319 redemptionis
1548 5242 1782 5298 initium
1828 5256 2033 5295 conse-

334 5328 557 5424 quitur.
603 5349 728 5420 Ipso
773 5357 1003 5416 quoque
1052 5355 1251 5395 mense
1290 5334 1609 5392 recentium
1646 5332 1853 5387 ﬂorum
1886 5328 2031 5383 libe-

336 5444 519 5505 ratur,
551 5417 811 5509 tempore
851 5430 1131 5487 nimirum
1172 5425 1331 5491 viris,
1376 5421 1606 5494 quando
1638 5424 1792 5474 terra
1825 5417 2033 5473 animae

334 5528 622 5584 emitteret
652 5506 843 5598 potest
882 5519 1158 5595 pulchros
1186 5520 1243 5572 et
1276 5513 1508 5570 ﬂoridos
1547 5525 1742 5566 ramos
1766 5506 2031 5578 justitias,

406 5707 451 5746 ⁵⁸
480 5704 659 5763 Exod.
692 5718 792 5771 x11,
825 5702 879 5769 3,
910 5699 965 5768 7,
1004 5698 1088 5754 11.
1166 5692 1213 5730 9°
1243 5690 1416 5758 lbid.,
1444 5687 1529 5756 12,
1566 5686 1649 5741 13.

1729 5684 1745 5718 ί
1776 5680 1945 5749 Ibid.,
1978 5681 2067 5749 35,
2102 5680 2189 5739 36.

2141 4700 2261 4773 εὗρε
2320 4697 2573 4774 βασιλεία
2650 4702 3056 4777 μισάνθρωπον,
3124 4705 3216 4758 καὶ
3275 4704 3548 4779 ἄρχοντας
3613 4706 3845 4779 πικροῦς

2137 4788 2265 4851 τοὺς
2324 4789 2819 4866 καταναγκάζοντας
2879 4793 3049 4862 αὖτήν
3114 4791 3428 4869 οἰκοδομεῖν
3494 4796 3678 4859 αὐτοῖς
3748 4796 3848 4858 τὰς

2140 4883 2238 4944 τῆς
2272 4879 2463 4943 κακίας
2491 4879 2683 4942 πόλεις
2712 4882 3016 4958 ἁμαρτιῶν.

2212 4975 2278 5023 Z'.
2339 4969 2463 5027 Ἐὰν
2515 4967 2571 5025 δὲ
2628 4972 2849 5047 στενάξῃ
2882 4975 2917 5041 ἡ
2959 4974 3138 5048 ψυχὴ,
3169 4976 3258 5030 καὶ
3322 4977 3499 5051 βοήσῃ
3550 4974 3687 5049 πρὸς
3752 4975 3843 5030 τὸν

2143 5060 2295 5128 Θεὸν,
2345 5056 2730 5129 ἐξαποστέλλει
2810 5060 2946 5134 αὐτῇ
3022 5063 3113 5116 τὸν
3188 5065 3551 5138 πνευματικὸν
3626 5064 3843 5130 Μωσέα,

2141 5147 2233 5201 τὸν
2304 5145 2674 5222 λυτρούμενον
2722 5149 2891 5218 αὐτὴν
2952 5149 3011 5206 ἐκ
3066 5158 3165 5221 τῆς
3223 5150 3473 5215 δοὺλείας
3520 5158 3630 5209 τῶν
3680 5152 3847 5228 Δίγυ-

2143 5236 2309 5291 πνίων
2348 5257 2360 5268 ’
2394 5236 2541 5293 ἀλλὰ
2594 5243 2806 5314 πρῶνον
2841 5242 2943 5316 βοᾷ
2988 5243 3077 5296 καὶ
3139 5242 3398 5311 στενάζει,
3428 5243 3518 5297 καὶ
3577 5244 3701 5298 τότε
3747 5250 3850 5311 τῆς

2146 5325 2577 5401 ἀπολυτρώσεως
2622 5331 2722 5398 τήν
2769 5330 2947 5404 ἀρχὴν
2997 5325 3274 5387 λαυϐάνει.
3328 5332 3427 5386 Καὶ
3467 5332 3602 5401 αὐτὴ
3666 5331 3719 5386 ἐν
3774 5336 3853 5401 τῷ

2149 5418 2280 5489 μηνὶ
2318 5422 2426 5472 τῶν
2478 5416 2611 5473 νέων
2671 5418 2841 5474 ἀνθῶν
2904 5418 3247 5495 λυτρουμὲνη
3308 5422 3445 5475 κατά
3498 5422 3589 5476 τὸν
3660 5422 3853 5495 καιρὸν

2143 5504 2238 5560 τοῦ
2296 5505 2473 5582 ἔαρος,
2532 5506 2694 5577 ἡνίκα
2735 5510 2769 5579 ἡ
2830 5515 2899 5587 γῆ
2958 5516 3057 5581 τῆς
3115 5513 3301 5589 ψυχῆς
3351 5510 3583 5585 ἐξανθεῖν
3626 5506 3853 5566 δύναται

2268 5682 2289 5718 ²
2321 5682 2462 5743 Gen.
2494 5702 2577 5758 ιιι,
2605 5687 2687 5744 18.
