4130 6286
277 489 391 552 801

276 712 384 764 τῶν
435 709 644 781 πικρῶν
704 701 1000 779 χειμώνων
1065 698 1393 756 διελθόντων
1449 703 1547 769 τῆς
1608 700 1827 776 ἀγνοίας
1886 702 1981 754 τοῦ

277 799 524 865 σκότους,
574 794 662 849 καὶ
708 798 814 861 τῆς
864 788 1083 860 πολλῆς
1130 792 1443 863 πωρώσεως
1492 794 1593 856 τῆς
1640 789 1700 845 ἐκ
1743 795 1851 845 τῶν
1898 788 1980 842 αἰ-

278 890 461 960 σχρῶν
512 882 758 956 πράξεων
814 880 902 933 καὶ
959 879 1238 952 ἁμαρτών,
1291 876 1510 933 Κελεύει
1562 876 1619 932 δὲ
1665 878 1789 931 τότε
1841 876 1984 951 ἀφα-

274 976 515 1043 νισθῆναι
577 972 626 1044 ἐξ
686 970 917 1040 ἑκάστης
984 967 1159 1030 οἰκίας
1228 971 1401 1022 πᾶσαν
1472 968 1649 1039 ζύμην
1718 964 1980 1031 παλαιὰν,

274 1063 372 1123 τὰς
428 1061 669 1135 πράξεις,
719 1056 810 1112 καὶ
856 1057 923 1111 τά
962 1056 1287 1131 φρονήματα
1329 1058 1425 1109 τοῦ
1470 1052 1709 1109 παλαιοῦ
1768 1053 1983 1126 ἀνθρώ-

281 1171 375 1227 ρου
412 1154 508 1206 τοῦ
541 1146 925 1226 φθειρομένου,
973 1144 1375 1222 διαλογισμοὺς
1410 1144 1711 1220 πονηροὺς,
1754 1143 1845 1199 καὶ
1894 1143 1981 1197 έν-

275 1242 541 1313 θυμήσεις
573 1236 834 1313 ῥυπαράς,
868 1235 993 1291 ὅσον
1028 1232 1275 1306 δυνατὸν,
1308 1233 1732 1309 ἀπορῥίψασθαι.

348 1336 428 1386 H‘.
464 1333 745 1405 Σφαγῇναι
775 1324 856 1380 δεῖ
893 1326 955 1380 τὸ
997 1324 1198 1398 ἀρνίον,
1245 1325 1336 1378 καὶ
1377 1325 1632 1393 τυθῆναι,
1670 1322 1761 1377 καὶ
1804 1322 1866 1376 τὸ
1897 1322 1982 1376 αῖ-

282 1441 356 1493 μα
394 1419 559 1474 αὐτοῦ
591 1419 887 1493 χρισθῆναι
928 1414 1018 1469 ἐπὶ
1066 1415 1173 1469 τῶν
1231 1415 1428 1488 θυρῶν.
1482 1414 1719 1486 Χριστὸς
1772 1411 1875 1486 γὰρ
1918 1411 1982 1466 τὸ

280 1506 540 1577 ἀληθινὸν
590 1505 679 1559 καὶ
729 1502 930 1579 ἀγαθὸν
972 1503 1062 1556 καὶ
1094 1501 1331 1575 ἄμωμον
1378 1500 1563 1574 ἀρνίον
1610 1500 1841 1578 ἐσφάγη,
1892 1499 1981 1554 καὶ

276 1598 339 1651 τὸ
392 1597 527 1668 αἷμα
578 1595 745 1649 αὐτοῦ
795 1592 1025 1671 ἐχρίσθη
1074 1591 1161 1647 ἐπὶ
1208 1596 1316 1646 τῶν
1364 1589 1539 1669 φλιῶν
1588 1598 1688 1659 τῆς
1734 1587 1981 1662 καρδίας,

278 1684 432 1745 ὅπως
473 1683 697 1761 γένηται
745 1682 807 1735 τὸ
863 1682 1090 1755 ἐκχυθὲν
1140 1678 1227 1734 ἐπὶ
1270 1683 1367 1734 τοῦ
1417 1683 1649 1753 σταυροῦ
1700 1681 1840 1751 αἷμα
1884 1682 1981 1732 τοῦ

279 1776 542 1847 Χριστοῦ,
608 1775 675 1845 τῇ
739 1770 835 1843 μὲν
881 1774 1036 1847 ψυχῇ
1087 1769 1162 1831 εἷς
1230 1771 1375 1839 ζωήν
1430 1768 1519 1823 καὶ
1578 1768 1978 1845 ἀπολύτρωσιν

275 1869 394 1925 τοῖς
444 1861 502 1917 δέ
546 1861 865 1936 Αἰγυπτίοις
916 1857 1170 1931 δαίμοσιν
1221 1859 1296 1920 εἰς
1349 1859 1543 1922 πένθος
1593 1858 1681 1913 καὶ
1732 1858 1981 1913 θάνατον·

1532 474 1907 543 HOMILLE.
1952 508 2030 524 —
2075 475 2263 541 HOM.
2311 478 2555 544 XLVII.

267 618 395 682 τοὺς
434 613 640 678 καλοὺς
696 612 785 670 καὶ
842 609 1110 687 ἀνθηροὺς
1164 608 1402 674 κλάδους
1445 618 1546 681 τῆς
1599 609 1971 681 δικαιοσύνης,

2100 613 2252 683 gravi
2313 614 2505 670 hiems
2565 612 2905 685 ignorantia
2982 613 3380 681 tenebrarum,
3435 616 3493 669 et
3561 630 3791 671 summa

735 69 764 74 ,Α
837 66 840 68 ν
957 52 1048 62 -----
1285 39 1288 42 ’
1637 37 1738 68 ....;‘..
1843 53 1848 58 .
1929 53 1934 56 .
1967 49 1972 54 ι
1999 41 2060 64 ,4».-
2236 42 2307 60 wv.‘
2690 32 2757 53 Eu.-

3675 481 3795 542 802

2093 704 2477 759 excecatione
2533 718 2602 758 ex
2658 702 2925 759 obscenis
3001 702 3332 759 actionibus
3404 707 3464 758 et
3539 706 3793 775 peccatis

2092 798 2397 865 prognata,
2432 794 2745 863 praterita.
2797 793 2973 850 Porro
3004 792 3268 864 praseipit
3300 802 3422 849 tum
3455 794 3676 851 aboleri
3724 812 3796 853 ex

2093 899 2443 955 unaquaque
2482 884 2656 940 domo
2694 899 2864 941 omne
2914 884 3266 939 fermentum
3317 884 3642 953 antiquum,
3700 902 3793 940 ac-

2090 971 2280 1028 tiones
2336 972 2641 1041 nimirum,
2696 977 2753 1029 et
2808 971 3052 1028 consilia
3110 972 3320 1028 veteris
3378 972 3634 1029 hominis
3691 973 3794 1045 qui

2092 1062 2505 1132 corrumpitur,
2540 1079 2606 1117 ac
2665 1078 2955 1133 perversas
3011 1062 3393 1133 cogitationes
3423 1066 3480 1117 et
3539 1063 3795 1119 medita-

2089 1150 2281 1205 tiones
2310 1151 2604 1217 sordidas,
2625 1153 2815 1222 quoad
2847 1150 2971 1206 ﬁeri
3002 1156 3217 1221 potest,
3249 1149 3521 1221 abjicere.

2164 1329 2303 1385 Vill.
2337 1329 2574 1385 Mactari
2598 1333 2825 1402 oportet
2872 1345 3089 1401 agnum
3118 1333 3174 1384 et
3203 1328 3518 1397 immolari,
3550 1331 3796 1403 ejusque

2094 1420 2438 1490 sanguinem
2498 1420 2724 1475 illinere
2776 1420 3021 1475 foribus.
3077 1419 3346 1474 Christus
3402 1420 3561 1474 enim
3619 1436 3795 1475 verus

2092 1508 2278 1565 bonus
2308 1519 2362 1564 et
2392 1509 2809 1565 immaculatus
2841 1525 3026 1575 agnus
3086 1513 3375 1565 mactatus
3438 1513 3546 1577 est,
3579 1515 3637 1564 et
3665 1526 3799 1564 san-

2094 1599 2266 1667 guine
2314 1600 2439 1667 ejus
2469 1606 2644 1655 uncta
2700 1598 2903 1653 limina
2948 1597 3161 1663 cordis,
3212 1602 3279 1652 ut
3335 1598 3438 1652 ﬁat
3468 1597 3686 1654 eli'usus
3736 1598 3797 1653 in

2093 1702 2265 1742 cruce
2312 1688 2549 1759 sanguis
2580 1686 2816 1753 Christi,
2867 1687 3080 1742 animae
3134 1685 3371 1757 quidem
3424 1687 3540 1742 vita
3597 1690 3654 1742 at
3710 1703 3798 1742 re-

2095 1775 2357 1847 demptio
2384 1796 2399 1844 ;
2429 1776 2710 1848 [Egyptiis
2742 1792 2870 1831 vero
2892 1776 3258 1830 daemonibus
3290 1776 3485 1831 luctus
3525 1781 3582 1831 et
3615 1792 3794 1831 mors.

2095 1865 2240 1920 Vere
2268 1867 2427 1920 enim
2462 1866 2655 1922 luctus
2684 1864 2803 1921 illis
2846 1871 2976 1930 est;
3033 1866 3314 1935 gaudium
3363 1871 3554 1921 autem
3606 1871 3662 1922 et
3699 1881 3797 1920 ex-

278 1950 502 2021 ἂληθῶς
550 1951 653 2024 γὰρ
697 1951 889 2012 πένθος
934 1947 1120 2009 αὑτοῖς
1168 1948 1302 2018 ἐστι,
1353 1949 1497 2023 χαρὰ
1547 1945 1604 2003 δὲ
1661 1950 1751 2002 καὶ
1804 1946 1984 2021 ἀγαλ-

2100 1952 2331 2009 sultatio
2387 1954 2618 2021 anima,
2676 1953 3041 2009 immaculati
3105 1953 3261 2008 illius
3319 1954 3453 2024 agni
3530 1954 3796 2024 sanguis.

279 2038 460 2101 λίασις
518 2042 586 2112 τῇ
634 2041 792 2116 ψυχῇ
839 2037 902 2091 τὸ
955 2040 1051 2091 τοῦ
1110 2038 1348 2109 ἀμώμου
1407 2037 1595 2111 ἀρνίου
1644 2039 1802 2110 αἷμα.
1854 2036 1986 2091 Εἶτα

283 2129 418 2203 μετά
461 2129 527 2184 τὸ
570 2134 785 2203 χρίσμα
830 2124 1041 2181 κελεύει
1090 2125 1228 2198 πρὸς
1278 2124 1504 2199 ἑσπέραν
1555 2131 1746 2203 φαγεῖν
1792 2125 1854 2179 τὸ
1886 2126 1979 2198 ἀρ-

282 2221 417 2288 νίον,
467 2220 554 2273 καὶ
614 2219 681 2272 τὰ
733 2217 912 2290 ἄζυμα
971 2216 1107 2290 μετά
1162 2214 1450 2290 πικρίδων,
1514 2214 1983 2290 περιεζωσμένους

279 2311 375 2372 τὰς
425 2309 621 2378 ζώνας,
663 2306 754 2361 καὶ
812 2303 1162 2375 ὑποδήματα,
1220 2304 1310 2358 καὶ
1360 2299 1587 2379 ἔχοντας
1638 2304 1734 2367 τὰς
1778 2306 1987 2378 βακτη-

279 2397 395 2472 ρίας
451 2395 501 2451 ἐν
548 2401 667 2457 ταῖς
716 2394 924 2473 χερσίν.
974 2393 1098 2450 Ἐὰν
1143 2393 1246 2469 γὰρ
1306 2394 1382 2467 μή
1440 2396 1706 2469 πρότερον
1761 2394 1984 2471 γένηται

284 2489 319 2556 ἡ
381 2487 533 2561 ψυχὴ
592 2483 1072 2558 παρεσκευασμένη
1123 2483 1459 2557 πανταχόθεν
1509 2482 1578 2537 δι’
1628 2480 1797 2559 ἔργων
1848 2483 1985 2559 ἀγα-

288 2577 416 2645 θῶν,
448 2576 571 2630 ὅσον
607 2573 748 2629 ἐστὶν
792 2572 847 2628 ἒν
891 2572 1053 2646 αὐτῇ,
1104 2571 1166 2626 ού
1212 2570 1420 2627 δίδοται
1470 2573 1605 2647 αὐτῇ
1638 2577 1828 2651 φαγεῖν
1878 2573 1984 2626 ἀπὸ

284 2667 381 2720 τοῦ
426 2663 632 2739 ἀρνίου.
681 2662 749 2720 Ei’
797 2660 854 2717 δὲ
895 2663 985 2717 καὶ
1032 2662 1095 2716 τὸ
1144 2661 1328 2735 ἀρνίον
1378 2660 1503 2732 ἡδὺ,
1557 2662 1649 2717 καὶ
1691 2664 1757 2716 τὰ
1807 2664 1987 2735 ἄζυμα

282 2750 447 2822 καλὰ,
506 2750 634 2807 ἀλλ’
688 2751 744 2805 αἱ
801 2749 1049 2826 πικρίδες
1104 2751 1294 2824 πικραὶ
1346 2750 1436 2805 καὶ
1504 2755 1777 2825 τραχεῖαι.
1840 2751 1988 2806 Μετά

286 2842 525 2917 θλίψεως
571 2843 675 2918 γὰρ
708 2839 930 2910 πολλῆς
979 2840 1070 2894 καὶ
1118 2839 1337 2913 πικρίας
1387 2839 1549 2896 ἐσθίει
1590 2843 1626 2909 ἡ
1675 2842 1830 2915 ψυχὴ
1879 2840 1986 2895 ἀπὸ

274 2937 373 2988 τοῦ
422 2931 609 3008 ἀρνίου
658 2932 747 2986 καὶ
796 2935 904 2986 τῶν
954 2935 1215 3005 χρηστῶν
1247 2929 1496 3004 ἀζύμων,
1544 2926 1844 3001 θλιϐούσης
1896 2931 1987 2986 αύ-

274 3024 376 3091 τήν
407 3028 509 3090 τῆς
541 3018 804 3090 συνούσης
834 3019 970 3092 αὐτῇ
1003 3020 1295 3094 ἁμαρτίας.

347 3111 423 3168 ϐ’.
483 3109 580 3165 Καὶ
634 3112 771 3184 πρὸς
829 3108 1055 3184 ἑσπέραν
1120 3109 1283 3187 φησὶν
1341 3107 1554 3164 ἕδεσθαι
1604 3107 1736 3164 αὒτό
1769 3126 1782 3140 ⁰
1818 3112 1853 3178 ἡ
1913 3109 1972 3164 δὲ

275 3202 414 3274 πρὸς
471 3200 695 3274 ἑσπέραν
751 3198 867 3273 ὥρα
920 3198 1056 3271 μέση
1128 3201 1307 3275 φωτὸς
1363 3201 1455 3253 καὶ
1512 3198 1739 3261 σκότους
1816 3197 1982 3255 ἐστίν.

274 3290 429 3347 Οὕτω
458 3289 547 3345 καὶ
590 3291 625 3359 ἡ
670 3290 824 3363 ψυχὴ
865 3288 1001 3362 πρὸς
1042 3287 1213 3361 ταύτῃ
1274 3288 1406 3342 οὖσα
1453 3292 1522 3361 τῇ
1571 3286 1981 3361 ἀπολυτρώσει,

281 3379 416 3453 μέση
470 3379 675 3454 γίνεται
727 3378 905 3451 φωτὸς
954 3375 1047 3433 καὶ
1091 3377 1335 3447 σκότους,
1391 3376 1635 3445 ἑστώσης
1684 3382 1784 3444 τῆς
1833 3373 1984 3430 δυνά-

281 3488 426 3540 μεως
475 3471 573 3522 τοῦ
632 3469 788 3535 Θεοῦ,
845 3466 937 3520 καὶ
998 3466 1074 3537 μὴ
1135 3464 1310 3534 ἐώσης
1365 3465 1428 3519 τὸ
1488 3464 1681 3525 σκότος
1734 3463 1983 3520 ἐπελθεῖν

274 3560 344 3630 τῇ
404 3558 582 3631 ψυχῇ,
631 3555 722 3610 καὶ
778 3559 1063 3609 καταπιεῖν
1112 3555 1279 3625 αὐτήν
1315 3572 1328 3587 °
1362 3553 1453 3609 καὶ
1514 3555 1574 3608 ’ὀν
1622 3553 1823 3629 τρόπον
1870 3553 1985 3608 εἷπέ

282 3652 545 3714 Μωϋσῆς,
636 3644 782 3714 Αὕτη
851 3646 885 3714 ἡ
955 3645 1044 3712 νὺξ
1110 3650 1212 3713 τῆς
1296 3641 1629 3718 ἐπαγγελίας
1711 3642 1824 3697 ἐστὶ
1888 3646 1986 3697 τοῦ

282 3737 415 3790 Θεοῦ
446 3750 463 3766 ·
496 3732 669 3794 οὕτως
727 3733 817 3787 καὶ
862 3733 890 3787 ὁ
932 3733 1187 3806 Χριστὸς,
1245 3730 1494 3794 δοθέντος
1559 3731 1704 3804 αύτῷ
1764 3727 1984 3805 βιϐλίου

279 3824 331 3880 ἐν
386 3826 455 3896 τῇ
518 3827 831 3899 συναγωγῇ,
892 3822 968 3884 ὡς
1029 3820 1354 3897 γέγραπται,
1413 3822 1663 3879 ἐκάλεσεν
1743 3821 1984 3877 ἐνιαυτὸν

281 3912 480 3987 Κυρίου
566 3910 751 3966 δεκτὸν
833 3909 921 3965 καὶ
1006 3910 1216 3985 ἡμέραν
1303 3908 1763 3985 ἀπολυτρώσεως.
1843 3912 1988 3966 Ἐκεῖ

277 4001 364 4070 νὺξ
434 3997 863 4067 ἀνταποδόσεως,
942 3997 1167 4053 ἐνταῦθα
1269 3998 1451 4073 ἡμέρα
1526 3999 1983 4071 ἀπολυτρώσεως·

280 4090 527 4151 εἰκότως·
587 4089 764 4143 πάντα
817 4087 918 4162 γὰρ
977 4088 1153 4141 ἐκεῖνα
1209 4087 1379 4149 τύπος
1434 4088 1501 4154 ἧν
1561 4088 1649 4141 καὶ
1709 4088 1835 4141 σκιά
1889 4094 1988 4156 τῆς

280 4176 565 4248 ἀληθείας,
622 4177 711 4231 καὶ
775 4178 1050 4247 μυστικῶς
1091 4176 1511 4249 προτυπούμενα
1567 4176 1667 4243 τήν
1715 4173 1984 4244 ἀληθινὴν

282 4265 557 4341 σωτηρίαν
625 4264 935 4340 ὑπέγραφον
992 4265 1089 4332 τῆς
1142 4266 1329 4336 ψυχῆς
1382 4265 1479 4331 τῆς
1536 4260 1989 4336 ἐγκεκλεισμένης

282 4361 362 4429 τῷ
402 4353 607 4422 σκότει,
652 4353 743 4409 καὶ
801 4348 1187 4425 πεπεδημένης
1238 4354 1493 4425 κρυπτῶς
1552 4349 1603 4404 ἐν
1653 4351 1840 4423 λάκκῳ
1887 4371 1985 4406 κα-

284 4446 536 4517 τωτάτῳ,
584 4442 674 4498 καὶ
723 4440 1279 4513 ἐναποκεκλεισμένης
1330 4437 1528 4501 πύλαις
1590 4438 1849 4515 χαλκαῖς,
1899 4442 1987 4495 καὶ

291 4536 366 4608 μή
411 4530 714 4605 δυναμένης
762 4530 886 4586 ἄνευ
943 4536 1044 4599 τῆς
1110 4533 1208 4584 τοῦ
1264 4529 1498 4604 Χριστοῦ
1554 4528 1991 4603 ἀπολυτρώσεως

287 4622 738 4697 ἐλευθερωθῇναι.

2097 2043 2314 2099 Deinde
2344 2048 2477 2114 post
2537 2043 2870 2099 unctionem
2912 2044 3082 2113 jubet
3138 2043 3210 2096 ad
3266 2058 3560 2114 vesperam
3618 2059 3801 2097 come-

2095 2134 2229 2188 dere
2288 2148 2529 2202 agnum,
2588 2137 2644 2188 et
2701 2148 2895 2203 azyma
2944 2146 3074 2187 cum
3134 2131 3377 2186 lactucis
3445 2133 3796 2203 agrestibus,

2094 2222 2547 2278 circumcinctos
2602 2222 2865 2287 renibus,
2927 2220 3213 2275 calceatos
3271 2219 3577 2281 sandaliis.
3636 2226 3694 2276 et
3724 2226 3800 2275 tc-

2095 2316 2298 2366 nsntes
2344 2310 2587 2366 baculos
2644 2309 2705 2364 in
2758 2310 3054 2365 manibus.
3117 2309 3236 2364 Nisi
3294 2310 3451 2364 enim
3503 2310 3663 2379 prius
3721 2310 3799 2364 sit

2096 2400 2297 2456 anima
2378 2404 2701 2470 praeparata
2758 2399 3149 2469 undequaque
3214 2414 3316 2469 per
3390 2400 3542 2455 bona
3597 2415 3795 2470 opera.

2094 2494 2381 2559 quantum
2415 2490 2472 2543 in
2505 2489 2634 2557 ipsa
2661 2496 2771 2555 est,
2804 2504 2918 2543 non
2962 2489 3304 2543 conceditur
3338 2488 3446 2555 illi,
3491 2492 3555 2542 ut
3609 2503 3801 2542 come-

2094 2582 2191 2634 dat
2219 2579 2290 2634 do
2320 2595 2492 2650 agno.
2542 2581 2606 2631 Et
2662 2578 2796 2634 licet
2851 2578 3040 2632 suavis
3099 2578 3174 2632 sit
3242 2591 3426 2647 agnus
3475 2582 3533 2631 et
3598 2593 3799 2648 azyma

2095 2668 2265 2735 bona,
2299 2684 2509 2723 amaraa
2540 2672 2735 2722 tamen
2788 2672 2845 2721 et
2902 2682 3124 2737 asperas
3154 2670 3292 2721 sunt
3328 2665 3587 2720 lactucae.
3650 2665 3797 2721 Cum

2094 2756 2407 2813 afﬂictione
2462 2773 2596 2826 ergo
2652 2772 2887 2812 summa
2916 2761 2975 2810 et
3004 2754 3274 2810 molestia
3322 2754 3443 2809 edit
3472 2753 3670 2810 anima
3727 2755 3798 2809 de

2097 2864 2245 2920 agno
2275 2854 2332 2904 et
2360 2848 2531 2905 bonis
2561 2848 2803 2921 azymis,
2832 2846 3127 2917 alﬂigente
3163 2861 3288 2902 eam
3322 2846 3478 2917 quod
3530 2844 3685 2901 illam
3713 2844 3802 2899 in-

2094 2937 2340 3005 habitat,
2366 2944 2625 3012 peccato.

2164 3112 2253 3167 IX.
2288 3111 2359 3167 Et
2386 3111 2457 3166 ad
2489 3125 2789 3179 vesperam
2814 3108 2985 3179 jubet
3031 3109 3200 3165 edere
3231 3107 3420 3163 illum.
3453 3106 3800 3177 Vespertina

2093 3208 2286 3257 autem
2329 3201 2469 3256 hora
2501 3200 2695 3255 media
2721 3199 2873 3253 inter
2920 3197 3111 3254 lucem
3176 3202 3232 3251 et
3261 3198 3531 3251 tenebras
3561 3200 3667 3251 est.
3704 3195 3799 3250 Sic

2094 3306 2325 3363 qouque
2351 3289 2548 3345 anima
2577 3288 2641 3344 in
2679 3288 2811 3360 ipsa
2840 3288 3160 3342 constituta
3208 3285 3626 3355 redemptione,
3685 3299 3802 3338 me-

2095 3381 2193 3436 dia
2215 3379 2485 3435 estinter
2522 3376 2707 3433 lucem
2768 3381 2828 3431 et
2886 3376 3174 3444 tenebras,
3234 3376 3544 3429 assistente
3595 3372 3799 3427 virtute

2093 3470 2305 3536 divina,
2340 3483 2444 3523 nec
2473 3466 2850 3538 permittente
2899 3465 3171 3520 tenebras
3226 3464 3529 3531 insurgere
3576 3462 3638 3516 in
3670 3462 3799 3517 ani-

2097 3575 2279 3625 mam,
2310 3561 2368 3613 et
2396 3556 2708 3613 absorbere
2736 3555 2920 3610 illam-
2956 3554 3026 3609 Et
3056 3551 3551 3625 quemadmodum
3609 3554 3798 3607 Moses

2096 3648 2290 3702 dixit:
2325 3648 2447 3702 Hac
2500 3651 2584 3700 est
2637 3660 2750 3700 nox
2803 3641 3186 3714 promissionis
3243 3640 3363 3709 Dei,
3426 3642 3510 3696 sic
3565 3657 3802 3712 quoque

2095 3738 2382 3805 Christus,
2415 3735 2609 3792 oblato
2656 3735 2768 3791 sibi
2818 3733 2966 3789 libro
3024 3733 3085 3788 in
3147 3734 3475 3805 Synagoga,
3529 3736 3592 3786 ut
3649 3731 3801 3785 sori-

2095 3836 2261 3899 ptum
2310 3830 2418 3891 est,
2479 3824 2787 3896 appellavit
2842 3839 3053 3878 annum
3101 3821 3323 3877 Domini
3383 3820 3797 3891 acceptabilem,

2097 3917 2336 3972 150‘s!
2392 3916 2534 3970 diem
2576 3911 3011 3983 redemptionis".
3064 3910 3156 3993 lbi
3208 3926 3323 3964 nox
3380 3908 3798 3977 retributionis,

2097 4005 2192 4060 hic
2222 4005 2347 4059 dies
2378 4001 2833 4072 redemptionis;
2889 4004 2947 4054 et
2994 3999 3228 4054 merito.
3272 3996 3485 4053 Omnia
3515 3996 3669 4051 enim
3706 3996 3799 4051 illa

2101 4098 2275 4164 typus
2322 4095 2488 4146 erant
2517 4097 2572 4144 et
2603 4089 2810 4144 umbra
2833 4086 3119 4154 veritatis,
3152 4090 3210 4141 et
3240 4085 3483 4157 mystice
3534 4084 3801 4154 praeﬁgu-

2100 4186 2227 4236 rata
2249 4194 2443 4235 veram
2493 4176 2904 4232 describebant
2951 4174 3203 4231 salutem
3232 4172 3487 4229 inclusa;
3546 4170 3800 4226 tenebris

2100 4269 2331 4337 animai,
2360 4274 2540 4338 atque
2583 4265 2921 4338 compeditae
2982 4264 3131 4320 clam
3166 4264 3225 4318 in
3274 4261 3405 4317 lacu
3461 4261 3686 4325 intimo,
3744 4263 3802 4314 et

2099 4358 2257 4414 intus
2290 4356 2525 4413 inclusae
2557 4356 2737 4427 portis
2768 4355 2962 4425 aeneis,
2997 4358 3055 4409 et
3084 4369 3211 4425 quae
3270 4367 3384 4406 non
3435 4347 3621 4422 possit
3670 4347 3800 4403 abs-

2101 4464 2214 4519 que
2242 4445 2458 4504 Christi
2485 4443 2884 4516 redemptione
2913 4442 3165 4499 liberari.
3378 4446 3383 4449 ‘

354 4714 409 4770 1'.
457 4713 668 4785 Ἐξάγει
716 4708 811 4764 οῦν
852 4710 951 4779 τήν
996 4711 1181 4785 ψυχήν
1222 4706 1273 4782 ἐξ
1324 4707 1598 4782 Αἶγύπτου
1646 4708 1736 4763 καὶ
1784 4714 1883 4777 τῆς
1934 4707 1985 4763 ἐν

2168 4701 2236 4757 Χ.
2268 4700 2475 4757 Educit
2500 4698 2678 4771 igitur
2709 4695 2969 4753 animam
3012 4713 3080 4751 ex
3112 4694 3353 4785 .Egypto
3384 4696 3461 4759 et,
3495 4709 3612 4764 qua
3643 4691 3700 4785 in
3734 4708 3803 4747 ea

289 4801 424 4875 αὐτῇ
482 4799 759 4866 δουλείας,
812 4805 919 4854 τῶν
981 4797 1345 4873 πρωτοτόκων
1409 4798 1577 4868 αὐτῆς
1665 4798 1993 4872 ἀναιρουμέ-

286 4910 393 4945 νων
427 4888 477 4942 ἑν
530 4892 600 4961 τῇ
654 4885 842 4960 ἐξόδῳ.
888 4887 1030 4958 Ἤδη
1079 4890 1181 4964 γὰρ
1245 4889 1409 4961 μέρος
1463 4909 1514 4942 τι
1562 4894 1662 4956 τῆς
1714 4884 1990 4959 δυνάμεως

288 4975 387 5034 τοῦ
446 4974 713 5046 ἀληθινοῦ
773 4976 977 5049 Φαραὼ
1023 4975 1367 5033 καταπίπτει.
1428 4974 1622 5037 Πένθος
1690 4973 1808 5050 ἔχει
1863 4974 1990 5037 τοὺς

294 5066 625 5143 Αἰγυπτίους
657 5105 672 5118 .
719 5064 1040 5132 Στενάζουσι
1087 5067 1187 5139 γὰρ
1247 5064 1583 5137 λυπούμενοι
1635 5065 1723 5119 ἐπὶ
1770 5066 1838 5138 τῇ
1885 5085 1995 5117 σω-

287 5153 459 5227 τηρίᾳ
483 5157 581 5209 τοῦ
632 5149 1020 5226 αἰχμαλώτου.
1072 5151 1292 5207 Κελεύει
1343 5155 1652 5231 χρήσασθαι
1698 5153 1845 5227 παρά
1884 5157 1991 5206 τῶν

291 5243 612 5319 Αἰγυπτίων
668 5241 832 5310 σκεύη
896 5244 1077 5317 χρυσᾶ
1131 5242 1219 5295 καὶ
1282 5241 1513 5316 ἀργυρᾶ,
1570 5241 1660 5296 καὶ
1729 5236 1997 5301 λαϐόντας

289 5334 543 5406 ἐξελθεῖν.
604 5325 1021 5404 Ἀπολαμὸἀνει
1077 5329 1177 5405 γὰρ
1253 5328 1468 5400 ἐξιοῦσα
1523 5336 1620 5386 τοῦ
1680 5330 1903 5393 σκότους
1960 5332 1995 5399 ἡ

293 5426 450 5500 ψυχὴ
479 5424 547 5480 τὰ
577 5423 786 5499 ἀργυρᾶ
833 5420 924 5477 καὶ
971 5423 1151 5495 χρυσᾶ
1200 5424 1386 5489 σκεύη,
1436 5420 1605 5495 ἤγουν
1657 5419 1784 5482 τοὺς
1828 5417 2001 5483 ἲδίους

293 5513 529 5588 ἀγαθοὺς
591 5511 902 5586 λογισμοὺς
976 5506 1401 5583 πεπυρωμένους
1472 5506 1880 5575 ἐπταπλασίως,
1947 5506 1998 5563 ἐν

298 5605 383 5666 οἷς
441 5600 768 5659 διακονεῖται
823 5599 915 5657 καὶ
974 5597 1368 5657 ἐπαναπαύεται
1420 5597 1447 5654 ὁ
1506 5599 1660 5662 Θεός.
1718 5598 1996 5673 Ἐσκόρπι-

368 5781 393 5820 ε
422 5782 561 5840 Luc.
596 5794 672 5849 ιν,
711 5781 801 5839 18.

621 5882 891 5947 Panos.
938 5881 1049 5946 Gn.
1095 5880 1364 5948 XXXIV.

2103 4792 2499 4865 premebatur,
2560 4788 2857 4854 servitute,
2890 4783 3287 4856 primogenitis
3316 4783 3443 4853 ejus
3482 4781 3804 4836 interfectis

2103 4882 2160 4937 in
2195 4896 2457 4952 egressu.
2505 4879 2633 4933 .lam
2684 4877 2840 4932 enim
2884 4890 3020 4946 pars
3049 4873 3312 4945 quaedam
3367 4871 3635 4941 potentiae
3682 4869 3804 4927 veri

2105 4969 2421 5026 Pharaonis
2452 4967 2671 5023 interit.
2732 4966 2946 5021 Luctus
2990 4966 3237 5033 occupat
3266 4961 3585 5033 Egyptios.
3635 4961 3805 5031 Inge-

2106 5061 2364 5117 miscunt
2395 5059 2548 5113 enim
2582 5054 2912 5112 contristati
2970 5056 3041 5110 de
3099 5052 3286 5109 salute
3344 5053 3575 5121 captivi.
3635 5051 3807 5106 Jubet

2105 5154 2307 5206 mutuo
2339 5147 2598 5218 accipere
2622 5146 2692 5201 ab
2722 5145 3003 5217 [Egyptiis
3037 5159 3177 5198 vasa
3207 5157 3382 5197 aurea
3412 5149 3465 5198 et
3486 5148 3754 5211 argentea
3788 5156 3801 5193 :

2107 5244 2166 5294 et
2195 5236 2267 5290 iis
2323 5232 2577 5305 acceptis
2627 5231 2845 5302 egredi.
2906 5228 3126 5299 Accipit
3182 5227 3362 5293 enim,
3411 5224 3713 5297 egrediens
3741 5239 3810 5277 ex

2109 5324 2365 5383 tenebris
2394 5322 2614 5390 anima,
2664 5324 2935 5391 argentea
2967 5321 3023 5373 et
3081 5334 3252 5373 aurea
3307 5333 3460 5383 vasa,
3520 5311 3808 5373 videlicet,

2111 5432 2247 5474 suas
2277 5414 2489 5485 probas
2546 5408 2928 5480 cogitationes
2976 5405 3245 5479 septuplo
3277 5404 3632 5464 fervidiores,
3678 5397 3809 5485 qui-

2112 5506 2223 5561 bus
2253 5484 2625 5559 ministratur
2652 5499 2791 5562 Deo.
2813 5502 2873 5554 et
2900 5497 2957 5552 in
2991 5498 3205 5570 quibus
3237 5496 3389 5550 Deus
3429 5484 3810 5559 oonquiescit.

2112 5596 2514 5669 Dispsrserant
2541 5590 2721 5659 enim,
2765 5589 2866 5665 qui
2927 5586 3089 5663 prius
3142 5579 3397 5641 vioiniei
3455 5580 3639 5646 erant,
3697 5574 3813 5631 dae-

3422 5859 3501 5926 26
