  <div class='ocr_page' id='page_1' title='image "/cluster/home/n/w/nwhite01/storage/ocr_20150623/34/mdp.39015041165401/459.png"; bbox 0 0 4130 6286; ppageno 0'>
   <div class='ocr_carea' id='block_1_1' title="bbox 378 346 497 411">
    <p class='ocr_par' dir='ltr' id='par_1_1' title="bbox 378 346 497 411">
     <span class='ocr_line' id='line_1_1' title="bbox 378 346 497 411; baseline -0.025 0"><span class='ocrx_word' id='word_1_1' title='bbox 378 346 497 411; x_wconf 83' lang='grc'><strong>803</strong></span> 
     </span>
    </p>
   </div>
   <div class='ocr_carea' id='block_1_2' title="bbox 1679 334 2505 409">
    <p class='ocr_par' dir='ltr' id='par_1_2' title="bbox 1679 334 2505 409">
     <span class='ocr_line' id='line_1_2' title="bbox 1679 334 2505 409; baseline 0.005 -4"><span class='ocrx_word' id='word_1_2' title='bbox 1679 345 1746 405; x_wconf 89' lang='lat' dir='ltr'><strong>S.</strong></span> <span class='ocrx_word' id='word_1_3' title='bbox 1792 334 2121 408; x_wconf 74' lang='lat' dir='ltr'><strong>MACARII</strong></span> <span class='ocrx_word' id='word_1_4' title='bbox 2164 336 2505 409; x_wconf 66' lang='lat' dir='ltr'><strong>EGYPTII</strong></span> 
     </span>
    </p>
   </div>
   <div class='ocr_carea' id='block_1_3' title="bbox 3766 338 3891 402">
    <p class='ocr_par' dir='ltr' id='par_1_3' title="bbox 3766 338 3891 402">
     <span class='ocr_line' id='line_1_3' title="bbox 3766 338 3891 402; baseline 0 0"><span class='ocrx_word' id='word_1_5' title='bbox 3766 338 3891 402; x_wconf 68' lang='lat'><strong>804</strong></span> 
     </span>
    </p>
   </div>
   <div class='ocr_carea' id='block_1_4' title="bbox 377 471 2050 554">
    <p class='ocr_par' dir='ltr' id='par_1_4' title="bbox 377 475 2050 552">
     <span class='ocr_line' id='line_1_4' title="bbox 377 475 2050 552; baseline -0.005 -11"><span class='ocrx_word' id='word_1_6' title='bbox 377 497 604 551; x_wconf 87' lang='lat' dir='ltr'><strong>mones,</strong></span> <span class='ocrx_word' id='word_1_7' title='bbox 655 485 712 539; x_wconf 89' lang='lat' dir='ltr'><strong>et</strong></span> <span class='ocrx_word' id='word_1_8' title='bbox 759 486 1107 552; x_wconf 87' lang='lat' dir='ltr'><strong>occuparant</strong></span> <span class='ocrx_word' id='word_1_9' title='bbox 1160 493 1226 535; x_wconf 91' lang='lat' dir='ltr'><strong>ac</strong></span> <span class='ocrx_word' id='word_1_10' title='bbox 1284 475 1638 547; x_wconf 89' lang='lat' dir='ltr'><strong>dissiparant</strong></span> <span class='ocrx_word' id='word_1_11' title='bbox 1692 477 2050 549; x_wconf 72' lang='lat' dir='ltr'><strong>cogitatione:</strong></span> 
     </span>
    </p>
   </div>
   <div class='ocr_carea' id='block_1_5' title="bbox 2163 471 3880 554">
    <p class='ocr_par' dir='ltr' id='par_1_5' title="bbox 2191 471 3880 554">
     <span class='ocr_line' id='line_1_5' title="bbox 2191 471 3880 554; baseline -0.004 -22"><span class='ocrx_word' id='word_1_12' title='bbox 2191 497 2285 533; x_wconf 89' lang='grc' dir='ltr'><strong>σαν</strong></span> <span class='ocrx_word' id='word_1_13' title='bbox 2322 475 2425 552; x_wconf 74' lang='grc' dir='ltr'><strong>γάρ</strong></span> <span class='ocrx_word' id='word_1_14' title='bbox 2474 479 2527 534; x_wconf 77' lang='grc' dir='ltr'>οἱ</span> <span class='ocrx_word' id='word_1_15' title='bbox 2584 475 3006 554; x_wconf 76' lang='grc' dir='ltr'>γειτονεῦσαντες</span> <span class='ocrx_word' id='word_1_16' title='bbox 3066 475 3208 550; x_wconf 77' lang='grc' dir='ltr'><strong>αὐτῇ</strong></span> <span class='ocrx_word' id='word_1_17' title='bbox 3265 471 3549 548; x_wconf 82' lang='grc' dir='ltr'>δαίμονες,</span> <span class='ocrx_word' id='word_1_18' title='bbox 3607 473 3699 528; x_wconf 82' lang='grc' dir='ltr'><strong>καὶ</strong></span> <span class='ocrx_word' id='word_1_19' title='bbox 3753 491 3880 527; x_wconf 82' lang='grc' dir='ltr'>κατ·</span> 
     </span>
    </p>
   </div>
   <div class='ocr_carea' id='block_1_6' title="bbox 376 567 2072 644">
    <p class='ocr_par' dir='ltr' id='par_1_6' title="bbox 376 567 2072 644">
     <span class='ocr_line' id='line_1_6' title="bbox 376 567 2072 644; baseline -0.004 -14"><span class='ocrx_word' id='word_1_20' title='bbox 376 576 523 644; x_wconf 88' lang='lat' dir='ltr'><strong>ejus.</strong></span> <span class='ocrx_word' id='word_1_21' title='bbox 582 576 761 628; x_wconf 91' lang='lat' dir='ltr'><strong>Beata</strong></span> <span class='ocrx_word' id='word_1_22' title='bbox 805 572 1025 641; x_wconf 88' lang='lat' dir='ltr'><strong>anima,</strong></span> <span class='ocrx_word' id='word_1_23' title='bbox 1082 585 1208 640; x_wconf 81' lang='lat' dir='ltr'><strong>quae</strong></span> <span class='ocrx_word' id='word_1_24' title='bbox 1248 567 1551 638; x_wconf 90' lang='lat' dir='ltr'><strong>redempta</strong></span> <span class='ocrx_word' id='word_1_25' title='bbox 1574 574 1663 624; x_wconf 86' lang='lat' dir='ltr'><strong>est</strong></span> <span class='ocrx_word' id='word_1_26' title='bbox 1704 583 1735 623; x_wconf 90' lang='lat' dir='ltr'><strong>e</strong></span> <span class='ocrx_word' id='word_1_27' title='bbox 1777 567 2072 625; x_wconf 81' lang='lat' dir='ltr'><strong>tenebris!</strong></span> 
     </span>
    </p>
   </div>
   <div class='ocr_carea' id='block_1_7' title="bbox 374 654 2080 730">
    <p class='ocr_par' dir='ltr' id='par_1_7' title="bbox 374 654 2080 730">
     <span class='ocr_line' id='line_1_7' title="bbox 374 654 2080 730; baseline -0.004 -12"><span class='ocrx_word' id='word_1_28' title='bbox 374 664 446 718; x_wconf 90' lang='lat' dir='ltr'><strong>Et</strong></span> <span class='ocrx_word' id='word_1_29' title='bbox 468 678 548 717; x_wconf 67' lang='lat' dir='ltr'><strong>ve</strong></span> <span class='ocrx_word' id='word_1_30' title='bbox 602 659 830 725; x_wconf 70' lang='lat' dir='ltr'><strong>anima,</strong></span> <span class='ocrx_word' id='word_1_31' title='bbox 861 675 987 730; x_wconf 70' lang='lat' dir='ltr'><strong>qum</strong></span> <span class='ocrx_word' id='word_1_32' title='bbox 1045 674 1160 714; x_wconf 89' lang='lat' dir='ltr'><strong>non</strong></span> <span class='ocrx_word' id='word_1_33' title='bbox 1217 655 1432 713; x_wconf 87' lang='lat' dir='ltr'><strong>clamat</strong></span> <span class='ocrx_word' id='word_1_34' title='bbox 1470 670 1575 710; x_wconf 91' lang='lat' dir='ltr'><strong>nec</strong></span> <span class='ocrx_word' id='word_1_35' title='bbox 1632 654 1969 727; x_wconf 86' lang='lat' dir='ltr'><strong>ingemiscit</strong></span> <span class='ocrx_word' id='word_1_36' title='bbox 2008 656 2080 711; x_wconf 89' lang='lat' dir='ltr'><strong>ad</strong></span> 
     </span>
    </p>
   </div>
   <div class='ocr_carea' id='block_1_8' title="bbox 374 743 2082 823">
    <p class='ocr_par' dir='ltr' id='par_1_8' title="bbox 374 743 2082 823">
     <span class='ocr_line' id='line_1_8' title="bbox 374 743 2082 823; baseline -0.006 -14"><span class='ocrx_word' id='word_1_37' title='bbox 374 768 536 819; x_wconf 89' lang='lat' dir='ltr'><strong>eum,</strong></span> <span class='ocrx_word' id='word_1_38' title='bbox 574 750 676 823; x_wconf 88' lang='lat' dir='ltr'><strong>qui</strong></span> <span class='ocrx_word' id='word_1_39' title='bbox 729 752 914 819; x_wconf 77' lang='lat' dir='ltr'><strong>potest</strong></span> <span class='ocrx_word' id='word_1_40' title='bbox 967 762 1097 804; x_wconf 90' lang='lat' dir='ltr'><strong>eam</strong></span> <span class='ocrx_word' id='word_1_41' title='bbox 1160 745 1408 802; x_wconf 88' lang='lat' dir='ltr'><strong>liberare</strong></span> <span class='ocrx_word' id='word_1_42' title='bbox 1466 761 1500 801; x_wconf 93' lang='lat' dir='ltr'><strong>a</strong></span> <span class='ocrx_word' id='word_1_43' title='bbox 1546 743 1808 802; x_wconf 80' lang='lat' dir='ltr'><strong>molestis</strong></span> <span class='ocrx_word' id='word_1_44' title='bbox 1860 743 1978 802; x_wconf 89' lang='lat' dir='ltr'><strong>illis</strong></span> <span class='ocrx_word' id='word_1_45' title='bbox 2024 746 2082 800; x_wconf 89' lang='lat' dir='ltr'><strong>et</strong></span> 
     </span>
    </p>
   </div>
   <div class='ocr_carea' id='block_1_9' title="bbox 374 836 1293 912">
    <p class='ocr_par' dir='ltr' id='par_1_9' title="bbox 374 836 1293 912">
     <span class='ocr_line' id='line_1_9' title="bbox 374 836 1293 912; baseline -0.009 -13"><span class='ocrx_word' id='word_1_46' title='bbox 374 842 601 899; x_wconf 86' lang='lat' dir='ltr'><strong>acerbis</strong></span> <span class='ocrx_word' id='word_1_47' title='bbox 630 854 870 912; x_wconf 88' lang='lat' dir='ltr'><strong>operum</strong></span> <span class='ocrx_word' id='word_1_48' title='bbox 886 836 1253 895; x_wconf 78' lang='lat' dir='ltr'><strong>exactoribus</strong></span> <span class='ocrx_word' id='word_1_49' title='bbox 1279 836 1293 892; x_wconf 86' lang='grc' dir='ltr'><strong>ι</strong></span> 
     </span>
    </p>
   </div>
   <div class='ocr_carea' id='block_1_10' title="bbox 442 1012 2080 1079">
    <p class='ocr_par' dir='ltr' id='par_1_10' title="bbox 442 1012 2080 1079">
     <span class='ocr_line' id='line_1_10' title="bbox 442 1012 2080 1079; baseline -0.006 0"><span class='ocrx_word' id='word_1_50' title='bbox 442 1012 544 1079; x_wconf 77' lang='lat' dir='ltr'><strong>XI.</strong></span> <span class='ocrx_word' id='word_1_51' title='bbox 577 1022 809 1078; x_wconf 84' lang='lat' dir='ltr'><strong>Abeunt</strong></span> <span class='ocrx_word' id='word_1_52' title='bbox 839 1018 944 1076; x_wconf 78' lang='lat' dir='ltr'><strong>lilii</strong></span> <span class='ocrx_word' id='word_1_53' title='bbox 994 1017 1171 1075; x_wconf 82' lang='lat' dir='ltr'><strong>Israel</strong></span> <span class='ocrx_word' id='word_1_54' title='bbox 1213 1015 1500 1075; x_wconf 86' lang='lat' dir='ltr'><strong>celebrato</strong></span> <span class='ocrx_word' id='word_1_55' title='bbox 1543 1014 1785 1073; x_wconf 82' lang='lat' dir='ltr'><strong>Pascha.</strong></span> <span class='ocrx_word' id='word_1_56' title='bbox 1847 1014 2080 1071; x_wconf 81' lang='lat' dir='ltr'><strong>Proﬁcit</strong></span> 
     </span>
    </p>
   </div>
   <div class='ocr_carea' id='block_1_11' title="bbox 370 1106 2073 1183">
    <p class='ocr_par' dir='ltr' id='par_1_11' title="bbox 370 1106 2073 1183">
     <span class='ocr_line' id='line_1_11' title="bbox 370 1106 2073 1183; baseline -0.006 -13"><span class='ocrx_word' id='word_1_57' title='bbox 370 1113 586 1179; x_wconf 87' lang='lat' dir='ltr'><strong>anima,</strong></span> <span class='ocrx_word' id='word_1_58' title='bbox 618 1127 746 1183; x_wconf 66' lang='lat' dir='ltr'><strong>quae</strong></span> <span class='ocrx_word' id='word_1_59' title='bbox 782 1109 1006 1181; x_wconf 84' lang='lat' dir='ltr'><strong>accepit</strong></span> <span class='ocrx_word' id='word_1_60' title='bbox 1034 1107 1214 1163; x_wconf 86' lang='lat' dir='ltr'><strong>vitam</strong></span> <span class='ocrx_word' id='word_1_61' title='bbox 1255 1107 1442 1163; x_wconf 79' lang='lat' dir='ltr'><strong>sancti</strong></span> <span class='ocrx_word' id='word_1_62' title='bbox 1488 1106 1767 1177; x_wconf 86' lang='lat' dir='ltr'><strong>Spiritus,</strong></span> <span class='ocrx_word' id='word_1_63' title='bbox 1807 1106 2073 1177; x_wconf 81' lang='lat' dir='ltr'><strong>degusta-</strong></span> 
     </span>
    </p>
   </div>
   <div class='ocr_carea' id='block_1_12' title="bbox 366 1192 2075 1274">
    <p class='ocr_par' dir='ltr' id='par_1_12' title="bbox 366 1192 2075 1274">
     <span class='ocr_line' id='line_1_12' title="bbox 366 1192 2075 1274; baseline -0.006 -16"><span class='ocrx_word' id='word_1_64' title='bbox 366 1203 454 1258; x_wconf 87' lang='lat' dir='ltr'><strong>vit</strong></span> <span class='ocrx_word' id='word_1_65' title='bbox 499 1216 739 1274; x_wconf 88' lang='lat' dir='ltr'><strong>agnum,</strong></span> <span class='ocrx_word' id='word_1_66' title='bbox 772 1200 1019 1268; x_wconf 86' lang='lat' dir='ltr'><strong>ejusque</strong></span> <span class='ocrx_word' id='word_1_67' title='bbox 1059 1195 1341 1265; x_wconf 78' lang='lat' dir='ltr'><strong>sanguine</strong></span> <span class='ocrx_word' id='word_1_68' title='bbox 1372 1199 1548 1250; x_wconf 82' lang='lat' dir='ltr'><strong>uncta</strong></span> <span class='ocrx_word' id='word_1_69' title='bbox 1576 1201 1683 1261; x_wconf 88' lang='lat' dir='ltr'><strong>est,</strong></span> <span class='ocrx_word' id='word_1_70' title='bbox 1716 1197 1775 1251; x_wconf 89' lang='lat' dir='ltr'><strong>et</strong></span> <span class='ocrx_word' id='word_1_71' title='bbox 1822 1192 2075 1248; x_wconf 89' lang='lat' dir='ltr'><strong>comedit</strong></span> 
     </span>
    </p>
   </div>
   <div class='ocr_carea' id='block_1_13' title="bbox 368 1282 2076 1362">
    <p class='ocr_par' dir='ltr' id='par_1_13' title="bbox 368 1282 2076 1362">
     <span class='ocr_line' id='line_1_13' title="bbox 368 1282 2076 1362; baseline -0.007 -15"><span class='ocrx_word' id='word_1_72' title='bbox 368 1307 572 1347; x_wconf 88' lang='lat' dir='ltr'><strong>verum</strong></span> <span class='ocrx_word' id='word_1_73' title='bbox 604 1306 835 1362; x_wconf 85' lang='lat' dir='ltr'><strong>panem,</strong></span> <span class='ocrx_word' id='word_1_74' title='bbox 896 1285 1151 1342; x_wconf 85' lang='lat' dir='ltr'><strong>Verbum</strong></span> <span class='ocrx_word' id='word_1_75' title='bbox 1209 1284 1428 1339; x_wconf 85' lang='lat' dir='ltr'><strong>vivum.</strong></span> <span class='ocrx_word' id='word_1_76' title='bbox 1487 1283 1774 1339; x_wconf 85' lang='lat' dir='ltr'><strong>Columna</strong></span> <span class='ocrx_word' id='word_1_77' title='bbox 1820 1282 1972 1354; x_wconf 81' lang='lat' dir='ltr'><strong>ignis</strong></span> <span class='ocrx_word' id='word_1_78' title='bbox 2018 1284 2076 1338; x_wconf 90' lang='lat' dir='ltr'><strong>et</strong></span> 
     </span>
    </p>
   </div>
   <div class='ocr_carea' id='block_1_14' title="bbox 367 1370 2069 1446">
    <p class='ocr_par' dir='ltr' id='par_1_14' title="bbox 367 1370 2069 1446">
     <span class='ocr_line' id='line_1_14' title="bbox 367 1370 2069 1446; baseline -0.007 -7"><span class='ocrx_word' id='word_1_79' title='bbox 367 1383 645 1439; x_wconf 87' lang='lat' dir='ltr'><strong>columna</strong></span> <span class='ocrx_word' id='word_1_80' title='bbox 685 1379 861 1434; x_wconf 88' lang='lat' dir='ltr'><strong>nubis</strong></span> <span class='ocrx_word' id='word_1_81' title='bbox 910 1376 1045 1433; x_wconf 89' lang='lat' dir='ltr'><strong>illos</strong></span> <span class='ocrx_word' id='word_1_82' title='bbox 1096 1376 1371 1446; x_wconf 65' lang='lat' dir='ltr'><strong>pracedit</strong></span> <span class='ocrx_word' id='word_1_83' title='bbox 1439 1371 1805 1430; x_wconf 74' lang='lat' dir='ltr'><strong>custodiens‘</strong></span> <span class='ocrx_word' id='word_1_84' title='bbox 1840 1390 1853 1428; x_wconf 87' lang='lat'><strong>:</strong></span> <span class='ocrx_word' id='word_1_85' title='bbox 1888 1370 2069 1441; x_wconf 82' lang='lat' dir='ltr'><strong>Spiri-</strong></span> 
     </span>
    </p>
   </div>
   <div class='ocr_carea' id='block_1_15' title="bbox 367 1459 2073 1534">
    <p class='ocr_par' dir='ltr' id='par_1_15' title="bbox 367 1459 2073 1534">
     <span class='ocr_line' id='line_1_15' title="bbox 367 1459 2073 1534; baseline -0.008 -6"><span class='ocrx_word' id='word_1_86' title='bbox 367 1475 462 1528; x_wconf 84' lang='lat' dir='ltr'><strong>tus</strong></span> <span class='ocrx_word' id='word_1_87' title='bbox 492 1475 732 1527; x_wconf 88' lang='lat' dir='ltr'><strong>sanctus</strong></span> <span class='ocrx_word' id='word_1_88' title='bbox 762 1466 1017 1524; x_wconf 72' lang='lat' dir='ltr'><strong>suffulsit</strong></span> <span class='ocrx_word' id='word_1_89' title='bbox 1048 1464 1178 1534; x_wconf 91' lang='lat' dir='ltr'><strong>hos,</strong></span> <span class='ocrx_word' id='word_1_90' title='bbox 1214 1465 1408 1519; x_wconf 82' lang='lat' dir='ltr'><strong>fovens</strong></span> <span class='ocrx_word' id='word_1_91' title='bbox 1465 1466 1521 1519; x_wconf 90' lang='lat' dir='ltr'><strong>et</strong></span> <span class='ocrx_word' id='word_1_92' title='bbox 1570 1462 1828 1533; x_wconf 80' lang='lat' dir='ltr'><strong>dirigens</strong></span> <span class='ocrx_word' id='word_1_93' title='bbox 1870 1461 1931 1517; x_wconf 89' lang='lat' dir='ltr'><strong>in</strong></span> <span class='ocrx_word' id='word_1_94' title='bbox 1988 1459 2073 1515; x_wconf 53' lang='lat' dir='ltr'><strong>ins</strong></span> 
     </span>
    </p>
   </div>
   <div class='ocr_carea' id='block_1_16' title="bbox 366 1551 2069 1634">
    <p class='ocr_par' dir='ltr' id='par_1_16' title="bbox 366 1551 2069 1634">
     <span class='ocr_line' id='line_1_16' title="bbox 366 1551 2069 1634; baseline -0.006 -15"><span class='ocrx_word' id='word_1_95' title='bbox 366 1562 692 1634; x_wconf 85' lang='lat' dir='ltr'><strong>telligentia</strong></span> <span class='ocrx_word' id='word_1_96' title='bbox 722 1559 1004 1615; x_wconf 89' lang='lat' dir='ltr'><strong>animam.</strong></span> <span class='ocrx_word' id='word_1_97' title='bbox 1038 1556 1263 1611; x_wconf 84' lang='lat' dir='ltr'><strong>Pharao</strong></span> <span class='ocrx_word' id='word_1_98' title='bbox 1291 1562 1347 1611; x_wconf 88' lang='lat' dir='ltr'><strong>et</strong></span> <span class='ocrx_word' id='word_1_99' title='bbox 1375 1551 1627 1625; x_wconf 65' lang='lat' dir='ltr'><strong>IEgyptii</strong></span> <span class='ocrx_word' id='word_1_100' title='bbox 1658 1552 2069 1609; x_wconf 88' lang='lat' dir='ltr'><strong>animadversa.</strong></span> 
     </span>
    </p>
   </div>
   <div class='ocr_carea' id='block_1_17' title="bbox 364 1639 2070 1724">
    <p class='ocr_par' dir='ltr' id='par_1_17' title="bbox 364 1639 2070 1724">
     <span class='ocr_line' id='line_1_17' title="bbox 364 1639 2070 1724; baseline -0.009 -15"><span class='ocrx_word' id='word_1_101' title='bbox 364 1650 565 1724; x_wconf 89' lang='lat' dir='ltr'><strong>populi</strong></span> <span class='ocrx_word' id='word_1_102' title='bbox 599 1647 892 1704; x_wconf 87' lang='lat' dir='ltr'><strong>lsraelitici</strong></span> <span class='ocrx_word' id='word_1_103' title='bbox 922 1646 1081 1717; x_wconf 84' lang='lat' dir='ltr'><strong>fuga,</strong></span> <span class='ocrx_word' id='word_1_104' title='bbox 1113 1659 1291 1714; x_wconf 87' lang='lat' dir='ltr'><strong>seque</strong></span> <span class='ocrx_word' id='word_1_105' title='bbox 1339 1640 1573 1699; x_wconf 88' lang='lat' dir='ltr'><strong>servitio</strong></span> <span class='ocrx_word' id='word_1_106' title='bbox 1625 1656 1825 1697; x_wconf 87' lang='lat' dir='ltr'><strong>eorum</strong></span> <span class='ocrx_word' id='word_1_107' title='bbox 1876 1639 2070 1712; x_wconf 89' lang='lat' dir='ltr'><strong>priva-</strong></span> 
     </span>
    </p>
   </div>
   <div class='ocr_carea' id='block_1_18' title="bbox 362 1732 2072 1813">
    <p class='ocr_par' dir='ltr' id='par_1_18' title="bbox 362 1732 2072 1813">
     <span class='ocr_line' id='line_1_18' title="bbox 362 1732 2072 1813; baseline -0.008 -14"><span class='ocrx_word' id='word_1_108' title='bbox 362 1748 513 1813; x_wconf 84' lang='lat' dir='ltr'><strong>tum,</strong></span> <span class='ocrx_word' id='word_1_109' title='bbox 537 1745 595 1798; x_wconf 88' lang='lat' dir='ltr'><strong>et</strong></span> <span class='ocrx_word' id='word_1_110' title='bbox 624 1745 757 1812; x_wconf 91' lang='lat' dir='ltr'><strong>post</strong></span> <span class='ocrx_word' id='word_1_111' title='bbox 804 1736 1328 1810; x_wconf 79' lang='lat' dir='ltr'><strong>primogenitorum</strong></span> <span class='ocrx_word' id='word_1_112' title='bbox 1375 1732 1843 1790; x_wconf 78' lang='lat' dir='ltr'><strong>interfectionem</strong></span> <span class='ocrx_word' id='word_1_113' title='bbox 1877 1746 2072 1803; x_wconf 89' lang='lat' dir='ltr'><strong>perse-</strong></span> 
     </span>
    </p>
   </div>
   <div class='ocr_carea' id='block_1_19' title="bbox 363 1822 2144 1910">
    <p class='ocr_par' dir='ltr' id='par_1_19' title="bbox 363 1822 2144 1910">
     <span class='ocr_line' id='line_1_19' title="bbox 363 1822 2144 1910; baseline -0.006 -23"><span class='ocrx_word' id='word_1_114' title='bbox 363 1835 461 1904; x_wconf 88' lang='lat' dir='ltr'><strong>qui</strong></span> <span class='ocrx_word' id='word_1_115' title='bbox 494 1830 659 1886; x_wconf 92' lang='lat' dir='ltr'><strong>illum</strong></span> <span class='ocrx_word' id='word_1_116' title='bbox 690 1844 862 1885; x_wconf 86' lang='lat' dir='ltr'><strong>assus</strong></span> <span class='ocrx_word' id='word_1_117' title='bbox 909 1830 1019 1883; x_wconf 89' lang='lat' dir='ltr'><strong>est.</strong></span> <span class='ocrx_word' id='word_1_118' title='bbox 1061 1824 1421 1880; x_wconf 84' lang='lat' dir='ltr'><strong>chtinanter</strong></span> <span class='ocrx_word' id='word_1_119' title='bbox 1452 1839 1590 1894; x_wconf 91' lang='lat' dir='ltr'><strong>ergo</strong></span> <span class='ocrx_word' id='word_1_120' title='bbox 1636 1822 1912 1879; x_wconf 90' lang='lat' dir='ltr'><strong>curribus</strong></span> <span class='ocrx_word' id='word_1_121' title='bbox 1944 1822 2067 1877; x_wconf 88' lang='lat' dir='ltr'><strong>suis</strong></span> <span class='ocrx_word' id='word_1_122' title='bbox 2098 1843 2144 1910; x_wconf 80' lang='grc' dir='ltr'><strong>Β</strong></span> 
     </span>
    </p>
   </div>
   <div class='ocr_carea' id='block_1_20' title="bbox 356 1911 2066 1993">
    <p class='ocr_par' dir='ltr' id='par_1_20' title="bbox 356 1911 2066 1993">
     <span class='ocr_line' id='line_1_20' title="bbox 356 1911 2066 1993; baseline -0.005 -17"><span class='ocrx_word' id='word_1_123' title='bbox 356 1922 601 1993; x_wconf 84' lang='lat' dir='ltr'><strong>junctis,</strong></span> <span class='ocrx_word' id='word_1_124' title='bbox 660 1935 794 1974; x_wconf 91' lang='lat' dir='ltr'><strong>cum</strong></span> <span class='ocrx_word' id='word_1_125' title='bbox 854 1916 1011 1972; x_wconf 91' lang='lat' dir='ltr'><strong>omni</strong></span> <span class='ocrx_word' id='word_1_126' title='bbox 1067 1913 1280 1986; x_wconf 77' lang='lat' dir='ltr'><strong>pupula</strong></span> <span class='ocrx_word' id='word_1_127' title='bbox 1337 1914 1408 1968; x_wconf 87' lang='lat' dir='ltr'><strong>ad</strong></span> <span class='ocrx_word' id='word_1_128' title='bbox 1456 1928 1555 1969; x_wconf 84' lang='lat' dir='ltr'><strong>eos</strong></span> <span class='ocrx_word' id='word_1_129' title='bbox 1626 1911 2066 1968; x_wconf 80' lang='lat' dir='ltr'><strong>interficiendos</strong></span> 
     </span>
    </p>
   </div>
   <div class='ocr_carea' id='block_1_21' title="bbox 360 2003 2066 2080">
    <p class='ocr_par' dir='ltr' id='par_1_21' title="bbox 360 2003 2066 2080">
     <span class='ocr_line' id='line_1_21' title="bbox 360 2003 2066 2080; baseline -0.007 -13"><span class='ocrx_word' id='word_1_130' title='bbox 360 2009 815 2080; x_wconf 88' lang='lat' dir='ltr'><strong>impellebatur:</strong></span> <span class='ocrx_word' id='word_1_131' title='bbox 860 2006 1219 2077; x_wconf 83' lang='lat' dir='ltr'><strong>jamjamque</strong></span> <span class='ocrx_word' id='word_1_132' title='bbox 1278 2003 1537 2057; x_wconf 83' lang='lat' dir='ltr'><strong>futurum</strong></span> <span class='ocrx_word' id='word_1_133' title='bbox 1577 2017 1711 2056; x_wconf 92' lang='lat' dir='ltr'><strong>cum</strong></span> <span class='ocrx_word' id='word_1_134' title='bbox 1773 2004 1949 2067; x_wconf 85' lang='lat' dir='ltr'><strong>esset,</strong></span> <span class='ocrx_word' id='word_1_135' title='bbox 2001 2003 2066 2056; x_wconf 86' lang='lat' dir='ltr'><strong>ut</strong></span> 
     </span>
    </p>
   </div>
   <div class='ocr_carea' id='block_1_22' title="bbox 360 2089 2063 2171">
    <p class='ocr_par' dir='ltr' id='par_1_22' title="bbox 360 2089 2063 2171">
     <span class='ocr_line' id='line_1_22' title="bbox 360 2089 2063 2171; baseline -0.006 -15"><span class='ocrx_word' id='word_1_136' title='bbox 360 2099 816 2171; x_wconf 85' lang='lat' dir='ltr'><strong>permisceretur</strong></span> <span class='ocrx_word' id='word_1_137' title='bbox 843 2098 946 2161; x_wconf 84' lang='lat' dir='ltr'><strong>eis,</strong></span> <span class='ocrx_word' id='word_1_138' title='bbox 990 2093 1322 2149; x_wconf 84' lang='lat' dir='ltr'><strong>intercessit</strong></span> <span class='ocrx_word' id='word_1_139' title='bbox 1365 2092 1552 2146; x_wconf 89' lang='lat' dir='ltr'><strong>nubes</strong></span> <span class='ocrx_word' id='word_1_140' title='bbox 1604 2090 1656 2145; x_wconf 89' lang='lat' dir='ltr'><strong>in</strong></span> <span class='ocrx_word' id='word_1_141' title='bbox 1690 2089 1903 2151; x_wconf 84' lang='lat' dir='ltr'><strong>medio,</strong></span> <span class='ocrx_word' id='word_1_142' title='bbox 1936 2106 2063 2160; x_wconf 62' lang='lat' dir='ltr'><strong>quae</strong></span> 
     </span>
    </p>
   </div>
   <div class='ocr_carea' id='block_1_23' title="bbox 360 2176 2062 2259">
    <p class='ocr_par' dir='ltr' id='par_1_23' title="bbox 360 2176 2062 2259">
     <span class='ocr_line' id='line_1_23' title="bbox 360 2176 2062 2259; baseline -0.007 -16"><span class='ocrx_word' id='word_1_143' title='bbox 360 2191 466 2244; x_wconf 89' lang='lat' dir='ltr'><strong>hos</strong></span> <span class='ocrx_word' id='word_1_144' title='bbox 497 2186 734 2259; x_wconf 87' lang='lat' dir='ltr'><strong>quidem</strong></span> <span class='ocrx_word' id='word_1_145' title='bbox 767 2184 1023 2241; x_wconf 89' lang='lat' dir='ltr'><strong>tenebris</strong></span> <span class='ocrx_word' id='word_1_146' title='bbox 1055 2183 1298 2238; x_wconf 89' lang='lat' dir='ltr'><strong>obrutos</strong></span> <span class='ocrx_word' id='word_1_147' title='bbox 1336 2178 1731 2249; x_wconf 88' lang='lat' dir='ltr'><strong>impediebat;</strong></span> <span class='ocrx_word' id='word_1_148' title='bbox 1758 2176 1891 2233; x_wconf 90' lang='lat' dir='ltr'><strong>illos</strong></span> <span class='ocrx_word' id='word_1_149' title='bbox 1928 2192 2062 2233; x_wconf 87' lang='lat' dir='ltr'><strong>vero</strong></span> 
     </span>
    </p>
   </div>
   <div class='ocr_carea' id='block_1_24' title="bbox 361 2266 2058 2332">
    <p class='ocr_par' dir='ltr' id='par_1_24' title="bbox 361 2266 2058 2332">
     <span class='ocr_line' id='line_1_24' title="bbox 361 2266 2058 2332; baseline -0.006 -1"><span class='ocrx_word' id='word_1_150' title='bbox 361 2277 491 2332; x_wconf 92' lang='lat' dir='ltr'><strong>luce</strong></span> <span class='ocrx_word' id='word_1_151' title='bbox 531 2276 777 2332; x_wconf 86' lang='lat' dir='ltr'><strong>ducebat</strong></span> <span class='ocrx_word' id='word_1_152' title='bbox 806 2282 864 2331; x_wconf 90' lang='lat' dir='ltr'><strong>et</strong></span> <span class='ocrx_word' id='word_1_153' title='bbox 893 2270 1292 2331; x_wconf 86' lang='lat' dir='ltr'><strong>conservabat.</strong></span> <span class='ocrx_word' id='word_1_154' title='bbox 1326 2270 1392 2325; x_wconf 87' lang='lat' dir='ltr'><strong>Et</strong></span> <span class='ocrx_word' id='word_1_155' title='bbox 1426 2283 1495 2323; x_wconf 89' lang='lat' dir='ltr'><strong>ne</strong></span> <span class='ocrx_word' id='word_1_156' title='bbox 1539 2266 1845 2323; x_wconf 88' lang='lat' dir='ltr'><strong>historiam</strong></span> <span class='ocrx_word' id='word_1_157' title='bbox 1876 2270 2058 2323; x_wconf 89' lang='lat' dir='ltr'><strong>totam</strong></span> 
     </span>
    </p>
   </div>
   <div class='ocr_carea' id='block_1_25' title="bbox 356 2354 2061 2436">
    <p class='ocr_par' dir='ltr' id='par_1_25' title="bbox 356 2354 2061 2436">
     <span class='ocr_line' id='line_1_25' title="bbox 356 2354 2061 2436; baseline -0.008 -13"><span class='ocrx_word' id='word_1_158' title='bbox 356 2366 623 2423; x_wconf 80' lang='lat' dir='ltr'><strong>evolvens</strong></span> <span class='ocrx_word' id='word_1_159' title='bbox 664 2366 979 2436; x_wconf 88' lang='lat' dir='ltr'><strong>producam</strong></span> <span class='ocrx_word' id='word_1_160' title='bbox 1013 2361 1248 2433; x_wconf 80' lang='lat' dir='ltr'><strong>longius</strong></span> <span class='ocrx_word' id='word_1_161' title='bbox 1305 2373 1660 2424; x_wconf 86' lang='lat' dir='ltr'><strong>sermonem,</strong></span> <span class='ocrx_word' id='word_1_162' title='bbox 1717 2372 1885 2413; x_wconf 88' lang='lat' dir='ltr'><strong>sume</strong></span> <span class='ocrx_word' id='word_1_163' title='bbox 1915 2354 2061 2414; x_wconf 86' lang='lat' dir='ltr'><strong>mihi</strong></span> 
     </span>
    </p>
   </div>
   <div class='ocr_carea' id='block_1_26' title="bbox 355 2445 1770 2526">
    <p class='ocr_par' dir='ltr' id='par_1_26' title="bbox 355 2445 1770 2526">
     <span class='ocr_line' id='line_1_26' title="bbox 355 2445 1770 2526; baseline -0.007 -13"><span class='ocrx_word' id='word_1_164' title='bbox 355 2473 454 2526; x_wconf 90' lang='lat' dir='ltr'><strong>per</strong></span> <span class='ocrx_word' id='word_1_165' title='bbox 485 2456 684 2512; x_wconf 89' lang='lat' dir='ltr'><strong>omnia</strong></span> <span class='ocrx_word' id='word_1_166' title='bbox 714 2452 1158 2510; x_wconf 87' lang='lat' dir='ltr'><strong>similitudinem</strong></span> <span class='ocrx_word' id='word_1_167' title='bbox 1188 2449 1262 2507; x_wconf 77' lang='lat' dir='ltr'><strong>ad</strong></span> <span class='ocrx_word' id='word_1_168' title='bbox 1296 2464 1386 2504; x_wconf 88' lang='lat' dir='ltr'><strong>res</strong></span> <span class='ocrx_word' id='word_1_169' title='bbox 1408 2445 1770 2520; x_wconf 87' lang='lat' dir='ltr'><strong>spirituales.</strong></span> 
     </span>
    </p>
   </div>
   <div class='ocr_carea' id='block_1_27' title="bbox 426 2632 2054 2708">
    <p class='ocr_par' dir='ltr' id='par_1_27' title="bbox 426 2632 2054 2708">
     <span class='ocr_line' id='line_1_27' title="bbox 426 2632 2054 2708; baseline -0.002 -15"><span class='ocrx_word' id='word_1_170' title='bbox 426 2636 539 2693; x_wconf 85' lang='lat' dir='ltr'><strong>Xll.</strong></span> <span class='ocrx_word' id='word_1_171' title='bbox 566 2640 748 2705; x_wconf 86' lang='lat' dir='ltr'><strong>Quam</strong></span> <span class='ocrx_word' id='word_1_172' title='bbox 782 2634 1036 2708; x_wconf 89' lang='lat' dir='ltr'><strong>primum</strong></span> <span class='ocrx_word' id='word_1_173' title='bbox 1068 2632 1224 2690; x_wconf 89' lang='lat' dir='ltr'><strong>enim</strong></span> <span class='ocrx_word' id='word_1_174' title='bbox 1253 2632 1453 2689; x_wconf 87' lang='lat' dir='ltr'><strong>anima</strong></span> <span class='ocrx_word' id='word_1_175' title='bbox 1501 2632 1800 2705; x_wconf 67' lang='lat' dir='ltr'><strong>)Egyptios</strong></span> <span class='ocrx_word' id='word_1_176' title='bbox 1829 2633 2054 2705; x_wconf 75' lang='lat' dir='ltr'><strong>effugit,</strong></span> 
     </span>
    </p>
   </div>
   <div class='ocr_carea' id='block_1_28' title="bbox 354 2723 2054 2794">
    <p class='ocr_par' dir='ltr' id='par_1_28' title="bbox 354 2723 2054 2794">
     <span class='ocr_line' id='line_1_28' title="bbox 354 2723 2054 2794; baseline -0.003 -9"><span class='ocrx_word' id='word_1_177' title='bbox 354 2731 633 2785; x_wconf 87' lang='lat' dir='ltr'><strong>accedens</strong></span> <span class='ocrx_word' id='word_1_178' title='bbox 682 2727 880 2781; x_wconf 88' lang='lat' dir='ltr'><strong>divina</strong></span> <span class='ocrx_word' id='word_1_179' title='bbox 912 2724 1169 2794; x_wconf 81' lang='lat' dir='ltr'><strong>potentia</strong></span> <span class='ocrx_word' id='word_1_180' title='bbox 1197 2723 1539 2793; x_wconf 82' lang='lat' dir='ltr'><strong>opitulatur,</strong></span> <span class='ocrx_word' id='word_1_181' title='bbox 1570 2723 1866 2780; x_wconf 84' lang='lat' dir='ltr'><strong>deducens</strong></span> <span class='ocrx_word' id='word_1_182' title='bbox 1924 2739 2054 2782; x_wconf 88' lang='lat' dir='ltr'><strong>eam</strong></span> 
     </span>
    </p>
   </div>
   <div class='ocr_carea' id='block_1_29' title="bbox 353 2813 2056 2885">
    <p class='ocr_par' dir='ltr' id='par_1_29' title="bbox 353 2813 2056 2885">
     <span class='ocr_line' id='line_1_29' title="bbox 353 2813 2056 2885; baseline -0.003 -11"><span class='ocrx_word' id='word_1_183' title='bbox 353 2820 425 2875; x_wconf 87' lang='lat' dir='ltr'><strong>ad</strong></span> <span class='ocrx_word' id='word_1_184' title='bbox 473 2818 791 2874; x_wconf 82' lang='lat' dir='ltr'><strong>veritatem.</strong></span> <span class='ocrx_word' id='word_1_185' title='bbox 855 2814 960 2871; x_wconf 90' lang='lat' dir='ltr'><strong>Ubi</strong></span> <span class='ocrx_word' id='word_1_186' title='bbox 1015 2830 1147 2869; x_wconf 88' lang='lat' dir='ltr'><strong>vero</strong></span> <span class='ocrx_word' id='word_1_187' title='bbox 1191 2815 1521 2885; x_wconf 87' lang='lat' dir='ltr'><strong>cognoverit</strong></span> <span class='ocrx_word' id='word_1_188' title='bbox 1568 2813 1903 2885; x_wconf 86' lang='lat' dir='ltr'><strong>spiritualis</strong></span> <span class='ocrx_word' id='word_1_189' title='bbox 1958 2813 2056 2869; x_wconf 88' lang='lat' dir='ltr'><strong>ille</strong></span> 
     </span>
    </p>
   </div>
   <div class='ocr_carea' id='block_1_30' title="bbox 352 2902 2060 2975">
    <p class='ocr_par' dir='ltr' id='par_1_30' title="bbox 352 2902 2060 2975">
     <span class='ocr_line' id='line_1_30' title="bbox 352 2902 2060 2975; baseline -0.004 -11"><span class='ocrx_word' id='word_1_190' title='bbox 352 2909 595 2975; x_wconf 87' lang='lat' dir='ltr'><strong>Pharao,</strong></span> <span class='ocrx_word' id='word_1_191' title='bbox 628 2922 726 2962; x_wconf 81' lang='lat' dir='ltr'><strong>rex</strong></span> <span class='ocrx_word' id='word_1_192' title='bbox 757 2905 1131 2960; x_wconf 86' lang='lat' dir='ltr'><strong>tenebrarum</strong></span> <span class='ocrx_word' id='word_1_193' title='bbox 1190 2904 1431 2974; x_wconf 89' lang='lat' dir='ltr'><strong>peccati,</strong></span> <span class='ocrx_word' id='word_1_194' title='bbox 1488 2902 1733 2959; x_wconf 83' lang='lat' dir='ltr'><strong>deﬁcere</strong></span> <span class='ocrx_word' id='word_1_195' title='bbox 1760 2920 1793 2958; x_wconf 88' lang='lat' dir='ltr'><strong>a</strong></span> <span class='ocrx_word' id='word_1_196' title='bbox 1822 2918 1881 2959; x_wconf 84' lang='lat' dir='ltr'><strong>se</strong></span> <span class='ocrx_word' id='word_1_197' title='bbox 1939 2902 2060 2958; x_wconf 85' lang='lat' dir='ltr'><strong>ani-</strong></span> 
     </span>
    </p>
   </div>
   <div class='ocr_carea' id='block_1_31' title="bbox 349 2992 2053 3068">
    <p class='ocr_par' dir='ltr' id='par_1_31' title="bbox 349 2992 2053 3068">
     <span class='ocr_line' id='line_1_31' title="bbox 349 2992 2053 3068; baseline -0.005 -11"><span class='ocrx_word' id='word_1_198' title='bbox 349 3016 531 3065; x_wconf 87' lang='lat' dir='ltr'><strong>mam,</strong></span> <span class='ocrx_word' id='word_1_199' title='bbox 563 3002 618 3055; x_wconf 87' lang='lat' dir='ltr'><strong>et</strong></span> <span class='ocrx_word' id='word_1_200' title='bbox 670 2996 925 3068; x_wconf 80' lang='lat' dir='ltr'><strong>eﬂ&#39;ugere</strong></span> <span class='ocrx_word' id='word_1_201' title='bbox 1002 2993 1161 3067; x_wconf 86' lang='lat' dir='ltr'><strong>regni</strong></span> <span class='ocrx_word' id='word_1_202' title='bbox 1220 2994 1312 3049; x_wconf 81' lang='lat' dir='ltr'><strong>sui</strong></span> <span class='ocrx_word' id='word_1_203' title='bbox 1375 2993 1777 3065; x_wconf 86' lang='lat' dir='ltr'><strong>cogitationes,</strong></span> <span class='ocrx_word' id='word_1_204' title='bbox 1834 2992 2053 3065; x_wconf 71' lang='lat' dir='ltr'><strong>quibus</strong></span> 
     </span>
    </p>
   </div>
   <div class='ocr_carea' id='block_1_32' title="bbox 349 3082 2049 3157">
    <p class='ocr_par' dir='ltr' id='par_1_32' title="bbox 349 3082 2049 3157">
     <span class='ocr_line' id='line_1_32' title="bbox 349 3082 2049 3157; baseline -0.005 -11"><span class='ocrx_word' id='word_1_205' title='bbox 349 3091 489 3147; x_wconf 84' lang='lat' dir='ltr'><strong>olim</strong></span> <span class='ocrx_word' id='word_1_206' title='bbox 523 3088 897 3144; x_wconf 85' lang='lat' dir='ltr'><strong>detinebatur</strong></span> <span class='ocrx_word' id='word_1_207' title='bbox 924 3084 1036 3157; x_wconf 68' lang='lat' dir='ltr'><strong>(his</strong></span> <span class='ocrx_word' id='word_1_208' title='bbox 1085 3084 1243 3141; x_wconf 85' lang='lat' dir='ltr'><strong>enim</strong></span> <span class='ocrx_word' id='word_1_209' title='bbox 1303 3089 1443 3139; x_wconf 90' lang='lat' dir='ltr'><strong>sunt</strong></span> <span class='ocrx_word' id='word_1_210' title='bbox 1486 3085 1617 3154; x_wconf 88' lang='lat' dir='ltr'><strong>ejus</strong></span> <span class='ocrx_word' id='word_1_211' title='bbox 1675 3082 2049 3155; x_wconf 86' lang='lat' dir='ltr'><strong>facultates);</strong></span> 
     </span>
    </p>
   </div>
   <div class='ocr_carea' id='block_1_33' title="bbox 2190 561 3885 643">
    <p class='ocr_par' dir='ltr' id='par_1_33' title="bbox 2190 561 3885 643">
     <span class='ocr_line' id='line_1_33' title="bbox 2190 561 3885 643; baseline -0.002 -24"><span class='ocrx_word' id='word_1_212' title='bbox 2190 563 2352 640; x_wconf 66' lang='grc' dir='ltr'>ἔσχον</span> <span class='ocrx_word' id='word_1_213' title='bbox 2401 567 2490 622; x_wconf 85' lang='grc' dir='ltr'><strong>καὶ</strong></span> <span class='ocrx_word' id='word_1_214' title='bbox 2539 565 2883 625; x_wconf 70' lang='grc' dir='ltr'><strong>διεσκέδασαν</strong></span> <span class='ocrx_word' id='word_1_215' title='bbox 2939 567 3037 623; x_wconf 78' lang='grc' dir='ltr'>τοὺ</span> <span class='ocrx_word' id='word_1_216' title='bbox 3094 565 3399 643; x_wconf 71' lang='grc' dir='ltr'>λογισμοὺς</span> <span class='ocrx_word' id='word_1_217' title='bbox 3457 561 3644 633; x_wconf 79' lang='grc' dir='ltr'>αὐτῆς.</span> <span class='ocrx_word' id='word_1_218' title='bbox 3699 566 3885 616; x_wconf 65' lang='lat' dir='ltr'><strong>Mum—</strong></span> 
     </span>
    </p>
   </div>
   <div class='ocr_carea' id='block_1_34' title="bbox 2191 651 3881 736">
    <p class='ocr_par' dir='ltr' id='par_1_34' title="bbox 2191 651 3881 736">
     <span class='ocr_line' id='line_1_34' title="bbox 2191 651 3881 736; baseline -0.003 -25"><span class='ocrx_word' id='word_1_219' title='bbox 2191 657 2279 731; x_wconf 87' lang='grc' dir='ltr'><strong>ρία</strong></span> <span class='ocrx_word' id='word_1_220' title='bbox 2328 659 2362 727; x_wconf 75' lang='grc' dir='ltr'>ἡ</span> <span class='ocrx_word' id='word_1_221' title='bbox 2414 659 2568 733; x_wconf 76' lang='grc' dir='ltr'>ψυχὴ</span> <span class='ocrx_word' id='word_1_222' title='bbox 2608 662 2644 729; x_wconf 78' lang='grc' dir='ltr'>ἡ</span> <span class='ocrx_word' id='word_1_223' title='bbox 2678 659 3016 736; x_wconf 79' lang='grc' dir='ltr'>λυτρωθεὶσα</span> <span class='ocrx_word' id='word_1_224' title='bbox 3044 657 3105 712; x_wconf 71' lang='grc' dir='ltr'>ἐκ</span> <span class='ocrx_word' id='word_1_225' title='bbox 3147 660 3246 712; x_wconf 79' lang='grc' dir='ltr'>τοῦ</span> <span class='ocrx_word' id='word_1_226' title='bbox 3303 652 3527 719; x_wconf 82' lang='grc' dir='ltr'><strong>σκότους</strong></span> <span class='ocrx_word' id='word_1_227' title='bbox 3553 673 3567 687; x_wconf 87' lang='grc'><strong>·</strong></span> <span class='ocrx_word' id='word_1_228' title='bbox 3618 652 3711 709; x_wconf 81' lang='grc' dir='ltr'><strong>καὶ</strong></span> <span class='ocrx_word' id='word_1_229' title='bbox 3760 651 3881 708; x_wconf 77' lang='grc' dir='ltr'>οὐαὶ</span> 
     </span>
    </p>
   </div>
   <div class='ocr_carea' id='block_1_35' title="bbox 2190 739 3883 823">
    <p class='ocr_par' dir='ltr' id='par_1_35' title="bbox 2190 739 3883 823">
     <span class='ocr_line' id='line_1_35' title="bbox 2190 739 3883 823; baseline -0.004 -21"><span class='ocrx_word' id='word_1_230' title='bbox 2190 750 2344 821; x_wconf 74' lang='grc' dir='ltr'>ψυχῇ</span> <span class='ocrx_word' id='word_1_231' title='bbox 2393 752 2461 821; x_wconf 82' lang='grc' dir='ltr'><strong>τῇ</strong></span> <span class='ocrx_word' id='word_1_232' title='bbox 2520 748 2594 820; x_wconf 84' lang='grc' dir='ltr'>μή</span> <span class='ocrx_word' id='word_1_233' title='bbox 2648 749 2862 823; x_wconf 70' lang='grc' dir='ltr'>βοώσῃ,</span> <span class='ocrx_word' id='word_1_234' title='bbox 2910 747 3000 803; x_wconf 81' lang='grc' dir='ltr'><strong>καὶ</strong></span> <span class='ocrx_word' id='word_1_235' title='bbox 3046 744 3370 819; x_wconf 78' lang='grc' dir='ltr'>στεναζούσῃ</span> <span class='ocrx_word' id='word_1_236' title='bbox 3413 745 3548 818; x_wconf 87' lang='grc' dir='ltr'>πρὸς</span> <span class='ocrx_word' id='word_1_237' title='bbox 3593 741 3684 800; x_wconf 81' lang='grc' dir='ltr'>τὸν</span> <span class='ocrx_word' id='word_1_238' title='bbox 3730 739 3883 797; x_wconf 84' lang='grc' dir='ltr'>δυνά-</span> 
     </span>
    </p>
   </div>
   <div class='ocr_carea' id='block_1_36' title="bbox 2192 831 3881 915">
    <p class='ocr_par' dir='ltr' id='par_1_36' title="bbox 2192 831 3881 915">
     <span class='ocr_line' id='line_1_36' title="bbox 2192 831 3881 915; baseline -0.003 -25"><span class='ocrx_word' id='word_1_239' title='bbox 2192 854 2351 907; x_wconf 88' lang='grc' dir='ltr'>μενον</span> <span class='ocrx_word' id='word_1_240' title='bbox 2382 835 2641 912; x_wconf 75' lang='grc' dir='ltr'>ῥύσασθαι</span> <span class='ocrx_word' id='word_1_241' title='bbox 2699 838 2871 907; x_wconf 77' lang='grc' dir='ltr'>αὐτὴν</span> <span class='ocrx_word' id='word_1_242' title='bbox 2919 837 3025 893; x_wconf 83' lang='grc' dir='ltr'>ἀπὸ</span> <span class='ocrx_word' id='word_1_243' title='bbox 3070 840 3176 893; x_wconf 88' lang='grc' dir='ltr'><strong>τῶν</strong></span> <span class='ocrx_word' id='word_1_244' title='bbox 3226 834 3478 915; x_wconf 81' lang='grc' dir='ltr'>χαλετῶν</span> <span class='ocrx_word' id='word_1_245' title='bbox 3534 833 3747 891; x_wconf 79' lang='grc' dir='ltr'>ἐκείνων</span> <span class='ocrx_word' id='word_1_246' title='bbox 3794 831 3881 887; x_wconf 80' lang='grc' dir='ltr'><strong>καὶ</strong></span> 
     </span>
    </p>
   </div>
   <div class='ocr_carea' id='block_1_37' title="bbox 2186 924 2830 1001">
    <p class='ocr_par' dir='ltr' id='par_1_37' title="bbox 2186 924 2830 1001">
     <span class='ocr_line' id='line_1_37' title="bbox 2186 924 2830 1001; baseline 0.006 -23"><span class='ocrx_word' id='word_1_247' title='bbox 2186 929 2398 999; x_wconf 81' lang='grc' dir='ltr'>πικρῶν</span> <span class='ocrx_word' id='word_1_248' title='bbox 2427 924 2830 1001; x_wconf 83' lang='grc' dir='ltr'>ἐργοδιωκτῶν.</span> 
     </span>
    </p>
   </div>
   <div class='ocr_carea' id='block_1_38' title="bbox 2258 1014 3875 1091">
    <p class='ocr_par' dir='ltr' id='par_1_38' title="bbox 2258 1014 3875 1091">
     <span class='ocr_line' id='line_1_38' title="bbox 2258 1014 3875 1091; baseline -0.001 -20"><span class='ocrx_word' id='word_1_249' title='bbox 2258 1016 2361 1073; x_wconf 78' lang='grc' dir='ltr'><strong>1Α’.</strong></span> <span class='ocrx_word' id='word_1_250' title='bbox 2393 1016 2742 1090; x_wconf 75' lang='grc' dir='ltr'>’Δπαίρουσιν</span> <span class='ocrx_word' id='word_1_251' title='bbox 2776 1017 2888 1072; x_wconf 76' lang='grc' dir='ltr'>υἱοὶ</span> <span class='ocrx_word' id='word_1_252' title='bbox 2920 1014 3141 1091; x_wconf 80' lang='grc' dir='ltr'>Ἰσραὴλ</span> <span class='ocrx_word' id='word_1_253' title='bbox 3179 1015 3245 1072; x_wconf 83' lang='grc' dir='ltr'>τὸ</span> <span class='ocrx_word' id='word_1_254' title='bbox 3293 1016 3487 1091; x_wconf 81' lang='grc' dir='ltr'>Πάσχα</span> <span class='ocrx_word' id='word_1_255' title='bbox 3532 1015 3875 1086; x_wconf 75' lang='grc' dir='ltr'>ποιήσαντες.</span> 
     </span>
    </p>
   </div>
   <div class='ocr_carea' id='block_1_39' title="bbox 2185 1100 3879 1180">
    <p class='ocr_par' dir='ltr' id='par_1_39' title="bbox 2185 1100 3879 1180">
     <span class='ocr_line' id='line_1_39' title="bbox 2185 1100 3879 1180; baseline -0.002 -21"><span class='ocrx_word' id='word_1_256' title='bbox 2185 1104 2490 1177; x_wconf 85' lang='grc' dir='ltr'>Προκόπτει</span> <span class='ocrx_word' id='word_1_257' title='bbox 2520 1107 2556 1174; x_wconf 80' lang='grc' dir='ltr'><strong>ἡ</strong></span> <span class='ocrx_word' id='word_1_258' title='bbox 2608 1106 2787 1180; x_wconf 77' lang='grc' dir='ltr'>ψυχὴ,</span> <span class='ocrx_word' id='word_1_259' title='bbox 2834 1100 3077 1161; x_wconf 74' lang='grc' dir='ltr'>λαϐοῦσα</span> <span class='ocrx_word' id='word_1_260' title='bbox 3123 1106 3269 1174; x_wconf 79' lang='grc' dir='ltr'>ζωὴν</span> <span class='ocrx_word' id='word_1_261' title='bbox 3318 1105 3655 1177; x_wconf 75' lang='grc' dir='ltr'>Πνεύματος,</span> <span class='ocrx_word' id='word_1_262' title='bbox 3706 1101 3879 1178; x_wconf 79' lang='grc' dir='ltr'>ἁγίου,</span> 
     </span>
    </p>
   </div>
   <div class='ocr_carea' id='block_1_40' title="bbox 2180 1190 3880 1271">
    <p class='ocr_par' dir='ltr' id='par_1_40' title="bbox 2180 1190 3880 1271">
     <span class='ocr_line' id='line_1_40' title="bbox 2180 1190 3880 1271; baseline -0.003 -20"><span class='ocrx_word' id='word_1_263' title='bbox 2180 1195 2272 1251; x_wconf 85' lang='grc' dir='ltr'><strong>καὶ</strong></span> <span class='ocrx_word' id='word_1_264' title='bbox 2316 1193 2737 1271; x_wconf 79' lang='grc' dir='ltr'>ἀπογευσαμένη</span> <span class='ocrx_word' id='word_1_265' title='bbox 2784 1199 2882 1250; x_wconf 76' lang='grc' dir='ltr'><strong>τοῦ</strong></span> <span class='ocrx_word' id='word_1_266' title='bbox 2930 1193 3149 1267; x_wconf 86' lang='grc' dir='ltr'>ἆμνίου,</span> <span class='ocrx_word' id='word_1_267' title='bbox 3198 1194 3289 1250; x_wconf 87' lang='grc' dir='ltr'><strong>καὶ</strong></span> <span class='ocrx_word' id='word_1_268' title='bbox 3337 1195 3623 1269; x_wconf 82' lang='grc' dir='ltr'>χρισθεῖσα</span> <span class='ocrx_word' id='word_1_269' title='bbox 3670 1191 3749 1264; x_wconf 78' lang='grc' dir='ltr'><strong>τῷ</strong></span> <span class='ocrx_word' id='word_1_270' title='bbox 3793 1190 3880 1247; x_wconf 71' lang='grc' dir='ltr'>α’ί-</span> 
     </span>
    </p>
   </div>
   <div class='ocr_carea' id='block_1_41' title="bbox 2186 1281 3878 1364">
    <p class='ocr_par' dir='ltr' id='par_1_41' title="bbox 2186 1281 3878 1364">
     <span class='ocr_line' id='line_1_41' title="bbox 2186 1281 3878 1364; baseline -0.003 -23"><span class='ocrx_word' id='word_1_271' title='bbox 2186 1307 2311 1358; x_wconf 80' lang='grc' dir='ltr'>ματι</span> <span class='ocrx_word' id='word_1_272' title='bbox 2369 1286 2555 1356; x_wconf 79' lang='grc' dir='ltr'>αὐτοῦ,</span> <span class='ocrx_word' id='word_1_273' title='bbox 2612 1288 2702 1341; x_wconf 81' lang='grc' dir='ltr'><strong>καὶ</strong></span> <span class='ocrx_word' id='word_1_274' title='bbox 2760 1290 3005 1364; x_wconf 78' lang='grc' dir='ltr'>φαγοῦσα</span> <span class='ocrx_word' id='word_1_275' title='bbox 3061 1286 3155 1340; x_wconf 89' lang='grc' dir='ltr'>τὸν</span> <span class='ocrx_word' id='word_1_276' title='bbox 3211 1283 3474 1353; x_wconf 79' lang='grc' dir='ltr'>ἀληθινὸν</span> <span class='ocrx_word' id='word_1_277' title='bbox 3548 1281 3734 1357; x_wconf 79' lang='grc' dir='ltr'>ἄρτον,</span> <span class='ocrx_word' id='word_1_278' title='bbox 3785 1283 3878 1337; x_wconf 81' lang='grc' dir='ltr'>τὸν</span> 
     </span>
    </p>
   </div>
   <div class='ocr_carea' id='block_1_42' title="bbox 2182 1370 3879 1452">
    <p class='ocr_par' dir='ltr' id='par_1_42' title="bbox 2182 1370 3879 1452">
     <span class='ocr_line' id='line_1_42' title="bbox 2182 1370 3879 1452; baseline -0.002 -23"><span class='ocrx_word' id='word_1_279' title='bbox 2182 1380 2354 1444; x_wconf 87' lang='grc' dir='ltr'>ζῶντα</span> <span class='ocrx_word' id='word_1_280' title='bbox 2385 1376 2582 1452; x_wconf 81' lang='grc' dir='ltr'>Λόγον.</span> <span class='ocrx_word' id='word_1_281' title='bbox 2614 1374 2829 1438; x_wconf 81' lang='grc' dir='ltr'>Στύλος</span> <span class='ocrx_word' id='word_1_282' title='bbox 2869 1376 3039 1450; x_wconf 86' lang='grc' dir='ltr'>πυρὸς</span> <span class='ocrx_word' id='word_1_283' title='bbox 3077 1374 3169 1431; x_wconf 90' lang='grc' dir='ltr'><strong>καὶ</strong></span> <span class='ocrx_word' id='word_1_284' title='bbox 3221 1373 3418 1436; x_wconf 73' lang='grc' dir='ltr'>στύλος</span> <span class='ocrx_word' id='word_1_285' title='bbox 3466 1370 3696 1449; x_wconf 66' lang='grc' dir='ltr'>νεφέλης</span> <span class='ocrx_word' id='word_1_286' title='bbox 3742 1371 3879 1427; x_wconf 74' lang='grc' dir='ltr'>ὲκεί-</span> 
     </span>
    </p>
   </div>
   <div class='ocr_carea' id='block_1_43' title="bbox 2177 1462 3879 1542">
    <p class='ocr_par' dir='ltr' id='par_1_43' title="bbox 2177 1462 3879 1542">
     <span class='ocr_line' id='line_1_43' title="bbox 2177 1462 3879 1542; baseline -0.002 -22"><span class='ocrx_word' id='word_1_287' title='bbox 2177 1487 2286 1520; x_wconf 87' lang='grc' dir='ltr'><strong>νων</strong></span> <span class='ocrx_word' id='word_1_288' title='bbox 2330 1471 2657 1541; x_wconf 82' lang='grc' dir='ltr'>προηγεῖται</span> <span class='ocrx_word' id='word_1_289' title='bbox 2701 1462 2987 1542; x_wconf 73' lang='grc' dir='ltr'><strong>φυλάττων</strong></span> <span class='ocrx_word' id='word_1_290' title='bbox 3025 1463 3123 1519; x_wconf 76' lang='grc' dir='ltr'><strong>’τὸ</strong></span> <span class='ocrx_word' id='word_1_291' title='bbox 3172 1468 3395 1536; x_wconf 76' lang='grc' dir='ltr'>Πνεῦμα</span> <span class='ocrx_word' id='word_1_292' title='bbox 3438 1463 3501 1518; x_wconf 77' lang='grc' dir='ltr'>τὸ</span> <span class='ocrx_word' id='word_1_293' title='bbox 3548 1464 3698 1536; x_wconf 80' lang='grc' dir='ltr'>ἅγιον</span> <span class='ocrx_word' id='word_1_294' title='bbox 3743 1462 3879 1517; x_wconf 73' lang='grc' dir='ltr'>ὑπο-</span> 
     </span>
    </p>
   </div>
   <div class='ocr_carea' id='block_1_44' title="bbox 2179 1551 3879 1631">
    <p class='ocr_par' dir='ltr' id='par_1_44' title="bbox 2179 1551 3879 1631">
     <span class='ocr_line' id='line_1_44' title="bbox 2179 1551 3879 1631; baseline -0.004 -19"><span class='ocrx_word' id='word_1_295' title='bbox 2179 1557 2423 1631; x_wconf 83' lang='grc' dir='ltr'>στηρίζει</span> <span class='ocrx_word' id='word_1_296' title='bbox 2478 1557 2726 1627; x_wconf 77' lang='grc' dir='ltr'><strong>τούτους,</strong></span> <span class='ocrx_word' id='word_1_297' title='bbox 2786 1556 2992 1612; x_wconf 85' lang='grc' dir='ltr'>θάλπον</span> <span class='ocrx_word' id='word_1_298' title='bbox 3046 1554 3137 1611; x_wconf 82' lang='grc' dir='ltr'><strong>καί</strong></span> <span class='ocrx_word' id='word_1_299' title='bbox 3212 1552 3449 1626; x_wconf 82' lang='grc' dir='ltr'>ὁδηγοῦν</span> <span class='ocrx_word' id='word_1_300' title='bbox 3517 1552 3569 1608; x_wconf 76' lang='grc' dir='ltr'>ἐν</span> <span class='ocrx_word' id='word_1_301' title='bbox 3634 1551 3879 1622; x_wconf 63' lang='grc' dir='ltr'>αἷσθγὶσει</span> 
     </span>
    </p>
   </div>
   <div class='ocr_carea' id='block_1_45' title="bbox 2176 1642 3878 1720">
    <p class='ocr_par' dir='ltr' id='par_1_45' title="bbox 2176 1642 3878 1720">
     <span class='ocr_line' id='line_1_45' title="bbox 2176 1642 3878 1720; baseline -0.004 -19"><span class='ocrx_word' id='word_1_302' title='bbox 2176 1646 2277 1714; x_wconf 88' lang='grc' dir='ltr'><strong>τήν</strong></span> <span class='ocrx_word' id='word_1_303' title='bbox 2309 1647 2517 1720; x_wconf 68' lang='grc' dir='ltr'>ψυχήν.</span> <span class='ocrx_word' id='word_1_304' title='bbox 2560 1644 2728 1707; x_wconf 73' lang='grc' dir='ltr'>Γνοὺς</span> <span class='ocrx_word' id='word_1_305' title='bbox 2774 1644 2976 1720; x_wconf 78' lang='grc' dir='ltr'>Φαραὼ</span> <span class='ocrx_word' id='word_1_306' title='bbox 3033 1644 3125 1699; x_wconf 76' lang='grc' dir='ltr'><strong>καὶ</strong></span> <span class='ocrx_word' id='word_1_307' title='bbox 3175 1644 3229 1698; x_wconf 79' lang='grc' dir='ltr'>οἱ</span> <span class='ocrx_word' id='word_1_308' title='bbox 3285 1642 3572 1717; x_wconf 74' lang='grc' dir='ltr'>Αἰγύπτιοι</span> <span class='ocrx_word' id='word_1_309' title='bbox 3624 1643 3721 1711; x_wconf 74' lang='grc' dir='ltr'>τὴν</span> <span class='ocrx_word' id='word_1_310' title='bbox 3780 1646 3878 1697; x_wconf 70' lang='grc' dir='ltr'><strong>τοῦ</strong></span> 
     </span>
    </p>
   </div>
   <div class='ocr_carea' id='block_1_46' title="bbox 2179 1729 3879 1813">
    <p class='ocr_par' dir='ltr' id='par_1_46' title="bbox 2179 1729 3879 1813">
     <span class='ocr_line' id='line_1_46' title="bbox 2179 1729 3879 1813; baseline -0.003 -24"><span class='ocrx_word' id='word_1_311' title='bbox 2179 1734 2316 1789; x_wconf 79' lang='grc' dir='ltr'>λαοῦ</span> <span class='ocrx_word' id='word_1_312' title='bbox 2356 1736 2568 1813; x_wconf 59' lang='grc' dir='ltr'>φωγὴν,</span> <span class='ocrx_word' id='word_1_313' title='bbox 2616 1734 2706 1789; x_wconf 83' lang='grc' dir='ltr'><strong>καὶ</strong></span> <span class='ocrx_word' id='word_1_314' title='bbox 2753 1736 2852 1802; x_wconf 76' lang='grc' dir='ltr'>τὴν</span> <span class='ocrx_word' id='word_1_315' title='bbox 2905 1734 2965 1788; x_wconf 74' lang='grc' dir='ltr'>ὲκ</span> <span class='ocrx_word' id='word_1_316' title='bbox 3010 1736 3109 1799; x_wconf 82' lang='grc' dir='ltr'>τῆς</span> <span class='ocrx_word' id='word_1_317' title='bbox 3160 1729 3412 1795; x_wconf 83' lang='grc' dir='ltr'>δουλείας</span> <span class='ocrx_word' id='word_1_318' title='bbox 3457 1730 3630 1787; x_wconf 79' lang='grc' dir='ltr'>αὐτῶν</span> <span class='ocrx_word' id='word_1_319' title='bbox 3684 1729 3879 1805; x_wconf 65' lang='grc' dir='ltr'>στερη-</span> 
     </span>
    </p>
   </div>
   <div class='ocr_carea' id='block_1_47' title="bbox 2176 1817 3877 1897">
    <p class='ocr_par' dir='ltr' id='par_1_47' title="bbox 2176 1817 3877 1897">
     <span class='ocr_line' id='line_1_47' title="bbox 2176 1817 3877 1897; baseline -0.003 -18"><span class='ocrx_word' id='word_1_320' title='bbox 2176 1843 2280 1894; x_wconf 92' lang='grc' dir='ltr'>σιν,</span> <span class='ocrx_word' id='word_1_321' title='bbox 2311 1824 2402 1880; x_wconf 81' lang='grc' dir='ltr'><strong>καὶ</strong></span> <span class='ocrx_word' id='word_1_322' title='bbox 2437 1825 2572 1896; x_wconf 83' lang='grc' dir='ltr'>μετὰ</span> <span class='ocrx_word' id='word_1_323' title='bbox 2595 1826 2696 1893; x_wconf 85' lang='grc' dir='ltr'><strong>τήν</strong></span> <span class='ocrx_word' id='word_1_324' title='bbox 2743 1829 2851 1879; x_wconf 84' lang='grc' dir='ltr'><strong>τῶν</strong></span> <span class='ocrx_word' id='word_1_325' title='bbox 2897 1823 3265 1897; x_wconf 81' lang='grc' dir='ltr'><strong>πρωτοτόκων</strong></span> <span class='ocrx_word' id='word_1_326' title='bbox 3316 1822 3610 1892; x_wconf 78' lang='grc' dir='ltr'>ἀναίρεσιν,</span> <span class='ocrx_word' id='word_1_327' title='bbox 3658 1817 3877 1875; x_wconf 80' lang='grc' dir='ltr'>διώκειν</span> 
     </span>
    </p>
   </div>
   <div class='ocr_carea' id='block_1_48' title="bbox 2175 1910 3874 1991">
    <p class='ocr_par' dir='ltr' id='par_1_48' title="bbox 2175 1910 3874 1991">
     <span class='ocr_line' id='line_1_48' title="bbox 2175 1910 3874 1991; baseline -0.002 -24"><span class='ocrx_word' id='word_1_328' title='bbox 2175 1913 2496 1991; x_wconf 74' lang='grc' dir='ltr'>ὲθφάρσησε.</span> <span class='ocrx_word' id='word_1_329' title='bbox 2535 1910 2758 1988; x_wconf 78' lang='grc' dir='ltr'>Σπουδῇ</span> <span class='ocrx_word' id='word_1_330' title='bbox 2807 1914 2912 1988; x_wconf 78' lang='grc' dir='ltr'><strong>γὰρ</strong></span> <span class='ocrx_word' id='word_1_331' title='bbox 2963 1914 3145 1985; x_wconf 80' lang='grc' dir='ltr'>ζεύξας</span> <span class='ocrx_word' id='word_1_332' title='bbox 3178 1912 3246 1967; x_wconf 69' lang='grc' dir='ltr'><strong>τὰ</strong></span> <span class='ocrx_word' id='word_1_333' title='bbox 3295 1913 3510 1985; x_wconf 81' lang='grc' dir='ltr'>ἅρματα</span> <span class='ocrx_word' id='word_1_334' title='bbox 3550 1911 3737 1979; x_wconf 69' lang='grc' dir='ltr'>αὐτοῦ,</span> <span class='ocrx_word' id='word_1_335' title='bbox 3783 1910 3874 1964; x_wconf 82' lang='grc' dir='ltr'><strong>καὶ</strong></span> 
     </span>
    </p>
   </div>
   <div class='ocr_carea' id='block_1_49' title="bbox 2179 1998 3869 2076">
    <p class='ocr_par' dir='ltr' id='par_1_49' title="bbox 2179 1998 3869 2076">
     <span class='ocr_line' id='line_1_49' title="bbox 2179 1998 3869 2076; baseline -0.003 -18"><span class='ocrx_word' id='word_1_336' title='bbox 2179 2005 2312 2076; x_wconf 76' lang='grc' dir='ltr'>μετὰ</span> <span class='ocrx_word' id='word_1_337' title='bbox 2373 2004 2571 2068; x_wconf 85' lang='grc' dir='ltr'>παντὸς</span> <span class='ocrx_word' id='word_1_338' title='bbox 2618 2007 2717 2059; x_wconf 76' lang='grc' dir='ltr'><strong>τοῦ</strong></span> <span class='ocrx_word' id='word_1_339' title='bbox 2764 2003 2903 2058; x_wconf 80' lang='grc' dir='ltr'>λαοῦ</span> <span class='ocrx_word' id='word_1_340' title='bbox 2947 2002 3031 2058; x_wconf 75' lang='grc' dir='ltr'><strong>ἐπ’</strong></span> <span class='ocrx_word' id='word_1_341' title='bbox 3078 2000 3272 2063; x_wconf 70' lang='grc' dir='ltr'>αὐτοὺς</span> <span class='ocrx_word' id='word_1_342' title='bbox 3322 2000 3528 2057; x_wconf 78' lang='grc' dir='ltr'>ἀνελεῖν</span> <span class='ocrx_word' id='word_1_343' title='bbox 3593 1998 3869 2073; x_wconf 79' lang='grc' dir='ltr'><strong>ἠπείγετο·</strong></span> 
     </span>
    </p>
   </div>
   <div class='ocr_carea' id='block_1_50' title="bbox 2172 2088 3872 2167">
    <p class='ocr_par' dir='ltr' id='par_1_50' title="bbox 2172 2088 3872 2167">
     <span class='ocr_line' id='line_1_50' title="bbox 2172 2088 3872 2167; baseline -0.002 -20"><span class='ocrx_word' id='word_1_344' title='bbox 2172 2090 2282 2162; x_wconf 77' lang='grc' dir='ltr'>ἤδη</span> <span class='ocrx_word' id='word_1_345' title='bbox 2368 2092 2670 2165; x_wconf 69' lang='grc' dir='ltr'>μέλλοντος</span> <span class='ocrx_word' id='word_1_346' title='bbox 2726 2091 3111 2166; x_wconf 72' lang='grc' dir='ltr'>ἀναμίγνυσθαι</span> <span class='ocrx_word' id='word_1_347' title='bbox 3180 2088 3609 2158; x_wconf 75' lang='grc' dir='ltr'>αὐτοῖς,⁴ίστατο</span> <span class='ocrx_word' id='word_1_348' title='bbox 3677 2088 3872 2167; x_wconf 61' lang='grc' dir='ltr'>νεᾳὲλη</span> 
     </span>
    </p>
   </div>
   <div class='ocr_carea' id='block_1_51' title="bbox 2173 2179 3875 2256">
    <p class='ocr_par' dir='ltr' id='par_1_51' title="bbox 2173 2179 3875 2256">
     <span class='ocr_line' id='line_1_51' title="bbox 2173 2179 3875 2256; baseline -0.002 -19"><span class='ocrx_word' id='word_1_349' title='bbox 2173 2181 2224 2237; x_wconf 70' lang='grc' dir='ltr'>ἐν</span> <span class='ocrx_word' id='word_1_350' title='bbox 2273 2180 2442 2256; x_wconf 81' lang='grc' dir='ltr'>μέσῳ,</span> <span class='ocrx_word' id='word_1_351' title='bbox 2508 2188 2624 2245; x_wconf 84' lang='grc' dir='ltr'>τοῖς</span> <span class='ocrx_word' id='word_1_352' title='bbox 2694 2183 2788 2256; x_wconf 70' lang='grc' dir='ltr'>μὶν</span> <span class='ocrx_word' id='word_1_353' title='bbox 2857 2179 3230 2255; x_wconf 69' lang='grc' dir='ltr'>ἐμποδίζουσα</span> <span class='ocrx_word' id='word_1_354' title='bbox 3292 2181 3384 2236; x_wconf 79' lang='grc' dir='ltr'>καὶ</span> <span class='ocrx_word' id='word_1_355' title='bbox 3440 2179 3875 2250; x_wconf 77' lang='grc' dir='ltr'>ἐπισκοτίζουσα,</span> 
     </span>
    </p>
   </div>
   <div class='ocr_carea' id='block_1_52' title="bbox 2168 2266 3877 2349">
    <p class='ocr_par' dir='ltr' id='par_1_52' title="bbox 2168 2266 3877 2349">
     <span class='ocr_line' id='line_1_52' title="bbox 2168 2266 3877 2349; baseline -0.002 -23"><span class='ocrx_word' id='word_1_356' title='bbox 2168 2270 2297 2334; x_wconf 74' lang='grc' dir='ltr'>τοὺς</span> <span class='ocrx_word' id='word_1_357' title='bbox 2356 2269 2413 2326; x_wconf 72' lang='grc' dir='ltr'>δὲ</span> <span class='ocrx_word' id='word_1_358' title='bbox 2466 2269 2879 2349; x_wconf 68' lang='grc' dir='ltr'>φωταγωγοῖηά</span> <span class='ocrx_word' id='word_1_359' title='bbox 2935 2292 2992 2327; x_wconf 85' lang='grc' dir='ltr'><strong>τε</strong></span> <span class='ocrx_word' id='word_1_360' title='bbox 3051 2270 3142 2326; x_wconf 80' lang='grc' dir='ltr'><strong>καὶ</strong></span> <span class='ocrx_word' id='word_1_361' title='bbox 3200 2268 3568 2347; x_wconf 78' lang='grc' dir='ltr'>φυλάττουσα.</span> <span class='ocrx_word' id='word_1_362' title='bbox 3638 2268 3735 2326; x_wconf 83' lang='grc' dir='ltr'>Καὶ</span> <span class='ocrx_word' id='word_1_363' title='bbox 3787 2266 3877 2323; x_wconf 73' lang='grc' dir='ltr'>’ίνα</span> 
     </span>
    </p>
   </div>
   <div class='ocr_carea' id='block_1_53' title="bbox 2174 2358 3873 2436">
    <p class='ocr_par' dir='ltr' id='par_1_53' title="bbox 2174 2358 3873 2436">
     <span class='ocr_line' id='line_1_53' title="bbox 2174 2358 3873 2436; baseline -0.002 -18"><span class='ocrx_word' id='word_1_364' title='bbox 2174 2364 2251 2435; x_wconf 75' lang='grc' dir='ltr'>μὴ</span> <span class='ocrx_word' id='word_1_365' title='bbox 2296 2365 2396 2433; x_wconf 80' lang='grc' dir='ltr'><strong>τήν</strong></span> <span class='ocrx_word' id='word_1_366' title='bbox 2446 2362 2689 2436; x_wconf 73' lang='grc' dir='ltr'>ἱστορίαν</span> <span class='ocrx_word' id='word_1_367' title='bbox 2742 2363 2947 2419; x_wconf 74' lang='grc' dir='ltr'>ἅπασαν</span> <span class='ocrx_word' id='word_1_368' title='bbox 2994 2360 3314 2429; x_wconf 79' lang='grc' dir='ltr'>ἀνελίττων,</span> <span class='ocrx_word' id='word_1_369' title='bbox 3366 2362 3595 2435; x_wconf 77' lang='grc' dir='ltr'>μηκὺνω</span> <span class='ocrx_word' id='word_1_370' title='bbox 3644 2360 3734 2416; x_wconf 82' lang='grc' dir='ltr'><strong>τὸν</strong></span> <span class='ocrx_word' id='word_1_371' title='bbox 3765 2358 3873 2415; x_wconf 87' lang='grc' dir='ltr'>λό-</span> 
     </span>
    </p>
   </div>
   <div class='ocr_carea' id='block_1_54' title="bbox 2167 2445 3876 2526">
    <p class='ocr_par' dir='ltr' id='par_1_54' title="bbox 2167 2445 3876 2526">
     <span class='ocr_line' id='line_1_54' title="bbox 2167 2445 3876 2526; baseline -0.001 -20"><span class='ocrx_word' id='word_1_372' title='bbox 2167 2471 2286 2526; x_wconf 86' lang='grc' dir='ltr'>γον,</span> <span class='ocrx_word' id='word_1_373' title='bbox 2318 2445 2453 2507; x_wconf 76' lang='grc' dir='ltr'>λάϐε</span> <span class='ocrx_word' id='word_1_374' title='bbox 2483 2471 2577 2525; x_wconf 89' lang='grc' dir='ltr'><strong>μοι</strong></span> <span class='ocrx_word' id='word_1_375' title='bbox 2619 2448 2671 2505; x_wconf 75' lang='grc' dir='ltr'>ἐν</span> <span class='ocrx_word' id='word_1_376' title='bbox 2703 2455 2835 2505; x_wconf 81' lang='grc' dir='ltr'>πᾶσι</span> <span class='ocrx_word' id='word_1_377' title='bbox 2881 2450 2982 2521; x_wconf 75' lang='grc' dir='ltr'>τήν</span> <span class='ocrx_word' id='word_1_378' title='bbox 3040 2445 3363 2524; x_wconf 73' lang='grc' dir='ltr'>παραϐολὴν</span> <span class='ocrx_word' id='word_1_379' title='bbox 3414 2450 3555 2525; x_wconf 80' lang='grc' dir='ltr'>πρὸς</span> <span class='ocrx_word' id='word_1_380' title='bbox 3601 2448 3670 2504; x_wconf 71' lang='grc' dir='ltr'>τὰ</span> <span class='ocrx_word' id='word_1_381' title='bbox 3712 2470 3876 2505; x_wconf 85' lang='grc' dir='ltr'>πνευ-</span> 
     </span>
    </p>
   </div>
   <div class='ocr_carea' id='block_1_55' title="bbox 2172 2540 2394 2616">
    <p class='ocr_par' dir='ltr' id='par_1_55' title="bbox 2172 2540 2394 2616">
     <span class='ocr_line' id='line_1_55' title="bbox 2172 2540 2394 2616; baseline 0.009 -19"><span class='ocrx_word' id='word_1_382' title='bbox 2172 2562 2275 2616; x_wconf 88' lang='grc' dir='ltr'><strong>ματ</strong></span> <span class='ocrx_word' id='word_1_383' title='bbox 2287 2540 2394 2599; x_wconf 88' lang='grc' dir='ltr'>ικά.</span> 
     </span>
    </p>
   </div>
   <div class='ocr_carea' id='block_1_56' title="bbox 2239 2627 3866 2707">
    <p class='ocr_par' dir='ltr' id='par_1_56' title="bbox 2239 2627 3866 2707">
     <span class='ocr_line' id='line_1_56' title="bbox 2239 2627 3866 2707; baseline -0.002 -19"><span class='ocrx_word' id='word_1_384' title='bbox 2239 2634 2346 2692; x_wconf 83' lang='lat' dir='ltr'><strong>lB&#39;.</strong></span> <span class='ocrx_word' id='word_1_385' title='bbox 2397 2634 2565 2690; x_wconf 85' lang='grc' dir='ltr'>Ὅταν</span> <span class='ocrx_word' id='word_1_386' title='bbox 2624 2631 2730 2707; x_wconf 81' lang='grc' dir='ltr'><strong>γὰρ</strong></span> <span class='ocrx_word' id='word_1_387' title='bbox 2785 2635 3004 2707; x_wconf 87' lang='grc' dir='ltr'>πρῶτον</span> <span class='ocrx_word' id='word_1_388' title='bbox 3057 2631 3094 2700; x_wconf 78' lang='grc' dir='ltr'>ἡ</span> <span class='ocrx_word' id='word_1_389' title='bbox 3143 2630 3299 2704; x_wconf 77' lang='grc' dir='ltr'>ψυχὴ</span> <span class='ocrx_word' id='word_1_390' title='bbox 3354 2629 3481 2693; x_wconf 71' lang='grc' dir='ltr'>τοὺς</span> <span class='ocrx_word' id='word_1_391' title='bbox 3540 2627 3866 2705; x_wconf 73' lang='grc' dir='ltr'>Αἰγυπτίους</span> 
     </span>
    </p>
   </div>
   <div class='ocr_carea' id='block_1_57' title="bbox 2167 2717 3868 2797">
    <p class='ocr_par' dir='ltr' id='par_1_57' title="bbox 2167 2717 3868 2797">
     <span class='ocr_line' id='line_1_57' title="bbox 2167 2717 3868 2797; baseline -0.002 -20"><span class='ocrx_word' id='word_1_392' title='bbox 2167 2722 2441 2796; x_wconf 76' lang='grc' dir='ltr'>ἀποφύγῃ,</span> <span class='ocrx_word' id='word_1_393' title='bbox 2501 2723 2877 2797; x_wconf 65' lang='grc' dir='ltr'>προσελθοῦσα</span> <span class='ocrx_word' id='word_1_394' title='bbox 2934 2721 2968 2787; x_wconf 73' lang='grc' dir='ltr'>ἡ</span> <span class='ocrx_word' id='word_1_395' title='bbox 3026 2723 3123 2775; x_wconf 82' lang='grc' dir='ltr'>τοῦ</span> <span class='ocrx_word' id='word_1_396' title='bbox 3187 2723 3322 2776; x_wconf 73' lang='grc' dir='ltr'>Θεοῦ</span> <span class='ocrx_word' id='word_1_397' title='bbox 3392 2717 3619 2793; x_wconf 71' lang='grc' dir='ltr'>δύναμις</span> <span class='ocrx_word' id='word_1_398' title='bbox 3675 2720 3868 2792; x_wconf 73' lang='grc' dir='ltr'>βοηθεῖ</span> 
     </span>
    </p>
   </div>
   <div class='ocr_carea' id='block_1_58' title="bbox 2166 2807 3863 2888">
    <p class='ocr_par' dir='ltr' id='par_1_58' title="bbox 2166 2807 3863 2888">
     <span class='ocr_line' id='line_1_58' title="bbox 2166 2807 3863 2888; baseline -0.004 -19"><span class='ocrx_word' id='word_1_399' title='bbox 2166 2808 2444 2888; x_wconf 74' lang='grc' dir='ltr'>δδηγοῦσα</span> <span class='ocrx_word' id='word_1_400' title='bbox 2502 2813 2670 2882; x_wconf 77' lang='grc' dir='ltr'>αὐτὴν</span> <span class='ocrx_word' id='word_1_401' title='bbox 2720 2810 2808 2867; x_wconf 79' lang='grc' dir='ltr'><strong>ἒπὶ</strong></span> <span class='ocrx_word' id='word_1_402' title='bbox 2851 2812 2953 2880; x_wconf 81' lang='grc' dir='ltr'>τὴν</span> <span class='ocrx_word' id='word_1_403' title='bbox 3002 2810 3287 2882; x_wconf 74' lang='grc' dir='ltr'>ἀλήθειαν.</span> <span class='ocrx_word' id='word_1_404' title='bbox 3337 2810 3498 2870; x_wconf 74' lang='grc' dir='ltr'>Γνοὺς</span> <span class='ocrx_word' id='word_1_405' title='bbox 3544 2807 3601 2864; x_wconf 69' lang='grc' dir='ltr'>δὲ</span> <span class='ocrx_word' id='word_1_406' title='bbox 3654 2810 3863 2865; x_wconf 80' lang='grc' dir='ltr'>ὁπνευ-</span> 
     </span>
    </p>
   </div>
   <div class='ocr_carea' id='block_1_59' title="bbox 2169 2899 3849 2977">
    <p class='ocr_par' dir='ltr' id='par_1_59' title="bbox 2169 2899 3849 2977">
     <span class='ocr_line' id='line_1_59' title="bbox 2169 2899 3849 2977; baseline -0.004 -19"><span class='ocrx_word' id='word_1_407' title='bbox 2169 2904 2392 2976; x_wconf 83' lang='grc' dir='ltr'>ματικὸς</span> <span class='ocrx_word' id='word_1_408' title='bbox 2432 2901 2657 2974; x_wconf 80' lang='grc' dir='ltr'>Φαραὼ,</span> <span class='ocrx_word' id='word_1_409' title='bbox 2708 2903 2736 2956; x_wconf 86' lang='grc' dir='ltr'>ὁ</span> <span class='ocrx_word' id='word_1_410' title='bbox 2790 2900 3045 2977; x_wconf 79' lang='grc' dir='ltr'>βασιλεὺς</span> <span class='ocrx_word' id='word_1_411' title='bbox 3096 2904 3193 2955; x_wconf 74' lang='grc' dir='ltr'><strong>τοῦ</strong></span> <span class='ocrx_word' id='word_1_412' title='bbox 3251 2899 3468 2961; x_wconf 83' lang='grc' dir='ltr'>σκότους</span> <span class='ocrx_word' id='word_1_413' title='bbox 3521 2900 3619 2963; x_wconf 76' lang='grc' dir='ltr'>τῆς</span> <span class='ocrx_word' id='word_1_414' title='bbox 3676 2899 3849 2970; x_wconf 81' lang='grc' dir='ltr'>ἀμαρ-</span> 
     </span>
    </p>
   </div>
   <div class='ocr_carea' id='block_1_60' title="bbox 2161 2989 3852 3070">
    <p class='ocr_par' dir='ltr' id='par_1_60' title="bbox 2161 2989 3852 3070">
     <span class='ocr_line' id='line_1_60' title="bbox 2161 2989 3852 3070; baseline -0.004 -21"><span class='ocrx_word' id='word_1_415' title='bbox 2161 2992 2298 3063; x_wconf 86' lang='grc' dir='ltr'>τίας,</span> <span class='ocrx_word' id='word_1_416' title='bbox 2368 2992 2451 3047; x_wconf 81' lang='grc' dir='ltr'><strong>ὅτι</strong></span> <span class='ocrx_word' id='word_1_417' title='bbox 2518 2992 2804 3070; x_wconf 72' lang='grc' dir='ltr'>ἀφίσταται</span> <span class='ocrx_word' id='word_1_418' title='bbox 2867 2990 3033 3046; x_wconf 73' lang='grc' dir='ltr'>αὐτοῦ</span> <span class='ocrx_word' id='word_1_419' title='bbox 3088 2991 3125 3059; x_wconf 79' lang='grc' dir='ltr'>ἡ</span> <span class='ocrx_word' id='word_1_420' title='bbox 3182 2990 3365 3064; x_wconf 69' lang='grc' dir='ltr'>ψυχή,</span> <span class='ocrx_word' id='word_1_421' title='bbox 3420 2989 3510 3045; x_wconf 77' lang='grc' dir='ltr'><strong>καὶ</strong></span> <span class='ocrx_word' id='word_1_422' title='bbox 3563 2989 3852 3064; x_wconf 62' lang='grc' dir='ltr'>ἀποφεύγει</span> 
     </span>
    </p>
   </div>
   <div class='ocr_carea' id='block_1_61' title="bbox 2160 3078 3855 3161">
    <p class='ocr_par' dir='ltr' id='par_1_61' title="bbox 2160 3078 3855 3161">
     <span class='ocr_line' id='line_1_61' title="bbox 2160 3078 3855 3161; baseline -0.004 -21"><span class='ocrx_word' id='word_1_423' title='bbox 2160 3091 2260 3154; x_wconf 80' lang='grc' dir='ltr'><strong>τῆς</strong></span> <span class='ocrx_word' id='word_1_424' title='bbox 2331 3083 2608 3161; x_wconf 82' lang='grc' dir='ltr'>βασιλείας</span> <span class='ocrx_word' id='word_1_425' title='bbox 2658 3084 2827 3138; x_wconf 76' lang='grc' dir='ltr'>αὐτοῦ</span> <span class='ocrx_word' id='word_1_426' title='bbox 2872 3083 3000 3143; x_wconf 84' lang='grc' dir='ltr'>τοὺς</span> <span class='ocrx_word' id='word_1_427' title='bbox 3050 3078 3354 3155; x_wconf 81' lang='grc' dir='ltr'>λογισμοὺς</span> <span class='ocrx_word' id='word_1_428' title='bbox 3400 3078 3572 3135; x_wconf 84' lang='grc' dir='ltr'>πάλαι</span> <span class='ocrx_word' id='word_1_429' title='bbox 3616 3098 3855 3153; x_wconf 68' lang='grc' dir='ltr'>κατεχο-</span> 
     </span>
    </p>
   </div>
   <div class='ocr_carea' id='block_1_62' title="bbox 348 3163 2050 3271">
    <p class='ocr_par' dir='ltr' id='par_1_62' title="bbox 348 3169 2044 3244">
     <span class='ocr_line' id='line_1_62' title="bbox 348 3169 2044 3244; baseline -0.004 -11"><span class='ocrx_word' id='word_1_430' title='bbox 348 3174 705 3233; x_wconf 81' lang='lat' dir='ltr'><strong>existimavit</strong></span> <span class='ocrx_word' id='word_1_431' title='bbox 750 3188 815 3230; x_wconf 89' lang='lat' dir='ltr'><strong>ac</strong></span> <span class='ocrx_word' id='word_1_432' title='bbox 848 3188 1015 3244; x_wconf 87' lang='lat' dir='ltr'><strong>spem</strong></span> <span class='ocrx_word' id='word_1_433' title='bbox 1055 3172 1168 3227; x_wconf 88' lang='lat' dir='ltr'><strong>sibi</strong></span> <span class='ocrx_word' id='word_1_434' title='bbox 1218 3171 1351 3227; x_wconf 84' lang='lat' dir='ltr'><strong>fecit</strong></span> <span class='ocrx_word' id='word_1_435' title='bbox 1399 3169 1700 3226; x_wconf 88' lang='lat' dir='ltr'><strong>horribilis</strong></span> <span class='ocrx_word' id='word_1_436' title='bbox 1741 3170 1841 3226; x_wconf 90' lang='lat' dir='ltr'><strong>ille</strong></span> <span class='ocrx_word' id='word_1_437' title='bbox 1887 3170 2044 3228; x_wconf 85' lang='lat' dir='ltr'><strong>illam</strong></span> 
     </span>
    </p>
   </div>
   <div class='ocr_carea' id='block_1_63' title="bbox 2163 3163 3860 3271">
    <p class='ocr_par' dir='ltr' id='par_1_63' title="bbox 2163 3163 3860 3247">
     <span class='ocr_line' id='line_1_63' title="bbox 2163 3163 3860 3247; baseline -0.004 -17"><span class='ocrx_word' id='word_1_438' title='bbox 2163 3174 2356 3247; x_wconf 70' lang='grc' dir='ltr'>μένους</span> <span class='ocrx_word' id='word_1_439' title='bbox 2390 3193 2404 3207; x_wconf 78' lang='grc' dir='ltr'><strong><em>ο</em></strong></span> <span class='ocrx_word' id='word_1_440' title='bbox 2446 3177 2614 3229; x_wconf 78' lang='grc' dir='ltr'>ταῦτα</span> <span class='ocrx_word' id='word_1_441' title='bbox 2677 3174 2783 3246; x_wconf 71' lang='grc' dir='ltr'><strong>γάρ</strong></span> <span class='ocrx_word' id='word_1_442' title='bbox 2850 3170 3017 3226; x_wconf 79' lang='grc' dir='ltr'>αὐτοῦ</span> <span class='ocrx_word' id='word_1_443' title='bbox 3082 3170 3150 3225; x_wconf 73' lang='grc' dir='ltr'><strong>τά</strong></span> <span class='ocrx_word' id='word_1_444' title='bbox 3214 3170 3536 3245; x_wconf 73' lang='grc' dir='ltr'>ὑπάρχοντα</span> <span class='ocrx_word' id='word_1_445' title='bbox 3569 3188 3581 3201; x_wconf 85' lang='grc'><strong>·</strong></span> <span class='ocrx_word' id='word_1_446' title='bbox 3623 3163 3860 3224; x_wconf 68' lang='grc' dir='ltr'>ὑπέλαϐε</span> 
     </span>
    </p>
   </div>
   <div class='ocr_carea' id='block_1_64' title="bbox 349 3256 2050 3331">
    <p class='ocr_par' dir='ltr' id='par_1_64' title="bbox 349 3256 2044 3320">
     <span class='ocr_line' id='line_1_64' title="bbox 349 3256 2044 3320; baseline -0.003 0"><span class='ocrx_word' id='word_1_447' title='bbox 349 3279 706 3320; x_wconf 81' lang='lat' dir='ltr'><strong>reversurum</strong></span> <span class='ocrx_word' id='word_1_448' title='bbox 750 3261 824 3317; x_wconf 88' lang='lat' dir='ltr'><strong>ad</strong></span> <span class='ocrx_word' id='word_1_449' title='bbox 908 3276 990 3317; x_wconf 87' lang='lat' dir='ltr'><strong>se.</strong></span> <span class='ocrx_word' id='word_1_450' title='bbox 1065 3258 1173 3315; x_wconf 87' lang='lat' dir='ltr'><strong>Ubi</strong></span> <span class='ocrx_word' id='word_1_451' title='bbox 1243 3274 1377 3315; x_wconf 92' lang='lat' dir='ltr'><strong>vero</strong></span> <span class='ocrx_word' id='word_1_452' title='bbox 1454 3256 1740 3314; x_wconf 80' lang='lat' dir='ltr'><strong>intellexit</strong></span> <span class='ocrx_word' id='word_1_453' title='bbox 1785 3258 2044 3315; x_wconf 81' lang='lat' dir='ltr'><strong>animum</strong></span> 
     </span>
    </p>
   </div>
   <div class='ocr_carea' id='block_1_65' title="bbox 2163 3256 3856 3331">
    <p class='ocr_par' dir='ltr' id='par_1_65' title="bbox 2163 3257 3856 3331">
     <span class='ocr_line' id='line_1_65' title="bbox 2163 3257 3856 3331; baseline -0.004 -12"><span class='ocrx_word' id='word_1_454' title='bbox 2163 3264 2245 3319; x_wconf 69' lang='grc' dir='ltr'><strong>καὶ</strong></span> <span class='ocrx_word' id='word_1_455' title='bbox 2304 3261 2541 3331; x_wconf 73' lang='grc' dir='ltr'>ἤλπισεν</span> <span class='ocrx_word' id='word_1_456' title='bbox 2597 3262 2625 3317; x_wconf 83' lang='grc' dir='ltr'>ὁ</span> <span class='ocrx_word' id='word_1_457' title='bbox 2684 3259 2879 3330; x_wconf 82' lang='grc' dir='ltr'>δεινὸς,</span> <span class='ocrx_word' id='word_1_458' title='bbox 2938 3258 3102 3315; x_wconf 87' lang='grc' dir='ltr'>πάλιν</span> <span class='ocrx_word' id='word_1_459' title='bbox 3161 3258 3331 3327; x_wconf 78' lang='grc' dir='ltr'>αὐτὴν</span> <span class='ocrx_word' id='word_1_460' title='bbox 3397 3257 3664 3313; x_wconf 64' lang='grc' dir='ltr'>ἐπανιέναι</span> <span class='ocrx_word' id='word_1_461' title='bbox 3718 3257 3856 3330; x_wconf 84' lang='grc' dir='ltr'>πρὸς</span> 
     </span>
    </p>
   </div>
   <div class='ocr_carea' id='block_1_66' title="bbox 346 3348 2048 3420">
    <p class='ocr_par' dir='ltr' id='par_1_66' title="bbox 346 3348 2048 3420">
     <span class='ocr_line' id='line_1_66' title="bbox 346 3348 2048 3420; baseline -0.004 -11"><span class='ocrx_word' id='word_1_462' title='bbox 346 3352 588 3409; x_wconf 89' lang='lat' dir='ltr'><strong>omnino</strong></span> <span class='ocrx_word' id='word_1_463' title='bbox 618 3351 831 3407; x_wconf 88' lang='lat' dir='ltr'><strong>evitare</strong></span> <span class='ocrx_word' id='word_1_464' title='bbox 862 3365 1027 3405; x_wconf 90' lang='lat' dir='ltr'><strong>suam</strong></span> <span class='ocrx_word' id='word_1_465' title='bbox 1059 3349 1449 3420; x_wconf 84' lang='lat' dir='ltr'><strong>tyrannidem,</strong></span> <span class='ocrx_word' id='word_1_466' title='bbox 1481 3349 1636 3404; x_wconf 70' lang='lat' dir='ltr'><strong>cede</strong></span> <span class='ocrx_word' id='word_1_467' title='bbox 1693 3348 2048 3420; x_wconf 86' lang='lat' dir='ltr'><strong>primogeni-</strong></span> 
     </span>
    </p>
   </div>
   <div class='ocr_carea' id='block_1_67' title="bbox 348 3437 2046 3510">
    <p class='ocr_par' dir='ltr' id='par_1_67' title="bbox 348 3437 2046 3510">
     <span class='ocr_line' id='line_1_67' title="bbox 348 3437 2046 3510; baseline -0.002 -13"><span class='ocrx_word' id='word_1_468' title='bbox 348 3447 545 3498; x_wconf 89' lang='lat' dir='ltr'><strong>torum</strong></span> <span class='ocrx_word' id='word_1_469' title='bbox 577 3447 633 3497; x_wconf 86' lang='lat' dir='ltr'><strong>et</strong></span> <span class='ocrx_word' id='word_1_470' title='bbox 664 3442 818 3495; x_wconf 82' lang='lat' dir='ltr'><strong>furto</strong></span> <span class='ocrx_word' id='word_1_471' title='bbox 861 3438 1278 3509; x_wconf 87' lang='lat' dir='ltr'><strong>cogitationum</strong></span> <span class='ocrx_word' id='word_1_472' title='bbox 1336 3437 1746 3510; x_wconf 86' lang='lat' dir='ltr'><strong>impudentius</strong></span> <span class='ocrx_word' id='word_1_473' title='bbox 1775 3438 2046 3507; x_wconf 88' lang='lat' dir='ltr'><strong>accurrit,</strong></span> 
     </span>
    </p>
   </div>
   <div class='ocr_carea' id='block_1_68' title="bbox 343 3528 2047 3600">
    <p class='ocr_par' dir='ltr' id='par_1_68' title="bbox 343 3528 2047 3600">
     <span class='ocr_line' id='line_1_68' title="bbox 343 3528 2047 3600; baseline -0.001 -15"><span class='ocrx_word' id='word_1_474' title='bbox 343 3534 567 3587; x_wconf 89' lang='lat' dir='ltr'><strong>veritus</strong></span> <span class='ocrx_word' id='word_1_475' title='bbox 600 3546 670 3585; x_wconf 92' lang='lat' dir='ltr'><strong>ne</strong></span> <span class='ocrx_word' id='word_1_476' title='bbox 702 3530 900 3584; x_wconf 83' lang='lat' dir='ltr'><strong>forsan</strong></span> <span class='ocrx_word' id='word_1_477' title='bbox 933 3531 1132 3583; x_wconf 88' lang='lat' dir='ltr'><strong>anima</strong></span> <span class='ocrx_word' id='word_1_478' title='bbox 1190 3542 1429 3599; x_wconf 89' lang='lat' dir='ltr'><strong>prorsus</strong></span> <span class='ocrx_word' id='word_1_479' title='bbox 1488 3528 1817 3600; x_wconf 71' lang='lat' dir='ltr'><strong>effugiente,</strong></span> <span class='ocrx_word' id='word_1_480' title='bbox 1874 3544 2047 3585; x_wconf 89' lang='lat' dir='ltr'><strong>nemo</strong></span> 
     </span>
    </p>
   </div>
   <div class='ocr_carea' id='block_1_69' title="bbox 345 3615 2044 3691">
    <p class='ocr_par' dir='ltr' id='par_1_69' title="bbox 345 3615 2044 3691">
     <span class='ocr_line' id='line_1_69' title="bbox 345 3615 2044 3691; baseline -0.002 -14"><span class='ocrx_word' id='word_1_481' title='bbox 345 3618 691 3691; x_wconf 88' lang='lat' dir='ltr'><strong>reperiatur,</strong></span> <span class='ocrx_word' id='word_1_482' title='bbox 725 3617 825 3688; x_wconf 90' lang='lat' dir='ltr'><strong>qui</strong></span> <span class='ocrx_word' id='word_1_483' title='bbox 874 3615 1227 3672; x_wconf 88' lang='lat' dir='ltr'><strong>voluntatem</strong></span> <span class='ocrx_word' id='word_1_484' title='bbox 1283 3621 1341 3672; x_wconf 88' lang='lat' dir='ltr'><strong>et</strong></span> <span class='ocrx_word' id='word_1_485' title='bbox 1387 3630 1535 3687; x_wconf 88' lang='lat' dir='ltr'><strong>opus</strong></span> <span class='ocrx_word' id='word_1_486' title='bbox 1579 3631 1749 3673; x_wconf 88' lang='lat' dir='ltr'><strong>suum</strong></span> <span class='ocrx_word' id='word_1_487' title='bbox 1781 3615 2044 3688; x_wconf 88' lang='lat' dir='ltr'><strong>impleat.</strong></span> 
     </span>
    </p>
   </div>
   <div class='ocr_carea' id='block_1_70' title="bbox 341 3706 2045 3781">
    <p class='ocr_par' dir='ltr' id='par_1_70' title="bbox 341 3706 2045 3781">
     <span class='ocr_line' id='line_1_70' title="bbox 341 3706 2045 3781; baseline -0.001 -15"><span class='ocrx_word' id='word_1_488' title='bbox 341 3709 721 3781; x_wconf 87' lang='lat' dir='ltr'><strong>Persequitur</strong></span> <span class='ocrx_word' id='word_1_489' title='bbox 766 3723 902 3779; x_wconf 88' lang='lat' dir='ltr'><strong>ergo</strong></span> <span class='ocrx_word' id='word_1_490' title='bbox 949 3722 1068 3762; x_wconf 88' lang='lat' dir='ltr'><strong>eam</strong></span> <span class='ocrx_word' id='word_1_491' title='bbox 1113 3706 1552 3773; x_wconf 81' lang='lat' dir='ltr'><strong>afﬂictionibus,</strong></span> <span class='ocrx_word' id='word_1_492' title='bbox 1622 3707 2045 3765; x_wconf 88' lang='lat' dir='ltr'><strong>tentationibus</strong></span> 
     </span>
    </p>
   </div>
   <div class='ocr_carea' id='block_1_71' title="bbox 343 3795 2043 3869">
    <p class='ocr_par' dir='ltr' id='par_1_71' title="bbox 343 3795 2043 3869">
     <span class='ocr_line' id='line_1_71' title="bbox 343 3795 2043 3869; baseline -0.002 -13"><span class='ocrx_word' id='word_1_493' title='bbox 343 3816 411 3856; x_wconf 90' lang='lat' dir='ltr'><strong>ac</strong></span> <span class='ocrx_word' id='word_1_494' title='bbox 446 3798 619 3855; x_wconf 87' lang='lat' dir='ltr'><strong>bellis</strong></span> <span class='ocrx_word' id='word_1_495' title='bbox 670 3796 1081 3867; x_wconf 73' lang='lat' dir='ltr'><strong>invisibilibus.</strong></span> <span class='ocrx_word' id='word_1_496' title='bbox 1135 3797 1237 3853; x_wconf 81' lang='lat' dir='ltr'><strong>llic</strong></span> <span class='ocrx_word' id='word_1_497' title='bbox 1275 3796 1575 3869; x_wconf 89' lang='lat' dir='ltr'><strong>probatur,</strong></span> <span class='ocrx_word' id='word_1_498' title='bbox 1616 3795 1711 3852; x_wconf 89' lang='lat' dir='ltr'><strong>hic</strong></span> <span class='ocrx_word' id='word_1_499' title='bbox 1760 3801 2043 3867; x_wconf 77' lang='lat' dir='ltr'><strong>tentatur,</strong></span> 
     </span>
    </p>
   </div>
   <div class='ocr_carea' id='block_1_72' title="bbox 340 3886 2041 3962">
    <p class='ocr_par' dir='ltr' id='par_1_72' title="bbox 340 3886 2041 3962">
     <span class='ocr_line' id='line_1_72' title="bbox 340 3886 2041 3962; baseline -0.001 -16"><span class='ocrx_word' id='word_1_500' title='bbox 340 3890 436 3946; x_wconf 89' lang='lat' dir='ltr'><strong>hic</strong></span> <span class='ocrx_word' id='word_1_501' title='bbox 466 3893 705 3962; x_wconf 85' lang='lat' dir='ltr'><strong>apparet</strong></span> <span class='ocrx_word' id='word_1_502' title='bbox 734 3903 897 3944; x_wconf 90' lang='lat' dir='ltr'><strong>amor</strong></span> <span class='ocrx_word' id='word_1_503' title='bbox 923 3903 1039 3959; x_wconf 92' lang='lat' dir='ltr'><strong>quo</strong></span> <span class='ocrx_word' id='word_1_504' title='bbox 1090 3903 1248 3957; x_wconf 87' lang='lat' dir='ltr'><strong>eum,</strong></span> <span class='ocrx_word' id='word_1_505' title='bbox 1282 3886 1377 3957; x_wconf 88' lang='lat' dir='ltr'><strong>qui</strong></span> <span class='ocrx_word' id='word_1_506' title='bbox 1421 3887 1622 3943; x_wconf 79' lang='lat' dir='ltr'><strong>eduxit</strong></span> <span class='ocrx_word' id='word_1_507' title='bbox 1651 3903 1721 3943; x_wconf 83' lang='lat' dir='ltr'><strong>ex</strong></span> <span class='ocrx_word' id='word_1_508' title='bbox 1774 3887 2041 3961; x_wconf 68' lang='lat' dir='ltr'><strong>Egypto,</strong></span> 
     </span>
    </p>
   </div>
   <div class='ocr_carea' id='block_1_73' title="bbox 340 3976 2044 4052">
    <p class='ocr_par' dir='ltr' id='par_1_73' title="bbox 340 3976 2044 4052">
     <span class='ocr_line' id='line_1_73' title="bbox 340 3976 2044 4052; baseline -0.001 -17"><span class='ocrx_word' id='word_1_509' title='bbox 340 3979 763 4052; x_wconf 89' lang='lat' dir='ltr'><strong>complectitur,</strong></span> <span class='ocrx_word' id='word_1_510' title='bbox 827 3977 1120 4050; x_wconf 90' lang='lat' dir='ltr'><strong>siquidem</strong></span> <span class='ocrx_word' id='word_1_511' title='bbox 1190 3976 1458 4047; x_wconf 88' lang='lat' dir='ltr'><strong>traditur,</strong></span> <span class='ocrx_word' id='word_1_512' title='bbox 1516 3981 1576 4033; x_wconf 90' lang='lat' dir='ltr'><strong>ut</strong></span> <span class='ocrx_word' id='word_1_513' title='bbox 1625 3978 1925 4049; x_wconf 88' lang='lat' dir='ltr'><strong>probetur,</strong></span> <span class='ocrx_word' id='word_1_514' title='bbox 1987 3982 2044 4034; x_wconf 89' lang='lat' dir='ltr'><strong>et</strong></span> 
     </span>
    </p>
   </div>
   <div class='ocr_carea' id='block_1_74' title="bbox 336 4070 1045 4127">
    <p class='ocr_par' dir='ltr' id='par_1_74' title="bbox 336 4070 1045 4127">
     <span class='ocr_line' id='line_1_74' title="bbox 336 4070 1045 4127; baseline 0 -1"><span class='ocrx_word' id='word_1_515' title='bbox 336 4070 513 4127; x_wconf 89' lang='lat' dir='ltr'><strong>variis</strong></span> <span class='ocrx_word' id='word_1_516' title='bbox 546 4070 737 4126; x_wconf 87' lang='lat' dir='ltr'><strong>modis</strong></span> <span class='ocrx_word' id='word_1_517' title='bbox 768 4072 1045 4126; x_wconf 89' lang='lat' dir='ltr'><strong>tentetur.</strong></span> 
     </span>
    </p>
   </div>
   <div class='ocr_carea' id='block_1_75' title="bbox 404 4335 2036 4395">
    <p class='ocr_par' dir='ltr' id='par_1_75' title="bbox 404 4335 2036 4395">
     <span class='ocr_line' id='line_1_75' title="bbox 404 4335 2036 4395; baseline -0.001 1"><span class='ocrx_word' id='word_1_518' title='bbox 404 4339 547 4395; x_wconf 85' lang='lat' dir='ltr'><strong>XIII.</strong></span> <span class='ocrx_word' id='word_1_519' title='bbox 582 4339 745 4394; x_wconf 90' lang='lat' dir='ltr'><strong>Videt</strong></span> <span class='ocrx_word' id='word_1_520' title='bbox 774 4337 928 4395; x_wconf 89' lang='lat' dir='ltr'><strong>enim</strong></span> <span class='ocrx_word' id='word_1_521' title='bbox 974 4337 1309 4395; x_wconf 83' lang='lat' dir='ltr'><strong>facultatem</strong></span> <span class='ocrx_word' id='word_1_522' title='bbox 1367 4335 1554 4393; x_wconf 89' lang='lat' dir='ltr'><strong>hostis</strong></span> <span class='ocrx_word' id='word_1_523' title='bbox 1610 4335 1899 4394; x_wconf 84' lang='lat' dir='ltr'><strong>volentem</strong></span> <span class='ocrx_word' id='word_1_524' title='bbox 1951 4336 2036 4394; x_wconf 89' lang='lat' dir='ltr'><strong>ir—</strong></span> 
     </span>
    </p>
   </div>
   <div class='ocr_carea' id='block_1_76' title="bbox 333 4427 2032 4499">
    <p class='ocr_par' dir='ltr' id='par_1_76' title="bbox 333 4427 2032 4499">
     <span class='ocr_line' id='line_1_76' title="bbox 333 4427 2032 4499; baseline -0.001 -14"><span class='ocrx_word' id='word_1_525' title='bbox 333 4445 499 4486; x_wconf 89' lang='lat' dir='ltr'><strong>ruere</strong></span> <span class='ocrx_word' id='word_1_526' title='bbox 525 4433 583 4483; x_wconf 93' lang='lat' dir='ltr'><strong>et</strong></span> <span class='ocrx_word' id='word_1_527' title='bbox 612 4428 956 4495; x_wconf 83' lang='lat' dir='ltr'><strong>interﬁcere,</strong></span> <span class='ocrx_word' id='word_1_528' title='bbox 982 4445 1087 4484; x_wconf 90' lang='lat' dir='ltr'><strong>nec</strong></span> <span class='ocrx_word' id='word_1_529' title='bbox 1110 4433 1308 4484; x_wconf 88' lang='lat' dir='ltr'><strong>tamen</strong></span> <span class='ocrx_word' id='word_1_530' title='bbox 1342 4443 1549 4499; x_wconf 90' lang='lat' dir='ltr'><strong>posse;</strong></span> <span class='ocrx_word' id='word_1_531' title='bbox 1585 4427 1817 4483; x_wconf 86' lang='lat' dir='ltr'><strong>medius</strong></span> <span class='ocrx_word' id='word_1_532' title='bbox 1874 4428 2032 4483; x_wconf 89' lang='lat' dir='ltr'><strong>enim</strong></span> 
     </span>
    </p>
   </div>
   <div class='ocr_carea' id='block_1_77' title="bbox 329 4516 2027 4590">
    <p class='ocr_par' dir='ltr' id='par_1_77' title="bbox 329 4516 2027 4590">
     <span class='ocr_line' id='line_1_77' title="bbox 329 4516 2027 4590; baseline -0.002 -13"><span class='ocrx_word' id='word_1_533' title='bbox 329 4522 483 4578; x_wconf 88' lang='lat' dir='ltr'><strong>inter</strong></span> <span class='ocrx_word' id='word_1_534' title='bbox 512 4534 641 4574; x_wconf 88' lang='lat' dir='ltr'><strong>eam</strong></span> <span class='ocrx_word' id='word_1_535' title='bbox 672 4522 728 4574; x_wconf 88' lang='lat' dir='ltr'><strong>et</strong></span> <span class='ocrx_word' id='word_1_536' title='bbox 756 4517 1046 4590; x_wconf 67' lang='lat' dir='ltr'><strong>Egyptios</strong></span> <span class='ocrx_word' id='word_1_537' title='bbox 1101 4518 1342 4589; x_wconf 89' lang='lat' dir='ltr'><strong>spiritus</strong></span> <span class='ocrx_word' id='word_1_538' title='bbox 1399 4516 1672 4573; x_wconf 89' lang='lat' dir='ltr'><strong>consistit</strong></span> <span class='ocrx_word' id='word_1_539' title='bbox 1722 4518 2027 4574; x_wconf 89' lang='lat' dir='ltr'><strong>Dominus.</strong></span> 
     </span>
    </p>
   </div>
   <div class='ocr_carea' id='block_1_78' title="bbox 2153 3350 3858 3425">
    <p class='ocr_par' dir='ltr' id='par_1_78' title="bbox 2153 3350 3858 3425">
     <span class='ocr_line' id='line_1_78' title="bbox 2153 3350 3858 3425; baseline -0.005 -14"><span class='ocrx_word' id='word_1_540' title='bbox 2153 3355 2336 3412; x_wconf 81' lang='grc' dir='ltr'>αὐτόν.</span> <span class='ocrx_word' id='word_1_541' title='bbox 2388 3355 2590 3412; x_wconf 83' lang='grc' dir='ltr'>Μαθὼν</span> <span class='ocrx_word' id='word_1_542' title='bbox 2648 3352 2725 3424; x_wconf 78' lang='grc' dir='ltr'>δὲ,</span> <span class='ocrx_word' id='word_1_543' title='bbox 2785 3352 2869 3407; x_wconf 79' lang='grc' dir='ltr'><strong>ὅτι</strong></span> <span class='ocrx_word' id='word_1_544' title='bbox 2924 3352 3234 3407; x_wconf 72' lang='grc' dir='ltr'>παντάπασι</span> <span class='ocrx_word' id='word_1_545' title='bbox 3291 3350 3481 3425; x_wconf 75' lang='grc' dir='ltr'>φεύγει</span> <span class='ocrx_word' id='word_1_546' title='bbox 3532 3350 3633 3417; x_wconf 77' lang='grc' dir='ltr'>τὴν</span> <span class='ocrx_word' id='word_1_547' title='bbox 3689 3369 3858 3404; x_wconf 83' lang='grc' dir='ltr'>κατα-</span> 
     </span>
    </p>
   </div>
   <div class='ocr_carea' id='block_1_79' title="bbox 2153 3443 3856 3517">
    <p class='ocr_par' dir='ltr' id='par_1_79' title="bbox 2153 3443 3856 3517">
     <span class='ocr_line' id='line_1_79' title="bbox 2153 3443 3856 3517; baseline -0.006 -16"><span class='ocrx_word' id='word_1_548' title='bbox 2153 3443 2461 3501; x_wconf 83' lang='grc' dir='ltr'>δυναστείαν</span> <span class='ocrx_word' id='word_1_549' title='bbox 2516 3445 2682 3500; x_wconf 77' lang='grc' dir='ltr'>αὐτοῦ</span> <span class='ocrx_word' id='word_1_550' title='bbox 2725 3446 2759 3513; x_wconf 77' lang='grc' dir='ltr'><strong>ἡ</strong></span> <span class='ocrx_word' id='word_1_551' title='bbox 2810 3444 2987 3517; x_wconf 80' lang='grc' dir='ltr'>ψυχὴ,</span> <span class='ocrx_word' id='word_1_552' title='bbox 3048 3444 3146 3510; x_wconf 78' lang='grc' dir='ltr'>τῆς</span> <span class='ocrx_word' id='word_1_553' title='bbox 3207 3446 3421 3517; x_wconf 79' lang='grc' dir='ltr'>σφαγῆς</span> <span class='ocrx_word' id='word_1_554' title='bbox 3470 3444 3579 3494; x_wconf 90' lang='grc' dir='ltr'><strong>τῶν</strong></span> <span class='ocrx_word' id='word_1_555' title='bbox 3635 3458 3856 3515; x_wconf 84' lang='grc' dir='ltr'>πρωτο.</span> 
     </span>
    </p>
   </div>
   <div class='ocr_carea' id='block_1_80' title="bbox 2148 3526 3859 3606">
    <p class='ocr_par' dir='ltr' id='par_1_80' title="bbox 2148 3526 3859 3606">
     <span class='ocr_line' id='line_1_80' title="bbox 2148 3526 3859 3606; baseline -0.004 -16"><span class='ocrx_word' id='word_1_556' title='bbox 2148 3535 2325 3590; x_wconf 80' lang='grc' dir='ltr'>τόκων</span> <span class='ocrx_word' id='word_1_557' title='bbox 2380 3535 2471 3590; x_wconf 78' lang='grc' dir='ltr'><strong>καὶ</strong></span> <span class='ocrx_word' id='word_1_558' title='bbox 2515 3531 2735 3603; x_wconf 79' lang='grc' dir='ltr'>κλοπῆς</span> <span class='ocrx_word' id='word_1_559' title='bbox 2776 3537 2884 3588; x_wconf 90' lang='grc' dir='ltr'><strong>τῶν</strong></span> <span class='ocrx_word' id='word_1_560' title='bbox 2931 3530 3210 3606; x_wconf 81' lang='grc' dir='ltr'>λογισμῶν</span> <span class='ocrx_word' id='word_1_561' title='bbox 3264 3526 3637 3603; x_wconf 75' lang='grc' dir='ltr'>ἀναιδέστερον</span> <span class='ocrx_word' id='word_1_562' title='bbox 3685 3549 3859 3603; x_wconf 86' lang='grc' dir='ltr'>προσ-</span> 
     </span>
    </p>
   </div>
   <div class='ocr_carea' id='block_1_81' title="bbox 2151 3616 3848 3705">
    <p class='ocr_par' dir='ltr' id='par_1_81' title="bbox 2151 3616 3848 3705">
     <span class='ocr_line' id='line_1_81' title="bbox 2151 3616 3848 3705; baseline -0.005 -26"><span class='ocrx_word' id='word_1_563' title='bbox 2151 3623 2377 3699; x_wconf 78' lang='grc' dir='ltr'>έδραμε,</span> <span class='ocrx_word' id='word_1_564' title='bbox 2445 3618 2993 3705; x_wconf 12' lang='grc' dir='ltr'>φοϐτ,θεὶςὶμήποτε</span> <span class='ocrx_word' id='word_1_565' title='bbox 3053 3627 3157 3689; x_wconf 83' lang='grc' dir='ltr'><strong>τῆς</strong></span> <span class='ocrx_word' id='word_1_566' title='bbox 3233 3622 3423 3693; x_wconf 77' lang='grc' dir='ltr'>ψυχῆς</span> <span class='ocrx_word' id='word_1_567' title='bbox 3506 3616 3848 3695; x_wconf 65' lang='grc' dir='ltr'>ἑκφυγούσης</span> 
     </span>
    </p>
   </div>
   <div class='ocr_carea' id='block_1_82' title="bbox 2148 3708 3852 3788">
    <p class='ocr_par' dir='ltr' id='par_1_82' title="bbox 2148 3708 3852 3788">
     <span class='ocr_line' id='line_1_82' title="bbox 2148 3708 3852 3788; baseline -0.004 -18"><span class='ocrx_word' id='word_1_568' title='bbox 2148 3713 2427 3777; x_wconf 79' lang='grc' dir='ltr'>παντελῶς</span> <span class='ocrx_word' id='word_1_569' title='bbox 2496 3711 2674 3775; x_wconf 84' lang='grc' dir='ltr'>οὐδεὶς</span> <span class='ocrx_word' id='word_1_570' title='bbox 2737 3712 2947 3788; x_wconf 76' lang='grc' dir='ltr'>εὑρεθῇ,</span> <span class='ocrx_word' id='word_1_571' title='bbox 3020 3711 3050 3766; x_wconf 84' lang='grc' dir='ltr'>ὁ</span> <span class='ocrx_word' id='word_1_572' title='bbox 3114 3711 3176 3765; x_wconf 87' lang='grc' dir='ltr'>τὸ</span> <span class='ocrx_word' id='word_1_573' title='bbox 3243 3708 3462 3783; x_wconf 70' lang='grc' dir='ltr'>θέλημα</span> <span class='ocrx_word' id='word_1_574' title='bbox 3529 3708 3696 3763; x_wconf 65' lang='grc' dir='ltr'>αὐτοῦ</span> <span class='ocrx_word' id='word_1_575' title='bbox 3759 3710 3852 3763; x_wconf 80' lang='grc' dir='ltr'>καὶ</span> 
     </span>
    </p>
   </div>
   <div class='ocr_carea' id='block_1_83' title="bbox 2146 3794 3849 3879">
    <p class='ocr_par' dir='ltr' id='par_1_83' title="bbox 2146 3794 3849 3879">
     <span class='ocr_line' id='line_1_83' title="bbox 2146 3794 3849 3879; baseline -0.004 -20"><span class='ocrx_word' id='word_1_576' title='bbox 2146 3804 2210 3859; x_wconf 86' lang='grc' dir='ltr'><strong>τὸ</strong></span> <span class='ocrx_word' id='word_1_577' title='bbox 2262 3800 2420 3879; x_wconf 82' lang='grc' dir='ltr'>ἔργον</span> <span class='ocrx_word' id='word_1_578' title='bbox 2476 3801 2790 3877; x_wconf 72' lang='grc' dir='ltr'>ἐκπληρῶν.</span> <span class='ocrx_word' id='word_1_579' title='bbox 2851 3796 3190 3859; x_wconf 84' lang='grc' dir='ltr'>Καταδιώκει</span> <span class='ocrx_word' id='word_1_580' title='bbox 3249 3796 3418 3867; x_wconf 77' lang='grc' dir='ltr'>αὐτὴν</span> <span class='ocrx_word' id='word_1_581' title='bbox 3472 3794 3562 3853; x_wconf 73' lang='grc' dir='ltr'>διὸ,</span> <span class='ocrx_word' id='word_1_582' title='bbox 3606 3795 3849 3871; x_wconf 75' lang='grc' dir='ltr'>θλίψεων</span> 
     </span>
    </p>
   </div>
   <div class='ocr_carea' id='block_1_84' title="bbox 2146 3887 3852 3967">
    <p class='ocr_par' dir='ltr' id='par_1_84' title="bbox 2146 3887 3852 3967">
     <span class='ocr_line' id='line_1_84' title="bbox 2146 3887 3852 3967; baseline -0.005 -19"><span class='ocrx_word' id='word_1_583' title='bbox 2146 3894 2237 3948; x_wconf 78' lang='grc' dir='ltr'><strong>καὶ</strong></span> <span class='ocrx_word' id='word_1_584' title='bbox 2304 3898 2642 3967; x_wconf 80' lang='grc' dir='ltr'>πειρασμῶν,</span> <span class='ocrx_word' id='word_1_585' title='bbox 2723 3891 2813 3947; x_wconf 86' lang='grc' dir='ltr'><strong>καὶ</strong></span> <span class='ocrx_word' id='word_1_586' title='bbox 2877 3890 3140 3963; x_wconf 66' lang='grc' dir='ltr'>πολέμων</span> <span class='ocrx_word' id='word_1_587' title='bbox 3223 3887 3496 3962; x_wconf 70' lang='grc' dir='ltr'>ἀοράτων.</span> <span class='ocrx_word' id='word_1_588' title='bbox 3586 3887 3852 3943; x_wconf 74' lang='grc' dir='ltr'>Ἐνταῦθα</span> 
     </span>
    </p>
   </div>
   <div class='ocr_carea' id='block_1_85' title="bbox 2145 3977 3847 4057">
    <p class='ocr_par' dir='ltr' id='par_1_85' title="bbox 2145 3977 3847 4057">
     <span class='ocr_line' id='line_1_85' title="bbox 2145 3977 3847 4057; baseline -0.005 -17"><span class='ocrx_word' id='word_1_589' title='bbox 2145 3983 2519 4057; x_wconf 79' lang='grc' dir='ltr'>δοκιμάζεται,</span> <span class='ocrx_word' id='word_1_590' title='bbox 2582 3984 2803 4039; x_wconf 74' lang='grc' dir='ltr'>ἐνταῦθα</span> <span class='ocrx_word' id='word_1_591' title='bbox 2885 3980 3216 4055; x_wconf 76' lang='grc' dir='ltr'>πειράζεται,</span> <span class='ocrx_word' id='word_1_592' title='bbox 3303 3977 3527 4034; x_wconf 75' lang='grc' dir='ltr'>ἐνταῦθα</span> <span class='ocrx_word' id='word_1_593' title='bbox 3601 3979 3847 4055; x_wconf 73' lang='grc' dir='ltr'>φαίνεται</span> 
     </span>
    </p>
   </div>
   <div class='ocr_carea' id='block_1_86' title="bbox 2143 4069 3846 4151">
    <p class='ocr_par' dir='ltr' id='par_1_86' title="bbox 2143 4069 3846 4151">
     <span class='ocr_line' id='line_1_86' title="bbox 2143 4069 3846 4151; baseline -0.005 -20"><span class='ocrx_word' id='word_1_594' title='bbox 2143 4080 2178 4147; x_wconf 81' lang='grc' dir='ltr'>ἠ</span> <span class='ocrx_word' id='word_1_595' title='bbox 2247 4076 2383 4149; x_wconf 84' lang='grc' dir='ltr'>πρὸς</span> <span class='ocrx_word' id='word_1_596' title='bbox 2452 4076 2542 4130; x_wconf 87' lang='grc' dir='ltr'><strong>τὸν</strong></span> <span class='ocrx_word' id='word_1_597' title='bbox 2608 4074 2865 4151; x_wconf 69' lang='grc' dir='ltr'>ἐξάγοντα</span> <span class='ocrx_word' id='word_1_598' title='bbox 2930 4072 3099 4141; x_wconf 77' lang='grc' dir='ltr'>αὐτὴν</span> <span class='ocrx_word' id='word_1_599' title='bbox 3167 4070 3217 4143; x_wconf 70' lang='grc' dir='ltr'><strong>ἐξ</strong></span> <span class='ocrx_word' id='word_1_600' title='bbox 3290 4070 3569 4145; x_wconf 73' lang='grc' dir='ltr'>Αἰγύπτου</span> <span class='ocrx_word' id='word_1_601' title='bbox 3608 4069 3794 4144; x_wconf 76' lang='grc' dir='ltr'>ἀγάπη</span> <span class='ocrx_word' id='word_1_602' title='bbox 3831 4087 3846 4101; x_wconf 73' lang='grc'><strong><em>⁸</em></strong></span> 
     </span>
    </p>
   </div>
   <div class='ocr_carea' id='block_1_87' title="bbox 2140 4159 3849 4242">
    <p class='ocr_par' dir='ltr' id='par_1_87' title="bbox 2140 4159 3849 4242">
     <span class='ocr_line' id='line_1_87' title="bbox 2140 4159 3849 4242; baseline -0.006 -20"><span class='ocrx_word' id='word_1_603' title='bbox 2140 4164 2501 4242; x_wconf 80' lang='grc' dir='ltr'>παραδίδοται</span> <span class='ocrx_word' id='word_1_604' title='bbox 2560 4165 2663 4242; x_wconf 75' lang='grc' dir='ltr'><strong>γὰρ</strong></span> <span class='ocrx_word' id='word_1_605' title='bbox 2713 4162 3112 4237; x_wconf 84' lang='grc' dir='ltr'>δοκιμασθῆναι</span> <span class='ocrx_word' id='word_1_606' title='bbox 3157 4159 3249 4217; x_wconf 85' lang='grc' dir='ltr'><strong>καὶ</strong></span> <span class='ocrx_word' id='word_1_607' title='bbox 3298 4161 3657 4235; x_wconf 81' lang='grc' dir='ltr'>πειρασθῆναι</span> <span class='ocrx_word' id='word_1_608' title='bbox 3704 4180 3849 4214; x_wconf 68' lang='grc' dir='ltr'>παν-</span> 
     </span>
    </p>
   </div>
   <div class='ocr_carea' id='block_1_88' title="bbox 2142 4255 2411 4320">
    <p class='ocr_par' dir='ltr' id='par_1_88' title="bbox 2142 4255 2411 4320">
     <span class='ocr_line' id='line_1_88' title="bbox 2142 4255 2411 4320; baseline 0 -9"><span class='ocrx_word' id='word_1_609' title='bbox 2142 4255 2411 4320; x_wconf 86' lang='grc' dir='ltr'>τοδαπῶς.</span> 
     </span>
    </p>
   </div>
   <div class='ocr_carea' id='block_1_89' title="bbox 2211 4338 3846 4423">
    <p class='ocr_par' dir='ltr' id='par_1_89' title="bbox 2211 4338 3846 4423">
     <span class='ocr_line' id='line_1_89' title="bbox 2211 4338 3846 4423; baseline -0.007 -18"><span class='ocrx_word' id='word_1_610' title='bbox 2211 4349 2310 4405; x_wconf 88' lang='grc' dir='ltr'><strong>ΙΓ’.</strong></span> <span class='ocrx_word' id='word_1_611' title='bbox 2354 4352 2556 4419; x_wconf 85' lang='grc' dir='ltr'>Θεωρεῖ</span> <span class='ocrx_word' id='word_1_612' title='bbox 2601 4346 2706 4423; x_wconf 79' lang='grc' dir='ltr'><strong>γὰρ</strong></span> <span class='ocrx_word' id='word_1_613' title='bbox 2748 4346 2847 4414; x_wconf 78' lang='grc' dir='ltr'>τὴν</span> <span class='ocrx_word' id='word_1_614' title='bbox 2900 4342 3131 4417; x_wconf 77' lang='grc' dir='ltr'>δύναμιν</span> <span class='ocrx_word' id='word_1_615' title='bbox 3171 4341 3269 4397; x_wconf 78' lang='grc' dir='ltr'><strong>τοῦ</strong></span> <span class='ocrx_word' id='word_1_616' title='bbox 3311 4338 3514 4417; x_wconf 71' lang='grc' dir='ltr'>ἐχθροῦ</span> <span class='ocrx_word' id='word_1_617' title='bbox 3567 4338 3846 4415; x_wconf 85' lang='grc' dir='ltr'>βουλομέ-</span> 
     </span>
    </p>
   </div>
   <div class='ocr_carea' id='block_1_90' title="bbox 2137 4426 3921 4506">
    <p class='ocr_par' dir='ltr' id='par_1_90' title="bbox 2137 4426 3921 4506">
     <span class='ocr_line' id='line_1_90' title="bbox 2137 4426 3921 4506; baseline -0.005 -16"><span class='ocrx_word' id='word_1_618' title='bbox 2137 4457 2235 4505; x_wconf 81' lang='grc' dir='ltr'>νην</span> <span class='ocrx_word' id='word_1_619' title='bbox 2302 4434 2562 4501; x_wconf 77' lang='grc' dir='ltr'>ἐπελθεῖν,</span> <span class='ocrx_word' id='word_1_620' title='bbox 2630 4434 2720 4488; x_wconf 83' lang='grc' dir='ltr'><strong>καὶ</strong></span> <span class='ocrx_word' id='word_1_621' title='bbox 2787 4435 3092 4489; x_wconf 78' lang='grc' dir='ltr'>θανατῶσαι</span> <span class='ocrx_word' id='word_1_622' title='bbox 3157 4431 3247 4485; x_wconf 85' lang='grc' dir='ltr'><strong>καὶ</strong></span> <span class='ocrx_word' id='word_1_623' title='bbox 3315 4432 3392 4504; x_wconf 74' lang='grc' dir='ltr'>μὴ</span> <span class='ocrx_word' id='word_1_624' title='bbox 3460 4426 3840 4506; x_wconf 69' lang='grc' dir='ltr'>ἔξισχύουσαν</span> <span class='ocrx_word' id='word_1_625' title='bbox 3910 4466 3921 4467; x_wconf 43' lang='grc' dir='ltr'><em>κ</em></span> 
     </span>
    </p>
   </div>
   <div class='ocr_carea' id='block_1_91' title="bbox 2142 4514 3842 4601">
    <p class='ocr_par' dir='ltr' id='par_1_91' title="bbox 2142 4514 3842 4601">
     <span class='ocr_line' id='line_1_91' title="bbox 2142 4514 3842 4601; baseline -0.006 -19"><span class='ocrx_word' id='word_1_626' title='bbox 2142 4526 2304 4600; x_wconf 78' lang='grc' dir='ltr'>μέσος</span> <span class='ocrx_word' id='word_1_627' title='bbox 2343 4525 2445 4601; x_wconf 75' lang='grc' dir='ltr'><strong>γάρ</strong></span> <span class='ocrx_word' id='word_1_628' title='bbox 2487 4524 2657 4590; x_wconf 72' lang='grc' dir='ltr'>αὐτῆς</span> <span class='ocrx_word' id='word_1_629' title='bbox 2698 4524 2788 4578; x_wconf 82' lang='grc' dir='ltr'><strong>καὶ</strong></span> <span class='ocrx_word' id='word_1_630' title='bbox 2832 4528 2939 4579; x_wconf 90' lang='grc' dir='ltr'><strong>τῶν</strong></span> <span class='ocrx_word' id='word_1_631' title='bbox 2987 4520 3301 4596; x_wconf 80' lang='grc' dir='ltr'>Αἰγυπτίων</span> <span class='ocrx_word' id='word_1_632' title='bbox 3351 4520 3634 4592; x_wconf 77' lang='grc' dir='ltr'>πνεύματα</span> <span class='ocrx_word' id='word_1_633' title='bbox 3679 4514 3842 4587; x_wconf 62' lang='grc' dir='ltr'>ἔστης</span> 
     </span>
    </p>
   </div>
   <div class='ocr_carea' id='block_1_92' title="bbox 329 4581 2050 4692">
    <p class='ocr_par' dir='ltr' id='par_1_92' title="bbox 329 4581 2027 4682">
     <span class='ocr_line' id='line_1_92' title="bbox 329 4581 2027 4682; baseline -0.003 -15"><span class='ocrx_word' id='word_1_634' title='bbox 329 4611 564 4682; x_wconf 87' lang='lat' dir='ltr'><strong>Spectat</strong></span> <span class='ocrx_word' id='word_1_635' title='bbox 586 4611 780 4663; x_wconf 90' lang='lat' dir='ltr'><strong>autem</strong></span> <span class='ocrx_word' id='word_1_636' title='bbox 814 4581 1187 4663; x_wconf 27' lang='lat' dir='ltr'><strong>sib-interiori</strong></span> <span class='ocrx_word' id='word_1_637' title='bbox 1247 4611 1409 4677; x_wconf 89' lang='lat' dir='ltr'><strong>parte</strong></span> <span class='ocrx_word' id='word_1_638' title='bbox 1466 4621 1623 4662; x_wconf 89' lang='lat' dir='ltr'><strong>mare</strong></span> <span class='ocrx_word' id='word_1_639' title='bbox 1678 4606 2027 4662; x_wconf 86' lang='lat' dir='ltr'><strong>amaritudi-</strong></span> 
     </span>
    </p>
   </div>
   <div class='ocr_carea' id='block_1_93' title="bbox 2163 4581 3841 4692">
    <p class='ocr_par' dir='ltr' id='par_1_93' title="bbox 2163 4581 3841 4692">
     <span class='ocr_line' id='line_1_93' title="bbox 2163 4581 3841 4692; baseline -0.007 -21"><span class='ocrx_word' id='word_1_640' title='bbox 2163 4581 2221 4672; x_wconf 72' lang='grc' dir='ltr'><strong>ιεν</strong></span> <span class='ocrx_word' id='word_1_641' title='bbox 2284 4581 2501 4692; x_wconf 44' lang='grc' dir='ltr'>ίίῦιριος.</span> <span class='ocrx_word' id='word_1_642' title='bbox 2562 4581 2765 4689; x_wconf 76' lang='grc' dir='ltr'>Θεῶρεῖ</span> <span class='ocrx_word' id='word_1_643' title='bbox 2821 4611 2877 4668; x_wconf 72' lang='grc' dir='ltr'>δὲ</span> <span class='ocrx_word' id='word_1_644' title='bbox 2923 4612 3013 4667; x_wconf 81' lang='grc' dir='ltr'><strong>καὶ</strong></span> <span class='ocrx_word' id='word_1_645' title='bbox 3070 4581 3375 4685; x_wconf 53' lang='grc' dir='ltr'>ἔμπροσθεν</span> <span class='ocrx_word' id='word_1_646' title='bbox 3425 4581 3688 4664; x_wconf 80' lang='grc' dir='ltr'>θάλασσαν</span> <span class='ocrx_word' id='word_1_647' title='bbox 3750 4581 3841 4660; x_wconf 69' lang='grc' dir='ltr'>πί-</span> 
     </span>
    </p>
   </div>
   <div class='ocr_carea' id='block_1_94' title="bbox 327 4696 2027 4769">
    <p class='ocr_par' dir='ltr' id='par_1_94' title="bbox 327 4696 2027 4769">
     <span class='ocr_line' id='line_1_94' title="bbox 327 4696 2027 4769; baseline -0.001 -15"><span class='ocrx_word' id='word_1_648' title='bbox 327 4700 418 4755; x_wconf 89' lang='lat' dir='ltr'><strong>nis</strong></span> <span class='ocrx_word' id='word_1_649' title='bbox 456 4703 513 4754; x_wconf 91' lang='lat' dir='ltr'><strong>et</strong></span> <span class='ocrx_word' id='word_1_650' title='bbox 541 4697 873 4754; x_wconf 81' lang='lat' dir='ltr'><strong>afﬂictionis</strong></span> <span class='ocrx_word' id='word_1_651' title='bbox 903 4701 1004 4754; x_wconf 87' lang='lat' dir='ltr'><strong>aut</strong></span> <span class='ocrx_word' id='word_1_652' title='bbox 1060 4697 1518 4769; x_wconf 84' lang='lat' dir='ltr'><strong>desperationis;</strong></span> <span class='ocrx_word' id='word_1_653' title='bbox 1552 4700 1608 4751; x_wconf 91' lang='lat' dir='ltr'><strong>et</strong></span> <span class='ocrx_word' id='word_1_654' title='bbox 1664 4712 1771 4752; x_wconf 90' lang='lat' dir='ltr'><strong>nec</strong></span> <span class='ocrx_word' id='word_1_655' title='bbox 1799 4696 1859 4752; x_wconf 90' lang='lat' dir='ltr'><strong>in</strong></span> <span class='ocrx_word' id='word_1_656' title='bbox 1920 4714 2027 4769; x_wconf 59' lang='lat' dir='ltr'><strong>po-</strong></span> 
     </span>
    </p>
   </div>
   <div class='ocr_carea' id='block_1_95' title="bbox 324 4786 2031 4859">
    <p class='ocr_par' dir='ltr' id='par_1_95' title="bbox 324 4786 2031 4859">
     <span class='ocr_line' id='line_1_95' title="bbox 324 4786 2031 4859; baseline -0.001 -16"><span class='ocrx_word' id='word_1_657' title='bbox 324 4788 567 4843; x_wconf 88' lang='lat' dir='ltr'><strong>steriora</strong></span> <span class='ocrx_word' id='word_1_658' title='bbox 606 4788 927 4859; x_wconf 89' lang='lat' dir='ltr'><strong>quidquam</strong></span> <span class='ocrx_word' id='word_1_659' title='bbox 981 4786 1207 4842; x_wconf 78' lang='lat' dir='ltr'><strong>efﬁcere</strong></span> <span class='ocrx_word' id='word_1_660' title='bbox 1267 4792 1496 4858; x_wconf 77' lang='lat' dir='ltr'><strong>potest;</strong></span> <span class='ocrx_word' id='word_1_661' title='bbox 1528 4786 1742 4858; x_wconf 89' lang='lat' dir='ltr'><strong>quippe</strong></span> <span class='ocrx_word' id='word_1_662' title='bbox 1771 4802 1895 4858; x_wconf 64' lang='lat' dir='ltr'><strong>que</strong></span> <span class='ocrx_word' id='word_1_663' title='bbox 1938 4787 2031 4842; x_wconf 83' lang='lat' dir='ltr'><strong>vi-</strong></span> 
     </span>
    </p>
   </div>
   <div class='ocr_carea' id='block_1_96' title="bbox 324 4877 2029 4948">
    <p class='ocr_par' dir='ltr' id='par_1_96' title="bbox 324 4877 2029 4948">
     <span class='ocr_line' id='line_1_96' title="bbox 324 4877 2029 4948; baseline 0.002 -16"><span class='ocrx_word' id='word_1_664' title='bbox 324 4880 460 4934; x_wconf 89' lang='lat' dir='ltr'><strong>deat</strong></span> <span class='ocrx_word' id='word_1_665' title='bbox 511 4879 660 4933; x_wconf 77' lang='grc'><strong>151</strong></span> <span class='ocrx_word' id='word_1_666' title='bbox 726 4879 921 4933; x_wconf 91' lang='lat' dir='ltr'><strong>hostes</strong></span> <span class='ocrx_word' id='word_1_667' title='bbox 988 4881 1329 4948; x_wconf 89' lang='lat' dir='ltr'><strong>promptos;</strong></span> <span class='ocrx_word' id='word_1_668' title='bbox 1418 4892 1525 4932; x_wconf 88' lang='lat' dir='ltr'><strong>nec</strong></span> <span class='ocrx_word' id='word_1_669' title='bbox 1577 4877 1634 4932; x_wconf 90' lang='lat' dir='ltr'><strong>in</strong></span> <span class='ocrx_word' id='word_1_670' title='bbox 1736 4878 2029 4935; x_wconf 81' lang='lat' dir='ltr'><strong>anteriora</strong></span> 
     </span>
    </p>
   </div>
   <div class='ocr_carea' id='block_1_97' title="bbox 322 4967 2024 5038">
    <p class='ocr_par' dir='ltr' id='par_1_97' title="bbox 322 4967 2024 5038">
     <span class='ocr_line' id='line_1_97' title="bbox 322 4967 2024 5038; baseline 0 -16"><span class='ocrx_word' id='word_1_671' title='bbox 322 4968 629 5034; x_wconf 88' lang='lat' dir='ltr'><strong>secedere;</strong></span> <span class='ocrx_word' id='word_1_672' title='bbox 687 4972 877 5022; x_wconf 89' lang='lat' dir='ltr'><strong>metus</strong></span> <span class='ocrx_word' id='word_1_673' title='bbox 924 4967 1080 5021; x_wconf 87' lang='lat' dir='ltr'><strong>enim</strong></span> <span class='ocrx_word' id='word_1_674' title='bbox 1122 4967 1343 5028; x_wconf 87' lang='lat' dir='ltr'><strong>mortis,</strong></span> <span class='ocrx_word' id='word_1_675' title='bbox 1380 4970 1435 5021; x_wconf 89' lang='lat' dir='ltr'><strong>et</strong></span> <span class='ocrx_word' id='word_1_676' title='bbox 1481 4982 1686 5038; x_wconf 85' lang='lat' dir='ltr'><strong>graves</strong></span> <span class='ocrx_word' id='word_1_677' title='bbox 1744 4982 1811 5023; x_wconf 91' lang='lat' dir='ltr'><strong>ac</strong></span> <span class='ocrx_word' id='word_1_678' title='bbox 1852 4968 2024 5022; x_wconf 64' lang='lat' dir='ltr'><strong>variae</strong></span> 
     </span>
    </p>
   </div>
   <div class='ocr_carea' id='block_1_98' title="bbox 324 5057 2023 5129">
    <p class='ocr_par' dir='ltr' id='par_1_98' title="bbox 324 5057 2023 5129">
     <span class='ocr_line' id='line_1_98' title="bbox 324 5057 2023 5129; baseline 0 -14"><span class='ocrx_word' id='word_1_679' title='bbox 324 5057 693 5123; x_wconf 79' lang='lat' dir='ltr'><strong>afﬂictiones,</strong></span> <span class='ocrx_word' id='word_1_680' title='bbox 726 5058 938 5129; x_wconf 89' lang='lat' dir='ltr'><strong>quibus</strong></span> <span class='ocrx_word' id='word_1_681' title='bbox 969 5058 1390 5126; x_wconf 88' lang='lat' dir='ltr'><strong>circumdatur,</strong></span> <span class='ocrx_word' id='word_1_682' title='bbox 1429 5064 1673 5114; x_wconf 86' lang='lat' dir='ltr'><strong>mortem</strong></span> <span class='ocrx_word' id='word_1_683' title='bbox 1700 5059 1773 5114; x_wconf 92' lang='lat' dir='ltr'><strong>ob</strong></span> <span class='ocrx_word' id='word_1_684' title='bbox 1822 5060 2023 5115; x_wconf 86' lang='lat' dir='ltr'><strong>oculos</strong></span> 
     </span>
    </p>
   </div>
   <div class='ocr_carea' id='block_1_99' title="bbox 318 5148 2021 5221">
    <p class='ocr_par' dir='ltr' id='par_1_99' title="bbox 318 5148 2021 5221">
     <span class='ocr_line' id='line_1_99' title="bbox 318 5148 2021 5221; baseline -0.001 -16"><span class='ocrx_word' id='word_1_685' title='bbox 318 5149 369 5206; x_wconf 90' lang='lat' dir='ltr'><strong>ei</strong></span> <span class='ocrx_word' id='word_1_686' title='bbox 433 5152 675 5219; x_wconf 87' lang='lat' dir='ltr'><strong>ponunt.</strong></span> <span class='ocrx_word' id='word_1_687' title='bbox 752 5148 1022 5219; x_wconf 85' lang='lat' dir='ltr'><strong>Desperat</strong></span> <span class='ocrx_word' id='word_1_688' title='bbox 1087 5164 1223 5221; x_wconf 84' lang='lat' dir='ltr'><strong>ergo</strong></span> <span class='ocrx_word' id='word_1_689' title='bbox 1292 5148 1361 5203; x_wconf 91' lang='lat' dir='ltr'><strong>de</strong></span> <span class='ocrx_word' id='word_1_690' title='bbox 1438 5164 1501 5203; x_wconf 87' lang='lat' dir='ltr'><strong>se</strong></span> <span class='ocrx_word' id='word_1_691' title='bbox 1565 5148 1717 5220; x_wconf 85' lang='lat' dir='ltr'><strong>ipsa,</strong></span> <span class='ocrx_word' id='word_1_692' title='bbox 1785 5155 2021 5204; x_wconf 89' lang='lat' dir='ltr'><strong>senten-</strong></span> 
     </span>
    </p>
   </div>
   <div class='ocr_carea' id='block_1_100' title="bbox 317 5238 2023 5312">
    <p class='ocr_par' dir='ltr' id='par_1_100' title="bbox 317 5238 2023 5312">
     <span class='ocr_line' id='line_1_100' title="bbox 317 5238 2023 5312; baseline 0 -16"><span class='ocrx_word' id='word_1_693' title='bbox 317 5240 460 5297; x_wconf 89' lang='lat' dir='ltr'><strong>tiam</strong></span> <span class='ocrx_word' id='word_1_694' title='bbox 496 5238 783 5295; x_wconf 89' lang='lat' dir='ltr'><strong>mortisin</strong></span> <span class='ocrx_word' id='word_1_695' title='bbox 815 5255 874 5294; x_wconf 89' lang='lat' dir='ltr'><strong>se</strong></span> <span class='ocrx_word' id='word_1_696' title='bbox 908 5239 1152 5308; x_wconf 85' lang='lat' dir='ltr'><strong>habens,</strong></span> <span class='ocrx_word' id='word_1_697' title='bbox 1207 5240 1426 5310; x_wconf 88' lang='lat' dir='ltr'><strong>anima,</strong></span> <span class='ocrx_word' id='word_1_698' title='bbox 1481 5246 1717 5312; x_wconf 90' lang='lat' dir='ltr'><strong>propter</strong></span> <span class='ocrx_word' id='word_1_699' title='bbox 1765 5242 2023 5297; x_wconf 88' lang='lat' dir='ltr'><strong>circum-</strong></span> 
     </span>
    </p>
   </div>
   <div class='ocr_carea' id='block_1_101' title="bbox 315 5327 2019 5389">
    <p class='ocr_par' dir='ltr' id='par_1_101' title="bbox 315 5327 2019 5389">
     <span class='ocr_line' id='line_1_101' title="bbox 315 5327 2019 5389; baseline 0.002 -4"><span class='ocrx_word' id='word_1_700' title='bbox 315 5331 548 5385; x_wconf 91' lang='lat' dir='ltr'><strong>dantem</strong></span> <span class='ocrx_word' id='word_1_701' title='bbox 581 5327 742 5385; x_wconf 91' lang='lat' dir='ltr'><strong>illam</strong></span> <span class='ocrx_word' id='word_1_702' title='bbox 782 5329 1068 5384; x_wconf 88' lang='lat' dir='ltr'><strong>malorum</strong></span> <span class='ocrx_word' id='word_1_703' title='bbox 1103 5327 1564 5385; x_wconf 83' lang='lat' dir='ltr'><strong>multitudinem.</strong></span> <span class='ocrx_word' id='word_1_704' title='bbox 1626 5331 1693 5388; x_wconf 89' lang='lat' dir='ltr'><strong>Et</strong></span> <span class='ocrx_word' id='word_1_705' title='bbox 1752 5331 1850 5389; x_wconf 90' lang='lat' dir='ltr'><strong>ubi</strong></span> <span class='ocrx_word' id='word_1_706' title='bbox 1884 5349 2019 5389; x_wconf 91' lang='lat' dir='ltr'><strong>con-</strong></span> 
     </span>
    </p>
   </div>
   <div class='ocr_carea' id='block_1_102' title="bbox 313 5418 2017 5493">
    <p class='ocr_par' dir='ltr' id='par_1_102' title="bbox 313 5418 2017 5493">
     <span class='ocr_line' id='line_1_102' title="bbox 313 5418 2017 5493; baseline 0.006 -20"><span class='ocrx_word' id='word_1_707' title='bbox 313 5422 566 5491; x_wconf 85' lang='lat' dir='ltr'><strong>spexerit</strong></span> <span class='ocrx_word' id='word_1_708' title='bbox 595 5420 747 5477; x_wconf 90' lang='lat' dir='ltr'><strong>Deus</strong></span> <span class='ocrx_word' id='word_1_709' title='bbox 780 5425 937 5476; x_wconf 86' lang='lat' dir='ltr'><strong>metu</strong></span> <span class='ocrx_word' id='word_1_710' title='bbox 972 5421 1174 5475; x_wconf 90' lang='lat' dir='ltr'><strong>mortis</strong></span> <span class='ocrx_word' id='word_1_711' title='bbox 1204 5418 1412 5476; x_wconf 90' lang='lat' dir='ltr'><strong>collabi</strong></span> <span class='ocrx_word' id='word_1_712' title='bbox 1447 5423 1732 5493; x_wconf 90' lang='lat' dir='ltr'><strong>animam,</strong></span> <span class='ocrx_word' id='word_1_713' title='bbox 1754 5424 2017 5484; x_wconf 88' lang='lat' dir='ltr'><strong>hostem-</strong></span> 
     </span>
    </p>
   </div>
   <div class='ocr_carea' id='block_1_103' title="bbox 311 5508 2013 5587">
    <p class='ocr_par' dir='ltr' id='par_1_103' title="bbox 311 5508 2013 5587">
     <span class='ocr_line' id='line_1_103' title="bbox 311 5508 2013 5587; baseline 0.006 -24"><span class='ocrx_word' id='word_1_714' title='bbox 311 5523 423 5578; x_wconf 89' lang='lat' dir='ltr'><strong>que</strong></span> <span class='ocrx_word' id='word_1_715' title='bbox 486 5509 559 5564; x_wconf 91' lang='lat' dir='ltr'><strong>ad</strong></span> <span class='ocrx_word' id='word_1_716' title='bbox 624 5524 751 5565; x_wconf 87' lang='lat' dir='ltr'><strong>eam</strong></span> <span class='ocrx_word' id='word_1_717' title='bbox 808 5508 1238 5566; x_wconf 84' lang='lat' dir='ltr'><strong>absorbendam</strong></span> <span class='ocrx_word' id='word_1_718' title='bbox 1307 5511 1837 5587; x_wconf 84' lang='lat' dir='ltr'><strong>promptissimum,</strong></span> <span class='ocrx_word' id='word_1_719' title='bbox 1887 5520 2013 5574; x_wconf 88' lang='lat' dir='ltr'><strong>tum</strong></span> 
     </span>
    </p>
   </div>
   <div class='ocr_carea' id='block_1_104' title="bbox 376 5684 999 5763">
    <p class='ocr_par' dir='ltr' id='par_1_104' title="bbox 376 5684 999 5763">
     <span class='ocr_line' id='line_1_104' title="bbox 376 5684 999 5763; baseline 0.003 -18"><span class='ocrx_word' id='word_1_720' title='bbox 376 5684 401 5763; x_wconf 12' lang='grc'>,⁸</span> <span class='ocrx_word' id='word_1_721' title='bbox 431 5685 609 5745; x_wconf 85' lang='lat' dir='ltr'><strong>Exod.</strong></span> <span class='ocrx_word' id='word_1_722' title='bbox 632 5704 747 5760; x_wconf 79' lang='lat' dir='ltr'><strong>xw,</strong></span> <span class='ocrx_word' id='word_1_723' title='bbox 783 5690 869 5763; x_wconf 85' lang='grc'>19,</span> <span class='ocrx_word' id='word_1_724' title='bbox 907 5690 999 5747; x_wconf 79' lang='lat'><strong>20.</strong></span> 
     </span>
    </p>
   </div>
   <div class='ocr_carea' id='block_1_105' title="bbox 2135 4695 3843 4783">
    <p class='ocr_par' dir='ltr' id='par_1_105' title="bbox 2135 4695 3843 4783">
     <span class='ocr_line' id='line_1_105' title="bbox 2135 4695 3843 4783; baseline -0.006 -21"><span class='ocrx_word' id='word_1_725' title='bbox 2135 4709 2293 4783; x_wconf 82' lang='grc' dir='ltr'>κρίας</span> <span class='ocrx_word' id='word_1_726' title='bbox 2348 4705 2436 4761; x_wconf 82' lang='grc' dir='ltr'><strong>καὶ</strong></span> <span class='ocrx_word' id='word_1_727' title='bbox 2481 4703 2743 4780; x_wconf 77' lang='grc' dir='ltr'>θλίψεως,</span> <span class='ocrx_word' id='word_1_728' title='bbox 2793 4705 2829 4774; x_wconf 76' lang='grc' dir='ltr'><strong>ἢ</strong></span> <span class='ocrx_word' id='word_1_729' title='bbox 2882 4703 3263 4777; x_wconf 79' lang='grc' dir='ltr'>ἀπογνώσεως,</span> <span class='ocrx_word' id='word_1_730' title='bbox 3320 4700 3411 4755; x_wconf 86' lang='grc' dir='ltr'><strong>καὶ</strong></span> <span class='ocrx_word' id='word_1_731' title='bbox 3483 4696 3606 4754; x_wconf 76' lang='grc' dir='ltr'>οὔτε</span> <span class='ocrx_word' id='word_1_732' title='bbox 3646 4695 3721 4759; x_wconf 65' lang='grc' dir='ltr'>εἷς</span> <span class='ocrx_word' id='word_1_733' title='bbox 3772 4696 3843 4751; x_wconf 68' lang='grc' dir='ltr'><strong>τὰ</strong></span> 
     </span>
    </p>
   </div>
   <div class='ocr_carea' id='block_1_106' title="bbox 2135 4785 3835 4869">
    <p class='ocr_par' dir='ltr' id='par_1_106' title="bbox 2135 4785 3835 4869">
     <span class='ocr_line' id='line_1_106' title="bbox 2135 4785 3835 4869; baseline -0.006 -19"><span class='ocrx_word' id='word_1_734' title='bbox 2135 4796 2309 4850; x_wconf 78' lang='grc' dir='ltr'>ὀπίσω</span> <span class='ocrx_word' id='word_1_735' title='bbox 2372 4794 2557 4850; x_wconf 80' lang='grc' dir='ltr'>ἀνύσαι</span> <span class='ocrx_word' id='word_1_736' title='bbox 2610 4793 2807 4868; x_wconf 75' lang='grc' dir='ltr'>ἰσχύει,</span> <span class='ocrx_word' id='word_1_737' title='bbox 2862 4793 3046 4869; x_wconf 83' lang='grc' dir='ltr'>ὁρῶσα</span> <span class='ocrx_word' id='word_1_738' title='bbox 3092 4790 3349 4863; x_wconf 65' lang='grc' dir='ltr'>ἑτοίμους</span> <span class='ocrx_word' id='word_1_739' title='bbox 3404 4790 3535 4851; x_wconf 78' lang='grc' dir='ltr'>τοὺς</span> <span class='ocrx_word' id='word_1_740' title='bbox 3582 4785 3835 4862; x_wconf 66' lang='grc' dir='ltr'>ἐχθροὺς,</span> 
     </span>
    </p>
   </div>
   <div class='ocr_carea' id='block_1_107' title="bbox 2134 4876 3834 4959">
    <p class='ocr_par' dir='ltr' id='par_1_107' title="bbox 2134 4876 3834 4959">
     <span class='ocr_line' id='line_1_107' title="bbox 2134 4876 3834 4959; baseline -0.005 -20"><span class='ocrx_word' id='word_1_741' title='bbox 2134 4882 2256 4940; x_wconf 73' lang='grc' dir='ltr'>οὔτε</span> <span class='ocrx_word' id='word_1_742' title='bbox 2304 4882 2380 4948; x_wconf 82' lang='grc' dir='ltr'><strong>εἰς</strong></span> <span class='ocrx_word' id='word_1_743' title='bbox 2434 4885 2502 4939; x_wconf 77' lang='grc' dir='ltr'><strong>τὰ</strong></span> <span class='ocrx_word' id='word_1_744' title='bbox 2548 4882 2849 4959; x_wconf 80' lang='grc' dir='ltr'>ἔμπροσθεν</span> <span class='ocrx_word' id='word_1_745' title='bbox 2906 4889 3186 4958; x_wconf 80' lang='grc' dir='ltr'>χωρῆσαι·</span> <span class='ocrx_word' id='word_1_746' title='bbox 3235 4878 3415 4935; x_wconf 89' lang='grc' dir='ltr'>δειλία</span> <span class='ocrx_word' id='word_1_747' title='bbox 3460 4879 3563 4955; x_wconf 73' lang='grc' dir='ltr'><strong>γὰρ</strong></span> <span class='ocrx_word' id='word_1_748' title='bbox 3603 4876 3834 4932; x_wconf 79' lang='grc' dir='ltr'>θανάτου</span> 
     </span>
    </p>
   </div>
   <div class='ocr_carea' id='block_1_108' title="bbox 2130 4967 3835 5049">
    <p class='ocr_par' dir='ltr' id='par_1_108' title="bbox 2130 4967 3835 5049">
     <span class='ocr_line' id='line_1_108' title="bbox 2130 4967 3835 5049; baseline -0.005 -20"><span class='ocrx_word' id='word_1_749' title='bbox 2130 4974 2220 5029; x_wconf 83' lang='grc' dir='ltr'>καὶ</span> <span class='ocrx_word' id='word_1_750' title='bbox 2279 4974 2490 5049; x_wconf 81' lang='grc' dir='ltr'>θλίψεις</span> <span class='ocrx_word' id='word_1_751' title='bbox 2550 4972 2718 5029; x_wconf 85' lang='grc' dir='ltr'>δειναὶ</span> <span class='ocrx_word' id='word_1_752' title='bbox 2774 4974 2864 5028; x_wconf 78' lang='grc' dir='ltr'><strong>καὶ</strong></span> <span class='ocrx_word' id='word_1_753' title='bbox 2922 4970 3170 5027; x_wconf 83' lang='grc' dir='ltr'>ποικίλαι</span> <span class='ocrx_word' id='word_1_754' title='bbox 3226 4970 3609 5044; x_wconf 70' lang='grc' dir='ltr'>περιὲχουσαι,</span> <span class='ocrx_word' id='word_1_755' title='bbox 3673 4967 3835 5022; x_wconf 77' lang='grc' dir='ltr'>θάνα·</span> 
     </span>
    </p>
   </div>
   <div class='ocr_carea' id='block_1_109' title="bbox 2129 5055 3837 5139">
    <p class='ocr_par' dir='ltr' id='par_1_109' title="bbox 2129 5055 3837 5139">
     <span class='ocr_line' id='line_1_109' title="bbox 2129 5055 3837 5139; baseline -0.006 -19"><span class='ocrx_word' id='word_1_756' title='bbox 2129 5085 2221 5120; x_wconf 92' lang='grc' dir='ltr'><strong>τον</strong></span> <span class='ocrx_word' id='word_1_757' title='bbox 2256 5066 2384 5139; x_wconf 80' lang='grc' dir='ltr'>ὁρᾷν</span> <span class='ocrx_word' id='word_1_758' title='bbox 2418 5068 2685 5121; x_wconf 77' lang='grc' dir='ltr'>ποιοῦσιν,</span> <span class='ocrx_word' id='word_1_759' title='bbox 2739 5059 3059 5119; x_wconf 82' lang='grc' dir='ltr'>Ἀπευδοκεῖ</span> <span class='ocrx_word' id='word_1_760' title='bbox 3089 5060 3180 5117; x_wconf 77' lang='grc' dir='ltr'>οὖν</span> <span class='ocrx_word' id='word_1_761' title='bbox 3219 5062 3413 5129; x_wconf 70' lang='grc' dir='ltr'>ἑαυτὴν</span> <span class='ocrx_word' id='word_1_762' title='bbox 3440 5060 3502 5115; x_wconf 81' lang='grc' dir='ltr'>τὸ</span> <span class='ocrx_word' id='word_1_763' title='bbox 3552 5055 3837 5131; x_wconf 73' lang='grc' dir='ltr'>ἀπόκριμα</span> 
     </span>
    </p>
   </div>
   <div class='ocr_carea' id='block_1_110' title="bbox 2127 5145 3838 5228">
    <p class='ocr_par' dir='ltr' id='par_1_110' title="bbox 2127 5145 3838 5228">
     <span class='ocr_line' id='line_1_110' title="bbox 2127 5145 3838 5228; baseline -0.006 -19"><span class='ocrx_word' id='word_1_764' title='bbox 2127 5159 2228 5209; x_wconf 74' lang='grc' dir='ltr'><strong>τοῦ</strong></span> <span class='ocrx_word' id='word_1_765' title='bbox 2275 5155 2501 5209; x_wconf 79' lang='grc' dir='ltr'>θανάτου</span> <span class='ocrx_word' id='word_1_766' title='bbox 2554 5154 2607 5209; x_wconf 79' lang='grc' dir='ltr'>ἐν</span> <span class='ocrx_word' id='word_1_767' title='bbox 2657 5153 2820 5226; x_wconf 70' lang='grc' dir='ltr'>ἑαυτῇ</span> <span class='ocrx_word' id='word_1_768' title='bbox 2871 5146 3072 5228; x_wconf 79' lang='grc' dir='ltr'>ἔχουσα</span> <span class='ocrx_word' id='word_1_769' title='bbox 3104 5153 3138 5220; x_wconf 84' lang='grc' dir='ltr'>ἠ</span> <span class='ocrx_word' id='word_1_770' title='bbox 3171 5151 3347 5225; x_wconf 77' lang='grc' dir='ltr'>ψυχὴ,</span> <span class='ocrx_word' id='word_1_771' title='bbox 3400 5145 3488 5203; x_wconf 66' lang='grc' dir='ltr'>διὰ</span> <span class='ocrx_word' id='word_1_772' title='bbox 3534 5148 3627 5202; x_wconf 84' lang='grc' dir='ltr'><strong>τὸν</strong></span> <span class='ocrx_word' id='word_1_773' title='bbox 3670 5165 3838 5218; x_wconf 81' lang='grc' dir='ltr'>περι-</span> 
     </span>
    </p>
   </div>
   <div class='ocr_carea' id='block_1_111' title="bbox 2126 5233 3835 5316">
    <p class='ocr_par' dir='ltr' id='par_1_111' title="bbox 2126 5233 3835 5316">
     <span class='ocr_line' id='line_1_111' title="bbox 2126 5233 3835 5316; baseline -0.006 -16"><span class='ocrx_word' id='word_1_774' title='bbox 2126 5244 2480 5300; x_wconf 82' lang='grc' dir='ltr'>κυκλώσαντα</span> <span class='ocrx_word' id='word_1_775' title='bbox 2529 5243 2700 5313; x_wconf 75' lang='grc' dir='ltr'>αὐτὴν</span> <span class='ocrx_word' id='word_1_776' title='bbox 2751 5247 2861 5299; x_wconf 84' lang='grc' dir='ltr'><strong>τῶν</strong></span> <span class='ocrx_word' id='word_1_777' title='bbox 2910 5245 3167 5316; x_wconf 81' lang='grc' dir='ltr'>πονηρῶν</span> <span class='ocrx_word' id='word_1_778' title='bbox 3214 5238 3401 5313; x_wconf 73' lang='grc' dir='ltr'>ἑσμόν.</span> <span class='ocrx_word' id='word_1_779' title='bbox 3467 5236 3568 5293; x_wconf 82' lang='grc' dir='ltr'><strong>Καὶ</strong></span> <span class='ocrx_word' id='word_1_780' title='bbox 3614 5233 3835 5291; x_wconf 70' lang='grc' dir='ltr'>ἱπειδᾶν</span> 
     </span>
    </p>
   </div>
   <div class='ocr_carea' id='block_1_112' title="bbox 2126 5327 3829 5409">
    <p class='ocr_par' dir='ltr' id='par_1_112' title="bbox 2126 5327 3829 5409">
     <span class='ocr_line' id='line_1_112' title="bbox 2126 5327 3829 5409; baseline -0.009 -18"><span class='ocrx_word' id='word_1_781' title='bbox 2126 5333 2216 5409; x_wconf 68' lang='grc' dir='ltr'><strong>ἴδῃ</strong></span> <span class='ocrx_word' id='word_1_782' title='bbox 2258 5335 2285 5390; x_wconf 84' lang='grc' dir='ltr'>ὁ</span> <span class='ocrx_word' id='word_1_783' title='bbox 2335 5335 2467 5397; x_wconf 85' lang='grc' dir='ltr'>Θεὸς</span> <span class='ocrx_word' id='word_1_784' title='bbox 2516 5331 2694 5405; x_wconf 77' lang='grc' dir='ltr'>δειλίᾳ</span> <span class='ocrx_word' id='word_1_785' title='bbox 2744 5334 2971 5389; x_wconf 74' lang='grc' dir='ltr'>θανάτου</span> <span class='ocrx_word' id='word_1_786' title='bbox 3021 5333 3413 5404; x_wconf 74' lang='grc' dir='ltr'>περιπεσοῦσαν</span> <span class='ocrx_word' id='word_1_787' title='bbox 3463 5328 3563 5395; x_wconf 83' lang='grc' dir='ltr'><strong>τήν</strong></span> <span class='ocrx_word' id='word_1_788' title='bbox 3595 5327 3829 5399; x_wconf 74' lang='grc' dir='ltr'>ψυχήνσ</span> 
     </span>
    </p>
   </div>
   <div class='ocr_carea' id='block_1_113' title="bbox 2122 5409 3827 5500">
    <p class='ocr_par' dir='ltr' id='par_1_113' title="bbox 2122 5409 3827 5500">
     <span class='ocr_line' id='line_1_113' title="bbox 2122 5409 3827 5500; baseline -0.006 -20"><span class='ocrx_word' id='word_1_789' title='bbox 2122 5425 2213 5481; x_wconf 79' lang='grc' dir='ltr'><strong>καὶ</strong></span> <span class='ocrx_word' id='word_1_790' title='bbox 2278 5425 2370 5480; x_wconf 77' lang='grc' dir='ltr'>τὸν</span> <span class='ocrx_word' id='word_1_791' title='bbox 2435 5422 2634 5500; x_wconf 74' lang='grc' dir='ltr'>ἐχθρόν</span> <span class='ocrx_word' id='word_1_792' title='bbox 2696 5426 2978 5479; x_wconf 85' lang='grc' dir='ltr'>καταπιεῖν</span> <span class='ocrx_word' id='word_1_793' title='bbox 3043 5420 3211 5490; x_wconf 76' lang='grc' dir='ltr'>αὐτὴν</span> <span class='ocrx_word' id='word_1_794' title='bbox 3295 5417 3531 5493; x_wconf 69' lang='grc' dir='ltr'>δτοίμως</span> <span class='ocrx_word' id='word_1_795' title='bbox 3598 5409 3827 5490; x_wconf 76' lang='grc' dir='ltr'>ἔχοντα,</span> 
     </span>
    </p>
   </div>
   <div class='ocr_carea' id='block_1_114' title="bbox 2122 5503 3825 5592">
    <p class='ocr_par' dir='ltr' id='par_1_114' title="bbox 2122 5503 3825 5592">
     <span class='ocr_line' id='line_1_114' title="bbox 2122 5503 3825 5592; baseline -0.008 -21"><span class='ocrx_word' id='word_1_796' title='bbox 2122 5516 2243 5572; x_wconf 85' lang='grc' dir='ltr'>τότε</span> <span class='ocrx_word' id='word_1_797' title='bbox 2298 5512 2357 5570; x_wconf 74' lang='grc' dir='ltr'>δὶ</span> <span class='ocrx_word' id='word_1_798' title='bbox 2422 5512 2613 5570; x_wconf 87' lang='grc' dir='ltr'>δίδωσι</span> <span class='ocrx_word' id='word_1_799' title='bbox 2685 5513 2883 5591; x_wconf 71' lang='grc' dir='ltr'>μικρὰν</span> <span class='ocrx_word' id='word_1_800' title='bbox 2951 5514 3233 5592; x_wconf 77' lang='grc' dir='ltr'>βοήθειαν,</span> <span class='ocrx_word' id='word_1_801' title='bbox 3303 5509 3674 5589; x_wconf 80' lang='grc' dir='ltr'>μακροθυμῶν</span> <span class='ocrx_word' id='word_1_802' title='bbox 3733 5503 3825 5563; x_wconf 46' lang='lat' dir='ltr'><strong>sui</strong></span> 
     </span>
    </p>
   </div>
  </div>
