4130 6286
281 356 403 427 8θὸ

254 390 263 410 Γ

1546 357 1919 424 HOMlleE.
1960 393 2036 406 —
2081 358 2270 421 HOM.
2312 348 2545 423 XLVII.

3683 363 3802 424 806

288 498 391 564 τήν
437 496 644 570 ψυχὴν,
701 494 791 549 καὶ
855 490 1168 568 δοκιμάζων
1229 492 1410 560 αὐτὸν,
1440 491 1583 567 είτῇ
1623 491 1799 547 πίστει
1836 488 1994 561 ἕστη-

2133 491 2327 547 iraebet
2365 491 2600 563 quidem
2642 490 2909 562 exiguum
2961 492 3264 562 auxilium,
3296 493 3650 565 longanimis
3669 510 3807 567 erga

292 606 404 645 κεν.
438 585 483 640 εἰ
532 586 633 653 τήν
691 584 909 658 ἀγάπην
960 584 1058 652 τήν
1114 583 1248 657 πρὸς
1309 583 1467 638 αὐτὸν
1528 580 1665 656 ἔχει.
1731 580 1995 652 Τοιαύτην

260 744 261 747 η
300 680 403 750 γᾶρ
451 674 479 727 6
538 674 665 735 Θεὸς
722 669 872 729 ἔθετο
923 674 1022 742 τήν
1094 671 1242 745 ὁδὸν,
1271 674 1371 742 τήν
1406 670 1711 745 ἀπάγουσαν
1770 670 1846 734 εἷς
1893 672 1992 739 τὴν

296 764 440 832 ζωὴν
481 764 614 836 μετὰ
645 760 883 836 θλίψεως
923 762 1053 817 εἶναι
1092 763 1184 816 καὶ
1242 759 1639 835 στενοχωρίας,
1690 760 1780 814 καὶ
1839 756 2001 814 δοκι-

299 850 492 925 μασίας
548 850 791 920 πολλῆς,
875 853 965 907 καὶ
1048 855 1366 925 πειρασμῶν
1454 851 1822 923 πικροτάτων,
1908 846 2002 901 ’ίνα

293 941 532 998 ἐντεῦθεν
592 942 899 1015 καταντήσῃ
944 939 1137 995 λοιπὸν
1196 940 1229 1009 ή
1289 940 1441 1014 ψυχή
1506 936 1595 993 διὰ
1660 941 1760 1007 τήν
1838 937 2000 1011 ὑπερ-

296 1027 610 1086 ϐάλλουσαν
670 1029 856 1104 θλίψιν
911 1030 1003 1085 καὶ
1057 1030 1148 1084 τὸν
1206 1030 1330 1103 παρ’
1388 1027 1699 1103 ὀφθαλμοῖς
1756 1028 2000 1084 θάνατον.

296 1124 666 1190 Τοτηνικαῦτα
722 1120 870 1194 χειρὶ
918 1123 1146 1193 κραταιᾷ
1192 1119 1282 1172 καὶ
1330 1116 1531 1192 ὑψηλῷ
1596 1116 1854 1191 βραχίονι
1915 1114 2006 1171 διὰ

293 1214 391 1263 τοῦ
452 1208 606 1284 ἁγίου
664 1207 978 1281 Πνεύματος
1048 1211 1148 1276 τῆς
1226 1206 1587 1281 ἐπιλάμψεως
1655 1207 1840 1279 ῥήσσει
1905 1205 2001 1273 τὴν

298 1295 524 1372 δύναμιν
611 1302 708 1354 τοῦ
782 1298 1033 1367 σκότους,
1091 1296 1180 1351 καὶ
1261 1295 1537 1374 διέρχεται
1588 1298 1623 1365 ἡ
1677 1297 1829 1370 ψυχὴ
1877 1294 2003 1356 τοὺς

297 1382 565 1462 φοϐεροὺς
624 1387 826 1449 τόπους
888 1386 1213 1461 ἐκφυγοῦσα,
1289 1385 1379 1440 καὶ
1458 1382 1824 1457 διαπεράσασα
1904 1384 2004 1451 τὴν

296 1476 571 1532 Θάλασσαν
598 1481 695 1531 τοῦ
728 1475 978 1546 σκότους,
1008 1477 1101 1530 καὶ
1129 1479 1225 1530 τοῦ
1258 1475 1558 1552 παμφάγου
1589 1475 1779 1549 πυρός.

372 1568 471 1627 ῙΔ’.
504 1571 682 1622 Ταῦτα
723 1567 997 1641 μυστήριά
1044 1565 1156 1621 ἐστι
1198 1570 1383 1641 ψυχῆς
1433 1564 1657 1636 ἀληθῶς
1708 1565 2007 1641 γιγνόμενα

297 1656 349 1711 ἐν
380 1654 651 1730 ἀνθρώπῳ
684 1655 1046 1726 σπουδάζοντι
1097 1655 1273 1711 ἐλθείν
1334 1658 1470 1730 πρὸς
1523 1656 1623 1723 τὴν
1674 1652 2005 1731 ἐπαγγελίαν

294 1755 395 1816 τῆς
455 1753 621 1816 ζωῆς,
670 1747 759 1801 καὶ
806 1746 1165 1822 λυτρουμὲνῳ
1213 1745 1275 1800 ἐκ
1317 1752 1417 1814 τῆς
1467 1744 1745 1818 βασιλείας
1788 1746 1884 1800 τοῦ
1916 1746 2006 1799 θα-

2106 582 2386 648 animam,
2438 587 2494 636 et
2551 580 2805 652 probans
2859 598 3009 645 eam,
3040 600 3113 638 an
3158 583 3217 639 in
3277 584 3391 638 ﬁde
3440 588 3570 652 stet,
3629 591 3685 640 et
3732 602 3805 640 an

2108 670 2480 727 dilectionem
2540 686 2673 743 erga
2729 687 2860 727 eum
2921 672 3150 729 habeat.
3183 673 3380 729 Talem
3439 675 3595 730 enim
3662 674 3812 731 Deus

2108 761 2415 817 constituit
2469 760 2643 829 viam,
2677 762 3060 820 deducentem
3120 764 3193 819 ad
3244 764 3445 834 vitam,
3487 766 3696 837 degere
3751 766 3811 820 in

2110 848 2533 915 afﬂictione,in
2585 850 2878 921 angustia,
2908 850 2967 905 in
3022 852 3361 921 probatione
3412 853 3614 921 multa,
3639 858 3694 909 et
3754 855 3814 909 in

2111 940 2536 995 tentationibus
2568 940 2984 1009 acerbissimis,
3018 945 3081 996 ut
3122 942 3261 997 inde
3309 949 3512 1014 postea
3551 948 3818 1001 occurrat

2112 1030 2307 1085 anima
2346 1047 2445 1102 per
2486 1031 2783 1103 ingentem
2839 1033 3235 1101 alflictionem,
3268 1038 3325 1088 et
3374 1038 3621 1089 mortem
3682 1038 3818 1090 ante

2114 1119 2310 1176 oculos
2346 1122 2595 1191 positam
2633 1138 2645 1175 :
2682 1132 2817 1177 tunc
2863 1139 3032 1177 manu
3080 1123 3269 1178 valida
3329 1127 3385 1178 et
3431 1124 3655 1179 excelso
3688 1125 3822 1178 bra-

2113 1208 2243 1264 chio
2301 1211 2489 1264 sancti
2547 1209 2799 1281 Spiritus
2866 1209 3299 1266 illuminatione
3357 1212 3634 1281 dirumpit
3702 1212 3817 1266 vim

2114 1297 2510 1369 tenebrarum,
2542 1305 2599 1354 et
2630 1298 2842 1354 transit
2872 1300 3069 1354 anima
3100 1299 3390 1355 horrenda
3418 1300 3544 1355 loca
3573 1300 3819 1369 evitans,

2116 1395 2286 1457 atque
2344 1388 2640 1457 trajiciens
2686 1404 2845 1443 mare
2904 1389 3276 1444 tenebrarum
3338 1396 3390 1444 et
3447 1388 3596 1461 ignis
3627 1388 3824 1444 omnia

2116 1476 2255 1530 devo
2266 1476 2466 1529 rantis.

2188 1564 2326 1619 XlV.
2363 1565 2493 1621 Haec
2541 1569 2680 1621 sunt
2727 1567 3008 1635 mysteria
3057 1566 3288 1635 animae,
3335 1584 3460 1638 quae
3510 1583 3639 1623 vere
3675 1568 3828 1623 ﬁunt

2117 1655 2177 1711 in
2210 1655 2464 1718 homine,
2497 1656 2597 1727 qui
2648 1657 2951 1712 contendit
2997 1658 3297 1727 pervenire
3356 1657 3427 1711 ad
3472 1657 3821 1727 promissam

2116 1744 2319 1812 vitam,
2388 1749 2445 1800 et
2510 1746 2609 1815 qui
2670 1745 2945 1800 liberatus
3000 1762 3030 1801 e
3091 1763 3261 1816 regno
3321 1747 3546 1812 mortis,
3614 1747 3826 1819 accipit

296 1835 483 1905 νάτου,
543 1837 633 1890 καὶ
694 1833 1030 1909 λαμϐάνοντι
1091 1831 1378 1911 ὁιῤῥαϐὧνα
1445 1836 1592 1910 παρὰ
1670 1838 1822 1897 Θεοῦ,
1917 1834 2007 1889 καὶ

2133 1834 2506 1890 irrhabonem
2541 1852 2572 1889 a
2604 1835 2741 1902 Deo,
2776 1834 3066 1906 particeps
3095 1835 3351 1906 Spiritus
3390 1837 3575 1891 sancti
3609 1837 3820 1893 factus.

305 1924 593 2000 μετέχοντι
654 1926 970 1998 Πνεῦματος
1024 1926 1201 1999 ἁγίου.
1260 1924 1394 1979 Εἶτα
1450 1924 1703 1999 ῥυσθεῖσα
1855 1926 2006 1998 ψυχὴ

301 2014 498 2070 ἐκτῶν
558 2014 772 2093 ἐχθρῶν
834 2015 1023 2084 αὐτῆς,
1078 2014 1169 2069 καὶ
1234 2016 1333 2083 τήν
1397 2017 1595 2089 πικρὰν
1646 2016 1889 2069 θάλασσα
1942 2020 2010 2088 τῇ

303 2105 527 2179 δύναμει
568 2110 665 2161 τοῦ
726 2111 860 2160 Θεοῦ
918 2103 1227 2175 διελθοῦσα,
1257 2105 1348 2160 καὶ
1406 2107 1591 2179 ὁρῶσα
1651 2104 1778 2167 τοὺς
1845 2104 2011 2159 πολε-

307 2196 471 2269 μίους
504 2194 924 2267 ἀπολλυμένους
952 2195 1058 2271 πρὸ
1089 2193 1410 2272 ὀφθαλμῶν,
1444 2196 1535 2258 οἷς
1574 2193 1636 2249 τὸ
1686 2194 1813 2269 πρὶν
1854 2192 2012 2249 ἐδού-

303 2286 481 2355 λευεν,
531 2283 860 2360 ἀγαλλιᾶται
917 2289 1063 2359 χαρᾷ
1119 2281 1501 2355 ἀνεκλαλήτῳ,
1561 2284 1654 2339 καὶ
1689 2281 2014 2357 δεδοξασμέ-

303 2397 396 2445 νη,
448 2373 909 2449 παρακαλουμένη
970 2374 1074 2428 ὑπὸ
1120 2378 1215 2428 τοῦ
1274 2378 1431 2441 Θεοῦ,
1486 2373 1574 2427 καὶ
1632 2373 2013 2445 ἀναπαυομένη

309 2463 361 2519 ἐν
393 2463 597 2539 Κυρίῳ.
648 2464 777 2518 Τότε
824 2464 887 2518 τὸ
944 2467 1156 2536 πνεῦμα
1212 2461 1344 2536 ὅπερ
1404 2457 1588 2534 ἔλαϐε,
1620 2464 1805 2517 καινὸν
1873 2462 2018 2536 ᾆσμα

306 2558 385 2625 τῷ
412 2558 527 2624 Θεῷ
558 2550 695 2623 ᾄδει,
740 2550 827 2607 διὰ
868 2556 964 2607 τοῦ
1012 2553 1319 2623 τυμπάνου,
1374 2549 1545 2627 ἤγουν
1586 2555 1681 2607 τοῦ
1739 2553 2017 2623 σώματος,

310 2644 399 2697 καὶ
456 2647 565 2696 τῶν
610 2643 710 2709 τῆς
767 2640 1015 2715 κιθάρας,
1070 2641 1195 2709 ἤτοι
1243 2643 1454 2717 ψυχῆς,
1507 2639 1742 2713 λογικῶν
1796 2638 2016 2715 χορδῶν

309 2731 400 2787 καὶ
450 2728 795 2785 λεπτοτάτων
846 2728 1154 2805 λογισμῶν,
1211 2730 1301 2785 καὶ
1380 2733 1477 2785 τοῦ
1553 2728 1837 2803 πλήκτρου
1918 2737 2019 2798 τῆς

317 2818 462 2883 θείας
532 2820 777 2895 χάριτος,
846 2819 936 2873 καὶ
995 2819 1301 2893 ἀναπέμπει
1360 2816 1545 2881 αἶ’νους
1618 2823 1696 2890 τῷ
1766 2824 2023 2891 ζωοποιῷ

313 2914 554 2983 Χριστῷ.
584 2915 671 2973 Ὡς
700 2910 802 2984 γὰρ
836 2907 925 2964 διὰ
952 2914 1051 2965 τοῦ
1102 2908 1280 2965 αὐλοῦ
1326 2912 1388 2965 τὸ
1444 2913 1659 2981 πνεῦμα
1725 2906 2020 2983 διερχόμε-

309 3020 399 3053 νον
443 2997 627 3067 λαλεῖ,
671 2997 814 3053 οὕτω
864 2997 957 3052 διὰ
999 3002 1107 3052 τῶν
1165 2999 1339 3070 ἁγίων
1416 2998 1505 3052 καὶ
1564 2998 2024 3073 πιευματοφόρων

309 3086 608 3161 ἀνθρώπων
672 3089 735 3143 τὸ
798 3091 1017 3159 Πνεῦμα
1077 3087 1141 3142 τὸ
1198 3086 1351 3159 ἅγιόν
1403 3087 1544 3141 ἐστιν
1633 3087 1855 3159 ὑμνοῦν,
1932 3088 2024 3141 καὶ

314 3176 549 3257 ψάλλον,
600 3175 691 3231 καὶ
740 3175 1187 3251 προσευχόμενον
1228 3180 1310 3247 τῷ
1364 3181 1480 3247 Θεῷ
1530 3174 1582 3231 ἐν
1641 3177 1846 3250 καθαρᾷ
1892 3196 2023 3251 καρ-

320 3264 427 3337 δίᾳ.
488 3266 625 3334 Δόξα
680 3269 760 3337 τῷ
813 3265 1098 3339 ῥυσαμένῳ
1157 3265 1256 3333 τήν
1334 3265 1519 3339 ψυχὴν
1596 3263 1655 3318 ἐκ
1736 3270 1837 3333 τῆς
1914 3262 2025 3320 δου-

320 3353 470 3417 λείας
540 3355 764 3427 Φαραὼ,
833 3355 924 3409 καὶ
1000 3353 1189 3427 θρόνον
1270 3350 1408 3407 ἴδιον
1463 3354 1880 3423 καταστήσαντι,
1936 3358 2023 3411 καὶ

323 3443 500 3513 οἶκον,
594 3445 683 3498 καὶ
767 3445 914 3516 ναὸν,
998 3443 1089 3498 καὶ

321 3531 481 3586 οὖσαν
513 3534 568 3587 ἒν
595 3537 674 3604 τῷ
711 3532 908 3605 κόσμῳ
939 3531 1138 3604 τούτῳ.

389 3624 497 3680 ΙΕ’.
563 3622 651 3678 Ἐν
706 3627 786 3693 τῷ
849 3624 1005 3694 νόμῳ
1065 3626 1175 3690 ζῶα
1233 3620 1406 3697 ἄλογα
1466 3618 1860 3700 προσεφέροντο
1949 3621 2024 3684 εἰς

318 3710 527 3781 θυσίαν,
605 3712 693 3767 καὶ
772 3713 848 3784 μή
892 3709 1221 3785 ἐσφάζοντο,
1309 3711 1404 3766 οὐν
1492 3712 1628 3781 ἦσαν
1718 3709 1900 3767 δεκταὶ
1970 3715 2023 3768 αἱ

316 3801 669 3878 προσφοραίο
723 3801 814 3855 καὶ
862 3806 955 3857 νῦν
1007 3801 1093 3857 ἐὰν
1141 3802 1217 3874 μὴ
1271 3805 1449 3879 σφαγῇ
1506 3804 1541 3870 ἡ
1609 3801 1865 3876 ἁμαρτία,
1933 3802 2030 3857 οὐκ

319 3886 435 3947 ἔστι
469 3889 631 3959 δεκτή
663 3894 698 3959 ἡ
745 3894 1031 3966 προσφορά
1077 3895 1156 3961 τῷ
1204 3896 1320 3962 Θεῷ
1385 3892 1474 3946 καὶ
1519 3891 1777 3961 ἀληθινή.
1832 3892 2029 3947 Ἦλθεν

314 3981 355 4033 .6
390 3979 523 4041 λαὸς
554 3980 629 4041 εἷς
680 3978 883 4053 Μερὰν,
924 3979 1062 4033 ὅπου
1117 3980 1185 4047 ἦν
1243 3980 1398 4054 πηγή
1438 3980 1630 4053 πικρὸν
1688 3977 1833 4053 ὕδωρ
1895 3979 2032 4054 βρύ-

337 4088 490 4135 ουσα,
519 4068 609 4122 καὶ
640 4067 921 4145 ἄχρηστον
964 4068 1099 4140 πρὸς
1146 4067 1326 4123 πόσιν.
1386 4066 1605 4122 Κελεύει
1664 4065 1755 4121 οὖν
1817 4069 1845 4122 6
1903 4068 2030 4129 Θεὸς

334 4155 530 4213 Μωσέα
561 4156 941 4224 ἂποκνήσαντα
970 4153 1129 4224 ξύλον
1182 4154 1334 4230 ῥίψαι
1384 4155 1459 4216 εἰς
1506 4156 1569 4210 τὸ
1616 4156 1811 4230 πικρὸν
1864 4153 2031 4229 ὕδωρ,

323 4246 414 4301 καὶ
474 4240 870 4318 ἐμϐληθέντος,
942 4243 1115 4307 οὕτως
1188 4248 1286 4299 τοῦ
1362 4242 1554 4314 ξύλου,
1612 4242 1914 4319 ἐγλυκάνθη
1972 4245 2034 4299 τὸ

325 4332 471 4409 ὕδωρ
510 4352 522 4367 ’
555 4334 646 4389 καὶ
702 4329 1041 4406 μεταϐληθὲν
1073 4333 1133 4388 ἐκ
1178 4340 1278 4402 τῆς
1336 4333 1691 4408 πικρότητος,
1750 4335 2033 4408 χρήσιμον

325 4424 416 4480 καὶ
474 4424 710 4496 πότιμον
772 4423 984 4498 ἐγένετο
1042 4428 1121 4495 τῷ
1188 4422 1307 4494 λαῷ
1362 4426 1458 4477 τοῦ
1516 4426 1668 4479 Θεοῦ.
1729 4424 1828 4477 Τὸν
1875 4423 2033 4477 αὐτὸν

1175 3442 1394 3521 νύμφην
1477 3444 1739 3517 κάθαραν,
1822 3442 1912 3498 καὶ
1992 3443 2334 3523 εἰσαγαγόντι
2422 3442 2588 3514 αὐτὴν
2673 3444 2747 3507 εἷς
2838 3442 3119 3518 βασιλεῖαν

2119 1922 2400 1994 Deinceps
2450 1922 2693 1978 liberata
2738 1924 2809 1978 ab
2861 1923 3123 1978 hostibus
3183 1927 3303 1979 suis
3349 1925 3565 1991 anima,
3621 1927 3827 1982 acerbo

2121 2015 2269 2069 mari
2308 2014 2519 2069 virtute
2568 2015 2762 2069 divina
2811 2015 3073 2085 trajecto,
3109 2016 3201 2070 ubi
3262 2017 3546 2087 conspicit
3605 2016 3824 2083 hostes,

2121 2104 2335 2173 quibus
2397 2108 2567 2158 antea
2624 2104 2995 2172 inserviebat,
3048 2112 3178 2160 ante
3242 2105 3439 2160 oculos
3510 2106 3823 2175 interiisse,

2120 2190 2378 2247 exsultat
2425 2191 2640 2263 gaudio
2700 2192 3001 2264 ineffabili,
3036 2196 3093 2248 et
3122 2192 3443 2264 gloriﬁcata
3492 2194 3834 2249 consolatio-

2125 2298 2312 2337 nema
2342 2280 2458 2336 Deo
2508 2280 2741 2351 accipit,
2774 2286 2831 2337 et
2890 2282 2949 2337 in
3008 2279 3255 2338 Domino
3312 2283 3642 2354 requiescit.
3688 2284 3835 2339 Tum

2126 2370 2405 2442 Spiritus,
2428 2386 2601 2441 quem
2634 2371 2877 2443 accepit,
2913 2372 3024 2427 Deo
3065 2373 3355 2428 canticum
3400 2374 3557 2427 canit
3595 2388 3837 2438 novum,

2125 2466 2426 2534 tympano,
2459 2477 2667 2533 nempe
2715 2462 2993 2533 corporis,
3044 2467 3102 2518 et
3150 2462 3403 2529 citharae,
3461 2464 3580 2519 sive
3629 2464 3837 2518 animae

2127 2550 2357 2607 chordis
2412 2552 2823 2618 rationalibus,
2864 2569 2929 2607 ac
2995 2552 3407 2608 subtilissimis
3476 2552 3838 2623 cogitationi—

2128 2642 2263 2707 bus,
2294 2646 2351 2697 et
2397 2640 2611 2713 plectro
2655 2642 2861 2697 divinas
2908 2645 3143 2714 gratiae;
3180 2642 3477 2714 mittitque
3517 2642 3715 2698 laudes
3764 2645 3835 2698 ad

2128 2730 2429 2786 Christum
2455 2731 2766 2787 viriﬁcum.
2789 2732 3287 2797 Quemadmodum
3310 2733 3465 2788 enim
3499 2749 3602 2803 per
3634 2733 3836 2789 tibiam

2129 2820 2372 2890 spiritus
2422 2820 2732 2887 transiens,
2774 2838 2986 2877 sonum
3030 2823 3171 2888 edit,
3226 2823 3304 2877 ita
3362 2839 3466 2893 per
3514 2827 3750 2878 sanctos
3780 2827 3839 2877 et

2132 2910 2342 2981 spiritu
2404 2912 2675 2979 praeditos
2733 2909 2997 2966 homines
3054 2912 3312 2981 Spiritus
3343 2915 3583 2966 sanctus
3617 2912 3839 2981 psallit,

2128 3004 2185 3055 et
2242 3003 2510 3068 precatur
2552 2999 2731 3053 Deum
2786 2998 2846 3053 in
2906 2998 3153 3068 puritate
3200 3001 3413 3053 cordis.
3448 2998 3633 3053 Gloria
3664 3003 3736 3054 sit
3766 3001 3838 3067 ei,

2129 3088 2226 3160 qui
2274 3088 2504 3142 redemit
2542 3090 2791 3143 animam
2819 3090 3129 3143 eaervitule
3176 3087 3508 3158 Pharaonis,
3552 3088 3843 3144 thronum-

2133 3192 2238 3248 que
2294 3193 2455 3231 suum
2499 3192 2622 3232 eam
2671 3178 2970 3244 constituit,
3030 3176 3401 3243 domicilium,
3470 3176 3735 3247 templum
3792 3181 3844 3232 et

2134 3282 2391 3335 sponsam
2445 3282 2704 3336 puram;
2748 3271 2911 3337 atque
2960 3266 3273 3322 introduxit
3319 3283 3444 3323 eam
3499 3267 3561 3321 in
3614 3283 3842 3337 regnum

2141 3359 2270 3413 vitae
2307 3362 2553 3422 aeternae,
2589 3357 2671 3412 vel
2698 3356 2877 3413 adhuc
2906 3358 2966 3411 in
2994 3357 3092 3413 hoc
3118 3358 3320 3414 5.20qu
3350 3359 3718 3414 exsistenlem.

3214 3450 3360 3513 ζωῆς
3441 3444 3688 3516 αἰωνίου,
3764 3442 3843 3499 ἔτι

2207 3623 2322 3678 XV.
2350 3623 2412 3679 In
2444 3622 2568 3695 lege
2598 3624 2879 3680 animalia
2928 3626 3151 3682 ratione
3201 3626 3482 3682 destituta
3512 3626 3843 3682 offereban-

2136 3716 2233 3769 tur
2261 3712 2321 3768 in
2354 3714 2727 3782 sacriﬁcium,
2761 3731 2907 3784 quae,
2941 3716 3053 3772 nisi
3088 3721 3501 3783 mactarentur,
3536 3734 3649 3772 non
3682 3722 3847 3772 erant

2136 3807 2313 3873 gratae
2351 3802 2694 3859 oblationes.
2726 3805 2891 3858 Nunc
2941 3820 3174 3875 quoque
3220 3805 3331 3859 nisi
3380 3810 3666 3861 mactetur
3716 3823 3845 3875 pec-

2138 3894 2351 3955 catum,
2388 3906 2501 3945 non
2533 3895 2622 3945 est
2677 3898 2844 3961 grata
2892 3892 3106 3947 oblatio
3157 3893 3309 3962 apud
3344 3897 3543 3959 Deum,
3578 3898 3635 3947 et
3690 3910 3842 3949 vera.

2140 3977 2308 4032 Venit
2365 3978 2615 4046 populus
2674 3979 2732 4033 in
2794 3979 2995 4035 Maran
3022 3980 3064 4047 ⁵,
3097 3981 3196 4035 ubi
3227 3985 3349 4036 erat
3405 3982 3558 4047 fons,
3591 3997 3846 4037 amaram

2141 4081 2411 4136 aquame
2442 4066 2800 4138 scaturigine
2851 4070 3109 4131 mittens,
3159 4086 3409 4141 eamque
3456 4070 3720 4126 inutilem
3773 4073 3844 4125 ad

2143 4155 2483 4211 bibendum.
2515 4154 2689 4212 Jubet
2718 4173 2855 4228 ergo
2896 4159 3049 4215 Deus
3090 4158 3289 4215 Mosen
3324 4164 3484 4215 metu
3518 4165 3846 4231 correptum

2144 4242 2368 4314 lignum
2404 4244 2682 4315 projicere
2714 4246 2772 4299 in
2824 4262 3039 4317 aquam
3089 4264 3391 4317 amaram;
3426 4249 3535 4304 hoc
3566 4253 3733 4320 pacto
3764 4250 3851 4305 in-

2138 4332 2293 4403 jecto
2325 4332 2478 4402 ligno
2510 4332 2700 4389 dulcis
2748 4334 2949 4391 effecta
2997 4341 3087 4393 est
3135 4353 3308 4409 aqua,
3341 4343 3398 4393 et
3436 4343 3659 4394 mutata
3690 4355 3849 4394 ama-

2146 4422 2417 4489 ritudine,
2453 4423 2605 4479 utilis
2654 4429 2709 4480 et
2756 4426 3027 4495 potabilis
3070 4428 3291 4483 reddita
3333 4434 3416 4484 est
3473 4428 3687 4499 papulo
3727 4428 3848 4483 Dei.

327 4516 532 4589 τρόπον
587 4514 678 4568 καὶ
736 4515 771 4582 ἡ
831 4514 982 4588 ψυχὴ
1043 4511 1370 4586 πεπίκραται
1426 4510 1690 4567 ἐκπιοῦσα
1742 4513 1833 4566 τὸν
1898 4512 2019 4567 οἶνο·

2146 4512 2359 4566 Eodem
2422 4513 2591 4567 modo
2649 4530 2879 4585 quoque
2924 4518 3142 4582 anima,
3176 4523 3343 4588 epoto
3379 4518 3510 4573 vino
3542 4519 3853 4587 serpentis,

326 4607 422 4656 τοῦ
484 4600 680 4680 ὄφεως,
711 4602 802 4656 καὶ
860 4603 1197 4674 ὁμοιωθεῖσα
1251 4604 1320 4675 τῇ
1378 4605 1559 4674 πικμᾷ
1614 4600 1778 4656 αὐτοῦ
1857 4603 2031 4674 φύσει,

328 4689 419 4745 καί
488 4688 817 4765 ἁμαρτωλὸς
882 4693 1175 4765 γενομένη.
1245 4699 1339 4746 Διο
1389 4687 1654 4763 ἐμϐάλλει
1715 4691 1742 4745 ὁ
1800 4691 1929 4751 Θεὸς
1972 4690 2034 4744 τὸ

328 4774 489 4845 ξύλον
522 4784 621 4845 τῆς
666 4782 811 4846 ζωῆς
843 4778 919 4840 εἷς
953 4778 1120 4847 αὐτὴν
1152 4780 1250 4848 τὴν
1301 4779 1501 4853 πικρὰν
1532 4779 1717 4853 πηγὴν
1762 4784 1862 4846 τῆς
1916 4799 2038 4851 καρ-

329 4862 473 4934 δίας,
519 4864 610 4918 καὶ
675 4865 1017 4938 γλυκαίνεται
1057 4867 1116 4922 ἐκ
1175 4876 1277 4938 τῆς
1352 4869 1683 4945 πικρότητος
1763 4864 2038 4941 μεταϐαλ-

329 4953 568 5026 λομένη,
612 4952 702 5009 καὶ
746 4957 1129 5031 συγκιρωμὲνη
1163 4961 1241 5028 τῷ
1283 4957 1556 5031 Πνεύματι
1614 4963 1711 5012 τοῦ
1771 4962 2037 5032 Χριστοῦο

331 5044 423 5099 καὶ
477 5043 653 5105 οὕτως
728 5040 1032 5122 εὔχρηστος
1098 5046 1390 5121 γενομένη,
1460 5046 1534 5109 εἷς
1608 5044 1886 5101 διακονίαν
1944 5049 2040 5101 τοῦ

337 5131 610 5188 Δεσπότου
644 5132 813 5201 αὐτῆς
862 5138 1149 5208 προχωρεῖ
1180 5150 1194 5166 ο

337 5224 598 5300 κοφόρον.
642 5221 780 5292 Δόξα
814 5225 893 5293 τῷ
935 5216 1339 5294 μεταϐάλλοντι
1388 5223 1488 5292 τήν
1537 5223 1841 5298 πικρότητα
1880 5225 2040 5295 ἡμῶν

340 5311 419 5374 εἷς
469 5314 572 5380 τὴν
630 5308 884 5382 ἡδύτητα
921 5310 1011 5365 καὶ
1082 5310 1436 5386 ’χρηστότητα
1512 5316 1610 5367 τοῦ
1706 5310 2042 5385 Πνεύματος.

340 5402 473 5457 Οὐαὶ
530 5401 746 5476 ἐκείνῳ,
812 5403 867 5457 ἐν
913 5402 958 5475 ᾦ
1017 5400 1115 5457 οὐκ
1144 5396 1359 5472 ἐϐλήθη
1396 5402 1458 5456 τὸ
1494 5400 1653 5474 ξύλον
1706 5409 1808 5472 τῆς
1856 5408 1999 5473 ζωῆς
2029 5421 2043 5435 ⁶

342 5490 405 5545 σὺ
439 5487 656 5548 δύναται
695 5486 1011 5566 μεταϐολήν
1038 5511 1161 5548 τινα
1187 5490 1483 5564 κτήσασθαι
1514 5490 1742 5566 ἀγαθήν.

418 5673 439 5709 ⁸
468 5673 646 5730 Exod.
680 5690 756 5746 1v,
786 5674 877 5731 25.

1244 5133 1448 5206 γίνεται
1498 5135 1601 5209 γὰρ
1652 5138 1864 5208 πνεῦμα
1920 5152 2043 5208 σαρ-

2145 4601 2595 4658 amaritudinem
2622 4606 2934 4674 contraxit,
2968 4607 3232 4677 factaque
3262 4611 3347 4662 est
3401 4606 3611 4662 similis
3641 4622 3850 4660 amarae

2145 4691 2273 4760 ejus
2332 4694 2672 4759 naturae,ac
2730 4695 3015 4763 peccatrix
3073 4697 3272 4751 evasit.
3334 4697 3696 4767 Quapropter
3745 4697 3854 4750 im-

2148 4780 2328 4836 mittit
2357 4786 2508 4837 Deus
2566 4782 2783 4852 lignum
2833 4786 2962 4840 vitaa
3001 4788 3060 4841 in
3109 4787 3303 4858 ipsum
3339 4804 3605 4843 amarum
3640 4788 3855 4843 fontem

2149 4869 2362 4935 cordis,
2395 4870 2496 4940 qui
2537 4872 2838 4941 dulcescit,
2872 4876 2943 4929 ab
2992 4876 3385 4932 amaritudine
3417 4880 3858 4942 transmutatus,

2149 4963 2207 5014 et
2236 4960 2523 5017 admistus
2559 4962 2799 5033 Spiritui
2827 4965 3079 5021 Christi:
3114 4970 3288 5037 atque
3337 4966 3446 5023 hoc
3496 4970 3664 5038 pacto
3696 4964 3859 5020 utilis

2151 5046 2391 5104 eﬂ’ectus
2442 5048 2498 5104 in
2557 5050 2903 5122 obsequium
2962 5053 3193 5109 Domini
3250 5054 3337 5111 sui
3393 5055 3601 5110 cedit:
3669 5052 3862 5109 evadit

2152 5138 2309 5195 enim
2341 5139 2595 5211 Spiritus
2626 5158 2859 5199 carnem
2893 5147 3153 5215 gestans.
3186 5145 3381 5201 Gloria
3411 5146 3485 5201 sit
3522 5145 3574 5200 ei
3608 5144 3706 5215 qui
3736 5158 3858 5197 mu-

2152 5234 2238 5285 tat
2274 5231 2725 5289 amaritudinem
2754 5243 3011 5292 nostram
3056 5237 3117 5293 in
3168 5238 3508 5294 suavitatem
3540 5240 3598 5290 et
3637 5232 3864 5287 bonita-

2156 5323 2271 5375 tem
2304 5320 2580 5391 Spiritus.
2614 5323 2704 5379 γε
2735 5325 2843 5395 illi,
2866 5325 2926 5381 in
2960 5343 3135 5398 quem
3184 5344 3299 5383 non
3360 5328 3603 5380 missum
3652 5327 3741 5376 est
3792 5320 3862 5375 li-

2154 5424 2338 5480 gnum
2371 5410 2531 5466 vitaal
2569 5429 2682 5467 non
2741 5421 2929 5486 potest
2981 5416 3137 5473 enim
3195 5417 3453 5487 aliquam
3486 5413 3698 5466 bonam
3731 5424 3860 5464 mu-

2157 5497 2436 5558 tationem
2461 5505 2764 5578 consequi.
