  <div class='ocr_page' id='page_1' title='image "/cluster/home/n/w/nwhite01/storage/ocr_20150623/34/mdp.39015041165401/461.png"; bbox 0 0 4130 6286; ppageno 0'>
   <div class='ocr_carea' id='block_1_1' title="bbox 381 402 502 462">
    <p class='ocr_par' dir='ltr' id='par_1_1' title="bbox 381 402 502 462">
     <span class='ocr_line' id='line_1_1' title="bbox 381 402 502 462; baseline -0.025 0"><span class='ocrx_word' id='word_1_1' title='bbox 381 402 502 462; x_wconf 83' lang='lat'><strong>807</strong></span> 
     </span>
    </p>
   </div>
   <div class='ocr_carea' id='block_1_2' title="bbox 1689 373 2533 445">
    <p class='ocr_par' dir='ltr' id='par_1_2' title="bbox 1689 373 2533 445">
     <span class='ocr_line' id='line_1_2' title="bbox 1689 373 2533 445; baseline -0.006 -1"><span class='ocrx_word' id='word_1_2' title='bbox 1689 381 1753 445; x_wconf 89' lang='lat' dir='ltr'><strong>S.</strong></span> <span class='ocrx_word' id='word_1_3' title='bbox 1804 376 2133 442; x_wconf 80' lang='lat' dir='ltr'><strong>MACARII</strong></span> <span class='ocrx_word' id='word_1_4' title='bbox 2182 373 2533 439; x_wconf 66' lang='lat' dir='ltr'><strong>IEGYPTII</strong></span> 
     </span>
    </p>
   </div>
   <div class='ocr_carea' id='block_1_3' title="bbox 3783 385 3918 449">
    <p class='ocr_par' dir='ltr' id='par_1_3' title="bbox 3783 385 3918 449">
     <span class='ocr_line' id='line_1_3' title="bbox 3783 385 3918 449; baseline 0.015 -2"><span class='ocrx_word' id='word_1_5' title='bbox 3783 385 3918 449; x_wconf 84' lang='lat'><strong>808</strong></span> 
     </span>
    </p>
   </div>
   <div class='ocr_carea' id='block_1_4' title="bbox 449 506 2046 602">
    <p class='ocr_par' dir='ltr' id='par_1_4' title="bbox 449 514 2046 602">
     <span class='ocr_line' id='line_1_4' title="bbox 449 514 2046 602; baseline -0.013 -14"><span class='ocrx_word' id='word_1_6' title='bbox 449 532 594 588; x_wconf 88' lang='lat' dir='ltr'><strong>XVI.</strong></span> <span class='ocrx_word' id='word_1_7' title='bbox 649 529 827 602; x_wconf 87' lang='lat' dir='ltr'><strong>Virga</strong></span> <span class='ocrx_word' id='word_1_8' title='bbox 883 526 1060 585; x_wconf 83' lang='lat' dir='ltr'><strong>Mosis</strong></span> <span class='ocrx_word' id='word_1_9' title='bbox 1126 522 1416 596; x_wconf 85' lang='lat' dir='ltr'><strong>duplicem</strong></span> <span class='ocrx_word' id='word_1_10' title='bbox 1465 517 1681 592; x_wconf 85' lang='lat' dir='ltr'><strong>gerelat</strong></span> <span class='ocrx_word' id='word_1_11' title='bbox 1740 514 2046 586; x_wconf 82' lang='lat' dir='ltr'><strong>imaginem</strong></span> 
     </span>
    </p>
   </div>
   <div class='ocr_carea' id='block_1_5' title="bbox 2155 506 3916 602">
    <p class='ocr_par' dir='ltr' id='par_1_5' title="bbox 2155 506 3916 602">
     <span class='ocr_line' id='line_1_5' title="bbox 2155 506 3916 602; baseline 0.006 -40"><span class='ocrx_word' id='word_1_12' title='bbox 2155 563 2158 575; x_wconf 40' lang='grc' dir='ltr'>λ</span> <span class='ocrx_word' id='word_1_13' title='bbox 2238 509 2389 602; x_wconf 34' lang='grc' dir='ltr'><strong>-Ιςζ</strong></span> <span class='ocrx_word' id='word_1_14' title='bbox 2419 510 2482 565; x_wconf 85' lang='grc' dir='ltr'><strong><em>Ἣ</em></strong></span> <span class='ocrx_word' id='word_1_15' title='bbox 2532 506 2732 584; x_wconf 80' lang='grc' dir='ltr'>ῥάϐδος</span> <span class='ocrx_word' id='word_1_16' title='bbox 2780 511 3061 575; x_wconf 81' lang='grc' dir='ltr'>Μωϋσὲως</span> <span class='ocrx_word' id='word_1_17' title='bbox 3092 508 3188 567; x_wconf 86' lang='grc' dir='ltr'><strong>δύο</strong></span> <span class='ocrx_word' id='word_1_18' title='bbox 3239 510 3424 593; x_wconf 69' lang='grc' dir='ltr'>ἔφερεν</span> <span class='ocrx_word' id='word_1_19' title='bbox 3482 513 3721 580; x_wconf 73' lang='grc' dir='ltr'>εἲκὸνας.</span> <span class='ocrx_word' id='word_1_20' title='bbox 3774 520 3916 582; x_wconf 85' lang='grc' dir='ltr'><strong>Τοῖς</strong></span> 
     </span>
    </p>
   </div>
   <div class='ocr_carea' id='block_1_6' title="bbox 380 602 2086 688">
    <p class='ocr_par' dir='ltr' id='par_1_6' title="bbox 380 602 2086 688">
     <span class='ocr_line' id='line_1_6' title="bbox 380 602 2086 688; baseline -0.012 -11"><span class='ocrx_word' id='word_1_21' title='bbox 380 621 662 677; x_wconf 79' lang='lat' dir='ltr'><strong>Hostibus</strong></span> <span class='ocrx_word' id='word_1_22' title='bbox 691 619 849 675; x_wconf 83' lang='lat' dir='ltr'><strong>velut</strong></span> <span class='ocrx_word' id='word_1_23' title='bbox 904 631 1143 688; x_wconf 85' lang='lat' dir='ltr'><strong>serpens</strong></span> <span class='ocrx_word' id='word_1_24' title='bbox 1192 611 1550 679; x_wconf 89' lang='lat' dir='ltr'><strong>occurrebat,</strong></span> <span class='ocrx_word' id='word_1_25' title='bbox 1575 605 1851 664; x_wconf 90' lang='lat' dir='ltr'><strong>mordens</strong></span> <span class='ocrx_word' id='word_1_26' title='bbox 1908 608 1965 658; x_wconf 91' lang='lat' dir='ltr'><strong>et</strong></span> <span class='ocrx_word' id='word_1_27' title='bbox 1992 602 2086 656; x_wconf 89' lang='lat' dir='ltr'><strong>in-</strong></span> 
     </span>
    </p>
   </div>
   <div class='ocr_carea' id='block_1_7' title="bbox 379 694 2083 776">
    <p class='ocr_par' dir='ltr' id='par_1_7' title="bbox 379 694 2083 776">
     <span class='ocr_line' id='line_1_7' title="bbox 379 694 2083 776; baseline -0.013 -9"><span class='ocrx_word' id='word_1_28' title='bbox 379 710 693 776; x_wconf 82' lang='lat' dir='ltr'><strong>terﬁciens,</strong></span> <span class='ocrx_word' id='word_1_29' title='bbox 753 708 908 765; x_wconf 73' lang='lat' dir='ltr'><strong>I52</strong></span> <span class='ocrx_word' id='word_1_30' title='bbox 966 703 1246 761; x_wconf 89' lang='lat' dir='ltr'><strong>Israelitis</strong></span> <span class='ocrx_word' id='word_1_31' title='bbox 1292 717 1426 757; x_wconf 82' lang='lat' dir='ltr'><strong>vero</strong></span> <span class='ocrx_word' id='word_1_32' title='bbox 1476 702 1599 755; x_wconf 84' lang='lat' dir='ltr'><strong>erat</strong></span> <span class='ocrx_word' id='word_1_33' title='bbox 1654 694 1918 759; x_wconf 82' lang='lat' dir='ltr'><strong>baculus,</strong></span> <span class='ocrx_word' id='word_1_34' title='bbox 1969 706 2083 763; x_wconf 91' lang='lat' dir='ltr'><strong>quo</strong></span> 
     </span>
    </p>
   </div>
   <div class='ocr_carea' id='block_1_8' title="bbox 379 782 2083 866">
    <p class='ocr_par' dir='ltr' id='par_1_8' title="bbox 379 782 2083 866">
     <span class='ocr_line' id='line_1_8' title="bbox 379 782 2083 866; baseline -0.011 -12"><span class='ocrx_word' id='word_1_35' title='bbox 379 799 789 855; x_wconf 79' lang='lat' dir='ltr'><strong>fulciebantur.</strong></span> <span class='ocrx_word' id='word_1_36' title='bbox 812 797 908 852; x_wconf 87' lang='lat' dir='ltr'><strong>Sic</strong></span> <span class='ocrx_word' id='word_1_37' title='bbox 929 808 1160 866; x_wconf 88' lang='lat' dir='ltr'><strong>quoque</strong></span> <span class='ocrx_word' id='word_1_38' title='bbox 1186 807 1388 848; x_wconf 86' lang='lat' dir='ltr'><strong>verum</strong></span> <span class='ocrx_word' id='word_1_39' title='bbox 1420 789 1643 861; x_wconf 83' lang='lat' dir='ltr'><strong>lignum</strong></span> <span class='ocrx_word' id='word_1_40' title='bbox 1675 784 1889 850; x_wconf 90' lang='lat' dir='ltr'><strong>crucis,</strong></span> <span class='ocrx_word' id='word_1_41' title='bbox 1924 782 2083 854; x_wconf 90' lang='lat' dir='ltr'><strong>quod</strong></span> 
     </span>
    </p>
   </div>
   <div class='ocr_carea' id='block_1_9' title="bbox 377 873 2077 954">
    <p class='ocr_par' dir='ltr' id='par_1_9' title="bbox 377 873 2077 954">
     <span class='ocr_line' id='line_1_9' title="bbox 377 873 2077 954; baseline -0.012 -9"><span class='ocrx_word' id='word_1_42' title='bbox 377 892 467 945; x_wconf 88' lang='lat' dir='ltr'><strong>est</strong></span> <span class='ocrx_word' id='word_1_43' title='bbox 495 886 782 953; x_wconf 84' lang='lat' dir='ltr'><strong>Christus,</strong></span> <span class='ocrx_word' id='word_1_44' title='bbox 816 886 1072 940; x_wconf 90' lang='lat' dir='ltr'><strong>hostium</strong></span> <span class='ocrx_word' id='word_1_45' title='bbox 1133 882 1370 954; x_wconf 87' lang='lat' dir='ltr'><strong>quidem</strong></span> <span class='ocrx_word' id='word_1_46' title='bbox 1420 885 1511 934; x_wconf 91' lang='lat' dir='ltr'><strong>est</strong></span> <span class='ocrx_word' id='word_1_47' title='bbox 1558 893 1735 943; x_wconf 87' lang='lat' dir='ltr'><strong>mors,</strong></span> <span class='ocrx_word' id='word_1_48' title='bbox 1761 873 2077 946; x_wconf 81' lang='lat' dir='ltr'><strong>spirituum</strong></span> 
     </span>
    </p>
   </div>
   <div class='ocr_carea' id='block_1_10' title="bbox 378 961 2080 1045">
    <p class='ocr_par' dir='ltr' id='par_1_10' title="bbox 378 961 2080 1045">
     <span class='ocr_line' id='line_1_10' title="bbox 378 961 2080 1045; baseline -0.01 -14"><span class='ocrx_word' id='word_1_49' title='bbox 378 991 588 1045; x_wconf 81' lang='lat' dir='ltr'><strong>nempe</strong></span> <span class='ocrx_word' id='word_1_50' title='bbox 610 973 841 1030; x_wconf 74' lang='lat' dir='ltr'><strong>malitiae</strong></span> <span class='ocrx_word' id='word_1_51' title='bbox 866 990 880 1041; x_wconf 91' lang='lat'><strong>;</strong></span> <span class='ocrx_word' id='word_1_52' title='bbox 905 974 1235 1029; x_wconf 89' lang='lat' dir='ltr'><strong>animarum</strong></span> <span class='ocrx_word' id='word_1_53' title='bbox 1275 985 1409 1025; x_wconf 85' lang='lat' dir='ltr'><strong>vero</strong></span> <span class='ocrx_word' id='word_1_54' title='bbox 1450 977 1776 1023; x_wconf 78' lang='lat' dir='ltr'><strong>nostrarum</strong></span> <span class='ocrx_word' id='word_1_55' title='bbox 1816 961 2080 1028; x_wconf 90' lang='lat' dir='ltr'><strong>baculus,</strong></span> 
     </span>
    </p>
   </div>
   <div class='ocr_carea' id='block_1_11' title="bbox 378 1050 2081 1131">
    <p class='ocr_par' dir='ltr' id='par_1_11' title="bbox 378 1050 2081 1131">
     <span class='ocr_line' id='line_1_11' title="bbox 378 1050 2081 1131; baseline -0.009 -11"><span class='ocrx_word' id='word_1_56' title='bbox 378 1065 546 1120; x_wconf 91' lang='lat' dir='ltr'><strong>sedes</strong></span> <span class='ocrx_word' id='word_1_57' title='bbox 594 1069 753 1130; x_wconf 91' lang='lat' dir='ltr'><strong>tuta,</strong></span> <span class='ocrx_word' id='word_1_58' title='bbox 802 1068 859 1119; x_wconf 90' lang='lat' dir='ltr'><strong>et</strong></span> <span class='ocrx_word' id='word_1_59' title='bbox 904 1063 1038 1126; x_wconf 89' lang='lat' dir='ltr'><strong>vita,</strong></span> <span class='ocrx_word' id='word_1_60' title='bbox 1073 1062 1132 1117; x_wconf 91' lang='lat' dir='ltr'><strong>in</strong></span> <span class='ocrx_word' id='word_1_61' title='bbox 1182 1077 1296 1131; x_wconf 85' lang='lat' dir='ltr'><strong>qua</strong></span> <span class='ocrx_word' id='word_1_62' title='bbox 1338 1056 1799 1128; x_wconf 88' lang='lat' dir='ltr'><strong>conquiescunt.</strong></span> <span class='ocrx_word' id='word_1_63' title='bbox 1855 1050 2081 1121; x_wconf 70' lang='lat' dir='ltr'><strong>Figuras</strong></span> 
     </span>
    </p>
   </div>
   <div class='ocr_carea' id='block_1_12' title="bbox 376 1141 2075 1222">
    <p class='ocr_par' dir='ltr' id='par_1_12' title="bbox 376 1141 2075 1222">
     <span class='ocr_line' id='line_1_12' title="bbox 376 1141 2075 1222; baseline -0.01 -13"><span class='ocrx_word' id='word_1_64' title='bbox 376 1154 531 1209; x_wconf 89' lang='lat' dir='ltr'><strong>enim</strong></span> <span class='ocrx_word' id='word_1_65' title='bbox 589 1157 646 1209; x_wconf 90' lang='lat' dir='ltr'><strong>et</strong></span> <span class='ocrx_word' id='word_1_66' title='bbox 693 1154 915 1208; x_wconf 64' lang='lat' dir='ltr'><strong>umbras</strong></span> <span class='ocrx_word' id='word_1_67' title='bbox 954 1152 1117 1222; x_wconf 90' lang='lat' dir='ltr'><strong>prius</strong></span> <span class='ocrx_word' id='word_1_68' title='bbox 1156 1151 1413 1214; x_wconf 82' lang='lat' dir='ltr'><strong>fuerunt,</strong></span> <span class='ocrx_word' id='word_1_69' title='bbox 1443 1161 1622 1217; x_wconf 87' lang='lat' dir='ltr'><strong>quam</strong></span> <span class='ocrx_word' id='word_1_70' title='bbox 1665 1159 1809 1198; x_wconf 74' lang='lat' dir='ltr'><strong>versa</strong></span> <span class='ocrx_word' id='word_1_71' title='bbox 1842 1141 1928 1195; x_wconf 65' lang='lat' dir='ltr'><strong>ha</strong></span> <span class='ocrx_word' id='word_1_72' title='bbox 1961 1154 2075 1207; x_wconf 87' lang='lat' dir='ltr'><strong>res,</strong></span> 
     </span>
    </p>
   </div>
   <div class='ocr_carea' id='block_1_13' title="bbox 370 1229 2079 1315">
    <p class='ocr_par' dir='ltr' id='par_1_13' title="bbox 370 1229 2079 1315">
     <span class='ocr_line' id='line_1_13' title="bbox 370 1229 2079 1315; baseline -0.011 -15"><span class='ocrx_word' id='word_1_73' title='bbox 370 1244 661 1315; x_wconf 84' lang='lat' dir='ltr'><strong>siquidem</strong></span> <span class='ocrx_word' id='word_1_74' title='bbox 694 1244 973 1313; x_wconf 90' lang='lat' dir='ltr'><strong>antiquus</strong></span> <span class='ocrx_word' id='word_1_75' title='bbox 1022 1240 1212 1295; x_wconf 84' lang='lat' dir='ltr'><strong>cnllus</strong></span> <span class='ocrx_word' id='word_1_76' title='bbox 1255 1235 1553 1309; x_wconf 65' lang='lat' dir='ltr'><strong>praesentis</strong></span> <span class='ocrx_word' id='word_1_77' title='bbox 1610 1232 1801 1289; x_wconf 88' lang='lat' dir='ltr'><strong>cultus</strong></span> <span class='ocrx_word' id='word_1_78' title='bbox 1866 1229 2079 1285; x_wconf 90' lang='lat' dir='ltr'><strong>umbra</strong></span> 
     </span>
    </p>
   </div>
   <div class='ocr_carea' id='block_1_14' title="bbox 374 1321 2075 1403">
    <p class='ocr_par' dir='ltr' id='par_1_14' title="bbox 374 1321 2075 1403">
     <span class='ocr_line' id='line_1_14' title="bbox 374 1321 2075 1403; baseline -0.011 -14"><span class='ocrx_word' id='word_1_79' title='bbox 374 1338 431 1389; x_wconf 92' lang='lat' dir='ltr'><strong>et</strong></span> <span class='ocrx_word' id='word_1_80' title='bbox 462 1333 656 1403; x_wconf 82' lang='lat' dir='ltr'><strong>imago</strong></span> <span class='ocrx_word' id='word_1_81' title='bbox 689 1340 795 1386; x_wconf 89' lang='lat' dir='ltr'><strong>est.</strong></span> <span class='ocrx_word' id='word_1_82' title='bbox 831 1332 973 1385; x_wconf 91' lang='lat' dir='ltr'><strong>Item</strong></span> <span class='ocrx_word' id='word_1_83' title='bbox 1006 1328 1396 1391; x_wconf 87' lang='lat' dir='ltr'><strong>circumcisio,</strong></span> <span class='ocrx_word' id='word_1_84' title='bbox 1428 1321 1888 1387; x_wconf 83' lang='lat' dir='ltr'><strong>tabernaculum,</strong></span> <span class='ocrx_word' id='word_1_85' title='bbox 1921 1334 2075 1385; x_wconf 84' lang='lat' dir='ltr'><strong>arca,</strong></span> 
     </span>
    </p>
   </div>
   <div class='ocr_carea' id='block_1_15' title="bbox 374 1409 2074 1485">
    <p class='ocr_par' dir='ltr' id='par_1_15' title="bbox 374 1409 2074 1485">
     <span class='ocr_line' id='line_1_15' title="bbox 374 1409 2074 1485; baseline -0.01 -9"><span class='ocrx_word' id='word_1_86' title='bbox 374 1437 539 1485; x_wconf 89' lang='lat' dir='ltr'><strong>urna,</strong></span> <span class='ocrx_word' id='word_1_87' title='bbox 571 1436 807 1484; x_wconf 86' lang='lat' dir='ltr'><strong>manna,</strong></span> <span class='ocrx_word' id='word_1_88' title='bbox 840 1418 1254 1482; x_wconf 88' lang='lat' dir='ltr'><strong>sacerdotium,</strong></span> <span class='ocrx_word' id='word_1_89' title='bbox 1288 1417 1595 1470; x_wconf 90' lang='lat' dir='ltr'><strong>incensum</strong></span> <span class='ocrx_word' id='word_1_90' title='bbox 1639 1416 1695 1465; x_wconf 87' lang='lat' dir='ltr'><strong>et</strong></span> <span class='ocrx_word' id='word_1_91' title='bbox 1726 1409 2074 1475; x_wconf 89' lang='lat' dir='ltr'><strong>ablutiones,</strong></span> 
     </span>
    </p>
   </div>
   <div class='ocr_carea' id='block_1_16' title="bbox 368 1498 2071 1577">
    <p class='ocr_par' dir='ltr' id='par_1_16' title="bbox 368 1498 2071 1577">
     <span class='ocr_line' id='line_1_16' title="bbox 368 1498 2071 1577; baseline -0.009 -11"><span class='ocrx_word' id='word_1_92' title='bbox 368 1518 443 1577; x_wconf 90' lang='lat' dir='ltr'><strong>et,</strong></span> <span class='ocrx_word' id='word_1_93' title='bbox 505 1515 570 1565; x_wconf 93' lang='lat' dir='ltr'><strong>ut</strong></span> <span class='ocrx_word' id='word_1_94' title='bbox 626 1509 965 1563; x_wconf 78' lang='lat' dir='ltr'><strong>summatim</strong></span> <span class='ocrx_word' id='word_1_95' title='bbox 1023 1508 1238 1571; x_wconf 78' lang='lat' dir='ltr'><strong>dicam,</strong></span> <span class='ocrx_word' id='word_1_96' title='bbox 1296 1519 1679 1577; x_wconf 70' lang='lat' dir='ltr'><strong>quaecumque</strong></span> <span class='ocrx_word' id='word_1_97' title='bbox 1736 1500 1954 1555; x_wconf 80' lang='lat' dir='ltr'><strong>ﬁebant</strong></span> <span class='ocrx_word' id='word_1_98' title='bbox 2012 1498 2071 1551; x_wconf 93' lang='lat' dir='ltr'><strong>in</strong></span> 
     </span>
    </p>
   </div>
   <div class='ocr_carea' id='block_1_17' title="bbox 367 1591 2069 1670">
    <p class='ocr_par' dir='ltr' id='par_1_17' title="bbox 367 1591 2069 1670">
     <span class='ocr_line' id='line_1_17' title="bbox 367 1591 2069 1670; baseline -0.008 -14"><span class='ocrx_word' id='word_1_99' title='bbox 367 1600 675 1656; x_wconf 84' lang='lat' dir='ltr'><strong>Israelitico</strong></span> <span class='ocrx_word' id='word_1_100' title='bbox 732 1598 963 1670; x_wconf 90' lang='lat' dir='ltr'><strong>populo,</strong></span> <span class='ocrx_word' id='word_1_101' title='bbox 996 1597 1054 1652; x_wconf 91' lang='lat' dir='ltr'><strong>in</strong></span> <span class='ocrx_word' id='word_1_102' title='bbox 1104 1597 1230 1668; x_wconf 88' lang='lat' dir='ltr'><strong>lege</strong></span> <span class='ocrx_word' id='word_1_103' title='bbox 1274 1595 1472 1665; x_wconf 89' lang='lat' dir='ltr'><strong>Mosis,</strong></span> <span class='ocrx_word' id='word_1_104' title='bbox 1505 1598 1607 1648; x_wconf 87' lang='lat' dir='ltr'><strong>aut</strong></span> <span class='ocrx_word' id='word_1_105' title='bbox 1658 1591 2069 1662; x_wconf 86' lang='lat' dir='ltr'><strong>prOphetarum</strong></span> 
     </span>
    </p>
   </div>
   <div class='ocr_carea' id='block_1_18' title="bbox 362 1684 2067 1761">
    <p class='ocr_par' dir='ltr' id='par_1_18' title="bbox 362 1684 2067 1761">
     <span class='ocr_line' id='line_1_18' title="bbox 362 1684 2067 1761; baseline -0.009 -16"><span class='ocrx_word' id='word_1_106' title='bbox 362 1690 745 1761; x_wconf 79' lang='lat' dir='ltr'><strong>temporibus,</strong></span> <span class='ocrx_word' id='word_1_107' title='bbox 784 1692 1014 1757; x_wconf 86' lang='lat' dir='ltr'><strong>propter</strong></span> <span class='ocrx_word' id='word_1_108' title='bbox 1044 1687 1301 1741; x_wconf 84' lang='lat' dir='ltr'><strong>animam</strong></span> <span class='ocrx_word' id='word_1_109' title='bbox 1352 1685 1539 1755; x_wconf 90' lang='lat' dir='ltr'><strong>ipsam</strong></span> <span class='ocrx_word' id='word_1_110' title='bbox 1567 1684 1715 1737; x_wconf 77' lang='lat' dir='ltr'><strong>facta</strong></span> <span class='ocrx_word' id='word_1_111' title='bbox 1744 1685 1906 1746; x_wconf 88' lang='lat' dir='ltr'><strong>sunt,</strong></span> <span class='ocrx_word' id='word_1_112' title='bbox 1940 1693 2067 1750; x_wconf 66' lang='lat' dir='ltr'><strong>quae</strong></span> 
     </span>
    </p>
   </div>
   <div class='ocr_carea' id='block_1_19' title="bbox 360 1770 2066 1845">
    <p class='ocr_par' dir='ltr' id='par_1_19' title="bbox 360 1770 2066 1845">
     <span class='ocr_line' id='line_1_19' title="bbox 360 1770 2066 1845; baseline -0.007 -12"><span class='ocrx_word' id='word_1_113' title='bbox 360 1780 686 1834; x_wconf 83' lang='lat' dir='ltr'><strong>secundum</strong></span> <span class='ocrx_word' id='word_1_114' title='bbox 719 1778 1030 1845; x_wconf 83' lang='lat' dir='ltr'><strong>imaginem</strong></span> <span class='ocrx_word' id='word_1_115' title='bbox 1082 1775 1178 1830; x_wconf 89' lang='lat' dir='ltr'><strong>Dei</strong></span> <span class='ocrx_word' id='word_1_116' title='bbox 1227 1773 1481 1838; x_wconf 89' lang='lat' dir='ltr'><strong>condita,</strong></span> <span class='ocrx_word' id='word_1_117' title='bbox 1516 1777 1693 1842; x_wconf 89' lang='lat' dir='ltr'><strong>atque</strong></span> <span class='ocrx_word' id='word_1_118' title='bbox 1722 1770 1832 1825; x_wconf 87' lang='lat' dir='ltr'><strong>sub</strong></span> <span class='ocrx_word' id='word_1_119' title='bbox 1857 1770 2066 1839; x_wconf 88' lang='lat' dir='ltr'><strong>jugum</strong></span> 
     </span>
    </p>
   </div>
   <div class='ocr_carea' id='block_1_20' title="bbox 2199 597 3907 683">
    <p class='ocr_par' dir='ltr' id='par_1_20' title="bbox 2199 597 3907 683">
     <span class='ocr_line' id='line_1_20' title="bbox 2199 597 3907 683; baseline 0.007 -32"><span class='ocrx_word' id='word_1_120' title='bbox 2199 597 2292 668; x_wconf 75' lang='grc' dir='ltr'>μὲν</span> <span class='ocrx_word' id='word_1_121' title='bbox 2324 599 2428 675; x_wconf 79' lang='grc' dir='ltr'><strong>γὰρ</strong></span> <span class='ocrx_word' id='word_1_122' title='bbox 2470 598 2693 673; x_wconf 75' lang='grc' dir='ltr'><strong>ἐχθροῖς</strong></span> <span class='ocrx_word' id='word_1_123' title='bbox 2726 601 2801 664; x_wconf 84' lang='grc' dir='ltr'>ὡς</span> <span class='ocrx_word' id='word_1_124' title='bbox 2832 599 2957 675; x_wconf 75' lang='grc' dir='ltr'>ὄφις</span> <span class='ocrx_word' id='word_1_125' title='bbox 2986 601 3225 674; x_wconf 71' lang='grc' dir='ltr'>ἀπήντα,</span> <span class='ocrx_word' id='word_1_126' title='bbox 3260 600 3469 660; x_wconf 79' lang='grc' dir='ltr'>δάκνων</span> <span class='ocrx_word' id='word_1_127' title='bbox 3498 606 3589 661; x_wconf 84' lang='grc' dir='ltr'>καὶ</span> <span class='ocrx_word' id='word_1_128' title='bbox 3628 606 3867 683; x_wconf 78' lang='grc' dir='ltr'><strong>ἀναιρῶν</strong></span> <span class='ocrx_word' id='word_1_129' title='bbox 3889 628 3907 643; x_wconf 80' lang='grc'>⁶</span> 
     </span>
    </p>
   </div>
   <div class='ocr_carea' id='block_1_21' title="bbox 2193 687 3907 771">
    <p class='ocr_par' dir='ltr' id='par_1_21' title="bbox 2193 687 3907 771">
     <span class='ocr_line' id='line_1_21' title="bbox 2193 687 3907 771; baseline 0.006 -30"><span class='ocrx_word' id='word_1_130' title='bbox 2193 692 2313 750; x_wconf 85' lang='grc' dir='ltr'>τοῖς</span> <span class='ocrx_word' id='word_1_131' title='bbox 2358 687 2732 761; x_wconf 77' lang='grc' dir='ltr'>Ἰσραηλίταις</span> <span class='ocrx_word' id='word_1_132' title='bbox 2772 689 2830 745; x_wconf 74' lang='grc' dir='ltr'>δὲ</span> <span class='ocrx_word' id='word_1_133' title='bbox 2882 690 3170 766; x_wconf 81' lang='grc' dir='ltr'><strong>βακτηρία,</strong></span> <span class='ocrx_word' id='word_1_134' title='bbox 3231 691 3313 771; x_wconf 72' lang='grc' dir='ltr'><strong>ἐφ’</strong></span> <span class='ocrx_word' id='word_1_135' title='bbox 3369 695 3432 763; x_wconf 75' lang='grc' dir='ltr'><strong>ἢν</strong></span> <span class='ocrx_word' id='word_1_136' title='bbox 3461 693 3907 768; x_wconf 79' lang='grc' dir='ltr'>ἐπεστηρίζοντο.</span> 
     </span>
    </p>
   </div>
   <div class='ocr_carea' id='block_1_22' title="bbox 2194 774 3902 858">
    <p class='ocr_par' dir='ltr' id='par_1_22' title="bbox 2194 774 3902 858">
     <span class='ocr_line' id='line_1_22' title="bbox 2194 774 3902 858; baseline 0.006 -27"><span class='ocrx_word' id='word_1_137' title='bbox 2194 774 2351 831; x_wconf 75' lang='grc' dir='ltr'>Οὕτω</span> <span class='ocrx_word' id='word_1_138' title='bbox 2408 777 2497 830; x_wconf 89' lang='grc' dir='ltr'><strong>καὶ</strong></span> <span class='ocrx_word' id='word_1_139' title='bbox 2554 779 2615 832; x_wconf 84' lang='grc' dir='ltr'>τὸ</span> <span class='ocrx_word' id='word_1_140' title='bbox 2676 777 2940 849; x_wconf 78' lang='grc' dir='ltr'>ἀληθινὸν</span> <span class='ocrx_word' id='word_1_141' title='bbox 2989 778 3149 853; x_wconf 81' lang='grc' dir='ltr'>ξύλον</span> <span class='ocrx_word' id='word_1_142' title='bbox 3193 786 3291 836; x_wconf 79' lang='grc' dir='ltr'>τοῦ</span> <span class='ocrx_word' id='word_1_143' title='bbox 3361 787 3618 858; x_wconf 83' lang='grc' dir='ltr'>σταῦροῦ,</span> <span class='ocrx_word' id='word_1_144' title='bbox 3694 784 3726 839; x_wconf 80' lang='grc' dir='ltr'>ὅ</span> <span class='ocrx_word' id='word_1_145' title='bbox 3788 783 3902 842; x_wconf 73' lang='grc' dir='ltr'>ἐστι</span> 
     </span>
    </p>
   </div>
   <div class='ocr_carea' id='block_1_23' title="bbox 2192 865 3909 945">
    <p class='ocr_par' dir='ltr' id='par_1_23' title="bbox 2192 865 3909 945">
     <span class='ocr_line' id='line_1_23' title="bbox 2192 865 3909 945; baseline 0.007 -27"><span class='ocrx_word' id='word_1_146' title='bbox 2192 865 2446 936; x_wconf 82' lang='grc' dir='ltr'>Χριστὸς,</span> <span class='ocrx_word' id='word_1_147' title='bbox 2493 870 2600 921; x_wconf 89' lang='grc' dir='ltr'><strong>τῶν</strong></span> <span class='ocrx_word' id='word_1_148' title='bbox 2661 869 2754 941; x_wconf 75' lang='grc' dir='ltr'>μὲν</span> <span class='ocrx_word' id='word_1_149' title='bbox 2827 867 3043 945; x_wconf 79' lang='grc' dir='ltr'>ἒχθρῶν</span> <span class='ocrx_word' id='word_1_150' title='bbox 3102 868 3214 925; x_wconf 80' lang='grc' dir='ltr'>ἐστι</span> <span class='ocrx_word' id='word_1_151' title='bbox 3268 872 3519 936; x_wconf 85' lang='grc' dir='ltr'>θάνατος,</span> <span class='ocrx_word' id='word_1_152' title='bbox 3576 877 3683 928; x_wconf 88' lang='grc' dir='ltr'><strong>τῶν</strong></span> <span class='ocrx_word' id='word_1_153' title='bbox 3741 895 3909 930; x_wconf 88' lang='grc' dir='ltr'>πνευ-</span> 
     </span>
    </p>
   </div>
   <div class='ocr_carea' id='block_1_24' title="bbox 2195 955 3907 1039">
    <p class='ocr_par' dir='ltr' id='par_1_24' title="bbox 2195 955 3907 1039">
     <span class='ocr_line' id='line_1_24' title="bbox 2195 955 3907 1039; baseline 0.008 -31"><span class='ocrx_word' id='word_1_154' title='bbox 2195 955 2379 1025; x_wconf 80' lang='grc' dir='ltr'><strong>μάτων</strong></span> <span class='ocrx_word' id='word_1_155' title='bbox 2424 957 2524 1023; x_wconf 80' lang='grc' dir='ltr'><strong>τὴς</strong></span> <span class='ocrx_word' id='word_1_156' title='bbox 2573 957 2840 1031; x_wconf 81' lang='grc' dir='ltr'>πονηρίας</span> <span class='ocrx_word' id='word_1_157' title='bbox 2874 977 2888 992; x_wconf 90' lang='grc'><strong>·</strong></span> <span class='ocrx_word' id='word_1_158' title='bbox 2940 962 3050 1013; x_wconf 90' lang='grc' dir='ltr'><strong>τῶν</strong></span> <span class='ocrx_word' id='word_1_159' title='bbox 3094 957 3151 1013; x_wconf 71' lang='grc' dir='ltr'>δὲ</span> <span class='ocrx_word' id='word_1_160' title='bbox 3190 962 3387 1039; x_wconf 83' lang='grc' dir='ltr'>ψυχῶν</span> <span class='ocrx_word' id='word_1_161' title='bbox 3430 964 3592 1033; x_wconf 81' lang='grc' dir='ltr'>ἡμῶν</span> <span class='ocrx_word' id='word_1_162' title='bbox 3638 962 3907 1039; x_wconf 82' lang='grc' dir='ltr'>βακτηρία</span> 
     </span>
    </p>
   </div>
   <div class='ocr_carea' id='block_1_25' title="bbox 2188 1040 3906 1126">
    <p class='ocr_par' dir='ltr' id='par_1_25' title="bbox 2188 1040 3906 1126">
     <span class='ocr_line' id='line_1_25' title="bbox 2188 1040 3906 1126; baseline 0.006 -28"><span class='ocrx_word' id='word_1_163' title='bbox 2188 1045 2280 1098; x_wconf 85' lang='grc' dir='ltr'><strong>καὶ</strong></span> <span class='ocrx_word' id='word_1_164' title='bbox 2344 1040 2586 1119; x_wconf 80' lang='grc' dir='ltr'>ἕδρασμα</span> <span class='ocrx_word' id='word_1_165' title='bbox 2636 1046 2874 1123; x_wconf 69' lang='grc' dir='ltr'>ἀσφαλὲς</span> <span class='ocrx_word' id='word_1_166' title='bbox 2937 1047 3030 1102; x_wconf 85' lang='grc' dir='ltr'><strong>καὶ</strong></span> <span class='ocrx_word' id='word_1_167' title='bbox 3093 1049 3233 1119; x_wconf 84' lang='grc' dir='ltr'>ζωή,</span> <span class='ocrx_word' id='word_1_168' title='bbox 3294 1048 3377 1126; x_wconf 77' lang='grc' dir='ltr'><strong>ἐφ’</strong></span> <span class='ocrx_word' id='word_1_169' title='bbox 3424 1050 3486 1119; x_wconf 80' lang='grc' dir='ltr'>ἣν</span> <span class='ocrx_word' id='word_1_170' title='bbox 3539 1048 3906 1108; x_wconf 78' lang='grc' dir='ltr'>ἐπαναπαύον-</span> 
     </span>
    </p>
   </div>
   <div class='ocr_carea' id='block_1_26' title="bbox 2188 1132 3906 1213">
    <p class='ocr_par' dir='ltr' id='par_1_26' title="bbox 2188 1132 3906 1213">
     <span class='ocr_line' id='line_1_26' title="bbox 2188 1132 3906 1213; baseline 0.006 -26"><span class='ocrx_word' id='word_1_171' title='bbox 2188 1153 2298 1187; x_wconf 88' lang='grc' dir='ltr'>ται.</span> <span class='ocrx_word' id='word_1_172' title='bbox 2330 1132 2503 1188; x_wconf 88' lang='grc' dir='ltr'>Τύποι</span> <span class='ocrx_word' id='word_1_173' title='bbox 2533 1138 2638 1208; x_wconf 86' lang='grc' dir='ltr'><strong>γᾶρ</strong></span> <span class='ocrx_word' id='word_1_174' title='bbox 2666 1136 2754 1189; x_wconf 86' lang='grc' dir='ltr'><strong>καὶ</strong></span> <span class='ocrx_word' id='word_1_175' title='bbox 2805 1134 2953 1190; x_wconf 83' lang='grc' dir='ltr'>σκιαὶ</span> <span class='ocrx_word' id='word_1_176' title='bbox 2991 1137 3053 1191; x_wconf 86' lang='grc' dir='ltr'>τὸ</span> <span class='ocrx_word' id='word_1_177' title='bbox 3100 1137 3225 1211; x_wconf 77' lang='grc' dir='ltr'>πρὶν</span> <span class='ocrx_word' id='word_1_178' title='bbox 3284 1135 3569 1213; x_wconf 86' lang='grc' dir='ltr'>ἔγίγνοντο</span> <span class='ocrx_word' id='word_1_179' title='bbox 3616 1145 3722 1196; x_wconf 86' lang='grc' dir='ltr'><strong>τῶν</strong></span> <span class='ocrx_word' id='word_1_180' title='bbox 3764 1141 3906 1213; x_wconf 86' lang='grc' dir='ltr'>ἀλη-</span> 
     </span>
    </p>
   </div>
   <div class='ocr_carea' id='block_1_27' title="bbox 2189 1221 3895 1301">
    <p class='ocr_par' dir='ltr' id='par_1_27' title="bbox 2189 1221 3895 1301">
     <span class='ocr_line' id='line_1_27' title="bbox 2189 1221 3895 1301; baseline 0.007 -28"><span class='ocrx_word' id='word_1_181' title='bbox 2189 1222 2348 1275; x_wconf 80' lang='grc' dir='ltr'>θινῶν</span> <span class='ocrx_word' id='word_1_182' title='bbox 2386 1221 2600 1277; x_wconf 89' lang='grc' dir='ltr'>τούτων</span> <span class='ocrx_word' id='word_1_183' title='bbox 2650 1223 2983 1299; x_wconf 75' lang='grc' dir='ltr'>πραγμάτων</span> <span class='ocrx_word' id='word_1_184' title='bbox 3018 1243 3031 1258; x_wconf 84' lang='grc'>⁶</span> <span class='ocrx_word' id='word_1_185' title='bbox 3084 1226 3209 1280; x_wconf 73' lang='grc' dir='ltr'>σκιὰ</span> <span class='ocrx_word' id='word_1_186' title='bbox 3256 1226 3361 1301; x_wconf 78' lang='grc' dir='ltr'><strong>γὰρ</strong></span> <span class='ocrx_word' id='word_1_187' title='bbox 3413 1227 3545 1297; x_wconf 79' lang='grc' dir='ltr'>ἐστι,</span> <span class='ocrx_word' id='word_1_188' title='bbox 3593 1230 3683 1283; x_wconf 81' lang='grc' dir='ltr'><strong>καὶ</strong></span> <span class='ocrx_word' id='word_1_189' title='bbox 3732 1229 3895 1286; x_wconf 81' lang='grc' dir='ltr'>εἰκὼν</span> 
     </span>
    </p>
   </div>
   <div class='ocr_carea' id='block_1_28' title="bbox 2188 1308 3897 1393">
    <p class='ocr_par' dir='ltr' id='par_1_28' title="bbox 2188 1308 3897 1393">
     <span class='ocr_line' id='line_1_28' title="bbox 2188 1308 3897 1393; baseline 0.009 -31"><span class='ocrx_word' id='word_1_190' title='bbox 2188 1312 2223 1379; x_wconf 77' lang='grc' dir='ltr'><strong>ἡ</strong></span> <span class='ocrx_word' id='word_1_191' title='bbox 2253 1308 2463 1365; x_wconf 74' lang='grc' dir='ltr'>παλαιὰ</span> <span class='ocrx_word' id='word_1_192' title='bbox 2492 1309 2717 1383; x_wconf 79' lang='grc' dir='ltr'>λατρεία</span> <span class='ocrx_word' id='word_1_193' title='bbox 2755 1315 2855 1381; x_wconf 80' lang='grc' dir='ltr'><strong>τῆς</strong></span> <span class='ocrx_word' id='word_1_194' title='bbox 2896 1318 2989 1369; x_wconf 79' lang='grc' dir='ltr'>νῦν</span> <span class='ocrx_word' id='word_1_195' title='bbox 3036 1312 3312 1391; x_wconf 83' lang='grc' dir='ltr'>λατρείας.</span> <span class='ocrx_word' id='word_1_196' title='bbox 3356 1322 3457 1372; x_wconf 83' lang='grc' dir='ltr'>Καῖ</span> <span class='ocrx_word' id='word_1_197' title='bbox 3511 1320 3545 1387; x_wconf 83' lang='grc' dir='ltr'><strong>ἡ</strong></span> <span class='ocrx_word' id='word_1_198' title='bbox 3596 1323 3897 1393; x_wconf 73' lang='grc' dir='ltr'>περιτομή,</span> 
     </span>
    </p>
   </div>
   <div class='ocr_carea' id='block_1_29' title="bbox 2187 1398 3898 1479">
    <p class='ocr_par' dir='ltr' id='par_1_29' title="bbox 2187 1398 3898 1479">
     <span class='ocr_line' id='line_1_29' title="bbox 2187 1398 3898 1479; baseline 0.007 -26"><span class='ocrx_word' id='word_1_199' title='bbox 2187 1398 2275 1453; x_wconf 84' lang='grc' dir='ltr'><strong>καὶ</strong></span> <span class='ocrx_word' id='word_1_200' title='bbox 2333 1401 2368 1468; x_wconf 79' lang='grc' dir='ltr'><strong>ἡ</strong></span> <span class='ocrx_word' id='word_1_201' title='bbox 2405 1403 2603 1471; x_wconf 82' lang='grc' dir='ltr'>σκηνή,</span> <span class='ocrx_word' id='word_1_202' title='bbox 2647 1402 2737 1456; x_wconf 85' lang='grc' dir='ltr'><strong>καὶ</strong></span> <span class='ocrx_word' id='word_1_203' title='bbox 2777 1404 2810 1471; x_wconf 77' lang='grc' dir='ltr'>ἡ</span> <span class='ocrx_word' id='word_1_204' title='bbox 2845 1398 3102 1473; x_wconf 75' lang='grc' dir='ltr'>κιϐωτὸς,</span> <span class='ocrx_word' id='word_1_205' title='bbox 3158 1406 3249 1459; x_wconf 82' lang='grc' dir='ltr'><strong>καὶ</strong></span> <span class='ocrx_word' id='word_1_206' title='bbox 3288 1408 3323 1475; x_wconf 78' lang='grc' dir='ltr'><strong>ἡ</strong></span> <span class='ocrx_word' id='word_1_207' title='bbox 3378 1408 3634 1479; x_wconf 81' lang='grc' dir='ltr'>στάμνος,</span> <span class='ocrx_word' id='word_1_208' title='bbox 3683 1409 3774 1463; x_wconf 81' lang='grc' dir='ltr'><strong>καὶ</strong></span> <span class='ocrx_word' id='word_1_209' title='bbox 3833 1412 3898 1466; x_wconf 82' lang='grc' dir='ltr'>τὸ</span> 
     </span>
    </p>
   </div>
   <div class='ocr_carea' id='block_1_30' title="bbox 2188 1489 3897 1575">
    <p class='ocr_par' dir='ltr' id='par_1_30' title="bbox 2188 1489 3897 1575">
     <span class='ocr_line' id='line_1_30' title="bbox 2188 1489 3897 1575; baseline 0.008 -33"><span class='ocrx_word' id='word_1_210' title='bbox 2188 1489 2376 1561; x_wconf 83' lang='grc' dir='ltr'>μάννα,</span> <span class='ocrx_word' id='word_1_211' title='bbox 2429 1490 2521 1546; x_wconf 80' lang='grc' dir='ltr'>καὶ</span> <span class='ocrx_word' id='word_1_212' title='bbox 2572 1492 2829 1568; x_wconf 75' lang='grc' dir='ltr'>ἱερατεία,</span> <span class='ocrx_word' id='word_1_213' title='bbox 2895 1496 2986 1549; x_wconf 83' lang='grc' dir='ltr'><strong>καὶ</strong></span> <span class='ocrx_word' id='word_1_214' title='bbox 3036 1497 3099 1551; x_wconf 86' lang='grc' dir='ltr'>τὸ</span> <span class='ocrx_word' id='word_1_215' title='bbox 3164 1495 3432 1570; x_wconf 86' lang='grc' dir='ltr'>θυμίαμα,</span> <span class='ocrx_word' id='word_1_216' title='bbox 3494 1500 3581 1554; x_wconf 84' lang='grc' dir='ltr'><strong>καὶ</strong></span> <span class='ocrx_word' id='word_1_217' title='bbox 3654 1502 3722 1555; x_wconf 79' lang='grc' dir='ltr'><strong>τὰ</strong></span> <span class='ocrx_word' id='word_1_218' title='bbox 3798 1503 3897 1575; x_wconf 87' lang='grc' dir='ltr'><strong>βα-</strong></span> 
     </span>
    </p>
   </div>
   <div class='ocr_carea' id='block_1_31' title="bbox 2183 1579 3898 1663">
    <p class='ocr_par' dir='ltr' id='par_1_31' title="bbox 2183 1579 3898 1663">
     <span class='ocr_line' id='line_1_31' title="bbox 2183 1579 3898 1663; baseline 0.007 -31"><span class='ocrx_word' id='word_1_219' title='bbox 2183 1579 2481 1651; x_wconf 86' lang='grc' dir='ltr'>πτίσματα,</span> <span class='ocrx_word' id='word_1_220' title='bbox 2530 1580 2622 1635; x_wconf 85' lang='grc' dir='ltr'><strong>καὶ</strong></span> <span class='ocrx_word' id='word_1_221' title='bbox 2669 1581 3003 1655; x_wconf 79' lang='grc' dir='ltr'>ἁπαξαπλῶς</span> <span class='ocrx_word' id='word_1_222' title='bbox 3052 1583 3225 1639; x_wconf 90' lang='grc' dir='ltr'>πάντα</span> <span class='ocrx_word' id='word_1_223' title='bbox 3271 1586 3372 1640; x_wconf 78' lang='grc' dir='ltr'><strong>ὅσα</strong></span> <span class='ocrx_word' id='word_1_224' title='bbox 3426 1585 3643 1662; x_wconf 67' lang='grc' dir='ltr'>γέγονεν</span> <span class='ocrx_word' id='word_1_225' title='bbox 3710 1588 3762 1643; x_wconf 71' lang='grc' dir='ltr'><strong>ἐν</strong></span> <span class='ocrx_word' id='word_1_226' title='bbox 3813 1595 3898 1663; x_wconf 80' lang='grc' dir='ltr'>τῷ</span> 
     </span>
    </p>
   </div>
   <div class='ocr_carea' id='block_1_32' title="bbox 2181 1668 3895 1754">
    <p class='ocr_par' dir='ltr' id='par_1_32' title="bbox 2181 1668 3895 1754">
     <span class='ocr_line' id='line_1_32' title="bbox 2181 1668 3895 1754; baseline 0.006 -32"><span class='ocrx_word' id='word_1_227' title='bbox 2181 1668 2426 1742; x_wconf 78' lang='grc' dir='ltr'>Ἰσραὴλ,</span> <span class='ocrx_word' id='word_1_228' title='bbox 2485 1671 2574 1725; x_wconf 83' lang='grc' dir='ltr'><strong>καὶ</strong></span> <span class='ocrx_word' id='word_1_229' title='bbox 2632 1669 2685 1725; x_wconf 85' lang='grc' dir='ltr'><strong>ἐν</strong></span> <span class='ocrx_word' id='word_1_230' title='bbox 2723 1677 2804 1745; x_wconf 81' lang='grc' dir='ltr'>τῷ</span> <span class='ocrx_word' id='word_1_231' title='bbox 2852 1674 3009 1746; x_wconf 84' lang='grc' dir='ltr'>νόμῳ</span> <span class='ocrx_word' id='word_1_232' title='bbox 3059 1676 3321 1745; x_wconf 77' lang='grc' dir='ltr'>Μωσέως,</span> <span class='ocrx_word' id='word_1_233' title='bbox 3356 1676 3393 1745; x_wconf 74' lang='grc' dir='ltr'>ἢ</span> <span class='ocrx_word' id='word_1_234' title='bbox 3432 1675 3485 1731; x_wconf 82' lang='grc' dir='ltr'><strong>ἐν</strong></span> <span class='ocrx_word' id='word_1_235' title='bbox 3524 1684 3644 1740; x_wconf 84' lang='grc' dir='ltr'>τοῖς</span> <span class='ocrx_word' id='word_1_236' title='bbox 3672 1682 3895 1754; x_wconf 72' lang='grc' dir='ltr'>προφήο</span> 
     </span>
    </p>
   </div>
   <div class='ocr_carea' id='block_1_33' title="bbox 2176 1756 3891 1839">
    <p class='ocr_par' dir='ltr' id='par_1_33' title="bbox 2176 1756 3891 1839">
     <span class='ocr_line' id='line_1_33' title="bbox 2176 1756 3891 1839; baseline 0.009 -29"><span class='ocrx_word' id='word_1_237' title='bbox 2176 1777 2316 1828; x_wconf 80' lang='grc' dir='ltr'>ταις,</span> <span class='ocrx_word' id='word_1_238' title='bbox 2351 1756 2440 1813; x_wconf 80' lang='grc' dir='ltr'><strong>διὰ</strong></span> <span class='ocrx_word' id='word_1_239' title='bbox 2468 1761 2569 1829; x_wconf 71' lang='grc' dir='ltr'>τήν</span> <span class='ocrx_word' id='word_1_240' title='bbox 2620 1763 2805 1835; x_wconf 75' lang='grc' dir='ltr'>ψυχὴν</span> <span class='ocrx_word' id='word_1_241' title='bbox 2858 1764 3060 1834; x_wconf 89' lang='grc' dir='ltr'>ταύτην</span> <span class='ocrx_word' id='word_1_242' title='bbox 3115 1766 3327 1839; x_wconf 76' lang='grc' dir='ltr'>γέγονε,</span> <span class='ocrx_word' id='word_1_243' title='bbox 3377 1767 3476 1836; x_wconf 77' lang='grc' dir='ltr'><strong>τὴν</strong></span> <span class='ocrx_word' id='word_1_244' title='bbox 3534 1770 3651 1824; x_wconf 84' lang='grc' dir='ltr'>κατ’</span> <span class='ocrx_word' id='word_1_245' title='bbox 3708 1768 3891 1825; x_wconf 79' lang='grc' dir='ltr'>εἰκόνα</span> 
     </span>
    </p>
   </div>
   <div class='ocr_carea' id='block_1_34' title="bbox 362 1851 2046 1943">
    <p class='ocr_par' dir='ltr' id='par_1_34' title="bbox 362 1857 2046 1935">
     <span class='ocr_line' id='line_1_34' title="bbox 362 1857 2046 1935; baseline -0.008 -13"><span class='ocrx_word' id='word_1_246' title='bbox 362 1867 680 1935; x_wconf 86' lang='lat' dir='ltr'><strong>servitutis,</strong></span> <span class='ocrx_word' id='word_1_247' title='bbox 713 1870 770 1920; x_wconf 89' lang='lat' dir='ltr'><strong>et</strong></span> <span class='ocrx_word' id='word_1_248' title='bbox 826 1864 935 1919; x_wconf 87' lang='lat' dir='ltr'><strong>sub</strong></span> <span class='ocrx_word' id='word_1_249' title='bbox 987 1879 1226 1934; x_wconf 86' lang='lat' dir='ltr'><strong>regnum</strong></span> <span class='ocrx_word' id='word_1_250' title='bbox 1268 1860 1648 1917; x_wconf 78' lang='lat' dir='ltr'><strong>molestarum</strong></span> <span class='ocrx_word' id='word_1_251' title='bbox 1695 1857 2046 1912; x_wconf 89' lang='lat' dir='ltr'><strong>tenebrarun</strong></span> 
     </span>
    </p>
   </div>
   <div class='ocr_carea' id='block_1_35' title="bbox 2155 1851 3884 1943">
    <p class='ocr_par' dir='ltr' id='par_1_35' title="bbox 2178 1851 3884 1932">
     <span class='ocr_line' id='line_1_35' title="bbox 2178 1851 3884 1932; baseline 0.009 -32"><span class='ocrx_word' id='word_1_252' title='bbox 2178 1851 2312 1901; x_wconf 79' lang='grc' dir='ltr'>Θεοῦ</span> <span class='ocrx_word' id='word_1_253' title='bbox 2359 1851 2750 1925; x_wconf 75' lang='grc' dir='ltr'><strong>γεγενημένην,</strong></span> <span class='ocrx_word' id='word_1_254' title='bbox 2790 1851 2881 1905; x_wconf 85' lang='grc' dir='ltr'><strong>καὶ</strong></span> <span class='ocrx_word' id='word_1_255' title='bbox 2929 1856 3195 1908; x_wconf 80' lang='grc' dir='ltr'>πεσοῦσαν</span> <span class='ocrx_word' id='word_1_256' title='bbox 3246 1853 3350 1909; x_wconf 78' lang='grc' dir='ltr'>ὕπὸ</span> <span class='ocrx_word' id='word_1_257' title='bbox 3400 1856 3560 1932; x_wconf 86' lang='grc' dir='ltr'>ζυγὸν</span> <span class='ocrx_word' id='word_1_258' title='bbox 3613 1856 3884 1928; x_wconf 84' lang='grc' dir='ltr'>δουλείας,</span> 
     </span>
    </p>
   </div>
   <div class='ocr_carea' id='block_1_36' title="bbox 354 1954 653 2011">
    <p class='ocr_par' dir='ltr' id='par_1_36' title="bbox 354 1954 653 2011">
     <span class='ocr_line' id='line_1_36' title="bbox 354 1954 653 2011; baseline 0.003 -1"><span class='ocrx_word' id='word_1_259' title='bbox 354 1954 517 2011; x_wconf 82' lang='lat' dir='ltr'><strong>lapsa</strong></span> <span class='ocrx_word' id='word_1_260' title='bbox 546 1960 653 2011; x_wconf 87' lang='lat' dir='ltr'><strong>est.</strong></span> 
     </span>
    </p>
   </div>
   <div class='ocr_carea' id='block_1_37' title="bbox 417 1972 2059 2105">
    <p class='ocr_par' dir='ltr' id='par_1_37' title="bbox 417 1972 2059 2105">
     <span class='ocr_line' id='line_1_37' title="bbox 457 1972 653 2011; baseline 0.005 -1"><span class='ocrx_word' id='word_1_261' title='bbox 457 1972 517 2010; x_wconf 87' lang='lat' dir='ltr'><strong>sa</strong></span> <span class='ocrx_word' id='word_1_262' title='bbox 546 1972 653 2011; x_wconf 76' lang='lat' dir='ltr'><strong>est.</strong></span> 
     </span>
     <span class='ocr_line' id='line_1_38' title="bbox 417 1972 2059 2105; baseline -0.006 -6"><span class='ocrx_word' id='word_1_263' title='bbox 417 1972 608 2099; x_wconf 37' lang='grc' dir='ltr'>ἕνα.</span> <span class='ocrx_word' id='word_1_264' title='bbox 642 2042 785 2099; x_wconf 88' lang='lat' dir='ltr'><strong>Cum</strong></span> <span class='ocrx_word' id='word_1_265' title='bbox 820 2042 926 2098; x_wconf 87' lang='lat' dir='ltr'><strong>hac</strong></span> <span class='ocrx_word' id='word_1_266' title='bbox 984 2042 1138 2097; x_wconf 90' lang='lat' dir='ltr'><strong>enim</strong></span> <span class='ocrx_word' id='word_1_267' title='bbox 1198 2040 1381 2097; x_wconf 89' lang='lat' dir='ltr'><strong>voluit</strong></span> <span class='ocrx_word' id='word_1_268' title='bbox 1422 2038 1576 2094; x_wconf 92' lang='lat' dir='ltr'><strong>Deus</strong></span> <span class='ocrx_word' id='word_1_269' title='bbox 1608 2036 2059 2105; x_wconf 87' lang='lat' dir='ltr'><strong>communicare,</strong></span> 
     </span>
    </p>
   </div>
   <div class='ocr_carea' id='block_1_38' title="bbox 356 2127 2060 2204">
    <p class='ocr_par' dir='ltr' id='par_1_38' title="bbox 356 2127 2060 2204">
     <span class='ocr_line' id='line_1_39' title="bbox 356 2127 2060 2204; baseline -0.005 -17"><span class='ocrx_word' id='word_1_270' title='bbox 356 2133 506 2188; x_wconf 90' lang='lat' dir='ltr'><strong>banc</strong></span> <span class='ocrx_word' id='word_1_271' title='bbox 538 2134 758 2204; x_wconf 83' lang='lat' dir='ltr'><strong>aptavit</strong></span> <span class='ocrx_word' id='word_1_272' title='bbox 790 2132 903 2187; x_wconf 91' lang='lat' dir='ltr'><strong>sibi</strong></span> <span class='ocrx_word' id='word_1_273' title='bbox 935 2132 992 2186; x_wconf 91' lang='lat' dir='ltr'><strong>in</strong></span> <span class='ocrx_word' id='word_1_274' title='bbox 1015 2147 1286 2201; x_wconf 86' lang='lat' dir='ltr'><strong>sponsam</strong></span> <span class='ocrx_word' id='word_1_275' title='bbox 1319 2129 1492 2200; x_wconf 88' lang='lat' dir='ltr'><strong>regis,</strong></span> <span class='ocrx_word' id='word_1_276' title='bbox 1535 2127 1683 2181; x_wconf 85' lang='lat' dir='ltr'><strong>hanc</strong></span> <span class='ocrx_word' id='word_1_277' title='bbox 1726 2129 2006 2196; x_wconf 85' lang='lat' dir='ltr'><strong>expurgat</strong></span> <span class='ocrx_word' id='word_1_278' title='bbox 2027 2140 2060 2177; x_wconf 91' lang='lat' dir='ltr'><strong>a</strong></span> 
     </span>
    </p>
   </div>
   <div class='ocr_carea' id='block_1_39' title="bbox 356 2214 2059 2291">
    <p class='ocr_par' dir='ltr' id='par_1_39' title="bbox 356 2214 2059 2291">
     <span class='ocr_line' id='line_1_40' title="bbox 356 2214 2059 2291; baseline -0.006 -15"><span class='ocrx_word' id='word_1_279' title='bbox 356 2222 649 2288; x_wconf 87' lang='lat' dir='ltr'><strong>sordibus,</strong></span> <span class='ocrx_word' id='word_1_280' title='bbox 709 2225 765 2275; x_wconf 90' lang='lat' dir='ltr'><strong>et</strong></span> <span class='ocrx_word' id='word_1_281' title='bbox 814 2221 1018 2275; x_wconf 88' lang='lat' dir='ltr'><strong>abluta</strong></span> <span class='ocrx_word' id='word_1_282' title='bbox 1067 2219 1367 2291; x_wconf 88' lang='lat' dir='ltr'><strong>nigredine</strong></span> <span class='ocrx_word' id='word_1_283' title='bbox 1424 2222 1478 2272; x_wconf 90' lang='lat' dir='ltr'><strong>et</strong></span> <span class='ocrx_word' id='word_1_284' title='bbox 1534 2214 1899 2284; x_wconf 88' lang='lat' dir='ltr'><strong>turpitudine</strong></span> <span class='ocrx_word' id='word_1_285' title='bbox 1954 2228 2059 2267; x_wconf 88' lang='lat' dir='ltr'><strong>sua</strong></span> 
     </span>
    </p>
   </div>
   <div class='ocr_carea' id='block_1_40' title="bbox 352 2303 2058 2377">
    <p class='ocr_par' dir='ltr' id='par_1_40' title="bbox 352 2303 2058 2377">
     <span class='ocr_line' id='line_1_41' title="bbox 352 2303 2058 2377; baseline -0.005 -12"><span class='ocrx_word' id='word_1_286' title='bbox 352 2310 713 2377; x_wconf 85' lang='lat' dir='ltr'><strong>splendidam</strong></span> <span class='ocrx_word' id='word_1_287' title='bbox 791 2309 1003 2374; x_wconf 86' lang='lat' dir='ltr'><strong>reddit,</strong></span> <span class='ocrx_word' id='word_1_288' title='bbox 1079 2324 1109 2363; x_wconf 92' lang='lat' dir='ltr'><strong>e</strong></span> <span class='ocrx_word' id='word_1_289' title='bbox 1187 2304 1633 2362; x_wconf 79' lang='lat' dir='ltr'><strong>mortiﬁcatione</strong></span> <span class='ocrx_word' id='word_1_290' title='bbox 1706 2303 1978 2368; x_wconf 81' lang='lat' dir='ltr'><strong>viviﬁcat,</strong></span> <span class='ocrx_word' id='word_1_291' title='bbox 2027 2317 2058 2356; x_wconf 91' lang='lat' dir='ltr'><strong>e</strong></span> 
     </span>
    </p>
   </div>
   <div class='ocr_carea' id='block_1_41' title="bbox 353 2390 2058 2468">
    <p class='ocr_par' dir='ltr' id='par_1_41' title="bbox 353 2390 2058 2468">
     <span class='ocr_line' id='line_1_42' title="bbox 353 2390 2058 2468; baseline -0.004 -16"><span class='ocrx_word' id='word_1_292' title='bbox 353 2398 700 2454; x_wconf 86' lang='lat' dir='ltr'><strong>contritione</strong></span> <span class='ocrx_word' id='word_1_293' title='bbox 758 2404 948 2465; x_wconf 90' lang='lat' dir='ltr'><strong>curat,</strong></span> <span class='ocrx_word' id='word_1_294' title='bbox 983 2403 1040 2454; x_wconf 92' lang='lat' dir='ltr'><strong>et</strong></span> <span class='ocrx_word' id='word_1_295' title='bbox 1089 2402 1277 2468; x_wconf 88' lang='lat' dir='ltr'><strong>pacat,</strong></span> <span class='ocrx_word' id='word_1_296' title='bbox 1327 2394 1649 2450; x_wconf 88' lang='lat' dir='ltr'><strong>inimicitiis</strong></span> <span class='ocrx_word' id='word_1_297' title='bbox 1697 2396 1824 2463; x_wconf 86' lang='lat' dir='ltr'><strong>ejus</strong></span> <span class='ocrx_word' id='word_1_298' title='bbox 1878 2390 2058 2447; x_wconf 86' lang='lat' dir='ltr'><strong>conci-</strong></span> 
     </span>
    </p>
   </div>
   <div class='ocr_carea' id='block_1_42' title="bbox 355 2480 2057 2555">
    <p class='ocr_par' dir='ltr' id='par_1_42' title="bbox 355 2480 2057 2555">
     <span class='ocr_line' id='line_1_43' title="bbox 355 2480 2057 2555; baseline -0.004 -15"><span class='ocrx_word' id='word_1_299' title='bbox 355 2487 534 2543; x_wconf 88' lang='lat' dir='ltr'><strong>liatis.</strong></span> <span class='ocrx_word' id='word_1_300' title='bbox 565 2488 837 2543; x_wconf 80' lang='lat' dir='ltr'><strong>Creatura</strong></span> <span class='ocrx_word' id='word_1_301' title='bbox 866 2489 1020 2542; x_wconf 89' lang='lat' dir='ltr'><strong>enim</strong></span> <span class='ocrx_word' id='word_1_302' title='bbox 1052 2503 1184 2541; x_wconf 89' lang='lat' dir='ltr'><strong>cum</strong></span> <span class='ocrx_word' id='word_1_303' title='bbox 1218 2488 1315 2553; x_wconf 87' lang='lat' dir='ltr'><strong>sit,</strong></span> <span class='ocrx_word' id='word_1_304' title='bbox 1347 2485 1404 2539; x_wconf 92' lang='lat' dir='ltr'><strong>in</strong></span> <span class='ocrx_word' id='word_1_305' title='bbox 1448 2500 1725 2555; x_wconf 82' lang='lat' dir='ltr'><strong>sponsam</strong></span> <span class='ocrx_word' id='word_1_306' title='bbox 1760 2482 1877 2536; x_wconf 86' lang='lat' dir='ltr'><strong>ﬁlio</strong></span> <span class='ocrx_word' id='word_1_307' title='bbox 1910 2480 2057 2549; x_wconf 81' lang='lat' dir='ltr'><strong>regis</strong></span> 
     </span>
    </p>
   </div>
   <div class='ocr_carea' id='block_1_43' title="bbox 348 2573 2051 2647">
    <p class='ocr_par' dir='ltr' id='par_1_43' title="bbox 348 2573 2051 2647">
     <span class='ocr_line' id='line_1_44' title="bbox 348 2573 2051 2647; baseline -0.003 -18"><span class='ocrx_word' id='word_1_308' title='bbox 348 2583 544 2646; x_wconf 88' lang='lat' dir='ltr'><strong>aptata</strong></span> <span class='ocrx_word' id='word_1_309' title='bbox 600 2583 708 2645; x_wconf 91' lang='lat' dir='ltr'><strong>est,</strong></span> <span class='ocrx_word' id='word_1_310' title='bbox 760 2579 1027 2647; x_wconf 90' lang='lat' dir='ltr'><strong>Deusque</strong></span> <span class='ocrx_word' id='word_1_311' title='bbox 1068 2575 1300 2646; x_wconf 87' lang='lat' dir='ltr'><strong>propria</strong></span> <span class='ocrx_word' id='word_1_312' title='bbox 1343 2575 1554 2629; x_wconf 86' lang='lat' dir='ltr'><strong>virtute</strong></span> <span class='ocrx_word' id='word_1_313' title='bbox 1605 2573 1853 2644; x_wconf 85' lang='lat' dir='ltr'><strong>suscipit</strong></span> <span class='ocrx_word' id='word_1_314' title='bbox 1900 2586 2051 2636; x_wconf 89' lang='lat' dir='ltr'><strong>eam,</strong></span> 
     </span>
    </p>
   </div>
   <div class='ocr_carea' id='block_1_44' title="bbox 342 2660 2051 2735">
    <p class='ocr_par' dir='ltr' id='par_1_44' title="bbox 342 2660 2051 2735">
     <span class='ocr_line' id='line_1_45' title="bbox 342 2660 2051 2735; baseline -0.004 -15"><span class='ocrx_word' id='word_1_315' title='bbox 342 2664 625 2735; x_wconf 75' lang='lat' dir='ltr'><strong>paulatim</strong></span> <span class='ocrx_word' id='word_1_316' title='bbox 680 2666 943 2721; x_wconf 87' lang='lat' dir='ltr'><strong>eamdem</strong></span> <span class='ocrx_word' id='word_1_317' title='bbox 997 2665 1343 2733; x_wconf 87' lang='lat' dir='ltr'><strong>immutans,</strong></span> <span class='ocrx_word' id='word_1_318' title='bbox 1403 2664 1583 2717; x_wconf 88' lang='lat' dir='ltr'><strong>donec</strong></span> <span class='ocrx_word' id='word_1_319' title='bbox 1647 2660 1869 2715; x_wconf 82' lang='lat' dir='ltr'><strong>auxerit</strong></span> <span class='ocrx_word' id='word_1_320' title='bbox 1924 2675 2051 2714; x_wconf 88' lang='lat' dir='ltr'><strong>eam</strong></span> 
     </span>
    </p>
   </div>
   <div class='ocr_carea' id='block_1_45' title="bbox 348 2746 2054 2821">
    <p class='ocr_par' dir='ltr' id='par_1_45' title="bbox 348 2746 2054 2821">
     <span class='ocr_line' id='line_1_46' title="bbox 348 2746 2054 2821; baseline -0.005 -15"><span class='ocrx_word' id='word_1_321' title='bbox 348 2767 457 2806; x_wconf 86' lang='lat' dir='ltr'><strong>suo</strong></span> <span class='ocrx_word' id='word_1_322' title='bbox 489 2750 673 2821; x_wconf 91' lang='lat' dir='ltr'><strong>ipsius</strong></span> <span class='ocrx_word' id='word_1_323' title='bbox 720 2752 1093 2806; x_wconf 83' lang='lat' dir='ltr'><strong>incremento.</strong></span> <span class='ocrx_word' id='word_1_324' title='bbox 1140 2749 1409 2804; x_wconf 83' lang='lat' dir='ltr'><strong>Extendit</strong></span> <span class='ocrx_word' id='word_1_325' title='bbox 1464 2748 1618 2802; x_wconf 89' lang='lat' dir='ltr'><strong>enim</strong></span> <span class='ocrx_word' id='word_1_326' title='bbox 1678 2755 1730 2801; x_wconf 88' lang='lat' dir='ltr'><strong>et</strong></span> <span class='ocrx_word' id='word_1_327' title='bbox 1791 2746 2054 2815; x_wconf 86' lang='lat' dir='ltr'><strong>producit</strong></span> 
     </span>
    </p>
   </div>
   <div class='ocr_carea' id='block_1_46' title="bbox 344 2834 2051 2906">
    <p class='ocr_par' dir='ltr' id='par_1_46' title="bbox 344 2834 2051 2906">
     <span class='ocr_line' id='line_1_47' title="bbox 344 2834 2051 2906; baseline -0.004 -12"><span class='ocrx_word' id='word_1_328' title='bbox 344 2854 473 2894; x_wconf 86' lang='lat' dir='ltr'><strong>eam</strong></span> <span class='ocrx_word' id='word_1_329' title='bbox 506 2840 575 2894; x_wconf 82' lang='lat' dir='ltr'><strong>ad</strong></span> <span class='ocrx_word' id='word_1_330' title='bbox 628 2838 923 2893; x_wconf 82' lang='lat' dir='ltr'><strong>infinitum</strong></span> <span class='ocrx_word' id='word_1_331' title='bbox 950 2845 1005 2894; x_wconf 90' lang='lat' dir='ltr'><strong>et</strong></span> <span class='ocrx_word' id='word_1_332' title='bbox 1035 2840 1391 2893; x_wconf 89' lang='lat' dir='ltr'><strong>immensum</strong></span> <span class='ocrx_word' id='word_1_333' title='bbox 1432 2838 1835 2906; x_wconf 84' lang='lat' dir='ltr'><strong>augmentum,</strong></span> <span class='ocrx_word' id='word_1_334' title='bbox 1869 2834 2051 2889; x_wconf 90' lang='lat' dir='ltr'><strong>donec</strong></span> 
     </span>
    </p>
   </div>
   <div class='ocr_carea' id='block_1_47' title="bbox 345 2924 2048 2999">
    <p class='ocr_par' dir='ltr' id='par_1_47' title="bbox 345 2924 2048 2999">
     <span class='ocr_line' id='line_1_48' title="bbox 345 2924 2048 2999; baseline -0.003 -18"><span class='ocrx_word' id='word_1_335' title='bbox 345 2927 802 2984; x_wconf 88' lang='lat' dir='ltr'><strong>incontaminata</strong></span> <span class='ocrx_word' id='word_1_336' title='bbox 841 2933 899 2983; x_wconf 90' lang='lat' dir='ltr'><strong>et</strong></span> <span class='ocrx_word' id='word_1_337' title='bbox 934 2928 1105 2999; x_wconf 86' lang='lat' dir='ltr'><strong>digna</strong></span> <span class='ocrx_word' id='word_1_338' title='bbox 1148 2943 1214 2982; x_wconf 88' lang='lat' dir='ltr'><strong>eo</strong></span> <span class='ocrx_word' id='word_1_339' title='bbox 1267 2942 1480 2996; x_wconf 88' lang='lat' dir='ltr'><strong>sponsa</strong></span> <span class='ocrx_word' id='word_1_340' title='bbox 1526 2925 1751 2980; x_wconf 85' lang='lat' dir='ltr'><strong>evadat.</strong></span> <span class='ocrx_word' id='word_1_341' title='bbox 1786 2924 2048 2977; x_wconf 90' lang='lat' dir='ltr'><strong>Primum</strong></span> 
     </span>
    </p>
   </div>
   <div class='ocr_carea' id='block_1_48' title="bbox 337 3015 2050 3090">
    <p class='ocr_par' dir='ltr' id='par_1_48' title="bbox 337 3015 2050 3090">
     <span class='ocr_line' id='line_1_49' title="bbox 337 3015 2050 3090; baseline -0.004 -17"><span class='ocrx_word' id='word_1_342' title='bbox 337 3018 493 3073; x_wconf 90' lang='lat' dir='ltr'><strong>enim</strong></span> <span class='ocrx_word' id='word_1_343' title='bbox 542 3017 731 3090; x_wconf 84' lang='lat' dir='ltr'><strong>gignit</strong></span> <span class='ocrx_word' id='word_1_344' title='bbox 788 3033 913 3073; x_wconf 87' lang='lat' dir='ltr'><strong>eam</strong></span> <span class='ocrx_word' id='word_1_345' title='bbox 979 3020 1128 3088; x_wconf 87' lang='lat' dir='ltr'><strong>apud</strong></span> <span class='ocrx_word' id='word_1_346' title='bbox 1198 3015 1601 3086; x_wconf 86' lang='lat' dir='ltr'><strong>semetipsum,</strong></span> <span class='ocrx_word' id='word_1_347' title='bbox 1649 3018 1825 3083; x_wconf 89' lang='lat' dir='ltr'><strong>atque</strong></span> <span class='ocrx_word' id='word_1_348' title='bbox 1877 3016 2050 3083; x_wconf 87' lang='lat' dir='ltr'><strong>auget</strong></span> 
     </span>
    </p>
   </div>
   <div class='ocr_carea' id='block_1_49' title="bbox 338 3105 2049 3180">
    <p class='ocr_par' dir='ltr' id='par_1_49' title="bbox 338 3105 2049 3180">
     <span class='ocr_line' id='line_1_50' title="bbox 338 3105 2049 3180; baseline -0.003 -18"><span class='ocrx_word' id='word_1_349' title='bbox 338 3123 441 3179; x_wconf 87' lang='lat' dir='ltr'><strong>per</strong></span> <span class='ocrx_word' id='word_1_350' title='bbox 470 3124 528 3163; x_wconf 90' lang='lat' dir='ltr'><strong>se</strong></span> <span class='ocrx_word' id='word_1_351' title='bbox 560 3110 776 3180; x_wconf 90' lang='lat' dir='ltr'><strong>ipsum,</strong></span> <span class='ocrx_word' id='word_1_352' title='bbox 811 3109 994 3164; x_wconf 90' lang='lat' dir='ltr'><strong>donec</strong></span> <span class='ocrx_word' id='word_1_353' title='bbox 1042 3111 1430 3178; x_wconf 81' lang='lat' dir='ltr'><strong>consequatur</strong></span> <span class='ocrx_word' id='word_1_354' title='bbox 1475 3105 1758 3176; x_wconf 86' lang='lat' dir='ltr'><strong>integram</strong></span> <span class='ocrx_word' id='word_1_355' title='bbox 1808 3118 2049 3158; x_wconf 88' lang='lat' dir='ltr'><strong>mensu-</strong></span> 
     </span>
    </p>
   </div>
   <div class='ocr_carea' id='block_1_50' title="bbox 334 3196 2043 3269">
    <p class='ocr_par' dir='ltr' id='par_1_50' title="bbox 334 3196 2043 3269">
     <span class='ocr_line' id='line_1_51' title="bbox 334 3196 2043 3269; baseline -0.004 -16"><span class='ocrx_word' id='word_1_356' title='bbox 334 3215 461 3254; x_wconf 86' lang='lat' dir='ltr'><strong>ram</strong></span> <span class='ocrx_word' id='word_1_357' title='bbox 511 3199 837 3255; x_wconf 88' lang='lat' dir='ltr'><strong>dilectionis</strong></span> <span class='ocrx_word' id='word_1_358' title='bbox 886 3199 1038 3269; x_wconf 85' lang='lat' dir='ltr'><strong>ejus.</strong></span> <span class='ocrx_word' id='word_1_359' title='bbox 1080 3197 1208 3268; x_wconf 89' lang='lat' dir='ltr'><strong>Ipse</strong></span> <span class='ocrx_word' id='word_1_360' title='bbox 1263 3198 1419 3252; x_wconf 86' lang='lat' dir='ltr'><strong>enim</strong></span> <span class='ocrx_word' id='word_1_361' title='bbox 1456 3210 1590 3250; x_wconf 91' lang='lat' dir='ltr'><strong>cum</strong></span> <span class='ocrx_word' id='word_1_362' title='bbox 1649 3196 1727 3249; x_wconf 89' lang='lat' dir='ltr'><strong>sit</strong></span> <span class='ocrx_word' id='word_1_363' title='bbox 1793 3208 2043 3264; x_wconf 87' lang='lat' dir='ltr'><strong>sponsus</strong></span> 
     </span>
    </p>
   </div>
   <div class='ocr_carea' id='block_1_51' title="bbox 2174 1935 3240 2017">
    <p class='ocr_par' dir='ltr' id='par_1_51' title="bbox 2174 1935 3240 2017">
     <span class='ocr_line' id='line_1_52' title="bbox 2174 1935 3240 2017; baseline 0.008 -28"><span class='ocrx_word' id='word_1_364' title='bbox 2174 1935 2262 1989; x_wconf 83' lang='grc' dir='ltr'>καὶ</span> <span class='ocrx_word' id='word_1_365' title='bbox 2294 1936 2398 1991; x_wconf 80' lang='grc' dir='ltr'>ὑπὸ</span> <span class='ocrx_word' id='word_1_366' title='bbox 2431 1938 2710 2010; x_wconf 84' lang='grc' dir='ltr'>βασιλείαν</span> <span class='ocrx_word' id='word_1_367' title='bbox 2746 1939 2971 2005; x_wconf 75' lang='grc' dir='ltr'>σκότους</span> <span class='ocrx_word' id='word_1_368' title='bbox 2999 1942 3240 2017; x_wconf 85' lang='grc' dir='ltr'>πικρίας.</span> 
     </span>
    </p>
   </div>
   <div class='ocr_carea' id='block_1_52' title="bbox 2244 2026 3879 2106">
    <p class='ocr_par' dir='ltr' id='par_1_52' title="bbox 2244 2026 3879 2106">
     <span class='ocr_line' id='line_1_53' title="bbox 2244 2026 3879 2106; baseline 0.007 -25"><span class='ocrx_word' id='word_1_369' title='bbox 2244 2028 2348 2081; x_wconf 87' lang='lat' dir='ltr'><strong>IZ&#39;.</strong></span> <span class='ocrx_word' id='word_1_370' title='bbox 2415 2026 2591 2102; x_wconf 69' lang='grc' dir='ltr'>Ταύτῃ</span> <span class='ocrx_word' id='word_1_371' title='bbox 2658 2031 2758 2103; x_wconf 80' lang='grc' dir='ltr'><strong>γὰρ</strong></span> <span class='ocrx_word' id='word_1_372' title='bbox 2823 2030 3092 2102; x_wconf 64' lang='grc' dir='ltr'><strong>⁴ἠθέλησεν</strong></span> <span class='ocrx_word' id='word_1_373' title='bbox 3143 2034 3172 2088; x_wconf 86' lang='grc' dir='ltr'><strong>ὁ</strong></span> <span class='ocrx_word' id='word_1_374' title='bbox 3232 2034 3363 2098; x_wconf 81' lang='grc' dir='ltr'>Θεὸς</span> <span class='ocrx_word' id='word_1_375' title='bbox 3401 2043 3755 2106; x_wconf 84' lang='grc' dir='ltr'>κοινωνῆσαι,</span> <span class='ocrx_word' id='word_1_376' title='bbox 3787 2041 3879 2094; x_wconf 75' lang='grc' dir='ltr'>καὶ</span> 
     </span>
    </p>
   </div>
   <div class='ocr_carea' id='block_1_53' title="bbox 2116 2114 3877 2203">
    <p class='ocr_par' dir='ltr' id='par_1_53' title="bbox 2116 2114 3877 2203">
     <span class='ocr_line' id='line_1_54' title="bbox 2116 2114 3877 2203; baseline 0.011 -37"><span class='ocrx_word' id='word_1_377' title='bbox 2116 2114 2368 2183; x_wconf 83' lang='grc' dir='ltr'>,ταύτην</span> <span class='ocrx_word' id='word_1_378' title='bbox 2418 2118 2702 2190; x_wconf 79' lang='grc' dir='ltr'>ἡρμόσατο</span> <span class='ocrx_word' id='word_1_379' title='bbox 2764 2120 2938 2192; x_wconf 71' lang='grc' dir='ltr'>ἑαυτῷ</span> <span class='ocrx_word' id='word_1_380' title='bbox 3003 2121 3081 2184; x_wconf 84' lang='grc' dir='ltr'><strong>είς</strong></span> <span class='ocrx_word' id='word_1_381' title='bbox 3144 2122 3361 2203; x_wconf 74' lang='grc' dir='ltr'>νύμφην</span> <span class='ocrx_word' id='word_1_382' title='bbox 3437 2127 3728 2200; x_wconf 70' lang='grc' dir='ltr'>βασιλέως,</span> <span class='ocrx_word' id='word_1_383' title='bbox 3787 2130 3877 2185; x_wconf 78' lang='grc' dir='ltr'>καὶ</span> 
     </span>
    </p>
   </div>
   <div class='ocr_carea' id='block_1_54' title="bbox 2165 2204 3877 2293">
    <p class='ocr_par' dir='ltr' id='par_1_54' title="bbox 2165 2204 3877 2293">
     <span class='ocr_line' id='line_1_55' title="bbox 2165 2204 3877 2293; baseline 0.011 -36"><span class='ocrx_word' id='word_1_384' title='bbox 2165 2204 2367 2274; x_wconf 86' lang='grc' dir='ltr'>ταύτην</span> <span class='ocrx_word' id='word_1_385' title='bbox 2418 2208 2695 2281; x_wconf 81' lang='grc' dir='ltr'>καθαρίζει</span> <span class='ocrx_word' id='word_1_386' title='bbox 2750 2210 2855 2264; x_wconf 78' lang='grc' dir='ltr'>ἀπὸ</span> <span class='ocrx_word' id='word_1_387' title='bbox 2901 2216 2999 2267; x_wconf 84' lang='grc' dir='ltr'>τοῦ</span> <span class='ocrx_word' id='word_1_388' title='bbox 3033 2210 3205 2288; x_wconf 81' lang='grc' dir='ltr'>ῥύπου</span> <span class='ocrx_word' id='word_1_389' title='bbox 3253 2215 3343 2269; x_wconf 77' lang='grc' dir='ltr'>καὶ</span> <span class='ocrx_word' id='word_1_390' title='bbox 3392 2214 3677 2272; x_wconf 76' lang='grc' dir='ltr'>ἑκπλύνων</span> <span class='ocrx_word' id='word_1_391' title='bbox 3736 2218 3877 2293; x_wconf 85' lang='grc' dir='ltr'>λαμ-</span> 
     </span>
    </p>
   </div>
   <div class='ocr_carea' id='block_1_55' title="bbox 2166 2293 3877 2381">
    <p class='ocr_par' dir='ltr' id='par_1_55' title="bbox 2166 2293 3877 2381">
     <span class='ocr_line' id='line_1_56' title="bbox 2166 2293 3877 2381; baseline 0.011 -35"><span class='ocrx_word' id='word_1_392' title='bbox 2166 2293 2359 2367; x_wconf 87' lang='grc' dir='ltr'>πρύνει</span> <span class='ocrx_word' id='word_1_393' title='bbox 2412 2295 2519 2350; x_wconf 82' lang='grc' dir='ltr'>ἀπὸ</span> <span class='ocrx_word' id='word_1_394' title='bbox 2575 2304 2674 2367; x_wconf 78' lang='grc' dir='ltr'><strong>τῆς</strong></span> <span class='ocrx_word' id='word_1_395' title='bbox 2738 2298 3000 2371; x_wconf 89' lang='grc' dir='ltr'>μελανίας</span> <span class='ocrx_word' id='word_1_396' title='bbox 3052 2302 3139 2356; x_wconf 87' lang='grc' dir='ltr'><strong>καὶ</strong></span> <span class='ocrx_word' id='word_1_397' title='bbox 3199 2310 3299 2373; x_wconf 77' lang='grc' dir='ltr'>τῆς</span> <span class='ocrx_word' id='word_1_398' title='bbox 3357 2304 3727 2381; x_wconf 81' lang='grc' dir='ltr'>αἰσχρότητος</span> <span class='ocrx_word' id='word_1_399' title='bbox 3777 2308 3877 2364; x_wconf 85' lang='grc' dir='ltr'>αὐ-</span> 
     </span>
    </p>
   </div>
   <div class='ocr_carea' id='block_1_56' title="bbox 2164 2386 3875 2466">
    <p class='ocr_par' dir='ltr' id='par_1_56' title="bbox 2164 2386 3875 2466">
     <span class='ocr_line' id='line_1_57' title="bbox 2164 2386 3875 2466; baseline 0.011 -29"><span class='ocrx_word' id='word_1_400' title='bbox 2164 2389 2287 2453; x_wconf 82' lang='grc' dir='ltr'>τῆς,</span> <span class='ocrx_word' id='word_1_401' title='bbox 2354 2386 2445 2439; x_wconf 84' lang='grc' dir='ltr'><strong>καὶ</strong></span> <span class='ocrx_word' id='word_1_402' title='bbox 2495 2391 2757 2456; x_wconf 83' lang='grc' dir='ltr'>ζωοποιεῖ</span> <span class='ocrx_word' id='word_1_403' title='bbox 2821 2388 2882 2444; x_wconf 74' lang='grc' dir='ltr'>ἐκ</span> <span class='ocrx_word' id='word_1_404' title='bbox 2945 2393 3046 2460; x_wconf 73' lang='grc' dir='ltr'><strong>τῆς</strong></span> <span class='ocrx_word' id='word_1_405' title='bbox 3102 2393 3437 2466; x_wconf 86' lang='grc' dir='ltr'>νεκρώσεως,</span> <span class='ocrx_word' id='word_1_406' title='bbox 3469 2397 3561 2451; x_wconf 80' lang='grc' dir='ltr'><strong>καὶ</strong></span> <span class='ocrx_word' id='word_1_407' title='bbox 3630 2398 3771 2453; x_wconf 80' lang='grc' dir='ltr'>ἰᾶται</span> <span class='ocrx_word' id='word_1_408' title='bbox 3816 2399 3875 2455; x_wconf 81' lang='grc' dir='ltr'>ἐκ</span> 
     </span>
    </p>
   </div>
   <div class='ocr_carea' id='block_1_57' title="bbox 2164 2473 3872 2561">
    <p class='ocr_par' dir='ltr' id='par_1_57' title="bbox 2164 2473 3872 2561">
     <span class='ocr_line' id='line_1_58' title="bbox 2164 2473 3872 2561; baseline 0.009 -34"><span class='ocrx_word' id='word_1_409' title='bbox 2164 2478 2265 2540; x_wconf 87' lang='grc' dir='ltr'>τῆς</span> <span class='ocrx_word' id='word_1_410' title='bbox 2295 2473 2647 2548; x_wconf 77' lang='grc' dir='ltr'>συντρίψεως,</span> <span class='ocrx_word' id='word_1_411' title='bbox 2695 2479 2787 2532; x_wconf 85' lang='grc' dir='ltr'><strong>καὶ</strong></span> <span class='ocrx_word' id='word_1_412' title='bbox 2837 2477 3102 2554; x_wconf 81' lang='grc' dir='ltr'>εἰρηνεύει</span> <span class='ocrx_word' id='word_1_413' title='bbox 3142 2480 3312 2553; x_wconf 84' lang='grc' dir='ltr'>αὐτῆς</span> <span class='ocrx_word' id='word_1_414' title='bbox 3348 2485 3446 2552; x_wconf 80' lang='grc' dir='ltr'>τήν</span> <span class='ocrx_word' id='word_1_415' title='bbox 3497 2482 3697 2561; x_wconf 71' lang='grc' dir='ltr'>ἔχθραν</span> <span class='ocrx_word' id='word_1_416' title='bbox 3746 2509 3872 2543; x_wconf 83' lang='grc' dir='ltr'>κατ-</span> 
     </span>
    </p>
   </div>
   <div class='ocr_carea' id='block_1_58' title="bbox 2164 2561 3871 2653">
    <p class='ocr_par' dir='ltr' id='par_1_58' title="bbox 2164 2561 3871 2653">
     <span class='ocr_line' id='line_1_59' title="bbox 2164 2561 3871 2653; baseline 0.011 -37"><span class='ocrx_word' id='word_1_417' title='bbox 2164 2561 2447 2653; x_wconf 78' lang='grc' dir='ltr'>αλλάσσιν.</span> <span class='ocrx_word' id='word_1_418' title='bbox 2500 2566 2706 2639; x_wconf 80' lang='grc' dir='ltr'>κτίσμα</span> <span class='ocrx_word' id='word_1_419' title='bbox 2761 2568 2861 2644; x_wconf 77' lang='grc' dir='ltr'><strong>γὰρ</strong></span> <span class='ocrx_word' id='word_1_420' title='bbox 2913 2568 3044 2626; x_wconf 77' lang='grc' dir='ltr'>οὖσα</span> <span class='ocrx_word' id='word_1_421' title='bbox 3090 2572 3168 2635; x_wconf 86' lang='grc' dir='ltr'><strong>είς</strong></span> <span class='ocrx_word' id='word_1_422' title='bbox 3223 2572 3442 2653; x_wconf 77' lang='grc' dir='ltr'>νύμφην</span> <span class='ocrx_word' id='word_1_423' title='bbox 3488 2582 3569 2649; x_wconf 83' lang='grc' dir='ltr'><strong>τῷ</strong></span> <span class='ocrx_word' id='word_1_424' title='bbox 3630 2579 3732 2650; x_wconf 78' lang='grc' dir='ltr'>υἱῷ</span> <span class='ocrx_word' id='word_1_425' title='bbox 3775 2583 3871 2634; x_wconf 77' lang='grc' dir='ltr'><strong>τοῦ</strong></span> 
     </span>
    </p>
   </div>
   <div class='ocr_carea' id='block_1_59' title="bbox 2168 2650 3867 2738">
    <p class='ocr_par' dir='ltr' id='par_1_59' title="bbox 2168 2650 3867 2738">
     <span class='ocr_line' id='line_1_60' title="bbox 2168 2650 3867 2738; baseline 0.012 -36"><span class='ocrx_word' id='word_1_426' title='bbox 2168 2650 2435 2722; x_wconf 81' lang='grc' dir='ltr'>βασιλέως</span> <span class='ocrx_word' id='word_1_427' title='bbox 2485 2655 2766 2728; x_wconf 77' lang='grc' dir='ltr'>ὴρμόσθη,</span> <span class='ocrx_word' id='word_1_428' title='bbox 2813 2658 2902 2712; x_wconf 86' lang='grc' dir='ltr'><strong>καὶ</strong></span> <span class='ocrx_word' id='word_1_429' title='bbox 2950 2662 3018 2732; x_wconf 80' lang='grc' dir='ltr'><strong>τῇ</strong></span> <span class='ocrx_word' id='word_1_430' title='bbox 3071 2658 3182 2731; x_wconf 81' lang='grc' dir='ltr'>ἰδίᾳ</span> <span class='ocrx_word' id='word_1_431' title='bbox 3232 2650 3394 2717; x_wconf 73' lang='grc' dir='ltr'>αὐτοῦ</span> <span class='ocrx_word' id='word_1_432' title='bbox 3427 2660 3648 2738; x_wconf 83' lang='grc' dir='ltr'>δυνάμει</span> <span class='ocrx_word' id='word_1_433' title='bbox 3678 2668 3707 2721; x_wconf 84' lang='grc' dir='ltr'><strong>ὁ</strong></span> <span class='ocrx_word' id='word_1_434' title='bbox 3739 2668 3867 2731; x_wconf 87' lang='grc' dir='ltr'>Θεὸς</span> 
     </span>
    </p>
   </div>
   <div class='ocr_carea' id='block_1_60' title="bbox 2161 2738 3864 2827">
    <p class='ocr_par' dir='ltr' id='par_1_60' title="bbox 2161 2738 3864 2827">
     <span class='ocr_line' id='line_1_61' title="bbox 2161 2738 3864 2827; baseline 0.011 -35"><span class='ocrx_word' id='word_1_435' title='bbox 2161 2738 2527 2815; x_wconf 75' lang='grc' dir='ltr'>παραδέχεται</span> <span class='ocrx_word' id='word_1_436' title='bbox 2573 2743 2742 2814; x_wconf 81' lang='grc' dir='ltr'>αὐτὴν</span> <span class='ocrx_word' id='word_1_437' title='bbox 2812 2748 2947 2802; x_wconf 85' lang='grc' dir='ltr'>κατὰ</span> <span class='ocrx_word' id='word_1_438' title='bbox 2999 2750 3196 2823; x_wconf 86' lang='grc' dir='ltr'>μικρὸν</span> <span class='ocrx_word' id='word_1_439' title='bbox 3262 2748 3864 2827; x_wconf 78' lang='grc' dir='ltr'>σομμεταϐαλλόμενος</span> 
     </span>
    </p>
   </div>
   <div class='ocr_carea' id='block_1_61' title="bbox 2159 2827 3855 2921">
    <p class='ocr_par' dir='ltr' id='par_1_61' title="bbox 2159 2827 3855 2921">
     <span class='ocr_line' id='line_1_62' title="bbox 2159 2827 3855 2921; baseline 0.011 -40"><span class='ocrx_word' id='word_1_440' title='bbox 2159 2827 2350 2921; x_wconf 65' lang='grc' dir='ltr'>αὐτην,</span> <span class='ocrx_word' id='word_1_441' title='bbox 2381 2827 2487 2921; x_wconf 70' lang='grc' dir='ltr'>ἕως</span> <span class='ocrx_word' id='word_1_442' title='bbox 2536 2832 2739 2907; x_wconf 77' lang='grc' dir='ltr'>αὐξήσῃ</span> <span class='ocrx_word' id='word_1_443' title='bbox 2789 2834 2959 2906; x_wconf 78' lang='grc' dir='ltr'>αὐτὴν</span> <span class='ocrx_word' id='word_1_444' title='bbox 3004 2842 3073 2911; x_wconf 83' lang='grc' dir='ltr'><strong>τῇ</strong></span> <span class='ocrx_word' id='word_1_445' title='bbox 3127 2835 3237 2911; x_wconf 81' lang='grc' dir='ltr'>ἰδίᾳ</span> <span class='ocrx_word' id='word_1_446' title='bbox 3287 2840 3514 2914; x_wconf 72' lang='grc' dir='ltr'>αὐξήσει.</span> <span class='ocrx_word' id='word_1_447' title='bbox 3549 2841 3704 2898; x_wconf 87' lang='grc' dir='ltr'>Τείνει</span> <span class='ocrx_word' id='word_1_448' title='bbox 3753 2846 3855 2921; x_wconf 71' lang='grc' dir='ltr'><strong>γάρ</strong></span> 
     </span>
    </p>
   </div>
   <div class='ocr_carea' id='block_1_62' title="bbox 2159 2917 3850 3008">
    <p class='ocr_par' dir='ltr' id='par_1_62' title="bbox 2159 2917 3850 3008">
     <span class='ocr_line' id='line_1_63' title="bbox 2159 2917 3850 3008; baseline 0.011 -38"><span class='ocrx_word' id='word_1_449' title='bbox 2159 2917 2325 3008; x_wconf 72' lang='grc' dir='ltr'>αὐτὴν</span> <span class='ocrx_word' id='word_1_450' title='bbox 2382 2918 2473 3008; x_wconf 82' lang='grc' dir='ltr'><strong>καὶ</strong></span> <span class='ocrx_word' id='word_1_451' title='bbox 2562 2923 2791 2993; x_wconf 87' lang='grc' dir='ltr'>μηκύνει</span> <span class='ocrx_word' id='word_1_452' title='bbox 2866 2923 2942 2988; x_wconf 85' lang='grc' dir='ltr'><strong>είς</strong></span> <span class='ocrx_word' id='word_1_453' title='bbox 3028 2927 3323 3000; x_wconf 74' lang='grc' dir='ltr'>ἀπέραντον</span> <span class='ocrx_word' id='word_1_454' title='bbox 3386 2931 3472 2986; x_wconf 86' lang='grc' dir='ltr'><strong>καὶ</strong></span> <span class='ocrx_word' id='word_1_455' title='bbox 3551 2917 3850 3008; x_wconf 78' lang='grc' dir='ltr'>ἀμέτρητον</span> 
     </span>
    </p>
   </div>
   <div class='ocr_carea' id='block_1_63' title="bbox 2158 3002 3859 3099">
    <p class='ocr_par' dir='ltr' id='par_1_63' title="bbox 2158 3002 3859 3099">
     <span class='ocr_line' id='line_1_64' title="bbox 2158 3002 3859 3099; baseline 0.012 -40"><span class='ocrx_word' id='word_1_456' title='bbox 2158 3002 2400 3077; x_wconf 69' lang='grc' dir='ltr'>αὔξησιν,</span> <span class='ocrx_word' id='word_1_457' title='bbox 2430 3006 2536 3071; x_wconf 62' lang='grc' dir='ltr'>ἕως</span> <span class='ocrx_word' id='word_1_458' title='bbox 2566 3008 2629 3065; x_wconf 77' lang='grc' dir='ltr'>ἂν</span> <span class='ocrx_word' id='word_1_459' title='bbox 2678 3009 2911 3087; x_wconf 74' lang='grc' dir='ltr'>ἄμωμος</span> <span class='ocrx_word' id='word_1_460' title='bbox 2952 3016 3042 3069; x_wconf 82' lang='grc' dir='ltr'><strong>καὶ</strong></span> <span class='ocrx_word' id='word_1_461' title='bbox 3080 3016 3202 3087; x_wconf 78' lang='grc' dir='ltr'>ἀξία</span> <span class='ocrx_word' id='word_1_462' title='bbox 3250 3018 3415 3075; x_wconf 77' lang='grc' dir='ltr'>αὐτοῦ</span> <span class='ocrx_word' id='word_1_463' title='bbox 3461 3002 3643 3098; x_wconf 66' lang='grc' dir='ltr'>νύμιρη</span> <span class='ocrx_word' id='word_1_464' title='bbox 3690 3002 3859 3099; x_wconf 70' lang='grc' dir='ltr'>γενη-</span> 
     </span>
    </p>
   </div>
   <div class='ocr_carea' id='block_1_64' title="bbox 2157 3104 3854 3187">
    <p class='ocr_par' dir='ltr' id='par_1_64' title="bbox 2157 3104 3854 3187">
     <span class='ocr_line' id='line_1_65' title="bbox 2157 3104 3854 3187; baseline 0.011 -36"><span class='ocrx_word' id='word_1_465' title='bbox 2157 3116 2264 3187; x_wconf 76' lang='grc' dir='ltr'>ται.</span> <span class='ocrx_word' id='word_1_466' title='bbox 2313 3104 2538 3173; x_wconf 87' lang='grc' dir='ltr'>Πρῶτον</span> <span class='ocrx_word' id='word_1_467' title='bbox 2597 3104 2700 3176; x_wconf 76' lang='grc' dir='ltr'>γὰρ</span> <span class='ocrx_word' id='word_1_468' title='bbox 2756 3110 2918 3178; x_wconf 82' lang='grc' dir='ltr'>γεννᾷ</span> <span class='ocrx_word' id='word_1_469' title='bbox 2962 3106 3130 3176; x_wconf 75' lang='grc' dir='ltr'>αὐτὴν</span> <span class='ocrx_word' id='word_1_470' title='bbox 3184 3107 3236 3164; x_wconf 74' lang='grc' dir='ltr'><strong>ἐν</strong></span> <span class='ocrx_word' id='word_1_471' title='bbox 3291 3110 3489 3183; x_wconf 73' lang='grc' dir='ltr'>ἑαυτῷ,</span> <span class='ocrx_word' id='word_1_472' title='bbox 3521 3113 3609 3167; x_wconf 76' lang='grc' dir='ltr'><strong>καὶ</strong></span> <span class='ocrx_word' id='word_1_473' title='bbox 3648 3113 3854 3187; x_wconf 81' lang='grc' dir='ltr'>αὐξάνει</span> 
     </span>
    </p>
   </div>
   <div class='ocr_carea' id='block_1_65' title="bbox 2158 3184 3857 3280">
    <p class='ocr_par' dir='ltr' id='par_1_65' title="bbox 2158 3184 3857 3280">
     <span class='ocr_line' id='line_1_66' title="bbox 2158 3184 3857 3280; baseline 0.012 -41"><span class='ocrx_word' id='word_1_474' title='bbox 2158 3184 2227 3239; x_wconf 85' lang='grc' dir='ltr'>δι’</span> <span class='ocrx_word' id='word_1_475' title='bbox 2267 3187 2480 3280; x_wconf 75' lang='grc' dir='ltr'>ἑαυτοῦ,</span> <span class='ocrx_word' id='word_1_476' title='bbox 2529 3188 2633 3255; x_wconf 69' lang='grc' dir='ltr'><strong>ἕως</strong></span> <span class='ocrx_word' id='word_1_477' title='bbox 2684 3190 2937 3268; x_wconf 77' lang='grc' dir='ltr'>ἀπολάϐῃ</span> <span class='ocrx_word' id='word_1_478' title='bbox 2972 3197 3035 3251; x_wconf 86' lang='grc' dir='ltr'><strong>τὸ</strong></span> <span class='ocrx_word' id='word_1_479' title='bbox 3078 3196 3288 3254; x_wconf 80' lang='grc' dir='ltr'>τέλειον</span> <span class='ocrx_word' id='word_1_480' title='bbox 3341 3199 3540 3275; x_wconf 83' lang='grc' dir='ltr'>μέτρον</span> <span class='ocrx_word' id='word_1_481' title='bbox 3586 3210 3685 3272; x_wconf 82' lang='grc' dir='ltr'>τῆς</span> <span class='ocrx_word' id='word_1_482' title='bbox 3724 3184 3857 3280; x_wconf 67' lang='grc' dir='ltr'><strong>⁷ἀγά-</strong></span> 
     </span>
    </p>
   </div>
   <div class='ocr_carea' id='block_1_66' title="bbox 337 3252 2046 3369">
    <p class='ocr_par' dir='ltr' id='par_1_66' title="bbox 337 3252 2042 3357">
     <span class='ocr_line' id='line_1_67' title="bbox 337 3252 2042 3357; baseline -0.004 -16"><span class='ocrx_word' id='word_1_483' title='bbox 337 3287 649 3357; x_wconf 79' lang='lat' dir='ltr'><strong>perrectus,</strong></span> <span class='ocrx_word' id='word_1_484' title='bbox 710 3252 959 3343; x_wconf 79' lang='lat' dir='ltr'><strong>assumit</strong></span> <span class='ocrx_word' id='word_1_485' title='bbox 1042 3252 1170 3342; x_wconf 73' lang='lat' dir='ltr'><strong>eam</strong></span> <span class='ocrx_word' id='word_1_486' title='bbox 1229 3300 1510 3357; x_wconf 90' lang='lat' dir='ltr'><strong>sponsam</strong></span> <span class='ocrx_word' id='word_1_487' title='bbox 1578 3285 1914 3356; x_wconf 85' lang='lat' dir='ltr'><strong>perfectam,</strong></span> <span class='ocrx_word' id='word_1_488' title='bbox 1981 3282 2042 3336; x_wconf 91' lang='lat' dir='ltr'><strong>in</strong></span> 
     </span>
    </p>
   </div>
   <div class='ocr_carea' id='block_1_67' title="bbox 2155 3252 3859 3369">
    <p class='ocr_par' dir='ltr' id='par_1_67' title="bbox 2155 3252 3859 3369">
     <span class='ocr_line' id='line_1_68' title="bbox 2155 3252 3859 3369; baseline 0.011 -39"><span class='ocrx_word' id='word_1_489' title='bbox 2155 3278 2476 3369; x_wconf 12' lang='lat' dir='ltr'><strong>npcraﬁ‘roii.</strong></span> <span class='ocrx_word' id='word_1_490' title='bbox 2508 3282 2702 3369; x_wconf 61' lang='lat' dir='ltr'><strong>Atho;</strong></span> <span class='ocrx_word' id='word_1_491' title='bbox 2745 3283 2846 3359; x_wconf 82' lang='grc' dir='ltr'><strong>γὰρ</strong></span> <span class='ocrx_word' id='word_1_492' title='bbox 2894 3282 2967 3338; x_wconf 83' lang='grc' dir='ltr'><strong>ὢν</strong></span> <span class='ocrx_word' id='word_1_493' title='bbox 3020 3284 3231 3350; x_wconf 75' lang='grc' dir='ltr'>τέλειος</span> <span class='ocrx_word' id='word_1_494' title='bbox 3278 3252 3538 3369; x_wconf 43' lang='grc' dir='ltr'>νυιμφίὲς,</span> <span class='ocrx_word' id='word_1_495' title='bbox 3594 3252 3859 3364; x_wconf 44' lang='grc' dir='ltr'>λαμϐάῖδει</span> 
     </span>
    </p>
   </div>
   <div class='ocr_carea' id='block_1_68' title="bbox 333 3372 2042 3445">
    <p class='ocr_par' dir='ltr' id='par_1_68' title="bbox 333 3372 2042 3445">
     <span class='ocr_line' id='line_1_69' title="bbox 333 3372 2042 3445; baseline -0.002 -18"><span class='ocrx_word' id='word_1_496' title='bbox 333 3380 619 3440; x_wconf 86' lang='lat' dir='ltr'><strong>sanctam,</strong></span> <span class='ocrx_word' id='word_1_497' title='bbox 669 3391 940 3429; x_wconf 85' lang='lat' dir='ltr'><strong>arcanam</strong></span> <span class='ocrx_word' id='word_1_498' title='bbox 1001 3379 1058 3429; x_wconf 90' lang='lat' dir='ltr'><strong>et</strong></span> <span class='ocrx_word' id='word_1_499' title='bbox 1108 3376 1475 3445; x_wconf 89' lang='lat' dir='ltr'><strong>impollutam</strong></span> <span class='ocrx_word' id='word_1_500' title='bbox 1543 3372 1871 3427; x_wconf 86' lang='lat' dir='ltr'><strong>societatem</strong></span> <span class='ocrx_word' id='word_1_501' title='bbox 1930 3386 2042 3424; x_wconf 88' lang='lat' dir='ltr'><strong>nu-</strong></span> 
     </span>
    </p>
   </div>
   <div class='ocr_carea' id='block_1_69' title="bbox 332 3459 2043 3533">
    <p class='ocr_par' dir='ltr' id='par_1_69' title="bbox 332 3459 2043 3533">
     <span class='ocr_line' id='line_1_70' title="bbox 332 3459 2043 3533; baseline -0.001 -18"><span class='ocrx_word' id='word_1_502' title='bbox 332 3462 610 3533; x_wconf 86' lang='lat' dir='ltr'><strong>ptiarum,</strong></span> <span class='ocrx_word' id='word_1_503' title='bbox 642 3471 881 3532; x_wconf 84' lang='lat' dir='ltr'><strong>tumque</strong></span> <span class='ocrx_word' id='word_1_504' title='bbox 922 3469 1125 3532; x_wconf 89' lang='lat' dir='ltr'><strong>regnat</strong></span> <span class='ocrx_word' id='word_1_505' title='bbox 1182 3461 1358 3517; x_wconf 91' lang='lat' dir='ltr'><strong>simul</strong></span> <span class='ocrx_word' id='word_1_506' title='bbox 1414 3476 1548 3517; x_wconf 90' lang='lat' dir='ltr'><strong>cum</strong></span> <span class='ocrx_word' id='word_1_507' title='bbox 1589 3476 1655 3515; x_wconf 87' lang='lat' dir='ltr'><strong>eo</strong></span> <span class='ocrx_word' id='word_1_508' title='bbox 1708 3461 1768 3514; x_wconf 93' lang='lat' dir='ltr'><strong>in</strong></span> <span class='ocrx_word' id='word_1_509' title='bbox 1813 3459 2043 3514; x_wconf 80' lang='lat' dir='ltr'><strong>infinita</strong></span> 
     </span>
    </p>
   </div>
   <div class='ocr_carea' id='block_1_70' title="bbox 331 3549 809 3607">
    <p class='ocr_par' dir='ltr' id='par_1_70' title="bbox 331 3549 809 3607">
     <span class='ocr_line' id='line_1_71' title="bbox 331 3549 809 3607; baseline 0.004 -2"><span class='ocrx_word' id='word_1_510' title='bbox 331 3549 567 3607; x_wconf 84' lang='lat' dir='ltr'><strong>saecula.</strong></span> <span class='ocrx_word' id='word_1_511' title='bbox 602 3555 809 3607; x_wconf 84' lang='lat' dir='ltr'><strong>Amen.</strong></span> 
     </span>
    </p>
   </div>
   <div class='ocr_carea' id='block_1_71' title="bbox 888 3640 1480 3697">
    <p class='ocr_par' dir='ltr' id='par_1_71' title="bbox 888 3640 1480 3697">
     <span class='ocr_line' id='line_1_72' title="bbox 888 3640 1480 3697; baseline -0.005 0"><span class='ocrx_word' id='word_1_512' title='bbox 888 3641 1196 3697; x_wconf 84' lang='lat' dir='ltr'><strong>HOMILIA</strong></span> <span class='ocrx_word' id='word_1_513' title='bbox 1236 3640 1480 3695; x_wconf 82' lang='lat' dir='ltr'><strong>XLVIII.</strong></span> 
     </span>
    </p>
   </div>
   <div class='ocr_carea' id='block_1_72' title="bbox 750 3728 1571 3802">
    <p class='ocr_par' dir='ltr' id='par_1_72' title="bbox 750 3728 1571 3802">
     <span class='ocr_line' id='line_1_73' title="bbox 750 3728 1571 3802; baseline -0.005 -16"><span class='ocrx_word' id='word_1_514' title='bbox 750 3731 822 3786; x_wconf 85' lang='lat' dir='ltr'><strong>De</strong></span> <span class='ocrx_word' id='word_1_515' title='bbox 859 3733 1105 3802; x_wconf 75' lang='lat' dir='ltr'><strong>per/ecta</strong></span> <span class='ocrx_word' id='word_1_516' title='bbox 1143 3728 1247 3799; x_wconf 78' lang='lat' dir='ltr'><strong>ﬁde</strong></span> <span class='ocrx_word' id='word_1_517' title='bbox 1286 3731 1346 3783; x_wconf 88' lang='lat' dir='ltr'><strong>in</strong></span> <span class='ocrx_word' id='word_1_518' title='bbox 1377 3730 1571 3784; x_wconf 78' lang='lat' dir='ltr'><strong>Deum.</strong></span> 
     </span>
    </p>
   </div>
   <div class='ocr_carea' id='block_1_73' title="bbox 400 3817 2033 3898">
    <p class='ocr_par' dir='ltr' id='par_1_73' title="bbox 400 3817 2033 3898">
     <span class='ocr_line' id='line_1_74' title="bbox 400 3817 2033 3898; baseline -0.001 -23"><span class='ocrx_word' id='word_1_519' title='bbox 400 3822 441 3875; x_wconf 92' lang='grc' dir='ltr'><strong>Ι.</strong></span> <span class='ocrx_word' id='word_1_520' title='bbox 472 3817 757 3875; x_wconf 89' lang='lat' dir='ltr'><strong>Dominus</strong></span> <span class='ocrx_word' id='word_1_521' title='bbox 805 3820 863 3875; x_wconf 91' lang='lat' dir='ltr'><strong>in</strong></span> <span class='ocrx_word' id='word_1_522' title='bbox 921 3820 1227 3889; x_wconf 86' lang='lat' dir='ltr'><strong>Evangelio</strong></span> <span class='ocrx_word' id='word_1_523' title='bbox 1284 3834 1419 3873; x_wconf 81' lang='lat' dir='ltr'><strong>suos</strong></span> <span class='ocrx_word' id='word_1_524' title='bbox 1451 3817 1773 3898; x_wconf 75' lang='lat' dir='ltr'><strong>discipulos</strong></span> <span class='ocrx_word' id='word_1_525' title='bbox 1804 3818 1874 3873; x_wconf 88' lang='lat' dir='ltr'><strong>ad</strong></span> <span class='ocrx_word' id='word_1_526' title='bbox 1910 3832 2033 3889; x_wconf 90' lang='lat' dir='ltr'><strong>per-</strong></span> 
     </span>
    </p>
   </div>
   <div class='ocr_carea' id='block_1_74' title="bbox 329 3907 2028 3978">
    <p class='ocr_par' dir='ltr' id='par_1_74' title="bbox 329 3907 2028 3978">
     <span class='ocr_line' id='line_1_75' title="bbox 329 3907 2028 3978; baseline -0.002 -13"><span class='ocrx_word' id='word_1_527' title='bbox 329 3912 531 3967; x_wconf 81' lang='lat' dir='ltr'><strong>fectam</strong></span> <span class='ocrx_word' id='word_1_528' title='bbox 592 3911 765 3965; x_wconf 79' lang='lat' dir='ltr'><strong>ﬁdem</strong></span> <span class='ocrx_word' id='word_1_529' title='bbox 824 3909 1110 3967; x_wconf 85' lang='lat' dir='ltr'><strong>deducere</strong></span> <span class='ocrx_word' id='word_1_530' title='bbox 1164 3910 1386 3976; x_wconf 88' lang='lat' dir='ltr'><strong>volens,</strong></span> <span class='ocrx_word' id='word_1_531' title='bbox 1444 3907 1625 3964; x_wconf 84' lang='lat' dir='ltr'><strong>dixit:</strong></span> <span class='ocrx_word' id='word_1_532' title='bbox 1660 3908 1773 3978; x_wconf 87' lang='lat' dir='ltr'><strong>Qui</strong></span> <span class='ocrx_word' id='word_1_533' title='bbox 1817 3908 1880 3963; x_wconf 83' lang='lat' dir='ltr'><strong>in</strong></span> <span class='ocrx_word' id='word_1_534' title='bbox 1910 3924 2028 3962; x_wconf 89' lang='lat' dir='ltr'><strong>mo-</strong></span> 
     </span>
    </p>
   </div>
   <div class='ocr_carea' id='block_1_75' title="bbox 327 3999 2031 4071">
    <p class='ocr_par' dir='ltr' id='par_1_75' title="bbox 327 3999 2031 4071">
     <span class='ocr_line' id='line_1_76' title="bbox 327 3999 2031 4071; baseline -0.003 -15"><span class='ocrx_word' id='word_1_535' title='bbox 327 4000 449 4057; x_wconf 81' lang='lat' dir='ltr'><strong>dico</strong></span> <span class='ocrx_word' id='word_1_536' title='bbox 506 4001 747 4071; x_wconf 73' lang='lat' dir='ltr'><strong>inﬁdelis</strong></span> <span class='ocrx_word' id='word_1_537' title='bbox 789 4009 886 4068; x_wconf 73' lang='lat' dir='ltr'><strong>eu,</strong></span> <span class='ocrx_word' id='word_1_538' title='bbox 918 4003 971 4055; x_wconf 80' lang='lat' dir='ltr'><strong>et</strong></span> <span class='ocrx_word' id='word_1_539' title='bbox 1024 4000 1086 4054; x_wconf 86' lang='lat' dir='ltr'><strong>in</strong></span> <span class='ocrx_word' id='word_1_540' title='bbox 1129 4002 1299 4056; x_wconf 81' lang='lat' dir='ltr'><strong>multo</strong></span> <span class='ocrx_word' id='word_1_541' title='bbox 1345 4000 1589 4070; x_wconf 72' lang='lat' dir='ltr'><strong>inﬁdelis</strong></span> <span class='ocrx_word' id='word_1_542' title='bbox 1640 4004 1738 4055; x_wconf 76' lang='lat' dir='ltr'><strong>est.</strong></span> <span class='ocrx_word' id='word_1_543' title='bbox 1764 4000 1827 4053; x_wconf 81' lang='lat' dir='ltr'><strong>Et</strong></span> <span class='ocrx_word' id='word_1_544' title='bbox 1852 4000 1946 4069; x_wconf 83' lang='lat' dir='ltr'><strong>qui</strong></span> <span class='ocrx_word' id='word_1_545' title='bbox 1974 3999 2031 4052; x_wconf 85' lang='lat' dir='ltr'><strong>in</strong></span> 
     </span>
    </p>
   </div>
   <div class='ocr_carea' id='block_1_76' title="bbox 320 4087 2032 4159">
    <p class='ocr_par' dir='ltr' id='par_1_76' title="bbox 320 4087 2032 4159">
     <span class='ocr_line' id='line_1_77' title="bbox 320 4087 2032 4159; baseline -0.001 -14"><span class='ocrx_word' id='word_1_546' title='bbox 320 4092 554 4145; x_wconf 84' lang='lat' dir='ltr'><strong>minimo</strong></span> <span class='ocrx_word' id='word_1_547' title='bbox 610 4091 792 4159; x_wconf 80' lang='lat' dir='ltr'><strong>ﬁdelis</strong></span> <span class='ocrx_word' id='word_1_548' title='bbox 813 4099 909 4158; x_wconf 72' lang='lat' dir='ltr'><strong>est,</strong></span> <span class='ocrx_word' id='word_1_549' title='bbox 943 4092 992 4144; x_wconf 78' lang='lat' dir='ltr'><strong>et</strong></span> <span class='ocrx_word' id='word_1_550' title='bbox 1041 4091 1096 4143; x_wconf 85' lang='lat' dir='ltr'><strong>in</strong></span> <span class='ocrx_word' id='word_1_551' title='bbox 1136 4090 1310 4144; x_wconf 80' lang='lat' dir='ltr'><strong>multo</strong></span> <span class='ocrx_word' id='word_1_552' title='bbox 1355 4087 1534 4158; x_wconf 72' lang='lat' dir='ltr'><strong>ﬁdelis</strong></span> <span class='ocrx_word' id='word_1_553' title='bbox 1580 4095 1659 4144; x_wconf 78' lang='lat' dir='ltr'><strong>est</strong></span> <span class='ocrx_word' id='word_1_554' title='bbox 1688 4090 1728 4141; x_wconf 86' lang='grc'>⁶.</span> <span class='ocrx_word' id='word_1_555' title='bbox 1763 4089 1909 4153; x_wconf 90' lang='lat' dir='ltr'><strong>Quid</strong></span> <span class='ocrx_word' id='word_1_556' title='bbox 1943 4092 2032 4143; x_wconf 89' lang='lat' dir='ltr'><strong>est</strong></span> 
     </span>
    </p>
   </div>
   <div class='ocr_carea' id='block_1_77' title="bbox 321 4176 2030 4250">
    <p class='ocr_par' dir='ltr' id='par_1_77' title="bbox 321 4176 2030 4250">
     <span class='ocr_line' id='line_1_78' title="bbox 321 4176 2030 4250; baseline -0.001 -16"><span class='ocrx_word' id='word_1_557' title='bbox 321 4181 637 4240; x_wconf 89' lang='lat' dir='ltr'><strong>modicum,</strong></span> <span class='ocrx_word' id='word_1_558' title='bbox 665 4185 719 4234; x_wconf 88' lang='lat' dir='ltr'><strong>et</strong></span> <span class='ocrx_word' id='word_1_559' title='bbox 752 4180 892 4250; x_wconf 91' lang='lat' dir='ltr'><strong>quid</strong></span> <span class='ocrx_word' id='word_1_560' title='bbox 918 4184 1008 4234; x_wconf 88' lang='lat' dir='ltr'><strong>est</strong></span> <span class='ocrx_word' id='word_1_561' title='bbox 1038 4176 1333 4233; x_wconf 69' lang='lat' dir='ltr'><strong>multum?</strong></span> <span class='ocrx_word' id='word_1_562' title='bbox 1360 4178 1675 4244; x_wconf 86' lang='lat' dir='ltr'><strong>Modicum,</strong></span> <span class='ocrx_word' id='word_1_563' title='bbox 1717 4183 1856 4233; x_wconf 88' lang='lat' dir='ltr'><strong>sunt</strong></span> <span class='ocrx_word' id='word_1_564' title='bbox 1905 4193 2030 4246; x_wconf 82' lang='lat' dir='ltr'><strong>pro-</strong></span> 
     </span>
    </p>
   </div>
   <div class='ocr_carea' id='block_1_78' title="bbox 317 4266 2022 4339">
    <p class='ocr_par' dir='ltr' id='par_1_78' title="bbox 317 4266 2022 4339">
     <span class='ocr_line' id='line_1_79' title="bbox 317 4266 2022 4339; baseline 0 -17"><span class='ocrx_word' id='word_1_565' title='bbox 317 4268 626 4324; x_wconf 89' lang='lat' dir='ltr'><strong>missiones</strong></span> <span class='ocrx_word' id='word_1_566' title='bbox 674 4268 869 4323; x_wconf 63' lang='lat' dir='ltr'><strong>saeculi</strong></span> <span class='ocrx_word' id='word_1_567' title='bbox 922 4268 1115 4338; x_wconf 85' lang='lat' dir='ltr'><strong>huius,</strong></span> <span class='ocrx_word' id='word_1_568' title='bbox 1151 4282 1279 4339; x_wconf 77' lang='lat' dir='ltr'><strong>quas</strong></span> <span class='ocrx_word' id='word_1_569' title='bbox 1314 4266 1582 4339; x_wconf 89' lang='lat' dir='ltr'><strong>promisit</strong></span> <span class='ocrx_word' id='word_1_570' title='bbox 1620 4282 1682 4323; x_wconf 89' lang='lat' dir='ltr'><strong>se</strong></span> <span class='ocrx_word' id='word_1_571' title='bbox 1731 4268 2022 4339; x_wconf 72' lang='lat' dir='ltr'><strong>praestitu-</strong></span> 
     </span>
    </p>
   </div>
   <div class='ocr_carea' id='block_1_79' title="bbox 316 4355 2023 4425">
    <p class='ocr_par' dir='ltr' id='par_1_79' title="bbox 316 4355 2023 4425">
     <span class='ocr_line' id='line_1_80' title="bbox 316 4355 2023 4425; baseline -0.001 -13"><span class='ocrx_word' id='word_1_572' title='bbox 316 4374 447 4412; x_wconf 90' lang='lat' dir='ltr'><strong>rum</strong></span> <span class='ocrx_word' id='word_1_573' title='bbox 496 4358 871 4413; x_wconf 86' lang='lat' dir='ltr'><strong>credentibus</strong></span> <span class='ocrx_word' id='word_1_574' title='bbox 921 4358 995 4425; x_wconf 89' lang='lat' dir='ltr'><strong>ei,</strong></span> <span class='ocrx_word' id='word_1_575' title='bbox 1028 4357 1186 4413; x_wconf 83' lang='lat' dir='ltr'><strong>velut</strong></span> <span class='ocrx_word' id='word_1_576' title='bbox 1231 4360 1470 4422; x_wconf 84' lang='lat' dir='ltr'><strong>victum,</strong></span> <span class='ocrx_word' id='word_1_577' title='bbox 1505 4358 1772 4412; x_wconf 77' lang='lat' dir='ltr'><strong>vestitum</strong></span> <span class='ocrx_word' id='word_1_578' title='bbox 1806 4361 1863 4412; x_wconf 90' lang='lat' dir='ltr'><strong>et</strong></span> <span class='ocrx_word' id='word_1_579' title='bbox 1892 4355 2023 4411; x_wconf 88' lang='lat' dir='ltr'><strong>reli-</strong></span> 
     </span>
    </p>
   </div>
   <div class='ocr_carea' id='block_1_80' title="bbox 317 4447 2027 4519">
    <p class='ocr_par' dir='ltr' id='par_1_80' title="bbox 317 4447 2027 4519">
     <span class='ocr_line' id='line_1_81' title="bbox 317 4447 2027 4519; baseline 0.001 -18"><span class='ocrx_word' id='word_1_580' title='bbox 317 4462 498 4518; x_wconf 89' lang='lat' dir='ltr'><strong>quam</strong></span> <span class='ocrx_word' id='word_1_581' title='bbox 568 4447 828 4519; x_wconf 86' lang='lat' dir='ltr'><strong>corporis</strong></span> <span class='ocrx_word' id='word_1_582' title='bbox 895 4448 1339 4513; x_wconf 87' lang='lat' dir='ltr'><strong>recreationem,</strong></span> <span class='ocrx_word' id='word_1_583' title='bbox 1406 4452 1506 4503; x_wconf 88' lang='lat' dir='ltr'><strong>aut</strong></span> <span class='ocrx_word' id='word_1_584' title='bbox 1571 4447 1901 4514; x_wconf 87' lang='lat' dir='ltr'><strong>sanitatem,</strong></span> <span class='ocrx_word' id='word_1_585' title='bbox 1969 4450 2027 4502; x_wconf 91' lang='lat' dir='ltr'><strong>et</strong></span> 
     </span>
    </p>
   </div>
   <div class='ocr_carea' id='block_1_81' title="bbox 316 4534 2017 4607">
    <p class='ocr_par' dir='ltr' id='par_1_81' title="bbox 316 4534 2017 4607">
     <span class='ocr_line' id='line_1_82' title="bbox 316 4534 2017 4607; baseline -0.001 -16"><span class='ocrx_word' id='word_1_586' title='bbox 316 4534 554 4604; x_wconf 85' lang='lat' dir='ltr'><strong>similia,</strong></span> <span class='ocrx_word' id='word_1_587' title='bbox 606 4535 970 4607; x_wconf 70' lang='lat' dir='ltr'><strong>praecipiens,</strong></span> <span class='ocrx_word' id='word_1_588' title='bbox 1000 4537 1240 4591; x_wconf 91' lang='lat' dir='ltr'><strong>omnino</strong></span> <span class='ocrx_word' id='word_1_589' title='bbox 1272 4551 1387 4591; x_wconf 92' lang='lat' dir='ltr'><strong>non</strong></span> <span class='ocrx_word' id='word_1_590' title='bbox 1436 4534 1751 4592; x_wconf 87' lang='lat' dir='ltr'><strong>sollicitum</strong></span> <span class='ocrx_word' id='word_1_591' title='bbox 1789 4551 1917 4591; x_wconf 89' lang='lat' dir='ltr'><strong>esse</strong></span> <span class='ocrx_word' id='word_1_592' title='bbox 1947 4537 2017 4590; x_wconf 88' lang='lat' dir='ltr'><strong>de</strong></span> 
     </span>
    </p>
   </div>
   <div class='ocr_carea' id='block_1_82' title="bbox 2153 3364 3855 3453">
    <p class='ocr_par' dir='ltr' id='par_1_82' title="bbox 2153 3364 3855 3453">
     <span class='ocr_line' id='line_1_83' title="bbox 2153 3364 3855 3453; baseline 0.01 -34"><span class='ocrx_word' id='word_1_593' title='bbox 2153 3364 2322 3436; x_wconf 74' lang='grc' dir='ltr'>αὐτὴν</span> <span class='ocrx_word' id='word_1_594' title='bbox 2367 3367 2581 3424; x_wconf 80' lang='grc' dir='ltr'>τελείαν</span> <span class='ocrx_word' id='word_1_595' title='bbox 2633 3370 2852 3448; x_wconf 71' lang='grc' dir='ltr'>νύμφην</span> <span class='ocrx_word' id='word_1_596' title='bbox 2911 3372 2987 3436; x_wconf 69' lang='grc' dir='ltr'>εἲς</span> <span class='ocrx_word' id='word_1_597' title='bbox 3039 3377 3139 3445; x_wconf 82' lang='grc' dir='ltr'>τήν</span> <span class='ocrx_word' id='word_1_598' title='bbox 3196 3376 3352 3451; x_wconf 83' lang='grc' dir='ltr'>ἁγίαν</span> <span class='ocrx_word' id='word_1_599' title='bbox 3403 3364 3497 3434; x_wconf 75' lang='grc' dir='ltr'><strong>καὶ</strong></span> <span class='ocrx_word' id='word_1_600' title='bbox 3562 3383 3855 3453; x_wconf 74' lang='grc' dir='ltr'>μυστικὴν,</span> 
     </span>
    </p>
   </div>
   <div class='ocr_carea' id='block_1_83' title="bbox 2149 3453 3858 3545">
    <p class='ocr_par' dir='ltr' id='par_1_83' title="bbox 2149 3453 3858 3545">
     <span class='ocr_line' id='line_1_84' title="bbox 2149 3453 3858 3545; baseline 0.012 -37"><span class='ocrx_word' id='word_1_601' title='bbox 2149 3453 2240 3508; x_wconf 89' lang='grc' dir='ltr'><strong>καὶ</strong></span> <span class='ocrx_word' id='word_1_602' title='bbox 2288 3453 2562 3531; x_wconf 81' lang='grc' dir='ltr'>ἄχραντον</span> <span class='ocrx_word' id='word_1_603' title='bbox 2608 3460 2898 3515; x_wconf 83' lang='grc' dir='ltr'>κοινωνίαν</span> <span class='ocrx_word' id='word_1_604' title='bbox 2966 3468 3063 3519; x_wconf 79' lang='grc' dir='ltr'><strong>τοῦ</strong></span> <span class='ocrx_word' id='word_1_605' title='bbox 3116 3464 3320 3542; x_wconf 86' lang='grc' dir='ltr'>γάμου,</span> <span class='ocrx_word' id='word_1_606' title='bbox 3386 3468 3477 3523; x_wconf 86' lang='grc' dir='ltr'><strong>καὶ</strong></span> <span class='ocrx_word' id='word_1_607' title='bbox 3544 3471 3669 3526; x_wconf 74' lang='grc' dir='ltr'>τότε</span> <span class='ocrx_word' id='word_1_608' title='bbox 3730 3492 3858 3545; x_wconf 83' lang='grc' dir='ltr'>συμ-</span> 
     </span>
    </p>
   </div>
   <div class='ocr_carea' id='block_1_84' title="bbox 2152 3545 3715 3635">
    <p class='ocr_par' dir='ltr' id='par_1_84' title="bbox 2152 3545 3715 3635">
     <span class='ocr_line' id='line_1_85' title="bbox 2152 3545 3715 3635; baseline 0.012 -37"><span class='ocrx_word' id='word_1_609' title='bbox 2152 3545 2430 3617; x_wconf 79' lang='grc' dir='ltr'>βασιλεύει</span> <span class='ocrx_word' id='word_1_610' title='bbox 2458 3548 2607 3621; x_wconf 88' lang='grc' dir='ltr'><strong>αὐτῷ</strong></span> <span class='ocrx_word' id='word_1_611' title='bbox 2635 3550 2711 3611; x_wconf 81' lang='grc' dir='ltr'><strong>εἰς</strong></span> <span class='ocrx_word' id='word_1_612' title='bbox 2740 3553 2867 3613; x_wconf 85' lang='grc' dir='ltr'>τοὺς</span> <span class='ocrx_word' id='word_1_613' title='bbox 2899 3553 3228 3629; x_wconf 80' lang='grc' dir='ltr'>ἀπεράντους</span> <span class='ocrx_word' id='word_1_614' title='bbox 3259 3558 3479 3621; x_wconf 81' lang='grc' dir='ltr'>αἰῶνας.</span> <span class='ocrx_word' id='word_1_615' title='bbox 3522 3560 3715 3635; x_wconf 76' lang='grc' dir='ltr'>’Δμήν.</span> 
     </span>
    </p>
   </div>
   <div class='ocr_carea' id='block_1_85' title="bbox 2781 3644 3208 3701">
    <p class='ocr_par' dir='ltr' id='par_1_85' title="bbox 2781 3644 3208 3701">
     <span class='ocr_line' id='line_1_86' title="bbox 2781 3644 3208 3701; baseline 0.014 -6"><span class='ocrx_word' id='word_1_616' title='bbox 2781 3644 3026 3699; x_wconf 78' lang='grc' dir='ltr'><strong>ΟΜΙΛῘΔ</strong></span> <span class='ocrx_word' id='word_1_617' title='bbox 3076 3650 3208 3701; x_wconf 80' lang='lat' dir='ltr'><strong>MH&#39;.</strong></span> 
     </span>
    </p>
   </div>
   <div class='ocr_carea' id='block_1_86' title="bbox 2465 3728 3520 3802">
    <p class='ocr_par' dir='ltr' id='par_1_86' title="bbox 2465 3728 3520 3802">
     <span class='ocr_line' id='line_1_87' title="bbox 2465 3728 3520 3802; baseline 0.013 -22"><span class='ocrx_word' id='word_1_618' title='bbox 2465 3728 2596 3802; x_wconf 85' lang='grc' dir='ltr'><strong>Περῖ</strong></span> <span class='ocrx_word' id='word_1_619' title='bbox 2626 3735 2728 3798; x_wconf 82' lang='grc' dir='ltr'><strong>τῆς</strong></span> <span class='ocrx_word' id='word_1_620' title='bbox 2756 3731 2969 3790; x_wconf 85' lang='grc' dir='ltr'>τελείας</span> <span class='ocrx_word' id='word_1_621' title='bbox 2999 3732 3231 3796; x_wconf 86' lang='grc' dir='ltr'>πίστεως</span> <span class='ocrx_word' id='word_1_622' title='bbox 3263 3736 3338 3800; x_wconf 85' lang='grc' dir='ltr'><strong>εἰς</strong></span> <span class='ocrx_word' id='word_1_623' title='bbox 3370 3738 3520 3795; x_wconf 85' lang='grc' dir='ltr'>Θεόν.</span> 
     </span>
    </p>
   </div>
   <div class='ocr_carea' id='block_1_87' title="bbox 2214 3815 3857 3904">
    <p class='ocr_par' dir='ltr' id='par_1_87' title="bbox 2214 3815 3857 3904">
     <span class='ocr_line' id='line_1_88' title="bbox 2214 3815 3857 3904; baseline 0.01 -34"><span class='ocrx_word' id='word_1_624' title='bbox 2214 3815 2295 3871; x_wconf 87' lang='grc' dir='ltr'><strong>Α’.</strong></span> <span class='ocrx_word' id='word_1_625' title='bbox 2330 3817 2392 3904; x_wconf 84' lang='grc' dir='ltr'>Ὁ</span> <span class='ocrx_word' id='word_1_626' title='bbox 2436 3816 2633 3891; x_wconf 84' lang='grc' dir='ltr'>Κύριος</span> <span class='ocrx_word' id='word_1_627' title='bbox 2681 3817 2735 3872; x_wconf 84' lang='grc' dir='ltr'><strong>ἐν</strong></span> <span class='ocrx_word' id='word_1_628' title='bbox 2786 3825 2866 3893; x_wconf 83' lang='grc' dir='ltr'><strong>τῷ</strong></span> <span class='ocrx_word' id='word_1_629' title='bbox 2925 3822 3251 3899; x_wconf 82' lang='grc' dir='ltr'>Εὐαγγελίῳ</span> <span class='ocrx_word' id='word_1_630' title='bbox 3309 3826 3441 3889; x_wconf 85' lang='grc' dir='ltr'>τοὺς</span> <span class='ocrx_word' id='word_1_631' title='bbox 3496 3829 3689 3885; x_wconf 74' lang='grc' dir='ltr'>ἑαυτοῦ</span> <span class='ocrx_word' id='word_1_632' title='bbox 3756 3852 3857 3904; x_wconf 83' lang='grc' dir='ltr'>μα-</span> 
     </span>
    </p>
   </div>
   <div class='ocr_carea' id='block_1_88' title="bbox 2147 3903 3845 3993">
    <p class='ocr_par' dir='ltr' id='par_1_88' title="bbox 2147 3903 3845 3993">
     <span class='ocr_line' id='line_1_89' title="bbox 2147 3903 3845 3993; baseline 0.011 -36"><span class='ocrx_word' id='word_1_633' title='bbox 2147 3904 2317 3993; x_wconf 65' lang='grc' dir='ltr'>θητάς</span> <span class='ocrx_word' id='word_1_634' title='bbox 2346 3903 2423 3968; x_wconf 85' lang='grc' dir='ltr'><strong>είς</strong></span> <span class='ocrx_word' id='word_1_635' title='bbox 2468 3904 2681 3962; x_wconf 87' lang='grc' dir='ltr'>τελείαν</span> <span class='ocrx_word' id='word_1_636' title='bbox 2719 3908 2899 3964; x_wconf 87' lang='grc' dir='ltr'>πίστιν</span> <span class='ocrx_word' id='word_1_637' title='bbox 2943 3912 3164 3987; x_wconf 80' lang='grc' dir='ltr'>ἃγαγεῖν</span> <span class='ocrx_word' id='word_1_638' title='bbox 3199 3914 3558 3989; x_wconf 84' lang='grc' dir='ltr'>βουλόμενος,</span> <span class='ocrx_word' id='word_1_639' title='bbox 3614 3903 3799 3993; x_wconf 73' lang='grc' dir='ltr'>ἔλεγεν</span> <span class='ocrx_word' id='word_1_640' title='bbox 3832 3938 3845 3953; x_wconf 92' lang='grc'><strong>·</strong></span> 
     </span>
    </p>
   </div>
   <div class='ocr_carea' id='block_1_89' title="bbox 2142 3990 3849 4076">
    <p class='ocr_par' dir='ltr' id='par_1_89' title="bbox 2142 3990 3849 4076">
     <span class='ocr_line' id='line_1_90' title="bbox 2142 3990 3849 4076; baseline 0.009 -29"><span class='ocrx_word' id='word_1_641' title='bbox 2142 3992 2202 4047; x_wconf 91' lang='grc' dir='ltr'>Ὁ</span> <span class='ocrx_word' id='word_1_642' title='bbox 2260 3990 2311 4045; x_wconf 80' lang='grc' dir='ltr'>ἐν</span> <span class='ocrx_word' id='word_1_643' title='bbox 2372 3992 2547 4067; x_wconf 83' lang='grc' dir='ltr'>ὀλίγῳ</span> <span class='ocrx_word' id='word_1_644' title='bbox 2596 3996 2843 4065; x_wconf 79' lang='grc' dir='ltr'>ἄπιστος,</span> <span class='ocrx_word' id='word_1_645' title='bbox 2896 3998 2986 4054; x_wconf 84' lang='grc' dir='ltr'><strong>καὶ</strong></span> <span class='ocrx_word' id='word_1_646' title='bbox 3043 4001 3097 4055; x_wconf 74' lang='grc' dir='ltr'><strong>ἐν</strong></span> <span class='ocrx_word' id='word_1_647' title='bbox 3164 4000 3368 4076; x_wconf 82' lang='grc' dir='ltr'>πολλῷ</span> <span class='ocrx_word' id='word_1_648' title='bbox 3421 4002 3644 4068; x_wconf 77' lang='grc' dir='ltr'>ἄπιστός</span> <span class='ocrx_word' id='word_1_649' title='bbox 3696 3990 3849 4065; x_wconf 75' lang='grc' dir='ltr'>ἔστι·</span> 
     </span>
    </p>
   </div>
   <div class='ocr_carea' id='block_1_90' title="bbox 2137 4080 3847 4167">
    <p class='ocr_par' dir='ltr' id='par_1_90' title="bbox 2137 4080 3847 4167">
     <span class='ocr_line' id='line_1_91' title="bbox 2137 4080 3847 4167; baseline 0.012 -34"><span class='ocrx_word' id='word_1_650' title='bbox 2137 4080 2226 4134; x_wconf 87' lang='grc' dir='ltr'><strong>καὶ</strong></span> <span class='ocrx_word' id='word_1_651' title='bbox 2294 4082 2323 4134; x_wconf 85' lang='grc' dir='ltr'><strong>ὁ</strong></span> <span class='ocrx_word' id='word_1_652' title='bbox 2389 4081 2442 4137; x_wconf 75' lang='grc' dir='ltr'><strong>ἐν</strong></span> <span class='ocrx_word' id='word_1_653' title='bbox 2511 4082 2685 4158; x_wconf 78' lang='grc' dir='ltr'>ὀλίγῳ</span> <span class='ocrx_word' id='word_1_654' title='bbox 2756 4088 2971 4158; x_wconf 87' lang='grc' dir='ltr'>πιστὸς,</span> <span class='ocrx_word' id='word_1_655' title='bbox 3061 4090 3151 4145; x_wconf 80' lang='grc' dir='ltr'><strong>καὶ</strong></span> <span class='ocrx_word' id='word_1_656' title='bbox 3236 4092 3290 4146; x_wconf 83' lang='grc' dir='ltr'><strong>ἐν</strong></span> <span class='ocrx_word' id='word_1_657' title='bbox 3365 4092 3562 4167; x_wconf 89' lang='grc' dir='ltr'>πολλῷ</span> <span class='ocrx_word' id='word_1_658' title='bbox 3654 4098 3847 4161; x_wconf 86' lang='grc' dir='ltr'>πιστός</span> 
     </span>
    </p>
   </div>
   <div class='ocr_carea' id='block_1_91' title="bbox 2137 4167 3845 4254">
    <p class='ocr_par' dir='ltr' id='par_1_91' title="bbox 2137 4167 3845 4254">
     <span class='ocr_line' id='line_1_92' title="bbox 2137 4167 3845 4254; baseline 0.013 -32"><span class='ocrx_word' id='word_1_659' title='bbox 2137 4167 2269 4225; x_wconf 81' lang='grc' dir='ltr'>ἐστι.</span> <span class='ocrx_word' id='word_1_660' title='bbox 2307 4170 2373 4226; x_wconf 91' lang='grc' dir='ltr'>Τί</span> <span class='ocrx_word' id='word_1_661' title='bbox 2420 4169 2531 4226; x_wconf 82' lang='grc' dir='ltr'>ἐστι</span> <span class='ocrx_word' id='word_1_662' title='bbox 2575 4173 2639 4228; x_wconf 84' lang='grc' dir='ltr'>τὸ</span> <span class='ocrx_word' id='word_1_663' title='bbox 2686 4174 2893 4249; x_wconf 80' lang='grc' dir='ltr'>ὀλίγον,</span> <span class='ocrx_word' id='word_1_664' title='bbox 2924 4178 3013 4233; x_wconf 82' lang='grc' dir='ltr'><strong>καὶ</strong></span> <span class='ocrx_word' id='word_1_665' title='bbox 3051 4179 3105 4234; x_wconf 92' lang='grc' dir='ltr'><strong>τί</strong></span> <span class='ocrx_word' id='word_1_666' title='bbox 3151 4179 3261 4235; x_wconf 81' lang='grc' dir='ltr'>ἐστι</span> <span class='ocrx_word' id='word_1_667' title='bbox 3291 4184 3353 4237; x_wconf 92' lang='grc' dir='ltr'><strong>τό</strong></span> <span class='ocrx_word' id='word_1_668' title='bbox 3400 4184 3545 4239; x_wconf 81' lang='grc' dir='ltr'>πολὺ</span> <span class='ocrx_word' id='word_1_669' title='bbox 3580 4204 3595 4254; x_wconf 90' lang='lat'><strong>;</strong></span> <span class='ocrx_word' id='word_1_670' title='bbox 3625 4187 3689 4241; x_wconf 83' lang='grc' dir='ltr'>τὸ</span> <span class='ocrx_word' id='word_1_671' title='bbox 3718 4188 3845 4243; x_wconf 64' lang='lat' dir='ltr'><strong>6A!-</strong></span> 
     </span>
    </p>
   </div>
   <div class='ocr_carea' id='block_1_92' title="bbox 2136 4260 3839 4352">
    <p class='ocr_par' dir='ltr' id='par_1_92' title="bbox 2136 4260 3839 4352">
     <span class='ocr_line' id='line_1_93' title="bbox 2136 4260 3839 4352; baseline 0.012 -40"><span class='ocrx_word' id='word_1_672' title='bbox 2136 4279 2232 4334; x_wconf 88' lang='grc' dir='ltr'><strong>γον</strong></span> <span class='ocrx_word' id='word_1_673' title='bbox 2294 4260 2362 4314; x_wconf 85' lang='grc' dir='ltr'><strong>τὰ</strong></span> <span class='ocrx_word' id='word_1_674' title='bbox 2421 4260 2810 4338; x_wconf 73' lang='grc' dir='ltr'>ἐπαγγέλματά</span> <span class='ocrx_word' id='word_1_675' title='bbox 2868 4266 2981 4323; x_wconf 81' lang='grc' dir='ltr'>ἐστι</span> <span class='ocrx_word' id='word_1_676' title='bbox 3035 4273 3132 4323; x_wconf 81' lang='grc' dir='ltr'><strong>τοῦ</strong></span> <span class='ocrx_word' id='word_1_677' title='bbox 3180 4271 3377 4335; x_wconf 78' lang='grc' dir='ltr'>αἰῶνος</span> <span class='ocrx_word' id='word_1_678' title='bbox 3426 4275 3643 4345; x_wconf 89' lang='grc' dir='ltr'>τούτου,</span> <span class='ocrx_word' id='word_1_679' title='bbox 3705 4272 3839 4352; x_wconf 73' lang='grc' dir='ltr'>ἅπερ</span> 
     </span>
    </p>
   </div>
   <div class='ocr_carea' id='block_1_93' title="bbox 2134 4347 3838 4440">
    <p class='ocr_par' dir='ltr' id='par_1_93' title="bbox 2134 4347 3838 4440">
     <span class='ocr_line' id='line_1_94' title="bbox 2134 4347 3838 4440; baseline 0.012 -39"><span class='ocrx_word' id='word_1_680' title='bbox 2134 4347 2401 4423; x_wconf 75' lang='grc' dir='ltr'>ὓπέσχετο</span> <span class='ocrx_word' id='word_1_681' title='bbox 2450 4358 2749 4428; x_wconf 85' lang='grc' dir='ltr'>παρασχεῖν</span> <span class='ocrx_word' id='word_1_682' title='bbox 2797 4360 2916 4418; x_wconf 91' lang='grc' dir='ltr'>τοῖς</span> <span class='ocrx_word' id='word_1_683' title='bbox 2949 4359 3293 4415; x_wconf 86' lang='grc' dir='ltr'>πιστεύουσιν</span> <span class='ocrx_word' id='word_1_684' title='bbox 3350 4361 3519 4435; x_wconf 81' lang='grc' dir='ltr'>αὐτῷ,</span> <span class='ocrx_word' id='word_1_685' title='bbox 3563 4367 3681 4420; x_wconf 83' lang='grc' dir='ltr'>οἷον</span> <span class='ocrx_word' id='word_1_686' title='bbox 3707 4347 3838 4440; x_wconf 40' lang='lat' dir='ltr'><strong>cpe-</strong></span> 
     </span>
    </p>
   </div>
   <div class='ocr_carea' id='block_1_94' title="bbox 2133 4436 3837 4524">
    <p class='ocr_par' dir='ltr' id='par_1_94' title="bbox 2133 4436 3837 4524">
     <span class='ocr_line' id='line_1_95' title="bbox 2133 4436 3837 4524; baseline 0.013 -35"><span class='ocrx_word' id='word_1_687' title='bbox 2133 4437 2257 4513; x_wconf 77' lang='grc' dir='ltr'>φας,</span> <span class='ocrx_word' id='word_1_688' title='bbox 2300 4436 2594 4511; x_wconf 79' lang='grc' dir='ltr'>ἐνδύματα,</span> <span class='ocrx_word' id='word_1_689' title='bbox 2642 4442 2735 4496; x_wconf 79' lang='grc' dir='ltr'><strong>καὶ</strong></span> <span class='ocrx_word' id='word_1_690' title='bbox 2765 4445 2866 4513; x_wconf 82' lang='grc' dir='ltr'>τήν</span> <span class='ocrx_word' id='word_1_691' title='bbox 2918 4443 3120 4516; x_wconf 77' lang='grc' dir='ltr'>λοιπήν</span> <span class='ocrx_word' id='word_1_692' title='bbox 3169 4452 3265 4503; x_wconf 78' lang='grc' dir='ltr'><strong>τοῦ</strong></span> <span class='ocrx_word' id='word_1_693' title='bbox 3303 4451 3559 4524; x_wconf 85' lang='grc' dir='ltr'>σώματος</span> <span class='ocrx_word' id='word_1_694' title='bbox 3610 4436 3837 4510; x_wconf 73' lang='grc' dir='ltr'>ἀνάπαυ-</span> 
     </span>
    </p>
   </div>
   <div class='ocr_carea' id='block_1_95' title="bbox 2133 4528 3834 4617">
    <p class='ocr_par' dir='ltr' id='par_1_95' title="bbox 2133 4528 3834 4617">
     <span class='ocr_line' id='line_1_96' title="bbox 2133 4528 3834 4617; baseline 0.012 -39"><span class='ocrx_word' id='word_1_695' title='bbox 2133 4546 2235 4589; x_wconf 88' lang='grc' dir='ltr'>σιν,</span> <span class='ocrx_word' id='word_1_696' title='bbox 2287 4528 2322 4595; x_wconf 72' lang='grc' dir='ltr'>ἢ</span> <span class='ocrx_word' id='word_1_697' title='bbox 2403 4528 2628 4604; x_wconf 81' lang='grc' dir='ltr'>ὑγίειαν,</span> <span class='ocrx_word' id='word_1_698' title='bbox 2684 4533 2775 4586; x_wconf 85' lang='grc' dir='ltr'><strong>καὶ</strong></span> <span class='ocrx_word' id='word_1_699' title='bbox 2856 4539 3101 4593; x_wconf 76' lang='grc' dir='ltr'>τοιαῦτα.</span> <span class='ocrx_word' id='word_1_700' title='bbox 3172 4542 3484 4614; x_wconf 79' lang='grc' dir='ltr'>Προστάεας</span> <span class='ocrx_word' id='word_1_701' title='bbox 3543 4544 3618 4617; x_wconf 78' lang='grc' dir='ltr'>μὴ</span> <span class='ocrx_word' id='word_1_702' title='bbox 3674 4565 3834 4617; x_wconf 86' lang='grc' dir='ltr'>μερι-</span> 
     </span>
    </p>
   </div>
   <div class='ocr_carea' id='block_1_96' title="bbox 307 4604 2046 4705">
    <p class='ocr_par' dir='ltr' id='par_1_96' title="bbox 307 4604 2014 4696">
     <span class='ocr_line' id='line_1_97' title="bbox 307 4604 2014 4696; baseline -0.001 -16"><span class='ocrx_word' id='word_1_703' title='bbox 307 4625 401 4681; x_wconf 90' lang='lat' dir='ltr'><strong>bis</strong></span> <span class='ocrx_word' id='word_1_704' title='bbox 429 4624 474 4695; x_wconf 84' lang='grc'>⁷,</span> <span class='ocrx_word' id='word_1_705' title='bbox 504 4604 621 4682; x_wconf 39' lang='grc' dir='ltr'>θειά-</span> <span class='ocrx_word' id='word_1_706' title='bbox 656 4641 758 4696; x_wconf 89' lang='lat' dir='ltr'><strong>per</strong></span> <span class='ocrx_word' id='word_1_707' title='bbox 787 4604 1085 4681; x_wconf 27' lang='lat' dir='ltr'><strong>iﬂduciam</strong></span> <span class='ocrx_word' id='word_1_708' title='bbox 1140 4627 1197 4681; x_wconf 90' lang='lat' dir='ltr'><strong>in</strong></span> <span class='ocrx_word' id='word_1_709' title='bbox 1239 4638 1372 4681; x_wconf 91' lang='lat' dir='ltr'><strong>eum</strong></span> <span class='ocrx_word' id='word_1_710' title='bbox 1422 4639 1674 4695; x_wconf 83' lang='lat' dir='ltr'><strong>sperare,</strong></span> <span class='ocrx_word' id='word_1_711' title='bbox 1718 4625 1873 4694; x_wconf 88' lang='lat' dir='ltr'><strong>quod</strong></span> <span class='ocrx_word' id='word_1_712' title='bbox 1906 4624 2014 4679; x_wconf 88' lang='lat' dir='ltr'><strong>Do-</strong></span> 
     </span>
    </p>
   </div>
   <div class='ocr_carea' id='block_1_97' title="bbox 2155 4604 3830 4705">
    <p class='ocr_par' dir='ltr' id='par_1_97' title="bbox 2155 4604 3830 4705">
     <span class='ocr_line' id='line_1_98' title="bbox 2155 4604 3830 4705; baseline 0.011 -34"><span class='ocrx_word' id='word_1_713' title='bbox 2155 4622 2269 4688; x_wconf 73' lang='grc' dir='ltr'>ινᾷν</span> <span class='ocrx_word' id='word_1_714' title='bbox 2326 4617 2473 4682; x_wconf 83' lang='grc' dir='ltr'>ὅλως</span> <span class='ocrx_word' id='word_1_715' title='bbox 2528 4622 2652 4696; x_wconf 84' lang='grc' dir='ltr'>περὶ</span> <span class='ocrx_word' id='word_1_716' title='bbox 2707 4622 2934 4694; x_wconf 85' lang='grc' dir='ltr'>τούτων,</span> <span class='ocrx_word' id='word_1_717' title='bbox 2968 4625 3113 4683; x_wconf 83' lang='grc' dir='ltr'>ἀλλὰ</span> <span class='ocrx_word' id='word_1_718' title='bbox 3166 4604 3236 4703; x_wconf 49' lang='lat' dir='ltr'><strong>cf;</strong></span> <span class='ocrx_word' id='word_1_719' title='bbox 3285 4630 3362 4695; x_wconf 80' lang='grc' dir='ltr'><strong>εἰς</strong></span> <span class='ocrx_word' id='word_1_720' title='bbox 3389 4604 3554 4689; x_wconf 42' lang='lat' dir='ltr'><strong>sese;</strong></span> <span class='ocrx_word' id='word_1_721' title='bbox 3580 4604 3830 4705; x_wconf 66' lang='grc' dir='ltr'>πεποιθή-</span> 
     </span>
    </p>
   </div>
   <div class='ocr_carea' id='block_1_98' title="bbox 309 4713 2018 4784">
    <p class='ocr_par' dir='ltr' id='par_1_98' title="bbox 309 4713 2018 4784">
     <span class='ocr_line' id='line_1_99' title="bbox 309 4713 2018 4784; baseline 0.001 -17"><span class='ocrx_word' id='word_1_722' title='bbox 309 4714 507 4768; x_wconf 90' lang='lat' dir='ltr'><strong>minus</strong></span> <span class='ocrx_word' id='word_1_723' title='bbox 531 4714 794 4783; x_wconf 90' lang='lat' dir='ltr'><strong>provisor</strong></span> <span class='ocrx_word' id='word_1_724' title='bbox 813 4729 1034 4780; x_wconf 88' lang='lat' dir='ltr'><strong>eorum,</strong></span> <span class='ocrx_word' id='word_1_725' title='bbox 1060 4713 1160 4784; x_wconf 89' lang='lat' dir='ltr'><strong>qui</strong></span> <span class='ocrx_word' id='word_1_726' title='bbox 1213 4713 1283 4767; x_wconf 90' lang='lat' dir='ltr'><strong>ad</strong></span> <span class='ocrx_word' id='word_1_727' title='bbox 1334 4728 1463 4767; x_wconf 86' lang='lat' dir='ltr'><strong>eum</strong></span> <span class='ocrx_word' id='word_1_728' title='bbox 1523 4713 1886 4783; x_wconf 81' lang='lat' dir='ltr'><strong>confugiunt,</strong></span> <span class='ocrx_word' id='word_1_729' title='bbox 1920 4728 2018 4784; x_wconf 90' lang='lat' dir='ltr'><strong>per</strong></span> 
     </span>
    </p>
   </div>
   <div class='ocr_carea' id='block_1_99' title="bbox 312 4803 2021 4871">
    <p class='ocr_par' dir='ltr' id='par_1_99' title="bbox 312 4803 2021 4871">
     <span class='ocr_line' id='line_1_100' title="bbox 312 4803 2021 4871; baseline 0.002 -15"><span class='ocrx_word' id='word_1_730' title='bbox 312 4803 511 4858; x_wconf 87' lang='lat' dir='ltr'><strong>omnia</strong></span> <span class='ocrx_word' id='word_1_731' title='bbox 544 4804 778 4859; x_wconf 87' lang='lat' dir='ltr'><strong>futurus</strong></span> <span class='ocrx_word' id='word_1_732' title='bbox 828 4805 922 4861; x_wconf 90' lang='lat' dir='ltr'><strong>sit.</strong></span> <span class='ocrx_word' id='word_1_733' title='bbox 978 4803 1225 4858; x_wconf 88' lang='lat' dir='ltr'><strong>Multum</strong></span> <span class='ocrx_word' id='word_1_734' title='bbox 1270 4811 1485 4871; x_wconf 88' lang='lat' dir='ltr'><strong>autem,</strong></span> <span class='ocrx_word' id='word_1_735' title='bbox 1518 4807 1657 4858; x_wconf 92' lang='lat' dir='ltr'><strong>sunt</strong></span> <span class='ocrx_word' id='word_1_736' title='bbox 1712 4804 1910 4859; x_wconf 68' lang='lat' dir='ltr'><strong>salerni</strong></span> <span class='ocrx_word' id='word_1_737' title='bbox 1939 4808 2021 4859; x_wconf 90' lang='lat' dir='ltr'><strong>at-</strong></span> 
     </span>
    </p>
   </div>
   <div class='ocr_carea' id='block_1_100' title="bbox 303 4891 2016 4963">
    <p class='ocr_par' dir='ltr' id='par_1_100' title="bbox 303 4891 2016 4963">
     <span class='ocr_line' id='line_1_101' title="bbox 303 4891 2016 4963; baseline 0.004 -19"><span class='ocrx_word' id='word_1_738' title='bbox 303 4907 418 4962; x_wconf 90' lang='lat' dir='ltr'><strong>que</strong></span> <span class='ocrx_word' id='word_1_739' title='bbox 467 4891 933 4963; x_wconf 88' lang='lat' dir='ltr'><strong>incorruptibilis</strong></span> <span class='ocrx_word' id='word_1_740' title='bbox 976 4891 1174 4946; x_wconf 69' lang='lat' dir='ltr'><strong>saeculi</strong></span> <span class='ocrx_word' id='word_1_741' title='bbox 1226 4891 1400 4958; x_wconf 87' lang='lat' dir='ltr'><strong>dona,</strong></span> <span class='ocrx_word' id='word_1_742' title='bbox 1450 4907 1576 4962; x_wconf 76' lang='lat' dir='ltr'><strong>qua:</strong></span> <span class='ocrx_word' id='word_1_743' title='bbox 1635 4895 1901 4963; x_wconf 88' lang='lat' dir='ltr'><strong>promisit</strong></span> <span class='ocrx_word' id='word_1_744' title='bbox 1956 4912 2016 4951; x_wconf 88' lang='lat' dir='ltr'><strong>se</strong></span> 
     </span>
    </p>
   </div>
   <div class='ocr_carea' id='block_1_101' title="bbox 307 4979 2014 5055">
    <p class='ocr_par' dir='ltr' id='par_1_101' title="bbox 307 4979 2014 5055">
     <span class='ocr_line' id='line_1_102' title="bbox 307 4979 2014 5055; baseline 0.003 -20"><span class='ocrx_word' id='word_1_745' title='bbox 307 4979 658 5035; x_wconf 86' lang='lat' dir='ltr'><strong>collaturum</strong></span> <span class='ocrx_word' id='word_1_746' title='bbox 715 4980 1085 5036; x_wconf 87' lang='lat' dir='ltr'><strong>credentibus</strong></span> <span class='ocrx_word' id='word_1_747' title='bbox 1123 4982 1182 5036; x_wconf 92' lang='lat' dir='ltr'><strong>in</strong></span> <span class='ocrx_word' id='word_1_748' title='bbox 1232 4996 1389 5049; x_wconf 88' lang='lat' dir='ltr'><strong>eum,</strong></span> <span class='ocrx_word' id='word_1_749' title='bbox 1430 4987 1489 5035; x_wconf 90' lang='lat' dir='ltr'><strong>et</strong></span> <span class='ocrx_word' id='word_1_750' title='bbox 1538 4981 1608 5036; x_wconf 87' lang='lat' dir='ltr'><strong>iis</strong></span> <span class='ocrx_word' id='word_1_751' title='bbox 1645 4982 1745 5054; x_wconf 87' lang='lat' dir='ltr'><strong>qui</strong></span> <span class='ocrx_word' id='word_1_752' title='bbox 1795 4985 2014 5055; x_wconf 88' lang='lat' dir='ltr'><strong>absque</strong></span> 
     </span>
    </p>
   </div>
   <div class='ocr_carea' id='block_1_102' title="bbox 304 5058 2012 5134">
    <p class='ocr_par' dir='ltr' id='par_1_102' title="bbox 304 5058 2012 5134">
     <span class='ocr_line' id='line_1_103' title="bbox 304 5058 2012 5134; baseline 0.004 -20"><span class='ocrx_word' id='word_1_753' title='bbox 304 5058 424 5115; x_wconf 89' lang='lat' dir='ltr'><strong>ulla</strong></span> <span class='ocrx_word' id='word_1_754' title='bbox 475 5059 911 5116; x_wconf 85' lang='lat' dir='ltr'><strong>intermissione</strong></span> <span class='ocrx_word' id='word_1_755' title='bbox 948 5062 1020 5116; x_wconf 93' lang='lat' dir='ltr'><strong>de</strong></span> <span class='ocrx_word' id='word_1_756' title='bbox 1068 5062 1139 5117; x_wconf 86' lang='lat' dir='ltr'><strong>iis</strong></span> <span class='ocrx_word' id='word_1_757' title='bbox 1184 5066 1324 5116; x_wconf 87' lang='lat' dir='ltr'><strong>sunt</strong></span> <span class='ocrx_word' id='word_1_758' title='bbox 1370 5061 1625 5130; x_wconf 90' lang='lat' dir='ltr'><strong>solliciti,</strong></span> <span class='ocrx_word' id='word_1_759' title='bbox 1668 5067 1723 5118; x_wconf 89' lang='lat' dir='ltr'><strong>et</strong></span> <span class='ocrx_word' id='word_1_760' title='bbox 1763 5071 2012 5134; x_wconf 88' lang='lat' dir='ltr'><strong>poscunt</strong></span> 
     </span>
    </p>
   </div>
   <div class='ocr_carea' id='block_1_103' title="bbox 298 5148 2011 5223">
    <p class='ocr_par' dir='ltr' id='par_1_103' title="bbox 298 5148 2011 5223">
     <span class='ocr_line' id='line_1_104' title="bbox 298 5148 2011 5223; baseline 0.002 -16"><span class='ocrx_word' id='word_1_761' title='bbox 298 5149 371 5207; x_wconf 87' lang='lat' dir='ltr'><strong>ab</strong></span> <span class='ocrx_word' id='word_1_762' title='bbox 400 5164 489 5214; x_wconf 89' lang='lat' dir='ltr'><strong>eo,</strong></span> <span class='ocrx_word' id='word_1_763' title='bbox 523 5148 661 5219; x_wconf 87' lang='lat' dir='ltr'><strong>quia</strong></span> <span class='ocrx_word' id='word_1_764' title='bbox 690 5148 774 5203; x_wconf 91' lang='lat' dir='ltr'><strong>sic</strong></span> <span class='ocrx_word' id='word_1_765' title='bbox 816 5150 1106 5220; x_wconf 70' lang='lat' dir='ltr'><strong>praecepit.</strong></span> <span class='ocrx_word' id='word_1_766' title='bbox 1146 5151 1241 5205; x_wconf 75' lang='lat' dir='ltr'><strong>Vos</strong></span> <span class='ocrx_word' id='word_1_767' title='bbox 1286 5160 1492 5216; x_wconf 77' lang='lat' dir='ltr'><strong>autem,</strong></span> <span class='ocrx_word' id='word_1_768' title='bbox 1538 5151 1746 5221; x_wconf 90' lang='lat' dir='ltr'><strong>inquit,</strong></span> <span class='ocrx_word' id='word_1_769' title='bbox 1787 5158 2011 5223; x_wconf 72' lang='lat' dir='ltr'><strong>quaerite</strong></span> 
     </span>
    </p>
   </div>
   <div class='ocr_carea' id='block_1_104' title="bbox 286 5238 2009 5310">
    <p class='ocr_par' dir='ltr' id='par_1_104' title="bbox 286 5238 2009 5310">
     <span class='ocr_line' id='line_1_105' title="bbox 286 5238 2009 5310; baseline 0.003 -16"><span class='ocrx_word' id='word_1_770' title='bbox 286 5242 537 5310; x_wconf 80' lang='lat' dir='ltr'><strong>primum</strong></span> <span class='ocrx_word' id='word_1_771' title='bbox 578 5253 811 5309; x_wconf 71' lang='lat' dir='ltr'><strong>regnum</strong></span> <span class='ocrx_word' id='word_1_772' title='bbox 874 5238 991 5305; x_wconf 79' lang='lat' dir='ltr'><strong>Dei,</strong></span> <span class='ocrx_word' id='word_1_773' title='bbox 1033 5242 1085 5295; x_wconf 80' lang='lat' dir='ltr'><strong>et</strong></span> <span class='ocrx_word' id='word_1_774' title='bbox 1113 5241 1383 5307; x_wconf 71' lang='lat' dir='ltr'><strong>iustitiam</strong></span> <span class='ocrx_word' id='word_1_775' title='bbox 1414 5242 1550 5309; x_wconf 73' lang='lat' dir='ltr'><strong>eius,</strong></span> <span class='ocrx_word' id='word_1_776' title='bbox 1586 5245 1638 5296; x_wconf 82' lang='lat' dir='ltr'><strong>et</strong></span> <span class='ocrx_word' id='word_1_777' title='bbox 1674 5242 1786 5296; x_wconf 72' lang='lat' dir='ltr'><strong>haec</strong></span> <span class='ocrx_word' id='word_1_778' title='bbox 1818 5246 2009 5299; x_wconf 71' lang='lat' dir='ltr'><strong>omnia</strong></span> 
     </span>
    </p>
   </div>
   <div class='ocr_carea' id='block_1_105' title="bbox 291 5327 2003 5403">
    <p class='ocr_par' dir='ltr' id='par_1_105' title="bbox 291 5327 2003 5403">
     <span class='ocr_line' id='line_1_106' title="bbox 291 5327 2003 5403; baseline 0.003 -21"><span class='ocrx_word' id='word_1_779' title='bbox 291 5327 626 5397; x_wconf 68' lang='lat' dir='ltr'><strong>adjiciantur</strong></span> <span class='ocrx_word' id='word_1_780' title='bbox 674 5328 821 5383; x_wconf 84' lang='lat' dir='ltr'><strong>vobis</strong></span> <span class='ocrx_word' id='word_1_781' title='bbox 851 5327 918 5381; x_wconf 78' lang='grc' dir='ltr'><strong>⁸ε</strong></span> <span class='ocrx_word' id='word_1_782' title='bbox 969 5331 1031 5381; x_wconf 88' lang='lat' dir='ltr'><strong>ut</strong></span> <span class='ocrx_word' id='word_1_783' title='bbox 1078 5344 1147 5382; x_wconf 82' lang='lat' dir='ltr'><strong>ex</strong></span> <span class='ocrx_word' id='word_1_784' title='bbox 1194 5328 1286 5383; x_wconf 87' lang='lat' dir='ltr'><strong>his</strong></span> <span class='ocrx_word' id='word_1_785' title='bbox 1332 5328 1575 5384; x_wconf 87' lang='lat' dir='ltr'><strong>modicis</strong></span> <span class='ocrx_word' id='word_1_786' title='bbox 1628 5334 1684 5385; x_wconf 88' lang='lat' dir='ltr'><strong>et</strong></span> <span class='ocrx_word' id='word_1_787' title='bbox 1713 5335 2003 5403; x_wconf 89' lang='lat' dir='ltr'><strong>tempora-</strong></span> 
     </span>
    </p>
   </div>
   <div class='ocr_carea' id='block_1_106' title="bbox 289 5415 2000 5493">
    <p class='ocr_par' dir='ltr' id='par_1_106' title="bbox 289 5415 2000 5493">
     <span class='ocr_line' id='line_1_107' title="bbox 289 5415 2000 5493; baseline 0.004 -23"><span class='ocrx_word' id='word_1_788' title='bbox 289 5420 415 5471; x_wconf 88' lang='lat' dir='ltr'><strong>neis</strong></span> <span class='ocrx_word' id='word_1_789' title='bbox 475 5417 721 5489; x_wconf 85' lang='lat' dir='ltr'><strong>quisque</strong></span> <span class='ocrx_word' id='word_1_790' title='bbox 774 5415 1073 5489; x_wconf 89' lang='lat' dir='ltr'><strong>probetur,</strong></span> <span class='ocrx_word' id='word_1_791' title='bbox 1108 5434 1179 5472; x_wconf 88' lang='lat' dir='ltr'><strong>an</strong></span> <span class='ocrx_word' id='word_1_792' title='bbox 1225 5418 1424 5472; x_wconf 90' lang='lat' dir='ltr'><strong>credat</strong></span> <span class='ocrx_word' id='word_1_793' title='bbox 1471 5418 1607 5486; x_wconf 86' lang='lat' dir='ltr'><strong>Deo,</strong></span> <span class='ocrx_word' id='word_1_794' title='bbox 1666 5421 1822 5491; x_wconf 88' lang='lat' dir='ltr'><strong>quod</strong></span> <span class='ocrx_word' id='word_1_795' title='bbox 1865 5438 2000 5493; x_wconf 88' lang='lat' dir='ltr'><strong>pro-</strong></span> 
     </span>
    </p>
   </div>
   <div class='ocr_carea' id='block_1_107' title="bbox 289 5506 1999 5577">
    <p class='ocr_par' dir='ltr' id='par_1_107' title="bbox 289 5506 1999 5577">
     <span class='ocr_line' id='line_1_108' title="bbox 289 5506 1999 5577; baseline 0.004 -16"><span class='ocrx_word' id='word_1_796' title='bbox 289 5506 519 5561; x_wconf 89' lang='lat' dir='ltr'><strong>miserit</strong></span> <span class='ocrx_word' id='word_1_797' title='bbox 559 5522 621 5561; x_wconf 91' lang='lat' dir='ltr'><strong>se</strong></span> <span class='ocrx_word' id='word_1_798' title='bbox 670 5507 1045 5577; x_wconf 89' lang='lat' dir='ltr'><strong>largiturum,</strong></span> <span class='ocrx_word' id='word_1_799' title='bbox 1099 5509 1269 5563; x_wconf 90' lang='lat' dir='ltr'><strong>modo</strong></span> <span class='ocrx_word' id='word_1_800' title='bbox 1326 5523 1432 5563; x_wconf 88' lang='lat' dir='ltr'><strong>nos</strong></span> <span class='ocrx_word' id='word_1_801' title='bbox 1480 5508 1552 5564; x_wconf 89' lang='lat' dir='ltr'><strong>de</strong></span> <span class='ocrx_word' id='word_1_802' title='bbox 1599 5508 1814 5565; x_wconf 87' lang='lat' dir='ltr'><strong>talibus</strong></span> <span class='ocrx_word' id='word_1_803' title='bbox 1852 5510 1999 5567; x_wconf 89' lang='lat' dir='ltr'><strong>nihil</strong></span> 
     </span>
    </p>
   </div>
   <div class='ocr_carea' id='block_1_108' title="bbox 354 5684 1775 5761">
    <p class='ocr_par' dir='ltr' id='par_1_108' title="bbox 354 5684 1775 5761">
     <span class='ocr_line' id='line_1_109' title="bbox 354 5684 1775 5761; baseline 0.004 -17"><span class='ocrx_word' id='word_1_804' title='bbox 354 5686 376 5727; x_wconf 76' lang='grc' dir='ltr'><strong>ι</strong></span> <span class='ocrx_word' id='word_1_805' title='bbox 408 5684 541 5744; x_wconf 90' lang='lat' dir='ltr'><strong>Luc.</strong></span> <span class='ocrx_word' id='word_1_806' title='bbox 578 5685 815 5757; x_wconf 56' lang='lat'><strong>“1,10.</strong></span> <span class='ocrx_word' id='word_1_807' title='bbox 890 5685 1149 5746; x_wconf 82' lang='lat' dir='ltr'><strong>7Mattb.</strong></span> <span class='ocrx_word' id='word_1_808' title='bbox 1179 5688 1374 5761; x_wconf 53' lang='lat'><strong>111,31.</strong></span> <span class='ocrx_word' id='word_1_809' title='bbox 1451 5687 1652 5749; x_wconf 72' lang='lat' dir='ltr'><strong>31bid.</strong></span> <span class='ocrx_word' id='word_1_810' title='bbox 1684 5688 1775 5750; x_wconf 89' lang='lat'><strong>33.</strong></span> 
     </span>
    </p>
   </div>
   <div class='ocr_carea' id='block_1_109' title="bbox 2130 4707 3835 4792">
    <p class='ocr_par' dir='ltr' id='par_1_109' title="bbox 2130 4707 3835 4792">
     <span class='ocr_line' id='line_1_110' title="bbox 2130 4707 3835 4792; baseline 0.012 -31"><span class='ocrx_word' id='word_1_811' title='bbox 2130 4727 2207 4762; x_wconf 87' lang='grc' dir='ltr'><strong>σει</strong></span> <span class='ocrx_word' id='word_1_812' title='bbox 2257 4707 2522 4778; x_wconf 76' lang='grc' dir='ltr'>ἐλπίζειν,</span> <span class='ocrx_word' id='word_1_813' title='bbox 2576 4712 2662 4767; x_wconf 82' lang='grc' dir='ltr'>ὃτι</span> <span class='ocrx_word' id='word_1_814' title='bbox 2721 4713 2916 4787; x_wconf 85' lang='grc' dir='ltr'>Κύριος</span> <span class='ocrx_word' id='word_1_815' title='bbox 2971 4737 3277 4792; x_wconf 87' lang='grc' dir='ltr'>προνοηττς</span> <span class='ocrx_word' id='word_1_816' title='bbox 3332 4727 3440 4777; x_wconf 88' lang='grc' dir='ltr'><strong>τῶν</strong></span> <span class='ocrx_word' id='word_1_817' title='bbox 3507 4724 3662 4780; x_wconf 83' lang='grc' dir='ltr'>αὐτὸν</span> <span class='ocrx_word' id='word_1_818' title='bbox 3733 4746 3835 4780; x_wconf 84' lang='grc' dir='ltr'>κα-</span> 
     </span>
    </p>
   </div>
   <div class='ocr_carea' id='block_1_110' title="bbox 2124 4797 3834 4882">
    <p class='ocr_par' dir='ltr' id='par_1_110' title="bbox 2124 4797 3834 4882">
     <span class='ocr_line' id='line_1_111' title="bbox 2124 4797 3834 4882; baseline 0.01 -33"><span class='ocrx_word' id='word_1_819' title='bbox 2124 4797 2500 4875; x_wconf 71' lang='grc' dir='ltr'>ταφευγόντων</span> <span class='ocrx_word' id='word_1_820' title='bbox 2544 4802 2679 4855; x_wconf 79' lang='grc' dir='ltr'>κατὰ</span> <span class='ocrx_word' id='word_1_821' title='bbox 2717 4802 2891 4858; x_wconf 85' lang='grc' dir='ltr'>πάντα</span> <span class='ocrx_word' id='word_1_822' title='bbox 2937 4804 3160 4882; x_wconf 86' lang='grc' dir='ltr'>γίνεται.</span> <span class='ocrx_word' id='word_1_823' title='bbox 3212 4810 3281 4864; x_wconf 81' lang='grc' dir='ltr'><strong>Τὸ</strong></span> <span class='ocrx_word' id='word_1_824' title='bbox 3341 4807 3399 4865; x_wconf 73' lang='grc' dir='ltr'>δὲ</span> <span class='ocrx_word' id='word_1_825' title='bbox 3455 4809 3597 4866; x_wconf 79' lang='grc' dir='ltr'>πολὺ</span> <span class='ocrx_word' id='word_1_826' title='bbox 3644 4814 3713 4868; x_wconf 76' lang='grc' dir='ltr'><strong>τὰ</strong></span> <span class='ocrx_word' id='word_1_827' title='bbox 3739 4816 3834 4869; x_wconf 80' lang='grc' dir='ltr'><strong>τοῦ</strong></span> 
     </span>
    </p>
   </div>
   <div class='ocr_carea' id='block_1_111' title="bbox 2124 4883 3831 4978">
    <p class='ocr_par' dir='ltr' id='par_1_111' title="bbox 2124 4883 3831 4978">
     <span class='ocr_line' id='line_1_112' title="bbox 2124 4883 3831 4978; baseline 0.011 -40"><span class='ocrx_word' id='word_1_828' title='bbox 2124 4883 2345 4940; x_wconf 75' lang='grc' dir='ltr'>αἰωνίου</span> <span class='ocrx_word' id='word_1_829' title='bbox 2402 4888 2492 4941; x_wconf 87' lang='grc' dir='ltr'><strong>καὶ</strong></span> <span class='ocrx_word' id='word_1_830' title='bbox 2552 4888 2827 4965; x_wconf 80' lang='grc' dir='ltr'>ἀφθάρτου</span> <span class='ocrx_word' id='word_1_831' title='bbox 2870 4893 3064 4957; x_wconf 82' lang='grc' dir='ltr'>αἰῶνος</span> <span class='ocrx_word' id='word_1_832' title='bbox 3121 4892 3426 4971; x_wconf 78' lang='grc' dir='ltr'>δωρήματά</span> <span class='ocrx_word' id='word_1_833' title='bbox 3483 4899 3647 4971; x_wconf 79' lang='grc' dir='ltr'>ἐστιν,</span> <span class='ocrx_word' id='word_1_834' title='bbox 3700 4902 3831 4978; x_wconf 74' lang='grc' dir='ltr'>ἅπερ</span> 
     </span>
    </p>
   </div>
   <div class='ocr_carea' id='block_1_112' title="bbox 2125 4973 3830 5064">
    <p class='ocr_par' dir='ltr' id='par_1_112' title="bbox 2125 4973 3830 5064">
     <span class='ocr_line' id='line_1_113' title="bbox 2125 4973 3830 5064; baseline 0.01 -36"><span class='ocrx_word' id='word_1_835' title='bbox 2125 4973 2392 5050; x_wconf 76' lang='grc' dir='ltr'>ὑπέσχετο</span> <span class='ocrx_word' id='word_1_836' title='bbox 2467 4986 2768 5055; x_wconf 84' lang='grc' dir='ltr'>παρασχεῖν</span> <span class='ocrx_word' id='word_1_837' title='bbox 2849 4988 2964 5046; x_wconf 86' lang='grc' dir='ltr'>τοῖς</span> <span class='ocrx_word' id='word_1_838' title='bbox 3048 4988 3390 5044; x_wconf 83' lang='grc' dir='ltr'>πιστεύουσιν</span> <span class='ocrx_word' id='word_1_839' title='bbox 3479 4991 3652 5064; x_wconf 82' lang='grc' dir='ltr'>αὐτῷ,</span> <span class='ocrx_word' id='word_1_840' title='bbox 3742 4973 3830 5047; x_wconf 62' lang='grc' dir='ltr'>καὶ</span> 
     </span>
    </p>
   </div>
   <div class='ocr_carea' id='block_1_113' title="bbox 2121 5060 3829 5153">
    <p class='ocr_par' dir='ltr' id='par_1_113' title="bbox 2121 5060 3829 5153">
     <span class='ocr_line' id='line_1_114' title="bbox 2121 5060 3829 5153; baseline 0.012 -37"><span class='ocrx_word' id='word_1_841' title='bbox 2121 5060 2485 5129; x_wconf 84' lang='grc' dir='ltr'>ἀδιαλείπτως</span> <span class='ocrx_word' id='word_1_842' title='bbox 2536 5069 2664 5143; x_wconf 85' lang='grc' dir='ltr'>περὶ</span> <span class='ocrx_word' id='word_1_843' title='bbox 2722 5068 2935 5127; x_wconf 84' lang='grc' dir='ltr'>ἐκείνων</span> <span class='ocrx_word' id='word_1_844' title='bbox 3018 5082 3347 5153; x_wconf 84' lang='grc' dir='ltr'>μεριμνῶσι,</span> <span class='ocrx_word' id='word_1_845' title='bbox 3423 5078 3513 5134; x_wconf 81' lang='grc' dir='ltr'><strong>καὶ</strong></span> <span class='ocrx_word' id='word_1_846' title='bbox 3589 5060 3829 5136; x_wconf 75' lang='grc' dir='ltr'>αίτοῦσιν</span> 
     </span>
    </p>
   </div>
   <div class='ocr_carea' id='block_1_114' title="bbox 2117 5153 3827 5247">
    <p class='ocr_par' dir='ltr' id='par_1_114' title="bbox 2117 5153 3827 5247">
     <span class='ocr_line' id='line_1_115' title="bbox 2117 5153 3827 5247; baseline 0.012 -41"><span class='ocrx_word' id='word_1_847' title='bbox 2117 5153 2300 5216; x_wconf 84' lang='grc' dir='ltr'>αὐτὸν,</span> <span class='ocrx_word' id='word_1_848' title='bbox 2363 5156 2445 5211; x_wconf 81' lang='grc' dir='ltr'>ὅτι</span> <span class='ocrx_word' id='word_1_849' title='bbox 2516 5157 2689 5221; x_wconf 74' lang='grc' dir='ltr'>οὕτως</span> <span class='ocrx_word' id='word_1_850' title='bbox 2752 5158 3074 5219; x_wconf 84' lang='grc' dir='ltr'>ἐνετείλατο·</span> <span class='ocrx_word' id='word_1_851' title='bbox 3124 5172 3310 5239; x_wconf 81' lang='grc' dir='ltr'>Ὗμεῖς</span> <span class='ocrx_word' id='word_1_852' title='bbox 3376 5165 3640 5247; x_wconf 74' lang='grc' dir='ltr'>ὃὶ,φησὶ,</span> <span class='ocrx_word' id='word_1_853' title='bbox 3675 5176 3827 5245; x_wconf 84' lang='grc' dir='ltr'>πρῶ·</span> 
     </span>
    </p>
   </div>
   <div class='ocr_carea' id='block_1_115' title="bbox 2112 5250 3829 5330">
    <p class='ocr_par' dir='ltr' id='par_1_115' title="bbox 2112 5250 3829 5330">
     <span class='ocr_line' id='line_1_116' title="bbox 2112 5250 3829 5330; baseline 0.01 -31"><span class='ocrx_word' id='word_1_854' title='bbox 2112 5265 2205 5300; x_wconf 86' lang='grc' dir='ltr'><strong>τον</strong></span> <span class='ocrx_word' id='word_1_855' title='bbox 2266 5250 2476 5316; x_wconf 86' lang='grc' dir='ltr'>ζητεῖτε</span> <span class='ocrx_word' id='word_1_856' title='bbox 2537 5251 2638 5320; x_wconf 81' lang='grc' dir='ltr'>τήν</span> <span class='ocrx_word' id='word_1_857' title='bbox 2702 5251 2979 5327; x_wconf 87' lang='grc' dir='ltr'>βασιλείαν</span> <span class='ocrx_word' id='word_1_858' title='bbox 3048 5261 3145 5311; x_wconf 77' lang='grc' dir='ltr'>τοῦ</span> <span class='ocrx_word' id='word_1_859' title='bbox 3213 5262 3369 5328; x_wconf 74' lang='grc' dir='ltr'>Θεοῦ,</span> <span class='ocrx_word' id='word_1_860' title='bbox 3438 5262 3526 5315; x_wconf 80' lang='grc' dir='ltr'><strong>καὶ</strong></span> <span class='ocrx_word' id='word_1_861' title='bbox 3589 5265 3689 5330; x_wconf 82' lang='grc' dir='ltr'>τήν</span> <span class='ocrx_word' id='word_1_862' title='bbox 3749 5261 3829 5317; x_wconf 80' lang='grc' dir='ltr'>δι-</span> 
     </span>
    </p>
   </div>
   <div class='ocr_carea' id='block_1_116' title="bbox 2112 5337 3825 5424">
    <p class='ocr_par' dir='ltr' id='par_1_116' title="bbox 2112 5337 3825 5424">
     <span class='ocr_line' id='line_1_117' title="bbox 2112 5337 3825 5424; baseline 0.012 -36"><span class='ocrx_word' id='word_1_863' title='bbox 2112 5337 2403 5407; x_wconf 88' lang='grc' dir='ltr'>καιοσύνην</span> <span class='ocrx_word' id='word_1_864' title='bbox 2494 5338 2684 5410; x_wconf 78' lang='grc' dir='ltr'>αὐτοῦ,</span> <span class='ocrx_word' id='word_1_865' title='bbox 2772 5342 2864 5397; x_wconf 81' lang='grc' dir='ltr'><strong>καὶ</strong></span> <span class='ocrx_word' id='word_1_866' title='bbox 2954 5348 3125 5401; x_wconf 80' lang='grc' dir='ltr'>ταῦτα</span> <span class='ocrx_word' id='word_1_867' title='bbox 3218 5349 3394 5404; x_wconf 87' lang='grc' dir='ltr'>πάντα</span> <span class='ocrx_word' id='word_1_868' title='bbox 3458 5352 3825 5424; x_wconf 77' lang='grc' dir='ltr'>προστεθήσε-</span> 
     </span>
    </p>
   </div>
   <div class='ocr_carea' id='block_1_117' title="bbox 2110 5424 3823 5514">
    <p class='ocr_par' dir='ltr' id='par_1_117' title="bbox 2110 5424 3823 5514">
     <span class='ocr_line' id='line_1_118' title="bbox 2110 5424 3823 5514; baseline 0.011 -34"><span class='ocrx_word' id='word_1_869' title='bbox 2110 5443 2195 5480; x_wconf 89' lang='grc' dir='ltr'><strong>ται</strong></span> <span class='ocrx_word' id='word_1_870' title='bbox 2244 5425 2371 5498; x_wconf 83' lang='grc' dir='ltr'>ὑμῖν</span> <span class='ocrx_word' id='word_1_871' title='bbox 2402 5443 2415 5457; x_wconf 76' lang='grc'><strong><em>⁸</em></strong></span> <span class='ocrx_word' id='word_1_872' title='bbox 2460 5424 2614 5490; x_wconf 75' lang='grc' dir='ltr'>ὅπως</span> <span class='ocrx_word' id='word_1_873' title='bbox 2670 5426 2731 5484; x_wconf 81' lang='grc' dir='ltr'>ἐκ</span> <span class='ocrx_word' id='word_1_874' title='bbox 2771 5435 2881 5486; x_wconf 86' lang='grc' dir='ltr'><strong>τῶν</strong></span> <span class='ocrx_word' id='word_1_875' title='bbox 2932 5431 3135 5508; x_wconf 85' lang='grc' dir='ltr'>ὀλίγων</span> <span class='ocrx_word' id='word_1_876' title='bbox 3186 5435 3397 5492; x_wconf 88' lang='grc' dir='ltr'>τούτων</span> <span class='ocrx_word' id='word_1_877' title='bbox 3428 5439 3513 5493; x_wconf 72' lang='grc' dir='ltr'><strong>καῖ</strong></span> <span class='ocrx_word' id='word_1_878' title='bbox 3551 5440 3823 5514; x_wconf 82' lang='grc' dir='ltr'>προσκαί-</span> 
     </span>
    </p>
   </div>
   <div class='ocr_carea' id='block_1_118' title="bbox 2109 5510 3821 5601">
    <p class='ocr_par' dir='ltr' id='par_1_118' title="bbox 2109 5510 3821 5601">
     <span class='ocr_line' id='line_1_119' title="bbox 2109 5510 3821 5601; baseline 0.012 -33"><span class='ocrx_word' id='word_1_879' title='bbox 2109 5533 2217 5591; x_wconf 86' lang='grc' dir='ltr'><strong>ρων</strong></span> <span class='ocrx_word' id='word_1_880' title='bbox 2261 5510 2567 5592; x_wconf 77' lang='grc' dir='ltr'>δοκιμασθῇ</span> <span class='ocrx_word' id='word_1_881' title='bbox 2636 5512 2882 5592; x_wconf 68' lang='grc' dir='ltr'>ἕκαστος,</span> <span class='ocrx_word' id='word_1_882' title='bbox 2950 5521 2996 5578; x_wconf 85' lang='grc' dir='ltr'><strong>εἰ</strong></span> <span class='ocrx_word' id='word_1_883' title='bbox 3060 5524 3300 5581; x_wconf 80' lang='grc' dir='ltr'>πιστεύει</span> <span class='ocrx_word' id='word_1_884' title='bbox 3355 5530 3437 5601; x_wconf 82' lang='grc' dir='ltr'>τῷ</span> <span class='ocrx_word' id='word_1_885' title='bbox 3518 5510 3655 5601; x_wconf 64' lang='grc' dir='ltr'>Θεῷ,</span> <span class='ocrx_word' id='word_1_886' title='bbox 3735 5531 3821 5589; x_wconf 78' lang='grc' dir='ltr'><strong>ὅτι</strong></span> 
     </span>
    </p>
   </div>
  </div>
