4130 6286
296 375 412 434 811

1637 359 1703 420 8.
1750 357 1963 419 ΜΑΟΑ
1974 356 2085 418 RII
2122 357 2466 421 EGYPTII

3694 349 3847 413 812

299 512 509 562 aeterna
540 510 597 562 et
626 499 971 558 incurabilia
1028 494 1376 554 immortalis
1414 493 1614 549 anima:
1653 492 1896 549 vulnera
1946 497 1999 548 et
2031 539 2040 560 λ

2168 493 2449 565 ίεράπευτα
2489 496 2589 560 τῆς
2630 487 2898 545 ἀθανάτου
2937 491 3123 564 ψυχῆς
3169 485 3474 563 τραύματα,
3524 483 3615 547 καὶ
3664 485 3841 555 πάθη

301 596 638 652 affectiones
699 594 938 647 vitiosas
985 587 1330 643 credidisses
1383 601 1415 639 a
1466 585 1698 640 Christo
1785 584 1999 653 curari,

302 688 566 742 crederes
615 698 848 754 quoque
906 694 1039 735 eum
1091 692 1261 748 posse
1322 692 1523 730 curare
1592 680 2003 745 temporaneas

305 774 565 846 corporis
586 771 913 828 affectiones
944 772 1002 822 et
1039 765 1294 831 morbos,
1321 772 1495 835 alque
1534 764 1605 819 ad
1641 779 1773 817 eum
1816 764 2005 819 solum

306 865 647 934 confugeres
676 860 937 931 neglecta
994 855 1357 910 medicorum
1418 852 1706 908 industria
1753 857 1809 907 et
1845 868 2002 907 cura.

308 954 416 1017 Qui
472 951 625 1007 enim
673 950 929 1004 animam
978 944 1261 1011 condidit,
1314 944 1439 1014 ipse
1495 958 1728 1014 quoque
1795 958 2007 1012 corpus

311 1040 521 1097 creavit
553 1055 566 1094 :
599 1045 653 1094 et
682 1037 783 1109 qui
812 1036 973 1091 illam
1006 1032 1395 1090 immortalem
1444 1037 1631 1097 sanat,
1686 1032 1841 1087 idem
1874 1048 2012 1102 quo-

312 1148 424 1202 que
454 1145 666 1200 corpus
704 1145 737 1183 a
788 1124 1183 1198 temporaneis
1230 1123 1636 1180 affectionibus
1682 1126 1738 1177 et
1791 1122 2012 1178 morbis

314 1238 515 1277 curare
547 1222 757 1291 potest.

382 1310 453 1365 V.
482 1310 701 1365 Verum
734 1308 930 1376 utique
977 1305 1099 1358 haec
1127 1304 1267 1358 mihi
1324 1304 1478 1359 dices
1513 1319 1524 1357 :
1566 1304 1647 1358 Ad
1688 1302 2016 1358 medendum

316 1400 532 1469 corpori
556 1398 819 1451 concessit
854 1396 991 1448 Deus
1030 1401 1149 1447 tum
1198 1393 1392 1447 herbas
1451 1400 1634 1457 terrae,
1674 1402 1791 1446 lum
1848 1393 2018 1463 phar-

318 1504 502 1556 maca,
540 1495 701 1558 atque
750 1484 1091 1540 medicorum
1147 1482 1335 1553 ofﬁcia
1389 1483 1457 1537 ad
1525 1485 1764 1553 corporis
1810 1483 2020 1536 morbos

316 1578 675 1648 praeparavit,
722 1573 1031 1643 disponens,
1099 1578 1162 1625 ut
1207 1585 1401 1640 corpus
1453 1586 1482 1625 e
1539 1578 1699 1625 terra
1744 1578 2023 1642 sumptum

322 1664 499 1721 variis
527 1681 553 1720 e
588 1670 732 1719 terra
771 1664 903 1717 ortis
956 1659 1232 1731 speciebus
1278 1666 1520 1715 curetur.
1554 1660 1846 1714 Confiteor
1877 1675 2023 1729 quo-

325 1771 438 1826 que
468 1770 571 1825 ego
631 1753 751 1807 haec
790 1752 873 1806 ita
903 1767 965 1805 se
1006 1751 1258 1817 habere;
1319 1764 1523 1804 verum
1573 1750 1828 1814 attende,
1858 1753 1914 1803 et
1943 1749 2028 1802 in-

324 1845 552 1915 telliges
583 1844 844 1909 modum,
878 1842 1091 1912 quibus
1124 1841 1243 1895 hrec
1302 1842 1439 1895 data
1498 1840 1638 1910 sint,
1698 1845 1755 1895 et
1810 1841 2025 1911 quibus

2169 1837 2308 1898 61o):
2350 1834 2498 1915 ἔχειν
2530 1858 2542 1871 ·

326 1935 449 1988 haec
479 1930 832 1988 concesserit
863 1931 1016 1985 Deus
1041 1945 1272 1984 summa
1302 1934 1358 1984 et
1386 1929 1617 1985 infinita
1660 1929 2027 1984 humanitate

328 2038 393 2077 ac
443 2020 797 2092 benignitate
851 2020 1080 2075 ductus.
1142 2018 1285 2073 Cum
1361 2019 1670 2074 excidisset
1751 2018 1924 2074 homo
1997 2036 2030 2074 a

332 2112 630 2179 mandato,
664 2110 819 2179 quod
859 2117 1173 2180 acceperat,
1234 2112 1289 2163 et
1340 2109 1561 2178 judicio
1615 2109 1709 2163 iraa
1751 2110 2032 2163 obnoxius

331 2202 518 2254 factus
546 2204 720 2265 esset,
761 2203 817 2252 et
845 2198 1004 2251 velut
1036 2197 1093 2251 in
1150 2196 1548 2266 captivitatem
1598 2199 1654 2249 et
1711 2196 2032 2261 infamiam,

342 2286 378 2341 I
398 2289 499 2343 54
520 2296 569 2343 el
590 2287 648 2341 in
674 2288 980 2356 cujusdam
1006 2286 1225 2340 metalli
1249 2285 1603 2353 ofﬁcinam,a
1621 2284 1845 2339 deliciis
1876 2300 2037 2354 para-

337 2378 447 2432 disi
479 2378 538 2433 in
571 2378 727 2432 hunc
755 2376 1039 2431 mundum
1075 2376 1512 2439 exterminatus,
1556 2379 1613 2429 et
1645 2375 1750 2429 sub
1784 2379 2035 2445 potesta-

339 2474 445 2522 tem
472 2467 842 2522 tenebrarum
891 2466 1182 2530 redactus,
1241 2464 1499 2520 infidelis
1550 2480 1736 2520 errore
1791 2464 2038 2519 aliectio-

338 2574 480 2610 num
515 2557 776 2611 redditus
801 2560 970 2621 esset,
997 2556 1227 2609 tandem
1258 2554 1318 2608 in
1352 2554 1689 2609 affectiones
1720 2558 1774 2607 et
1806 2554 2038 2609 morbos

342 2646 534 2699 carnis
564 2645 793 2711 incidit,
828 2645 928 2714 qui
960 2645 1120 2714 prius
1162 2645 1356 2697 omnis
1407 2643 1738 2697 aliectiones
1780 2642 2037 2697 etmorlii

341 2738 466 2790 erat
495 2750 719 2805 expers.
771 2734 934 2788 Patet
990 2749 1124 2801 ergo
1171 2748 1374 2787 omnes
1432 2748 1658 2803 quoque
1687 2748 1755 2787 ex
1812 2748 1878 2788 eo
1912 2750 2041 2805 pro-

342 2825 567 2896 genitos
609 2825 668 2878 in
705 2823 937 2878 easdem
971 2822 1304 2878 affectiones
1336 2822 1606 2893 delapsos
1644 2836 1792 2878 esse.

413 3004 507 3061 Vl.
541 3003 840 3061 Concessit
869 3018 1005 3075 ergo
1039 3003 1156 3058 brec
1190 3002 1342 3057 Deus
1401 3001 1652 3057 infirmis
1712 3005 1767 3057 et
1798 3001 2045 3058 infideli-

345 3096 475 3159 bus,
509 3094 711 3150 nolens
743 3094 981 3150 omnino
1012 3093 1199 3164 perire
1230 3092 1546 3149 obnoxium
1581 3093 1830 3161 peccatis
1862 3108 2045 3163 genus

345 3185 696 3250 humanum,
729 3200 831 3256 pro
863 3198 1098 3238 summa
1160 3198 1266 3237 sua
1324 3181 1654 3237 clementia.
1715 3182 1824 3236 Sed
1882 3182 2044 3238 dedit

347 3272 414 3325 ad
441 3272 906 3327 refocillandum:
939 3272 1291 3339 sanandum,
1324 3275 1380 3325 et
1436 3270 1760 3325 curandum
1814 3286 2041 3339 corpus,

348 3359 663 3427 pharmaca
715 3359 892 3426 hujus
950 3360 1154 3413 mundi
1205 3358 1545 3414 hominibus
1636 3367 1687 3413 et
1759 3359 2049 3414 extraneis

349 3446 666 3501 omnibus:
701 3446 1099 3514 quibusetiam
1143 3461 1239 3500 eos
1276 3447 1359 3499 uti
1407 3446 1687 3515 permisit,
1742 3447 1841 3515 qui
1899 3462 2049 3500 non-

348 3535 490 3588 dum
540 3534 654 3587 Deo
709 3548 770 3587 se
826 3537 975 3587 totos
1035 3534 1382 3587 concredere
1433 3537 1699 3602 possunt.
1747 3534 1832 3587 Tu
1892 3550 2046 3601 vero,

353 3622 450 3694 qui
482 3621 801 3676 solitariam
835 3621 960 3689 agis
1007 3620 1210 3687 vitam,
1263 3620 1361 3690 qui
1402 3621 1699 3675 accessiin
1759 3622 1829 3676 ad
1882 3620 2051 3676 Chri-

353 3717 529 3777 stum,
565 3710 663 3780 qui
698 3708 876 3763 Filius
914 3708 1015 3763 Dei
1048 3725 1173 3763 esse
1227 3709 1545 3773 desideras,
1595 3710 1695 3779 qui
1742 3710 1989 3780 desuper
2019 3725 2049 3763 ο

351 3800 566 3871 Spiritu
605 3800 760 3855 nasci
804 3800 1042 3870 expetis,
1077 3799 1172 3869 qui
1218 3799 1585 3855 sublimiores
1612 3804 1670 3855 et
1716 3800 2046 3870 ampliores,

354 3908 529 3963 quam
567 3891 791 3962 primus
823 3891 1015 3956 homo,
1067 3890 1257 3945 omnis
1287 3889 1611 3945 affectionis
1642 3905 1865 3960 expers,
1914 3906 2053 3960 pro-

352 3978 663 4033 missiones
696 3977 989 4047 accepisti,
1031 3976 1433 4048 gratissimum
1486 3978 1760 4032 nimirum
1819 3976 2053 4032 Domini

353 4068 689 4135 adventum,
723 4067 818 4138 qui
852 4067 1189 4138 peregrinus
1242 4066 1417 4134 hujus
1478 4067 1680 4122 mundi
1740 4083 1805 4122 es
1844 4067 2051 4133 iactus,

352 4158 537 4231 magis
568 4174 773 4215 novam
804 4158 1120 4228 quamdam
1146 4161 1202 4212 et
1232 4157 1597 4229 peregrinam
1631 4158 1824 4226 fidem,
1876 4158 2057 4213 intel»

352 4249 568 4304 lectum
624 4256 679 4304 et
724 4247 1106 4304 conversandi
1187 4248 1469 4303 rationem
1557 4252 1766 4318 praeter
1852 4264 2057 4305 omnes

354 4339 533 4407 hujus
564 4336 767 4391 mundi
797 4337 1065 4392 homines
1096 4336 1354 4392 obtinere
1385 4336 1584 4391 debes.
1636 4336 1831 4392 Gloria
1878 4338 2056 4408 Patri,

357 4433 413 4483 et
446 4427 608 4495 Filio,
640 4430 696 4481 et
727 4425 968 4497 Spiritui
1000 4430 1219 4498 sancto,
1242 4427 1303 4482 in
1327 4426 1538 4482 saecula
1572 4430 1772 4482 Amen.

949 4608 1249 4665 HOMILIA
1279 4608 1462 4664 XLIX.

359 4703 479 4756 Non
524 4701 665 4753 satis
714 4704 793 4754 est
844 4698 1007 4770 hujus
1054 4700 1249 4755 saeculi
1306 4698 1531 4770 delicias
1588 4698 1896 4769 reliquisse,
1956 4702 2069 4756 nisi

465 4774 587 4840 quis
616 4772 852 4825 alterius
881 4769 1077 4828 δέχθαιΖὶ
1146 4769 1551 4826 beatitudinem
1582 4775 1960 4841 consequatur.

435 4926 496 4982 Si
528 4928 661 4997 quis
691 4943 960 5000 egressus
992 4944 1023 4984 ο
1053 4928 1323 4999 propriis,
1385 4928 1523 4984 huic
1574 4929 1795 4985 mundo
1854 4946 2068 4987 renun-

365 5018 571 5085 tiet,et
600 5016 827 5072 deliciis
883 5018 1058 5088 hujus
1116 5016 1333 5085 saeculi,
1386 5022 1511 5075 tum
1570 5019 2064 5090 possessionibus,

364 5112 491 5162 tum
524 5109 706 5175 patre,
756 5109 882 5161 tum
944 5110 1145 5170 matre,
1205 5108 1434 5163 Domini
1480 5109 1691 5180 gratia,
1738 5108 1954 5165 relictis
2010 5114 2068 5167 et

365 5197 597 5256 amotis,
648 5212 710 5252 se
745 5195 939 5266 ipsum
984 5196 1396 5268 crucifigendo,
1431 5198 1792 5268 peregrinus,
1846 5215 2069 5270 pauper

368 5292 424 5343 et
450 5301 667 5359 egenus
699 5286 824 5352 ﬁat;
860 5302 960 5357 pro
1018 5285 1210 5355 quiete
1267 5290 1461 5342 autem
1518 5287 1688 5356 hujus
1739 5288 1934 5343 saeculi
1980 5303 2067 5343 re-

370 5379 566 5449 quiem
624 5375 878 5431 divinam
924 5376 983 5429 in
1033 5390 1093 5431 se
1140 5374 1268 5445 ipso
1318 5392 1433 5432 nou
1494 5376 1784 5442 inveniat;
1836 5381 1893 5433 et
1967 5395 2069 5449 pro

370 5468 594 5523 deliciis
623 5469 1030 5538 temporaueis,
1062 5465 1299 5523 delicias
1356 5466 1612 5540 Spiritus
1655 5468 1713 5523 in
1747 5484 1852 5524 sua
1885 5469 2069 5538 ipsius

373 5557 572 5613 anima
634 5575 746 5613 non
807 5557 1064 5623 sentiat;
1105 5562 1161 5612 et
1220 5574 1322 5628 pro
1364 5556 1843 5627 corrUptibilibus
1892 5560 2068 5613 vesti-

373 5646 612 5715 mentis,
670 5647 1018 5704 vestimenta
1074 5646 1279 5703 divina:
1332 5644 1481 5701 lucis
1549 5660 1667 5701 non
1726 5643 1932 5699 induat
2010 5647 2067 5703 in

2101 582 2295 643 κακίας
2359 580 2680 643 ἐπίστευσας
2737 580 2841 634 ὑπὸ
2897 581 3137 653 Χριστοῦ
3213 578 3626 652 θεραπευθῆναι,
3689 572 3845 629 ἐπί-

2105 692 2284 733 στευες
2317 671 2376 726 ἄν
2420 671 2567 743 αὖτῷ
2610 669 2822 742 δυνατῷ
2872 670 2987 725 δντι
3040 669 3375 744 θεραπεύείνν
3408 668 3497 721 καὶ
3526 666 3592 721 τὰ
3647 665 3849 740 πρόσ-

2105 780 2267 833 καιρα
2325 764 2425 816 τοῦ
2482 761 2736 833 σώματος
2788 760 2935 830 πάθη
2995 760 3085 813 καὶ
3149 759 3458 830 νοσήματα,

3537 755 3628 811 καὶ
3683 754 3847 829 πρὸς

2110 849 2268 904 αὐτὸν
2323 848 2380 903 ἄν
2446 850 2609 922 μόνον
2672 850 2997 928 κατέφετνίες
3052 849 3330 923 ὑπερορῶν
3384 845 3640 921 ίάτρικῶν
3694 844 3848 900 ἐπι-

2110 934 2488 1011 τηδευμάτων,
2537 936 2628 992 καὶ
2683 939 3005 1013 θεραπειῶν,
3057 939 3119 993 Ὀ
3166 934 3269 1012 γὰρ
3315 937 3413 1004 τήν
3463 935 3650 1009 ψυχὴν
3696 934 3844 988 κτί-

2115 1049 2231 1097 σας,
2280 1028 2438 1090 αὐτὸς
2491 1027 2580 1082 καὶ
2621 1028 2682 1082 τὸ
2732 1032 2893 1100 σῶμα
2939 1025 3206 1096 πεποίηκε
3232 1043 3245 1058 ’
3280 1024 3370 1080 καὶ
3403 1025 3429 1079 6
3462 1022 3673 1095 ἐκείνην
3719 1024 3841 1091 τὴν

2117 1116 2375 1173 ἀθένατον
2437 1118 2697 1191 ἱώμενος,
2750 1117 2912 1178 αὐτὸς
2957 1116 3020 1171 16
3079 1120 3240 1188 σῶμα
3288 1111 3509 1169 δύναται
3560 1113 3664 1168 ἀπὸ
3713 1117 3842 1167 τῶν

2119 1207 2461 1283 προσκαίρων
2493 1210 2673 1262 παθῶν
2716 1208 2805 1261 καὶ
2836 1206 3163 1279 νοσημάτων
3198 1207 3545 1281 θεραπεῦσαι.

2335 1294 2510 1354 Ἀλλά
2567 1298 2784 1359 πάντως
2845 1298 2983 1371 ἐρεῖς
3046 1317 3139 1369 μοι
3198 1300 3370 1350 ταῦτα
3406 1314 3419 1328 ·
3469 1298 3554 1366 Τῷ
3612 1294 3843 1367 σώματι

2120 1384 2314 1442 ἔδωκεν
2376 1389 2403 1441 6
2468 1388 2597 1449 Θεὸς
2657 1387 2731 1446 εἰς
2791 1387 3103 1461 θεραπείαν,
3159 1385 3257 1449 τάς
3322 1404 3379 1439 τε
3440 1385 3671 1460 βοτάνας
3724 1391 3846 1454 τῆς

2123 1484 2247 1554 γῆς,
2314 1477 2404 1530 καὶ
2469 1477 2536 1529 τὰ
2601 1477 2880 1555 φάρμακα,
2948 1476 3039 1529 κάῖ
3107 1475 3304 1548 ἰατρῶν
3401 1470 3843 1544 ἐπιτηδεύματα,

2124 1566 2259 1638 πρὸς
2316 1566 2382 1620 τὰ
2439 1568 2533 1619 τοῦ
2592 1568 2845 1637 σώματος
2911 1564 3053 1635 πάθη
3124 1561 3536 1639 προευτρὲπισε,
3595 1564 3657 1617 16
3723 1562 3848 1617 ἀπὸ

2125 1664 2227 1731 γῆς
2295 1655 2354 1709 ὃν
2422 1659 2581 1728 σῶμα
2658 1654 3042 1730 θεραπεύεσθαι
3137 1654 3530 1727 οἰκονομήσας,
3602 1652 3659 1708 ἐκ
3722 1657 3846 1707 τῶν

2126 1752 2226 1814 τῆς
2302 1750 2408 1820 γῆς
2495 1743 2768 1820 διαφόρων
2844 1742 3027 1803 είδῶν.
3098 1745 3366 1823 Σῦμφημι
3441 1743 3593 1819 κάγὼ
3667 1748 3849 1798 ταῦτα

2592 1834 2737 1892 ἀλλὰ
2775 1834 3037 1911 πρόσεχε,
3088 1836 3179 1891 καὶ
3227 1836 3409 1912 γνώσῃ
3456 1834 3549 1890 τὸν
3600 1839 3847 1908 προπον,

2136 1926 2244 1980 τίσι
2302 1930 2466 1981 ταῦτα
2526 1923 2763 1996 δέδοται,
2819 1924 2909 1980 καὶ
2978 1924 3115 1979 τίσιν
3186 1925 3541 1997 ᾠκονόμησεν
3602 1926 3629 1978 6
3689 1925 3847 1991 Θεὸς,

2138 2017 2272 2069 κατά
2311 2014 2527 2082 πολλὴν
2580 2015 2667 2069 καὶ
2726 2016 2944 2087 ἄπειρον
2997 2012 3408 2093 φιλανθρωπίαν
3460 2014 3552 2068 καὶ
3600 2014 3857 2089 χρηστό-

2139 2124 2295 2173 τητα.
2348 2105 2618 2160 Ἐκπεσὼν
2672 2105 2699 2157 6
2748 2104 3033 2179 ἄνθρωπος
3082 2104 3187 2158 ἀπὸ
3234 2111 3333 2172 τῆς
3382 2101 3611 2171 ἐντολῆς
3660 2107 3727 2172 ῆς
3771 2103 3855 2157 εἰ·

2144 2188 2349 2269 λῆφει,
2387 2194 2474 2248 καὶ
2538 2194 2639 2248 ὑπὸ
2696 2195 2794 2261 τὴν
2858 2193 3125 2271 ἀπόιρασιν
3197 2192 3363 2268 ὀργῆς
3421 2194 3689 2269 γεγονὼς,
3756 2192 3852 2246 καὶ

2147 2284 2327 2359 ὥσπερ
2388 2285 2463 2344 εἰς
2526 2283 2909 2357 αἰχμαλωσίαν
2996 2283 3088 2338 καὶ
3158 2282 3399 2356 ἀτιμίαν,
3459 2284 3493 2353 ἤ
3572 2281 3853 2355 μετάλλου

2146 2376 2293 2437 τινὸς
2328 2375 2596 2449 ἐργασίαν,
2630 2374 2689 2429 ἐκ
2718 2378 2816 2443 τῆς
2858 2382 3067 2452 τρυφῆς
3116 2378 3212 2429 106
3261 2372 3589 2447 παραδείσου
3639 2374 3713 2435 εἰς
3759 2373 3856 2428 τὸν

2148 2466 2353 2536 κόσμον
2409 2469 2601 2519 τοῦτον
2659 2462 2971 2538 ἐξορισθεῖς,
3025 2464 3111 2519 καὶ
3165 2464 3267 2517 ὑπὸ
3318 2464 3415 2530 τὴν
3468 2460 3707 2534 ἐξουσίαν
3755 2467 3856 2517 106

2153 2555 2376 2617 σκότους
2435 2552 2692 2627 γεγονὼς,
2748 2553 2838 2607 καὶ
2896 2550 3118 2615 ἄπιστος
3160 2556 3265 2606 τῶν
3318 2552 3503 2606 παθῶν
3560 2554 3854 2621 κακαστάς,

2154 2645 2257 2698 ὑπὸ
2300 2644 2367 2698 τὰ
2418 2643 2561 2711 παθη
2616 2640 2831 2710 λοιπὸν,
2889 2642 2979 2695 καὶ
3036 2641 3101 2695 τὰ
3158 2642 3443 2713 νοσήματα
3496 2648 3597 2709 τῆς
3656 2642 3853 2715 σαρκὸς

2151 2732 2449 2800 πέπτωκεν,
2498 2732 2525 2785 ὁ
2557 2731 2689 2804 πρὶν
2741 2730 2978 2801 ἀπαθὴς,
3029 2730 3117 2783 καὶ
3164 2729 3380 2791 ἂνοσος.
3435 2729 3611 2798 Δῆλον
3660 2728 3715 2784 δὲ
3763 2732 3846 2783 ὅτι

2150 2822 2240 2875 καὶ
2273 2821 2463 2880 πάντες
2498 2820 2550 2872 οἱ
2600 2819 2649 2890 ἐξ
2712 2819 2877 2872 αὐτοῦ
2935 2817 3283 2895 γεννηθέντες
3338 2823 3453 2880 τοῖς
3510 2818 3690 2879 αὐτοῖς
3739 2818 3846 2873 πά-

2154 2912 2296 2964 θεσιν
2343 2908 2816 2965 ὑποπεπτώκασιν.

2227 2996 2323 3071 ς’.
2393 2997 2729 3072 ’ῼκονόμησε
2794 2994 2971 3051 τοίνυν
3035 3000 3202 3051 ταῦτα
3268 3001 3385 3057 τοῖς
3458 2993 3695 3051 ἀσθενέσι
3757 2996 3847 3049 καὶ

2156 3087 2406 3149 ἀπίστοις
2454 3088 2481 3141 6
2532 3086 2681 3154 Θεὸς,
2736 3086 2812 3159 μή
2864 3084 3158 3160 βουληθεὶς
3208 3085 3489 3147 παντελῶς
3536 3084 3848 3161 ἐξολοθρεῦ-

2158 3197 2244 3231 σαι
2275 3177 2336 3229 τὸ
2376 3174 2705 3250 ἁμαρτωλὸν
2760 3178 2867 3228 τῶν
2929 3175 3224 3248 ἀνθρώπων
3281 3177 3433 3249 γένος
3493 3173 3579 3229 διὰ
3637 3173 3853 3241 πολλήν

2160 3264 2537 3339 χρηστότητα.
2572 3263 2723 3319 Ἀλλ’
2775 3259 2973 3317 ἔδωκεν
3030 3263 3105 3325 είς
3156 3262 3521 3343 ψυχαγωγίαν
3582 3265 3672 3317 καὶ
3715 3265 3861 3339 θερα.

2156 3353 2308 3408 πείαν
2354 3355 2442 3408 καὶ
2494 3351 2810 3425 ἐπιμέλειαν
2861 3355 2956 3406 106
3008 3352 3262 3425 σώματος
3320 3352 3384 3407 τὰ
3433 3354 3693 3431 φάρμακα
3741 3358 3858 3415 τοῖς

2158 3446 2253 3496 106
2282 3443 2494 3515 κόσμου
2543 3441 2871 3515 ἀνθρώποις,
2929 3441 3019 3494 καὶ
3072 3445 3188 3503 τοῖς
3237 3438 3338 3511 ἔξω
3388 3447 3560 3496 πᾶσι·
3593 3442 3859 3503 κάκείνοις

2158 3533 2505 3609 συνεχώρησε
2563 3530 2788 3595 τούτους
2849 3532 3081 3605 χρᾶσθαι
3137 3532 3265 3593 τοὺς
3313 3535 3392 3603 τῷ
3467 3537 3584 3604 Θεῷ
3632 3529 3852 3605 μηδέπω

2160 3618 2484 3693 δυναμένους
2550 3620 2601 3690 ἐξ
2668 3620 2802 3675 ὅλου
2872 3620 3093 3683 ἑαυτοὺς
3157 3619 3523 3693 ἐμπιστεύειν.
3583 3621 3654 3676 Σὺ
3712 3619 3765 3675 δὲ
3822 3623 3849 3676 6

2162 3715 2435 3782 μονάζων,
2470 3712 2497 3765 6
2546 3709 2976 3784 προσεληλυθὼς
3027 3715 3106 3782 τῷ
3154 3716 3372 3785 Χριστῷ
3418 3711 3508 3766 καὶ
3559 3712 3674 3774 υίὸς
3722 3716 3850 3767 Θεοῦ

2162 3800 2499 3874 βουλόμενος
2552 3801 2705 3869 εἶναι,
2765 3799 2856 3854 καὶ
2915 3797 3111 3854 ἄνωθεν
3170 3800 3229 3855 ἐκ
3296 3802 3608 3873 Πνεύματος
3666 3822 3851 3876 γεννη-

2162 3891 2339 3959 θῆναι,
2398 3890 2486 3944 καὶ
2553 3890 2821 3963 ἀνωτὲρας
2886 3891 2975 3943 καὶ
3047 3890 3265 3962 μείζους
3324 3894 3420 3944 106
3484 3892 3705 3964 πρώτου
3766 3892 3852 3945 καὶ

2161 3978 2401 4041 ἀπαθοῦς
2471 3980 2765 4053 ἄυθρώπου
2839 3976 3167 4055 ἐπαγγελίας
3276 3976 3660 4055 ἐκδεχόμενος,
3759 3982 3853 4048 τήν

2164 4065 2407 4123 εὐδοκίαν
2475 4075 2575 4136 τῆς
2633 4071 2731 4122 166
2783 4068 2983 4142 Κυρίου
3043 4065 3362 4141 ἐπιδημίας,
3422 4070 3510 4123 καὶ
3580 4068 3721 4139 ξένος
3764 4074 3853 4124 106

2164 4157 2375 4230 κόσμου
2448 4160 2711 4233 γεγονῶς,
2772 4155 3084 4232 καινοτέραν
3136 4158 3257 4211 τινὰ
3312 4158 3402 4211 καὶ
3461 4158 3613 4228 ξένην
3662 4158 3851 4227 πίστιν,

2166 4246 2257 4301 καὶ
2318 4242 2541 4315 ἔννοιαν,
2597 4247 2687 4300 καὶ
2754 4245 3037 4301 πολιτείαν
3102 4248 3248 4320 παρὰ
3314 4246 3513 4310 πάντας
3573 4249 3705 4309 τοὺς
3764 4252 3853 4301 τοῦ

2167 4334 2377 4409 κόσμου
2440 4338 2757 4411 ἀνθρώπους
2840 4337 3132 4404 κεκτῆσθαι
3191 4335 3452 4410 ὀφείλεις.
3517 4336 3650 4407 Δόξα
3697 4338 3849 4410 Πατρέ

2168 4427 2257 4482 καὶ
2323 4427 2455 4498 Υἱῷ,
2532 4428 2623 4480 καὶ
2690 4426 2832 4513 ἁγίῳ
2900 4425 3196 4500 Πνεόματι,
3282 4426 3358 4490 εἷς
3441 4427 3567 4489 τοὺς
3646 4427 3844 4487 αἰῶνας.

2170 4515 2223 4573 Ἀ
2236 4518 2364 4588 μήν.

2805 4612 2899 4660 ΟΜ
2909 4607 3047 4661 ῘΛῙΑ
3087 4612 3182 4660 ΜΘ
3205 4648 3217 4663 .

2173 4697 2288 4785 Οὐκ
2326 4696 2716 4785 ἐπαρκεῖζὶτῆς
2747 4702 2981 4785 ,τρυφῆς
3023 4694 3221 4751 τούτου
3255 4695 3638 4785 ’τοῦωκρσμου
3693 4692 3847 4783 ἀπαλ-

2247 4766 2510 4895 tusis?
2550 4766 2638 4821 ἐὰν
2684 4768 2759 4840 μή
2799 4766 2888 4827 τις
2923 4769 3020 4836 τήν
3063 4766 3330 4842 μακαρίαν
3376 4766 3554 4823 ἄλλου
3601 4772 3700 4823 106
3749 4766 3853 4820 κόσ-

2247 4860 2355 4895 μου
2427 4861 2456 4893 α
2499 4862 2559 4895 η.

2246 4860 2355 4911 μου
2390 4860 2532 4913 Λαοῃ
2547 4883 2559 4895 .

2248 4929 2328 4984 Α’.
2372 4928 2496 4984 Ἐάν
2548 4948 2631 4990 τις
2680 4924 2908 4997 ἐξελθὼν
2957 4931 3067 4983 τῶν
3114 4924 3288 5001 ἰδίων,
3336 4928 3426 4983 καὶ
3473 4927 3857 5001 ἀποταξάμενος

2173 5023 2254 5091 τῷ
2284 5016 2477 5091 κόσμῳ
2521 5019 2722 5090 τούτῳ,
2769 5018 2861 5072 καὶ
2903 5025 3003 5088 τῆς
3042 5025 3252 5095 τρυφῆς
3297 5023 3395 5074 τοῦ
3443 5018 3655 5092 κόσμου
3701 5017 3855 5075 ἀπαλ-

2177 5108 2386 5186 λαγεὶς,
2426 5110 2516 5164 καὶ
2565 5111 2882 5182 κτημάτων,
2935 5109 3025 5164 καὶ
3082 5110 3311 5185 πατρὸς,
3359 5110 3450 5165 καὶ
3493 5111 3724 5184 μητρὸς,
3766 5106 3857 5163 ’ἐνε-

2176 5219 2263 5254 κεν
2321 5202 2418 5253 τοῦ
2478 5200 2699 5272 Κυρίου,
2757 5198 2847 5254 καὶ
2915 5198 3102 5253 ἑαυτὸν
3158 5199 3497 5273 σταυρώσας,
3571 5200 3713 5272 ξένος
3774 5199 3851 5253 καὶ

2176 5285 2365 5357 πένης,
2406 5288 2494 5342 καὶ
2535 5284 2721 5355 ἐνδεὴς
2772 5289 3015 5363 γένηται,
3072 5287 3192 5344 ἀντὶ
3258 5286 3314 5343 δὲ
3366 5294 3467 5357 τῆς
3520 5288 3850 5350 ἀναπαύσεως

2175 5382 2272 5432 106
2318 5378 2530 5449 κόσμου
2590 5376 2883 5433 ἀνάπαυσιν
2952 5379 3161 5447 θεϊκήν,
3229 5376 3280 5431 ἐν
3350 5378 3524 5449 ἑαυτῷ
3591 5379 3666 5449 μὴ
3727 5374 3854 5451 εὕρῃ,

2178 5468 2268 5522 καὶ
2317 5468 2435 5524 ἀντὶ
2484 5474 2583 5535 τῆς
2638 5465 2978 5542 προσκαίρου
3029 5474 3257 5543 τρυφῆς,
3309 5468 3516 5546 τρυφὴν
3568 5470 3856 5540 Πνεόματος

2179 5556 2254 5617 εἷς
2311 5557 2409 5624 τήν
2466 5557 2659 5611 ἑαυτοῦ
2733 5557 2917 5630 ψυχὴν
2981 5557 3057 5628 μὴ
3113 5554 3389 5627 αἴσθηται,
3444 5557 3533 5611 καὶ
3602 5557 3711 5611 ἀντί
3758 5562 3848 5611 τῶν

2180 5647 2429 5721 φθαρτῶν
2497 5643 2831 5719 ἐνδυματων,
2904 5642 3176 5720 ἐνδύματα
3250 5646 3432 5725 φωτὸς
3482 5646 3742 5718 θεότητος
3790 5648 3854 5720 μὴ
