4130 6286
319 356 438 419 815

1669 351 1733 414 S.
1782 347 2106 414 MAGABII
2147 346 2491 412 IEGYP'I‘II

3732 349 3910 413 816

312 500 497 552 totum
551 492 682 551 vita
721 491 1082 550 curriculum
1123 497 1363 566 propter
1412 496 1578 550 tanta
1637 493 1809 557 bona,
1851 487 2021 560 quid-

2163 505 2231 539 ἀν
2283 483 2426 559 ὥραν
2469 482 2521 538 ἐν
2572 481 2689 556 ὅλῳ
2734 486 2815 555 τῷ
2861 482 2965 559 βίῳ
3026 479 3114 538 διὰ
3171 480 3481 554 τηλικαῦτα
3540 481 3749 559 ἀγαθὰ,
3827 478 3913 539 τί

314 602 449 642 nam
478 586 587 642 hoc
636 584 837 640 esset?
866 583 910 639 Ο
961 583 1313 640 inetl'abilem
1376 581 1827 639 misericordiam
1885 576 2023 633 Dei!

315 677 411 747 qui
452 676 635 747 gratis
685 691 747 730 se
792 675 986 744 ipsum
1045 674 1292 744 largitur
1340 672 1737 739 credentibus,
1786 684 1848 725 se
1893 671 2026 739 post

316 765 585 834 exiguum
630 768 863 834 tempus
919 766 1096 816 Deum
1148 761 1512 816 hereditario
1544 762 1679 829 jure
1720 773 2024 829 possessu-

318 868 433 919 ros,
467 857 523 907 et
553 852 733 907 Deum
788 850 1189 906 habitatorum
1239 851 1299 905 in
1368 864 1607 919 corpore
1662 846 1944 911 hominis,
1975 852 2029 899 et

320 941 661 997 habiturum
696 940 1000 995 Dominum
1036 941 1362 1010 speciosam
1402 941 1670 1004 domum,
1707 937 2026 992 hominem.

320 1030 483 1085 Sicut
526 1030 680 1085 enim
732 1029 886 1084 Deus
943 1028 1150 1083 ccelum
1182 1034 1239 1082 et
1295 1034 1507 1083 terram
1577 1026 1814 1092 creavit,
1849 1028 1915 1079 ut
1968 1023 2027 1077 in

323 1118 394 1172 iis
418 1117 637 1173 habitet
685 1117 995 1182 Dominus,
1028 1120 1112 1173 sic
1160 1133 1390 1189 quoque
1426 1131 1640 1181 corpus
1687 1119 1743 1170 et
1771 1114 2028 1168 animam

322 1208 579 1263 hominis
619 1206 833 1261 creavit
881 1206 938 1260 in
989 1206 1352 1261 domicilium
1407 1221 1603 1271 suum,
1637 1208 1697 1259 ut
1740 1202 2033 1258 inhabitet

320 1306 372 1351 et
414 1298 739 1366 requiescat
786 1296 845 1350 in
904 1310 1162 1364 corpore,
1195 1294 1353 1349 velut
1410 1295 1467 1347 in
1517 1296 1686 1348 domo
1737 1309 1845 1348 sua
1877 1309 1890 1347 :
1925 1292 2030 1346 ha-

323 1386 467 1441 bens
527 1399 803 1453 sponsam
870 1382 1218 1454 speciosam,
1277 1382 1547 1437 dilectam
1617 1380 1899 1446 animam,
1957 1379 2029 1433 ad

324 1472 639 1542 imaginem
672 1488 839 1527 suam
869 1471 1186 1527 conditam.
1220 1470 1491 1538 Despondi
1517 1471 1666 1525 enim
1695 1484 1807 1533 vos,
1841 1468 2036 1539 inquit

322 1560 653 1631 Apostolus,
712 1564 813 1614 uni
850 1559 969 1614 viro
1012 1561 1286 1627 virginem
1327 1567 1531 1613 castam
1571 1558 1827 1627 exhibere
1867 1556 2034 1612 Chri—

325 1658 406 1705 sto
448 1650 513 1705 ιτ.
547 1650 616 1703 Et
646 1649 858 1704 iterum
886 1665 899 1703 :
934 1649 1104 1718 Cujus
1138 1648 1330 1704 domus
1376 1663 1562 1702 sumus
1592 1662 1691 1701 nos
1723 1646 1787 1704 η.
1821 1648 2034 1712 Quem-

326 1740 642 1794 admodum
685 1738 837 1793 enim
872 1738 959 1791 vir
1007 1739 1063 1792 in
1097 1736 1270 1792 domo
1300 1753 1408 1791 sua
1448 1751 1677 1791 summa
1709 1734 2032 1806 diligentia,

2134 576 2296 628 τοῦτο
2327 573 2436 642 ἦνς
2472 569 2517 625 ὥ
2556 578 2656 641 τῆς
2698 570 2939 647 ἀρῥήτου
2969 570 3381 648 εὐσπλαγχνίας
3426 575 3523 628 τοῦ
3555 576 3719 641 Θεοῦ,
3783 573 3903 627 ὅτι

2137 659 2340 736 δωρεὰν
2402 662 2587 715 ἑαυτὸν
2645 660 2927 739 χαρίζεται
2974 666 3092 723 τοῖς
3167 662 3532 731 πιστεύουσιν,
3572 660 3622 716 ἐν
3669 660 3899 737 ὀλίγῳ

2134 750 2312 824 καίρῷ
2352 751 2481 805 Θεὸν
2528 748 2975 824 κληρονομῆσαι,
3022 751 3112 806 καί
3160 752 3288 807 Θεὸν
3348 751 3567 816 οἰκῆσαι
3624 750 3679 806 ἒν
3743 752 3907 805 σώ-

2140 862 2269 913 ματι
2330 842 2636 915 ἀνθρώπου,
2686 842 2777 895 καὶ
2824 836 2970 916 ἔχειν
3047 842 3138 896 τὸν
3191 841 3384 916 Κύριον
3449 840 3623 896 οἰκίαν
3672 841 3904 911 καλήν

2137 932 2232 987 τὸν
2284 930 2584 1002 ἄνθρωπον.
2642 933 2845 1005 Ὥσπερ
2898 931 3002 1009 γὰρ
3059 934 3087 986 6
3146 934 3273 994 Θεὸς
3332 932 3424 987 τὸν
3485 932 3720 1005 οὐρανὸν
3774 930 3894 987 καὶ

2136 1022 2239 1089 τὴν
2286 1027 2380 1095 γῆν
2448 1016 2650 1075 ἔκτισεν
2719 1019 2795 1082 εἰς
2862 1021 2924 1076 τὸ
2991 1028 3313 1091 κατοικῆσαι
3375 1022 3469 1076 τὸν
3534 1022 3885 1096 ἄνθρωπον,

2141 1109 2313 1171 οὕτως
2365 1109 2455 1164 καί
2500 1111 2563 1165 τὸ
2621 1108 2783 1183 σῶμα
2836 1114 2926 1165 καί
2983 1112 3081 1180 τὴν
3139 1113 3324 1185 ψυχὴν
3395 1114 3492 1166 τοῦ
3560 1110 3884 1186 ἀνθρώπων

2142 1196 2346 1255 ἔκτισεν
2384 1198 2462 1262 εἰς
2511 1197 2650 1254 ἰδίαν
2704 1199 2904 1270 οἰκίαν,
2970 1199 3046 1261 εἰς
3106 1199 3169 1255 τὸ
3235 1199 3512 1270 ἐνοικῆσαι
3568 1200 3660 1255 καὶ
3720 1200 3890 1255 ἀνά-

2141 1296 2368 1358 παῆναι,
2400 1291 2475 1353 ὡς
2522 1288 2573 1345 ἐν
2631 1287 2755 1363 ἰδίῳ
2804 1289 2965 1363 οἴκῳ,
3012 1295 3093 1363 τῷ
3143 1295 3381 1364 σῶματι,
3432 1289 3576 1366 ἔχων
3625 1291 3881 1368 νύμφην

2140 1376 2315 1445 καλήν
2371 1378 2472 1445 τὴν
2531 1376 2790 1451 ἐράσμιον
2847 1380 3057 1453 ψυχὴν,
3115 1380 3215 1448 τήν
3272 1384 3396 1434 κατ’
3453 1379 3632 1433 εἰκόνα
3691 1378 3892 1433 αὐτοῦ

2140 1465 2518 1537 πεποιημένην
2554 1485 2567 1498 ·
2612 1468 2978 1541 Ἥρμοσάμην
3049 1467 3153 1543 γὰρ
3198 1467 3360 1540 ὑμᾶς,
3410 1466 3572 1544 φησὶν
3620 1467 3648 1521 6
3700 1466 3895 1522 Ἀπό-

2144 1554 2362 1623 στολος,
2458 1553 2535 1608 ἐνὶ
2626 1552 2805 1630 ἀνδρὶ,
2898 1555 3161 1631 παρθένον
3253 1557 3420 1632 ἀγνὴν
3511 1562 3885 1630 παραστῆσαι

2142 1648 2221 1715 τῷ
2290 1648 2531 1717 Χριστῷ.
2612 1643 2711 1698 Καὶ
2778 1642 2964 1714 πᾶλιν,
3040 1645 3114 1698 Οὔ
3192 1644 3339 1705 οἰκός
3431 1643 3590 1718 ἐσμεν
3669 1645 3881 1717 ἡμεῖς,

2143 1734 2347 1806 ’Ὠσπερ
2391 1735 2492 1808 γὰρ
2526 1734 2554 1788 6
2604 1734 2741 1809 ἀνὴρ
2792 1733 2842 1788 ἐν
2892 1738 2971 1806 τῷ
3019 1733 3154 1807 οἷ’κῳ
3202 1734 3367 1789 αὐτοῦ
3423 1734 3558 1807 μετᾶ
3607 1731 3876 1801 σπουδῆς

324 1827 517 1883 omnis
549 1826 780 1897 generis
803 1827 954 1880 bona
999 1826 1057 1881 in
1108 1825 1451 1880 thesaurum
1501 1824 1740 1892 colligit,
1772 1826 1856 1878 sic
1887 1839 2031 1893 quo-

2163 1822 2312 1877 τάντα
2352 1821 2418 1875 τὰ
2467 1822 2638 1895 ἀγαθὰ
2694 1821 3121 1898 ἀποθησαυρίζει
3156 1820 3333 1878 ὀὕτω
3381 1823 3470 1878 καί
3512 1824 3540 1877 6
3572 1824 3778 1896 Κύριος
3816 1821 3876 1875 ἐν

326 1932 438 1985 que
486 1915 770 1970 Dominus
822 1914 879 1968 in
923 1913 1160 1968 domum
1193 1930 1382 1981 suam,
1417 1914 1677 1968 animam
1711 1916 1768 1967 et
1798 1927 2031 1983 corpus,

325 2004 549 2075 reponit
574 2008 631 2059 et
692 2003 909 2074 colligit
947 2002 1177 2057 divitias
1227 2003 1484 2074 Spiritus
1526 2001 1809 2058 caelestes.
1843 2001 2042 2072 Neque

323 2108 458 2148 vero
530 2091 821 2163 sapientes
915 2091 1204 2161 sapientia
1287 2108 1419 2159 sua,
1482 2106 1669 2161 neque
1728 2091 2041 2160 prudentes

336 2183 649 2253 prudentia
696 2198 805 2237 sua
852 2186 1167 2252 potuerunt
1208 2180 1417 2236 animai
1464 2179 1850 2235 subtilitatem
1882 2196 2043 2235 com-

341 2271 716 2342 prehendere,
750 2277 852 2326 aut
898 2272 969 2326 de
1017 2270 1117 2324 illa
1165 2270 1375 2335 dicere,
1409 2286 1525 2341 quo
1575 2274 1742 2340 pacto
1774 2285 1834 2324 se
1864 2268 2041 2325 babe-

343 2364 449 2425 ret,
486 2360 593 2414 nisi
651 2359 839 2415 solum
892 2360 953 2424 ii,
1013 2359 1227 2430 quibus
1274 2376 1376 2430 per
1442 2358 1718 2428 Spiritum
1776 2367 2042 2413 sanctum

340 2448 632 2504 revelatur
686 2449 1146 2520 comprehensio,
1180 2454 1237 2503 et
1282 2454 1482 2504 exacta
1531 2448 1741 2503 animas
1793 2447 2044 2519 cognitio

345 2540 711 2607 perspicitur.
763 2536 1040 2592 Craterum
1104 2538 1196 2592 hic
1279 2537 1692 2605 contemplare,
1729 2537 2043 2592 discernito

342 2636 395 2680 et
427 2627 706 2697 intelligo,
757 2643 869 2696 quo
910 2632 1095 2696 pacto,
1128 2626 1303 2681 audi:
1338 2628 1431 2681 hic
1476 2630 1627 2682 Deus
1658 2632 1769 2694 est,
1801 2626 1901 2681 illa
1928 2643 2042 2681 non

340 2720 430 2770 est
486 2716 675 2783 Deus;
704 2714 797 2769 hic
828 2714 1128 2780 Dominus,
1164 2715 1263 2769 illa
1310 2714 1522 2769 ancilla
1556 2730 1570 2781 ;
1625 2715 1719 2770 hic
1788 2714 2043 2781 Creator,

342 2805 443 2859 illa
473 2811 775 2871 creatura;
808 2803 903 2858 hic
933 2805 1144 2875 opifex,
1176 2804 1278 2860 illa
1301 2804 1662 2875 ﬁgmentum.
1699 2803 1853 2858 Nihil
1888 2820 2045 2860 com-

341 2910 518 2948 mune
574 2894 722 2949 inter
776 2894 956 2963 hujus
1009 2898 1066 2948 et
1122 2892 1281 2948 illius
1341 2903 1610 2948 naturam
1670 2897 1779 2949 est.
1829 2897 1899 2949 At
1947 2910 2047 2964 per

337 2983 653 3048 infinitam,
686 2982 1040 3037 ineffabilem
1102 2987 1159 3037 et
1208 2982 1864 3052 incomprehensibilem
1900 2982 2045 3037 dile-

337 3074 589 3127 ctionem
657 3078 713 3127 et
754 3071 1211 3126 misericordiam
1252 3075 1381 3141 ejus
1435 3070 1653 3142 placuit
1702 3070 1809 3137 illi,
1844 3071 1903 3126 in
1937 3071 2045 3126 hoc

333 3162 463 3233 ipso
498 3162 775 3234 ﬁgmento
824 3166 881 3216 et
927 3170 1188 3216 creatura
1235 3160 1633 3227 intellectuali,
1685 3160 1940 3231 pretiosa
1988 3165 2046 3215 et

336 3252 518 3306 electa
558 3251 904 3315 inhabitare,
947 3253 1013 3305 ut
1077 3250 1160 3305 ait
1220 3250 1537 3321 Scriptura,
1592 3250 1657 3305 Ut
1722 3250 1897 3304 simus
1948 3265 2045 3304 nos

337 3340 569 3395 initium
615 3338 841 3409 aliquod
888 3341 1276 3393 creaturarum
1321 3340 1443 3408 ejus
1474 3336 1542 3406 ιθ,
1582 3337 1641 3393 in
1694 3338 2044 3409 sapientiam

336 3433 394 3483 et
422 3426 759 3482 societatem
799 3428 949 3497 ejus,
983 3427 1040 3481 in
1100 3428 1399 3498 proprium
1451 3430 1576 3498 ejus
1625 3427 2045 3496 habitaculum,

336 3518 395 3572 in
422 3517 710 3588 propriam
742 3533 809 3571 ao
840 3517 1114 3572 mundam
1138 3534 1435 3588 sponsam.

409 3606 476 3660 V.
510 3606 711 3660 Tantis
744 3606 919 3676 igitur
963 3604 1129 3659 bonis
1179 3606 1512 3675 propositis,
1550 3607 1728 3663 tantis
1790 3608 2049 3677 promis-

340 3693 603 3750 sionibus
664 3692 851 3756 factis,
910 3695 1190 3761 tantaque
1267 3692 1623 3763 benignitate
1702 3711 1734 3749 a
1800 3694 2047 3749 Domino

340 3780 511 3837 nobis
558 3781 833 3847 exhibita,
866 3796 936 3835 ne
983 3786 1442 3847 contemnamus,
1473 3798 1506 3837 ο
1555 3781 1682 3851 ﬁlii,
1729 3798 1869 3839 neve
1912 3799 2049 3838 cun-

340 3879 567 3928 ctemur
606 3873 675 3927 ad
717 3874 890 3927 vitam
951 3877 1227 3927 aeternam
1288 3872 1688 3943 proﬁcisci,et
1738 3891 1842 3929 nos
1894 3874 2048 3945 ipsos

339 3962 571 4032 penitus
626 3961 863 4017 Domini
938 3961 1297 4032 beneplacito
1364 3962 1607 4018 tradere.
1660 3962 2049 4019 Obsecremus

347 4050 503 4108 156
535 4067 667 4121 ergo
721 4051 1056 4117 Dominum,
1099 4056 1164 4106 ut
1223 4068 1330 4107 sua
1371 4051 1567 4107 divina
1597 4052 1811 4109 virtute
1844 4053 2051 4109 liberet

342 4158 448 4197 nos
478 4158 508 4196 e
538 4157 765 4196 carcere
811 4141 1180 4197 tenebrarum
1232 4140 1753 4212 ignominiosarum
1794 4143 2048 4198 affectio-

342 4247 507 4298 num,
540 4234 595 4287 et
666 4230 974 4301 imaginem
1008 4245 1175 4286 suam
1206 4236 1263 4285 et
1285 4229 1625 4297 ﬁgmentum
1650 4232 1923 4299 vindicet,
1984 4247 2051 4287 ac

343 4321 709 4391 splendidum
780 4320 999 4385 reddat,
1070 4321 1285 4374 salvam
1344 4328 1397 4376 et
1465 4337 1671 4393 puram
1742 4321 2054 4377 constituat

343 4408 641 4475 animam;
674 4411 732 4462 et
779 4411 842 4460 ut
886 4407 993 4462 hac
1040 4408 1264 4463 ratione
1307 4408 1466 4480 digni
1525 4408 1845 4465 babeamur
1877 4410 2054 4465 socie-

344 4502 463 4552 tate
494 4496 765 4567 Spiritus,
796 4496 1155 4567 gloriﬁantes
1211 4496 1460 4565 Patrem,
1495 4497 1709 4554 Filium
1770 4505 1827 4557 et
1874 4498 2053 4571 Spiri—

345 4592 473 4644 tum
507 4592 796 4655 sanctum,
830 4586 890 4642 in
922 4588 1153 4643 saecula.
1187 4588 1391 4645 Amen.

994 4855 1298 4912 HOMILIA
1338 4855 1402 4912 L.

489 4949 630 5003 Dem
659 4952 741 5001 est
770 4947 865 5016 qui
882 4961 981 5018 per
1008 4950 1224 5029 sancto:
1252 4960 1375 5071 ερας
1404 4954 1455 5001 et
1479 4950 1768 5003 creatura:
1798 4940 1915 5001 edit

1064 5033 1272 5071 miracu
1303 5033 1356 5071 α.

1064 5033 1356 5072 ηιινασαια.

426 5108 472 5163 Ι.
505 5106 664 5174 Quis,
689 5106 787 5178 qui
816 5104 1023 5161 clausit
1046 5111 1244 5178 portas
1260 5104 1536 5162 cmlorum
1558 5106 1585 5161 ?
1614 5106 1790 5175 Elias,
1811 5124 1882 5163 an
1908 5111 2060 5163 Deus

356 5202 477 5256 erat
542 5197 600 5251 in
650 5212 739 5262 eo,
781 5197 877 5269 qui
928 5195 1251 5264 imperabat
1300 5195 1474 5250 etiam
1536 5194 1741 5266 pluvia)
1770 5195 1872 5250 ὀἳ
1922 5204 2060 5268 puto

354 5305 510 5355 eum,
544 5285 643 5359 qui
690 5290 1032 5358 potestalem
1074 5285 1247 5340 habet
1286 5286 1345 5341 in
1394 5284 1628 5353 coelum,
1661 5284 1944 5341 insedisse
2000 5285 2059 5340 in

355 5380 543 5434 animo
598 5375 782 5443 illius,
845 5375 1205 5445 verbumque
1275 5372 1373 5429 Dei
1432 5388 1535 5445 per
1598 5370 1864 5443 linguam
1932 5372 2061 5444 ejus

356 5467 740 5537 prohibuisse,
773 5479 844 5520 ne
872 5464 1250 5519 descenderet
1298 5462 1492 5535 pluvia
1526 5477 1705 5533 super
1738 5468 1955 5519 terram
1992 5462 2060 5517 '1.

2150 1914 2229 1982 τῷ
2268 1908 2405 1982 οἷ’κῳ
2453 1911 2617 1967 αὐτοῦ
2664 1915 2731 1985 τῇ
2790 1916 2944 1986 ψυχῇ
2990 1912 3079 1967 καί
3124 1917 3203 1984 τῷ
3248 1914 3483 1986 σώματι,
3540 1913 3875 1968 ἀποτίθεται

2152 2001 2241 2056 καὶ
2274 2001 2588 2075 θησαυρίζει
2635 2002 2729 2057 τὸν
2777 2002 3018 2057 πλοῦτον
3063 2007 3159 2058 τοῦ
3200 2002 3513 2075 Πνεόματος
3557 2004 3646 2058 τὸν
3696 2002 3877 2065 οὖρά-

2151 2111 2287 2147 νιον.
2320 2088 2460 2147 Οὔτε
2490 2088 2547 2144 δί
2578 2090 2737 2168 σοφοὶ
2770 2088 2858 2145 διά
2904 2098 3005 2160 τῆς
3057 2090 3265 2169 σοφίας,
3300 2088 3429 2146 οὕτε
3476 2092 3741 2170 φρόνιμοι
3779 2090 3877 2147 διὰ

2151 2187 2253 2249 τῆς
2305 2180 2621 2256 φρονήσεως
2662 2178 2838 2234 αὐτῶν
2888 2178 3239 2251 ἠδυνήθησαν
3290 2176 3621 2236 καταλαϐεῖν
3671 2184 3865 2255 ψυχῆς

2153 2265 2484 2336 λεπτότητα,
2517 2266 2551 2336 ἢ
2584 2268 2751 2323 εἰπεῖν
2779 2268 2902 2343 περὶ
2943 2269 3112 2338 αὐτῆς
3161 2270 3234 2331 ὡς
3282 2262 3449 2335 ἔστιν,
3480 2269 3523 2323 εἰ
3560 2269 3637 2341 μή
3690 2270 3860 2342 μόνον

2156 2358 2239 2418 οἷς
2292 2354 2379 2411 διὰ
2422 2359 2519 2411 τοῦ
2568 2356 2724 2431 άγίου
2775 2357 3087 2430 Πνεύματος
3134 2356 3576 2413 ἀποκαλύπτεται
3621 2359 3656 2427 ἦ
3688 2359 3859 2413 κατά-

2156 2443 2325 2517 ληψις
2382 2443 2471 2498 καὶ
2528 2447 2724 2518 γνῶσις
2783 2442 3015 2520 ἀκριϐὴς
3073 2446 3196 2519 περὶ
3250 2448 3440 2519 ψυχῆς
3510 2451 3856 2521 γνωρὶζεται.

2157 2531 2317 2589 Ἀλλ’
2347 2531 2572 2588 ἐνταῦθα
2604 2534 2816 2608 θεώρει,
2875 2534 2964 2589 καί
2999 2531 3297 2609 διάκρινον,
3348 2535 3436 2589 καὶ
3492 2534 3669 2605 σύνες,
3715 2540 3859 2604 πῶς,

2156 2621 2385 2677 ἄκουσον
2422 2640 2433 2653 °
2470 2622 2629 2684 οὗτος
2687 2623 2836 2693 Θεὸς,
2895 2620 3030 2693 αὕτη
3099 2623 3160 2678 οὐ
3220 2622 3350 2686 Θεός
3384 2642 3397 2655 ·
3444 2622 3601 2685 οὗτος
3640 2624 3860 2697 Κύριος,

2158 2709 2292 2779 αὕτη
2363 2707 2557 2777 δούλη*
2630 2710 2785 2773 οὗτος
2852 2712 3100 2783 κτίστης,
3168 2711 3302 2781 αὕτη
3383 2710 3627 2786 κτίσμα’
3691 2712 3851 2774 οὗτος

2156 2801 2411 2870 ποιητής,
2462 2801 2597 2871 αὕτη
2648 2799 2886 2875 ποίημα.
2936 2799 3103 2857 Οὐδὲν
3150 2803 3333 2857 κοινὸν
3384 2808 3480 2870 τῆς
3541 2801 3702 2856 αὐτοῦ
3743 2802 3849 2877 (ρύ-

2155 2909 2313 2958 σεως,
2363 2888 2451 2943 καὶ
2520 2887 2687 2958 αὐτῆς
2742 2889 3001 2965 τυγχάνει
3035 2910 3049 2923 ⁸
3093 2889 3241 2947 ἀλλὰ
3298 2889 3387 2946 διὰ
3448 2891 3542 2959 τὴν
3604 2890 3843 2964 ἄπειρον,

2155 2978 2244 3031 καί
2318 2975 2578 3051 ἅῤῥητον,
2671 2978 2762 3033 καὶ
2856 2978 3172 3050 ἀνεννόητον
3267 2979 3501 3055 ἀγάπην,
3594 3000 3681 3033 και
3732 2978 3844 3034 εὖ·

2157 3068 2499 3143 σπλαγχνίαν
2562 3068 2745 3132 αὐτοῦ,
2808 3066 3101 3141 εὐδόκησεν
3161 3072 3238 3133 εἰς
3297 3074 3461 3125 τοῦτο
3520 3071 3584 3126 τὸ
3638 3069 3851 3143 ποίημα

2157 3157 2248 3212 καὶ
2304 3158 2505 3231 κτίσμα
2560 3159 2771 3233 νοερὸν,
2830 3160 2917 3214 καὶ
2977 3159 3162 3233 τίμιον
3218 3161 3307 3216 καὶ
3364 3159 3636 3234 ἐξαίρετον
3701 3156 3853 3237 ἔργον

2078 3214 2461 3317 οὖνοικῆσαιι,
2519 3245 2591 3308 ὥς
2648 3214 2809 3324 ίρησίν
2865 3249 2899 3317 ἡ
2960 3214 3172 3323 Γρὸιφή,
3233 3214 3323 3310 Εἰς
3372 3214 3644 3304 τὸτεῖναι
3717 3214 3857 3321 ημᾶς

2155 3337 2409 3411 ἀπαρχήν
2468 3357 2588 3391 τινα
2646 3341 2755 3392 τῶν
2814 3337 2979 3392 αὐτοῦ
3052 3339 3395 3411 κτισμάτων,
3470 3337 3550 3399 εἰς
3608 3338 3708 3407 τήν
3764 3338 3857 3392 αὖ·

2152 3430 2251 3481 τοῦ
2307 3425 2497 3504 σοφίαν
2553 3425 2644 3479 καὶ
2695 3424 3005 3497 κοινωνίαν,
3066 3428 3140 3489 εἰς
3200 3424 3339 3482 ἰλδιον
3406 3429 3850 3502 κατοικητήριον,

2156 3515 2229 3577 εἰς
2257 3512 2395 3569 ἰδίαν
2428 3514 2517 3570 καὶ
2551 3516 2785 3587 καθαρὰν
2816 3515 3056 3595 νύμφην.

2227 3605 2302 3660 Ε’.
2354 3604 2625 3659 Τοιούτων
2674 3602 2766 3658 οὖν
2813 3604 3028 3682 ἀγαθῶν
3078 3606 3477 3679 προκειμένων,
3527 3605 3618 3661 καί
3669 3601 3846 3659 τοιού-

2154 3716 2262 3749 των
2321 3689 2656 3770 ἔπαγγελιῶν
2716 3692 3172 3771 ἒπαγγελθεισῶν,
3220 3694 3311 3750 καὶ
3378 3696 3639 3766 τοιαύτης
3697 3691 3851 3750 εὐδο-

2156 3783 2274 3845 κίας
2327 3784 2430 3839 ὑπὸ
2489 3783 2686 3857 Κυρίου
2746 3784 2823 3847 εἰς
2879 3787 3026 3857 ἡμᾶς
3070 3782 3464 3860 γεγενημένης,
3520 3787 3597 3859 μὴ
3644 3783 3848 3858 ἀμελή-

2158 3893 2359 3947 σωμεν,
2411 3870 2455 3925 ὦ
2508 3873 2688 3941 τέκνα,
2762 3874 2901 3945 μήτε
2969 3873 3285 3947 ὀκνήσωμεν
3355 3874 3662 3949 ἐπαχθῆναι
3721 3874 3847 3949 πρὸς

2156 3964 2255 4032 τήν
2293 3964 2436 4031 ζωὴν
2469 3963 2568 4031 τήν
2620 3961 2861 4032 αἰώνιον,
2911 3962 3001 4017 καὶ
3051 3962 3272 4025 ἑαυτοὺς
3318 3962 3597 4025 ὁλοτελῶς
3645 3967 3711 4037 τῇ
3758 3966 3848 4018 τοῦ

2159 4052 2359 4126 Κυρίου
2423 4050 2767 4125 εὐαρεστήσει
2842 4048 3121 4106 ἐπιδοῦναι
3156 4070 3169 4085 ο
3224 4051 3689 4127 παρακαλέσωμεν
3740 4052 3849 4107 τοί-

2157 4162 2248 4195 νυν
2294 4141 2385 4195 τὸν
2451 4147 2671 4213 Κύριον,
2730 4138 2821 4195 ’ίνα
2878 4144 2945 4213 τῇ
3004 4137 3115 4212 ἰδίᾳ
3169 4148 3269 4210 τῆς
3322 4136 3579 4212 θεότητος
3638 4138 3849 4214 δυνάμει

2159 4223 2511 4301 λυτρώσηται
2567 4228 2714 4297 ἡμᾶς
2764 4224 2823 4280 ἐκ
2876 4232 2978 4296 τῆς
3034 4225 3285 4306 φυλακῆς
3325 4231 3422 4282 τοῦ
3480 4228 3706 4290 σκότους
3749 4232 3846 4282 τῶν

2159 4318 2345 4370 παθῶν
2398 4323 2498 4385 τῆς
2547 4314 2797 4388 ἀτιμίας,
2853 4314 2943 4370 καὶ
3009 4318 3108 4385 τὴν
3171 4314 3311 4372 ἰδίαν
3387 4317 3591 4385 εἰκόνα,
3648 4318 3735 4372 καὶ
3792 4318 3848 4371 τὸ

2159 4404 2390 4477 πλάσμα
2458 4404 2748 4476 ἑκδικήσας
2796 4405 3116 4481 ἀναλάμψαι
3166 4410 3399 4482 ποιήσῃ,
3460 4408 3602 4464 σώαν
3646 4408 3732 4463 καί
3764 4428 3849 4462 κα-

2161 4496 2325 4570 θαρὰν
2380 4496 2478 4564 τὴν
2541 4496 2726 4570 ψυχήν
2784 4497 3248 4571 ἃπεργασάμενος,
3302 4497 3392 4552 καὶ
3452 4497 3629 4559 οὕτως
3698 4498 3847 4567 ἀξιω-

2080 4583 2129 4648 D
2162 4588 2339 4658 θῶμεν
2378 4591 2478 4655 τῆς
2535 4586 2821 4648 κοινωνίας
2868 4590 2966 4641 τοῦ
3021 4586 3357 4661 Πνεύματος,
3404 4584 3711 4660 δοξάζοντες
3749 4590 3841 4639 Πα-

2158 4674 2308 4749 τὲρα,
2365 4674 2457 4729 καὶ
2507 4673 2653 4745 Υίὸν,
2699 4676 2788 4731 καί
2841 4669 3000 4751 ἅγιον
3053 4680 3293 4751 Πνεῦμα,
3340 4675 3417 4740 εἷς
3464 4676 3595 4741 τοὺς
3640 4675 3839 4738 αἰῶνας.

2161 4763 2365 4836 Ἀμήν.

2830 4860 3079 4911 ΟΜΙΛΙΔ
3118 4855 3198 4913 Ν’.

2164 4939 2292 5002 Θεός
2351 4937 2494 4995 ἐστιν
2551 4941 2578 4995 6
2640 4934 2728 4995 διὰ
2783 4946 2891 4997 τῶν
2950 4941 3117 5019 ἁγίων
3183 4942 3348 5000 αὐτοῦ
3414 4944 3845 5019 θαυματουργῶνο

2233 5104 2309 5159 Α’.
2370 5100 2460 5162 Τίς
2518 5101 2584 5168 ἦν
2634 5101 2662 5155 6
2713 5100 2932 5166 κλείσας
2990 5102 3083 5167 τὰς
3144 5104 3310 5180 θύρας
3381 5109 3488 5161 τῶν
3563 5104 3845 5178 οὖρανῶνς

2168 5190 2380 5257 Ἠλίας,
2438 5190 2474 5258 ἢ
2535 5189 2562 5242 6
2622 5190 2752 5252 Θεὸς
2808 5191 2874 5260 ἧν
2936 5191 2987 5246 ἐν
3038 5192 3209 5265 αὐτῷ,
3278 5194 3305 5248 6
3362 5192 3612 5263 ἐπιτάξας
3666 5194 3847 5264 καὶτῷ

2172 5270 2344 5348 ὗετῷ;
2404 5277 2639 5349 νομίζω,
2692 5278 2776 5335 ὅτι
2823 5280 2851 5334 6
2898 5280 3246 5353 ἐξουσιαστής
3294 5287 3372 5354 τῷ
3422 5281 3659 5358 οὐρανῷ,
3707 5282 3849 5344 αὐτὸς

2167 5365 2481 5436 ἒνεκαθέσθη
2515 5365 2663 5429 ἐντὸς
2713 5372 2810 5422 τοῦ
2848 5369 2968 5432 νοὸς
3024 5370 3212 5441 αὐτοῦ,
3262 5371 3348 5425 καὶ
3400 5367 3487 5426 διὰ
3535 5376 3638 5439 τῆς
3682 5368 3846 5443 γλώτ-

2165 5476 2266 5527 της
2295 5454 2464 5510 αὐτοῦ
2493 5454 2521 5510 6
2553 5454 2728 5534 Λόγος
2777 5460 2874 5512 τοῦ
2924 5462 3058 5513 Θεοῦ
3113 5456 3357 5515 ἐκώλυσε
3393 5463 3494 5515 τοῦ
3546 5460 3623 5533 μή
3673 5456 3850 5514 κατελ-

434 5647 475 5683 ίτ
515 5645 565 5702 II
593 5645 722 5702 Cor.
761 5661 839 5715 xl,
869 5645 960 5703 24.
996 5645 1038 5684 ³⁸
1068 5644 1241 5703 Hebr.
1283 5659 1369 5713 III,
1400 5644 1455 5699 6.
1498 5642 1543 5680 ⁸⁸
1560 5642 1683 5702 Jac.
1715 5658 1755 5712 ι,
1788 5642 1875 5701 18.
1907 5642 1953 5681 2°
1982 5643 2005 5701 Ι

2163 5656 2186 5706 ς.
2225 5653 2364 5709 xvn,
2398 5638 2452 5698 1.
2484 5640 2526 5678 ³¹
2555 5639 2579 5699 Ι
2609 5641 2747 5714 Reg.
2779 5658 2916 5715 xvn,
2948 5641 3037 5714 44,
3071 5643 3159 5699 45.
