4130 6286
1728 42 2093 63 ψήῗῖῗυέμίαάὸιῖὶιῖ
2104 50 2169 61 ιντνκ

341 467 460 533 817

1671 458 2047 523 HOMILIIE.
2090 491 2170 505 --
2211 460 2409 523 HOM.
2458 461 2525 521 L.

2496 48 2567 63 ,ψ’
2574 44 2597 63 :‘L
2604 42 2937 63 ,λωνέέζλέιαεέἑλεν
2950 52 2961 61 τι
2968 42 3181 63 ίὶὶᾷἷξωιὲσ,
3190 52 3217 61 ⁷ἶκ
3232 52 3245 61 ς

3749 462 3870 528 818

347 594 453 649 θεῖν
515 596 665 652 ὑετὸν
719 595 807 652 ἐπὶ
850 597 952 659 τῆς
988 595 1107 669 γῆς.
1162 591 1259 648 Καὶ
1304 587 1468 647 πάλιν
1522 591 1660 659 εἷπε,
1699 592 1789 646 καὶ
1819 591 2049 666 ἠνοίγη-

2167 594 2375 650 [terum
2408 592 2640 650 locutus
2696 597 2805 665 est,
2828 594 2885 650 et
2916 599 3124 665 aperto:
3181 597 3319 651 sunt
3366 598 3540 666 portae
3562 593 3863 658 cmlorum,

344 708 435 743 σαν
494 688 550 741 αἱ
602 683 771 741 πύλαι
825 689 933 740 τῶν
995 683 1255 757 οὐρανῶν,
1304 680 1395 736 καὶ
1463 678 1732 751 κατῆλθεν
1794 681 1823 735 6
1873 679 2047 744 ὑετόςο

344 776 555 849 ὁμοίως
583 777 671 830 καὶ
705 781 942 843 Μωυσῆς
974 772 1133 843 ἔθηκε
1185 768 1415 847 ῥάϐδον,
1462 772 1553 827 καὶ
1605 768 1813 844 ἐγένετο
1878 769 2000 847 ὅφις
2030 779 2045 794 ’

343 867 431 921 καὶ
471 865 637 921 πάλιν
683 866 819 933 εἷπε,
868 863 958 919 καὶ
1017 859 1225 938 ἒγένετο
1277 857 1495 938 ῥάϐδος.
1550 865 1648 917 Καὶ
1702 854 1893 916 ἔλαϐεν
1942 860 2049 915 ἀπὸ

342 956 571 1030 καμίνου
630 954 845 1033 τέφραν,
910 955 999 1009 καὶ
1068 951 1376 1027 ἐσκόρπισε,
1432 952 1520 1006 καὶ
1589 950 1796 1027 ἐγένετο
1858 949 1996 1020 ’έλκη
2032 965 2050 983 ⁸

342 1048 430 1101 καὶ
499 1044 666 1102 πάλιν
728 1044 966 1118 ἐπέταξε,
1022 1044 1112 1098 καὶ
1164 1043 1372 1118 ἐγένετο
1422 1040 1660 1111 σκνίπες,
1704 1041 1795 1096 καὶ
1848 1042 2052 1116 βάτρα-

342 1156 459 1210 χοι.
512 1139 657 1211 Ἀρα
712 1139 878 1189 ταῦτα
925 1133 1085 1207 φύσις
1150 1133 1450 1207 ἀνθρώπων
1518 1136 1693 1187 ποιεῖν
1762 1128 2046 1200 ἠδύνατος

346 1224 475 1279 Εἴπε
529 1228 598 1297 τῇ
662 1222 928 1297 Θαλάσσῃ,
978 1222 1069 1277 καὶ
1134 1219 1394 1296 ἐμερίσθη
1438 1239 1452 1253 ·
1516 1225 1597 1293 τῷ
1640 1224 1900 1292 ποταμῷ,
1959 1218 2049 1273 καὶ

349 1308 662 1387 μετεϐλήθη
706 1312 783 1374 εἷς
815 1315 973 1385 αἷμα.
1023 1310 1201 1367 Ἀλλὰ
1241 1307 1437 1380 δῆλον,
1489 1308 1571 1365 ὅτι
1620 1308 1848 1383 οὐρανία
1888 1306 2049 1362 δύναο

349 1424 439 1476 μις
479 1400 611 1475 ᾤκει
667 1402 720 1456 ἐν
747 1406 826 1473 τῷ
878 1406 954 1474 νῷ
983 1397 1170 1469 αὐτοῦ,
1200 1400 1289 1455 καὶ
1349 1397 1438 1455 διὰ
1487 1402 1729 1461 Μωσέως
1768 1396 1939 1454 ἒποίει
1983 1397 2051 1452 τὰ

352 1495 554 1563 σημεῖα
581 1494 769 1545 ταῦτα.

417 1582 497 1634 B'.
530 1582 587 1632 '0
619 1573 785 1633 Δαϐὶδ
836 1581 953 1639 πῶς
1006 1576 1128 1632 ἄνευ
1169 1576 1345 1633 ὅπλου
1390 1576 1622 1646 ἠδύνατο
1675 1577 1807 1649 μετὰ
1854 1575 2048 1629 τοιού-

343 1686 441 1721 του
463 1665 719 1741 γίγαντος
761 1662 1061 1739 συμϐαλεῖν
1108 1666 1183 1728 εἰς
1228 1666 1521 1738 πόλεμον;
1574 1665 1677 1722 Καὶ
1725 1664 1813 1719 ὅτε
1860 1661 2050 1737 ἓρῥιψε

344 1757 437 1811 τὸν
470 1756 621 1811 λίθον
648 1756 784 1811 κατᾶ
807 1760 903 1810 τοῦ
932 1754 1277 1827 ἀλλοφύλου,
1332 1753 1420 1811 διὰ
1469 1762 1569 1825 τῆς
1621 1756 1809 1829 χειρὸς
1858 1747 2045 1821 Δαϐὶδ,

348 1846 471 1918 χεὶρ
504 1848 637 1899 Θεοῦ
669 1843 873 1918 ὡδήγει
902 1845 994 1899 τὸν
1045 1842 1223 1913 λίθον,
1272 1844 1362 1899 καὶ
1409 1844 1544 1912 αύτή
1584 1846 1619 1913 ἡ
1670 1843 1783 1898 θεία
1828 1840 2052 1914 δύναμις

350 1932 650 1988 ἀπέκτεινεν
690 1934 850 1988 αὐτὸν
874 1936 1147 2003 ποιήσασα
1194 1937 1293 2002 τήν
1333 1934 1511 2004 νίκην.
1571 1933 1685 1991 Οὐκ
1740 1934 1842 2009 γὰρ
1886 1926 2051 1988 Δαϐὶό

346 2019 582 2091 ἠδύνατο
622 2023 847 2091 ἀσθενὴς
894 2020 967 2077 ὢν
1012 2027 1091 2094 τῷ
1139 2024 1375 2096 σώματι.
1409 2026 1618 2093 Ἰησοῦς
1679 2024 1707 2077 6
1745 2025 1842 2076 τοῦ
1900 2028 2046 2089 Ναυῆ

348 2110 440 2165 ὅσε
488 2109 730 2176 ἀπῆλθεν
787 2112 862 2171 εἰς
932 2112 1146 2186 Ἱεριχὼ
1210 2112 1598 2184 περιεκαθέσθη
1653 2111 1786 2166 ἑπτὰ
1842 2112 2052 2185 ἡμέρας

353 2197 522 2272 μηδὲν
583 2196 880 2271 δυνάμενος
941 2201 1164 2271 ποιῆσαι
1212 2204 1281 2274 τῇ
1332 2197 1441 2270 ΐδίᾳ
1499 2198 1674 2276 φύσει,
1725 2197 1849 2254 ἀλλ’
1885 2198 1975 2254 ὅτε
2022 2200 2050 2252 ὁ

351 2288 480 2349 Θεὸς
531 2286 801 2356 ἐκέλευσε,
846 2289 913 2343 τὰ
969 2288 1128 2367 τείχη
1180 2286 1267 2366 ἀφ’
1331 2289 1559 2362 [ἑαυτῶν
1641 2289 1915 2345 κατέπεσε.
1952 2287 2050 2343 Καὶ

351 2378 440 2433 ὅτε
488 2374 740 2446 εΐσῆλθεν
800 2376 877 2439 εἰς
924 2378 1023 2446 τήν
1065 2384 1168 2455 γῆν
1226 2384 1327 2446 τῆς
1376 2374 1725 2452 ἐπαγγελίας,
1767 2375 1915 2453 λέγει
1965 2377 2055 2432 αύο

349 2470 427 2538 τῷ
484 2467 512 2520 6
571 2466 790 2541 Κύριος,
832 2464 1065 2522 Ἀπελθε
1119 2466 1195 2529 εἷς
1253 2468 1497 2538 πόλεμον
1537 2485 1551 2501 ’
1625 2466 1890 2542 ἀπεκρίθη
1943 2469 2052 2535 Ἰη-

353 2560 503 2626 σοῦς,
564 2560 639 2632 Ζῇ
710 2558 926 2631 Κύριος,
995 2557 1056 2612 ού
1127 2559 1201 2631 μή
1270 2555 1494 2612 ἀπέλθω
1560 2554 1683 2611 ἄνευ
1766 2560 1882 2612 σοῦ.
1951 2556 2053 2614 Καὶ

349 2646 435 2708 τίς
493 2643 635 2700 ἔστιν
693 2646 721 2700 ὁ
779 2645 1029 2715 ἐπιτάξας
1084 2650 1165 2717 τῷ
1216 2644 1367 2717 ἡλίῳ
1437 2652 1628 2715 στῆναι
1704 2644 1877 2707 ἄλλας
1953 2641 2053 2699 δύο

351 2732 496 2809 ὥρας
556 2733 607 2790 έν
674 2739 742 2808 τῇ
813 2729 1070 2808 συμϐολῇ
1129 2738 1224 2788 τοῦ
1282 2732 1552 2807 πολέμου,
1608 2735 1643 2803 ἡ
1677 2733 1833 2810 φύσις
1889 2731 2054 2788 αὐτοῦ

354 2824 517 2898 μόνη,
564 2824 599 2895 ἢ
658 2826 693 2895 ἡ
735 2825 961 2880 συνοῦσα
1018 2825 1167 2897 αύτῷ
1207 2822 1480 2897 δύναμιςς
1539 2823 1628 2878 καὶ
1662 2826 1906 2893 Μωϋσῆς
1964 2821 2055 2877 ὅτε

350 2911 611 2970 συνέϐαλε
674 2918 754 2987 τῷ
827 2912 1105 2986 Ἀμαλήκ,
1176 2914 1221 2969 εἱ
1300 2914 1395 2987 μὲν
1468 2912 1690 2985 ἐξέτεινε
1767 2915 2055 2988 τὶςιχεῖ-

350 3024 445 3078 ρας
485 3004 560 3065 εἷς
610 3003 703 3058 τὸν
755 3004 1005 3077 οὐρανὸν,
1063 3003 1199 3078 πρὸς
1224 3002 1315 3058 τὸν
1350 3003 1504 3073 Θεὸν,
1536 3001 1719 3058 ἐπάτει
1755 3003 1848 3057 τὸν
1878 3003 2055 3075 Ἀμα-

347 3091 462 3164 λήκ
513 3112 526 3126 ³
589 3092 635 3147 εἲ
703 3089 761 3146 δὲ
826 3089 1005 3146 ἔκλινε
1069 3092 1165 3155 τὰς
1219 3097 1433 3167 χεῖρας,
1494 3092 1522 3147 ὁ
1580 3091 1841 3166 Ἀμαλήκ
1896 3112 2055 3164 περι-

348 3182 578 3258 εγίνετο.

422 3277 499 3327 I".
563 3270 639 3327 Σὺ
691 3269 747 3326 δὶ
794 3270 1006 3327 ἀκούων
1061 3275 1228 3327 ταῦτα
1282 3272 1560 3345 γινόμενα,
1597 3271 1673 3343 μὴ
1726 3269 1931 3344 μακράν
1962 3291 2056 3325 σου

2158 700 2224 739 ac
2279 684 2580 739 descendit
2626 682 2839 754 pluvia.
2875 682 3158 740 Similiter
3195 700 3425 756 quoque
3461 689 3650 740 Moses
3685 698 3867 755 pone-

2158 772 2259 828 bat
2287 772 2510 844 virgam
2542 771 2610 841 η,
2660 776 2718 827 et
2765 772 2940 828 fiebat
2991 788 3269 845 serpens;
3302 779 3358 830 et
3404 790 3607 829 rursus
3638 774 3863 829 locutus

2158 865 2266 930 est,
2290 866 2347 918 et
2376 863 2547 918 ﬂebat
2593 862 2777 934 virga.
2828 862 2897 917 Et
2953 863 3176 934 accepit
3224 881 3257 919 a
3306 863 3530 919 camino
3587 863 3862 929 cinerem,

2159 957 2215 1008 et
2242 953 2539 1025 dispersit,
2572 958 2630 1008 et
2676 952 3151 1024 producebantur
3198 952 3390 1009 ulcera
3446 952 3514 1022 2’,
3545 958 3604 1009 et
3652 954 3862 1009 iterum

2160 1042 2471 1114 percussit,
2523 1051 2578 1098 et
2633 1042 2853 1097 ﬁebant
2898 1042 3160 1113 ciniphes
3211 1047 3269 1099 et
3310 1059 3484 1097 ranae.
3534 1042 3682 1098 Nam
3739 1042 3863 1099 haec

2160 1138 2370 1189 natura
2417 1131 2668 1187 humana
2718 1133 2903 1188 facere
2951 1131 3177 1202 potuit?
3230 1133 3481 1188 Locutus
3543 1136 3635 1188 est
3692 1132 3862 1200 mari,

2158 1226 2217 1277 et
2244 1222 2495 1277 divisum
2522 1228 2614 1277 est
2656 1222 2700 1257 ²⁴
2727 1237 2746 1277 .·
2771 1220 2961 1288 ﬂuvio,
2992 1226 3050 1277 et
3098 1226 3358 1277 mutatus
3405 1220 3578 1277 estin
3623 1219 3865 1291 sangui-

2159 1326 2312 1366 nem.
2356 1314 2569 1366 Verum
2619 1314 2798 1383 patet,
2857 1311 3011 1381 quod
3070 1310 3322 1365 ccelestis
3369 1310 3556 1365 virtus
3631 1309 3867 1364 habita-

2157 1400 2305 1456 verit
2360 1400 2418 1456 in
2475 1400 2603 1471 ejus
2650 1400 2867 1469 animo,
2900 1404 2956 1456 et
3020 1416 3123 1471 per
3174 1399 3373 1455 Mosen
3432 1399 3679 1455 ediderit
3741 1397 3863 1452 haac

2157 1490 2345 1561 signa.

2230 1583 2300 1635 II.
2332 1579 2511 1635 David
2551 1595 2663 1651 quo
2709 1583 2873 1651 pacto
2928 1578 3113 1650 potuit
3161 1580 3384 1650 absque
3419 1577 3595 1634 armis
3636 1576 3694 1631 in
3740 1573 3862 1632 bel-

2157 1669 2279 1725 lum
2318 1669 2590 1740 congredi
2622 1685 2756 1723 cum
2804 1668 2908 1724 tali
2949 1668 3230 1740 gigante?
3262 1667 3328 1723 Et
3368 1683 3502 1723 cum
3556 1666 3867 1738 projiceret

2157 1759 2407 1830 lapidem
2467 1758 2525 1812 in
2594 1757 2977 1829 alienigenam
3046 1774 3218 1813 manu
3286 1756 3466 1812 David
3524 1755 3590 1825 εδδ,
3661 1771 3864 1811 manus

2160 1849 2261 1903 Dei
2310 1847 2594 1918 dirigebat
2641 1846 2916 1918 lapidem,
2957 1846 3086 1917 ipsa
3140 1862 3375 1917 quoque
3423 1843 3604 1900 virtus
3668 1844 3866 1899 divina

2159 1938 2448 1993 interfecit
2495 1935 2684 2005 illum,
2719 1952 2931 2006 parans
2980 1935 3301 1991 victoriam.
3343 1934 3466 1991 Non
3497 1935 3652 1990 enim
3683 1932 3862 1989 David

2156 2025 2266 2082 hoc
2333 2029 2577 2098 poterat,
2629 2026 2729 2096 qui
2785 2029 2911 2081 erat
2966 2023 3274 2080 imbecillis
3348 2038 3606 2095 corpore.
3665 2022 3861 2091 Jesus,

2159 2117 2312 2172 (ilius
2362 2115 2511 2173 Nave
2540 2114 2608 2178 ’⁸,
2668 2130 2803 2169 cum
2860 2114 3116 2170 venisset
3158 2112 3413 2182 Jericho,
3460 2111 3613 2168 sedit
3641 2117 3862 2183 septem

2158 2206 2303 2273 dies,
2337 2204 2481 2260 nihil
2511 2203 2736 2260 efﬁcere
2765 2203 2964 2259 valens
3012 2219 3118 2259 sua
3157 2203 3345 2273 ipsius
3397 2209 3601 2258 natura
3632 2217 3646 2258 :
3676 2206 3735 2257 at
3764 2200 3865 2256 ubi

2151 2293 2333 2364 jussit
2387 2292 2559 2360 Deus,
2596 2291 2748 2347 muri
2806 2307 2914 2347 sua
2960 2301 3165 2363 sponte
3208 2293 3575 2348 corruerunt.
3616 2289 3686 2344 Et
3730 2304 3866 2343 cum

2158 2382 2557 2452 ingrederetur
2582 2389 2786 2437 terram
2822 2379 3248 2450 promissionis,
3279 2378 3490 2435 dicitei
3525 2376 3812 2434 Dominus
3851 2390 3869 2433 :

2161 2471 2505 2540 Proﬁciscere
2537 2469 2599 2525 in
2650 2468 2863 2525 bellum
2876 2485 2899 2531 ;
2929 2470 3229 2540 respondit
3266 2468 3471 2535 Jesus;
3506 2469 3640 2525 Vivit
3683 2467 3872 2523 Domi-

2161 2564 2312 2616 nus!
2340 2575 2448 2616 non
2474 2561 2772 2630 procedam
2825 2561 2944 2614 sine
2987 2566 3039 2614 te
3085 2557 3150 2613 ³⁷.
3180 2562 3247 2613 Et
3278 2558 3413 2629 quis
3443 2568 3548 2628 est,
3574 2556 3676 2627 qui
3709 2569 3874 2611 man-

2163 2649 2314 2707 davit
2344 2648 2475 2718 soli,
2508 2654 2573 2704 ut
2616 2649 2962 2705 subsisteret
3007 2649 3153 2704 duas
3201 2648 3344 2703 alias
3394 2648 3560 2703 horas
3606 2646 3669 2702 in
3726 2660 3875 2701 con-

2162 2741 2320 2797 flictu
2346 2739 2531 2795 belli?
2559 2741 2646 2794 An
2696 2738 2822 2794 sola
2874 2738 3061 2810 ipsius
3108 2743 3337 2806 natura,
3371 2754 3445 2793 an
3494 2752 3621 2808 quae
3662 2734 3747 2790 illi
3770 2751 3871 2790 as-

2163 2832 2407 2888 sistebat
2429 2829 2687 2901 potentia
2716 2826 2766 2862 ³⁸
2786 2827 2813 2882 ‘I
2830 2828 3020 2885 Moses
3053 2843 3307 2900 quoque,
3340 2843 3474 2882 cum
3507 2841 3713 2882 manus
3737 2840 3875 2880 con-

2164 2924 2379 2977 sereret
2417 2935 2549 2975 cum
2603 2917 2934 2987 Amalecho,
2984 2918 3218 2989 quando
3264 2917 3610 2973 extendebat
3657 2930 3871 2970 manus

2116 3052 2123 3057 ν
2163 3012 2223 3068 in
2254 3011 2465 3068 coelum
2508 3010 2578 3065 ad
2627 3015 2831 3077 Deum,
2863 3009 3245 3065 conculcabat
3288 3008 3562 3064 Amalech
3598 3004 3868 3077 :quando

2164 3106 2357 3157 autem
2390 3099 2711 3156 declinaret
2740 3114 2975 3165 manus,
2997 3097 3277 3154 Amalech
3311 3096 3578 3167 superior
3607 3099 3753 3150 erat.

2238 3189 2333 3245 III.
2379 3189 2467 3243 'l‘u
2538 3203 2672 3242 vero
2740 3187 2975 3257 quando
3041 3186 3162 3241 haec
3220 3186 3423 3241 auditu
3476 3182 3747 3255 percipis,
3800 3197 3872 3237 ne

2170 3277 2370 3351 procul
2400 3294 2432 3331 a
2462 3284 2515 3332 le
2547 3277 2816 3348 procedat
2838 3291 3001 3331 mens
3019 3279 3155 3344 tua;
3187 3289 3388 3330 verum
3420 3272 3556 3344 quia
3586 3271 3872 3343 illatypus

350 3361 560 3436 ἀπέλθῃ
591 3363 619 3416 ὁ
649 3365 775 3423 νοῦς
813 3380 824 3394 υ
860 3359 987 3417 αλλ’
1027 3358 1212 3430 ἐπειδὴ
1248 3331 1423 3417 ἐκεῖνα
1462 3331 1631 3422 τύπος
1662 3331 1755 3428 ’ἦν
1804 3331 1896 3415 καὶ
1933 3362 2052 3415 σκιὰ

2499 3331 2506 3332 κ
2548 3331 2568 3348 ς
3144 3331 3155 3344 .
3436 3331 3458 3344 .
3719 3331 3780 3343 -.

2170 3371 2336 3422 erant
2361 3370 2418 3423 et
2447 3365 2657 3421 umbra
2710 3380 2978 3421 verarum
3028 3381 3245 3426 rerum,
3269 3363 3646 3419 accommoda
3670 3364 3871 3416 eadem

351 3455 461 3506 τῶν
496 3450 774 3521 ἀληθινῶν
820 3450 1181 3525 πραγμάτων,
1213 3444 1452 3505 ἂνάλαόε
1515 3448 1592 3511 εἷς
1649 3449 1834 3505 ἑαυτὸν
1890 3454 2059 3505 ταῦτα

368 3545 469 3595 Οτε
491 3540 594 3614 γὰρ
624 3538 850 3601 ἐκτενεῖς
894 3539 989 3604 τὰς
1034 3545 1226 3616 χεῖρας
1272 3543 1370 3595 τοῦ
1413 3540 1537 3600 νοός
1595 3560 1713 3609 σου,
1771 3540 1860 3593 καὶ
1928 3539 2055 3600 τοὺς

348 3627 652 3704 λογισμοὺς
685 3628 762 3690 εἷς
807 3630 899 3684 τὸν
938 3628 1184 3703 οὐρανὸν,
1234 3628 1325 3684 καὶ
1392 3628 1641 3699 θελήσεις
1697 3628 2057 3702 προσκολλη-

348 3719 507 3787 θῆναι
552 3722 632 3789 τῷ
690 3716 895 3790 Κυρίῳ,
951 3717 1256 3792 κατώτερος
1304 3722 1410 3771 τῶν
1472 3714 1755 3791 λογισμῶν
1786 3737 1881 3771 σου
1926 3737 2055 3791 γινε-

344 3827 433 3863 ται
477 3808 505 3861 6
565 3811 829 3869 Σατανᾶς.
886 3806 982 3860 Καὶ
1043 3806 1225 3881 ὥσπερ
1275 3805 1349 3868 εἰς
1396 3806 1611 3882 Ἰεριχὼ
1641 3807 1707 3861 τὰ
1734 3806 1897 3881 τείχη
1931 3804 2056 3861 ἔπε-

348 3917 439 3952 σον
486 3893 576 3951 διὰ
633 3894 918 3968 δυνάμεως
986 3900 1141 3965 Θεοῦ,
1186 3895 1327 3949 οὕτω
1381 3897 1468 3950 καὶ
1518 3899 1608 3949 νῦν
1639 3894 1704 3950 τὰ
1730 3895 1893 3969 τείχη
1952 3902 2052 3964 τῆς

347 3985 533 4047 κακίας
583 3986 651 4039 τὸ.
691 3983 978 4039 κωλύοντά
1027 4005 1122 4039 σου
1169 3986 1261 4040 τὸν
1301 3988 1446 4051 νοῦν,
1477 3985 1567 4039 καὶ
1598 3986 1653 4037 αἱ
1710 3982 1903 4045 πόλεις
1957 3987 2054 4037 τοῦ

352 4076 582 4141 Σατανᾶ,
630 4072 719 4124 καὶ
775 4072 827 4124 οὶ
885 4070 1072 4144 ἐχθροί
1134 4092 1229 4124 σου
1288 4068 1846 4145 ἐξολοθρεύονταιδιᾶ
1898 4066 2055 4124 δυνά-

354 4179 499 4230 μεως
526 4162 658 4214 Θεοῦ
694 4200 705 4212 .
740 4160 920 4219 οὕτως
959 4160 1011 4211 έν
1060 4161 1127 4232 τῇ
1175 4163 1299 4229 σκιᾷ
1352 4162 1483 4212 Θεοῦ
1533 4155 1760 4229 δύναμις
1809 4155 2054 4212 ἀδιαλεί-

349 4265 498 4307 πτως
540 4251 705 4313 συνῆν
752 4250 868 4304 τοῖς
919 4242 1171 4312 δικαίοις,
1202 4248 1438 4299 ποιοῦσα
1494 4245 1767 4315 θαυμάσια
1806 4246 2009 4321 φανερά
2037 4262 2050 4277 ·

347 4335 437 4389 καὶ
469 4328 664 4389 ἔσωθεν
695 4331 751 4389 δὲ
783 4332 835 4389 έν
865 4332 1051 4394 αὐτοῖς
1109 4329 1238 4405 ᾤκει
1296 4335 1331 4401 ἠ
1392 4331 1509 4386 θεία
1566 4332 1747 4408 χάρις.
1808 4333 2046 4407 Ὁμοίως

346 4423 537 4487 καίεἷς
601 4423 730 4484 τοὺς
805 4423 1091 4500 προφήτας
1168 4420 1409 4497 ένήργει,
1478 4423 1568 4476 καὶ
1664 4418 1907 4493 διηκόνει
1990 4422 2053 4478 τὸ

348 4516 569 4586 Πνεῦμα
625 4512 675 4567 ἐν
735 4516 851 4572 ταῖς
909 4513 1115 4589 ψυχαῖς
1172 4509 1347 4565 αὐτῶν
1405 4514 1502 4564 τοῦ
1545 4510 1930 4588 προφητεύειν,
1962 4511 2049 4566 καὶ

348 4601 560 4669 λαλεῖν,
594 4599 682 4656 ὅτε
714 4600 876 4675 χρεία
906 4599 974 4668 ἧν
1004 4600 1299 4675 πράγματα
1346 4596 1561 4673 μεγάλα
1596 4598 1765 4654 εἰπεῖν
1824 4604 1904 4672 τῷ
1960 4599 2052 4653 κό-

347 4712 494 4765 σμῳ.
563 4689 635 4745 Οὐ
702 4692 805 4764 γὰρ
874 4689 1101 4745 πάντοτε
1166 4687 1391 4755 έλάλου,
1485 4688 1611 4744 ἀλλ’

348 4779 410 4833 τὸ
477 4779 529 4833 ἒν
600 4778 785 4841 αὐτοῖς
852 4783 1070 4851 Πνεῦμα
1128 4796 1144 4813 ⁸
1205 4776 1352 4847 πλὴν
1420 4778 1455 4847 ἠ
1534 4775 1763 4852 δύναμις
1826 4778 2057 4835 πάντοτε

352 4873 515 4937 συνῆν
526 4908 539 4921 .

422 4957 493 5012 Δ’.
566 4955 626 5009 Εἰ
693 4954 788 5010 οῦν
854 4956 930 5017 εἷς
994 4957 1093 5025 τὴν
1154 4957 1304 5013 σκιὰν
1378 4961 1635 5015 τοσοῦτον
1702 4957 1926 5033 ἐξεχύθη
1992 4960 2056 5013 τὸ

350 5046 573 5115 Πνεῦμα
609 5043 672 5097 τὸ
711 5040 885 5116 ἅγιον.
936 5044 1092 5117 πόσῳ
1146 5042 1360 5117 μᾶλλον
1408 5044 1485 5107 εἷς
1539 5046 1631 5114 εὴν
1684 5047 1879 5116 Καινὴν
1932 5054 2058 5101 Δια-

350 5136 551 5204 θήκην,
610 5131 686 5194 εἷς
744 5132 835 5188 τὸν
898 5134 1149 5208 σταυρὸν,
1216 5134 1292 5196 εἷς
1348 5138 1447 5206 τήν
1515 5132 1726 5192 ἕλευσιν
1772 5140 1869 5193 τοῦ
1926 5145 2056 5212 Χρι-

349 5227 499 5291 στοῦ,
547 5220 687 5277 ὅπου
736 5220 940 5295 ἐγένετο
990 5225 1025 5291 ἡ
1076 5218 1296 5298 ἔκχυσις
1350 5226 1443 5278 καὶ
1480 5228 1516 5295 ἡ
1582 5225 1718 5299 μέθη
1748 5230 1846 5281 τοῦ
1888 5227 2056 5283 Πνεύ-

355 5332 581 5385 ματος;
652 5312 864 5386 Ἐκχεῶ
930 5311 1056 5388 γὰρ,
1116 5313 1273 5385 φησί,
1349 5313 1456 5368 ἀπὸ
1548 5319 1644 5369 τοῦ
1740 5315 2055 5387 Πνεύματός

356 5424 459 5478 μου
532 5403 620 5457 ἐπὶ
686 5406 858 5457 πᾶσαν
928 5402 1114 5477 σάρκα.
1184 5402 1353 5457 Τοῦτό
1386 5403 1526 5458 ἐστιν
1589 5406 1618 5459 6'
1682 5406 1821 5459 εἶπεν
1893 5406 2056 5469 αὐτὸς

353 5495 381 5548 6
442 5492 657 5566 Κύριος,
714 5492 797 5547 ὃτι
864 5494 990 5547 Μεθ’
1059 5492 1210 5565 ὑμῶν
1278 5486 1471 5567 ἔσομαι
1537 5490 1640 5557 ’έως
1715 5502 1817 5565 τῆς
1884 5514 2055 5550 συντε-

2164 3457 2267 3512 tibi
2326 3456 2459 3528 ipsi.
2520 3454 2993 3526 Quandocunque
3047 3455 3203 3509 enim
3279 3452 3601 3509 extenderis
3661 3466 3873 3506 manus

2164 3545 2346 3602 animi
2384 3543 2471 3600 tui
2518 3549 2575 3602 et
2613 3543 2995 3615 cogitationes
3043 3542 3104 3598 in
3151 3543 3386 3611 coelum,
3419 3547 3594 3611 atque
3623 3538 3877 3596 volueris

2164 3633 2517 3707 agglutinari
2570 3633 2837 3700 Domino,
2870 3631 3110 3686 inferior
3156 3630 3613 3703 cogitationibus
3661 3628 3774 3683 tuis
3809 3627 3874 3683 ﬁt

2162 3725 2430 3780 Satanas.
2456 3721 2527 3778 Et
2554 3720 3054 3792 quemadmodum
3084 3718 3316 3776 Jericho
3349 3719 3500 3774 muri
3524 3719 3879 3774 corruerunt

2163 3813 2374 3869 virtute
2447 3810 2646 3866 divina
2701 3809 2885 3881 ’°,sio
2916 3826 3149 3881 quoque
3211 3825 3367 3865 nunc
3426 3807 3577 3864 muri
3636 3805 3873 3861 malitias

2161 3900 2493 3971 impediunt
2538 3902 2790 3953 mentem
2839 3902 3026 3965 tuam,
3081 3901 3256 3967 atque
3309 3897 3483 3951 urbes
3538 3894 3767 3950 Satanae
3823 3896 3882 3949 et

2162 3989 2387 4045 inimici
2427 3987 2511 4042 tui
2550 3989 2863 4057 perdentur
2908 3987 3116 4041 virtute
3162 3986 3376 4040 divina.
3403 3985 3485 4039 Ad
3546 3984 3704 4039 hunc
3764 3999 3883 4039 mo-

2164 4079 2304 4133 dum
2353 4078 2413 4131 in
2500 4075 2711 4130 umbra
2766 4073 2913 4146 legis
2961 4075 3146 4129 virtus
3204 4073 3396 4128 divina
3476 4071 3880 4128 indesinenter

2164 4168 2364 4222 aderat
2387 4165 2589 4235 justis,
2612 4165 2791 4219 edens
2824 4165 3134 4221 manifesta
3165 4163 3469 4221 miracula.
3500 4165 3688 4233 Atque
3719 4161 3880 4216 intus

2164 4254 2395 4325 inipsis
2430 4253 2737 4309 habitabat
2785 4253 2983 4309 divina
3030 4254 3242 4315 gratia.
3283 4253 3487 4308 Itidem
3536 4265 3767 4323 quoque
3815 4251 3874 4305 in

2164 4343 2466 4416 prophetis
2521 4343 2893 4413 operabatur,
2950 4347 3125 4413 atque
3202 4340 3617 4413 suppeditabat
3665 4338 3875 4394 animis

2162 4450 2365 4490 eorum
2390 4432 2671 4503 Spiritum
2696 4432 3105 4504 prophetandi,
3139 4435 3196 4486 et
3226 4429 3499 4502 loquendi
3538 4432 3596 4485 et
3641 4428 3875 4487 dicendi

2164 4522 2382 4579 mundo
2484 4538 2574 4578 res
2648 4521 2939 4593 ingentes,
3017 4520 3357 4577 necessitate
3442 4517 3498 4573 id
3581 4521 3871 4589 poscente.

2162 4613 2285 4667 Non
2340 4612 2497 4667 enim
2564 4627 2795 4682 semper
2842 4610 3251 4683 loquebantur,
3306 4608 3410 4665 sed
3449 4607 3682 4680 quando
3725 4608 3869 4664 151

1708 4687 1791 4744 δτι
1893 4689 2057 4758 ἤθελε
2089 4689 2411 4769 Dvolebat,
2452 4701 2551 4772 qui
2602 4700 2664 4756 in
2717 4700 2863 4772 ipsis
2922 4706 3068 4769 erat,
3128 4699 3427 4771 Spiritus:
3487 4696 3877 4753 nihilominus

2170 4788 2416 4846 facultas
2446 4804 2677 4860 semper
2697 4789 2913 4845 aderat.

2244 4962 2342 5018 ιν.
2386 4962 2443 5018 Si
2479 4963 2657 5036 igitur
2704 4965 2767 5022 in
2820 4965 3092 5021 umbram
3141 4968 3442 5035 tantopere
3508 4968 3594 5018 est
3656 4960 3879 5019 effusus

2165 5054 2422 5124 Spiritus
2452 5059 2712 5123 sanctus,
2741 5061 2960 5128 quanto
2992 5055 3178 5127 magis
3203 5054 3262 5109 in
3288 5052 3512 5109 Novum
3540 5052 3879 5108 Testamen-

2167 5145 2315 5213 tum,
2349 5143 2406 5198 in
2438 5158 2693 5212 crucem,
2726 5144 2785 5199 in
2829 5145 3140 5201 adventum
3189 5142 3427 5208 Christi,
3460 5142 3694 5212 quando
3728 5141 3882 5196 facta

2169 5236 2258 5286 est
2304 5230 2510 5286 effusio
2595 5238 2653 5287 et
2707 5232 2956 5289 ebrietas
3013 5230 3315 5303 Spiritus?
3360 5229 3654 5302 Eﬂundam
3706 5231 3877 5298 enim,

2167 5324 2383 5395 inquit,
2416 5324 2481 5380 de
2525 5326 2738 5397 Spiritu
2785 5342 2901 5383 meo
2947 5342 3113 5397 super
3164 5341 3381 5382 omnem
3409 5339 3634 5379 carnem
3663 5321 3729 5374 ³ο.
3763 5324 3880 5375 Ηοο

2170 5419 2255 5465 est
2285 5414 2438 5482 quod
2491 5412 2738 5484 ipsemet
2780 5415 3063 5471 Dominus
3100 5415 3263 5475 dixit.
3295 5428 3505 5484 nempe
3538 5426 3552 5465 :
3598 5409 3884 5464 Vobiscum

2170 5514 2260 5554 ero
2314 5515 2487 5571 usque
2523 5505 2600 5557 ad
2653 5504 3176 5559 consummationem
3221 5501 3427 5558 seculi.
3488 5496 3676 5553 Omni:
3732 5498 3881 5552 enim

433 5701 481 5785 ’ξ
537 5703 748 5785 Exod.“
780 5720 925 5785 vrri;
964 5703 1052 5785 ιο.
1119 5702 1163 5737 ³³
1229 5702 1435 5785 Ibid,“
1462 5702 1559 5785 .17.
1635 5702 1683 5739 "
1715 5703 1939 5785 Algxod.‘
1997 5722 2052 5785 _x1

2177 5706 2627 5785 59.31331
2694 5711 2836 5785 Reg.
2914 5727 3075 5779 xvm,
3151 5710 3242 5766 47.
3317 5706 3363 5742 ³ο
3435 5706 3559 5763 Jos.
3638 5721 3714 5775 vr,
3786 5703 3861 5758 20

360 5775 406 5813 ³⁷
444 5775 561 5833 Jos.
592 5791 650 5847 ι,
682 5774 770 5833 13.
801 5774 849 5812 ’⁸
883 5775 1060 5835 Exod.
1092 5790 1232 5845 xvn,
1265 5774 1353 5835 11.
1386 5772 1572 5835 "10s.
1605 5790 1681 5847 vr,
1714 5775 1804 5832 20.
1838 5777 1886 5814 ³ο
1912 5778 2035 5837 Act.

2167 5772 2261 5849 re,“
2291 5779 2359 5837 17
2384 5798 2400 5845 ;
2429 5781 2576 5843 ποθι.
2610 5798 2675 5855 ιι,
2706 5772 2797 5845 202
