4130 6286
290 344 411 415 819
440 360 450 376 ‘

1638 343 1701 409 S.
1751 344 2083 412 MACARII
2124 348 2461 415 JEGYPTI!

290 484 388 557 qui
432 484 658 557 quwrit,
690 481 902 540 invenit
945 480 1010 539 δι.
1070 482 1133 539 Si
1192 481 1414 550 etenim,
1472 480 1686 551 inquit,
1724 497 1836 551 vos,
1894 486 1991 555 qui

2109 482 2261 549 λείας
2324 489 2422 541 τοῦ
2483 484 2720 547 αἰῶνος⁸
2790 487 2896 549 πᾶς
2967 480 3072 560 γὰρ
3138 484 3167 541 ὃ
3235 488 3412 557 ζητῶν
3450 485 3703 563 ιυρίσκει.
3758 487 3831 544 Ei

290 578 416 649 estis
443 575 604 640 mali,
637 574 808 631 nostis
839 574 979 630 bona
1017 573 1157 629 dona
1200 572 1329 628 dare
1378 571 1513 641 ﬁlii:
1551 574 1764 638 vestris,
1795 578 1999 644 quanto

290 666 465 736 magis
497 670 661 720 Pater
706 670 888 720 vester
943 664 1168 718 cmicstis
1208 661 1361 716 dabit
1390 662 1662 732 Spiritum
1687 664 2000 731 petentibus

291 769 417 810 eum
447 771 573 810 cum
594 755 799 810 virtute
849 754 899 809 et
935 768 1151 807 summa
1177 750 1307 819 ﬁdei
1334 749 1657 807 certitudine
1693 748 1740 782 ³³
1787 767 2000 807 secun-

293 846 431 901 dum
493 842 886 916 Apostolum‘?
933 842 1216 898 Caeterum
1283 842 1395 898 ista
1455 843 1644 911 modo,
1714 847 1995 912 tempore,

291 932 487 990 labore
518 950 775 999 summo,
808 930 1088 1004 patientia
1135 935 1309 1002 atque
1338 930 1646 988 dilectione
1675 932 1799 1002 ejus
1831 948 1998 988 com-

293 1028 595 1094 parantur,
627 1024 766 1077 dum
820 1025 1162 1077 exercentur
1208 1037 1425 1092 organa
1468 1021 1673 1077 animm
1697 1021 1998 1090 sensitive,

292 1117 358 1167 ut
403 1113 623 1167 dictum
676 1116 783 1179 est,
810 1114 865 1167 et
906 1111 1056 1166 bono
1098 1114 1155 1165 et
1201 1111 1378 1181 malo,
1410 1110 1700 1176 videlicet,
1771 1110 1999 1166 machi-

292 1203 406 1263 nis.
439 1202 672 1258 insidiis
731 1205 790 1257 et
841 1199 1264 1272 multiplicibus
1302 1200 1762 1256 circumstantiis
1824 1203 2000 1271 atque

293 1293 733 1361 deceptionibus
773 1291 1007 1346 malitia
1042 1307 1054 1346 :
1086 1290 1288 1346 itidem
1326 1306 1553 1361 quoque
1602 1290 1845 1346 diversis
1875 1305 2002 1361 gra-

292 1384 388 1437 tim
445 1383 636 1450 donis,
678 1382 852 1437 variis
926 1380 1253 1447 auxiliis,a
1326 1381 1538 1434 virtute
1613 1384 1670 1434 et
1743 1378 2000 1435 efﬁcacia

294 1472 549 1544 Spiritus
625 1471 916 1543 profectis.
967 1470 1073 1535 Qui
1132 1470 1286 1526 enim
1344 1469 1637 1541 cognoscit
1697 1468 1998 1525 cicatrices

294 1564 548 1632 malitias,
606 1561 1011 1619 affectionibus
1077 1561 1450 1633 inquinantes
1506 1560 1834 1616 interiorem
1892 1559 2000 1615 ho-

293 1655 556 1723 minem;
613 1660 668 1711 et
732 1668 848 1709 non
906 1652 1184 1725 perspicit
1240 1652 1299 1707 in
1357 1666 1421 1707 se
1471 1649 1746 1706 auxilium
1806 1649 1996 1706 sancti

290 1752 545 1825 Spiritus
573 1750 853 1812 veritatis,
888 1750 1351 1808 corroborantem
1395 1749 1792 1804 infirmitatem
1826 1762 1993 1803 suam

2107 578 2235 650 γὰρ,
2314 576 2499 654 φησὶν,
2569 575 2726 649 ὑμεῖς
2793 576 3027 649 πονηροὶ
3093 577 3264 648 ὅντες,
3332 574 3514 633 οἷ’δατε
3596 576 3835 652 δόματα

2109 666 2283 742 ἀγαθὰ
2343 664 2546 721 διδόναι
2612 671 2730 727 τοῖς
2794 664 3001 727 τέκνοις
3089 665 3265 738 ὑμῶν,
3346 668 3502 740 πόσῳ
3593 668 3831 742 μᾶλλον

2110 756 2296 828 Πατὴρ
2366 755 2518 829 ὑμῶν
2587 756 2615 811 ὁ
2674 754 2922 830 οὐράνιος
2989 753 3148 811 δώσει
3209 760 3421 829 Πνεῦμα
3474 746 3634 835 ἷίγιον
3692 764 3831 821 τοῖς

2110 845 2352 901 αἱτοῦσιν
2432 845 2614 914 αὐτὸν,
2700 842 2926 918 δυνάμει
3019 844 3108 899 καὶ
3192 844 3546 926 πληροφορίᾳ
3616 848 3830 924 πολλῇ

2108 937 2246 992 κατὰ
2299 937 2391 991 τὸν
2442 933 2836 1002 ’Δπόστολονς
2894 936 2969 989 Τὰ
3027 932 3118 990 οὖν
3174 938 3399 991 τοιαῦτα
3452 936 3544 991 καὶ
3604 936 3828 1013 μέτρῳ,

2109 1027 2198 1081 καὶ
2255 1025 2427 1098 πόνῳ,
2481 1026 2574 1080 καὶ
2620 1024 2777 1096 κόπῳ
2831 1022 3053 1096 πολλῷ,
3085 1023 3173 1079 γαὶ
3208 1024 3486 1101 ὑπομονῇ,
3518 1025 3607 1081 καὶ
3654 1027 3833 1101 φιλίᾳ

2107 1118 2176 1189 τῇ
2206 1116 2343 1188 πρὸς
2373 1115 2536 1170 αὐτὸν
2595 1113 2915 1190 εὑρίσκεται,
2971 1111 3401 1191 γυμναζομένων
3455 1119 3565 1171 τῶν
3618 1116 3831 1187 αἰσθη-

2106 1205 2315 1279 τηρίων
2344 1211 2443 1273 τῆς
2476 1207 2687 1282 ψυχῆς,
2731 1207 2865 1257 κατᾶ
2903 1202 2965 1257 τὸ
3015 1203 3332 1278 εἰρημένον,
3387 1202 3478 1259 διὰ
3524 1203 3695 1261 καλοῦ
3757 1227 3827 1261 τε

2108 1293 2199 1349 καὶ
2244 1297 2435 1363 κακοῦ,
2468 1290 2685 1361 δηλαδὴ
2719 1289 2808 1347 διά
2855 1312 2912 1347 τε
2949 1297 3057 1347 τῶν
3131 1298 3397 1370 μηχανῶν
3455 1294 3544 1348 καὶ
3594 1290 3825 1350 ἐπιϐου-

2110 1381 2245 1451 λῶν,
2294 1383 2384 1437 καὶ
2424 1380 2788 1456 πολυτρόπων
2854 1383 3243 1455 περιστάσεων,
3293 1383 3383 1437 καὶ
3431 1379 3663 1457 ἐνεόρῶν
3706 1391 3825 1454 τῆς

2107 1476 2298 1536 κακίας
2330 1495 2344 1511 υ
2400 1473 2612 1546 ὁμοίως
2652 1469 2711 1528 δὲ
2758 1474 2849 1527 καὶ
2881 1470 2969 1527 διᾶ
3010 1473 3117 1528 τῶν
3148 1470 3421 1551 διαφόρων
3453 1476 3823 1549 χαρισμάτων

2107 1568 2198 1621 καὶ
2257 1564 2529 1621 ποικίλων
2590 1562 2933 1637 ἂντιλήψεων
2994 1571 3095 1633 τῆς
3162 1563 3428 1639 ἐνεργείας
3498 1564 3589 1620 καὶ
3657 1564 3828 1622 δυνά-

2112 1676 2256 1730 μεως
2304 1659 2404 1709 τοῦ
2454 1654 2786 1726 Πνεύματος.
2832 1654 2892 1711 Ὁ
2942 1655 3043 1730 γὰρ
3096 1653 3375 1729 γνωρίζων
3430 1656 3531 1725 τὴν
3568 1655 3825 1727 ἐπουλήν

2106 1749 2204 1814 τῆς
2241 1745 2430 1799 κακίας
2472 1741 2560 1798 διὰ
2606 1747 2715 1798 τῶν
2774 1746 2957 1799 παθῶν
3027 1741 3344 1816 μιαίνουσαν
3412 1744 3504 1799 τὸν
3572 1742 3677 1800 ἔσω
3725 1748 3821 1802 ἄν.

292 1850 464 1913 atque
504 1846 875 1897 renovantem
925 1839 1183 1895 animam
1239 1838 1296 1893 in
1356 1837 1743 1895 exsultatione
1780 1836 1993 1903 cordis,

2107 1836 2343 1907 θρωπον,
2390 1831 2481 1889 καὶ
2543 1833 2618 1906 μή
2680 1833 3052 1908 ἐπιγινώσκων
3113 1835 3173 1887 ἓν
3239 1834 3389 1906 αὑτῷ
3439 1835 3539 1903 τὴν
3589 1833 3824 1907 ἀντίλη-

292 1930 581 2002 ejusmodi
644 1930 743 2001 qui
796 1933 906 1997 est,
964 1930 1090 1985 sine
1145 1929 1491 1985 discretione
1558 1927 1824 1998 graditur
1875 1941 1991 1981 non

290 2020 650 2091 perspiciens
725 2018 1138 2074 multiformem
1211 2016 1707 2089 dispensationem
1797 2014 1993 2085 gratias

289 2109 568 2180 pacisque
622 2107 851 2163 divinae.
914 2108 982 2162 Et
1037 2123 1068 2162 e
1112 2106 1355 2173 diverso,
1416 2104 1513 2173 qui
1584 2105 1895 2173 adjuvetur
1959 2118 1992 2157 a

288 2197 554 2263 Domino,
595 2202 652 2252 et
708 2197 896 2252 afﬂuit
952 2195 1150 2251 laetitia
1206 2194 1519 2266 spirituali,
1563 2210 1633 2249 ae
1686 2192 1849 2248 donis
1880 2207 1992 2246 cce-

290 2287 555 2353 le'stihus,
611 2287 659 2341 si
712 2286 1000 2341 existimet
1064 2301 1125 2340 se
1194 2301 1307 2341 non
1368 2283 1620 2355 amplius
1678 2282 1991 2337 obnoxium

290 2382 543 2447 peccato,
584 2376 872 2447 decipitur
909 2375 1153 2439 occulte,
1196 2375 1410 2445 quippe
1468 2373 1563 2443 qui
1624 2388 1738 2427 non
1780 2372 1993 2426 habeat

285 2467 615 2521 facultatem
667 2465 1036 2519 discernendi
1122 2463 1506 2519 subtilitatem
1570 2461 1824 2528 malitiae,
1885 2474 1990 2515 nec

286 2554 577 2624 intelligat
618 2554 898 2624 paulatim
938 2553 1063 2607 ﬁeri
1102 2557 1530 2608 incrementum
1574 2553 1858 2621 pueritiae,
1901 2556 1994 2607 at-

284 2658 395 2712 que
445 2642 856 2713 perfectionem
924 2643 983 2696 in
1050 2642 1331 2698 Christo:
1394 2659 1529 2696 nam
1611 2658 1708 2709 per
1764 2641 1989 2696 submi-

286 2731 690 2786 nistrationem
767 2730 1017 2800 Spiritus
1111 2730 1297 2786 sancti
1373 2735 1429 2785 et
1521 2730 1721 2796 divini,
1814 2730 1990 2785 simul

286 2821 432 2875 ﬁdes
508 2828 672 2876 aucta
746 2820 804 2873 in
885 2820 1305 2877 incrementum
1403 2822 1611 2888 tendit,
1685 2824 1742 2876 et
1817 2835 1992 2876 omne

278 2910 580 2966 munimen
653 2926 951 2982 pravarum
1024 2910 1442 2981 cogitationum
1518 2927 1586 2966 ex
1660 2914 1822 2981 parte
1896 2912 1993 2966 de-

285 3001 530 3054 struitnr
595 3015 785 3071 usque
841 3000 911 3054 ad
973 2999 1261 3071 integram
1319 2999 1699 3056 eversionem.
1732 2990 1991 3056 Scrutari

286 3091 460 3162 igitur
502 3090 669 3146 debet
716 3092 970 3162 quisque
1022 3099 1309 3157 nostrum,
1342 3091 1389 3146 si
1424 3091 1791 3146 inveneritin
1826 3089 1992 3146 ﬁctili

2105 1928 2195 1998 ῴιν
2229 1927 2326 1979 τοῦ
2358 1923 2511 1999 ἁγίου
2571 1922 2885 1996 Πνεύματος
2938 1928 3039 1992 τῆς
3093 1920 3353 1993 ἀληθείας
3409 1921 3816 1998 ἐνδυναμοῦσυν

2103 2015 2269 2069 αὑτοῦ
2325 2015 2423 2081 τήν
2481 2011 2753 2067 ἀσθένειαν
2815 2011 2905 2067 καὶ
2966 2012 3293 2068 ἀνανεοῦσαν
3344 2015 3443 2083 τὴν
3510 2016 3699 2088 ψυχὴν
3758 2014 3819 2070 ἐν

2103 2102 2423 2178 ἀγαλλιάσει
2480 2100 2727 2177 καρδίας,
2787 2102 2815 2156 ὁ
2872 2106 3131 2163 τοιοῦτος
3188 2101 3241 2157 ἰν
3332 2100 3645 2176 ἂδιακρισίᾳ
3705 2125 3821 2160 πο-

2105 2193 2336 2267 ρεύεται,
2381 2194 2456 2265 μή
2508 2193 2789 2267 γνωρίζων
2840 2212 2905 2265 γε
2954 2192 3062 2263 μήν
3108 2192 3209 2261 τὴν
3259 2191 3611 2266 πολύτροπον
3660 2194 3819 2248 οἰκο-

2104 2281 2300 2354 νομίαν
2350 2286 2451 2350 τῆς
2500 2284 2596 2336 τοῦ
2649 2284 2783 2336 Θεοῦ
2814 2278 3042 2355 χάριτος
3071 2282 3159 2335 καί
3212 2281 3458 2355 εῗρήνης,
3494 2283 3589 2337 Καὶ
3643 2282 3811 2338 πάλιν

2106 2369 2163 2426 δὲ
2193 2373 2221 2427 ό
2255 2371 2785 2446 βοηθούμενος’ὑπὸ
2831 2376 2928 2425 τοῦ
2985 2370 3208 2445 Κυρίου.
3275 2370 3364 2426 καὶ
3423 2372 3811 2446 εὑρισκόμενος

2103 2460 2155 2515 ἐν
2215 2459 2516 2539 εὐφροσύνῃ
2587 2480 2932 2534 πνευματικῃ
3011 2461 3101 2515 καὶ
3190 2459 3493 2536 χορίσμασι
3578 2460 3817 2536 ἐπουρα-

2102 2548 2259 2617 νίοις,
2317 2547 2403 2603 ἐὰν
2462 2549 2666 2623 νομίσῃ
2732 2548 2925 2621 μηκέτι
2986 2550 3293 2605 ἀνακεῖσθαι
3360 2550 3464 2604 ὑπὸ
3509 2557 3612 2620 τῆς
3640 2552 3816 2626 ἁμαρ-

2100 2636 2236 2701 τίας,
2294 2638 2562 2693 ἂπατᾶται
2625 2637 3022 2710 κλεπτόμενος,
3090 2638 3167 2710 μὴ
3245 2636 3531 2713 διακρίνων
3610 2638 3811 2695 λεπτό·

2102 2747 2241 2797 τητα
2297 2733 2397 2797 τῆς
2455 2726 2644 2790 κακίας
2680 2745 2694 2760 ⁸
2755 2727 2846 2781 καὶ
2908 2729 2983 2801 μή
3044 2728 3237 2783 συνιὼν
3295 2730 3394 2797 τὴν
3450 2728 3582 2784 κατὰ
3638 2730 3807 2801 μέρός

2101 2816 2398 2893 γενομένην
2428 2824 2531 2886 τῆς
2578 2817 2914 2887 νηπιότητος
2967 2812 3186 2888 αὔξησιν
3236 2816 3327 2873 καὶ
3380 2818 3689 2888 τελειότητα
3744 2816 3798 2872 ἐν

2081 2911 2339 2981 -Χριστῷ.
2376 2906 2473 2960 Διὰ
2500 2906 2601 2981 γὰρ
2632 2908 2731 2974 τῆς
2777 2906 3143 2983 ἐπιχορηγίας
3201 2910 3298 2961 τοῦ
3364 2907 3515 2982 ἁγίου
3567 2907 3658 2961 καὶ
3705 2910 3803 2962 θεῖ-

2102 2999 2200 3050 κοῦ
2258 2994 2569 3069 Πνεύμανος
2630 2996 2795 3070 [ὁμοῦ
2859 3017 2919 3051 τε
2948 2997 3037 3050 καὶ
3090 2998 3126 3065 ἡ
3153 2997 3333 3058 πίστις
3367 2995 3699 3068 αὐξανομένη
3733 2997 3807 3059 εἷς

2102 3088 2391 3161 πρυκοπὴν
2453 3085 2694 3162 ἔρχεται,
2748 3088 2838 3141 καὶ
2874 3091 2977 3141 πᾶν
3040 3086 3312 3160 ὀχύρωμα
3367 3091 3621 3163 πονηρῶν
3655 3085 3810 3161 λογι-

286 3182 394 3237 hoc
425 3189 701 3251 apparatu
734 3182 1095 3249 thesaurum,
1129 3181 1177 3236 si
1220 3181 1475 3237 induerit
1514 3196 1830 3252 purpuram
1873 3182 1993 3251 spi-

2107 3181 2257 3249 σμῶν
2326 3178 2460 3233 κατὰ
2521 3177 2683 3251 μέρος
2762 3182 2939 3262 χωρεῖ
3008 3176 3086 3239 είς
3140 3178 3446 3249 καθαίρεσιν
3544 3176 3807 3251 παντελῇ.

287 3270 457 3335 ritus,
500 3269 551 3323 si
579 3269 788 3325 viderit
826 3286 1040 3341 regem,
1080 3277 1135 3325 et
1197 3270 1478 3340 quieverit
1543 3271 1868 3341 proximum
1908 3269 1994 3325 illi

292 3360 503 3427 factus,
547 3361 594 3414 si
646 3361 884 3415 tandem
953 3360 1011 3414 in
1067 3360 1288 3416 alienas
1326 3362 1532 3416 domos
1582 3376 1641 3415 se
1699 3360 1992 3417 direxerit.

290 3447 438 3502 Nam
499 3447 693 3502 anima
751 3448 925 3502 habet
997 3452 1190 3517 partes
1251 3449 1489 3512 multas,
1530 3452 1588 3503 et
1627 3448 1994 3505 altitudinem

292 3551 591 3605 magnam,
632 3539 688 3591 et
725 3537 959 3590 demum
1021 3544 1320 3606 peccatum
1364 3538 1696 3608 ingressum
1739 3539 2002 3608 possedit

290 3624 451 3679 illius
484 3623 788 3678 universas
820 3629 1012 3694 partes
1057 3628 1114 3679 et
1161 3625 1353 3681 cordis
1396 3626 1737 3696 penetralia.
1781 3625 1999 3681 Deinde

290 3713 618 3783 inquirente
644 3714 900 3781 homine,
924 3716 1081 3771 venit
1113 3716 1297 3785 gratia
1350 3718 1419 3771 ad
1448 3732 1606 3785 eum,
1642 3721 1697 3772 et
1757 3723 2001 3787 occupat

294 3804 439 3858 duas
470 3803 683 3861 animae
714 3810 907 3876 partes
939 3806 1258 3877 aequaliter.
1284 3806 1393 3873 Qui
1424 3807 1604 3879 igitur
1634 3807 1858 3863 inscius
1889 3810 1999 3872 est,

293 3893 569 3950 invitatus
618 3912 649 3949 a
724 3895 927 3966 gratia,
998 3897 1315 3952 arbitratur
1380 3896 1626 3969 gratiam
1676 3898 2001 3969 ingressam

296 3999 499 4039 omnes
522 3984 727 4040 animai
759 3989 951 4055 partes
1000 3986 1280 4055 obtinere,
1317 3991 1375 4043 et
1430 3991 1732 4059 peccatum
1793 3986 2004 4041 radici-

294 4078 394 4131 tus
425 4074 610 4131 evelli.
646 4074 830 4145 Major
860 4080 1053 4132 autem
1086 4093 1220 4147 pars
1252 4094 1284 4133 a
1317 4081 1549 4149 peccato
1581 4077 1927 4149 possidetur,
1950 4080 2005 4131 et

297 4181 416 4220 una
470 4181 605 4237 pars
647 4182 681 4220 a
745 4166 974 4236 gratia;
1020 4170 1077 4222 et
1108 4166 1394 4237 decipitur
1422 4166 1516 4222 ille
1546 4171 1602 4221 et
1634 4168 1838 4223 nescit.
1900 4171 2006 4223 Per

296 4254 470 4327 plura
534 4258 725 4311 autem
784 4255 978 4311 adhuc
1046 4257 1115 4312 de
1183 4256 1277 4311 his
1345 4255 1630 4311 habentes
1696 4256 2001 4311 attentioni

297 4351 501 4401 vestrae
560 4346 914 4403 sinceritatis
963 4347 1303 4417 patefacere,
1338 4363 1437 4418 per
1496 4363 1677 4414 pauca
1734 4346 2004 4404 dedimus

297 4434 458 4489 vobis
496 4435 847 4506 principium
890 4439 954 4490 ut
991 4436 1457 4507 intelligentibus
1528 4436 1890 4503 hominibus,
1941 4444 2004 4492 ut

2107 3268 2356 3343 Ἐρευνᾷν
2414 3267 2509 3323 οὖν
2564 3266 2768 3346 ὀφείλει
2826 3261 3048 3330 ἕκαστος
3105 3269 3289 3340 ἡμῶν,
3340 3267 3384 3323 εἰ
3440 3266 3594 3341 εὗρεν
3652 3267 3810 3339 ἐντῷ

2107 3358 2409 3433 ὀστρακίνῳ
2439 3359 2620 3431 τούτῳ
2672 3356 2848 3412 σκεύει
2880 3362 2897 3396 ί
2947 3358 3040 3412 τὸν
3096 3358 3382 3431 θησαυρὸν,
3414 3357 3460 3412 εί
3528 3354 3809 3413 ἐνεδύσατο

2105 3449 2204 3517 τὴν
2263 3449 2544 3524 πορφύραν
2598 3451 2695 3502 τοῦ
2745 3446 3077 3520 πνεύματος,
3138 3447 3183 3502 εἰ
3240 3444 3349 3502 εἶδε
3405 3448 3497 3502 τὸν
3561 3445 3806 3523 βασιλέα,

2107 3539 2196 3593 καί
2256 3537 2531 3607 ἀνεπαύθη
2592 3542 2614 3577 ³
2673 3534 2968 3613 ἐγγύτατος
3061 3536 3227 3591 αὑτοῦ
3311 3536 3622 3614 γενόμενος,
3704 3535 3806 3592 εἴτε

2110 3628 2291 3699 ἀκμὴν
2346 3625 2423 3687 εἰς
2476 3624 2607 3687 τοὺς
2660 3624 2959 3696 ἐξωτάτους
3027 3624 3212 3690 οἷ’κους
3261 3622 3494 3681 διακινεῖ
3553 3646 3565 3659 ο
3618 3628 3652 3696 ἢ
3707 3624 3803 3699 γὰρ

2110 3716 2257 3789 λυχὴ
2292 3711 2406 3790 ἔχει
2445 3713 2586 3787 μέλη
2637 3713 2844 3782 πολλὰ,
2874 3715 2965 3769 καὶ
3028 3716 3194 3789 βάθος
3243 3713 3411 3783 πολὺ,
3437 3716 3528 3770 καὶ
3562 3714 3804 3784 λοιπὸνή

2111 3805 2347 3879 ἁμαρτία
2393 3801 2778 3859 ἐπεισελθοῦσα
2834 3804 3092 3879 κατέσχεν
3161 3805 3332 3874 αὐτῆς
3390 3802 3496 3859 ὅλα
3550 3806 3618 3859 τά
3670 3804 3805 3877 μέλη

2110 3894 2199 3951 καὶ
2254 3893 2349 3955 τὰς
2398 3894 2570 3967 νομὰς
2627 3900 2727 3963 τῆς
2775 3891 3021 3968 καρδίας.
3082 3894 3214 3949 Εἶτα
3271 3892 3659 3964 ἐπιζητοῦντος
3717 3896 3809 3949 τοῦ

2112 3984 2397 4058 ἀνθρώπου
2444 3978 2663 4059 ἔρχεται
2730 3984 2765 4052 ἡ
2823 3981 2986 4057 χάρις
3029 3983 3166 4058 πρὸς
3222 3982 3400 4051 αύτὸν,
3459 3984 3549 4037 καὶ
3596 3986 3806 4059 κατέχει

2114 4071 2210 4128 δύο
2244 4073 2385 4145 μέλη
2418 4079 2517 4141 τῆς
2560 4076 2746 4146 ψυχῆς
2806 4070 2955 4135 ἴσως.
3005 4072 3062 4127 '0
3114 4070 3207 4126 οὖν
3267 4068 3510 4146 ἄπειρος,
3568 4093 3811 4145 παρακα-

2114 4162 2415 4235 λούμενους
2448 4162 2550 4217 ὑπὸ
2605 4164 2705 4226 τῆς
2764 4159 3010 4236 χάριτος,
3068 4159 3306 4235 νομίζει,
3366 4161 3449 4217 ὅτι
3507 4159 3805 4232 ἐλθοῦσα-ἠ

2113 4254 2276 4329 χάρίς
2307 4251 2410 4307 ὅλα
2447 4252 2513 4307 τὰ
2570 4249 2709 4324 μέλη
2766 4257 2867 4319 τῆς
2925 4254 3110 4327 ψυχῆς
3169 4250 3422 4326 κατέσχε,
3475 4252 3566 4306 καὶ
3623 4251 3810 4328 ἐξερῥι-

2116 4342 2263 4413 ζώθη
2297 4344 2318 4379 ³
2347 4345 2381 4412 ἡ
2442 4341 2699 4416 ἁμαρτία.
2732 4342 2803 4397 Τὸ
2846 4340 3105 4397 πλεῖστον
3150 4338 3206 4397 δὲ
3267 4344 3430 4417 μέρος
3486 4349 3587 4411 τῆς
3637 4344 3807 4416 ἆμαρ-

2112 4432 2229 4495 τίας
2288 4436 2587 4506 κρατεῖται,
2642 4431 2732 4485 καὶ
2789 4428 2844 4485 ἓν
2908 4432 3074 4504 μέρος
3136 4431 3239 4486 ὑπὸ
3286 4438 3388 4501 τῆς
3416 4431 3807 4508 χάριτοςοκαέ

298 4527 632 4578 exercentes
662 4527 719 4577 et
749 4524 1095 4580 meditantes
1135 4541 1468 4581 sermonum
1500 4526 1795 4595 virtutem,
1827 4525 1997 4581 intel-

2117 4521 2511 4577 ὑποκλέπτεται
2541 4521 2630 4575 καὶ
2662 4520 2760 4575 οὐκ
2790 4517 2926 4579 οἵδε.
2970 4521 3067 4575 Διὰ
3117 4518 3387 4576 πλειόνων
3448 4518 3505 4575 δὲ
3557 4520 3631 4577 ἔτι
3686 4520 3801 4594 περέ

2190 4612 2200 4627 1
2376 4604 2401 4627 ,Ι
2651 4608 2666 4627 9
2831 4608 2878 4627 ~\
3026 4614 3053 4626 ιν
3111 4606 3136 4627 δ
3202 4608 3255 4627 ΔΙ
3433 4617 3460 4627 ον
3558 4610 3573 4627 ο
3689 4609 3699 4627 Ι

297 4612 634 4683 ligentiores
666 4611 822 4669 ﬂetis
853 4613 910 4669 in
964 4614 1228 4683 Domino,
1261 4619 1317 4670 et
1371 4615 1525 4673 158
1575 4615 2001 4687 simplicitatem

299 4701 488 4757 cordis
519 4704 688 4758 vestri
723 4706 989 4775 augeatis
1037 4707 1096 4761 in
1137 4706 1260 4775 ejus
1291 4707 1495 4777 gratia,
1528 4712 1586 4761 et
1610 4706 1821 4761 virtute
1850 4706 1997 4760 veri-

295 4791 459 4858 tatis,
495 4796 558 4847 ut
587 4808 717 4847 cum
776 4794 934 4849 omni
984 4796 1295 4851 securitate
1334 4801 1530 4851 vestrae
1565 4797 1733 4851 saluti
1768 4796 2000 4850 incum-

297 4880 524 4946 hentes,
556 4885 613 4936 et
668 4880 896 4937 liberati
954 4883 1026 4937 ab
1074 4884 1232 4938 omni
1288 4886 1622 4941 curiositate
1677 4890 1734 4941 et
1801 4884 1999 4941 fraude

302 4968 614 5023 adversarii
646 4969 805 5039 digni
865 4970 1202 5027 habeamini
1256 4972 1475 5028 innoxii
1519 4978 1576 5029 et
1614 4975 1810 5029 invicti
1840 4973 1998 5030 inve-

302 5059 416 5115 niri
446 5062 506 5113 in
563 5060 654 5115 die
706 5060 913 5131 judicii
975 5062 1197 5119 Domini
1248 5065 1583 5121 nostriJeeu
1624 5066 1874 5135 Christi;
1910 5068 2000 5124 cui

303 5149 489 5222 gloria
518 5153 575 5207 et
596 5153 848 5223 potestas
885 5168 1020 5207 cum
1054 5156 1221 5209 Patre
1260 5158 1317 5210 et
1344 5154 1571 5212 viviﬁco
1605 5157 1731 5230 ejus
1777 5156 1998 5228 Spiritu

367 5334 409 5371 ³¹
443 5335 640 5397 Matth.
668 5352 864 5405 xxvm,
894 5335 986 5391 20.
1014 5334 1062 5370 ³³
1094 5335 1297 5392 Matth.
1328 5353 1428 5407 χιι,
1465 5336 1549 5392 11.

2109 4612 2316 4666 τούτων
2376 4604 2595 4685 ἔχοντες
2648 4608 2950 4665 ἐπιστεῖλαι
2987 4614 3057 4684 τῇ
3109 4606 3339 4664 διαθέσει
3393 4617 3495 4680 τῆς
3552 4609 3796 4683 ὑμετέρας

2107 4701 2472 4776 είλικρινείας,
2506 4698 2574 4755 δι’
2627 4700 2833 4776 ὀλίγων
2895 4698 3175 4774 ἐδώκαμεν
3239 4701 3368 4773 ὑμῖν
3427 4701 3675 4779 ἀφορμὴν
3730 4701 3801 4764 ὡς

2109 4796 2353 4853 συνετοῖς
2407 4787 2685 4864 ἀνδράσιν,
2737 4786 2829 4843 ’ίνα
2914 4789 3271 4863 ἐργασάμενοι
3356 4790 3447 4844 καὶ
3533 4790 3809 4865 ἐξερευνή-

2109 4903 2293 4944 σαντες
2319 4880 2418 4949 τὴν
2465 4883 2575 4934 τῶν
2624 4877 2802 4953 λόγων
2866 4877 3109 4954 δύναμιν,
3180 4880 3530 4953 συνετώτεροι
3589 4876 3809 4954 γένησθε

2107 4971 2160 5028 ἐν
2195 4969 2399 5045 Κυρίῳ,
2457 4968 2546 5023 καὶ
2587 4969 2687 5037 τήν
2746 4967 3030 5041 ἁπλότητα
3076 4974 3178 5038 τῆς
3233 4966 3457 5043 καρδίας
3510 4968 3667 5040 ὑμῶν
3715 4967 3809 5023 αύ-

2109 5064 2301 5134 ξάνητε
2358 5060 2409 5114 ἐν
2461 5063 2530 5132 τῇ
2577 5058 2739 5114 άύτοῦ
2769 5060 2976 5134 χάριτι,
3010 5059 3096 5114 καὶ
3141 5057 3366 5132 δυνάμει
3398 5064 3498 5129 τῆς
3530 5058 3805 5131 ἀληθείας,

2105 5153 2202 5210 ’ἱνα
2265 5155 2398 5225 μετᾶ
2440 5149 2618 5222 πάσης
2676 5148 2970 5229 ἀσφαλείας
3029 5148 3379 5227 ἀντεχόμενοι
3437 5154 3538 5220 τῆς
3611 5149 3803 5206 ἐαυτῶν

1679 5517 1954 5580 VARIIE
1994 5514 2462 5578 LECTlONES.

365 5694 385 5732 ί
418 5690 554 5754 Cod.
587 5688 774 5766 σκεύη.
851 5690 875 5729 ⁸
912 5688 1011 5765 ἴση
1045 5689 1246 5766 ἀνεπάη
1277 5697 1375 5751 aut
1404 5683 1671 5761 ἀνεπαύη.
1747 5686 1771 5726 ³
1798 5686 1935 5747 Cod.
1978 5683 2292 5761 ἱξεριζώθη.

3689 356 3836 417 810
3898 354 3911 361 ’
