4130 6286
1677 360 1742 420 S.
1788 356 2123 420 MACARII
2164 354 2501 419 ιΕϐΥΡΤΙί

3728 353 3851 415 821

331 491 670 553 emundavit
711 492 1048 551 interiorem
1098 492 1393 549 hominem
1419 490 1447 549 ?
1479 508 1593 549 non
1624 492 1776 550 enim
1808 490 2025 564 qualis-

2143 487 2206 544 οὐ
2265 486 2369 564 γὰρ
2425 488 2461 557 ἡ
2495 486 2682 562 διποχὴ
2728 489 2839 541 τῶν
2884 489 3065 541 κακῶν
3109 482 3252 541 ἔστιν
3299 486 3335 557 ἡ
3378 486 3656 561 κάθαρσις,
3724 484 3861 542 ἀλλ’

332 597 561 654 cunque
608 582 967 638 abstinentia
1022 601 1054 638 a
1089 582 1277 650 malis,
1315 582 1414 637 sed
1461 598 1588 654 quas
1621 581 1857 637 intimos
1889 597 2028 637 con-

336 672 591 728 scientiae
638 674 804 729 sinus
843 673 1005 728 omni
1062 673 1501 743 inquinamento
1548 687 1681 726 cum
1733 670 2031 743 diligentia

332 766 637 833 expurgat,
691 763 941 833 perfecta
971 761 1207 817 demum
1238 761 1575 817 emundatio
1609 765 1719 816 est.
1755 760 1898 831 Ergo
1941 760 2030 814 in-

333 851 573 921 gredere
601 851 681 907 sis
712 852 856 908 heus
884 859 968 921 tu,
1015 852 1072 907 in
1125 850 1252 906 laxa
1302 852 1533 922 penitus
1580 850 1873 906 conclavia
1919 848 2030 904 late

334 938 497 995 intus
558 941 895 1011 vagantium
962 938 1381 1012 cogitationum
1444 944 1704 1008 tuarum,
1747 938 1817 993 ad
1868 942 2028 993 tuam

333 1028 617 1100 captivam
650 1034 706 1085 et
753 1045 978 1086 servam
1018 1029 1237 1101 peccati
1289 1034 1573 1096 mentem;
1606 1033 1661 1083 et
1690 1027 1818 1083 vide
1848 1026 1905 1083 in
1937 1026 2031 1081 in-

331 1117 471 1174 timo
520 1120 649 1188 ejus
700 1120 902 1189 fundo,
953 1119 1064 1175 sub
1111 1118 1286 1174 turba
1337 1117 1704 1173 bullientium
1746 1115 2031 1187 cogitatio-

331 1222 495 1275 num,
526 1208 587 1263 in
618 1207 787 1279 ipsis,
818 1224 945 1279 quae
987 1208 1195 1263 animae
1246 1206 1567 1278 penetralia
1598 1208 1894 1271 dicuntur,
1928 1221 2028 1262 oc-

332 1296 677 1352 cultissimis
724 1297 1091 1353 conscientia
1139 1298 1489 1365 recessibus,
1557 1299 1879 1367 reptantem
1938 1293 2029 1349 ni-

332 1384 749 1457 dulantemque
803 1402 1073 1457 anguem,
1125 1385 1223 1458 qui
1275 1391 1332 1442 te
1385 1384 1612 1452 occidit,
1662 1400 1884 1440 veneno
1925 1398 2031 1437 suo

330 1475 569 1530 insectis
614 1475 893 1531 vitalibus
924 1475 1134 1531 animae
1178 1480 1290 1531 tua;
1323 1474 1577 1546 partibus
1606 1489 1671 1529 ac
1720 1472 2033 1529 membris.

2138 581 2174 648 ἡ
2221 577 2355 633 κατὰ
2402 574 2705 647 συνείδησιν
2760 575 2943 631 τελεία
3000 576 3280 649 κάθαρσις.
3337 574 3565 631 Εῗσελθε
3626 574 3754 651 γὰρ,
3806 576 3853 630 ὦ

2140 666 2322 739 οὗτος,
2364 665 2451 723 διὰ
2490 675 2591 737 τῆς
2633 671 2740 721 τῶν
2789 665 3075 743 λογισμῶν
3111 687 3206 721 σου
3255 665 3549 729 ἐπιτάσεως
3593 669 3728 742 πρὸς
3758 668 3854 722 τὸν

2140 758 2524 834 αἰχμάλωτον,
2572 757 2660 813 καὶ
2709 754 2906 813 δοῦλον
2960 765 3061 827 τῆς
3116 758 3387 832 ἁμαρτίας
3434 762 3558 812 νοῦν
3607 779 3725 828 σου,
3756 758 3851 813 καὶ

2140 847 2220 904 ἴδε
2261 850 2355 903 τὸν
2386 848 2696 922 κατώτερον
2740 851 2837 902 τοῦ
2879 850 2974 901 νοῦ
3028 848 3119 901 καὶ
3184 847 3475 921 βαθύτερον
3529 853 3635 902 τῶν
3698 845 3853 923 λογι-

2141 943 2318 1012 σμῶν,
2358 936 2435 1000 εἷς
2484 937 2551 992 τὰ
2596 957 2663 991 τα
2712 934 2984 1009 λεγόμενα
3014 940 3236 1007 ταμιεῖα
3264 942 3364 1005 τῆς
3403 940 3591 1014 ψυχῆς
3625 956 3719 990 σου
3749 936 3843 991 τὸν

2136 1024 2366 1101 ἓρποντα
2411 1026 2500 1080 καὶ
2563 1022 2959 1099 ἐμφωλεύοντα
3034 1024 3181 1097 ὅφιν,
3238 1026 3332 1079 τὸν
3401 1024 3735 1102 φονεύσαντά
3792 1044 3849 1080 σε

2140 1112 2228 1170 διὰ
2264 1114 2374 1169 τῶν
2405 1113 2774 1189 καιριωτέρων
2804 1121 2906 1183 τῆς
2950 1117 3136 1188 ψυχῆς
3186 1133 3281 1168 σου
3333 1113 3515 1187 μελῶν
3549 1129 3565 1146 ο
3618 1108 3848 1175 ἄϐυσσος

2137 1203 2239 1280 γάρ
2295 1200 2437 1257 ἐστιν
2497 1199 2881 1271 ἀκατάληπτος
2932 1202 2967 1269 ἡ
3034 1198 3229 1275 καρδία
3283 1217 3298 1233 ·
3356 1200 3446 1255 καὶ
3518 1199 3605 1256 ἐὰν
3653 1204 3844 1256 τοῦτον

2140 1297 2425 1369 φονεύσῃς,
2455 1291 2735 1365 καύχησαι
2766 1294 2847 1362 τῷ
2888 1294 3006 1362 Θεῷ
3055 1291 3177 1364 περῖ
3234 1290 3606 1364 καθαρότητος
3638 1310 3651 1324 ·
3694 1288 3738 1343 εί
3792 1286 3851 1344 δὲ

2144 1384 2244 1455 μὴ,
2288 1382 2639 1441 ταπεινωθεῖς
2689 1379 2765 1442 ὡς
2812 1376 2999 1447 ἐνδεὴς
3044 1379 3133 1433 καί
3187 1376 3520 1453 ἁμαρτωλὸς
3569 1378 3702 1453 ὑπὲρ
3728 1382 3837 1433 τῶν

2138 1470 2385 1546 κρυφίων
2426 1490 2521 1524 σου
2554 1466 2813 1542 δεόμενος
2842 1472 2940 1524 τοῦ
2971 1472 3127 1526 Θεοῦ.

330 1565 585 1636 Abyssus
631 1566 782 1621 enim
847 1565 1322 1635 inperscutabilis
1371 1580 1469 1619 cor
1505 1568 1613 1629 est,
1663 1568 1719 1619 et
1768 1562 1814 1617 si
1851 1560 2087 1634 quidem
2129 1562 2310 1617 istum
2366 1559 2749 1626 interteceris,
2802 1565 2943 1616 tunc
2988 1577 3124 1615 sane
3152 1560 3301 1616 aude
3322 1561 3477 1631 apud
3508 1562 3687 1618 Deum
3720 1559 3849 1632 glo-

332 1653 469 1708 riari
518 1654 589 1708 de
638 1661 736 1708 tua
785 1654 1033 1724 puritate
1080 1667 1097 1709 :

332 1740 431 1798 illo
463 1743 696 1815 procide
726 1760 920 1810 orans,
952 1748 1016 1799 ut
1046 1748 1101 1799 te
1131 1743 1203 1799 ab
1243 1743 1487 1799 occultis
1518 1742 1638 1798 tuis
1671 1742 1937 1797 mundet.

1148 1653 1240 1709 sin
1284 1653 1501 1720 minus,
1550 1652 1917 1720 humiliatus,
1980 1654 2046 1706 ut
2106 1650 2378 1722 indigens
2439 1658 2492 1705 et
2540 1654 2829 1722 peccator,
2898 1649 3107 1705 accede
3169 1649 3240 1705 ad
3285 1647 3489 1717 Deum,
3541 1654 3599 1706 et
3650 1665 3848 1707 coram

406 1834 475 1889 II.
523 1838 671 1889 Vera
718 1850 875 1890 mors
922 1834 1083 1890 intus
1132 1835 1189 1889 in
1223 1834 1395 1890 corde
1426 1833 1770 1889 abscondita
1806 1836 1897 1888 est
1920 1847 2025 1905 qus

2220 1832 2296 1886 B'.
2336 1833 2395 1886 Ὁ
2442 1827 2704 1899 ἀληθινὸς
2751 1826 2977 1891 θάνατος
3025 1822 3237 1883 ἔνδοθεν
3286 1827 3337 1883 ἐν
3383 1832 3451 1902 τῇ
3519 1825 3716 1903 καρδίᾳ
3753 1829 3848 1883 κέ-

331 1924 584 1979 exterior
629 1923 827 1990 homo,
861 1932 1158 1995 utcunque
1222 1922 1442 1996 spirare
1507 1922 1789 1989 videatur,
1839 1937 2034 1977 revera

330 2018 420 2069 est
452 2020 740 2071 mortuus.
782 2015 843 2070 Si
882 2014 1014 2086 quis
1046 2014 1222 2086 igitur
1267 2014 1327 2071 in
1368 2013 1467 2070 illo
1512 2029 1723 2069 arcano
1778 2012 1967 2068 cordis
2000 2029 2033 2067 a

330 2109 517 2160 morte
551 2104 622 2159 ad
658 2104 834 2159 vitam
886 2104 1118 2172 transit,
1164 2104 1216 2160 is
1257 2119 1390 2159 vere
1440 2102 1575 2157 vivit
1616 2102 1732 2157 vita
1764 2101 2022 2172 perenni,

329 2208 437 2249 nec
485 2192 741 2265 amplius
782 2193 1046 2250 moritur.
1085 2193 1203 2249 Etsi
1236 2193 1390 2248 enim
1426 2192 1626 2247 talium
1659 2206 1887 2262 quoque
1908 2206 2027 2246 cor-

331 2297 493 2352 pora,
527 2281 937 2352 separantibus
971 2298 1032 2337 se
1081 2286 1299 2338 statuto
1330 2289 1586 2351 tempore
1615 2280 1687 2335 ab
1718 2280 1786 2335 iis
1815 2278 2030 2335 anima-

330 2370 465 2440 bus,
514 2374 671 2426 certo
718 2370 909 2442 spatio
957 2371 1278 2437 solvuntur,
1327 2372 1532 2427 eadem
1580 2374 1799 2437 tamen,
1830 2373 2030 2439 utpote

330 2459 714 2519 sanctiﬁcata.
760 2464 1065 2532 resurgant
1110 2476 1245 2517 cum
1291 2460 1495 2532 gloria.
1537 2463 1847 2531 Propterea
1876 2474 2028 2515 som-

331 2562 471 2601 num
503 2564 780 2603 vocamus
808 2553 1051 2604 mortem
1086 2557 1438 2604 sanctorum.

403 2634 499 2689 IlI.
532 2639 731 2690 Totum
782 2636 1093 2691 adversarii
1148 2642 1425 2693 certatam
1479 2636 1537 2691 in
1569 2652 1636 2692 eo
1668 2636 1930 2703 desudat,
1969 2638 2031 2691 ut

330 2728 503 2794 queat
588 2727 840 2779 mentem
903 2730 1168 2781 nostrum
1227 2742 1262 2780 a
1333 2725 1431 2781 Dei
1515 2725 1911 2781 recordatione
1976 2730 2032 2779 et

331 2826 529 2866 amore
577 2810 936 2881 abstrahere,
998 2812 1301 2869 illecebras
1365 2814 1437 2868 ad
1485 2812 1543 2867 id
1593 2812 1876 2868 adhibens
1920 2816 2031 2868 ter-

329 2914 524 2965 renes,
565 2900 843 2972 omnique
891 2908 1013 2957 arte
1048 2905 1317 2969 satagens
1363 2902 1632 2957 affectum
1676 2916 2030 2973 sensumque

329 2992 594 3044 nostrum
648 2989 719 3044 ab
764 3005 853 3055 eo,
904 2991 1005 3062 qui
1065 3007 1221 3046 unus
1262 3006 1395 3046 vere
1433 2990 1622 3048 bonus
1654 2995 1764 3059 est,
1813 2993 1881 3046 ad
1941 3006 2027 3058 ea,

328 3093 455 3149 quae
528 3075 651 3133 sola
726 3078 1018 3148 opinione,
1070 3094 1183 3134 non
1248 3082 1443 3135 autem
1504 3077 1688 3134 solida
1768 3077 2028 3144 veritate,

324 3164 479 3220 bona
526 3168 685 3234 sunt,
729 3170 1005 3221 avertere.
1055 3164 1453 3238 Quodcunque
1511 3167 1667 3221 enim
1709 3165 1881 3222 homo
1922 3168 2024 3223 bo-

325 3270 465 3309 num
516 3254 674 3321 facit,
730 3255 987 3326 polluere
1038 3270 1105 3312 ac
1154 3256 1559 3311 contaminare
1605 3257 1903 3328 improbus
1932 3274 2027 3314 co-

327 3346 522 3407 natur,
574 3344 940 3414 maximeque
980 3346 1299 3411 contendit,
1335 3361 1469 3400 cum
1510 3361 1682 3417 quem
1712 3346 1868 3403 videt
1914 3346 2027 3417 legi

327 3431 699 3486 observanda:
743 3447 978 3502 operam
1028 3432 1287 3500 dantem,
1326 3434 1484 3504 operi
1540 3436 1690 3491 bono
1722 3441 1824 3491 aut
1860 3452 2026 3492 vanas

2141 1940 2399 1994 κρυπται,
2464 1918 2555 1973 καὶ
2615 1920 2643 1973 6
2701 1917 2984 1991 ἄνθρωπος
3042 1912 3149 1972 ἔσω
3204 1915 3550 1992 νενὲκρωται.
3623 1917 3695 1974 Εἴ
3760 1940 3848 1983 τις

2144 2009 2236 2064 οὖν
2283 2002 2647 2080 μεταϐέϐηκεν
2702 2006 2761 2060 ἐκ
2799 2010 2895 2061 τοῦ
2954 2007 3182 2061 θανάτου
3229 2007 3303 2068 είς
3344 2008 3445 2074 τήν
3497 2006 3644 2076 ζωὴν
3686 2005 3736 2061 ἔν
3763 2010 3847 2077 τῷ

2141 2102 2385 2174 κρυπτῷ,
2420 2096 2576 2159 οὗτος
2635 2094 2858 2166 ἀληθῶς
2900 2094 2976 2158 είς
3026 2094 3156 2159 τοὺς
3202 2095 3402 2158 αἷῶνας
3452 2099 3541 2167 ζῇ,
3602 2096 3689 2150 καὶ
3745 2094 3845 2151 οὐκ

2141 2186 2469 2257 ἀποθνήσκει
2522 2203 2540 2219 ⁸
2600 2183 2726 2240 ἀλλ’
2784 2185 2830 2239 εί
2886 2186 2978 2240 καὶ
3031 2186 3100 2241 τᾶ
3157 2186 3381 2259 σώματα
3422 2189 3533 2239 τῶν
3580 2185 3843 2242 τοιούτων

2142 2274 2329 2332 λύεται
2388 2276 2525 2350 πρὸς
2573 2274 2763 2351 καιρόν
2800 2295 2939 2345 τινα,
2988 2274 3115 2331 ἀλλ’
3160 2273 3253 2330 οῦν
3297 2275 3599 2350 ἡγιασμένι
3634 2277 3694 2331 τὲ
3737 2275 3838 2331 εἶσι

2136 2366 2228 2421 καὶ
2286 2364 2583 2441 ἐγείρονται
2630 2365 2725 2419 σὺν
2766 2362 2894 2439 δόξῃ
2930 2382 2945 2399 ’
3011 2361 3097 2420 διὸ
3134 2364 3227 2421 καὶ
3268 2362 3433 2421 ὕπνον
3474 2362 3712 2440 λέγομεν
3740 2365 3840 2434 τὴν

2137 2453 2400 2529 κοίμησιν
2420 2458 2527 2509 τῶν
2568 2453 2760 2529 ἁγίων.

2209 2638 2283 2693 I".
2338 2631 2504 2695 Ὅλος
2564 2633 2592 2687 6
2646 2631 2790 2708 ἀγὼν
2839 2636 2937 2687 τοῦ
2990 2630 3356 2705 ἀντικειμένου
3432 2631 3593 2697 οὗτός
3676 2633 3838 2703 ἐστιν,

2131 2719 2225 2777 ’ίνα
2255 2718 2464 2794 δυνηθῇ
2492 2722 2584 2776 τὸν
2615 2724 2741 2776 νοῦν
2771 2722 2935 2794 ἡμῶν
2968 2720 3074 2776 ἀπὸ
3103 2728 3203 2790 τῆς
3252 2721 3392 2794 πρὸς
3447 2722 3576 2777 Θεὸν
3614 2723 3839 2794 μνήμης

2136 2812 2225 2865 καὶ
2297 2810 2514 2885 ἀγάπης
2574 2809 2859 2879 ἒκσπᾶσαι,
2941 2807 3269 2883 δελεάσμασι
3341 2809 3554 2885 γηίνοις
3612 2810 3834 2883 χρώμε-

2137 2920 2252 2965 νος,
2301 2898 2391 2954 καὶ
2431 2901 2538 2955 ἀπὸ
2581 2902 2679 2954 τοῦ
2737 2899 2894 2960 ὄντος
2955 2897 3130 2954 καλοῦ
3177 2900 3558 2974 παρεκτρέπων
3619 2897 3707 2953 ἐπὶ
3767 2898 3834 2952 τὰ

2140 2987 2387 3061 δοκήσει,
2418 2987 2545 3046 ἀλλ’
2611 2992 2712 3045 οὐκ
2767 2989 2939 3053 ὅντως
2993 2987 3155 3045 καλά’.
3216 2994 3326 3045 Πᾶν
3363 2992 3465 3067 γὰρ
3504 2990 3533 3043 ’ὁ
3587 2988 3674 3044 ἐὰν
3703 2992 3836 3062 ποιῇ

2138 3079 2424 3155 ἄνθρωπος
2488 3079 2681 3149 καλὸν,
2733 3077 2962 3134 σπιλοῦν
3015 3078 3106 3134 καὶ
3186 3078 3415 3151 μιαίνειν
3493 3079 3522 3133 6
3602 3076 3840 3151 πονηρὸς

2140 3168 2420 3244 βούλεται,
2470 3168 2562 3223 καὶ
2609 3170 2709 3238 τήν
2765 3166 2905 3224 ἲδίαν
2951 3167 3272 3244 ἐπεισπορᾶν
3319 3176 3420 3238 τῆς
3468 3165 3774 3238 κενοδοξαίς
3803 3167 3837 3237 ἢ

2139 3258 2379 3327 ὀνήσεως
2436 3260 2505 3330 τῇ
2560 3255 2753 3331 ἐντολῇ
2812 3257 3101 3332 συμμίγειν
3166 3257 3487 3333 ἀγωνίζεται
3538 3276 3552 3291 ·
3607 3256 3703 3313 ’ίνα
3760 3258 3837 3330 μὴ

2138 3344 2228 3401 διὰ
2284 3347 2413 3402 Θεὸν
2442 3346 2533 3402 καὶ
2570 3346 2735 3420 μόνον
2786 3347 2923 3402 κατὰ
2973 3347 3279 3421 προθυμίαν
3328 3347 3542 3423 ἀγαθὴν
3589 3348 3654 3404 τὸ
3695 3348 3841 3424 γινὸ-

2142 3456 2298 3509 μενον
2333 3436 2533 3511 ἀγαθὸν
2561 3438 2809 3512 γενηται.

325 3518 546 3591 gloriae,
596 3527 691 3574 ant
748 3519 991 3574 tumidae
1038 3521 1127 3575 sui
1171 3521 1545 3591 praesidentia:
1606 3522 1794 3578 labem
1835 3524 2187 3597 inspergere,
2235 3542 2306 3583 ne
2354 3527 2454 3583 Dei
2502 3527 2683 3584 solius
2736 3543 2932 3598 causa,
2980 3536 3034 3584 et
3103 3544 3173 3585 ex
3204 3528 3354 3587 bono
3428 3545 3677 3601 vereque
3708 3529 3838 3586 lau-

328 3607 504 3663 dabili
538 3609 857 3679 proposito,
891 3609 1045 3679 quod
1077 3610 1331 3665 exterius
1362 3610 1505 3665 bene
1534 3611 1610 3667 sit
1640 3611 1889 3668 interius
1919 3620 2169 3683 geratur.

398 3694 494 3751 IV.
528 3696 671 3761 Quid
716 3697 943 3768 igitur?
982 3715 1089 3755 nos
1120 3715 1419 3770 nunquam
1449 3717 1516 3755 ac
1547 3718 1840 3773 nusquam
1872 3701 2029 3758 soliti

328 3788 388 3843 in
427 3803 526 3843 cor
572 3792 837 3844 nostrum
878 3788 1126 3860 ingredi,
1172 3791 1466 3861 quomodo
1497 3790 1847 3863 incipiemus
1874 3792 2031 3849 ?Per

323 3875 613 3947 jejunium
646 3884 699 3932 et
730 3878 1053 3934 orationem
1093 3878 1232 3934 foris
1253 3884 1471 3935 stantes
1504 3881 1825 3951 pulsemus,
1860 3885 2029 3953 prout

329 3964 614 4022 Dominus
654 3966 851 4036 jussit,
900 3967 1103 4022 dicens
1131 3984 1144 4022 :
1179 3968 1402 4024 Pulsats
1428 3978 1479 4024 et
1508 3970 1787 4040 aperietur
1816 3971 1965 4026 vobis
1985 3973 2026 4028 ί.

330 4055 389 4111 Si
419 4054 577 4111 enim
609 4056 1107 4127 permanserimus
1130 4056 1188 4112 in
1221 4057 1392 4112 verbo
1416 4059 1643 4113 Domini
1673 4062 1731 4113 et
1759 4059 1817 4114 in
1851 4076 2025 4115 sensu

328 4144 531 4200 intime
587 4145 846 4201 demisso
894 4145 1287 4202 mendicitatis
1335 4150 1392 4201 et
1420 4147 1653 4203 vilitatis
1686 4157 1921 4217 nostras;
1962 4165 2029 4204 ac

326 4234 504 4290 simul
551 4235 821 4291 exercitio
854 4240 1196 4291 cunctarum
1241 4252 1369 4307 quia
1402 4253 1502 4309 per
1532 4240 1810 4295 mandata
1842 4239 2027 4311 impc-

326 4327 547 4390 rantur,
598 4324 901 4391 virtutum,
959 4330 1126 4380 nocte
1186 4342 1252 4381 ac
1313 4326 1406 4382 die
1464 4329 2025 4398 perseveraverimus
2076 4372 2077 4379 η

326 4412 623 4482 pulsantes
672 4413 1039 4482 spiritualem
1110 4415 1335 4470 Domini
1393 4417 1651 4487 januam,
1709 4418 2028 4489 poterimus

327 4501 502 4573 potiri
552 4518 639 4569 eo,
685 4505 835 4574 quod
888 4505 1217 4573 quaerimus.
1270 4505 1377 4561 Per
1407 4506 1557 4563 hanc
1587 4507 1743 4563 enim
1777 4508 2025 4578 januam

2211 3704 2283 3759 A'.
2323 3702 2384 3757 Τί
2416 3701 2510 3757 οῦν
2544 3725 2558 3774 ;
2606 3707 2774 3777 ἡμεῖς
2804 3704 2855 3760 οἱ
2905 3702 3170 3779 μηδόλως
3195 3706 3270 3764 εἰς
3313 3707 3413 3776 τήν
3458 3705 3680 3781 καρδίαν
3728 3707 3838 3762 εἷσ-

2140 3790 2407 3861 ελθόντες,
2453 3797 2570 3855 πῶς
2619 3792 2954 3868 ἆρξώμεθας
3010 3792 3098 3849 διὰ
3151 3794 3399 3867 νηστείας
3455 3797 3547 3851 καὶ
3600 3816 3839 3868 προσευ-

2140 3884 2252 3959 χῆς
2281 3878 2386 3950 ἔξω
2416 3880 2645 3944 ἑστῶτες
2682 3884 2979 3957 κροῦομεν,
3014 3883 3190 3946 καθὼς
3239 3885 3266 3939 6
3317 3885 3515 3959 Κύριος
3564 3882 3838 3941 ἐκέλευσεν

2140 3970 2304 4026 εἰπών
2340 3990 2355 4004 °
2438 3973 2669 4046 Κρούετε
2746 3973 2835 4028 καὶ
2910 3976 3258 4050 ἀνοιγήσεται
3333 3976 3485 4047 ὑμῖν.
3543 3976 3666 4032 Ἐὰν
3734 3978 3838 4051 γὰρ

2140 4061 2486 4135 ἐμμείνωμεν
2531 4068 2611 4135 τῷ
2650 4061 2804 4140 λόγῳ
2832 4068 2930 4119 τοῦ
2964 4064 3185 4140 Κυρίου,
3216 4064 3307 4120 καὶ
3336 4068 3403 4139 τῇ
3451 4067 3721 4141 πτωχείᾳ,
3749 4067 3840 4122 καὶ

2138 4156 2218 4222 τῷ
2272 4154 2511 4223 ταπεινῷ
2577 4155 2910 4228 φρονήματι,
2972 4155 3063 4208 καὶ
3117 4155 3313 4215 πάσαις
3356 4160 3477 4216 ταῖς
3524 4160 3634 4211 τῶν
3688 4155 3844 4212 ἐντο-

2140 4238 2252 4294 λῶν
2311 4240 2525 4313 ἀρεταῖς
2589 4243 2783 4303 νυκτὸς
2840 4243 2929 4297 καὶ
2990 4244 3197 4317 ἡμέρας
3255 4243 3547 4318 κρούοντες
3607 4245 3683 4306 εἷς
3742 4247 3842 4314 τήν

2136 4330 2509 4401 πνευματικὴν
2562 4334 2659 4384 τοῦ
2726 4332 2931 4404 Κυρίου
3003 4331 3189 4405 θύραν,
3249 4331 3587 4406 δυνησόμεθα
3651 4340 3837 4409 τυχεῖν

2135 4422 2233 4473 τοῦ
2282 4418 2640 4491 ζητουμένου.
2696 4421 2799 4474 Atii
2844 4420 3045 4491 ταύτης
3094 4421 3197 4495 γὰρ
3248 4428 3348 4490 τῆς
3407 4422 3572 4498 θύρας
3621 4423 3837 4478 δύναται

2137 4506 2572 4582 ἀπολυτρώσεως
2629 4514 2818 4583 τυχεῖν
2873 4516 2979 4573 πᾶς
3031 4512 3058 4564 ὁ
3116 4511 3456 4586 βουλόμενος
3510 4518 3689 4592 φυγεῖν
3735 4517 3833 4567 τοῦ

327 4597 519 4664 potest
556 4591 955 4650 liberationem
1005 4595 1236 4666 assequi
1287 4595 1625 4667 quicunque
1664 4596 1781 4652 vult
1826 4598 2025 4667 fugere

2143 4598 2379 4660 σκότους.
2450 4597 2698 4672 Εὑρίσκει
2730 4582 2855 4674 γὰρ
2910 4600 3022 4655 ἐκεῖ
3066 4582 3166 4671 τῆν
3216 4582 3533 4676 ἐλευθερίαν·
3572 4582 3666 4670 τῆς
3720 4604 3825 4674 ψυ-

326 4698 359 4736 a
390 4681 724 4753 captivitate
771 4685 1166 4740 tenebrarum.
1212 4685 1437 4742 Invenit
1480 4687 1696 4759 quippe
1734 4689 1814 4744 ibi
1843 4687 2027 4744 liber-

325 4774 505 4825 tatem
537 4772 768 4838 animae,
791 4776 848 4827 et
880 4773 1084 4845 recipit
1112 4790 1398 4845 congruas
1428 4774 1542 4847 ipsi
1574 4775 2023 4848 congitationes;

326 4874 390 4913 ac
434 4861 672 4915 tandem
705 4877 771 4916 eo
830 4878 1015 4932 usque
1048 4864 1403 4933 provehitur,
1439 4869 1502 4921 ut
1541 4866 1832 4938 possideat
1862 4867 2018 4925 cmle-

326 4952 473 5003 stem
508 4963 701 5019 regem
727 4948 1059 5006 Chrsitium.

397 5037 741 5093 100-162
772 5038 837 5097 V.
870 5041 1111 5106 Quando
1142 5058 1308 5099 mens
1339 5042 1519 5100 oblita
1550 5044 1724 5101 fuerit
1754 5045 2024 5102 mentalis

323 5130 381 5183 et
409 5126 519 5199 piae
550 5126 903 5195 alﬂictionis,
935 5134 1075 5184 tunc
1097 5136 1155 5187 et
1185 5133 1599 5189 mandatorum
1629 5136 2023 5203 obliviscitur;

324 5218 561 5287 quando
602 5216 829 5271 videtur
877 5234 1123 5288 currere,
1176 5226 1329 5278 errat
1362 5240 1393 5277 a
1436 5222 1528 5279 via
1560 5223 1752 5295 plana,
1787 5230 1843 5280 et
1870 5227 2023 5283 obli-

324 5306 457 5377 quis
504 5320 719 5377 gyrans
759 5306 983 5361 semitis
1013 5309 1276 5365 ambulat
1320 5326 1334 5365 :
1388 5316 1621 5384 pr0pter
1651 5314 1803 5385 quod
1852 5314 1912 5371 in
1944 5314 2023 5370 fe-

324 5410 419 5451 ras
462 5393 713 5451 incurrit
743 5395 972 5450 bestias.
1025 5397 1146 5452 Nisi
1202 5399 1355 5454 enim
1388 5400 1664 5457 orationis
1692 5406 1749 5457 et
1779 5402 1903 5474 spei
1949 5403 2025 5460 la-

323 5484 523 5540 borem
578 5485 1021 5555 excidissemus,
1081 5503 1197 5545 non
1270 5491 1477 5562 utique
1535 5494 2022 5563 peccavissemus.

394 5662 417 5701 ι
448 5664 655 5723 Matth.
683 5681 781 5740 vn,
810 5670 877 5737 7;
913 5668 1051 5727 Luc.
1085 5672 1237 5741 11,9.

2137 4689 2268 4765 χῆς,
2326 4688 2415 4743 καὶ
2486 4683 2862 4761 ἀπολαμϐάνει
2919 4688 3046 4751 τοὺς
3121 4688 3429 4766 λογισμούς
3502 4689 3664 4761 αὐτῆς
3736 4691 3832 4748 καὶ

2131 4780 2319 4831 κτᾶται
2351 4776 2441 4831 τὸν
2476 4775 2791 4850 ἐπουράνιον
2827 4778 3052 4853 βασιλέα
3081 4780 3342 4854 Χριστόν.

2206 5047 2278 5101 Ε’.
2312 5048 2472 5101 Ὅταν
2503 5048 2531 5101 6
2555 5052 2679 5102 νοῦς
2710 5046 3036 5118 ἐπιλάθηται
3063 5057 3163 5119 τῆς
3208 5057 3395 5126 νοερᾶς
3437 5053 3525 5107 καὶ
3585 5047 3837 5117 εὐσεϐοῦς

2132 5134 2394 5209 θλίψεως,
2427 5138 2549 5192 τότε
2586 5138 2675 5193 καὶ
2722 5143 2831 5193 τῶν
2864 5138 3099 5195 ἐντολῶν
3133 5140 3422 5197 ἐπελάθετο
3454 5157 3471 5174 ·
3501 5144 3593 5198 καί
3626 5144 3743 5198 ὅθεν
3776 5140 3836 5197 ἃν

2133 5222 2269 5299 δοκῇ
2325 5226 2565 5305 τρέχειν,
2614 5228 3035 5303 παρεκτρέπεται
3092 5237 3192 5301 τῆς
3251 5229 3419 5301 λείας,
3476 5232 3568 5287 καὶ
3610 5233 3839 5288 σκολιά-

2132 5320 2242 5385 ζων
2273 5315 2639 5374 πολιτεύεται.
2683 5320 2780 5373 Διά
2824 5323 2987 5375 τοῦτο
3046 5325 3272 5392 συναντᾷ
3329 5321 3571 5395 θηρίοις.
3614 5322 3679 5379 Εἰ
3734 5325 3837 5398 γὰρ

2137 5407 2212 5479 μὴ
2270 5407 2362 5462 τὸν
2419 5414 2520 5478 τῆς
2576 5409 2748 5484 εὐχῆς
2807 5410 2896 5465 καὶ
2949 5410 3171 5473 ἐλπίδος
3237 5411 3405 5468 κόπον
3479 5411 3837 5487 ἕκκόπτομεν,

2134 5494 2233 5551 οὐκ
2262 5495 2322 5552 ἂν
2371 5495 2886 5573 ἑπλημμελήσαμεν
2918 5516 2933 5531 ⁸
2984 5504 3101 5562 τοῖς
3152 5499 3257 5578 γὰρ
3312 5502 3436 5577 περὶ
3483 5505 3671 5577 ψυχῆς
3712 5502 3838 5560 θλι-
