4130 6286
381 433 500 496 825

1572 431 1807 496 LIBER
1847 433 1951 497 DE
1994 433 2381 502 CUSTODIA
2426 439 2731 504 CORDIS.

1854 48 2101 57 aw‘vrnm-nux
2114 48 2457 59 “twn-lum
2466 50 2469 53 -
2478 50 2487 59 ‘.
2510 56 2525 59 η»
2762 48 2947 63 ,ιι-οσκέωέῖι
2956 52 2975 61 .:
2990 48 3025 62 In
3038 48 3119 61 iui—“4‘
3142 58 3145 61 ν
3162 58 3177 63 ν,
3208 52 3211 53 ν
3224 50 3249 61 μς

3786 443 3907 506 826

383 568 639 643 ϐομένοις
684 566 835 643 λέγει
883 567 920 637 ἡ
970 568 1157 649 Γραφή
1202 581 1218 601 ⁸
1264 566 1464 629 Πιστὸς
1507 568 1536 623 ὁ
1579 568 1732 640 Θεὸς,
1792 568 1893 624 οὐκ
1948 568 2069 625 ἐάσε

2207 574 2308 632 His
2340 591 2531 647 porro,
2565 575 2664 648 qui
2697 574 2893 632 animo
2923 573 3354 647 angustiantur,
3387 572 3528 629 dicit
3564 575 3898 647 Scriptura:

382 660 524 736 ύμᾶς
606 658 964 734 πειρασθῆναι
1051 658 1183 735 ὑπὲρ
1273 658 1303 714 ὁ
1379 655 1607 715 δύνασθε
1666 677 1684 696 ·
1740 657 2089 723 ἀπαιδεύτοις

384 749 442 807 δὲ
473 751 794 821 συναντῆσαι
825 747 984 806 κακά.

451 930 547 1005 ς’.
606 930 814 1002 ’Ὠσπερ
860 926 912 982 οἱ
978 923 1080 997 ἔξω
1150 923 1429 1004 ὀφθαλμοὶ
1489 926 1754 1002 βλέπουσι
1825 924 2090 1003 μακρόθεν

380 1020 474 1081 τὰς
522 1018 776 1087 ἀκάνθας,
828 1017 920 1072 καὶ
978 1015 1108 1078 τοὺς
1152 1016 1473 1091 κρημνούς·
1524 1016 1667 1072 οὕτω
1709 1018 1801 1072 καὶ
1850 1019 1879 1071 ὁ
1939 1038 2085 1092 προ-

377 1104 672 1169 ϐλεπτικὸς
719 1110 847 1169 νοῦς
894 1100 1196 1180 προῦλέπει
1226 1104 1398 1182 ταχὺς
1452 1104 1529 1161 ὢν
1577 1112 1676 1177 τῆς
1709 1106 2084 1179 ἀντικειμένης

377 1193 660 1269 δυνάμεως
717 1194 812 1257 τὰς
860 1191 1057 1270 τέχνας
1100 1195 1189 1249 καὶ
1234 1194 1330 1257 τὰς
1378 1193 1685 1268 ἐπισκευὰς,
1719 1195 1809 1251 καὶ
1858 1193 2089 1275 ἀσφαλί-

377 1291 522 1356 ζεται
559 1288 660 1356 τήν
689 1286 897 1363 ψυχὴν,
940 1284 1014 1348 ὡς
1038 1284 1323 1361 ὀφθαλμὸς
1357 1282 1429 1339 ὢν
1461 1286 1654 1355 αὐτῆς.

450 1378 521 1434 Ζ’.
575 1378 815 1452 Ἀγῶνος
874 1374 1092 1431 πολλοῦ
1138 1376 1228 1431 καί
1276 1375 1447 1432 πόνου
1506 1381 1748 1451 κρυπτοῦ
1788 1378 1879 1432 καὶ
1928 1377 2086 1452 ἀορά-

374 1488 471 1522 του
501 1466 685 1543 χρεία,
714 1465 997 1541 λογισμῶν
1027 1460 1242 1541 ἔρευναν
1276 1468 1569 1537 ποιεῖσθαι,
1607 1466 1697 1521 καὶ
1745 1467 1812 1521 τὰ
1841 1468 2082 1537 ἠσθενη-

373 1558 508 1615 κότα
601 1565 703 1628 τῆς
807 1560 995 1632 ψυχῆς
1094 1561 1254 1630 ἡμῶν
1356 1557 1685 1633 αἰσθητήρια
1792 1560 2083 1633 γυμνάζειν

374 1649 512 1724 πρὸς
573 1645 838 1723 διάκρισιν
887 1646 1061 1703 καλοῦ
1116 1667 1176 1703 τε
1220 1648 1310 1702 καὶ
1386 1652 1559 1703 κακοῦ
1610 1664 1626 1680 ⁶
1688 1645 1770 1703 δεῖ
1850 1651 2079 1705 πάντοτε

373 1736 465 1792 καὶ
532 1737 899 1806 ἀναζωπυρεῖν
964 1733 1054 1791 διὰ
1106 1740 1205 1791 τοῦ
1258 1736 1381 1799 νοὸς
1443 1737 1581 1811 πρὸς
1652 1737 1779 1792 Θεὸν
1832 1735 2081 1809 ἐπείξεως

374 1826 439 1882 τὰ
469 1823 863 1899 ἐξησθενηκότα
901 1827 971 1898 τῇ
1010 1830 1164 1901 ψυχῇ
1201 1825 1343 1899 μέλη
1381 1845 1393 1859 ’
1435 1832 1531 1883 τοῦ
1565 1831 1662 1883 νοῦ
1698 1830 1858 1901 ἡμῶν
1903 1848 2083 1900 προσ-

372 1914 718 1987 καλουμένου
778 1916 914 1989 μετᾶ
968 1919 1064 1970 τοῦ
1126 1916 1327 1991 Κυρίου
1388 1917 1645 1987 πάντοτε,
1698 1914 1791 1972 ’ίνα
1856 1917 2078 1993 γένηται
2117 1955 2160 2021 Β

400 2002 415 2021 τ
511 2003 532 2021 η
722 2009 745 2021 ..
1010 2007 1023 2021 .
1126 2006 1140 2021 .
1210 2005 1275 2021 ς.
1466 2013 1506 2021 ..
1561 2007 1603 2021 ,κ
1764 2015 1803 2021 _
1844 2011 1868 2021 ..
2028 2005 2071 2021 ...

372 2002 449 2067 εἷς
511 2003 565 2059 ἓν
618 2009 833 2078 πνεῦμα
896 2007 1034 2061 κατᾶ
1086 2006 1150 2061 τὸ
1210 2005 1404 2083 λόγιον
1465 2007 1706 2065 Παύλου.
1764 2011 1972 2063 Τοῦτον
2025 2005 2083 2062 δὲ

368 2094 459 2148 τὸν
512 2095 751 2169 κρυπτὸν
812 2093 995 2171 ἀγῶνα
1050 2096 1141 2150 καὶ
1202 2094 1435 2168 μελέτην
1494 2096 1700 2170 Κυρίου
1767 2097 1858 2152 καὶ
1916 2099 2079 2153 πόνον

368 2185 561 2248 νυκτὸς
592 2186 681 2239 καὶ
712 2183 921 2260 ἡμέρας
954 2178 1103 2259 ἔχειν
1162 2186 1311 2257 ἡμᾶς
1371 2186 1484 2259 χρή
1544 2184 1620 2247 εἷς
1668 2190 1840 2239 πᾶσαν
1894 2185 2081 2257 ἐπιτη-

370 2271 546 2329 δευσιν
602 2272 856 2345 ἐντολῆς,
916 2273 1023 2330 εἴτε
1081 2274 1417 2350 εὐχομένων,
1503 2273 1615 2330 εἶ’τε
1682 2274 1992 2345 ἐσθιόντων,
2040 2275 2076 2346 ἢ

370 2359 789 2433 διακονούντων,
869 2363 905 2432 ἢ
964 2360 1255 2431 πινόντων,
1307 2364 1342 2434 ἢ
1398 2360 1584 2440 ’έτερόν
1641 2386 1692 2419 τι
1752 2366 2076 2433 ποιούντων,

363 2450 455 2506 ’ίνα
505 2458 608 2507 πᾶν
652 2454 680 2506 ’ὀ
728 2452 936 2530 γίνεται
983 2452 1178 2527 ἀγαθὸν
1225 2450 1563 2525 ἐπιτήδευμα
1614 2454 1688 2515 εἰς
1737 2450 1892 2523 δόξαν
1942 2458 2078 2509 Θεοῦ

368 2540 613 2616 γένηται.
676 2543 986 2618 Ἃγιάζεται
1061 2541 1161 2616 γὰρ
1220 2541 1311 2596 καὶ
1370 2544 1404 2611 ἡ
1461 2546 1568 2597 τῶν
1638 2540 1875 2597 ἐντολῶν
1932 2547 2078 2597 πᾶσα

368 2626 672 2685 ἀκολουθία
716 2647 729 2660 ·
788 2630 876 2685 καὶ
932 2632 1181 2705 καθαρῶς
1242 2631 1328 2706 ὑφ’
1379 2631 1532 2703 ὑμῶν
1593 2629 1942 2702 ἐπιτελεῖται,
1987 2629 2076 2686 διὰ

364 2722 464 2788 τῆς
511 2716 869 2775 ἀδιαλείπτου
957 2722 1180 2793 μνήμης
1245 2723 1342 2776 τοῦ
1391 2724 1548 2787 Θεοῦ,
1602 2721 1692 2775 καὶ
1752 2716 1926 2797 φόϐου
1982 2723 2073 2777 καὶ

363 2808 580 2885 ἀγάπης
635 2815 737 2879 τῆς
780 2810 917 2884 πρὸς
978 2810 1130 2879 Θεὸν,
1188 2809 1277 2865 καὶ
1326 2810 1584 2886 γινόμεθα
1641 2808 1793 2873 ἐκτὸς
1839 2810 1945 2866 ἀπὸ
1974 2816 2072 2866 τοῦ

365 2899 673 2968 μιαίνοντος
703 2898 798 2961 τὰς
831 2897 1056 2961 ἐντολὰς
1084 2897 1180 2954 τοὸ
1220 2903 1378 2956 Θεοῦ.

2201 665 2403 720 Fidelis
2441 666 2599 733 Deus,
2647 666 2741 737 qui
2776 682 2888 721 non
2944 666 3192 735 patietur
3255 678 3344 719 vos
3381 667 3582 720 tentari
3630 682 3797 737 supra
3842 663 3901 720 id

2200 756 2344 824 quod
2388 756 2610 825 potestis
2647 754 2690 811 ².
2741 755 2849 823 Qui
2902 761 3088 811 autem
3134 752 3391 810 indociles
3416 757 3564 821 sunt,
3588 755 3670 809 eis
3705 770 3899 810 occur-

2200 850 2325 899 rent
2353 844 2504 899 maia
2534 845 2573 898 ³.

2271 935 2365 989 VI.
2397 934 2561 990 Sicut
2609 933 2922 991 exteriores
2969 933 3122 990 oculi
3170 932 3342 1006 longe
3390 932 3754 1004 prospiciunt
3783 933 3899 1003 spi-

2199 1038 2302 1078 nas
2332 1030 2390 1080 et
2427 1024 2776 1095 praecipitia;
2815 1024 2899 1080 sic
2946 1029 3005 1079 et
3052 1022 3170 1080 acri
3221 1023 3559 1093 providendi
3612 1022 3899 1093 perspica-

2197 1113 2287 1169 cia
2319 1114 2557 1185 praedita
2587 1130 2753 1171 mens
2799 1115 2914 1169 cito
2946 1113 3224 1184 prospicit
3270 1112 3609 1168 adversaria:
3643 1116 3898 1181 potesta-

2194 1203 2270 1258 tis
2302 1207 2456 1258 artes
2503 1204 2885 1275 insidiasque,
2935 1219 3000 1258 ac
3048 1208 3251 1258 contra
3299 1218 3399 1259 eas
3425 1202 3735 1272 pmmunit
3763 1200 3899 1256 ani-

2195 1309 2370 1359 mam,
2404 1293 2576 1364 cujus
2608 1298 2697 1348 est
2728 1293 2955 1350 oculus.

2263 1381 2389 1438 VII.
2443 1382 2826 1439 Contentione
2857 1382 3061 1450 multa,
3091 1386 3149 1438 et
3204 1381 3420 1449 labore,
3462 1395 3641 1451 eoque
3671 1380 3896 1435 occulto

2192 1475 2250 1526 et
2288 1469 2587 1540 invisibili,
2636 1476 2725 1527 est
2770 1487 2918 1543 opus
2965 1470 3025 1526 in
3076 1471 3429 1527 scrutatione
3472 1468 3895 1540 cogitationum

2194 1559 2459 1617 facienda
2506 1580 2521 1616 :
2572 1566 2629 1616 et
2672 1561 2730 1615 in
2781 1560 3070 1616 hebetatis
3130 1561 3339 1616 animae
3382 1562 3590 1614 nostra
3650 1556 3896 1612 sensibus

2190 1650 2450 1706 acuendis
2535 1649 3015 1722 exercitandisque
3073 1650 3144 1704 ad
3207 1648 3589 1705 discretionem
3654 1646 3783 1702 boni
3846 1653 3897 1701 et

2190 1740 2332 1795 mali
2385 1739 2429 1794 ⁴.
2481 1739 2720 1810 Oportet
2780 1741 3016 1795 omnino
3086 1738 3474 1809 undecunque
3540 1735 3898 1792 exeuseitare

2190 1833 2404 1884 conatu
2454 1828 2671 1883 mentis
2721 1828 2792 1883 ad
2842 1828 3022 1883 Deum
3074 1842 3137 1883 se
3204 1825 3525 1893 incitantis,
3593 1824 3897 1880 debilitata

2191 1918 2399 1972 animas
2442 1918 2742 1972 membra:
2796 1922 2989 1972 mente
3039 1920 3236 1972 nostra
3285 1931 3418 1971 cum
3450 1915 3684 1971 Domini
3722 1915 3895 1985 adju-

2192 2009 2340 2064 torio
2388 2023 2621 2079 semper
2679 2023 2785 2062 nos
2838 2010 3204 2078 provocante,
3256 2010 3321 2060 ut
3377 2021 3507 2061 cum
3565 2003 3664 2060 illo
3702 2003 3893 2061 coale-

2192 2114 2425 2153 scamus
2468 2098 2527 2152 in
2569 2112 2742 2152 unum
2781 2096 3040 2166 spiritum
3087 2094 3298 2165 5juxta
3344 2093 3646 2152 oraculum
3707 2092 3893 2149 Pauli.

2190 2187 2301 2240 Hoc
2347 2191 2543 2240 autem
2606 2188 2901 2240 certamen
2940 2182 3259 2249 occultum,
3326 2186 3383 2237 et
3449 2181 3891 2237 meditationem

2190 2271 2445 2336 Domini,
2484 2288 2550 2328 ac
2596 2272 2856 2328 loborem
2906 2272 3006 2327 diu
3057 2276 3350 2342 noctuque
3398 2285 3633 2325 necesse
3662 2272 3752 2324 est
3783 2285 3891 2325 nos

2188 2362 2404 2419 habere
2435 2362 2506 2417 ad
2547 2377 2779 2418 omnem
2810 2362 3131 2418 studiosam
3163 2360 3591 2417 exsecutionem
3634 2359 3891 2415 mandati

2188 2452 2621 2525 praescribentis
2656 2452 2955 2523 quidpiam
3013 2452 3133 2507 sive
3190 2451 3497 2507 orantibus
3545 2450 3667 2506 sive
3700 2464 3892 2505 come-

2187 2541 2480 2609 dentibus,
2523 2558 2639 2597 8W6
2693 2541 3193 2610 ministrantibus,
3225 2540 3345 2596 sive
3378 2540 3731 2607 bibentibus,
3765 2539 3887 2594 sive

2187 2629 2343 2686 aliud
2404 2630 2635 2701 quidvis
2692 2630 3022 2702 agentibus,
3074 2634 3137 2684 ut
3200 2628 3592 2701 quodcunque
3639 2629 3704 2683 ﬁt
3740 2642 3886 2698 opus

2185 2720 2428 2789 bonum,
2458 2720 2517 2775 in
2552 2719 2674 2786 Dei,
2706 2719 2951 2791 gloriam
2985 2719 3104 2775 ﬁat.
3146 2718 3554 2773 Sanctificatur
3582 2718 3736 2773 enim
3763 2722 3887 2775 tota

2184 2809 2362 2865 series
2432 2809 2867 2879 mandatorum,
2916 2817 2974 2865 et
3037 2823 3182 2880 pure
3233 2808 3598 2879 perfecteque
3641 2824 3675 2862 a
3718 2807 3884 2861 nobis

2183 2898 2542 2955 exsecutioni
2591 2899 2843 2955 traditur
2890 2914 2993 2971 per
3040 2898 3471 2954 indesinentem
3541 2895 3881 2952 memoriam

359 2989 462 3045 Dei
495 3007 713 3062 perque
762 2990 1028 3047 timorem
1058 2997 1117 3046 et
1157 2991 1499 3048 eharitatem
1528 3007 1665 3062 erga
1708 2992 1925 3059 Deum;
1977 3005 2077 3062 per
2104 2988 2227 3044 haec
2273 2988 2431 3044 enim
2472 3004 2578 3045 nos
2630 2990 3031 3060 disjungimue
3080 2990 3439 3060 seorsimque
3489 2985 3751 3042 locamus
3804 2985 3876 3040 ab

358 3094 450 3145 eo,
478 3078 581 3151 qui
616 3078 827 3150 polluit
852 3080 1126 3135 mandata
1160 3081 1282 3137 Dei.

430 3168 510 3223 H'.
571 3167 669 3222 Καὶ
700 3167 805 3242 γὰρ
846 3167 874 3221 ὁ
916 3169 1265 3246 πατριάρχης
1316 3161 1573 3243 Ἀϐραάμ
1626 3167 1688 3223 ἐκ
1737 3173 1847 3223 τῶν
1913 3169 2069 3243 ἀκρο-

2257 3166 2395 3223 VIII.
2432 3168 2652 3224 Etenim
2703 3168 3033 3241 patriarcha
3084 3167 3380 3223 Abraham
3413 3182 3443 3222 ε
3473 3166 3746 3238 primitiis
3784 3183 3881 3222 sa-

360 3255 545 3311 θινίων
603 3259 684 3329 τῷ
742 3257 877 3331 ἱερεῖ
932 3261 1029 3311 τοῦ
1084 3261 1217 3311 Θεοῦ
1285 3255 1633 3332 Μελχισεδὲκ
1710 3259 2068 3333 προσήνεγκε,

356 3344 445 3399 καὶ
505 3342 678 3406 οὕτως
731 3345 832 3414 τὴν
887 3342 1136 3420 εὐλογίαν
1193 3342 1406 3415 ἐδέξατο
1463 3347 1590 3421 παρ’
1648 3344 1834 3402 αὐτοῦ.
1894 3345 1958 3402 Τί
2019 3343 2067 3399 δ’

358 3431 500 3488 ἄλλό
534 3431 623 3489 διὸ,
650 3433 856 3489 τούτων
902 3434 1195 3490 αἰνίττεται
1223 3435 1286 3489 τὸ
1319 3438 1555 3508 Πνεῦμα,
1599 3432 1729 3490 ἀλλ’
1775 3433 1811 3504 ἢ
1855 3433 2069 3509 ὑψηλο-

355 3523 512 3598 τέραν
573 3523 802 3599 θεωρίαν
860 3522 1138 3604 ἐμφαίνων
1200 3545 1328 3595 που,
1389 3525 1455 3580 τὰ
1494 3523 1632 3600 ἄκρα
1687 3524 1887 3580 καὶτὰ
1937 3524 2068 3581 ὀστᾶ

353 3616 452 3668 τοῦ
481 3611 616 3669 ὅλου
647 3611 1019 3690 συγκρίματος
1075 3619 1178 3683 τῆς
1240 3614 1452 3690 φύσεως
1509 3615 1670 3686 ἡμῶν
1706 3630 1719 3682 ;
1763 3613 2064 3686 τουτέστιν,

351 3701 513 3758 αὐτὸν
558 3703 650 3758 τὸν
708 3707 858 3770 νοῦν,
938 3702 1111 3772 αὐτὴν
1176 3704 1276 3773 τὴν
1354 3700 1684 3774 συνείδησιν,
1742 3702 1907 3772 αὐτὴν
1965 3704 2065 3772 τὴν

351 3788 614 3861 διάθεσιν,
659 3789 818 3845 αὐτὸν
858 3790 949 3845 τὸν
1003 3790 1297 3864 λογισμὸν,
1349 3790 1515 3860 αὐτὴν
1565 3796 1665 3860 τῆς
1729 3793 1916 3867 ψυχῆς
1960 3790 2063 3858 τὴν

350 3880 697 3954 ἀγαπητικήν
743 3877 992 3953 δύναμιν,
1062 3881 1161 3950 τήν
1233 3879 1494 3955 ἀπαρχὴν
1551 3884 1650 3935 τοῦ
1708 3878 1842 3935 ὅλου
1898 3881 2060 3953 ⁴ημῶν

354 3967 647 4041 ἀνθρώπου
710 3972 791 4041 τῷ
855 3972 971 4039 Θεῷ
1019 3970 1286 4043 πρότερον
1334 3968 1582 4041 κομίζειν
1640 3966 1749 4023 δεῖν
1809 3969 2059 4034 πάντοτε,

348 4056 448 4122 τὴν
499 4062 601 4124 τῆς
641 4053 867 4127 καρδίας
926 4054 1073 4129 ἱερὰν
1117 4055 1301 4110 θυσίαν
1335 4075 1348 4089 ·
1399 4057 1466 4111 τὰ
1524 4056 1827 4130 ἀκροθίνια,
1855 4056 1945 4110 καὶ
1994 4058 2061 4111 τὰ

351 4140 491 4217 ἄκρα
544 4147 653 4196 τῶν
709 4144 923 4219 ἀγαθῶν
983 4141 1269 4219 λογισμῶν
1326 4144 1402 4205 είς
1450 4145 1550 4211 τὴν
1610 4143 1776 4212 αὐτὴν
1832 4142 2058 4217 μνήμην

349 4229 439 4284 καὶ
493 4229 727 4303 μελέτην
789 4228 878 4284 διὰ
942 4230 1143 4291 παντὸς
1199 4229 1676 4305 ἀπασχολοῦντος.
1724 4232 1828 4287 Καὶ
1885 4230 2059 4295 οὕτως

353 4317 626 4393 δυνάμεθα
667 4317 937 4393 ὁσημέραι
977 4320 1078 4388 τήν
1136 4315 1358 4390 αὔξησιν
1409 4318 1498 4374 καὶ
1562 4321 1849 4393 προκοπὴν
1908 4318 2058 4394 λαμ-

350 4398 530 4464 ϐάνειν
593 4407 957 4484 βοηθούμενοι
1017 4408 1120 4464 ὑπὸ
1178 4415 1278 4479 τῆς
1336 4409 1480 4471 θείας
1535 4409 1788 4485 χάριτος,
1844 4411 1936 4464 καὶ
1991 4411 2054 4466 τὸ

349 4497 572 4574 φορτίον
614 4501 715 4572 τῇς
760 4496 1113 4569 δικαιοσύνης
1160 4503 1267 4553 τῶν
1319 4496 1583 4567 ἐντολῶν,
1634 4497 1869 4577 ἐλαφρὸν
1914 4502 2051 4573 ἡμῖν
2087 4540 2134 4603 D

344 4590 803 4664 καταφανήσεται,
849 4590 1098 4662 καθαρῶς
1171 4589 1261 4645 καὶ
1339 4590 1590 4664 ἀμώμως
1660 4587 1860 4652 ταύτας
1936 4587 2054 4644 ἒπι-

342 4678 649 4749 τελοῦντες,
701 4678 1119 4755 συνεργούμενοι
1180 4679 1269 4733 ὑπ’
1310 4676 1475 4733 αύτοῦ
1540 4681 1637 4732 τοῦ
1699 4678 1897 4753 Κυρίου
1966 4676 2055 4734 διὰ

343 4772 445 4835 τῆς
476 4766 615 4841 πρὸς
670 4766 829 4822 αὐτὸν
889 4769 1053 4841 ἡμῶν
1108 4767 1363 4829 πίστεως.
1398 4768 1528 4842 Περὶ
1600 4764 1657 4823 δὲ
1711 4773 1811 4836 τῆς
1869 4788 2055 4847 φαινο-

348 4855 513 4929 μένης
561 4856 864 4929 άσκήσεως,
921 4859 1013 4912 καὶ
1070 4862 1229 4913 ποῖον
1280 4858 1475 4933 ἀγαθὸν
1544 4856 1882 4932 ἐπιτήδευμα
1936 4863 2054 4933 μεῖ-

347 4948 435 5012 ζον
465 4944 557 4998 καὶ
612 4949 831 5018 πρῶτον
898 4946 1180 5021 τυγχάνει,
1248 4951 1409 5001 τοῦτο
1464 4946 1778 5021 γινώσκετε,
1838 4947 2055 5023 ἀγαπη-

342 5032 450 5103 τοὶ,
507 5033 591 5088 δτι
660 5032 927 5104 ἀλλήλων
988 5040 1155 5090 πᾶσαι
1216 5036 1274 5091 αἱ
1331 5036 1513 5111 ἀρεταὶ
1582 5040 1901 5113 κρέμανται,
1963 5038 2058 5093 καὶ

340 5121 611 5195 ἀλλήλων
659 5121 1022 5193 συνδέδενται,
1069 5127 1159 5181 καὶ
1217 5124 1397 5202 ὥσπερ
1440 5128 1560 5200 ἱερά
1596 5150 1679 5192 τις
1711 5131 2053 5205 πνευματική

338 5211 555 5285 ἅλυσις,
615 5214 716 5288 μία
770 5213 877 5269 ἀπὸ
937 5219 1067 5288 μιᾶς
1143 5216 1436 5291 ἤρτηται·
1495 5219 1532 5287 ἡ
1594 5219 1730 5295 εύχή
1791 5218 1898 5274 άπὸ
1952 5223 2053 5286 τῆς

340 5303 577 5380 ἀγάπης,
625 5306 660 5375 ἡ
730 5303 911 5381 ἀγάπη
972 5305 1078 5360 ἀπὸ
1134 5313 1235 5377 τῆς
1294 5311 1492 5385 χαρᾶς,
1523 5310 1558 5379 ἡ
1608 5308 1756 5383 χαρά
1803 5309 1909 5365 ἀπὸ
1955 5316 2055 5379 τῆς

340 5395 675 5468 πραότητος,
726 5395 760 5463 ἡ
810 5393 1055 5470 πραότης
1102 5394 1207 5449 ἀπὸ
1263 5402 1365 5464 τῆς
1428 5398 1825 5467 ταπεινώσεως,
1871 5400 1907 5468 ἡ
1964 5418 2057 5453 τα-

338 5483 595 5546 πείνωσις
621 5483 726 5538 ἀπὸ
755 5483 855 5553 τῆς
880 5481 1181 5553 διακονίας,
1204 5486 1239 5554 ἡ
1273 5482 1519 5539 διακονία
1549 5486 1653 5541 ἀπὸ
1683 5493 1783 5555 τῆς
1808 5484 2051 5558 ἐλπίδος,

337 5573 373 5643 ἡ
401 5570 557 5635 ἐλπὶς
589 5572 695 5628 ἀπὸ
736 5580 838 5643 τῆς
870 5574 1129 5645 πίστεως,
1170 5576 1206 5645 ἡ
1238 5573 1420 5636 πίστις
1449 5573 1557 5630 ἀπὸ
1585 5582 1685 5644 τῆς
1716 5576 1983 5650 ὑπακοῆς,
2012 5579 2047 5648 ἡ

2179 3258 2401 3314 cerdoti
2449 3257 2551 3313 Dei
2593 3255 3016 3313 Melchisedech
3061 3258 3353 3325 obtulit“;
3403 3261 3461 3312 et
3510 3256 3593 3311 sic
3641 3254 3881 3310 benedi-

2179 3346 2431 3402 ctionem
2463 3345 2687 3418 accepit
2732 3347 2804 3401 ab
2844 3346 3010 3417 ipso;
3043 3346 3190 3411 Quid
3250 3361 3384 3400 vero
3426 3344 3582 3400 aliud
3631 3360 3730 3416 per
3761 3344 3878 3400 haec

2178 3436 2491 3492 adumbrat
2519 3434 2814 3506 Spiritus?
2852 3434 3175 3491 sublimiori
3226 3434 3507 3491 nimirum
3559 3433 3881 3504 intelligo:-

2176 3525 2257 3580 tia
2286 3524 2619 3596 signiﬁcare
2647 3523 2790 3593 vult,
2844 3524 3045 3596 utique
3075 3539 3312 3579 summa
3346 3528 3403 3579 et
3447 3522 3674 3592 intima,
3715 3520 3879 3577 verti-

2175 3630 2300 3670 cem
2332 3618 2390 3671 et
2419 3631 2554 3671 ossa
2598 3615 2775 3670 totius
2822 3614 3208 3671 concretionis
3238 3617 3457 3669 naturas
3487 3618 3731 3681 nostra;
3766 3611 3874 3668 hoc

2175 3708 2284 3774 est,
2346 3703 2532 3777 ipsam
2602 3709 2878 3773 mentem,
2952 3704 3137 3776 ipsam
3201 3703 3636 3771 conscientiam,
3685 3701 3874 3773 ipsam

2173 3793 2641 3865 dispositionem,
2686 3794 2878 3867 ipsam
2927 3793 3364 3866 cogitationem,
3416 3794 3607 3865 ipsam
3641 3792 3874 3848 amandi

2172 3884 2511 3956 potentiam,
2563 3894 2841 3958 tanquam
2894 3886 3184 3956 primitias
3230 3887 3411 3940 totius
3462 3883 3646 3940 nostri
3678 3883 3869 3939 homi-

2171 3973 2283 4038 nis,
2327 3975 2436 4030 Deo
2490 3979 2624 4030 ante
2672 3975 2871 4030 omnia
2929 3975 3141 4030 debere
3198 3989 3305 4030 nos
3366 3973 3591 4034 alferre.
3616 3981 3668 4028 et
3712 3972 3873 4028 velut

2171 4076 2397 4118 sacram
2445 4063 2636 4118 cordis
2696 4062 2879 4118 nostri
2928 4062 3101 4118 oliere
3149 4062 3465 4129 victimam,
3498 4061 3787 4133 primitias
3815 4064 3873 4117 et

2169 4151 2539 4206 summitates
2610 4151 2898 4207 bonarum
2964 4151 3415 4222 cogitationum,
3486 4151 3544 4205 in
3613 4149 3870 4207 eamdem

2167 4236 2267 4293 Dei
2326 4238 2665 4294 memoriam
2715 4244 2772 4295 et
2830 4238 3290 4307 meditationem,
3343 4238 3501 4293 omni
3540 4236 3655 4292 alia
3699 4253 3872 4292 occu-

2168 4326 2402 4397 patione
2432 4328 2705 4397 seposita,
2753 4327 3037 4384 vacantis.
3089 4327 3157 4382 Et
3190 4326 3273 4383 sic
3322 4342 3634 4399 possumus
3679 4326 3869 4397 quoti-

2165 4414 2260 4470 die
2291 4422 2673 4486 augmentum
2706 4424 2759 4473 et
2796 4418 3109 4489 profectum
3159 4418 3442 4488 accipere,
3492 4416 3679 4487 adjuti
3720 4434 3752 4471 a
3792 4415 3869 4470 di~

2165 4505 2295 4560 vina
2337 4506 2561 4577 gratia;
2615 4512 2672 4562 et
2736 4524 2881 4563 onus
2948 4506 3192 4578 justitiaa
3280 4508 3690 4562 mandatorum
3746 4507 3868 4562 leve

2166 4594 2332 4650 nobis
2376 4597 2693 4666 apparebit,
2738 4611 2880 4668 pure
2919 4600 2976 4652 et
3020 4595 3607 4670 irreprehensibiliter
3635 4613 3703 4652 ea
3762 4597 3871 4651 im-

2165 4682 2484 4755 plentibus,
2536 4691 2883 4757 cooperante
2933 4687 3005 4741 ad
3049 4686 3156 4741 hoc
3202 4686 3368 4742 nobis
3446 4685 3572 4753 ipso
3620 4684 3867 4741 Domino

2162 4788 2265 4843 per
2313 4778 2570 4831 nostram
2612 4773 2679 4829 in
2741 4775 2937 4846 ipsum
2988 4773 3180 4830 ﬁdem.
3237 4773 3316 4829 De
3365 4779 3684 4845 apparente
3732 4790 3864 4829 vero

2163 4865 2597 4934 exercitatione,
2646 4868 2703 4920 et
2751 4862 3040 4933 quodnam
3102 4863 3318 4919 bonum
3361 4862 3621 4918 studium
3674 4863 3868 4933 majus

2163 4955 2315 5011 inter
2343 4954 2538 5011 omnia
2577 4958 2635 5010 et
2673 4953 2928 5026 primum
2961 4953 3059 5021 sit,
3092 4951 3237 5008 illud
3292 4952 3522 5019 scitote,
3553 4952 3868 5009 dilectissi-

2163 5044 2267 5111 mi,
2299 5045 2515 5102 hserere
2560 5044 2961 5114 committique
3000 5043 3247 5099 invicem
3280 5042 3521 5098 virtutes
3552 5059 3778 5113 omnes,
3810 5048 3868 5101 et

2162 5149 2314 5189 nexu
2366 5134 2618 5206 pendere
2669 5138 2874 5188 mutuo
2905 5132 3201 5189 devinctae
3233 5148 3410 5187 unam
3442 5132 3514 5188 ab
3545 5131 3749 5201 altera,
3782 5133 3864 5188 sic

2161 5224 2578 5279 constituentes
2666 5237 2896 5279 sacram
2978 5224 3293 5294 quamdam
3359 5228 3417 5277 et
3498 5220 3862 5291 spiritualem

2162 5318 2452 5382 catenam,
2500 5311 2558 5365 in
2618 5327 2736 5383 qua
2789 5310 2971 5367 oratio
3031 5310 3324 5379 charitati,
3388 5309 3643 5365 charitas
3712 5324 3861 5379 gau-

2162 5402 2280 5469 dio,
2312 5402 2595 5475 gaudium
2645 5402 3107 5470 mansuetudini,
3139 5402 3295 5457 168
3328 5399 3716 5456 mansuetudo
3748 5396 3859 5451 hu-

2162 5491 2422 5561 militati,
2468 5490 2771 5548 humilitas
2819 5491 3257 5556 ministrationi,
3322 5485 3666 5545 ministratio
3715 5484 3857 5555 spei,

2163 5596 2297 5651 spes
2326 5581 2484 5651 fidei,
2517 5581 2660 5638 ﬁdes
2692 5580 3057 5652 obedientia,
3100 5577 3430 5637 obedientia
3478 5570 3861 5647 simplicitati,

406 5752 430 5791 ³
456 5752 630 5811 ICor.
661 5768 719 5821 ι,
753 5751 839 5811 13.
912 5753 940 5791 ³
966 5755 1132 5813 Deut.
1163 5771 1317 5828 XXXI,
1346 5753 1441 5810 29.
1515 5754 1539 5792 ⁸
1559 5753 1731 5813 Hebr.
1760 5771 1816 5828 v,
1848 5754 1933 5813 14.
2010 5754 2034 5793 ⁸
2062 5757 2069 5815 1

2181 5772 2234 5814 ir.
2264 5774 2344 5827 vr,
2378 5759 2464 5819 17.
2541 5759 2563 5796 ⁸
2593 5757 2735 5818 Gen.
2766 5774 2879 5826 xxv,
2912 5759 2997 5815 18.
