4130 6286
343 337 354 392 ἶ
369 328 488 389 837

1723 319 1784 380 S.
1832 320 2166 384 MACABII
2212 317 2560 384 IEGYPTII

3749 325 3926 390 838

348 460 685 530 subjnncta
711 459 1046 528 insertaque
1093 455 1475 514 connectitur.
1517 453 1674 511 Sicut
1705 471 1737 510 e
1784 455 2060 511 contrario

2184 453 2220 522 ἡ
2264 453 2475 522 ὑπακοή
2508 453 2614 508 ἀπὸ
2662 459 2764 523 τῆς
2814 454 3146 526 ἁπλότητος.
3179 460 3381 530 Ὥσπερ
3409 457 3499 512 καὶ
3528 457 3590 512 τὸ
3631 456 3927 530 ἐναντίον,

370 549 510 605 vitia
539 564 768 620 quoque
799 548 952 604 inter
980 562 1110 604 sese
1133 547 1485 618 junguntur,
1519 549 1577 600 et
1623 560 1690 600 ex
1751 560 1864 600 uno
1921 545 2076 600 aliud

370 637 686 711 germinat;
722 641 861 709 puta
890 636 1088 692 odium
1109 637 1179 691 ab
1205 637 1306 703 ira,
1331 634 1417 690 ira
1438 652 1467 689 a
1485 633 1778 705 superbia,
1801 633 2079 704 superbia

371 745 406 783 a
436 743 578 782 vana
603 726 968 797 gloriatione,
1001 742 1151 780 vana
1179 723 1439 794 gloriatio
1459 725 1530 779 ab
1557 722 1923 790 infidelitate,
1945 722 2076 778 inli-

346 816 582 874 -delitas
607 833 640 872 a
661 816 872 872 duritie
901 814 1112 882 cordis,
1141 813 1383 870 durities
1410 813 1619 878 cordis,
1643 831 1676 868 a
1700 812 2077 885 negligentia,

371 906 728 979 negligentia
756 924 790 962 a
828 905 1130 976 languore,
1161 905 1409 975 languor
1453 921 1486 959 a
1535 904 1936 975 despicientia,
1971 905 2076 959 de-

369 995 677 1068 spicientia
707 1012 741 1052 a
772 994 1024 1067 pigritia,
1061 993 1300 1066 pigritia
1347 1010 1381 1049 a
1434 993 1932 1065 pusillanimitatc,
1965 1009 2076 1064 pu-

369 1084 741 1141 sillanimitas
773 1084 844 1140 ab
875 1099 1074 1140 amore
1102 1082 1441 1154 voluptatis,
1473 1087 1530 1138 et
1562 1083 1645 1139 sic
1672 1083 1787 1139 alia
1812 1081 2075 1138 membra

371 1174 609 1230 malitiae
640 1189 928 1246 suspensa
971 1189 1232 1242 nexaque
1282 1171 1590 1228 trahuntur
1641 1173 1910 1228 invicem.
1945 1170 2073 1227 Pari

370 1265 633 1336 exemplo
664 1272 835 1337 atque
865 1265 922 1319 in
955 1269 1116 1334 parte
1147 1263 1372 1319 meliori
1395 1265 1638 1320 virtutes
1678 1280 1747 1319 ex
1777 1279 1838 1320 se
1869 1267 2072 1319 mutuo

369 1355 643 1426 pendent.
667 1353 852 1423 Caput
872 1369 1005 1409 vero
1019 1351 1247 1408 virtutis
1264 1353 1457 1408 omnis
1470 1359 1602 1407 etsn
1615 1369 1850 1423 premus
1876 1356 2071 1407 vertex

369 1460 610 1515 operum
637 1442 1015 1499 laudabilium
1038 1448 1129 1498 est
1149 1447 1428 1498 constans
1445 1446 1501 1497 in
1525 1445 1783 1498 oratione
1809 1457 2072 1513 perseve-

367 1533 580 1600 rantia,
617 1548 715 1604 per
729 1549 906 1604 quam
929 1533 1182 1601 reliquas
1206 1548 1436 1603 quoque
1448 1531 1694 1588 virtutes
1713 1548 1744 1586 a
1757 1531 1874 1588 Deo
1887 1532 2073 1586 conti-

367 1638 486 1680 nua
520 1622 796 1695 petitione
816 1621 1158 1691 impetratae
1181 1619 1422 1692 adipisci
1446 1621 1706 1691 quotidie
1728 1635 2070 1692 possumus.

439 1712 539 1768 IX.
572 1711 694 1767 Nisi
745 1709 1071 1779 humilitas,
1121 1715 1180 1766 et
1228 1709 1594 1780 simplicitas,
1645 1714 1702 1764 et
1741 1707 2070 1779 benignitas

342 1809 605 1858 exornet
633 1817 759 1868 nos,
803 1800 1039 1856 habitus
1087 1799 1371 1854 orationis
1414 1797 1559 1852 nihil
1589 1799 1757 1853 nobis
1790 1797 2066 1869 proderit.

365 1891 491 1948 Non
528 1889 717 1946 solum
772 1896 969 1945 autem
1017 1889 1076 1943 id
1125 1888 1196 1945 de
1251 1888 1510 1944 oratione
1563 1887 1838 1954 dicimus,
1883 1886 1987 1942 sed
2017 1890 2074 1941 et

364 1981 436 2036 de
465 1981 672 2052 quavis
700 1979 813 2034 alia
861 1977 1234 2035 contentione
1282 1983 1340 2033 et
1371 1977 1583 2042 labore,
1629 1977 1748 2033 sive
1795 1976 1854 2032 in
1899 1975 2066 2046 virgi-

362 2069 563 2126 uitatis
619 2068 907 2138 custodia,
979 2067 1040 2124 in
1102 2067 1367 2138 precibus
1425 2066 1763 2132 recitandis,
1832 2065 1890 2120 in
1957 2064 2068 2119 alia

362 2158 623 2232 qualibet
651 2173 979 2214 arumnosa
1029 2157 1328 2212 functione
1358 2155 1612 2220 virtutis,
1663 2170 1838 2210 causa
1877 2171 2068 2211 susce-

362 2253 502 2320 pta;
535 2247 646 2304 nisi
692 2249 917 2303 fructu
960 2245 1282 2314 charitatis,
1325 2244 1506 2316 pacis,
1540 2244 1760 2315 gaudii,
1796 2260 2066 2300 mansue-

339 2336 610 2406 tudinis,
658 2334 1036 2396 humilitatis,
1086 2333 1500 2406 simplicitatis,
1571 2331 2063 2406 sinceritatisque,

359 2427 494 2483 ﬁdei
525 2425 980 2498 longanimitatis
1027 2425 1276 2482 candide
1321 2424 1381 2480 in
1415 2423 1586 2480 nobis
1616 2423 1762 2495 ipsis
1813 2423 2065 2494 reperia-

359 2531 513 2583 mus,
557 2516 618 2570 in
659 2531 875 2571 vanum
923 2519 982 2570 et
1029 2529 1274 2570 vacuum
1345 2513 1531 2569 nostri
1592 2512 1821 2568 labores
1881 2512 2063 2567 susci-

358 2605 642 2677 piuntur;
692 2603 887 2660 omnis
933 2603 1090 2658 enim
1140 2603 1244 2658 ista
1282 2602 1614 2658 exercitatio
1662 2606 1720 2656 et
1770 2600 2062 2656 contentio

356 2697 594 2764 propter
644 2691 748 2747 bos
799 2692 1021 2746 fructus
1075 2689 1291 2760 suscipi
1333 2690 1521 2744 debet.
1571 2690 1759 2752 Quare
1810 2687 1898 2744 his
1938 2689 2063 2742 fru-

356 2782 548 2837 ctibus
592 2799 705 2838 non
753 2779 1237 2852 comparentibus
1276 2778 1430 2834 intra
1474 2793 1602 2845 nos,
1655 2778 1978 2833 lrustranea
2007 2780 2063 2832 et

356 2870 523 2927 irrita
571 2871 674 2928 illa
721 2869 916 2926 omnis
954 2868 1066 2925 fuit
1113 2867 1392 2940 operatio,
1448 2867 1732 2938 adeoque,
1793 2867 1894 2939 qui
1938 2867 2062 2922 sine

355 2961 447 3018 his
475 2967 812 3034 operantur,
865 2959 1087 3015 similes
1129 2957 1188 3012 in
1239 2959 1334 3014 die
1385 2958 1591 3028 judicii
1625 2956 2062 3028 deprehenden-

355 3059 448 3108 tur
495 3050 672 3106 fatuis
719 3050 983 3122 quinque
1028 3046 1354 3118 virginibus
1421 3047 1465 3114 ⁷,
1511 3063 1660 3116 quas,
1709 3047 1862 3117 quod
1925 3045 2059 3100 hinc

353 3157 471 3198 non
503 3143 900 3213 asportassent
934 3137 993 3194 in
1042 3137 1199 3192 vasis
1248 3135 1440 3192 cordis
1487 3133 1786 3205 spirituale
1839 3133 2053 3204 oleum,

2185 542 2266 620 ἐφ’
2297 543 2411 604 ἑνὸς
2441 543 2508 597 τά
2554 542 2692 599 κακά
2721 539 3022 600 ἐκδίδονται
3058 561 3072 574 ⁹
3104 545 3167 599 τὸ
3203 550 3360 618 μῖσος
3405 546 3510 601 ἀπὸ
3555 544 3654 602 τοῦ
3697 549 3922 620 θυμοῦ,

2186 632 2214 685 6
2247 632 2417 705 θυμὸς
2452 633 2557 686 ἀπὸ
2600 632 2990 710 ὑπερηφανίας,
3022 635 3057 702 ἡ
3097 634 3439 711 ὑπερηφανία
3491 636 3596 691 ἀπὸ
3650 644 3753 706 τῆς
3807 658 3919 692 κε-

2183 717 2450 790 νοδοξίας,
2505 724 2539 790 ἡ
2598 719 2876 790 κενοδοξία
2931 721 3036 778 ἀπὸ
3096 730 3195 792 τῆς
3254 722 3522 792 ἀπιστίας,
3669 725 3916 781 ἀπιστία

2186 811 2292 866 ἀπὸ
2357 813 2457 880 τῆς
2517 809 2977 885 σκληροκαρδίας,
3037 815 3078 881 ἡ
3141 811 3550 888 σκληροκαρδία
3623 815 3728 870 ἀπὸ
3790 823 3910 886 τῆς

2183 897 2468 972 ἀμελείας,
2503 901 2537 969 ἡ
2571 900 2802 974 ἀμέλεια
2849 902 2956 957 ἀπὸ
2995 908 3094 971 τῆς
3136 903 3488 978 χαυνώσεως,
3520 905 3558 974 ἡ
3611 904 3908 982 χαῦνωσις

2186 989 2290 1044 ἀπὸ
2341 996 2439 1060 τῆς
2499 989 2814 1066 ὀλιγωρίας,
2846 993 2881 1062 ἡ
2941 991 3213 1067 ἀλιγωρία
3260 992 3363 1047 ἀπὸ
3405 997 3501 1063 τῆς
3555 992 3811 1063 ἀκτοδίαςς
3858 998 3900 1064 ’ἦ

2184 1075 2382 1150 ἀκηδία
2424 1079 2528 1134 ἀπὸ
2568 1087 2667 1148 τῆς
2718 1079 3115 1156 μικροψυχίας,
3156 1083 3192 1150 ἡ
3227 1081 3571 1158 μικροψυχία
3625 1083 3730 1139 ἀπὸ
3787 1091 3906 1154 τῆς

2184 1165 2526 1246 φιληδονίας,
2561 1169 2651 1223 καί
2681 1168 2748 1224 τά
2796 1169 2966 1225 λοιπά
3026 1171 3163 1244 μέρη
3224 1177 3326 1241 τῆς
3373 1172 3563 1234 κακίας
3621 1171 3900 1244 ἀλλήλων

2184 1257 2314 1312 είσῖν
2374 1255 2768 1332 ἐκκρεμάμενα.
2830 1261 3020 1322 Οὕτως
3078 1259 3128 1314 ἐν
3185 1265 3261 1332 τῷ
3335 1261 3521 1335 ἀγαθῴ
3603 1262 3754 1336 μέρει
3837 1264 3904 1318 αἱ

2182 1345 2366 1420 ἀρεταί
2424 1346 2558 1401 εἰσιν
2620 1346 3028 1422 ἀπηρτημέναι.
3096 1346 3322 1426 Κεφαλή
3368 1347 3424 1404 δὲ
3473 1349 3649 1417 πάσης
3691 1350 3905 1425 ἀρετῆς·

2181 1435 2270 1489 καὶ
2329 1437 2540 1514 κορυφὴ
2619 1440 2726 1490 τῶν
2782 1436 3225 1510 κατορθωμάτων
3285 1436 3427 1492 ἐστίν
3494 1439 3528 1507 ἡ
3575 1447 3902 1514 προσευχῆς

2181 1524 2668 1601 προσκαρτέρησις,
2724 1522 2791 1579 δι’
2848 1528 2914 1594 ἧς
2981 1525 3073 1581 καὶ
3132 1529 3224 1589 τάς
3295 1528 3491 1590 λοιπὰς
3549 1527 3739 1602 ἀρετὰς
3799 1525 3899 1585 διὰ

2179 1617 2278 1681 τῆς
2309 1614 2456 1688 παρά
2484 1618 2617 1670 Θεοῦ
2648 1611 2916 1686 αἰτήσεως
2954 1614 3221 1691 ὁσημέραι
3251 1619 3472 1673 κτᾶσθαι
3506 1613 3800 1691 δυνάμεθα.

2253 1704 2326 1759 ϐ’.
2393 1703 2522 1761 Ἐὰν
2585 1703 2664 1776 μή
2728 1704 2763 1773 ἡ
2830 1703 3323 1782 ταπεινοφροσύνη,
3374 1705 3463 1760 καὶ
3520 1707 3555 1776 ἡ
3617 1702 3898 1779 ἁπλότης,

2178 1793 2268 1848 καὶ
2317 1795 2353 1864 ἡ
2399 1793 2698 1870 ἀγαθὸτης,
2748 1797 3140 1869 κατακοσμησῃ
3191 1797 3364 1868 ἡμᾶς,
3410 1796 3471 1850 τὸ
3540 1799 3730 1872 σχῆμα
3784 1805 3894 1868 τῆς

2182 1881 2351 1958 εὐχῆς
2397 1885 2545 1954 ἡμᾶς
2603 1881 2754 1938 οὐδὲν
2806 1882 3105 1961 ὠφελήσει.
3157 1884 3234 1941 Οὐ
3287 1885 3447 1958 μόνον
3512 1881 3567 1940 δὲ
3611 1887 3731 1961 περὶ
3784 1894 3893 1956 τῆς

2180 1971 2350 2046 εὐχῆς
2409 1969 2661 2048 λέγομεν,
2719 1971 2866 2028 ἀλλά
2922 1973 3012 2027 καὶ
3093 1972 3214 2048 περὶ
3272 1974 3473 2036 παντὸς
3518 1977 3788 2050 καμάτου,
3849 1976 3889 2045 ἢ

2179 2061 2371 2130 πόνου,
2403 2058 2438 2129 ἢ
2496 2064 2802 2135 παρθενίας,
2837 2061 2872 2130 ἢ
2920 2061 3111 2136 εὐχῆς,
3250 2061 3579 2134 οίουδήποτε
3635 2066 3890 2138 καμάτου

2181 2151 2270 2203 καὶ
2331 2149 2578 2225 ἐργασίας
2629 2150 2825 2221 ἀρετῆς
2879 2148 3054 2206 ἕνεκεν
3115 2150 3592 2226 ἐπιτελουμένου·
3658 2152 3743 2209 ἐὰν
3805 2157 3886 2228 μή

2177 2237 2306 2302 τοὺς
2368 2239 2609 2314 καρποὺς
2676 2240 2774 2307 τῆς
2824 2240 3056 2317 ¹ἀγάπης
3113 2244 3201 2297 καὶ
3262 2239 3486 2314 εἷρῆνης
3560 2245 3651 2298 καὶ
3707 2252 3889 2321 χαρᾶς

2179 2327 2268 2382 καὶ
2325 2328 2638 2402 πραότητος
2685 2332 2771 2384 καὶ
2838 2331 3249 2403 ταπεινότητος,
3309 2331 3622 2403 ἁπλότητὸς
3678 2356 3735 2390 τε
3791 2335 3887 2391 καὶ

2177 2416 2539 2496 ἀφελότητος,
2601 2417 2830 2482 πίστεως
2895 2421 2984 2474 καὶ
3065 2420 3462 2496 μακροθυμίας,
3520 2423 3766 2501 ἀφθόνως
3833 2425 3887 2481 ἐν

2179 2508 2390 2570 ἑαυτοῖς
2458 2508 2802 2584 εὑρίσκομεν,
2889 2509 3003 2581 είκῆ
3085 2512 3174 2565 καὶ
3263 2511 3436 2584 μάτην
3515 2513 3567 2568 οἱ
3642 2515 3878 2588 κάματοι

2176 2599 2335 2670 ἡμῶν
2385 2597 2666 2673 γεγόνασι⁶
2715 2601 2750 2668 ἡ
2800 2605 2942 2654 πάσα
2999 2591 3100 2674 γάρ
3145 2595 3320 2670 ἐκείνη
3371 2597 3610 2677 ἐργασία,
3654 2605 3742 2658 καί
3826 2607 3880 2660 οἱ

2174 2687 2408 2758 κάματοι
2461 2685 2550 2741 διά
2622 2686 2748 2750 τοὺς
2812 2689 3051 2762 καρποὺς
3103 2687 3339 2763 γίνεσθαι
3395 2689 3692 2765 ὀφείλουσι.
3761 2699 3878 2749 Τῶν

2176 2770 2233 2828 δὲ
2261 2778 2483 2846 καρπῶν
2517 2783 2616 2845 τῆς
2648 2775 2865 2850 ἀγάπης
2909 2777 2999 2831 καὶ
3057 2775 3281 2852 εἰρήνης
3342 2781 3419 2853 μὴ
3479 2777 3869 2854 εὑρισκομένων

2172 2861 2223 2918 ἐν
2276 2865 2434 2938 ἡμῖν,
2477 2863 2594 2934 εἷ’κῆ
2637 2867 2725 2920 καὶ
2778 2867 2954 2940 μάτην
2992 2869 3026 2937 ἡ
3089 2865 3192 2937 ὅλη
3251 2865 3472 2943 ἐργασία
3524 2870 3742 2944 γίνεται.
3795 2872 3866 2928 0".

2171 2953 2273 3028 γὰρ
2322 2953 2498 3029 χωρὶς
2557 2954 2766 3010 τούτων
2823 2955 3170 3032 ἐργαζόμενοι
3226 2959 3362 3013 κατά
3399 2960 3492 3022 τάς
3549 2958 3699 3016 πέντε
3759 2984 3873 3034 μω.

2171 3044 2266 3118 ράς
2325 3044 2620 3117 παρθένους
2681 3043 2732 3099 ἐν
2792 3039 2974 3118 ἡμέρα
3028 3045 3255 3120 κρίσεως
3312 3045 3740 3122 ἀποδείκνυνται,
3789 3048 3876 3106 α’ί-

2166 3152 2304 3196 τινες
2361 3131 2450 3188 διὰ
2507 3136 2567 3188 τὸ
2629 3139 2706 3208 μή
2755 3135 2986 3190 ἐντεῦθεν
3031 3137 3464 3211 ἀποκομίσασθαι
3515 3139 3565 3194 ἐν
3612 3147 3727 3202 τοῖς
3775 3149 3874 3212 τῆς

353 3247 468 3305 quo
515 3231 676 3301 prius
725 3232 1059 3284 memorata
1108 3225 1352 3282 virtutes
1431 3223 1839 3296 designantur,
1887 3225 2058 3280 latus:

2169 3219 2391 3298 καρδίας
2451 3223 2687 3302 ἀγγείοις
2746 3225 2808 3280 τὸ
2875 3227 3236 3301 πνευματικὸν
3288 3224 3501 3298 ἓλαίον,
3576 3229 3710 3307 ὅπερ
3764 3230 3873 3286 ἐστὶ

353 3319 663 3377 nominate
687 3324 847 3385 sunt,
878 3321 932 3373 et
962 3315 1255 3387 spirituali
1288 3314 1449 3386 regni
1495 3313 1755 3370 thalamo
1789 3313 2052 3370 exclusae.

342 3408 661 3478 Laborque
703 3404 1081 3476 virginitatis,
1134 3408 1369 3476 propter
1417 3404 1707 3459 defectum
1740 3402 2046 3462 virtutum.

353 3499 412 3553 et
474 3492 853 3566 privationem
903 3493 1218 3546 manifestas
1283 3490 1724 3546 inbabitationis
1783 3491 2054 3562 Spiritus,

353 3601 460 3657 pro
489 3582 671 3638 nihilo
719 3584 1020 3653 reputatus
1069 3587 1173 3636 est.
1215 3580 1379 3635 Sicut
1433 3579 1589 3636 enim
1621 3581 1680 3634 in
1712 3578 1935 3635 cultura
1971 3582 2056 3636 vi-

353 3691 474 3733 nes
512 3673 702 3730 omnis
752 3669 1044 3726 industria
1083 3676 1142 3726 et
1188 3669 1353 3725 labor
1399 3672 1470 3726 ad
1521 3672 1812 3726 fructuum
1854 3688 2054 3742 perce—

354 3765 610 3838 ptionem
636 3763 912 3830 refertur;
944 3775 1072 3832 quae
1119 3759 1169 3817 si
1200 3761 1434 3814 demum
1479 3758 1662 3825 fallat,
1703 3775 1817 3814 non
1859 3776 2052 3831 reper-

354 3853 431 3909 tis
460 3852 589 3908 uvis
637 3851 695 3906 in
738 3851 870 3920 vite,
916 3847 1314 3920 nequidquam
1367 3852 1424 3904 et
1472 3847 1598 3904 sine
1654 3864 1840 3920 opera:
1871 3848 2055 3920 pretio

353 3943 722 4002 existimatur
753 3939 1074 3998 desudasse
1121 3939 1374 4004 vinitor;
1405 3937 1487 3994 ita
1549 3937 1663 3994 nisi
1713 3955 1814 4010 per
1853 3955 2056 4009 opera-

350 4037 572 4093 tionem
631 4033 889 4106 Spiritus
949 4030 1136 4087 sancti
1200 4030 1417 4086 l‘ructus
1479 4029 1802 4096 charitatis,
1870 4031 2050 4101 pacis,

347 4125 568 4200 gaudii,
618 4120 992 4188 humilitatis,
1041 4119 1413 4190 aliorumque
1463 4126 1934 4175 enumeratorum
1981 4122 2052 4176 ab

348 4217 626 4292 Apostolo
683 4215 968 4271 donorum
1052 4213 1097 4278 ⁸,
1179 4210 1241 4266 in
1317 4210 1477 4267 omni
1561 4211 1912 4266 certitudine
1987 4226 2054 4267 ac

348 4325 522 4366 sensu
546 4305 839 4377 spirituali
875 4303 937 4358 in
991 4302 1162 4358 nobis
1194 4300 1339 4372 ipsis
1391 4316 1804 4372 agnoscamus,
1839 4301 2054 4356 frustra

346 4395 780 4454 contentionem
843 4390 1218 4462 virginitatis,
1296 4389 1599 4457 orationis,
1687 4387 2050 4461 psalmodiis,

339 4484 553 4557 jejunii
583 4487 639 4539 et
685 4480 1016 4553 vigiliarum
1059 4479 1314 4536 laborem
1365 4479 1697 4550 suscepisse
1738 4479 2053 4535 convince-

3452 3317 3870 3392 ὠνομάσθησαν,

3391 3409 3685 3484 νυμφῶνος
3770 3407 3870 3461 ἀπ-

2166 3490 2536 3560 εκλείσθησαν.
2571 3491 2672 3548 Καὶ
2734 3493 2762 3546 6
2821 3495 2919 3558 τῆς
2975 3492 3259 3568 παρθενίας
3315 3495 3558 3569 κάματος
3615 3493 3705 3552 διὰ
3759 3502 3865 3554 τῶν

2164 3579 2369 3648 ἀρετῶν
2429 3577 2674 3654 ἔλλειψιν
2732 3581 2820 3636 καὶ
2881 3580 3127 3659 στέρησιν
3186 3591 3284 3652 τῆς
3341 3582 3600 3663 ἐναργοῦς
3651 3586 3862 3659 ἐνοική-

2165 3689 2299 3730 σεως
2350 3673 2446 3724 τοῦ
2496 3671 2829 3743 Πνεῦματος,
2882 3672 2958 3734 εἴς
3011 3670 3165 3726 οὐδὲν
3204 3665 3486 3749 ἐλογίσθη.
3529 3676 3728 3750 Ὠσπερ
3759 3677 3861 3754 γάρ

2163 3755 2215 3812 ἐν
2257 3763 2324 3833 τῇ
2382 3779 2594 3836 γεωργᾳ
2638 3767 2739 3830 τῆς
2795 3761 3045 3834 ἀμπέλου
3102 3768 3246 3818 πᾶσα
3312 3762 3601 3838 ἐπιμέλεια
3633 3768 3724 3822 καὶ
3781 3765 3868 3822 διὰ

2161 3850 2262 3918 τὴν
2309 3854 2421 3905 τῶν
2465 3855 2688 3926 καρπῶν
2745 3851 3043 3907 ἀπόλαυσιν
3100 3853 3327 3931 γίνεται,
3376 3863 3600 3930 καρπῶν
3667 3855 3724 3913 δὲ
3789 3861 3863 3932 μή

2164 3939 2561 4013 εὑρισκομένων
2633 3939 2686 3996 ἐν
2753 3946 2818 4011 τῆ
2888 3940 3121 4016 ἀμπέλῳ
3179 3942 3294 4012 εἰκῆ
3356 3944 3447 3999 καὶ
3499 3946 3672 4021 μάτην
3723 3953 3866 4002 πᾶσα

2163 4027 2463 4103 ἐμπόνησις
2518 4037 2619 4101 τῆς
2667 4030 2920 4107 ἐργασίας
2980 4031 3234 4108 γίνεται·
3297 4034 3474 4100 οὕτως
3531 4037 3618 4091 ἐάν
3675 4042 3754 4112 μή
3784 4038 3871 4094 τιὰ

2160 4125 2261 4189 τῆς
2323 4119 2594 4195 ἐνεργείας
2659 4125 2756 4176 τοῦ
2807 4122 3122 4196 Πνεῦματος
3177 4123 3416 4199 καρποὺς
3483 4125 3705 4204 ἀγάπης
3777 4129 3864 4182 καὶ

2163 4209 2388 4284 εἱρήνης
2445 4209 2536 4265 καὶ
2577 4217 2751 4288 χαρᾶς
2783 4215 2873 4266 καί
2906 4213 3305 4284 ταπεινώσεως,
3336 4216 3426 4269 καὶ
3483 4218 3590 4271 τῶν
3652 4216 3859 4273 λοιπῶν

2161 4299 2307 4374 παρᾶ
2351 4303 2433 4370 τῷ
2487 4297 2813 4372 Ἀποστὸλῳ
2869 4300 3136 4375 ῥηθέντων
3193 4302 3245 4358 ἐν
3301 4303 3447 4380 πάσῃ
3513 4303 3865 4384 πληροφορίᾳ

2161 4389 2252 4443 καὶ
2321 4386 2566 4458 αἰσθήσει
2646 4391 2988 4464 πνευματικῇ
3081 4390 3134 4446 ἐν
3239 4393 3450 4457 ἑαυτοῖς
3535 4392 3860 4470 ἐπιγνῶμεν,

2162 4475 2278 4546 εἰκῆ
2333 4477 2360 4530 6
2391 4479 2490 4542 τῆς
2547 4478 2839 4552 παρθενίας
2890 4480 3156 4553 κάματος,
3189 4482 3281 4536 καὶ
3325 4483 3520 4558 εὐχῆς,
3551 4484 3637 4538 καί
3672 4481 3859 4557 ψαλμ-

2165 3315 2273 3367 τῶν
2352 3312 2766 3387 προειρημένων
2879 3315 3101 3386 ἀρετῶν,
3179 3316 3358 3389 μωραὶ

2165 3399 2253 3453 καὶ
2299 3404 2396 3454 τοῦ
2444 3405 2812 3473 πνευματικοῦ
2863 3408 2964 3471 τῆς
3033 3401 3310 3469 βασιλείας

348 4591 500 4631 mur.
557 4573 626 4630 Hi
673 4571 888 4644 quippe
936 4569 1160 4626 labores
1210 4568 1422 4624 animae
1473 4584 1539 4624 ac
1595 4569 1878 4638 corporis,
1947 4585 2051 4640 spe

2169 4564 2349 4638 ῳόίας.
2405 4568 2658 4636 νηστείας
2706 4587 2765 4622 τε
2816 4568 2907 4623 καὶ
2964 4568 3258 4642 ἀγρυπνίας
3318 4572 3346 4626 6
3401 4573 3570 4634 πόνος
3625 4570 3699 4632 είς
3755 4571 3854 4626 οὖ-

344 4663 738 4737 spiritualium
788 4659 1082 4732 ejusmodi
1128 4658 1423 4714 fructuum
1486 4655 1736 4717 exerceri
1792 4657 2044 4714 debent:

344 4754 598 4825 Spiritus
647 4767 778 4807 vero
827 4750 887 4805 in
927 4747 1244 4805 virtutibus
1275 4745 1664 4813 lructificatio,
1713 4745 1910 4800 fruitio
1959 4750 2050 4802 est

344 4842 668 4914 spiritualis
729 4841 790 4896 in
869 4837 1157 4909 voluptate
1213 4837 1573 4907 incorrupta,
1644 4835 1702 4891 in
1768 4836 2046 4894 cordibus

344 4930 614 4989 ﬁdelibus
660 4927 994 5000 operatione
1038 4926 1290 4996 Spiritus
1351 4925 1543 4981 sancti
1626 4924 1924 4982 animatis.
1978 4927 2042 4983 In

343 5021 530 5078 multa
592 5017 882 5089 siquidem
945 5015 1296 5072 discretione
1357 5013 1698 5086 prudentiae,
1765 5017 2046 5087 Operatio,

345 5110 601 5175 labores,
633 5112 692 5162 et
711 5120 983 5160 erumnas
1013 5108 1261 5172 naturae,
1293 5101 1702 5159 existimentur
1740 5119 1842 5175 per
1871 5104 2044 5160 {idem

345 5205 403 5258 et
432 5214 594 5272 spem
616 5213 650 5252 a
692 5199 894 5251 sancto
923 5193 1141 5264 Spiritu
1174 5191 1271 5259 iis,
1313 5191 1416 5263 qui
1445 5190 1602 5262 digni
1654 5199 1814 5260 sunt,
1857 5193 2044 5249 ellica-

344 5291 492 5348 citer
555 5285 750 5343 inditi.
800 5284 1025 5340 Bonum
1082 5290 1162 5339 est
1222 5282 1542 5353 jejunium,
1602 5281 1753 5337 bona
1808 5281 2042 5353 vigilia;

346 5383 497 5438 bona
554 5379 692 5449 fuga
740 5374 942 5447 patriae
982 5377 1039 5429 et
1073 5370 1531 5428 conversationis
1563 5371 1836 5426 humana:
1867 5372 1926 5426 iu
1957 5388 2046 5428 so-

329 5469 615 5526 .litudtne.
649 5465 760 5523 Sed
791 5463 913 5520 hac
949 5461 1054 5520 flos
1092 5461 1218 5533 ipse
1257 5477 1326 5518 ac
1371 5459 1536 5533 vigor
1564 5465 1706 5518 sunt
1741 5476 2045 5518 conversa-

409 5658 432 5694 7
463 5656 668 5716 Matth.
703 5672 833 5728 xxv,
861 5654 913 5709 8.
989 5650 1010 5686 ⁸
1041 5650 1228 5708 Galat.
1262 5665 1318 5720 ν,
1346 5650 1437 5704 22.

2161 4653 2242 4710 δέν
2286 4652 2688 4712 ἀποδείκνυται.
2723 4657 2890 4714 Οὗτοι
2937 4657 3041 4734 γάρ
3087 4660 3138 4714 οἱ
3177 4659 3336 4716 πόνοι
3386 4665 3566 4738 ψυχῆς
3606 4659 3695 4715 καὶ
3745 4662 3857 4716 σώ-

2162 4765 2329 4816 ματος
2384 4745 2467 4800 ἐπ’
2534 4742 2721 4801 ἐλπίδι
2785 4751 3167 4818 πνευματικῶν
3228 4755 3450 4824 καρπῶν
3503 4749 3862 4812 ἐπιτελεῖσθαι

2160 4831 2468 4911 ὀφείλουσιν
2501 4851 2513 4866 ’
2572 4835 2607 4904 ἡ
2658 4831 2720 4889 δὲ
2759 4839 2857 4890 τοῦ
2908 4835 3217 4910 Πνεῦματος
3255 4840 3310 4894 ἐν
3343 4845 3462 4904 ταῖς
3490 4839 3706 4915 ἀρεταῖς
3737 4860 3862 4916 καρ-

2156 4922 2400 4998 ποφορία
2477 4921 2774 4986 ἀπόλαυσίς
2846 4923 2955 4981 ἐστι
3039 4931 3377 5001 πνευματικὴ
3434 4927 3486 4984 έν
3541 4927 3716 5004 ἡδονῇ
3775 4929 3864 5006 ἀφ·

2158 5010 2362 5084 θάρτφ,
2393 5011 2443 5064 ἐν
2475 5009 2726 5086 καρδίαις
2783 5019 3022 5082 πισταῖς,
3055 5015 3157 5070 ὑπὸ
3207 5021 3305 5072 τοῦ
3363 5017 3675 5092 Πνεῦματος
3725 5017 3862 5091 ἐνερ-

2157 5099 2454 5173 γουμέναις
2490 5120 2502 5133 ⁸
2538 5099 2590 5155 ἐν
2622 5099 2812 5175 πολλῇ
2853 5104 2956 5178 γάρ
3005 5100 3264 5180 διακρίσει
3315 5105 3573 5170 συνέσεως
3615 5109 3651 5177 ἡ
3702 5105 3857 5184 ἔργα·

2158 5188 2246 5243 σία
2295 5186 2387 5243 καί
2436 5189 2602 5252 πόνος
2652 5189 2740 5244 καὶ
2799 5191 3035 5265 κάματοι
3083 5200 3182 5264 τῆς
3241 5196 3451 5274 φύσεως
3527 5196 3858 5271 ἡγείσθωσαν

2157 5275 2246 5333 8ιά
2301 5277 2534 5341 πίστεως
2593 5279 2682 5334 καὶ
2733 5277 2956 5344 ἐλπίδος
3006 5281 3114 5338 ἀπὸ
3173 5283 3270 5338 τοῦ
3337 5283 3491 5360 ἀγίου
3551 5285 3864 5358 Πνεῦματος

2155 5373 2271 5430 τοῖς
2343 5369 2514 5442 ἀξίοις
2569 5369 2974 5446 ὶνεργοῦμενοι.
3026 5373 3208 5429 Καλόν
3268 5372 3406 5430 ἐστιν
3465 5377 3500 5446 ἡ
3558 5376 3868 5449 νηστεία,ἡ

2161 5459 2449 5537 ἀγρυπνία,
2509 5461 2544 5529 ἡ
2606 5459 2830 5530 ξενιτεία
2864 5504 2879 5521 .
2936 5461 3084 5519 ἀλλά
3137 5469 3304 5521 ταῦτα
3362 5465 3510 5541 άκμή
3585 5463 3871 5532 πολιτείας
