4130 6286
316 360 436 428 829

1506 359 1735 427 LIBER
1777 357 1878 428 DE
1920 357 2310 429 CUSTODIA
2353 362 2653 429 CORDIS.

3718 361 3839 428 830

319 499 462 557 ἔστὶν
521 500 728 577 ἀγαθῆς
761 514 776 531 ⁸
830 497 977 566 πλὴν
1020 499 1053 567 ἡ
1111 495 1259 568 τάξις
1314 498 1422 554 τῶν
1486 502 1822 574 Χριστιανῶν
1885 495 2017 553 ἔσω-

2135 501 2312 558 tionis
2342 502 2527 558 bonae.
2568 502 2850 558 Caeterum
2898 499 3038 558 ordo
3087 500 3546 560 Christianorum
3594 503 3838 560 interior

318 589 448 663 τέρα
501 586 615 644 icti
665 586 895 654 τούτων,
951 590 1041 642 καὶ
1097 586 1198 644 ούκ
1253 586 1461 666 ὀφείλει
1517 607 1603 650 τις
1654 586 1745 642 ἐπὶ
1801 587 2022 651 τούτοις

315 682 417 750 τήν
485 679 809 749 πεποίθησιν
855 676 1002 752 ἔχειν
1059 679 1149 734 καὶ
1212 677 1418 752 μόνοις.
1481 674 1777 752 Συμϐαίνει
1834 677 1890 734 δὲ
1937 677 2023 734 ὅτι

317 770 422 825 εἰσί
475 789 616 832 τινες
673 768 904 844 χάριτος
965 767 1233 844 μέτοχοι·
1275 769 1366 824 καὶ
1433 771 1468 839 ἡ
1528 769 1689 823 κακία
1753 763 1831 823 ἔτι
1891 767 2026 824 οὖσα

318 859 653 934 τεχνάζεται,
703 859 793 914 καὶ
841 862 1166 935 παραχωρεῖ
1223 859 1444 929 ἑκοῦσα,
1510 858 1601 913 καὶ
1654 857 1750 914 οὐκ
1797 857 2023 934 ἐνεργεῖ,

319 947 464 1003 ἀλλὰ
510 953 660 1004 ποιεῖ
707 949 931 1022 νομίσαι
976 949 1072 1004 τὸν
1117 948 1423 1023 ἄνθρωπον,
1474 947 1558 1002 ὅτι
1613 947 1941 1022 ἐκαθαρίσθη
1995 948 2022 1001 ὁ

323 1042 446 1101 νοῦς
479 1039 645 1094 αὐτοῦ
671 1057 683 1069 ·
724 1037 814 1092 καὶ
865 1035 1059 1092 λοιπὸν
1093 1038 1242 1114 φέρει
1286 1037 1452 1107 αὐτὴν
1502 1036 1704 1108 οἷήσιν,
1757 1037 1841 1092 ὅτι
1879 1041 2026 1113 Χρι-

317 1127 536 1190 στιανός
585 1128 698 1200 εἶμι
747 1125 980 1197 τέλειος,
1025 1128 1117 1181 καὶ
1171 1127 1307 1200 μετὰ
1351 1131 1541 1195 ταῦτα,
1591 1128 1716 1182 ὅταν
1763 1128 1963 1200 νομίσῃ
1994 1129 2022 1182 ὁ

278 1213 628 1291 -ἅνθρωπος,
688 1217 771 1270 ὅτι
824 1213 1136 1289 Ἐλεύθερός
1185 1217 1324 1288 εἰμι,
1383 1215 1472 1270 καὶ
1530 1216 1846 1290 ἁμεριμνεῖ,
1899 1217 2025 1271 τότε

320 1307 598 1382 λῃστρικῷ
661 1306 854 1381 τρόπῳ
912 1304 1134 1381 ἔρχεται
1199 1305 1351 1378 αὐτῷ
1408 1309 1443 1375 ἡ
1501 1307 1667 1360 κακία
1727 1302 2023 1383 ἔγκρυμμα

318 1401 599 1452 ποιοῦσα·
641 1395 732 1450 καὶ
799 1397 1042 1468 πειράζει
1100 1394 1284 1466 αὐτὸν,
1343 1396 1431 1450 καὶ
1501 1395 1786 1472 καταφέρει
1861 1396 2020 1451 αὐτὸν

322 1485 397 1547 εἷς
430 1486 496 1540 τὰ
541 1487 827 1541 κατώτατα
879 1491 980 1554 τῆς
1032 1491 1155 1558 γῆς.
1219 1484 1283 1540 Εἰ
1340 1486 1442 1559 γὰρ
1502 1486 1775 1558 ἄνθρωποι
1835 1484 2023 1541 πολλά

317 1595 403 1637 κις
436 1573 635 1649 λῃσταὶ
690 1575 836 1636 ὅντες
865 1571 901 1644 ἤ
945 1578 1267 1648 στρατιῶται
1315 1574 1451 1629 κα·εό⁴
1505 1573 1787 1647 πολεμίων
1843 1573 2022 1631 οἷ’δασι

314 1665 689 1738 τεχνάζεσθαι,
783 1662 875 1719 καὶ
966 1663 1414 1734 ὑποκαθέζονται,
1479 1663 1570 1719 καὶ
1625 1669 1872 1720 ποιοῦσιν
1942 1659 2022 1740 ἔγ-

315 1775 566 1829 κρυμμα,
619 1753 709 1808 καὶ
769 1750 1114 1828 λαμϐάνουσι
1170 1757 1238 1808 τὰ
1291 1759 1436 1809 νῶτα
1491 1760 1597 1809 τῶν
1637 1755 1873 1829 ἐχθρῶν,
1930 1756 2022 1810 καὶ

319 1841 745 1918 περικυκλοῦσιν
827 1843 1024 1906 αὐτοὺς
1117 1843 1349 1917 ἀθρόως,
1438 1844 1528 1898 καὶ
1621 1845 2017 1899 ἀποκτείνουσιο

312 1931 519 2005 πολλῷ
553 1931 766 2005 μᾶλλον
794 1935 829 2002 ἡ
863 1933 1023 1988 κακία
1054 1933 1184 1988 οὖσα
1221 1933 1496 1988 τοσούτων
1540 1933 1812 2008 χιλιάδων
1856 1939 2020 1991 τοῦτο

315 2024 376 2078 τὸ
407 2020 566 2098 ἔργον
617 2017 845 2097 ἔχουσα,
890 2023 1052 2084 τόσας
1105 2019 1414 2078 ἀπολέσασα
1461 2024 1666 2098 ψυχὰς,
1727 2023 1874 2079 οἶδεν
1925 2022 2018 2080 οὖν

314 2109 610 2188 ἔγκρυμμα
675 2117 850 2167 ποιεῖν
918 2113 973 2167 ἐν
1043 2115 1114 2185 τῇ
1181 2108 1396 2185 καρδίᾳ,
1461 2114 1596 2168 κατᾶ
1662 2115 1884 2189 καιροὺς
1942 2116 2017 2186 μὴ

317 2199 571 2280 ἒνεργεῖν,
604 2200 697 2257 ’ίνα
746 2201 938 2278 ἐνέγκῃ
988 2204 1086 2272 τὴν
1148 2203 1337 2280 ψυχὴν
1384 2201 1460 2263 είς
1511 2200 1689 2274 ο²ίησιν
1731 2201 2019 2274 τελειότη-

314 2313 406 2355 τος
433 2309 447 2360 3

389 2473 448 2529 I'.
505 2472 562 2527 Ὁ
630 2470 883 2545 θεμέλιος
948 2477 1046 2527 τοῦ
1114 2477 1546 2549 Χριστιανισμοῦ
1622 2475 1778 2536 οὗτός
1857 2472 2018 2545 ἐστιν,

311 2556 404 2614 ’ίνα
441 2559 499 2615 ἄν
549 2563 755 2635 ποιήσῃ
807 2561 834 2615 ὁ
898 2560 1184 2636 ἄνθρωπος
1253 2559 1617 2628 δικαιοσύνας,
1681 2564 1756 2635 μὴ
1815 2559 2015 2618 ἐπανα-

317 2649 463 2725 παύῃ
523 2648 574 2705 ἐν
619 2651 826 2718 αὐταῖς,
885 2651 974 2706 καὶ
1029 2650 1131 2727 ἔχῃ
1173 2652 1360 2707 ἑαυτὸν
1415 2651 1603 2729 μέγαν,
1653 2651 1850 2725 ἁλλ’ςῆ
1878 2674 2022 2708 πτω-

315 2741 419 2816 χὸς
460 2743 542 2814 τῷ
595 2741 859 2815 πνεύματι
894 2741 1022 2796 ’καὶ
1071 2741 1160 2797 ἐὰν
1209 2745 1432 2817 γένηται
1486 2744 1724 2819 μέτοχος
1771 2744 2020 2820 χάριτος,

321 2830 398 2902 μὴ
451 2831 652 2904 νομίσῃ
709 2829 896 2886 ἑαυτὸν
954 2830 1346 2906 κατειληφέναι
1401 2853 1476 2904 τι,
1524 2833 1614 2887 καὶ
1666 2832 1832 2907 οἰηθῇ
1884 2833 2016 2888 εἶναί

315 2940 423 2990 τις,
463 2920 550 2973 καὶ
605 2919 830 2994 ἄρξηται
883 2917 1154 2975 διδάσκειν
1185 2940 1198 2954 ⁸
1225 2921 1352 2977 ἀλλ’
1397 2921 1485 2976 ἳνα
1524 2921 1601 2976 ὢν
1658 2921 1836 2991 καλῆς
1880 2923 2022 2991 ξενι-

315 3009 460 3070 τείας
503 3007 593 3063 καὶ
653 3008 953 3077 πολιτείας,
1019 3012 1294 3080 νηστεύων
1363 3012 1529 3080 πολὺ,
1596 3012 1870 3085 ξενιτεύων
1935 3014 2023 3069 εὖ·

321 3099 584 3176 χόμενος,
648 3097 894 3172 μετέχων
941 3099 1193 3176 χάριτος,
1246 3101 1322 3172 μὴ
1372 3102 1644 3175 ἡγήσηται
1686 3103 1787 3170 τήν
1836 3101 2020 3174 ψυχὴν

321 3189 491 3244 αὐτοῦ
528 3187 756 3260 τιμίαν·
786 3186 934 3242 ἀλλὰ
963 3188 1087 3243 τότε
1121 3187 1378 3260 μάλιστα,
1431 3189 1554 3243 ὅταν
1595 3190 1741 3262 ἀρχὴ
1794 3190 2023 3266 χάριτος

2131 597 2222 648 est
2243 592 2333 648 bis
2360 616 2375 661 ;
2406 601 2460 648 et
2491 608 2605 648 non
2637 593 2807 648 debet
2837 591 2968 663 quis
3025 592 3115 647 his
3147 591 3316 647 inniti
3375 592 3516 648 solis
3549 595 3619 648 ad
3652 593 3836 649 conﬁ-

2131 681 2413 736 dentiam.
2446 681 2744 752 Contingit
2772 683 2971 736 autem
3021 695 3150 736 esse
3179 680 3460 750 quosdam
3525 683 3834 751 participes

2131 770 2365 843 gratiae;
2398 771 2455 826 in
2487 772 2702 843 quibus
2735 769 2981 840 malitia,
3014 785 3149 827 cum
3196 787 3392 828 revera
3443 770 3648 840 subsit,
3683 771 3831 828 insi-

2133 863 2296 918 diose
2355 862 2530 919 latere
2595 861 2833 933 satagit,
2904 860 3056 916 ultro
3115 875 3286 930 agere
3350 876 3584 916 cessans
3647 866 3705 916 et
3771 876 3834 916 se

2131 952 2516 1016 abscondens,
2543 953 2886 1022 ipsumque,
2924 950 2982 1005 in
3031 967 3147 1021 quo
3179 949 3422 1019 habitat,
3465 949 3647 1018 fallat,
3681 949 3835 1005 male

2135 1045 2510 1116 persuadens,
2569 1058 2696 1098 esse
2748 1057 2916 1098 suam
2971 1049 3220 1097 mentem
3264 1041 3390 1112 jam
3451 1047 3756 1112 purgatam
3813 1059 3826 1109 ;

2134 1135 2288 1189 unde
2318 1134 2376 1188 in
2409 1131 2803 1203 arrogontiam
2835 1131 3092 1199 inﬂatur,
3145 1131 3344 1186 aiens:
3381 1132 3679 1186 Perfectus
3725 1146 3830 1202 ego

2130 1224 2498 1281 Christianus
2552 1239 2706 1290 sum,
2740 1227 2801 1278 at
2829 1223 2968 1277 dum
3025 1221 3204 1276 miser
3260 1223 3356 1277 isti
3389 1222 3611 1276 fiduciae
3650 1221 3828 1276 homo

2130 1317 2288 1371 164
2327 1315 2628 1380 indormit,
2662 1313 2911 1368 liberum
2945 1327 3006 1368 se
3028 1328 3184 1367 nune
3214 1313 3450 1368 domum
3486 1311 3831 1382 praedicans,

2131 1404 2483 1476 opprimitur
2530 1403 2604 1458 ab
2636 1404 2892 1458 irruente
2947 1401 3008 1457 in
3072 1417 3232 1470 eum,
3265 1401 3555 1456 latronum
3601 1415 3832 1464 more,e

2131 1494 2390 1560 latebris,
2422 1493 2524 1550 ubi
2574 1493 2939 1556 subsederat,
2975 1490 3226 1558 malitia,
3258 1505 3386 1561 quae
3443 1490 3586 1544 nihil
3639 1489 3832 1545 minus

2129 1586 2464 1656 opinantem
2497 1583 2819 1638 tentatione
2861 1579 3189 1636 vehementi
3250 1580 3545 1644 adoriens,
3574 1578 3751 1634 vineit
3777 1582 3834 1634 et

2129 1674 2408 1745 deprimit
2455 1673 2518 1728 in
2569 1677 2732 1728 terrae
2777 1671 2998 1726 inﬁma.
3025 1671 3083 1724 Si
3142 1669 3297 1726 enim
3363 1668 3632 1725 homines
3679 1684 3832 1740 saepe

2099 1781 2102 1784 λ
2128 1762 2434 1819 latrocinio
2457 1766 2557 1817 aut
2577 1761 2800 1817 militiis
2831 1759 3034 1828 dediti,
3067 1763 3497 1830 strategemate,
3519 1757 3602 1812 uti
3635 1757 3834 1813 sciunt

2129 1853 2506 1908 subsidentes
2536 1850 2594 1905 in
2630 1849 2773 1905 locis
2812 1849 3078 1916 occultis,
3111 1853 3168 1904 et
3221 1864 3288 1903 ex
3318 1847 3553 1903 insidiis
3597 1852 3831 1918 repente

2129 1941 2455 1998 eoorientes
2508 1941 2568 1996 in
2614 1939 2871 1994 hostium
2905 1943 3090 2009 terga,
3125 1937 3368 2008 ipsoque
3398 1937 3829 1994 circumventos

2129 2032 2184 2088 vl
2214 2031 2407 2086 subita
2435 2029 2747 2094 trucidant,
2781 2033 3006 2098 quanto
3065 2025 3256 2096 magis
3306 2025 3548 2095 malitia,
3580 2041 3706 2092 quo
3749 2028 3836 2080 tot

2130 2120 2396 2176 millibus
2426 2133 2712 2175 annorum
2777 2118 2882 2172 hoc
2931 2132 3078 2187 opus
3129 2113 3407 2181 exercuit,
3469 2119 3554 2170 tot
3584 2114 3833 2186 perdens

2129 2212 2382 2276 animas,
2401 2213 2596 2264 notam
2617 2207 2858 2262 habebit
2877 2210 3056 2261 artem
3081 2205 3422 2259 insidiarum
3442 2202 3501 2257 in
3520 2202 3640 2258 imo
3661 2202 3832 2259 corde

2130 2299 2569 2366 struendarum,
2595 2301 2660 2351 ut
2717 2295 3034 2365 aliquando
3081 2298 3268 2350 cesset
3315 2294 3387 2348 ab
3419 2293 3668 2364 agendo,
3717 2308 3833 2362 quo

2129 2387 2509 2463 persuasione
2539 2385 2654 2441 ista
2677 2384 2908 2439 imbuat
2931 2383 3210 2450 animam,
3237 2398 3300 2437 se
3320 2397 3450 2438 esse
3479 2380 3834 2452 perlectum?

2201 2474 2268 2532 X.
2301 2473 2773 2530 Fundamentum
2834 2469 3266 2526 Christianismi
3300 2468 3408 2524 hoc
3466 2473 3681 2534 est,‘ne
3728 2467 3836 2522 ho-

2131 2583 2228 2624 mo
2260 2569 2393 2637 post
2441 2562 2808 2635 quantalibet
2859 2561 3010 2617 bona
3067 2576 3264 2631 opera,
3305 2559 3365 2614 in
3419 2558 3564 2630 ipsis
3593 2558 3837 2628 acquie—

2133 2661 2282 2722 seat,
2343 2658 2446 2710 aut
2502 2667 2566 2709 se
2609 2666 2886 2723 magnum
2949 2653 3134 2722 putet,
3178 2648 3278 2704 sed
3323 2655 3645 2718 perseveret
3710 2661 3836 2702 esse

2131 2762 2353 2821 pauper
2391 2743 2600 2816 spiritu
2635 2757 2649 2797 :
2685 2759 2751 2799 ac
2780 2757 2913 2796 cum
2948 2741 3146 2813 gratiae
3169 2739 3457 2809 particeps
3488 2738 3678 2793 factus
3707 2737 3830 2793 fue-

2132 2837 2230 2904 rit,
2285 2850 2357 2891 ne
2405 2834 2690 2891 existimet
2746 2847 2808 2886 se
2839 2830 3140 2902 quidpiam
3200 2829 3503 2899 adeptum,
3547 2831 3836 2898 :putetque

2132 2941 2195 2981 se
2247 2939 2377 2980 esse
2431 2922 2714 2993 aliquem,
2773 2919 3133 2990 incipiatque
3206 2915 3551 2988 magistrum
3645 2933 3834 2986 agere.

2136 3015 2288 3070 Neve
2319 3029 2382 3068 se
2412 3013 2664 3082 aliquem
2706 3025 2879 3079 supra
2917 3008 3150 3078 vulgus,
3183 3008 3321 3079 quin
3353 3006 3550 3073 etiam,
3575 3022 3706 3060 cum
3738 3022 3837 3062 se-

2131 3102 2371 3157 cesserit
2399 3101 2458 3156 in
2513 3098 2885 3154 solitudinem
2917 3100 2975 3151 et
3021 3097 3169 3151 bene
3225 3093 3632 3159 ambulaverit,
3677 3092 3834 3148 mul-

2133 3195 2254 3245 tum
2285 3191 2582 3260 jejunans,
2617 3187 2889 3243 exsilium
2925 3185 3127 3240 mundi
3184 3182 3406 3239 fortiter
3436 3182 3710 3250 tolerans,
3742 3182 3833 3252 pie

315 3277 556 3351 γένηται,
586 3274 681 3330 ’ίνα
721 3275 824 3354 ἔχῃ
853 3277 943 3330 τὸν
990 3279 1179 3346 πόνον,
1210 3277 1310 3345 τὴν
1355 3275 1536 3350 δίψαν,
1583 3274 1679 3332 ’ίνα
1731 3281 1807 3350 μή
1857 3297 2014 3333 κεκο-

2135 3258 2324 3345 orans,
2351 3258 2556 3350 gratiae
2589 3277 2874 3332 donorum
2907 3288 3168 3344 compos,
3208 3270 3389 3327 nihilo
3421 3275 3615 3326 tamen
3650 3271 3836 3340 magis

317 3368 578 3439 ρεσμένος
635 3360 739 3440 ἔχῃ
795 3365 982 3420 ἑαυτὸν
1041 3364 1250 3421 δίκαιον
1298 3367 1333 3434 ἢ
1380 3364 1644 3422 πλούσιον
1695 3366 1748 3422 ἐν
1777 3366 1966 3443 χάριτι
1999 3379 2016 3402 ⁶

318 3455 446 3511 ἀλλ’
485 3457 521 3530 ᾖ
558 3459 766 3512 πενθῶν
814 3456 904 3511 καὶ
964 3454 1208 3532 δακρύων
1246 3501 1258 3514 .
1296 3458 1395 3513 Καὶ
1452 3458 1510 3513 ὃν
1572 3456 1772 3529 τρόπον
1833 3458 1920 3513 ἐὰν
1979 3459 2013 3533 ᾖ

321 3547 529 3618 μήτηρ,
595 3548 684 3601 καὶ
733 3541 999 3621 ἔχῃκυῖὸν
1057 3553 1322 3620 μονογενῆ
1375 3548 1466 3602 καὶ
1526 3545 1790 3624 παιδεύσῃ
1840 3547 2018 3618 αὐτὸν,

314 3635 404 3691 καί
464 3637 588 3690 ὅταν
639 3633 861 3713 γένηται
910 3635 1068 3711 ἀνὴρ,
1119 3631 1305 3710 συμϐῇ
1355 3636 1500 3709 αὐτῷ
1549 3636 1838 3692 ἀποθανεῖν
1875 3657 1888 3673 ·
1928 3639 2021 3693 καὶ

321 3725 517 3780 λοιπὸν
583 3725 701 3779 ὅσοι
775 3723 834 3778 ἂν
903 3721 1002 3778 ὦσι
1071 3725 1558 3800 παραμυθούμενοι
1626 3727 1724 3795 τήν
1791 3727 2018 3802 μητέρα,

322 3814 536 3888 μᾶλλον
595 3813 966 3891 ἐπεγείρουσιν
1017 3813 1152 3888 αὐτῇ
1211 3816 1274 3870 τὸ
1324 3815 1538 3885 πένθος,
1593 3816 1680 3870 καὶ
1730 3816 2020 3892 ἀπαραμύ-

320 3903 482 3972 θητός
531 3902 884 3957 ἐστιν-οὕτω
945 3905 1057 3976 χρὴ
1119 3901 1328 3958 κλαίειν
1385 3904 1478 3958 τὸν
1537 3905 1864 3976 Χριστιανὸν
1921 3906 2019 3973 τὴν

321 3995 524 4044 πτῶσιν
577 3991 761 4060 αὐτοῦ,
820 3993 911 4045 καὶ
966 3989 1331 4052 ἀδιαλείπτως
1381 3990 1633 4065 δαλρύειν
1665 4013 1678 4026 ο
1711 3995 1818 4068 πρὸ
1894 3994 2023 4047 πάν-

319 4098 428 4133 των
461 4075 517 4132 δὲ
547 4072 693 4152 ἔχειν
735 4080 1196 4152 συντετριμμένην
1225 4081 1323 4148 τήν
1352 4077 1594 4152 καρδίαν,

2136 3368 2386 3424 animam
2421 3381 2589 3422 suam
2623 3365 2936 3436 pretiosam
2973 3363 3201 3418 habeat.
3229 3363 3349 3419 Imo
3385 3364 3506 3416 tum
3560 3360 3831 3428 maxime,

2133 3459 2365 3530 quando
2409 3457 2662 3528 primum
2723 3455 2902 3509 sentit
2945 3451 3257 3524 appulsum
3306 3449 3528 3522 gratiae,
3590 3449 3837 3506 sollicite

2135 3548 2395 3614 laboret;
2476 3545 2754 3615 sitimque
2811 3545 3096 3598 monstret
3149 3539 3442 3596 ulterioris
3502 3540 3833 3610 profectus;

2130 3638 2298 3694 valde
2330 3651 2540 3692 cavens
2574 3651 2664 3702 ne,
2696 3638 2862 3705 quasi
2901 3633 3024 3704 iam
3054 3632 3322 3699 satiatus,
3361 3646 3424 3686 se
3476 3629 3708 3685 abunde
3739 3630 3836 3698 ju-

2133 3731 2310 3793 stum,
2373 3729 2473 3780 aut
2529 3723 2874 3795 locupletem
2923 3721 3176 3787 habeat;
3213 3736 3244 3776 e
3299 3719 3586 3776 contrario
3645 3718 3836 3788 potius

2131 3817 2347 3888 lugeat,
2379 3815 2835 3886 etlacrymetur.
2887 3811 3190 3876 Quomodo
3239 3811 3287 3865 si
3321 3819 3500 3865 mater
3547 3809 3830 3865 educave-

2131 3908 2270 3960 rita
2300 3920 2477 3976 puero
2508 3920 2646 3958 cura
2672 3919 2887 3972 magna
2918 3901 3155 3955 unicum
3192 3898 3402 3966 lilium,
3449 3898 3569 3964 ubi,
3602 3914 3734 3954 cum
3761 3899 3830 3954 ad

2131 3996 2355 4051 virilem
2398 3995 2660 4065 pervenit
2681 3997 2926 4053 aetatem,
2963 3989 3112 4045 mori
3167 4005 3300 4044 eum
3353 3988 3678 4059 contingat,
3731 3987 3834 4058 qui

2133 4083 2415 4142 consolari
2442 4099 2567 4138 eam
2603 4082 3037 4153 aggredientur,
3100 4078 3390 4134 incentiva
3419 4077 3613 4132 luctus
3646 4077 3837 4147 magis

320 4169 731 4236 accumulant;
793 4169 877 4225 sic
933 4168 1070 4224 llere
1123 4168 1518 4226 indesinenter
1564 4170 1961 4230 Christianum
2018 4179 2243 4246 oportet
2307 4173 2538 4245 lapsum
2597 4187 2794 4242 suum,
2852 4174 2910 4226 et
2991 4174 3127 4226 ante
3180 4168 3378 4224 omnia
3452 4167 3664 4222 habere
3736 4181 3837 4222 cor

321 4259 663 4316 contritum.

393 4347 502 4404 IA'.
533 4347 736 4416 Ὥσπερ
767 4343 811 4400 εί
845 4344 996 4408 οἶκος
1035 4342 1303 4421 βασιλέως
1351 4339 1496 4423 ἔχων
1544 4343 1752 4411 διαίτας
1801 4348 2019 4413 πολλὰς

2199 4353 2302 4410 XI.
2333 4352 2402 4409 Ut
2433 4351 2483 4408 si
2516 4351 2798 4423 palatium
2827 4350 2977 4420 regis
3035 4347 3361 4420 cuiuspiam
3396 4345 3578 4402 multa
3624 4344 3833 4402 habeat

319 4436 409 4491 καὶ
451 4433 624 4497 αὐλᾶς
673 4431 984 4513 διαφόρους,
1035 4433 1125 4488 καὶ
1183 4434 1431 4509 πρόθυρα
1478 4432 1686 4508 πολλὰ,
1749 4437 1838 4492 καὶ
1892 4437 2021 4493 ἐσω-

2135 4441 2420 4511 cubicula,
2454 4447 2511 4496 et
2541 4441 2724 4497 multa
2778 4437 3060 4496 vestibula
3107 4443 3164 4496 et
3209 4439 3381 4507 atria,
3442 4454 3507 4492 ac
3554 4435 3833 4492 interiora

318 4525 507 4602 τέρους
565 4523 779 4593 οἷ’κους,
837 4519 963 4578 ἔνθα
1023 4523 1174 4597 μένοι
1231 4525 1259 4578 ὁ
1322 4524 1598 4599 βασιλεὺς,
1656 4527 1747 4581 καί
1797 4529 1832 4598 ἡ
1883 4549 2020 4602 πορ-

322 4615 483 4692 φύρα,
515 4613 604 4669 καὶ
654 4614 706 4668 o't
751 4613 1020 4688 θησαυροὶ
1075 4611 1387 4669 ἀπόκεινται
1420 4633 1434 4646 ·
1463 4615 1658 4671 λοιπὸν
1705 4617 1733 4670 ὁ
1783 4617 2025 4692 εἰσερχό-

328 4723 485 4776 μενος
517 4702 592 4764 εἶς
623 4702 714 4765 τὰς
741 4701 1003 4776 ἐξωτέρας
1034 4701 1206 4766 αὐλᾶς
1257 4705 1332 4776 μή
1365 4705 1594 4779 νομίσῃ,
1643 4704 1726 4761 ὅτι
1784 4705 1893 4777 ἤδη
1946 4707 2021 4770 είς

322 4791 448 4853 τοὺς
486 4791 784 4866 ἐσωτέρους
836 4791 1022 4855 οἴκους
1069 4792 1260 4864 ἦλθεν,
1311 4793 1448 4849 ὅπου
1478 4797 1513 4864 ἡ
1549 4792 1676 4866 δόξα
1719 4800 1816 4852 τοῦ
1869 4799 2024 4872 βασι-

324 4876 489 4948 λέως,
537 4880 626 4934 καὶ
657 4882 692 4949 ἡ
732 4883 1006 4958 πορφύρα,
1055 4881 1145 4937 καὶ
1185 4883 1236 4937 οἱ
1269 4883 1531 4960 θησαυροί
1565 4903 1580 4918 ⁸
1605 4884 1779 4948 οὕτως
1829 4886 1904 4948 εἷς
1959 4887 2021 4943 τὸ

321 4972 709 5043 πνευματικὸν,
781 4972 832 5025 οἱ
897 4972 1264 5043 νηστεύοντες,
1333 4975 1385 5028 οἱ
1469 4977 1890 5052 ἀγρυπνοῦντες,
1970 4975 2022 5032 οἷ

322 5058 626 5135 ψάλλοντες
665 5059 754 5114 καὶ
788 5059 1104 5138 εὐχόμενοι,
1139 5064 1214 5134 μή
1249 5061 1572 5136 νομίσωσιν,
1633 5064 1718 5122 ὅτι
1766 5065 2023 5137 εἰσῆλθον

322 5149 399 5214 εἰς
447 5151 548 5220 τήν
595 5151 944 5220 κατάπαυσιν,
1013 5149 1088 5212 ὡς
1153 5147 1212 5205 δὲ
1277 5153 1458 5226 ἀκμὴν
1515 5153 1593 5217 είς
1650 5156 1717 5210 τὰ
1781 5157 2026 5232 πρόθυρα

318 5241 409 5297 καὶ
457 5240 532 5303 εἲς
580 5243 674 5302 τὰς
729 5238 898 5301 αὐλὰς
948 5238 1309 5318 εἰσέρχονται,
1354 5241 1468 5320 οὐχ
1515 5242 1652 5299 ὅπου
1682 5247 1717 5315 ἡ
1749 5245 2024 5322 πορφύρα,

318 5331 410 5388 καὶ
441 5333 494 5387 οἱ
544 5329 834 5405 θησαυροί.
878 5329 987 5386 Οὐκ
1033 5329 1344 5406 ὀφείλουσιν
1394 5332 1488 5388 οὖν
1534 5333 1763 5413 ἀδελφοὶ
1805 5341 1875 5410 τῇ
1924 5332 2025 5408 ἔξω

321 5421 577 5494 πολιτείᾳ
606 5419 844 5496 θαρῥεῖν,
898 5417 988 5474 καὶ
1040 5418 1238 5496 λέγειν,
1285 5421 1368 5476 ὅτι
1418 5423 1550 5496 Είμί
1580 5447 1663 5488 τις
1696 5447 1708 5459 ·
1745 5425 1790 5480 εί
1831 5425 1888 5481 δὲ
1933 5427 2023 5481 καὶ

325 5507 556 5586 χάριτος
616 5509 854 5586 μέτοχος
908 5508 1152 5584 γένηται,
1231 5509 1492 5582 οἰηθῆναι
1549 5513 1624 5576 ὡς
1681 5513 2024 5587 καταλαϐὼν,

323 5601 360 5670 ἢ
407 5597 695 5677 γενόμενος
743 5599 1039 5676 έγγύτατος
1080 5603 1179 5658 τοῦ
1230 5599 1503 5677 βασιλέως
1537 5604 1757 5679 ’ἀκμὴν
1803 5607 1906 5682 γὰρ
1950 5605 2026 5668 εἷς

323 5690 452 5754 τοὺς
508 5687 798 5766 έξωτέρους
852 5687 1034 5753 οἳκους
1091 5685 1374 5769 διατρίϐει.
1435 5693 1543 5748 Ούκ
1604 5693 1812 5774 ὀφείλει
1873 5695 2024 5773 ἐρευ-

2134 4533 2452 4600 conclavia,
2485 4531 2584 4587 ubi
2618 4531 2830 4586 residet
2868 4545 2986 4597 rex,
3031 4528 3130 4583 ubi
3175 4543 3436 4599 purpura
3483 4531 3541 4582 et
3569 4523 3832 4580 thesauri

2133 4632 2516 4696 reponuntur,
2547 4622 2762 4693 aliquis
2793 4620 3139 4676 exteriorum
3200 4625 3370 4675 tenus
3434 4617 3715 4672 atriorum
3770 4613 3831 4667 in

2133 4713 2424 4786 grediens,
2461 4729 2530 4768 ne
2562 4717 2723 4784 putet
2756 4728 2817 4767 se
2841 4711 2965 4782 jam
3026 4709 3085 4764 in
3127 4709 3339 4764 intima
3387 4706 3556 4780 quasi
3615 4706 3836 4760 viscera

2135 4807 2418 4858 tantarum
2448 4803 2657 4857 aedium
2691 4805 3042 4874 penetrasse,
3076 4807 3249 4870 atque
3287 4799 3434 4853 adeo
3462 4801 3658 4852 tenere
3688 4811 3835 4866 apo-

2135 4887 2350 4953 thecas,
2385 4887 2445 4943 in
2477 4888 2693 4957 quibus
2723 4902 2862 4957 gaza
2903 4889 2961 4940 et
3015 4883 3201 4955 gloria
3257 4881 3433 4954 regis,
3468 4895 3726 4953 purpura
3777 4887 3832 4936 et

2134 4975 2394 5032 thesauri
2422 4975 2834 5031 custodiuntur
2865 4990 2879 5029 :
2912 4973 3017 5040 sic,
3051 4973 3165 5028 ista
3213 4971 3468 5042 imagine
3521 4971 3594 5026 ad
3652 4969 3828 5042 spiri-

2134 5067 2288 5122 tuale
2320 5066 2616 5137 negotium
2668 5063 2971 5132 translata,
3001 5078 3074 5118 ne
3130 5065 3336 5134 putent
3364 5061 3718 5132 jejunantes,
3751 5060 3834 5116 vi-

2134 5156 2402 5229 gilantes,
2441 5155 2777 5227 psallentes,
2821 5157 3072 5220 orantes,
3113 5150 3442 5224 pervenisse
3492 5167 3554 5206 se
3601 5150 3717 5220 jam
3761 5150 3834 5204 ad

2136 5245 2466 5302 fruitionem
2499 5243 2704 5314 pacis:
2755 5247 2956 5314 utpote
3011 5240 3112 5314 qui
3167 5242 3362 5297 adhuc
3411 5239 3469 5296 in
3547 5236 3836 5293 vestibula

2135 5339 2365 5391 tantum
2397 5338 2454 5388 et
2492 5333 2682 5404 prima
2737 5333 2884 5388 atria
2929 5331 3177 5405 ingressi
3207 5333 3367 5394 sunt,
3427 5328 3687 5384 nondum
3738 5342 3834 5381 eo-

2139 5427 2214 5480 uli
2251 5439 2531 5497 purpura,
2563 5421 2663 5479 ubi
2695 5421 2954 5479 thesauri
3007 5422 3227 5493 jaceat.
3278 5418 3403 5474 Non
3461 5415 3675 5471 debent
3731 5413 3837 5486 igi-

2137 5521 2234 5573 tur
2305 5514 2514 5570 fratres
2577 5513 2846 5570 exteriori
2899 5509 3337 5569 conversatione
3393 5521 3459 5562 ae
3525 5501 3836 5575 disciplina

2137 5603 2246 5662 niti
2313 5616 2680 5675 magnOpere,
2745 5617 2852 5658 nec
2917 5601 2990 5657 de
3059 5615 3124 5655 se
3198 5598 3435 5668 propter
3509 5591 3669 5650 illam
3753 5591 3837 5648 di-

2138 5711 2266 5753 cere
2301 5711 2312 5748 :
2346 5693 2463 5766 Ego
2523 5708 2657 5749 sum
2715 5689 2970 5762 aliquis;
3021 5703 3147 5755 nec,
3183 5683 3357 5742 simul
3417 5700 3484 5741 ao
3538 5681 3832 5754 quispiam

3825 5959 3958 6047 cf
