4130 6286
394 346 507 408 831

1709 341 1773 404 8.
1836 337 2173 403 MACARII
2219 340 2555 404 JEGYPTII

3786 352 3930 413 832

393 479 635 552 gratiam
694 477 1067 550 adipiscitur,
1129 477 1490 549 prandentis
1547 477 1678 546 niti,
1738 476 1904 549 quasi
1968 478 2063 548 jau

2169 480 2299 547 _v§v
2348 475 2598 549 ἓκαστυν,
2663 477 2712 534 εἴ
2770 477 2917 554 εὗρεν
2977 476 3030 535 ἒν
3089 484 3168 554 τῷ
3222 481 3521 556 ὀστρακίνῳ
3575 483 3754 541 σκεύει
3820 488 3928 542 τὸν

392 568 920 642 comprehenderit,
952 571 1050 623 aut
1080 568 1200 639 regi
1231 567 1309 623 sit
1340 566 1542 623 intime
1572 567 1881 632 admotus;
1918 566 2089 622 modo

389 660 541 717 enim
565 660 626 716 in
685 657 913 716 extimis
941 660 1223 713 duntaxat
1250 655 1442 712 adhuc
1491 657 1820 714 diversatur
1876 656 2086 711 adium

390 750 697 823 partibus:
759 763 864 804 nec
918 747 1185 803 convenit
1241 746 1485 802 scrutari
1579 760 2084 816 unumquemque,

391 856 532 895 num
567 839 706 894 forte
735 836 990 892 inveniat
1044 837 1101 890 in
1155 850 1288 891 vase
1345 833 1511 890 fictili
1567 836 1927 901 thesaurum,
1987 838 2088 888 aut

391 929 609 1000 regiam
648 925 901 982 induerit
941 925 1193 993 Spiritus
1242 940 1577 997 purpuram,
1626 942 1697 979 an
1752 940 1941 993 regem
1999 923 2085 978 in-

386 1017 607 1072 venerit
636 1020 695 1070 et
724 1015 914 1085 quiete
948 1014 1195 1070 fruatur.
1246 1014 1340 1069 Sic
1370 1014 1584 1086 quippe
1631 1016 1967 1085 comparata
1995 1016 2082 1068 est

386 1106 643 1163 hominis
674 1104 892 1171 anima,
948 1102 1123 1159 habet
1174 1102 1623 1174 profunditatem
1674 1103 1987 1171 quamdam
2026 1105 2084 1157 et

382 1198 645 1254 membra
691 1196 847 1251 velut
908 1194 1182 1267 plurima.
1210 1196 1270 1249 In
1331 1211 1457 1250 eain
1520 1210 1687 1265 porro
1741 1193 2080 1249 subintrans

390 1296 715 1360 peccatum,
746 1290 957 1343 cuncta
987 1287 1113 1352 ejus
1162 1290 1410 1356 occupat
1443 1285 1726 1352 membra,
1778 1288 1834 1339 et
1866 1284 2083 1354 cogita-

379 1378 570 1434 tiones
599 1376 829 1443 cordis;
862 1374 1071 1430 deinde
1101 1389 1233 1430 cum
1290 1373 1463 1430 hamo
1523 1372 1751 1446 quaerit,
1798 1373 1952 1427 venit
2006 1372 2077 1426 ad

379 1468 574 1539 ipsum
609 1466 819 1538 gratia,
852 1470 911 1520 et
939 1479 1160 1534 occupa
1218 1464 1330 1519 duo
1389 1465 1651 1519 membra
1690 1461 1921 1517 animus.
1972 1460 2077 1525 Qui

377 1570 511 1627 ergo
541 1556 875 1625 inexpertus
908 1568 1126 1622 rerum,
1170 1553 1351 1608 sentit
1386 1552 1697 1623 appulsum
1753 1567 2077 1622 provocan-

375 1645 452 1700 tis
482 1643 701 1717 gratits,
742 1643 1019 1700 continuo
1061 1646 1247 1713 putet,
1308 1642 1463 1713 quod
1518 1640 1834 1697 adveniens
1884 1641 2074 1713 gratia

375 1751 578 1792 omnes
633 1735 847 1790 animae
911 1742 1099 1803 partes
1149 1732 1541 1803 occupaverit,
1576 1731 1857 1802 planeque
1891 1746 1956 1786 ac
1993 1746 2080 1787 ra-

2201 568 2492 642 θησαυρὸν,
2554 571 2587 641 ἢ
2658 566 2941 625 ἐνεδύσατο
2995 571 3095 640 τήν
3154 571 3436 651 πορφύραν
3493 578 3595 629 τοῦ
3656 575 3921 650 Πνεύμα-

2198 677 2314 725 τος,
2356 660 2390 728 ἢ
2444 660 2565 733 εὗρε
2610 659 2703 714 τὸν
2772 659 3020 735 βασιλέα,
3089 661 3178 715 καὶ
3245 663 3600 733 ἀνεπαύσατο,
3671 666 3733 721 Ἠ
3801 668 3921 741 γὰρ

2198 748 2351 821 ψυχή
2406 748 2632 818 τοιαύτη
2684 746 2824 803 ἐστίν
2860 745 3015 824 ’ἔχει
3064 752 3227 824 βάθος
3277 773 3330 806 τι
3380 753 3468 808 καὶ
3522 751 3665 826 μέλη
3717 753 3923 809 πολλά

2197 834 2285 890 καὶ
2346 834 2541 891 λοιπὸν
2599 839 2634 907 ἡ
2706 838 2943 913 ἁμαρτία
3009 836 3393 895 ἐπεισελθοῦσα
3455 841 3677 916 κατέχει
3731 842 3916 912 αὐτῆς

2195 923 2299 979 ὅλα
2344 925 2412 980 τὰ
2462 924 2630 999 μέλη,
2696 928 2786 982 καὶ
2841 928 2909 983 τὰ
2964 930 3218 1001 νοήματα
3282 935 3383 998 τῆς
3450 928 3696 1006 καρδίας.
3763 933 3919 990 Εἶτα

2195 1012 2581 1085 ἐπιζητοῦντος
2646 1021 2743 1071 τοῦ
2803 1017 3094 1073 ἀνθόώπου
3160 1013 3379 1096 ἔρχεται
3437 1021 3471 1089 ἡ
3533 1020 3695 1095 χάρις
3760 1023 3907 1095 πρὸς

2196 1104 2379 1173 αὺτὸι,
2425 1106 2517 1160 καὶ
2575 1106 2797 1181 κατέχει
2856 1104 2951 1162 δύο
3013 1108 3153 1181 μέλη
3229 1116 3330 1179 τῆς
3396 1112 3603 1184 ψυχῆς.
3672 1113 3733 1169 Ὀ
3800 1112 3909 1167 οὗν

2193 1194 2416 1266 ἄπειρος
2472 1192 2957 1267 παρακαλούμενος
3014 1199 3083 1269 τῇ
3137 1197 3348 1274 χάριτι,
3399 1198 3610 1270 νομίζει
3664 1197 3748 1253 ὅτι
3798 1197 3909 1254 έλ-

2192 1282 2361 1335 θοῦσα
2390 1283 2424 1350 ἡ
2462 1281 2624 1356 χάρις
2670 1282 2774 1337 ὅλα
2820 1284 2886 1339 τὰ
2937 1283 3081 1357 μέλη
3122 1291 3224 1353 τῆς
3270 1288 3458 1360 ψυχῆς
3504 1284 3754 1361 κατέσχε,
3803 1288 3901 1342 καὶ

2190 1364 2515 1440 ἐξεῤῥιζώθη
2585 1370 2619 1437 ἡ
2702 1370 2940 1442 ἁμαρτία
3012 1369 3132 1425 τότε
3218 1369 3311 1425 οὖν
3400 1369 3656 1427 πλεῖστον
3726 1375 3908 1447 μέρος

2191 1455 2293 1510 ὑπὸ
2349 1460 2446 1525 τῆς
2499 1458 2765 1532 ἁμαρτίας
2815 1466 3091 1532 κρατεῖται
3138 1460 3230 1515 καὶ
3277 1460 3332 1515 ἓν
3397 1460 3562 1534 μέρος
3632 1461 3735 1516 ὑπὸ
3793 1470 3901 1532 τῆς

2188 1543 2436 1621 χᾶριτος,
2491 1546 2581 1601 καὶ
2641 1546 3039 1603 ὑποκλέπτεται
3096 1549 3187 1604 καὶ
3245 1548 3343 1605 οὐκ
3399 1547 3540 1605 οἶδεν
3573 1546 3727 1605 ’ἔστι
3783 1552 3893 1628 γὰρ

2188 1637 2223 1704 ἡ
2265 1637 2430 1710 χάρις
2483 1634 2757 1698 πολλάκις
2808 1638 3098 1715 ένεργοῦσα
3145 1637 3538 1707 ἀδιαλείπτως,
3579 1642 3636 1696 ’ὀν
3683 1641 3893 1715 τρόπον

2188 1722 2217 1778 ὀ
2257 1724 2544 1803 ὀφθαλμὸς
2590 1724 2645 1781 ἔν
2698 1732 2777 1799 τῷ
2835 1727 3049 1800 σώματι
3116 1727 3423 1803 πέπρακται
3459 1751 3472 1765 ο
3505 1733 3593 1785 καὶ
3652 1732 3899 1803 ἁμαρτία

374 1824 586 1882 dicitus
614 1824 989 1894 exstirpatum
1024 1823 1097 1878 sit
1152 1827 1451 1893 peccatum
1480 1838 1496 1889 ;
1529 1837 1663 1876 cum
1720 1826 1915 1875 tamen
1949 1819 2063 1889 ple-

2188 1812 2427 1870 σύνεστιν
2483 1817 2899 1873 ύποκλέπτουσα
2950 1820 3042 1873 τὸν
3101 1823 3225 1873 νοῦν
3263 1834 3277 1851 ο
3323 1820 3409 1875 καὶ
3468 1821 3497 1875 6
3555 1818 3896 1895 ἀδιάκριτος,

372 1929 552 1986 raque
603 1914 796 1969 adhuc
827 1913 1033 1968 anime
1083 1913 1346 1968 membra
1387 1926 1584 1966 revera
1622 1927 1656 1966 a
1707 1915 1938 1978 peccato
1969 1910 2068 1965 de-

371 2005 686 2069 tineantur,
738 2018 920 2057 unum
964 2005 1193 2057 tantum
1248 2017 1317 2056 ex
1379 1999 1473 2056 his
1532 1999 1852 2071 quodpiam
1886 2000 2071 2067 gratia

371 2092 1079 2166 possidente;nesciente
1136 2091 1263 2162 ipso
1322 2089 1581 2157 homine,
1636 2093 1693 2143 et
1755 2088 1966 2160 supine
2023 2088 2069 2141 si

366 2189 540 2240 nente
570 2183 681 2239 sibi
714 2181 956 2253 imponi.
994 2182 1093 2237 Est
1121 2182 1277 2236 enim
1320 2180 1507 2251 gratia
1537 2178 1878 2249 plerumque
1911 2178 2060 2235 105

364 2273 761 2328 indesinenter
789 2289 1060 2343 operans,
1126 2268 1283 2325 sicut
1338 2269 1545 2325 oculus
1579 2269 1803 2323 defixus
1835 2268 1894 2322 in
1935 2282 2069 2323 cor-

365 2378 523 2432 pore.
556 2364 624 2417 Et
655 2365 952 2433 peccatum
980 2363 1184 2415 subest
1230 2363 1478 2414 mentem
1521 2356 1673 2412 clam
1705 2356 2063 2426 subripiens.

363 2450 430 2506 Et
459 2455 597 2506 tunc
628 2451 725 2521 qui
784 2450 1133 2505 discretione
1163 2452 1340 2514 caret,
1376 2455 1588 2502 temere
1628 2451 1946 2501 autumans
2002 2460 2065 2500 se

362 2539 731 2609 perfectionis
787 2539 1018 2594 culmen
1105 2542 1302 2593 tenere
1376 2535 1718 2591 intumescit
1793 2535 2065 2606 opinione

359 2627 475 2693 sui,
510 2626 694 2695 pleine
719 2628 838 2697 jam
870 2643 929 2682 se
961 2627 1263 2682 liberatum
1319 2630 1554 2696 putans,
1598 2624 1751 2695 quod
1813 2641 1926 2679 non
1984 2623 2065 2678 ita

361 2721 485 2783 est;
518 2718 602 2771 uti
632 2719 787 2773 enim
821 2717 961 2783 dixi,
994 2719 1192 2771 subest
1232 2716 1399 2771 dolus
1449 2714 1687 2770 latentis
1737 2714 1793 2768 in
1828 2713 2061 2768 insidiis

360 2806 628 2863 Satanae:
671 2806 982 2877 aliquando
1025 2805 1169 2860 nihil
1201 2822 1264 2861 se
1318 2805 1617 2871 moventis,
1669 2809 1735 2859 ut
1790 2804 2062 2859 credatur

359 2897 587 2966 abesse,
620 2914 689 2954 ac
718 2898 801 2953 sic
846 2896 1078 2953 noxiam
1136 2896 1410 2951 ﬁduciam
1443 2895 1745 2967 ingeneret
1810 2894 2060 2960 homini,

2180 1906 2259 1960 ὡς
2291 1902 2398 1975 ἢδη
2448 1901 2795 1973 καταλαϐὼν,
2846 1905 3021 1962 ο⁹ίεταί
3069 1928 3119 1962 τι
3167 1908 3291 1983 περὶ
3340 1910 3507 1964 αὑτοῦ
3553 1911 3644 1965 καὶ
3694 1916 3899 1988 τυφοῦ-

2176 2017 2265 2051 ται
2314 1994 2388 2056 ὡς
2430 1994 2835 2068 ἐλευθερωθεὶς.
2885 1996 3005 2071 Ούχ
3056 1996 3227 2059 οὕτως
3278 1997 3383 2074 γὰρ
3440 1996 3551 2054 ἔστι
3600 1999 3667 2054 τὰ
3706 2001 3892 2076 πράγ-

2183 2105 2322 2159 ματα
2364 2102 2378 2115 °
2411 2085 2590 2146 καθὼς
2631 2086 2733 2159 γὰρ
2782 2086 2955 2155 εἶπον,
3008 2083 3297 2161 ἕγκρυμμα
3351 2092 3500 2142 ποιεῖ
3547 2089 3575 2142 6
3626 2093 3891 2159 Σατανᾶς,

2178 2173 2256 2235 εἷς
2315 2172 2536 2247 καιροὺς
2604 2176 2680 2246 μή
2749 2172 3006 2249 ἐνεργῶν,
3072 2174 3163 2230 ’ίνα
3228 2178 3435 2251 ποιήσῃ
3501 2177 3720 2250 νομίσαι
3787 2179 3886 2233 τὸν

2178 2262 2490 2337 ἄνθρωπον,
2530 2262 2613 2317 ὅτι
2668 2263 2797 2337 Εἰμὶ
2855 2266 3085 2339 καθαρὸς
3143 2267 3232 2321 καὶ
3285 2264 3497 2328 τέλειος
3531 2284 3543 2297 ·
3575 2269 3652 2339 μὴ
3704 2268 3731 2322 6
3782 2289 3889 2343 φυο

2172 2353 2344 2407 τεύων
2426 2351 2727 2424 ἀμπελῶνα
2812 2351 3008 2415 ευθέως
3104 2350 3368 2426 λαμϐάνει
3460 2355 3763 2435 σταφυλήν,
3840 2358 3880 2428 ἢ

2174 2446 2410 2517 γεωργεῖ
2458 2441 2625 2511 οἶνον,
2683 2440 2771 2496 καὶ
2823 2443 2851 2497 ὁ
2884 2444 3120 2517 σπείρων
3176 2450 3239 2499 τὸ
3297 2443 3512 2520 σπέρμα
3565 2446 3618 2500 ἐν
3676 2449 3742 2518 τῇ
3776 2449 3875 2522 γῇ,

2173 2529 2282 2601 ἤδη
2334 2530 2539 2605 ἐθέρισε
2592 2533 2682 2585 καὶ
2735 2525 2897 2586 ἔλαϐε
2953 2532 3218 2607 καρποὺς,
3272 2532 3362 2587 καὶ
3417 2534 3480 2589 τὸ
3539 2535 3881 2610 γεννώμενον

2170 2620 2388 2676 παιδίον
2447 2620 2644 2683 εὐθέως
2695 2618 2915 2676 δύναται
2988 2620 3065 2683 εἷς
3116 2619 3283 2694 ἄνδρα
3336 2622 3547 2679 τέλειον
3599 2623 3791 2695 ἐλθεῖν,
3836 2626 3873 2693 ἢ

2174 2710 2600 2784 στρατευόμενος
2645 2708 2813 2783 τίρων
2883 2707 2991 2781 ἤδη
3040 2710 3251 2785 ἐγένετο
3293 2711 3707 2785 ἀξιωματικός;
3758 2715 3876 2787 χρὴ

2170 2801 2277 2876 γὰρ
2322 2800 2480 2855 αὐτὸν
2525 2804 2743 2875 πρῶτον
2792 2802 3079 2871 ποπιάσαι,
3129 2802 3219 2856 καὶ
3272 2801 3576 2858 εἰσελθόντα
3619 2800 3874 2874 πόλεμον

2172 2884 2362 2945 λαϐεῖν
2393 2889 2458 2943 τὰ
2488 2890 2784 2964 νικητήρια
2811 2888 2901 2943 καὶ
2934 2892 3358 2969 στεφανωθῆναι.

354 2986 502 3043 falso
569 2987 883 3043 arbitranti
944 3001 1154 3058 purum
1208 3000 1273 3041 se
1329 3001 1395 3041 ac
1454 2985 1777 3056 perfectum
1843 2999 1993 3039 esse.
2057 2982 2231 3054 Atqui
2290 2996 2480 3051 neque
2564 2979 2840 3052 plantans
2922 2981 3150 3037 vineam
3203 2982 3399 3039 statim
3450 3000 3520 3039 ex
3572 2998 3637 3039 ea
3690 2998 3861 3038 uvam

359 3081 646 3132 maturam
704 3080 807 3132 aut
861 3076 1064 3131 vinum
1123 3074 1521 3145 legit;neque
1577 3072 1875 3129 seminans
1923 3071 2183 3127 triticum
2237 3070 2298 3125 in
2359 3073 2532 3137 terra,
2575 3069 2779 3125 eodem
2839 3075 3099 3141 tempore
3128 3077 3352 3144 segetes
3410 3072 3600 3139 metit,
3631 3080 3684 3127 et
3740 3070 3867 3127 fru-

357 3170 485 3222 ctus
512 3166 920 3238 capit;neque
943 3164 1112 3220 modo
1154 3168 1325 3220 natus
1385 3179 1528 3232 puer
1585 3165 1776 3219 subito
1834 3160 2112 3233 potestin
2170 3160 2358 3215 virum
2417 3160 2799 3215 adolescere:
2852 3176 2957 3216 nec
3016 3161 3235 3217 militias
3295 3161 3484 3233 prima
3540 3163 3879 3218 rudimenta

352 3271 578 3327 ponens
611 3256 739 3322 tiro,
781 3256 907 3324 jam
940 3254 1305 3326 praefecturis
1364 3252 1723 3308 militaribus
1778 3260 1949 3323 aptus
1989 3250 2263 3321 gerendis
2321 3254 2410 3305 est
2444 3265 2457 3304 :
2491 3254 2714 3321 oportet
2784 3248 2943 3305 enim
3010 3250 3168 3307 hunc
3224 3252 3481 3322 primum
3542 3253 3711 3324 longa
3769 3268 3873 3323 pa-

350 3342 552 3398 tientia
584 3345 914 3399 insuescere
970 3344 1194 3412 labori;
1247 3348 1373 3398 tum
1427 3343 1581 3398 facta
1622 3357 1824 3411 pugna:
1872 3340 2036 3412 copia
2120 3340 2344 3397 fortiter
2393 3340 2451 3395 in
2503 3355 2710 3409 campo
2759 3344 2936 3405 stare,
2985 3341 3329 3413 vincereque
3381 3341 3610 3399 hostem
3660 3358 3725 3398 ac
3772 3357 3880 3397 co-

352 3432 569 3488 ronari.

420 3519 542 3573 XII.
574 3517 833 3573 Pulchrae
881 3518 1060 3588 igitur
1106 3525 1161 3573 et
1200 3518 1363 3573 bonae
1395 3533 1485 3574 res
1516 3522 1674 3584 sunt,
1725 3517 1916 3588 inopia
1948 3532 2058 3572 νο·
2088 3523 2130 3590 ρ

350 3606 626 3672 luntaria,
687 3605 1034 3676 psalmodia,
1087 3605 1404 3676 jejunium,
1454 3605 1682 3676 vigilite,
1736 3608 1793 3659 et
1876 3606 2056 3675 gratia

350 3694 560 3766 potiri;
610 3695 708 3750 sed
769 3710 973 3766 parum
1034 3699 1282 3766 prosunt
1365 3694 1441 3763 ei,
1492 3694 1593 3765 qui
1651 3695 1935 3760 nondum,
1996 3702 2056 3749 ut

348 3788 705 3855 oportuerat,
735 3783 903 3855 crepit
959 3784 1176 3850 fodere,
1211 3782 1309 3838 ubi
1368 3783 1816 3838 fundamentum
1858 3791 2051 3855 ponat.

349 3872 466 3932 Nec
496 3888 560 3929 se
590 3873 777 3945 decipi
811 3888 977 3928 mens
1005 3872 1065 3928 in
1124 3888 1190 3928 eo
1257 3873 1539 3945 patiatur,
1572 3876 1892 3943 utcumque
1921 3887 2052 3943 gra-

343 3960 436 4016 tiis
472 3961 793 4032 particeps;
824 3966 923 4016 aut
951 3961 1087 4017 inde
1118 3960 1227 4016 sibi
1259 3960 1552 4029 aduletur,
1579 3958 1890 4032 pretiosam
1910 3959 2053 4014 aesti-

344 4067 516 4107 mans
564 4067 735 4107 suam
790 4051 1068 4106 animam.
1123 4050 1366 4123 Respice
1422 4052 1481 4106 in
1536 4052 1754 4119 .lesum,
1800 4068 1832 4105 a
1895 4048 2053 4120 quali

342 4142 523 4214 gloria
565 4142 665 4197 Dei
716 4140 919 4208 Filius,
966 4141 1118 4197 Deus
1162 4142 1308 4213 ipse,
1353 4141 1411 4196 in
1445 4157 1589 4213 quas
1622 4141 1925 4213 passiones
1958 4156 2051 4194 us-

342 4246 455 4301 que
485 4231 559 4287 ad
589 4230 1031 4287 crucifixionem
1063 4230 1268 4287 venit?
1306 4234 1550 4301 PrOpter
1590 4230 1738 4285 hanc
1768 4244 1903 4300 ergo
1935 4228 2051 4282 hu-

343 4321 653 4376 militatem
703 4320 990 4377 exaltatus
1019 4325 1127 4389 est,
1190 4321 1251 4377 in
1309 4322 1543 4379 dextera
1574 4319 1759 4375 Patris
1814 4319 2046 4374 sedens.

340 4412 417 4465 At
444 4425 689 4480 serpens
738 4428 771 4465 a
806 4412 1086 4483 principio
1134 4411 1347 4468 insevit
1402 4411 1649 4479 Adamo,
1681 4407 2048 4465 exaltationis

341 4513 603 4555 amorem
649 4514 993 4572 suggerens:
1028 4501 1200 4556 Eritis
1247 4504 1383 4556 sicut
1430 4500 1542 4554 Dii”
1574 4539 1588 4566 ,
1621 4514 1719 4570 per
1749 4498 1920 4553 istam
1952 4512 2048 4552 au-

342 4594 460 4647 tem
493 4590 914 4647 aﬂ'ectatiodem
946 4592 1351 4648 sublimitatis.
1389 4592 1550 4647 vides
1576 4591 1633 4645 in
1668 4605 1845 4660 quam
1889 4588 2050 4659 igno-

338 4680 577 4737 miniam
635 4681 937 4738 descendit
992 4698 1178 4753 genus
1236 4682 1588 4738 humanum.
1631 4680 1782 4736 Sane
1840 4694 2032 4747 quaero

340 4769 640 4825 hominem
702 4787 1014 4842 pauperem
1086 4770 1317 4842 spiritu,
1374 4787 1479 4826 nec
1539 4768 1793 4824 invenio.
1852 4766 1923 4822 Ut
1996 4765 2044 4822 si

2247 3514 2346 3573 IB'.
2411 3512 2587 3569 Καλὸν
2643 3514 2733 3569 οὗν
2779 3514 2917 3569 ἐστιν
2968 3518 3003 3586 ἠ
3054 3517 3407 3590 ἄκτημοσύνη
3458 3516 3551 3573 καὶ
3599 3520 3633 3587 ἡ
3684 3518 3878 3592 ψαλμ-

2161 3602 2318 3679 ῳδία,
2367 3605 2458 3659 καὶ
2516 3608 2551 3674 ἡ
2602 3605 2823 3676 νηστεία
2875 3606 2965 3661 καὶ
3010 3609 3045 3677 ἡ
3091 3607 3378 3685 ἀγρυπνία,
3428 3609 3520 3664 καὶ
3567 3608 3630 3664 τὸ
3680 3605 3869 3664 λαϐεῖν

2164 3695 2325 3768 χάριν
2355 3699 2509 3750 Θεοῦ’
2575 3696 2603 3749 6
2653 3693 2710 3750 δὲ
2765 3695 2946 3770 ἀκμὴν
3004 3696 3155 3753 οῧπω
3212 3698 3415 3774 ἤρξατο
3483 3699 3557 3761 ὡς
3612 3696 3693 3753 δεῖ
3746 3699 3881 3752 σκά-

2160 3802 2312 3837 πτειν
2358 3784 2449 3838 καὶ
2497 3784 2700 3839 τιθέναι
2760 3784 3034 3858 θεμέλιον.
3086 3788 3188 3844 Καὶ
3249 3786 3300 3842 ἐν
3336 3787 3610 3849 τοιούτοις
3661 3787 3695 3851 6
3737 3791 3875 3848 νοῦς

2162 3869 2244 3927 δεῖ
2274 3871 2644 3943 ἀνεπίληπτος
2693 3873 2825 3929 εἶναι
2867 3874 3105 3954 μέτοχος
3148 3876 3397 3955 χάριτος·
3445 3873 3643 3932 λοιπὸν
3692 3873 3867 3931 οἷέται

2158 3964 2283 4037 περί
2342 3963 2527 4032 αὐτοῦ,
2575 3966 2665 4019 καὶ
2714 3964 2830 4041 ἔχει
2881 3966 3065 4039 τιμίαν
3118 3970 3218 4038 τήν
3264 3970 3474 4042 ψυχήν.
3526 3962 3867 4040 Ἀπόὸλεψιν

2160 4053 2235 4116 εἷς
2266 4055 2359 4109 τὸν
2390 4056 2624 4125 Ἰησοῦν,
2669 4055 2777 4110 ἀπὸ
2828 4057 2987 4119 ποίας
3030 4055 3190 4129 δόξης
3237 4059 3360 4122 Υἱὸς
3410 4063 3544 4114 Θεοῦ
3586 4057 3678 4113 καὶ
3731 4057 3859 4118 Θεὸς

2158 4140 2252 4212 ὢν,
2298 4142 2373 4204 εἰς
2422 4148 2554 4197 ποῖα
2604 4144 2747 4214 πάθη
2802 4145 2891 4199 καὶ
2942 4145 3239 4219 σταύρωσιν
3290 4144 3449 4216 ἦλθε.
3507 4146 3606 4201 Διά
3656 4146 3857 4216 ταύτην

2159 4228 2250 4285 οὖν
2311 4233 2407 4300 τὴν
2466 4232 2967 4311 ταπεινοφροσύνην
3050 4236 3379 4309 ὑπερυψώθη
3439 4234 3489 4289 ἓν
3569 4234 3715 4307 δεξιᾷ
3767 4239 3863 4290 τοῦ

2159 4322 2370 4394 Πατρὸς
2428 4321 2706 4383 καθεσθείς
2741 4342 2754 4355 ’
2797 4324 2885 4379 καὶ
2943 4325 2970 4378 6
3027 4323 3149 4403 ὄφις
3214 4325 3264 4395 ἐξ
3332 4325 3510 4400 ἀρχῆς
3580 4325 3865 4398 ὑπέσπειρε

2154 4414 2233 4481 τῷ
2295 4408 2473 4483 Ἀδὰμ
2521 4411 2744 4485 ὕψωμα,
2812 4414 2894 4469 ὅτι
2956 4419 3043 4477 Ὠς
3109 4417 3239 4478 Θεὸς
3302 4418 3423 4492 γίνῃ
3464 4434 3477 4449 ⁸
3514 4412 3604 4469 8ιά
3656 4412 3858 4483 ταύτης

2152 4506 2254 4569 τῆς
2316 4498 2779 4575 ὑψηλοφροσύνης
2850 4501 2983 4566 εἶδες
3077 4502 3169 4559 οὖν
3227 4503 3307 4566 εἷς
3366 4504 3555 4560 ὁποίαν
3635 4502 3859 4573 ἀτιμίαν

2153 4591 2395 4659 κατῆλθε
2423 4610 2486 4645 το
2532 4590 2685 4667 γένος
2723 4596 2821 4647 τοῦ
2872 4590 3075 4666 Ἀδάμ.
3126 4597 3407 4665 Ἐπιζητῶ
3456 4593 3523 4663 δὴ
3573 4593 3849 4664 ἄνθρωπον

2152 4680 2376 4754 πτωχὸν
2429 4683 2508 4751 τῷ
2562 4680 2853 4754 πνεύματι,
2914 4682 3003 4737 καὶ
3052 4680 3162 4758 οὒχ
3207 4684 3461 4759 εὑρίσκω·
3530 4681 3703 4754 ὥσπερ
3755 4676 3858 4734 ’ἱνα

2152 4769 2187 4843 ᾖ
2216 4790 2296 4832 τις
2329 4771 2593 4833 πλούσιος
2626 4769 2769 4844 ἔχων
2804 4770 2855 4826 ἔν
2887 4776 2967 4845 τῷ
2998 4772 3132 4846 οἴκῳ
3181 4774 3344 4828 αὐτοῦ
3385 4769 3721 4845 θησαυροὺς,
3766 4769 3858 4824 καὶ

340 4857 476 4929 quis
508 4858 733 4916 habens
766 4861 1095 4916 reconditos
1127 4861 1284 4915 domi
1316 4860 1647 4926 thesauros,
1687 4866 1885 4913 tamen
1932 4856 2045 4911 cir-

2169 4858 2189 4932 ᾗ
2246 4856 2617 4932 ἓπιδεόμενος,
2674 4860 2765 4914 καὶ
2820 4862 3046 4936 πτωχὸς
3094 4863 3186 4917 καὶ
3229 4865 3378 4938 παρά
3428 4863 3641 4917 πάντων
3695 4862 3854 4931 ζητῇ.

340 4951 572 5002 cumeat
601 4948 938 5004 mendicans
968 4954 1028 5005 et
1073 4950 1145 5004 ab
1194 4948 1471 5005 omnibus
1518 4958 1718 5020 petens
1751 4963 1765 5005 :
1798 4948 1883 5002 sic
1914 4952 2046 5002 sunt

339 5035 657 5093 Christiani
707 5038 908 5107 gratias
966 5038 1325 5108 possessione
1383 5039 1537 5111 apud
1608 5042 1786 5093 Deum
1835 5035 2043 5113 divites

341 5124 551 5181 humili
582 5126 673 5181 sui
705 5126 1091 5183 aestimatione
1130 5143 1434 5199 pauperes,
1466 5134 1525 5184 et
1558 5128 1725 5198 quasi
1768 5124 1911 5180 nihil
1944 5124 2041 5179 ha-

337 5218 568 5275 bentes.
616 5216 910 5272 Debentur
958 5217 1132 5274 alicui
1162 5223 1395 5274 centum
1445 5217 1571 5273 auri
1606 5216 1811 5285 librae;
1865 5214 1913 5269 si
1945 5212 2044 5268 ille

334 5305 597 5377 quinque
630 5305 857 5376 accepis
891 5305 965 5360 sit
995 5309 1325 5369 contentus,
1360 5322 1464 5361 nec
1506 5306 1656 5361 ultra
1712 5303 2040 5375 quidquam

334 5400 595 5466 quaerat;
630 5412 704 5450 an
737 5399 867 5465 aget
897 5394 1241 5463 sapienter?
1272 5393 1445 5464 Pejus
1474 5395 1651 5450 etiam
1682 5393 1793 5450 sibi
1834 5410 2044 5453 consu-

332 5480 465 5540 lunt
486 5484 753 5555 quidam,
805 5484 1105 5553 habentes,
1153 5488 1215 5539 ut
1273 5484 1358 5538 sic
1390 5482 1602 5551 dicam,
1659 5484 1857 5540 decem
1928 5503 2042 5544 un-

404 5666 427 5708 θ
456 5671 595 5731 Gen.
631 5688 692 5743 ιι,
723 5672 777 5732 5.

2156 4948 2340 5010 Οὕτως
2400 4948 2501 5004 εἰσὶ
2560 4952 2876 5025 Χριστιανοὶ
2934 4951 3152 5027 ἔχοντες
3210 4952 3396 5028 χάριν,
3463 4950 3725 5007 πλούσιοι
3783 4948 3854 5009 εἰς

2156 5040 2309 5111 Θεόν,
2349 5040 2568 5117 πτωχοί
2625 5042 2729 5095 εἰσι
2784 5046 2866 5113 τῷ
2924 5044 3212 5116 πνεύματι,
3272 5044 3347 5105 ὡς
3396 5039 3563 5116 μηδὲν
3616 5036 3851 5116 ἔχοντες·

2155 5127 2257 5182 εἶσὶ
2316 5128 2451 5203 πρὸς
2506 5126 2669 5204 λόγον
2724 5130 2911 5185 ἑκατὸν
2973 5129 3154 5207 λίτραι
3233 5130 3463 5207 χρυσίου
3523 5128 3587 5191 ἃς
3648 5126 3853 5205 ὀφείλει

2152 5219 2497 5289 κτήσασθαι·
2543 5220 2571 5273 6
2640 5214 2826 5274 λαϐὼν
2893 5220 3054 5276 πέντε
3121 5221 3309 5295 λίτρας
3391 5219 3675 5293 ἐκορέσθη.
3738 5215 3857 5271 Bisi.

2153 5303 2211 5361 δέ
2237 5326 2377 5367 τινες
2419 5307 2554 5380 πρὸς
2614 5305 2776 5383 λόγον
2830 5305 2957 5363 δέκα
3007 5308 3228 5384 ούγκίας
3282 5306 3501 5382 ἔχοντες
3546 5312 3647 5374 τῆς
3692 5303 3856 5381 χάριε-

2150 5415 2265 5467 τος,
2314 5394 2406 5450 καὶ
2475 5399 2723 5451 ποιοῦσιν
2797 5397 2960 5458 αὐτὰς
3036 5399 3246 5468 ἑκατὸν,
3311 5394 3684 5470 καυχώμενοι.
3754 5391 3858 5448 Καὶ

2151 5482 2253 5541 εἰσὶ
2311 5480 2585 5548 πολλάκις
2641 5486 2800 5541 πέντε
2857 5483 3079 5563 οὒγκίας
3136 5483 3356 5565 ἔχοντες
3402 5490 3505 5553 τῆς
3562 5480 3857 5558 ἁμαρτίας,
