4130 6286
272 375 389 436 833

265 507 354 562 καὶ
440 509 684 561 ποιοῦσιν
781 501 946 564 αὐτὰς

279 592 586 670 συμϐαίνει,
646 593 679 662 ἢ
732 592 848 646 κατ’
907 591 1143 666 ἄγνοιαν,
1198 590 1282 645 ὅτι
1338 589 1390 644 ἐν
1466 590 1605 661 αὐτῇ
1657 592 1724 662 τῇ
1785 589 1974 665 χάριτι

276 684 748 757 ὑποκλεπτύμενοι
826 680 926 735 οὐκ
999 678 1228 736 οἷ’δασιν.
1289 681 1359 735 Ἢ
1433 679 1568 732 κατὰ
1650 675 1974 747 κενοδοξίαν,

274 773 665 851 αἰσχυνόμενοι
724 768 892 841 εἰπεῖν
949 765 1033 821 ὅτι
1083 765 1284 842 ἐνεργεῖ
1333 767 1394 822 τὸ
1451 766 1615 820 κακόν
1653 787 1663 797 ·
1714 762 1822 834 ⁵ἤδη
1872 764 1973 838 γὰρ

270 862 630 936 κηρύττουσιν
704 859 840 913 εἶναι
900 857 1121 918 ἐνυτοὺς
1183 854 1448 918 τελείους.
1511 855 1583 909 Τὸ
1639 852 1693 908 δε
1761 851 1974 908 δίκαιον

267 950 348 1006 δεῖ
403 955 578 1005 ποιεῖν
638 949 730 1002 καὶ
790 945 971 1017 λέγειν
1028 947 1120 1000 τὸν
1193 944 1480 1014 ἄνθρωπον
1517 963 1528 975 ·
1590 943 1682 998 καὶ
1741 944 1807 996 τὰ
1872 949 1972 1010 τῆς

265 1045 494 1117 χάριτος
555 1037 871 1113 ὁμολογεῖν,
915 1037 1005 1091 καὶ
1063 1037 1160 1104 τὴν
1218 1034 1484 1111 ἐνέργειαν
1534 1037 1632 1103 τῆς
1681 1033 1968 1107 ἁμαρτίας.

265 1106 531 1188 ἱίθείύδεται
592 1150 696 1204 γαρ
747 1131 773 1184 6
830 1132 1080 1189 τοιοῦτος
1135 1127 1374 1201 καθαρὰν
1436 1125 1609 1199 λέγων
1670 1120 1814 1199 ἔχειν
1873 1126 1973 1192 τὴν

268 1223 493 1300 καρδίαν
528 1239 541 1254 ’
593 1223 705 1295 οὐχ
741 1221 914 1281 οὕτως
970 1219 1072 1295 γάρ
1114 1218 1227 1272 ἐστι
1277 1220 1339 1273 τὰ
1390 1219 1706 1292 πράγματα,
1739 1218 1812 1279 ὡς
1861 1219 1971 1289 ἅμα

266 1315 367 1383 τὴν
444 1311 607 1387 χάριν
667 1308 1008 1380 ἐπιδημῆσαι
1074 1305 1182 1377 ἤδη
1260 1309 1492 1381 καθαρὸν
1569 1306 1809 1380 γενέσθαι
1873 1308 1966 1361 τὸν

272 1400 548 1476 ἄνθρωπον
587 1421 599 1432 ·
691 1395 1079 1471 παραδέδονται
1149 1399 1251 1472 γὰρ
1327 1403 1449 1458 τοῖς
1517 1395 1810 1469 πολεμίοις
1877 1396 1966 1450 καὶ

264 1498 381 1554 τοῖς
445 1489 823 1564 πειρατηρίοις
893 1485 966 1547 εἷς
1030 1486 1325 1561 γυμνκσίαν
1383 1485 1472 1540 καὶ
1547 1481 1850 1550 παίδευσιν,
1907 1485 1964 1538 ’ὸν

262 1581 466 1651 τρόπον
516 1579 608 1633 καὶ
657 1580 684 1632 6
744 1573 871 1632 Ἰὼϐ
925 1580 1003 1647 τῷ
1060 1580 1371 1651 πειρασμῷ.
1429 1579 1690 1651 Συνεργεῖ
1745 1573 1847 1650 γὰρ
1905 1575 1967 1628 τὸ

264 1645 428 1726 κακὸν
479 1674 558 1740 τῷ
612 1670 820 1745 ἀγαθῷ,
878 1667 1190 1742 προαιρέσει
1236 1667 1300 1721 οὐ
1352 1666 1496 1738 καλῇ
1531 1684 1544 1697 °
1592 1667 1684 1720 τὸν
1730 1665 1786 1721 δὲ
1833 1672 1966 1738 Χρι-

266 1761 478 1814 στιανὸν
558 1755 640 1812 δεῖ
711 1756 868 1811 πέντε
945 1756 1170 1830 ούγκίας
1234 1763 1334 1825 τῆς
1406 1756 1673 1829 ἁμαρτίας
1748 1755 1964 1830 ἔχοντα,

271 1847 474 1921 λέγειν,
517 1848 598 1900 ὅτι
649 1844 871 1900 Εἴκοσιν
900 1843 1038 1919 ἔχω,
1088 1846 1177 1899 καὶ
1222 1844 1661 1919 πεπληρωμένος
1710 1843 1826 1916 εἰμὶ
1871 1845 1966 1897 τοῦ
1997 1867 2044 1932 Β

268 1939 456 1991 κακοῦ.
513 1934 618 1990 Καὶ
669 1932 864 2009 ἔχοντα
928 1935 1064 2008 πρὸς
1121 1932 1290 2008 λόγον
1351 1933 1572 2007 οὐγκίας
1633 1931 1803 1988 εἷ’κοσι
1869 1935 1965 1987 τοῦ

267 2028 492 2103 ἀγαθοῦ,
551 2023 754 2100 λέγειν,
815 2024 897 2079 ὅτι
932 2043 947 2058 ο
1005 2025 1365 2097 Ἡμιούγκιον
1416 2020 1553 2098 ἔχω.
1585 2025 1650 2081 Εἰ
1702 2022 1757 2078 δὲ
1806 2027 1966 2078 τοῦτο

266 2117 403 2172 κατά
467 2114 768 2185 κενοδοξίαν
825 2114 1138 2193 αἰσχύνεται
1199 2115 1390 2181 εἰπεῖν,
1447 2115 1508 2168 τὸ
1575 2112 1781 2168 δίκαιον
1840 2117 1967 2186 γοῦν

269 2206 497 2263 εἰπάτω.
556 2205 1000 2280 Ὀμολογησάτω
1075 2204 1166 2276 μὲν
1227 2203 1316 2257 καὶ
1374 2204 1473 2272 τήν
1536 2200 1795 2277 ἐνέργειαν
1867 2208 1966 2268 τῆς

264 2295 537 2372 γάριτος·
613 2292 1016 2366 ὁμολογησάτω
1094 2289 1150 2346 δὲ
1221 2293 1311 2346 καὶ
1384 2293 1484 2361 τήν
1573 2292 1836 2364 ἁμαρτίαν
1913 2290 1964 2344 ἐν

269 2362 438 2456 μέρει.
499 2381 693 2442 Καθὼς
753 2381 848 2434 οὖν
921 2386 1182 2453 προεῖπον
1242 2381 1365 2453 περὶ
1449 2386 1549 2449 τῆς
1621 2383 1832 2458 ψυχῆς,
1883 2379 1966 2433 ὅτι

266 2472 383 2546 ἔχει
475 2472 662 2545 βάθος,
749 2467 1114 2542 ὑποδείγμασι
1199 2469 1465 2543 χρώμεθα
1568 2466 1966 2541 διαγράφοντας

268 2563 436 2632 αὐτῆς
483 2562 552 2614 τὰ
614 2560 778 2629 μέλη.
847 2562 1050 2630 ’Ὠσπερ
1103 2557 1195 2613 ’ίνα
1251 2558 1287 2629 ᾖ
1339 2557 1521 2628 ἥλιος,
1582 2559 1671 2613 καὶ
1727 2558 1859 2611 ὦσιν
1915 2558 1964 2632 ἐξ

262 2651 427 2707 αὐτοῦ
471 2651 680 2712 ἀκτῖνες
730 2646 939 2704 πολλαί
971 2665 986 2680 ⁵
1037 2647 1072 2716 ἢ
1109 2646 1200 2702 ’ίνα
1245 2647 1281 2722 ᾖ
1330 2645 1545 2723 δένδρον
1596 2647 1832 2722 ὑψηλὸν,
1872 2648 1963 2702 καὶ

259 2738 363 2818 ἔχῃ
396 2739 630 2802 κλάδους
666 2759 680 2772 ·
727 2741 762 2810 ἢ
791 2737 883 2793 ’ίνα
930 2738 966 2812 ᾖ
1011 2739 1177 2802 πόλις
1227 2737 1466 2814 μεγάλη,
1497 2739 1588 2793 καὶ
1638 2737 1740 2813 ἐχη
1789 2737 1964 2811 γείτο-

260 2853 352 2894 νας
399 2831 613 2893 πολλάς
641 2847 655 2860 ·
709 2829 884 2891 οὕτως
930 2828 1073 2883 ἐστὶν
1121 2831 1156 2898 ἡ
1200 2830 1361 2903 νοερὰ
1408 2828 1586 2898 οὐσία,
1614 2830 1648 2897 ἡ
1702 2826 1964 2890 ἀθάνατος

265 2926 442 2998 ψυχὴ,
495 2920 701 2982 κδλλος
740 2920 925 2993 τίμιον
977 2921 1110 2995 ὑπὲρ
1151 2919 1319 2974 πάντα
1357 2920 1425 2975 τά
1474 2916 1962 2993 δημιουργήματα,

266 3013 425 3066 εἰκὼν
475 3011 564 3064 καὶ
626 3010 838 3082 ὁμοίμα
889 3013 1046 3064 Θεοῦ.
1117 3010 1320 3063 Λοιπὸν
1388 3008 1624 3063 ἐλθοῦσα
1675 3010 1709 3077 ἡ
1781 3007 1964 3083 χάρις,

262 3102 340 3164 εἷς
387 3098 482 3155 δύο
530 3099 748 3160 ἃκτῖνας
797 3105 898 3168 τῆς
953 3102 1138 3173 ψυχῆς
1183 3097 1524 3170 ἐπιλάμπει·
1584 3096 1619 3166 ἢ
1677 3097 1784 3152 ἀπὸ
1833 3097 1967 3151 ὅλου

260 3194 357 3245 τοῦ
425 3186 645 3263 δένδρου
703 3185 780 3249 εἷς
846 3184 1084 3247 κλάδους
1159 3184 1277 3256 δύο,
1335 3187 1370 3254 ἢ
1448 3186 1554 3241 ἀπὸ
1613 3186 1790 3256 πάσης
1864 3193 1965 3254 τῆς

261 3279 479 3340 πόλεως
521 3277 597 3339 εἷς
650 3275 750 3332 δύο
802 3275 1110 3353 γειτωνίάίς.
1161 3277 1281 3332 Ἔτι
1331 3272 1388 3329 δὲ
1433 3277 1501 3328 τὰ
1543 3273 1771 3330 πλείονα
1825 3273 1960 3348 μέρη

263 3373 364 3434 τῆς
397 3369 584 3443 ψυχῆς
629 3363 918 3438 κατέχεται
948 3363 1053 3418 ἀπὸ
1100 3370 1200 3432 τῆς
1250 3361 1517 3436 ἁμαρτίας
1549 3381 1561 3394 ·
1617 3361 1706 3416 καὶ
1752 3365 1966 3434 νομίζει

265 3454 348 3509 ὅτι
380 3453 486 3523 ὅλη
515 3454 588 3507 άι⁹
639 3451 795 3524 ὅλου,
827 3457 928 3506 τοῦ
975 3451 1181 3527 ἀγαθοῦ
1225 3450 1420 3525 μέρους
1468 3450 1558 3505 καὶ
1607 3457 1704 3520 τῆς
1735 3451 1966 3526 χάριτος

262 3542 353 3598 καὶ
403 3549 502 3611 τῆς
549 3541 945 3616 λαμπρότητος
990 3543 1182 3618 γέγονε
1215 3560 1229 3573 ·
1288 3541 1422 3615 πρὸς
1464 3540 1631 3617 λόγον
1669 3542 1826 3595 πέντε
1875 3539 1962 3595 λί-

265 3654 398 3708 τρας
438 3634 672 3710 χρυσίου
719 3633 1080 3705 κτησάμενος,
1132 3629 1284 3686 δοκεῖ
1329 3631 1476 3702 αὐτῷ
1510 3630 1595 3687 ὅτι
1645 3631 1832 3685 ἑκατὸν
1879 3629 1964 3684 λί-

263 3744 392 3798 τρας
438 3721 702 3794 ἐκτήσατο
736 3740 750 3756 ⁸
796 3724 872 3795 μή
923 3723 984 3777 τὸ
1016 3716 1257 3796 ἔμϐρυον
1301 3719 1354 3775 ἐν
1385 3724 1452 3794 τῇ
1502 3723 1685 3795 μήτρᾳ
1726 3717 1834 3790 ἤδη
1885 3718 1968 3796 γέ-

259 3834 417 3886 γονεν
465 3811 786 3888 ἅνθρωπος;
829 3811 862 3880 ἧ
914 3811 998 3867 ὅτι
1048 3810 1158 3874 θεῖς
1202 3808 1294 3865 ἕνα
1333 3809 1489 3866 λίθον
1536 3808 1631 3864 τοῦ
1682 3808 1962 3882 θεμελίου,

257 3903 366 3974 ἤδη
410 3903 691 3958 ἐτελείωσε
719 3905 781 3957 τὸ
833 3899 1226 3974 οἷκοδόμημα;
1259 3902 1293 3970 ἢ
1336 3901 1362 3954 ὁ
1403 3899 1606 3974 σπόρος
1647 3901 1674 3954 6
1724 3899 1962 3974 χωσθείς

259 3991 344 4045 ἐπὶ
405 3998 504 4059 τῆς
562 3999 689 4066 γῆς,
751 3989 861 4059 ἤδη
918 3989 1129 4062 ἐγένετο
1190 3992 1434 4066 στάχυςς
1490 3991 1564 4060 μή
1622 3990 1650 4042 6
1708 4009 1962 4062 πραγμα-

255 4078 548 4152 τευόμενος
608 4079 720 4151 ἅμα
777 4081 873 4131 τοῦ
931 4077 1194 4154 ἅρξαφθαι
1240 4084 1340 4144 τῆς
1395 4075 1796 4151 πραγματείας,
1847 4073 1958 4145 ἤδη

257 4165 550 4241 ἐπλήρωσε
578 4169 679 4237 τήν
731 4166 1016 4235 ἀποθήκην
1045 4184 1060 4234 ;
1092 4166 1176 4219 καὶ
1230 4167 1257 4219 6
1295 4164 1542 4239 μετέχων
1593 4167 1821 4239 χάριτος
1871 4185 1954 4237 μι-

256 4261 415 4331 κρᾶς,
490 4253 637 4328 παρά
706 4257 869 4309 τοῦτο
953 4252 1143 4327 γέγογε
1189 4253 1553 4327 Χριστιανός;
1639 4253 1819 4324 ἀκμὴν
1907 4253 1963 4306 οἱ

260 4349 470 4420 πρῶτοι
519 4343 608 4398 καὶ
660 4344 712 4397 οἳ
767 4340 996 4416 μεγάλοι
1046 4343 1219 4403 οὕτως
1281 4341 1383 4396 εἰσὶ
1428 4342 1564 4416 πρὸς
1617 4341 1960 4411 τελειότητα,

260 4435 334 4496 ὡς
383 4435 410 4489 ὁ
461 4433 818 4512 όφφικιάλιος
862 4432 1000 4505 πρὸς
1045 4433 1294 4508 ἡγεμόνα
1327 4451 1340 4464 ·
1390 4434 1426 4502 ἢ
1473 4431 1547 4491 ὡς
1594 4430 1718 4505 ῥύαξ
1768 4433 1962 4505 μικρὸς

259 4525 396 4598 πρὸς
458 4523 748 4597 Εὐφράτην
809 4522 1076 4596 ποταμόν.
1137 4527 1193 4577 Ὀ
1253 4520 1399 4597 ἔχων
1467 4521 1718 4597 πρόθεσιν
1790 4519 1962 4574 ἀπελ-

1450 369 1682 430 LIBER
1723 369 1826 428 DE
1870 365 2261 428 CUSTODIA
2305 369 2606 433 CORDIS.

1032 502 1333 576 ἡμιούγκια
1420 504 1582 555 τοῦτο
1661 497 1718 553 δὲ
1785 497 1966 560 αὐτοῖς

2082 501 2199 556 cias
2249 503 2486 573 gratiae;
2539 511 2589 560 et
2624 521 2724 561 eas
2754 522 2900 562 vano
2942 511 3173 566 tumore
3222 510 3584 582 gloriationis
3630 516 3789 572 falsas

3670 386 3789 447 834

2080 590 2136 645 in
2173 599 2406 646 centum
2450 593 2910 664 multiplicantes
2939 614 2952 652 :
2984 615 3014 653 e
3043 601 3334 658 contrario
3367 620 3499 659 vero
3531 605 3788 676 plerum-

2081 695 2193 750 que
2224 681 2486 735 nonnulli
2531 683 2813 740 habentes
2862 686 3124 758 quinque
3171 690 3374 746 uncias
3421 695 3655 761 peccati,
3690 712 3787 749 eas

2079 768 2136 822 in
2171 771 2546 825 semiunciam
2599 778 2933 829 extenuant.
2989 776 3048 830 Id
3100 777 3243 845 ipsis
3293 781 3501 836 accidit
3557 782 3644 837 vel
3687 799 3788 854 per

2079 855 2494 928 ignorantiam,
2527 862 2674 929 quod
2725 863 3005 933 quantula
3037 865 3156 920 sint
3203 867 3485 938 impertiti
3517 885 3789 926 mensura

2081 946 2277 1017 gratias
2328 965 2396 1002 ex
2441 965 2577 1004 vero
2627 968 2741 1006 non
2795 960 3032 1022 norunt,
3084 955 3169 1010 vel
3219 973 3318 1027 per
3371 975 3528 1014 vana:
3585 962 3787 1033 gloriae

2079 1036 2428 1106 appetitum,
2471 1055 2584 1092 non
2631 1039 2988 1098 sustinentes
3037 1043 3222 1112 fateri,
3268 1062 3440 1116 quam
3490 1048 3548 1102 in
3595 1067 3657 1104 se
3686 1067 3785 1105 ex-

2082 1125 2408 1195 periuntur,
2461 1128 2853 1196 operationem
2907 1131 3068 1188 mali.
3099 1133 3225 1187 Jam
3278 1135 3434 1190 enim
3470 1138 3788 1207 praedicant

2081 1229 2142 1268 se
2172 1214 2470 1282 perlectos.
2532 1215 2769 1286 Oportet
2816 1223 3006 1274 autem
3059 1225 3113 1275 et
3162 1222 3284 1277 ﬁeri
3333 1228 3389 1278 et
3435 1225 3547 1279 dici
3582 1227 3654 1282 ab
3687 1227 3789 1282 ho-

2080 1302 2237 1358 mine
2267 1306 2418 1374 quod
2449 1306 2672 1373 justum
2697 1316 2776 1360 est
2805 1323 2819 1374 ;
2853 1312 2910 1363 et
2940 1310 3135 1380 gratiae
3168 1327 3338 1382 quam
3367 1315 3595 1385 accipit,
3631 1317 3786 1372 dona

2079 1392 2371 1461 proﬁteri;
2407 1399 2463 1448 et
2503 1411 2617 1450 non
2669 1396 3060 1467 dissimulare,
3115 1417 3292 1470 quam
3338 1405 3516 1458 sentit
3566 1403 3625 1459 in
3661 1422 3786 1460 sese

2078 1481 2294 1550 peccati
2341 1483 2751 1550 operationem.
2797 1485 3074 1542 Mentitur
3121 1491 3337 1561 quippe
3385 1492 3518 1547 talis
3568 1510 3783 1563 purum

2077 1571 2238 1625 aiens
2271 1587 2332 1626 se
2372 1571 2585 1628 habere
2633 1590 2768 1641 cor;
2821 1574 2977 1631 haud
3026 1577 3181 1632 enim
3225 1579 3286 1634 in
3336 1579 3494 1636 hunc
3543 1585 3784 1640 modum

2077 1675 2140 1714 se
2195 1677 2286 1717 res
2334 1663 2599 1731 habent;
2661 1665 2828 1736 quasi
2887 1669 2959 1722 ad
3021 1670 3266 1738 primam
3340 1673 3538 1727 statim
3610 1675 3783 1731 adve-

2077 1752 2330 1807 nientem
2362 1755 2608 1824 gratiam
2643 1772 2825 1826 purus
2874 1758 3033 1812 omni
3085 1776 3151 1814 ex
3183 1766 3346 1831 parte
3373 1763 3549 1820 homo
3580 1766 3782 1822 redda-

2075 1848 2206 1896 tur:
2241 1843 2494 1897 traditur
2523 1846 2736 1915 quippe
2772 1845 3065 1918 hostibus,
3096 1854 3153 1904 et
3185 1850 3393 1906 horum
3446 1856 3780 1912 tentationio

2077 1930 2187 1985 bus
2240 1931 2550 2000 exponitur
2606 1933 2679 1988 ad
2729 1937 3201 1994 exercitationem
3263 1945 3320 1994 et
3373 1941 3781 2014 disciplinam:

2079 2021 2370 2093 quomodo
2413 2022 2520 2076 Job
2569 2024 2889 2078 tentatione
2943 2026 3220 2094 probatus
3269 2037 3372 2084 est.
3434 2033 3786 2101 Cooperatur

2077 2109 2291 2179 quippe
2329 2113 2386 2162 et
2411 2111 2628 2165 malum
2678 2111 2851 2179 bono,
2883 2113 3206 2172 intentione
3238 2133 3350 2172 non
3374 2118 3548 2175 bona.
3583 2121 3782 2178 Chris-

2081 2195 2312 2250 tianum
2362 2213 2495 2252 vero
2525 2199 2793 2253 convenit
2816 2200 3076 2272 quinque
3099 2204 3296 2260 uncias
3318 2208 3534 2276 peccati
3569 2209 3784 2265 haben-

2077 2289 2218 2353 tem,
2250 2287 2438 2342 dicere
2470 2287 2838 2345 humiliando
2869 2306 2968 2346 se:
3019 2294 3219 2365 viginti
3257 2298 3460 2352 uncias
3490 2297 3696 2367 habeo,
3725 2305 3782 2354 et

2078 2374 2284 2445 plenus
2333 2392 2464 2430 sum
2513 2375 2860 2445 iniquitate:
2913 2379 3222 2438 habentem
3272 2391 3491 2454 autem,
3537 2388 3785 2460 exempli

2078 2480 2272 2532 causa,
2305 2466 2508 2522 uncias
2557 2466 2764 2538 viginti
2813 2469 3063 2539 bonatis,
3116 2473 3342 2530 dicere:
3383 2476 3475 2532 vix
3517 2478 3653 2533 boni
3687 2496 3785 2536 se-

2079 2554 2367 2609 munciam
2428 2555 2634 2611 habeo.
2691 2556 2748 2611 Si
2815 2564 3012 2614 autem
3071 2561 3180 2616 hoc
3237 2564 3445 2634 dicere,
3492 2566 3565 2621 ob
3622 2584 3783 2624 vanae

2077 2642 2274 2714 gloriae
2307 2644 2584 2710 studium,
2627 2647 2956 2715 erubescit;
3004 2650 3204 2706 saltem
3240 2656 3391 2724 quod
3438 2656 3664 2724 justum
3695 2663 3784 2714 est

2077 2732 2351 2803 proferat,
2385 2733 2754 2806 fateaturque
2794 2741 2919 2792 tum
2974 2739 3114 2810 quid
3169 2741 3225 2796 in
3260 2757 3320 2796 se
3351 2749 3620 2813 operetur
3649 2763 3786 2818 gra-

2076 2823 2178 2892 tia,
2209 2828 2334 2878 tum
2385 2823 2522 2894 quid
2571 2841 2639 2880 ex
2689 2831 2850 2896 parte
2899 2827 3082 2884 altera
3132 2837 3430 2902 peccatum
3481 2834 3780 2893 moliatur.

2075 2912 2202 2966 Jam
2235 2913 2389 2966 circa
2419 2913 2474 2967 id
2510 2915 2660 2984 quod
2699 2915 2812 2971 dixi
2847 2917 2918 2972 de
2949 2919 3167 2986 anima,
3197 2920 3390 2977 inesse
3420 2922 3504 2977 illi
3539 2926 3783 2996 profun-

2078 3000 2318 3054 ditatem
2353 2999 2728 3069 latebrosam,
2751 3006 3032 3076 exemplis
3056 3012 3276 3064 utemur
3303 3012 3566 3067 membra
3594 3013 3784 3084 ipsius

2078 3088 2487 3144 describentes.
2534 3091 3034 3154 Quemadmodum
3083 3097 3238 3151 enim
3293 3102 3356 3153 ut
3403 3099 3484 3154 sol
3535 3107 3644 3172 est,
3703 3107 3784 3160 ita

2079 3182 2214 3232 sunt
2265 3193 2330 3232 ex
2362 3178 2484 3248 ipso
2528 3181 2723 3249 plures
2770 3181 2958 3250 radii;
3001 3192 3061 3238 ut
3109 3186 3280 3242 arbor
3323 3187 3438 3243 alta
3481 3199 3586 3257 est,
3620 3193 3695 3246 ita
3726 3199 3786 3248 et

2082 3281 2276 3318 ramos
2307 3264 2523 3333 habet;
2560 3273 2621 3320 ut
2651 3268 2853 3323 civitas
2898 3285 3112 3340 magna
3150 3277 3238 3328 est
3269 3279 3324 3329 et
3353 3275 3572 3332 circum
3607 3278 3785 3334 habet

2086 3353 2240 3408 I66
2275 3355 2445 3410 urbes
2478 3355 2731 3412 multas:
2785 3359 2864 3413 sic
2911 3364 2999 3414 est
3057 3361 3468 3422 intellectualis
3498 3368 3781 3424 substan-

2075 3443 2176 3511 tia,
2228 3445 2570 3500 immortalis
2617 3448 2834 3517 anima,
2877 3447 3247 3518 pulchritudo
3302 3457 3553 3523 pretiosa
3610 3474 3785 3530 super

2076 3549 2278 3588 omnes
2310 3538 2622 3601 creaturas,
2659 3535 2849 3604 imago
2873 3544 2925 3592 et
2952 3538 3331 3596 simulacrum
3367 3542 3507 3613 Dei;
3541 3544 3597 3600 in
3631 3546 3782 3602 hanc

2075 3622 2312 3677 veniens
2341 3625 2526 3692 gratia
2554 3625 2782 3680 duobus
2831 3627 2882 3681 ei
2915 3629 3095 3684 radiis
3146 3631 3402 3703 aifulget,
3433 3643 3530 3689 aut
3559 3652 3625 3691 ex
3659 3637 3784 3691 uni-

2074 3728 2244 3768 versa
2271 3713 2496 3784 arbore,
2529 3715 2678 3770 duos
2710 3716 3001 3772 illuminat
3032 3736 3248 3789 ramos,
3299 3729 3400 3778 aut
3433 3724 3600 3780 binas
3632 3727 3782 3782 dun-

2075 3806 2233 3858 taxat
2263 3820 2332 3858 ex
2381 3805 2652 3860 universa
2703 3807 2996 3876 provincia
3027 3810 3199 3864 urbes
3232 3811 3593 3883 ingreditur:
3627 3817 3781 3886 quod

2075 3893 2381 3962 allegorice
2434 3894 2728 3963 significat
2779 3910 2952 3949 unam
2998 3901 3223 3952 tantum
3272 3909 3325 3954 et
3377 3901 3614 3957 alteram
3656 3907 3782 3960 ani-

2077 3997 2181 4034 mae
2238 3981 2551 4050 potentiam
2603 3983 2788 4053 gratia
2838 3985 3118 4057 contingi,
3169 3989 3361 4043 adhuc
3414 4007 3542 4046 vero
3590 3992 3780 4063 pluri-

2077 4085 2198 4122 mus
2247 4071 2374 4137 ejus
2423 4071 2582 4140 quasi
2621 4073 2882 4127 membro
2932 4083 3162 4144 peccato
3222 4079 3422 4132 teneri.
3478 4080 3786 4152 Utcunque

2074 4162 2337 4212 autumet
2369 4174 2429 4212 se
2464 4163 2643 4213 totam
2679 4176 2746 4215 ex
2800 4167 2920 4216 toto
2976 4167 3261 4220 transisse
3302 4167 3360 4220 in
3415 4174 3634 4238 partem
3668 4187 3786 4225 me-

2075 4244 2306 4311 liorem,
2359 4251 2415 4300 et
2463 4247 2520 4301 in
2583 4249 2834 4305 solidum
2885 4268 2917 4306 a
2967 4254 3152 4322 gratia
3205 4255 3506 4326 possideri,
3548 4264 3605 4313 et
3661 4259 3790 4329 ejus

2073 4335 2256 4389 radiis
2309 4336 2654 4406 splendere;
2707 4355 3006 4410 perperam
3068 4342 3374 4399 subductis
3426 4345 3786 4418 rationibus;

2073 4425 2150 4478 ita
2183 4430 2244 4478 ut
2275 4441 2406 4480 cum
2443 4426 2537 4481 vix
2569 4427 2832 4498 quinque
2881 4428 3059 4485 libras
3099 4432 3224 4485 auri
3258 4449 3383 4488 vere
3414 4433 3642 4503 habeat,
3679 4440 3790 4494 sibi

2077 4516 2267 4568 tamen
2301 4517 2647 4586 persuadeat
2675 4533 2789 4571 non
2826 4519 3025 4573 minus
3053 4518 3219 4576 libris
3252 4533 3486 4579 centum
3519 4543 3580 4580 se
3612 4529 3794 4598 possi-

259 4615 366 4667 θεῖν
417 4610 494 4674 εἷς
542 4611 705 4667 πόλιν
758 4611 965 4684 μακρὰν
1013 4612 1308 4686 τριάκοντα
1351 4613 1556 4682 μονῶν,
1599 4606 1694 4662 δύο
1826 4613 1966 4682 τρεῖς

2080 4604 2228 4659 dere.
2263 4606 2350 4658 An
2381 4605 2530 4659 fetus
2561 4606 2751 4660 adhuc
2796 4608 3064 4664 informis
3116 4610 3172 4664 in
3228 4617 3414 4681 utero,
3447 4587 3630 4669 homo
3663 4617 3789 4686 jam

262 4699 350 4753 ἐὰν
404 4699 641 4770 ἀπέλθη,
695 4702 769 4773 μὴ
823 4703 1025 4775 νομίσῃ
1073 4700 1157 4757 ὅτι
1198 4698 1445 4770 εἰσῆλθεν
1485 4704 1560 4759 εῖς
1609 4698 1706 4767 τὴν
1757 4695 1918 4752 πόλιν
1951 4716 1964 4729 ’

265 4785 453 4856 ἐπειδὴ
532 4787 593 4842 οὒ
660 4791 695 4857 ἡ
774 4789 987 4844 ἐναντία
1053 4787 1280 4862 δύναμις
1358 4788 1730 4863 προτρεπτική
1805 4785 1968 4856 ἐστιν,

268 4875 367 4930 οὐκ
417 4875 781 4950 ἀναγκαστική
819 4898 832 4911 ·
890 4881 980 4931 καὶ
1025 4877 1139 4932 θεία
1192 4879 1356 4954 χάρις
1427 4877 1798 4952 προτρεπτική
1860 4876 1971 4930 ἐστι

270 4964 360 5019 διὰ
389 4965 450 5019 τὸ
499 4963 842 5034 αὐτεξούσιον
885 4966 971 5020 καὶ
1023 4964 1172 5022 λιτὸν
1220 4974 1318 5036 τῆς
1367 4967 1596 5044 φύσεως,
1640 4963 1833 5019 λοιπὸν
1883 4963 1969 5018 ἐὰν

268 5055 510 5127 ποισήσῃ
569 5054 709 5107 κακᾶ
768 5055 795 5107 6
854 5057 1135 5129 ἄνθρωπος
1208 5055 1646 5132 προτρεπόμενος
1704 5055 1805 5109 ὑπὸ
1875 5058 1973 5108 τοῦ

269 5148 500 5215 Σατανᾶ,
563 5141 624 5197 ού
683 5144 918 5218 κρίνεται
978 5145 1087 5198 ἀντ’
1162 5144 1325 5200 αὐτοῦ
1392 5146 1420 5199 6
1497 5150 1736 5205 Σατανᾶς
1770 5162 1782 5174 ·
1844 5141 1968 5197 ἀλλ’

266 5230 426 5293 αὐτὸς
495 5232 523 5285 6
593 5232 878 5306 ἄνθρωπος
955 5238 1282 5308 τιμωρεῖται
1351 5232 1440 5286 καὶ
1517 5231 1830 5300 κολάζεται,
1898 5231 1972 5292 ὼς

276 5322 520 5390 ὑπήκοος
569 5322 806 5396 γεγονὼς
847 5328 949 5390 τῆς
988 5323 1178 5383 κακίας
1222 5319 1347 5393 ἰδίῳ
1395 5320 1686 5392 θελήματι.
1736 5320 1974 5392 Ὁμοίως

267 5410 354 5463 καὶ
411 5410 497 5464 ἐὰν
549 5415 733 5485 τραπῇ
798 5413 826 5467 ὁ
885 5412 1172 5486 ἅνθρωπος
1231 5413 1306 5473 εἰς
1356 5412 1418 5466 τὸ
1474 5411 1694 5484 ἀγαθὸν,
1742 5410 1828 5462 καὶ
1881 5427 1973 5462 πε-

266 5497 542 5573 ριγένοιτο
595 5501 760 5576 χάρις
807 5505 960 5571 Θεοῦ,
1022 5501 1124 5556 οὐκ
1162 5499 1446 5580 ἐπιγράφει
1498 5501 1559 5553 τὸ
1608 5499 1803 5575 ἀγαθὸν
1852 5499 1976 5552 εαυ-

267 5589 336 5659 τῇ
378 5589 413 5654 ἡ
466 5587 652 5664 χάρις,
709 5587 836 5644 ἀλλ’
895 5587 1195 5646 ἀποδίδωσι
1242 5587 1322 5661 τῷ
1364 5588 1632 5663 ἀνθρώπῳ
1691 5586 1780 5641 καὶ
1827 5581 1978 5658 δοξά·

276 5682 354 5747 ζει
409 5676 571 5731 αὐτόν
605 5695 617 5710 ·
669 5675 855 5750 ἐπειδή
916 5680 1092 5752 ἑαυτῷ
1124 5679 1328 5755 ἐγίνετο
1378 5679 1406 5733 6
1458 5675 1742 5752 ἄνθρωπος
1795 5673 1973 5739 αἶ’τιος

588 5781 845 5842 ΡΑτιιοι.
887 5784 1003 5845 Gn.
1045 5781 1304 5843 XXXIV.

2081 4692 2374 4760 perfectus
2405 4692 2540 4748 est?
2568 4695 2648 4746 An
2699 4693 2798 4763 qui
2852 4712 3032 4751 unum
3069 4698 3126 4752 in
3167 4699 3610 4756 fundamentum
3649 4703 3794 4774 lapi-

2079 4781 2213 4835 dem
2266 4780 2430 4850 jecit,
2487 4782 2603 4850 jam
2660 4785 2903 4854 perfecit
2951 4787 3308 4843 aediﬁcium?
3358 4795 3546 4846 utrum
3595 4808 3792 4849 semen

2083 4871 2246 4926 sulco
2305 4870 2623 4943 ingestum,
2653 4875 2764 4942 jam
2811 4875 2972 4945 spica
3003 4878 3140 4931 est?
3178 4879 3321 4933 Num
3365 4887 3665 4948 mercator,
3698 4883 3794 4953 qui

2086 4961 2255 5014 modo
2321 4960 2527 5030 incipit
2600 4963 2904 5032 negotiari,
2974 4966 3213 5036 replevit
3260 4968 3382 5038 jam
3443 4971 3797 5041 apothecas?

2081 5057 2200 5105 Non
2236 5067 2376 5106 sane
2407 5053 2619 5124 magis,
2655 5055 2755 5124 qui
2789 5055 2986 5124 prima:
3028 5057 3223 5126 gratias
3274 5060 3560 5133 particeps
3593 5069 3682 5118 est
3713 5064 3794 5119 fa-

2081 5145 2232 5206 ctus,
2265 5141 2385 5209 jam
2422 5139 2784 5197 Christianus
2814 5148 2918 5198 est.
2973 5145 3144 5216 Atqui
3200 5149 3375 5218 primi
3429 5150 3540 5221 ipsi
3573 5167 3638 5206 ac
3671 5167 3795 5206 ma-

2083 5229 2177 5297 gni
2213 5229 2296 5283 sic
2331 5245 2394 5284 se
2443 5231 2510 5284 ad
2567 5232 2976 5301 perfectionem
3033 5233 3265 5304 habent,
3318 5243 3380 5292 ut
3425 5239 3687 5294 minister
3726 5239 3794 5293 ad

2086 5318 2529 5388 imperatorem,
2599 5323 2662 5374 ut
2725 5321 2948 5377 rivulus
3005 5325 3075 5379 ad
3141 5324 3470 5395 Euphraten
3531 5327 3791 5381 ﬂuvium.

2091 5407 2334 5462 Hahens
2367 5408 2725 5477 propositum
2759 5409 2816 5464 in
2853 5412 3049 5467 urbem
3090 5415 3267 5469 eundi
3299 5413 3535 5484 triginta
3564 5414 3792 5468 dierum

2091 5497 2296 5551 itinere
2330 5496 2637 5564 dissilam;
2684 5513 2754 5554 ne
2803 5499 2896 5554 ubi
2949 5501 3190 5556 biduum
3242 5507 3343 5555 aut
3386 5501 3644 5556 triduum
3695 5503 3797 5556 viae

2086 5585 2392 5658 peregerit,
2435 5585 2550 5656 jam
2606 5603 2669 5643 se
2716 5597 2870 5657 putet
2931 5589 3261 5661 ingressum
3319 5605 3447 5646 esse
3504 5590 3791 5647 civitatem

2084 5675 2266 5731 illam.
2302 5675 2588 5739 Quoniam
2619 5677 2796 5748 igitur
2843 5677 3174 5733 adversaria
3202 5682 3460 5749 potestas
3500 5679 3792 5758 instigare,

3389 5778 3466 5835 27

3751 5957 3846 6008 si"

3727 6009 3761 6039 ,ιε
