4130 6286
340 421 456 487 835
1684 407 1749 468 S.
1799 402 2128 467 MACARII
2174 399 2519 463 EGYPTII
3746 403 3846 461 83
3863 399 3918 460 6

344 573 460 614 non
494 557 688 610 autem
721 551 924 607 afferre
976 543 1380 603 necessitatem
1416 541 1646 614 potest;
1681 538 1877 594 divina
1905 537 1975 592 ite

2305 529 2506 608 ἀγαθοῦ
2543 550 2554 565 ⁸
2604 533 2776 600 αὐτῆς
2829 531 2929 605 γάρ
2963 529 3072 586 ἐστι
3121 538 3220 600 τῆς
3268 529 3477 605 φύσεως
3525 529 3684 592 οὗτος
3724 551 3740 564 °
3790 509 3917 585 καὶ

342 644 530 719 gratia
564 643 852 706 hortatur,
884 641 1118 712 propter
1148 635 1237 690 sui
1289 636 1492 704 potens
1539 629 1846 684 arbitrium
1900 633 1956 682 et

2280 689 2281 694 η
2330 624 2448 677 οἷον
2499 621 2778 700 ἐρχομένη
2829 623 2863 691 ἢ
2911 622 3075 696 χάρις
3125 619 3260 692 πρὸς
3307 619 3462 676 αὐτὸν
3507 619 3911 698 ἀναγκαστικῇ

341 709 628 791 hertatem
677 709 936 786 innatam
1001 730 1254 790 natura);
1312 722 1503 791 itaque
1545 719 1593 774 si
1656 717 1810 774 mala
1858 717 1972 772 fece

2278 715 2394 786 ίμει
2445 711 2633 785 δεσμεῖ
2679 709 2843 768 αὐτοῦ
2890 713 2952 767 τὸ
3006 711 3246 784 θέλημα,
3296 711 3387 767 καὶ
3437 711 3631 768 λοιπὸν
3680 712 3909 768 ἑκόντα

343 823 518 878 homo
551 834 871 892 persuasus
902 834 932 870 a
974 815 1208 878 Sataua,
1244 827 1358 865 non
1385 810 1687 881 judicatur
1717 807 1838 862 vice
1870 805 1974 876 ipsi

2307 802 2504 858 ἄκοντα
2552 809 2700 858 ποιεῖ
2757 803 2916 858 αὐτὸν
2965 800 3227 878 ἄτρεπτον
3287 802 3509 880 ἀγαθοῦ,
3566 803 3713 858 ἀλλα
3775 827 3907 859 πα-

343 891 610 978 Satanais,
657 909 751 964 sed
786 909 905 978 ipse
955 905 1126 959 homo
1159 901 1476 971 castigatur
1508 915 1572 952 ac
1604 896 1867 968 punitur,
1900 913 1973 966 qu

2283 899 2414 966 ωρεῖ
2460 897 2538 964 τῷ
2588 892 2912 966 αὖτεξουσίῳ
2961 893 3050 947 καὶ
3103 895 3331 948 συνοῦσα
3381 895 3415 962 ἡ
3462 893 3579 948 θεία
3618 891 3910 968 δύναμις,

343 1000 575 1058 malitia:
605 998 882 1055 obediens
919 997 1112 1050 factus
1166 991 1334 1047 fuerit
1383 1007 1446 1045 ex
1483 988 1715 1060 propria
1745 986 1972 1041 volunta

2308 981 2614 1061 ἀποδειχθῇ
2646 983 2708 1038 τὸ
2761 983 2978 1057 θέλημα
3009 983 3105 1039 τοῦ
3149 983 3459 1059 ἀνθρώπου,
3507 981 3552 1037 εἰ
3602 988 3741 1056 τιμᾷ
3782 986 3909 1053 τήν

344 1089 626 1147 Similiter
659 1088 706 1143 si
741 1088 938 1158 vergat
989 1084 1160 1139 homo
1196 1079 1268 1135 ad
1317 1081 1559 1148 bonum,
1609 1086 1660 1132 et
1711 1077 1902 1131 vincat
1925 1091 1975 1146 gi

2280 1077 2352 1148 ,ἢν
2386 1073 2420 1143 ἢ
2454 1074 2518 1128 οὐ
2569 1078 2705 1148 τιμᾷ
2737 1095 2749 1108 ·
2783 1071 2826 1129 εἶ
2863 1081 3144 1152 συμφωνεῖ
3192 1075 3226 1146 ἢ
3269 1074 3331 1129 οὗ
3365 1080 3648 1153 συμφωνεῖ
3679 1093 3693 1108 ⁸
3739 1074 3911 1130 πολ-

345 1182 425 1236 tia
455 1180 554 1236 Dei
582 1198 596 1246 ;
627 1177 780 1233 haud
834 1175 1086 1230 ascribat
1136 1172 1242 1242 ipsi
1278 1170 1388 1226 sibi
1433 1170 1647 1224 bonum
1700 1165 1920 1238 gratia;
1955 1181 1976 1218 s

2316 1161 2415 1238 γὰρ
2475 1161 2738 1236 ἐτίμησαν
2799 1163 2886 1220 καὶ
2947 1162 3346 1242 συνεφώνησαν.
3406 1160 3607 1218 Ἀλλοι
3674 1160 3736 1218 δὲ
3796 1163 3908 1234 ἐξ-

343 1271 606 1326 attribuit
647 1265 870 1322 homini
915 1267 970 1319 et
1011 1262 1297 1334 gloriﬁcat
1347 1261 1582 1330 ipsum;
1635 1256 1910 1328 quoniam
1945 1271 1970 1308 s

2268 1253 2496 1318 άπησκν.
2569 1251 2722 1328 Λέγει
2777 1253 2882 1328 γὰρ
2957 1253 2984 1306 6
3061 1252 3422 1323 Ἀπόστολος,
3495 1253 3899 1328 Ἐναρξάμενοι

344 1360 520 1415 homo
554 1373 724 1412 causa
758 1355 890 1410 boni
939 1351 1126 1407 factus
1162 1356 1282 1416 est;
1335 1348 1468 1402 talis
1517 1346 1672 1401 enim
1711 1345 1803 1398 hic
1834 1347 1922 1398 est
1953 1359 1975 1397 r

2272 1340 2480 1414 ύματι⁶
2560 1347 2650 1397 νῦν
2725 1341 2881 1417 σαρκὶ
2961 1341 3310 1398 ἐπιτελεῖτε·
3394 1345 3463 1416 τῇ
3539 1343 3639 1418 γὰρ
3721 1343 3903 1422 φύσει

347 1456 489 1506 ιρι-ω
515 1464 529 1515 ;
559 1464 674 1502 non
706 1450 899 1500 autem
952 1446 1015 1496 ut
1058 1441 1297 1496 veniens
1357 1439 1422 1492 ad
1470 1438 1660 1508 ipsum
1697 1436 1884 1506 gratia
1915 1433 1978 1504 Ιὶε

2268 1453 2338 1492 ιος
2407 1430 2470 1485 οὗ
2535 1435 2730 1503 κεῖται,
2800 1430 2947 1487 ἀλλὰ
3010 1435 3077 1506 τῇ
3150 1430 3482 1506 αὖτεξουσίῳ
3561 1434 3899 1508 προαιρέσει

350 1541 477 1610 ejus
509 1537 885 1604 voluntatem,
942 1533 1253 1587 inducente
1297 1531 1698 1584 necessitatem
1758 1525 1973 1594 potenti

2234 1519 2434 1593 ναμένῃ
2497 1523 2768 1595 τραπῆναι
2847 1519 2931 1576 ἐπὶ
2995 1523 3056 1576 τὸ
3129 1520 3326 1594 ἀγαθὸν
3381 1523 3468 1577 καὶ
3547 1522 3610 1577 τὸ
3681 1525 3865 1577 κακόν

351 1645 417 1684 ac
448 1628 515 1681 de
545 1631 748 1680 caatero
781 1622 1063 1678 volentem
1117 1620 1405 1674 nolentem
1453 1616 1646 1686 ipsum
1681 1611 1982 1669 immobilil

2320 1610 2468 1688 λέγει
2528 1613 2556 1666 6
2634 1611 2881 1686 Κύριος·
2949 1617 3058 1687 [Ιῦρ
3135 1612 3310 1682 ἦλθον
3371 1610 3559 1669 ϐαλεῖν
3617 1613 3704 1669 ἐπὶ
3781 1617 3896 1684 τήν

354 1717 554 1788 alligat
582 1716 734 1770 bono
765 1731 778 1782 ;
814 1711 909 1767 sed
957 1711 1055 1765 dat
1104 1708 1292 1764 locum
1341 1706 1520 1761 libero
1570 1703 1828 1764 arbitrio,
1881 1703 1985 1758 etis

2264 1723 2296 1770 ι,
2353 1703 2439 1756 καὶ
2499 1701 2746 1772 ἠθέλησα
2802 1701 2853 1756 εἷ’
2897 1699 3006 1772 ἤδη
3078 1703 3312 1780 ἀνήφθη.
3365 1699 3524 1758 Θέλει
3587 1705 3614 1758 6
3674 1703 3895 1779 Κύριος

353 1822 485 1862 cum
517 1805 601 1859 illi
636 1818 885 1872 praesens
913 1800 1076 1855 adest
1107 1796 1299 1854 divina
1350 1796 1474 1850 vis:
1509 1797 1572 1849 ut
1603 1794 1984 1848 demonstrati

2271 1791 2468 1867 φθῆναι
2525 1791 2587 1844 τὸ
2641 1790 2889 1866 οὐράνιον
2946 1795 3052 1866 πῦρ
3106 1797 3181 1853 εἷς
3222 1793 3315 1853 τὰς
3357 1790 3581 1860 καρδίας
3629 1797 3737 1847 τῶν
3791 1793 3897 1847 ἀν-

353 1899 558 1950 utrura
588 1889 844 1947 hominis
879 1888 1144 1944 voluntas
1185 1886 1436 1941 animam
1467 1883 1525 1938 in
1570 1883 1749 1954 pretio
1782 1881 1984 1937 habebi

2256 1877 2424 1948 ὗπων,
2482 1877 2571 1932 καὶ
2640 1879 2690 1933 οἳ
2747 1880 2840 1951 μὲν
2897 1879 3165 1948 θέλουσιν,
3226 1882 3276 1935 οἱ
3336 1877 3392 1935 δέ
3452 1879 3513 1936 οὒ
3571 1880 3821 1936 θέλουσιν
3871 1901 3887 1916 ⁸

352 1999 547 2038 annon
630 1979 890 2046 habeat;
975 1976 1319 2036 consentiat,
1409 1990 1599 2030 annon
1685 1972 1983 2028 consentia

2258 1966 2378 2029 nim:
2437 1967 2600 2022 πάλιν
2669 1964 2858 2042 λέγει·
2939 1971 3176 2030 ΙΙοσάκις
3241 1969 3489 2040 ἠθέλησα
3549 1967 3889 2047 ἐπισυναγα-

351 2071 520 2129 Multi
550 2072 706 2127 enim
741 2071 798 2125 in
849 2069 1029 2139 pretio
1078 2066 1434 2128 habuerunt,
1486 2066 1542 2119 et
1593 2078 1982 2118 consenserun

2259 2077 2274 2107 ν
2333 2056 2495 2128 ὑμᾶς,
2568 2057 2641 2117 ὡς
2713 2051 2860 2129 ὄρνις
2917 2057 2983 2111 τὰ
3056 2055 3251 2127 ἑαυτῆς
3327 2059 3538 2131 νοσσία,
3604 2059 3692 2114 καὶ
3774 2061 3890 2115 οὐκ

347 2159 446 2217 alii
495 2159 680 2215 aversi
739 2158 1043 2222 abierunt;
1108 2152 1250 2209 dicit
1301 2153 1455 2208 enim
1507 2149 1857 2222 Apostolus:
1919 2149 1978 2204 Ct

2253 2143 2507 2215 ;λήσατε;
2559 2149 2688 2220 ὁρᾷς
2737 2145 2820 2202 ὅτι
2871 2145 2897 2200 6
2946 2145 3144 2222 Κύριος
3196 2147 3388 2204 θέλει·
3431 2149 3521 2205 καὶ
3555 2146 3618 2204 αὖ
3671 2151 3722 2205 οἱ
3776 2149 3884 2205 ἆν-

345 2251 545 2322 spiritu
599 2250 875 2321 ceperitis,
939 2263 1104 2303 carne
1171 2240 1628 2300 consummamini
1696 2237 1760 2294 1°.
1825 2235 1967 2293 Natu

2250 2256 2374 2322 υποι
2431 2234 2492 2289 οὐ
2561 2235 2779 2290 θέλουσι
2837 2236 3194 2312 προσεγγίσαι
3250 2241 3328 2309 τῷ
3387 2237 3592 2315 Κυρίῳ,
3641 2238 3732 2294 καὶ
3787 2241 3881 2296 εὖ-

347 2319 562 2411 quippe
585 2319 678 2392 lea
709 2353 822 2392 non
863 2340 952 2391 est
1002 2333 1210 2406 posita,
1261 2331 1360 2386 sed
1394 2330 1486 2384 sui
1528 2325 1782 2399 compoti
1816 2325 2052 2381 arbitrio
2163 2329 2274 2398 ρεῖν
2303 2319 2478 2387 ἔλεος.

343 2437 399 2484 et
430 2427 726 2497 electioni,
785 2442 916 2498 quae
973 2423 1117 2479 verti
1176 2423 1245 2478 ad
1302 2420 1515 2476 bonum
1578 2422 1635 2474 et
1682 2415 1900 2472 malum
1953 2419 2158 2486 potest.
2209 2415 2516 2488 Propterea
2565 2417 2707 2474 dicit
2753 2418 3079 2476 Dominus:
3132 2421 3318 2492 Ignem
3365 2423 3491 2477 veni
3539 2423 3763 2479 mittere
3805 2426 3876 2479 in

340 2527 571 2586 terram,
628 2527 681 2574 et
728 2515 862 2588 quid
914 2516 1054 2580 volo,
1113 2511 1228 2569 nisi
1283 2515 1342 2567 ul
1400 2508 1724 2566 ascendatur
1784 2503 1875 2562 αἱ)
1950 2502 2089 2562 Vult
2139 2507 2418 2563 Dominus
2463 2509 2695 2564 accendi
2741 2508 3027 2566 caelestem
3077 2512 3272 2581 ignem
3325 2511 3382 2566 in
3433 2513 3701 2569 cordibus
3753 2515 3866 2571 ho-

341 2608 623 2676 minum;
683 2608 894 2663 horum
947 2623 1082 2661 vero
1141 2603 1378 2676 quidam
1438 2599 1638 2656 volunt
1705 2599 1940 2670 quidam
2022 2598 2247 2653 nolunt.
2312 2598 2584 2655 Similiter
2651 2617 2852 2656 rursus
2911 2601 3088 2656 dicit:
3152 2603 3372 2670 Quoties
3429 2604 3580 2658 colui
3633 2621 3871 2676 congre-

352 2715 486 2770 gare
535 2713 624 2754 vos
680 2701 739 2752 ut
794 2695 1007 2766 gallina
1059 2699 1355 2765 congregat
1410 2690 1586 2763 pullos
1643 2705 1788 2754 suos,
1835 2693 1888 2743 et
1930 2687 2189 2742 noluistis
2248 2685 2337 2741 "‘l
2397 2686 2568 2744 Vides
2630 2689 2940 2745 Dominum
2999 2687 3166 2760 velle,
3238 2709 3441 2748 rursus
3502 2699 3700 2751 autem
3758 2696 3877 2750 ho-

337 2787 528 2844 mines
560 2785 712 2843 nolle
743 2785 1016 2842 accedere
1046 2782 1117 2839 ad
1155 2780 1485 2847 Dominum,
1518 2784 1574 2836 et
1597 2777 2063 2852 misericordiam.
2083 2776 2363 2834 nancisci.

410 2872 550 2933 XIII.
619 2875 728 2943 Qui
781 2873 904 2930 vult
959 2872 1232 2930 accedere
1294 2871 1366 2926 ad
1422 2867 1737 2926 Dominum
1798 2871 1854 2923 et
1929 2866 2041 2923 vita

2221 2863 2323 2922 'II‘.
2381 2861 2437 2918 Ὀ
2512 2863 2856 2940 βούλομενος
2913 2864 3240 2942 προσελθεῖν
3319 2873 3397 2941 τῷ
3475 2867 3668 2943 Κυρίῳ,
3753 2870 3847 2924 καί

340 2972 555 3025 aeterna
597 2966 812 3039 dignus
861 2962 1080 3031 haberi,
1114 2967 1171 3018 et
1217 2957 1611 3017 habitaculum
1664 2957 1764 3014 Dei
1811 2956 1957 3023 fieri,

2219 2959 2301 3024 γῆς
2396 2954 2618 3010 αἰωνίου
2722 2957 3142 3030 καταξιωθῆναι,
3242 2955 3331 3014 καὶ
3431 2961 3850 3034 κατοικητήριον

341 3057 551 3128 Spiritu
596 3059 795 3111 sancto
843 3053 1057 3126 dignus
1106 3051 1322 3118 haberi,
1376 3053 1439 3105 ut
1471 3049 1695 3104 fructus
1726 3046 1972 3117 ejusjux

2229 3048 2289 3100 οὔ
2343 3044 2610 3120 γενέσθαι,
2670 3047 2760 3101 καὶ
2825 3048 3138 3120 Πνεύματος
3201 3047 3361 3124 ἁγίου
3435 3049 3858 3121 καταξιωθῆναι,

340 3147 616 3204 mandata
673 3141 902 3201 Domini
950 3151 1123 3214 queat
1163 3137 1750 3214 irreprehensibiliter
1797 3142 1852 3191 et
1910 3153 1971 3206 pu

2222 3155 2241 3188 κ
2300 3129 2426 3196 τοὺς
2490 3130 2731 3210 καρποὺς
2791 3134 2959 3190 αὐτοῦ
3008 3137 3144 3191 κατὰ
3183 3137 3278 3199 τὰς
3331 3134 3556 3200 ἐντολὰς
3603 3139 3702 3193 τοῦ
3750 3145 3853 3194 Κυ-

342 3239 549 3305 facere,
581 3235 662 3292 sic
694 3236 865 3290 debet
894 3233 1169 3304 incipere.
1210 3231 1473 3286 Primum
1525 3228 1758 3283 credere
1800 3226 1968 3282 Domi

2235 3245 2280 3278 ›υ
2349 3221 2550 3294 δυνηθῆ
2631 3220 2880 3299 ἀμῶμως
2939 3227 3029 3281 καὶ
3094 3227 3346 3302 καθαρῶς
3421 3233 3620 3300 ποιεῖν,
3692 3228 3866 3291 οὕτως

342 3327 610 3392 ﬁrmiter,
651 3331 708 3380 et
741 3326 874 3380 dare
923 3341 989 3379 ex
1038 3328 1158 3378 toto
1207 3337 1269 3377 se
1317 3321 1513 3392 ipsum
1562 3317 1750 3373 verbis
1803 3317 1973 3372 mund

2237 3311 2367 3368 είλει
2427 3311 2760 3389 ἐνάρξασθαι.
2811 3317 3033 3389 Πρῶτον
3086 3319 3366 3371 πιστεῦσαι
3406 3312 3485 3390 τῷ
3538 3323 3721 3392 Κυριῳ
3773 3319 3867 3392 βε-

342 3422 530 3472 torum
586 3414 736 3483 ejus,
796 3418 850 3468 et
909 3412 1240 3468 renuntiare
1299 3407 1516 3464 mundo
1575 3424 1672 3478 per
1703 3406 1923 3471 omnia,

2243 3402 2360 3469 ίως,
2417 3401 2507 3457 καὶ
2575 3399 2852 3458 ἐπιδοῦναι
2912 3403 2961 3474 ἐξ
3029 3404 3163 3462 ὅλου
3229 3403 3415 3461 ἑαυτὸν
3489 3409 3606 3469 τοῖς
3683 3403 3869 3483 λόγοις

346 3505 493 3561 utin
536 3503 699 3560 nullo
741 3519 978 3574 prorsus
1029 3500 1433 3573 apparentium
1487 3515 1653 3553 mens
1697 3502 1977 3566 occupetu

2239 3513 2275 3543 »ν
2347 3488 2579 3546 ἐντολῶν
2657 3493 2841 3563 αὐτοῦ,
2922 3492 3010 3548 καί
3081 3495 3446 3565 ἀποτάξασθαι
3519 3500 3601 3569 τῷ
3677 3495 3870 3570 κόσμῳ

346 3601 401 3648 et
431 3591 741 3646 obﬁrmare
763 3606 990 3660 semper
1020 3605 1081 3643 se
1122 3587 1281 3642 omni
1331 3593 1531 3642 conatu
1569 3587 1638 3640 ad
1690 3602 1977 3656 persevera

2231 3579 2299 3634 ,τὰ
2351 3581 2539 3648 πάντα,
2587 3578 2681 3635 ’ίνα
2741 3579 2792 3636 ἐν
2845 3579 3018 3637 οὐδενὶ
3069 3581 3214 3645 ὅλως
3275 3587 3382 3639 τῶν
3440 3581 3776 3663 φαινομένων
3831 3587 3862 3640 ὀ

346 3680 485 3735 tiam
517 3679 577 3733 in
610 3679 868 3734 oratione
895 3695 908 3745 ;
942 3682 998 3732 et
1031 3694 1146 3732 non
1190 3677 1516 3748 desperare,
1551 3680 1891 3745 exspectans
1923 3691 1977 3728 ct

2235 3671 2293 3730 ὓς
2349 3665 2683 3744 ἀσχολῆται.
2721 3671 2818 3726 Καὶ
2888 3670 2964 3736 είς
3018 3674 3115 3742 τήν
3183 3669 3354 3749 εὐχήν
3402 3675 3645 3744 ,πάντοτε
3694 3696 3864 3752 προσ-

347 3768 562 3824 ﬁducia
621 3765 850 3822 Domini
900 3763 1328 3837 inspectionem
1391 3776 1442 3820 et
1489 3763 1768 3819 auxilium
1818 3763 1978 3835 ubiqi

2237 3762 2438 3832 ρτερεῖν
2518 3757 2700 3822 αὐτὸν,
2779 3762 2869 3815 καὶ
2950 3765 3025 3834 μὴ
3105 3759 3498 3840 ἀπογινώσκειν
3568 3763 3867 3842 προσδεχό-

347 3873 588 3928 scopum
626 3874 742 3911 suae
777 3856 989 3911 mentis
1022 3856 1078 3910 in
1122 3871 1187 3909 eo
1221 3853 1443 3910 habens
1499 3853 1750 3908 deﬁxum
1802 3869 1978 3924 semp:

2241 3867 2328 3908 νος
2385 3849 2480 3901 τοῦ
2551 3847 2745 3922 Κυρίου
2803 3851 2900 3918 τήν
2963 3849 3239 3925 ἐπίσκεψιν
3296 3853 3387 3908 καὶ
3445 3855 3543 3922 τὴν
3615 3855 3866 3930 βοήθειαν

348 3945 567 4003 Deinde
601 3963 799 4016 urgere
829 3961 1056 4001 secum
1109 3951 1321 3999 conatu
1371 3948 1426 4000 et
1475 3941 1845 4000 contentione
1895 3943 1979 3997 inc‘

2245 3958 2419 4005 ντοτε,
2471 3939 2560 3993 τὸν
2614 3940 2815 3995 σκοπὸν
2866 3945 2961 3996 τοῦ
3010 3941 3133 4006 νοὸς
3179 3941 3348 3998 αὐτοῦ
3398 3944 3473 4006 εἰς
3519 3948 3682 4000 τοῦτο
3729 3940 3871 4024 ἔχων

352 4035 611 4090 siuenter
697 4034 768 4088 ad
823 4049 996 4088 omne
1073 4032 1315 4100 bonum,
1377 4037 1433 4087 et
1504 4031 1562 4086 in
1621 4031 1983 4088 exsecutione

2239 4027 2257 4080 ἰι
2305 4028 2527 4088 παντὸς.
2582 4027 2714 4083 Εἶτα
2764 4029 3038 4103 βιάξεσθαι
3089 4031 3202 4110 χρή
3245 4030 3325 4086 ἀεὶ
3375 4031 3451 4095 εἷς
3501 4038 3604 4088 πᾶν
3649 4022 3870 4109 ἀγαθὸν,

349 4122 608 4179 omnium
643 4120 743 4177 Dei
778 4123 1206 4185 mandatorum,
1238 4119 1639 4191 quamtumvis
1671 4120 1852 4176 invito
1883 4137 1980 4176 cor

2240 4115 2257 4169 ἶ
2330 4115 2406 4178 εἷς
2462 4116 2634 4180 πάσας
2721 4118 2815 4179 τὰς
2893 4118 3115 4184 ἐντολὰς
3167 4125 3264 4175 τοῦ
3341 4122 3567 4197 Κυρίου,
3627 4119 3723 4179 κᾶν
3795 4126 3867 4198 μή

349 4218 582 4283 propter
606 4211 898 4266 inhaerens
939 4215 1275 4281 peccatum;
1321 4214 1462 4281 puta
1511 4225 1613 4279 per
1661 4207 1776 4261 vim
1821 4207 1980 4278 adige

2239 4205 2433 4275 λούσης
2482 4213 2581 4276 τῆς
2621 4201 2845 4281 καρδίας
2895 4204 2984 4262 διὰ
3030 4211 3132 4280 τήν
3184 4213 3442 4266 συνοῦσαν
3503 4209 3639 4286 αὐτῇ
3699 4213 3870 4288 ἁμαρ-

351 4304 424 4358 do
456 4318 518 4357 se
547 4301 742 4368 ipsum
776 4301 846 4354 ad
892 4299 1192 4354 humiliter
1237 4300 1599 4354 sentiendum
1644 4312 1834 4351 coram
1867 4313 1982 4350 om:

2231 4316 2283 4347 ιν
2319 4312 2330 4326 ·
2391 4297 2506 4349 οἷον
2570 4296 2848 4370 βιάζεσθαι
2908 4297 3092 4353 ἑαυτὸν
3154 4299 3230 4362 εἲς
3295 4301 3357 4355 τὸ
3432 4308 3862 4380 ταπεινοφρονεῖν

349 4392 462 4447 bus
507 4390 655 4444 167
713 4389 1072 4457 hominibus,
1117 4394 1174 4443 et
1199 4405 1261 4444 se
1291 4388 1477 4458 ipsum
1509 4385 1740 4442 cunctis
1773 4386 1980 4440 minore

2233 4384 2398 4438 ώπιον
2481 4384 2694 4440 πάντων
2792 4385 3115 4461 ἀνθρώπων,
3193 4387 3284 4444 καὶ
3379 4389 3566 4446 ἑαυτὸν
3665 4392 3864 4447 πάντων

352 4484 408 4534 et
439 4479 690 4550 pejorem
742 4477 1216 4544 existimandum,
1264 4494 1375 4533 non
1422 4477 1730 4548 quaerendo
1781 4475 1983 4530 honore

2228 4472 2377 4528 circa)
2435 4473 2527 4528 καὶ
2596 4475 2819 4550 χείρονα
2878 4478 3147 4551 ἡγεῖσθαι,
3210 4480 3284 4552 μὴ
3365 4485 3543 4549 ζητῶν
3603 4483 3763 4554 τιμὴν
3826 4482 3859 4552 ἢ

352 4573 451 4624 aut
480 4566 734 4635 laudem,
782 4573 884 4624 aut
931 4568 1176 4640 gloriam
1227 4567 1296 4623 ab
1351 4567 1489 4635 ullo,
1523 4566 1674 4622 sicut
1711 4565 1769 4619 in
1803 4563 1983 4633 Evang

2222 4583 2387 4616 ιαινον
2443 4564 2478 4633 ἢ
2543 4557 2696 4634 δόξαν
2757 4565 2904 4639 παρᾶ
2959 4588 3125 4639 τινος,
3166 4567 3344 4631 καθὼς
3404 4567 3455 4624 ἐν
3514 4574 3580 4639 τῇ
3637 4569 3853 4642 Εὐαγγε-

349 4659 427 4714 lio
470 4659 742 4732 scriptum
797 4664 904 4728 est,
956 4662 1056 4716 sed
1110 4657 1297 4714 solum
1355 4658 1666 4714 Dominum
1718 4673 1831 4727 prae
1880 4671 1980 4710 ocu

2230 4651 2283 4724 ἴῳ
2341 4649 2666 4729 γέγραπται,
2740 4652 2885 4710 ἀλλὰ
2953 4655 3116 4729 μόνον
3193 4657 3282 4712 τὸν
3348 4659 3540 4735 Κύριον
3610 4659 3684 4712 ἀεὶ
3758 4660 3861 4732 πρὸ

349 4748 614 4806 habendo
646 4767 874 4821 semper
906 4750 1207 4822 ipsiusque
1240 4749 1534 4815 mandata,
1583 4747 1753 4818 eique
1801 4743 1910 4801 soli
1943 4751 1980 4800 sl

2236 4738 2482 4814 >θαλμῶν
2532 4737 2701 4816 ἔχειν,
2753 4743 2842 4798 καὶ
2889 4743 2984 4807 τὰς
3033 4742 3260 4809 ἐντολὰς
3307 4748 3496 4816 αὐτοῦ,
3539 4743 3680 4819 αὖτῷ
3727 4748 3867 4820 μόνῳ

349 4839 542 4894 dendo
578 4837 806 4910 placere
839 4840 905 4893 1⁸.
939 4841 1000 4895 In
1063 4837 1576 4894 mansuetudinem
1620 4851 1847 4908 quoque
1877 4851 1940 4890 se
1969 4851 1980 4904 ι

2232 4829 2515 4904 ›υλόμενος
2563 4832 2769 4907 ἀρέσαι.
2823 4832 2914 4896 Εἲς
2965 4835 3064 4904 τήν
3108 4837 3391 4910 πραότητα
3435 4837 3641 4911 ὁμοίως
3693 4837 3863 4892 ἑαυτὸν

350 4927 467 4982 vim
501 4926 763 4993 inclinet,
819 4927 1138 4982 reluctante
1184 4927 1356 4982 etiam
1409 4927 1600 4994 corde,
1653 4925 1805 4980 sicut
1851 4921 1981 4978 aitI

2239 4917 2436 4988 αζέτω,
2485 4920 2576 4975 καὶ
2635 4921 2708 4995 μή
2761 4920 3029 4994 θελούσης
3085 4923 3180 4992 τῆς
3236 4923 3480 5001 καρδίας,
3522 4924 3597 4989 ὥς
3646 4948 3801 5004 φησιν
3841 4927 3866 4980 6

354 5016 550 5070 minus
579 5031 591 5070 :
627 5015 825 5071 Discite
857 5033 889 5071 a
921 5033 1026 5083 me,
1073 5015 1205 5085 quia
1252 5019 1401 5071 mitis
1441 5032 1562 5072 sum
1614 5025 1662 5070 ct
1696 5013 1918 5069 humilis
1946 5030 1985 5069 ει

2236 5007 2371 5083 ἰριος
2405 5027 2416 5039 ·
2477 5009 2683 5066 Μάθετε
2735 5009 2826 5065 ἀπ’
2883 5011 3039 5086 ἐμοῦ,
3101 5015 3183 5069 ὅτι
3243 5016 3416 5092 πρᾶός
3475 5015 3591 5090 εἰμι
3651 5017 3738 5072 καὶ
3785 5036 3867 5071 τα-

351 5106 443 5174 de,
492 5109 542 5160 et
592 5105 927 5160 invenientis
970 5108 1223 5176 requiem
1270 5105 1557 5160 animabus
1611 5106 1802 5160 vestris
1854 5104 1914 5156 ¹⁴.
1978 5108 1982 5157 1

2233 5100 2358 5163 εινὸς
2441 5103 2510 5174 τῇ
2594 5097 2810 5176 καρδίᾳ,
2869 5103 2959 5158 καὶ
3043 5101 3301 5178 εὑρήσετε
3387 5107 3684 5162 ἀνάπαυσιν
3759 5111 3864 5168 ταῖς

351 5194 573 5252 militer
628 5211 753 5250 esse
812 5195 1274 5263 misericordem,
1333 5195 1650 5265 benignum
1708 5194 1982 5260 compatie

2237 5195 2380 5263 ιχαῖς
2449 5189 2624 5275 υμῶν.
2687 5191 2925 5264 Ὀμοίως
2985 5192 3062 5256 εἷς
3110 5193 3172 5249 τὸ
3233 5195 3362 5251 εἶναι
3419 5195 3718 5270 ἐλεήμονα,
3749 5216 3868 5275 χρη-

347 5292 491 5353 tem,
551 5285 799 5354 bonum,
854 5291 1137 5356 quantum
1198 5289 1408 5356 potest,
1467 5301 1525 5340 se
1580 5284 1636 5338 vi
1694 5282 1978 5338 assuefaci

2242 5280 2322 5349 ὸν,
2400 5273 2799 5354 εὔσπλαγχνον,
2882 5280 3108 5358 ἀγαθὸν,
3181 5283 3282 5356 ὅση
3365 5281 3621 5360 δύναμις,
3697 5273 3867 5340 ἑαυτὸν

343 5379 514 5450 juxta
553 5376 608 5431 id
669 5375 819 5446 quod
873 5373 1014 5429 dicit
1062 5371 1388 5431 Dominus:
1436 5377 1622 5430 Eslole
1672 5373 1798 5429 boni
1842 5379 1894 5428 et
1970 5400 1974 5424 ι

2243 5367 2368 5436 ίζειν
2445 5367 2580 5440 μετᾶ
2644 5368 2783 5442 βίας,
2863 5369 2939 5432 ὥς
3015 5395 3176 5449 φησιν
3240 5376 3268 5429 6
3343 5375 3596 5450 Κύριος’
3671 5375 3868 5430 Γίνεσθε

351 5467 534 5535 nigni,
582 5466 721 5520 sicut
788 5461 955 5519 Pater
983 5469 1162 5520 vester
1191 5465 1420 5519 caelestis
1461 5466 1766 5519 misericors
1792 5468 1872 5517 est
1907 5461 1968 5516 ιε.

2240 5455 2366 5511 καοοὶ
2421 5459 2512 5512 καί
2574 5461 2830 5534 χρηστοὶ,
2890 5462 3071 5526 καθὼς
3132 5463 3159 5518 ὁ
3222 5466 3406 5541 Πατήρ
3468 5465 3622 5538 ὑμῶν
3683 5467 3710 5520 ὁ
3781 5465 3871 5520 οὐ·

352 5571 593 5622 rursus;
642 5557 706 5612 Si
754 5555 1000 5628 diligitis
1032 5571 1142 5622 me,
1191 5554 1454 5610 mandata
1498 5569 1621 5608 mea
1648 5555 1860 5608 servate
1907 5549 1971 5608 ιθ.

2245 5566 2360 5607 ηνιος
2438 5547 2740 5623 οἰκτίρμων
2824 5547 2983 5606 ἐστί·
3061 5551 3153 5608 καὶ
3229 5551 3396 5610 πάλιν
3476 5553 3686 5634 φησίνο
3765 5552 3876 5612 Ἐὰν

425 5659 472 5696 ¹⁰
504 5661 629 5735 Gal:
683 5662 779 5727 ΙΙΙ,
837 5665 893 5719 3.
939 5662 1020 5735 7“
1081 5663 1219 5720 Luc.
1256 5679 1357 5732 xu,
1422 5661 1515 5717 49.
1597 5660 1642 5694 ¹²
1705 5659 1910 5728 Matth,
1961 5673 2054 5713 xxi

2257 5698 2270 5711 .
2351 5656 2396 5694 '3
2441 5658 2601 5714 Joan.
2665 5673 2722 5729 ν,
2776 5660 2865 5718 44.
2946 5661 2990 5698 ¹⁴
3045 5662 3249 5723 Matth.
3297 5678 3378 5735 ιι,
3431 5664 3524 5721 29.
3573 5664 3621 5701 “
3647 5663 3880 5734 Lua",

351 5735 439 5790 36.
521 5732 564 5766 ¹⁶
590 5727 756 5791 Joan.
789 5751 903 5804 xiv,
934 5734 1022 5791 25.
