4130 6286
276 397 390 458 837

1462 386 1693 448 LIBER
1735 382 1838 446 DE
1881 383 2257 450 CUSTODIA
2301 389 2604 452 CORDIS.

3677 402 3796 465 838

269 526 509 600 ἀγαπᾶτέ
562 545 648 598 με,
706 523 800 585 τὰς
855 519 1080 580 ἐντολὰς
1139 538 1242 591 μου
1298 518 1583 594 τηρήσετε.
1629 517 1728 572 Καὶ
1766 515 1967 572 πάλιν·

2101 520 2296 577 iterum
2335 538 2348 576 :
2385 523 2502 578 Vim
2531 523 2677 577 vobis
2725 523 2893 593 facite
2939 525 3184 594 violenti,
3219 529 3374 584 enim
3419 533 3645 602 rapiunt
3702 553 3797 592 re-

275 615 545 685 Βιᾶζεσθε·
645 613 859 688 βιασταὶ
951 613 1051 687 γὰρ
1140 610 1442 678 ἁρπάζουσι
1522 610 1622 677 τὴν
1701 604 1978 682 βασιλείαν

273 709 380 759 τῶν
421 702 662 778 οὐρανῶν
702 721 716 736 ο
765 702 856 756 καὶ
893 700 955 755 τό
999 717 1013 733 ·
1055 699 1414 776 Ἀγωνίζεσθε
1456 695 1715 752 εἰσελθεῖν
1767 693 1855 750 διὰ
1883 702 1983 764 τῆς

277 799 464 860 στενῆς
513 790 715 860 πύλης,
783 789 895 845 Ἀεὶ
963 785 1022 842 δὲ
1085 789 1186 856 τήν
1243 789 1340 841 τοῦ
1411 784 1610 858 Κυρίου
1665 784 1984 839 ταπείνωσιν

279 883 370 938 καὶ
436 879 720 936 πολιτείαν
783 877 876 934 καί
941 877 1284 954 ἀναστροφήν
1361 875 1536 951 ἐχετω
1590 875 1696 948 πρὸ
1765 871 1982 952 ὀφθαλ-

286 975 426 1044 μῶν,
485 969 667 1044 ὥσπερ
741 967 1109 1043 ὑπογραμμὸν
1174 964 1226 1020 ἐν
1285 966 1428 1038 πασῃ
1496 966 1688 1038 μνήμῃ
1741 963 1984 1036 ἆληθαρ-

277 1064 432 1137 γήτῳ
475 1078 488 1094 ·
522 1059 612 1116 καὶ
645 1061 745 1130 ὅση
781 1057 1008 1130 δύναμις
1071 1057 1338 1132 βιαζὲσθω
1384 1060 1503 1115 ταῖς
1571 1055 1762 1128 εὐχαῖς
1811 1073 1985 1127 προσ-

275 1156 548 1226 καρτερεῖ,
607 1147 696 1205 διὰ
750 1149 954 1210 παντὸς
1022 1145 1274 1220 δεόμενος
1357 1145 1447 1200 καὶ
1514 1143 1783 1199 πιστεύων
1821 1161 1831 1172 ·
1883 1140 1980 1197 τίνα

280 1240 452 1297 ἐλθὼν
523 1241 551 1295 6
611 1239 809 1313 Κύριος
875 1235 1132 1310 ἐνοικήσῃ
1193 1235 1244 1290 ἐν
1329 1234 1476 1305 αὐτῷ
1529 1232 1620 1287 καὶ
1687 1231 1980 1306 καταρτίσῃ

275 1330 366 1386 καὶ
453 1328 750 1404 δυναμώσῃ
847 1328 1006 1383 αὐτὸν
1096 1324 1148 1380 ἐν
1238 1329 1356 1388 ταῖς
1447 1323 1694 1384 ἐντολαῖς
1787 1319 1981 1383 πάσαις

278 1423 470 1488 αὐτοῦ,
529 1423 619 1476 καὶ
673 1419 768 1475 ’ἱνα
826 1422 862 1489 ἡ
921 1419 1076 1498 ψυχὴ
1162 1417 1328 1472 αὐτοῦ
1386 1414 1608 1490 γὲνηται
1662 1413 1984 1487 οἰκητήριον

280 1511 464 1582 Ἰησοῦ
520 1514 766 1585 Χριστοῦ
800 1529 813 1543 '
854 1509 944 1564 καὶ
1003 1509 1176 1569 οὕτως
1231 1508 1266 1561 ’ὰ
1320 1511 1412 1560 νῦν
1494 1504 1626 1578 μετὰ
1705 1501 1825 1577 βίας
1894 1500 1983 1556 καὶ

286 1603 362 1674 μή
417 1601 684 1672 θελούσης
737 1607 838 1670 τῆς
896 1597 1122 1672 καρδίας
1179 1601 1347 1666 ποιεῖ,
1407 1594 1598 1665 ἐθίζειν
1657 1592 1844 1649 ἑαυτὸν
1897 1589 1984 1646 διὰ

283 1692 484 1753 παντὸς
515 1690 590 1752 εἰς
647 1691 710 1745 τὸ
776 1689 979 1764 ἀγαθὸν
1043 1687 1134 1742 καὶ
1202 1689 1297 1741 τοῦ
1339 1685 1542 1759 Κυρίου
1609 1682 1690 1737 ἀεὶ
1759 1701 1986 1756 μνημο-

282 1779 474 1843 νεύειν,
534 1779 626 1834 καὶ
684 1776 990 1852 προσδοκᾷν
1057 1775 1219 1830 αὐτὸν
1279 1771 1368 1828 διὰ
1423 1773 1618 1832 παντὸς
1687 1769 1737 1825 ἐν
1793 1768 1983 1842 πολλῇ

2091 624 2261 679 gnum
2307 613 2556 667 caelorum
2588 612 2649 665 ιτ.
2685 612 2752 666 Et
2807 610 3003 670 illud:
3067 615 3385 675 Cantendite
3441 623 3657 678 intrare
3706 641 3804 695 per

2093 709 2381 770 angustam
2422 707 2636 772 portam
2670 699 2732 754 ‘8.
2768 701 3006 772 Semper
3036 711 3230 761 autem
3283 708 3512 765 Domini
3557 713 3801 768 humili-

2092 791 2296 856 tatem,
2330 791 2616 846 rationem
2648 790 2898 861 vivendi,
2938 796 2995 849 et
3050 799 3543 857 conversationem
3595 804 3804 860 habeat

2095 893 2207 947 prae
2267 879 2474 948 oculis,
2523 881 2605 936 uti
2666 883 2962 954 exemplar
3007 883 3066 938 in
3127 887 3409 944 memoria
3466 892 3622 946 omni
3684 896 3806 952 sine

2095 967 2402 1024 oblivione.
2436 971 2763 1024 Contendat‘
2802 972 2976 1026 etiam
3031 979 3314 1044 quantum
3367 977 3540 1034 habet
3591 981 3802 1040 virium

2095 1055 2152 1110 in
2187 1056 2418 1113 assidue
2449 1060 2691 1128 orando,
2725 1077 3020 1133 nusquam
3056 1079 3169 1119 non
3205 1069 3405 1136 petens
3452 1077 3506 1124 et
3540 1073 3804 1142 credens,

2096 1149 2156 1200 ut
2209 1151 2399 1202 veniat
2446 1148 2728 1204 Dominus
2777 1155 2834 1204 et
2890 1151 3178 1208 inhabitet
3237 1155 3294 1209 in
3344 1157 3495 1227 ipso,
3529 1158 3804 1217 instruat-

2095 1253 2207 1308 que
2239 1253 2303 1292 ac
2334 1239 2666 1294 corroboret
2708 1240 2898 1312 ipsum
2933 1241 2992 1296 in
3044 1243 3273 1299 cunctis
3318 1246 3446 1315 ejus
3473 1252 3761 1306 mandatis
3790 1278 3805 1318 ;

2094 1334 2148 1381 et
2180 1332 2241 1381 ut
2271 1329 2396 1395 ejus
2426 1331 2616 1382 anima
2647 1329 2726 1384 sit
2758 1329 3153 1386 habitaculum
3183 1331 3323 1388 Jesu
3356 1333 3591 1392 Christi.
3627 1337 3691 1394 Et
3725 1341 3808 1396 sic

2095 1432 2218 1486 quas
2271 1434 2425 1474 nunc
2460 1434 2561 1488 per
2609 1419 2724 1473 vim
2794 1423 2850 1474 et
2908 1422 3082 1476 corde
3130 1422 3308 1478 invito
3364 1425 3516 1495 facit,
3549 1430 3808 1485 assuefa-

2095 1504 2250 1561 eient
2283 1505 2476 1576 ipsum
2509 1507 2568 1561 in
2603 1523 2770 1563 omne
2800 1513 3028 1580 tempus
3061 1512 3128 1566 ad
3167 1511 3405 1582 bonum,
3439 1521 3496 1571 et
3548 1518 3615 1572 ad
3651 1535 3806 1575 sem-

2096 1609 2197 1666 per
2228 1596 2414 1651 vivam
2449 1595 2547 1651 Dei
2583 1599 2927 1653 memoriam
2979 1598 3326 1672 habendam,
3359 1609 3417 1659 et
3464 1613 3806 1678 exspectan-

2096 1684 2236 1738 dum
2270 1701 2403 1740 eum
2463 1701 2694 1757 semper
2751 1688 2808 1740 in
2877 1689 3059 1743 multa
3108 1690 3362 1747 bonitate
3391 1697 3448 1748 et
3503 1696 3802 1754 charitate.

2094 1773 2257 1828 Tunc
2289 1776 2670 1830 considerans
2715 1775 2993 1832 Dominus
3023 1777 3136 1833 tale
3187 1780 3374 1851 ipsius
3424 1788 3807 1855 prOpositum,

287 1869 584 1943 ἀγαθότητι
631 1867 720 1922 καὶ
771 1867 979 1942 ἀγάπῃ.
1031 1865 1100 1919 Τό
1160 1883 1217 1918 τε
1270 1865 1488 1937 θεωρῶν
1547 1862 1574 1916 6
1634 1861 1831 1928 Κύριος
1886 1860 1986 1928 τήν

2101 1869 2154 1918 et
2183 1864 2398 1918 bonum
2453 1865 2740 1930 studium,
2774 1878 2886 1936 quo
2927 1867 3040 1922 vim
3093 1868 3266 1924 infert
3307 1871 3418 1926 sibi
3461 1874 3686 1944 jugiter
3734 1877 3805 1930 ad

288 1958 551 2028 τοιαύτην
581 1957 746 2012 αὐτοῦ
803 1957 1132 2030 προαίμεσιν
1182 1954 1271 2009 καὶ
1319 1955 1419 2022 τὴν
1468 1951 1673 2028 ἀγαθὴν
1724 1947 1989 2019 σπουδὴν,

286 2053 405 2112 πῶς
457 2049 633 2124 βιάζει
697 2047 884 2102 ἑαυτὸν
932 2047 1166 2100 πάντοτε
1213 2043 1288 2106 εἶς
1346 2045 1445 2110 τὴν
1519 2044 1743 2115 μνήμην
1803 2040 1991 2109 αὐτοῦ,

285 2140 376 2194 καὶ
433 2140 509 2201 εἷς
568 2137 630 2192 τὸ
688 2136 886 2213 ἀγαθὸν
947 2136 1050 2204 ἀεὶ,
1117 2135 1206 2189 καὶ
1275 2133 1350 2195 εἰς
1408 2134 1507 2202 τήν
1566 2127 1993 2207 ταπεινοφροσύ-

284 2252 405 2301 νην,
469 2231 559 2283 καὶ
626 2227 910 2302 πραότητα
966 2227 1062 2289 ,καὶ
1122 2224 1356 2300 ἀγάπην·
1424 2222 1516 2277 καὶ
1587 2222 1662 2294 μή
1731 2220 1989 2275 θέλουσαν

288 2319 392 2388 τὴν
460 2315 688 2391 καρδίαν
744 2313 928 2391 ἄγχει,
987 2313 1078 2368 καὶ
1137 2311 1278 2387 ἄγει,
1337 2314 1438 2383 ὅση
1497 2309 1744 2384 δύναμις,
1804 2307 1991 2364 ἑαυτὸν

289 2407 426 2481 μετᾶ
487 2407 627 2484 βίας,
688 2411 838 2461 ποιεῖ
907 2405 1023 2478 μετ’
1089 2407 1253 2459 αυτοῦ
1316 2403 1379 2459 τὸ
1443 2397 1598 2464 ἕλεος
1654 2400 1816 2456 αὐτοῦ
1850 2417 1863 2430 ·
1897 2398 1990 2454 καὶ

289 2499 587 2573 λυτροῦται
646 2496 807 2552 αὐτὸν
865 2496 970 2550 ἀπὸ
1025 2497 1134 2550 τῶν
1202 2493 1414 2570 ἐχθρῶν
1484 2493 1672 2563 αὐτοῦ,
1737 2489 1824 2544 καὶ
1892 2493 1995 2557 τῆς

288 2587 602 2658 ἐνοικούσης
660 2581 923 2661 ἁμαρτίας
973 2603 987 2654 ;
1048 2583 1370 2656 Πνεύματος
1455 2579 1614 2658 ἆγίου
1700 2576 1991 2654 ἐμπιπλῶν

288 2677 472 2746 αὐτὸν,
527 2676 617 2731 καὶ
678 2674 852 2737 οὕτως
927 2672 1122 2730 λοιπὸν
1201 2672 1326 2728 ἄνευ
1397 2672 1518 2746 βίας
1593 2669 1683 2724 καί
1747 2667 1995 2740 καμάτου

287 2768 464 2832 πάσας
527 2771 678 2822 ποιεῖ
741 2765 973 2821 πάντοτε
1037 2764 1132 2824 τὰς
1199 2759 1424 2821 ἐντολὰς
1506 2762 1604 2814 τοῦ
1671 2759 1876 2831 Κυρίου
1945 2755 1995 2827 ἐξ

287 2857 549 2927 ἀληθείας
585 2876 597 2889 ·
637 2853 854 2930 μᾶλλον
916 2852 973 2908 δὲ
1032 2853 1060 2907 6
1118 2850 1318 2930 Κύριος
1376 2853 1525 2905 ποιεῖ
1577 2849 1630 2904 ἐν
1689 2845 1836 2917 αὐτῷ
1900 2845 1996 2906 τὰς

290 2945 432 3008 ΐδίας
502 2923 665 3000 αὐτού
730 2943 973 3009 ἐντολὰς,
1033 2941 1123 2995 καὶ
1177 2923 1304 3002 τούς
1361 2938 1602 3012 καρποὺς
1655 2941 1753 2991 τοῦ
1835 2932 1998 2990 1]νεύ-

294 3053 486 3111 ματος,
547 3032 635 3089 ὅτε
691 3029 1033 3106 καρποφορεῖ
1097 3029 1367 3102 καθαρῶς.
1426 3029 1541 3099 Χρή
1625 3023 1683 3079 δὲ
1738 3023 2000 3098 πρότερον

288 3119 662 3200 προσελθόντα
703 3120 826 3176 τινὰ
863 3123 943 3191 τῷ
995 3117 1201 3191 Κυρίῳ,
1243 3115 1415 3174 οὕτως
1463 3114 1668 3187 βιάζειν
1703 3113 1792 3167 καὶ
1839 3113 1998 3167 αὐτὸν

2100 1954 2229 2020 ejus
2260 1953 2705 2018 recordandum,
2731 1959 2787 2008 et
2817 1955 2885 2008 ad
2922 1961 3390 2026 prosequendum
3443 1977 3672 2033 semper
3714 1963 3805 2018 bo-

2101 2053 2280 2109 num;
2355 2041 2612 2113 itemque
2669 2043 2739 2097 ad
2817 2044 3224 2114 humilitatem,
3279 2053 3808 2118 mansuetudinem,

2099 2131 2483 2187 charitatem:
2518 2134 2576 2187 et
2631 2133 2956 2203 quamlibet
3004 2134 3292 2192 reluctans
3342 2153 3440 2194 cor
3489 2143 3709 2213 subigit
3749 2143 3807 2198 in

2098 2222 2244 2287 haec,
2279 2233 2688 2294 promovetque
2736 2229 3020 2294 quantum
3084 2231 3276 2297 potest
3328 2245 3562 2286 summa
3611 2234 3662 2287 vi
3709 2248 3806 2288 se-

2100 2311 2502 2380 ipsum;facit
2548 2325 2680 2367 cum
2731 2313 2858 2382 ipso
2920 2315 3375 2374 misericordiam
3426 2335 3617 2389 suam,
3650 2328 3706 2377 et
3737 2322 3809 2376 li-

2102 2401 2265 2458 berat
2296 2403 2487 2473 ipsum
2523 2403 2595 2457 ab
2624 2401 2882 2459 inimicis
2914 2406 3076 2474 suis;
3119 2413 3175 2461 et
3223 2409 3294 2463 ab
3341 2409 3707 2467 inhabitants
3747 2413 3807 2468 in

2099 2507 2225 2563 ipso
2299 2497 2556 2563 peccato,
2608 2493 2839 2564 replens
2893 2494 3057 2550 illum
3119 2497 3330 2567 Spiritu
3383 2507 3606 2570 sancto,
3639 2505 3809 2572 cujus

2104 2599 2211 2654 ope
2243 2583 2313 2638 de
2345 2588 2549 2638 caetero
2590 2583 2732 2637 citra
2779 2583 2894 2638 vim
2946 2589 3002 2639 et
3051 2584 3304 2641 laborem
3340 2595 3549 2645 cuncta
3602 2589 3660 2645 in
3712 2607 3808 2646 ve-

2105 2673 2273 2727 ritate
2315 2673 2586 2727 mandata
2619 2672 3254 2744 Dominiexsequitur:
3307 2682 3407 2732 aut
3457 2677 3651 2749 potius
3706 2683 3812 2735 Do-

2106 2763 2301 2817 minus
2333 2761 2389 2816 in
2417 2759 2517 2815 illo
2540 2767 2747 2816 cuncta
2779 2762 2982 2833 implet
3014 2765 3244 2835 propria
3278 2768 3552 2824 mandata
3581 2774 3637 2824 et
3688 2770 3812 2824 fru-

2105 2857 2232 2908 ctus
2272 2851 2547 2920 Spiritus,
2581 2851 2816 2920 quando
2874 2852 3188 2909 tructifioat
3221 2869 3380 2925 pure.
3427 2853 3664 2926 Oportet
3705 2876 3820 2914 au—

2103 2946 2219 2996 tem
2281 2941 2440 3010 prius
2501 2941 2866 2995 accedentem
2921 2945 3183 3011 quemvis
3239 2945 3308 2998 ad
3360 2943 3698 3016 Dominum,
3733 2950 3816 3005 sic

2102 3028 2219 3084 vim
2270 3031 2481 3083 inferre
2538 3029 2650 3083 sibi
2685 3031 2939 3095 urgendo
2995 3047 3058 3085 se
3117 3033 3184 3086 ad
3242 3033 3482 3104 bonum,
3526 3036 3582 3091 in
3633 3055 3815 3109 eoque

2110 3119 2428 3188 frangendo
2461 3117 2851 3172 resistentiam
2883 3119 3096 3184 cordis,
3130 3129 3558 3190 exspectantem
3603 3127 3815 3198 ubique

289 3199 366 3277 εἷς
397 3214 457 3268 τὸ
495 3210 710 3288 ἀγαθὸν,
759 3215 850 3264 καί
914 3210 989 3280 μὴ
1057 3203 1330 3274 θελούσης
1359 3205 1456 3270 τῆς
1514 3199 1763 3278 καρδίας,
1823 3219 1989 3275 προσ.

2109 3224 2173 3263 ac
2205 3221 2451 3276 semper,
2498 3206 2608 3260 fide
2659 3221 2829 3261 omne
2871 3207 3110 3263 dubium
3158 3209 3425 3279 pellente,
3479 3215 3815 3272 misericor-

289 3287 551 3357 δοκῶνταν
591 3297 680 3354 διὰ
738 3297 935 3359 παντὸς
993 3295 1044 3351 ἐν
1105 3293 1282 3349 πίστει
1341 3290 1649 3364 ἀδιστάκτῳ
1715 3293 1777 3348 τὸ
1835 3287 1992 3354 ἔλεος

288 3386 475 3459 αὐτοῦ,
533 3388 623 3443 καὶ
681 3387 963 3464 βιάζεσθαι
1021 3383 1209 3440 ἑαυτὸν
1282 3382 1356 3444 εἰς
1437 3382 1500 3436 τὸ
1558 3380 1844 3456 οἴκτείρειν
1901 3381 1993 3436 καὶ

287 3479 565 3551 ἐλεήμονα
621 3473 769 3556 ἔχειν
828 3472 1073 3550 καρδίαν,
1136 3473 1412 3546 βιάζεσθαι
1475 3469 1550 3533 εἰς
1607 3470 1669 3526 τὸ
1720 3489 1995 3549 καταφρο-

291 3571 520 3636 νεῖσθαι,
609 3567 686 3628 εἰς
776 3566 840 3620 τὸ
935 3565 1328 3639 μακροθυμεῖν,
1423 3559 1887 3632 ἐξουθενούμενον,
1956 3558 1992 3628 ἢ

288 3656 687 3732 ἀτιμαζόμενον
753 3657 830 3730 μή
899 3655 1250 3730 ἀγανακτεῖν·
1330 3652 1468 3706 κατὰ
1543 3650 1605 3705 τὸ
1645 3648 1934 3725 εἰρημένον
1975 3667 1990 3682 ο

289 3751 378 3821 Μὴ
451 3746 675 3810 ἑαυτοὺς
749 3743 1084 3806 ἐκδικοῦντες
1117 3787 1130 3812 ,
1195 3741 1472 3816 ἀγαπητοί
1508 3758 1522 3773 ’
1591 3740 1865 3816 βιάζεσθαί
1937 3759 1995 3794 τε

289 3838 477 3896 ἑαυτὸν
511 3838 588 3900 εἲς
635 3841 735 3906 τὴν
785 3836 981 3914 εὐχὴν,
1045 3836 1214 3908 μήπω
1258 3828 1460 3907 ἔχοντα
1519 3828 1690 3909 εὐχὴν
1742 3830 1994 3902 Πνεύμα-

285 3949 402 3990 τος.
465 3927 570 3983 Καὶ
621 3926 792 3987 οὕτως
843 3926 870 3978 6
920 3925 1050 3985 Θεὸς
1091 3924 1312 3996 θεωρῶν
1357 3923 1451 3975 τὸν
1499 3919 1672 3980 οὕτως
1722 3919 1992 3994 ἀγωνιζό-

292 4037 477 4089 μενον,
508 4014 597 4070 καὶ
651 4014 743 4088 βίᾳ
783 4013 973 4067 ἑαυτὸν
1020 4010 1219 4085 ἄγοντα
1265 4010 1341 4070 εἷς
1390 4009 1452 4063 τὸ
1503 4008 1730 4081 ἀγαθὸν,
1771 4007 1860 4061 καὶ
1915 4007 1990 4078 μή

287 4104 556 4176 θελούσης
601 4110 702 4173 τῆς
750 4099 976 4176 καρδίας
1039 4099 1258 4156 δίδωσιν
1320 4099 1490 4175 εὐχὴν
1549 4099 1821 4168 ἀληθινὴν
1869 4099 1995 4168 Χρι-

289 4197 439 4266 στοῦ,
489 4189 680 4251 δίδωσι
725 4192 1022 4267 σπλάγχνα
1073 4189 1402 4267 οἷ’κτιρμῶν,
1451 4190 1808 4266 χρηστότητα
1853 4187 1992 4256 ἀλη-

287 4287 460 4356 θινήν,
522 4280 610 4338 καὶ
668 4279 1001 4354 ἁπαξαπλῶς
1055 4285 1215 4354 τηρεῖ
1269 4275 1417 4352 αὐτῷ
1475 4281 1564 4334 τὸν
1636 4279 1840 4351 καρπὸν
1896 4281 1993 4332 τοῦ

288 4375 621 4448 Πνεύματος.
657 4373 716 4428 Εἰ
769 4369 827 4427 δὲ
873 4392 956 4434 τις
1027 4370 1194 4445 μόνον
1244 4372 1320 4430 εἷς
1379 4369 1476 4437 τήν
1525 4366 1698 4443 εὐχὴν
1749 4367 1990 4441 βιάζεται

288 4466 497 4534 ἑαυτὸν,
534 4466 610 4538 μή
641 4460 786 4539 ἔχων
827 4457 1022 4537 εὐχὴν,
1077 4457 1168 4515 ’ίνα
1217 4461 1328 4535 σχῇ
1383 4459 1552 4533 εὐχὴν
1605 4457 1852 4534 χάριτος,
1902 4457 1992 4512 καὶ

290 4556 366 4617 εἷς
424 4555 524 4622 τὴν
592 4550 1117 4628 ταπεινοφροσύνην,
1175 4549 1264 4603 καὶ
1310 4547 1526 4622 ἀγάπην
1576 4548 1665 4602 καὶ
1717 4547 1810 4608 τὰς
1861 4546 1990 4600 λοι-

2105 3298 2256 3351 dlam
2293 3295 2420 3365 ejus
2455 3311 2467 3350 :
2521 3312 2723 3369 cogere
2764 3313 2994 3368 quoque
3035 3299 3287 3369 seipsum
3334 3302 3402 3356 ad
3453 3303 3815 3361 miserandos

2102 3385 2268 3448 alios,
2304 3400 2516 3455 corque
2573 3387 2630 3439 in
2689 3401 2889 3440 omnes
2934 3397 3165 3458 egentes
3222 3389 3541 3446 beneﬁcum
3593 3392 3812 3450 haben-

2102 3475 2277 3540 dum;
2336 3473 2470 3527 item
2532 3474 2603 3528 ad
2679 3474 3090 3545 longanimiter
3146 3479 3512 3535 tolerandum
3587 3485 3816 3552 quidvis

2102 3564 2336 3625 durum,
2370 3570 2428 3620 et
2458 3564 2529 3619 ad
2563 3581 2675 3620 non
2707 3565 3137 3637 indignandum
3173 3585 3274 3624 nec
3307 3587 3456 3642 aegre
3491 3573 3814 3643 ferendum,

2105 3655 2339 3725 quando
2369 3651 2746 3724 villpenditur
2795 3659 2853 3708 et
2903 3656 3335 3725 contemnitur;
3390 3659 3545 3727 quta
3591 3662 3812 3718 dictum

2102 3743 2294 3798 illud:
2371 3743 2491 3798 Non
2569 3745 2919 3812 vosmetipsos
2974 3743 3333 3813 defendentes,
3368 3748 3680 3806 charissimi
3752 3754 3812 3809 ¹⁹.

2101 3832 2230 3886 Vim
2283 3832 2453 3888 etiam
2517 3833 2624 3886 sibi
2679 3833 2862 3886 facere
2921 3833 2990 3886 ad
3047 3839 3348 3901 orandum,
3392 3840 3624 3908 quando
3674 3857 3816 3896 non-

2104 3923 2246 3976 dum
2314 3919 2536 3990 accepit
2586 3919 2800 3974 donum
2848 3922 3048 3975 orandi
3107 3940 3207 3992 per
3247 3924 3554 3994 Spiritum.
3608 3929 3817 3985 Videns

2103 4013 2254 4068 enim
2288 4008 2443 4066 Deus
2474 4011 2558 4063 sic
2589 4012 3032 4066 contendentem
3085 4030 3331 4086 seseque
3363 4017 3813 4087 compellentem

2102 4103 2170 4155 ad
2208 4099 2447 4165 bonum,
2483 4096 2663 4154 invito
2713 4101 2886 4154 etiam
2940 4102 3133 4169 corde,
3182 4102 3279 4156 dat
3331 4103 3418 4160 illi
3487 4107 3808 4164 orationem

2101 4189 2315 4247 Christi
2347 4201 2568 4255 veram,
2601 4191 2700 4244 dat
2747 4189 2967 4245 viscera
3018 4191 3452 4260 misericordiae;
3488 4197 3814 4269 benignita-

2099 4285 2214 4336 tem
2246 4294 2487 4334 veram:
2533 4294 2647 4332 uno
2706 4280 2900 4345 verbo,
2935 4281 3156 4348 seponit
3206 4287 3262 4336 et
3312 4285 3536 4338 confert
3586 4286 3667 4341 illi
3730 4297 3814 4343 to-

2099 4377 2223 4426 tum
2259 4369 2510 4424 fructum
2546 4367 2816 4439 Spiritus.
2844 4366 3004 4431 Quod
3038 4369 3084 4424 si
3129 4370 3258 4440 quis
3307 4372 3661 4445 desiderans,
3703 4393 3812 4447 quo

2100 4463 2277 4524 caret,
2329 4454 2607 4513 orationis
2656 4457 2896 4525 donum,
2939 4464 3002 4512 ut
3073 4458 3216 4513 illud
3271 4461 3558 4532 impetret,
3622 4467 3810 4522 solum

2101 4548 2214 4604 sibi
2245 4550 2313 4603 ad
2349 4547 2632 4601 orandum
2677 4547 2789 4600 vim
2829 4546 2988 4612 facit,
3025 4564 3138 4602 non
3188 4548 3325 4604 item
3389 4553 3457 4606 ad
3511 4552 3815 4611 humiliter

292 4605 364 4617 --η
834 4605 873 4628 Η
1051 4605 1117 4621 ,,
1359 4605 1369 4622 ,
1485 4605 1494 4619 ,
1799 4605 1808 4608 -

289 4645 394 4706 πᾶς
452 4641 676 4704 ἐντολὰς
722 4645 820 4697 τοῦ
872 4636 1070 4716 Κυρίου
1129 4639 1336 4711 ἑαυτὸν,
1388 4635 1448 4694 οὐ
1501 4639 1768 4713 βιάζεται,
1825 4635 1990 4692 ἐνίοτε

2105 4638 2481 4697 sentiendum
2516 4637 2587 4692 de
2637 4650 2720 4703 se,
2755 4653 2868 4692 non
2899 4640 2967 4692 ad
3019 4641 3397 4695 exercendam
3448 4643 3812 4711 charitatem,

291 4731 502 4788 δίδοται
563 4733 710 4802 αὐτῷ
768 4730 906 4805 εὐχή
976 4731 1224 4807 χάριτος,
1277 4728 1367 4785 καὶ
1435 4728 1485 4784 ἐν
1549 4729 1840 4784 ἀναπαύσει
1905 4727 1992 4782 καὶ

290 4820 590 4896 εὐφροσύνῃ
649 4823 884 4896 μερικῶς
934 4818 1071 4876 κατὰ
1136 4822 1198 4875 τὸ
1256 4819 1466 4892 αἴτημα
1522 4815 1710 4891 αὐτοῦ,
1764 4823 1881 4881 τοῖς
1939 4814 1996 4871 6‘s

288 4910 516 4986 τρόποις
551 4908 744 4983 ὅμοιός
776 4909 916 4964 ἐστιν
948 4910 994 4982 ᾧ
1023 4910 1090 4979 ἦν
1128 4908 1392 4984 πρότερον
1445 4909 1668 4982 ὅμοιος.
1722 4907 1835 4963 Οὐκ
1877 4901 1997 4982 ἔχει

288 5001 391 5078 γὰρ
450 5001 759 5076 πραότητα,
819 4996 901 5052 ὅτι
965 4998 1064 5053 οὐκ
1129 4997 1390 5069 ἐζήτησεν
1451 4996 1728 5071 ἐμπόνως,
1775 4995 1865 5052 καὶ
1934 4996 1996 5051 οὐ

290 5087 724 5164 προηυτρέπισεν
783 5085 970 5142 ἑαυτὸν
1031 5087 1175 5142 οὕτω
1231 5087 1499 5162 γενέσθαι.
1561 5087 1675 5146 Οὐκ
1731 5081 1850 5162 ἔχει
1900 5106 2003 5140 τα-

291 5176 742 5258 πεινοφροσύνην,
802 5173 989 5245 ἐπειδή
1054 5176 1152 5232 οὐκ
1207 5173 1401 5251 ᾔτησε,
1461 5176 1551 5231 καὶ
1607 5177 1790 5232 ἑαυτὸν
1851 5171 2002 5230 ἐϐιά-

296 5291 424 5327 σατο
459 5269 533 5332 εἷς
577 5272 743 5325 τοῦτο
797 5285 808 5300 ·
846 5264 946 5322 οὐκ
999 5261 1118 5345 ἔχει
1177 5265 1388 5342 ἀγάπην
1417 5267 1552 5340 πρὸς
1607 5266 1831 5332 πάντας,
1888 5261 2004 5319 ἐπεὶ

294 5361 419 5436 περὶ
468 5359 664 5417 τούτου
728 5357 995 5434 μέριμναν
1054 5357 1144 5413 καὶ
1204 5354 1390 5433 ἂγῶνα
1448 5355 1546 5412 οὐκ
1603 5352 1758 5430 ἔσχεν
1818 5354 1871 5409 ἐν
1937 5354 2005 5426 τῇ

293 5447 510 5519 αῐτήσει
552 5457 653 5520 τῆς
701 5453 1019 5523 προσευχῆς
1056 5464 1071 5479 ⁹
1130 5449 1242 5522 χρὴ
1294 5445 1398 5522 γὰρ
1427 5438 1672 5514 ἕκαστον,
1720 5441 1902 5519 ὥσπερ
1933 5442 2008 5505 εἷς

292 5540 392 5610 τὴν
425 5540 598 5616 εὐχὴν
636 5537 880 5617 βιάζεται
912 5539 1101 5595 ἑαυτὸν
1152 5535 1242 5594 καὶ
1273 5532 1457 5616 ἄγχει,
1497 5535 1587 5592 καὶ
1633 5533 1710 5609 μὴ
1743 5531 2008 5604 θελούσης

368 5727 412 5764 ⁸⁷
461 5725 673 5784 Matth.
704 5741 784 5794 xx,
817 5724 904 5781 12.
939 5723 982 5762 ¹⁸
1013 5722 1152 5780 Luc.
1184 5739 1308 5792 xm,
1337 5721 1427 5775 24.
1462 5719 1508 5756 ¹⁹
1537 5718 1680 5776 Rom
1711 5733 1810 5773 ιιι.
1845 5716 1932 5774 19.

2108 4733 2206 4785 aut
2241 4729 2310 4783 ad
2347 4725 2620 4781 mandata
2662 4724 2893 4780 Domini
2943 4733 3145 4782 cetera
3194 4727 3485 4799 implenda
3545 4734 3657 4788 sibi
3696 4735 3813 4792 vim

2103 4819 2262 4889 facit,
2291 4817 2583 4886 continget
2611 4815 2904 4871 interdum
2941 4818 3064 4872 dari
3094 4815 3232 4873 huic
3263 4821 3543 4876 orationis
3571 4824 3814 4894 donum,

2101 4910 2280 4967 etiam
2313 4920 2444 4962 cum
2477 4905 2666 4978 quiete
2695 4911 2752 4961 et
2801 4906 2997 4961 laetitia
3049 4923 3117 4962 ex
3165 4913 3349 4979 parte,
3403 4918 3572 4983 prout
3623 4922 3817 4984 postu-

2106 4999 2280 5066 lavit;
2318 4997 2580 5052 moribus
2638 5000 2834 5051 autem
2871 4995 3084 5053 similis
3128 5003 3216 5053 est
3246 4998 3322 5068 ei,
3353 5002 3444 5056 cui
3497 5003 3656 5074 prius
3693 5011 3818 5061 erat

2107 5086 2356 5155 similis;
2401 5101 2515 5140 non
2565 5083 2720 5139 enim
2773 5084 2950 5140 habet
2995 5087 3530 5160 mansuetudinem,
3567 5109 3667 5163 pro
3700 5110 3818 5164 qua

2108 5173 2486 5246 adipiscenda
2546 5189 2657 5228 non
2714 5170 3040 5242 laboravit;
3076 5178 3132 5228 et
3191 5176 3260 5230 ad
3321 5193 3492 5248 quam
3545 5197 3667 5235 sese
3700 5196 3816 5234 non

2109 5264 2421 5336 disposuit.
2473 5261 2600 5318 Non
2651 5261 2822 5316 habet
2870 5261 3284 5332 humilitatem,
3342 5267 3613 5334 quoniam
3687 5283 3815 5322 eam

2111 5369 2216 5410 nec
2249 5351 2433 5422 petiit,
2468 5367 2572 5407 nec
2621 5351 2732 5407 sibi
2782 5352 2852 5406 ad
2905 5367 3030 5407 eam
3079 5355 3452 5409 exercendam
3506 5357 3618 5410 vim
3658 5354 3820 5410 adhi-

2112 5443 2261 5500 buit.
2301 5439 2456 5498 I68
2493 5441 2612 5499 Non
2644 5439 2818 5498 habet
2849 5442 3189 5498 charitatem
3231 5443 3301 5497 ad
3334 5461 3556 5512 omnes,
3591 5445 3818 5517 quando

2114 5532 2186 5589 de
2216 5530 2326 5587 hac
2356 5545 2484 5588 esse
2533 5527 2840 5600 sollicitus,
2879 5546 2982 5602 pro
3030 5544 3210 5600 eaque
3253 5533 3622 5601 contendere,
3653 5531 3817 5604 ﬂagi-
