4130 6286
341 416 460 474 839

1684 408 1748 465 S.
1795 402 2120 464 MACARII
2164 403 2503 464 JEGYPTII

3737 401 3879 460 8‘0

337 556 466 602 tans
496 546 557 601 in
589 545 847 601 oratione
879 544 991 599 sibi
1033 540 1293 607 concedi,
1326 539 1465 596 tanti
1501 555 1611 594 non
1646 539 1828 593 duxit.
1857 538 2029 606 Opor-

2154 555 2241 603 της
2272 532 2495 609 καρδίας
2525 554 2537 566 ·
2572 534 2744 597 οὕτως
2783 535 2859 597 εἰς
2893 537 2991 605 τήν
3024 536 3257 610 ἀγάπην,
3300 534 3375 595 εἷς
3404 533 3504 602 τήν
3538 531 3871 604 πραότητα,

336 641 419 691 tet
448 636 604 691 enim
638 649 1140 704 unumquemque,
1172 632 1326 685 sicut
1356 630 1422 683 ad
1460 628 1777 683 orationem
1813 643 1870 681 se
1901 643 2040 679 con-

335 726 518 796 pellit,
549 730 605 778 et
650 740 751 794 per
810 722 923 776 vim
968 727 1169 791 urget;
1218 720 1435 773 frustra
1505 717 1823 771 reluctante
1870 713 2039 768 corde

331 815 413 869 ita
459 830 521 869 se
554 814 769 884 pariter
799 812 857 866 in
902 811 1266 873 cbaritatem,
1300 808 1361 862 in
1410 805 1941 869 mansuetudinem,
1974 803 2032 856 in

334 919 563 958 omnem
630 901 965 973 patientiam
1014 904 1071 955 et
1120 896 1644 968 longanimitatem,
1692 911 1824 949 cum
1888 910 2033 962 gau-

334 992 449 1056 dio,
483 992 802 1046 secundum
848 990 1002 1061 quod
1044 988 1325 1056 scriptum
1359 990 1470 1052 est,
1504 988 1705 1056 urgeat
1732 984 2030 1052 seipsum;

332 1081 590 1152 itemque
639 1080 709 1134 ad
766 1079 1001 1133 ferenda
1042 1078 1284 1131 libenter
1328 1075 1630 1147 opprobia,
1680 1079 1736 1127 et
1788 1073 2038 1142 peiorem

332 1184 392 1223 se
424 1168 674 1232 cunctis,
733 1166 1122 1237 inﬁmumque
1179 1165 1447 1218 omnium
1520 1167 1890 1233 reputantum
1928 1175 1940 1211 :
1974 1159 2042 1211 ad

332 1274 447 1312 non
482 1256 886 1326 proferendum
940 1256 1000 1309 in
1047 1255 1507 1317 conversatione,
1536 1252 1687 1321 quod
1742 1248 1882 1303 utile
1928 1263 2041 1302 non

332 1352 437 1414 est,
478 1348 571 1401 sed
605 1348 673 1401 ad
718 1346 1049 1400 meditenda
1101 1346 1271 1399 corde
1321 1358 1573 1413 semper,
1605 1348 1663 1397 et
1708 1356 1805 1394 ore
1852 1354 2045 1392 enun-

333 1434 535 1489 tianda
582 1435 813 1503 eloquia
869 1431 1119 1486 Domini.
1147 1430 1431 1484 Similiter
1483 1431 1554 1484 ad
1617 1446 1729 1483 non
1790 1429 2047 1482 irascen-

333 1525 493 1592 dum,
519 1526 689 1592 juxta
720 1524 869 1592 quod
916 1524 1135 1577 dictum
1179 1527 1267 1577 est
1302 1538 1313 1574 :
1348 1520 1508 1577 Omni
1564 1518 1960 1583 amaritudine,
1993 1523 2043 1571 et

334 1615 443 1680 ira,
502 1620 558 1668 et
604 1614 833 1679 clamor,
885 1611 1122 1667 tollatur
1166 1628 1201 1665 a
1270 1610 1438 1673 vobis,
1497 1626 1620 1664 cum
1669 1610 1818 1663 omni
1875 1608 2044 1660 mali—

334 1706 411 1759 tia
446 1703 511 1757 2°.
573 1702 645 1757 Ut
700 1703 780 1757 sic
839 1701 1122 1755 Dominus
1179 1702 1302 1755 viso
1348 1700 1475 1768 ejus
1534 1698 1745 1763 studio,
1780 1697 1876 1750 det
1934 1694 2043 1765 ipsi

334 1795 456 1850 hac
502 1799 711 1849 cuncta
766 1794 956 1848 facilia
1004 1793 1147 1846 citra
1189 1792 1443 1847 laborem
1495 1795 1549 1845 et
1605 1789 1735 1854 vim,
1770 1804 1894 1857 quae
1948 1803 2046 1840 an-

334 1892 424 1941 tea
480 1883 764 1939 laborioso
823 1888 1029 1935 conatu
1111 1885 1303 1936 tenere
1362 1879 1455 1933 vix
1517 1882 1757 1949 poterat,
1812 1882 2047 1948 propter

333 1974 667 2028 inhabitans
726 1972 783 2025 in
846 1988 911 2026 eo
964 1976 1308 2041 peccatum:
1371 1970 1449 2024 ita
1481 1974 1545 2022 ut
1583 1967 1695 2037 ipsi
1742 1967 1868 2037 jam
1903 1968 2047 2019 ﬂant

336 2063 447 2117 illa;
490 2077 693 2117 omnes
737 2060 963 2115 virtutis
1014 2058 1455 2114 exercitationes
1500 2056 1663 2127 quasi
1706 2061 1932 2109 natura.
1968 2054 2047 2107 De

2077 1926 2124 1989 B

2146 625 2235 679 καὶ
2267 624 2342 685 εἰς
2374 629 2541 679 πᾶσαν
2595 626 2875 699 ὑπομονὴν
2916 626 3006 680 καὶ
3058 624 3425 699 μακροθυμία,
3482 622 3619 696 μετά
3649 629 3873 697 χαρᾶς,

2148 714 2283 767 κατά
2337 714 2399 767 τὸ
2451 716 2830 789 γεγραμμένον
2865 714 3039 769 ·οῦτω
3091 716 3366 788 βιάζεσθαι
3417 712 3603 768 ἑαυτὸν
3657 714 3737 772 είς
3789 712 3867 765 τὸ

2146 804 2554 872 ἐξουθενεῖσθαι,
2624 805 2713 856 καί
2772 805 2947 881 χείρω
3002 804 3093 858 καὶ
3152 799 3379 877 ἔσχατον
3440 802 3629 856 ἑαυτὸν
3687 800 3868 876 λογί-

2153 894 2331 961 ζεσθαι
2388 894 2629 959 πάντων,
2678 894 2752 954 ὡς
2784 895 2845 948 τὸ
2893 895 2969 965 μὴ
3016 895 3073 948 ὃν
3109 895 3411 967 χρήσιμον,
3470 893 3547 965 μὴ
3582 889 3802 962 ὁμιλεῖν
3848 934 3868 946 .

2152 979 2296 1035 ἀλλά
2348 982 2415 1035 τά
2463 987 2560 1036 τοῦ
2612 984 2813 1056 Κυρίου
2866 982 3094 1055 μελετᾷν
3156 982 3236 1037 ἀεὶ
3297 982 3458 1057 λόγια
3505 982 3596 1035 καὶ
3661 978 3868 1035 λαλεῖν

2600 1070 2794 1147 καρδίᾳ
2845 1072 3067 1135 ὀὕτως
3134 1073 3207 1134 εἰς
3274 1074 3336 1126 τὸ
3402 1073 3477 1143 μὴ
3549 1072 3863 1142 θυμοῦσθαι

2154 1161 2288 1213 κατά
2358 1161 2420 1214 τὸ
2486 1159 2790 1234 εἰρημένων
2835 1179 2846 1192 ·
2888 1167 3035 1214 Πᾶσα
3101 1160 3310 1232 πικρία,
3377 1159 3469 1214 καὶ
3532 1159 3692 1234 ὀργὴ,
3762 1159 3868 1211 καὶ

2152 1250 2362 1321 κραυγή
2433 1249 2652 1322 ἀρθήτω
2716 1249 2805 1319 ἀφ’
2872 1249 3046 1321 ὑμῶν,
3114 1250 3206 1302 σὺν
3274 1249 3419 1313 πάσι,
3482 1248 3645 1317 κακίᾳ
3686 1248 3870 1305 ,Ἵνα

2152 1073 2380 1143 στόματι
2437 1073 2522 1125 καὶ
2600 1072 2794 1143 καρδίᾳ
2845 1072 3067 1135 ὀὕτως
3134 1073 3207 1134 εἰς
3274 1074 3336 1126 τὸ
3402 1073 3477 1143 μὴ

2154 1336 2325 1400 οὕτως
2374 1338 2400 1391 ὁ
2462 1338 2659 1412 Κύριος
2730 1335 2857 1391 ἰδὼν
2929 1337 3093 1392 αὐτοῦ
3161 1338 3257 1404 τὴν
3324 1336 3636 1411 προαίρεσιν
3698 1332 3861 1408 δώσῃ

2154 1426 2299 1496 αὐτῷ
2363 1426 2530 1479 ταῦτα
2594 1426 2762 1480 πάντα
2845 1426 3064 1488 ἀκόπως
3149 1428 3237 1480 καὶ
3324 1426 3627 1491 ἀθιάστως,
3717 1426 3863 1496 ἅπερ

2153 1515 2281 1588 πρὶν
2314 1515 2455 1569 οὕτω
2490 1516 2623 1587 μετὰ
2659 1516 2782 1591 βίασ
2820 1514 3053 1594 φυλάξαι
3083 1513 3339 1584 ἠδύνατο,
3387 1513 3475 1569 διὰ
3519 1515 3617 1583 τὴν
3668 1514 3864 1567 οἰκοῦ-

2155 1625 2247 1657 σαν
2316 1602 2366 1657 ἓν
2434 1603 2583 1675 αὐτῷ
2651 1605 2957 1677 ἁμαρτίαν·
3026 1605 3115 1659 καὶ
3181 1604 3381 1677 γίνεται
3465 1604 3613 1673 αὐτῷ
3684 1608 3866 1656 ταῦτα

2153 1694 2326 1747 πάντα
2391 1697 2488 1762 τῆς
2564 1695 2760 1767 ἀρετῆς
2821 1691 3225 1766 ἐπιτηδεύματα
3282 1692 3463 1766 ὥσπερ
3532 1693 3730 1771 φύσιν
3791 1695 3865 1747 τὸ

2158 1783 2352 1837 λοιπὸν
2400 1784 2501 1857 γὰρ
2551 1784 2725 1838 ὶλθὼν
2768 1785 2794 1836 ὁ
2844 1785 3058 1858 Κύριος,
3110 1784 3281 1839 ἐλθὼν
3332 1784 3421 1837 καὶ
3464 1784 3753 1856 γενόμενος
3802 1783 3864 1837 ἐν

2158 1872 2324 1945 αὐτῷ,
2378 1874 2464 1927 καὶ
2525 1872 2687 1934 αὐτὸς
2744 1878 2893 1927 ποιεῖ
2951 1873 3001 1927 ἐν
3061 1873 3207 1944 αὐτῷ
3260 1874 3357 1934 τάς
3426 1870 3565 1934 ἰδίας
3634 1870 3867 1933 ἐντολάς

2158 1965 2278 2015 ἄνευ
2343 1964 2631 2035 καμάτου,
2696 1962 2925 2035 πληρῶν
2992 1962 3151 2016 αὐτὸν
3235 1967 3351 2023 τοῖς
3442 1967 3675 2036 καρποῖς
3758 1965 3866 2015 τοῦ

2163 2050 2499 2122 Πνεύματος.

332 2157 538 2208 cretero
597 2152 751 2205 enim
810 2149 1084 2204 Dominus
1143 2149 1202 2203 in
1234 2165 1367 2203 eum
1432 2146 1770 2211 adveniens,
1804 2148 1860 2200 et
1917 2146 1973 2197 in
2004 2144 2131 2214 ipso
2191 2159 2559 2212 permanens,
2594 2144 2672 2197 uti
2732 2149 2788 2199 et
2845 2144 3052 2213 ipsein
3100 2160 3187 2210 eo,
3237 2143 3581 2215 exsequitur
3635 2142 3690 2197 in
3728 2143 3865 2214 ipso

339 2261 444 2298 sua
475 2243 660 2313 ipsius
694 2242 990 2305 mandata,
1027 2242 1149 2295 sine
1182 2239 1447 2294 molestia
1478 2238 1607 2308 ejus
1640 2236 1803 2301 ulla;
1838 2235 2069 2304 replens
2096 2235 2290 2304 ipsum
2325 2235 2611 2289 fructibus
2636 2235 2908 2305 Spiritus.

406 2331 549 2386 XIV.
585 2334 639 2386 Si
671 2348 802 2386 vero
852 2331 1143 2400 quispiam
1193 2331 1263 2383 ad
1315 2328 1636 2383 orationem
1688 2325 2042 2380 {nudandam

333 2424 442 2475 sibi
494 2422 607 2475 vim
657 2422 852 2486 infert,
890 2420 1069 2474 donec
1120 2419 1370 2487 aliquam
1410 2417 1649 2489 gratiam
1685 2433 1718 2470 a
1764 2414 1878 2469 Deo
1926 2415 2040 2469 im-

336 2518 542 2581 petret,
573 2512 631 2564 in
675 2512 796 2565 haec
830 2517 1043 2575 autem,
1079 2510 1300 2563 scilicet
1349 2508 1751 2573 humilitatem,
1784 2507 2042 2561 cbarita-

336 2609 474 2666 tem,
545 2599 1079 2661 mansuetudinem,
1134 2602 1189 2651 et
1264 2597 1516 2662 reliquas
1596 2596 1831 2649 virtutes
1920 2596 2039 2662 pari

334 2693 539 2741 conatu
603 2702 714 2739 non
779 2685 1083 2750 incumbit,
1142 2685 1251 2736 sibi
1311 2685 1381 2737 ad
1442 2700 1538 2738 eas
1597 2684 1710 2735 vim
1763 2684 2040 2748 inferens,

336 2791 760 2844 nonnunquam
795 2773 908 2843 ipsi
956 2790 1018 2827 se
1048 2774 1311 2844 indulget
1359 2772 1554 2826 divina
1592 2773 1774 2843 gratia
1828 2772 2043 2843 petenti

337 2875 383 2917 et
422 2865 643 2929 oranti;
680 2865 864 2917 bonus
904 2863 1117 2932 quippe
1164 2872 1210 2917 et
1271 2861 1525 2915 clemens
1570 2861 1719 2915 Deus
1767 2867 1873 2923 est,
1910 2876 2038 2929 pro-

337 2970 564 3025 nusque
595 2953 667 3007 ad
710 2953 1148 3006 concedendum
1200 2951 1599 3021 ﬂagitantibus
1630 2968 1752 3021 quae
1801 2951 2037 3023 volunt;

334 3043 428 3111 qui
487 3049 680 3097 tamen
745 3040 875 3095 talis
950 3057 1064 3096 non
1123 3041 1463 3112 praeparavit
1529 3041 1806 3111 seipsum,
1854 3056 2041 3111 neque

336 3133 646 3187 assuefecit
677 3131 747 3185 ad
798 3130 959 3202 prius
1014 3136 1400 3185 memorantes
1433 3130 1693 3196 virtutes,
1728 3136 1829 3185 aut
1854 3130 2042 3200 perdit

333 3221 601 3293 gratiam,
635 3224 733 3274 aut
792 3219 1000 3289 accipit
1052 3224 1109 3273 et
1166 3219 1338 3288 cadit,
1371 3224 1472 3272 aut
1527 3234 1637 3273 non
1698 3218 1945 3289 proﬁcit,
1981 3218 2040 3271 in

334 3311 662 3379 superbiam
691 3309 918 3377 elatus;
994 3308 1267 3379 quoniam
1321 3308 1609 3362 mandatis
1652 3308 1893 3363 Domini
1944 3325 2039 3363 se-

338 3400 527 3466 ipsum
562 3414 629 3452 ex
680 3398 975 3467 proposito
1026 3415 1139 3451 non
1182 3398 1359 3451 tradit
1407 3404 1609 3453 totum.
1658 3397 1803 3451 Nam
1850 3398 2043 3452 domi-

337 3487 534 3539 cilium
585 3490 642 3538 et
700 3485 930 3554 requies
988 3486 1243 3553 Spiritus
1294 3486 1593 3539 humilitas
1642 3492 1752 3553 est,
1785 3487 2041 3542 cbaritas

333 3581 421 3629 est
482 3574 862 3627 mansuetudo
915 3578 1025 3637 est,
1084 3581 1300 3627 caetera:
1368 3574 1712 3644 praescriptas
1772 3592 1804 3629 a
1844 3574 2043 3630 Domi-

335 3680 408 3717 no
469 3663 737 3716 virtutes.
777 3662 997 3715 Debent
1054 3662 1232 3732 igitur
1272 3662 1371 3731 qui
1434 3663 1636 3716 volunt
1690 3664 1749 3717 in
1808 3668 2043 3720 veritate

336 3752 560 3824 placere
599 3753 707 3804 Deo
738 3756 794 3804 et
826 3750 1083 3818 accipere
1127 3752 1198 3804 ab
1258 3752 1383 3821 ipso
1435 3753 1722 3807 caelestem
1773 3754 2038 3824 gratiam,

339 3856 712 3907 crescereq'ie
762 3856 824 3893 ac
877 3856 937 3894 se
991 3840 1261 3909 perﬁcere
1299 3841 1354 3893 in
1399 3852 1596 3896 sancto
1647 3842 1889 3913 Spiritu,
1924 3844 2043 3915 pri-

341 3949 499 3985 mum
535 3947 738 4000 cogere
786 3931 1011 4000 seipsos
1061 3932 1128 3985 ad
1185 3932 1503 3985 exercenda
1534 3933 1724 3987 officia
1776 3937 2039 3988 omnium

336 4021 638 4084 virtutum,
675 4018 1050 4090 quantumvis
1110 4023 1429 4074 reluctante
1492 4022 1707 4089 animo,
1744 4023 1895 4077 sicut
1951 4024 2039 4077 di-

335 4115 490 4164 ctum
522 4118 655 4163 est:
714 4110 1005 4176 Promcrea
1071 4109 1138 4161 ad
1198 4112 1378 4163 omnia
1436 4110 1697 4164 mandata
1755 4120 1849 4165 tua
1895 4112 2040 4166 diri-

337 4201 503 4269 θοίναν
532 4200 597 4251 ²⁴.
634 4197 725 4252 Uti
760 4198 909 4252 enim
945 4198 1161 4268 aliquis
1195 4199 1263 4252 ad
1302 4202 1790 4269 perseverandum
1825 4203 1878 4255 in
1910 4220 2034 4256 ora-

339 4290 490 4342 tione
523 4288 630 4341 sibi
666 4289 778 4341 vim
812 4288 982 4341 infert
1034 4304 1273 4357 seseque
1305 4290 1474 4358 cogit,
1509 4306 1695 4359 usque
1721 4292 1856 4344 dum
1892 4296 2041 4345 recte

338 4375 441 4427 hos
471 4391 710 4428 munere
745 4378 1055 4444 fungatur;
1094 4377 1168 4427 ita
1200 4376 1369 4430 debet
1422 4393 1483 4431 se
1515 4378 1730 4447 pariter
1776 4378 1848 4433 ad
1897 4397 2040 4433 cun-

336 4468 425 4517 cta
460 4463 686 4517 virtutis
727 4464 918 4517 ofﬁcia
966 4463 1332 4534 compellere,
1367 4467 1626 4536 urgendo
1658 4472 1713 4521 et
1760 4470 2040 4539 cogendo,

336 4553 529 4625 quoad
562 4568 626 4607 ex
661 4553 1081 4607 consuetudine
1130 4554 1347 4608 bonum
1394 4554 1657 4610 habitum
1695 4564 1857 4627 paret
1890 4574 1902 4612 :
1955 4560 2038 4614 sic
2074 4542 2115 4605 D

332 4644 486 4698 enim
523 4644 675 4713 quod
721 4647 1154 4713 perseveranter
1203 4644 1422 4714 petierit
1474 4661 1506 4699 a
1553 4646 1791 4701 Domino
1836 4662 2041 4703 conse-

332 4736 523 4795 cutus,
562 4730 731 4800 plena
759 4732 881 4799 jam
913 4735 969 4783 et
1012 4746 1214 4783 secura
1264 4731 1445 4799 optati
1498 4732 1864 4801 possessione
1904 4749 2045 4805 gau-

333 4822 493 4875 debit
526 4836 537 4872 :
572 4829 865 4874 crescente
896 4820 1097 4888 utique
1136 4835 1199 4872 ac
1251 4819 1490 4875 florente
1541 4822 1598 4875 in
1646 4822 1771 4891 ipso
1819 4841 2041 4893 perma-

333 4912 557 4971 nenter,
582 4922 759 4975 quam
786 4908 951 4959 anxie
987 4906 1515 4977 postulavit,gratia
1546 4911 1793 4981 Spiritus
1820 4930 1833 4979 ;
1857 4916 2045 4983 gratia

333 5013 457 5065 qua:
510 4997 759 5049 donatur
802 4996 935 5066 ipsi,
970 5013 1211 5067 quaeque
1262 5000 1571 5067 requiescit
1603 5002 1656 5056 in
1714 5003 2041 5060 humilitate

332 5086 537 5157 ipsius,
587 5089 643 5137 et
693 5083 751 5136 in
814 5085 1052 5153 reliquis
1111 5086 1450 5156 virtutibus,
1510 5096 1567 5143 et
1624 5091 1791 5145 docet
1847 5094 2039 5164 ipsum

329 5191 520 5230 veram
558 5172 968 5240 humilitatem,
1011 5190 1197 5229 veram
1249 5176 1832 5243 cbaritatem,veram
1885 5200 2043 5238 man-

330 5264 719 5329 suetudinem,
755 5264 820 5315 ad
876 5279 1049 5333 quam
1108 5265 1515 5334 possidendam
1559 5286 1688 5325 sese
1737 5273 2037 5343 compulit,

330 5370 625 5427 quamque
685 5352 854 5406 anxie
917 5351 1199 5422 quaesivit.
1237 5356 1303 5408 Et
1362 5356 1444 5409 sic
1486 5365 1690 5413 auctus
1742 5360 1797 5414 in
1850 5362 2043 5430 profe-

330 5456 506 5512 ctum,
535 5452 591 5498 et
621 5444 690 5499 ad
724 5443 911 5513 ipsum
977 5443 1345 5513 perfectionis
1379 5446 1433 5501 in
1475 5447 1590 5502 Deo
1632 5456 1859 5507 erectus
1916 5453 2039 5508 cul-

335 5548 487 5598 men,
542 5533 878 5587 haereditate
922 5531 1197 5586 ccelorum
1261 5534 1419 5604 regni
1491 5536 1697 5607 dignus
1744 5547 2036 5596 censetur.

405 5711 450 5748 ²⁰
486 5711 694 5784 Ephes.
724 5728 798 5779 iv,
831 5713 920 5768 33.
956 5713 996 5750 ²¹
1034 5712 1190 5771 Psal.
1220 5731 1413 5784 cxvm,
1446 5717 1570 5773 116.

2228 2328 2324 2376 ΙΔ’.
2375 2321 2438 2378 Εἰ
2481 2318 2536 2375 δέ
2587 2342 2670 2385 τις
2716 2322 2792 2385 εἰς
2848 2323 3018 2397 εὐχήν
3075 2325 3315 2397 βιάζεται
3378 2325 3587 2385 ἑαυτὸν,
3638 2320 3740 2384 ἓως
3791 2321 3861 2376 οὗ

2155 2407 2296 2485 λάϐῃ
2327 2434 2375 2466 τι
2424 2414 2670 2487 χάρισμα
2710 2415 2857 2489 παρὰ
2902 2420 2999 2469 τοῦ
3048 2420 3204 2482 Θεοῦ,
3236 2416 3310 2477 εἰς
3357 2421 3527 2470 ταῦτα
3575 2414 3631 2469 δὲ
3678 2414 3856 2488 ἤγουν

2153 2501 2228 2562 εἰς
2283 2505 2803 2582 ταπεινοφροσύνην,
2856 2503 2931 2565 εἰς
2987 2506 3221 2579 ἀγάπην,
3286 2505 3360 2566 εἰς
3410 2506 3712 2578 πραότητα,
3757 2505 3857 2559 καὶ

2152 2589 2227 2651 εἷς
2257 2592 2349 2651 τάς
2376 2591 2572 2652 λοιπὰς
2606 2591 2816 2666 ἀρετὰς,
2850 2592 3057 2665 ὁμοίως
3091 2594 3153 2647 οὐ
3211 2594 3450 2667 βιάζεται
3501 2596 3705 2661 ἑαυτὸν,
3759 2594 3854 2647 καὶ

2153 2677 2331 2754 ἄγχει,
2364 2680 2531 2734 ἐνίοτε
2571 2683 2777 2755 γίνεται
2817 2683 2952 2757 πρὸς
2985 2683 3147 2737 αὐτὸν
3197 2684 3311 2736 θεία
3361 2684 3525 2758 χάρις
3572 2682 3853 2743 αἰτοῦντος

2151 2768 2239 2822 καὶ
2300 2768 2558 2841 δεομένου
2594 2815 2605 2827 .
2653 2772 2855 2845 ἀγαθὸς
2900 2772 3001 2846 γὰρ
3052 2773 3143 2826 καὶ
3190 2775 3433 2846 χρηστὸς
3482 2774 3508 2827 ὁ
3556 2774 3695 2837 Θεὸς,
3750 2772 3846 2825 καὶ

2150 2863 2266 2919 τοῖς
2310 2859 2548 2914 αίτοῦσιν
2604 2862 2765 2916 αὐτὸν
2817 2859 3009 2916 δίδωσι
3057 2862 3125 2915 τά
3174 2862 3469 2934 αἰτήματα·
3523 2864 3593 2929 μή
3640 2880 3839 2933 προευ-

2148 2947 2405 3017 τρεπίσας
2456 2944 2513 3001 δὲ
2568 2949 2777 3017 ἑαυτὸν,
2819 2949 2908 3003 καὶ
2966 2951 3041 3021 μὴ
3094 2948 3271 3011 ἐθίσας
3322 2950 3398 3012 εἷς
3448 2950 3537 3003 τὰς
3583 2967 3839 3022 προειρη-

2152 3033 2311 3105 μὲνας
2340 3034 2555 3110 ἀρετὰς,
2606 3037 2640 3105 ἤ
2692 3035 2923 3092 ἀπόλλει
2972 3039 3071 3107 τὴν
3122 3039 3303 3113 χάριν·
3357 3038 3391 3107 ἢ
3444 3033 3705 3111 λαμϐάνει
3750 3037 3844 3090 κῖιῖ

2152 3124 2357 3193 πίπτει,
2400 3124 2434 3193 ἢ
2486 3124 2545 3179 οὐ
2595 3127 2894 3201 προκόπτει
2954 3125 3415 3204 ὑψηλοφρονήσας
3451 3125 3675 3196 ’ἐπειδὴ
3730 3130 3849 3187 ταῖς

2153 3210 2400 3273 ἐντολαῖς
2458 3219 2555 3269 τοῦ
2615 3214 2814 3289 Κυρίου
2868 3216 3054 3271 ἐαυτὸν
3114 3215 3174 3270 ἐκ
3232 3216 3597 3290 προαιρέσεως
3647 3216 3706 3271 οὐ
3764 3214 3851 3269 δί-

2152 3299 2308 3357 δωσι.
2353 3303 2423 3357 Τὸ
2482 3305 2584 3379 γὰρ
2634 3307 3064 3379 κατοικητήριον
3118 3307 3152 3374 ἧ
3192 3307 3485 3367 ἀνάπαυσις
3537 3310 3632 3361 τοῦ
3683 3304 3855 3359 Πνεύ-

2154 3413 2342 3463 ματος,
2388 3393 2421 3461 ἠ
2480 3392 2955 3471 ταπεινοφροσύνη
3011 3396 3148 3462 ἐστὶ,
3204 3396 3293 3449 καί.
3338 3398 3371 3464 ἡ
3423 3395 3626 3470 ἀγάπη,
3678 3396 3763 3448 καὶ
3813 3397 3851 3464 ἡ

2150 3483 2417 3555 πραότης,
2476 3483 2563 3537 καὶ
2624 3484 2679 3537 αἱ
2742 3482 2931 3539 λοιπαὶ
2992 3490 3089 3539 τοῦ
3136 3486 3335 3559 Κυρίου
3385 3484 3628 3543 ἔντολαί.
3672 3485 3856 3563 Ὀφεί-

2152 3570 2340 3626 λουσιν
2400 3572 2492 3626 υύν
2558 3572 2888 3647 βουλόμενοι
2947 3575 2997 3644 ἐξ
3064 3574 3325 3645 ἀληθείας
3378 3576 3730 3649 εὐαρεστῆσαι
3773 3581 3854 3645 τῷ

2152 3667 2290 3732 Θεῷ,
2341 3664 2431 3716 καὶ
2482 3662 2728 3733 δέξασθαι
2777 3671 2901 3739 παρ’
2938 3666 3106 3720 αὐτοῦ
3147 3668 3245 3735 τὴν
3293 3667 3612 3740 ἐπουράνιον
3663 3668 3853 3743 χάριν,

2156 3749 2244 3802 καὶ
2278 3749 2500 3820 αὐξῆσαι
2554 3753 2643 3805 καὶ
2690 3751 2978 3808 τελειῶσαι
3028 3755 3078 3808 ἐν
3132 3760 3210 3825 τῷ
3259 3755 3396 3830 ἁγίῳ
3446 3756 3716 3828 Πνεύματι
3760 3749 3853 3811 καἱ

2155 3839 2431 3910 βιάζεσθαι
2500 3847 2717 3915 πρῶτον
2776 3844 2960 3898 ἑαυτὸν
3019 3842 3307 3921 φυλάσσειν
3367 3846 3539 3907 πάσας
3597 3846 3689 3907 τας
3737 3847 3856 3921 ἀρε·

2149 3928 2267 3997 τὰς,
2318 3930 2407 3982 καὶ
2452 3932 2525 4001 μή
2580 3930 2845 4002 θελούσης
2894 3940 2994 4001 τῆς
3042 3932 3289 4007 καρδίας,
3338 3936 3475 3989 κατά
3515 3936 3578 3989 τὸ
3626 3936 3852 4009 εἰρημέ-

2151 4038 2259 4070 νονο
2313 4020 2407 4070 Διά
2452 4022 2613 4073 τοῦτο
2679 4023 2816 4093 πρὸς
2881 4023 3055 4086 πάσας
3116 4024 3211 4083 τάς
3287 4022 3512 4086 ἐντολάς
3568 4044 3662 4077 σου
3728 4046 3853 4079 κατι

2152 4109 2463 4181 ωρθούμην.
2542 4109 2638 4171 Ὡς
2715 4111 2817 4185 γάρ
2881 4132 2963 4172 τις
3033 4112 3107 4173 εἰς
3172 4114 3270 4181 την
3355 4113 3675 4188 καρτέρησιν
3747 4122 3847 4183 τῆς

2153 4198 2323 4271 εὐχῆς
2360 4201 2597 4274 βιάζεται
2647 4198 2835 4255 ἑαυτὸν
2886 4202 2973 4255 καὶ
3032 4201 3190 4277 ἄγχει
3244 4201 3347 4264 ἓως
3406 4204 3468 4257 οὗ
3527 4206 3840 4278 amem“?!

2150 4288 2333 4343 τοῦτο’
2396 4290 2607 4360 ὁμοίως
2667 4291 2743 4352 εἰς
2802 4292 2976 4345 πάντα
3031 4294 3097 4346 τά
3153 4299 3251 4361 τῆς
3308 4292 3504 4365 ἀρετῆς
3562 4291 3848 4363 ἐπιτηδεύ-

2154 4399 2294 4450 ματα
2365 4380 2601 4453 βιάζεται
2672 4381 2859 4435 ἑαυτὸν
2936 4380 3024 4435 καὶ
3083 4379 3266 4455 ἄγχει,
3334 4382 3423 4436 καὶ
3489 4379 3652 4451 ἐθίζει
3727 4379 3843 4443 ἔθος

2150 4469 2365 4543 ἀγαθόν·
2416 4469 2505 4522 καὶ
2556 4468 2731 4525 οὕτως
2782 4470 3103 4545 αἰτούμενος
3159 4473 3248 4527 καὶ
3303 4469 3558 4544 δεόμενος
3601 4476 3693 4525 τοῦ
3743 4479 3838 4524 Κυ-

2150 4558 2273 4626 ρίου
2323 4554 2635 4627 διαπαντὸς,
2690 4558 2779 4613 καὶ
2837 4561 3019 4635 τυχὼν
3065 4567 3164 4629 τῆς
3224 4560 3514 4630 αἰτήσεως,
3562 4558 3692 4627 αὔξει
3744 4558 3828 4612 καί

2151 4644 2307 4700 θαλεῐ
2336 4646 2386 4700 ἐν
2419 4646 2565 4719 αὐτῷ
2618 4648 2679 4702 τὸ
2731 4648 2979 4721 χάρισμα
3016 4654 3113 4703 τοῦ
3148 4649 3485 4721 Πνεύματος,
3511 4649 3566 4703 τὸ
3595 4648 3837 4722 χάρισμα

2148 4736 2211 4789 τὸ
2270 4736 2527 4809 χαρισθὲν
2587 4737 2734 4808 αὐτῷ
2795 4736 3194 4810 ἐναπαυόμενον
3255 4737 3307 4792 ἐν
3372 4743 3441 4803 τῆ
3497 4742 3844 4813 ταπεινοφρο-

2155 4826 2288 4899 σύνῃ
2322 4826 2506 4889 αὐτοῦ,
2549 4826 2638 4879 καὶ
2670 4825 2720 4880 ἐν
2761 4832 2878 4888 ταῖς
2914 4825 3134 4891 λοιπαῖς
3187 4830 3420 4903 ἀρεταῖς,
3470 4831 3557 4883 καί
3612 4825 3846 4882 διδάσκει

2154 4914 2314 4968 αὐτὸν
2349 4914 2613 4986 ἀληθινὴν
2652 4916 2894 4988 ἀγάπην,
2947 4917 3207 4987 ἀληθινῆν
3251 4918 3550 4990 πραότητα,
3602 4920 3669 4988 ἢν
3718 4938 3847 4987 προ-

2154 4998 2413 5059 εϐιάσατο
2445 5006 2531 5059 καὶ
2569 5004 2799 5076 ἐζήτησε
2825 5026 2837 5037 ⁸
2870 5007 2959 5060 καὶ
2991 5008 3167 5070 οὕτως
3211 5008 3443 5077 αὐξήσας
3492 5008 3582 5061 καὶ
3629 5005 3849 5062 τελειω-

2154 5093 2261 5155 θεὶς
2312 5093 2362 5147 ἐν
2415 5100 2532 5165 Θεῷ
2582 5094 2930 5170 κληρονόμος
2978 5100 3076 5166 τῆς
3127 5098 3406 5171 βασιλείας
3455 5103 3562 5152 τῶν
3614 5097 3843 5174 οὐρανῶν

2152 5183 2412 5252 ἀξιοῦται.
2484 5188 2540 5237 ‘0
2605 5185 2706 5261 γὰρ
2794 5186 3046 5247 ταπεινὸς
3112 5184 3367 5241 οὐδέποτε
3455 5188 3661 5243 πίπτει.
3742 5189 3848 5240 Ποῦ

2152 5272 2255 5348 γὰρ
2302 5277 2481 5327 πεσεῖν
2533 5267 2649 5347 ἕχει
2703 5274 2957 5329 ὑποκάτω
3008 5276 3221 5329 πάντων
3273 5273 3385 5343 (in;
3441 5274 3655 5351 μεγάλη
3704 5274 3851 5347 ὕψω-

2153 5382 2231 5423 σις
2298 5365 2332 5431 ἡ
2392 5364 2715 5427 ταπείνωσις
2748 5383 2761 5395 ·
2796 5364 2884 5418 καὶ
2932 5365 3208 5437 τιμιότης,
3267 5367 3353 5419 καὶ
3414 5365 3629 5437 ἀξίωμα
3675 5367 3707 5433 ἡ
3748 5385 3849 5418 τα-

2150 5451 2571 5529 πεινοφροσῦνη.
2634 5452 2931 5526 Ἐθίσωμεν
2978 5452 3067 5507 οῦν
3128 5454 3217 5507 καὶ
3267 5455 3431 5528 ἡμεῖς
3487 5454 3704 5522 αὐτοὺς,
3759 5454 3845 5507 καί

2152 5539 2397 5618 ἄγξωμεν
2469 5543 2545 5605 εἰς
2610 5542 2707 5613 τὴν
2775 5543 3295 5619 ταπεινοφροσύνην,
3370 5546 3456 5600 καὶ
3519 5544 3596 5617 μή
3655 5542 3841 5599 θελούο
