4130 6286
358 412 468 471 841

1410 414 1649 476 LIBER
1696 417 1797 476 DE
1844 416 2386 477 PERFECTIONE
2432 416 2505 473 ΙΝ
2553 412 2866 473 SPittlTU

3760 410 3877 469 842

359 564 460 613 σης
509 549 609 611 τῆς
657 539 881 616 καρδίας
930 545 1116 616 ἡμῶν,
1159 542 1406 616 δεόμενοι
1471 545 1560 599 καί
1627 546 2064 620 παρακαλοῦντες

2185 547 2438 602 Humilis
2481 546 2637 601 enim
2687 559 2985 615 nunquam
3035 544 3220 611 cadit;
3274 561 3389 616 quo
3436 544 3590 601 enim
3649 542 3879 599 caderet

358 634 451 688 τὸν
492 635 620 689 Θεὸν
662 632 716 687 ἐν
766 631 941 687 πίστει
993 634 1080 687 καὶ
1132 632 1311 688 ἐλπίδι
1363 636 1452 689 καὶ
1484 635 1666 711 ἀγάπῃ
1702 633 2067 698 ἀδιαλείπτως

362 723 415 778 ἐν
460 727 529 796 τῇ
576 721 881 798 προσδοκίᾳ
946 722 1139 797 ταύτῃ,
1190 722 1280 779 ’ίνα
1351 725 1647 792 ἀποστείλῃ
1719 726 1783 781 τὸ
1850 732 2068 800 Πνεῦμα

362 813 528 867 αὐτοῦ
556 812 630 872 εἰς
663 811 755 873 τὰς
785 808 1006 880 καρδίας
1056 814 1215 884 ἡμῶν
1253 832 1262 841 ·
1302 810 1391 865 ’ίνα
1440 813 1715 886 εὑξώμεθα
1761 815 1849 867 καὶ
1907 836 2069 887 προσ-

356 903 679 973 κυνήσωμεν
750 900 800 953 ἐν
877 900 1147 973 Πνεύματι
1213 904 1292 971 τῷ
1357 901 1569 972 Πατρίο

357 994 580 1062 Πνεῦμα
630 988 846 1060 εὔξηται
893 990 944 1043 ἐν
990 992 1127 1062 ἡμῖν
1159 1033 1170 1043 .
1215 988 1310 1043 ’ίνα
1359 991 1490 1045 αὐτὸ
1521 992 1583 1045 τὸ
1618 996 1834 1064 Πνεῦμα
1875 990 2062 1064 διδάξῃ

356 1082 504 1151 ἡμᾶς
572 1079 744 1157 εὐχὴν
808 1077 1100 1149 ἀληθινήν,
1167 1079 1686 1155 ταπεινοφροσύνην,
1763 1082 2064 1155 πραότητα,

358 1166 594 1243 ἀγάπην,
636 1169 669 1222 ἃ
696 1172 783 1223 νῦν
818 1175 954 1242 μετᾶ
997 1169 1117 1242 βίας
1169 1170 1230 1223 οὐ
1272 1166 1543 1234 δυνάμεθα
1593 1166 1791 1241 ποιεῖν,
1851 1171 2064 1248 σπλάγο

357 1275 465 1332 χνα
516 1257 837 1332 οἰκτιρμῶν,
897 1254 1274 1332 χρηστότητα,
1317 1260 1403 1313 καὶ
1456 1259 1628 1321 πάσας
1686 1260 1781 1321 τὰς
1839 1260 2066 1323 ἐντολὰς

1640 902 1729 955 καὶ
1788 903 1920 957 αὐτὸ
2005 904 2067 958 τὸ

356 1352 453 1401 τοῦ
502 1349 709 1421 Κυρίου
774 1345 962 1421 διδάξῃ
1014 1350 1161 1420 ἡμᾶς
1208 1351 1435 1413 ποιῆσαι
1486 1349 1534 1417 ἐξ
1588 1348 1871 1419 ἀληθείας,
1929 1350 2065 1405 ἀπό-

362 1459 469 1491 νων
510 1431 904 1498 καὶάϐιάστως
944 1457 954 1468 ·
1027 1436 1102 1497 ὡς
1160 1437 1297 1491 αὐτὸ
1351 1438 1414 1491 τὸ
1471 1428 1689 1510 Πνεῦμα
1746 1436 1860 1493 οἶδε
1917 1439 2066 1509 πλη-

357 1530 484 1600 ροῦν
525 1529 672 1597 ἡμᾶς
700 1531 819 1589 τοῖς
865 1530 1097 1596 καρποῖς
1155 1526 1320 1581 αὐτοῦ
1355 1545 1367 1557 ·
1428 1527 1516 1579 καὶ
1584 1525 1755 1588 οὕτως
1815 1532 1921 1582 τῶν
1982 1528 2059 1583 ἐν·

356 1613 537 1669 τολῶν
575 1618 671 1669 τοῦ
732 1615 931 1688 Κυρίου
1007 1613 1406 1687 πληρωθεισῶν
1456 1614 1540 1694 ἐφ’
1603 1616 1737 1688 ἡμῖν
1789 1614 1876 1670 διὰ
1972 1622 2062 1672 τοῦ

360 1703 669 1775 Πνεύματος
726 1703 910 1770 αὐτοῦ,
945 1707 1040 1758 τοῦ
1104 1704 1271 1775 μόνου
1327 1704 1687 1780 γινώσκοντος
1745 1706 1807 1759 τὸ
1846 1704 2063 1778 θέλημα

354 1796 451 1846 τοῦ
504 1793 761 1865 Χριστοῦ,
807 1793 897 1845 καὶ
963 1792 1345 1866 καθαρίζοντος
1412 1796 1559 1865 ἡμᾶς
1618 1794 1723 1848 ἀπὸ
1786 1799 1882 1848 τοῦ
1938 1797 2059 1850 σπί-

2180 637 2279 707 qui
2323 637 2472 690 intra
2501 635 2694 689 omnia
2723 632 2848 687 est?
2878 633 3085 704 Magna
3115 632 3383 688 exaltatio
3430 633 3727 689 humilitas
3757 637 3873 698 est;

2179 741 2450 779 summus
2490 722 2728 777 honoris
2761 738 2925 792 apex,
2969 722 3192 779 excelsa
3222 723 3495 795 dignitas,
3528 723 3617 777 sui
3660 722 3876 778 demis-

2179 814 2289 868 sio.
2337 813 2812 867 Assuefaciamus
2856 828 2988 880 ergo
3031 828 3159 877 nos,
3193 817 3250 865 et
3294 811 3351 867 vi
3394 815 3568 866 etiam
3615 811 3879 866 adhibita

2176 919 2457 973 cogamus
2496 902 2565 955 ad
2598 901 2912 970 submisse,
2952 899 3182 956 nolente
3214 903 3390 955 etiam
3431 901 3604 957 corde
3659 906 3875 967 nostro,

2177 994 2248 1047 de
2280 991 2445 1046 nobis
2479 989 2885 1056 sentiendum;
2935 990 3237 1059 Deumque
3287 1005 3417 1044 cum
3468 989 3601 1057 fide,
3662 1007 3763 1060 spe
3813 1006 3878 1044 ac

2177 1082 2458 1139 charitate
2515 1080 2912 1135 indesinenter
2967 1080 3361 1147 obsecrantes,
3420 1080 3479 1134 in
3541 1080 3880 1150 longanima

2176 1172 2628 1244 exspectatione,
2684 1176 2745 1225 ut
2796 1170 2988 1225 mittat
3038 1169 3321 1240 Spiritum
3371 1185 3543 1224 suum
3594 1170 3653 1224 in
3703 1170 3879 1225 corda

2178 1267 2397 1327 nostra,
2446 1268 2770 1329 ut_oremus
2810 1264 2867 1313 et
2909 1259 3215 1314 adoremus
3251 1257 3308 1312 in
3353 1258 3568 1328 Spiritu
3616 1258 3876 1325 Patrem;

2174 1360 2226 1406 et
2261 1352 2381 1421 ipse
2412 1350 2666 1421 Spiritus
2697 1352 2820 1404 oret
2852 1349 2910 1402 in
2964 1346 3163 1415 nobis;
3219 1352 3282 1401 ut
3329 1347 3481 1402 idem
3531 1347 3654 1418 ipse
3693 1346 3875 1417 Spiri-

2174 1444 2267 1494 tus
2340 1441 2541 1493 doceat
2618 1454 2722 1493 nos
2790 1438 3111 1492 orationem
3169 1452 3391 1502 veram,
3464 1435 3874 1503 humilitatem,

2175 1528 2708 1587 mansuetudinem.
2757 1526 3094 1580 charitatem
3127 1543 3140 1580 :
3174 1542 3317 1595 quas
3368 1542 3544 1587 nunc,
3596 1524 3649 1577 vi
3702 1525 3873 1579 etiam

2174 1617 2454 1683 adhibita,
2494 1617 2646 1671 169
2686 1616 2777 1671 vix
2815 1616 3075 1671 valemus
3112 1630 3394 1681 exercere,
3439 1613 3655 1668 viscera
3693 1614 3874 1669 mise-

2174 1706 2453 1772 ricordia,
2517 1706 2955 1777 benignitatem,
3008 1709 3063 1759 et
3114 1720 3317 1759 omnes
3380 1702 3667 1757 mandatis
3724 1719 3872 1771 prae-

2172 1796 2389 1866 criptas
2432 1795 2655 1849 Domini
2709 1794 2889 1848 bonas
2919 1793 3305 1863 operationes,
3340 1793 3482 1846 citra
3513 1792 3767 1847 laborem
3810 1808 3875 1844 ac

357 1878 458 1934 λου
546 1884 647 1945 τῆς
726 1880 1016 1953 ἁμαρτίας,
1077 1881 1256 1955 ὥσπερ
1332 1882 1545 1960 νύμφας
1598 1882 1769 1944 καλάς
1827 1885 2060 1957 καθαρὰς

2178 1884 2285 1938 vim
2343 1898 2649 1948 exercere;
2682 1898 2794 1952 quo
2828 1883 3000 1937 modo
3040 1882 3267 1935 divinus
3300 1880 3395 1935 ille
3434 1880 3688 1950 Spiritus
3721 1880 3877 1935 novit

354 1968 444 2023 καὶ
493 1968 763 2041 ἀμώμους
837 1971 1158 2044 παραστήσῃ
1246 1966 1343 2040 τῷ
1408 1972 1644 2043 Χριστῷ,

354 2079 462 2111 νων
494 2058 655 2127 ἡμῶν
690 2055 743 2111 ἐν
777 2062 915 2128 Θεῷ,
947 2058 1038 2111 καὶ
1090 2056 1504 2131 ἀναπαυομένου
1560 2065 1657 2115 τοῦ
1713 2062 1949 2133 Χριστοῦ
2008 2062 2058 2115 ἐν

1731 1972 1969 2027 ἀναπαυο
1979 1976 2061 2045 μὲ-

355 2150 488 2220 ἠμῖν
526 2149 600 2210 εἰς
649 2150 774 2209 τοὺς
825 2148 1153 2221 ὀπεράντους
1212 2149 1428 2211 αἰῶνας.
1485 2151 1621 2219 Δόξα
1676 2148 1797 2213 τοῖς
1855 2152 2059 2225 οἴκτιρ-

361 2243 487 2309 μοῖς
543 2238 733 2299 αὐτοῦ,
764 2238 854 2291 καὶ
912 2242 990 2309 τῷ
1046 2235 1206 2305 ἐλέει,
1241 2239 1329 2291 καὶ
1385 2242 1453 2311 τῇ
1512 2239 1694 2314 ἀγάπῃ
1756 2241 1944 2309 αὐτοῦ,
1979 2243 2059 2296 δτι

360 2327 434 2387 εἷς
480 2327 749 2396 τοσαύτην
796 2330 964 2400 τιμὴν
1025 2327 1326 2400 κατηξίωσε
1385 2329 1447 2382 τὸ
1506 2329 1841 2402 ἀνθρώπινον
1881 2333 2061 2404 γένος,

355 2412 529 2475 ῗδίους
589 2413 859 2491 ἀδελφούς
915 2416 1005 2469 καὶ
1083 2417 1234 2477 υἱοὺς
1296 2415 1502 2489 ΙΙατρὸς
1560 2415 1883 2491 ἐπουρανίου
1929 2439 2061 2473 κατ-

357 2501 517 2570 αξιῶν
593 2502 679 2555 καὶ
758 2502 1179 2577 προσαγορεύών
1213 2546 1224 2559 .
1261 2504 1397 2574 Δόξα
1455 2507 1534 2575 τῷ
1592 2504 1783 2578 Πατρὶ,
1840 2507 1928 2558 καὶ
1986 2510 2063 2575 τῷ

357 2591 487 2661 Υἱῷ,
546 2593 637 2644 καὶ
694 2595 772 2661 τῷ
833 2592 970 2665 ἁγίῳ
1028 2592 1321 2665 Πνεῦματι,
1365 2594 1439 2655 εἰς
1509 2595 1636 2656 τοὺς
1692 2596 1888 2658 αἰῶνας
1954 2602 2059 2650 τῶν

358 2679 593 2736 αῗώνων.
626 2681 827 2754 Ἀμήν.

2170 1974 2414 2045 implere
2459 1990 2562 2028 nos
2605 1974 2774 2028 donis
2828 1975 2970 2027 suis.
3006 1970 3167 2026 Unde
3198 1972 3298 2026 ﬂet
3349 1976 3434 2038 ut,
3468 1970 3802 2041 adimpletis
3843 1988 3875 2024 a

2172 2065 2341 2119 nobis
2374 2063 2663 2118 mandatis
2693 2062 2792 2116 Dei
2829 2079 2925 2131 per
2954 2062 3237 2133 Spiritum
3270 2061 3478 2131 ipsius,
3511 2060 3602 2114 cui
3652 2060 3875 2130 Optime

2173 2154 2274 2209 uni
2307 2158 2602 2224 perspecta
2631 2158 2719 2207 est
2750 2152 3013 2207 voluntas
3053 2150 3285 2216 Christi,
3329 2151 3544 2222 quippe
3588 2166 3694 2204 nos
3735 2165 3873 2219 pur-

2171 2248 2331 2313 gata
2373 2244 2540 2299 sorde
2586 2244 2833 2315 peccati;
2891 2242 3042 2297 idem
3088 2258 3190 2297 nos
3236 2242 3390 2296 velut
3445 2257 3688 2311 sponsas
3740 2240 3869 2311 pul-

2173 2333 2343 2387 chras
2386 2349 2560 2403 puras
2594 2342 2646 2386 et
2690 2330 3227 2401 irreprehensibiles
3275 2330 3544 2384 exhibeat
3589 2330 3864 2394 Christo;

2174 2421 2679 2492 acquiescentibus
2724 2423 2889 2477 nobis
2944 2422 3001 2475 in
3062 2420 3197 2487 Deo,
3257 2430 3310 2475 et
3360 2418 3590 2473 Christo
3635 2418 3870 2488 acquie—

2174 2517 2369 2567 scente
2403 2511 2459 2565 in
2493 2511 2682 2577 nobis,
2717 2527 2905 2581 usque
2928 2509 2986 2564 in
3021 2509 3229 2565 saecula
3257 2508 3653 2564 interminata.
3680 2507 3874 2562 Gloria

2176 2599 2650 2654 miserationibus
2714 2600 2863 2669 ejus,
2932 2608 2985 2653 et
3056 2598 3396 2670 benignitati
3466 2613 3531 2650 ac
3601 2596 3868 2651 charitati

2174 2689 2382 2759 ipsius,
2435 2689 2587 2759 quod
2641 2689 2698 2742 in
2740 2692 2968 2742 tantum
3021 2686 3301 2742 honorem
3350 2701 3555 2741 vocare
3602 2684 3873 2755 dignatus

359 2778 445 2827 est
479 2789 662 2844 genus
696 2774 1047 2839 humanum,
1084 2776 1347 2846 proprios
1393 2777 1599 2832 fratres
1642 2781 1698 2832 et
1728 2776 1882 2833 ﬁlios
1922 2778 2111 2833 Patris
2150 2779 2397 2834 caelestis
2431 2794 2536 2835 nos
2576 2786 2633 2834 et
2674 2794 2803 2834 esse
2842 2779 3119 2850 dignatus
3146 2782 3203 2832 et
3242 2776 3611 2849 appellitans.
3653 2774 3870 2841 Gloria,

356 2860 621 2933 inquam,
659 2866 802 2919 Patri
834 2869 890 2919 et
918 2863 1058 2920 Filio
1089 2872 1141 2920 et
1172 2867 1413 2938 Spiritui
1444 2873 1669 2935 sancto,
1701 2867 1760 2921 in
1789 2867 1999 2923 saecula
2032 2870 2401 2925 saeculorum.
2432 2871 2635 2926 Amen.

357 3021 3243 3046 -—-—-——————————-—————————————————————————

634 3171 1858 3345 ΜΑΚΑΡΙΟΥ
1939 3178 2080 3344 Τ

2178 3176 2413 3347 )Υ
2496 3177 3590 3347 MEFAVOY

986 3475 1279 3569 HEPI
1361 3475 2087 3571 TEVEIOTHT

2186 3480 2249 3572 Σ
2337 3477 2497 3572 EN
2583 3477 3243 3572 ΠΝΕΥΜΑΤΙ

1994 3680 2231 3732 ΛΟΓΟΣ.

1328 4003 2136 4159 MACARH
2281 4003 2903 4158 MAGNI

1085 4300 1245 4410 DE
1367 4298 1594 4409 l’Elt
1626 4299 2177 4412 FECTION
2208 4302 2269 4411 Ε

2390 4302 2501 4413 ΙΝ
2621 4300 3156 4412 SPIRITU

1998 4506 2237 4563 LIBER.

432 4837 518 4888 A’.
578 4833 768 4906 Χάριτι
835 4836 928 4906 μὲν
992 4834 1082 4889 καὶ
1143 4832 1319 4910 δωρεᾷ
1382 4839 1477 4890 τοῦ
1554 4834 1866 4907 Πνεῦματος
1955 4835 2142 4907 θείᾳο

363 4919 585 4981 ἕκαστος
632 4924 792 4994 ἡμῶν
846 4925 944 4992 τὴν
988 4925 1263 4996 σωτηρίαν
1314 4923 1592 4999 πορίζεται
1628 4944 1640 4957 ·
1672 4923 1853 4978 πίστει
1896 4921 2070 4977 δὲκαὶ

362 5009 571 5085 ἀγάπῃ,
662 5010 830 5082 ἀγῶνί
910 5032 967 5065 τε
1051 5012 1417 5086 προαιρέσεως
1513 5011 1880 5081 αὐτεξουσίου,
1973 5016 2070 5066 τοῦ

360 5098 575 5153 τελείου
637 5098 834 5173 μὲτρου
890 5107 990 5167 τῆς
1058 5104 1252 5175 ἀρετῆς
1321 5101 1591 5181 ἐφικέσθαι
1650 5100 1868 5157 δύναται
1921 5120 1934 5133 ⁸
1994 5100 2069 5155 ’ίν⁹

368 5190 550 5263 ὥσπερ
606 5190 817 5262 χάριτι,
896 5188 1038 5243 οὕτω
1111 5191 1199 5244 xui
1276 5188 1585 5261 δικαιοσύνῃ
1665 5198 1764 5259 τῆς
1846 5190 2070 5245 αἰωνίου

364 5277 768 5351 κληρονομήσῃ
823 5282 969 5347 ζωῆς
1003 5296 1017 5311 ο
1075 5281 1149 5350 μή
1197 5276 1287 5333 διὰ
1337 5281 1509 5351 μόνης
1558 5286 1657 5346 τῆς
1707 5280 1850 5340 θείας
1910 5277 2071 5335 δυνά-

370 5370 512 5440 μεώς
550 5388 608 5421 τε
675 5368 766 5421 καὶ
817 5367 1072 5444 χάρινος,
1110 5368 1187 5439 μὴ
1237 5369 1327 5422 καὶ
1392 5369 1520 5431 τοὺς
1578 5366 1747 5428 ἰδίους
1807 5388 2065 5421 συνεισεν-

367 5456 541 5527 εγκὼν
609 5453 868 5530 ἱδρῶτας,
927 5464 1029 5526 τῆς
1084 5456 1283 5519 ωλείας
1350 5465 1635 5529 προκοπῆς
1704 5457 2018 5528 ἀξιούμενος
2054 5476 2065 5488 ο

375 5549 513 5619 μήτε
558 5546 725 5602 πάλιν
776 5547 834 5602 ἐκ
892 5549 1058 5621 μόνης
1107 5554 1206 5615 τῆς
1258 5547 1459 5609 οἰκείας
1509 5543 1747 5614 σπουδῆς
1789 5547 1877 5600 καὶ
1911 5543 2066 5600 δυνάο

370 5654 540 5707 μεως,
596 5638 672 5709 μὴ
724 5638 814 5691 καὶ
880 5636 1023 5699 θείας
1080 5634 1289 5691 ἄνωθεν
1354 5635 1798 5710 συνεφαπτούσης
1857 5634 2068 5709 χειρὸς,

367 5728 467 5778 τοῦ
511 5724 726 5779 τελείου
765 5732 865 5795 τῆς
914 5725 1220 5801 ἐλευθερίας
1270 5726 1489 5800 μέτρου,
1539 5726 1628 5780 καὶ
1686 5732 1784 5795 τῆς
1834 5725 2067 5799 καθαρό-

2251 4839 2291 4893 l.
2351 4837 2546 4893 Gratia
2604 4838 2840 4909 quidem
2898 4844 2955 4892 et
3014 4838 3321 4907 largitione
3378 4836 3630 4909 Spiritus
3685 4837 3881 4895 divina

2185 4928 2585 4998 unusquisque
2662 4932 2926 4982 nostrum
2997 4927 3246 4983 salutem
3308 4927 3695 4997 assequitur:
3766 4927 3881 4984 fide

2182 5031 2311 5069 vero
2344 5026 2395 5070 et
2447 5017 2728 5073 charitate
2772 5034 2836 5072 ac
2887 5018 3259 5071 contentione
3309 5014 3488 5073 libera
3536 5016 3627 5071 sui
3677 5026 3878 5089 polen-

2180 5105 2253 5159 tis
2288 5105 2511 5162 arbitrii
2556 5106 2938 5177 ad_j.perfectts
2987 5107 3213 5162 virtutis
3245 5108 3602 5163 mensuram
3652 5107 3873 5179 pertin-

2179 5210 2308 5266 gere
2341 5200 2587 5266 potest;:
2645 5201 2717 5263 ut.
2755 5197 2905 5250 sicut
2958 5196 3179 5268 gratia;
3204 5197 3285 5251 ita
3331 5196 3879 5267 etjjustitia,‘_a3ter-

2181 5303 2263 5339 nae
2324 5285 2970 5356 hareditatemacapiat
3025 5285 3213 5340 vitae:
3276 5294 3501 5357 neque,
3524 5302 3622 5356 per
3694 5282 3875 5337 solam

2180 5375 2436 5429 divinam
2468 5375 2759 5445 .virtutem
2808 5385 2862 5429 et
2902 5375 3531 5447 gratiam,r.ahsque,eo
3564 5372 3715 5442 quod
3749 5386 3877 5440 pro-

2181 5463 2337 5533 prios
2394 5469 2451 5518 et
2500 5465 2623 5534 ipse
2676 5466 2934 5519 conferat
2990 5465 3258 5532 sudores,
3318 5463 3567 5533 perfecto
3616 5460 3871 5528 profectu

2179 5551 2387 5619 dignus
2410 5552 2701 5623 _habitus_:
2756 5570 2939 5623 neque
2974 5570 3191 5623 ,rursus
3222 5551 3343 5608 solo
3394 5548 3628 5621 proprio
3659 5545 3871 5613 studio.

2179 5640 2398 5711 absque
2445 5657 2694 5714 superne
2742 5648 3087 5715 cooperante
3136 5640 3332 5696 divina
3381 5653 3559 5694 manu
3610 5636 3874 5708 perfectas

2180 5728 2465 5789 libertatis
2514 5733 2730 5804 apicem
2772 5739 2829 5790 et
2876 5731 3172 5805 puritatis,
3232 5729 3546 5800 attingens.
3597 5724 3891 5785 Nisiem'm

3780 6032 3879 6099 ἐν
