4130 6286
315 300 433 359 843

1653 302 1715 362 S.
1766 299 2107 363 MACARII
2153 294 2492 357 xEGYPTIl

3720 291 3873 349 δια

313 432 573 486 Dominus
620 432 972 502 aediﬁcaverit
1014 434 1233 488 domum
1279 442 1330 489 et
1373 436 1700 491 custodierit
1738 436 2007 491 civitatem

2131 432 2296 499 τητος
2339 424 2717 503 ἐφικνούμενος
2752 438 2765 453 ⁸
2814 423 2939 478 Ἐὰν
2999 424 3101 498 γὰρ
3154 423 3230 494 μή
3288 423 3490 496 Κύριος
3540 418 3879 493 οἰκοδομή-

310 520 372 572 in
424 535 627 575 vanum
678 520 942 592 vigilavit
998 522 1303 577 custodiens
1360 522 1406 559 ²²
1449 541 1463 591 ;
1520 524 1738 579 frustra
1807 525 2016 594 pariter

314 606 462 663 fabri
494 609 913 680 architectique
942 609 1303 667 laborarunt.

383 823 450 878 Il.
504 822 903 898 Interrogatio.
956 827 1084 896 Qua:
1130 826 1202 881 sit
1260 828 1512 883 voluntas
1560 829 1677 897 Dei,
1732 828 1801 883 ad
1852 845 2015 900 quam

311 912 518 968 scilicet
564 912 813 969 hortatur
853 922 903 970 et
939 924 1197 985 provocat
1246 917 1526 988 Apostolus
1578 934 2016 991 unumquemque

313 1001 633 1058 contendere
644 1006 672 1056 ?

379 1111 696 1183 Responsio.
752 1112 1007 1170 Perfecta
1059 1114 1279 1186 peccati
1338 1116 1627 1188 purgatio,
1689 1122 1746 1173 et
1798 1133 1831 1171 a
1888 1131 2019 1188 pas—

313 1199 577 1256 sionibus
609 1201 943 1271 ignominiaa
974 1202 1233 1272 libertas,
1268 1208 1324 1259 et
1364 1207 1579 1262 summi
1612 1205 1845 1261 virtutis
1893 1205 2016 1275 api-

309 1288 393 1344 cis
433 1290 897 1361 comprehensio.
942 1291 1105 1358 Quod
1145 1300 1232 1348 est
1275 1294 1540 1365 purgatio
1582 1299 1638 1350 et
1684 1296 2020 1352 sanctiﬁca-

308 1376 390 1433 tio
440 1379 652 1447 cordis,
704 1395 829 1450 quze
883 1396 983 1451 per
1029 1380 1419 1437 interventum
1474 1384 1708 1453 perfecti
1740 1396 1797 1440 et
1837 1384 2016 1439 divini

310 1466 558 1538 Spiritus
594 1467 653 1522 in
704 1468 915 1524 ﬁducia
966 1470 1293 1527 certissima
1342 1471 1424 1529 ﬁt.
1474 1474 1660 1539 Beati,
1706 1474 1861 1529 enim
1912 1474 2014 1542 ait,

307 1555 501 1612 mundi
556 1557 736 1624 corde,
795 1558 1057 1629 quoniam
1113 1562 1217 1630 ipsi
1274 1562 1447 1616 Deum
1493 1564 1759 1617 videbunt
1816 1562 1879 1616 ²⁸.
1914 1566 2015 1619 Et:

306 1647 503 1705 Estote.
537 1651 593 1701 et
641 1662 747 1702 nos
796 1651 853 1702 et
906 1664 1027 1714 vos,
1086 1651 1334 1718 perfecti,
1392 1649 1535 1706 sicut
1590 1653 1761 1706 Pater
1821 1661 2011 1707 noster

310 1735 537 1790 cretestis
572 1738 854 1805 perfectus
886 1741 962 1792 est
1010 1736 1075 1791 9‘.
1120 1738 1218 1792 Et:
1267 1741 1411 1808 Fiat,
1461 1740 1674 1812 inquit,
1704 1758 1797 1798 eor
1832 1758 2018 1797 meum

305 1824 733 1880 immaculatum
773 1827 833 1880 in
882 1826 1383 1896 justiﬁcationibus
1436 1831 1569 1897 tuis,
1628 1839 1687 1886 ut
1733 1846 1839 1887 non
1897 1846 2007 1886 con'

2129 1843 2241 1885 νιος
2272 1821 2491 1882 τάλειός
2534 1822 2645 1877 ἐστι
2679 1840 2691 1853 '
2725 1820 2813 1877 καὶ
2849 1841 2863 1856 ο

304 1915 513 1984 [undar
542 1914 606 1971 ’5.
647 1917 712 1970 Et
745 1932 978 1971 rursus:
1023 1918 1165 1972 Tunc
1202 1934 1311 1973 non
1352 1922 1689 1991 oon/undar,
1735 1937 1859 1977 eum
1896 1938 2017 1992 per-

306 2019 530 2075 spexero
578 2008 636 2060 in
695 2006 944 2061 omnibus
1000 2008 1285 2063 mandatis
1321 2011 1432 2064 tuis
1490 2010 1554 2065 ²⁶.
1610 2012 1824 2067 Iterum
1880 2027 2018 2082 quo-

307 2110 418 2164 que
458 2095 530 2149 ad
563 2094 1041 2166 interrogantem.
1087 2096 1251 2153 170
1283 2098 1413 2167 Quis
1459 2101 1708 2155 ascendet
1755 2099 1823 2155 ad
1861 2116 2015 2156 mon-

309 2185 419 2236 tem
456 2185 717 2238 Domini?
756 2185 1090 2252 respondet:
1134 2187 1404 2242 Innocens
1442 2187 1698 2243 manibus
1724 2193 1775 2244 et
1813 2189 2016 2245 mundo

310 2271 467 2326 corde
525 2270 626 2328 27:
690 2274 907 2344 peccati
986 2276 1139 2345 quod
1208 2276 1293 2331 vel
1363 2277 1716 2347 operatione,
1782 2280 1869 2333 vel
1927 2279 2015 2333 in-

316 2364 482 2416 terno
541 2362 858 2418 voluntatis
916 2380 1155 2420 assensu
1215 2366 1621 2434 consciscitur,
1700 2369 2015 2439 perfectam

309 2465 410 2519 per
441 2449 549 2505 hoc
579 2451 924 2522 signiﬁcans
957 2452 1352 2509 abolitionem.

383 2646 477 2701 llI.
528 2647 645 2703 Sub
693 2656 990 2718 aspectum
1043 2668 1156 2705 non
1204 2653 1479 2709 cadentes
1522 2655 1766 2712 affectus
1814 2660 1873 2712 et
1920 2673 2014 2712 oo-

309 2734 469 2790 culta
526 2738 735 2791 animm
780 2739 970 2792 sciens
1022 2739 1272 2809 Spiritus
1331 2747 1567 2799 sanctus
1616 2754 1817 2800 euratu
1888 2762 2016 2802 esse

312 2824 593 2890 difﬁcilia,
654 2828 869 2898 quippe
927 2845 1054 2898 quas
1115 2830 1225 2900 ipsi
1283 2831 1461 2886 veluti
1533 2835 1767 2903 penitus
1830 2836 2013 2891 inhae-

309 2920 534 2982 reant;
598 2932 698 2985 per
766 2915 1041 2972 Davidem
1122 2922 1392 2988 ostendit,
1456 2926 1743 2992 quomodo
1812 2941 2011 2981 earum

308 3003 777 3061 administranda
830 3007 1093 3078 purgatio
1138 3009 1234 3070 sit,
1283 3010 1619 3067 dicentem:
1667 3014 1744 3067 Ab
1791 3016 2015 3071 occultis

303 3093 437 3146 meis
473 3094 681 3147 munda
729 3109 812 3150 me
862 3094 1086 3150 Domine
1133 3094 1204 3150 '9:
1255 3113 1356 3167 per
1396 3116 1521 3169 quis
1571 3102 1746 3157 verba
1796 3101 2008 3172 innuit,

2133 539 2199 591 σῃ
2252 516 2427 582 οἶκον,
2482 515 2571 568 καὶ
2616 510 2828 592 φυλάξῃ
2867 509 3058 580 πόλιν,
3105 509 3185 572 εἷς
3247 509 3420 581 μάτην
3488 510 3875 584 ἠγρύπνησεν

2128 608 2155 661 6
2224 605 2536 679 φυλάσσων,
2599 603 2626 656 6
2689 605 2898 656 κοπιῶν
2966 599 3055 655 καὶ
3125 597 3455 674 οἰκοδομῶν,
3520 598 3596 662 εἷς
3666 599 3874 673 μάτην

2127 695 2358 769 ὁμοίως.

2200 823 2275 877 Β’.
2335 820 2659 893 Ἐρώτησις.
2728 817 2789 872 Τί
2853 818 2907 872 εὸ
2972 816 3189 889 θέλημα
3247 820 3347 869 τοῦ
3419 819 3572 883 Θεοῦ,
3632 815 3772 887 πρὸς
3830 815 3865 869 ὃ

2128 907 2307 980 δήπου
2338 909 2699 983 προτρέπεται
2730 906 2817 961 καὶ
2852 904 3163 982 παρακαλεῖ
3193 906 3220 960 6
3246 903 3584 967 Ἀπόστολος
3614 900 3863 959 ἕκαστον

2127 1001 2288 1072 ἡμῶν
2322 1000 2547 1076 φθάσαι.

2198 1107 2537 1181 Ἀπόκρισις.
2596 1110 2656 1160 Ἠ
2735 1102 2919 1159 τελεία
3003 1110 3104 1170 τῆς
3205 1101 3471 1176 ἁμαρτίας
3554 1100 3861 1173 κάθαρσις,

2126 1198 2215 1250 καὶ
2248 1202 2354 1250 τῶν
2388 1202 2487 1265 τῆς
2518 1193 2737 1267 ἀτιμίας
2767 1194 2953 1247 παθῶν
2987 1190 3288 1262 ἐλευθερία,
3319 1190 3410 1245 καὶ
3458 1192 3493 1260 ἡ
3525 1196 3624 1260 τῆς
3672 1189 3863 1263 ἄκρας

2125 1286 2321 1360 ἀρετῆς
2380 1283 2651 1357 ἀνάληψις
2714 1301 2729 1315 ⁶
2790 1282 2921 1357 ὅπερ
2999 1280 3139 1335 ἐστὶν
3216 1282 3243 1335 6
3313 1278 3672 1354 καθαρισμὸς,
3749 1279 3858 1333 καὶ

2126 1377 2153 1429 6
2213 1375 2449 1448 αγισμὸς
2511 1380 2613 1442 τῆς
2683 1368 2931 1447 καρδίας,
2989 1371 3016 1424 6
3078 1367 3165 1423 διὰ
3222 1375 3323 1438 τῆς
3387 1368 3674 1441 μετουσίας
3740 1375 3854 1423 τοῦ

2126 1462 2337 1518 τελείου
2400 1464 2490 1517 καὶ
2555 1463 2736 1516 θεϊκοῦ
2808 1460 3123 1533 Πνεύματος
3170 1456 3221 1512 ἐν
3282 1454 3642 1533 πληροφορίᾳ
3686 1458 3855 1533 γενό-

2130 1574 2290 1627 μενος
2325 1572 2341 1589 ⁸
2390 1552 2663 1627 Μακάριοι
2719 1552 2844 1626 γὰρ,
2896 1552 3083 1623 φησὶν,
3131 1549 3186 1603 οἱ
3234 1550 3461 1624 καθαροὶ
3512 1552 3579 1621 τῇ
3627 1547 3836 1624 καρδίᾳ

2127 1642 2212 1698 δτι
2279 1642 2431 1700 αὐτοὶ
2497 1645 2587 1700 τὸν
2658 1643 2785 1698 Θεὸν
2858 1637 3085 1714 ὄψονται
3137 1657 3150 1672 '
3220 1642 3311 1697 καί
3361 1659 3374 1672 ο
3446 1638 3680 1710 Γίνεσθε,
3748 1640 3853 1695 καὶ

2126 1735 2291 1807 ἡμεῖς
2331 1732 2420 1789 καὶ
2471 1734 2649 1806 ὑμεῖς,
2696 1730 2923 1802 τέλειοι,
2955 1732 3028 1793 ὡς
3076 1732 3104 1785 ὁ
3153 1731 3338 1805 Πατήρ
3389 1732 3551 1802 ἡμῶν
3594 1730 3622 1783 ὁ
3672 1729 3855 1807 οὖρά-

2924 1821 3235 1890 Γενηθήτω,
3298 1820 3489 1896 φησὶν,
3549 1820 3583 1888 ἡ
3640 1813 3851 1892 καρδία

2129 1933 2234 1985 μου
2300 1911 2535 1985 ἄμωμος
2595 1912 2646 1966 ἐν
2705 1916 2822 1971 τοῖς
2882 1908 3200 1985 δικαιώρασί
3263 1929 3381 1979 σου,
3441 1906 3591 1971 ὅπως
3646 1908 3706 1963 ἂν
3756 1909 3847 1980 μή

2124 2002 2401 2078 αἰσχυνθῶ
2440 2020 2453 2035 °
2514 2002 2601 2056 καὶ
2659 2000 2851 2063 αὖθις⁸
2904 2001 3032 2056 Τότε
3082 1999 3144 2055 οὐ
3197 2001 3272 2071 μή
3317 1998 3603 2073 αἰσχυνθῶ
3651 1996 3703 2053 έν
3755 2002 3848 2069 τῷ

2130 2115 2198 2168 με
2255 2089 2570 2149 ἐπιϐλέπειν
2632 2092 2719 2148 ἐπὶ
2792 2093 2966 2152 πάσας
3022 2092 3117 2154 τὰς
3196 2087 3417 2152 ἐντολάς
3494 2109 3589 2144 σου
3650 2107 3663 2121 ’
3742 2089 3845 2143 καὶ

2125 2186 2262 2259 πρὸς
2314 2186 2405 2238 τὸν
2470 2183 2757 2257 ἐρωτῶντα
2823 2179 2880 2237 δὲ
2944 2179 3107 2236 πάλιν
3146 2198 3158 2212 ’
3218 2182 3312 2242 Τίς
3365 2174 3689 2249 ἀναϐήσεται
3756 2180 3840 2241 εἱς

2125 2273 2187 2328 τὸ
2246 2269 2375 2345 ὅρος
2437 2276 2534 2327 τοῦ
2586 2270 2839 2345 Κυρίου;
2897 2270 3102 2331 Ἀθῶος
3177 2268 3388 2344 χερσίν,
3462 2267 3841 2341 ἀποκρίνεται,

2124 2362 2213 2417 καὶ
2263 2362 2495 2436 καθαρὸς
2549 2365 2617 2435 τῇ
2667 2356 2862 2432 καρδίᾳ
2920 2378 2932 2391 ·
2980 2366 3080 2428 τῆς
3148 2355 3236 2413 διὰ
3274 2358 3517 2433 πράξεως
3579 2358 3668 2412 καὶ
3716 2354 3837 2411 δια-

2125 2450 2274 2515 νοίας
2341 2452 2610 2526 ἁμαρτίας
2667 2452 2766 2519 τὴν
2827 2447 3040 2504 τελείαν
3098 2448 3337 2504 ἐντεῦθεν
3412 2444 3598 2518 δηλῶν
3684 2448 3841 2501 ἀναί-

2127 2559 2290 2612 pecu.

2196 2655 2266 2707 1".
2307 2649 2381 2703 Τὰ
2433 2649 2607 2721 ἀφανῆ
2668 2648 2837 2716 πάθη,
2880 2645 3033 2717 φησὶ,
3092 2647 3183 2700 καὶ
3238 2645 3441 2722 κρύφια
3495 2645 3558 2699 τὸ
3613 2647 3837 2716 Πνεῦμα

2121 2740 2183 2794 τὸ
2215 2741 2368 2815 ἅγιον
2424 2738 2780 2811 ἐπιστάμενον
2833 2735 3259 2792 δυσαπάλλακτα
3308 2730 3458 2805 ὅντα,
3514 2735 3597 2789 καὶ
3653 2734 3827 2789 οἷονιί

2121 2833 2190 2902 τῇ
2250 2830 2405 2902 ᾠυχῇ
2486 2827 2945 2903 κατερῥιζωμένα,
3003 2824 3091 2880 διὰ
3156 2829 3252 2881 τοῦ
3338 2819 3500 2879 Δαῦὶδ
3564 2820 3811 2893 δείκνυσι,

2125 2922 2238 2979 πῶς
2294 2916 2395 2992 ἄρα
2450 2916 2661 2972 τούτων
2719 2916 2977 2986 ποιητέον
3032 2917 3131 2983 τὴν
3186 2913 3441 2988 κάθαρσιν
3500 2933 3511 2946 ο
3569 2915 3661 2966 Ἐκ
3710 2915 3818 2965 τῶν

2122 3009 2362 3082 κρυφίων
2436 3029 2540 3082 μου
2606 3008 2706 3084 γὰρ
2774 3006 3064 3081 καθάρισόν
3141 3026 3228 3078 με,
3298 3004 3456 3082 φησίν
3515 3022 3527 3033 ·
3597 3002 3670 3065 ὡς
3735 2998 3826 3055 διὰ

2122 3097 2340 3163 πολλῆς
2379 3100 2488 3169 ,τῆς
2549 3095 2788 3168 δεήσεώς
2842 3116 2900 3150 τε
2946 3096 3037 3150 καὶ
3093 3095 3349 3163 πίστεως,
3380 3092 3470 3148 καὶ
3527 3098 3627 3159 τῆς
3691 3094 3824 3165 πρὸς

308 3199 483 3237 unam
518 3199 718 3238 carum
750 3187 1147 3241 sanandarum
1181 3188 1472 3244 efﬁcacem
1526 3206 1652 3245 esse
1697 3194 2007 3263 rationem,

2129 3188 2246 3242 θεὸν
2315 3187 2527 3248 τελείας
2585 3188 2782 3260 ῥοπῆς,
2849 3190 2919 3259 τῇ
2988 3185 3265 3259 συνεργείᾳ
3318 3186 3415 3237 τοῦ
3487 3182 3826 3252 Πνεόματος,

305 3274 615 3340 perlectam
665 3288 799 3325 cum
852 3274 1031 3328 multa
1083 3291 1246 3345 prece
1292 3293 1357 3331 ac
1407 3278 1519 3331 ﬁde
1570 3282 2008 3338 conversionem

308 3360 379 3412 ad
438 3360 652 3428 Deum;
715 3363 1111 3429 cooperatione
1174 3366 1478 3436 Spiritus;
1539 3371 1637 3424 sed
1702 3376 1893 3427 tamen
1954 3379 2011 3428 et

306 3448 476 3504 nobis
521 3449 580 3503 in
628 3450 781 3505 idem
833 3457 950 3506 toto
1006 3460 1217 3508 conatu
1263 3458 1687 3527 annitentibus,
1743 3467 1799 3515 et
1849 3464 2009 3518 omni

305 3539 573 3594 custodia
600 3541 969 3595 servantibus
999 3559 1097 3597 cor
1128 3552 1414 3599 nostrum.

374 3645 468 3700 IV.
530 3645 714 3701 Etiam
784 3648 986 3704 beatus
1055 3650 1223 3705 docet
1280 3651 1527 3724 Moyses,
1592 3671 1693 3724 per
1748 3657 2011 3728 symbola

302 3735 713 3801 subindicans,
771 3737 923 3792 haud
983 3739 1404 3811 indulgendum
1464 3744 1692 3798 duabus
1767 3764 2011 3817 propen-

302 3825 591 3889 sionibus,
623 3824 802 3881 altera
832 3827 889 3880 in
927 3827 1168 3895 malum,
1204 3828 1383 3884 altera
1415 3832 1483 3885 ad
1519 3833 1736 3888 bonum
1773 3837 2010 3891 trahen-

306 3918 399 3981 te;
463 3916 560 3969 sed
624 3914 683 3969 in
741 3931 913 3970 unam
969 3918 1431 3985 prosecutionem
1487 3922 1620 3976 boni
1671 3924 2012 3981 incumben-

308 4004 467 4057 dum.
527 4003 725 4075 Neque
774 4012 1039 4076 oportere
1088 4013 1232 4062 duos
1279 4008 1453 4063 simul
1520 4010 1744 4067 fructus
1797 4029 2009 4085 serere,

307 4092 506 4147 utilem
564 4102 618 4148 et
679 4096 911 4149 noxium
956 4116 969 4163 ς
1022 4097 1120 4150 sed
1164 4097 1365 4151 utilem
1415 4116 1479 4153 ac
1530 4099 1745 4156 bonum
1797 4104 2004 4161 solum.

313 4181 383 4236 Ut
440 4182 548 4236 hoc
608 4184 917 4254 exprimat,
978 4186 1061 4240 sic
1119 4187 1345 4241 scribit:
1406 4189 1520 4243 Non
1580 4191 1770 4261 iunges
1826 4195 2008 4251 eodem

294 4274 429 4343 jugo
468 4276 528 4328 in
575 4290 709 4329 area
755 4283 852 4330 tua
900 4275 1103 4330 diversi
1148 4280 1366 4344 generis
1409 4280 1685 4335 animalia
1730 4288 1868 4351 puta
1919 4284 2007 4340 bo-

304 4377 421 4414 vem
467 4367 516 4414 et
545 4365 796 4429 asinum,-
837 4367 930 4418 sed
976 4364 1048 4418 iis
1096 4380 1223 4435 quae
1252 4369 1363 4420 sint
1408 4367 1647 4437 ejusdem
1690 4371 1889 4439 speciei
1919 4374 2006 4427 in-

302 4452 471 4505 vicem
510 4452 739 4521 junctis,
786 4452 1095 4519 !riturabis,
1138 4470 1363 4510 messem
1413 4460 1566 4511 tuam
1616 4458 1681 4510 9°.
1726 4458 1843 4515 Hoc
1891 4468 2006 4528 est;

304 4554 377 4593 ne
416 4540 473 4592 in
508 4554 640 4595 area
670 4541 856 4596 cordis
888 4543 1072 4597 nostri
1106 4543 1291 4597 virtus
1322 4549 1379 4599 et
1409 4545 1633 4600 malitia
1673 4546 1851 4601 simul
1879 4564 2007 4618 ope-

2129 4551 2331 4617 ›φανεῖς
2383 4542 2518 4619 έρέῳ
2577 4543 2784 4615 ἱματίῳ
2870 4543 3054 4597 λινοῦν
3115 4584 3128 4599 .

302 4633 521 4696 rentur,
586 4630 685 4684 sed
756 4630 940 4686 virtus
999 4631 1143 4687 sola.
1220 4633 1432 4688 lterum
1504 4636 1821 4706 praecipit:
1889 4637 2002 4693 Non

302 4718 516 4774 intexes
563 4720 719 4774 laneo
767 4737 949 4792 panno
990 4724 1169 4777 linum
1199 4742 1217 4777 :
1279 4740 1460 4797 neque
1508 4741 1711 4781 rursus
1756 4729 1816 4780 in
1862 4732 2007 4783 veste

299 4821 409 4877 qua
459 4809 636 4861 utaris
686 4807 836 4863 linea
883 4810 1071 4865 lanam
1116 4810 1183 4865 ⁸ο.
1234 4812 1350 4868 Νοη
1397 4828 1541 4868 seres
1601 4815 1660 4868 in
1717 4831 1852 4880 agro
1914 4820 2005 4869 tuo

298 4896 432 4950 duas
474 4898 661 4962 fruges
698 4898 883 4952 simul.
931 4900 1246 4955 Iumentum
1293 4904 1448 4956 tuum
1494 4918 1603 4958 non
1646 4903 1824 4971 facies
1854 4904 2006 4959 coire

299 5001 426 5040 cum
470 4984 705 5039 alterius
759 4988 968 5055 generis
1024 4989 1410 5045 animantibus
1439 5006 1459 5050 .·
1514 4992 1608 5047 sed
1670 4992 2008 5061 homogenea

302 5072 646 5142 homogeneis
694 5073 991 5141 coniunges
1039 5074 1105 5131 ³⁸.
1178 5080 1287 5131 Per
1343 5094 1470 5148 quae
1521 5080 1718 5135 omnia
1764 5081 2008 5151 mystice

301 5164 498 5219 innuit
531 5179 643 5217 non
693 5169 955 5233 Oportere
999 5164 1203 5219 vitium
1253 5170 1310 5221 et
1354 5168 1653 5236 virtutem,
1688 5173 1751 5223 ut
1782 5169 2006 5224 dictum

304 5261 412 5323 est,
470 5252 531 5308 in
581 5253 749 5309 nobis
792 5254 923 5320 feri;
976 5255 1074 5309 sed
1129 5255 1304 5310 unius
1365 5258 1597 5312 virtutis
1644 5259 1840 5331 fruges
1893 5260 2009 5315 seri

304 5344 599 5414 excolique
659 5349 722 5399 ut
777 5343 1105 5415 germinent
1162 5344 1218 5400 in
1288 5344 1473 5401 nobis.
1535 5351 1722 5417 Neque
1782 5347 2010 5405 duobus

376 5508 421 5544 ³³
461 5509 608 5565 Psal.
659 5525 841 5575 cxxvx,
886 5511 936 5565 1.
1014 5509 1060 5545 ³³
1109 5510 1311 5567 Matth.
1347 5528 1401 5577 ν,
1449 5513 1503 5569 8.
1580 5512 1626 5547 ²⁴
1674 5514 1820 5571 Ibid.
1872 5515 1960 5571 48.

305 5578 354 5614 ³⁸
383 5578 533 5637 Psal.
567 5596 723 5647 xvm,
760 5584 846 5637 13.
924 5581 970 5617 ²⁹
1000 5581 1165 5640 Deut.
1195 5598 1336 5653 xm,
1366 5584 1453 5639 lO.
1534 5582 1579 5619 ³ο
1612 5585 1761 5639 Ibid.
1798 5586 1881 5640 ll.

2038 5515 2080 5549 ²⁸
2130 5514 2281 5572 Psal.
2338 5533 2529 5587 cxvm,
2589 5518 2676 5576 80.

1960 5583 1999 5621 ³¹
2034 5589 2167 5643 Lev.
2197 5600 2314 5659 nx,
2347 5589 2433 5644 19.

2117 3278 2537 3352 κατεργασθῆναι
2625 3273 2934 3347 δυναμένων
3020 3277 3181 3347 ἡμῶν
3244 3290 3259 3303 ⁶
3318 3274 3464 3340 πλὴν
3538 3268 3684 3325 ἀλλὰ
3736 3271 3825 3323 καὶ

2118 3369 2278 3439 ἡμῶν
2324 3368 2459 3441 πρὸς
2518 3371 2683 3421 ταῦτα
2754 3365 3175 3435 ἀντιτεινόντων,
3227 3363 3315 3419 καὶ
3393 3361 3612 3440 φυλακῇ
3681 3361 3829 3435 πάσῃ

2117 3459 2426 3533 τηρούντων
2456 3458 2557 3526 τὴν
2590 3457 2794 3511 ἑαυτῶν
2827 3453 3071 3529 καρδίαν.

2192 3656 2261 3709 Δ’.
2298 3652 2393 3707 Καὶ
2426 3654 2453 3707 6
2502 3654 2767 3728 μακάριός
2824 3674 2949 3723 σησι
2997 3655 3259 3719 Μωυσῆς,
3314 3650 3401 3705 διὰ
3444 3650 3627 3707 τύπων
3694 3651 3825 3705 ὑπο-

2120 3740 2349 3810 δεικνὺς,
2409 3742 2471 3798 τὸ
2532 3744 2605 3814 μή
2668 3740 2774 3797 δεῖν
2835 3743 3075 3816 γνώμαις
3137 3739 3307 3811 δυοῖν,
3368 3744 3535 3795 κακοῦ
3601 3761 3659 3794 τε
3730 3740 3820 3794 καὶ

2118 3828 2341 3904 ἀγαθοῦ,
2363 3830 2463 3897 τὴν
2495 3829 2700 3903 ψυχὴν,
2736 3827 2879 3884 ἁλλὰ
2909 3833 2987 3900 τῷ
3038 3830 3221 3904 ἀγαθῷ
3277 3828 3428 3900 μόνῳ
3480 3826 3817 3898 ἀκολουθεῖν,

2118 3919 2205 3974 καὶ
2272 3920 2333 3975 τὸ
2382 3920 2455 3992 μὴ
2523 3925 2725 3994 χρῆναι
2776 3916 2871 3973 δύο
2922 3916 3167 3992 καρποὺς
3221 3922 3506 3993 γεωργεῖν,
3573 3921 3818 3991 χρηστοῦ

2117 4011 2205 4064 καὶ
2240 4008 2512 4088 χείρονος,
2548 4006 2691 4063 ἀλλὰ
2725 4008 2941 4082 χρηστὰ
2975 4008 3131 4080 μόνα,
3165 4008 3309 4061 οὕτω
3357 4008 3521 4084 φησίν
3554 4027 3565 4039 ·
3599 4007 3674 4061 Οὐ
3708 4007 3820 4075 ζεύ-

2118 4103 2222 4171 ξεις
2288 4099 2337 4153 ἐν
2402 4102 2470 4170 τῇ
2548 4096 2666 4169 ἅλῳ
2748 4118 2844 4151 σου
2920 4096 3188 4170 ἀλλογενῆ
3258 4098 3367 4165 ζῶα
3431 4096 3519 4151 ἐπὶ
3569 4098 3631 4150 τὸ
3668 4095 3814 4165 αὐτὸ,

2118 4188 2282 4243 οἷονεῖ
2357 4189 2484 4261 βοῦν
2548 4188 2637 4242 καὶ
2704 4188 2825 4242 6'vov
2891 4207 2902 4219 ·
2973 4186 3118 4242 ἀλλᾶ
3183 4186 3247 4241 τὰ
3325 4188 3568 4262 ὁμογενῆ
3642 4185 3817 4257 ζεύξας

2119 4275 2389 4346 ἀλῶήσεις
2447 4278 2538 4332 τὸν
2597 4275 2808 4349 ἀμητόν
2879 4297 2973 4330 σου
3008 4296 3021 4308 ⁸
3073 4277 3369 4346 τουτέστιν,
3426 4275 3515 4329 ἳνα
3569 4276 3643 4346 μή
3677 4274 3725 4327 ἐν
3748 4278 3811 4345 τῇ

2119 4368 2237 4438 ἅλῳ
2280 4374 2378 4434 τῆς
2438 4363 2661 4439 καρδίας
2709 4369 2867 4437 ἡμῶν
2907 4365 2993 4420 ἐπὶ
3042 4366 3104 4419 16
3150 4365 3279 4420 αὐτὸ
3327 4366 3492 4438 ἀρετή
3542 4364 3633 4417 καὶ
3661 4364 3810 4417 κακία

2117 4456 2214 4520 τήν
2274 4453 2531 4527 ἐργασίαν
2582 4451 2705 4531 ἔχῃ,
2766 4453 2890 4508 ἀλλ’
2947 4455 2981 4522 ἡ
3051 4454 3213 4528 ἀρετὴ
3278 4453 3417 4524 μόνη
3478 4470 3493 4484 ⁸
3554 4451 3628 4507 Οὐ
3700 4469 3804 4501 συν-

3217 4540 3353 4597 Οὐδὲ
3437 4540 3596 4596 πάλιν
3674 4538 3800 4606 λινῷ

2376 4633 2441 4686 οὐ
2506 4638 2842 4708 γεωργήσεις
2910 4629 2961 4685 ἐν
3039 4634 3107 4705 τῇ
3176 4632 3337 4705 χώρᾳ
3399 4638 3500 4700 τῆς
3561 4636 3657 4706 γῆς
3712 4647 3804 4680 σου

2116 4720 2211 4777 δύο
2277 4722 2517 4796 καρποὺς
2576 4721 2661 4776 ἐπὶ
2714 4723 2777 4776 τὸ
2842 4720 3017 4775 αὐτό·
3102 4719 3199 4775 οὐκ
3281 4716 3561 4781 ἐπιϐαλεῖς
3632 4720 3802 4793 ἑτερο-

2116 4811 2266 4885 γενὲς
2332 4815 2471 4880 ζῶον
2540 4810 2616 4872 εἰς
2683 4811 2850 4886 γονὴν
2915 4811 3084 4884 ἑτέρῳ
3152 4829 3165 4844 ο
3235 4808 3383 4864 ἀλλὰ
3445 4811 3512 4865 τὰ
3581 4810 3811 4882 ὁμογενῆ

2115 4906 2231 4964 τοῖς
2269 4901 2550 4974 ὁμογενέσι
2610 4900 2923 4971 συζεύξεις*
2985 4898 3054 4954 δι’
3114 4902 3187 4954 ὧν
3248 4900 3462 4955 πάντων
3529 4898 3817 4954 αἰνίττεται

2122 4991 2418 5060 μυστικῶς,
2482 4987 2545 5042 τὸ
2590 4988 2665 5060 μή
2717 4985 2827 5041 δεῖν
2875 4988 3066 5041 κακίαν
3114 4988 3203 5042 καὶ
3251 4986 3470 5061 ἂρετήν,
3527 4984 3709 5055 ὥσπερ
3741 4983 3815 5040 εἷ’-

2121 5095 2304 5150 ρηται,
2357 5074 2407 5130 ἐν
2452 5079 2586 5149 ἡμῖν
2634 5078 2993 5151 γεωργεῖσθαι
3049 5094 3062 5106 ·
3123 5074 3268 5131 ἀλλά
3320 5076 3683 5150 μονοτρόπως
3729 5074 3817 5136 τὰς

2119 5173 2217 5235 σῆς
2296 5167 2490 5241 ἀρετῆς
2559 5167 2719 5241 γονάς
2786 5166 3168 5222 ἀποτίκτεσθαι
3212 5186 3225 5199 ’
3269 5166 3359 5220 καὶ
3423 5169 3519 5221 τοῦ
3582 5167 3659 5237 μὴ
3707 5162 3819 5219 δυσὶ

2118 5256 2407 5329 πνεύμασι,
2458 5261 2537 5329 τῷ
2580 5256 2854 5330 Πνεύματι
2911 5260 3007 5312 τοῦ
3052 5259 3206 5326 Θεοῦ,
3263 5256 3353 5311 καὶ
3409 5259 3490 5327 τῷ
3557 5252 3816 5327 πνεύματι

2122 5350 2218 5401 τοῦ
2272 5348 2483 5417 κόσμου
2543 5348 2727 5421 ψυχήν
2794 5368 2916 5403 τινα
2970 5351 3269 5402 κοινωνεῖν.
3326 5346 3425 5401 Διὰ
3478 5346 3641 5399 τοῦτο
3697 5344 3816 5419 γὰρ,

2118 4629 2260 4707 ἔριον
2292 4652 2304 4664 ·

2756 5518 2804 5557 ³⁸
2861 5519 3007 5578 Ibid.
3053 5520 3110 5576 6.
3188 5516 3235 5553 ²⁷
3285 5516 3438 5578 Psal.
3470 5531 3628 5583 mn,
3660 5516 3719 5586 3,
3766 5516 3818 5573 4.
