4130 6286
341 439 457 500 845

343 572 498 644 φησὶ,
554 571 690 646 πρὸς
755 569 930 626 πάσας
990 573 1086 634 τὰς
1143 571 1368 638 ἐντολὰς
1435 598 1530 632 σου
1587 581 1988 654 κατωρθούμην
2025 600 2038 613 ⁸

341 666 513 718 πᾶσαν
547 662 668 717 ὁδὸν
703 659 887 716 ἄδικον
921 660 1178 737 ἐμίσησα.

410 843 481 898 Ε’.
533 841 642 896 Ούκ
707 840 813 896 ἀπὸ
891 845 1000 896 τῶν
1060 847 1300 919 φανερῶν
1361 845 1775 920 ἁμαρτημάτων
1853 850 2040 921 μόνον,

340 933 460 996 οἷον
519 932 798 1006 πορνείας,
864 932 1048 1009 φόνου,
1114 931 1356 1004 κλοπῆς,
1415 937 1870 1011 γαστριμαργίας,
1939 960 2043 994 κα-

335 1017 621 1096 ταλθιιλιόἱςι
680 1018 932 1095 ψεύδους,
991 1018 1349 1099 φιλαργυρίας
1405 1043 1464 1077 τε
1549 1025 1639 1078 καὶ
1706 1026 2039 1101 πλεονεξίας,

337 1110 566 1166 καὶτῶν
612 1112 877 1166 τοιούτων
918 1110 1163 1186 ἀγνεύσιν
1207 1115 1320 1190 χρὴ
1369 1114 1470 1182 τήν
1518 1112 1778 1188 παρθένον
1829 1119 2038 1191 ψυχήν,

337 1203 428 1256 καὶ
501 1206 581 1274 τῷ
648 1206 764 1274 Θεῷ
833 1205 1169 1279 συναφθῆναι
1235 1205 1669 1280 προῃρημένην·
1740 1205 1886 1262 ἀλλὰ
1951 1209 2042 1262 καὶ

338 1291 538 1365 πολλῷ
589 1289 756 1346 πλέον
815 1293 920 1346 ἀπὸ
977 1298 1083 1347 τῶν
1140 1295 1412 1368 κρυφίων,
1473 1293 1656 1372 ὥσπερ
1721 1297 2037 1372 εἰρήκαμεν·

337 1377 632 1451 τουτέστιν,
703 1379 1014 1452 ἐπιθυμίας,
1098 1379 1430 1454 κενοδοξίας,
1517 1385 2043 1461 ἁνθρωπαρεσκείας,

341 1469 701 1544 ὑποκρίσεως,
767 1467 1091 1550 φιλαρχίας,
1151 1468 1341 1543 δόλου,
1407 1474 1754 1547 κακοηθείας,
1824 1476 2039 1550 μίσους,

338 1559 610 1625 ἀπιστίας,
654 1559 875 1636 φθόνου,
934 1557 1246 1633 φιλαυτίας,
1295 1563 1493 1637 τύφου,
1549 1564 1640 1618 καὶ
1701 1571 1810 1620 τῶν
1852 1564 2038 1622 ἄλλων

336 1652 444 1701 τῶν
509 1647 773 1734 τοιούτων
843 1648 1074 1721 ὁμοίως,
1153 1648 1281 1707 Οἶδε
1337 1651 1465 1727 γὰρ,
1524 1653 1685 1729 φησὶν
1745 1657 1778 1722 ἡ
1831 1657 2041 1734 Γραφῆ,

336 1735 401 1790 τὰ
435 1733 633 1811 κρύφια
681 1739 850 1789 ταῦτα
897 1742 998 1806 τῆς
1044 1740 1232 1811 ψυχῆς
1280 1739 1649 1812 ἁμαρτήματα
1681 1739 1731 1794 ἔν
1767 1739 1870 1815 ἴσῳ
1922 1747 2040 1805 τοῖς

337 1823 488 1885 ἐκτὸς
570 1825 828 1881 τίθεσθαι.
937 1823 1132 1899 Κύριος
1223 1825 1322 1902 γάρ
1400 1849 1583 1907 φησιο
1660 1833 2038 1906 Διεσκόρπισεν

1356 444 1592 505 LIBER
1634 447 1735 508 DE
1779 446 2318 512 PERFECTIONE
2362 449 2442 508 IN
2487 447 2824 509 SPIRITU.

2075 584 2125 651 Α
2158 581 2480 651 spiritibus,
2512 581 2744 652 spiritui
2776 580 2876 638 Dei
2921 588 2974 636 et
3037 580 3271 651 spiritui
3332 577 3562 645 mundi,
3594 578 3853 636 animum

3731 445 3850 504 846

2146 671 2463 743 quamlibet
2529 671 2984 727 communicare.
3059 672 3382 742 Propterea,
3469 669 3620 725 enim
3703 668 3848 724 dicit

2147 775 2363 814 omnem
2407 761 2552 814 viam
2611 759 2926 831 iniquitatis
3012 759 3133 815 odio
3207 758 3378 814 habui
3395 757 3463 826 ",
3537 755 3608 812 ad
3662 757 3849 811 omnia

2146 849 2408 904 mandata
2435 853 2532 903 tua
2562 849 2868 918 dirigebar.

2221 940 2290 991 V.
2325 936 2445 991 Non
2477 938 2548 991 ab
2597 938 2849 992 exterius
2879 938 3300 1009 apparentibus
3344 935 3596 1008 peccatis
3637 933 3856 1004 solum,

2150 1030 2289 1096 puta
2322 1024 2716 1096 fornicatione,
2749 1026 3091 1094 homicidio,
3125 1027 3296 1095 furto,
3328 1025 3585 1095 crapula,
3627 1023 3858 1079 calum—

2154 1115 2259 1169 niae
2328 1115 2544 1184 studio,
2632 1117 2955 1183 mendacio,
3015 1116 3331 1186 cupiditate
3386 1113 3670 1184 pecuniis,
3722 1129 3858 1167 ava-

2151 1203 2284 1258 ritia
2313 1207 2368 1258 et
2393 1203 2608 1257 talibus
2668 1215 2935 1272 praestare
2993 1219 3056 1258 se
3115 1219 3318 1276 puram
3374 1207 3603 1275 oportet
3653 1199 3844 1272 virgi-

2149 1309 2281 1347 nem
2307 1295 2591 1359 animum,
2615 1298 2670 1348 et
2710 1310 2838 1365 quae
2868 1292 2985 1349 Deo
3017 1309 3080 1348 se
3109 1294 3461 1364 conjungere
3492 1289 3848 1356 decreverit;

2151 1383 2251 1437 sed
2284 1386 2336 1437 et
2370 1382 2554 1438 multo
2595 1383 2782 1453 magis
2811 1384 2882 1437 ab
2937 1380 3201 1448 occultis,
3263 1381 3349 1436 uti
3407 1381 3688 1446 diximus,
3746 1377 3855 1434 hoc
3912 1428 3917 1432 .

2151 1473 2692 1543 est,acupiditate,
2755 1490 2787 1528 a
2844 1490 3004 1528 vana:
3054 1471 3249 1543 glorias
3311 1470 3613 1536 ambitu,a
3672 1468 3851 1523 nimio

2151 1559 2435 1616 desiderio
2495 1561 2833 1616 hominibus
2893 1560 3246 1632 placendi,a
3312 1558 3706 1623 simulatione,
3777 1555 3849 1611 ab

2149 1649 2510 1706 affectatione
2567 1650 3005 1718 dominationis,
3066 1667 3100 1706 ει
3157 1648 3308 1716 dolo,
3372 1665 3404 1702 a
3462 1647 3851 1718 malignitate,

2150 1738 2222 1792 ab
2253 1737 2406 1803 odio,
2440 1739 2511 1794 ab
2561 1738 2928 1804 inﬁdelitate,
2991 1738 3062 1794 ab
3122 1737 3366 1801 invidia,
3417 1753 3450 1790 a
3506 1735 3601 1790 sui
3650 1750 3848 1788 amore

2147 1828 2548 1896 immoderato,
2581 1829 2652 1883 ab
2712 1827 3064 1900 arrogantia,
3099 1826 3513 1896 similibusque
3545 1825 3600 1878 id
3635 1838 3838 1895 genus.

337 1913 469 1968 ὀστᾶ
504 1913 968 1988 ἀνθρωπαρέσκων
993 1935 1006 1948 ·
1047 1917 1137 1971 καὶ
1185 1914 1385 1992 ’Ἀνδρα
1424 1919 1670 1993 αἱμάτων
1712 1922 1801 1975 καὶ
1851 1920 2029 1977 δόλιον

2147 1917 2315 1972 Novit
2345 1918 2524 1983 enim,
2553 1919 2634 1973 ait
2662 1919 2981 1988 Scriptura,
3015 1917 3237 1972 occulta
3288 1917 3408 1971 haec
3467 1915 3675 1970 animis
3713 1929 3846 1984 pec-

339 2000 693 2078 βδελύσσεται
731 2011 950 2082 Κςιριοςο
1009 2005 1101 2060 τὸν
1173 2003 1337 2062 δόλον
1414 2005 1498 2062 ἔπ’
1564 2007 1688 2079 ἴσης
1749 2015 1828 2083 τῷ
1887 2011 2037 2087 φόνῳ

336 2090 596 2149 δεικνύων
666 2095 769 2150 ὑπὸ
838 2100 972 2150 Θεοῦ
1042 2095 1514 2170 βδελυσσόμενον·
1595 2101 1686 2154 καὶ
1761 2106 1867 2156 τῶν
1934 2103 2035 2157 λα-

335 2180 577 2238 λούντων
657 2183 880 2259 είρήνην
960 2186 1094 2258 μετὰ
1179 2190 1288 2240 τῶν
1365 2187 1605 2257 πλησίον
1674 2189 1873 2256 αὐτῶν,
1947 2195 2038 2244 καὶ

333 2274 399 2329 τὰ
464 2275 608 2344 ἑξῆς.
677 2274 780 2328 Καὶ
846 2275 1036 2332 πάλιν.
1105 2276 1209 2332 Καὶ
1277 2277 1378 2351 γὰρ
1439 2277 1492 2333 ἐν
1548 2275 1745 2353 καρδίᾳ
1810 2279 2036 2352 ἀνομίας

332 2363 615 2438 ἐργάζεσθε
673 2362 724 2418 ἐν
779 2366 848 2438 τῇ
913 2370 1005 2439 γῇ·
1072 2365 1185 2437 καὶ,
1248 2366 1384 2424 Οὐαὶ
1455 2368 1604 2441 ὑμῖν,
1666 2370 1788 2424 ὅταν
1853 2368 2038 2432 καλῶς

335 2452 558 2508 εἷ’πωσιν
613 2452 751 2525 ὑμᾶς
803 2454 855 2507 οἱ
913 2453 1210 2528 ἄνθρωποι·
1279 2457 1574 2528 τουτέστιν,
1643 2459 1840 2514 ὁπόταν
1912 2460 2037 2532 ὑμῖν

334 2540 442 2595 ἐστι
513 2539 735 2611 θέλησις
792 2542 937 2615 παρά
1013 2543 1306 2618 ἀνθρώπων
1391 2545 1575 2608 καλῶς
1642 2548 1881 2616 ἀκούειν,
1947 2549 2037 2603 καὶ

334 2635 432 2697 τῆς
505 2630 665 2705 δόξης
758 2632 848 2687 καὶ
923 2637 1030 2688 τῶν

333 2719 447 2775 ἐπεὶ
513 2724 630 2783 πῶς
699 2717 922 2776 δυνατὸν
989 2721 1448 2798 ἀγαθοεργοῦντας
1516 2723 1714 2780 ἐσάπαν
1803 2724 2033 2799 λαθεῖν;

331 2807 518 2874 ἄλλως
562 2832 619 2866 τε
671 2808 726 2866 δὲ
773 2811 861 2865 καὶ
911 2811 1073 2872 αὐτὸς
1135 2813 1162 2866 ὁ
1211 2813 1425 2887 Κύριος.
1496 2816 1802 2890 Λαμψάτω,
1864 2817 2039 2895 λέγει,

328 2904 390 2956 τὸ
453 2906 570 2979 φῶς
639 2903 792 2974 ὑμῶν
877 2897 1183 2977 ἔμπροσθεν
1247 2909 1356 2959 τῶν
1434 2906 1773 2980 ἀνθρώπων,
1844 2907 2032 2977 Πλὴν,

330 2989 457 3048 ἀλλ’
505 2991 580 3052 εἷς
630 2989 784 3064 δόξαν
847 2991 1100 3047 σπεύδετε
1153 2998 1251 3048 τοῦ
1292 3001 1447 3065 Θεοῦ,
1502 2996 1656 3073 φησὶ,
1723 2998 1784 3051 τὸ
1837 2997 2031 3066 ἀγαθὸν

332 3083 608 3154 πράττειν,
640 3083 728 3135 καὶ
790 3084 864 3152 μή
902 3079 990 3136 διὰ
1035 3081 1189 3154 δόξαν
1242 3081 1401 3152 ἰδίαν,
1465 3084 1596 3157 μηδ’
1655 3087 1729 3147 ὡς
1782 3092 1883 3141 τῶν
1934 3087 2034 3141 άν-

331 3168 614 3241 θρωπίνων
679 3169 912 3223 ἐπαίνων
980 3169 1254 3243 ἐρωτικῶς
1313 3166 1532 3246 ἔχοντες
1566 3194 1578 3206 ο
1612 3176 1698 3228 καὶ
1781 3174 1885 3250 γὰρ
1942 3177 2032 3230 καὶ

1132 2631 1364 2690 ἐπαίνων
1452 2636 1625 2691 αὐτῶν
1694 2635 2035 2710 έξήρτησθε’

329 3259 588 3321 ἀπίστους
621 3258 892 3329 ἀπέδειξεν
947 3260 1111 3315 εἰπών
1145 3280 1156 3291 ·
1184 3265 1308 3324 Πῶς
1358 3261 1580 3317 δύνασθε
1627 3265 1804 3318 πίστιν
1860 3266 2027 3339 ἑγειν,

331 3346 483 3418 δόξαν
552 3349 699 3424 παρά
754 3346 1022 3418 ἀλλήλων
1089 3345 1479 3422 λαμϐάνοντες.
1548 3353 1638 3405 καὶ
1703 3354 1802 3421 τὴν
1873 3351 2028 3426 δόξαν

330 3439 426 3506 νήν
491 3438 636 3507 παρὰ
708 3441 804 3491 τοῦ
885 3436 1052 3509 μόνου
1130 3443 1264 3494 Θεοῦ
1365 3438 1426 3494 οὐ
1504 3444 1832 3511 ζητοῦντες;
1897 3443 2033 3516 Ὀρα

329 3528 419 3583 καὶ
485 3528 576 3584 τὸν
650 3525 1031 3597 Ἀπόστολον,
1099 3533 1215 3592 πῶς
1282 3532 1369 3585 καὶ
1439 3529 1604 3586 αὐτοῦ
1695 3531 1859 3608 μέχρι
1933 3535 2030 3590 τοῦ

329 3623 519 3696 φαγεῖν
580 3616 669 3670 καὶ
723 3623 890 3686 πιεῖν,
949 3618 1120 3673 πόντα
1179 3618 1256 3680 είς
1315 3617 1469 3689 δόξαν
1531 3625 1664 3676 Θεοῦ
1724 3621 2030 3680 ἐντέλλεται

325 3711 522 3764 ποιεῖν·
586 3706 706 3762 Εἴτε
761 3707 889 3782 γὰρ,
947 3706 1135 3780 φησὶν,
1196 3706 1423 3778 ἐσθίετε,
1502 3707 1603 3764 εἷ’τι
1662 3709 1866 3777 πίνετε,
1925 3711 2031 3768 εἴτε

326 3821 378 3856 τι
419 3797 565 3854 ἄλλο
615 3803 843 3868 ποιεῖτε,
905 3797 981 3860 είς
1041 3796 1200 3872 δόξαν
1257 3803 1391 3854 Θεοῦ
1449 3805 1674 3857 ποιεῖτε.
1743 3803 1800 3857 Ὀ
1859 3799 1916 3858 δέ
1969 3825 2031 3879 γε

327 3892 469 3951 θεῖος
526 3887 780 3957 Ἰωάννης
846 3891 927 3960 τῷ
1001 3884 1150 3965 φόνῳ
1252 3889 1553 3946 συντάττων
1609 3891 1671 3945 τὸ
1731 3897 1911 3964 μῖσος,
1968 3895 2029 3950 ⁴Ο

331 3982 504 4049 μισῶν
581 3977 672 4030 τὸν
741 3973 977 4052 ἀδελφὸν
1042 3976 1227 4046 ὰύτοῦ,
1297 3977 1491 4055 φησὶν,
1577 3979 2028 4053 ἀνθρωποκτόνος

332 4065 472 4120 ἐστίν
481 4109 493 4121 .

389 4333 484 4406 ς’.
551 4333 614 4388 Ἡ
692 4330 875 4407 ἀγάπη
945 4331 1118 4387 πάντα
1195 4330 1405 4408 στέγει,
1471 4334 1645 4389 πάντα
1714 4336 2012 4410 ὑπομένει.

318 4422 384 4476 ‘H
442 4419 620 4498 ἀγάπη
692 4417 953 4474 οὐδέποτε
1018 4419 1312 4476 ἐκπίπτει’
1373 4422 1455 4492 τὸ,
1540 4420 1802 4479 οὐδέποτε
1876 4425 2027 4483 ἐκπί-

310 4532 452 4583 πτει,
511 4514 672 4566 τοῦτο
730 4506 1033 4580 δηλοῦντός
1083 4510 1246 4565 ἐστιν’
1301 4509 1491 4584 ὅτιπερ
1540 4512 1591 4565 οἱ
1639 4516 1747 4566 τῶν
1797 4512 2022 4588 εἰρημέ-

2145 2011 2272 2062 cata
2338 2007 2458 2076 pari
2527 2006 2649 2063 loco
2719 2024 2851 2062 cum
2921 2007 3174 2064 externis
3231 2005 3516 2062 Dominus
3579 2019 3837 2072 censere,

2143 2095 2283 2150 dicit
2314 2095 2525 2165 quippe
2559 2112 2572 2150 :
2609 2095 2906 2166 Dissipavit
2936 2111 3053 2151 ossa
3107 2111 3316 2162 eorum,
3375 2093 3472 2164 qui
3529 2091 3846 2147 hominibus

2139 2183 2458 2255 placent”.
2519 2189 2632 2239 Et:
2692 2185 2878 2240 Virum
2906 2187 3240 2254 sanguinum
3295 2190 3347 2239 et
3402 2182 3644 2238 dolosum
3713 2179 3844 2235 abo-

2140 2272 2446 2327 minabitur
2511 2275 2772 2332 Dominus
2802 2273 2868 2343 3‘,
2942 2275 3145 2330 Dolum
3223 2289 3388 2343 aeque
3448 2288 3514 2327 ac
3597 2267 3844 2326 homici-

2143 2361 2300 2417 dium
2349 2366 2667 2420 ostendens
2726 2364 3145 2420 abominationi
3195 2365 3309 2418 Deo
3386 2378 3533 2417 esse.
3619 2361 3681 2416 Et
3747 2357 3844 2431 qui

2142 2451 2440 2522 loquuntur
2491 2469 2681 2524 pacem
2736 2471 2861 2510 cum
2907 2456 3161 2525 proximo
3181 2454 3247 2523 ⁸⁸,
3305 2457 3362 2508 et
3417 2467 3542 2524 quae
3592 2464 3840 2518 sequun-

2140 2548 2253 2600 tur.
2289 2544 2360 2604 Et
2417 2563 2669 2603 rursus:
2730 2545 2948 2601 Etenim
3003 2547 3062 2600 in
3119 2545 3278 2600 corde
3335 2543 3660 2615 iniquitates
3715 2553 3840 2610 ape-

2139 2639 2370 2707 ramini,
2404 2638 2466 2694 in
2520 2641 2686 2704 terra,
2720 2644 2826 2690 etc.
2881 2635 2992 2690 Et:
3053 2635 3141 2691 Vae
3186 2635 3338 2688 vobis
3376 2649 3501 2686 cum
3549 2629 3838 2685 benedice-

2141 2731 2256 2783 rint
2287 2729 2434 2784 vobis
2493 2727 2738 2782 homines
2766 2723 2834 2779 ³⁸.
2897 2725 3014 2780 Ηοο
3062 2728 3151 2780 est
3194 2738 3371 2793 ;cum
3420 2719 3718 2776 studueris
3769 2717 3840 2772 ab

2140 2819 2476 2874 hominibus
2534 2817 2679 2871 bene
2737 2814 2962 2881 audire,
3012 2819 3070 2869 et
3122 2815 3178 2868 in
3227 2812 3472 2885 gloriam
3522 2809 3841 2878 laudesque

2143 2909 2405 2980 ipsorum
2477 2905 2748 2962 ferimini.
2825 2905 3049 2960 Etenim
3117 2903 3218 2976 qui
3306 2907 3495 2974 potest
3560 2899 3710 2969 fieri,
3778 2899 3844 2951 ut

2139 2999 2285 3052 bene
2332 3002 2635 3065 sperantes
2701 2997 2943 3050 omnino
2998 2991 3262 3048 lateant?
3319 2991 3639 3063 praesertim
3705 3001 3839 3042 cum

2139 3088 2264 3158 ipse
2317 3088 2595 3141 Dominus
2653 3085 2850 3140 dicat:
2913 3087 3108 3141 Luceut
3139 3086 3237 3139 lux
3293 3086 3470 3138 vestra
3517 3093 3700 3136 coram
3741 3077 3841 3131 ho-

2137 3177 2378 3232 minibus
2407 3177 2471 3228 3".
2503 3177 2574 3229 At
2630 3177 2701 3230 de
2757 3180 2962 3230 eastern
3020 3175 3270 3240 studete,
3321 3173 3421 3237 ait,
3453 3172 3522 3226 ad
3556 3168 3656 3224 Dei
3715 3166 3843 3239 glo-

2141 3266 2286 3320 riam
2320 3265 2470 3332 quod
2503 3264 2719 3319 bonum
2752 3270 2840 3320 est
2872 3280 3060 3335 agere,
3112 3278 3228 3318 non
3261 3265 3454 3316 autem
3487 3259 3558 3314 ad
3606 3262 3841 3328 captan-

2140 3359 2273 3413 dam
2308 3355 2458 3413 171
2498 3354 2659 3411 vobis
2707 3353 2941 3410 laudem
3001 3352 3337 3424 propriam;
3371 3363 3476 3404 nec
3535 3352 3598 3403 ut
3653 3346 3843 3400 videa-

2138 3451 2282 3507 mini
2344 3451 2738 3506 humanarum
2802 3443 3045 3501 laudum
3121 3439 3387 3498 encomia
3466 3437 3842 3510 impudenter

2139 3559 2355 3599 amare.
2387 3546 2530 3597 Nam
2564 3545 2620 3595 et
2650 3537 2916 3594 infideles
2948 3551 3072 3591 esse
3111 3534 3260 3590 tales
3312 3531 3562 3587 ostendit
3591 3528 3790 3586 dicens
3825 3545 3840 3585 :

2139 3633 2404 3702 Quomodo
2461 3629 2685 3701 potestis
2737 3627 2902 3696 ﬁdem
2939 3624 3158 3694 habere,
3189 3621 3431 3694 gloriam
3487 3619 3554 3674 ab
3600 3617 3838 3674 inuicem

2135 3721 2484 3791 accipientes,
2517 3727 2569 3774 et
2621 3716 2879 3788 gloriam,
2911 3729 3037 3786 quae
3074 3713 3238 3768 asolo
3274 3713 3376 3767 Deo
3413 3715 3512 3776 est,
3546 3723 3653 3762 non
3684 3720 3838 3778 quae-

2135 3809 2402 3868 rentes”.
2471 3808 2615 3863 Vide
2676 3811 2733 3861 et
2815 3805 3179 3877 Apostolum,
3267 3797 3558 3874 quomodo
3640 3795 3838 3851 omnia

2135 3917 2318 3973 usque
2362 3900 2433 3954 ad
2479 3899 2674 3969 ipsum
2720 3896 3072 3950 manducare
3102 3896 3157 3946 et
3189 3890 3430 3962 bibere,
3463 3888 3523 3940 in
3581 3885 3825 3958 gloriam

2134 3990 2235 4047 Dei
2284 3988 2544 4061 praecipit
2616 3999 2827 4056 agere;
2879 3983 2960 4037 ait
3015 3980 3218 4036 enim:
3273 3978 3398 4032 Sive
3453 3977 3832 4041 manducatis,

2132 4082 2246 4133 sive
2275 4077 2482 4138 bibitis,
2513 4076 2627 4128 sive
2671 4070 2828 4128 aliud
2853 4069 2981 4141 quid
3029 4070 3217 4139 agitis,
3249 4065 3437 4122 omnia
3484 4067 3544 4119 in
3600 4063 3837 4134 gloriam

2134 4167 2231 4221 Dei
2249 4167 2426 4234 facite
2447 4164 2512 4218 3°.
2545 4161 2864 4217 Atdivinus
2893 4163 3145 4214 Joannes
3175 4154 3835 4224 homicidiozadiequans

2134 4254 2354 4320 odium,
2385 4254 2481 4322 qui
2507 4251 2644 4320 odit,
2687 4250 2879 4321 inquit
2907 4251 3142 4319 fratrem
3171 4261 3333 4300 suum
3362 4242 3637 4298 homicida
3672 4244 3747 4296 est
3767 4237 3834 4292 ⁴⁰.

2201 4343 2296 4399 VI.
2324 4341 2580 4397 Charitas
2602 4341 2789 4396 omnia
2817 4339 3027 4410 suﬂert,
3059 4337 3247 4392 omnia
3292 4335 3546 4389 sustinet.
3583 4331 3836 4387 Charitas

2132 4449 2423 4505 nunquam
2481 4428 2780 4488 excidit“.
2840 4428 2970 4482 Haec
3044 4425 3237 4494 verba,
3284 4438 3570 4494 nunquam
3609 4421 3832 4485 excidit,

2133 4528 2271 4579 sunt
2327 4522 2478 4590 ejus,
2533 4519 2634 4590 qui
2683 4516 3018 4589 signiﬁcare
3094 4515 3279 4570 velit:
3338 4529 3453 4579 eos,
3505 4508 3832 4582 qui‘supra

306 4621 412 4654 νων
474 4602 834 4676 χαρισμάτων
891 4604 989 4654 τοῦ
1051 4599 1366 4673 ΙΙνεύματος
1416 4599 1794 4676 ἐπιτυχόντες,
1848 4607 2018 4678 μήπω

2140 4613 2453 4663 memorata
2499 4606 2852 4662 charismata
2899 4603 3154 4675 Spiritus
3187 4602 3434 4656 assecuti
3492 4604 3651 4664 sunt,
3687 4614 3830 4652 non-

309 4687 364 4744 δε
405 4689 493 4744 διὰ
552 4697 651 4759 τῆς
720 4689 1108 4762 πληρεστάτης
1173 4691 1262 4746 καὶ
1328 4690 1580 4764 ἐνεργοῦς
1641 4691 1852 4764 ἀγάπης
1916 4700 2014 4750 τοῦ

310 4781 627 4852 ΙΙνεύματος
683 4785 783 4846 τῆς
851 4781 1018 4855 ἄκρας
1069 4787 1176 4837 τῶν
1246 4784 1430 4837 παθῶν
1495 4783 1801 4860 ἐλευθερίας
1849 4785 2015 4856 ἀξιω-

309 4867 506 4932 θέντες,
539 4867 752 4925 οὐδέπω
784 4875 881 4925 τοῦ
913 4871 1191 4948 ἀσφαλοῦς
1221 4869 1436 4945 ἥψαντο
1473 4871 1631 4929 ’ἀλλ’
1683 4872 1734 4929 ἐν
1783 4874 2014 4950 κινδύνῳ

310 4951 386 5012 ἔτι
420 4957 508 5012 καὶ
541 4953 697 5035 φόϐῳ
726 4962 793 5013 τὰ
822 4961 939 5014 καθ’
983 4962 1206 5024 ἑαυτοὺς
1256 4960 1468 5033 ἔστηκε,
1515 4960 1603 5018 διὰ
1648 4965 1715 5019 τὰ
1761 4984 2012 5039 πνευμα-

308 5045 434 5100 τικά
486 5051 586 5114 τῆς
638 5047 923 5120 πονηρίας.
982 5053 1146 5104 Τοῦτν
1216 5052 1321 5126 γάρ
1376 5052 1437 5106 τὸ
1517 5049 1736 5127 μέτρον,
1818 5052 2012 5128 μηκέτι

314 5137 418 5191 ὑπὸ
448 5139 652 5190 πτῶσιν
706 5137 790 5205 ὃν,
845 5135 987 5210 μηδὲ
1035 5140 1203 5202 πάθος
1254 5138 1493 5212 ὑπέδειξε
1540 5147 1789 5200 τοιοῦτον
1841 5145 2010 5220 ὑπάρ-

308 5242 434 5298 χον,
486 5225 562 5285 ὡς
628 5223 881 5299 γλῶσσαν
935 5225 1204 5302 ἀγγέλων,
1269 5229 1358 5283 καὶ
1415 5231 1775 5308 προφητείαν,
1842 5235 2013 5288 πᾶσάν

308 5333 366 5366 τε
395 5315 492 5381 τήν
526 5317 746 5388 γνῶσιν,
777 5313 867 5368 καὶ
915 5315 981 5369 τά
1027 5320 1134 5370 τῶν
1180 5317 1430 5390 ἱαμάτωιι
1478 5321 1788 5398 χαρίσματα
1841 5320 2008 5395 μηδὲν

309 5399 464 5471 εἶναι,
495 5403 633 5475 πρὸς
662 5398 1354 5478 ἐκεῖνοξπαραϐαλλόμενα.

375 5689 421 5724 ³²
450 5689 596 5746 Psal.
633 5707 842 5762 cxvm,
861 5691 984 5747 128.
1061 5689 1107 5727 ⁸³
1137 5691 1288 5748 Psal.
1322 5709 1418 5762 ιιι,
1441 5695 1496 5752 6.

304 5760 350 5796 ³.
375 5695 421 5796 3"
450 5695 596 5746 Psal.
633 5695 984 5796 σῖἶιιι,3128.
1061 5695 1107 5727 ³³
1137 5695 1288 5748 Psal.
1322 5709 1418 5762 ιιι,
1441 5695 1496 5752 6.
1575 5695 1623 5732 ³⁴
1681 5695 1827 5755 Psal.
1861 5715 1918 5769 ν,
1954 5703 2004 5754 7.

382 5775 527 5796 -n-n
586 5777 618 5796 υ
851 5762 877 5796 9
906 5765 926 5796 ῐ
959 5765 1069 5796 l‘nn
1118 5779 1153 5796 υ
1201 5764 1258 5796 94
1367 5765 1414 5796 An
1447 5767 1464 5796 l
1501 5765 1636 5796 τηρ-ιι
1695 5783 1758 5796 ο..
1817 5770 1879 5796 ιζ
1980 5772 2000 5796 ι

379 5763 550 5819 Joan.
586 5777 638 5832 ν,
663 5763 750 5820 44.
828 5761 877 5798 ³⁸
905 5765 928 5819 Ι
959 5765 1086 5820 Cor.
1118 5779 1174 5836 ν,
1201 5764 1288 5820 31.

1367 5765 1414 5802 ⁴⁰
1444 5767 1464 5822 I
1493 5765 1661 5826 Joan.
1695 5783 1781 5839 ιιι,
1816 5770 1900 5826 15.

2081 5699 2128 5734 ⁸⁵
2161 5699 2307 5757 Psal.
2339 5716 2515 5768 xxvn,
2551 5702 2601 5756 3.

1980 5769 2022 5806 “
2060 5771 2082 5827 Ι
2114 5773 2239 5828 Cor.
2274 5787 2397 5843 xm,
2426 5772 2481 5840 7,
2517 5771 2603 5827 15.

2124 4700 2263 4754 dum
2324 4702 2518 4753 autem
2563 4713 2660 4768 per
2699 4695 3100 4766 plenissimam
3146 4703 3199 4750 et
3233 4693 3524 4748 efﬁcacem
3573 4689 3829 4745 charita-

2124 4794 2243 4844 tem
2288 4788 2543 4860 Spiritus
2601 4802 2895 4843 summaa
2955 4785 3324 4856 passionibus
3367 4782 3635 4838 libertate
3686 4785 3828 4836 sunt

2124 4875 2370 4947 dignati,
2404 4875 2664 4929 nondum
2693 4872 3064 4927 securitatem
3107 4871 3416 4940 attigisse:
3467 4869 3566 4923 sed
3598 4867 3656 4922 in
3680 4867 3825 4939 peri-

2121 4965 2253 5022 culo
2305 4964 2493 5019 adhuc
2551 4968 2608 5018 et
2658 4962 2862 5017 timore
2895 4977 2986 5017 res
3044 4962 3303 5033 ipsorum
3361 4963 3539 5023 stare.
3593 4967 3827 5030 propter

2122 5054 2450 5120 spiritualia
2511 5051 2805 5123 nequitiae.
2855 5051 3034 5108 Istam
3085 5050 3240 5106 enim
3281 5066 3604 5105 mensuram
3666 5048 3823 5105 haud

2122 5143 2314 5199 adhuc
2354 5143 2506 5197 infra
2537 5140 2851 5196 discrimen
2896 5140 3095 5212 lapsus
3146 5157 3214 5196 ex
3246 5139 3679 5211 perturbatione
3728 5153 3824 5192 ve-

2119 5233 2404 5298 hementi,
2466 5233 2848 5287 constitutam
2907 5247 3036 5288 esse
3097 5231 3395 5287 ostendit:
3461 5231 3588 5300 necj
3623 5228 3823 5297 talem

2121 5339 2272 5391 esse,
2348 5323 2442 5378 cui
2511 5321 2723 5392 linguas
2793 5322 3152 5392 angelorum,
3242 5319 3562 5392 prepbetia,
3629 5316 3823 5371 omnis

2122 5411 2384 5479 scientia,
2418 5416 2474 5466 et
2523 5411 2894 5466 curationum
2941 5411 3234 5468 charisma
3285 5411 3637 5479 comparata,
3671 5402 3818 5458 nihil

2123 5499 2258 5557 sint.

2682 5701 2728 5736 ⁸⁸
2777 5702 2917 5757 Luc.
2981 5716 3054 5767 vx,
3086 5698 3176 5754 26.
3254 5694 3300 5732 ³⁷
3349 5695 3556 5753 Matth.
3589 5710 3664 5762 VI,
3727 5691 3810 5746 16.

3779 6053 3900 6131 ,μιν
