4130 6286
321 392 438 454 847
1365 390 1371 396 ’
1665 397 1728 454 8.
1778 396 2058 456 MACARI

2178 393 2488 456 EGYPTII
3720 381 3848 439 848

395 525 518 580 νυ.
556 523 655 579 Ροι·
692 523 800 580 hoc
852 522 1223 594 perfectionis
1279 523 1595 579 declaravit
1647 543 1910 596 scopum,
1960 532 2058 594 ut,

2207 533 2277 583 Z'.
2312 527 2408 581 Διά
2444 529 2606 580 τοῦτο
2639 531 2740 592 τῆς
2789 521 3137 592 τελειότητος
3189 521 3426 594 ὑπέφηνε
3473 517 3566 570 τὸν
3616 515 3842 571 στοπόν·

325 614 729 684 unusquisque
761 630 1010 685 egenum
1042 630 1104 668 se
1153 618 1450 669 tantarum
1509 614 1842 671 divitiarum
1879 633 2035 671 reco-

2178 619 2215 670 ν’
2241 614 2464 676 ἕκαστος
2497 619 2745 692 πτωχεῖν
2787 613 2973 668 ἑαυτὸν
3013 609 3122 665 ἀπὸ
3162 613 3256 664 τοῦ
3293 606 3629 678 τηλικούτου
3671 604 3854 660 πλού-

326 710 608 775 gnoscent
639 705 876 760 ferventi
912 708 968 758 et
1025 710 1464 774 perseveranter
1493 707 1882 762 contendentc
1913 705 2034 776 spi-

2178 726 2237 758 ου
2303 702 2706 778 διαγινώσκων,
2769 704 2956 774 θερμῷ
3007 698 3087 772 τῲ
3143 697 3414 770 πνεύματι
3465 696 3554 749 καὶ
3615 696 3857 766 συντόνῳ

331 792 442 848 ritu
511 809 697 864 usque
772 794 839 846 ad
903 790 1172 846 ultimum
1260 793 1513 857 festinet,
1580 800 1634 849 et
1737 795 2037 865 spirituale

2178 796 2281 868 τρὸς
2313 795 2374 849 τὸ
2407 793 2638 868 ἔσχατον
2683 790 3096 865 κατεπείγηται,
3148 790 3242 842 τὸν
3290 785 3658 858 πνευματικὸν
3711 783 3858 838 οὕτω

331 883 415 937 sic
525 887 821 953 percurrat
913 881 1188 950 stadium,
1286 883 1468 938 donec
1562 887 2036 954 comprehendat,

2179 887 2318 962 ρέχῃ
2371 881 2598 957 δρόμον,
2650 881 2818 956 ἄχρις
2870 881 2928 935 ἂν
2990 873 3298 952 καταλάϐῃ,
3360 877 3547 952 γαθὼς
3590 874 3806 950 εἷ’ρηται
3843 893 3857 906 ο

334 971 484 1026 sicut
561 972 781 1026 dictum
867 976 996 1026 est:
1066 972 1156 1026 Sic
1221 974 1454 1038 currite,
1503 977 1564 1026 ut
1612 974 2037 1043 comprehenda-

335 1061 404 1113 tis
427 1058 492 1113 ⁴².

411 1146 544 1200 νΙιΙ.
579 1147 882 1218 Abnegare
915 1165 976 1204 se
1022 1149 1216 1220 ipsum
1277 1150 1387 1206 hoc
1434 1157 1572 1222 puta
1603 1169 1732 1209 esse
1767 1169 1780 1210 :
1847 1169 2044 1224 prom-

339 1246 502 1308 ptum
535 1253 598 1292 se
623 1237 696 1293 ad
728 1239 926 1294 omnia
956 1240 1304 1295 fraternitati
1361 1243 1635 1310 praebere,
1669 1249 1726 1297 ct
1776 1244 1832 1297 in
1886 1242 2043 1297 nullo

344 1343 579 1395 prorsus
619 1327 901 1381 voluntati
964 1330 1206 1398 propriae
1259 1330 1538 1400 obsequi;
1585 1348 1688 1386 nec
1737 1332 1914 1386 ullius
1963 1348 2046 1396 se,

347 1420 554 1484 praeter
609 1415 792 1469 solam
851 1425 1086 1483 vestem,
1119 1418 1421 1474 dominum
1485 1426 1703 1489 putare,
1765 1425 1828 1476 ut
1875 1422 2048 1476 undi-

348 1518 460 1574 que
491 1503 796 1573 expeditus
826 1505 884 1558 in
924 1507 1223 1576 procinctu
1258 1514 1371 1562 stet
1401 1511 1472 1563 ad
1517 1511 1749 1580 quidvis
1803 1513 2048 1578 impera-

347 1596 469 1646 tum
520 1609 651 1647 cum
701 1593 912 1664 gaudio
963 1597 1418 1668 exsequendum,
1467 1605 1527 1653 ut
1586 1601 1945 1671 mancipium
1988 1615 2050 1653 se

349 1681 520 1735 habet
556 1683 833 1737 adversus
888 1700 1131 1748 omnes;
1187 1687 1433 1741 maxime
1465 1693 1656 1742 autem
1721 1690 2052 1759 praepositis

347 1770 716 1840 obsequatur,
774 1770 1004 1827 Christo
1053 1775 1457 1845 obtemperans
1490 1775 1702 1831 dicenti
1738 1793 1750 1831 :
1788 1776 1894 1844 Qui
1940 1777 2053 1830 vult

350 1861 498 1913 inter
528 1875 615 1913 vos
661 1861 879 1929 primus
928 1876 1042 1915 esse
1095 1866 1150 1915 et
1199 1880 1452 1931 magnus,
1483 1864 1557 1918 sit
1583 1867 1828 1920 omnium
1879 1868 2055 1919 mini-

349 1954 484 2010 ster,
515 1952 568 2002 et
598 1949 849 2016 ultimus,
872 1955 925 2004 et
973 1967 1158 2006 servus
1174 1951 1258 2018 ⁴³;
1305 1969 1422 2007 non
1472 1953 1741 2024 gloriam,
1771 1955 2049 2009 honorem

349 2047 452 2092 aut
498 2038 727 2092 laudern
762 2055 1018 2106 venans;
1054 2058 1168 2097 non
1213 2043 1283 2096 ad
1336 2042 1574 2097 oculum
1638 2044 1918 2110 serviens,
1953 2048 2055 2098 aut

349 2127 576 2197 placere
603 2127 939 2184 hominibus
983 2133 1266 2198 studens;
1317 2131 1418 2186 sed
1467 2131 1788 2188 debitorem
1841 2148 1899 2187 se
1950 2149 2052 2203 per

350 2216 541 2271 omnia
593 2223 864 2289 reputans
927 2219 1237 2276 ministerii
1279 2221 1337 2276 in
1384 2221 1667 2276 charitate
1713 2226 1769 2277 et
1825 2222 2056 2292 simpli-

351 2305 526 2360 citate
561 2306 838 2362 fratribus
860 2307 1193 2364 exhibendi.

422 2393 522 2446 1X.
555 2394 896 2463 Praepositae
956 2396 1354 2465 fraternitatis,
1388 2399 1545 2470 operi
1599 2417 1802 2470 magno
1854 2401 2055 2454 admo-

352 2486 466 2545 tos,
498 2484 777 2537 adversus
808 2489 1004 2540 contra
1037 2487 1331 2542 molientis
1387 2488 1616 2542 malitiae
1661 2489 1905 2544 artificia
1951 2489 2054 2544 de-

355 2575 574 2625 certare
608 2589 708 2640 per
732 2572 1117 2629 humilitatem
1151 2581 1396 2646 oportet,
1430 2593 1501 2632 ne
1559 2577 1694 2632 vitio
1744 2578 2051 2648 superbiae,

357 2670 416 2712 ut
447 2657 504 2711 in
558 2661 764 2714 fratres
813 2661 958 2730 ipsis
990 2663 1260 2719 subditos
1309 2665 1697 2734 dominantes,
1738 2666 1860 2720 vice
1916 2666 2062 2721 lucri

355 2748 619 2816 maximi,
653 2750 932 2805 damnum
994 2753 1162 2807 nobis
1219 2753 1358 2824 ipsis
1391 2771 1789 2825 procuremus.
1826 2756 1933 2810 Sed
1997 2761 2059 2811 ut

355 2837 766 2893 misericordes
802 2839 1022 2908 Patres,
1055 2843 1275 2914 quique
1332 2844 1526 2914 potius
1586 2851 1823 2916 propter
1875 2845 2060 2900 Deum

356 2943 420 2982 ce
444 2928 786 2983 fraternitati
821 2931 889 2984 ad
926 2935 1310 2999 serviendum,
1371 2933 1749 3006 corporaliter
1778 2941 1834 2990 et
1883 2935 2063 3006 spiri-

352 3016 588 3072 tualiter
619 3019 973 3087 dediderint,
1018 3037 1216 3077 eorum
1269 3027 1333 3077 ut
1364 3023 1465 3078 Dei
1513 3024 1766 3078 ﬁliorum
1813 3025 2062 3094 diligen-

355 3111 472 3161 tem
507 3106 565 3162 in
605 3108 880 3163 omnibus
934 3125 1134 3165 curam
1185 3114 1741 3184 gerant;arguendo
1777 3113 1872 3168 ubi
1924 3129 2062 3168 con-

357 3195 536 3263 venit,
601 3197 700 3252 ubi
757 3203 984 3268 oportet
1051 3201 1446 3270 consolando;
1507 3219 1578 3257 ne
1643 3202 1882 3257 obtentu
1957 3202 2066 3254 hu-

362 3285 630 3339 militatis
678 3292 735 3340 et
800 3291 1272 3347 mansuetudinis
1345 3293 1402 3345 in
1471 3293 1812 3347 confusione
1871 3307 2067 3345 mona-

365 3373 548 3426 steria
594 3373 752 3442 sint;
804 3392 1123 3446 congruum
1181 3380 1447 3434 ordinem
1517 3381 1953 3450 praesidentium
2013 3386 2068 3433 et

362 3461 760 3529 subjectorum
796 3480 909 3518 non
943 3469 1272 3534 servantia;
1324 3469 1384 3521 in
1417 3477 1639 3524 secreto
1683 3476 1874 3524 autem
1911 3485 2066 3523 men-

363 3549 438 3603 tis
468 3565 662 3604 servos
709 3551 984 3622 indignos
1041 3556 1310 3610 omnium
1357 3558 1597 3612 fratrum
1659 3574 1720 3612 se
1769 3559 1926 3628 ipsos
1985 3573 2072 3611 re-

367 3645 684 3711 putantes;
747 3649 921 3714 atque
980 3653 1044 3699 ut
1073 3646 1207 3700 boni
1271 3650 1589 3719 paedagogi,
1637 3649 1852 3720 quibus
1891 3651 2069 3719 Spiri-

367 3728 552 3783 tuales
586 3729 684 3783 lilii
717 3735 1026 3788 concrediti
1061 3741 1219 3798 sunt,
1269 3753 1401 3790 cum
1463 3739 1622 3792 omni
1675 3739 2070 3795 benevolentia

367 3823 424 3872 et
478 3817 579 3873 Dei
610 3820 819 3877 timore
853 3839 1327 3896 unumquemque
1363 3828 1603 3881 fratrum
1639 3845 1964 3898 promovere
1995 3830 2070 3885 ad

375 3920 544 3960 omne
568 3907 785 3963 bonum
821 3912 1162 3981 studentes;
1207 3929 1318 3968 non
1352 3913 1562 3984 ignari,
1621 3931 1890 3987 magnam
1925 3918 2070 3987 ipsis

374 4003 428 4048 et
470 3996 941 4068 inamissibilem,
989 4000 1315 4072 laborisque
1352 4005 1648 4072 quantivis
1695 4005 2068 4060 excedentem

368 4088 665 4154 meritum,
701 4090 1014 4159 repositam
1048 4107 1176 4146 esse
1221 4093 1568 4147 mercedem.

437 4266 591 4322 I72
641 4267 712 4321 X.
745 4267 817 4322 Ut
848 4269 943 4339 qui
976 4286 1175 4324 curam
1220 4271 1546 4340 suscipiunt
1578 4273 1963 4342 regendorum
2013 4280 2070 4331 et

362 4355 857 4412 instituendorum
911 4359 1369 4426 adolescentum,
1436 4377 1582 4431 quos
1643 4361 1926 4432 contingit
1966 4363 2069 4416 ali-

363 4443 599 4512 quando
630 4453 682 4497 et
715 4446 980 4514 proprios
1013 4447 1267 4516 ipsorum
1323 4461 1452 4502 esse
1499 4448 1807 4515 dominos;
1869 4454 2063 4504 tamen

362 4537 427 4585 ut
473 4532 783 4602 disciplina
824 4550 921 4588 eos
964 4535 1176 4589 salubri
1224 4534 1509 4605 imbuant,
1551 4542 1607 4591 et
1655 4553 1846 4591 mores
1905 4537 2062 4616 ipso-

2095 3268 2144 3332 ί]

2157 975 2318 1031 Οῦτω
2349 977 2596 1048 τρέχετε,
2625 970 2718 1026 ’ίνα
2746 965 3116 1040 καταλάϐητε.

2225 1159 2307 1210 H'.
2367 1153 2434 1206 Τό
2493 1149 2902 1224 ἀπαρνήσασθαι
2959 1147 3144 1200 ἑαυτὸν
3211 1148 3378 1199 τοῦτο
3437 1139 3630 1214 νόμιζε
3668 1141 3801 1196 εἶναι
3838 1161 3850 1172 ·

2149 1243 2212 1296 τὸ
2255 1236 2476 1295 ἔκδοτον
2529 1240 2604 1301 εἷς
2663 1235 2801 1294 ἅπαν
2857 1241 2925 1309 τῇ
2985 1233 3320 1310 ἀδελφότητι
3377 1235 3706 1305 παρασχτῖν,
3767 1230 3861 1282 καὶ

2155 1328 2428 1401 Θελήματ,
2486 1325 2612 1400 ΐδίῳ
2669 1326 2976 1380 παντάπασι
3042 1325 3118 1394 μή
3189 1327 3431 1396 στοιχεῖν
3468 1338 3481 1351 ·
3521 1323 3658 1392 μήτε
3711 1319 3862 1378 τινὸς

2154 1418 2340 1490 κύριον
2382 1418 2538 1486 εἶναι,
2571 1418 2652 1470 ὅτι
2715 1416 2790 1488 μὴ
2847 1417 2944 1467 τοῦ
2994 1409 3294 1484 ἐνδύματος
3350 1411 3534 1482 μόνον’
3591 1407 3688 1461 ’ίνα
3728 1408 3862 1461 1:1":-

2155 1508 2308 1560 τοθεν
2381 1506 2562 1566 ἄνετος
2627 1500 2720 1572 ῶν,
2789 1507 2895 1557 τῶν
2974 1499 3411 1572 ἐπιταττομένων
3488 1497 3636 1569 αὐτῷ
3696 1497 3869 1568 μόνον

2161 1597 2297 1670 μετὰ
2328 1599 2501 1670 χαρᾶς
2542 1591 2760 1669 ἔχηται,
2804 1593 2878 1653 ὡς
2921 1589 2980 1645 ἄν
3029 1610 3112 1652 τις
3165 1589 3551 1664 ἀργυρώνητος
3613 1585 3685 1639 ὢν
3728 1588 3873 1658 πρὸς

2159 1685 2382 1755 πάντας,
2459 1683 2548 1738 καὶ
2631 1680 2867 1756 μάλιστα
2939 1681 3073 1742 τοὺς
3149 1680 3565 1750 ἐξηγουμένους.
3649 1679 3877 1748 Χριστῷ

2161 1775 2485 1846 πειθόμενος
2541 1778 2622 1844 τῷ
2696 1771 2924 1826 εἰπόντι·
2989 1771 3051 1826 Ὁ
3108 1765 3280 1822 θέλων
3342 1766 3393 1820 ἐν
3458 1767 3584 1838 ὑμῖν
3654 1769 3876 1838 πρῶτος

2164 1863 2300 1916 εἶναι
2349 1862 2440 1915 καὶ
2495 1864 2680 1936 μέγας,
2740 1855 2877 1914 ἔστω
2935 1858 3148 1912 πάντων
3209 1853 3483 1924 διάκονος,
3546 1875 3636 1909 και
3705 1850 3878 1926 ἔσχα-

2160 1971 2276 2021 τος,
2320 1952 2410 2004 καὶ
2471 1948 2696 2019 δοῦλος,
2761 1951 2838 2023 μή
2899 1946 3054 2016 δόξαν
3112 1945 3204 1999 καὶ
3261 1946 3450 2017 τιμὴν,
3515 1945 3591 2016 μὴ
3651 1940 3873 1996 ἔπαινον

2157 2043 2516 2113 ποριζόμενος
2552 2059 2565 2071 ·
2621 2039 2698 2111 μή
2757 2037 2808 2092 ἐν
2870 2031 3355 2114 ὀφθαλμοδουλείᾳ
3411 2034 3488 2095 ὡς
3544 2031 3877 2106 ἀνθρωπάρ-

2162 2129 2514 2193 εσκος·ἀλλ’
2574 2127 2866 2207 ὀφειλέτην
2924 2125 3108 2179 ἑαυτὸν
3169 2121 3257 2177 διὸ⁴
3303 2123 3505 2184 παντὸς
3565 2121 3877 2195 ἡγούμενος

2160 2226 2260 2286 τῆς
2319 2215 2369 2271 ἓν
2422 2217 2600 2292 ἀγάπῃ
2647 2237 2704 2271 τε
2751 2216 2840 2270 καὶ
2900 2210 3173 2283 ἁπλότητι
3224 2212 3359 2286 πρὸς
3413 2212 3546 2274 τοῦς
3603 2207 3881 2284 ἀδελφοὺς

2166 2307 2445 2370 διακονίας
2457 2348 2473 2365 .

2241 2399 2314 2453 Θ’.
2346 2397 2482 2457 Τοῦς
2531 2397 2932 2469 ἐξηγουμένους
2987 2401 3086 2462 τῆς
3136 2389 3532 2468 ἀδελφόνητος,
3575 2391 3647 2450 ὡς
3705 2390 3879 2465 μεγά-

2168 2484 2252 2558 λῳ
2283 2480 2428 2560 ἔργῳ
2477 2481 2954 2558 ἐπιϐαλλομένους
3006 2483 3141 2556 πρὸς
3189 2482 3285 2543 τάς
3328 2489 3430 2551 τῆς
3479 2479 3668 2541 κακίας
3716 2479 3878 2534 ἀντι·

2168 2578 2400 2650 τέχνους
2461 2571 2744 2647 μεθοδείας
2813 2571 3172 2650 ἀγωνίζεσθαι
3225 2570 3314 2626 διὰ
3372 2569 3877 2647 ταπεινοφροσύνης

2171 2661 2274 2730 δεῖ,
2315 2662 2410 2718 ’ἱνα
2459 2665 2533 2736 μή
2594 2664 2753 2718 πάθει
2803 2662 3172 2740 ὑπερηφανίας
3225 2661 3299 2721 ὡς
3347 2664 3453 2714 τῶν
3507 2659 3881 2732 ὑποτεταγμέ-

2169 2775 2272 2806 νων
2315 2751 2566 2831 ἀδελφῶν
2598 2753 3119 2822 κατεξουσιάζοντες,
3153 2749 3268 2804 ἀντὶ
3324 2749 3572 2822 μεγίστου
3619 2745 3878 2819 κέρδους,

2174 2841 2371 2912 ζημίαν
2433 2841 2644 2901 ἑαυτοῖς
2705 2841 3124 2912 προξενήσωμεν
3162 2857 3175 2870 ⁸
3204 2835 3332 2891 ἀλλ’
3381 2837 3450 2897 ὡς
3493 2831 3868 2910 εὔσπλαγχνοι

2171 2931 2420 3003 πατέρες,
2452 2927 2546 2982 καί
2587 2926 2861 2982 δουλεύειν
2917 2927 3130 3000 μᾶλλον
3181 2923 3270 2979 διὰ
3319 2926 3408 2979 τὸν
3455 2923 3576 2979 Θεὸν
3623 2919 3871 2983 ἐκδόντες

2171 3023 2240 3092 τῇ
2301 3017 2634 3094 ἀδελφότητι
2696 3018 2916 3077 ἑαυτοὺς
2970 3021 3297 3089 σωματικῶς
3355 3035 3413 3068 τε
3479 3013 3569 3068 καὶ
3632 3030 3875 3082 πνευμα-

2169 3112 2362 3174 τικῶς,
2416 3108 2545 3181 ὑπὲρ
2589 3107 2765 3161 αὐτῶν
2815 3103 3167 3185 φροντίζωσι,
3212 3105 3300 3160 καὶ
3350 3105 3424 3164 ὡς
3463 3104 3663 3158 τέκνων
3717 3103 3879 3167 Θεοῦ,

2175 3195 2474 3258 διαπαντὸς
2523 3194 2915 3268 ἐπιμέλωνται,
2977 3194 3190 3271 ἐλέγξαι
3240 3196 3376 3248 ὅπου
3428 3195 3565 3271 χρὴ,
3614 3192 3703 3247 καὶ
3744 3193 3799 3246 tv
3828 3194 3879 3266 ᾧ

2174 3283 2256 3341 δεῖ
2333 3285 2704 3359 παρακαλέσαι
2740 3303 2753 3314 ·
2797 3283 2891 3338 ’ίνα
2979 3286 3053 3357 μή
3139 3285 3406 3361 προφάσει
3499 3283 3890 3351 ταπεινότητος

2175 3375 2267 3428 καὶ
2318 3375 2631 3448 πραότητος
2689 3372 2742 3427 ἐν
2803 3372 3060 3448 συγχύσει
3116 3373 3183 3427 τά
3242 3375 3584 3446 μοναστηρια
3636 3372 3721 3438 ἦν,
3778 3372 3887 3438 τήν

2182 3465 2562 3536 προσήκουσαν
2619 3463 2764 3531 τάξιν
2811 3466 2916 3516 τῶν
2977 3462 3332 3537 προεστώτων
3391 3460 3483 3515 καὶ
3537 3454 3887 3528 ὑποϐεϐηκό-

2797 3283 2891 3338 ’ίνα

2183 3572 2290 3606 των
2327 3551 2426 3605 οὐκ
2484 3552 2835 3620 ἁποσώζοντα
2865 3567 2878 3582 ⁸
2932 3550 2984 3606 ἐν
3033 3549 3087 3605 δέ
3140 3572 3199 3626 γε
3245 3551 3323 3622 τῷ
3372 3550 3566 3625 ἀφανεῖ
3613 3556 3710 3618 τῆς
3770 3545 3892 3602 δια-

2175 3641 2320 3702 νοίας
2389 3641 2464 3702 ὡς
2535 3639 2768 3702 δούλους
2836 3640 3078 3713 ἀναξίους
3146 3642 3362 3695 πάντων
3444 3645 3550 3692 τῶν
3629 3635 3886 3716 ἀδελφῶν

2177 3732 2398 3793 ἑαυτοὺς
2463 3731 2784 3806 ἡγούμενοι,
2857 3733 2930 3792 ὡς
2995 3729 3344 3808 παιδαγωγοὶ
3408 3731 3742 3802 πνεύματικά
3799 3729 3888 3782 τέ-

2176 3843 2275 3875 κνα
2331 3820 2774 3894 πεπιστευμένοι,
2838 3822 2973 3894 μετά
3031 3822 3209 3891 πάσης
3269 3819 3477 3881 εὐνοίας
3537 3819 3627 3874 καὶ
3706 3815 3883 3898 φόϐου

2177 3915 2309 3965 Θεοῦ
2382 3907 2604 3966 ἕκαστον
2681 3914 2789 3965 τῶν
2856 3907 3107 3985 ἀδελφῶν
3191 3909 3527 3984 καταρτίζειν
3615 3909 3693 3971 εἰς
3772 3916 3880 3963 πᾶν

2177 3999 2375 4072 ἀγαθὸν
2455 3997 2844 4068 σπουδάζοντες
2885 4018 2897 4031 ·
2969 4000 3047 4070 μή
3118 3999 3457 4072 ἀγνοοῦντες,
3555 3999 3636 4052 ὅτι
3716 3997 3885 4071 μέγας

2177 4087 2361 4150 αὺτοῖς
2405 4088 2493 4142 καὶ
2544 4088 2891 4164 ἀναφαίρετος
2951 4089 2978 4142 ό
3039 4088 3168 4162 ὑπὲρ
3226 4091 3322 4142 τοῦ
3377 4088 3626 4158 καμάτου
3686 4088 3881 4159 μισθὸς

2177 4176 2513 4248 ταμιεύετιοι.

2252 4269 2311 4322 Ι’.
2344 4270 2547 4340 Ὥσπερ
2580 4267 2629 4320 οἱ
2661 4265 3027 4342 παιδαγωγεῖν
3068 4268 3196 4328 τοὺς
3244 4268 3398 4327 νέους
3445 4262 3876 4338 παραλαϐόντες,

2178 4351 2317 4410 ἔστιν
2371 4354 2458 4409 ὅτε
2515 4356 2602 4409 καὶ
2658 4353 2920 4415 δεσπότας
2975 4354 3131 4416 ὄντας
3185 4353 3378 4423 ἰδίους,
3432 4355 3558 4409 ἀλλ’
3611 4353 3700 4409 οὖν
3751 4375 3882 4408 παι-

2179 4442 2322 4505 δείας
2381 4443 2543 4517 χάριν
2599 4445 2687 4498 καὶ
2737 4443 3031 4516 εὐκοσμίας
3077 4445 3229 4513 ἠθῶν
3283 4445 3381 4499 οὐκ
3435 4444 3681 4498 ὀκνοῦσιν
3725 4444 3877 4513 ὅμως

2175 4533 2266 4587 καὶ
2331 4533 2550 4607 πληγάς
2618 4533 2800 4593 αὐτοῖς
2867 4533 3115 4603 ἐντεῖναι,
3175 4537 3311 4588 κατά
3376 4532 3598 4602 πολλήν
3653 4529 3864 4584 ἄδειαν·

358 4637 492 4675 rum
544 4621 816 4678 honestos
865 4624 1132 4686 formant,
1179 4641 1291 4679 non
1343 4633 1698 4680 cunctantur
1742 4643 1840 4680 eos
1885 4627 2058 4681 inter-

2178 4621 2314 4676 οὕτω
2363 4619 2444 4676 δεῖ
2499 4624 2584 4676 καὶ
2653 4623 2780 4682 τοὺς
2834 4627 3201 4697 προεστῶτας,
3255 4621 3315 4676 οὐ
3357 4624 3516 4678 πάθει
3552 4622 3713 4691 θυμοῦ
3764 4618 3857 4671 καὶ

358 4713 494 4765 dum
540 4711 724 4781 plagis
771 4714 947 4767 etiam
994 4729 1204 4785 magna
1235 4714 1498 4769 libertate
1557 4715 1846 4783 impositis
1885 4717 2059 4770 casti-

359 4816 534 4869 gare;
569 4802 651 4854 sic
708 4810 930 4872 oportet
979 4812 1032 4856 et
1073 4806 1429 4873 prapositos,
1465 4821 1578 4859 non
1611 4806 1708 4858 iraa
1763 4807 2063 4875 perturba-

359 4889 538 4952 tione,
608 4897 710 4943 aut
776 4895 929 4946 fastu
995 4893 1320 4960 superbiae;
1392 4911 1580 4963 neque
1646 4903 1707 4948 ut
1773 4910 1835 4949 sc
1905 4895 2061 4961 ipsos

362 4976 725 5040 ulciscentes,
757 4978 986 5032 afficere
1046 4997 1212 5049 pmna
1241 4982 1442 5035 merita
1498 5000 1594 5036 eos
1651 4999 1719 5036 ex
1769 4983 2061 5050 fratribus,

2173 4711 2658 4789 ὑψηλοφροσύνης,
2709 4710 2821 4766 οὐδ’
2867 4713 2940 4775 ὡς
2991 4713 3211 4774 ἑαυτοὺς
3253 4709 3611 4780 ἐκδικοῦντες,
3665 4707 3864 4780 ἀμύνε-

2171 4805 2292 4856 σθαι
2323 4802 2449 4862 τοὺς
2499 4799 2742 4863 παιδείας
2802 4803 2948 4862 τινὸς
2997 4806 3104 4856 τῶν
3155 4799 3407 4876 ἀδελφῶν
3466 4797 3868 4871 ἐπιδεομένους,

2173 4889 2320 4946 ἀλλά
2364 4890 2700 4964 σπλάγχνοις
2760 4895 3053 4965 χρηστοῖς,
3110 4892 3200 4945 καὶ
3261 4896 3448 4962 σκοπῷ
3501 4889 3871 4960 πνευματικῆς

2177 4977 2467 5054 ὠφελείας,
2496 4981 2593 5048 την
2623 4977 2954 5052 ἐπιστροφήν
2999 4979 3214 5034 ἐκείνων
3249 4979 3592 5055 ἐργάζεσθαι.

357 5063 455 5135 qui
505 5067 860 5120 correctione
922 5069 1186 5138 indigent
1241 5069 1474 5139 aliqua;
1509 5086 1708 5125 verum
1743 5070 1798 5124 id
1846 5071 2064 5125 faciant
2104 5070 2368 5141 benignis
2402 5071 2718 5125 visceribus
2747 5077 2803 5124 et
2834 5087 3073 5142 scopum
3141 5074 3434 5126 intuentes
3500 5086 3698 5125 unum
3758 5068 3881 5140 spi-

359 5155 585 5211 ritualis
633 5157 888 5226 ipsorum
925 5159 1219 5226 utilitatis,
1256 5167 1318 5215 ut
1349 5165 1668 5231 Operentur
1697 5162 1956 5232 ipsorum
1985 5163 2437 5217 conversionem.

429 5249 528 5302 XI.
565 5247 743 5302 Multo
791 5249 1003 5314 studio,
1040 5256 1428 5319 contentione,
1486 5270 1644 5320 cura,
1675 5258 1731 5307 et
1785 5253 2061 5308 certami-

357 5355 428 5394 ne
488 5357 803 5412 possumus
835 5342 1177 5397 charitatem
1219 5343 1274 5397 in
1312 5345 1490 5398 Deum
1527 5344 1839 5413 acquirere,
1872 5345 2059 5414 gratia

356 5441 409 5486 et
465 5433 616 5488 dono
675 5431 910 5499 Christi,
963 5433 1062 5503 qui
1111 5435 1395 5490 formatur
1453 5438 1509 5490 in
1571 5437 1763 5491 nobis.
1825 5435 1904 5490 Ex
1953 5436 2058 5490 hoc

356 5537 589 5593 quoque
645 5523 834 5594 primo
879 5523 963 5579 sic
1010 5524 1234 5595 expleto
1280 5526 1578 5596 mandato,
1611 5527 1684 5580 ad
1733 5525 2056 5581 secundum

427 5709 474 5743 ⁴²
510 5710 530 5764 Ι
565 5708 690 5766 Cor.
717 5725 794 5778 ιι,
827 5713 878 5764 4.
955 5710 1000 5744 δ’
1023 5709 1226 5767 Matth.
1261 5725 1357 5775 xx,
1373 5710 1465 5763 27.

2241 5252 2347 5307 IA'.
2384 5251 2506 5306 ’Ότι
2541 5247 2628 5304 διὰ
2659 5249 2877 5319 πολλῆς
2929 5249 3172 5320 σπουδῆς
3221 5251 3311 5306 καὶ
3360 5250 3550 5322 πόνου,
3607 5250 3878 5324 μερίμνης

2167 5361 2222 5393 τε
2262 5341 2348 5395 καὶ
2405 5343 2616 5413 ἀγῶνος
2659 5343 2758 5409 την
2805 5342 2941 5415 πρὸς
2997 5341 3124 5395 Θεὸν
3174 5341 3390 5414 ἀγάπην
3441 5337 3659 5395 δυνατοὶ
3724 5340 3875 5412 γινό-

2171 5432 2306 5502 μεθα
2356 5433 2671 5501 ’κτήσασθαι
2727 5433 2913 5504 χάριτι
2981 5431 3069 5485 καὶ
3121 5429 3296 5502 δωρεᾷ
3343 5435 3578 5506 Χριστοῦ
3626 5430 3678 5483 ἐν
3738 5432 3878 5501 ἡμῖν

2172 5519 2671 5598 διαμορφουμένου.
2756 5525 2850 5576 Ἐκ
2936 5517 2993 5576 δὶ
3047 5521 3250 5592 ταύτης
3311 5522 3398 5576 καὶ
3461 5521 3561 5589 τήν
3620 5517 3877 5596 δευτέραν
