4130 6286
304 452 420 514 849

1341 455 1576 516 LIBER
1618 453 1718 514 DE
1763 450 2312 514 PERFECTIONE
2356 451 2430 510 IN
2478 451 2811 513 SPlRITU.

2132 40 2342 62 ιιιέιὶιι-ηοὶεῖνέῦ
2361 49 2378 60 --
2443 55 2446 58 -
2531 41 2676 63 μαι-ικεέ
2689 40 2714 58 εῖ-
2731 40 2906 63 ἕῖλὲῖίῖἓξιιεέι
3003 51 3034 63 -_-_
3057 41 3138 63 iiii-.-

3721 453 3842 513 850

309 588 452 660 φημὶ
484 586 734 657 ἐντολὴν,
765 589 864 657 τήν
917 588 1052 662 πρὸς
1099 588 1189 642 τὸν
1240 587 1475 658 πλησίον
1527 588 1760 664 ἀγάπην,
1812 584 2012 660 ῥᾳδίως

2132 586 2315 641 facilis
2348 586 2545 641 eadem
2596 602 2702 658 ope
2753 587 2920 644 nobis
2967 590 3267 659 continget
3313 587 3615 655 transitus,
3651 591 3721 644 ad
3747 589 3834 643 di-

304 678 642 750 κατορθῶσαι
700 676 926 748 γίνεται.
989 674 1069 733 Τά
1147 675 1248 751 γὰρ
1308 680 1496 751 πρῶτα
1553 677 1641 730 καὶ
1715 673 2012 749 προταττέ-

311 768 423 820 σθω
479 771 588 820 τῶν
629 763 838 835 ἄλλων,
872 767 961 821 καὶ
1014 766 1185 822 πλέον
1232 766 1406 820 αὐτῶν
1451 764 1826 820 σπουδευέσθω
1857 785 1870 799 ⁸
1922 765 2013 819 καὶ

312 854 453 908 οὕτω
502 856 568 910 τά
609 852 828 929 δεύτερα
877 861 997 918 τοῖς
1049 857 1291 929 πρώτοις
1351 855 1586 928 ἑπύμενα
1634 850 1818 909 ἔσται’
1863 856 1908 909 εἰ
1959 851 2015 908 δέ

306 965 388 1005 τις
441 949 540 1009 τῆς
603 943 855 1020 μεγάλης
914 945 1116 1014 ταύτης
1175 945 1264 998 καὶ
1330 946 1552 1019 πρώτης
1613 944 1859 1013 ἐντολῆς,
1915 948 2014 1008 τῆς

311 1034 450 1104 πρὸς
509 1035 637 1088 Θεὸν
692 1035 907 1109 ἀγάπης
966 1036 1133 1112 φημὶ,
1195 1032 1668 1108 κατολιγωρήσας,
1728 1033 1848 1103 ἥτις
1910 1035 2016 1088 ἀπὸ

308 1129 408 1190 τῆς
462 1117 612 1177 ¹ἔνδον
673 1126 834 1195 ἡμῶν
896 1121 1186 1186 διαθέσεως
1244 1121 1602 1194 συνειδήσεώς
1658 1145 1716 1177 τε
1784 1124 2014 1197 ἀγαθῆς,

311 1210 402 1264 καὶ
448 1211 640 1286 ὑγειῶν
685 1215 793 1265 τῶν
837 1212 972 1284 πρὸς
1022 1212 1150 1265 Θεὸν
1193 1212 1437 1281 ἐννοιῶν,
1472 1213 1682 1283 συνάμα
1729 1213 1817 1264 καὶ
1873 1211 2019 1284 βοη-

313 1299 459 1360 θείας
529 1301 1003 1376 συνεφαπτομένης
1063 1299 1418 1354 συνίσταται·
1489 1307 1590 1369 τῆς
1653 1298 1709 1354 δὲ
1767 1298 2017 1375 δευτέρας

312 1393 414 1456 τῆς
465 1382 657 1457 ἔξωθεν
705 1390 870 1460 μόνον
924 1387 1240 1461 ἐπιμέλειαν
1290 1395 1390 1458 τῆς
1433 1386 1708 1449 διακονίας
1757 1389 2016 1465 ἀφοσιοῦν

315 1475 594 1550 βούλεται,
624 1475 884 1532 ἀδύνατον
917 1478 1061 1549 αὖτῷ
1088 1481 1292 1549 ταύτην
1335 1479 1506 1551 ὑγιῶς
1548 1499 1606 1533 τε
1636 1478 1725 1532 καὶ
1773 1479 2018 1552 καθαρῶς

317 1563 617 1637 μετελθεῖν.
652 1571 714 1620 Ἦ
766 1569 870 1640 γάρ
898 1573 998 1635 τῆς
1037 1566 1227 1629 κακίας
1264 1563 1491 1639 μὲθοδος
1538 1568 1762 1638 μνήμης
1813 1561 2020 1639 ἔρημον

310 1654 402 1707 καὶ
463 1655 678 1729 ἀγάπης
733 1656 821 1710 καὶ
900 1659 1033 1710 Θεοῦ
1093 1658 1372 1726 ζητήσεως
1454 1657 1545 1710 τὸν
1619 1659 1742 1710 νοῦν
1798 1655 2017 1729 ἀνευρί-

315 1763 537 1810 σκουσα,
588 1743 622 1812 ἢ
676 1741 916 1819 δυσχερῆ
971 1745 1057 1798 καὶ
1107 1743 1326 1798 ἐπίνονα
1378 1745 1445 1798 τὰ
1504 1746 1620 1798 θεῖα
1678 1743 2020 1818 ἐπιτάγματα

313 1832 586 1908 φαίνεσθαι
637 1838 806 1902 ποιεῖ,
857 1834 1209 1906 γογγυσμοὺς
1265 1833 1354 1886 καὶ
1416 1829 1592 1895 λύπας
1646 1831 1735 1886 καὶ
1787 1831 2019 1906 μέμψεις

310 1921 444 1976 κατὰ
472 1928 571 1990 τῆς
623 1922 697 1982 εἷς
755 1923 886 1983 τοὺς
929 1920 1198 1998 ἀδελφοὺς
1255 1920 1529 1984 διακονίας
1567 1927 1636 1996 τῇ
1688 1925 1841 1997 ψυχῇ
1882 1921 2012 1976 ἀνα-

307 2014 530 2064 κινοῦσα
572 2031 584 2042 ⁸
645 2011 680 2080 ἢ
741 2011 915 2080 οἰήσει
976 2009 1324 2080 δικαιοσύνης
1381 2012 1756 2084 ἐξαπατήσασα
1805 2017 2009 2089 φυσιοῖ,

259 2103 261 2105 ’
307 2099 396 2153 καὶ
440 2099 624 2153 ἑαυτὸν
678 2101 928 2174 ἡγεῖσθαι
974 2099 1160 2164 τίμιόν
1213 2121 1271 2154 τε
1316 2101 1405 2153 καὶ
1459 2101 1648 2174 μέγαν,
1699 2100 1790 2154 καὶ
1835 2097 2014 2172 ἄκρως

307 2190 670 2264 κατορθοῦντα
699 2190 795 2250 τὰς
827 2186 1052 2248 ἐντολάς
1086 2188 1384 2244 ἀναπείθει.

2121 678 2452 744 lectionem,
2522 678 2786 747 inquam,
2849 679 3121 748 proximi.
3171 679 3316 733 Nam
3380 677 3567 748 prima
3625 695 3842 750 praepo-

2126 779 2341 820 nantur
2397 767 2548 833 aliis,
2580 773 2638 820 et
2690 766 2819 833 plus
2878 768 2935 821 in
2995 768 3065 821 iis
3105 768 3281 821 studii
3319 773 3585 837 ponatur,
3619 783 3683 822 ac
3709 775 3834 822 tum

2125 855 2362 910 demum
2406 856 2609 910 ordine
2658 857 3019 910 convenienti
3081 857 3331 911 secunda
3384 857 3586 927 primis
3635 872 3838 911 conse-

2126 949 2373 1015 quenter
2430 940 2842 1014 adjungentur.
2891 946 2952 999 Si
3009 948 3138 1016 quis
3195 951 3390 1000 autem
3460 963 3665 1013 magno
3737 946 3834 1000 illo

2125 1039 2182 1088 et
2208 1033 2396 1101 primo
2456 1035 2751 1101 mandato,
2811 1034 3136 1088 dilectionis
3185 1034 3444 1103 inquam,
3480 1035 3602 1101 Dei,
3638 1035 3835 1106 negle—

2124 1127 2214 1176 cto
2255 1122 2406 1194 (quas
2473 1122 2705 1178 dilectio
2766 1139 2834 1176 ex
2893 1123 3154 1178 interiori
3193 1129 3390 1179 nostra
3425 1124 3832 1194 dispositione,

2127 1212 2598 1282 conscientiaque
2633 1214 2800 1278 bona,
2833 1217 2891 1266 et
2921 1212 3079 1267 sanis
3110 1213 3181 1266 de
3212 1212 3327 1267 Deo
3359 1212 3834 1290 cogitationibus,

2125 1306 2503 1354 concurrente
2536 1300 2706 1354 simul
2752 1301 2967 1354 auxilio
3016 1301 3216 1371 gratias
3263 1302 3670 1369 cOOperatricis
3719 1301 3834 1354 eli-

2124 1388 2294 1459 citur)
2328 1389 2584 1442 secundo
2647 1390 2919 1444 mandato
2986 1389 3311 1444 dilectionis
3362 1390 3626 1459 proximi,
3677 1396 3837 1444 exte-

2128 1478 2266 1531 riori
2320 1483 2546 1533 tantum
2595 1483 2764 1533 tenus
2813 1480 3122 1534 ministerii
3175 1480 3546 1533 accuratione
3600 1478 3839 1548 defungi

2128 1566 2415 1633 voluerit;
2443 1583 2808 1639 nequaquam
2856 1568 3003 1622 illud
3053 1568 3257 1638 poterit
3290 1584 3429 1623 sane
3469 1584 3532 1622 ac
3567 1584 3708 1638 pure
3740 1584 3836 1623 ex-

2127 1659 2312 1726 sequi.
2347 1658 2491 1711 Nam
2545 1660 2684 1711 ratio
2735 1657 3127 1726 impugnantis
3177 1674 3281 1712 nos
3332 1656 3582 1723 malitiae,
3617 1672 3841 1712 memo—

2128 1746 2248 1812 τίω,
2322 1746 2561 1814 amoris,
2630 1751 2684 1800 et
2717 1746 2816 1800 Dei
2860 1746 3260 1817 inquisitionis
3309 1763 3548 1801 vacuam
3581 1755 3832 1800 mentem

2128 1836 2444 1906 reperiens,
2507 1841 2608 1889 aut
2664 1835 2861 1903 efﬁcit,
2896 1840 2959 1890 ut
3013 1835 3258 1890 molesta
3313 1843 3367 1889 et
3427 1835 3714 1890 laboriosa
3755 1837 3840 1889 nl-

2132 1925 2242 1979 mis
2277 1925 2387 1996 ipsi
2423 1925 2517 1978 Dei
2555 1930 2840 1995 praecepta
2897 1924 3236 1991 videantur;
3271 1926 3424 1979 unde
3482 1927 3539 1978 in
3567 1941 3838 1980 murmu-

2131 2014 2404 2080 rationes,
2470 2015 2719 2080 dolores,
2769 2019 2826 2069 et
2866 2015 3133 2086 querelas
3184 2019 3385 2069 contra
3442 2014 3835 2069 ministerium

2128 2120 2262 2175 erga
2299 2104 2503 2158 fratres
2553 2104 2808 2158 animam
2860 2103 3089 2170 incitat;
3126 2102 3224 2158 aut
3271 2102 3541 2175 opinione
3590 2103 3838 2171 justitim

2128 2192 2436 2261 deceptum
2476 2191 2560 2246 sic
2615 2192 3043 2246 ministrantem
3095 2190 3263 2247 inﬂat
3291 2209 3304 2258 ;
3337 2197 3393 2246 et
3422 2189 3471 2244 ei
3505 2193 3834 2262 persuadet,

314 2285 380 2335 ut
419 2296 480 2334 se
519 2279 804 2334 existimet
840 2280 1157 2350 pretiosum
1202 2281 1514 2350 quemdam
1561 2295 1626 2333 ac
1687 2295 2001 2348 magnum;
2044 2284 2099 2334 et
2153 2295 2387 2334 summa
2445 2281 2794 2349 perfectione
2854 2285 3067 2335 cuncta
3122 2281 3220 2336 Dei
3285 2281 3637 2336 efﬁcientem
3678 2296 3840 2335 man-

315 2369 474 2424 data.

387 2456 486 2508 lB'.
540 2453 768 2508 Ὃπόταν
815 2454 1004 2508 ἑαυτὸν
1053 2454 1217 2527 οἰηθῇ
1285 2453 1568 2528 ἄνθρωπος
1624 2456 1732 2508 τῶν
1783 2455 2022 2511 ἐντολῶν

316 2542 684 2615 ἐπιμελητὴν,
732 2540 904 2611 δῆλός
936 2541 1074 2596 ἐστιν
1125 2543 1472 2617 ἁμαρτάνων,
1503 2545 1592 2597 καὶ
1644 2551 1745 2611 τῆς
1795 2543 2020 2612 ἐντολῆς

311 2629 702 2707 σφαλλόμενος
738 2651 749 2663 ·
807 2630 897 2686 ὅτε
938 2633 1134 2705 κρίνων
1173 2633 1385 2699 ἑαυτὸν,
1417 2633 1503 2687 καὶ
1543 2635 1617 2704 μή
1664 2634 1753 2688 τὸν
1799 2632 2024 2704 ἀληθῶς

313 2722 567 2796 κρίνοντα
625 2719 1100 2796 προσδεξάμενος·
1163 2723 1290 2777 ὅταν
1345 2725 1448 2797 γάρ
1514 2729 1880 2798 συμμαρτυρῇ
1941 2730 2022 2797 τῷ

312 2810 582 2882 πνεύματι
642 2813 806 2884 ἡμῶν
864 2812 927 2865 τὸ
991 2816 1087 2866 τοῦ
1145 2817 1280 2866 Θεοῦ
1335 2817 1573 2885 Πνεῦμα,
1615 2813 1751 2867 κατὰ
1805 2813 1868 2868 τὸ
1929 2812 2025 2868 λό-

311 2921 436 2976 γιον
484 2899 730 2967 Παύλου,
778 2903 902 2956 τότε
945 2900 1274 2979 φιλαλήθως
1325 2906 1567 2977 Χριστοῦ
1607 2903 1770 2974 ἄξιοι,
1803 2905 1892 2959 καὶ
1933 2902 2020 2960 τέ·

311 3011 411 3043 κνα
478 2995 612 3045 Θεοῦ
670 2995 1015 3066 τυγχάνομεν
1072 2991 1241 3059 ὄντες,
1301 2992 1414 3066 οὐχ
1470 2993 1597 3047 ὅταν

316 3079 542 3139 ἑαυτοὺς
621 3075 895 3134 δικαιώσω
905 3101 998 3152 μεν
1032 3100 1044 3112 ο

317 3169 473 3245 φησὶ,
556 3165 787 3240 δόκιμος
822 3185 837 3201 °

1674 2991 1786 3065 ἰδίᾳ
1843 2994 2022 3061 οἰήσει

1469 3083 1656 3136 ἑαυτὸν
1735 3089 1996 3138 συνιστῶν
2007 3127 2021 3154 ,

1383 3171 1580 3244 Κύριος
1656 3171 1961 3242 συνίστησιν
2004 3189 2022 3206 ο

1129 3080 1202 3134 Ού
1273 3083 1374 3155 γὰρ

926 3167 1052 3226 ἀλλ’
1137 3171 1194 3224 ’ὸν
1269 3171 1297 3224 6

2203 2457 2323 2512 XII.
2358 2458 2498 2512 Cum
2533 2457 2703 2512 homo
2736 2475 2798 2513 se
2827 2458 3018 2529 ipsum
3048 2459 3342 2514 existimat
3381 2463 3645 2515 accurate
3669 2475 3837 2514 man-

2128 2547 2262 2602 data
2328 2547 2586 2618 exsequi,
2625 2549 2757 2616 ,hoc
2814 2550 2940 2620 ipso
3000 2549 3306 2605 manifesto
3387 2550 3575 2618 prodit
3631 2547 3844 2603 indicio

2130 2652 2317 2691 errare
2347 2653 2426 2704 se,
2464 2653 2528 2690 ac
2573 2654 2606 2692 a
2655 2638 2920 2708 praecepti
2979 2638 3379 2693 observatione
3400 2636 3681 2692 deviasse.
3719 2636 3820 2691 Ut-

2131 2730 2260 2794 pote
2282 2725 2380 2795 qui
2407 2735 2766 2796 praeoccupat
2806 2726 3096 2795 judicium
3147 2728 3218 2780 de
3275 2743 3335 2781 se
3368 2727 3488 2796 ipso
3522 2727 3687 2792 ferre,
3721 2742 3836 2780 non

2130 2821 2471 2886 exspectans
2508 2831 2638 2871 vere
2681 2817 3061 2885 judicantem.
3098 2817 3339 2882 Quando
3388 2816 3544 2871 enim
3577 2815 3838 2870 testimo-

2132 2904 2291 2959 nium
2325 2905 2503 2959 reddit
2567 2906 2794 2976 spiritui
2818 2911 3001 2960 nostro
3025 2906 3122 2960 Dei
3151 2905 3388 2975 Spiritus
3417 2904 3484 2972 4‘,
3514 2905 3836 2960 secundum

2131 2994 2318 3062 Pauli,
2352 2999 2492 3048 tunc
2549 2995 2736 3049 solum
2795 2995 3023 3050 Christo
3073 2995 3255 3066 digni,
3287 3001 3341 3049 et
3398 2995 3502 3048 ﬁlii
3574 2996 3668 3049 Dei
3710 3009 3839 3048 vere

2131 3100 2374 3149 sumus;
2412 3100 2528 3137 non
2561 3090 2751 3139 autem
2785 3085 3020 3154 quando
3063 3083 3310 3155 propriae
3358 3083 3648 3154 opinionis
3676 3100 3837 3138 arro-

2133 3172 2338 3242 gautia
2359 3173 2554 3240 justos
2576 3189 2682 3226 nos
2706 3173 2816 3241 ipsi
2855 3173 3364 3227 declaraverimus.
3396 3173 3511 3227 Non
3565 3178 3711 3226 enim
3740 3172 3838 3242 qui

314 3260 534 3334 ἐπείπερ
603 3260 730 3315 ὅταν
794 3262 1022 3332 μνήμης
1076 3260 1166 3314 καὶ
1233 3256 1407 3335 φόϐου
1475 3265 1608 3315 Θεοῦ
1681 3261 1885 3337 γυμνὸς
1945 3259 2018 3316 ὢν

2133 3275 2189 3313 se
2219 3261 2396 3328 ipsum
2422 3259 2780 3325 commendat,
2815 3260 2914 3326 ait,
2953 3261 3048 3314 ille
3092 3261 3349 3331 probatus
3398 3264 3498 3326 est,
3549 3260 3643 3313 sed
3667 3276 3835 3329 quem

317 3350 632 3420 εὑρίσκηται
699 3351 726 3405 6
802 3349 1110 3423 ἄνθρωπος,
1165 3348 1352 3418 πολλή
1421 3349 1628 3424 ἀνάγκη
1687 3350 1778 3405 καὶ
1858 3349 2019 3422 δόξης

313 3436 436 3510 ἐρᾷν
486 3437 576 3491 καὶ
624 3438 870 3511 θηρεύειν
921 3433 1136 3492 ἔπαινον
1200 3441 1346 3512 παρὰ
1392 3443 1500 3492 τῶν
1554 3438 1640 3491 ὑπ’
1689 3437 1853 3494 αὑτοῦ
1904 3437 2035 3494 διαί

312 3525 684 3598 κονουμένων.
763 3530 819 3579 Ὁ
878 3523 934 3580 δέ
989 3548 1049 3602 γε
1112 3532 1358 3589 τοιοῦτος
1419 3526 1642 3590 ἄπιστος
1711 3531 1856 3602 παρὰ
1925 3532 2021 3584 τοῦ

320 3615 526 3687 Κυρίου
584 3613 936 3689 ἐλήλεγκται,
993 3617 1232 3689 καθάπερ
1289 3614 1397 3686 ἤδη
1467 3614 1823 3687 δεδήλωται·
1899 3623 2021 3680 Πῶς

313 3706 437 3781 γὰρ,
508 3705 660 3781 φησί,
741 3704 965 3760 δύνασθε
1041 3706 1197 3779 ὑμεῖς
1272 3705 1562 3774 πιστεύειν,
1639 3703 1792 3777 δόξαν
1875 3709 2022 3782 παρά

315 3794 584 3866 ἀλλήλων
660 3791 1054 3867 λαμϐάνοντες,
1115 3797 1203 3851 καὶ
1278 3798 1377 3866 τὴν
1448 3794 1602 3868 δόξαν
1678 3800 1776 3852 τοῦ
1851 3799 2020 3872 μόνου

317 3889 450 3941 Θεοῦ
482 3885 543 3940 οὐ
577 3891 864 3954 ζητοῦντες
892 3907 908 3952 ;

393 4063 498 4116 II".
545 4063 743 4134 Ἀγῶνι
803 4059 1000 4132 πολλῷ
1058 4083 1148 4116 και
1204 4063 1435 4134 καμάτῳ
1493 4065 1614 4124 νοὸς
1675 4060 1763 4116 διὰ
1814 4069 2022 4136 σεμνῶν

325 4148 548 4203 ἐννοιῶν
598 4152 688 4203 καὶ
736 4157 835 4218 τῆς
889 4155 1152 4224 συνεχοῦς
1209 4151 1420 4204 πάντων
1472 4155 1578 4204 τῶν
1630 4150 1815 4206 καλῶν
1867 4153 2028 4225 μερί-

331 4259 465 4310 μνης
523 4240 557 4306 ἠ
616 4241 754 4313 πρὸς
811 4240 939 4294 Θεὸν
1009 4237 1218 4315 ἀγάπη,
1283 4240 1522 4312 καθάπερ
1591 4239 1820 4314 εἷ’ρηται,
1898 4262 2027 4296 κατ-

326 4329 618 4398 ορθοῦσθαι
669 4324 888 4381 δύναται
923 4344 936 4356 '
988 4328 1079 4382 ἅτε
1108 4332 1204 4382 τοῦ
1254 4325 1496 4380 ἐναντίου
1525 4332 1602 4398 τῷ
1649 4328 1905 4403 ἡμετέρῳ
1951 4334 2029 4402 νῷ

321 4413 738 4489 ἐμποδίζοντος,
769 4417 861 4472 καὶ
913 4417 977 4471 οὐ
1010 4420 1428 4490 συγχωροῦντος
1478 4415 1628 4488 αὐτῷ
1660 4415 1747 4471 διὰ
1776 4425 1876 4486 τῆς
1918 4424 2025 4474 τῶν

318 4505 501 4561 καλῶν
562 4509 790 4580 μνήμης
863 4512 946 4579 τῷ
1011 4507 1139 4579 θείῳ
1195 4503 1357 4575 ἔρωτι
1436 4507 1823 4581 προσανέχειν,
1884 4507 2030 4564 ἂλλά

2133 3348 2265 3402 Deus
2320 3348 2658 3402 commendat
2713 3348 2778 3404 ‘5.
2829 3348 3310 3419 Quandoquidem
3371 3365 3503 3402 cum
3549 3349 3838 3402 memoriae

2130 3443 2186 3492 et
2242 3437 2468 3492 timoris
2523 3437 2622 3492 Dei
2680 3455 2884 3507 expers
2941 3440 3226 3508 reperitur
3283 3437 3474 3507 homo,
3541 3437 3661 3492 ﬁeri
3722 3455 3838 3493 non

2128 3531 2337 3599 potest,
2395 3527 2537 3598 quin
2581 3535 2636 3582 et
2682 3526 2921 3596 gloriam
2981 3531 3152 3593 amet,
3200 3532 3257 3581 et
3313 3535 3550 3581 venelur
3603 3526 3838 3582 laudern

2129 3616 2323 3682 abiis,
2357 3633 2505 3686 quos
2573 3617 2898 3672 ministerio
2955 3633 3061 3670 suo
3104 3617 3291 3685 juvat.
3334 3615 3492 3670 Talis
3525 3632 3694 3687 porro
3727 3616 3840 3672 fide

2129 3721 2322 3760 carere
2352 3722 2383 3759 a
2415 3704 2660 3761 Domino
2690 3707 2988 3762 convictus
3030 3709 3140 3773 est,
3172 3707 3256 3760 uti
3304 3722 3478 3776 supra
3501 3707 3625 3775 jam
3659 3705 3842 3775 signi-

2131 3795 2367 3851 ﬁcatum
2433 3799 2563 3850 est:
2637 3797 2910 3864 Quomodo
2975 3798 3194 3866 potestis
3267 3796 3487 3849 credere
3569 3811 3681 3861 vos,
3747 3793 3842 3866 qui

2129 3885 2365 3955 gloriam
2395 3885 2464 3938 ab
2514 3888 2750 3941 invicem
2798 3887 3069 3957 accipitis,
3102 3893 3152 3940 et
3197 3884 3463 3955 gloriam,
3495 3899 3618 3955 quas
3662 3900 3696 3938 a
3727 3885 3840 3940 solo

2137 3975 2237 4028 Deo
2257 3984 2357 4039 est,
2380 3991 2490 4029 non
2520 3975 2765 4045 quaeritis
2803 3973 2870 4028 ⁴⁶.

2205 4062 2345 4118 Xlll.
2372 4064 2697 4119 Certamina
2746 4062 2930 4118 multo
2980 4067 3036 4116 et
3091 4061 3286 4116 labore
3313 4062 3546 4127 mentis,
3581 4078 3681 4131 per
3711 4077 3841 4117 san-

2136 4157 2258 4206 ctas
2289 4153 2660 4223 cogitationes
2710 4157 2767 4207 et
2813 4153 3112 4207 continam
3175 4167 3277 4222 pro
3336 4152 3611 4206 omnibus
3670 4152 3838 4206 bonis

2138 4240 2313 4294 rebus
2345 4240 2793 4295 sollicitudinem
2826 4241 3077 4295 cbaritas
3109 4241 3165 4293 in
3198 4239 3404 4307 Deum,
3437 4239 3590 4294 sicut
3617 4239 3837 4295 dictum

2135 4338 2242 4396 est,
2273 4331 2342 4384 ab
2373 4328 2628 4396 homine,
2667 4334 2838 4400 prout
2870 4331 2955 4384 fas
2994 4333 3103 4397 est,
3131 4333 3318 4398 potest
3364 4327 3614 4383 exerceri
3647 4345 3662 4394 ς
3692 4330 3842 4398 quod

2137 4418 2502 4474 adversarius
2542 4419 2823 4488 impediat
2872 4429 3119 4473 mentem
3171 4422 3451 4484 nostram,
3491 4433 3595 4471 nec
3653 4417 3839 4472 eidem

2140 4509 2458 4578 permittat,
2482 4512 2545 4562 ut
2575 4523 2677 4577 per
2699 4507 3039 4561 memoriam
3088 4506 3371 4561 bonarum
3424 4521 3619 4560 rerum
3655 4505 3840 4560 amori

313 4602 430 4659 ταῖς
481 4595 699 4672 γηίναις
759 4597 1074 4670 ἐπιθυμίαις
1129 4599 1229 4666 τήν
1286 4596 1534 4666 αἴσθησιν
1598 4597 2018 4672 περισαίνοντος.

2132 4597 2323 4651 divino
2347 4605 2540 4663 vacet,
2574 4596 2676 4651 sed
2717 4596 2988 4651 terrentis
3010 4594 3312 4650 desideriis
3358 4594 3556 4649 sensui
3608 4594 3845 4650 abblan-

316 4686 404 4740 Ἐν
434 4684 611 4758 τούτῳ
641 4689 741 4761 γάρ
775 4686 802 4739 6
851 4689 948 4740 τοῦ
979 4689 1226 4760 πονηροῦ
1258 4686 1504 4754 θάνατος,
1536 4706 1625 4739 και
1667 4688 1785 4740 οἷον
1825 4686 2018 4756 εἰπεῖν,

316 4767 550 4846 ἀγχόνη,
602 4774 690 4827 ὅτε
737 4777 806 4845 τῇ
863 4777 959 4827 τοῦ
1019 4777 1154 4828 Θεοῦ
1212 4773 1390 4846 ἀγάπῃ
1449 4773 1538 4826 καὶ
1593 4776 1786 4848 μνήμῃ
1836 4774 2024 4845 ἀπερι-

317 4860 569 4922 σπάστως
628 4862 656 4914 6
708 4865 831 4921 νοῦς
889 4862 1228 4937 οὑρίσκηται.
1292 4863 1563 4918 Ἐντεῦθεν
1622 4864 1709 4917 καὶ
1770 4865 1804 4932 ἡ
1882 4865 2020 4939 πρὸς

312 4948 406 5002 τὸν
453 4946 690 5022 ἀδελφὸν
741 4948 1046 5026 εἰλικρινὴς
1103 4951 1285 5026 ἀγάπη
1333 4957 1593 5019 συστῆναι
1645 4949 1884 5020 δύναται,
1929 4954 2018 5007 καὶ

313 5042 346 5108 ἡ
381 5039 595 5107 ἀληθής
641 5040 916 5108 ἁπλότης,
946 5042 1035 5094 καὶ
1090 5041 1393 5114 ἧπραότης
1439 5040 1499 5095 τέ
1542 5063 1685 5118 φημι
1716 5042 1806 5096 καὶ
1852 5041 2018 5120 εὐχὴ,

306 5128 396 5182 καὶ
431 5132 533 5190 πᾶς
583 5129 610 5182 ὁ
663 5126 1004 5200 περικαλλὴς
1035 5133 1142 5182 τῶν
1195 5129 1397 5204 ἀρετῶν
1459 5126 1738 5208 στέφανος,
1790 5127 1878 5184 διὰ
1916 5137 2016 5199 τῆς

308 5223 457 5292 μιᾶς,
487 5219 580 5274 καὶ
635 5220 826 5291 μόνης,
859 5220 948 5272 καὶ
996 5219 1222 5291 πρώτης
1270 5218 1518 5288 ἐντολῆς,
1557 5227 1657 5288 τῆς
1697 5221 1832 5294 πρὸς
1885 5221 2013 5276 Θεὸν

306 5309 521 5384 ἀγάπης
597 5310 695 5377 τὴν
780 5307 1100 5376 τελειότητα
1183 5305 1422 5380 δέχεται.
1509 5310 1743 5382 Ἀγῶνος
1831 5308 2012 5363 τοίνυν

311 5398 528 5454 πολλοῦ
594 5399 682 5454 καὶ
740 5397 910 5452 πόνου
969 5401 1209 5471 κρυπτοῦ
1259 5398 1349 5451 καὶ
1409 5395 1619 5468 ἀδήλου
1680 5398 1862 5472 χρεία,
1924 5399 2015 5454 λο-

306 5493 516 5563 γισμῶν
595 5487 817 5562 ἐρεύνης
885 5507 942 5542 τε
998 5486 1086 5540 καὶ
1160 5492 1260 5554 τῆς
1318 5491 1427 5541 τῶν
1477 5488 1858 5556 ἠσθενηκότων
1911 5496 2011 5557 τῆς

308 5579 496 5654 ψυχῆς
541 5581 700 5652 ἡμῶν
751 5576 1124 5653 αἰσθητηρίων
1176 5576 1499 5652 γυμνασίας,
1553 5575 1693 5650 πρὸς
1742 5574 2009 5653 διάκρισιν

377 5756 424 5792 ⁴⁴
454 5757 619 5814 Rom.
653 5774 772 5826 vm,
809 5757 896 5814 16.

972 5755 1019 5791 ⁴⁵
1052 5755 1099 5812 ΙΙ
1131 5756 1258 5812 Cor.
1291 5773 1346 5824 x,
1380 5757 1469 5810 18.
1546 5755 1761 5812 “Joan.
1798 5773 1855 5827 ν,
1880 5760 1972 5816 44.

2131 4683 2309 4742 ditur.
2377 4685 2520 4740 Nam
2588 4700 2764 4750 mors,
2823 4690 2878 4740 et
2946 4690 3010 4739 ut
3075 4685 3157 4740 sic
3205 4684 3417 4749 dicam,
3451 4683 3839 4754 suspendium

2131 4772 2344 4828 diaboli
2405 4783 2511 4840 est,
2563 4775 2790 4844 quando
2859 4773 2918 4828 in
2979 4773 3079 4828 Dei
3133 4772 3418 4829 charitate
3492 4777 3549 4826 et
3615 4788 3843 4828 memo—

2131 4865 2217 4918 ria
2246 4865 2536 4919 indivulse
2574 4880 2943 4919 commorans
2996 4879 3163 4919 mens
3221 4863 3478 4917 humana
3527 4862 3840 4933 reperitur.

2129 4957 2275 5008 Hinc
2299 4955 2422 5022 jam
2448 4970 2625 5024 prono
2657 4955 2824 5024 quasi
2869 4953 3014 5008 ﬂexu
3078 4952 3278 5007 illimis
3308 4951 3366 5006 in
3404 4952 3640 5006 fratrem
3673 4951 3840 5008 facile

2131 5044 2415 5098 redundat
2448 5043 2723 5112 cbaritas,
2758 5048 2812 5098 et
2840 5059 2970 5098 vera
2993 5042 3361 5114 simplicitas,
3403 5045 3460 5095 et
3493 5046 3840 5096 mansuetu-

2127 5133 2223 5198 do,
2253 5137 2310 5186 et
2339 5131 2662 5199 humilitas,
2696 5133 3020 5198 sinceritas,
3056 5137 3112 5186 et
3135 5131 3382 5197 bonitas,
3407 5135 3465 5185 et
3494 5131 3624 5201 ipsa
3653 5132 3835 5187 oratio

2132 5221 2284 5278 I73
2352 5228 2817 5292 cunctarumque
2872 5223 3120 5277 formose
3179 5221 3552 5291 resplendens
3627 5236 3839 5275 corona

2123 5312 2425 5377 virtutum,
2462 5327 2562 5382 per
2616 5311 2760 5366 illud
2831 5328 3014 5366 unum
3081 5314 3138 5365 et
3203 5310 3393 5365 solum
3459 5317 3513 5364 et
3580 5310 3831 5378 primum

2123 5402 2447 5458 dilectionis
2513 5401 2613 5456 Dei
2681 5405 3021 5458 mandatum
3116 5402 3528 5473 perfectionem
3597 5398 3828 5468 accipit.

2120 5490 2442 5546 Certamina
2516 5491 2689 5560 igitur
2755 5492 2938 5547 multo
3007 5496 3063 5546 et
3119 5495 3330 5546 conatu
3421 5486 3670 5553 occulto,
3727 5500 3829 5539 nec

2122 5580 2259 5636 foris
2326 5579 2668 5637 observabili
2751 5581 3143 5639 contentionis
3224 5579 3418 5636 labore
3495 5592 3642 5645 opus
3717 5581 3826 5643 est,
