4130 6286
320 339 433 397 851

320 472 380 524 in
450 464 903 539 perscrutatione
984 456 1422 532 cogitationum,
1480 454 1537 509 in

323 559 687 613 infirmorum
778 553 988 608 animas
1085 561 1359 603 sensuum
1456 543 1527 599 ad
1622 542 2035 598 discretionem

324 648 461 704 boni
509 651 565 701 et
613 643 772 712 mali,
824 646 881 697 in
948 634 1392 695 corroborandis
1460 639 1516 688 et
1565 632 1881 687 excitandis
1937 649 2037 702 per

331 737 657 793 studiosam
718 747 916 787 versus
983 729 1162 783 Deum
1227 724 1663 781 inclinationem
1720 720 2036 776 debilitatis

335 828 540 882 anima:
611 824 904 878 membris.
938 820 1023 874 Ita
1085 831 1248 871 mens
1317 819 1515 869 nostra
1579 810 1848 867 continue
1918 810 2033 866 Deo

336 918 530 982 affixa,
572 914 855 968 coalescet
897 911 952 963 in
998 923 1178 963 unum
1220 921 1355 962 cum
1423 902 1669 959 Domino
1737 901 2032 971 spiritum,

336 1006 498 1075 juxta
524 1003 816 1059 oraculum
851 998 1035 1054 Pauli.

402 1096 551 1149 XIV.
603 1092 763 1146 Hanc
818 1094 1008 1146 autem
1060 1086 1393 1142 interiorem
1453 1083 1908 1150 contentionem,
1949 1080 2037 1136 la-

332 1187 554 1249 borem,
643 1190 697 1237 et
784 1178 1247 1245 meditationem,
1323 1176 1679 1231 incessanter
1778 1173 2037 1228 conferre

330 1278 557 1345 Oportet
587 1270 814 1326 virtutis
844 1274 1130 1324 amatores
1163 1268 1234 1321 ad
1286 1281 1516 1321 omnem
1577 1262 2034 1319 observationem

332 1363 590 1419 mandati
632 1362 751 1415 sive
809 1367 1065 1423 orantes,
1097 1357 1216 1410 sive
1267 1354 1689 1419 ministrantes,
1726 1353 2037 1406 comeden-

331 1460 419 1509 tes
469 1455 608 1522 quin
654 1451 822 1506 etiam
872 1454 973 1504 aut
1021 1448 1287 1501 bibentes
1322 1462 1335 1499 :
1369 1455 1425 1500 ut
1487 1445 1874 1514 quodcunque
1932 1444 2038 1497 de-

333 1561 497 1599 mum
534 1544 750 1597 bonum
803 1540 873 1595 ab
915 1538 1056 1610 ipsis
1107 1538 1223 1603 fiet,
1260 1537 1314 1590 in
1366 1536 1612 1607 gloriam
1671 1534 1791 1600 Dei,
1822 1538 1879 1589 et
1922 1550 2036 1589 non

334 1636 393 1689 in
446 1638 707 1688 nostram
756 1631 856 1684 fiat
896 1628 1175 1701 gloriam;
1222 1643 1402 1698 prona
1457 1634 1646 1679 autem
1722 1633 1772 1678 et
1851 1622 2042 1677 facilia

337 1724 505 1780 nobis
539 1729 767 1790 cuncta,
802 1737 929 1791 quas
980 1720 1050 1775 ad
1092 1717 1431 1789 quorumvis
1481 1715 1579 1771 Dei
1636 1714 2042 1770 mandatorum

1665 321 1731 381 S.
1779 319 2099 382 MACARII
2143 320 2485 386 [EGYPTH

1628 452 2037 508 exercitatione

2170 463 2323 518 ιαλοῦ
2376 479 2434 512 τε
2485 450 2574 506 καὶ
2629 452 2819 520 κακοῦ,
2878 444 2969 502 καὶ
3025 447 3121 499 τοῦ
3179 439 3431 517 ῥωννὺειν
3488 435 3576 493 καὶ
3635 435 3863 507 ἀναζω-

3719 302 3861 365 852

2141 560 2325 631 πορεῖν
2366 548 2456 606 διὰ
2500 552 2599 614 τῆς
2635 545 2731 596 τοῦ
2771 537 2865 595 νοῦ
2914 536 3049 612 πρὸς
3096 536 3223 591 Θεὸν
3276 526 3574 604 ἐπιμελοῦς
3614 525 3861 586 νεύσεως

2140 618 2228 702 τὰ.
2257 637 2606 708 πεπονηκότα
2653 637 2753 695 τῆς
2799 631 2983 701 ψυχῆς
3039 622 3204 698 μέλη,
3264 622 3321 676 '0
3369 621 3469 694 γὰρ
3521 621 3644 679 νοῦς
3685 618 3862 708 ἡμῶν

2145 737 2290 792 οὕτω
2342 726 2633 785 διαπαντὸς
2682 724 2761 790 τῷ
2814 722 2929 789 Θεῷ
2985 709 3509 789 προσκολλώμενος,
3560 707 3862 782 γενήσεται

2150 826 2285 899 μετὰ
2331 825 2429 877 τοῦ
2469 815 2668 890 Κυρίου
2698 811 2774 872 εἷς
2821 808 2875 863 ’ἐν
2920 809 3151 879 πνεῦμα,
3186 800 3320 856 κατὰ
3365 799 3426 855 τὸ
3469 797 3653 874 λογιον
3697 793 3865 851 Παύ-

2146 916 2269 974 λου.

2219 1095 2318 1151 IA'.
2360 1092 2556 1144 Τοῦτον
2620 1080 2676 1138 δὲ
2732 1090 2864 1158 φησι
2917 1076 3009 1130 τὸν
3069 1068 3305 1146 κρυπτὸν
3364 1067 3568 1142 ἀγῶνα,
3617 1064 3707 1120 καὶ
3753 1064 3861 1118 τὸν

2149 1187 2341 1251 πόνον,
2400 1176 2491 1234 καὶ
2563 1175 2661 1240 τὴν
2737 1167 2990 1244 μελέτην,
3077 1159 3443 1220 ἀδιαλείπτως
3507 1154 3649 1231 ἔχειν
3720 1152 3863 1216 τοὺς

2148 1243 2474 1353 φιλαρετους
2550 1265 2665 1343 χρὴ
2732 1260 2868 1334 πρὸς
2928 1259 3116 1311 ’πᾶοαν
3178 1246 3517 1320 ἐπιτήδευσιν
3595 1243 3864 1353 ¹ξντολῆς,

2147 1333 2679 1435 ίίτοιιεύχομὲνίόυς,
2728 1349 2763 1418 ἢ
2814 1346 3217 1410 διακονοῦντας,
3271 1338 3541 1398 ἐσθίοντας
3586 1333 3623 1405 ἣ
3671 1333 3866 1389 πίνον·⁸

2339 1424 2425 1505 ivx.
2470 1446 2601 1519 ὅπερ
2656 1441 2713 1496 ἂν
2775 1438 3001 1515 γένηται
3058 1431 3279 1507 ἀγαθὸν,
3333 1428 3408 1491 εἷς
3475 1424 3631 1496 δόξαν
3692 1428 3859 1494 Θεοῦ,

3514 1516 3714 1583 εὐπετῆ
3798 1513 3865 1567 δὲ

2147 1475 2240 1513 τας
2267 1474 2278 1485 ⁸

2146 1545 2233 1599 καὶ
2298 1542 2372 1615 μὴ
2442 1536 2518 1597 εἷς
2576 1517 2858 1604 ίὴμετὲραν
2928 1517 3428 1615 γενηταιςιδόξανο

2146 1600 2307 1707 ἡμῖν,
2340 1629 2430 1685 καὶ
2489 1620 2648 1699 ῥᾴδια
2705 1618 2882 1676 πάντα
2937 1616 3004 1669 τὰ
3052 1617 3159 1668 τῶν
3221 1608 3454 1665 ἐντολῶν
3514 1600 3683 1671 ἔσται,
3753 1610 3864 1672 τῆς

2147 1692 2247 1780 τοῦ
2296 1723 2430 1778 Θεοῦ
2477 1716 2697 1789 ἀγάπης
2748 1710 2885 1767 αὐτὰ
2934 1699 3416 1776 διευμαριζοὺσης,
3465 1697 3555 1751 καὶ
3612 1695 3673 1751 τὸ
3723 1692 3863 1749 ἐπί-

336 1815 570 1885 plenam
650 1811 1084 1869 exsecutionem
1152 1809 1431 1873 attinent;
1498 1823 1692 1862 amore
1751 1807 1871 1873 Dei,
1933 1806 2043 1860 ista

2170 1836 2319 1871 τονον
2353 1812 2529 1868 αὐτῶν
2560 1803 2860 1870 ἑκλυοὺσης
2892 1796 3053 1854 ἅπαν.

338 1903 749 1969 alleviante,et
816 1901 969 1971 quod
1037 1899 1393 1955 laboriosum
1442 1900 1532 1952 est
1586 1896 1646 1951 in
1713 1895 1881 1966 ipsis,
1927 1895 2044 1952 dis-

338 1995 616 2050 solvente.

411 2082 523 2137 XV.
559 2081 762 2136 Omnis
820 2078 1133 2135 contentio~
1162 2082 1217 2133 et
1262 2078 1531 2133 studium
1603 2074 1942 2144 adversarii,
1991 2075 2050 2129 in

337 2170 468 2237 hoc,
503 2174 567 2223 ut
625 2171 843 2224 dictum
895 2173 1005 2234 est,
1062 2168 1282 2239 vigilat,
1316 2176 1377 2221 ut
1436 2164 1735 2221 annitatur
1794 2171 2047 2220 mentem

343 2264 596 2312 nostram
621 2277 653 2313 a
683 2258 783 2313 Dei
820 2258 1119 2320 memoria,
1153 2257 1381 2320 timore,
1413 2270 1723 2323 amoreque
1764 2253 2008 2308 avellere
2036 2271 2048 2319 ;

342 2347 594 2402 terrenis
653 2348 831 2419 ipsam
902 2345 1339 2402 avocationibus
1396 2348 1453 2398 et
1526 2343 1946 2409 delinimentis,
2017 2359 2049 2397 a

340 2452 473 2493 vero
504 2441 656 2493 bono
690 2438 761 2493 ad
793 2436 1129 2509 apparentia
1160 2436 1512 2489 divertendo.

416 2620 551 2676 XVI.
600 2622 852 2677 Invicem
929 2621 1173 2674 virtutes
1240 2618 1667 2673 connectuntur
1742 2619 1798 2670 et
1840 2619 2044 2670 mutuo

346 2710 653 2779 inhaerent,
678 2711 815 2764 utin
862 2721 1069 2765 catena
1121 2705 1413 2762 commissi
1458 2705 1659 2759 annuli
1691 2720 1803 2759 uno
1842 2720 1908 2758 ex
1941 2703 2049 2758 alio

345 2802 653 2871 pendente.
699 2802 758 2855 1n
816 2801 971 2854 hunc
1011 2799 1165 2854 enim
1229 2798 1463 2852 modum
1522 2796 1705 2851 oratio
1753 2812 1820 2851 ex
1860 2796 2047 2849 chari-

342 2895 497 2957 tate;
534 2890 789 2944 charitas
836 2906 866 2943 θ
907 2888 1147 2959 gaudio;
1183 2887 1463 2957 gaudium
1497 2902 1527 2939 e
1559 2886 2049 2954 mansuetudine;

342 2981 728 3034 mansuetudo
760 2995 827 3032 ex
870 2977 1239 3040 humilitate;
1266 2974 1612 3029 humilitatis
1637 2991 1666 3029 e
1700 2974 2049 3042 ministerio;

342 3068 727 3122 ministerium
760 3082 790 3120 e
820 3082 921 3135 spe
955 3085 968 3132 ;
1004 3081 1135 3134 spes
1168 3080 1236 3117 ex
1270 3064 1420 3130 fide;
1467 3063 1611 3117 fides
1660 3079 1728 3117 ex
1776 3063 2053 3118 obedien-

338 3157 453 3225 tia;
489 3156 817 3213 obedientia
874 3172 905 3210 ο
952 3153 1363 3225 simplicitate;
1418 3153 1591 3208 sicuti
1648 3169 1678 3206 e
1745 3154 2045 3208 contrario

338 3248 607 3301 vitiorum
642 3263 873 3316 quoque
932 3260 1114 3299 unum
1154 3260 1220 3297 ex
1280 3242 1457 3296 altero
1497 3242 1804 3313 dependet.
1840 3244 1919 3297 Ex
1956 3243 2042 3298 ira

341 3338 555 3407 quippe
616 3339 825 3405 pendet
874 3336 1123 3397 odium;
1166 3349 1234 3388 ex
1292 3332 1396 3386 hoc
1460 3332 1760 3399 superbia;
1802 3348 1871 3387 ex
1941 3332 2052 3389 hac

343 3444 502 3481 vana:
562 3425 755 3493 gloriae
805 3425 1144 3488 affectatio;
1192 3424 1312 3475 haec
1375 3420 1779 3475 infidelitatem
1850 3422 2050 3488 trahit,

348 3532 474 3585 quae
505 3514 736 3567 duritiei
787 3513 979 3568 cordis
1022 3525 1205 3571 mater
1253 3519 1357 3579 est,
1406 3514 1597 3582 proles
1650 3519 1841 3568 autem
1892 3511 2048 3567 incu-

350 3603 469 3669 riae,
515 3619 691 3673 quam
743 3603 932 3673 gignit
989 3604 1231 3673 languor
1287 3606 1545 3674 spiritus,
1596 3622 1663 3659 ex
1712 3607 1921 3673 supino
1962 3619 2055 3657 ne-

350 3692 538 3763 glectu
619 3694 840 3747 ducens
924 3692 1247 3763 originem;
1289 3694 1445 3748 hunc
1512 3695 1781 3765 producit
1819 3693 2049 3759 acedia;

351 3782 471 3835 ﬁlia
538 3780 657 3836 haec
724 3782 1118 3852 impatientiai,
1153 3784 1316 3852 cujus
1384 3800 1547 3839 amor
1612 3783 1918 3853 voluptatis
1968 3788 2057 3838 est

350 3876 533 3942 pater.
582 3872 660 3926 Ita
699 3878 907 3927 caetera
963 3889 1191 3943 quoque
1232 3875 1491 3927 membra
1541 3874 1773 3928 malitiae
1818 3874 2057 3929 invicem

348 3977 478 4036 apta
509 3979 764 4034 nexuque
796 3972 955 4022 sunt.

420 4057 587 4112 XVII.
639 4058 822 4112 Omne
879 4057 1119 4121 honum,
1180 4056 1331 4124 quod
1402 4055 1575 4109 homo
1634 4054 1792 4109 facit.
1861 4054 2056 4123 inqui-

354 4166 492 4203 nare
542 4166 606 4202 ac
655 4148 1049 4203 contaminare
1100 4145 1306 4199 nititur
1362 4145 1626 4199 diabolus
1695 4144 2055 4198 immistione

356 4256 591 4295 suorum
653 4240 988 4303 semimum,
1042 4254 1196 4291 vanae
1252 4235 1528 4290 nimirum
1595 4234 1814 4305 gloria,
1874 4234 2059 4304 praefi-

355 4330 584 4394 dentize,
630 4329 710 4382 uti
761 4337 813 4382 et
842 4327 1340 4391 murmurationis,
1376 4330 1476 4379 aut
1525 4324 1852 4395 cujuspiam
1912 4324 2054 4377 alte-

356 4420 474 4473 rius
507 4418 731 4483 talium,
765 4422 826 4471 ut
876 4433 991 4470 non
1062 4422 1295 4485 prOpter
1339 4414 1519 4470 Deum
1559 4413 1770 4480 solum,
1804 4430 1906 4467 nec
1930 4417 2057 4467 tan-

356 4514 478 4562 tum
516 4523 583 4561 ex
630 4508 854 4560 sincero
904 4507 1115 4559 mentis
1166 4503 1457 4574 proposito
1508 4505 1721 4558 bonum
1756 4519 1902 4571 opus
1936 4503 2053 4558 fiat.

2228 2085 2334 2141 IE'.
2399 2078 2565 2138 ’Ὀλος
2627 2077 2654 2129 6
2712 2072 2854 2146 ἀγὼν
2909 2067 3001 2122 καὶ
3059 2060 3269 2130 σπουδῆ
3328 2062 3426 2114 τοῦ
3483 2053 3866 2125 ἀντικειμένου

2153 2172 2315 2229 τοῦτό
2375 2168 2535 2233 ἐστιν,
2596 2166 2668 2226 ὡς
2729 2145 3060 2229 δεδήλωται,
3110 2154 3175 2209 τὸ
3231 2149 3526 2219 δυνηθῆναι
3580 2145 3670 2198 τὸν
3733 2145 3864 2197 νοῦν

2154 2263 2258 2318 ἀπὸ
2307 2268 2405 2329 τῆς
2450 2256 2585 2331 πρὸς
2636 2254 2763 2309 Θεὸν
2816 2250 3063 2322 μνήμης,
3109 2243 3200 2297 καὶ
3249 2243 3344 2294 τοῦ
3396 2230 3569 2314 φόϐου
3617 2234 3708 2287 καί
3755 2238 3863 2300 τῆς

2152 2352 2362 2426 ἀγάπης
2420 2349 2767 2420 περισπᾶσαι,
2824 2336 3042 2413 γη“ίναις
3112 2332 3270 2387 αὑτὸν
3331 2329 3690 2402 παραγωγαῖς
3766 2321 3861 2377 καὶ

2154 2410 2537 2513 δελεάσμασιν,
2576 2435 2679 2489 ἀπὸ
2725 2434 2826 2485 τοῦ
2874 2425 3043 2487 ὄντως
3098 2422 3303 2496 ἀγαθοῦ
3352 2416 3490 2491 πρός
3526 2416 3594 2471 τὰ
3638 2410 3865 2483 δοκήσει

2152 2531 2296 2587 καλὰ
2326 2527 2792 2604 παρατρέποντος.

2225 2621 2350 2695 Ις“’.
2406 2592 2703 2681 ίΑλλήλων
2759 2612 2814 2666 αἱ
2871 2606 3054 2677 ἀρεταὶ
3114 2601 3373 2666 δέδενται,
3433 2598 3524 2653 καὶ
3596 2592 3865 2695 ἀλλήλων

2153 2686 2398 2787 ἔχονται,
2450 2706 2688 2778 καθάπερ
2727 2701 2844 2774 ἱερά
2892 2719 2974 2759 τις
3023 2696 3175 2769 σειρᾶ
3228 2691 3323 2764 μία
3351 2691 3449 2757 τῆς
3507 2691 3645 2787 μίας,
3679 2686 3863 2787 ἤρτηκο

2159 2768 2286 2874 priva]
2323 2818 2336 2833 ο
2387 2768 2509 2852 ,οἷον
2553 2797 2588 2864 ἡ
2654 2768 2747 2866 μὲν
2780 2768 2961 2863 εὐχὴ,
3010 2768 3119 2854 τῆς
3168 2784 3413 2874 ἀγάπης,
3468 2781 3499 2846 ἡ
3553 2775 3726 2874 tivam:
3782 2768 3856 2874 δὲ

2151 2866 2493 2963 τῆςίχαρᾶς,
2539 2888 2573 2953 ἡ
2624 2883 2793 2958 χαρὰ,
2844 2885 2943 2946 τῆς
3000 2872 3401 2963 πραότητοςπῇ
3451 2866 3705 2963 «pa-61m:
3745 2866 3849 2927 τῆς

2153 2977 2674 3055 ταπεινοφροσύνης,
2735 2974 2769 3040 ἡ
2844 2964 3304 3042 ταπεινοφροσύνῃ
3379 2956 3436 3013 δὲ
3509 2955 3605 3021 τῆς
3676 2951 3856 3007 διακο-

2153 3066 2289 3133 νίας,
2357 3040 2698 3133 ἡμδιακοίνία
2757 3053 2835 3125 δὲ,
2886 3060 2984 3122 τῆς
3045 3040 3291 3118 ἐλπίδος,
3350 3048 3383 3114 ἡ
3436 3042 3495 3099 δὲ
3552 3040 3706 3102 ἐλπὶς

2160 3156 2440 3215 πίστεως·
2503 3150 2593 3204 καὶ
2663 3150 2697 3216 ἡ
2769 3146 2862 3215 μὶν
2942 3143 3146 3208 πίστις,
3198 3145 3299 3207 τῆς
3378 3137 3650 3200 ὑπακοῆς,
3707 3131 3743 3197 ἡ
3801 3123 3861 3180 δὲ

2161 3245 2372 3311 ὑπακοὴ
2430 3248 2529 3309 τῆς
2611 3235 2945 3303 ἁπλότητος,
3008 3230 3190 3302 ὥσπερ
3266 3223 3521 3280 τάναντία
3585 3219 3748 3276 πάλιν
3802 3216 3858 3271 ’ἐν

2162 3335 2247 3410 ὑφ’
2309 3332 2425 3393 ἑνὸς
2482 3326 2691 3383 δέδεται
2727 3345 2739 3357 ·
2775 3326 2893 3379 οἷον
2948 3324 3044 3376 τοῦ
3106 3319 3199 3410 μὲν
3259 3317 3464 3410 θυμοῦ,
3489 3313 3550 3367 τὸ
3587 3315 3786 3410 μῖσοςς
3833 3308 3864 3361 ὁ

2163 3396 2239 3491 δέ,
2288 3429 2388 3491 τῆς
2440 3416 2801 3494 ὑπερηφανίας
2835 3430 2848 3445 ⁸
2894 3419 2994 3480 τῆς
3045 3404 3349 3476 κενοδοξίας
3400 3401 3537 3471 αὕτη
3584 3420 3598 3435 ·
3662 3396 3869 3494 ἐκείνη,

2159 3515 2256 3581 τῆς
2315 3509 2563 3571 ἀπιστίας
2597 3526 2610 3540 ·
2672 3508 2705 3574 ἡ
2759 3502 2815 3559 δὲ
2870 3504 2967 3570 τῆς
3027 3491 3507 3569 σκληροκαρδίας·
3582 3491 3669 3545 καὶ
3730 3487 3865 3555 αὕτη

2168 3606 2260 3675 μὲν
2308 3601 2366 3655 ἐκ
2410 3606 2509 3667 τῆς
2558 3593 2817 3667 ἀμελείας
2845 3612 2857 3625 ·
2908 3591 3085 3656 ἐκείνη
3148 3584 3205 3641 δὲ
3250 3591 3348 3653 τῆς
3408 3581 3759 3657 χαυνώσεως,
3808 3577 3871 3633 ἐκ

2165 3667 2221 3745 δὲ
2279 3697 2379 3758 τῆς
2436 3684 2733 3761 ὀλιγωρίας
2789 3682 2923 3750 αὕτη
2960 3698 2973 3711 '
3032 3675 3247 3745 κάκείνη
3308 3674 3400 3743 μὲν
3460 3670 3520 3725 ἐκ
3585 3676 3687 3738 τῆς
3742 3667 3871 3761 ἀκη-

2165 3779 2279 3842 δίας
2315 3798 2328 3811 ’
2382 3779 2454 3838 ὡς
2497 3774 2554 3830 ἔκ
2603 3778 2702 3829 τοῦ
2762 3770 3179 3841 ἀνυποιμονήτου
3236 3762 3400 3818 πάλιν
3459 3758 3595 3829 αὕτη
3631 3776 3644 3790 ·
3704 3778 3767 3812 το
3810 3755 3869 3811 δὶ

2164 3879 2264 3939 τῆς
2299 3864 2626 3943 φιληδονίας
2662 3880 2675 3893 ·
2727 3860 2817 3915 καὶ
2854 3859 2995 3914 οὕτω
3024 3858 3089 3911 τὰ
3134 3854 3301 3909 λοιπᾶ
3334 3849 3475 3925 μέλη
3524 3855 3625 3918 τῆς
3675 3846 3864 3908 κακίας

2164 3956 2431 4028 ἀλλήλων
2466 3952 2706 4030 ἐχόμενά
2737 3953 2889 4005 εἰσιν.

2236 4051 2330 4106 ΙΖ’.
2390 4029 2692 4118 Πᾶνῗόπερ
2760 4039 2818 4095 ἃν
2877 4041 3014 4111 ποιῇ
3073 4035 3241 4091 καλὸν
3298 4034 3325 4087 6
3374 4029 3678 4118 ἅνθρωπος,
3738 4049 3864 4118 σπι-

2167 4140 2295 4194 λοῦν
2353 4134 2481 4192 αὑτὸ
2538 4134 2627 4189 καὶ
2684 4130 3060 4202 καταμιαίνειν
3114 4126 3141 4179 ὁ
3199 4122 3442 4195 πονηρὸς
3499 4122 3568 4192 τῇ
3621 4115 3863 4189 ἐπιμιξίᾳ

2165 4234 2271 4285 τῶν
2321 4229 2511 4281 ἑαυτοῦ
2568 4223 2891 4295 σπερμάτων
2952 4214 3257 4291 βούλεται·
3328 4212 3448 4266 οἷον
3501 4216 3601 4278 τῆς
3643 4204 3864 4261 κενοδο-

2167 4319 2300 4389 ξίας,
2351 4323 2450 4384 τῆς
2509 4313 2763 4383 οἰήσεως,
2811 4306 2917 4363 εἷ’τε
2980 4308 3085 4379 μὴν
3148 4301 3235 4359 καὶ
3292 4305 3387 4355 τοῦ
3444 4294 3857 4374 γογγυσμοῦ,ἣ

2167 4409 2349 4481 ἕτερου
2380 4404 2525 4463 τινὸς
2572 4405 2679 4456 τῶν
2712 4398 2974 4453 τοιούτων
3011 4415 3021 4428 ·
3070 4392 3137 4447 ’ίν’
3169 4391 3203 4461 ἢ
3259 4392 3333 4464 μὴ
3369 4387 3457 4443 διὰ
3504 4389 3633 4443 Θεὸν
3676 4386 3857 4459 μόνον,

2167 4498 2200 4566 ἢ
2256 4476 2340 4567 ’μὴ
2402 4494 2461 4548 ἐκ
2516 4490 2827 4564 προθυμίας
2893 4486 2958 4541 τὸ
3017 4484 3301 4558 γινόμενον
3362 4478 3562 4554 ἀγαθὸν
3620 4476 3848 4567 γένηται.

353 4596 647 4667 Scriptum
693 4601 777 4651 est
825 4595 1011 4650 enim:
1074 4594 1311 4649 Abelem
1364 4592 1638 4647 obtulisse
1698 4591 2048 4646 sacrificium

2170 4564 2473 4660 Γέγραππαι
2531 4583 2635 4655 γὰρ
2710 4580 2800 4633 τὸν
2852 4572 3025 4632 ’Ἅϐελ
3101 4576 3474 4648 προσενεγκεῖν
3529 4567 3736 4667 θυσίανΙ
3772 4564 3847 4632 τῷ

354 4694 466 4744 Deo
498 4692 564 4742 de
593 4687 843 4760 adipibus
872 4690 922 4741 et
960 4686 1023 4739 de
1068 4685 1451 4756 primogenitis
1483 4687 1667 4738 ovium
1687 4680 1771 4737 ‘7:
1815 4682 2058 4736 Cainum

354 4796 586 4848 quoque
642 4778 911 4832 similiter
950 4778 1104 4829 dona
1144 4775 1426 4829 obtulisse
1479 4776 1549 4827 de
1609 4773 1894 4826 fructibus
1938 4772 2062 4841 qui-

355 4868 485 4922 dem
520 4873 702 4934 terrre,
738 4868 835 4920 sed
892 4882 1003 4919 non
1040 4883 1068 4919 e
1120 4865 1321 4935 primis
1371 4869 1471 4917 aut
1532 4863 1783 4934 Optimis.
1835 4864 1897 4913 Et
1931 4878 2060 4931 pro-

354 4963 550 5027 pterea
635 4955 815 5006 Deum
870 4954 1190 5022 respexisse
1248 4954 1317 5006 ad
1375 4953 1654 5007 sacriﬁcia
1708 4950 1927 5017 Abelis,
1989 4951 2060 5004 ad

354 5042 512 5098 Caini
550 5050 738 5095 autem
794 5058 1035 5095 munera
1086 5058 1197 5096 non
1250 5041 1583 5096 attendisse.
1654 5041 1792 5095 Inde
1844 5040 2063 5093 discere.

354 5134 634 5188 debemus
674 5131 1009 5199 contingere
1051 5147 1239 5199 posse,
1276 5134 1338 5183 ut
1385 5131 1616 5201 aliquod
1674 5130 1894 5183 bonum
1945 5142 2061 5181 non

358 5225 503 5277 bene
539 5222 672 5275 ﬁat:
708 5224 847 5291 puta
879 5219 920 5272 si
976 5220 1074 5273 ﬁat
1114 5221 1473 5290 negligenter
1522 5224 1619 5274 aut
1660 5219 2062 5287 contemptim,

357 5314 538 5369 aliove
570 5313 714 5367 vitio
756 5311 1065 5378 submisto,
1102 5314 1156 5363 et
1204 5326 1317 5363 non
1368 5326 1517 5365 mere
1566 5314 1801 5381 pr0pter
1830 5309 2011 5363 Deum
2048 5320 2060 5360 :

355 5419 423 5458 ex
499 5420 611 5473 quo
687 5400 876 5457 evenit
942 5404 1005 5454 ut
1063 5398 1314 5471 gratium
1379 5398 1436 5453 id
1486 5403 1544 5454 et
1609 5404 1909 5469 acceptum
1952 5402 2064 5453 Deo

358 5507 472 5546 non
506 5494 601 5548 sit.

428 5670 471 5707 ‘7
504 5671 643 5729 Gen.
681 5689 755 5744 xv,
790 5673 840 5727 4.

2170 4680 2284 4747 Θεῷ
2342 4674 2445 4727 ἀπὸ
2504 4676 2611 4724 τῶν
2686 4665 2940 4728 στεάτων,
3019 4663 3108 4717 καὶ
3170 4661 3275 4716 ἀπὸ
3327 4664 3436 4714 τῶν
3504 4650 3853 4730 πρωτοτόκων

2167 4739 2275 4820 τῶν
2353 4756 2689 4835 προϐάτιον·
2767 4756 2857 4811 καὶ
2931 4754 3025 4809 τὸν
3092 4751 3224 4809 Κάϊν
3301 4747 3357 4804 δὲ
3432 4746 3641 4819 ὁμοίως
3708 4739 3863 4812 δῶμα

2169 4856 2543 4929 προσενεγκεῖν
2599 4850 2705 4903 ἀπὸ
2775 4851 2882 4902 τῶν
2942 4848 3163 4919 καρπῶν
3228 4842 3321 4913 μὶν
3397 4846 3495 4907 τῆς
3554 4842 3684 4911 γῆς,
3742 4832 3864 4888 ἀλλ’

2172 4943 2269 4998 οὑκ
2325 4942 2432 4996 ἀπὸ
2488 4944 2593 4995 τῶν
2644 4937 2875 5011 πρώτων
2911 4955 2922 4967 ·
2980 4933 3071 4989 καὶ
3119 4932 3207 4986 διὰ
3263 4935 3422 4986 τοῦτο
3467 4927 3556 4983 ἐπὶ
3610 4928 3705 4999 μὶν
3756 4930 3868 4985 ταῖς

2171 5032 2377 5093 θυσίαις
2436 5035 2532 5085 τοῦ
2599 5023 2769 5082 Ἀϐελ
2830 5021 3031 5080 ἐπιδεῖν
3092 5024 3186 5078 τὸν
3244 5021 3373 5076 Θεόν
3408 5037 3421 5050 ’
3481 5016 3569 5072 ἐπὶ
3638 5015 3695 5071 δὲ
3754 5020 3868 5069 τοῖς

2175 5120 2372 5196 δώροις
2430 5120 2525 5174 τοῦ
2587 5119 2712 5172 Κάϊν
2774 5118 2849 5191 μή
2910 5120 3200 5188 προσχεῖν.
3262 5114 3357 5168 Ἐκ
3418 5110 3613 5165 τούτου
3672 5106 3871 5177 μανθά-

2173 5233 2278 5267 νειν
2327 5209 2554 5287 ἔχομεν,
2606 5207 2690 5261 ὅτι
2738 5203 2848 5261 ἔστι
2896 5226 2947 5259 τι
3005 5203 3169 5259 καλὸν
3217 5203 3292 5274 μή
3354 5206 3580 5268 ποιῆσαι
3639 5194 3824 5257 καλῶς
3856 5212 3870 5226 ·

2175 5304 2292 5356 οἷον
2341 5284 2563 5371 ἆμελῶς
2623 5295 2658 5365 ἢ
2702 5298 3185 5371 καταφρονητικῶς
3243 5291 3277 5361 ἢ
3333 5287 3402 5344 δι’
3443 5286 3626 5360 ἕτερόν
3662 5308 3739 5357 τι,
3789 5284 3878 5339 καὶ

2176 5390 2237 5446 οὐ
2296 5387 2384 5442 διὰ
2438 5383 2565 5440 Θεόν
2601 5402 2615 5418 ⁸
2679 5384 2767 5438 καὶ
2842 5384 2991 5458 παρὰ
3048 5385 3209 5438 τοῦτο
3278 5374 3560 5451 συμϐαίνει
3636 5376 3879 5451 γίνεσθαι

2177 5482 2255 5556 μὴ
2287 5474 2616 5553 πρόσδεκτον
2648 5480 2728 5548 τῷ
2760 5480 2899 5548 Θεῷ.
