4130 6286
260 475 380 535 863

1607 461 1835 525 LIBER
1878 464 1979 524 DE
2022 461 2442 525 ORATIONE.

3665 455 3784 515 854

882 705 3760 728 Μ

527 870 1758 1043 ΜΑΚΑΡΙΟΥ
1838 869 2313 1043 ΤΟΥ
2396 868 3513 1042 ΜΕΓΑΛΟΥ

1452 1169 1752 1264 ΠΕΡΙ
1834 1169 2581 1265 ΠΡΟΣΕΥΧΗΣ

1898 1343 2145 1399 ΛΟΓΟΣ.

1137 1648 1308 1716 ¹⁷⁴¹
1359 1657 2174 1816 MACARII
2277 1657 2903 1818 MAGNI

1555 1930 1748 2054 DE
1823 1928 2432 2044 ORATIONE

1881 2111 2137 2171 LIBER.

310 2433 395 2487 A'.
448 2430 756 2508 Κεφάλαιον
814 2429 990 2500 πάσης
1032 2431 1240 2506 ἆγάθῆς
1291 2425 1556 2499 σπουδῆς,
1623 2425 1714 2482 καὶ
1787 2446 1946 2500 κορυ-
1980 2426 2035 2491 Α

239 2520 312 2598 φῆ
391 2524 498 2574 τῶν
579 2519 1020 2592 κατορθωμάτων
1095 2521 1129 2586 ἡ
1210 2524 1527 2592 προσευχῆς
1587 2517 1701 2571 ἐστι
1785 2536 1947 2590 προσ-

237 2607 441 2682 εδρεία,
500 2605 569 2662 δι’
627 2611 692 2678 ἧς
751 2608 841 2663 καὶ
897 2613 1004 2662 τῶν
1061 2606 1250 2662 ἄλλων
1305 2604 1357 2660 ἐν
1415 2608 1606 2676 κτήσει
1663 2605 1944 2680 γινόμεθα,

235 2702 333 2752 τοῦ
397 2697 742 2772 καλουμένου
808 2703 970 2774 χεῖρα
1036 2697 1286 2772 συνεργὸν
1364 2696 1718 2770 ἐπορέγοντος
1779 2713 1792 2727 ο
1856 2693 1945 2748 καὶ

239 2789 344 2862 γὰρ
416 2787 674 2842 κοινωνία
737 2795 838 2860 τῆς
923 2794 1188 2861 μυστικῆς
1271 2785 1559 2861 ἒνεργείας,
1645 2785 1735 2838 καὶ
1819 2805 1946 2837 συν-

237 2877 398 2955 ὂὶςρεια
439 2874 730 2940 διαθέσεως
774 2884 874 2948 τῆς
922 2879 1058 2951 πρὸς
1111 2877 1238 2931 Θεὸν
1287 2874 1598 2950 ἁγιότητος,
1651 2872 1741 2928 καὶ
1775 2872 1945 2926 αὐτοῦ

237 2969 334 3020 τοῦ
365 2971 460 3021 νοῦ
507 2965 576 3022 δι’
626 2967 839 3042 ἀγάπης
889 2965 1128 3043 ἀρρήτου
1177 2966 1315 3042 πρὸς
1366 2964 1585 3038 Κύριον,
1639 2961 1690 3017 ἐν
1746 2967 1813 3037 τῇ
1858 2961 1945 3016 εὐ-

238 3058 317 3129 χῆ
409 3060 525 3118 τοῖς
611 3054 1058 3126 καταξιουμένοις
1135 3056 1338 3129 γίνεται
1408 3072 1422 3088 ·
1503 3050 1749 3114 ’Έδωκας
1817 3053 1942 3125 γὰρ,

240 3145 420 3214 σησίν,
481 3144 816 3222 εὐφροσύνην
877 3145 951 3206 εἰς
995 3147 1093 3214 τήν
1136 3142 1358 3217 καρδίαν
1425 3164 1528 3216 μου
1562 3163 1574 3176 ·
1633 3143 1722 3195 καὶ
1783 3141 1944 3200 αὐτὸς

237 3233 294 3290 δὲ
359 3236 386 3290 ὁ
454 3235 702 3309 Κύριος”
793 3236 854 3290 Ἥ
928 3232 1179 3301 βασιλεία
1236 3234 1479 3307 οὐρανῶν
1560 3230 1704 3292 ἐντὸς
1790 3230 1942 3301 ὑμῶν

233 3323 366 3382 ἐστι.
419 3325 489 3380 Τὸ
549 3321 604 3379 δὲ
659 3323 806 3385 ἐντὸς
874 3323 1006 3377 εἶναι
1071 3324 1169 3392 την
1233 3319 1530 3394 βασιλείαν,
1576 3320 1627 3373 τί
1679 3320 1738 3374 ἂν
1800 3317 1943 3373 ἄλλο

232 3410 440 3484 δηλοῦν
499 3411 610 3484 εἶή,
669 3412 704 3480 ἢ
755 3412 853 3480 τήν
908 3408 1004 3465 τοῦ
1057 3411 1371 3483 Πνεύματος
1432 3410 1677 3485 οὐράνιον
1749 3408 1942 3482 εὐφρο-

233 3502 399 3572 σύνην
470 3507 588 3563 ταῖς
664 3499 834 3574 ἀξίαις
895 3504 1099 3574 ψυχαῖς
1177 3498 1414 3572 ἐναργῶς
1476 3497 1934 3571 ἐνσημαίνεσθαις

233 3598 332 3659 τῆς
374 3587 728 3652 ἀπολαύσεως
777 3589 878 3664 γάρ
928 3609 985 3642 τε
1029 3589 1118 3642 καὶ
1174 3593 1346 3664 χαρᾶς
1404 3587 1493 3642 καὶ
1543 3594 1641 3656 τῆς
1676 3586 1724 3640 ἐν
1778 3585 1940 3640 πνεύ-

238 3701 366 3753 ματι
399 3678 756 3753 εὐφροσύνης,
788 3682 853 3748 ἧς
884 3677 937 3733 ἐν
969 3679 1107 3756 φωτὶ
1156 3678 1358 3750 αἰωνίῳ
1408 3677 1459 3731 οἱ
1528 3676 1678 3752 ἅγιοι
1740 3675 1792 3730 ἐν
1868 3678 1936 3749 τῇ

2139 2424 2176 2480 ι.
2208 2429 2389 2498 Caput
2447 2427 2639 2482 omnis
2697 2428 2836 2482 boni
2921 2426 3102 2481 studii
3165 2431 3220 2480 et
3280 2431 3468 2483 vertex
3523 2444 3767 2498 operum

2060 2515 2343 2571 bonorum
2401 2515 2716 2573 assiduitas
2799 2516 3074 2571 orationis
3131 2521 3236 2585 est,
3296 2531 3401 2586 per
3453 2534 3626 2588 quam
3707 2519 3767 2572 in

2059 2605 2306 2661 aliorum
2350 2610 2776 2678 possessionem
2831 2607 3115 2661 bonorum
3168 2607 3523 2676 inducimur,
3552 2623 3617 2661 eo
3666 2605 3773 2677 qui

2059 2713 2164 2751 nos
2196 2697 2264 2750 ad
2293 2712 2358 2750 ea
2405 2702 2594 2762 vocat,
2627 2713 2866 2751 manum
2915 2697 3362 2768 cooperatricem
3416 2697 3768 2767 porrigente.

2058 2786 2280 2840 Etenim
2315 2787 2763 2841 communicatio
2799 2802 3024 2841 arcanae
3075 2786 3341 2840 efﬁcaciae
3389 2791 3448 2840 et
3487 2787 3767 2842 connexio

2056 2873 2395 2931 intentionis
2445 2878 2500 2931 in
2549 2877 2852 2931 sanctitate
2901 2876 3177 2931 adversus
3225 2877 3432 2944 Deum,
3463 2876 3768 2947 ipsiusque

2063 2968 2276 3020 mentis
2323 2983 2420 3037 per
2469 2967 2844 3033 ineffabilem,
2874 2985 2989 3036 quo
3041 2969 3220 3022 fertur
3249 2984 3386 3037 erga
3427 2968 3762 3037 Dominum,

2057 3071 2336 3120 amorem,
2367 3055 2424 3109 in
2471 3057 2726 3110 oratione
2764 3056 2857 3122 iis,
2910 3057 3008 3126 qui
3060 3057 3221 3126 digni
3264 3057 3628 3124 judicantur,
3662 3057 3766 3111 ob-

2056 3146 2297 3198 veniunt
2330 3161 2342 3198 :
2378 3143 2584 3197 Dedisti
2624 3143 2802 3211 enim,
2835 3145 2935 3204 ait,
2969 3145 3221 3198 laetitiam
3251 3147 3310 3197 in
3352 3143 3510 3198 corde
3545 3160 3664 3198 meo
3695 3144 3763 3200 ⁴⁸.

2055 3237 2110 3287 et
2160 3233 2285 3303 ipse
2327 3233 2464 3287 dicit
2522 3233 2835 3288 dominus:
2883 3235 3124 3303 Regnum
3173 3234 3430 3288 caelorum
3476 3236 3625 3288 intra
3677 3249 3766 3288 vos

2053 3325 2129 3376 est
2159 3320 2223 3375 ⁴⁹.
2258 3320 2397 3375 Nam
2438 3321 2589 3376 intra
2639 3339 2745 3376 nos
2783 3339 2911 3377 esse
2957 3339 3224 3393 regnum,
3261 3322 3399 3392 quid
3446 3321 3604 3375 aliud
3657 3339 3763 3391 pu-

2054 3417 2244 3466 temus
2277 3411 2622 3481 signiﬁcare,
2656 3429 2829 3482 quam
2883 3412 3168 3467 caelestem
3203 3411 3459 3466 laetitiam
3511 3412 3763 3482 Spiritus

2053 3501 2234 3554 sancti
2267 3500 2575 3554 animabus
2608 3499 2802 3571 dignis
2829 3500 3182 3556 sensibiliter
3212 3500 3542 3555 immissam
3592 3501 3764 3554 esse?

2057 3591 2367 3646 Fruitionis
2452 3591 2748 3662 siquidem
2833 3597 2890 3647 et
2954 3591 3150 3662 gaudii
3223 3591 3548 3661 laetitiaeque
3605 3590 3761 3645 illius

2050 3679 2391 3751 spiritualis,
2439 3696 2615 3751 quam
2666 3680 2724 3736 in
2773 3680 2898 3735 luce
2940 3688 3152 3736 aeterna
3200 3681 3379 3736 sancti
3433 3681 3492 3734 in
3541 3679 3760 3736 Christi

231 3775 331 3824 τοῦ
389 3773 632 3844 Χριστοῦ
698 3767 974 3842 μεθέξουσι
1025 3766 1295 3843 βασιλείᾳ,
1343 3766 1546 3837 ταύτης
1603 3767 1694 3822 τὸν
1770 3764 1935 3841 ἀρῥα-

2056 3787 2232 3841 regno
2280 3769 2647 3842 participant,
2699 3771 2932 3825 arrham
2963 3770 3124 3825 velut
3159 3773 3466 3841 quamdam
3509 3774 3565 3825 et
3609 3787 3762 3839 prae-

238 3855 406 3929 ϐῶνα,
456 3857 546 3912 καὶ
595 3859 662 3912 τὰ
717 3856 986 3931 προοίμια
1043 3855 1276 3911 ἐντεῦθεν
1332 3853 1440 3927 ἤδη
1511 3856 1562 3909 αἱ
1640 3854 1783 3928 ἄξιαι
1851 3852 1940 3907 διὰ

236 3955 336 4018 τῆς
371 3951 470 4003 τοῦ
504 3946 822 4019 Πνεύματος
856 3946 1104 4020 ἐνεργοῦς
1135 3944 1423 4005 κοινωνίας
1482 3944 1655 4019 ψυχαὶ
1716 3938 1940 4015 λαμϐά-

234 4058 418 4091 νουσιν
467 4053 482 4067 ’
541 4037 603 4090 Ἡ
662 4033 854 4111 καρδία
916 4057 1023 4108 μου
1080 4035 1206 4110 γὰρ,
1262 4035 1417 4112 φησὶ,
1450 4034 1538 4087 καὶ
1583 4036 1618 4102 ἡ
1670 4033 1797 4107 σάρξ
1833 4053 1938 4106 μου

233 4121 642 4201 ἠγαλλιάσαντο
728 4122 816 4177 ἐπὶ
885 4124 1013 4176 Θεὸν
1085 4127 1259 4190 ζῶντα
1302 4143 1314 4155 ·
1382 4122 1472 4175 καὶ
1528 4122 1590 4174 τὸ
1651 4138 1663 4153 ·
1733 4121 1820 4182 Ὡς
1880 4117 1939 4174 ἐκ

235 4215 455 4278 στέατος
517 4211 607 4266 καὶ
664 4211 926 4281 πιότητος
1008 4209 1353 4284 ἐμπλησθείη
1426 4212 1460 4279 ἡ
1547 4211 1700 4282 ψυχή
1773 4230 1876 4280 μου
1920 4229 1933 4244 ο

227 4303 316 4356 καὶ
364 4303 431 4355 τὰ
478 4297 692 4375 συνῳδὰ
747 4299 984 4367 τούτοις,
1036 4299 1112 4361 εἷς
1161 4298 1354 4354 ταυτὸν
1405 4297 1645 4376 φέρουσι,
1698 4299 1784 4352 καὶ
1834 4298 1934 4365 τὴν

225 4396 323 4448 τοῦ
395 4390 710 4464 Πνεύματος
779 4387 997 4467 ἐνεργὸν
1048 4390 1381 4466 εὐφροσύνην
1442 4390 1531 4444 καὶ
1591 4388 1931 4465 παράκλησιν

229 4483 386 4538 ὑπαιν
397 4483 648 4540 ίττονται.

296 4576 375 4631 Β’.
434 4576 639 4650 Ὥσπερ
687 4578 876 4648 μεῖζον
928 4576 1034 4626 τῶν
1087 4569 1273 4626 ἄλλων
1321 4571 1382 4624 τὸ
1422 4576 1521 4640 τῆς
1571 4571 1745 4646 εὐχῆς
1780 4564 1933 4645 ἔργον

226 4660 368 4718 οὕτω
423 4663 680 4728 πλείονος
741 4661 822 4718 δεῖ
873 4663 962 4718 καὶ
1043 4662 1309 4737 μερίμνης
1384 4665 1463 4733 τῷ
1546 4662 1684 4733 πρὸς
1766 4659 1932 4727 αὐτὴν

226 4749 412 4825 ἔχοντι
446 4771 458 4786 θ
526 4755 709 4824 μήπου
765 4750 983 4822 κλοπήν
1039 4772 1158 4805 τινα
1213 4751 1360 4825 παρᾶ
1410 4755 1509 4818 τῆς
1558 4748 1749 4810 κακίας
1805 4749 1930 4802 ὑπο-

232 4841 417 4913 μείνας
501 4839 666 4914 λάθῃ.
726 4842 821 4902 Οἷς
878 4842 980 4917 γάρ
1057 4838 1299 4913 μείζονος
1357 4837 1563 4912 ἀγαθοῦ
1621 4837 1928 4911 ἐπιμέλεια,

231 4927 439 4999 μείζονι
494 4927 585 4981 καὶ
636 4929 663 4983 ὁ
707 4929 945 5001 πονηρὸς
992 4932 1061 5002 τῇ
1111 4928 1272 5000 πείρᾳ
1319 4921 1660 5002 προσϐάλλει
1710 4947 1723 4960 ·
1794 4925 1930 4981 ὥστε

225 5015 447 5084 πολλῆς
511 5013 656 5088 αὐτῷ
706 5013 882 5086 δεήσει
940 5023 1038 5086 τῆς
1107 5021 1342 5092 νήψεως,
1406 5015 1501 5070 τίνα
1558 5017 1646 5070 καὶ
1712 5015 1925 5088 μᾶλλον

225 5105 425 5178 καρποὶ
477 5105 715 5182 ἀγάπης,
789 5105 877 5159 καὶ
950 5107 1469 5183 ταπεινοφροσύνης,
1527 5104 1839 5176 ἁπλότητος
1871 5125 1929 5159 τε

222 5195 314 5250 καὶ
416 5195 778 5272 ἀγαθότητος,
865 5192 953 5248 καὶ
1062 5192 1398 5270 διακρίσεως,
1484 5194 1751 5270 ὁσημέραι
1855 5197 1932 5264 τῷ

221 5288 525 5360 παραμόνῳ
573 5289 672 5356 τῆς
731 5287 901 5361 εὐχῆς
979 5285 1342 5360 ἀναφύωνται,
1400 5288 1488 5341 καὶ
1575 5288 1740 5341 αὐτοῦ
1829 5286 1926 5360 μὲν

225 5378 452 5450 φανερὰν
516 5378 616 5445 τήν
676 5375 761 5431 ἐπὶ
847 5377 912 5430 τὰ
991 5377 1109 5430 θεῖα
1182 5377 1467 5451 προκοπὴν
1536 5376 1624 5430 καὶ
1685 5373 1926 5430 ἐπίδοσιν

221 5467 535 5537 καθιστῶσι,
575 5467 701 5528 τοὺς
761 5465 966 5530 ἄλλους
1005 5463 1061 5521 δὲ
1122 5464 1197 5526 εἷς
1243 5465 1333 5520 τὸν
1373 5463 1484 5519 ἴσον
1522 5464 1688 5534 ζῆλον
1748 5485 1930 5539 παρα-

218 5551 483 5612 καλῶσιν.

1893 5158 2006 5223 siC

2053 3858 2386 3914 libationem
2438 3859 2562 3929 jam
2623 3859 2758 3914 hinc
2812 3861 2999 3931 dignas
3075 3859 3148 3914 ad
3223 3859 3330 3914 hoc
3395 3859 3607 3914 effectae
3661 3876 3758 3930 per

2049 3951 2298 4020 gratiose
2328 3950 2822 4004 communicatam
2873 3950 3016 4018 ipsis
3066 3949 3458 4020 operationem
3505 3950 3756 4019 Spiritus

2048 4037 2260 4091 animas
2298 4038 2605 4106 accipiunt.
2657 4039 2758 4091 Cor
2821 4039 3000 4103 enim,
3053 4039 3263 4108 inquit,
3305 4053 3488 4091 meum
3536 4048 3586 4092 et
3624 4053 3754 4092 caro

2047 4141 2166 4180 mea
2216 4127 2630 4180 exsultaverunt
2660 4126 2717 4180 in
2762 4131 2936 4181 Deum
2962 4129 3142 4182 vivum
3173 4126 3237 4180 ⁸ο.
3261 4127 3330 4180 Ει
3374 4126 3521 4180 illud
3550 4142 3562 4179 :
3595 4127 3754 4182 Sicut

2044 4211 2207 4281 adipe
2247 4219 2298 4266 et
2361 4212 2697 4283 pinguedine
2745 4216 3022 4285 repleatur
3065 4217 3255 4269 anima
3302 4231 3422 4269 mea
3476 4215 3542 4269 δι.
3579 4216 3644 4269 Ει
3676 4217 3746 4270 iis

2043 4316 2316 4365 consona,
2377 4302 2436 4356 in
2495 4303 2646 4357 idem
2707 4305 2969 4373 tendunt,
3031 4311 3086 4358 et
3149 4305 3444 4358 efﬁcacem
3500 4303 3748 4374 Spiritus

2043 4389 2248 4445 anima:
2274 4389 2528 4445 laetitiam
2563 4397 2618 4448 et
2649 4393 3104 4447 consolationem
3145 4393 3424 4449 indicant.

2114 4575 2182 4629 Il.
2219 4575 2291 4631 Ut
2351 4577 2724 4648 praestantius
2783 4577 3001 4631 ceteris
3062 4582 3150 4632 est
3223 4593 3370 4646 opus
3429 4574 3746 4641 orationis;

2039 4665 2122 4718 ita
2176 4667 2382 4734 majori
2433 4682 2576 4732 opus
2628 4665 2799 4720 habet
2852 4665 3263 4731 sollicitudine,
3295 4664 3393 4735 qui
3435 4665 3492 4718 in
3546 4666 3600 4718 id
3651 4665 3740 4718 in-

2041 4754 2306 4808 cumbit:
2361 4770 2431 4807 ne
2479 4771 2592 4824 qua
2641 4753 2722 4807 illi
2776 4754 3050 4824 subrepat
3101 4771 3134 4808 a
3192 4754 3411 4808 malitia
3463 4752 3741 4823 deceptio.

2037 4844 2186 4896 Nam
2219 4860 2333 4912 quo
2367 4843 2618 4914 quisque
2651 4844 2888 4912 majoris
2941 4843 3305 4916 adipiscendi
3358 4843 3492 4898 boni
3543 4859 3747 4898 curam

2038 4931 2310 5002 concipit,
2369 4947 2435 4985 eo
2492 4933 2696 5000 majori
2765 4932 3035 4988 diabolus
3112 4937 3320 4988 conatu
3395 4931 3446 4988 ei
3517 4933 3748 4988 obstare

2039 5020 2358 5076 contendit.
2420 5020 2608 5084 Quare
2667 5021 2909 5078 multam
2970 5040 3104 5077 eum
3165 5023 3440 5078 adhibere
3513 5040 3746 5079 necesse

2043 5111 2150 5164 erit
2189 5109 2538 5180 vigilntiam,
2573 5115 2636 5165 ut
2685 5113 2903 5167 fructus
2963 5114 3290 5175 charitatis.
3357 5113 3734 5182 humilitatis,

2045 5197 2458 5268 simplicitatis,
2519 5200 2820 5269 bonitatis,
2854 5203 3280 5257 discretionise
3331 5201 3572 5274 patienti
3621 5219 3744 5256 ora-

2041 5289 2214 5344 tionis
2245 5289 2474 5344 cultura
2511 5291 2621 5360 ipsi
2675 5292 2825 5360 pleni
2879 5295 3204 5365 uberesque
3256 5293 3737 5366 progerminent:

2040 5378 2308 5448 ipiusque
2376 5380 2747 5450 perspicuum
2798 5382 2855 5436 in
2904 5382 3099 5438 divina
3166 5399 3537 5455 progressum
3597 5395 3733 5447 pro-

2041 5467 2379 5538 fectumque
2444 5468 2841 5526 demonstrent
2893 5489 2906 5527 :
2975 5473 3176 5544 sicque
3250 5473 3395 5528 alios
3468 5472 3534 5525 ad
3587 5465 3740 5538 paris

2041 5554 2464 5611 amulationem
2495 5559 2672 5614 studii
2706 5567 3036 5632 provocent.

293 5737 336 5773 ⁴³
370 5737 529 5794 Psal.
562 5754 637 5804 iv,
670 5738 722 5792 7.
760 5739 804 5774 ⁴⁹
834 5736 968 5796 Luc.
1002 5751 1141 5809 xvn,
1166 5737 1258 5792 21.
1290 5736 1334 5773 ⁸ο
1365 5735 1518 5807 Psal,
1550 5752 1758 5794 Lxxxn.
1787 5737 1842 5794 3.
1875 5734 1918 5773 “

2053 5735 2097 5796 .1.
2135 5751 2268 5806 tm,
2300 5737 2356 5802 6.
