4130 6286
391 350 510 409 855

389 575 783 629 insistendum
873 573 1115 629 orationi
1196 588 1345 638 esse,
1421 581 1474 627 et
1558 572 1789 626 divinus
1862 572 2101 640 Aposto-

393 666 483 720 lus
513 665 581 733 52,
624 675 679 720 et
725 665 914 737 ipsius
946 664 1174 718 Domini
1225 663 1521 719 oraculum
1582 663 1865 733 praecipit,
1899 663 2103 716 dicen-

388 755 465 811 tis
508 773 520 810 :
555 755 767 822 Quanto
812 756 994 826 magis
1043 755 1184 809 Deus
1212 753 1385 821 faciet
1414 753 1706 807 vindictam
1736 752 2103 807 clamantium

388 845 459 898 ad
487 861 543 900 se
572 844 662 899 die
686 860 749 897 ac
797 851 951 897 nocte
982 842 1065 897 ⁵³1
1102 844 1168 897 Et
1227 842 1366 896 illud
1434 842 1673 913 Vigilale
1727 853 1780 895 et
1844 848 1997 896 orate
2032 839 2096 894 5‘.

391 934 618 1002 Oportet
644 933 821 1003 igitur
858 932 1072 1001 ubique
1104 948 1268 986 orare
1303 948 1315 984 :
1350 948 1454 985 nec
1511 946 1773 1001 unquam
1822 934 2099 985 conatum

391 1022 691 1077 remittire.
744 1023 969 1087 Quanto
1042 1026 1235 1075 autem
1308 1020 1638 1091 capitalius,
1688 1020 1788 1090 qui
1835 1034 2100 1089 perseve-

393 1128 518 1168 rare
550 1112 607 1166 in
641 1112 895 1167 oratione
926 1112 1198 1177 decrevit,
1242 1126 1739 1181 opusaggressus
1787 1117 1890 1174 est,
1939 1112 2099 1162 tanto

393 1200 589 1271 ipsum
644 1199 773 1269 plus
836 1200 1173 1254 certaminis
1224 1200 1541 1269 suscipere,
1582 1204 1855 1269 tantoque
1914 1197 2102 1267 magis

391 1291 448 1345 id
508 1308 637 1345 eum
693 1292 761 1345 ad
813 1296 1135 1345 extremum
1194 1290 1504 1361 perducere
1564 1295 1809 1359 Oportet,
1835 1304 1899 1343 eo
1949 1288 2099 1357 quod

391 1380 831 1449 perseverantiae
874 1378 1151 1433 orationis
1184 1377 1369 1432 multa
1425 1378 1626 1448 objicit
1684 1377 2102 1447 impedimenta

390 1472 666 1540 pravitas,
702 1485 998 1534 somnum,
1031 1468 1310 1531 acediam,
1355 1468 1584 1537 pondus
1631 1467 1909 1535 corporis,
1942 1464 2099 1535 cogi-

390 1562 675 1615 tationum
738 1559 1119 1626 eversionem,
1183 1558 1392 1612 mentis
1454 1556 1919 1625 instabilitatem,
1971 1555 2097 1610 lan-

390 1666 628 1721 guorem
683 1658 739 1703 et
787 1648 1011 1718 reliqua
1066 1647 1297 1703 malitiae
1357 1647 1567 1702 studia.
1602 1650 1886 1700 Praeterea
1942 1644 2098 1699 affli-

392 1738 613 1794 ctiones
666 1743 723 1793 et
780 1738 1041 1808 ipsorum
1103 1736 1384 1791 malorum
1450 1738 1781 1790 daemonum
1842 1734 2099 1789 insultus

391 1828 761 1883 vehementer
807 1826 1280 1897 impugnantium
1331 1842 1458 1891 nos,
1507 1831 1564 1880 et
1622 1822 1790 1880 I75
1838 1824 1997 1878 omni
2047 1824 2097 1876 vi
2133 1858 2179 1919 Β

391 1918 778 1977 obstantium.
808 1934 879 1973 ne
917 1918 1384 1988 appropinquare
1430 1916 1657 1971 Christo
1698 1916 1887 1971 valeat
1918 1917 2099 1969 Deum

388 2017 514 2079 post
542 2009 846 2064 veritatem
879 2009 1239 2063 incessanter
1268 2023 1531 2078 quaerens
1562 2008 1776 2062 anima.

463 2098 555 2153 IV.
621 2097 789 2152 Omni
866 2097 1056 2152 studio
1141 2103 1312 2168 atque
1395 2096 1716 2167 vigilantia,
1783 2094 2102 2166 longanimi

391 2188 675 2258 patientia
714 2187 1150 2257 certamineque
1208 2189 1416 2240 animae
1473 2201 1537 2239 ac
1588 2185 1784 2239 labore
1842 2182 2100 2254 corporis

387 2284 613 2349 oportet
668 2294 825 2345 eum,
875 2277 976 2348 qui
1037 2276 1286 2332 orationi
1341 2276 1651 2347 diligenter
1707 2291 1910 2330 vacare
1959 2291 2094 2328 con-

387 2368 593 2434 tendit,
661 2366 900 2422 viriliter
951 2383 1138 2438 agere,
1191 2366 1334 2421 nihil
1391 2383 1648 2437 unquam
1710 2366 2096 2420 remittentem

387 2458 458 2512 de
523 2458 744 2524 ardore,
816 2472 921 2510 nec
982 2457 1287 2511 cedentem
1344 2454 1820 2511 distractionibus
1882 2454 2101 2526 cogita-

386 2547 636 2612 tionum,
685 2551 786 2600 aut
842 2562 1043 2600 somno
1100 2546 1303 2610 multo,
1333 2550 1433 2600 aut
1490 2544 1673 2600 desidi
1728 2544 1966 2614 torpori.
2002 2548 2103 2599 aut

390 2633 730 2689 inordinatas
792 2632 1119 2688 confusioni
1178 2635 1471 2688 actionum
1520 2642 1734 2688 temere
1797 2634 2099 2701 pennista-

388 2739 559 2789 rum;
598 2739 708 2777 non
744 2726 1002 2776 utentem
1039 2721 1387 2777 turbulentis
1436 2728 1490 2777 et
1544 2723 1947 2777 indecentibus
1980 2722 2101 2777 cla-

389 2813 681 2878 moribus;
719 2818 820 2866 aut
849 2812 1083 2866 eliluere
1113 2812 1375 2866 animum
1426 2814 1715 2867 sinentem
1762 2811 1818 2865 in
1872 2812 2102 2883 quidvis

387 2901 709 2971 ejusmodi;
743 2902 839 2956 sed
882 2906 1036 2956 certo
1078 2907 1134 2956 et
1182 2900 1539 2955 immutabili
1601 2901 1892 2972 praposito
1947 2917 2100 2956 men-

387 2991 500 3056 tis;
550 2991 853 3062 deﬁgendo
900 3007 959 3045 se
1007 2991 1113 3045 soli
1173 2992 1413 3061 patienti
1464 2991 1717 3059 stationi,
1766 2995 1821 3045 et
1871 2988 2102 3045 ﬂexioni

383 3097 675 3152 genuum;
731 3085 785 3135 et
851 3081 1125 3135 cohibitis
1211 3081 1646 3153 evagationibus
1704 3079 1878 3152 longe
1938 3080 2097 3135 aber-

386 3173 569 3225 rantis
602 3170 831 3225 interim
890 3170 1123 3226 mentis.
1189 3170 1346 3225 Nihil
1404 3169 1558 3225 enim
1614 3175 1782 3225 sanet
1835 3169 2101 3241 prohibet

1740 345 1804 405 S.
1852 344 2179 405 MACARII
2222 342 2561 404 [EGYPTII

460 486 555 540 IIl.
592 484 728 540 Sine
756 483 1192 539 intermissione
1220 483 1507 538 orandum
1564 489 1617 537 et
1667 488 2095 553 perseveranter
2124 482 2177 547 Α
2281 479 2350 532 I".

3790 348 3925 409 856

2438 476 2835 539 Ἀδιαλείπτως
2930 478 3216 554 εὔχεσθαι,
3310 482 3401 535 καὶ
3490 488 3922 557 προσκαρτερεῖν

2209 571 2278 640 τῇ
2321 566 2461 644 εὐχῇ
2512 567 2673 627 αὐτός
2722 590 2779 623 τε
2830 570 2858 623 ὁ
2904 571 3049 630 θεῖος
3103 568 3468 641 Ἀπόστολος,
3525 573 3613 626 καὶ
3681 574 3744 627 τὸ
3816 574 3927 629 ὑπὸ

2212 655 2307 711 τοῖ’)
2371 657 2576 730 Κυρίου
2645 658 2933 732 εἰρημένον
2992 656 3252 729 διδάσκει,
3313 662 3475 733 Πόσῳ
3553 661 3793 735 μᾶλλον,
3844 664 3928 717 εἱ-

2211 747 2435 813 πὸντος,
2526 750 2746 817 ποιήσει
2841 745 3121 819 ἐκδίκησιν
3183 752 3210 803 ὁ
3304 752 3433 812 Θεὸς
3499 756 3605 806 τῶν
3667 754 3929 826 βοώντων

2210 837 2345 911 πρὸς
2400 838 2559 892 αὐτὸν
2615 837 2809 901 νύκτας
2862 839 2950 893 καὶ
3017 839 3270 912 ἡμέρας;
3328 843 3414 894 καὶ
3492 842 3553 895 τὸ
3614 861 3628 876 ·

2214 933 2375 1000 ρεῖτε,
2415 929 2500 981 καὶ

2211 1018 2423 1091 χεσθαι,
2480 1018 2570 1071 καὶ

3708 848 3930 916 Γρηγο-

2616 865 2809 901 νυκτας
2862 865 2950 893 και
3017 865 3270 912 ἠμερας;
3328 865 3414 894 και
3492 865 3553 895 το
3614 865 3628 876 '
3708 865 3927 918 ιρηγθ-

2580 927 2966 1002 προσεύχεσθε.
3019 934 3110 983 Δεῖ
3180 927 3272 983 οὖν
3356 929 3589 987 πάντοτε
3677 932 3927 1003 προσεύ-

2669 1020 2742 1089 μὴ
2824 1018 3091 1074 ἐκκακεῖν.
3142 1020 3345 1095 ’Ὠσπερ
3423 1018 3481 1074 δὲ
3548 1020 3927 1098 κεφαλαιωδέ-

2213 1125 2397 1178 στερον
2432 1106 2459 1160 ὁ
2510 1110 2577 1178 τῇ
2620 1105 2757 1181 εὐχῇ
2808 1112 3223 1181 προσκαρτερῶν
3271 1106 3450 1163 εἷ’λετο
3506 1106 3686 1183 ἔργον,
3742 1110 3923 1171 οὕτως

2209 1194 2367 1248 αὐτὸν
2419 1194 2599 1267 ἀγῶνα
2657 1193 2857 1264 πολὺν,
2919 1197 3006 1250 καὶ
3062 1195 3218 1250 τὸνον
3287 1194 3565 1252 ἀνένδοτον
3631 1196 3925 1272 ἀνέχεσθαι

2207 1285 2345 1358 χρὴ,
2381 1281 2468 1337 διὰ
2516 1286 2577 1339 τὸ
2624 1283 2808 1339 πολλά
2853 1288 2922 1357 τῇ
2973 1283 3293 1359 προσεδρείᾳ
3335 1292 3435 1354 τῆς
3474 1287 3643 1365 εὐχῆς
3703 1289 3923 1343 ὑπεῖναι

2209 1374 2273 1426 τὰ
2314 1379 2411 1441 τῆς
2469 1374 2660 1434 κακίας
2711 1371 2949 1446 ἐμπόδια
2981 1395 2994 1407 ·
3054 1374 3240 1445 ὕπνον,
3300 1372 3544 1445 ἀκηδίαν,
3597 1377 3759 1452 βάρος
3812 1381 3923 1431 σώ-

2216 1482 2402 1532 ματος,
2492 1461 2778 1536 λογισμῶν
2875 1463 3192 1537 ἐπιτροπήν,
3279 1465 3404 1525 νοὸς
3502 1465 3923 1539 ἁκαταστασίαν,

2211 1546 2452 1620 ἔκλυσιν,
2519 1553 2610 1605 καὶ
2666 1553 2732 1605 τά
2798 1550 2969 1607 λοιπᾶ
3036 1560 3136 1621 τῆς
3203 1552 3393 1615 κακίας
3462 1553 3869 1628 ἐπιτηδεύματα
3907 1574 3923 1588 ·

2210 1641 2326 1695 εἶτα
2383 1640 2597 1715 θλίψεις
2646 1641 2733 1696 καὶ
2810 1642 2985 1696 αὐτῶν
3062 1647 3170 1697 τῶν
3255 1649 3515 1717 πονηρῶν
3592 1646 3923 1718 πνευμάτων

2210 1730 2593 1797 ἐπαναστάσεις
2642 1734 2892 1807 ἐκθύμως
2943 1733 3338 1806 πολεμούντων
3403 1738 3537 1807 ἡμῖν
3619 1734 3707 1789 καὶ
3779 1738 3927 1790 ἀντι-

2209 1826 2634 1898 καθισταμένων,
2685 1826 2775 1881 καί
2830 1826 3205 1902 προσεγγίζειν
3269 1848 3349 1898 τῳ
3443 1830 3665 1901 Χριστῷ
3749 1823 3922 1901 διειρ-

2214 1914 2422 1989 γόντων
2465 1916 2563 1983 τὴν
2628 1915 2763 1988 μετᾶ
2812 1916 2909 1983 τὴν
2968 1913 3226 1985 ἀλήθειαν
3285 1917 3376 1970 τὸν
3440 1916 3570 1971 Θεὸν
3628 1914 3923 1978 ἀπαύστως

2214 2006 2577 2074 ἐπιζητοῦσαν
2612 2006 2821 2078 ψυχήν.

2286 2097 2365 2155 Δ’,
2437 2094 2586 2167 Πᾶσῃ
2657 2092 2871 2167 σπουδῇ
2947 2094 3034 2149 καὶ
3095 2096 3277 2168 νῆψει,
3353 2095 3607 2167 ὑπομονῇ
3678 2116 3737 2149 τε
3829 2096 3919 2150 καὶ

2211 2186 2381 2257 ἀγῶνι
2440 2187 2627 2258 ψυχῆς
2684 2186 2774 2237 καὶ
2848 2184 2998 2255 πόνῳ
3069 2184 3346 2256 σώματος,
3404 2185 3493 2238 τὸν
3562 2191 3661 2253 τῆς
3744 2186 3922 2263 εὐχῆς

2210 2270 2645 2346 ἐπιμελούμενον
2720 2269 3058 2346 ἀνδρίζεσθαι
3141 2273 3277 2347 χρὴ,
3362 2274 3437 2344 μὴ
3526 2272 3921 2346 ἐκκακούμενον

2214 2360 2623 2417 συνεπιδιδόντα
2655 2366 2774 2422 ταῖς
2830 2365 2937 2415 τῶν
3004 2360 3283 2435 λογισμῶν
3344 2360 3657 2435 ἐκτροπαῖς,
3705 2362 3741 2432 ἢ
3785 2363 3919 2418 πολ-

2214 2452 2296 2524 λῶ
2355 2452 2530 2522 ὕπνῳ,
2589 2453 2623 2520 ἢ
2683 2448 2902 2521 ἀκηδίᾳ,
2963 2449 3174 2505 ἐκλύσει
3233 2472 3290 2504 τε
3341 2451 3429 2505 καὶ
3488 2453 3768 2527 συγχύσει,
3828 2455 3917 2508 καὶ

2209 2539 2558 2620 ταραχώδεσι
2614 2541 2701 2594 καὶ
2766 2540 3027 2615 ἁπρεπέσι
3087 2546 3293 2617 φωναῖς
3357 2542 3674 2615 γρώμενον,
3732 2548 3767 2613 ἢ
3807 2564 3918 2597 τισι

2209 2634 2487 2693 τοιούτοις
2581 2629 2938 2703 ἐπιτρέποντα
3028 2632 3127 2698 τὴν
3233 2628 3496 2701 διάνοιαν,
3600 2632 3735 2707 μόνῃ
3818 2635 3915 2706 μὶν

2212 2719 2807 2799 ἐκπληροφορούμενον
2864 2725 2932 2794 τῇ
2973 2721 3276 2793 παραμὸνῳ
3336 2723 3543 2792 στάσει,
3600 2721 3771 2777 κλίσει
3854 2745 3917 2779 τε

2210 2816 2318 2866 τῶν
2358 2811 2625 2885 γονάτων,
2656 2811 2748 2864 τὸν
2792 2808 2849 2864 δὲ
2873 2814 2994 2863 νοῦν
3040 2811 3248 2883 μακράν
3294 2831 3400 2865 που
3450 2815 3548 2865 τῶν
3600 2812 3912 2884 γινομένων

2212 2899 2706 2971 ἀποπλανώμενον,
2768 2898 2980 2973 ἔχονῖα.
3028 2897 3197 2956 Οὐδὲν
3238 2902 3339 2975 γάρ
3384 2902 3447 2955 τὸ
3486 2899 3711 2969 κωλῦον,
3741 2900 3776 2969 ἢ
3822 2904 3902 2973 μὴ

2212 2984 2451 3063 ἀκριϐῶς
2508 2990 2694 3065 νήφων
2762 2988 3257 3063 παρασκευάζηται,
3333 2988 3735 3060 ἐναντιούμενος
3816 2992 3915 3063 μὲν

2210 3081 2279 3147 τῆ
2347 3077 2451 3151 ὕλῃ
2509 3082 2617 3131 τῶν
2685 3081 2950 3149 περιττῶν
3020 3074 3331 3152 λογισμῶν,
3396 3073 3787 3147 διαϐασανίζων
3858 3078 3917 3135 δὲ

2213 3170 2413 3230 πάντας
2478 3165 2673 3226 αὐτοὺς
2747 3164 2835 3219 καὶ
2922 3164 3279 3242 φιλοκρινῶν,
3339 3166 3611 3221 ἐπιποθῶν
3694 3188 3751 3221 τε
3837 3167 3918 3223 ἀεὶ

388 3260 550 3329 quin,
586 3259 698 3314 nisi
756 3259 1064 3330 diligenter
1094 3265 1151 3315 et
1180 3264 1395 3316 attente
1426 3260 1496 3314 ad
1552 3227 1853 3314 οιιιηιάιηι]⁸
1870 3262 2101 3329 paratus

2216 3258 2306 3312 τὸν
2368 3255 2590 3329 Κύριον,
2648 3253 2916 3315 ποικίλως
2966 3256 3069 3309 ὑπὸ
3133 3259 3232 3323 τῆς
3278 3254 3467 3317 κακίας
3522 3258 3657 3310 κατὰ
3698 3257 3761 3311 τὸ
3794 3258 3924 3329 ἀφα-

387 3350 516 3419 quis
574 3351 828 3417 accedat,
893 3351 1004 3404 nisi
1064 3350 1248 3404 turbae
1324 3366 1609 3405 vanarum
1680 3350 2099 3420 cogitationum

389 3438 611 3493 fortiter
660 3438 927 3503 obsistat,
982 3439 1276 3493 excutiens
1329 3438 1589 3509 singulas
1637 3443 1693 3494 et
1752 3439 2105 3508 dijudicans,

395 3526 661 3593 ﬂagranti
714 3542 942 3596 semper
972 3527 1260 3582 desiderio
1292 3544 1353 3581 se
1385 3528 1589 3582 intime
1646 3527 1719 3581 ad
1770 3528 1950 3582 Deum
2011 3529 2108 3582 ad-

394 3614 687 3679 movendi,
750 3614 917 3681 nihil,
953 3615 1213 3685 ioquam,
1274 3616 1486 3678 obstat,
1548 3614 1597 3670 si
1657 3616 1773 3670 haec
1834 3616 2104 3687 negligat.

395 3704 539 3774 quin
595 3702 844 3759 versutis
894 3703 1325 3769 inhabitantis
1360 3705 1418 3758 in
1486 3704 1611 3775 ipso
1669 3703 1899 3759 malitiae
1958 3704 2105 3759 clam

3407 3351 3435 3360 ιν

2217 3347 2300 3407 νὲς
2345 3343 2725 3413 δελεάζεσθαι·
2760 3343 2795 3412 ἢ
2828 3343 2935 3417 ,καὶ
2982 3349 3089 3398 τῶν
3146 3347 3313 3417 μήπω
3376 3351 3438 3420 τῇ
3496 3346 3636 3420 εὐχῇ
3698 3343 3927 3418 δυναμέ-

2217 3457 2322 3489 νων
2373 3440 2793 3508 προσκαρτερεῖν
2846 3435 3257 3508 κατεπαίρεσθαι
3305 3436 3395 3489 καὶ
3445 3432 3536 3489 διὰ
3585 3440 3695 3490 τῶν
3745 3435 3929 3491 τοιού-

2215 3546 2323 3579 των
2381 3527 2479 3587 τῆς
2536 3522 2721 3585 κακίας
2780 3523 3197 3597 μηχανημάτων
3256 3526 3354 3592 τὴν
3420 3522 3599 3592 καλήν
3683 3522 3923 3602 διαφθεί-

2220 3636 2329 3687 ρειν
2400 3612 2673 3689 ἐργασίαν,
2729 3614 2817 3667 καὶ
2903 3613 3182 3686 προπίνειν
3260 3613 3459 3683 ταύτην
3545 3618 3625 3686 τῷ
3700 3619 3925 3689 πονηρῷ

2222 3701 2460 3775 δαίμονι.

394 3792 671 3847 itliciatur
727 3792 943 3848 artibus
977 3810 990 3849 :
1026 3798 1122 3847 aut
1172 3793 1358 3848 efferri
1392 3810 1453 3848 se
1510 3794 1754 3848 sinendo
1813 3793 1872 3847 in
1932 3798 2334 3864 contemptum
2390 3792 2657 3861 aliorum,
2699 3796 3128 3865 comparatione
3175 3793 3267 3848 sui
3307 3810 3441 3849 cum
3475 3794 3548 3850 iis
3571 3794 3670 3865 qui
3705 3811 3895 3865 perse-

397 3896 595 3936 verare
629 3881 728 3935 diu
762 3881 819 3936 in
854 3882 1111 3938 oratione
1145 3887 1479 3953 nequeunt;
1510 3881 1621 3938 alio
1681 3882 1951 3953 quopiam
2011 3898 2203 3938 errore
2260 3884 2314 3937 in
2351 3898 2523 3953 quem
2554 3883 2675 3937 suis
2705 3900 2837 3938 eum
2891 3888 3084 3939 astuta
3112 3883 3335 3939 malitia
3366 3884 3905 3941 machinationibus

398 3970 710 4039 induxerit,
780 3972 1208 4041 corrumpendo
1286 3974 1613 4042 praeclaram
1698 3971 2117 4043 operationem,
2171 3988 2416 4042 eamque
2472 3972 2555 4028 sic
2610 3972 2962 4028 irridendam
3028 3973 3387 4043 propinando
3423 3973 3575 4028 malo
3632 3977 3903 4030 dzemoni.

467 4058 533 4112 V.
568 4059 690 4114 Nisi
722 4060 1043 4124 humilitas,
1081 4061 1356 4127 charitas,
1380 4060 1748 4132 simplicitas,
1783 4069 1835 4116 et
1871 4061 2103 4117 bonitas

395 4154 552 4205 arcte
600 4151 1000 4220 conglutinent
1074 4150 1242 4206 nobis
1316 4151 1659 4220 orationem,
1720 4152 1843 4221 ipsa
1897 4150 2101 4215 oratio,

394 4243 497 4292 aut
553 4238 743 4307 potius
796 4240 969 4294 inane
1039 4238 1425 4295 simulacrum
1500 4238 1801 4307 orationis,
1863 4237 2105 4293 minime

395 4344 531 4382 sane
554 4328 762 4396 juvare
795 4345 897 4383 nos
929 4329 1160 4400 poterit.
1194 4329 1391 4400 Neque
1448 4328 1505 4383 id
1540 4329 1609 4384 de
1667 4329 1925 4384 oratione
1983 4328 2107 4382 sola

397 4416 667 4483 dicimus,
709 4418 807 4471 sed
850 4419 921 4472 de
968 4418 1127 4473 omni
1185 4434 1394 4489 genere
1437 4419 1751 4474 arduorum
1794 4420 2108 4487 quantum-

398 4505 481 4560 vis
535 4511 592 4561 et
637 4504 1054 4563 lahoriosorum
1112 4524 1372 4577 operum,
1422 4514 1559 4578 puta
1629 4507 1700 4561 de
1759 4505 2083 4578 virginitate

2287 4062 2358 4115 E'.
2403 4059 2461 4115 Εἰ
2515 4061 2591 4131 μή
2642 4062 2675 4127 ἠ
2723 4062 3186 4138 ταπεινοφροσύνῃ
3238 4061 3325 4114 καὶ
3382 4059 3592 4134 ἀγάπη,
3644 4064 3678 4130 ἡ
3741 4058 3919 4117 ἁπλό·

2211 4170 2312 4218 της
2359 4170 2417 4203 τε
2464 4148 2554 4202 καὶ
2604 4148 2872 4222 ἀγαθότης
2916 4148 3329 4204 κατακολλῶσιν
3384 4151 3519 4221 ἡμῖν
3577 4152 3677 4220 τὴν
3728 4152 3897 4225 εύγὴν

2213 4241 2248 4307 ἦ
2306 4238 2444 4312 εὐχή
2504 4237 2661 4307 αὕτη,
2725 4237 2942 4311 μᾶλλον
2999 4237 3056 4293 δὲ
3110 4239 3173 4292 τὸ
3218 4239 3526 4317 πρόσχημα
3568 4247 3669 4309 τῆς
3725 4242 3916 4316 εὐχῆς,

2216 4324 2412 4395 ἥκιστά
2476 4346 2537 4399 γε
2584 4328 2732 4399 ἡμᾶς
2783 4324 3014 4403 ὠφελεῖν
3073 4324 3313 4383 δύναται.
3375 4329 3475 4383 Καὶ
3530 4326 3628 4381 οὐκ
3683 4326 3767 4382 ἐπὶ
3814 4335 3916 4394 τῆς

2218 4416 2390 4489 εὐχῆς
2448 4418 2607 4469 τοῦτο
2660 4415 2834 4486 μόνης
2876 4416 3073 4491 φαμὲν,
3106 4412 3252 4469 ἀλλὰ
3298 4415 3388 4469 καὶ
3429 4414 3513 4470 ἐπὶ
3572 4416 3766 4475 παντὸς
3822 4436 3917 4468 κα-

2221 4523 2391 4576 ματου
2421 4504 2507 4557 καὶ
2551 4502 2742 4572 πόνου,
2776 4502 3105 4577 παρθενείας,
3138 4503 3173 4572 ἢ
3231 4503 3483 4573 νηστείας
3530 4503 3562 4571 ἢ
3611 4504 3908 4576 ἀγρυπνίας

386 4595 635 4666 jejunio,
661 4596 891 4667 vigiliis,
928 4597 1270 4668 psalmodia,
1321 4597 1660 4662 ministerio,
1696 4595 2101 4666 similibusque

2216 4592 2247 4660 ἢ
2298 4589 2643 4665 ψαλμῳδίας,
2696 4592 2729 4660 ἢ
2786 4590 3089 4660 διαλονίας,
3139 4593 3173 4662 ἢ
3226 4591 3617 4662 οἱασδηποτοῦν
3648 4588 3895 4662 ἐργασίας

392 4686 599 4742 ofﬁciis
658 4688 1054 4755 speciosarum
1116 4688 1627 4758 plausibiliumque
1670 4685 1980 4741 virtutum.
2036 4685 2100 4739 In

393 4790 641 4844 quarum
727 4777 1166 4847 exercitio;,.nisi
1248 4778 1472 4831 fructus
1548 4773 1860 4841 charitalis,
1924 4776 2098 4842 pacis,

393 4865 614 4933 gaudii,
675 4865 1167 4929 mansuetudinis,
1204 4866 1584 4929 humilitatis,
1634 4864 1776 4935 quin
1821 4864 1995 4918 etiam
2052 4873 2105 4917 et

392 4951 783 5020 simplicitatis
864 4953 1332 5023 sinceritatisque
1390 4971 1455 5008 ac
1533 4954 1663 5009 fidei
1720 4957 1781 5006 ut
1855 4957 2102 5023 oportet,

392 5040 857 5112 longanimitatis
916 5059 1149 5113 quoque
1202 5042 1731 5113 acpbenevolentite
1788 5043 1847 5096 in
1908 5042 2103 5096 nobis-

389 5131 653 5200 metipsis
701 5131 1050 5202 experiendo
1104 5132 1425 5198 videamus,
1473 5134 1755 5188 inutiliter
1800 5130 2100 5186 laborave-

386 5222 593 5277 rimus.
653 5220 900 5276 Labores
1000 5222 1289 5293 siquidem
1352 5224 1492 5277 istos
1551 5239 1652 5294 spe
1726 5220 2099 5289 assequendae

386 5314 677 5366 tractuum
721 5311 992 5366 utilitatis
1040 5312 1513 5383 suscipimus."_Si
1545 5327 1674 5380 ergo
1706 5313 1840 5380 post
1887 5322 1984 5362 eos
2015 5307 2100 5359 in-

390 5402 558 5457 nobis
600 5418 713 5455 non
765 5401 1125 5471 reperiantur
1185 5403 1404 5454 fructus
1458 5400 1783 5465 charitatis,
1826 5412 2097 5467 superva-

390 5502 566 5544 canea
623 5490 879 5559 profecto
934 5488 1035 5543 illa
1082 5489 1271 5543 omnis
1328 5505 1500 5560 opera
1553 5489 1739 5543 fuerit.
1799 5488 1878 5541 Ac
1954 5484 2096 5538 mihi

458 5641 503 5674 "
538 5641 559 5694 Ι
590 5640 799 5696 Thess.
840 5658 889 5705 ν,
928 5644 1013 5700 17.
1045 5644 1089 5678 ⁸³
1117 5648 1252 5699 Luc.
1290 5658 1445 5709 xvm,
1482 5644 1531 5697 1.
1563 5640 1611 5676 ⁵⁴
1638 5639 1844 5695 Matth.
1878 5653 2029 5704 xxvr,
2064 5636 2151 5690 41.

2212 4682 2409 4754 ἀρετῆς
2463 4677 2636 4735 ἕνεκεν
2708 4679 3156 4753 ἐπιτελουμένης.
3220 4680 3281 4736 Εἰ
3353 4684 3427 4754 μὴ
3489 4681 3608 4742 τοὺς
3659 4678 3908 4751 καρποὺς

2218 4776 2319 4839 τῆς
2376 4769 2611 4842 ἂγάπης,
2664 4770 2884 4843 εἰρήνης
2933 4791 2990 4824 τε
3038 4772 3127 4824 καὶ
3177 4776 3374 4846 χαρᾶς,
3438 4771 3529 4825 καὶ
3605 4769 3916 4843 πραότητος

2214 4858 2707 4934 ταπεινοφροσύνης
2773 4879 2851 4927 τε,
2898 4858 3063 4935 φημὶ,
3112 4860 3203 4912 καὶ
3252 4858 3584 4929 ἁπλότητος,
3634 4858 3724 4911 καὶ
3781 4856 3913 4935 ἀφε-

2216 4946 2366 5010 λείας
2396 4947 2483 5001 καὶ
2526 4947 2756 5009 πίστεως
2790 4948 2863 5007 ὡς
2906 4946 3042 5014 δεον,
3080 4948 3457 5022 μακροθυμίας
3496 4968 3555 5001 τε
3592 4949 3679 5001 καὶ
3715 4944 3917 5022 φιλοφ-

2215 5036 2469 5107 ροσύνης,
2502 5037 2554 5092 ἐν
2588 5038 2797 5099 ἑαυτοῖς
2840 5038 2967 5111 ὁρᾷν
3015 5034 3260 5111 ἔχοιμεν,
3290 5036 3371 5091 ἐπ’
3425 5034 3603 5091 οόδενὶ
3654 5035 3919 5110 χρησίμῳ

2210 5127 2278 5179 τά
2326 5132 2431 5181 τῶν
2483 5128 2663 5181 πόνων
2712 5126 3041 5199 ὑπέστημεν.
3090 5125 3224 5188 Τοὺς
3275 5128 3377 5203 γὰρ
3421 5125 3619 5187 πόνους
3667 5125 3754 5180 διὰ
3817 5126 3917 5192 τήν

2210 5218 2315 5267 τῶν
2398 5218 2618 5289 καρπῶν
2703 5214 2969 5291 ὠφέλειαν
3049 5214 3337 5287 ὑπομένειν
3419 5212 3841 5288 καταδεχόμεθα
3907 5257 3919 5271 .

2208 5310 2315 5359 τῶν
2366 5304 2421 5358 δὲ
2467 5309 2689 5377 καρπῶν
2737 5312 2837 5373 τῆς
2905 5304 3115 5379 ἀγάπης
3176 5305 3224 5359 ἐν
3273 5308 3407 5377 ἡμῖν
3468 5306 3543 5377 μή
3604 5306 3924 5379 εὑρισκομέ-

2209 5416 2336 5465 νων,
2398 5395 2622 5468 περιττή
2701 5395 2916 5456 πάντως
2988 5397 3022 5463 ἡ
3102 5394 3336 5469 ἐργασία.
3395 5396 3557 5449 Ὢστε
3632 5390 3790 5448 οὐδὲν
3866 5396 3921 5449 οἳ

2208 5486 2450 5537 τοιοῦτοι
2521 5487 2627 5536 τῶν
2695 5482 2852 5537 πέντε
2920 5488 3118 5557 μωρῶν
3197 5480 3538 5555 διενηνόχασι
3614 5484 3898 5557 παρθένων

3904 5564 3919 5589 9
