4130 6286
308 450 432 513 857

1638 449 1871 510 LIBER
1913 450 2013 510 DE
2059 449 2484 511 OHATIONE.

148 39 2320 65 ———_——E~mmmciamma
2331 43 2338 54 ι
2397 51 2400 54 λ
2439 51 2442 54 .
2529 49 2534 52 -
2547 43 2552 46 -
2565 54 2568 56 .
2589 40 2670 58 ..κει-ις

707 83 718 92 \

3706 437 3826 498 858

308 580 502 646 α’ίτινες
535 581 624 640 διὰ
667 585 731 639 τὸ
777 585 852 656 μή
905 583 1137 639 ἐντεῦθεν
1188 578 1336 658 ἔχειν
1384 581 1437 638 ἐν
1486 589 1603 646 ταῖς
1656 580 1902 656 καρδίαις
1943 583 2007 637 τὸ

2125 584 2394 641 videnlur
2451 581 2718 638 homines
2771 580 3051 652 ejusmodi
3108 599 3138 635 ει
3196 579 3452 654 quinque
3519 576 3696 636 fatuis
3761 579 3823 632 in

1864 669 2007 726 ἐστὶν

309 760 512 833 ἀρετῶν
567 765 600 830 ἡ
661 761 747 816 διὰ
811 767 908 816 τοῦ
967 761 1279 835 Πνεύματος
1357 761 1614 837 ἐνέργεια,
1699 763 1879 837 μωραί
1950 783 2008 816 τε

309 850 725 923 ὠνομάσθησαν,
776 851 863 904 καὶ
922 849 1020 904 τοῦ
1069 848 1356 924 βασιλικοῦ
1413 857 1702 924 νυμφῶνος
1754 851 2004 912 ἐλεεινῶς

306 939 754 1010 ἀπεκλείσθησαν,
839 938 1009 1012 μηδὲν
1094 944 1191 995 τοῦ
1295 941 1583 1015 παρθενίας
1668 941 2006 1013 ἀπονοὶμεναι

303 1029 572 1101 καμάτου.
633 1033 836 1102 ’Ὠσπερ
895 1032 998 1104 γάρ
1059 1029 1109 1083 ἐν
1160 1033 1227 1102 τῇ
1285 1032 1383 1098 τῆς
1443 1029 1693 1103 ἀμπέλου
1751 1032 2005 1107 γεωργίᾳ,

303 1118 446 1173 πάσα
519 1117 806 1190 ἐπιμέλεια
880 1119 969 1172 καὶ
1026 1118 1190 1180 πόνος
1265 1115 1354 1174 διὰ
1426 1121 1526 1189 τὴν
1601 1124 1709 1174 τῶν
1787 1127 2007 1195 καρπῶν

301 1205 499 1262 ἐλπίδα
566 1203 1124 1282 προκαταὸἆλλεται·
1202 1213 1424 1283 καρπῶν
1486 1207 1543 1263 δὲ
1630 1211 1706 1282 μή
1757 1232 2002 1287 γεωργη-

304 1297 526 1364 Θέντων,
577 1297 752 1352 εἶκαία
804 1299 1017 1352 πάντων
1049 1299 1082 1366 ἠ
1143 1297 1368 1372 ἐργασία
1426 1295 1691 1354 δείκνυται
1735 1316 1749 1331 ⁸
1807 1301 2002 1369 οὕτως,

303 1386 349 1439 εἰ
419 1388 494 1459 μὴ
565 1383 655 1441 διὰ
710 1390 808 1450 τῆς
877 1385 1138 1461 ἐνεργείας
1204 1391 1302 1441 τοῦ
1375 1387 1687 1460 Ηνεύματος
1765 1390 2008 1465 καρποὺς

301 1477 538 1548 ἀγάπης,
571 1476 662 1530 καὶ
711 1475 935 1550 εἰρήνης
984 1477 1073 1532 καὶ
1121 1481 1296 1552 χαρᾶς
1345 1476 1435 1532 καὶ
1483 1482 1592 1532 τῶν
1643 1476 1877 1547 λοιπῶν,
1929 1481 2002 1532 ὧν

304 1565 333 1617 6
392 1562 726 1624 Ἀπόστολος
786 1565 1184 1640 ἀπηρίθμησεν,
1237 1564 1289 1619 ἐν
1347 1566 1558 1627 ἑαυτοῖς
1619 1566 1854 1640 ἴδοιμεν,
1915 1570 2004 1624 καὶ

307 672 672 744 πνευματικὸν
755 667 961 740 ἔλαιον,
1049 671 1182 744 ὅπερ
1265 675 1371 725 τῶν
1459 671 1762 745 εἰρημένων

303 1657 466 1707 τοῦτο
548 1657 686 1709 κατὰ
753 1654 1134 1734 πληροφορίαν
1211 1662 1381 1710 πᾶσαν
1468 1658 1558 1711 καὶ
1634 1661 2002 1731 πνευματικήν

303 1739 554 1811 αἴσθησιν
597 1740 948 1818 διομολογεῖν
1000 1741 1248 1820 ἔχοιμεν,
1298 1747 1548 1821 περιττὸς
1583 1748 1610 1800 ὁ
1659 1755 1758 1816 τῆς
1804 1751 2006 1823 παρθε-

301 1828 444 1899 νίας,
495 1831 670 1908 εὐχῆς
725 1852 782 1884 τε
828 1831 914 1884 καὶ
977 1829 1328 1904 ψαλμῳδίας.
1383 1834 1630 1903 νηστείας
1687 1838 1777 1890 καὶ
1830 1838 2002 1913 ἀγρυ-

2119 675 2275 732 nullo
2324 675 2552 729 differre
2610 672 2956 744 virginibus,
2991 688 3118 741 quae
3173 673 3410 737 idcirco,
3442 672 3594 741 quod
3646 671 3818 725 domo

2119 763 2355 820 allatum
2388 764 2448 817 in
2508 763 2632 818 suis
2685 763 2960 817 cordibus
3024 779 3134 816 non
3171 761 3497 816 habuerunt
3525 759 3818 830 spirituale

2116 854 2332 920 oleum,
2388 855 2538 924 quod
2596 856 2680 907 est
2748 852 2920 906 modo
2989 856 3460 919 memoratarum,
3528 866 3650 920 quae
3722 865 3820 917 per

2117 945 2396 1015 Spiritum
2447 949 2766 1009 exercetur,
2827 943 3083 1012 operatio
3167 943 3472 1007 virtutum,
3533 950 3584 995 et
3635 939 3826 994 fatua-

2117 1049 2247 1088 rum
2302 1031 2760 1088 nomenclatione
2810 1031 3080 1084 traducta:
3124 1037 3280 1094 sunt,
3315 1033 3370 1084 et
3413 1028 3566 1099 regio
3635 1026 3820 1082 thala-

2117 1140 2214 1178 mo
2281 1121 2686 1178 miserabiliter
2760 1118 3026 1186 exclusze,
3096 1119 3324 1173 nullum
3385 1125 3566 1172 nactae
3633 1133 3817 1186 operae

2115 1214 2370 1284 pretium
2455 1213 2757 1268 custoditis
2845 1209 3132 1266 laboriose
3211 1208 3582 1279 virginitatis.
3659 1207 3824 1262 Sicut

2115 1304 2268 1359 enim
2330 1303 2385 1358 in
2451 1304 2583 1358 vicre
2653 1301 2882 1356 cultura
2948 1300 3137 1354 omnis
3199 1299 3501 1371 diligentia
3540 1303 3595 1353 et
3633 1297 3820 1365 labor,

2117 1393 2412 1448 fructuum
2474 1393 2640 1447 unice
2720 1395 3079 1460 speratorum
3167 1407 3341 1444 causa
3421 1388 3822 1458 impenditur;

2118 1482 2271 1538 unde
2302 1483 2372 1536 iis
2420 1498 2530 1536 non
2593 1479 3086 1550 provenientibus,
3149 1479 3479 1532 frustranea
3537 1481 3649 1531 tota
3707 1477 3823 1530 ista

2117 1572 2294 1626 fuisse
2337 1569 2627 1626 contentio
2686 1571 3098 1634 monstratur;
3133 1566 3214 1620 ita
3271 1565 3382 1620 nisi
3443 1581 3542 1634 per
3576 1580 3825 1635 cperan-

2115 1670 2228 1716 tem
2292 1661 2349 1716 in
2419 1659 2586 1715 nobis
2649 1659 2934 1729 Spiritum
2989 1659 3210 1712 fructus
3251 1656 3576 1722 charitatis,
3640 1654 3819 1725 pacis,

2112 1750 2324 1822 gaudii,
2358 1754 2413 1804 et
2470 1749 2601 1802 illos
2661 1747 2917 1816 reliquos
2976 1745 3341 1801 enumerales
3408 1747 3477 1801 ab
3544 1743 3816 1814 Apostolo

2115 1844 2174 1897 in
2237 1840 2402 1896 nobis
2461 1838 2604 1909 ipsis
2653 1837 2956 1890 videamus
2987 1836 3030 1869 ⁵⁵
3066 1852 3079 1902 ;
3113 1841 3168 1891 et
3211 1836 3320 1890 hoc
3379 1834 3537 1890 omni
3595 1833 3823 1902 experi.

302 1917 462 1980 πνίας
510 1919 752 1990 κάματος
801 1917 1203 1979 ἀποδείκνυται.
1239 1923 1304 1979 Οἱ
1359 1924 1452 1994 μὲν
1500 1925 1601 1999 γὰρ
1652 1924 1806 1980 πόνοι
1853 1928 2002 1982 οὗτοι

302 2005 391 2029 .-μὶ
444 2003 670 2029 .__'_,.___,_
733 2008 822 2029 κει
883 2009 894 2029 ι
998 2015 1024 2026 ~
1181 2009 1193 2026 ε
1311 2015 1332 2024 υ
1443 2014 1451 2026 ι
1690 2011 1704 2029 9
1758 2015 1769 2029 ς
1823 2013 1868 2029 η
1936 2013 1980 2029 ιιι

2125 1928 2353 1986 mentali
2450 1926 2757 1990 evidentia,
2826 1940 3136 1993 sensusque
3218 1923 3578 1978 convictione
3643 1922 3825 1992 spiri—

302 2005 394 2059 καὶ
443 2003 676 2079 κάματοι
727 2008 824 2074 τῆς
871 2009 1057 2085 ψυχῆς
1107 2009 1197 2062 καὶ
1239 2015 1336 2064 τοῦ
1387 2014 1638 2084 σώματος
1685 2011 1769 2066 ἐπ’
1820 2013 2004 2070 ἐλπίδι

302 2102 682 2168 πνευματικῶν
763 2103 1008 2172 καρπῶν,
1083 2099 1264 2174 ὥσπερ
1338 2095 1568 2177 ἔφημεν,
1644 2101 2005 2161 ἐπιτελεῖσθαι

305 2185 616 2262 ὀφείλουσιν
666 2207 678 2220 ·
732 2189 765 2255 ἡ
817 2185 863 2240 δ’
911 2185 962 2241 ἐν
1008 2193 1126 2250 ταῖς
1182 2188 1400 2262 ἀρεταῖς
1455 2193 1824 2269 καρποφορία,
1887 2196 2010 2250 ἀπό-

309 2274 499 2338 λαυσίς
557 2276 667 2330 ἐστι
739 2276 1076 2348 πνεόματικὴ
1142 2280 1258 2351 μεθ’
1332 2277 1535 2350 ἡδονῆς
1608 2282 1880 2358 ἀφθάρτου
1955 2285 2006 2339 ἐν

307 2362 556 2438 καρδίαις
607 2372 824 2428 πισταῖς
878 2388 934 2421 τε
991 2370 1081 2422 καὶ
1138 2375 1434 2439 ταπειναῖς,
1497 2371 1601 2427 ὑπὸ
1671 2377 1766 2427 τοῦ
1846 2376 2008 2429 Πνεύ-

317 2474 483 2526 ματος
515 2453 844 2529 ἀπορῥήτως
891 2457 1256 2531 ἐνεργουμένη
1293 2477 1306 2492 ⁸
1359 2459 1498 2516 ὥστε
1529 2462 1582 2514 οἱ
1630 2463 1788 2517 πόνοι
1838 2465 1927 2520 καὶ
1960 2467 2010 2520 οἱ

310 2543 569 2614 κάματοι,
617 2545 797 2606 καθώς
849 2545 953 2600 εἶσι
1001 2546 1183 2614 πόνοι,
1223 2547 1391 2622 φημὶ,
1433 2549 1522 2602 καὶ
1571 2545 1810 2621 κάματοι
1857 2551 2011 2628 λογι-

315 2629 608 2699 ζέσθωσαν,
672 2633 762 2686 καὶ
822 2633 874 2687 οἱ
927 2633 1149 2708 καρποὶ,
1208 2635 1428 2708 καρποί.
1509 2638 1571 2693 Εἰ
1630 2636 1687 2694 δέ
1760 2661 1845 2702 τις
1925 2639 2014 2696 διὰ

311 2722 562 2792 γνώσεως
610 2719 812 2782 ἐνδείας
858 2724 957 2791 τήν
1023 2722 1270 2798 ἐργασίαν
1326 2725 1489 2781 αὐτοῦ
1537 2727 1626 2781 καὶ
1683 2729 1776 2783 τὸν
1833 2729 2009 2803 κάμα-

308 2831 404 2865 τον
437 2810 677 2886 καρποὺς
707 2816 803 2866 τοῦ
835 2813 1152 2886 Πνεύματος
1184 2816 1319 2870 εἶναι
1362 2818 1605 2891 νομίσει,
1640 2820 1717 2892 μὴ
1767 2819 2014 2897 ἆγγνοῶν

309 2899 550 2974 φαίνεται
633 2904 981 2977 ψυχαγωγεῖν
1061 2902 1248 2958 ἑαυτὸν
1331 2909 1834 2981 παρακρουόμενος,
1921 2909 2012 2964 καὶ

313 2989 568 3062 μεγάλων
601 2987 773 3051 ὅντως
813 2996 1034 3065 καρπῶν
1067 2997 1164 3047 τοῦ
1214 2994 1550 3068 Πνεύματος,
1584 2994 1670 3050 διὰ
1727 2999 1790 3052 τὸ
1841 2999 2012 3059 οὕτως

311 3075 480 3151 ἔχειν,
514 3079 850 3152 ἀποστερῶν.

2116 2021 2285 2076 tualis
2331 2019 2497 2090 plane
2559 2029 2902 2088 persuasum
2960 2015 3122 2070 fateri
3191 2031 3255 2068 ac
3326 2013 3580 2085 proﬁteri
3630 2011 3822 2066 valea-

2119 2129 2273 2176 mus,
2323 2112 2516 2166 irritus
2560 2119 2613 2165 et
2655 2108 2902 2164 utilitate
2958 2123 3160 2162 cassus
3215 2104 3402 2159 omnis
3450 2101 3823 2171 virginitatis,

2119 2201 2398 2256 orationis
2447 2205 2503 2254 et
2560 2199 2914 2269 psalmodiae,
2958 2194 3172 2266 jejunii
3217 2198 3275 2249 et
3333 2191 3662 2263 vigiliarum
3730 2191 3826 2244 de-

2121 2291 2502 2360 prehenditur
2557 2288 2738 2343 labor.
2809 2287 2892 2341 Illi
2954 2287 3108 2340 enim
3182 2283 3388 2338 animis
3455 2285 3512 2336 et
3566 2280 3825 2351 corporis

2119 2380 2348 2434 labores
2395 2395 2497 2449 spe
2545 2377 2940 2448 spiritualium
3001 2375 3291 2428 fructuum
3354 2371 3551 2442 perﬁci
3591 2369 3822 2434 debent,

2120 2471 2204 2525 uti
2235 2469 2510 2523 diximus.
2553 2471 2615 2521 In
2674 2465 2981 2520 virtutibus
3027 2468 3221 2517 autem
3252 2477 3376 2531 quae
3435 2459 3650 2514 dicitur
3706 2458 3829 2512 fru-

2121 2557 2416 2622 ctificatio,
2477 2554 2669 2610 fruitio
2722 2558 2810 2608 est
2867 2551 3188 2621 spiritualis
3241 2564 3374 2602 cum
3405 2546 3697 2616 voluptate
3736 2545 3829 2598 in-

2121 2643 2506 2716 corruptibili,
2555 2643 2615 2697 in
2660 2643 2932 2697 cordibus
2978 2641 3092 2694 fide
3161 2654 3226 2693 ac
3293 2637 3620 2691 humilitate
3685 2651 3829 2705 prie-

2121 2735 2258 2790 ditis
2298 2751 2330 2789 a
2367 2734 2585 2804 Spiritu
2653 2731 2804 2787 clam
2872 2727 3243 2785 ineffabiliter
3305 2728 3527 2782 effecta.
3567 2723 3825 2779 Seorsim

2122 2825 2316 2896 itaque
2363 2827 2707 2894 reputentur
2775 2825 2834 2876 et
2888 2819 3114 2874 labores
3153 2822 3210 2872 et
3249 2816 3492 2882 fructus,
3533 2818 3704 2885 prout
3768 2814 3828 2866 in

2123 2929 2187 2969 se
2216 2912 2445 2967 divisim
2482 2917 2643 2966 sunt.
2685 2910 2745 2964 Si
2787 2910 2918 2979 quis
2968 2923 3101 2962 vero
3150 2922 3252 2976 per
3298 2903 3649 2975 cognitionis
3679 2902 3837 2956 defe-

2122 3008 2300 3070 ctum,
2353 3000 2648 3072 propriam
2704 2998 3100 3068 Operationem
3173 2999 3232 3048 et
3275 2994 3558 3058 laborem,
3606 2993 3833 3046 fructus

2123 3090 2376 3160 Spiritus
2415 3105 2544 3144 esse
2601 3087 2934 3150 crediderit,
2975 3085 3024 3139 is
3085 3099 3185 3153 per
3227 3082 3620 3152 ignorantiam
3678 3079 3834 3132 vide-

311 3177 405 3223 tur
443 3186 505 3225 se
542 3169 732 3241 ipsum
773 3172 990 3228 lactare
1029 3176 1086 3227 et
1130 3171 1297 3228 I76
1332 3174 1618 3244 decipere,
1657 3193 1744 3238 ac,
1787 3178 1925 3232 dum
1968 3177 2046 3233 ita
2087 3194 2148 3232 se
2189 3177 2522 3232 adulatione
2561 3175 2731 3230 noxia
2771 3173 2971 3239 habet,
3012 3187 3140 3226 vere
3180 3170 3407 3240 magnis
3448 3166 3830 3237 semetipsum

311 3257 564 3328 Spiritus
595 3258 880 3314 fructibus
910 3262 1153 3330 privare.

391 3346 492 3419 ς’.
549 3349 754 3421 Ὥσπερ
808 3349 836 3402 6
910 3354 980 3422 τῇ
1037 3351 1276 3425 ἁμαρτίᾳ
1349 3350 1478 3407 ὅλον
1534 3354 1718 3410 ἐαυτὸν
1790 3350 2008 3410 ἔκδοτον

314 3437 759 3508 παρασχόμενος,
815 3437 883 3490 τὰ
954 3438 1102 3513 παρὰ
1157 3439 1311 3517 φύσιν
1381 3442 1522 3512 πάθη
1592 3451 1693 3512 τῆς
1766 3445 2010 3516 ἀτιμίας,

315 3523 589 3579 τουτέστιν
673 3524 978 3600 ἀσέλγειαν,
1060 3529 1335 3604 πορνείαν,
1423 3529 1754 3602 πλεονεξίαν,

313 3614 401 3668 καὶ
465 3610 646 3684 δόλον,
696 3615 784 3670 καὶ
839 3617 908 3670 τὰ
964 3614 1135 3672 λοιπά
1187 3625 1288 3688 τῆς
1344 3621 1536 3682 κακίας
1603 3621 2014 3694 ἐπιτηδεύματα

312 3699 366 3756 ἐν
418 3701 718 3759 ἀπολαύσει
771 3705 864 3759 καὶ
919 3702 1090 3781 ἡδονῇ
1149 3707 1223 3770 ὡς
1270 3709 1468 3786 φυσικά
1532 3714 2008 3786 καταπράττεται·

314 3788 488 3853 οὕτως
545 3793 573 3845 ὁ
630 3789 686 3846 ἐν
741 3792 976 3865 ἀληθείᾳ
1028 3795 1120 3848 καὶ
1177 3793 1486 3864 τελειότητι
1541 3801 1863 3873 Χριστιανὸς
1919 3799 2014 3865 ὢν,

309 3881 405 3942 τὰς
455 3879 646 3955 ἀρετὰς
693 3882 890 3950 πάσας,
937 3883 1028 3937 καὶ
1070 3883 1198 3946 τοὺς
1253 3887 1495 3962 καρποὺς
1548 3890 1644 3944 τοῦ
1703 3890 2014 3964 Πνεύματος

311 3969 548 4031 ἅπαντας
594 3969 721 4033 τοὺς
776 3973 907 4046 ὑπὲρ
956 3975 1054 4042 τήν
1108 3973 1282 4048 φύσιν,
1333 3978 1433 4045 τήν
1485 3976 1698 4050 ἀγάπην
1756 3978 2016 4048 δηλονότι

307 4057 397 4108 καὶ
440 4058 540 4124 τὴν
593 4057 842 4130 εἰρήνην,
881 4061 981 4128 τήν
1034 4061 1336 4134 ὑπομονήν,
1377 4065 1477 4132 τὴν
1527 4064 1731 4133 πίστιν,
1782 4068 1872 4121 καὶ
1916 4072 2015 4136 τήν

308 4142 660 4213 ταπείνωσιν,
694 4146 785 4199 καὶ
832 4151 934 4200 πᾶν
966 4148 1028 4201 τὸ
1079 4154 1322 4222 χρυσοῦν
1351 4146 1523 4212 ὅντως
1567 4154 1722 4226 γένος
1752 4161 1854 4223 τῆς
1895 4156 2020 4229 ἀρε-

313 4237 438 4299 τῆς,
473 4228 524 4285 ἐν
559 4231 860 4288 ἀπολαύσει
909 4233 1098 4309 πολλῇ
1129 4236 1220 4290 καὶ
1267 4235 1440 4312 ἡδονῇ
1480 4247 1842 4316 πνευματικῇ,
1872 4228 2018 4300 ἀπο-

313 4323 438 4391 νητὶ
467 4319 662 4378 λοιπὸν
704 4325 796 4378 καὶ
846 4321 1049 4401 ῥᾳδίως
1081 4326 1155 4388 ὡς
1202 4328 1400 4406 φυσικά
1455 4330 1686 4403 μέτεισιν
1721 4351 1736 4364 ⁸
1786 4333 1884 4388 οὐκ
1940 4330 2020 4390 ἔτι

313 4412 450 4486 πρὸς
477 4412 544 4467 τά
590 4415 736 4485 παθη
769 4420 870 4484 τῆς
919 4414 1108 4479 κακίας
1151 4413 1563 4493 διαμαχόμενος
1595 4440 1609 4453 ·
1662 4422 1753 4477 ἅτε
1799 4421 2024 4488 τελείως

316 4500 423 4556 ἀπὸ
499 4505 701 4578 Κυρίου
785 4503 1223 4581 λελυτρωμένος,
1299 4509 1389 4562 καὶ
1472 4508 1580 4564 ἀπὸ
1653 4515 1748 4566 τοῦ
1822 4511 2023 4587 ἀγαθοῦ

315 4591 632 4663 Πνεύματος
704 4594 806 4663 τήν
885 4593 1072 4665 ἐντελῆ
1148 4595 1246 4652 τοῦ
1323 4598 1558 4673 Χριστοῦ
1625 4601 1848 4674 εἰρήνην
1930 4605 2022 4658 καὶ

314 4679 644 4754 ἀγαλλίασιν
701 4682 754 4737 ἐν
814 4687 882 4757 τῇ
939 4683 1136 4762 καρδίᾳ
1193 4684 1500 4760 δεξάμενος.
1563 4690 1730 4753 Οὗτός
1795 4691 1934 4747 ἐστιν
1996 4695 2024 4747 6

317 4767 627 4838 κολληθεὶς
655 4777 733 4844 τῷ
766 4772 967 4848 Κυρίῳ,
997 4776 1087 4828 καὶ
1119 4776 1409 4850 γενόμενος
1441 4778 1515 4839 εἰς
1544 4777 1597 4832 ’ὲν
1626 4785 1854 4854 πνεῦμα.

2195 3356 2287 3414 Vl.
2318 3356 2392 3413 Ut
2465 3356 2564 3428 qui
2642 3359 2875 3426 peccato
2951 3356 3136 3406 totum
3193 3364 3254 3406 se
3304 3349 3499 3419 ipsum
3563 3346 3826 3402 deditum

2122 3447 2374 3515 exhibet,
2427 3453 2696 3500 naturam
2777 3443 3188 3497 inbonorantes
3279 3436 3614 3509 ignominiaa
3702 3452 3829 3504 pas-

1853 3540 2009 3608 μῖσος
2042 3519 2084 3586 C
2125 3538 2338 3599 siones,
2373 3538 2480 3592 hoc
2537 3539 2626 3589 est
2680 3532 3126 3604 impudicitiam,
3193 3527 3654 3594 fornicationem,
3695 3541 3830 3579 ava-

2125 3627 2343 3694 ritiam,
2400 3625 2622 3690 odium,
2688 3623 2908 3689 dolum,
2965 3625 3022 3676 et
3079 3619 3301 3690 reliqua
3333 3616 3566 3671 malitiae
3633 3615 3831 3669 studia

2125 3734 2258 3773 cum
2337 3715 2611 3769 fruitione
2691 3729 2757 3768 ac
2831 3710 3123 3780 voluptate
3190 3713 3466 3775 tanquam
3542 3703 3832 3759 naturalia

2125 3811 2384 3872 exercet;
2417 3806 2500 3859 sic
2557 3802 2654 3874 qui
2714 3817 2844 3855 vere
2892 3815 2960 3854 ac
3012 3798 3259 3869 perfecte
3308 3793 3677 3850 Christianus
3717 3795 3830 3858 est,

2125 3899 2370 3954 virtutes
2406 3909 2608 3951 omnes
2654 3896 2711 3948 et
2759 3892 2978 3948 fructus
3029 3887 3304 3958 Spiritus,
3357 3884 3457 3956 qui
3515 3900 3692 3954 supra
3723 3898 3832 3937 na-

2128 3989 2320 4040 turam
2380 3987 2538 4048 sunt,
2568 3980 2854 4046 videlicet,
2917 3977 3278 4042 cbaritatem,
3327 3988 3550 4042 pacem,
3607 3971 3835 4042 patien-

2131 4074 2290 4140 tiam,
2323 4074 2520 4137 fidem,
2554 4069 2969 4133 humilitatem,
2999 4071 3054 4120 et
3099 4079 3272 4119 omne
3328 4076 3515 4133 genus
3572 4075 3705 4114 vere
3735 4076 3831 4113 au-

2131 4178 2294 4217 reum
2334 4157 2980 4228 virtutis,jucunditate
3028 4154 3210 4209 multa
3259 4156 3316 4207 et
3370 4150 3668 4220 voluptate
3718 4149 3842 4218 spi-

2133 4248 2348 4313 rituali,
2383 4249 2452 4303 de
2482 4250 2686 4304 caetero
2717 4246 2842 4300 sine
2875 4243 3070 4298 labore
3121 4257 3187 4295 ac
3218 4236 3408 4305 facile,
3442 4242 3508 4291 ut
3544 4234 3840 4290 naturalia

2130 4339 2501 4408 exsequitur;
2553 4351 2669 4390 non
2732 4335 2857 4404 jam
2929 4335 3129 4386 contra
3201 4325 3497 4398 passiones
3563 4323 3835 4393 nequitiae

2132 4430 2477 4498 depugnans
2503 4443 2516 4492 ;
2543 4427 2745 4495 utpote
2775 4420 2874 4493 qui
2909 4420 3160 4492 perfecte
3191 4433 3226 4472 a
3259 4415 3501 4470 Domino
3534 4412 3835 4473 liberatus,

2132 4526 2186 4573 et
2225 4533 2259 4571 a
2298 4515 2450 4570 bono
2504 4513 2721 4584 Spiritu
2792 4509 3027 4582 plenam
3104 4505 3549 4574 absolutamque
3623 4500 3840 4556 Christi

2138 4622 2336 4676 pacem
2381 4611 2435 4660 et
2487 4599 2930 4658 exsultationem
2971 4597 3031 4651 in
3071 4597 3243 4651 corde
3284 4593 3527 4664 adeptus
3558 4590 3649 4649 sit.
3683 4588 3840 4644 Talis

2131 4701 2219 4752 est
2258 4695 2460 4749 intime
2519 4702 2690 4762 atque
2756 4687 3052 4742 individue
3135 4684 3381 4739 Domino
3427 4681 3748 4744 adhaerens,
3781 4683 3840 4734 et

2131 4788 2191 4843 in
2234 4802 2416 4841 unum
2450 4799 2580 4838 cum
2615 4799 2680 4837 eo
2700 4780 2944 4836 coalitus
2974 4777 3268 4848 spiritum.

382 4860 456 4912 Ζ’.
514 4857 648 4956 Ἰζοδς
704 4863 872 4956 μήπω
923 4859 1251 4936 δυναμένους
1305 4865 1484 4936 ἄκρως
1547 4873 1628 4939 τῷ
1675 4876 1776 4939 τῆς
1831 4875 2012 4946 ψυχῆς

2211 4875 2326 4932 Vll.
2361 4873 2503 4942 Illis,
2536 4873 2636 4942 qui
2668 4870 2925 4926 nondum
2983 4866 3175 4922 valent
3219 4862 3290 4918 ob
3336 4861 3643 4917 ruditatem
3681 4856 3841 4913 velut

314 4938 476 5016 ἔρωτι
536 4942 625 4999 διά
682 4950 992 5020 νηπιότητα
1058 4953 1281 5016 ἑαυτοὺς
1361 4955 1665 5030 ἐπιτρέπειν
1703 4938 1738 4989 '7
1792 4938 2020 5024 τόύτδυς

311 5034 411 5100 τήν
496 5034 792 5109 ὑπηρεσίαν
870 5044 979 5094 τῶν
1057 5038 1307 5120 ἀδελφῶν
1384 5047 1500 5116 μετ’
1576 5044 1863 5113 εὐλαϐείας
1933 5052 2022 5105 καὶ

316 5123 573 5192 πίστεως,
648 5121 822 5202 φόϐου
900 5150 960 5183 τε
1039 5131 1206 5202 θείου,
1281 5133 1669 5206 καταδέξασθαι
1739 5141 1874 5214 χρὴ,
1947 5141 2020 5201 ὡς

317 5217 450 5268 Θεοῦ
508 5211 730 5288 ἐντολῇ,
784 5216 872 5270 καὶ
932 5217 1007 5280 ὡς
1065 5228 1417 5294 πνευματικῷ
1486 5211 1778 5299 πράγματι⁷
1848 5226 2023 5282 διακο-

316 5302 615 5376 νουμένους
648 5323 661 5337 ’
721 5303 850 5360 ἀλλ’
905 5307 1012 5381 οὐχ
1069 5311 1142 5371 ὡς
1189 5314 1314 5385 παρ’
1369 5313 1668 5387 ἀνθρώπων
1734 5317 1943 5389 μισθὸν,
1984 5318 2020 5386 ἢ

315 5395 504 5467 τιμὴν,
554 5395 644 5448 καὶ
703 5395 1051 5471 εὐχαριστίαν
1112 5399 1646 5476 προσδοκωμένους·
1710 5405 1855 5478 μηδὲ
1913 5407 2021 5462 δόν-

315 5485 658 5570 τας-χώραν
743 5486 890 5549 ὅλως
963 5491 1284 5564 γογγυσμῷ,
1362 5491 1395 5561 ἢ
1473 5492 1925 5570 ὑψηλοφροσύνῃ,
1984 5497 2020 5566 ἢ

316 5567 544 5656 ἀμελείᾳ
602 5575 691 5628 καὶ
755 5574 1052 5650 χαυνότητι
1089 5597 1101 5610 ’
1173 5579 1251 5641 ὡς
1307 5581 1384 5653 μὴ
1465 5583 1528 5636 τὸ
1599 5567 1801 5656 ἀγαθὸν
1861 5567 2023 5640 τοῦτο

316 5654 476 5736 ἔργον
535 5662 862 5720 σπιλοῦσθαι
938 5667 1026 5722 καὶ
1103 5669 1579 5750 παραφθείρεσθαι,
1640 5654 1727 5728 διὰ
1795 5672 1851 5730 δὲ
1921 5683 2021 5746 τῆς

383 5749 431 5785 ⁵⁸
458 5751 582 5808 Gal.
613 5770 666 5822 ν,
699 5756 786 5809 22.

2142 4964 2458 5036 quamdam
2493 4961 2771 5028 infantia,
2805 4975 2866 5013 se
2911 4960 3063 5011 totos
3103 4953 3366 5009 addicere
3397 4947 3579 5005 amori
3609 4960 3840 5001 summo

2131 5054 2336 5110 animae
2399 5052 2533 5106 nisu
2592 5047 2933 5114 exercendo,
2977 5043 3260 5105 convenit,
3295 5055 3357 5097 se
3394 5039 3555 5109 ipsos
3613 5036 3841 5107 impen-

2132 5145 2266 5200 dere
2310 5140 2629 5196 ministerio
2675 5139 2940 5196 fratrum,
2975 5133 3176 5190 sedulo
3225 5130 3373 5186 illud
3421 5146 3487 5186 ac
3533 5143 3665 5184 cum
3725 5126 3838 5179 ﬁde

2131 5235 2456 5303 timoreque
2503 5227 2696 5284 divino
2746 5225 3163 5294 amplectenda,
3190 5226 3472 5292 tanquam
3523 5217 3622 5272 Dei
3673 5231 3837 5270 man-

2130 5324 2263 5379 dato
2294 5321 2352 5374 in
2399 5318 2628 5389 negotio
2677 5313 2960 5386 spirituali
3010 5313 3428 5382 obsequentes;
3465 5325 3578 5362 non
3637 5309 3834 5359 autem

2131 5412 2203 5466 ab
2251 5408 2588 5465 hominibus
2636 5406 2983 5469 mercedem,
3038 5406 3139 5458 aut
3194 5401 3496 5461 honorem,
3556 5396 3658 5448 aut
3712 5407 3837 5461 gra-

2130 5500 2342 5554 tiarum
2395 5498 2679 5553 actionem
2747 5497 3187 5565 exspectantes;
3240 5506 3344 5545 nec
3393 5487 3596 5540 dantes
3641 5480 3838 5534 locum

2132 5587 2370 5643 omnino
2403 5585 2592 5642 ullum
2644 5582 3110 5648 murmurationi,
3144 5575 3450 5648 superbiae,
3478 5566 3839 5640 negligentia!

2129 5681 2186 5734 et
2255 5677 2512 5750 torpori;
2573 5691 2644 5732 ne
2693 5675 2912 5732 bonum
2971 5671 3120 5727 istud
3189 5682 3336 5738 opus
3396 5656 3677 5718 maculari
3741 5660 3842 5710 aut

3723 6035 3856 6117 ,ἐν
