4130 6286
328 382 444 441 859

1673 372 1735 432 S.
1785 367 2109 431 MACARll
2154 364 2498 426 xEGYPTII

3728 365 3879 424 860

327 516 619 585 corrumpi
651 515 975 584 contingat:
1012 514 1106 567 sevi
1154 526 1250 581 per
1301 510 1568 578 pietatem
1604 508 1796 581 potius
1850 507 2028 578 impi-

2146 500 2429 564 εὐλαϐείας
2487 499 2721 574 μᾶλλον,
2780 502 2869 555 καὶ
2925 505 3025 555 τοῦ
3086 498 3281 577 φόϐου,
3340 500 3427 555 καὶ
3500 508 3602 570 τῆς
3671 505 3872 576 χᾶρας

325 623 481 678 gram
516 623 645 660 cum
682 606 779 659 Dei
814 605 1017 657 timore
1067 605 1123 655 et
1165 598 1338 653 alacri
1391 598 1584 653 laetitia
1636 598 2029 669 conjunctam,

325 702 553 767 gratum
589 696 737 749 idem
774 698 1196 762 acceptumque
1230 689 1341 743 Deo
1376 690 1495 745 fiat.

400 785 541 841 Vlll.
605 789 786 839 Tanta
851 781 1211 836 humanitate
1273 786 1325 833 et
1404 778 1656 833 bonitate
1713 780 1765 847 (0
1826 777 2031 831 divinae

329 876 387 931 in
429 892 535 931 nos
587 873 995 929 misericordiae
1054 869 1335 932 viscera!)
1380 868 1612 923 demisit
1670 884 1732 923 se
1790 867 1858 921 ad
1894 882 2030 920 con-

328 966 637 1020 sulendum
692 962 1028 1017 hominibus
1081 960 1386 1023 Dominus,
1419 968 1478 1014 ut
1501 958 1702 1013 sedulo
1735 958 1844 1011 hoc
1876 960 2029 1026 agat,

328 1070 399 1109 ne
429 1056 734 1125 quisquam
787 1051 917 1107 boni
962 1051 1151 1121 operis
1195 1049 1452 1104 mercede
1511 1063 1608 1118 per
1664 1046 2030 1115 suam‘incu-

327 1144 473 1197 riam
531 1142 863 1207 fraudetur;
897 1142 995 1195 sed
1031 1157 1064 1194 a
1124 1139 1315 1208 parvis
1370 1138 1438 1191 ad
1494 1137 1743 1205 majores
1785 1136 2027 1189 virtutes

325 1242 564 1289 cunctos
593 1233 760 1304 quasi
808 1232 1155 1300 quibusdam
1203 1228 1480 1299 gradibus
1531 1227 1823 1298 provehat,
1857 1226 1937 1280 ita
1970 1230 2031 1278 ut

326 1340 395 1379 ne
424 1324 703 1394 porrectio
749 1320 986 1391 quidem
1041 1320 1240 1373 calicis
1291 1334 1452 1388 aquae
1497 1317 1718 1387 frigidae
1770 1315 2031 1370 mercede

325 1411 573 1467 caritura
606 1412 699 1465 sit.
737 1410 888 1464 Dixit
937 1408 1091 1461 enim
1130 1424 1142 1460 :
1179 1406 1284 1473 Qui
1332 1406 1532 1459 dederit
1580 1406 1815 1459 calicem
1880 1419 2032 1474 aquae

324 1502 543 1571 frigidae
581 1505 799 1553 tantum
859 1500 915 1551 in
972 1499 1194 1550 nomine
1233 1495 1515 1563 discipuli,
1546 1508 1706 1547 amen
1736 1493 1853 1546 dico
1884 1492 2033 1545 vobis

325 1607 433 1645 non
481 1589 662 1660 perdet
722 1590 1015 1642 mercedem
1065 1603 1222 1640 suam
1267 1585 1335 1639 ⁵⁸.
1367 1585 1432 1638 Et
1474 1598 1673 1637 rursus
1707 1599 1719 1636 :
1754 1585 1819 1635 In
1858 1598 2031 1651 quan-

326 1690 439 1735 tum
489 1681 590 1733 uni
637 1679 733 1733 hoc
787 1677 996 1747 fecistis
1050 1676 1187 1730 mihi
1218 1676 1418 1746 fecistis
1466 1672 1535 1730 ⁵⁷.
1587 1673 1913 1726 Dummodo
1941 1687 2029 1725 se-

328 1772 584 1825 cundum
634 1771 815 1823 Deum
876 1768 991 1834 tiat,
1026 1768 1179 1837 quod
1228 1769 1409 1832 litget
1465 1781 1577 1819 non
1623 1773 1851 1835 propter
1919 1762 2033 1816 lau-

325 1862 455 1916 dem
508 1861 824 1914 humanam
886 1859 1020 1921 ﬁat;
1056 1854 1323 1925 adjunxit
1388 1854 1541 1909 enim
1593 1869 1606 1907 :

324 1953 551 2005 nomine
599 1948 879 2017 discipuli,
915 1947 1021 2002 hoc
1076 1952 1184 2012 est,
1217 1963 1283 2000 ex
1338 1944 1656 2001 reverentia
1714 1949 1769 1999 et
1839 1958 2032 1997 amore

330 2039 560 2092 Christi.
613 2038 757 2091 Nam
802 2037 889 2100 iis,
934 2036 1033 2106 qui
1084 2035 1493 2089 ostentationis
1536 2033 1720 2105 gratia
1766 2049 1882 2087 rem
1929 2032 2031 2085 bo—

329 2144 461 2182 nam
486 2134 903 2197 exsequuntur,
938 2125 1370 2195 reprehendens
1420 2124 1725 2186 Dominus,
1769 2124 1827 2175 et
1865 2136 2030 2175 asse-

323 2217 613 2271 veratione
638 2223 793 2269 certa
827 2216 1172 2269 sententiam
1198 2211 1577 2274 conﬁrmans,
1612 2208 1912 2278 subjungit
1950 2209 2032 2261 di-

326 2320 459 2359 cens
499 2320 511 2358 :
544 2305 709 2359 Amen
732 2303 845 2358 dico
892 2302 1041 2358 vobis
1090 2304 1405 2371 receperunt
1446 2298 1747 2354 mercedem
1775 2313 1935 2351 suam
1962 2297 2029 2351 ⁸⁸.

400 2393 492 2447 IX.
526 2393 882 2462 Simplicitas
920 2397 1083 2446 'ante
1169 2390 1301 2455 alia,
1361 2393 1415 2443 et
1484 2392 1689 2442 mutua
1752 2385 2031 2453 charitas,

328 2490 378 2538 et
410 2483 711 2553 gaudium,
748 2487 802 2535 et
861 2480 1160 2535 humilitas
1201 2480 1438 2533 omnino
1496 2482 1771 2547 tanquam
1828 2475 2031 2530 funda-

328 2578 589 2627 mentum
642 2572 1097 2625 substernantur
1143 2569 1200 2623 in
1277 2568 1656 2633 fraternitate,
1718 2581 1791 2620 ne
1856 2581 2032 2636 super

329 2677 434 2715 nos
483 2660 731 2714 invicem
784 2658 936 2727 elati,
980 2663 1036 2712 et
1070 2674 1221 2711 unus
1280 2660 1351 2712 de
1405 2657 1516 2711 alio
1575 2660 2027 2722 murmurantes,

329 2748 593 2804 inutilem
654 2748 821 2803 nobis
882 2748 1137 2802 laborem
1198 2747 1532 2801 etticiamus.
1580 2747 1728 2816 Ergo
1777 2761 1881 2800 nec
1935 2743 2032 2814 qui

328 2838 455 2892 sine
522 2838 958 2892 intermissione
1017 2837 1286 2907 perdurat
1345 2836 1401 2889 in
1470 2834 1848 2901 orationibus,
1902 2832 2031 2887 ideo

327 2944 389 2983 se
452 2944 548 2997 per
619 2928 1007 2998 arrogantiam
1061 2926 1301 2981 extollat
1360 2942 1533 2996 supra
1583 2940 1741 2992 eum,
1781 2923 1882 2995 qui
1924 2922 2030 2978 hoc

324 3018 510 3074 facere
536 3033 648 3074 non
682 3021 909 3089 potest;
944 3033 1130 3087 neque
1161 3016 1260 3087 qui
1309 3015 1633 3070 ministerio
1694 3030 1753 3069 se
1784 3012 2025 3080 addixit,

323 3108 391 3163 de
441 3108 562 3177 illo,
618 3108 714 3180 qui
765 3108 1014 3164 orationi
1066 3112 1254 3172 vacat,
1305 3112 1652 3162 murmurat.
1707 3104 1929 3161 Etenim
1979 3108 2029 3160 si

323 3200 612 3267 ejusmodi
677 3198 1022 3268 simpliciter
1052 3216 1115 3253 ac
1175 3198 1328 3253 bona
1395 3197 1778 3268 dispositione
1846 3195 2027 3251 animi

1665 1853 1894 1906 Tantum
1970 1850 2031 1905 in
2064 1889 2110 1953 B

2142 589 2533 667 εὐπρόσδεκτον
2565 590 2644 663 τῷ
2675 594 2793 661 Θεῷ
2822 590 3081 665 γίνεσθαι.

2217 776 2292 828 H'.
2354 773 2596 847 Τοσαότῃ
2656 772 3038 853 φιλανθρωπίᾳ
3093 773 3536 849 καίᾶγαθότητι
3592 772 3667 846 (ὢ
3741 778 3865 827 τῶν

2144 864 2299 916 θείων
2374 861 2695 937 σπλέγχνων
2754 863 2877 937 περὶ
2937 865 3145 935 ἠμᾶςέ)
3213 859 3517 937 συγκατέϐη
3589 868 3703 925 τοῖς
3764 865 3865 918 ἀν-

2144 952 2387 1023 θρώποις
2448 953 2474 1005 ὁ
2527 952 2741 1024 Κύριος,
2803 952 2963 1005 τοῦτο
3022 954 3563 1027 πραγματευόμενος,
3621 954 3683 1007 τὸ
3738 975 3867 1025 μη-

2145 1037 2266 1093 δένα
2324 1036 2481 1113 ἔργου
2543 1042 2746 1117 ἀγαθοῦ
2810 1042 3002 1112 μισθὸν
3056 1038 3302 1113 παριδεῖν
3335 1062 3347 1075 υ
3399 1040 3526 1096 ἀλλ’
3585 1042 3688 1096 ἀπὸ
3737 1046 3859 1096 τῶν

2146 1135 2357 1203 μικρῶν
2399 1130 2485 1184 ἐπὶ
2534 1132 2627 1191 τὰς
2679 1131 2897 1201 μείζους
2942 1135 3051 1185 τῶν
3103 1133 3329 1205 ἀρετῶν,
3387 1133 3593 1195 πάντας
3642 1131 3867 1207 ἀναγα-

2141 1225 2301 1293 γεῖν·
2353 1220 2415 1273 τὸ
2479 1217 2618 1290 μηδὲ
2665 1221 2928 1294 ποτήριον
2988 1223 3205 1294 ψυχροῦ
3266 1218 3459 1283 ὕδατος
3529 1222 3861 1293 ἀποστερεῖν

2142 1308 2490 1370 ἀντιδόσεως.
2555 1306 2755 1382 Εἴρηκε
2826 1310 2977 1385 γάρ·
3036 1312 3130 1372 Ὃς
3193 1310 3254 1365 ἃν
3321 1312 3517 1386 ποτίσῃ
3575 1314 3857 1387 ποτήριον

2141 1404 2359 1473 ψυχροῦ
2445 1398 2609 1470 μόνον
2692 1398 2767 1460 εἰς
2849 1396 3020 1471 ὄνομα
3108 1403 3375 1471 μαθητοῦ,
3455 1403 3601 1473 ἀμὴν
3697 1400 3859 1476 λέγω

2148 1489 2299 1559 ὑμῖν,
2377 1488 2439 1542 οὐ
2521 1490 2598 1560 μὴ
2674 1488 2935 1544 ἀπολέσει
3004 1490 3095 1542 τὸν
3173 1492 3365 1561 μισθὸν
3467 1490 3677 1545 αὐτοῦ·
3759 1493 3858 1546 καὶ

2143 1576 2341 1638 αὖθις’
2442 1580 2559 1653 Ἐφ’
2663 1576 2788 1633 ὅσον
2876 1577 2952 1632 ἐνὶ
3045 1581 3207 1633 τοῦτο
3299 1578 3613 1650 ἐποιήσατε,
3720 1580 3855 1653 ἐμοὶ

2142 1666 2449 1737 ἐποιήσατε.
2508 1668 2680 1723 Μόνον
2741 1668 2877 1723 κατὰ
2933 1669 3062 1723 Θεὸν
3120 1671 3182 1723 τό
3248 1672 3552 1744 γινόμενον,
3612 1671 3702 1726 καὶ
3771 1674 3851 1745 μὴ

2139 1758 2273 1811 κατὰ
2363 1756 2515 1827 δόξαν
2590 1760 2842 1833 γινέσθω,
2909 1760 3213 1832 προσέθηκε
3296 1762 3445 1835 γάρ’
3528 1763 3693 1832 μόνον
3771 1763 3856 1824 εἰς

2141 1843 2314 1919 ὄνομα
2367 1849 2612 1921 μαθητοῦ
2645 1864 2659 1879 °
2708 1849 2951 1903 τουτέστι
3001 1844 3155 1921 φόϐῳ
3192 1850 3282 1902 καὶ
3331 1849 3511 1925 ἀγάπῃ
3553 1854 3801 1925 Χριστοῦ
3829 1870 3847 1885 ο

2142 1943 2257 1999 τοῖς
2331 1938 2433 2013 γὰρ
2518 1935 2895 2001 ἐπιδεικτικῶς
2978 1939 3040 1991 τὸ
3120 1939 3316 2013 ἀγαθὸν
3418 1944 3661 2011 μετιοῦσι
3756 1941 3849 1995 καὶ

2148 2030 2494 2101 μεμφόμενος
2555 2028 2582 2081 ὁ
2646 2027 2860 2101 Κύριος,
2922 2028 3187 2105 ἀποφάσει
3249 2028 3439 2104 βεβαίᾳ
3510 2031 3603 2084 τὸν
3678 2030 3855 2105 λόγον

2143 2118 2583 2194 ἂσφαλιζόμενος
2649 2115 2855 2193 ἐπάγει,
2917 2118 3133 2193 λέγων’
3215 2119 3387 2192 Ἀμὴν
3459 2119 3608 2195 λέγω
3668 2121 3798 2193 ὑμῖν
3833 2141 3847 2153 ·

2142 2206 2408 2283 ἀπέχουσι
2436 2206 2528 2260 τὸν
2560 2206 2751 2277 μισθὸν
2784 2206 2981 2264 αὐτῶν.

2212 2384 2284 2437 Θ’.
2348 2387 2408 2438 Ἠ
2472 2381 2721 2449 ἁπλότης
2791 2384 2897 2453 πρὸ
2948 2387 3054 2437 τῶν
3107 2381 3293 2437 ἄλλων
3364 2385 3453 2438 καὶ
3513 2386 3547 2453 ἡ
3625 2384 3851 2461 ἀφέλεια

2140 2473 2230 2527 καὶ
2288 2473 2321 2541 ἡ
2378 2492 2513 2545 προς
2572 2471 2858 2541 ἀλλήλους
2911 2472 3120 2547 ἀγάπη,
3154 2472 3242 2525 καὶ
3291 2473 3458 2548 χαρὰ,
3527 2475 3617 2528 καὶ
3660 2475 3852 2531 ταπεί-

2140 2581 2327 2628 νωσις,
2378 2560 2437 2616 ἐκ
2483 2562 2683 2623 παντὸς
2732 2562 2961 2635 τρόπου,
3023 2559 3203 2636 ὥσπερ
3252 2582 3335 2623 τις
3404 2562 3659 2635 θεμέλιος
3723 2565 3854 2620 ὓπο-

2142 2646 2529 2721 6ε6λήσθωσαν
2600 2652 2652 2705 ἐν
2710 2655 2777 2723 τῇ
2848 2650 3202 2727 ἀδελφότητι,
3261 2650 3352 2705 ’ίνα
3427 2653 3502 2725 μή
3584 2653 3851 2723 ἀλλήλων

2138 2742 2616 2815 κατεπαιρόμενοι,
2690 2740 2781 2795 καὶ
2838 2740 3361 2816 καταγογγύζοντες,
3418 2742 3673 2810 ἀνόνητον
3748 2745 3847 2798 τὸν

2141 2834 2381 2905 κάματον
2432 2829 2827 2904 ἀποδείξωμεν.
2879 2831 2976 2886 Καὶ
3026 2833 3162 2905 μήτε
3195 2833 3221 2886 ὁ
3270 2828 3624 2893 ἀδιαλείπτως
3662 2852 3831 2905 προσ-

2140 2927 2413 2996 καρτερῶν
2460 2926 2579 2981 ταῖς
2638 2921 2849 2995 εὐχαῖς,
2897 2926 2994 2975 τοῦ
3057 2922 3131 2994 μὴ
3184 2922 3328 2976 οὕτω
3388 2928 3560 2977 ποιεῖν
3608 2920 3832 2994 δυναμέο

2138 3034 2230 3068 νου
2314 3012 2769 3085 κιιτεπαιρέσθω⁹
2858 3014 2995 3083 μήτε
3076 3013 3103 3066 ὁ
3183 3016 3250 3086 τῇ
3332 3010 3577 3085 διακονίᾳ
3655 3013 3845 3068 ἑαυτὸν

2139 3099 2409 3170 ἐκδιδοὺς,
2466 3105 2564 3155 τοῦ
2622 3104 2690 3173 τῇ
2748 3098 3032 3175 προσευχῇ
3092 3099 3461 3175 σχολάζοντος
3515 3121 3841 3180 καταγογγυ-

2143 3193 2322 3259 ζέτω’
2386 3191 2462 3251 ὡς
2522 3189 2575 3244 εἷ’
2621 3210 2681 3264 γε
2744 3192 2878 3261 μετὰ
2934 3195 3195 3260 τοιαύτης
3263 3190 3579 3261 ἁπλότητός
3640 3211 3697 3246 τε
3755 3195 3843 3248 καὶ

322 3264 457 3358 erga
498 3304 559 3343 se
620 3264 863 3343 invicem
924 3288 1111 3342 affecti
1174 3264 1584 3357 fuerint,quod
1660 3284 1922 3341 abundat
1968 3284 2026 3339 in

2143 3279 2428 3341 διαθέσεως
2479 3279 2757 3350 ἀλλήλοις
2815 3279 3229 3357 προσφέροιντο,
3274 3283 3489 3356 γίνηται
3542 3283 3605 3338 τὸ
3663 3285 3845 3357 περίτ-

323 3381 757 3446 perseveranter
842 3377 1171 3443 orantibus,
1242 3376 1591 3430 redundabit
1675 3375 1734 3429 in
1802 3374 2035 3444 supple-

324 3467 586 3518 mentum
639 3465 789 3533 ejus,
851 3466 1005 3533 quod
1059 3465 1535 3518 ministrantibus
1595 3464 1797 3518 deest:
1857 3463 2030 3518 vicis-

324 3553 553 3622 simque
583 3553 631 3607 si
686 3553 825 3623 quid
876 3553 1266 3607 lucrabuntur
1313 3553 1731 3618 ministrantes,
1780 3552 2031 3621 explebit

322 3640 382 3693 in
418 3656 530 3710 quo
586 3640 857 3694 deficient
906 3639 1106 3694 attenti
1155 3641 1537 3695 orationibus.
1571 3641 1651 3694 Ex
1708 3655 1818 3710 qua
1874 3656 2031 3695 com-

332 3729 677 3800 pensatione
742 3728 1044 3799 aequalitas
1129 3730 1320 3799 magis
1405 3730 1635 3784 videtur
1702 3732 2027 3784 conservari

326 3834 513 3889 posse,
548 3834 799 3889 congrue
858 3820 925 3873 ad
971 3817 1111 3873 illud
1150 3836 1163 3873 :
1202 3819 1399 3889 Neque
1441 3820 1540 3889 qui
1569 3819 1808 3873 multum
1839 3820 2027 3875 habuit

324 3906 645 3975 abundavit,
678 3924 850 3978 neque
874 3910 972 3978 qui
1001 3924 1221 3979 parum,
1251 3908 1520 3977 defectum
1550 3912 1720 3963 sensit
1748 3909 1810 3963 ‘9.

394 3999 540 4052 177
580 3998 652 4053 Χ.
686 3998 849 4053 Tunc
884 4000 946 4051 ﬁt
994 3998 1092 4053 Dei
1124 3998 1389 4054 voluntas
1447 3999 1587 4053 sicut
1643 3999 1703 4054 in
1732 3999 1866 4055 mlo
1896 4001 2027 4055 etin

320 4094 471 4144 terra
492 4087 562 4152 ⁸ο,
595 4089 850 4159 quando,
885 4095 951 4143 ut
1007 4088 1227 4143 dictum
1272 4094 1378 4154 est,
1413 4105 1526 4142 non
1564 4090 1728 4144 nobis
1782 4091 2025 4143 invicem

321 4194 434 4234 non
479 4176 951 4249 praetulerimus;
1001 4180 1231 4248 quando
1277 4194 1389 4233 non
1443 4179 1634 4233 solum
1680 4179 1803 4233 sine
1847 4195 2028 4233 aemu-

318 4268 551 4334 latione,
579 4269 676 4323 sed
715 4272 772 4322 et
810 4284 942 4322 cum
992 4272 1196 4323 mutua
1251 4268 1605 4323 exhibitione
1636 4268 2027 4337 simplicitatis

320 4361 375 4412 et
410 4358 735 4427 charitatis,
780 4356 1214 4427 alacritatisque
1258 4357 1397 4411 laete
1470 4357 1713 4411 connexi
1777 4357 2023 4411 invicem

321 4446 623 4512 fuerimus,
657 4460 1002 4517 unoquoque
1052 4448 1143 4502 sui
1212 4448 1468 4503 vicissim
1531 4447 1777 4519 proximi
1835 4448 2027 4516 profe-

319 4542 479 4594 ctum
539 4537 693 4591 velut
744 4538 1067 4610 proprium,
1101 4539 1595 4609 quemadmodum
1656 4554 1759 4608 par
1783 4542 1871 4593 est
1904 4555 1917 4605 ;
1951 4538 2024 4592 si-

2134 3390 2308 3443 τευμα
2381 3372 2488 3423 τῶν
2554 3375 2673 3431 ταῖς
2752 3367 2939 3444 εὐχαῖς
3014 3369 3534 3446 ἐμπαραμενόντων,
3607 3369 3696 3427 ἐπὶ
3779 3375 3840 3429 τὸ

2140 3457 2416 3533 ὑστέρημα
2476 3460 2584 3514 τῶν
2674 3457 3068 3515 διακονούντων
3104 3481 3117 3495 ο
3195 3460 3284 3515 καὶ
3357 3460 3511 3523 αὖθις
3588 3465 3650 3518 τὸ
3732 3468 3841 3519 τῶν

2138 3547 2542 3603 διακονούντων
2584 3546 2916 3622 περίσσευμα
2976 3547 3063 3602 ἐπί
3120 3550 3183 3604 τὸ
3224 3550 3507 3624 ὑστέρημα
3562 3552 3671 3607 τῶν
3726 3557 3842 3614 ταῖς

2137 3638 2327 3713 εὐχαῖς
2387 3637 2771 3712 σχολαζόντων
2815 3656 2828 3669 ·
2880 3640 2971 3692 καὶ
3041 3634 3191 3694 οὕτω
3260 3638 3475 3711 μᾶλλον
3537 3642 3571 3709 ἡ
3633 3641 3839 3711 ἰσότης,

2136 3728 2273 3782 κατά
2329 3728 2391 3781 τὸ
2466 3728 2778 3801 εἰρημένον,
2855 3729 3106 3805 φαίνηται
3184 3730 3467 3803 σωζομένη
3507 3750 3521 3763 ·
3605 3732 3702 3801 ὣς,
3780 3733 3840 3787 τὸ

2136 3816 2279 3873 πολὺ
2330 3816 2429 3871 οὐκ
2500 3818 2835 3871 ἐπλεόνασε·
2906 3818 2997 3871 καὶ
3066 3818 3138 3881 ὡς
3206 3820 3287 3889 τὸ,
3348 3819 3411 3874 τὸ
3487 3819 3679 3896 ὀλίγον
3745 3821 3840 3876 οὐκ

2135 3910 2169 3976 ἠ
2180 3906 2408 3977 λαττόνη
2418 3925 2519 3962 σεν.

2210 3999 2264 4053 l'.
2312 3995 2447 4051 Τότε
2488 3998 2692 4069 γίνεται
2740 3998 2800 4051 τὸ
2848 4000 2945 4052 τοῦ
2996 3999 3130 4053 Θεοῦ
3175 3996 3393 4071 θέλημα
3439 3999 3513 4061 ὡς
3567 3999 3621 4054 ἐν
3673 4001 3839 4072 οὖρα-

2135 4094 2213 4160 νῷ
2268 4089 2357 4142 καὶ
2410 4087 2495 4140 ἐπὶ
2552 4094 2651 4156 τῆς
2705 4095 2827 4162 γῆς,
2889 4087 3012 4143 ὅταν
3073 4091 3173 4163 μὴ,
3233 4089 3415 4162 ὥσπερ
3469 4088 3703 4162 εἴρηται,
3734 4089 3833 4145 ἀλ-

2137 4176 2327 4247 λήλων
2385 4178 2857 4251 κατεπαιρὼμεθα,
2918 4178 3043 4234 ὅταν
3099 4181 3172 4251 μή
3235 4179 3395 4253 μόνον
3448 4180 3621 4251 ζήλου
3667 4181 3836 4255 χωρὶς

2135 4262 2282 4323 ἀλλά
2329 4267 2420 4321 καὶ
2470 4268 2788 4337 ἁπλότητος
2828 4270 2880 4321 ἐν
2937 4272 3149 4343 μετοχῇ
3201 4269 3291 4323 καὶ
3350 4270 3565 4344 ἀγάπης
3617 4270 3834 4345 εἰρήνης

2134 4376 2191 4413 τε
2248 4358 2336 4411 καὶ
2397 4362 2569 4435 χαρᾶς
2638 4359 2975 4430 συνημμένοι
3035 4358 3203 4432 ὦμεν,
3263 4356 3539 4429 ἀλληλοις
3594 4360 3687 4429 τὴν
3738 4363 3828 4415 τοῦ

2136 4446 2372 4517 πλησίον
2423 4449 2703 4521 προκοτήν
2760 4444 2927 4515 ἰδίαν,
2984 4450 3059 4510 ὡς
3112 4447 3254 4517 δέον,
3324 4450 3414 4503 καὶ
3472 4452 3571 4517 τήν
3628 4450 3823 4504 ἐκείνου

2137 4534 2421 4611 ὑστέρησιν
2480 4536 2679 4607 ζημίαν
2732 4538 2934 4592 ἑαυτῶν
3000 4536 3375 4615 λογιζόμενοι,
3421 4542 3508 4594 καὶ
3560 4542 3625 4610 τῇ
3680 4536 3813 4613 εὐχῇ

319 4627 653 4699 militerque
707 4627 949 4683 alterius
1021 4629 1332 4694 defectum,
1386 4627 1674 4697 jacturam
1731 4630 2022 4698 propriam

2143 4625 2390 4701 ὀκνηρὸς,
2442 4626 2531 4681 καὶ
2589 4630 2656 4699 τῇ
2718 4626 2960 4699 διακονίᾳ
3002 4631 3110 4682 τῶν
3152 4625 3405 4706 ἀδελφῶν
3448 4627 3530 4682 καὶ
3578 4623 3625 4679 ἐν
3668 4626 3819 4699 ὶτέρα

317 4721 621 4787 reputante
656 4732 669 4771 :
704 4724 970 4772 caeterum
1033 4717 1089 4771 in
1142 4717 1403 4772 oratione
1462 4717 1639 4786 piger,
1690 4717 1908 4788 quique
1966 4717 2024 4771 in

320 4806 647 4860 ministerio
692 4805 936 4861 fratrum
985 4810 1085 4861 aut
1124 4822 1294 4877 opere
1339 4805 1475 4871 alio,
1510 4807 1661 4876 quod
1705 4806 2023 4861 secundum

318 4883 501 4939 Deum
552 4889 636 4951 ﬁt,
678 4886 954 4954 languide
1007 4893 1063 4941 et
1112 4888 1474 4958 negligenter
1520 4895 1805 4955 versatus,
1848 4903 1913 4941 ac
1950 4889 2023 4943 ab

316 4974 591 5045 Apostolo
644 4977 801 5047 piger
845 4979 1062 5031 diserte
1113 4984 1371 5044 vocatus,
1407 4979 1533 5048 ipso
1591 4993 1823 5048 quoque
1880 4994 2025 5048 pane

315 5063 595 5135 indignus
630 5068 1062 5133 pronuntiatur.
1100 5065 1252 5121 Dixit
1294 5068 1444 5121 enim
1485 5083 1497 5121 :
1549 5067 1657 5132 Qui
1712 5080 1824 5121 non
1876 5068 2027 5124 labo-

316 5161 424 5223 rat,
453 5172 551 5210 nec
586 5154 875 5210 manducet
906 5156 990 5210 διε
1052 5156 1120 5210 Et
1177 5156 1315 5210 alibi
1350 5173 1363 5211 :
1405 5159 1595 5227 Pigros
1650 5163 1833 5212 autem
1890 5158 2025 5213 Deus

314 5248 451 5300 odit.
490 5247 563 5301 Et
596 5264 608 5301 :
648 5248 810 5317 Piger
848 5263 947 5301 nec
976 5247 1157 5315 ﬁdelis
1187 5262 1298 5302 esse
1325 5254 1515 5318 potest.
1576 5248 1644 5302 Et
1701 5249 2023 5319 Sapientia:

316 5336 542 5392 Multam
602 5339 879 5393 malitiam
937 5337 1119 5392 docuit
1162 5340 1384 5392 otioitas
1418 5338 1485 5391 δε.
1517 5339 1799 5394 Convenit
1846 5339 2026 5411 igitur

314 5428 1244 5499 unumquemque,qualecunque
1292 5444 1459 5498 opus,
1500 5429 1655 5499 quod
1694 5429 1793 5485 Dei
1847 5444 2025 5486 causa

2137 4714 2202 4785 δή
2270 4737 2400 4786 τινι,
2446 4711 2586 4789 ἔργῳ
2642 4720 2722 4787 τῷ
2776 4717 2912 4770 κατά
2963 4717 3091 4771 Θεὸν
3148 4719 3418 4791 γινομένῳ
3476 4714 3684 4792 χαύνως
3737 4713 3825 4769 καὶ

2131 4804 2353 4878 ἀμελῶς
2405 4803 2766 4877 διακείμενος,
2818 4806 2976 4868 οὗτος
3024 4807 3127 4861 ἀπὸ
3165 4808 3261 4862 τοῦ
3295 4807 3632 4863 Ἀποστόλου
3672 4806 3829 4881 ἀργὸς

2134 4892 2438 4969 διαρρήδην
2470 4893 2829 4967 καλούμενος,
2866 4892 3030 4949 αὒτοῦ
3078 4900 3173 4951 τοῦ
3225 4894 3390 4971 ἄρτου
3435 4897 3651 4966 ἀνάξιος
3702 4895 3828 4950 εἶναι

2131 4982 2605 5061 καταψηφίζεταιο
2685 4982 2868 5057 εἴρηκε
2947 4984 3049 5058 γάρ
3085 5003 3098 5017 ⁸
3187 4989 3243 5039 '0
3320 4983 3375 5039 δὲ
3461 4984 3628 5059 ἀργὸς
3699 4981 3830 5057 μηδὲ

2133 5072 2351 5127 ἐσθιέτω
2386 5090 2399 5103 ·
2461 5072 2551 5126 καὶ
2610 5070 2907 5150 ἀλλαχοῦ’
2969 5072 3101 5136 Τοὺς
3159 5072 3215 5129 δὲ
3270 5074 3467 5150 ἀργοὺς
3525 5074 3675 5128 καὶὸ
3710 5074 3830 5134 Θεὸς

2262 5168 2280 5179 η
2460 5162 2474 5182 ‘
2582 5164 2594 5183 ε
2722 5162 2735 5179 Ἴ
2826 5162 2878 5197 ε,
2982 5161 2996 5181 ,
3420 5164 3447 5183 Ὗ
3645 5163 3659 5183 Ι

2138 5181 2304 5235 μισει.
2390 5181 2503 5230 και,
2599 5169 2638 5215 Ο
2712 5181 2876 5236 αργο..
2943 5163 3067 5217 ουδὲ
3135 5180 3323 5224 πιστος
3398 5184 3532 5217 ειναι
3600 5161 3827 5221 δυναται.

2133 5251 2241 5307 Καὶ
2327 5251 2501 5327 Σοφία
2555 5264 2568 5282 ⁸
2658 5248 2885 5317 Πολλὴν
2970 5252 3182 5320 κακίαν,
3271 5250 3395 5327 ἔφη,
3482 5250 3714 5323 ἐδίδαξεν
3796 5254 3825 5321 ἡ

2134 5337 2318 5413 ἀργία.
2382 5341 2653 5412 Προσήκεί
2724 5345 3008 5415 τοιγαροῦν
3084 5339 3305 5395 ἕκαστον
3360 5342 3554 5397 ὁποῖον
3632 5340 3827 5414 δήποτε

2135 5428 2294 5503 ἔργον
2357 5431 2493 5484 κατὰ
2552 5429 2680 5484 Θεὸν
2735 5429 3021 5503 γινόμενον
3079 5437 3458 5511 καρποφορεῖν,
3518 5433 3608 5489 καὶ
3665 5452 3826 5490 σπουο

387 5620 777 5703 “_l}iatt_h._x,
806 5626 909 5703 _{i2.
990 5626 1034 5661 ⁵⁷
1071 5627 1276 5703 Matth.
1318 5642 1445 5699 xxv,
1489 5624 1577 5683 40.
1654 5622 1698 5663 ⁵⁸
1736 5628 1938 5685 Matth.
1978 5642 2028 5684 v1

2143 5673 2149 5686 .
2225 5629 2270 5666 "
2326 5624 2504 5687 Exod.
2559 5644 2673 5703 xvt,
2718 5632 2803 5690 18.
2881 5632 2929 5670 ⁸ο
2976 5634 3175 5693 Matth.
3224 5651 3300 5691 v1.
3347 5629 3405 5692 6.
3479 5630 3524 5671 σί
3568 5630 3592 5690 Ι
3630 5634 3825 5693 Thess.

317 5710 403 5764 ιιι,
443 5696 530 5751 10.
605 5695 651 5730 ⁸³
689 5697 863 5754 Eccli.
904 5716 1103 5767 xxxiii,
1143 5700 1229 5757 29.
