4130 6286
240 397 367 461 861

240 531 425 595 Satio;
455 530 548 587 κᾶν
626 533 712 611 ὑφ’
770 533 845 588 ἑνὶ
902 538 1011 589 τῶν
1065 535 1278 608 ἀγαθῶν
1329 531 1686 606 διατίθεσθαι,
1733 534 1821 590 ’ίνα
1883 557 1926 607 μη

2079 531 2236 594 facit,
2306 529 2597 586 fructuosa
2681 545 2910 600 agere:

240 623 318 676 τὸ
377 620 624 695 παράπαν
692 619 936 695 ἄκαρπος
1015 623 1422 696 εὑρισκόμενος,
1505 623 1808 698 ἀμέτοχος,
1891 621 1967 685 εἷς

242 711 395 766 ἅπαν
427 709 514 765 καὶ
545 714 652 764 τῶν
687 709 920 766 αίωνίων
955 712 1170 787 ἀγαθῶν
1200 713 1436 788 γένηται.

331 891 437 946 ῙΑ’.
496 890 639 963 Πρὸς
703 890 830 952 τοὺς
888 890 1139 968 λέγοντας
1197 889 1458 948 ἀδύνατον
1521 893 1653 946 εἶναι
1720 895 1818 960 τῆς
1874 912 1960 946 τεο

246 978 552 1049 λειότητος
617 979 915 1057 ἐφικέσθαι,
983 983 1072 1036 καὶ
1140 989 1238 1051 τῆς
1325 983 1543 1052 είσαπαξ
1634 980 1960 1056 ἀπαλλαγῆς

238 1069 364 1124 τῶν
420 1072 627 1137 παθῶν,
691 1071 736 1124 εί
802 1071 892 1125 καὶ
955 1079 1054 1141 τῆς
1124 1074 1416 1146 μετουσίας
1473 1074 1563 1127 καὶ
1618 1072 1962 1146 πληρώσεως

235 1163 349 1213 τοῦ
415 1159 619 1233 ἀγαθοῦ
683 1166 874 1234 τυχεῖν
944 1161 1281 1234 Πνεόματος,
1337 1163 1628 1238 ἀναγκαῖον
1696 1163 1796 1230 τήν
1854 1164 1960 1217 ἀπὸ

235 1254 357 1304 τῶν
417 1249 575 1304 θείων
630 1255 856 1328 Γραφῶν
917 1252 1212 1325 μαρτυρίαν
1264 1252 1581 1328 ἐπενεγκεῖν,
1644 1253 1731 1306 καὶ
1792 1251 1957 1322 δεῖξαι

231 1344 430 1400 κακῶς
465 1337 676 1402 εἰδότας
709 1339 925 1408 αὐτοὺς,
974 1338 1185 1414 ψευδῶς
1233 1361 1292 1395 τε
1343 1337 1456 1413 ἅμα
1502 1342 1592 1395 καὶ
1642 1340 1955 1420 ἐπισφαλῶς

233 1427 510 1506 λέγοντας
545 1446 557 1459 ·
597 1431 811 1484 Γίνεσθε
867 1431 996 1505 γὰρ,
1057 1433 1222 1508 φησὶν
1279 1431 1306 1484 ὁ
1369 1430 1587 1505 Κύριος,
1651 1433 1742 1485 καὶ
1802 1433 1957 1505 ὑμεῖς

231 1515 475 1590 τέλειοι,
543 1519 616 1582 ὡς
675 1520 702 1572 ὁ
761 1522 946 1594 Πατὴρ
1004 1520 1192 1592 ὑμῶνό
1243 1520 1490 1596 οὐράνιος
1548 1519 1760 1582 τέλειός
1819 1522 1952 1575 ἐστι’

231 1607 339 1660 καὶ
398 1606 638 1677 παντελῆ
694 1609 1041 1684 καθαρότητα
1087 1607 1176 1666 διὰ
1221 1609 1430 1665 τούτων
1491 1610 1792 1684 σημαίνων·
1840 1612 1952 1680 καὶ,

234 1695 406 1751 Θελω
461 1695 558 1752 ’ίνα
604 1698 740 1753 ὅπου
787 1697 903 1772 εἷμὶ
955 1699 1066 1773 ἐγὼ
1114 1699 1203 1755 καὶ
1259 1700 1410 1754 οὗτοι
1464 1699 1566 1754 ὦσι
1622 1703 1735 1773 μετ’
1794 1700 1951 1774 ἐμοῦ,

226 1782 334 1839 ’ίνα
411 1787 656 1859 θεωρῶσι
719 1788 818 1855 τὴν
897 1785 1053 1860 δόξαν
1126 1791 1224 1858 τήν
1303 1788 1440 1860 ἐμήν
1483 1833 1493 1844 .
1590 1793 1768 1844 Ταῦτα
1856 1794 1952 1844 τοῦ

224 1873 534 1947 εἰρηκότος
603 1874 757 1930 εἷ’σίν·
837 1881 892 1931 '0
973 1875 1199 1950 οὐρανὸς
1277 1880 1368 1933 καὶ
1437 1882 1470 1948 ἡ
1541 1886 1610 1955 γῆ
1685 1877 2026 1973 παρελεόοΒ

225 1983 413 2035 σεται,
480 1965 531 2018 ol
599 1962 656 2019 δὲ
724 1964 886 2038 λόγοι
959 1987 1064 2039 μου
1142 1966 1204 2021 οὐ
1275 1969 1349 2040 μή
1417 1968 1791 2045 παρέλθφωσι³
1859 1968 1948 2022 καὶ

217 2053 290 2108 τὸ
390 2056 486 2108 τοῦ
573 2053 954 2110 Ἀποστόλου⁸
1045 2057 1158 2112 Ἵνα
1243 2058 1678 2130 παραστήσωμεν
1780 2059 1949 2113 πάντα

216 2142 530 2216 ἄνθρωπον
595 2142 803 2198 τέλειον
865 2144 916 2198 ἐν
980 2147 1224 2217 Χριστῷ.
1308 2146 1406 2201 Καὶ
1481 2148 1590 2202 τὸ·
1651 2146 1831 2222 Μέχρι
1891 2145 1948 2201 δὲ

214 2235 664 2305 καταντήσωμεν
767 2235 818 2288 οἱ
911 2234 1103 2296 πάντες
1185 2235 1262 2297 εἷς
1357 2236 1454 2304 τήν
1535 2237 1766 2306 ἑνότητα
1848 2239 1946 2305 τῆς

211 2321 494 2388 πίστεως,
553 2320 641 2376 καὶ
703 2327 802 2392 τῆς
862 2321 1201 2397 έπιγνώσεως
1259 2327 1355 2379 τοῦ
1425 2322 1554 2378 Υἱοῦ
1611 2328 1706 2379 τοῦ
1789 2330 1944 2394 Θεοῦ,

165 2410 305 2480 ⁴είς
379 2408 548 2486 ἄνδρα
603 2411 836 2482 τέλειον,
899 2413 976 2475 εἰς
1039 2415 1236 2488 μέτρον
1323 2413 1547 2484 ἡλικίας
1621 2416 1716 2471 τοῦ
1793 2417 1944 2488 πλη-

219 2503 494 2579 ρώματος
548 2504 645 2557 τοῦ
704 2505 958 2578 Χριστοῦ,
1041 2503 1116 2565 είς
1174 2504 1370 2559 ταυτὸν
1431 2504 1599 2583 φέρει.
1669 2505 1828 2563 Οὕτω
1887 2505 1945 2562 δὲ

219 2593 368 2666 πρὸς
423 2595 524 2660 τὴν
589 2589 912 2664 τελειότητα
971 2594 1296 2669 ἀφορῶντας
1382 2591 1664 2668 συμϐαίνει
1727 2594 1821 2650 δύο
1877 2597 1944 2651 τὰ

219 2681 508 2739 κάλλιστα
555 2681 818 2757 γίνεσθαι,
871 2682 1125 2739 σόντονόν
1176 2701 1234 2739 τε
1287 2684 1376 2738 καὶ
1427 2682 1788 2740 ἀδιάπαυστον
1848 2686 1939 2740 τὸν

223 2771 423 2848 ἀγῶνα
470 2765 696 2846 ἔχοντας
727 2771 803 2834 είς
850 2771 913 2828 τὸ
964 2773 1131 2848 πέρας
1171 2770 1408 2840 διώκειν,
1464 2770 1552 2828 διὰ
1594 2775 1693 2842 τήν
1745 2773 1941 2830 ἐλπίδα

222 2859 395 2916 τοῦδε
450 2865 548 2917 τοῦ
610 2862 831 2937 μέτρου,
889 2864 1060 2940 φημὶ,
1118 2863 1207 2918 καὶ
1255 2871 1354 2932 τῆς
1397 2859 1712 2926 ἀναϐάσεως
1747 2865 1939 2942 ’τύφῳ

220 2969 284 3005 τε
333 2950 408 3022 μὴ
469 2949 808 3022 ἁλίσκεσθαι,
876 2951 1024 3008 ἀλλὰ
1083 2957 1518 3031 μετριοφρονεῖν,
1560 2955 1647 3008 καὶ
1713 2954 1942 3028 μικροὺς

221 3038 457 3102 ἑαυτοὺς
513 3040 768 3115 ἡγεῖσθαι
820 3038 909 3096 διὰ
963 3043 1062 3109 τὴν
1127 3048 1296 3115 μήπω
1353 3046 1450 3096 τοῦ
1505 3041 1716 3097 τελείου
1770 3063 1939 3097 κατα-

226 3128 430 3196 λῆψιν.

303 3219 407 3274 IB'.
465 3218 525 3272 Οἱ
592 3221 758 3274 ταῦτα
819 3217 1084 3294 λέγοντες,
1139 3219 1320 3296 φησὶν,
1371 3217 1430 3274 ἐκ
1494 3224 1658 3294 τριῶν
1721 3218 1938 3294 τρόπων

1595 401 1828 462 LIBER
1869 398 1976 460 DE
2020 392 2446 456 ORATIONE.

3661 400 3779 460 862

2966 549 3031 587 ac
3113 531 3474 606 diligentiam
3536 537 3781 593 cuilibet

2073 621 2285 677 actioni
2320 622 2482 675 bona:
2514 620 2870 691 impendere,
2925 639 2995 678 ne
3045 628 3321 694 tanquam
3377 626 3774 682 infructuosus

2070 713 2304 767 omnino
2356 717 2639 781 repertus,
2691 713 2848 766 omni
2893 729 3130 782 prorsus
3170 715 3618 786 participatione
3656 719 3768 772 bo-

2070 818 2280 856 norum
2315 806 2662 857 aeternorum
2695 803 3057 860 excludatur.

2138 891 2234 946 XI.
2269 891 2611 947 Dicentibus
2661 892 2782 946 ﬁeri
2831 909 2942 947 non
2997 910 3184 964 posse,
3239 900 3300 951 ut
3334 897 3506 952 homo
3541 900 3606 952 ad
3652 915 3772 969 per-

2068 981 2374 1035 fectionem
2409 981 2715 1051 pertingal,
2765 986 2821 1037 et
2869 984 2938 1037 ad
2974 983 3200 1052 plenam
3252 985 3654 1042 liberationem
3701 990 3772 1043 ab

2069 1070 2409 1138 affectibus;
2444 1071 2703 1141 itemque
2732 1073 3235 1143 participationem
3265 1081 3322 1130 et
3363 1075 3762 1146 impletionem

2065 1158 2202 1214 boni
2235 1159 2504 1230 Spiritus,
2539 1175 2775 1215 necesse
2806 1171 2890 1216 est
2921 1178 3212 1232 opponere
3246 1164 3576 1219 testimonia
3620 1166 3769 1220 divi-

2067 1264 2272 1303 narum
2318 1249 2780 1320 Scripturarum,
2815 1255 3231 1322 ostendereque
3261 1259 3317 1308 et
3346 1269 3538 1308 errore
3559 1255 3772 1309 mentis

2061 1336 2258 1393 labore
2306 1339 2482 1407 ipsos,
2517 1344 2574 1392 et
2603 1338 2746 1394 falso
2794 1355 2860 1395 ac
2894 1341 3217 1410 periculose
3250 1343 3426 1412 loqui.
3476 1345 3571 1398 Ait
3609 1345 3766 1398 enim

2061 1427 2384 1482 Dominus:
2426 1430 2605 1483 Estotc
2650 1433 2700 1482 et
2742 1445 2832 1482 vos
2875 1433 3136 1499 perfecti,
3187 1434 3325 1486 sicut
3385 1433 3555 1487 Pater
3593 1441 3771 1488 vester

2059 1515 2287 1572 caelestis
2315 1518 2591 1589 perfectus
2639 1522 2719 1572 est
2756 1518 2821 1572 ⁸³.
2875 1519 3111 1574 Plenam
3164 1521 3610 1592 absolutamque
3665 1540 3769 1594 pu-

2060 1608 2289 1661 ritatem
2361 1623 2462 1678 per
2556 1607 2676 1661 haec
2753 1609 3035 1664 indicans.
3113 1610 3178 1664 Et
3240 1626 3255 1666 ;
3334 1612 3477 1675 Volo,
3552 1618 3610 1666 ut
3669 1613 3768 1666 ubi

2058 1712 2178 1750 sum
2217 1713 2335 1766 ego,
2385 1704 2436 1751 et
2481 1696 2540 1750 hi
2577 1698 2692 1751 sint
2748 1713 2981 1767 mecum,
3054 1705 3117 1754 ut
3178 1699 3394 1754 videant
3453 1701 3762 1756 claritatem

2057 1799 2234 1840 meam
2265 1785 2330 1842 ⁸⁸.
2361 1790 2488 1841 Haec
2546 1787 2801 1842 affirmat
2832 1787 2901 1855 is,
2953 1789 3053 1858 qui
3096 1787 3237 1843 alias
3270 1790 3518 1844 dixerit:
3555 1791 3757 1845 Cretum

2057 1880 2107 1930 et
2145 1883 2298 1931 terra
2347 1878 2657 1932 transibunt
2698 1878 2764 1944 ⁸⁸,
2811 1883 2918 1932 etc.
2971 1879 3183 1933 Eodem
3237 1885 3460 1950 spectat
3506 1887 3563 1935 ct
3613 1881 3752 1935 illud

2057 1965 2364 2036 Apostoli:
2414 1968 2480 2024 Ut
2535 1967 2893 2022 exhibeamus
2948 1983 3161 2022 omnem
3228 1969 3506 2024 hominem
3565 1971 3757 2040 per/e-

2057 2061 2201 2108 ctum
2235 2056 2293 2109 in
2335 2055 2552 2110 Christo
2601 2054 2666 2110 ⁸⁸.
2712 2056 2857 2112 Illud
2904 2071 3137 2127 quoque
3185 2058 3358 2112 Donec
3407 2073 3753 2113 occurramus

2057 2161 2238 2200 omnes
2287 2147 2349 2200 in
2396 2145 2668 2201 unitatem
2739 2146 2890 2215 ﬁdei,
2954 2153 3007 2202 et
3069 2149 3368 2217 agnitionis
3441 2149 3567 2203 Filii
3634 2149 3751 2215 Dei,

2055 2237 2115 2289 in
2152 2237 2335 2290 virum
2365 2237 2686 2306 perfectum,
2736 2237 2796 2289 in
2834 2249 3146 2291 mensuram
3177 2238 3359 2292 aetatis
3388 2238 3754 2308 plenitudinis

2059 2321 2260 2380 Christi
2287 2323 2357 2391 ⁸⁷,
2389 2324 2541 2380 idem
2574 2324 2800 2381 suadet.
2839 2324 3011 2381 Porro
3035 2326 3132 2397 qui
3182 2327 3590 2398 perfectionem
3633 2346 3750 2399 prae

2055 2415 2241 2470 oculis
2308 2415 2547 2482 habent,
2614 2415 2729 2469 illis
2796 2417 2908 2471 duo
2960 2418 3220 2487 quaedam
3273 2420 3754 2487 praestantissima

2053 2507 2281 2561 evenire
2333 2506 2635 2577 contingit.
2695 2507 2972 2561 Summus
3029 2524 3093 2562 ac
3141 2507 3476 2563 irremissus
3515 2514 3751 2564 conten-

2052 2593 2228 2655 tionis
2259 2595 2428 2650 ardor
2459 2596 2516 2650 in
2549 2595 2742 2665 ipsum
2789 2597 3035 2667 apicem,
3079 2613 3180 2666 spe
3231 2597 3405 2668 hujus
3437 2615 3744 2664 mensurae,

2053 2697 2287 2738 cursum
2323 2684 2380 2738 in
2427 2683 2791 2740 ascendendo
2826 2685 3243 2756 persequendi;
3297 2691 3353 2742 et
3384 2692 3446 2742 ut
3477 2689 3750 2760 superbia

2051 2788 2121 2828 ne
2150 2774 2485 2843 capiantur;
2539 2774 2641 2829 sed
2691 2776 2918 2829 modice
2966 2775 3036 2830 de
3082 2791 3142 2831 se
3190 2777 3464 2843 sentiant,
3529 2781 3584 2832 et
3631 2777 3748 2833 exi-

2049 2875 2196 2933 guos
2227 2878 2289 2918 se
2318 2863 2669 2929 existiment,
2719 2863 2994 2935 quoniam
3029 2865 3441 2936 perfectionem
3477 2867 3745 2922 nondum

2053 2953 2353 3008 consecuti
2385 2956 2543 3008 sunt.

2120 3221 2249 3277 XII.
2303 3221 2409 3286 Qui
2463 3239 2528 3277 ea
2565 3221 2899 3292 'proferunt,
2949 3220 3135 3276 tribus
3185 3221 3372 3277 modis
3431 3224 3748 3281 maximum

226 3307 333 3375 τήν
404 3305 663 3382 μεγίστην
728 3273 906 3380 ψυχῇ.
959 3273 1320 3382 περίάτίτουσί
1413 3273 1626 3382 βλάίόηήν
1661 3327 1672 3341 ’
1723 3275 1926 3382 τίρῶτοι

2124 3273 2248 3277 ηη-
2311 3273 2408 3286 ν-
2469 3273 2526 3277 η
3186 3273 3369 3277 m__.-
3431 3273 3748 3281 ---ψη---.η

2053 3311 2263 3367 animae
2292 3314 2574 3368 damnum
2608 3313 2949 3383 important,
2988 3311 3241 3378 primum
3285 3312 3542 3384 quidem,
3594 3316 3751 3386 quod

230 3395 360 3468 μὲν,
421 3394 506 3449 ὅτι
559 3399 678 3458 ταῖς
740 3396 1118 3458 θεοπνεύστοις
1177 3397 1456 3475 φαίνονται
1534 3394 1940 3459 διαπιστοῦντες

220 3491 489 3562 Γραφαῖς·
561 3487 654 3541 εἶθ’
715 3488 797 3542 δτι
855 3489 944 3543 τὸν
1006 3488 1228 3561 μείζονά
1281 3509 1340 3544 τε
1403 3491 1492 3544 καὶ
1570 3486 1778 3544 τέλειον
1859 3489 1936 3561 μὴ

215 3574 662 3650 προστησάμενοι
757 3577 856 3631 τοῦ
945 3581 1380 3651 Χριστιανισμοῦ
1464 3579 1704 3648 σκοπὸν,
1800 3575 1938 3650 μηδὲ

210 3664 357 3740 πρὸς
433 3663 636 3721 ἐκεῖνον
734 3666 927 3742 φθάσαι
1017 3667 1499 3742 κατατεινόμενοι,
1593 3668 1759 3723 πόνον
1845 3666 1934 3721 καὶ

215 3753 484 3824 σπονδήν,
551 3759 733 3812 πεῖνάν
785 3775 842 3812 τε
890 3757 980 3811 καὶ
1032 3755 1189 3833 δίψαν
1234 3765 1334 3828 τῆς
1385 3757 1734 3830 δικαιοσύνης
1783 3755 1934 3834 ἔχειν

211 3845 276 3902 οὗ
342 3841 592 3901 δύνανται
634 3867 646 3880 ’
681 3845 829 3903 ἀλλᾶ
884 3852 1002 3908 τυῖς
1060 3847 1344 3925 ἐξωτέροις
1403 3851 1653 3923 σχήμασί
1710 3869 1769 3904 τε
1842 3849 1932 3903 καὶ

213 3933 398 4004 ἤθεσι,
463 3935 552 3989 καὶ
622 3935 833 4009 ὀλίγοις
890 3935 1000 3991 τισὶ
1075 3939 1492 4011 κατορθώμασιν
1575 3936 1934 4014 ἐμπληροφο-

219 4021 506 4095 ρούμενοι,
577 4023 671 4090 τῆς
736 4021 1003 4097 μακαρίας
1066 4022 1310 4096 ἐλπίδος,
1384 4025 1474 4080 καὶ
1561 4024 1931 4095 τελειότητος,

214 4111 308 4165 καὶ
372 4118 473 4179 τῆς
526 4105 828 4173 παντελοῦς
871 4116 978 4168 τῶν
1029 4113 1311 4169 παντελῶν
1364 4115 1550 4168 παθῶν
1619 4116 1930 4189 καθάρσεως

210 4199 632 4255 ἀπολείπονται.
695 4202 766 4256 Τὸ
811 4201 994 4277 τρίτον
1047 4202 1120 4265 ὡς
1179 4203 1426 4274 οἰόμενοι
1473 4209 1576 4272 τῆς
1631 4203 1933 4277 ἀκρότητος

211 4288 493 4365 ἐφικέσθαι
553 4290 621 4365 τῇ
679 4289 1013 4364 κατορθώσει
1072 4293 1179 4346 τῶν
1246 4288 1473 4365 ὀλίγων,
1547 4291 1620 4355 ὡς
1700 4290 1929 4372 ἔφημεν,

213 4380 446 4454 ἀρετῶν,
483 4379 573 4434 καὶ
626 4380 702 4452 μή
736 4379 872 4455 πρὸς
924 4379 986 4434 τὸ
1033 4378 1246 4436 τέλειον
1297 4377 1665 4456 ἐπειγόμενοι,
1728 4381 1792 4435 οὗ
1837 4383 1933 4455 μό-

214 4492 306 4526 νον
354 4469 678 4527 ταπείνωσιν
727 4472 816 4526 καὶ
877 4472 1152 4548 πτωχείαν
1213 4470 1301 4528 κάξ
1360 4469 1646 4548 συντριϐἠν
1706 4471 1929 4550 καρδίας

225 4559 424 4628 ἥκιστα
479 4556 625 4638 ἔχειν
677 4557 922 4617 δύνανται
953 4577 965 4595 δ
996 4559 1142 4618 ἀλλὰ
1190 4559 1522 4626 δικαιοῦντες
1582 4563 1807 4626 ἑαυτοὺς
1855 4564 1929 4626 ὡς

2049 3401 2331 3460 divinitus
2351 3404 2648 3475 inspiratis
2676 3419 2888 3475 negare
2917 3403 3185 3458 videntur
3205 3404 3518 3475 Scripturis
3544 3407 3748 3477 fidem;

2047 3493 2252 3550 deinde
2283 3493 2436 3566 quod
2482 3494 2759 3563 majorem
2794 3497 2850 3548 et
2877 3495 3193 3564 perfectum
3227 3511 3339 3550 non
3375 3495 3750 3566 praestituunt

2045 3581 2499 3639 christianismo’
2544 3599 2809 3654 scopum,
2857 3597 3041 3653 neque
3106 3584 3175 3637 ad
3236 3584 3398 3638 illum
3452 3587 3748 3656 pervenire

2045 3672 2479 3738 contendentes,
2525 3669 2785 3726 laborem
2826 3679 2877 3727 et
2928 3671 3210 3737 studium,
3245 3673 3455 3728 famem
3503 3679 3559 3729 et
3589 3677 3744 3730 sitim

2037 3762 2285 3832 justitise
2321 3760 2529 3816 habere
2563 3765 2841 3833 possunt;
2874 3762 2972 3815 sed
3006 3762 3260 3817 externis
3291 3767 3345 3817 et
3367 3763 3749 3830 superﬁciali-

2043 3852 2153 3906 bus
2184 3851 2483 3906 habitibus
2514 3856 2570 3904 et
2601 3851 2878 3918 moribus,
2905 3851 3224 3921 paucisque
3247 3852 3600 3921 quibusdam
3631 3860 3740 3910 tra-

2043 3937 2242 3994 latitiaa
2274 3940 2503 3994 virtutis
2537 3939 2743 3993 ofﬁciis
2788 3939 3021 3994 abunde
3068 3940 3346 4006 contenti,
3395 3958 3427 3995 a
3457 3957 3556 4011 spe
3584 3943 3747 3996 beata

2042 4031 2097 4083 et
2146 4027 2536 4097 perfectionis,
2607 4027 3003 4098 absolutisque
3051 4045 3362 4098 pravorum
3413 4031 3601 4085 omnis
3639 4048 3735 4102 ge-

2040 4117 2199 4172 neris
2249 4116 2566 4170 all'ectuum
2637 4117 3004 4188 purgationis
3068 4119 3361 4172 excidunt.
3415 4121 3740 4191 Postremo,

2041 4207 2194 4278 quod
2257 4205 2610 4261 exhibitione
2677 4223 2990 4277 paucarum
3059 4207 3386 4278 vulgarium
3436 4211 3738 4277 virtutum,

2040 4300 2102 4351 ut
2153 4295 2430 4359 diximus,
2481 4294 2756 4351 inflantur
2806 4297 2861 4350 in
2909 4296 3238 4368 opinionem
3277 4297 3390 4366 sui,
3424 4299 3739 4369 quasijam

2039 4387 2262 4458 apicem
2305 4391 2559 4451 teneant,
2592 4386 2650 4440 in
2698 4402 2871 4456 quem
2905 4402 3205 4441 summum
3237 4387 3376 4442 eniti
3405 4389 3490 4442 vis
3522 4388 3734 4444 huma-

2040 4493 2112 4532 na
2161 4480 2337 4546 quet;
2385 4477 2626 4545 ideoque
2666 4475 2912 4530 ulterius
2961 4476 3218 4547 aspirare
3269 4477 3576 4546 desinunt;
3634 4495 3737 4535 nec

2039 4567 2226 4624 solum
2271 4566 2545 4622 humilem
2590 4567 3036 4622 aestimationem
3084 4567 3196 4637 sui,
3242 4573 3298 4622 et
3342 4574 3740 4639 paupertatem

215 4647 328 4720 ἤδη
363 4636 786 4730 κατειληφότας,
842 4653 902 4710 οὗ
952 4657 1238 4729 προκοπὴν
1285 4652 1386 4710 οὐκ
1431 4651 1672 4711 ἐπίδοσιν
1721 4652 1926 4729 ὁσημέ-

2052 4659 2094 4711 3t
2127 4655 2539 4712 contritionem
2577 4654 2767 4709 cordis
2800 4653 3042 4708 minime
3073 4654 3285 4711 habere
3316 4636 3600 4726 possunt:
3636 4658 3732 4711 sed

220 4757 308 4813 ραι
344 4735 620 4814 δέχονται.

287 5012 389 5068 1Γ’.
447 5010 586 5072 Τοὺς
645 5008 902 5066 ἀδύνατόν
954 5031 1116 5090 φησιν
1162 5013 1499 5088 ἡγουμένους
1550 5015 1646 5084 τήν
1719 5015 1918 5092 κατόρ-

221 5105 386 5158 θωσιν
446 5101 673 5172 ταύτην,
730 5102 830 5171 τήν
886 5099 973 5157 διὰ
1016 5107 1112 5158 τοῦ
1177 5102 1488 5178 Ῑινεόματος
1545 5112 1662 5169 τοῖς
1720 5105 1918 5182 ἀνθρώσ

211 5212 337 5253 ποις
389 5189 770 5268 ἐγγινομένην,
831 5191 952 5260 ἥτις
999 5194 1034 5261 ἡ
1082 5191 1239 5261 καινὴ
1297 5195 1470 5257 κτίσις
1518 5192 1626 5249 ἐστί
1669 5201 1770 5264 τῆς
1820 5217 1918 5250 κα-

219 5283 384 5357 θαρᾶς
453 5277 698 5356 καρδίας,
777 5282 805 5337 ὁ
881 5277 1215 5342 Ἀπόστολος
1284 5279 1584 5359 διαρρήδην
1671 5283 1915 5349 ἐοικότας

229 5367 420 5430 αὐτοὺς
463 5367 696 5425 δείκνυτι
744 5371 862 5434 τοῖς
909 5365 978 5425 δι’
1027 5365 1275 5424 ἀπιστίαν
1327 5371 1425 5440 τήν
1466 5374 1567 5446 γῆν
1611 5376 1709 5442 τῆς
1757 5371 1916 5446 ἐπαγ-

219 5457 404 5534 γελίας
482 5457 740 5517 εἰσελθεῖν
828 5460 904 5534 μὴ
990 5459 1340 5533 ἠξιωμένοις,
1408 5461 1497 5514 καὶ
1581 5457 1668 5517 διὰ
1750 5467 1914 5517 τοῦτο

222 5548 588 5606 πεπτωκότων
661 5549 845 5614 αὐτοῖς
921 5552 1028 5606 τῶν
1105 5546 1302 5607 κώλων
1369 5548 1419 5606 ἐν
1490 5555 1558 5626 τῇ
1616 5549 1809 5627 ἐρῆμῳ
1841 5565 1854 5585 ⁸
1887 5549 1915 5606 '6

232 5659 236 5666 ’
294 5655 342 5692 ⁸³
369 5655 577 5731 Matth.
626 5675 683 5729 ν,
727 5660 816 5715 48.
893 5659 940 5696 ⁸⁵
982 5657 1152 5719 Joan.
1209 5671 1346 5731 xvn,
1405 5660 1494 5716 24.

215 5745 293 5799 1v,
328 5731 414 5787 13.
491 5728 537 5768 ⁸⁸
566 5728 739 5790 Hebr.
765 5749 846 5802 In,
881 5732 965 5788 17.

1573 5658 1621 5696 ⁸⁸
1667 5659 1875 5718 Matth.
1921 5671 2078 5728 xxw,
2129 5657 2232 5724 35;
2294 5653 2428 5710 Luc.
2480 5669 2598 5720 xxx,
2671 5650 2760 5708 33.

2035 4741 2207 4798 etiam
2237 4741 2618 4810 jusllﬁcanles
2648 4755 2709 4793 se
2742 4739 2924 4810 ipsos,
2972 4743 3039 4794 ut
3082 4743 3178 4811 qui
3211 4741 3326 4810 jam
3355 4741 3738 4812 comprehen-

2031 4832 2247 4896 derint,
2281 4845 2533 4886 crescere
2597 4829 2860 4901 quotidie
2912 4830 3351 4901 promoverique
3408 4830 3465 4884 in
3529 4832 3739 4888 melius

2032 4923 2278 4975 cessant.

2096 5008 2245 5064 XIII.
2282 5008 2389 5074 Qui
2420 5008 2754 5064 existimant
2801 5006 3226 5080 impossibilem
3287 5025 3407 5064 eam
3457 5010 3733 5066 reforma-

2026 5102 2266 5164 tionem,
2313 5115 2439 5168 qua
2494 5113 2595 5169 per
2644 5097 2999 5152 hahllantem
3064 5097 3123 5152 in
3177 5096 3510 5154 hominibus
3550 5099 3732 5172 Spiri-

2027 5189 2180 5245 178
2215 5196 2335 5243 tum
2363 5187 2447 5252 ﬁt,
2480 5203 2606 5258 quas
2643 5201 2790 5242 nova
2823 5196 2908 5242 esl
2956 5186 3168 5242 creatio
3213 5188 3340 5258 puri
3372 5189 3599 5256 cordis;
3635 5205 3732 5244 eos

2025 5278 2342 5352 Apostolus
2364 5276 2578 5331 diserte
2597 5276 2936 5346 pronuntiat
2963 5277 3186 5332 similes
3211 5277 3350 5346 illis,
3376 5279 3476 5348 qui
3501 5283 3736 5348 propter

2024 5365 2425 5423 inﬁdelitatem
2480 5364 2711 5436 indigni
2741 5366 2991 5436 judicati
3021 5374 3170 5422 terra
3199 5367 3635 5438 promissionis:
3673 5367 3736 5420 Et

2027 5473 2260 5530 quorum
2318 5461 2610 5527 propterea
2666 5452 2933 5512 cadavera
2999 5461 3273 5527 prostrata
3327 5457 3457 5508 sunt
3513 5458 3573 5508 in
3645 5453 3734 5507 de-

2023 5555 2171 5606 serto
2221 5541 2288 5600 ⁸³.
2339 5548 2472 5612 Quae
2510 5545 2662 5600 enim
2733 5545 2850 5601 illic
2894 5542 3303 5618 promissionis
3341 5546 3492 5598 terra
3554 5558 3731 5599 sensu

2839 5653 2881 5688 ⁸⁸
2919 5650 3117 5708 Coloss
3185 5667 3222 5717 ι,
3271 5650 3360 5706 28.
3439 5647 3486 5683 ⁸⁷
3529 5647 3733 5720 Ephes.
