4130 6286
397 344 518 402 863

1745 333 1810 389 S.
1862 329 2186 394 MACARII
2230 332 2571 395 EGYPTII

3796 329 3939 392 864

395 476 592 544 aperto
623 470 853 537 dicitur,
891 469 1134 541 mystico
1169 483 1343 522 sensu
1376 483 1440 521 ac
1471 464 1776 521 affectibus
1809 466 2098 522 liberatio-

2219 468 2321 542 γαρ
2373 469 2482 524 ἐκεῖ
2530 467 2863 545 ἐπαγγελίας
2922 476 2994 545 γῆ
3041 469 3177 524 κατὰ
3221 469 3283 523 τὸ
3325 467 3572 546 φανερὸν,
3622 470 3785 522 τοῦτο
3844 466 3936 520 ἐν-

395 579 526 618 nem
573 562 828 626 indicat;
884 576 1056 631 quam
1099 565 1155 614 et
1198 559 1347 611 idem
1395 557 1708 627 Apostolus
1757 558 1930 612 ﬁnem
1971 574 2094 612 esse

395 654 588 707 omnis
633 652 892 706 mandati
947 648 1278 704 declaravit.
1333 646 1462 701 Haec
1513 647 1664 700 enim
1699 664 1831 702 vera
1859 649 2094 703 demum

393 747 479 797 est
517 739 917 811 promissionis
952 742 1118 804 terra,
1149 737 1203 790 in
1236 735 1403 802 cujus
1435 735 1921 805 signiﬁcationem
1953 753 2098 791 cun-

394 838 486 887 cta
515 831 616 885 illa
647 829 832 900 typice
863 829 1194 882 traduntur.
1232 825 1465 894 Propter
1492 826 1644 896 quod
1670 826 1903 880 divinus
1935 831 2089 895 Apo—

395 921 602 987 stolus,
655 917 952 974 securitati
1002 915 1363 986 prospiciens
1413 915 1859 983 discipulorum,
1902 933 1973 969 ne
2005 915 2097 969 cui

396 1010 704 1080 contigerit
735 1009 859 1078 capi
903 1005 1228 1060 contumaci
1271 1004 1698 1059 incredulitatis
1749 1003 2091 1072 supercilio:

404 1099 613 1163 Videte,
668 1097 882 1167 inquit,
914 1098 1141 1164 fratres,
1175 1110 1244 1148 ne
1275 1093 1421 1163 forte
1455 1096 1521 1147 sit
1554 1096 1610 1147 in
1641 1094 1830 1164 aliquo
1861 1103 2099 1148 vestrum

394 1203 488 1244 cor
543 1187 756 1240 malum
806 1184 1236 1250 incredulitatis,
1288 1182 1600 1237 discedendi
1645 1200 1678 1236 a
1725 1183 1830 1238 Deo
1877 1184 2000 1236 viva
2031 1181 2094 1236 6°.

401 1278 562 1340 Quod
631 1273 966 1329 discedendi
1031 1272 1264 1326 verbum
1341 1288 1454 1326 non
1542 1272 1613 1325 ad
1673 1271 2094 1342 abnegationis,

398 1368 491 1420 sed
520 1365 587 1418 ad
615 1362 950 1418 dilﬁdentiaa
984 1359 1434 1431 promissionum
1469 1359 1955 1430 signiﬁcationem
1991 1375 2096 1430 po-

391 1454 547 1509 suit:
579 1453 843 1508 videlicet
891 1451 1081 1522 typica
1119 1450 1452 1505 Judaeorum
1485 1465 1553 1504 ex
1600 1449 1894 1518 allegoriis
1934 1448 2094 1504 evol-

391 1559 550 1610 vens,
586 1546 640 1596 et
671 1543 890 1612 ﬁguras
940 1555 1073 1592 cum
1117 1538 1354 1592 veritate
1408 1553 1754 1607 comparans
1804 1537 2088 1591 subinfert

392 1632 594 1686 dicens
647 1647 660 1684 :
725 1629 954 1696 Quidam
1018 1630 1161 1681 enim
1231 1626 1517 1681 audientes
1569 1627 2091 1681 exacerbaverant:

391 1738 504 1776 non
543 1720 808 1785 universi,
843 1721 937 1788 qui
963 1720 1191 1788 pro/erti
1229 1721 1357 1770 sunt
1405 1733 1473 1771 ea:
1516 1717 1743 1786 rEgypto
1799 1732 1896 1784 per
1943 1716 2091 1786 Moy-

391 1828 508 1865 sen.
549 1809 759 1880 Quibus
806 1816 993 1863 autem
1054 1807 1301 1876 infensus
1352 1815 1429 1860 est
1487 1804 1852 1876 quadraginta
1889 1807 2096 1858 annis?
2131 1840 2174 1902 B

391 1912 573 1952 nonne
621 1895 737 1948 illis
786 1897 878 1964 qui
936 1895 1312 1963 peccauerunt,
1364 1907 1593 1962 quorum
1643 1890 1906 1946 cadavera
1969 1907 2098 1960 pro-

390 1993 568 2042 strata
631 1993 760 2039 sunt
822 1985 882 2036 in
926 1980 1177 2036 deserto?
1233 1980 1442 2048 Quibus
1487 1987 1672 2033 autem
1722 1980 1935 2049 juravit
1990 1995 2098 2032 non

392 2074 629 2130 introire
667 2075 724 2126 in
773 2074 1023 2142 requiem
1072 2072 1268 2140 ipsius,
1307 2069 1420 2123 nisi
1466 2069 1809 2122 incredulis?
1857 2070 1917 2120 Iit
1952 2067 2094 2121 ride-

394 2181 516 2219 mus
548 2166 676 2234 quia
732 2178 843 2216 non
884 2163 1176 2231 potuerunt
1227 2159 1458 2212 introire
1494 2165 1710 2227 propter
1742 2157 2098 2211 incredulita-

395 2261 503 2308 tem
551 2251 616 2304 7°.
663 2253 964 2306 ’I‘imeamus
1005 2264 1127 2318 ergo
1175 2264 1244 2301 ne
1283 2249 1441 2316 forte,
1475 2246 1670 2301 relicta
1697 2244 2100 2315 pollicitatione

397 2340 713 2397 introeundi
761 2343 820 2393 in
871 2340 1116 2408 requiem
1166 2337 1360 2408 ipsius,
1411 2337 1764 2390 existimetur
1792 2335 1992 2404 aliquis
2032 2351 2101 2388 ex

392 2435 542 2489 vobis
577 2432 784 2486 deesse.
847 2432 1061 2484 Etenim
1108 2435 1162 2483 et
1202 2427 1354 2482 nobis
1395 2429 1713 2480 nuntiatum
1768 2429 1868 2494 est,
1915 2442 2100 2496 quem-

394 2522 683 2576 admodum
717 2528 768 2574 et
801 2519 937 2586 illis,
971 2535 1086 2589 qua:
1127 2518 1453 2571 audierunt.
1496 2516 1838 2586 lngredimur
1865 2517 2009 2568 enim
2039 2517 2095 2567 in

395 2613 632 2680 requiem
665 2612 762 2680 qui
794 2608 1126 2662 credidimus
1157 2607 1223 2659 τί.
1279 2606 1345 2659 Et
1376 2610 1504 2676 post
1539 2621 1721 2674 pauca
1752 2621 1960 2658 rursus
2005 2605 2095 2658 in-

393 2699 540 2753 fert:
585 2699 923 2754 Festinemus
973 2711 1102 2766 ergo
1152 2694 1368 2764 ingredi
1409 2697 1468 2748 in
1518 2693 1680 2747 illum
1724 2695 1982 2764 requiem,
2039 2697 2097 2747 ut

391 2805 460 2842 ne
495 2790 551 2844 in
601 2788 779 2858 ipsum
823 2788 942 2857 quis
995 2784 1200 2838 incidat
1243 2783 1645 2838 incredulitatis
1685 2783 1995 2852 exemplum
2025 2782 2095 2836 7'.

393 2880 526 2942 Quae
568 2888 756 2933 autem
810 2877 924 2931 alia
963 2880 1050 2930 est
1101 2874 1564 2929 Christianorum
1619 2873 1865 2941 requies,
1901 2890 1933 2927 a
1964 2888 2094 2942 per-

393 2969 540 3023 fecta
573 2966 1080 3038 perturbationum
1124 2964 1190 3018 ad
1230 2968 1525 3032 peCcatum
1561 2961 1915 3016 trahentium
1955 2962 2095 3016 libe-

392 3057 636 3123 ratione,
674 3060 846 3126 atque
879 3071 911 3110 a
943 3052 1287 3124 plenissima
1336 3059 1387 3105 et
1417 3051 1636 3106 efﬁcaci
1667 3050 1799 3104 boni
1842 3050 2093 3121 Spiritus

2210 561 2380 612 ταῦθα
2446 561 2633 613 παθῶν
2693 557 3075 634 ἀπολύτρωσις
3140 557 3277 614 κατά
3341 558 3402 613 τὸ
3461 557 3720 630 κροπτὸν·
3784 556 3930 630 ὅπερ

2215 643 2280 715 δὴ
2330 647 2479 700 καὶὸ
2530 647 2866 710 Ἀπόστολος
2917 647 3080 712 τέλος
3132 647 3310 718 πάσης
3360 644 3589 715 ἐντολῆς
3641 646 3774 700 εἶναι
3828 645 3933 699 ἀπ-

2209 732 2393 804 έδειξε·
2465 736 2554 789 καί
2621 738 2783 790 τοῦτό
2843 737 2984 792 ἐστιν
3044 740 3078 807 ἡ
3140 738 3376 806 ἀληθινὴ
3435 743 3534 804 τῆς
3592 733 3928 811 ἐπαγγελίας

2205 833 2302 898 γῆ,
2349 825 2436 879 καί
2492 823 2560 880 δι’
2610 827 2776 896 αὐτην
2845 828 3018 882 πάντα
3077 827 3253 882 ἐκεῖνα
3309 831 3549 888 τυπικῶς
3610 824 3931 898 παραδίδο-

2209 937 2315 971 ται.
2381 922 2510 990 Παρ’
2564 918 2591 971 ὃ
2652 916 2737 971 καί
2797 919 2823 970 ὁ
2884 918 3162 980 θεσπέσιος
3225 916 3435 980 Παῦλος
3495 914 3564 970 δι’
3622 915 3929 993 ἀσφαλείας

2208 1009 2274 1059 τὰ
2329 1010 2437 1060 τῶν
2488 1008 2746 1078 μαθητῶν
2796 1009 3148 1079 ποιούμενος,
3199 1009 3272 1068 ὡς
3329 1009 3403 1079 μή
3463 1027 3580 1062 τινα
3639 1002 3926 1078 συμϐῆναι

2213 1096 2464 1156 ἀπιστίας
2521 1095 2736 1157 ἀλῶνας
2792 1101 3123 1173 φρονήματι·
3183 1096 3432 1165 Βλέπετε,
3492 1094 3719 1174 ἀδελφοί
3782 1119 3920 1170 μου,

2212 1185 2381 1263 φησί,
2453 1189 2664 1259 μήποτε
2733 1187 2816 1256 εἰή
2887 1185 2939 1241 ἔν
3002 1209 3107 1242 τινι
3180 1188 3332 1258 ὑμῶν

2211 1274 2479 1345 ἀπιστίας,

3423 1185 3616 1260 καρδία
3699 1189 3927 1262 πονηρᾶ

2557 1273 2612 1329 ἐν
2683 1281 2762 1347 τῷ
2840 1278 3139 1344 ἀποστῆναι
3216 1276 3320 1330 ἀπὸ
3393 1281 3493 1330 τοῦ
3569 1282 3701 1331 Θεοῦ
3781 1281 3923 1345 ζῶν-

2203 1383 2318 1425 τος·
2350 1364 2414 1418 τὸ
2468 1362 2525 1418 δὲ
2572 1365 2872 1434 ἀποστῆναι
2934 1364 3032 1420 οὐκ
3079 1365 3165 1420 ἐπὶ
3222 1370 3320 1419 τοῦ
3380 1366 3726 1438 ἀρνήσασθαι,
3787 1366 3925 1420 ἀλλ’

2211 1451 2297 1506 ἐπὶ
2349 1457 2444 1506 τοῦ
2501 1458 2620 1514 ταῖς
2688 1452 3015 1531 ἐπαγγελίας
3074 1455 3241 1508 αὐτοῦ
3290 1453 3606 1524 ἀπιστῆσαι,
3658 1455 3919 1508 τέθεικεν·

2208 1540 2402 1613 ἀμέλει
2467 1542 2558 1596 καὶ
2626 1543 2691 1597 τα
2746 1545 2948 1597 τυπικά
3019 1544 3127 1597 τῶν
3215 1543 3499 1597 Ἰουδαίων
3579 1541 3923 1617 ἀλληγορῶν

2217 1629 2305 1684 καὶ
2339 1625 2709 1702 παραϐάλλων
2759 1636 2926 1686 ταῦτα
2975 1632 3112 1706 πρὸς
3162 1634 3260 1700 τήν
3315 1631 3595 1700 ἀλήθειαν,
3649 1631 3924 1710 ἐπιιρέρει,

2206 1717 2402 1792 λέγων·
2472 1720 2619 1781 Τινὲς
2698 1720 2799 1796 γὰρ
2902 1720 3223 1782 ἀκούσαντες
3329 1719 3494 1774 αὐτοῦ
3569 1722 3924 1794 παρεπίκρα-

2206 1830 2318 1875 ναν,
2397 1808 2523 1864 ἀλλ’
2601 1807 2663 1863 οὔ
2729 1808 2922 1871 πάντες
3008 1811 3061 1865 οἱ
3126 1810 3432 1879 ἐξελθόντες
3517 1809 3567 1880 ἐξ
3633 1809 3920 1883 Αἰγύπτου

2211 1893 2300 1949 διὰ
2377 1896 2658 1958 Μωσέως·
2741 1899 2848 1953 τίσι
2928 1899 2984 1954 δὲ
3075 1901 3426 1974 προσώχθισε
3517 1901 3924 1974 τεσσαράκοντα

2211 1978 2358 2055 ἔτη;
2421 1985 2550 2060 οὐχὶ
2608 1991 2723 2049 τοῖς
2799 1988 3197 2061 ἁμαρτήσασιν,
3274 1990 3347 2042 ὧν
3422 1990 3488 2043 τὰ
3561 1987 3717 2043 κῶλα
3792 1986 3923 2044 ἕπε-

2214 2098 2295 2130 σεν
2479 2082 2546 2148 τῇ
2618 2078 2808 2151 ἐρήμη)
2870 2101 2881 2146 ;
2951 2079 3059 2132 τίει
3128 2076 3183 2133 δὲ
3258 2074 3446 2152 ὤμοσε
3523 2081 3600 2152 μὴ
3679 2080 3921 2135 εἰσελεύ-

2211 2169 2391 2219 σεσθαι
2459 2167 2532 2227 εἰς
2609 2170 2707 2234 τὴν
2790 2168 3123 2223 κατάπαυσιν

2210 2254 2593 2324 ἀπειθήσασι;
2671 2255 2757 2309 καὶ
2837 2254 3114 2329 βλέπομεν
3152 2301 3166 2326 ,

2211 2343 2470 2400 εἰσελθεῖν
2550 2343 2617 2399 δι’
2711 2347 3000 2400 ἀπιστίαν·
3079 2348 3168 2402 καὶ

2210 2433 2302 2488 οὖν
2379 2437 2594 2508 μήποτε
2683 2435 3133 2509 καταλιπομένης

2209 2523 2284 2585 εἰς
2354 2526 2450 2591 τὴν
2527 2526 2858 2580 κατάπαυσιν

3797 2176 3917 2232 τοῖς

3581 2255 3916 2329 ἐδυνήθησαν

3218 2166 3406 2238 αὒτοῦ,
3485 2168 3529 2223 εἰ
3629 2171 3705 2242 μή

3245 2259 3327 2311 ὅτι
3407 2261 3484 2330 μὴ

3272 2347 3457 2423 ἐπάγει
3479 2390 3493 2404 .
3571 2343 3917 2422 Φοϐηθῶμεν

3231 2436 3557 2512 ἐπαγγελίας
3652 2437 3914 2493 εἰσελθεῖν

2954 2527 3161 2595 αὐτοῦ,
3238 2524 3388 2582 δοκεῖ
3482 2548 3568 2589 τις
3636 2527 3686 2599 ἐξ
3765 2529 3917 2601 ὑμῶν

2211 2615 2607 2688 ὑστερηκέναι·
2684 2617 2777 2670 καὶ
2850 2617 2953 2692 γάρ
3027 2617 3185 2689 ἐσμεν
3282 2617 3737 2694 εὐηγγελισμέιοι
3813 2642 3914 2674 κα-

2209 2704 2377 2776 θάπερ
2436 2703 2702 2759 κάκεῖνον¹
2773 2703 2900 2759 ἀλλ’
2967 2705 3066 2760 οὐκ
3142 2704 3423 2785 ὠφέλησεν
3485 2708 3512 2760 ὁ
3577 2707 3739 2780 λόγος
3805 2717 3912 2778 τῆς

2208 2795 2380 2862 ἀκοῆς
2443 2792 2677 2856 ἐκείνους
2755 2796 2830 2867 μή

2206 2882 2495 2936 ἀκούσασιν
2532 2900 2544 2912 ⁸

2909 2798 3341 2870 συγκεκραμένος
3408 2799 3474 2870 τῇ
3543 2796 3712 2850 πίστει
3778 2803 3906 2857 τοῖς

2613 2883 2974 2958 εἰσερχόμεθα
3055 2885 3154 2960 γὰρ
3240 2885 3316 2947 εἰς
3390 2887 3489 2954 τὴν
3573 2887 3892 2939 κατάπαυσιν

2209 2973 2260 3026 οἱ
2338 2973 2752 3035 πιστεῦσαντες’
2823 2976 2912 3028 καὶ
2991 2977 3105 3047 μετ’
3167 2975 3328 3050 ὀλίγα
3396 2975 3562 3032 πάλιν
3629 2975 3910 3052 ἐπιφέρει·

2211 3060 2612 3136 Σπουδάσωμεν
2693 3061 2785 3117 υῦν
2857 3061 3119 3118 εἰσελθεῖν
3206 3064 3283 3126 εἰς
3366 3065 3572 3134 ἐκείνην
3651 3067 3750 3134 τήν
3815 3087 3919 3119 κα-

395 3148 454 3201 in
504 3164 646 3218 puro
696 3146 864 3200 corde
919 3140 1332 3198 habitatione?
1363 3140 1665 3211 Propterea
1715 3144 1772 3194 et
1820 3139 2098 3194 inducens

2219 3151 2495 3217 τάπαυσιν,
2557 3151 2650 3207 ’ίνα
2732 3155 2808 3226 μὴ
2869 3153 2919 3208 ἐν
2987 3159 3066 3226 τῷ
3154 3155 3300 3226 αὐτῷ
3383 3177 3466 3217 τις
3554 3152 3918 3230 ὑποδείγματι

393 3254 597 3292 rursus
680 3253 776 3291 eos
823 3235 893 3288 ad
930 3234 1123 3299 ﬁdem,
1209 3232 1290 3286 ait
1340 3249 1352 3284 ε
1408 3231 1735 3285 Accedamus
1783 3246 1902 3284 cum
1980 3245 2104 3284 vero

390 3335 551 3388 corde
587 3337 643 3387 in
687 3331 1040 3402 plenitudine
1065 3330 1209 3400 fidei,
1256 3329 1466 3399 aspersi
1515 3329 1679 3383 corda
1711 3344 1745 3381 a
1774 3329 2104 3382 conscientia

396 3423 640 3476 mula".
696 3422 763 3474 Et
803 3420 1014 3474 iterum
1071 3435 1083 3472 :
1140 3419 1352 3484 Quanto
1395 3415 1573 3483 magis
1620 3417 1853 3486 sanguis
1901 3416 2105 3470 Christi

396 3509 716 3565 emundabit
771 3509 1156 3561 conscientiam
1218 3516 1464 3558 nostram
1534 3505 1600 3557 ab
1663 3503 1915 3572 operibus
1961 3519 2104 3558 mor-

397 3601 503 3652 tuis
551 3600 622 3651 ad
665 3595 1014 3649 serviendum
1068 3594 1169 3646 Deo
1218 3595 1342 3646 vivo
1412 3598 1464 3646 et
1512 3607 1634 3646 vero
1685 3591 1768 3644 ἨΞ
1828 3593 2104 3646 Convenit

397 3689 580 3759 igitur
611 3685 1019 3740 annuntiatam
1065 3700 1164 3752 per
1213 3681 1330 3735 haec
1380 3681 1546 3743 verba
1593 3681 1940 3736 immensam
2004 3681 2099 3736 Dei

390 3795 527 3848 erga
570 3775 835 3829 homines
888 3772 1303 3842 benignitatem
1346 3770 1607 3824 conﬁteri
1642 3787 1765 3836 nos,
1814 3775 1876 3824 ut
1907 3787 2100 3825 servos

392 3866 626 3934 ﬁdeles;
675 3871 730 3920 et
790 3881 926 3920 vera
990 3864 1271 3933 ﬁrmaque
1337 3866 1607 3932 reputare
1656 3878 1779 3931 quae
1822 3863 2108 3931 promissa

395 3963 553 4023 sunt,
607 3960 671 4010 ut
734 3953 1113 4026 quantumvis
1179 3957 1414 4022 propter
1480 3950 1754 4021 propositi
1809 3952 2103 4021 pigritiam

394 4052 449 4102 et
510 4045 904 4101 inﬁrmitatem
961 4059 1075 4097 non
1140 4058 1379 4112 prorsus
1426 4056 1531 4095 nos
1583 4040 1760 4094 semel
1830 4041 1887 4094 in
1938 4057 2108 4096 omne

396 4145 624 4206 tempus
689 4133 944 4189 Creatori
1017 4130 1396 4201 praebuimus,
1461 4146 1648 4201 neque
1720 4131 1790 4184 ad
1867 4147 2107 4200 magnas

396 4228 451 4278 et
519 4222 805 4294 perfectas
887 4219 1121 4273 virtutis
1203 4217 1590 4288 aSpiravimus
1659 4234 1995 4273 mensuras:
2050 4224 2108 4274 at

395 4313 654 4382 aliquam
736 4310 938 4364 saltem
1010 4307 1460 4363 misericordiam
1543 4307 1616 4362 ob
1697 4308 2104 4364 rectitudinem

399 4401 724 4456 irreﬂexam
799 4399 1162 4458 intentionis,
1230 4402 1284 4452 et
1334 4415 1537 4453 sanam
1581 4397 1775 4465 ﬁdem,
1827 4400 2104 4470 consequi

401 4506 720 4562 possimus.

2211 3241 2478 3314 περιπέσῃ
2568 3247 2668 3310 τῆς
2752 3241 3042 3304 ἀπειθείας.
3122 3248 3212 3305 Τίς
3290 3241 3346 3297 δὲ
3412 3247 3747 3316 Χριστιανῶν
3822 3265 3923 3297 κα-

2207 3329 2470 3390 τάπαυσις
2531 3330 2704 3403 ἑτέρα,
2831 3335 2938 3384 τῶν
2988 3338 3085 3400 τῆς
3134 3331 3397 3407 ἁμαρτίας
3466 3334 3650 3387 παθῶν
3699 3336 3733 3402 ἡ
3784 3334 3923 3387 ἀπο-

2212 3415 2506 3490 λύτρωσις,
2557 3419 2648 3474 καὶ
2699 3422 2732 3488 ἡ
2786 3417 3136 3494 πληρεστάτη
3184 3422 3275 3476 καὶ
3326 3422 3549 3496 ἐνεργὴς
3613 3427 3712 3477 τοῦ
3786 3422 3923 3494 ἀγα-

2211 3507 2306 3559 θοῦ
2387 3509 2698 3580 Πνεύματος
2775 3508 2826 3562 ἐν
2891 3514 2959 3582 τῇ
3037 3513 3241 3584 καθαρᾷ
3314 3508 3510 3584 καρδίᾳ
3587 3512 3914 3581 ἐνοίκησις;

2208 3595 2374 3668 ταύτῃ
2415 3618 2502 3651 τοι
2550 3599 2635 3651 καὶ
2690 3596 2890 3673 ἐνάγων
2943 3599 3138 3661 αὐτοὺς
3186 3598 3350 3655 πάλιν
3400 3603 3534 3674 πρὸς
3582 3603 3682 3669 τήν
3730 3603 3912 3656 πίστιν

2214 3685 2383 3761 φησί·
2457 3687 2905 3762 Προσερχώμεθα
2992 3695 3106 3760 μετ’
3192 3688 3460 3758 ἀληθινῆς
3552 3688 3782 3764 καρδίας
3867 3690 3917 3745 ἐν

2212 3774 2570 3848 πληροφορίᾳ
2652 3776 2926 3844 πίστεως,
3013 3777 3421 3852 ἐρῥαντισμένοι
3505 3780 3602 3840 τὰς
3696 3777 3921 3854 καρδίας

2213 3864 2318 3916 ἀπὸ
2381 3861 2740 3933 συνειδήσεως
2810 3871 3074 3940 πονηρᾶς,
3141 3868 3229 3921 καὶ
3298 3866 3488 3928 αὖθις·
3553 3868 3719 3940 Πόσῳ
3781 3867 3922 3941 μᾶλ-

2214 3949 2310 4005 λον
2378 3953 2438 4007 τὸ
2508 3955 2647 4025 αἱμα
2713 3959 2809 4008 τοῦ
2877 3955 3060 4025 Ἰησοῦ
3126 3957 3374 4031 καθαριεῖ
3435 3958 3535 4025 τὴν
3614 3955 3919 4026 συνείδησιν

2214 4042 2364 4114 ὕμῶν
2431 4043 2535 4098 ἀπὸ
2602 4049 2806 4116 νεκρῶν
2875 4042 3064 4118 ἔργων,
3145 4045 3220 4108 εἰς
3308 4047 3369 4101 τὸ
3437 4045 3721 4118 λατρεύειν
3808 4054 3920 4120 Θεῷ

2214 4136 2381 4200 ζῶντι
2436 4133 2526 4186 καί
2586 4131 2876 4205 ἀληθινῷί
2941 4139 3215 4208 Προσήκει
3277 4135 3484 4203 τοίνυν,
3532 4138 3632 4206 την
3679 4135 3767 4192 διδ.
3813 4142 3917 4192 τῶν

2215 4219 2484 4294 ῥημάτων
2550 4223 2756 4277 τούτων
2815 4224 3229 4299 ἐπηγγελμένην
3282 4229 3378 4279 τοῦ
3443 4231 3579 4280 Θεοῦ
3635 4227 3768 4298 πρὸς
3829 4226 3918 4280 ἀν-

2216 4311 2477 4384 θρώπομς
2557 4310 2789 4386 ἄμετρον
2878 4315 3188 4387 ἀγαθότητα
3280 4315 3678 4387 καθομολογεῖν
3744 4318 3912 4384 ἡμᾶς,

2215 4401 2307 4454 οἷα
2339 4396 2571 4462 δούλους
2613 4401 2981 4476 εὐγνώμονας,
3034 4403 3124 4457 καὶ
3162 4402 3344 4474 ἀληθῆ
3396 4405 3488 4458 καὶ
3540 4399 3720 4478 βέϐαια
3766 4400 3911 4476 207i-

2132 4474 2176 4538 D
2212 4489 2389 4557 ζεσθαι
2439 4490 2504 4543 τά
2555 4489 2956 4567 ἐπηγγελμέναι
3003 4491 3096 4546 ’ίνα
3144 4494 3240 4547 κᾶν
3293 4489 3381 4546 διὰ
3424 4493 3633 4547 νωθείαν
3679 4492 3712 4558 ἢ
3753 4489 3899 4542 ἀσθέ-

399 4600 540 4633 νειαν
602 4577 970 4651 προαιρέσεως
1041 4575 1117 4647 μή
1191 4574 1428 4641 καθάπαξ
1507 4572 1728 4634 ἑαυτοὺς
1795 4578 1874 4645 τῷ
1952 4577 2280 4648 πεπυιηκότι
2355 4577 2729 4656 παρέσχομεν,
2810 4578 2949 4653 μηδὲ
3022 4586 3127 4636 τῶν
3203 4581 3458 4659 μεγάλων
3527 4578 3608 4636 καί
3676 4575 3901 4632 τελείων

395 4675 494 4736 τῆς
529 4669 721 4740 ἀρετῆς
754 4665 1232 4736 ἀντεποιησάμεθα
1264 4661 1513 4736 μέτρων.
1549 4660 1678 4718 ἀλλ’
1726 4663 1822 4716 οὖν
1857 4662 1918 4738 γέ
1950 4686 2098 4730 τινος
2154 4664 2338 4728 ἐλέους
2393 4665 2482 4722 διά
2528 4670 2590 4722 τὸ
2641 4669 2801 4744 ὀρθὸν
2855 4672 2945 4724 καὶ
2993 4669 3355 4746 ἀδιαστροφον
3401 4677 3497 4727 τοῦ
3549 4671 3917 4749 φρονήματος,

396 4757 487 4809 καὶ
514 4758 616 4824 την
651 4756 777 4831 ὑγιῆ
812 4754 991 4809 πίστιν
1025 4751 1394 4822 ἐπιτεύξασθαι
1429 4747 1770 4822 δυνηθῶμεν.

471 4846 613 4899 XIV.
646 4845 937 4899 Orationis
969 4848 1024 4898 et
1056 4843 1209 4897 verbi
1256 4860 1404 4913 opus
1434 4841 1543 4896 rite
1589 4857 1656 4896 ac
1693 4843 2107 4905 convenienter

400 4934 740 4997 exercitum,
795 4949 974 5002 supra
1014 4947 1246 4987 omnem
1282 4932 1552 4995 virtutem
1597 4940 1647 4986 et
1706 4948 1876 4988 omne
1933 4950 2102 4988 man-

402 5024 600 5078 datum
635 5020 881 5076 excellit.
935 5020 1118 5089 Hujus
1163 5019 1246 5073 rei
1285 5019 1449 5073 testis
1481 5020 1604 5090 ipse
1653 5028 1741 5075 est
1799 5022 2100 5079 Dominus.

401 5113 546 5168 Cum
601 5110 756 5164 enim
808 5109 868 5163 in
925 5108 1159 5163 Marthae
1225 5124 1291 5162 ac
1357 5107 1546 5162 Mariae
1615 5109 1946 5164 divertisset
2004 5113 2108 5166 do-

402 5219 564 5258 mum
594 5201 656 5267 7",
683 5205 741 5254 et
790 5199 1015 5255 Martha
1061 5199 1214 5254 circa
1263 5198 1652 5255 ministerium
1683 5205 1989 5272 occupata,
2021 5203 2106 5258 in-

401 5294 565 5350 terim
603 5293 742 5347 dum
777 5289 957 5344 Maria
990 5290 1059 5342 ad
1097 5289 1272 5359 pedes
1320 5289 1552 5343 Domini
1607 5291 1836 5356 sedens,
1871 5293 2102 5349 ambro-

399 5386 488 5441 sia
517 5381 724 5438 divinae
759 5379 918 5435 illius
940 5379 1147 5449 linguae
1171 5378 1339 5449 quasi
1373 5379 1627 5434 suaviter
1657 5381 1899 5449 epulans
1943 5383 2105 5440 frue—

400 5475 592 5541 batur,
625 5474 970 5545 quereretur
1020 5471 1088 5524 de
1120 5485 1332 5537 sorore,
1378 5469 1531 5540 quod
1583 5468 1763 5540 ipsam
1797 5487 1905 5526 non
1939 5474 2109 5544 adiu-

471 5582 519 5617 θ’
578 5581 746 5637 llebr.
801 5599 886 5646 III,
940 5581 1023 5634 12.
1101 5578 1148 5612 ⁷ο
1198 5578 1338 5634 Ibid.
1380 5578 1462 5648 16,
1516 5578 1603 5633 19.

403 5654 453 5693 ⁷⁵
490 5655 632 5710 Luc.
665 5672 723 5723 ιι,
753 5653 841 5707 38.

1679 5579 1722 5612 τί
1779 5581 1954 5639 Hebr.
2009 5600 2082 5650 ιν,
2153 5587 2267 5641 1-6,

2289 4846 2386 4901 IA'.
2441 4847 2508 4901 Τὸ
2556 4855 2658 4917 τῆς
2708 4847 2878 4924 εὐχῆς
2927 4851 3017 4905 καὶ
3065 4853 3162 4906 τοῦ
3206 4849 3378 4926 λόγου
3435 4849 3588 4926 ἔργον
3667 4848 3922 4923 ἁρμοζόν-

2215 4953 2323 4994 τως
2391 4931 2835 5010 ἐπιτελούμενον,
2895 4940 3071 5009 πάσης
3140 4939 3336 5013 ἀρετῆς
3404 4960 3461 4994 τε
3537 4939 3628 4993 καὶ
3697 4937 3918 5005 ἐντολῆς

2219 5023 2466 5098 ὑπεράνω
2533 5024 2702 5081 τελεῖ.
2777 5028 2873 5082 Καὶ
2941 5029 3134 5084 τούτου
3206 5031 3409 5104 μάρτυς
3474 5029 3658 5090 αὐτός’
3733 5024 3914 5095 ἐπειδὴ

2215 5113 2318 5186 γὰρ
2346 5111 2422 5174 εἰς
2455 5114 2553 5181 τήν
2589 5115 2762 5170 οἰκίαν
2795 5118 3016 5190 Μάρθας
3053 5119 3132 5187 τέ,
3165 5118 3332 5194 φημὶ,
3373 5118 3464 5172 καὶ
3516 5117 3729 5190 Μαρίας
3780 5135 3913 5189 παρ-

2214 5196 2396 5269 έϐαλε,
2439 5209 2542 5272 τῆς
2594 5205 2688 5277 μὲν
2741 5210 2962 5281 Μαρθας
2999 5209 3121 5282 περὶ
3166 5211 3264 5278 την
3311 5206 3591 5262 διακονίαν
3642 5206 3919 5282 ἀσχολου-

2219 5290 2404 5363 μένης,
2465 5294 2677 5366 Μαρίας
2732 5293 2788 5350 δὲ
2834 5298 2957 5371 περὶ
3010 5297 3137 5359 τοὺς
3197 5298 3362 5353 αὐτοῦ
3411 5294 3581 5358 πόδας
3626 5294 3922 5368 καθεζομέ-

2214 5404 2334 5455 νης,
2386 5381 2476 5435 καὶ
2543 5386 2612 5457 τῇ
2674 5380 2947 5460 ἀμϐροσίᾳ
3020 5394 3121 5458 τῆς
3182 5386 3325 5448 θείας
3375 5386 3585 5456 ἐκείνης
3671 5384 3928 5460 γλώττης

2217 5474 2638 5553 εὖωχουμένης,
2702 5475 3058 5554 μεμφομένης
3133 5475 3301 5541 αὐτῆς
3356 5478 3457 5550 τῆς
3509 5471 3774 5553 ἀδελφῆς,
3844 5475 3928 5528 ὅτι

2345 5587 2392 5624 τε
2442 5588 2590 5645 Ibid.
2645 5588 2730 5644 11.
2808 5587 2857 5622 ⁷³
2906 5589 3076 5646 Hebr.
3124 5605 3180 5656 κ,
3230 5588 3320 5643 22.
3399 5587 3447 5622 ⁷⁴
3503 5586 3673 5643 Hebr.
3707 5604 3787 5656 lx,
3837 5587 3924 5640 14.
