4130 6286
279 340 399 401 865

1253 337 1483 397 LIBER
1529 337 1629 397 DE
1670 336 2099 398 PATIENTIA
2142 339 2241 400 ET
2284 339 2823 404 DISCRETIONE.

3672 350 3791 411 866

288 473 364 545 μή
406 470 725 544 συμπράττῃ
781 472 968 533 ταῦτα,
1026 468 1118 522 καὶ
1178 465 1266 522 διὰ
1322 473 1485 524 τοῦτο
1542 471 1754 542 Χριστῷ
1802 489 1980 542 προσ-
2014 473 2049 539 Α

2108 476 2276 540 varet,
2326 490 2392 529 ac
2437 478 2670 544 propter
2716 474 2772 530 id
2823 476 2894 531 ad
2944 476 3241 534 Christum
3288 480 3643 547 accessisset,
3693 482 3792 539 ille

285 558 575 629 ελθούσης,
627 557 789 619 αὐτὸς
863 558 924 611 τὸ
981 556 1311 632 κυριώτερον
1368 563 1466 612 τοῦ
1529 554 1778 632 δευτέρου
1846 578 1985 632 προ-

287 650 417 718 θεῖς,
468 649 680 722 Μάρθα,
716 645 842 725 ἔφη,
897 652 1159 721 μεριμνᾷς
1210 647 1299 701 καὶ
1364 642 1605 721 τυρόἀζῃ
1669 648 1791 721 περὶ
1847 646 1985 701 πολ-

283 737 398 793 λοὶ·
480 738 593 798 ἑνὸς
654 734 709 791 δέ
767 736 878 791 ἐστι
954 736 1162 813 χρεία·
1220 735 1401 810 Μαρία
1480 734 1535 791 δὲ
1610 739 1708 804 τήν
1783 736 1986 811 ἀγαθὴν

286 824 477 901 μερίδα
554 825 849 898 ἐξελέξατο,
948 826 1071 894 ἥτις
1177 826 1279 880 οὐκ
1378 828 1793 904 ἀφαιρεθήσεται
1891 826 1984 880 ἀπ’

281 915 469 979 αὐτῆς.
511 920 685 969 Τοῦτο
736 911 792 968 δὲ
840 913 1078 988 εἷ’ρηκεν,
1112 915 1185 975 ὡς
1232 908 1460 990 ἔφημεν,
1509 914 1615 988 οὐχ
1664 916 1738 976 ὡς
1784 915 1845 968 τὸ
1885 922 1983 983 τῆς

282 1004 555 1067 διακονίας
603 1002 756 1079 ἔργον
833 1004 1293 1077 ἀποποιοόμενος,
1352 1004 1480 1059 ἀλλ’
1539 1006 1613 1066 ὡς
1677 1006 1739 1059 τὸ
1800 1010 1987 1077 μεῖζον

281 1098 495 1158 πάντως
549 1099 647 1150 τοῦ
720 1094 1014 1156 ἐλάττονος
1073 1095 1349 1167 προτιθείς
1385 1113 1397 1126 ⁶
1471 1095 1584 1149 ἐπεὶ
1646 1099 1764 1157 πῶς
1828 1094 1985 1156 αὐτὸς

282 1188 532 1262 ἠνείχετο
584 1189 683 1253 τῆς
727 1183 1041 1254 διακονίας;
1094 1191 1213 1246 πῶς
1261 1187 1349 1240 καὶ
1402 1186 1708 1261 αότουργὸς
1749 1186 1986 1264 φαίνεται

282 1277 481 1332 τοῦτου
540 1274 974 1351 γενόμενος,καῖ
1034 1273 1159 1335 τοὺς
1216 1272 1386 1335 πόδας
1454 1274 1611 1346 νίψας
1666 1278 1772 1327 τῶν
1808 1275 1985 1346 μαθη-

280 1371 432 1433 τῶνς
473 1369 731 1420 τοσοῦτον
781 1360 837 1417 δὲ
887 1363 1266 1438 ἀποσχόμενος
1315 1368 1413 1418 τοῦ
1462 1362 1728 1431 κωλῦσαι,
1776 1364 1857 1417 ὅτι
1899 1362 1989 1416 καὶ

283 1456 376 1510 τὸν
402 1453 522 1509 ’ίσον
569 1455 769 1529 τρόπον
821 1454 955 1526 πρὸς
1005 1450 1291 1522 ἀλλήλους
1336 1457 1508 1506 ποιεῖν
1560 1457 1674 1513 τοῖς
1721 1453 1989 1523 μαθηταῖς

289 1544 622 1619 ἐγκελεύεται
661 1561 672 1574 ·
725 1541 786 1597 οὐ
845 1543 951 1615 μὴν
1004 1540 1152 1596 ἀλλά
1188 1542 1277 1595 καὶ
1322 1542 1519 1603 αὐτοὺς
1567 1542 1815 1615 εὑρήσεις
1862 1539 1990 1602 τοὺς

287 1630 657 1700 ἀποστόλους,
706 1628 869 1699 ἡνίκα
914 1630 1178 1704 πρότερον
1229 1630 1351 1705 περὶ
1400 1633 1499 1699 τήν
1559 1634 1662 1683 νῶν
1706 1634 1987 1703 τραπεζῶν

290 1720 580 1776 ἐπονοῦντο
654 1719 949 1790 διακονίαν,
1009 1725 1105 1776 τοῦ
1175 1722 1419 1793 μείζονος
1477 1718 1637 1794 ἔργου
1702 1721 1985 1792 πρόκρισιν

2088 563 2409 633 principale
2484 565 2803 621 accessorio
2884 566 3212 635 preferens,
3286 571 3514 635 Martha,
3588 573 3789 643 inquit,

2086 653 2320 706 sollicita
2350 670 2423 717 es,
2456 664 2506 709 et
2536 656 2775 710 turbaris
2814 671 2950 726 erqa
2990 655 3228 725 plurima
3252 676 3273 714 :
3298 676 3465 729 porro
3514 677 3682 715 unum
3711 672 3793 718 est

2091 753 2475 793 necessarium.
2511 739 2689 793 Maria
2736 744 3003 809 Optimam
3043 753 3268 812 partem
3315 745 3479 814 elegit
3528 762 3653 817 quae
3681 763 3790 803 non

2090 830 2382 895 auferetur
2409 829 2477 882 ab
2525 846 2586 884 ea
2616 827 2683 883 ⁷⁸.
2733 830 2849 886 Hoc
2880 836 3071 886 autem
3105 832 3265 903 dixit,
3319 839 3383 888 ut
3431 837 3655 905 praat'ati
3686 853 3793 892 su-

2091 934 2240 983 mus,
2277 934 2388 971 non
2425 924 2488 971 ut
2518 918 2828 975 ministerii
2862 937 3009 991 opus
3041 922 3413 993 reprobaret;
3448 927 3542 979 sed
3580 936 3640 981 ut
3669 943 3799 981 ma-

2084 1009 2184 1076 jus
2217 1005 2377 1061 179
2415 1010 2618 1061 minori
2670 1018 3049 1079 praeponeret.
3099 1013 3403 1068 Enimvero
3435 1017 3525 1069 cui
3558 1019 3793 1073 tandem

2093 1096 2272 1150 videri
2334 1098 2521 1165 possit
2577 1098 2727 1153 male
2780 1099 2946 1153 illum
3006 1100 3259 1156 sensisse
3313 1103 3383 1156 de
3441 1104 3790 1173 ministerio,

2092 1187 2259 1254 cujus
2290 1188 2493 1257 utique
2543 1196 2836 1259 auctorem
2887 1196 2945 1244 et
2974 1191 3267 1260 exemplar
3313 1209 3372 1247 se
3404 1194 3592 1263 ipsum
3625 1196 3791 1250 exhi-

2094 1275 2238 1342 buit,
2282 1279 2450 1345 pedes
2497 1279 2664 1332 etiam
2720 1278 3140 1349 discipulorum
3183 1281 3378 1337 lavaris
3408 1283 3500 1337 77?
3539 1284 3792 1339 Tantum

2094 1366 2351 1435 profecto
2391 1367 2576 1421 abfunt
2607 1375 2671 1421 ut
2716 1368 2857 1423 illud
2907 1376 3144 1436 vetaret,
3200 1376 3261 1424 ut
3305 1371 3609 1442 discipulis
3650 1390 3797 1442 pra:-

2093 1455 2328 1521 ceperil,
2374 1454 2524 1509 idem
2585 1456 2856 1511 similiter
2902 1474 3039 1528 erga
3089 1475 3217 1514 sese
3258 1468 3461 1515 mutuo
3509 1478 3791 1517 exercere.

2094 1545 2240 1608 Quin
2273 1551 2329 1599 et
2376 1545 2534 1615 ipsos
2581 1546 2838 1600 invenies
2887 1549 3202 1616 apostolos,
3255 1550 3489 1619 quando
3536 1568 3791 1622 primum

2094 1632 2247 1686 circa
2304 1649 2626 1688 mensarum
2689 1635 3081 1690 ministerium
3142 1636 3499 1707 laborabant,
3563 1643 3791 1708 praelato

2095 1721 2230 1776 huic
2291 1722 2497 1790 potiori
2572 1741 2761 1792 opere,
2839 1725 3118 1781 orationis
3186 1729 3409 1783 scilicet
3474 1745 3540 1784 ac
3609 1730 3796 1795 verbi,

288 1812 562 1882 θεμένους,
611 1812 709 1881 τῆς
764 1809 956 1884 εὐχῆς,
1009 1811 1174 1885 φημὶ,
1235 1810 1325 1864 καὶ
1384 1814 1481 1864 τοῦ
1536 1806 1729 1884 λόγου,
1786 1809 1859 1863 Οὐ
1915 1806 2049 1913 δί-Ε

2108 1810 2346 1866 iixisse:
2396 1813 2508 1867 Non
2569 1823 2650 1867 est
2707 1830 2925 1884 equum
2981 1831 3077 1870 nos
3133 1816 3515 1889 derelinquere
3569 1821 3795 1875 verbum

288 1920 439 1953 καιον
510 1901 638 1973 γὰρ,
716 1901 902 1976 φησὶν,
962 1902 1109 1972 ἡμᾶς
1182 1897 1582 1960 καταλιπόντας
1657 1901 1749 1953 13v
1827 1898 1989 1973 λόγον

290 1993 385 2042 τοῦ
471 1994 604 2043 Θεοῦ
696 1990 965 2043 διακονεῖν
1051 1986 1388 2060 τραπέζαις·
1476 1987 1603 2043 ἀλλ’
1683 1988 1992 2060 εὐξάμενοι,

292 2076 488 2152 ἀνδρας
593 2079 828 2150 πλήρεις
942 2080 1261 2151 Πνεύματος
1372 2078 1525 2151 ἁγίου
1637 2080 1990 2146 καταστήσω-

297 2190 391 2241 μεν
448 2168 535 2223 ἐπὶ
592 2170 689 2236 τῆς
748 2167 1022 2227 διακονίας
1080 2168 1282 2237 ταύτης
1317 2185 1330 2199 ·
1408 2169 1572 2237 ἡμεῖς
1626 2164 1681 2220 δὲ
1756 2170 1823 2240 τῇ
1882 2164 1995 2220 δια-

293 2258 448 2328 κονίᾳ
528 2261 625 2311 τοῦ
710 2255 881 2332 λόγου
964 2256 1053 2311 καὶ
1137 2260 1206 2331 τῇ
1298 2256 1582 2330 προσευχῇ
1658 2274 1994 2328 προσκαρτε-

296 2351 502 2420 ρῶμεν.
562 2347 746 2418 Ὁρᾷς,
806 2347 956 2408 ὅπως
1011 2345 1079 2400 τὰ
1132 2348 1326 2420 πρῶτα
1380 2348 1486 2398 τῶν
1545 2341 1806 2418 δευτέρων
1858 2365 1992 2418 προ-

297 2437 529 2510 ἑκριναν,
589 2436 781 2509 καίπερ
841 2436 1124 2515 ἀμφότερα
1198 2439 1326 2509 μιᾶς
1390 2434 1595 2510 ἀγαθῆς
1672 2434 1831 2507 ῥίζης
1902 2434 2002 2489 οὐκ

298 2522 622 2600 ἀγνοοῦντες
652 2524 791 2578 εἶναι
825 2520 1039 2598 βλαστή
1051 2543 1210 2595 ματα.

942 2080 1261 2151 Πνεύματος

366 2701 411 2736 ’⁷⁸
443 2701 582 2771 Luc,
614 2719 671 2769 x,
703 2703 767 2757 41
844 2700 890 2736 '7
928 2702 1098 2760 Joan.
1132 2718 1256 2769 xm,
1286 2702 1341 2757 5.
1416 2698 1467 2735 ⁷⁸
1494 2703 1621 2757 Act.
1654 2716 1731 2767 Vl,
1764 2700 1852 2755 34.

2100 1900 2197 1954 Dei
2244 1907 2295 1953 et
2342 1901 2670 1955 ministrare
2718 1906 2943 1970 mensis,
3012 1906 3109 1957 sed
3165 1907 3464 1974 praemissa
3517 1910 3801 1977 oratione,

2098 1992 2246 2042 viros
2293 1990 2482 2060 plenos
2536 1992 2753 2060 Spiritu
2808 2002 2995 2046 sancto
3053 1996 3449 2050 constituamus
3476 2013 3641 2065 super
3707 1998 3807 2051 hoc

2101 2092 2271 2147 Opus;
2301 2095 2397 2132 nos
2446 2094 2569 2133 vero
2617 2082 2857 2135 orationi
2904 2090 2951 2135 et
2983 2085 3292 2137 ministerio
3335 2086 3494 2138 verbi
3540 2085 3808 2140 instantes

2101 2168 2308 2219 erimus
2355 2166 2419 2219 ⁷⁸.
2470 2166 2666 2233 Vides,
2721 2174 2782 2221 ut
2841 2172 3026 2238 prima
3084 2173 3358 2226 secundis
3401 2173 3804 2243 praatulerint:

2103 2262 2399 2325 utcunque
2448 2273 2561 2311 non
2614 2258 2970 2329 ignorarent,
3022 2262 3195 2316 unius
3239 2271 3479 2334 utraque
3527 2264 3688 2319 bonis
3720 2281 3806 2319 ra-

2106 2345 2254 2401 dicis
2283 2362 2410 2401 esse
2435 2348 2716 2419 germina.

532 3162 1760 3337 ΜΑΚΑΡΙΟΥ
1876 3160 2351 3333 ΤΟΥ
2440 3152 3588 3338 ’ΜΕΓΑΛΟΥ

943 3465 1246 3561 ΠΕΡΙ
1322 3462 2030 3561 ΥΠΟΜΟΝΗΣ
2112 3461 2328 3557 ΚΑΙ
2411 3462 3167 3562 ΔΙΑΚΡΙΣΕΩΣ

1948 3689 2167 3740 ΛΟΓΟΣ

1216 3952 2113 4102 MAGARII
2218 3952 2901 4102 MAGNI

927 4228 1101 4322 DE
1182 4222 1956 4319 PATIENTIA
2023 4221 2198 4313 ET
2268 4221 3194 4317 DISGRETIONE

1940 4432 2194 4494 LIBER.

377 4711 462 4767 A'.
512 4713 636 4769 Τοῖς
683 4709 998 4780 πειθαρχεῖν
1055 4709 1136 4777 τῷ
1185 4704 1342 4779 λόγῳ
1396 4707 1494 4758 τοῦ
1551 4705 1683 4757 Θεοῦ
1744 4701 2007 4776 βουλομέ-
2038 4701 2081 4767 C

306 4818 445 4865 νοις,
490 4797 579 4851 καὶ
630 4798 825 4872 ἀγαθὸν
884 4796 1092 4870 καρπόν
1146 4794 1550 4868 ἐργαζομένοις,
1610 4797 1813 4865 σημεῖα
1867 4812 2010 4865 παρ-

308 4886 603 4940 ακολουθεῖ
678 4887 891 4939 ταῦταο
970 4888 1268 4959 στεναγμὸς
1343 4881 1643 4955 κλαυθμὸς,
1717 4882 2008 4958 κατήφεια,

309 4975 541 5049 ἡσυχία,
594 4972 838 5048 κεφαλῆς
891 4974 1127 5042 κίνησις,
1187 4973 1498 5047 προσευχὴ,
1559 4971 1763 5039 σιωπὴ,
1814 4968 2009 5041 ἐπιμο-

309 5066 401 5133 νή,
464 5060 731 5137 ὀδυνηρὸν
790 5063 1003 5130 πένθος,
1060 5063 1227 5123 πόνος
1284 5058 1508 5136 καρδίας
1564 5060 1694 5133 ὑπὲρ
1742 5056 2011 5120 εὐσεϐείας

310 5153 627 5229 γενόμενος.
689 5150 769 5207 Tit
827 5147 883 5203 δὲ
933 5148 1063 5223 ἔργα
1096 5168 1109 5182 ο
1168 5148 1459 5223 ἀγρυπνία,
1516 5148 1758 5216 νηστεία,
1816 5145 2015 5220 ἐγκρά-

313 5265 450 5307 τεια,
506 5244 774 5317 πραότης,
838 5238 1209 5313 μακροθυμία,
1285 5236 1634 5297 ἀδιάλειπτος
1707 5238 2013 5310 προσευχὴ,

321 5331 521 5407 μελέτη
570 5337 676 5386 τῶν
736 5331 893 5385 θείων
956 5333 1206 5405 Γραφῶν,
1271 5328 1469 5395 πίστις,
1526 5326 1869 5389 ταπείνωσις,
1925 5347 2009 5403 φι-

316 5421 609 5499 λαδελφία,
674 5419 948 5493 ὑποταγὴ,
999 5419 1184 5480 πόνος,
1232 5416 1584 5486 κακοπάθεια,
1634 5414 1837 5488 ἀγάπη,
1888 5414 2016 5487 ἀγα-

322 5512 561 5580 θωσύνη,
608 5509 942 5583 κοσμιότης,
982 5505 1073 5562 καὶ
1121 5507 1184 5561 τὸ
1233 5504 1363 5560 δλον
1415 5508 1551 5583 φῶς,
1583 5504 1612 5557 ὅ
1660 5503 1800 5558 ἐστιν
1849 5504 1877 5557 ὀ
1909 5502 2019 5557 Κό-

326 5619 463 5674 ριος.
514 5602 635 5653 Τῶν
686 5595 743 5652 δέ
797 5618 856 5671 γε
906 5597 984 5671 μή
1027 5594 1328 5651 ποιούντων
1372 5594 1579 5669 καρπὸν
1634 5596 1779 5661 ζωῆς
1819 5592 2025 5666 σημεῖά

324 5689 437 5745 ἐστι
486 5691 658 5742 ταῦτα
688 5705 702 5722 ο
753 5684 969 5756 ἀκηδία,
1019 5684 1372 5761 μιθορισμὸς,
1422 5678 1766 5757 περίϐλεψις,
1809 5681 2022 5755 ἀπροσ-

636 5789 897 5850 Panos.
943 5788 1053 5849 Gs.
1099 5784 1367 5850 XXXIV.

2195 4700 2236 4754 Ι.
2275 4699 2378 4754 Eos
2422 4699 2521 4771 qui
2572 4699 2776 4755 volunt
2822 4701 3057 4757 obedire
3103 4702 3199 4759 Dei
3253 4704 3447 4773 verbo,
3495 4713 3548 4761 et
3606 4706 3821 4762 bonum

2122 4789 2380 4843 fructum
2454 4788 2694 4850 faciunt.
2776 4789 2896 4845 haec
2967 4798 3295 4862 sequuntur
3366 4793 3574 4864 signa:
3621 4797 3820 4867 suspi-

2120 4877 2296 4942 rium,
2373 4878 2665 4947 planctus,
2741 4880 3035 4947 mmstitia,
3099 4882 3284 4952 quies,
3353 4884 3559 4951 capitis
3623 4886 3823 4951 motio,

2122 4967 2329 5035 oratio,
2362 4967 2680 5035 silentium,
2732 4971 3055 5026 constantia
3098 4972 3156 5026 in
3206 4971 3349 5041 loco,
3393 4973 3696 5031 dolorosus
3728 4975 3823 5031 lu-

2122 5061 2277 5123 ctus,
2310 5056 2477 5112 labor
2522 5058 2713 5113 cordis
2760 5076 2862 5130 pro
2913 5060 3125 5130 pietate
3156 5067 3479 5132 susceptus.
3533 5064 3661 5120 Hec
3691 5082 3823 5122 vero

2124 5162 2335 5217 Opera:
2387 5146 2617 5217 vigiliae,
2647 5148 2966 5218 jejunium,
3007 5151 3382 5218 continentia,
3415 5158 3825 5221 mansuetudo,

2126 5237 2563 5308 longanimitas,
2614 5239 2797 5293 oratio
2849 5255 2962 5294 non
3014 5239 3366 5311 intermissa,
3417 5244 3712 5297 meditatio
3746 5245 3833 5297 di-

2127 5326 2393 5380 vinarum
2464 5325 2917 5395 Scripturarum,
2980 5329 3139 5397 fides,
3196 5332 3510 5395 humilitas,
3572 5332 3826 5386 Charitas

2131 5413 2410 5480 fraterna,
2485 5414 2789 5485 subjectio,
2868 5416 3049 5484 labor,
3130 5434 3435 5489 aperorum
3514 5419 3831 5487 perpessio,

2133 5504 2409 5570 charitas,
2460 5505 2708 5570 bonitas,
2734 5506 3029 5573 honestas,
3079 5512 3135 5562 et
3177 5523 3348 5562 omne
3396 5508 3614 5574 lumen,
3675 5509 3827 5578 quod

2131 5602 2219 5649 est
2263 5592 2562 5649 Dominus.
2616 5595 2828 5650 Eorum
2878 5603 3069 5650 autem
3117 5594 3216 5663 qui
3275 5610 3390 5649 non
3438 5595 3656 5651 faciunt
3709 5597 3832 5651 fru-

2134 5688 2296 5742 ctum
2346 5683 2498 5751 vitaz,
2549 5683 2715 5756 signa
2772 5684 2895 5738 haec
2946 5690 3122 5739 sunt:
3172 5682 3416 5749 incuria,
3449 5685 3833 5755 transgressio

3425 5785 3503 5839 28

3728 5984 3861 6057 κβ
