4130 6286
312 283 433 343 867
1649 275 1715 334 S.
1761 262 2086 332 MACARH

2130 261 2473 325 EGYPTII
2822 264 2825 265 ⁷
3728 247 3908 312 868

303 416 455 470 ultra
502 414 803 478 terminos,
856 412 1060 469 effusio
1110 416 1377 483 aspectus
1425 408 1485 463 in
1535 423 1735 463 omnes
1787 409 2002 477 partes,

2129 395 2254 466 εξία,
2299 393 2638 470 γογγυσμὸς,
2686 392 2984 467 κέπφωσις.
3032 390 3103 445 Τὰ
3157 388 3213 443 δὲ
3270 382 3397 463 ἔργα
3430 404 3444 417 ⁸
3503 382 3903 458 ἀδδηφαγεα

301 505 679 575 negligentia,
732 503 1143 571 murmuratio,
1188 502 1325 557 levis
1371 499 1768 554 circumactio.
1820 496 2006 567 Opera

298 609 476 649 vero:
532 594 830 662 voracitas,
883 594 988 659 ira,
1040 590 1427 655 vehementia,
1489 588 1852 654 obtrectatio,
1914 590 2005 640 tu-

302 699 450 751 mor,
481 683 818 752 importuna
865 681 1210 751 loquacitas.
1262 678 1663 743 incredulitas,
1715 673 2003 731 instabili-

299 777 411 838 tas,
466 772 697 836 oblivio,
748 771 1028 834 turbatio,
1085 770 1234 824 lucri
1294 769 1513 823 sordidi
1564 766 1838 836 captatio,
1901 779 2007 827 pe—

298 861 482 917 cunia:
533 860 837 931 cupiditas,
892 860 1205 924 aemulatio,
1252 857 1566 920 contentio,
1603 854 2003 922 despicientia,

296 952 625 1023 nugacitas,
680 951 1131 1021 intempestivus
1182 950 1359 1016 risus,
1422 946 1737 1017 pertinacia
1795 962 2005 1001 sensus

294 1040 552 1112 proprii;
585 1044 641 1095 et
670 1056 874 1094 omnes
908 1038 1181 1105 tenebrae,
1218 1054 1344 1109 quas
1367 1042 1501 1091 sunt
1532 1037 1800 1091 Satanas.

370 1130 441 1185 II.
478 1129 583 1184 Per
631 1144 873 1194 arcana,
925 1129 1025 1183 sed
1073 1128 1187 1182 Deo
1219 1129 1428 1198 dignae,
1464 1124 1835 1196 providentiae
1864 1138 2003 1179 con-

296 1218 525 1285 silium,
558 1233 670 1272 non
722 1218 915 1273 statim
966 1218 1027 1272 in
1076 1219 1362 1272 decretam
1396 1217 1503 1286 ipsi
1543 1216 1866 1285 gehennam
1902 1213 2004 1267 im-

298 1310 428 1381 pius
486 1309 761 1377 mittitur,
825 1308 925 1362 sed
977 1308 1207 1361 interim
1270 1305 1480 1360 sinitur
1529 1304 1623 1359 hic
1680 1304 1891 1368 vivere,
1944 1306 2008 1357 ut

297 1404 483 1463 vexet,
535 1414 601 1453 ac
647 1399 905 1453 vexando
947 1397 1147 1467 probet
1198 1396 1502 1463 homines;
1555 1399 1726 1463 atque
1774 1395 1874 1460 ita,
1908 1395 2008 1447 ut-

297 1505 528 1559 cunque
576 1504 691 1543 non
740 1489 963 1554 volens,
1013 1486 1249 1554 efﬁciat,
1301 1490 1364 1540 ut
1414 1485 1602 1539 sancti
1651 1490 1910 1539 crescant
1951 1482 2006 1536 in

297 1577 536 1648 justitia
584 1593 683 1648 per
731 1576 1112 1646 patientiam;
1166 1592 1231 1630 ac
1281 1590 1381 1646 per
1422 1575 1531 1630 hoc
1578 1571 1815 1642 majoris
1861 1571 2007 1643 ipsis

297 1667 494 1739 glorias
526 1684 704 1722 causa
735 1667 845 1733 sit;
896 1667 1122 1736 sibique
1176 1665 1429 1718 vicissim
1475 1680 1575 1735 per
1605 1677 1769 1717 suam
1801 1660 2005 1716 volun-

294 1757 505 1810 tariam
539 1754 987 1810 obstinationem
1022 1756 1079 1809 in
1140 1752 1405 1823 peccatis,
1439 1757 1495 1807 et
1529 1751 1848 1806 malitiosas
1881 1766 2006 1804 ma-
2041 1794 2084 1858 Β

289 1843 660 1899 cbinationes
711 1843 767 1897 in
817 1848 1070 1909 sanctos,
1130 1847 1294 1897 tanto
1347 1841 1570 1910 justius
1630 1839 2005 1910 inﬂigendam

289 1935 513 2006 probet,
547 1950 673 2005 quas
710 1933 815 2002 ipsi
850 1938 1139 1999 servatur,
1199 1946 1450 2001 poenam.
1493 1929 1810 1995 Nimirum,
1858 1928 2003 1998 quod

292 2022 527 2078 divinus
569 2023 650 2076 ait
720 2024 1073 2093 Apostolus:
1130 2023 1191 2079 Ut
1238 2023 1337 2092 ﬁat
1382 2033 1549 2093 supra
1606 2018 1829 2074 modum
1884 2033 2009 2089 pec-

300 2127 434 2167 cans
462 2118 751 2179 peccatum
779 2111 845 2165 "9.

368 2203 523 2257 180
571 2202 669 2258 ΙΙΙ.
729 2204 869 2258 Cum
925 2202 1248 2273 decepisset
1299 2202 1592 2256 Adamum
1627 2197 1924 2263 inimicus,
1957 2199 2013 2251 et

296 2292 380 2346 sic
411 2305 539 2344 eum
570 2292 827 2346 dominio
878 2308 979 2346 suo
1012 2292 1410 2361 subjugasset,
1461 2288 1676 2360 eripuit
1724 2287 1798 2351 ei,
1834 2300 2010 2357 quam

291 2382 453 2452 prius
512 2381 779 2445 habebat,
835 2388 1218 2452 potestatem;
1254 2382 1333 2434 ita
1392 2379 1660 2449 princeps
1705 2378 1881 2445 hujus
1914 2391 2015 2429 saa-

295 2469 410 2523 culi
446 2470 773 2523 declaratus
802 2478 911 2523 est.
948 2470 1222 2538 Princeps
1256 2468 1548 2538 siquidem
1581 2466 1759 2535 hujus
1791 2464 2013 2528 saeculi,

300 2564 356 2612 et
388 2560 663 2612 dominus
692 2558 954 2611 omnium
989 2558 1306 2611 visibilium
1341 2559 1514 2611 homo
1540 2557 1612 2609 ab
1640 2556 1801 2608 initio
1838 2554 2015 2607 fuerat

301 2664 335 2700 a
369 2646 480 2700 Deo
513 2647 886 2700 constitutus.
919 2645 1041 2700 Non
1076 2648 1229 2699 enim
1264 2647 1376 2715 ipsi
1402 2644 1707 2712 praevalere
1732 2642 1886 2713 ignis
1922 2658 2015 2711 po-

312 2741 483 2803 terat,
516 2752 630 2789 non
682 2751 813 2789 eum
865 2752 1017 2805 aqua
1056 2736 1411 2805 demergere,
1464 2750 1576 2787 non
1629 2732 1712 2786 illi
1765 2734 1884 2786 fera
1915 2747 2017 2785 no-

312 2839 461 2892 cere,
496 2842 609 2881 non
644 2841 819 2879 suum
871 2826 924 2878 in
973 2827 1100 2893 ejus
1150 2825 1415 2879 membra
1463 2839 1747 2877 venenum
1783 2822 2016 2876 noxium

313 2916 560 2986 quodvis
591 2916 803 2969 animat
831 2915 1176 2969 diffundere.
1212 2913 1290 2967 Ex
1322 2930 1436 2984 quo
1466 2922 1661 2967 autem
1694 2910 2019 2980 deceptioni

309 3004 646 3071 succubuit,
699 3004 954 3074 prodidit
1013 3004 1309 3073 deceptori
1367 3001 1755 3074 principatum
1819 3017 2015 3055 suum.

308 3099 549 3165 I’rOpter
596 3109 772 3165 quam
815 3108 1049 3148 causam
1103 3092 1256 3163 magi
1318 3101 1371 3145 et
1432 3090 1899 3163 praesiigiatores,
1961 3094 2017 3144 et

2111 486 2275 560 ὀργὴ,
2356 485 2551 551 θυμὸς,
2638 479 2971 548 καταλαλία,
3059 479 3342 555 φυσίωσις,
3432 475 3896 551 ἀκαιρολογῖα,

2114 574 2355 643 ἀπιστία,
2404 574 2789 639 ἀκαταστασία,
2845 571 3015 640 λήθη,
3070 568 3310 643 ταραχὴ,
3375 563 3891 641 αἰσχροκέρδεια,

2115 663 2469 740 φιλαργυρία,
2566 662 2759 731 ζήλος,
2848 660 3069 735 ἐρίθεια,
3175 656 3463 731 ὑπεροψία,
3556 654 3883 733 φλυαρία,

2110 751 2332 826 ἄκαιρος
2377 751 2577 827 γέλως,
2629 748 2958 821 ἐθελοδοξία,
3006 748 3097 803 καὶ
3147 748 3210 802 τὸ
3265 750 3367 801 πᾶν
3419 745 3631 813 σκότος,
3702 746 3885 819 ὅπερ

2113 843 2255 898 ἐστὶν
2287 844 2314 897 6
2347 847 2604 903 Σατανᾶς.

2186 1117 2257 1174 Β’.
2312 1116 2440 1171 Κατ’
2498 1114 2820 1186 οἷ’κονομίαν
2886 1114 3159 1184 θειοτέραν
3233 1111 3389 1190 φησὶ,
3454 1111 3553 1166 οὐκ
3621 1108 3871 1172 εὒθέως

2114 1206 2189 1267 εἷς
2243 1207 2343 1274 τὴν
2398 1204 2777 1279 κληρωθεῖσαν
2834 1204 2983 1274 αὑτῷ
3036 1205 3251 1277 γέενναν
3309 1203 3336 1255 6
3387 1202 3627 1272 πονηρὸς
3699 1220 3871 1272 ’παρ⁹

2114 1295 2361 1368 επέμφθη
2400 1315 2412 1328 ’
2476 1294 2621 1349 ἀλλὰ
2686 1293 2918 1369 βασάνου
2973 1292 3063 1347 καὶ
3122 1289 3442 1365 δοκιμασίας
3501 1294 3667 1367 χάριν
3745 1295 3865 1345 τοῦ

2110 1407 2168 1440 τε
2200 1385 2511 1458 ἀνθρώπου,
2558 1384 2725 1461 φημὶ,
2759 1384 2987 1458 παρείθη
3025 1401 3038 1414 ’
3088 1381 3177 1436 ’ίνα
3216 1382 3303 1437 καὶ
3356 1379 3499 1436 ἄκων
3550 1378 3866 1435 δικαιοτέ-

2113 1495 2241 1549 ρους
2303 1477 2397 1546 μὲν
2457 1473 2584 1535 τοὺς
2645 1473 2830 1548 ἁγίους
2891 1470 2979 1527 διὰ
3035 1478 3135 1542 τῆς
3183 1473 3466 1545 ὑπομονῆς
3515 1472 3860 1547 ἀπεργάση-

2112 1584 2220 1636 ται,
2253 1566 2341 1620 καὶ
2394 1566 2645 1637 μείζονος
2696 1563 2879 1625 αὐτοῖς
2933 1560 3092 1632 δόξης
3141 1560 3314 1626 α’ίτιος
3363 1568 3600 1631 καταστῆ
3643 1582 3655 1594 ·
3712 1563 3864 1616 eam-

2109 1659 2188 1726 τῷ
2248 1652 2303 1709 δὲ
2362 1652 2528 1708 πάλιν
2611 1649 2699 1707 διὰ
2768 1660 2869 1721 τῆς
2926 1651 3064 1713 ῗδίας
3134 1650 3501 1722 ἐθελοκανίας,
3555 1653 3648 1706 καί

2114 1747 2248 1801 κατὰ
2306 1751 2415 1800 τῶν
2475 1741 2643 1821 ἁγίων
2705 1741 2955 1797 ἐπινοιῶν
3030 1740 3365 1809 δικαιοτέραν
3445 1745 3853 1816 κατασκευάσῃ

2116 1837 2213 1905 τήν
2270 1835 2495 1890 κόλασιν
2535 1852 2547 1866 ·
2609 1832 2715 1889 Καὶ
2763 1831 2873 1899 ἵνα,
2936 1833 3097 1909 φησὶν
3159 1836 3186 1888 ὁ
3245 1834 3392 1895 θεῖος
3452 1831 3850 1902 Ἀπόστολος,

2116 1925 2237 1979 καθ’
2268 1920 2579 1997 ὑπερϐολὴν
2613 1922 2836 1997 γένηται
2870 1920 3198 1998 ἁμαρτωλὸς
3230 1923 3264 1991 ἡ
3299 1921 3558 1998 ἁμαρτία.

3730 1656 3861 1705 τῶν

2193 2197 2262 2250 Γ¹.
2293 2195 2581 2263 Απατήσας
2627 2192 2717 2248 τὸν
2754 2190 2930 2266 Ἀδὰμ
2977 2194 3005 2248 6
3054 2191 3270 2268 ἐχθρος,
3306 2191 3396 2248 λαὶ
3454 2192 3628 2256 οὕτως
3661 2193 3846 2250 αὑτοῦ

2121 2282 2405 2353 κυριεύσας
2460 2282 2650 2361 ἀφεῖλέ
2704 2303 2762 2338 τε
2818 2283 2978 2338 αὑτὸν
3037 2285 3137 2353 τήν
3185 2282 3450 2354 ἐξουσίαν,
3497 2286 3587 2339 καὶ
3640 2287 3844 2365 ἄρχων

2125 2372 2325 2435 ἐκεῖνος
2406 2378 2503 2428 τοῦ
2579 2372 2775 2435 atem;
2849 2372 3009 2428 τοῦδε
3083 2374 3525 2449 προσηγορεόθη.
3607 2376 3846 2452 ’Ἄρχων

2126 2460 2182 2518 δὲ
2238 2466 2334 2518 τοῦ
2383 2464 2581 2527 αίῶνος
2637 2464 2833 2519 τούτου
2891 2464 2978 2518 καί
3040 2458 3309 2533 δεσπότης
3359 2467 3469 2518 τῶν
3529 2461 3837 2539 ὁρωμένων

2126 2554 2153 2607 6
2199 2552 2482 2627 ἄνθρωπος
2532 2554 2567 2622 ἦ
2626 2552 2677 2623 ἐξ
2727 2554 2908 2628 ἀρχῆς
2971 2554 3075 2608 ὑπὸ
3132 2559 3228 2609 τοῦ
3280 2555 3479 2629 Κυρίου
3538 2557 3834 2618 καταστάς.

2125 2642 2261 2700 Οῧτε
2321 2644 2425 2719 γὰρ
2473 2646 2579 2718 πῦρ
2644 2642 2810 2697 αὑτοῦ
2866 2642 3179 2718 κατίσχυεν,
3249 2643 3357 2719 οὐχ
3416 2641 3556 2719 ὕδωρ
3609 2644 3835 2701 ἐπόντι-

2127 2738 2229 2802 ζεν,
2283 2732 2344 2786 οὐ
2400 2732 2588 2805 θηρίον
2637 2728 2925 2803 ἔϐλαπτεν,
2980 2733 3079 2787 οὐκ
3140 2728 3362 2787 ἰοϐόλον
3424 2734 3498 2788 ἐπ’
3553 2733 3691 2805 αὐτῷ
3746 2737 3816 2789 τὸ

2127 2821 2325 2877 οῖ’κεῖον
2386 2818 2599 2895 ἐνήργει
2635 2838 2649 2853 ⁶
2710 2821 2797 2898 ἀφ’
2856 2821 2917 2875 οὗ
2978 2814 3033 2876 δὲ
3091 2826 3158 2895 τῇ
3217 2814 3396 2897 ἀπάτῃ
3452 2824 3567 2893 εἶξε,
3619 2821 3820 2897 προδέ-

2129 2910 2268 2966 δωκε
2298 2916 2377 2981 τῷ
2428 2911 2795 2981 ἀπαστήσαντι
2846 2914 2943 2981 τήν
2996 2911 3174 2989 ἀρχὴν
3202 2930 3216 2945 ·
3252 2910 3322 2966 δι’
3369 2914 3431 2981 ἦν
3481 2912 3647 2968 αἰτίαν
3690 2934 3829 2989 σμαρ-

2134 3003 2295 3074 μακοί
2354 3023 2412 3056 τε
2469 3003 2561 3055 καὶ
2616 3004 2812 3077 γοῆτες
2867 3004 2982 3056 κατ’
3040 3001 3274 3057 ἐναντίαν
3351 3002 3641 3077 ἐνέργειαν,
3696 3008 3831 3058 Θεοῦ

2129 3087 2186 3145 δὲ
2242 3090 2614 3165 συγχώρησιν,
2674 3086 3098 3164 παραδοξοποιοί
3182 3089 3481 3147 δείκνυνται
3515 3114 3527 3126 ·
3590 3088 3828 3147 ἰοϐόλων

309 3200 407 3254 per
436 3184 820 3238 adversariam
845 3183 1162 3237 etiicaciarn
1192 3182 1362 3249 mira,
1384 3177 1498 3234 Deo
1522 3180 1603 3235 sic
1623 3180 2007 3250 permittente.

2129 3201 2184 3235 τε
2238 3181 2339 3254 γὰρ
2394 3178 2727 3253 κυριεύουσι,
2774 3181 2862 3235 καὶ
2915 3185 3086 3254 πυρὸς
3144 3179 3235 3235 καὶ
3297 3179 3505 3236 ὑδάτων
3569 3183 3833 3237 κατατολ-

309 3280 644 3344 operantur,
678 3273 973 3326 venenatis
1014 3275 1387 3326 dominantes
1439 3272 1662 3337 bestiis,
1708 3268 2018 3338 ignemque

309 3371 365 3419 et
395 3381 577 3433 aquas
627 3366 753 3417 sine
802 3380 950 3416 noxa
1001 3365 1340 3427 subeuntes,
1395 3366 1458 3415 ut
1504 3361 1722 3415 Jannes
1755 3368 1811 3415 et
1842 3364 2017 3413 Mam-

310 3457 441 3508 bres
498 3452 808 3507 adversarii
865 3449 1079 3518 Mosis;
1116 3457 1180 3505 ut
1229 3453 1427 3505 Simon
1480 3449 1724 3520 princnpi
1784 3454 2016 3520 aposto-

310 3546 492 3600 lorum
531 3543 692 3597 Petro
723 3556 851 3593 sese
884 3557 1063 3594 ausus
1096 3548 1184 3594 est
1214 3554 1521 3608 opponere.

384 3632 475 3687 IV.
508 3630 786 3685 Existimo
820 3628 1139 3696 diabolum,
1192 3629 1424 3698 quando
1473 3628 1885 3683 animadvertit
1918 3629 2011 3681 ite-

314 3739 439 3779 rum
483 3721 848 3791 eii'utgentem
896 3720 951 3771 in
1000 3719 1142 3774 facie
1194 3718 1365 3773 Mosis
1430 3718 1694 3773 eamdem
1746 3718 2011 3789 gloriam,

313 3828 488 3882 quam
544 3810 602 3863 in
650 3809 812 3862 vultu
862 3808 1067 3862 Adami
1120 3808 1357 3875 viderat,
1412 3824 1523 3861 non
1576 3823 1777 3877 parum
1837 3806 2013 3861 fuisse

310 3900 679 3972 perculsum;
733 3906 927 3967 utpOIe
978 3899 1113 3953 inde
1164 3900 1473 3971 augurium
1519 3900 1822 3953 ducentem
1858 3894 2011 3965 deje-

306 3991 515 4047 ctionis
564 4007 629 4045 ex
667 4006 772 4043 suo
824 4005 1018 4059 regno.
1074 3988 1227 4042 Nihil
1280 3995 1471 4041 autem
1535 3988 1797 4054 impedit,
1868 3987 2009 4057 quin

306 4082 560 4143 Apostoli
615 4081 828 4134 dictum
883 4082 951 4133 ad
1015 4081 1067 4132 id
1132 4080 1484 4134 referamus:
1551 4081 1809 4149 Regnavit
1868 4096 2011 4133 mors

304 4173 372 4225 ab
420 4171 592 4225 Adam
643 4186 810 4238 usque
859 4168 927 4223 ad
985 4168 1237 4240 Moysem,
1287 4168 1456 4222 etiam
1513 4168 1574 4222 in
1623 4184 1709 4223 eos
1758 4168 1854 4240 qui
1901 4185 2007 4222 non

302 4270 658 4330 peccaverunt
686 4258 749 4310 ⁸ο.
793 4258 995 4324 Opinio
1040 4259 1193 4311 enim
1250 4258 1367 4312 haec
1402 4274 1524 4311 mea
1574 4264 1679 4319 est,
1715 4258 2011 4326 gloriﬁca-

308 4357 425 4401 tam
460 4347 616 4399 illam
664 4347 864 4399 faciem
924 4347 1155 4417 Moysns,
1208 4363 1540 4416 expressam
1595 4345 1750 4399 velut
1798 4362 1865 4399 ex
1896 4362 2007 4398 an-

307 4439 467 4508 tiquo
526 4436 831 4505 exemplari
886 4436 1125 4489 formam
1179 4441 1627 4505 reprresentasse
1686 4434 2008 4503 conspicuae

2128 3274 2323 3341 μῶσιν,
2382 3269 2454 3330 ὡς
2516 3269 2566 3322 οἱ
2624 3267 2746 3341 περὶ
2809 3275 3004 3337 Ἰαννῆ,
3065 3269 3230 3341 φημὶ,
3292 3270 3381 3324 καὶ
3442 3267 3832 3345 Μαμϐρῆντῷ

2126 3362 2296 3432 Μωαῇ
2356 3359 2742 3431 ἀντικείμενοι,
2819 3359 2911 3412 καὶ
2969 3359 3044 3423 ὡς
3121 3360 3311 3433 Σίμων
3386 3365 3468 3432 τῷ
3545 3362 3830 3435 κορυφαίῳ

2122 3448 2311 3522 Πὲτρῳ
2344 3448 2791 3524 ἀντιφερόμενος.

2193 3630 2263 3687 Δ’.
2297 3629 2483 3700 Οἶμαι,
2519 3630 2703 3707 φησὶν,
2737 3628 2820 3684 ὅτι
2862 3629 2951 3683 καὶ
2981 3630 3082 3698 τὴν
3132 3631 3397 3703 προτέραν
3442 3632 3610 3685 αὑτοῦ
3651 3628 3825 3703 ’Δδὲιμ

2121 3716 2276 3788 δόξαν
2337 3718 2545 3790 ὁμοίως
2602 3722 2679 3788 τῷ
2739 3720 3021 3793 προσώπῳ
3081 3719 3321 3780 Μωσὲως
3378 3718 3815 3792 ἐπιλάμπουσαν,

2117 3808 2207 3862 τὸν
2258 3808 2453 3883 ἐχθρὸν
2508 3808 2835 3879 θεασάμενον
2895 3809 3096 3869 ἱκανῶς
3143 3811 3419 3884 τρῶθῆναι
3456 3831 3469 3843 ·
3527 3812 3816 3885 καθαπερεί

2116 3900 2532 3972 τεκμηράμενον
2612 3901 2713 3966 τὴν
2776 3906 2876 3968 τῆς
2950 3900 3140 3954 ἑαυτοῦ
3214 3901 3492 3976 βασιλείας
3574 3903 3812 3976 καθαίρε-

2120 4009 2222 4044 σιν.
2258 3986 2421 4043 Οὐδὲν
2485 3985 2541 4041 δὲ
2598 3987 2658 4041 τὸ
2717 3987 2935 4043 κωλῦον
3000 3988 3090 4043 καὶ
3152 3991 3213 4045 τὸ
3271 3990 3609 4047 Ἀποστόλου
3660 3993 3814 4065 ῥητὸν

2117 4078 2253 4151 πρὸς
2312 4081 2475 4131 τοῦτο
2551 4075 2825 4155 φέρεσθαι,
2901 4079 2985 4146 τὸ,
3049 4073 3423 4135 Ἐϐασίλευσεν
3496 4082 3524 4136 ὁ
3595 4083 3809 4145 θάνατος

2116 4168 2222 4222 ἀπὸ
2278 4164 2458 4239 Ἀδὰμ
2515 4165 2682 4241 μέχρι
2730 4169 2989 4237 Μωσέως,
3049 4168 3137 4223 καὶ
3189 4166 3274 4224 ἐπὶ
3327 4169 3458 4232 τοὺς
3511 4173 3587 4244 μή
3644 4173 3804 4246 ἁμαρ-

2114 4258 2379 4325 τήσαντας
2474 4260 2626 4309 Δοκῶ
2706 4257 2809 4331 γάρ
2871 4278 2989 4328 μοι,
3046 4258 3108 4311 τὸ
3186 4255 3574 4332 δεδοξασμένον
3646 4260 3797 4330 πρόσ-

2116 4365 2265 4399 ωπον
2317 4342 2559 4405 Μωσέως
2590 4344 2758 4398 τὺπον
2803 4345 2892 4399 καὶ
2927 4344 3233 4419 ὑπόδειγμα
3284 4350 3474 4416 σώζειν
3525 4354 3615 4403 τοῦ
3653 4349 3791 4420 πρώ-

2112 4455 2208 4489 του
2267 4431 2354 4488 διὰ
2433 4437 2635 4508 χειρῶν
2709 4439 2843 4489 Θεοῦ
2916 4433 3421 4511 δημιουργηθέντος
3486 4438 3779 4509 ἀνθρώτου·

301 4526 609 4593 claritatis,
643 4542 756 4595 qua
809 4527 957 4580 Deus
1001 4528 1169 4595 primi
1204 4526 1327 4580 suis
1374 4527 1645 4580 manibus
1695 4526 1872 4580 et'ﬁcti
1906 4525 2006 4578 ho-

2129 4523 2247 4597 ἕπερ
2304 4521 2487 4577 ἰδόντα
2542 4525 2634 4578 τὸν
2712 4524 2963 4591 θάνατον,
3023 4527 3267 4581 τουτέστι
3348 4529 3572 4583 θανάτου
3629 4522 3779 4580 α’ἶτιον

303 4618 476 4673 minis
506 4620 727 4672 vultum
764 4617 1160 4685 insigniverat.
1194 4619 1348 4683 Quod
1403 4633 1533 4672 cum
1583 4616 1797 4670 videret
1825 4632 1998 4678 mors,

300 4707 408 4762 hoc
438 4714 544 4774 est,
577 4708 779 4763 mortis
810 4713 1010 4763 auctor
1056 4708 1346 4771 diabolus,
1395 4712 1520 4761 tum
1553 4706 1836 4776 suspicari
1868 4721 2000 4760 eum

298 4797 566 4864 coepisse,
598 4798 859 4851 excidere
891 4812 951 4850 se
993 4813 1188 4865 regno,
1215 4807 1272 4849 et
1304 4814 1334 4849 a
1369 4796 1607 4850 Domino
1641 4812 1769 4849 vero
1802 4796 1907 4848 hoc
1940 4809 2002 4847 se

300 4901 628 4955 passurum.
692 4886 957 4938 Eamitem
1030 4901 1197 4954 porro
1258 4883 1497 4956 gloriam
1572 4890 1631 4938 et
1679 4901 1832 4939 nunc
1883 4882 1998 4937 veri

297 4970 607 5025 Christiani
640 4969 887 5023 induunt
912 4970 1068 5023 intus
1092 4971 1149 5024 in
1178 4975 1405 5035 mente;
1444 4971 1541 5024 ubi
1585 4970 1768 5025 deleta
1793 4978 1996 5037 morte,

298 5062 405 5116 hoc
434 5065 543 5126 est,
589 5058 960 5129 passionibus
995 5060 1348 5129 ignominiaa,
1408 5060 1528 5115 sive
1578 5076 1997 5131 concumscen-

298 5151 392 5204 liis
423 5149 505 5203 ita
549 5147 888 5214 debilitatis,
922 5153 986 5202 ut
1030 5150 1255 5219 operari
1308 5154 1614 5219 nequeant,
1657 5149 1841 5221 gloria
1869 5151 1997 5221 Spi-

293 5240 440 5294 ritus
473 5239 711 5309 eﬂ‘ulget
743 5238 799 5291 in
836 5254 1034 5303 sensu,
1068 5243 1123 5293 et
1172 5239 1537 5310 plenitudine
1584 5242 1743 5295 omni
1776 5240 1997 5295 ﬁduciae

295 5328 522 5384 animas
555 5327 789 5383 illorum
827 5328 1130 5383 irradisns.

362 5416 427 5473 V.
464 5417 569 5473 Per
600 5417 927 5488 mulierem,
964 5428 1164 5489 aptum
1199 5418 1272 5474 ob
1305 5418 1753 5476 similitudinem
1782 5420 1999 5477 instru-

365 5594 413 5631 7°
444 5599 611 5654 Rom.
646 5615 756 5669 vn,
789 5600 874 5656 13.
953 5600 997 5637 ⁸ο
1026 5600 1191 5659 Rom.
1223 5618 1279 5669 ν,
1313 5602 1364 5657 1.

2117 4609 2401 4678 διάϐολον,
2466 4612 2577 4668 ἐκεῖ
2636 4614 2731 4685 μὶν
2809 4614 3137 4669 ὑποπτεῦσαι
3189 4624 3289 4685 τῆς
3363 4617 3635 4691 βασιλείας
3688 4612 3790 4669 δια-

2114 4708 2293 4758 πεσεῖν
2329 4715 2340 4735 ⁶
2395 4701 2482 4757 ἐπὶ
2515 4700 2571 4757 δὲ
2621 4707 2715 4756 τοῦ
2768 4703 2965 4777 Κυρίου
3016 4706 3152 4779 πρὸς
3199 4706 3459 4776 ἀλήθειαν
3508 4711 3666 4761 τοῦτο
3713 4724 3798 4759 πα-

2114 4793 2247 4848 θεῖν.
2304 4790 2503 4855 Ταύτην
2569 4796 2857 4865 τοιγαροῦν
2916 4795 3016 4863 τήν
3070 4792 3224 4864 δόξαν
3283 4794 3391 4850 ἀπὺ
3464 4816 3521 4871 γε
3580 4799 3672 4849 τοῦ
3722 4799 3799 4849 νῦν

2113 4882 2168 4935 οἱ
2216 4877 2465 4953 ἀψευδεῖς
2522 4883 2838 4953 Χριστιανοὶ
2907 4878 3339 4956 περιϐάλλονται
3374 4902 3387 4919 ⁸
3466 4886 3553 4939 καὶ
3607 4882 3797 4939 ἔνδοθεν

2114 4970 2201 5024 ὑπ’
2257 4968 2434 5023 αὑτῶγ
2488 4971 2515 5025 ὁ
2566 4971 2815 5041 θάνατος,
2865 4970 3048 5026 ε’ίτουν
3093 4975 3159 5028 τὰ
3208 4978 3308 5044 τῆς
3358 4974 3581 5048 ἀτιμίας
3632 4993 3801 5049 καταρο

2107 5064 2280 5135 γεῖται
2322 5060 2488 5129 πάθη,
2540 5059 2767 5136 ἐνεργεῖν
2815 5062 2891 5134 μὴ
2946 5059 3214 5134 δυνάμενα
3249 5083 3261 5095 ’
3317 5064 3406 5119 ἅτε
3455 5059 3522 5131 δή
3572 5071 3669 5133 τῆς
3713 5067 3798 5119 τοῦ

2109 5148 2423 5221 Πνεὺματος
2485 5148 2647 5220 δόξης
2700 5149 2752 5204 ἐν
2812 5150 3057 5223 αἷσοήσιι
3114 5154 3203 5208 καὶ
3263 5153 3618 5234 πληροφορίᾳ
3671 5154 3797 5227 πάσῃ

2106 5245 2222 5302 ταῖς
2253 5243 2455 5315 ψυχαῖς
2487 5240 2662 5295 αὐτῶν
2688 5240 3112 5316 ἐλλαμποὺσης.

2186 5420 2265 5477 Ε’.
2300 5421 2401 5474 Διὰ
2446 5424 2546 5489 τῆς
2580 5419 2834 5484 νυναικὸς
2886 5418 2960 5483 ὡς
3012 5418 3082 5477 δι’
3133 5421 3334 5497 ὁμοίου
3381 5423 3581 5486 τινὸςὸ
3625 5418 3804 5498 ἐχθρὸς
