4130 6286
241 333 362 392 869

1201 336 1441 396 LIBER
1484 337 1587 398 DE
1633 338 2043 401 PATIENTIA
2087 340 2186 401 ET
2229 340 2783 406 DlSCRE’l‘IONE.

3636 341 3755 399 870

243 464 547 534 ἀπατήσας,
596 461 951 539 ἀφαιρεθῆναι
1008 465 1108 533 τήν
1180 467 1564 542 περικειμένην
1632 470 1725 525 τὸν
1770 468 1982 544 Ἀδᾶμγ

2083 478 2318 530 uentum
2372 474 2629 542 fallendi,
2681 475 2917 544 decepto
2965 471 3240 526 inimicus
3283 470 3504 526 Adamo
3545 471 3753 537 effecit,

244 551 397 624 δόξαν
459 554 744 622 πεποίηκε.
808 554 904 609 Καὶ
966 553 1138 618 οὕτως
1197 560 1400 631 γυμνός
1464 581 1523 614 τε
1580 560 1796 634 εὑρέθη,
1855 563 1945 616 καὶ

242 644 340 711 τήν
393 643 790 721 ἀσχημοσύνην
841 641 951 698 εἶδε
1004 646 1103 713 σὴν
1164 647 1378 715 ἑαυτοῦ,
1410 649 1477 717 ἢν
1548 646 1612 717 δὴ
1682 649 1946 724 πρότερον

244 733 353 807 οὐχ
403 734 565 805 ἑώρα,
607 733 697 787 ἅτε
743 737 839 787 τοῦ
881 736 1232 809 φρονήματος
1274 736 1437 792 αὐτοῦ
1485 744 1601 801 τοῖς
1652 739 1713 793 οὐ
1751 740 1952 814 ρανίοις

244 821 502 878 κάλλεσιν
561 821 951 900 ἐντρυφῶντος.
1004 825 1100 879 Καὶ
1157 830 1260 901 γὰρ
1328 829 1461 899 μετὰ
1533 830 1632 897 τήν
1707 826 1949 904 παράϐα-

247 933 327 966 σιν
378 911 643 988 πρόσγεια
700 915 914 987 γὲγονεν
974 914 1118 985 αύτῷ
1175 916 1264 970 καὶ
1323 926 1639 991 χαμαιπετῆ
1707 920 1772 974 τὰ
1819 922 1949 989 νοή-

251 1023 393 1076 ματα
424 1021 437 1034 ’
472 1002 562 1057 καὶ
602 1002 664 1056 τὸ
710 1000 917 1057 ἁπλοῦν
970 1002 1114 1075 αὐτῷ
1143 1006 1234 1060 καὶ
1284 1006 1477 1081 ἀγαθὸν
1521 1009 1777 1087 φρόνημα
1817 1030 1954 1086 φρο-

246 1094 451 1167 νήμαοι
520 1092 707 1155 κακίας
766 1099 1007 1168 σαρκικῷ
1059 1096 1369 1168 συνεπλάκη
1424 1118 1437 1131 '
1505 1102 1568 1155 τὸ
1655 1098 1710 1155 δὲ
1800 1101 1955 1155 κλει-

251 1186 441 1251 σθῆναι
530 1185 623 1239 τὸν
685 1182 1005 1257 παράδεισον
1064 1187 1152 1240 καὶ
1210 1191 1277 1261 τῇ
1346 1187 1606 1265 φλογνίνῃ
1673 1189 1953 1265 {populis},

249 1275 339 1328 καὶ
386 1278 465 1344 τῷ
513 1269 804 1347 Χερουϐὶμ
866 1274 1229 1350 ἐπιτραπῆναι
1279 1275 1602 1333 διακωλύειν
1658 1281 1807 1352 αύτῷ
1853 1289 1952 1350 τῆν

250 1360 480 1432 εἷ’σοδον,
537 1368 700 1418 τοῦτο
766 1366 901 1419 κατὰ
971 1367 1063 1437 μὲν
1123 1368 1184 1421 τὸ
1248 1369 1442 1441 ὁρατὸν
1500 1370 1589 1423 καὶ
1648 1370 1954 1426 πιστεύεται

252 1454 587 1529 γεγενῆσθαι,
638 1454 711 1515 ὡς
759 1453 970 1527 εἷ’ρηται
1006 1476 1018 1489 ·
1070 1456 1371 1529 εὑρίσκεται
1432 1456 1489 1512 δὲ
1536 1460 1625 1513 καὶ
1677 1465 1803 1535 παρ’
1835 1460 1959 1514 ἑκά-

255 1562 351 1615 στῃ
400 1545 553 1616 ψυχῇ
603 1546 738 1597 κατὰ
784 1545 847 1599 τὸ
908 1546 1194 1602 λανθάνον.
1257 1547 1454 1619 Κύκλῳ
1509 1550 1610 1622 γὰρ
1670 1555 1769 1617 τῆς
1827 1569 1960 1623 καρ-

256 1626 371 1693 δίας
417 1630 477 1684 τὸ
522 1631 788 1705 κάλυμμα
829 1638 926 1687 τοῦ
987 1635 1212 1697 σκότους
1262 1643 1585 1711 περιχωρεῖ,
1615 1641 1711 1691 τοῦ
1764 1640 1956 1712 πυρὸς,

256 1720 423 1796 φημὶ,
481 1724 578 1773 τοῦ
636 1727 909 1794 κοσμικοῦ
953 1726 1278 1795 πνεύματος,
1341 1722 1471 1799 ὅπερ
1514 1723 1635 1780 οὔτε
1692 1727 1783 1780 τὸν
1833 1731 1956 1781 νοῦν

2062 568 2125 618 ut
2152 565 2613 635 auterreturipsi
2661 564 2864 635 gloria.
2898 564 3035 617 Inde
3086 564 3180 617 ille
3232 562 3421 616 nudus
3473 569 3756 629 repertus,

2059 670 2226 708 suam
2288 655 2427 708 vidit
2475 653 2922 725 turpitudinem,
2978 653 3046 707 ad
3113 669 3284 722 quam
3338 656 3507 705 antea
3539 667 3653 703 non
3686 651 3752 703 ad

2058 749 2323 811 verterat,
2360 752 2551 799 mente
2584 744 2797 815 quippe
2838 741 3301 811 contemplandis
3348 741 3548 795 formis
3591 738 3755 793 caste-

2060 834 2246 887 stibus
2293 850 2424 888 cum
2476 833 2856 889 delectatione
2905 833 3095 887 affixa.
3140 831 3364 886 Etenim
3394 836 3539 902 ,post
3567 834 3762 884 trans-

2061 924 2417 993 gressionem
2490 925 2551 979 in
2592 930 2802 980 terram
2856 928 3155 995 vergentes
3213 927 3269 977 et
3318 922 3493 976 humo
3566 935 3762 992 pronas

2062 1014 2296 1068 fuerunt
2342 1015 2469 1083 eius
2520 1014 2931 1085 cogitationes;
2986 1018 3043 1068 et
3094 1011 3246 1083 prior
3289 1010 3390 1065 illa
3433 1010 3677 1079 simplex
3708 1014 3765 1065 et

2065 1102 2215 1158 bona
2257 1104 2639 1177 intelligentia
2682 1105 3013 1160 notionibus
3061 1100 3293 1157 malitiae
3346 1106 3571 1155 carneis
3621 1116 3761 1154 con-

2063 1202 2220 1247 creta
2253 1194 2378 1249 fuit.
2414 1196 2654 1249 Clausus
2688 1199 2882 1249 autem
2919 1193 3067 1264 quod
3096 1192 3302 1246 dicitur
3326 1190 3547 1245 homini
3586 1190 3764 1243 fuisse

2066 1282 2365 1352 paradisus
2414 1283 2481 1350 ⁸¹,
2531 1292 2586 1339 et
2640 1284 2907 1338 flammeo
2958 1281 3169 1351 gladio,
3224 1298 3286 1335 ac
3331 1279 3621 1334 Cherubin
3672 1278 3764 1332 in-

2057 1372 2349 1441 juuctum,
2398 1379 2458 1425 ut
2508 1374 2727 1443 ingredi
2784 1370 3112 1442 prohiberet
3163 1372 3365 1439 ipsum,
3411 1368 3764 1423 credendum

2066 1463 2302 1531 quidem
2336 1467 2424 1517 est
2454 1479 2578 1518 vere
2603 1465 2681 1518 ita
2711 1468 2767 1517 et
2796 1461 3154 1516 seusibiliter
3202 1466 3340 1514 tunc
3372 1460 3624 1527 factum;
3675 1474 3769 1512 re-

2069 1551 2290 1620 peritur
2319 1561 2513 1606 autem
2560 1553 2712 1607 idem
2766 1568 2977 1606 arcana
3018 1549 3236 1605 ratione
3270 1551 3326 1603 in
3360 1548 3619 1617 qualibet
3651 1547 3769 1601 ani-

2069 1655 2163 1694 ma
2209 1640 2347 1695 ﬁeri.
2413 1640 2677 1713 Undique
2733 1640 2883 1696 enim
2935 1642 3152 1695 circum
3204 1655 3301 1694 cor
3343 1638 3532 1691 velum
3584 1638 3769 1708 quod-

2069 1729 2200 1784 dam
2237 1732 2603 1785 tenebrarum
2645 1744 2972 1801 oppansum
3008 1736 3114 1796 est,
3159 1729 3373 1794 fumus,
3408 1729 3669 1797 inquam,
3704 1742 3772 1780 ex

255 1807 499 1882 ἐντυχεῖν
558 1813 635 1880 τῷ
692 1815 827 1881 Θεῷ,
886 1812 1010 1868 οὕτε
1065 1815 1163 1881 τήν
1223 1817 1408 1888 ψυχὴν
1462 1818 1653 1893 ἀφίησι
1708 1819 1844 1872 κατᾶ
1897 1818 1961 1872 τὸ

2093 1836 2202 1890 gne
2236 1819 2517 1873 mundani
2555 1820 2820 1890 spiritus,
2867 1819 2965 1890 qui
3012 1834 3192 1887 neque
3235 1824 3485 1871 mentem
3530 1832 3769 1869 conver-

256 1899 426 1966 αὐτῆς
494 1898 710 1973 θέλημα
758 1902 792 1969 ἢ
844 1899 1091 1971 εὔξασθαι
1144 1905 1178 1975 ἢ
1225 1910 1527 1975 πιστεῦσαι,
1577 1907 1611 1976 ἢ
1690 1908 1962 1981 ἀγαπῆσαι

258 1987 348 2042 τὸν
408 1987 601 2063 Κύριον
634 2008 646 2021 ·
698 1989 910 2045 τούτων
972 1990 1029 2046 δὲ
1087 1994 1300 2047 πάντων
1344 1998 1377 2063 ἡ
1428 2002 1588 2068 πεῖρα
1637 1994 1966 2061 διδάσκαλος

257 2084 372 2140 τοῖς
431 2080 671 2154 γνησίως
728 2080 950 2142 ἑαυτοὺς
1006 2086 1085 2153 τῷ
1143 2083 1322 2157 Κυρίῳ
1392 2086 1725 2153 πιστεύσασι,
1783 2091 1850 2160 τῇ
1907 2106 1965 2141 τε

263 2168 499 2244 ἐπιμονῇ
557 2178 656 2240 τῆς
719 2168 909 2246 εὒχῆς,
942 2173 1031 2228 καὶ
1089 2174 1157 2247 τῇ
1218 2174 1420 2248 εὐτόνῳ
1466 2177 1603 2230 κατᾶ
1649 2180 1747 2231 τοῦ
1796 2176 1965 2231 πολε-

264 2264 491 2332 μοῦντος
525 2262 693 2334 ὁρμῇ.

334 2531 430 2604 ς’.
486 2526 708 2594 Ῥάϐδος
768 2531 879 2587 ἐστὶ
944 2530 1193 2597 παιδείας
1248 2536 1337 2591 καὶ
1407 2536 1587 2610 λῶρος
1666 2534 1963 2610 μαστίγων,

261 2620 290 2675 ὁ
344 2619 503 2675 τοῦδε
547 2625 645 2676 τοῦ
705 2621 900 2685 αἰῶνος
951 2622 1138 2699 ἅρχων
1205 2631 1321 2687 τοῖς
1380 2626 1516 2681 κατὰ
1590 2630 1810 2699 Πνεῦμα
1863 2648 1964 2697 νη-

261 2709 409 2771 πίοις
441 2729 454 2742 ·
509 2710 692 2772 αὐτοῖς
737 2713 850 2783 μὲν,
892 2710 1074 2788 ὥσπερ
1114 2718 1247 2790 γοῦν
1290 2716 1381 2770 καὶ
1431 2716 1693 2791 πρότερον
1728 2715 1959 2787 εἴρηται,

264 2798 508 2874 μεγάλην
555 2797 709 2873 δόξαν
743 2803 832 2856 καὶ
882 2801 1108 2857 πλείονα
1154 2806 1254 2874 τὴν
1299 2806 1466 2876 τιμὴν
1529 2803 1616 2861 διὰ
1680 2810 1787 2861 τῶν
1844 2805 1963 2861 θλί-

260 2892 403 2963 ψεών
456 2911 514 2945 τε
561 2891 650 2945 καί
699 2898 1012 2967 πειρασμῶν
1049 2914 1063 2929 ·
1110 2893 1170 2950 ἐκ
1218 2896 1424 2950 τούτων
1471 2897 1575 2971 γὰρ
1628 2897 1717 2952 καὶ
1764 2897 1826 2951 τὸ
1874 2914 1962 2953 τε-

263 2977 445 3042 λείους
501 2979 694 3043 αύτοὺς
743 2985 979 3058 γίνεσθαι
1032 2983 1400 3060 περιγίνεται·
1444 2988 1617 3059 ἑαυτῷ
1668 2985 1724 3041 δὲ
1771 2986 1959 3041 πλείο-

261 3071 327 3125 νά
399 3091 456 3126 τε
532 3071 621 3127 καί
699 3073 994 3149 βαρυτέραν
1067 3077 1477 3145 κατασκευάζων
1554 3080 1651 3145 τήν
1716 3077 1963 3136 κόλασιν,

260 3161 442 3223 Ὅλως
494 3161 596 3236 γὰρ
640 3162 867 3237 μεγίστη
917 3180 1000 3226 τις
1046 3162 1118 3219 δι’
1166 3166 1328 3219 αὐτοῦ
1387 3165 1755 3239 οἰκονομεῖται
1814 3166 1962 3221 οἷ’κο-

260 3254 449 3325 νεμία,
510 3254 685 3314 καθὼς
754 3252 964 3327 εἶ’ρηταί
1033 3272 1137 3309 που
1187 3274 1201 3289 ⁶
1274 3262 1532 3334 Συνεργεῖ
1593 3258 1654 3311 τὸ
1721 3257 1959 3327 πονηρὸν

260 3346 338 3411 τῷ
408 3343 594 3415 ἀγαθῷ
660 3344 970 3416 προαιρέσει
1041 3343 1101 3398 ού
1167 3346 1333 3419 καλῇ.
1400 3352 1526 3408 Ταῖς
1581 3346 1681 3421 γὰρ
1748 3347 1968 3421 ἀγαθαῖς

262 3430 351 3482 καὶ
400 3428 578 3497 καλήν
628 3432 729 3498 τὴο
773 3431 1082 3506 προαίρεσιν
1138 3434 1394 3507 ἐχούσαις
1458 3439 1684 3510 ψυχαῖς,
1742 3435 1829 3490 καὶ
1907 3436 1973 3490 τὰ

266 3515 527 3573 δοκοῦντα
588 3518 809 3593 λυπηρὰ
867 3521 943 3583 εἷς
1002 3522 1205 3597 ἀγαθὸν
1262 3524 1488 3595 τελεστᾷ
1522 3546 1531 3555 ·
1566 3526 1702 3579 καθᾶ
1764 3521 1829 3593 δὴ
1881 3526 1967 3579 καὶ

260 3608 322 3663 τὸ
382 3613 462 3679 τῷ
523 3606 852 3681 Ἀποστόλῳ
910 3611 1198 3683 εἰρημένον
1237 3612 1423 3667 ἐστίν’
1484 3616 1690 3689 ’Ἡγουν
1745 3614 1809 3669 τὸ
1853 3613 1971 3675 τοῖς

260 3698 510 3772 ἀγαπῶσι
571 3699 662 3753 τὸν
732 3701 860 3755 Θεὸν
936 3701 1109 3756 πάντα
1187 3708 1434 3778 συνεργεῖ
1525 3702 1600 3766 είς
1690 3704 1753 3758 τὸ
1834 3702 1970 3779 ἀγα-

260 3786 380 3843 θόν.

334 3877 544 3933 Τούτου
600 3875 775 3932 ἕνεκεν
831 3880 865 3946 ἠ
912 3886 1013 3948 τῆς
1067 3878 1315 3942 παιδείας
1369 3880 1501 3951 αῧνη
1560 3878 1758 3955 ῥάϐδος
1822 3882 1974 3957 ἀφεί-

268 3966 357 4033 θη.
428 3966 609 4039 φησὶν,
674 3965 755 4018 ί¹να
815 3964 887 4019 δι’
955 3966 1121 4034 αὐτῆς
1177 3969 1251 4028 ὡς
1312 3968 1363 4021 ἐν
1419 3967 1629 4041 καμίνῳ
1688 3970 1856 4042 πυρὸς
1908 3969 1974 4022 τὰ

272 4052 432 4119 σκεύη
492 4052 828 4124 πυρούμενα,
881 4054 949 4107 τὰ
1010 4057 1103 4127 μὲν
1162 4053 1365 4128 δόκιμα
1414 4059 1745 4130 στερεώτεροι
1784 4063 1923 4134 φανῇ
1960 4078 1973 4093 ο

270 4140 336 4193 τὰ
394 4138 451 4194 δὶ
506 4138 746 4212 ἀδόκιμα
808 4138 1104 4215 εὔθραυστα
1159 4139 1284 4199 ὄντα
1344 4143 1605 4220 ἐλεγχθῇ,
1653 4150 1749 4199 τοῦ
1808 4148 1976 4219 πυρὸς

270 4231 369 4298 τὴν
398 4234 585 4284 καῦσιν
616 4231 726 4304 οὐχ
752 4229 1116 4302 ὑπομείναντα
1150 4276 1162 4289 .
1215 4229 1411 4295 δοῦλος
1460 4232 1516 4288 δὲ
1560 4232 1632 4289 ὢν
1682 4236 1839 4297 οὗτος
1887 4236 1977 4291 καὶ

269 4321 474 4393 κτίσμα
514 4317 852 4386 δεσποτικὸν,
903 4321 1015 4399 οὐχ
1067 4322 1191 4376 ὅσον
1248 4321 1394 4394 αὐτῷ
1444 4320 1594 4378 δοκεῖ
1648 4323 1973 4400 ἐκπειράζει,

272 4407 397 4464 οὐδὲ
425 4410 654 4464 καθόσον
702 4409 876 4485 βούλῃ
927 4410 1022 4474 τὰς
1067 4409 1278 4485 θλίψεις
1319 4410 1503 4486 ἐπάγει
1538 4430 1550 4443 ·
1586 4411 1712 4468 ἀλλ’
1738 4413 1863 4468 ὅσον
1906 4413 1972 4485 δὴ

268 4500 331 4554 τὸ
382 4502 712 4555 Δεσποτικὸν
764 4501 1038 4577 ἐπιτρέψει
1085 4506 1254 4575 νεῦμα
1312 4500 1401 4557 διὰ
1455 4511 1555 4573 τῆς
1629 4508 1979 4581 παραχωρῆ-

271 4611 406 4652 σεως
439 4611 451 4624 ’

276 4679 480 4735 ὁπόσον
539 4680 650 4736 ἐστὶ
704 4680 929 4756 δύναμις
998 4684 1229 4757 ἑκάστῳ,
1260 4689 1516 4739 τοσοῦτον
1567 4685 1715 4757 αύτῷ
1771 4685 1858 4740 καὶ
1919 4686 1980 4741 τὸ

279 4766 528 4840 δοκίμιον
595 4772 893 4840 ὑποστῆναι
979 4779 1303 4849 παραχωρεῖ
1379 4774 1515 4829 καθὰ
1598 4772 1662 4845 δὴ
1744 4777 1830 4830 καὶ
1903 4779 1984 4847 τῷ

278 4858 600 4932 Ἀποστόλῳ
668 4858 866 4915 δοκεῖ’
929 4865 1129 4924 Πιστὸς
1182 4866 1285 4939 γὰρ
1358 4866 1385 4920 ὁ
1446 4867 1596 4935 Θεὸς,
1680 4867 1865 4944 φησίν,
1925 4867 1984 4928 ’ὀς

279 4948 378 5003 οὐκ
436 4949 575 5004 ἐάσει
637 4951 776 5024 ὑμᾶς
830 4956 1184 5027 πειρασθῆναι
1239 4954 1373 5030 ὑπὲρ
1419 4958 1447 5011 ’ὁ
1498 4956 1719 5012 ὃυνασθε
1767 4976 1779 4989 ⁶
1842 4955 1986 5013 ἀλλὰ

278 5040 500 5109 ποιήσει
535 5040 626 5092 σὺν
668 5043 747 5111 τῷ
776 5046 1065 5115 πειρασμῷ
1095 5043 1182 5098 καὶ
1213 5044 1312 5114 τὴν
1342 5039 1580 5117 ἔκϐασίν,
1611 5052 1708 5102 τοῦ
1737 5044 1984 5103 δύνασθαι

284 5129 593 5206 ὑπενεγκεῖν
604 5171 617 5186 .

352 5406 432 5456 Η’.
488 5404 673 5473 Ζητῶν
729 5402 821 5456 καὶ
881 5401 1093 5470 κρούων
1152 5422 1291 5459 κατα
1346 5424 1445 5475 την
1495 5427 1591 5462 του
1643 5413 1841 5481 Κυριου
1875 5428 1986 5484 φω-

280 5488 405 5559 νὴν,
438 5491 525 5544 καὶ
594 5491 758 5567 μέχρι
794 5490 992 5557 τέλους
1050 5492 1213 5547 αἰτῶν
1271 5496 1529 5571 τυγχάνει
1593 5500 1700 5550 τῶν
1759 5494 1989 5570 αἴτημά-

366 5670 411 5709 ⁸¹
444 5674 584 5728 Gen.
624 5688 711 5743 ιιι,
740 5672 829 5730 24.
908 5673 956 5711 ⁸⁸
986 5675 1151 5733 Rom.
1182 5692 1303 5747 vm,
1334 5676 1424 5733 28.

2073 1909 2191 1964 sari
2264 1925 2395 1963 cum
2469 1909 2583 1963 Deo
2658 1908 2818 1974 sinit,
2880 1924 3065 1978 neque
3137 1908 3393 1961 animam
3468 1905 3768 1971 permittit,

2077 2004 2246 2068 prout
2326 1999 2453 2067 ipsa
2519 1997 2707 2063 vellet,
2775 2003 2875 2050 aut
2939 2014 3125 2063 orare,
3195 2002 3295 2050 aut
3352 1996 3603 2054 credere,
3674 1999 3775 2046 aut

2075 2103 2269 2142 amare
2325 2088 2655 2143 Dominum.
2730 2087 2944 2141 Horum
3020 2099 3212 2140 autem
3279 2086 3542 2138 omnium
3612 2099 3777 2147 εκμε-

2074 2175 2282 2231 rientia
2334 2177 2610 2246 magistra
2641 2181 2727 2231 est
2776 2176 2869 2243 iis,
2920 2176 3020 2246 qui
3070 2174 3293 2230 sincere
3343 2190 3404 2228 se
3455 2172 3612 2242 ipsos
3662 2170 3777 2225 Do-

2075 2266 2235 2322 mino
2282 2266 2693 2334 crediderunt,
2764 2270 2885 2321 tum
2967 2265 3393 2336 perseverantia
3472 2261 3773 2329 orationis,

2073 2360 2198 2411 tum
2244 2356 2535 2412 constanti
2584 2357 2861 2412 adversus
2909 2354 3133 2411 hostem
3183 2358 3620 2425 oppugnantem
3671 2349 3777 2404 im-

2075 2450 2235 2517 petu.

2146 2533 2238 2594 VI.
2272 2536 2444 2609 Virga
2474 2541 2561 2593 est
2590 2535 2910 2608 disciplinas
2943 2540 2998 2589 et
3032 2534 3215 2589 lorum
3247 2532 3449 2604 palgas
3484 2530 3777 2602 infligens,

2076 2626 2339 2698 princeps
2374 2627 2545 2697 hujus
2571 2627 2761 2680 saeculi
2798 2623 3052 2696 parvulis
3085 2626 3141 2677 in
3174 2624 3414 2693 spiritu;
3462 2621 3607 2691 ipsis
3653 2619 3779 2690 qui-

2076 2717 2231 2782 dem,
2265 2721 2327 2770 ut
2359 2718 2520 2787 prius
2552 2717 2724 2772 etiam
2760 2716 2980 2769 dictum
3018 2717 3127 2783 est,
3174 2727 3482 2781 mangnam
3536 2709 3775 2781 gloriam

2078 2812 2134 2861 et
2177 2808 2663 2861 abundantiorem
2716 2807 2991 2861 honorem
3043 2821 3142 2875 per
3190 2802 3533 2856 aftlictiones
3565 2806 3622 2854 et
3653 2806 3775 2854 ten-

2078 2899 2325 2952 tatioues
2373 2915 2724 2969 procurans;
2768 2911 2832 2950 ex
2868 2895 2960 2950 his
2991 2896 3166 2961 enim,
3216 2902 3273 2947 ut
3304 2897 3360 2948 et
3398 2892 3509 2962 ipsi
3544 2889 3778 2959 perfecti

2077 2988 2341 3052 evadant,
2403 2988 2626 3052 oritur;
2681 2986 2790 3040 sibi
2852 2992 3046 3038 autem
3103 2984 3277 3036 miser
3327 2981 3438 3049 ipsi
3502 2983 3775 3048 majorem

2076 3080 2514 3146 gravioremque
2595 3090 2922 3144 praeparans
2981 3087 3232 3141 poenam.
3302 3069 3552 3123 Omnino
3620 3068 3776 3121 enim

2081 3168 2337 3219 maxima
2384 3174 2438 3219 et
2498 3165 2643 3218 mira
2693 3162 2953 3234 quasdam
3010 3179 3107 3231 per
3157 3176 3290 3213 eum
3333 3157 3779 3212 administratur

2079 3256 2458 3326 dispensatio,
2498 3250 2644 3308 181
2718 3259 2887 3323 prout
2943 3252 3154 3305 dictum
3217 3248 3426 3302 alicubi
3488 3254 3576 3300 est
3621 3263 3633 3300 :
3688 3246 3782 3302 Co-

2080 3351 2342 3416 eperutur
2388 3345 2597 3398 malum
2650 3344 2784 3396 bono
2833 3341 3133 3395 intentione
3178 3354 3284 3392 non
3328 3339 3466 3391 bona
3507 3335 3570 3388 ⁸³.
3611 3336 3781 3389 Bonis

2082 3436 2363 3502 siquidem
2404 3440 2459 3487 et
2514 3431 2788 3486 laudabili
2832 3426 3161 3497 vigentibus
3217 3427 3503 3497 μινυροηὶιο
3559 3426 3782 3478 anima-

2084 3524 2211 3589 bus,
2268 3540 2393 3593 quae
2454 3523 2727 3576 molestas
2780 3521 3046 3573 videntur
3097 3517 3153 3571 in
3210 3518 3425 3571 bonum
3486 3514 3778 3568 disinunt:

2083 3614 2238 3686 quod
2295 3616 2418 3685 ipse
2475 3627 2707 3684 quoque
2765 3609 3078 3663 affirmavit
3134 3606 3449 3679 Apostolus
3512 3604 3593 3658 sic
3647 3605 3787 3658 seri-

2085 3706 2287 3758 bens:
2361 3701 2727 3769 Diligentibus
2793 3694 2961 3755 Deum
3031 3696 3217 3753 omnia
3291 3704 3654 3765 coaperantur
3728 3696 3787 3747 in

2084 3795 2283 3849 benum
2310 3792 2406 3847 ⁸³⁸⁵.

2156 3883 2265 3938 Vll.
2328 3883 2508 3949 Hujus
2564 3881 2641 3934 rei
2704 3880 2885 3939 gratia
2946 3879 3077 3942 ista,
3140 3877 3209 3929 de
3268 3893 3382 3946 qua
3440 3874 3578 3939 dixi,
3630 3873 3790 3941 virga

2084 3975 2405 4041 disciplinae
2439 3970 2636 4022 saevire
2689 3968 3060 4036 permittitur,
3098 3972 3160 4018 ut.
3193 3982 3293 4035 per
3339 3980 3464 4015 eam
3522 3964 3675 4013 VPlLl
3730 3965 3784 4014 in

2088 4062 2318 4114 fornace
2374 4058 2527 4127 ignis
2595 4063 2827 4111 excocta
2892 4072 3046 4117 vasa,
3109 4072 3234 4125 quae
3305 4054 3536 4122 quidem
3612 4050 3789 4118 proba

2086 4154 2245 4214 sunt,
2279 4145 2629 4201 soliditatem
2666 4149 3099 4211 demonstrent;
3135 4160 3263 4215 quze
3290 4159 3421 4196 vero
3454 4140 3627 4210 proba
3674 4156 3789 4192 non

2088 4246 2243 4305 sunt,
2308 4238 2634 4310 fragilitatis
2686 4241 3102 4305 coarguantur,
3165 4233 3631 4303 ignls’ardorem
3676 4246 3791 4283 non

2090 4329 2348 4385 ferentia.
2383 4329 2524 4384 Cum
2566 4332 2639 4381 sit
2670 4337 2856 4380 autem
2909 4325 3171 4378 diabolus
3202 4338 3404 4378 servus
3433 4326 3489 4376 et
3528 4327 3793 4375 creatura

2091 4419 2214 4483 Dei,
2282 4416 2592 4489 imperium
2668 4418 2795 4483 eius
2863 4414 3196 4468 absolutum
3266 4427 3615 4481 agnoscens,
3676 4426 3789 4464 non

2091 4512 2378 4582 quantum
2427 4506 2534 4575 ipsi
2590 4504 2735 4559 libet
2792 4509 2998 4562 tentet.
3056 4520 3159 4557 nec
3218 4519 3391 4573 quam
3454 4499 3666 4553 multas
3727 4515 3789 4552 ac

514 4592 674 4655 αὐτὸς
733 4591 836 4665 γὰρ
915 4593 1005 4647 σὺν
1063 4590 1313 4669 ἀκριϐείᾳ
1368 4595 1434 4650 τὰ
1505 4595 1719 4650 πάντων
1797 4594 1977 4663 εἰδὼς,

2092 4571 2291 4666 graves
2351 4571 2473 4648 vult
2542 4594 2886 4648 atﬂictiones
2949 4571 3285 4656 iinmittit';
3350 4591 3449 4643 sed
3511 4594 3791 4659 quantum

2095 4688 2291 4742 herilis
2342 4691 2519 4739 nutus
2563 4683 2861 4755 permittit,
2912 4680 3285 4753 permissione
3326 4679 3592 4732 limitata.
3645 4677 3792 4731 Sane

2095 4778 2246 4833 Deus
2278 4774 2643 4830 exactissime
2693 4782 2965 4843 quantam
3024 4772 3081 4824 in
3144 4785 3487 4838 unotiuoque
3536 4776 3624 4822 est
3681 4784 3795 4835 per-

2098 4870 2315 4930 VIdens,
2379 4864 2737 4930 eXploratum
2803 4864 2997 4925 habet,
3054 4868 3336 4932 quantum
3398 4859 3602 4925 cuique
3660 4857 3798 4911 insit

2096 4957 2338 5021 virium;
2365 4960 2420 5009 et
2440 4955 2505 5007 ad
2532 4970 2663 5008 eum
2709 4951 2947 5006 modum
2994 4952 3390 5021 probationem
3415 4948 3465 5002 ei
3507 4946 3795 5001 admoveri

2100 5045 2407 5118 permittit;
2460 5044 2609 5097 sicut
2661 5043 2837 5096 etiam
2887 5041 3111 5094 videtur
3164 5037 3453 5106 Apostolo,
3500 5041 3635 5091 dum
3688 5036 3794 5089 ait:

2098 5135 2301 5192 Fidelis
2333 5135 2491 5198 Deus,
2520 5132 2616 5203 qui
2644 5148 2752 5185 non
2802 5129 3072 5201 permittit
3120 5146 3211 5185 vos
3259 5129 3473 5184 tentari
3519 5143 3687 5196 supra
3743 5123 3800 5177 id

2097 5228 2240 5300 quod
2291 5224 2559 5297 potestis;
2607 5220 2698 5277 sed
2742 5222 2911 5289 faciet
2959 5222 3124 5275 etiam
3160 5236 3283 5275 cum
3333 5218 3623 5274 tentatione
3666 5228 3797 5283 pro-

2097 5322 2340 5381 ventum,
2374 5319 2433 5369 ut
2453 5311 2676 5382 possitis
2704 5314 2971 5366 sustinere
2996 5309 3062 5365 ⁸³.

2166 5404 2314 5460 VIII.
2351 5404 2621 5467 Querens
2654 5408 2711 5457 et
2768 5401 3011 5472 pulsans
3063 5401 3228 5469 juxta
3289 5394 3516 5452 Domini
3573 5407 3793 5457 vocem,

2102 5501 2160 5551 et
2194 5510 2375 5565 Usque
2415 5494 2483 5547 ad
2533 5493 2704 5547 tinem
2764 5499 2989 5563 petens,
3049 5487 3419 5557 consequitur
3465 5500 3588 5553 quas
3642 5481 3794 5551 petit.

1501 5676 1574 5712 ⁸³*
1603 5677 1749 5734 Ibid.
1783 5679 1871 5733 28.
1949 5675 1997 5711 ⁸³
2025 5678 2047 5733 Ι
2077 5676 2207 5733 Cor.
2237 5691 2293 5743 x,
2326 5673 2412 5729 13.
