4130 6286
333 301 451 362 871

328 433 585 489 Tantum
644 429 800 486 circa
850 427 955 483 hoc
1005 441 1124 481 suis
1174 423 1539 481 conscientiae
1592 421 1930 478 satisfacere
1985 421 2036 477 is
2067 424 2255 490 Ατων
2299 440 2313 455 ο

328 531 512 587 curet,
546 526 612 576 ut
656 525 843 575 mente
883 524 943 574 ut
993 517 1189 586 lingua
1229 515 1648 569 indesimenler
1690 518 1932 585 quierat,
1983 517 2039 565 et

328 628 601 683 corporeo
636 608 961 665 ministerio
1013 606 1230 663 enixim
1276 605 1604 670 incumbat;
1650 619 1751 657 nec
1797 602 2039 657 saecula-

329 702 491 756 ribus
518 699 769 771 negotiis
800 696 1152 768 implicetur,
1192 709 1329 749 neve
1365 692 1699 764 pravictatis
1719 691 2039 745 delectetur

330 789 654 845 affectibus.
716 788 900 842 Verax
952 785 1242 856 siquidem
1300 791 1384 837 est
1446 782 1546 853 qui
1605 781 1807 835 dixit:
1869 780 2040 836 Omne

326 878 682 949 quodcunque
735 874 1009 942 petieritis
1082 887 1170 926 me
1232 873 1291 925 in
1357 874 1628 937 oratione,
1726 871 2035 931 credentes,

326 968 601 1037 accipietis
654 965 700 999 “
780 963 884 1026 Qui
942 968 1135 1017 autem
1195 961 1455 1014 dicunt:
1521 960 1797 1029 Utcunque
1854 958 2039 1012 omnia

327 1059 448 1127 quis
487 1054 729 1127 e/fecerit
776 1068 897 1124 quae
932 1052 1394 1122 praescribuntur,
1437 1055 1813 1118 eazspectatum
1856 1055 2040 1101 autem

325 1146 576 1217 gratiam
604 1150 917 1199 consecutus
938 1158 1047 1198 non
1076 1144 1266 1211 fuerit,
1299 1140 1439 1211 quod
1467 1140 1537 1194 ad
1562 1154 1803 1209 przvsens
1845 1141 2038 1192 attinet

323 1237 607 1299 secutum,
638 1235 787 1288 nihil
818 1234 1079 1304 profecit;
1117 1232 1266 1286 male
1288 1238 1343 1285 et
1384 1230 1643 1285 sentiunt
1686 1235 1744 1284 et
1786 1230 2040 1298 loquun—

329 1332 447 1391 tur,
496 1324 831 1394 divinisque
868 1323 1021 1376 haud
1071 1337 1320 1390 congrue
1351 1320 1689 1390 Scripturis.
1724 1318 1848 1372 Non
1882 1317 2034 1371 enim

329 1415 619 1482 injustitia
649 1418 737 1467 est
781 1413 931 1481 apud
995 1411 1197 1477 Deum,
1235 1415 1297 1465 ut
1348 1410 1442 1478 iis,
1495 1426 1621 1479 quae
1673 1408 1851 1462 nostri
1902 1409 2040 1460 sunt

333 1503 507 1559 olficii
558 1520 591 1557 a
650 1502 815 1556 nobis
876 1501 1172 1571 perfectis,
1234 1501 1359 1571 ipse
1416 1516 1546 1569 qua:
1604 1513 1842 1553 suarum
1904 1492 2040 1550 sunt

333 1592 612 1663 partium,
644 1590 920 1661 negligat.
974 1588 1222 1645 Tantum
1279 1604 1430 1643 cura;
1471 1588 1577 1642 tibi
1617 1588 1708 1654 sil,
1764 1590 1827 1640 ut
1878 1599 2039 1654 repe-

333 1682 481 1735 riare
535 1686 696 1747 tunc,
756 1678 987 1750 quando
1059 1679 1254 1731 anima
1313 1682 1413 1730 tua
1483 1692 1549 1731 ex
1617 1676 1725 1730 hoc
1797 1673 2042 1729 solvitur

1672 290 1733 351 S.
1782 289 2122 352 MACARII
2168 289 2512 352 EGYPTII

3731 283 3875 343 872

2387 420 2550 494 μόνον
2594 417 2770 494 ἐχέτω
2817 413 3123 491 παρρησίαν
3176 413 3357 481 οὗτος,
3389 416 3488 468 τοῦ
3536 416 3615 483 τῷ
3659 415 3734 484 νῷ
3768 410 3877 466 καὶ

2143 510 2365 584 γλώττῃ
2419 506 2841 577 ἅπαραλείπτως
2904 504 3203 573 ἐπιζητεῖν,
3250 502 3339 557 καὶ
3393 506 3492 557 τοῦ
3539 507 3609 576 τῇ
3670 521 3875 573 σωμα-

2144 604 2271 673 τικῇ
2330 597 2640 672 λειτουργίᾳ
2696 592 2992 654 ἀνενδότως
3047 596 3474 665 προσκαρτερεῖν
3525 608 3541 625 ⁸
3606 592 3683 664 μή
3739 595 3881 650 τοῖς

2145 694 2436 760 κοσμικοῖς
2482 688 2796 763 ’πράγμασιν
2854 679 3290 757 ἐμπλεκόμενος,
3353 678 3495 753 μηδέ
3565 686 3683 743 τοῖς
3757 686 3876 749 τῆς

2145 778 2335 838 κακίας
2393 778 2585 830 πάθεσι
2645 771 3038 846 συνηδόμενος.
3079 769 3347 844 Ἃψευδής
3403 772 3506 845 γὰρ
3566 771 3593 824 ὁ
3636 769 3812 823 εἰπών
3852 787 3867 800 ⁸

2145 867 2227 922 ὅτι
2285 873 2393 923 Πᾶν
2432 867 2462 921 ’ὀ
2520 866 2607 921 ἐὰν
2667 862 2929 933 αἰτήσητέ
2990 883 3054 935 με
3111 862 3164 915 ἐν
3218 864 3526 936 προσευχῇ,
3573 859 3873 915 πιστεύον-

2145 978 2253 1022 τες,
2314 956 2571 1029 ληψεσθε.
2633 954 2695 1009 Οἱ
2750 951 2806 1007 δὲ
2874 951 3145 1027 λέγοντες,
3208 951 3311 1005 Κᾶν
3385 950 3558 1004 πάντα
3614 951 3871 1019 κοιήσειέ

2144 1068 2225 1108 τις
2301 1048 2369 1102 τά
2454 1044 2887 1119 ὑποτεταγμένα,
2984 1040 3317 1115 παραμείνας
3410 1037 3466 1094 δὲ
3553 1041 3628 1111 μή
3703 1040 3865 1114 τύχῃ

2143 1145 2244 1207 τῆς
2279 1138 2532 1211 χάριτος,
2582 1135 2718 1189 κατά
2772 1135 2862 1188 τὸν
2923 1131 3092 1186 αἰῶνα
3146 1136 3364 1201 τοῦτον,
3434 1127 3587 1184 οὐδὲν
3626 1129 3815 1200 ὤνησε
3850 1149 3866 1162 ⁸

2984 1040 3317 1115 παραμείνας

2145 1233 2323 1288 κακῶς
2381 1224 2560 1281 οἷ’δασί
2624 1245 2683 1279 τε
2736 1224 2824 1278 καὶ
2886 1223 3128 1297 λέγουσι,
3188 1222 3276 1276 καὶ
3334 1226 3453 1282 ταῖς
3509 1219 3677 1282 θείαις
3732 1221 3871 1275 ἀσυ-

2150 1318 2387 1393 μφώνως
2439 1318 2698 1392 Γραφαῖς.
2732 1312 2803 1367 Οὐ
2842 1312 2942 1387 γάρ
3003 1310 3143 1364 ἐστιν
3190 1307 3372 1364 ἀδικία
3420 1308 3564 1383 παρᾶ
3607 1312 3687 1379 τῷ
3716 1312 3865 1380 Θεῷ,

2141 1407 2234 1462 ’ίνα
2298 1411 2405 1462 τῶν
2474 1408 2610 1477 ἡμῖν
2689 1403 3039 1474 καθηκόντων
3116 1399 3599 1472 κατορθωθέντων,
3694 1399 3866 1461 αὐτὸς

2143 1502 2253 1552 τῶν
2325 1496 2451 1567 παρ’
2525 1495 2699 1564 ἐαυτῷ
2773 1492 3093 1564 ἀμελήσειε.
3162 1491 3342 1545 Μόνον
3406 1488 3662 1561 ἐπιμελὲς
3720 1486 3870 1543 ἔστω

2147 1608 2230 1642 σοι
2284 1586 2582 1659 εὑρεθῆναι
2638 1584 2759 1637 τότε
2817 1603 2912 1636 σου
2965 1583 2999 1650 ἡ
3060 1581 3213 1655 ψυχὴ
3280 1584 3378 1635 τοῦ
3435 1578 3628 1634 ἀθλίου
3702 1576 3872 1633 τοῦδε

2148 1676 2335 1731 λύεται
2400 1676 2678 1745 σώματος,
2744 1670 3164 1746 ἀγωνιζόμενον,
3228 1666 3552 1740 σπεύδοντα,
3628 1666 3875 1739 προσδε-

332 1787 593 1839 corpore,
674 1771 895 1824 fortiter
984 1770 1309 1835 decertans,
1395 1768 1654 1820 studiose
1742 1771 2037 1835 satagens,

2160 1766 2388 1840 χόμενον
2456 1764 2555 1831 τὴν
2622 1759 2968 1836 ἐπαγγελίαν,
3040 1763 3566 1834 προσκαρτεροῦντα,
3636 1758 3868 1813 πιστεύο

330 1865 671 1930 exspectans
716 1860 1181 1929 promissionem,
1229 1873 1625 1926 perseverans,
1671 1858 1933 1917 credens,
1979 1853 2036 1907 in

329 1949 680 2004 discretione
727 1964 1019 2018 quaerens;
1065 1951 1121 2000 et
1161 1961 1266 2017 ego
1317 1946 1414 1999 libi
1467 1946 1615 2010 dico,
1651 1960 1755 1999 nec
1803 1945 2039 1999 credere

334 2039 592 2105 dubites,
644 2053 774 2092 cum
827 2038 1039 2107 gaudio
1095 2035 1301 2100 abibis,
1342 2041 1397 2088 et
1448 2034 1717 2087 fiduciam
1770 2032 2037 2097 habebis,

337 2137 388 2180 et
424 2144 593 2194 regno
619 2128 908 2180 videberis
942 2125 1170 2195 dignus.
1207 2124 1431 2178 Etenim
1468 2123 1598 2176 talis
1639 2122 1723 2192 (in
1759 2122 2038 2175 tenuitate

339 2232 466 2270 mea
528 2232 627 2284 per
684 2215 855 2268 ﬁdem
914 2220 970 2268 et
1029 2214 1178 2284 piam
1223 2212 1652 2277 conﬁdentiam,
1695 2211 1831 2279 aio),
1879 2209 2036 2273 talis,

339 2304 604 2373 inquam,
632 2306 753 2372 jam
798 2308 909 2357 Deo
940 2303 1355 2357 communicat.
1402 2300 1473 2356 Ut
1501 2301 1678 2365 enim,
1712 2300 1817 2368 Qui
1844 2298 2039 2353 viderit

339 2391 639 2447 mulierem
697 2392 768 2445 ad
823 2392 1316 2456 concupiscendum
1367 2405 1508 2455 eam,
1550 2376 1683 2455 liam
1745 2387 2041 2442 moechatus

340 2491 416 2535 est
444 2498 565 2536 eam
594 2483 654 2535 in
684 2481 844 2535 corde
882 2495 978 2535 suo
1009 2478 1078 2548 ⁸⁵,
1110 2487 1162 2533 et
1202 2480 1249 2533 si
1282 2479 1526 2533 minime
1566 2478 1661 2533 hic
1705 2478 1872 2532 fuerit
1912 2493 2038 2532 cor-

342 2585 479 2638 pore
512 2569 793 2637 pollutus,
844 2573 1039 2622 tamen
1078 2569 1197 2636 jam
1241 2567 1512 2622 adulterii
1554 2571 1859 2637 reputatur
1909 2580 2041 2620 reus

342 2658 423 2712 sic
456 2658 556 2728 qui
590 2672 689 2712 cor
717 2657 948 2727 quidem
987 2673 1157 2711 suum
1193 2673 1225 2711 a
1275 2656 1443 2711 malis
1494 2657 1719 2723 avertit,
1770 2656 1885 2711 Deo
1932 2672 2043 2709 au-

343 2752 457 2801 tem
510 2747 814 2800 adhaerens
865 2745 1154 2800 desiderio
1203 2749 1261 2799 et
1314 2745 1719 2817 inquisitione,
1773 2760 2041 2814 perseve-

340 2835 528 2891 rantia
577 2835 733 2905 apud
794 2835 1001 2895 Deum,
1051 2851 1115 2889 ac
1167 2835 1445 2906 ﬂagrante
1506 2836 1565 2889 in
1628 2834 1724 2890 Dei
1783 2852 2040 2890 amorem

340 2926 632 2994 proposito
673 2926 874 2985 animi,
921 2925 1167 2995 jamjam
1220 2926 1379 2995 quasi
1432 2927 1721 2995 particeps
1771 2926 1864 2979 Uei
1914 2930 2039 2990 est;

335 3022 492 3069 certe
544 3030 822 3084 magnum
874 3015 1090 3069 donum
1143 3014 1343 3069 statim
1396 3031 1430 3068 a
1465 3018 1572 3068 Deo
1622 3013 1817 3080 habet,
1868 3014 2040 3068 istam

337 3101 521 3171 ipsam
548 3101 894 3174 persistendi
927 3102 985 3156 in
1040 3103 1299 3158 oratione
1348 3102 1617 3173 gratiam,
1682 3100 1858 3157 simul
1905 3117 2039 3158 cum

2151 1875 2298 1921 οντα,
2369 1852 2421 1908 ἐν
2487 1850 2753 1926 διακρίσει
2813 1855 3082 1919 ζητοῦντα
3139 1868 3153 1882 ⁸
3214 1850 3366 1926 κάγὼ
3425 1870 3510 1903 σοι
3567 1846 3717 1925 λέγω
3772 1848 3869 1902 καὶ

2150 1944 2226 2013 μή
2286 1941 2525 2007 ἀπίστει,
2586 1939 2722 2011 μετὰ
2794 1941 2969 2012 χαρᾶς
3038 1934 3336 2009 ἀπελεύσῃ,
3387 1937 3478 1991 καὶ
3552 1934 3870 2011 παρρησίαν

2143 2028 2299 2098 ἕξεις,
2348 2029 2485 2083 κατὰ
2532 2034 2630 2095 τῆς
2706 2026 2989 2100 βασιλείας
3033 2026 3244 2101 ὀφθησῃ
3293 2023 3457 2097 ἄξιος.
3510 2024 3614 2080 Καὶ
3670 2024 3776 2099 γὰρ
3837 2025 3866 2078 ὁ

2144 2124 2414 2189 τοιοῦτος,
2463 2116 2515 2172 ἐν
2571 2115 2866 2181 λεπτότητι
2926 2113 3014 2169 διὰ
3062 2123 3160 2183 τῆς
3226 2114 3482 2185 πίστεως,
3542 2115 3709 2190 φημὶ,
3768 2116 3863 2169 καὶ

2146 2216 2246 2277 τῆς
2288 2207 2621 2283 προθυμίας,
2675 2204 2783 2276 ἤδη
2825 2211 3076 2260 κοινωνεῖ
3131 2208 3211 2276 τῷ
3268 2209 3402 2275 Θεῷ.
3460 2205 3553 2266 Ὠς
3617 2205 3743 2279 γὰρ,
3805 2210 3863 2260 Ὁ

2150 2298 2368 2373 βλέπων
2435 2303 2662 2372 γυναῖκα
2724 2298 2862 2371 πρὸς
2944 2296 3007 2349 τὸ
3102 2293 3431 2370 ἐπιθυμῆσαι
3510 2293 3734 2365 ταύτης,
3808 2295 3860 2350 ἐν

2148 2392 2218 2461 τῇ
2270 2385 2466 2461 καρδίᾳ
2519 2385 2872 2461 μεμοίχευκε,
2928 2385 3108 2439 καίτοι
3155 2385 3292 2439 κατά
3350 2390 3509 2458 σῶμα
3560 2387 3637 2457 μὴ
3702 2407 3862 2459 μιαν.

2148 2478 2259 2539 θεὶς
2325 2478 2503 2546 οὗτος,
2558 2476 2710 2548 ὅμως
2759 2476 2833 2535 ὡς
2883 2475 3179 2552 μοιχεύσας
3227 2471 3336 2543 ἤδη
3370 2473 3723 2549 λελόγισται·
3766 2472 3861 2530 οὔ·

2148 2587 2257 2628 τως
2310 2567 2338 2621 ὁ
2386 2567 2455 2621 τὰ
2501 2566 2718 2637 πονηρά
2772 2566 2866 2635 μὲν
2917 2562 2970 2618 ἐν
3013 2567 3082 2635 τῇ
3122 2560 3317 2635 καρδίᾳ
3362 2562 3747 2641 ἀποστραφεὶς,
3781 2570 3864 2636 τῷ

2151 2652 2208 2710 δὲ
2271 2656 2455 2730 Κυρίῳ
2502 2653 2862 2727 κολλώμενος
2933 2653 3086 2725 πόθῳ
3146 2652 3235 2706 καὶ
3303 2650 3609 2722 ἐκζητήσει,
3684 2672 3864 2726 προσ-

2151 2742 2332 2817 εδρείᾳ
2379 2764 2455 2812 τε,
2508 2744 2674 2822 φημὶ,
2725 2742 2813 2798 καὶ
2872 2740 3119 2819 θεοφιλεῖ
3162 2738 3417 2811 διαθέσει,
3465 2742 3691 2815 καθάπερ
3738 2740 3853 2811 ἤδη

2150 2838 2402 2888 κοινωνεῖ
2455 2836 2535 2904 τῷ
2601 2835 2737 2903 Θεῷ,
2796 2830 2886 2885 καὶ
2976 2831 3113 2905 μέγα
3190 2827 3369 2903 δῶρον
3441 2830 3621 2884 αὐτίκα
3701 2831 3850 2904 παρὰ

2150 2925 2283 2977 Θεοῦ
2342 2918 2458 2999 ἔχει
2520 2922 2654 2977 αὐτὸ
2711 2924 2894 2992 τοῦτο,
2944 2921 3006 2974 τὸ
3064 2923 3132 2993 τῇ
3192 2920 3333 2994 εὐχῇ
3384 2917 3754 2994 προσεδρεύειν
3783 2924 3858 2993 τῇ

2150 3011 2326 3085 ἀγαθῇ
2382 3032 2440 3065 τε
2497 3008 2707 3083 σπουδῇ
2755 3010 2843 3066 καὶ
2886 3007 3141 3080 πολιτείᾳ
3194 3011 3264 3081 τῇ
3312 3008 3609 3086 φιλαρέτῳ.
3646 3009 3703 3064 Εἰ
3754 3011 3859 3085 γὰρ

2149 3102 2240 3155 καὶ
2293 3100 2563 3174 ποτηρίου
2613 3102 2822 3173 ψυκροῦ
2871 3096 3019 3159 δόσις
3069 3097 3173 3152 οὐκ
3220 3096 3470 3170 ἄμισθος,
3513 3100 3667 3173 πόσῳ
3723 3098 3861 3171 μᾶλο

339 3189 486 3245 bono
531 3191 745 3260 studio,
796 3196 852 3245 et
900 3194 1341 3247 conversatione
1396 3191 1630 3246 virtutis
1679 3197 1929 3247 amante.
1981 3191 2039 3246 Si

2160 3188 2249 3245 λον
2300 3194 2417 3252 τοῖς
2470 3190 2621 3260 αὐτῷ
2670 3186 3100 3262 προσανέχουσιν
3153 3187 3364 3262 ἡμέρας
3414 3208 3471 3243 τε
3511 3189 3599 3242 καὶ
3643 3189 3856 3259 νυκτὸς,

340 3280 492 3335 enim
545 3298 616 3336 ne
662 3280 859 3336 calicis
903 3282 1139 3351 quidem
1190 3281 1412 3352 frigidae
1474 3282 1710 3336 donatio
1774 3282 2040 3337 mercede

2151 3276 2431 3353 δεομένοις
2462 3280 2525 3333 τὸ
2558 3277 2884 3353 ἐπαγγελθὶν
2915 3279 3045 3341 Θεὸς
3068 3277 3283 3352 παρέξει
3308 3278 3322 3334 !

340 3374 497 3423 caret
560 3387 693 3437 sua,
757 3374 972 3439 quanto
1022 3372 1209 3440 magis
1256 3372 1347 3432 iis,
1400 3370 1498 3440 qui
1554 3370 1651 3424 diu
1706 3377 1999 3441 noctuque
2044 3369 2288 3426 intentis
2337 3370 2397 3425 in
2449 3370 2644 3442 ipsum
2693 3369 2878 3425 oculis
2921 3369 2993 3424 ab
3040 3383 3104 3424 eo
3139 3367 3455 3439 postulant,
3507 3369 3857 3441 promissum

341 3460 493 3510 Deus
528 3455 838 3527 prabebill

417 3546 511 3599 IX.
550 3545 689 3612 Illis,
739 3545 839 3615 qui
871 3546 1041 3600 anxio
1073 3547 1269 3601 animo
1317 3552 1629 3603 aestuantes
1678 3548 1910 3603 dicunt:
1962 3550 2045 3605 En

341 3636 452 3689 erit
498 3633 600 3687 illa
642 3649 889 3703 unquam
936 3634 1050 3690 dies
1087 3652 1215 3706 qua,
1260 3651 1367 3691 non
1411 3638 1651 3691 sentiam
1700 3640 2045 3693 eversionem

341 3724 522 3777 animi
549 3740 582 3777 a
612 3726 806 3791 fratre,
855 3734 951 3778 aut
995 3724 1140 3779 alias
1180 3726 1410 3790 similes,
1459 3742 1699 3797 quarum
1739 3726 1876 3781 mihi
1923 3744 2047 3781 sum

341 3815 603 3878 conscius,
669 3828 871 3883 pravas
934 3815 1263 3885 aﬂectiones,
1340 3830 1472 3886 quas
1546 3818 1770 3884 quidem
1825 3819 2048 3884 invitus

340 3903 586 3971 patior;
654 3901 776 3956 haec
834 3905 1159 3973 reponenda
1218 3908 1401 3958 sunt:
1464 3903 1691 3958 Homini
1750 3910 2045 3959 certamen

344 3993 728 4062 studiumque
784 4008 957 4047 omne
1016 3993 1071 4045 in
1136 3992 1242 4047 hoc
1307 4009 1432 4048 esse
1497 3995 1917 4063 constitutum,
1987 4001 2049 4049 ut

343 4081 573 4136 diabolo
605 4087 661 4135 et
706 4081 894 4149 pravis
940 4081 1387 4151 cogitationibus
1431 4099 1657 4154 semper
1700 4085 2046 4138 obluctetur.

342 4170 523 4224 Vitari
557 4170 710 4226 182
745 4176 937 4225 autem
992 4187 1103 4224 non
1153 4187 1343 4241 posse,
1394 4172 1535 4242 quin
1585 4172 1771 4243 caligo
1820 4180 2052 4244 pertur-

343 4262 673 4327 bationum,
724 4266 780 4315 et
836 4277 993 4315 mors
1045 4262 1306 4316 insidens
1355 4263 1655 4333 sapientiae
1698 4264 1890 4319 carnis
1942 4281 2049 4319 non

346 4350 670 4420 producant
702 4351 954 4404 fructum
994 4350 1246 4421 aliquem
1297 4351 1531 4405 malitias
1574 4353 1659 4407 vel
1693 4352 1917 4408 occulte
1962 4353 2050 4407 vel

347 4439 565 4510 palam.
601 4438 670 4494 Ut
698 4438 852 4493 enim
888 4439 1099 4494 vulnus
1132 4440 1189 4494 in
1222 4456 1463 4510 corpore
1487 4443 1673 4511 quoad
1727 4458 1839 4497 non
1884 4443 2054 4512 plane

348 4527 667 4582 obductum
727 4534 837 4596 est,
886 4527 1070 4583 caveri
1132 4530 1353 4599 nequit,
1404 4530 1546 4600 quin
1593 4531 1798 4602 exiguo
1848 4531 2049 4586 saltem

346 4616 541 4688 aliquo
602 4617 751 4672 tabis
810 4616 1025 4671 efﬂuxu
1080 4618 1322 4672 madens
1369 4619 1638 4688 sordeat;
1690 4619 2053 4690 quantalibet

344 4708 653 4777 diligentia
686 4717 939 4771 curelur,
975 4707 1239 4779 nihilque
1284 4708 1589 4762 omittatur
1640 4710 1941 4764 industrie
1990 4709 2051 4764 in

344 4797 427 4850 eis
466 4796 811 4851 adhibendis
863 4798 1132 4851 remediis
1181 4799 1657 4868 auljumentisque
1706 4801 1896 4853 omnis
1944 4816 2048 4870 ge—

348 4885 544 4951 neris;
595 4886 745 4938 idem
806 4902 937 4938 vero
976 4885 1025 4939 si
1064 4903 1293 4954 prorsus
1346 4889 1695 4957 negligatur,
1730 4891 2048 4958 corruptio-

351 4988 479 5026 nem
540 4971 830 5025 interdum
893 4974 1318 5043 perniciemque
1378 4976 1481 5028 toti
1542 4975 1715 5030 infert
1780 4981 2047 5045 corpori:

350 5060 524 5116 simili
560 5065 699 5129 puta
730 5060 900 5114 modo
932 5061 1266 5117 affectiones
1315 5079 1545 5134 quoque
1577 5065 1809 5134 animae,
1845 5072 2048 5120 utcun-

350 5168 459 5222 que
496 5150 677 5206 multa
710 5150 884 5204 fuerit
915 5150 1173 5204 adhibita
1214 5168 1374 5218 cura,
1420 5153 1580 5208 intus
1626 5165 1815 5210 tamen
1860 5157 2050 5211 adhuc

349 5241 482 5297 tabo
516 5258 623 5296 suo
669 5250 1146 5308 corrumpuntur,
1189 5242 1417 5296 tandem
1476 5248 1670 5298 tamen
1704 5245 2051 5300 assiduitate

348 5328 815 5402 diligentissimae
891 5330 1233 5395 curationis,
1312 5346 1413 5400 per
1488 5331 1700 5387 Christi
1779 5334 2049 5404 gratiam,

348 5424 594 5490 perfecte
639 5426 937 5473 sanantur.
990 5418 1091 5474 Est
1141 5434 1273 5473 cum
1321 5420 1549 5476 occulta
1596 5423 1891 5495 quaedam“
1924 5424 2049 5495 faex,

419 5604 466 5641 "
496 5605 702 5661 Matth.
735 5620 851 5675 xxx,
884 5606 971 5662 2'2.
1048 5602 1094 5644 ⁸⁸
1126 5602 1329 5661 Matth.
1361 5621 1413 5673 v,
1445 5604 1535 5661 28.

2227 3548 2301 3605 Θ’.
2362 3546 2505 3620 Πρός
2573 3548 2700 3609 τοὺς
2776 3543 3167 3621 διαποροῦντας
3239 3568 3396 3625 φησι,
3472 3547 3530 3603 Τί
3605 3549 3693 3604 ὅτι
3775 3550 3849 3623 μὴ

2156 3636 2358 3713 γίνεταί
2424 3657 2507 3699 τις
2574 3635 2776 3711 ἡμέρα,
2834 3634 2887 3690 ἐν
3054 3636 3144 3692 καὶ
3215 3638 3290 3711 μή
3362 3633 3453 3691 διὰ
3515 3637 3712 3710 μίσους
3744 3635 3858 3712 ἔχω

2155 3726 2249 3780 τὸν
2316 3723 2574 3805 ἀδελφὸν,
2642 3725 2677 3795 ἢ
2744 3724 2834 3780 καὶ
2910 3723 3055 3781 ἄλλα
3129 3726 3245 3781 νινά
3337 3727 3553 3800 πονηρὰ
3648 3724 3864 3799 ἐμαυτῷ

2158 3815 2571 3885 συνεπίσταμαι,
2637 3814 2670 3869 ἃ
2752 3816 2844 3869 καὶ
2927 3812 3111 3869 ἄκοντι
3204 3810 3491 3889 συμϐαίνει
3583 3836 3675 3888 μοι
3760 3817 3864 3870 πά-

2158 3923 2355 3979 σχεινς
2412 3908 2580 3959 ταῦτα
2648 3900 2872 3959 λακτέον
2909 3921 2924 3935 ⁸
2988 3905 3069 3969 ὡς
3126 3905 3155 3959 ὁ
3202 3905 3295 3977 μὲν
3342 3904 3486 3978 ἀγὼν
3520 3906 3659 3967 ἅπας
3698 3906 3790 3960 καὶ
3835 3907 3868 3973 ἡ

2160 3989 2371 4063 σπουδή
2432 3997 2511 4060 τῷ
2560 3993 2853 4065 ἀνθρώπῳ,
2886 3992 3023 4048 ὥστε
3069 3994 3158 4048 καὶ
3209 3997 3287 4065 τῷ
3342 3997 3575 4068 πονηρῷ
3622 3994 3711 4048 καὶ
3760 4001 3872 4057 τοῖς

2160 4088 2422 4157 πονηροῖς
2496 4082 2850 4137 ἀντιτίθεσθαι
2926 4082 3215 4156 λογισμοῖς
3284 4079 3371 4137 διὰ
3440 4084 3642 4145 παντὸς
3709 4080 3862 4138 ἔστω.

2161 4172 2477 4247 Ἀμήχανον
2537 4168 2615 4243 δὲ,
2653 4169 2747 4225 ’ίνα
2803 4174 2866 4227 τὸ
2915 4172 3107 4236 σκότος
3158 4176 3267 4227 τῶν
3324 4174 3537 4244 παθῶν,
3586 4173 3675 4227 καὶ
3715 4174 3744 4228 ὁ
3791 4174 3873 4227 ea.

2158 4280 2317 4322 νατος
2366 4264 2463 4315 τοῦ
2506 4262 2879 4339 φρονήματος,
2912 4262 3081 4340 φημὶ,
3138 4268 3237 4331 τῆς
3284 4261 3480 4336 σαρκὸς
3544 4264 3621 4335 μὴ
3669 4258 3866 4316 ἐπιδεῖς

2161 4351 2381 4404 κνυσθαι
2437 4371 2558 4405 τινα
2596 4351 2799 4426 καρπὸν
2857 4347 2995 4405 ἴδιον
3049 4352 3149 4419 τήν
3195 4352 3388 4406 κακίαν
3447 4348 3574 4419 ἤτοι
3624 4370 3863 4423 κεκρυμ-

2169 4439 2346 4513 μένως
2400 4439 2435 4509 ἢ
2504 4445 2768 4517 φανερῶς.
2826 4444 3028 4515 Ὥσπερ
3091 4439 3196 4515 γάρ
3242 4461 3295 4495 τι
3357 4445 3570 4515 τραῦμα
3617 4440 3666 4492 ἐν
3749 4439 3852 4491 σώ-

2166 4550 2296 4600 ματι
2346 4528 2427 4598 ὃν,
2486 4525 2745 4583 ἀδύνατον
2803 4525 2909 4590 ἕως
2971 4525 3125 4584 οὔπω
3180 4527 3392 4584 τέλειον
3446 4526 3679 4599 ἰαθῇ,ὡς
3727 4523 3851 4596 μηδ’

2164 4615 2341 4690 ὀλίγῳ
2388 4618 2496 4671 τινὶ
2534 4622 2612 4688 τῷ
2660 4617 2826 4695 ἰχῶρι
2890 4615 3059 4690 μυδᾷν
3096 4637 3107 4649 ·
3168 4620 3258 4673 καὶ
3311 4622 3481 4675 ταῦτα
3509 4614 3860 4692 θεραπευόμε-

2160 4706 2250 4761 νόν
2296 4727 2374 4776 τε,
2423 4706 2513 4762 καὶ
2567 4705 2801 4779 μηδενὸς
2857 4712 2966 4762 τῶν
3027 4707 3104 4769 εἷς
3157 4706 3474 4779 ἐπιμελείας
3522 4704 3714 4761 τούτου
3770 4702 3865 4759 λό-

2162 4817 2273 4869 γων
2307 4799 2552 4865 ἡκόντων
2590 4797 2985 4868 ἀπαξιούμενον
3025 4818 3035 4829 ·
3089 4797 3361 4869 ἀμεληθὲν
3425 4795 3482 4852 δὲ
3540 4799 3701 4869 σῆψιν
3759 4789 3863 4849 ἔστι

2164 4883 2209 4939 δ’
2242 4885 2328 4939 ὅτε
2360 4886 2447 4939 καὶ
2483 4885 2665 4959 λύμην
2717 4890 2794 4957 τῷ
2853 4885 2970 4959 ὅλῳ
3002 4885 3283 4961 ἐργάζεται
3334 4885 3584 4957 σώματι·
3634 4885 3726 4939 τὸν
3779 4884 3859 4939 αὖ·

2160 4974 2249 5028 τὸν
2302 4974 2419 5029 οἶόυ
2477 4996 2570 5047 μοι
2628 4976 2828 5049 τρόπον
2889 4976 2977 5030 καὶ
3038 4978 3103 5029 τὰ
3160 4984 3261 5045 τῆς
3320 4980 3506 5049 ψυχῆς
3552 4975 3722 5043 πάθη,
3780 4975 3863 5028 καὶ

2162 5060 2382 5131 πολλῆς
2414 5062 2757 5119 ἀπολαύοντα
2786 5072 2886 5133 τῆς
2916 5063 3181 5134 σπουδῆς,
3216 5065 3371 5139 ὅμως
3398 5062 3551 5119 ἔνδον
3582 5065 3861 5138 σμύχοντα

2160 5153 2430 5226 ἐπιμένειν
2463 5174 2475 5186 ·
2520 5154 2665 5223 πλην
2708 5155 2852 5211 ἀλλά
2908 5160 2987 5226 τῷ
3045 5155 3348 5231 παραμόνῳ
3402 5158 3502 5224 τῆς
3557 5153 3865 5228 ἐπιμελείας

2163 5240 2251 5298 διὰ
2279 5249 2375 5298 τοῦ
2406 5248 2638 5317 Χριστοῦ
2678 5244 2905 5321 χάριτός
2938 5267 2996 5301 τε
3024 5245 3113 5301 καὶ
3150 5246 3454 5321 συνεργείας
3502 5245 3693 5313 ἐντελῆ
3726 5243 3866 5317 λαμ-

2161 5327 2308 5388 ϐάνει
2349 5336 2448 5402 τήν
2513 5332 2677 5391 iactv.
2738 5340 2890 5390 Ἔστι
2950 5333 3055 5411 γάρ
3110 5355 3192 5397 τις
3246 5335 3481 5405 κρυπτὸς
3547 5334 3740 5407 ῥύπος,
3780 5335 3863 5388 καὶ

2159 5423 2414 5499 περιττόν
2448 5444 2506 5479 τε
2536 5424 2728 5487 σκότος
2781 5426 2985 5488 παθῶν,
3043 5425 3072 5481 ’ὀ
3129 5425 3275 5499 παρά
3323 5425 3421 5493 τήν
3480 5422 3715 5499 καθαρὰν
3773 5428 3865 5480 τοῦ
