4130 6286
346 418 467 479 873

1321 420 1557 480 LIBER
1600 422 1701 481 DE
1746 421 2175 482 PATIENTIA
2217 420 2317 479 ET
2360 417 2898 480 DISCRETIONE.

3749 424 3869 484 874

348 550 640 623 ἀνθρώπου
707 549 866 624 φύσιν
944 546 1034 604 διὰ
1106 554 1208 618 τῆς
1281 553 1377 604 τοῦ
1446 549 1624 625 Ἀδὰμ
1697 547 2056 625 παραϐάσεως

2171 558 2220 608 et
2250 554 2621 609 tenebrarum
2664 554 3002 609 redundans
3050 553 3254 609 oﬁ’usio
3285 570 3352 610 ex
3382 556 3705 627 affectibus,
3740 574 3868 628 quae

346 639 633 714 παρεισέδυ
700 639 844 713 πάσῃ
904 644 974 713 τῇ
1044 640 1422 711 ἀνθρωπότητι
1457 642 1594 696 ’καὶ
1678 646 1838 697 τοῦτο
1895 640 2055 696 θολοῖ

346 732 437 785 καὶ
493 730 836 801 καταμιαίνει
897 731 986 782 xui
1056 735 1216 800 σῶμα
1277 727 1454 799 δήπου
1516 731 1606 785 καὶ
1682 732 1780 800 τὴν
1847 731 2050 805 ψυχήν.

348 818 508 878 Ἀλλ’
557 819 738 893 ὥσπερ
790 816 1013 891 σίδηρος
1070 820 1413 893 πυρούμενος
1463 841 1520 876 τε
1570 821 1660 875 καί
1716 820 2056 893 τυπτόμενος

349 908 678 979 καθαίρεταιο
730 908 765 977 ἢ
820 909 1022 981 χρυσὸς
1079 906 1277 982 χαλκῷ
1324 908 1359 977 ἢ
1409 910 1499 963 xui
1557 907 1768 983 σιδήρῳ
1817 929 2053 984 συγκρα-

348 999 458 1061 θείς
491 996 619 1071 πυρὶ
661 996 948 1067 διαιρεῖται
1000 999 1152 1069 μόνῳ
1189 1016 1203 1029 '
1230 996 1373 1052 οὕτω
1421 1000 1510 1052 xui
1541 1000 1576 1067 ἡ
1612 1000 1765 1073 ψυχή
1810 996 1897 1053 διὰ
1946 1003 2053 1053 τῶν

348 1087 638 1161 ἀχράντων
692 1090 790 1142 τοῦ
840 1093 1101 1160 Σωτῆρος
1163 1087 1349 1141 παθῶν
1399 1092 1478 1159 τῷ
1529 1090 1715 1162 ἀγαθῴ
1782 1088 2052 1159 Ηνεόματι

350 1176 664 1250 πυρουμένῃ
726 1177 817 1229 καὶ
882 1177 1219 1248 τυπτομένη,
1279 1177 1482 1241 παντὸς
1537 1178 1741 1238 πάθους
1797 1177 1888 1231 καὶ
1946 1177 2051 1232 πά-

352 1288 453 1336 σης
484 1266 854 1338 ἐκκαθαίρεται
886 1265 1176 1341 ἁμαρτίας.

422 1448 480 1502 1'.
538 1449 743 1517 Ὠσπερ
800 1444 943 1507 τινες
999 1441 1282 1516 λαμπάδες
1332 1444 1542 1501 πολλαὶ
1603 1444 1675 1500 ἐνὶ
1747 1445 1917 1518 ἐλαίῳ
1963 1448 2053 1501 καὶ

349 1532 429 1588 ἐνὶ
487 1534 799 1608 ἀναφθεῖσαι
854 1534 1009 1607 πυρὶ,
1068 1533 1167 1587 οὐκ
1234 1532 1332 1605 ἴσῳ
1388 1538 1466 1605 τῷ
1548 1534 1728 1606 μέτρῳ
1783 1534 2057 1598 πολλάκις

350 1623 452 1689 τὴν
481 1626 579 1676 τοῦ
630 1622 800 1697 πυρὸς
855 1622 1033 1697 αὐγὴν
1110 1622 1328 1697 ἀφιᾶσιν
1363 1641 1376 1655 ·
1412 1623 1556 1678 οὕτω
1620 1623 1709 1678 καὶ
1765 1625 1830 1679 τὰ
1890 1624 2052 1698 χαρί-

352 1732 529 1784 σματα
596 1714 664 1766 τὰ
731 1712 789 1767 ἐκ
860 1710 1133 1793 διαφόρων
1230 1716 1689 1788 κατορθωμάτων,
1789 1713 2052 1791 διάφορον

350 1799 593 1876 ἔχεικαὶ
631 1804 730 1869 τήν
780 1802 955 1879 αὐγὴν
1006 1807 1107 1858 τοῦ
1153 1805 1353 1877 ἀγαθοῦ
1404 1804 1714 1876 Πνεύματος
1873 1804 2054 1881 ὥσπερ

2163 646 2221 701 in
2275 663 2473 717 puram
2516 662 2549 699 a
2596 644 2880 717 principio
2926 645 3182 700 hominis
3231 652 3498 702 naturam
3547 648 3754 702 Adami
3805 665 3866 704 se

2162 735 2621 801 transgressione
2691 735 3007 790 insinuavit
3080 736 3137 789 in
3213 737 3675 803 humanitatem;
3742 737 3865 793 haec

2166 824 2388 897 polluit,
2422 825 2542 879 haec
2572 826 2925 880 contaminet
2954 830 3073 879 tam
3123 841 3334 897 corpus
3390 827 3659 881 videlicet
3690 844 3863 896 quam

2162 914 2441 968 animam.
2472 912 2690 967 Verum
2725 917 2788 967 ut
2830 914 3046 968 ferrum
3078 915 3215 969 dum
3275 914 3521 986 ignitum
3563 914 3869 970 contundi-

2162 1010 2278 1070 tur,
2338 1010 2723 1074 expurgatur;
2796 1007 2973 1072 utque
3053 1019 3261 1059 aurum
3348 1006 3478 1059 aeris
3552 1009 3653 1060 aut
3734 1003 3865 1059 ferri

2164 1095 2436 1149 mistione
2493 1092 2793 1158 infectum,
2851 1092 2976 1164 igni
3027 1093 3383 1160 secernitur;
3450 1094 3573 1164 pari
3646 1094 3867 1150 ratione

2163 1184 2355 1237 anima
2417 1198 2517 1252 per
2586 1180 2986 1236 immaculatas
3060 1180 3459 1252 perpessiones
3534 1181 3865 1250 Salvatoris,

2164 1274 2315 1328 bono
2369 1270 2585 1340 Spiritu
2646 1268 2848 1340 ignita,
2891 1277 2944 1324 et
3000 1285 3296 1339 percussa,
3338 1270 3408 1325 ab
3471 1270 3632 1325 omni
3690 1286 3866 1341 pravo

2164 1363 2365 1417 affectu
2398 1367 2455 1415 et
2487 1365 2717 1430 peccato
2748 1365 3113 1429 expurgatur.

2235 1449 2302 1503 X.
2346 1448 2413 1503 Ut
2462 1448 2724 1518 quaedam
2782 1446 3082 1518 lampades
3152 1465 3268 1504 uno
3326 1450 3522 1519 plures
3575 1448 3719 1515 oleo,
3752 1467 3867 1505 uno

2166 1555 2417 1594 accensae
2477 1539 2618 1609 igni,
2652 1537 2807 1592 haud
2868 1553 3064 1609 parem
3123 1542 3315 1593 tamen
3385 1554 3540 1609 smpe
3598 1538 3871 1596 emittunt

2168 1626 2487 1696 fulgorem;
2540 1626 2623 1681 sic
2683 1631 2739 1680 et
2796 1624 3148 1681 charismata
3208 1626 3265 1679 in
3324 1626 3567 1681 diversis
3624 1627 3692 1680 ad
3744 1643 3869 1696 quae

2170 1716 2475 1770 habilitant
2550 1714 2719 1769 bonis
2793 1716 3086 1785 operibus,
3160 1714 3526 1769 ditl‘erentem
3607 1715 3873 1769 evibrant

2166 1804 2427 1875 ejusdem
2472 1804 2605 1857 boni
2636 1803 2888 1874 Spiritus
2923 1802 3315 1874 splendorem.
3359 1807 3471 1859 Aut
3520 1810 3581 1858 ut
3631 1805 3687 1858 in
3737 1803 3872 1858 civi-

348 1888 399 1943 ἐν
449 1888 609 1943 πόλει
658 1887 888 1943 πολλῶν
945 1889 1136 1958 ὄντων,
1188 1891 1277 1945 καὶ
1336 1893 1435 1960 τὴν
1497 1893 1669 1962 αὐτὴν
1730 1892 2052 1963 οἰκούντων,

2171 1901 2282 1950 tate
2338 1893 2550 1949 multos
2606 1893 2985 1963 amplectente
3050 1894 3222 1961 cives,
3280 1895 3414 1949 licet
3489 1896 3680 1950 cuncti
3758 1911 3872 1949 uno

348 1977 422 2032 ἐνί
456 1998 513 2032 τε
549 1977 700 2052 ἄρτῳ
747 1979 837 2033 xui
896 1979 971 2033 ένί
1030 1979 1337 2055 χρωμένων
1396 1979 1573 2050 ὕδατι,
1626 1984 1678 2037 οἱ
1734 1987 1829 2055 μὲν
1881 1984 2057 2039 αὐτῶν

350 2063 559 2142 ἄνδρες,
602 2068 654 2121 oi.
699 2065 757 2121 δὲ
799 2071 1013 2138 νήπιοι,
1067 2071 1116 2123 οἱ
1168 2068 1227 2124 δὲ
1280 2068 1470 2135 παῖδές
1525 2071 1684 2141 εἰσιν,
1743 2074 1795 2127 οἱ
1864 2072 1920 2127 δὲ
1971 2076 2057 2148 γέ-

351 2160 556 2233 ροντες,
614 2157 703 2211 καὶ
763 2158 907 2213 πολὺ
982 2160 1045 2213 τὸ
1120 2159 1522 2233 παραλλάττων
1599 2160 1651 2215 ἐν
1728 2161 1913 2224 αὐτοῖς
1969 2164 2058 2217 καὶ

349 2243 607 2323 διάφορον
763 2245 946 2322 ὥσπερ
1005 2254 1152 2311 σῖτος
1205 2250 1254 2303 ἐν
1311 2255 1407 2323 μιᾷ
1457 2252 1545 2304 καὶ
1591 2254 1659 2323 τῇ
1712 2252 1851 2325 αὐτῇ
1901 2254 2061 2327 χώρᾳ

347 2337 811 2410 κατεσπαρμένος,
869 2336 1163 2416 διαφόρους
1221 2337 1400 2408 δήπου
1483 2340 1575 2395 καὶ
1630 2339 1758 2403 τοὺς
1817 2341 2058 2415 στάχυας

348 2422 689 2480 ἀναδίδωσιν·
754 2426 805 2480 ἐν
868 2428 1052 2499 μέντοι
1102 2432 1172 2501 τῇ
1231 2427 1368 2502 αὐτῇ
1428 2430 1548 2500 ἅλῳ
1609 2430 1910 2503 συνάγεται,
1968 2431 2058 2484 καὶ

349 2517 418 2585 τῇ
467 2513 603 2587 αὐτῇ
647 2514 903 2589 ἀποθήκη
950 2515 1323 2570 ἐναποτίθεται
1366 2534 1380 2547 ’
1408 2518 1582 2578 οὕτως
1631 2515 1751 2571 οἷόυ
1813 2539 1907 2589 μοι
1960 2520 2056 2573 κάν

351 2605 419 2675 τῇ
477 2603 584 2656 τῶν
645 2608 848 2678 νεκρῶν
908 2605 1187 2659 ἀναστάσει
1250 2604 1514 2685 διαφοράν
1594 2603 1756 2676 δόξης
1808 2613 1915 2661 τῶν
1974 2608 2061 2661 ἀν-

355 2697 656 2764 ισταμένων
738 2690 1071 2763 δοξάζεσθαι,
1162 2695 1252 2748 καὶ
1332 2696 1682 2770 γνωρίζεσθαι
1760 2697 1894 2751 κατὰ
1958 2698 2056 2765 τήν

351 2779 497 2851 ἀξίαν
558 2784 667 2834 τῶν
724 2781 1186 2854 κατορθωμάτων,
1244 2784 1382 2837 κατά
1444 2786 1544 2852 τήν
1613 2785 1899 2856 μετουσίαν
1958 2789 2056 2839 τοῦ

347 2867 584 2923 ἐντεῦθεν
645 2866 752 2939 ἤδη
822 2868 1164 2942 ἐνῳκηκότος
1223 2872 1406 2933 αὐτοῖς
1489 2872 1634 2927 θείου
1696 2874 2005 2945 Πνεύματος
2040 2888 2054 2901 ⁸

346 2961 439 3014 xui
503 2963 669 3014 τοῦτο
740 2959 872 3015 εἶναι
930 2962 1014 3027 τὸ,
1083 2963 1279 3035 Ἀστὴρ
1366 2962 1589 3038 ἀστέρος
1690 2960 1930 3041 διαφέρει
1997 2962 2049 3017 ἐν

347 3045 497 3120 δόξῃ.

420 3226 523 3282 IA'.
584 3228 759 3279 Τοῦτο
822 3226 987 3296 μόνον
1064 3227 1199 3282 κατά
1277 3225 1517 3297 σπουδὴν
1573 3225 1734 3298 ἔστω,
1804 3226 1899 3282 ’ίνα
1971 3248 2054 3290 τις

347 3315 629 3389 γεννηθεὶς
684 3318 763 3385 τῷ
825 3314 1098 3387 ΙΙνεύματι
1146 3322 1226 3389 τῷ
1273 3318 1411 3390 ἁγίῳ
1459 3318 1557 3384 τήν
1596 3312 1804 3371 ἔνοικον
1856 3317 2054 3371 ἀπονί-

350 3409 517 3478 ψηται
576 3405 843 3475 ἁμαρτίαν
882 3406 1022 3460 ’Καὶ
1069 3407 1175 3482 γὰρ
1241 3402 1293 3460 ἕν
1350 3428 1452 3461 τινι
1508 3406 1658 3480 μέρει
1722 3407 1811 3461 καὶ
1872 3407 2047 3479 ἐκείνη

352 3496 386 3562 ἡ
440 3491 528 3548 διὰ
576 3498 673 3549 τοῦ
724 3494 1037 3567 Πνεόματος
1081 3501 1177 3551 τοῦ
1228 3496 1381 3571 ἁγίου
1428 3497 1697 3573 γέννησις,
1748 3498 1927 3553 εἰκόνα
1970 3519 2054 3552 τε-

353 3583 637 3651 λειότητος
694 3582 813 3659 ἒχει
874 3582 925 3639 ἔν
973 3606 1031 3640 τε
1086 3590 1155 3659 τῇ
1216 3590 1400 3665 μορφῇ
1459 3588 1550 3641 καὶ
1606 3592 1721 3651 τοῖς
1789 3586 2046 3659 μέλεσινο

351 3671 413 3727 οὐ
474 3671 658 3745 μέντοι
717 3672 965 3747 δυνάμει,
1021 3675 1056 3743 ἢ
1115 3681 1213 3747 νῷ,
1272 3676 1306 3745 ἢ
1361 3674 1618 3750 ἀνδρείᾳ·
1655 3678 1682 3731 6
1740 3678 1845 3752 γάρ
1910 3678 2050 3750 πρὸς

349 3758 519 3835 ἄνδρα
570 3760 779 3817 τέλειον
835 3765 926 3816 καὶ
988 3763 1181 3838 μέτρον
1262 3764 1591 3844 ἀφικόμενος
1667 3763 1914 3834 ἡλικίας,
1987 3766 2053 3820 τά

346 3848 443 3905 τοῦ
492 3852 693 3922 νηπίου
740 3853 942 3920 πέφυκε
972 3860 1277 3929 -καταργεῖν
1322 3856 1446 3909 ’καὶ
1495 3851 1656 3909 τοῦτό
1708 3854 1869 3926 ἐστιν,
1920 3856 2051 3929 ὅπερ

344 3942 371 3995 6
439 3939 776 4001 Ἀπόστολος
853 3938 1031 4016 ἔλεγεν
1067 3959 1080 3973 ·
1164 3943 1289 3999 Εἴτε
1371 3941 1614 4016 γλῶσσαι
1701 3946 2052 4017 καταργηθή-

344 4050 548 4096 σονται,
618 4029 726 4083 εἴτε
792 4037 1120 4108 προφητεῖαι
1162 4051 1175 4064 ⁸
1228 4034 1430 4104 ’Ὠσπερ
1502 4034 1608 4106 γὰρ
1666 4034 1694 4087 6
1754 4033 1886 4105 ἀνὴρ
1944 4032 2051 4103 ἢδη

343 4118 660 4191 γενόμενος,
693 4116 817 4172 οὔτε
845 4120 1049 4195 τροφάς
1082 4117 1205 4174 οὔτε
1255 4120 1456 4188 λόγους
1503 4122 1631 4182 τοὺς
1682 4120 1836 4175 παιδὶ
1886 4141 2055 4195 προσ-

337 4208 571 4276 ήκοντας
629 4203 1007 4280 καταδέχεται,
1068 4208 1195 4263 ἀλλ’
1254 4210 1606 4278 ἀναξιοπαθεῖ
1682 4212 1819 4283 πρὸς
1895 4212 2049 4275 αὐτὰ,

351 4294 425 4354 ὡς
491 4293 673 4369 ἑτέρας
713 4290 821 4363 ἤδη
884 4291 1161 4368 διαγωγῆς
1220 4291 1414 4358 ἐπιϐάς
1451 4316 1464 4330 ο
1499 4294 1674 4358 οὕτως
1726 4299 1754 4351 ὁ
1799 4297 1934 4371 πρὸς
1982 4319 2058 4352 τε·

342 4381 505 4436 λείων
592 4384 700 4435 τῶν
786 4382 1155 4456 εὐαγγελικῶν
1252 4384 1494 4452 αὐξάνων
1590 4385 2057 4458 κατορθωμάτων,

342 4472 440 4539 τήν
484 4472 794 4542 νηπιότητα
841 4473 941 4541 τήν
1002 4469 1194 4527 ἑαυτοῦ
1259 4474 1398 4545 πρὸς
1448 4475 1548 4542 τήν
1595 4474 1914 4543 τελειότητα
1961 4495 2057 4529 κα-

338 4562 624 4617 τασπάσει.
657 4562 784 4616 Ὅτε
816 4562 944 4637 γὰρ,
976 4562 1159 4639 φησὶν,
1202 4562 1229 4616 6
1259 4563 1403 4625 θεῖος
1451 4562 1819 4632 Ἀπόστολος,
1866 4563 2059 4640 γέγονα

345 4650 508 4723 ἀνὴρ,
539 4652 861 4724 κατήργησα
890 4650 957 4704 τά
986 4655 1082 4705 τοῦ
1112 4652 1335 4721 νηπίου.

420 4739 498 4793 ΙΒ’
572 4740 639 4793 Τὸ
694 4740 787 4811 μὲν
833 4741 969 4795 κατὰ
1019 4745 1235 4814 Πνεῦμα
1284 4741 1643 4816 γεννώμενον,
1691 4741 1880 4816 τρόπῳ
1927 4741 2054 4811 τινὶ,

345 4828 528 4886 καθὼς
586 4825 920 4902 ἐδείκνυμεν,
978 4830 1188 4886 τέλειόν
1250 4831 1414 4887 ἐστιν.
1476 4834 1680 4903 ’Ὠσπερ
1756 4832 1845 4885 xui
1904 4832 2057 4888 τουτὶ

344 4916 408 4970 τὸ
463 4919 660 4987 νήπιον
714 4920 927 4994 τέίειον
988 4922 1128 4976 εἶναι
1186 4920 1442 4998 λέγομεν,
1516 4921 1568 4976 ἐν
1647 4927 1727 4993 τῷ
1780 4922 1847 4976 τά
1916 4924 2054 4996 μέρη

348 5006 519 5059 πάντα
573 5013 673 5075 τῆς
734 5007 1005 5078 ὁλότητος
1053 5010 1381 5081 ἀποσώζειν.
1431 5012 1610 5068 Πάλιν
1640 5013 1668 5067 6
1716 5012 1812 5085 μὲν
1863 5010 2059 5086 Κύριος

352 5095 480 5174 οὐχὶ
549 5100 766 5167 Πνεῦμα
821 5099 911 5152 xui
972 5099 1135 5174 χάριν
1194 5099 1442 5169 δίδωσιν,
1495 5100 1587 5157 ’ίνα
1651 5122 1736 5164 τις
1793 5101 2055 5174 περιπέσῃ

352 5188 471 5245 ταῖς
527 5185 821 5259 ἁμαρτίαις
857 5204 869 5218 ·
904 5187 1058 5241 αὐτοὶ
1112 5186 1171 5243 δὲ
1223 5189 1434 5251 ὲαότοῖς
1491 5189 1659 5245 αἶ’τιοι
1716 5194 1823 5244 τῶν
1883 5193 2061 5243 κακῶν

351 5276 403 5329 οἱ
463 5273 763 5348 ἅνθρωποι,
821 5279 890 5348 τῇ
949 5275 1136 5350 χάριτι
1216 5279 1292 5349 μὴ
1372 5284 1743 5355 ποιχοῦντες,
1823 5279 1914 5333 xui
1972 5276 2063 5332 διὰ

349 5368 511 5419 τοῦτο
571 5369 689 5426 τοῖς
754 5370 945 5427 κακοῖς
1021 5365 1379 5439 ἀλίσκόμενοι
1410 5366 1673 5423 ’δύναται
1740 5366 1798 5423 δὲ
1834 5362 1951 5421 καὶ
2010 5365 2061 5436 ἐξ

354 5450 510 5507 ἰδίων
574 5451 900 5510 ὀλισθαίνειν
964 5454 1054 5509 xui
1124 5457 1364 5531 φυσικῶν
1430 5458 1459 5511 6
1524 5456 1807 5532 ἄνθρωπος
1900 5455 2061 5527 λογι-

356 5547 532 5615 σμῶν,
600 5542 847 5617 ἀμελῶν,
902 5544 938 5616 ἢ
1005 5552 1382 5626 καταφρονῶν,
1438 5546 1473 5617 ἤ
1532 5562 1621 5603 και
1692 5546 1867 5618 οἰήσει
1912 5546 2063 5624 χρώ-

1252 4384 1494 4452 αὐξάνων

431 5721 479 5759 ⁸⁸
506 5725 526 5782 1
554 5723 684 5782 Cor.
716 5742 808 5794 xv,
836 5727 926 5783 41·
949 5725 997 5763 ⁸⁷
1028 5729 1049 5784 I
1078 5727 1203 5785 Cor.
1234 5743 1358 5789 vm,
1384 5729 1436 5784 8.
1478 5726 1528 5765 ⁸⁸
1556 5727 1701 5786 ibid.
1734 5728 1827 5786 25.

2166 1999 2335 2055 pane,
2369 1998 2599 2051 unoque
2633 1988 2806 2052 potus
2859 1997 3067 2052 genere
3112 1987 3380 2049 utantur;
3412 1987 3607 2037 tamen
3661 1983 3871 2036 horum

2165 2070 2263 2126 alii
2341 2070 2573 2141 quidem
2633 2068 2761 2135 viri,
2820 2070 2915 2123 alii
2980 2069 3226 2139 parvuli,
3288 2070 3450 2123 multi
3527 2070 3712 2139 pueri,
3774 2069 3872 2123 alii

2167 2174 2369 2224 senes;
2429 2158 2793 2228 multumque
2847 2158 3207 2213 discriminis
3283 2164 3340 2212 et
3410 2158 3743 2213 differentia:
3812 2159 3871 2213 in

2164 2250 2304 2320 ipsis
2335 2255 2465 2304 est:
2529 2247 2611 2304 vel
2674 2249 3163 2320 quemadmodum
3225 2250 3577 2313 frumentum
3637 2250 3694 2303 in
3756 2265 3871 2304 uno

2165 2346 2222 2395 et
2252 2339 2449 2394 eodem
2486 2340 2839 2393 seminatum
2886 2354 3047 2407 agro,
3079 2340 3339 2393 diversas
3380 2338 3567 2406 spicas
3616 2338 3870 2408 profert‘;

2166 2435 2359 2484 tamen
2395 2429 2725 2483 universum
2761 2430 2819 2482 in
2851 2430 3111 2482 eamdem
3146 2445 3262 2483 una
3319 2430 3612 2484 confertur
3658 2444 3871 2497 aream,

2166 2520 2222 2574 in
2281 2534 2465 2573 unum
2525 2518 2734 2588 pariter
2790 2518 3125 2572 reconditur
3182 2517 3504 2572 horreum:
3562 2516 3640 2572 sic
3698 2521 3755 2572 et
3811 2523 3873 2571 tu

2168 2606 2455 2672 existima,
2493 2623 2583 2660 me
2614 2610 2868 2671 auctore,
2903 2607 2960 2661 in
3015 2612 3376 2660 mortuorum
3420 2620 3653 2676 quoque
3683 2621 3876 2659 resur-

2169 2698 2421 2753 rectione
2446 2696 2826 2750 differentiam
2863 2696 3057 2767 glorias
3092 2696 3232 2763 fore,
3265 2694 3359 2760 iis,
3392 2697 3491 2766 qui
3543 2700 3877 2765 resurgunt,

2166 2785 2501 2858 glorificatis
2582 2790 2639 2841 et
2714 2784 3039 2840 illustribus
3108 2801 3210 2855 pro
3296 2784 3575 2851 dignitate
3633 2799 3877 2854 operum

2167 2877 2472 2943 bonorum,
2529 2880 2585 2930 et
2652 2891 2750 2946 pro
2830 2874 3245 2929 communione
3320 2873 3705 2928 inhabitantis
3753 2872 3875 2941 jam

2165 2966 2382 3020 ibidem
2415 2965 2575 3035 ipsos
2617 2963 2796 3018 divini
2847 2963 3127 3033 Spirilus:
3175 2968 3232 3018 et
3280 2962 3427 3017 hanc
3474 2978 3602 3017 esse
3646 2967 3872 3016 senten-

2165 3057 2307 3111 tiam
2361 3054 2520 3107 illius
2577 3053 2715 3108 dicti
2774 3051 3073 3122 apostolici
3109 3067 3122 3106 :
3157 3051 3332 3105 Slella
3387 3051 3568 3122 diﬂerl
3623 3067 3659 3106 a
3711 3048 3878 3104 stella

2166 3146 2225 3200 in
2254 3142 2507 3197 claritate
2537 3139 2605 3196 ⁸⁸.

2238 3229 2329 3285 ΧΙ.
2395 3229 2592 3284 Solum
2651 3228 2928 3299 peculiari
3006 3228 3256 3299 quisque
3322 3226 3515 3282 studio
3581 3232 3763 3291 curet,
3812 3228 3880 3281 ut

2168 3330 2541 3390 regeneratus
2617 3317 2837 3388 Spiritu
2916 3323 3136 3383 sancto,
3209 3316 3548 3371 inhabitans
3622 3315 3681 3370 in
3749 3331 3880 3371 sese

2161 3415 2463 3479 peccatum
2541 3407 2861 3476 abstergat.
2922 3404 3144 3459 Etenim
3224 3405 3283 3459 in
3362 3412 3523 3476 parte
3604 3405 3883 3474 quadam,

2160 3500 2332 3553 etiam
2393 3497 2493 3552 illa
2542 3498 2667 3568 ipsa
2725 3514 2822 3567 per
2872 3504 3139 3551 sanctum
3209 3494 3495 3565 Spiritum
3574 3495 3876 3565 generatio

2158 3576 2480 3656 imaginem
2546 3585 2915 3655 perfectionis
2973 3583 3164 3648 habet,
3216 3588 3273 3637 et
3331 3582 3390 3638 in
3460 3583 3641 3637 forma
3700 3588 3757 3636 et
3814 3582 3876 3635 in

2164 3675 2485 3741 membris;
2544 3691 2656 3728 non
2712 3679 2906 3727 tamen
2963 3672 3193 3737 virtute,
3228 3679 3326 3725 aut
3377 3680 3583 3740 mente,
3618 3675 3718 3725 aut
3766 3672 3880 3726 for-

2171 3765 2445 3820 titudine.
2480 3765 2621 3818 Nam
2656 3761 2756 3834 qui
2814 3762 2874 3817 in
2935 3762 3121 3815 virum
3174 3760 3487 3831 perfectum
3539 3767 3595 3815 et
3651 3777 3885 3815 mensu-

2171 3873 2294 3913 ram
2364 3855 2622 3925 pervenit
2696 3853 2901 3919 zetalis,
2980 3868 3109 3922 qum
3186 3856 3351 3905 erant
3426 3850 3673 3922 parvuli,
3736 3852 3885 3906 solet

2171 3960 2473 4001 evacuare.
2522 3948 2585 3996 Et
2634 3942 2743 3996 hoc
2799 3947 2888 3994 est
2944 3941 3095 4010 quod
3151 3938 3457 4008 Apostolus
3515 3940 3706 3994 dixit:
3762 3942 3886 3995 Sive

2170 4035 2377 4101 linguae
2426 4032 2732 4095 cessabunt,
2764 4031 2876 4083 sive
2928 4027 3231 4098 prophetiae
3260 4025 3329 4082 ⁸⁷.
3364 4029 3525 4081 Sicut
3581 4027 3737 4081 enim
3797 4028 3884 4082 vir

2165 4124 2285 4193 jam
2342 4122 2551 4183 factus,
2611 4133 2799 4188 neque
2866 4133 3029 4170 escas
3095 4132 3277 4182 neque
3355 4131 3650 4170 sermones
3704 4133 3879 4185 puero

2167 4210 2577 4265 convenientes
2608 4208 2883 4275 admittit,
2917 4207 3014 4259 sed
3066 4220 3131 4259 ea
3189 4214 3245 4256 ut
3297 4204 3407 4259 sibi
3462 4205 3733 4258 indecora
3789 4206 3880 4259 de-

2168 4300 2461 4367 dignatur,
2493 4303 2769 4367 tanquam
2798 4294 2898 4365 qui
2932 4294 2989 4347 in
3041 4293 3286 4347 alterum
3313 4293 3432 4361 jam
3483 4292 3607 4346 vita;
3660 4298 3879 4347 statum

2168 4386 2609 4459 prolecerit;sic
2658 4386 2756 4455 qui
2807 4384 2877 4437 ad
2935 4382 3343 4452 perfectionem
3408 4381 3879 4451 evangelicorum

2170 4477 2379 4533 crescit
2436 4475 2787 4540 ofﬁciorum,
2854 4471 3161 4526 infantiam
3238 4470 3531 4541 prepriam
3610 4471 3682 4525 ad
3756 4486 3883 4541 per-

2171 4566 2479 4622 fectionem
2540 4562 2746 4618 trahet.
2803 4560 3029 4630 Quando
3086 4560 3264 4626 enim,
3311 4561 3390 4614 ait
3449 4559 3682 4614 divinus
3725 4561 3879 4629 Apo-

2090 4635 2135 4700 D
2164 4654 2372 4714 stolus,
2404 4657 2581 4721 factu:
2610 4667 2742 4704 sum-
2766 4650 2871 4718 vir,
2903 4649 3165 4703 cvacuavi
3194 4663 3312 4718 qua:
3354 4652 3512 4702 erant
3555 4647 3783 4717 parvuli
3809 4645 3877 4704 ⁸⁸.

2236 4742 2357 4797 XlI.
2400 4742 2561 4806 Quod
2607 4739 2840 4811 quidem
2900 4753 3002 4809 per
3053 4737 3334 4808 Spiritum
3393 4735 3673 4806 gignitur,
3709 4735 3879 4790 modo

2168 4832 2447 4902 quodam,
2480 4834 2546 4884 ut
2599 4828 2988 4893 ostendimus,
3033 4825 3353 4896 perfectum
3409 4828 3517 4879 est.
3571 4823 3735 4879 Sicut
3777 4823 3881 4877 ali-

2168 4937 2337 4992 quem
2396 4920 2750 4974 infantulum
2808 4933 3007 4972 recens
3067 4922 3292 4982 natum,
3353 4932 3459 4971 suo
3522 4915 3692 4970 modo
3750 4930 3879 4970 esse

2168 5014 2484 5082 perfectum
2540 5007 2810 5073 dicimus,
2842 5022 2908 5061 eo
2966 5008 3115 5075 quod
3159 5010 3354 5076 partes
3412 5004 3620 5059 habeat
3676 5019 3879 5057 omnes

2169 5098 2411 5155 humani
2457 5096 2732 5166 corporis.
2781 5099 3005 5151 Rursus
3060 5096 3335 5149 Dominus
3403 5093 3637 5164 quidem
3695 5092 3878 5147 haud-

2169 5203 2462 5259 quaquam
2496 5186 2775 5257 Spiritum
2809 5190 2865 5239 et
2903 5185 3143 5256 gratiam
3178 5184 3293 5247 dat,
3328 5188 3393 5238 ut
3445 5184 3575 5256 quis
3622 5182 3786 5236 cadat
3816 5180 3874 5235 in

2176 5278 2330 5334 I88
2366 5280 2631 5348 peccata;
2661 5274 2775 5345 ipsi
2810 5283 3002 5329 autem
3060 5272 3329 5328 homines
3369 5272 3477 5327 sibi
3534 5287 3712 5326 eausa
3763 5286 3874 5324 ma-

2170 5368 2355 5423 lorum
2415 5370 2550 5419 sunt
2616 5365 2856 5419 ductum
2942 5363 3263 5418 abnuentes
3348 5361 3570 5433 gratias,
3629 5358 3873 5427 ideoque

2168 5455 2463 5525 illaqueati
2489 5454 2679 5508 malis.
2714 5456 2908 5508 Potest
2938 5458 3133 5508 autem
3166 5468 3233 5506 ex
3268 5449 3518 5522 propriis
3547 5445 3663 5499 labi
3693 5444 3869 5499 etiam

2172 5542 2537 5600 naturalibus
2613 5542 2787 5599 homo
2863 5540 3330 5614 cogitationibus,
3400 5533 3716 5605 negligens,
3784 5530 3870 5585 vel
