4130 6286
264 248 381 311 875

263 480 415 531 enim
450 473 585 545 quid
623 473 769 525 dicat
822 471 1033 523 Paulus
1067 466 1162 519 :Ne
1218 462 1481 525 extollar,
1511 458 1663 511 datus
1711 461 1788 509 εδι
1832 455 1969 508 mihi

266 566 517 621 stimulus
551 562 736 616 carnis
765 559 988 630 angelus
1053 557 1279 609 Satanae
1304 551 1369 603 3°.
1426 549 1623 612 Vides,
1687 552 1748 599 ut
1797 546 1968 599 etiam

268 656 367 727 qui
401 654 585 708 tantis
610 651 959 721 profectibus
992 646 1063 698 ad
1124 654 1235 697 tam
1269 638 1579 693 sublimem
1631 640 1767 689 sunt
1793 633 1971 689 evecti

269 726 501 799 virtutis
552 740 823 812 gradum,
875 733 1205 791 securitatis
1268 732 1388 784 sint
1431 726 1631 795 indigi.
1693 726 1968 779 Czeterum

269 835 380 889 nisi
416 832 512 887 det
549 830 905 884 occasionem
940 824 1089 878 ultro
1120 826 1177 875 et
1224 820 1442 873 aditum
1491 816 1714 870 Satanae
1775 814 1970 878 homo,

272 941 385 978 non
422 923 624 992 utique
658 934 756 987 per
783 918 898 970 vim
932 914 979 968 ei
1032 909 1443 965 dominabitur.
1504 908 1747 977 Propter
1794 905 1969 975 quod,

269 1030 452 1083 neque
477 1011 620 1080 parti
655 1007 895 1075 Christi,
930 1020 1119 1075 neque
1153 999 1465 1056 adversarii
1502 1016 1592 1053 res
1624 997 1966 1066 imputatur:

270 1102 372 1157 sed
406 1102 499 1172 qui
542 1100 739 1169 gratiae
772 1096 1023 1166 Spiritus
1056 1109 1117 1145 se
1150 1091 1410 1160 adjungit
1449 1104 1634 1156 usque
1664 1086 1721 1138 in
1771 1083 1971 1150 ﬁnem,

274 1191 450 1258 partis
479 1188 684 1242 Christi
739 1185 847 1238 ﬁt:
909 1182 1002 1253 qui
1064 1198 1194 1234 vero
1252 1196 1362 1231 non
1422 1178 1499 1230 ita
1539 1194 1600 1229 se
1631 1174 1826 1240 habet,
1890 1176 1976 1225 ut-

268 1295 496 1347 cunque
518 1276 739 1346 Spiritu
767 1276 1094 1343 generetur,
1131 1270 1236 1322 hoc
1267 1274 1375 1332 est,
1410 1265 1634 1318 etiamsi
1684 1264 1974 1334 particeps

274 1367 455 1423 Sancti
488 1365 737 1433 Spiritus
802 1362 919 1429 ﬁat,
957 1360 1014 1413 in
1070 1375 1175 1413 suo
1237 1354 1476 1411 arbitrio
1529 1354 1762 1408 habebit
1814 1352 1974 1423 sequi

277 1458 631 1511 voluntatem
693 1453 939 1507 Satanae.
973 1450 1102 1503 Sive
1147 1448 1299 1501 enim
1357 1444 1481 1515 ipse
1527 1444 1824 1511 Dominus,
1858 1446 1977 1499 sive

278 1547 527 1601 Satanas
563 1559 661 1610 per
718 1542 829 1594 vim
863 1539 1181 1599 traherent,
1242 1552 1355 1589 non
1416 1538 1569 1589 esset
1636 1533 1805 1588 homo
1865 1532 1975 1588 sibi

275 1633 592 1702 causaipsi
629 1648 745 1685 suae
796 1630 969 1684 sortis
1030 1626 1193 1682 malae
1252 1630 1352 1679 aut
1401 1626 1584 1689 bonae,
1619 1623 1862 1678 cadendi
1919 1622 1977 1679 in

276 1724 626 1795 gehennam,
661 1725 761 1773 aut
791 1720 847 1772 in
883 1732 1124 1788 regnum
1162 1713 1549 1785 perveniendi.

349 1810 507 1866 XIII.
545 1808 801 1872 Homini,
832 1804 1064 1860 virtutis
1114 1804 1395 1869 studioso,
1433 1800 1613 1854 multa
1660 1816 1801 1854 cura
1859 1803 1979 1853 sat-

281 1902 568 1973 agendutn
631 1903 739 1965 est,
774 1902 833 1951 ut
886 1895 1233 1950 discretione
1285 1890 1512 1960 polleat,
1549 1897 1611 1946 ut
1658 1908 1772 1963 quo
1822 1890 1981 1946 diffe-

284 1991 533 2046 rentiam
569 1990 703 2043 boni
743 1992 797 2041 et
829 1985 964 2041 mali
1015 1983 1367 2054 exploratam
1421 1981 1654 2047 habeat,
1687 1987 1743 2037 et
1793 1980 1983 2036 varias

281 2078 498 2135 diaboli
529 2080 839 2141 versutias,
871 2073 1019 2129 soliti
1055 2090 1153 2145 per
1211 2071 1503 2141 speciosus
1534 2070 1984 2140 imaginationes

285 2170 567 2238 plurimus
634 2172 973 2237 pervertere,
1052 2162 1349 2227 discutiat,
1426 2170 1598 2231 atque
1676 2159 1982 2230 intelligat.

284 2258 577 2328 Siquidem
613 2256 669 2308 in
704 2256 861 2309 omni
897 2253 1125 2323 negotio
1161 2249 1536 2304 utilissimum
1571 2253 1660 2303 est
1692 2245 1986 2302 securitati

286 2346 610 2402 consulere.
656 2346 738 2399 Ne
782 2345 957 2415 igitur
990 2342 1223 2395 levitate
1273 2340 1483 2394 mentis
1540 2339 1653 2393 cito
1686 2342 1739 2393 te
1794 2337 1987 2405 ipsum

278 2439 466 2506 praebe
498 2434 800 2489 credulum
844 2430 1238 2498 spiritualium
1306 2432 1659 2499 potestatum
1712 2425 1987 2497 impulsi-

287 2525 419 2590 bus,
452 2522 521 2575 ad
563 2526 617 2575 te
665 2520 1072 2588 decipiendum
1126 2518 1267 2573 forte
1299 2516 1648 2587 comparatis
1685 2531 1698 2571 :
1768 2514 1993 2568 etiamsi

292 2612 392 2685 qui
451 2612 773 2683 loquuntur
821 2609 1083 2664 ccelestes
1145 2608 1266 2663 sint
1323 2605 1565 2676 angeli:
1623 2605 1723 2659 sed
1782 2611 1872 2660 sta
1936 2607 1992 2658 in

299 2702 482 2771 gradu
542 2700 772 2764 tardus,
829 2696 1083 2753 examini
1129 2696 1302 2751 istius
1362 2695 1588 2765 generis
1674 2693 1995 2763 subjiciens

298 2788 708 2854 exactissimo;
767 2790 912 2858 quod
965 2787 1185 2840 bonum
1261 2788 1350 2838 est
1406 2782 1782 2853 amplectens,
1843 2782 1995 2851 quod

301 2878 543 2943 malum,
596 2878 882 2949 rejiciens.
943 2875 1065 2931 Non
1118 2874 1272 2930 enim
1330 2873 1512 2947 ignoti
1573 2878 1711 2927 sunt
1759 2872 1997 2929 effectus

298 2976 517 3044 gratim,
561 2987 707 3041 quos
769 2972 1091 3042 peccatum,
1153 2977 1443 3037 utcunque
1498 2966 1632 3021 boni
1695 2981 1997 3038 personam

297 3062 616 3131 assimulet,
660 3078 774 3116 non
819 3065 1003 3132 potest
1036 3063 1470 3130 repraesentare.
1522 3056 1662 3112 Nam
1717 3057 1848 3121 etsi,
1902 3074 1998 3112 se-

1600 229 1666 290 S.
1714 226 2039 295 MACARII
2084 226 2428 291 JEGYPTII

264 391 665 449 contemnens,
696 382 794 435 aut
860 374 1150 448 arroganti
1183 374 1352 427 utens
1399 363 1790 436 praefidentia;
1823 362 1957 419 audi
1997 366 2048 433 Α
2083 384 2243 434 μενος

3660 233 3803 295 876

2291 380 2304 395 ·
2340 361 2504 419 ἄκουε
2534 365 2637 436 γὰρ
2666 363 2719 418 τί
2768 385 2929 443 φησιν
2974 365 3001 419 6
3051 364 3289 427 Παῦλος.
3328 367 3445 424 ’Ἰνα
3496 367 3573 438 μή
3630 366 3813 439 61:19-

2078 450 2322 526 αίρωμαι
2406 452 2567 523 ἐδόθη
2660 475 2752 526 μοι
2857 455 3067 527 σκόλοψ
3152 457 3221 527 τῇ
3301 455 3456 528 σαρκὶ
3551 453 3807 531 ἅγγελος

2080 547 2276 598 Σατᾶν.
2333 546 2512 615 Ὁρᾷς.
2566 541 2648 596 ὅτι
2698 544 2785 598 καὶ
2838 545 2887 598 οἱ
2946 542 3292 613 τηλικούτων
3347 544 3615 617 ἁψάμενοι
3686 544 3806 617 με·

2079 648 2219 701 τρων
2268 628 2497 693 ἐπιδεεῖς
2562 630 2693 685 εἶσιν
2739 631 3053 710 ἀσφαλείας.
3099 630 3323 693 ’Ἄλλως
3372 652 3431 687 τε
3477 632 3565 686 καὶ
3615 633 3661 686 εἰ
3710 634 3803 706 μὴ

2081 713 2157 789 δῷ
2216 719 2481 795 πρόφασιν
2542 725 2620 791 τῷ
2682 726 2887 792 Σατανᾷ
2954 722 2982 775 6
3050 719 3355 796 ἄνθρωπος,
3435 721 3497 775 οὐ
3565 722 3802 795 κυριεύ-

2083 827 2216 861 σειεν
2253 808 2310 862 ἂν
2361 809 2527 863 αὐτοῦ
2583 810 2689 884 βίᾳ.
2752 812 2898 885 παρά
2948 815 3134 881 τοῦτο,
3180 808 3303 870 οὔτε
3351 816 3429 883 τῷ
3481 810 3631 885 μέρει
3684 815 3803 866 τοῦ

2081 903 2340 972 Χριστοῦ,
2400 896 2523 953 οὔτε
2573 904 2671 954 τοῦ
2726 900 3095 973 ἀντικειμένου
3151 902 3212 955 τὸ
3272 906 3499 974 πρᾶγμα
3568 901 3801 978 λογίζε-

2080 1009 2187 1042 ται·
2223 987 2369 1043 ἄλλα
2414 992 2482 1062 τῇ
2545 991 2641 1062 μὲν
2693 990 2880 1065 χάριτι
2940 995 3036 1045 τοῦ
3097 990 3410 1064 Πνεῦματος
3472 993 3802 1064 προστεθεὶς

2083 1079 2158 1141 εἷς
2186 1078 2365 1146 τέλος,
2397 1086 2495 1149 τῆς
2529 1077 2749 1154 μερίδος
2794 1082 3000 1157 γίνεται
3048 1085 3145 1137 τοῦ
3178 1084 3415 1153 Χριστοῦ
3463 1101 3474 1114 ·
3514 1084 3589 1155 μή
3641 1082 3803 1137 οὕτω

2086 1167 2141 1223 δὲ
2199 1171 2394 1244 σχὼν·
2430 1168 2524 1225 κᾶν
2586 1179 2861 1245 Πνευματι
2940 1174 3196 1249 γεννηθῇ,
3255 1173 3319 1227 τὸ
3376 1170 3432 1226 δὲ
3498 1170 3632 1239 ἐστι,
3690 1172 3802 1227 κᾶν

2090 1257 2325 1337 μέτοχος
2394 1259 2482 1313 καὶ
2558 1258 2653 1314 τοῦ
2738 1261 2889 1335 ἁγίου
2952 1262 3265 1334 Πνεόματος
3342 1264 3584 1334 γενηται,
3660 1263 3803 1336 παρ’

2086 1348 2276 1402 ἐαυτοῦ
2353 1346 2475 1421 ἔξει,
2546 1350 2604 1404 τὸ
2673 1351 2851 1405 ὀπίσω
2917 1354 3014 1405 τοῦ
3081 1350 3397 1423 θελήματος
3455 1353 3808 1425 παρευθῆναι

2086 1438 2183 1492 τοῦ
2232 1443 2464 1495 Σατανᾶ.
2518 1437 2639 1495 Εἴτε
2695 1441 2797 1514 γὰρ
2851 1439 3010 1502 αὐτὸς
3067 1441 3094 1494 6
3150 1440 3368 1513 Κύριος,
3436 1439 3543 1496 εἷ’τε
3617 1441 3708 1496 καὶ
3778 1442 3810 1497 ὁ

2091 1534 2330 1590 Σατανᾶς
2393 1528 2528 1602 πρὸς
2592 1530 2708 1603 βίαν
2779 1524 3108 1601 ἐλάμϐανον,
3161 1530 3259 1585 οὐκ
3310 1531 3379 1597 ἦν
3437 1532 3464 1583 ὁ
3515 1528 3811 1606 ἅνθρωπος

2090 1619 2264 1690 ἐαυτῷ
2314 1615 2507 1686 αἶ’τιος,
2570 1616 2692 1673 οὔτε
2756 1618 2830 1683 εἷς
2886 1620 3073 1696 γένναν
3131 1617 3406 1693 ἐμπεσεῖν,
3466 1617 3590 1677 οὔτε
3640 1623 3811 1695 βασι-

2010 1738 2057 1807 B
2090 1705 2240 1771 λείας
2272 1707 2577 1781 ἐπιτυχεῖν.

2165 1800 2265 1851 ΙΓ”.
2330 1795 2555 1866 Πολλῆς
2618 1802 2697 1871 τῷ
2763 1797 3044 1877 φιλαρέτῳ
3111 1800 3455 1877 φροντιστέον
3512 1806 3613 1869 τῆς
3684 1797 3807 1855 Sta-

2091 1884 2344 1959 κρίσεως,
2411 1883 2550 1944 ὥστε
2616 1894 2713 1956 τῆς
2764 1892 2862 1943 τοῦ
2919 1887 3093 1944 καλοῦ
3153 1891 3241 1945 καὶ
3298 1894 3466 1944 κακοῦ
3534 1886 3806 1967 διαφορᾶς

2093 1976 2455 2049 ἀπογνώμονα
2514 1976 2673 2047 εἶναι,
2731 1977 2819 2032 καὶ
2871 1978 2966 2040 τὰς
3052 1977 3309 2042 ποικίλας
3382 1984 3480 2034 τοῦ
3554 1986 3805 2055 πονηροῦ

2092 2067 2286 2138 τέχνας
2348 2063 2416 2118 δι’
2475 2064 2718 2140 εὐλόγων
2794 2072 3099 2139 φαντασιῶν
3161 2067 3415 2131 εἰωθότος
3467 2070 3596 2133 τοὺς
3650 2069 3807 2127 πολ-

2098 2153 2229 2218 λοὺς
2302 2156 2755 2231 παρακρούεσθαι,
2820 2158 3120 2233 βασανίζειν
3176 2160 3266 2214 καὶ
3325 2181 3580 2215 στνιεναι.
3642 2159 3807 2231 Πλὴν

2097 2244 2158 2299 τὸ
2215 2244 2475 2318 ἀσφαλὲς,
2526 2248 2660 2320 πρὸς
2717 2249 2889 2303 πάντα
2946 2249 3245 2311 λυσιτελὲς*
3305 2252 3381 2321 μὴ
3432 2250 3615 2305 τοίνυν
3676 2252 3809 2306 ἐλα-

2101 2333 2333 2407 φρότητι
2402 2332 2643 2395 διανοίας
2710 2336 2850 2410 ταχὺ
2909 2337 3126 2391 σεαυτὸν
3188 2337 3470 2413 ἑμπάρεχε
3522 2344 3643 2400 ταῖς
3696 2345 3809 2395 τῶν

2100 2430 2303 2499 νοερῶν
2370 2425 2703 2491 ἐπιστασίαις
2770 2425 2845 2488 εἷς
2914 2426 3122 2491 ἀπάτην
3193 2448 3333 2483 σου·
3377 2426 3474 2484 κᾶν
3544 2430 3695 2484 αὐτοὶ
3759 2433 3812 2486 οἱ

2104 2514 2345 2584 οὐράνιοι
2412 2512 2638 2591 ἄγγελοι
2698 2516 2828 2570 ὦσιν
2866 2538 2874 2547 ·
2913 2517 3057 2572 ἀλλὰ
3120 2517 3245 2590 μένε
3323 2520 3511 2595 βαρὺς,
3590 2521 3811 2594 βασάνῳ

2106 2607 2270 2658 ταῦτα
2331 2601 2512 2667 διδοὺς
2582 2604 3001 2681 ἐπιμελεστατῃ·
3068 2607 3131 2662 τὸ
3191 2608 3286 2679 μὶν
3346 2608 3514 2663 καλὸν
3572 2609 3806 2665 οἶκειού-

2111 2713 2290 2765 μενος,
2323 2694 2384 2749 τὸ
2417 2691 2518 2766 [δὲ]
2549 2696 2790 2767 πονηρὸν
2849 2693 3238 2768 διωθούμενος.
3283 2697 3355 2752 Οὐ
3385 2697 3482 2773 γὰρ
3513 2695 3688 2767 ἄδηλα
3732 2700 3802 2752 τὰ

2108 2785 2207 2846 τῆς
2263 2780 2492 2856 χάρικος
2552 2781 2917 2858 ἐνεργήματα,
2978 2786 3112 2860 ἅπερ
3170 2788 3204 2855 ἡ
3265 2788 3521 2861 ἁμαρτία,
3587 2788 3678 2840 κᾶν
3732 2787 3798 2841 τὸ

2106 2874 2203 2926 τοῦ
2268 2871 2466 2946 ἀγαθοῦ
2532 2873 2824 2945 πρόσωπον
2920 2875 3298 2947 ὑποκρίνηται,
3384 2882 3679 2954 παρασχεῖν
3739 2877 3804 2931 οὗ

2108 2957 2417 3029 δεδύνηται.
2462 2961 2520 3015 Εἰ
2550 2962 2655 3035 γὰρ
2700 2962 2789 3017 καὶ
2838 2964 2973 3019 κατὰ
3024 2965 3115 3018 τὸν
3165 2964 3526 3033 Ἀπὸστολον,
3581 2963 3724 3019 οἶδεν
3779 2966 3807 3020 ὁ

2113 3054 2350 3110 Σατανᾶς
2400 3051 2474 3113 εἷς
2543 3050 2773 3127 ἄγγελον
2833 3053 3011 3131 φωτὸς
3073 3055 3665 3129 μετασχηματίζεσθαι,
3710 3055 3811 3127 χά-

299 3154 552 3211 cundum
618 3150 976 3224 Apostolum,
1021 3152 1178 3205 Novi!
1225 3150 1455 3204 Satanas
1504 3151 1901 3219 transﬁgurare
1947 3163 1992 3203 se

2118 3158 2197 3213 ριν
2247 3144 2344 3195 τοῦ
2406 3141 2720 3211 ἀπατῆσαι·
2765 3141 2889 3197 ἀλκ²
2956 3142 3048 3197 οῦν
3116 3142 3211 3199 κᾶν
3278 3144 3493 3218 ὁράσεις
3552 3144 3811 3219 λαμπρὰς

299 3246 355 3296 in
415 3242 676 3312 angelum
724 3242 863 3297 lucis
894 3238 961 3308 9°,
1014 3244 1209 3295 tamen
1281 3238 1415 3293 licet
1481 3238 1734 3293 visiones
1801 3237 2004 3292 otI'er-at

301 3330 660 3400 splendidas,
722 3333 934 3383 bonam
997 3329 1417 3401 Operationem,
1470 3339 1529 3380 ut
1604 3327 1825 3381 dictum
1896 3333 2000 3395 est,

302 3418 570 3474 exhibere
604 3434 715 3472 non
760 3416 1009 3487 poterit;
1044 3433 1106 3471 ex
1157 3433 1270 3487 quo
1330 3424 1551 3470 certum
1610 3415 1735 3483 ejus
1769 3415 2006 3470 exsistet

303 3507 612 3561 indicium.
648 3506 774 3562 Non
812 3505 966 3559 enim
1003 3503 1341 3561 charitatem
1378 3505 1433 3556 in
1472 3504 1650 3557 Deum
1687 3510 1787 3558 aut
1817 3504 2005 3573 proxi-

306 3613 491 3662 mum,
527 3612 640 3649 non
692 3593 1226 3659 mansuetudinem,
1279 3609 1392 3647 non
1444 3592 1857 3657 humilitatem,
1894 3610 2003 3649 non

305 3685 612 3756 gaudium,
649 3700 762 3739 non
802 3698 1026 3754 pacem,
1061 3699 1172 3737 non
1207 3683 1651 3737 refrenationem
1703 3682 2004 3753 cogitatio-

313 3790 480 3841 num,
513 3790 625 3828 uon
660 3774 860 3827 mundi
919 3772 1141 3841 odium,
1175 3789 1287 3827 non
1321 3774 1571 3842 quietem
1617 3771 2005 3842 spiritualem,

306 3880 420 3919 non
454 3862 807 3917 desiderium
839 3861 1161 3916 ccelestium
1196 3861 1600 3931 Operationum
1636 3865 1820 3930 potest
1850 3863 2004 3927 dare,

307 3970 419 4007 non
447 3968 649 4024 pravos
692 3952 932 4008 affectus
967 3956 1024 4005 et
1070 3950 1393 4020 voluptates
1442 3966 1831 4019 compescere,
1882 3968 2008 4020 quae

306 4042 612 4098 manifesta
643 4050 779 4096 sunt
810 4058 985 4111 opera
1016 4040 1233 4111 gratiae.
1281 4039 1426 4094 Nam
1464 4057 1476 4095 :
1507 4041 1729 4095 Fructus
1771 4043 2004 4111 (inquit)

304 4133 543 4201 Spiritus
582 4136 729 4199 sunt,
787 4130 1056 4199 charitas,
1120 4129 1403 4198 gaudium,
1444 4145 1554 4199 pax
1575 4128 1644 4195 ⁹¹,
1686 4138 1820 4196 etc.,
1867 4148 2011 4203 quo-

308 4238 435 4277 rum
462 4222 581 4274 vice
608 4221 819 4273 fastum
848 4218 940 4274 ille
962 4219 1157 4288 potius
1185 4224 1240 4272 et
1261 4221 1649 4289 arrogantiam
1668 4219 2011 4291 ingenerare

308 4312 492 4366 multo
552 4310 897 4377 aptissimus
958 4310 1325 4380 maximeque
1385 4316 1588 4377 potens
1678 4312 1866 4368 fuerit.
1931 4311 2011 4366 Ex

309 4398 642 4467 Operatione
702 4398 880 4469 igitur
938 4397 1248 4468 dignosces
1298 4398 1465 4470 quale
1532 4398 1608 4453 sit
1656 4401 1808 4470 quod
1896 4405 2012 4456 tuae

2111 3224 2538 3304 περιϐαλληται,
2599 3233 2804 3306 ἀγαθὴν
2865 3231 3132 3307 ἐνέργειαν
3195 3234 3330 3309 ᾗπερ
3413 3234 3643 3310 ε’ίρηται,
3704 3256 3809 3291 vta-

2116 3325 2334 3392 ρασχεῖν
2398 3321 2459 3375 οὐ
2523 3319 2827 3390 δυνήσεταν
2908 3320 2977 3378 δι’
3045 3323 3106 3377 οὗ
3171 3324 3259 3378 καὶ
3336 3326 3399 3382 τὸ
3482 3328 3809 3398 παράσημον

2112 3404 2330 3483 ἀκριϐὲς
2391 3410 2615 3485 γίνεται.
2684 3411 2756 3466 Οὐ
2823 3413 2925 3487 γὰρ
3004 3414 3220 3489 ἀγάπην
3295 3415 3396 3483 τήν
3452 3413 3529 3478 εἰς
3586 3417 3715 3471 Θεὸν
3775 3416 3809 3483 ἢ

2113 3496 2373 3567 πλησίον,
2436 3500 2499 3553 οὐ
2560 3501 2861 3575 πραότητα,
2924 3502 2985 3557 οὐ
3058 3504 3401 3568 ταπείνωσιν,
3476 3505 3541 3558 οὐ
3622 3504 3814 3579 χαρὰν,

2116 3588 2213 3645 οὐκ
2270 3588 2519 3665 εἰρήνην,
2579 3591 2639 3646 οὐ
2699 3597 2795 3647 τοῦ
2853 3593 3063 3666 κόσμου
3126 3599 3306 3665 μῖσος,
3368 3593 3469 3648 οὐκ
3524 3594 3819 3648 ἀνάπαυσιν

2114 3685 2510 3755 πνευματικὴν,
2572 3680 2671 3736 οὐκ
2726 3682 3013 3754 ἐπιθυμίαν
3081 3685 3190 3736 τῶν
3268 3682 3534 3755 οὐρανίων
3606 3683 3822 3757 ἐνεργη-

2122 3772 2305 3842 μάτων
2362 3768 2579 3825 δύναται
2634 3773 2770 3843 (11),
2832 3768 2893 3825 οὒ
2952 3770 3096 3840 παθη
3156 3771 3246 3826 καὶ
3300 3768 3499 3841 ἡδονὰς
3555 3777 3821 3827 καταπαῦο

2118 3881 2227 3929 σαι,
2296 3860 2430 3934 ἅπερ
2499 3864 2741 3937 φανερῶς
2803 3860 2905 3915 εἶσι
2971 3861 3073 3928 τῆς
3138 3862 3368 3936 χάριτος
3434 3860 3812 3935 ἐνεργήματα·

2116 3952 2173 4004 ⁸0
2230 3951 2332 4024 γὰρ
2392 3950 2619 4024 καρπὸς,
2682 3950 2835 4025 φησὶ,
2893 3949 2990 4004 τοῦ
3060 3950 3371 4023 Πνεύματὸς
3462 3948 3605 4005 ἐστιν
3684 3952 3814 4027 ἀγα·

2118 4062 2217 4108 πη,
2277 4040 2443 4115 χαρὰ,
2517 4038 2732 4113 εῗρήνη,
2813 4039 2902 4093 καὶ
2977 4040 3041 4093 τὰ
3100 4040 3239 4110 ἑξῆς·
3307 4059 3453 4113 ταχα
3529 4040 3585 4095 δὲ
3650 4041 3809 4116 τύφον

2123 4130 2335 4204 μᾶλλον
2398 4129 2598 4191 ἐκεῖνος
2675 4127 2975 4202 ἐμποιῆσαι
3027 4130 3113 4184 καὶ
3177 4129 3638 4205 ὑψηλοφροσύνην
3703 4130 3812 4185 ἐπι-

2121 4218 2470 4290 τηδειότατος
2524 4241 2582 4275 τε
2636 4219 2725 4273 καὶ
2786 4216 3179 4281 δυνατώτατος.
3231 4222 3324 4275 Ἐκ
3353 4225 3483 4297 γοῦν
3532 4228 3630 4289 τῆς
3678 4220 3811 4293 ἐνερ-

2118 4310 2260 4385 γείας
2293 4309 2407 4382 εἶ’σῃ
2441 4310 2502 4365 τὸ
2533 4309 2841 4387 ἐλλαμιρθὶν
2892 4310 2943 4364 ἐν
2992 4309 3060 4383 τῇ
3097 4312 3252 4388 ψυχῇ
3303 4314 3398 4364 σοῦ
3446 4311 3625 4385 νοερὸν
3673 4314 3800 4386 φῶς,

2120 4400 2345 4474 ποτέρον
2405 4404 2500 4454 τοῦ
2548 4405 2704 4468 Θεοῦ,
2750 4400 2785 4469 ἢ
2831 4406 2927 4456 τοῦ
2985 4404 3193 4455 Σατανᾶ
3248 4401 3480 4473 πέφυκεν
3533 4401 3585 4453 ὃν
3619 4417 3632 4429 ·
3663 4397 3795 4465 πλὴν

308 4490 450 4545 forte
483 4488 688 4543 anima;
722 4487 972 4543 illuxerit
1025 4485 1409 4543 intellectuale
1467 4488 1688 4558 lumen,
1740 4496 1934 4546 utrum
1977 4508 1992 4545 ι

2120 4487 2263 4543 αλλά
2292 4490 2379 4544 καὶ
2429 4488 2565 4563 αὒτῇ
2609 4496 2677 4564 τῇ
2736 4494 2913 4566 ψυχῇ,
2953 4489 3101 4561 έίπερ
3153 4488 3385 4564 ἔρἓται
3433 4492 3498 4547 τὰ
3545 4496 3638 4557 τῆς
3687 4485 3797 4541 δια-

306 4585 444 4651 Deo,
468 4596 540 4633 an
578 4595 610 4633 a
638 4582 851 4634 Setuna
883 4578 961 4633 sit
989 4581 1206 4633 ortum.
1243 4578 1391 4643 Quin
1450 4583 1507 4632 et
1538 4577 1650 4648 ipsi
1702 4580 1926 4647 animus,
1961 4579 2010 4635 si

306 4674 543 4742 gustum
597 4668 669 4725 ad
726 4668 1135 4723 discretionem
1196 4684 1311 4723 non
1366 4668 1645 4722 obtusum
1695 4668 1902 4739 habet;
1938 4672 2009 4726 ab

307 4758 434 4829 ipso
458 4764 655 4813 statim
692 4760 939 4827 primum
976 4758 1227 4829 appulsu
1267 4775 1577 4830 sensuque,
1611 4760 1917 4815 manifesta
1951 4776 2013 4816 se

309 4848 512 4918 prodet
542 4848 884 4902 diti‘erentia.
938 4847 1007 4903 Ut
1037 4849 1193 4902 enim
1245 4858 1471 4903 acetum
1504 4856 1557 4905 et
1614 4850 1810 4905 vinum
1854 4850 2008 4921 quod

307 4942 607 5007 aspectum
672 4952 851 4991 unum
910 4937 1183 5008 idemque
1268 4937 1522 5003 sunt;si
1600 4954 1731 4994 vero
1811 4939 2014 5010 lingua

309 5025 700 5096 explorentur.
732 5024 985 5095 palatum
1022 5027 1289 5097 protinus
1346 5026 1417 5079 de
1475 5031 1717 5098 utroque
1750 5046 2014 5098 pronun—

307 5115 415 5170 tiat
446 5114 582 5184 quid
619 5129 749 5168 vere
779 5113 893 5182 sit;
929 5114 1009 5172 ita
1038 5128 1092 5172 et
1148 5116 1341 5171 anima
1403 5131 1470 5173 ex
1502 5116 1627 5189 ipso
1684 5118 2012 5188 spiritualis

308 5202 675 5275 experientiae
707 5220 881 5260 sensu
913 5222 979 5262 ac
1024 5208 1256 5278 propria
1296 5209 1542 5277 quadam
1590 5209 1865 5264 facultate
1912 5227 2011 5281 po-

310 5301 423 5351 test
454 5294 794 5365 dijudicare,
827 5312 953 5367 quae
987 5297 1124 5353 boni
1175 5296 1420 5369 Spiritus
1477 5297 1855 5367 charismata,
1885 5317 2012 5372 qua

311 5384 484 5442 alieni
516 5387 634 5444 sint
669 5386 1103 5459 phantasmata.

387 5530 434 5566 '9
465 5533 514 5588 II
547 5533 672 5590 Cor.
710 5551 811 5602 xu,
842 5536 895 5590 7.
978 5534 1022 5572 ’0
1052 5535 1104 5592 II
1129 5536 1256 5606 Cor,
1290 5553 1367 5607 ιι,
1396 5537 1482 5591 14.
1561 5537 1600 5573 ⁹¹
1634 5536 1758 5593 Gal.
1788 5554 1843 5607 ν,
1867 5541 1957 5595 22.

2121 4579 2370 4652 κρίσεως,
2419 4580 2574 4641 εὐθὺς
2626 4579 2729 4635 ἀπὸ
2786 4587 2886 4649 τῆς
2943 4584 3132 4654 νοερᾶς
3182 4578 3507 4651 αἰσθήσεως,
3557 4576 3694 4647 δῆλα
3741 4577 3806 4630 τὰ

2120 4675 2218 4736 τῆς
2278 4666 2538 4747 διαφορᾶς
2594 4670 2819 4742 γίνεται,
2880 4672 3084 4742 ’Ὠσπερ
3139 4670 3243 4745 γὰρ
3300 4666 3422 4740 ὅξος
3478 4668 3627 4739 οἳνῳ,
3685 4668 3813 4722 κατὰ

2125 4758 2219 4829 μὲν
2260 4760 2359 4827 τὴν
2412 4758 2599 4833 ὅρασιν
2645 4758 2722 4826 ἓν,
2786 4758 2846 4815 ἔκ
2893 4757 2950 4813 δὲ
2994 4766 3096 4828 τῆς
3152 4760 3287 4814 κατά
3343 4761 3444 4828 τήν
3498 4762 3681 4832 γεῦσιν
3733 4756 3816 4811 αἱ-

2123 4850 2363 4917 σθήσεως
2415 4849 2442 4902 6
2497 4847 2696 4923 λάρυγξ
2754 4849 3005 4924 ἐκατὲρευ
3061 4849 3233 4923 κρίνει
3308 4851 3370 4905 τὸ
3454 4845 3622 4905 ’ίδιον-
3681 4847 3814 4902 οὕτω

2124 4934 2188 5006 δὴ
2251 4937 2338 4991 καὶ
2402 4939 2553 5012 ψ’)χῆ
2614 4937 2663 5011 ἐξ
2724 4938 2890 5007 αὐτῆς
2954 4960 3016 5014 γε
3078 4946 3179 5007 τῆς
3246 4943 3435 5012 νοερᾶς
3494 4938 3812 5008 αἰσθήσεως,

2120 5026 2211 5080 καὶ
2268 5032 2367 5093 τῆς
2425 5024 2685 5102 ἐνεργείας
2743 5023 2939 5095 δυνατὴ
3000 5026 3199 5101 κρίνειν
3258 5028 3326 5082 τά
3375 5046 3433 5081 τε
3505 5029 3605 5079 τοῦ
3660 5025 3815 5079 [Ινεῦ-

2127 5136 2298 5190 ματος
2367 5117 2703 5194 χαρίσματα,
2779 5117 2868 5174 καὶ
2933 5119 2999 5174 τὰ
3075 5121 3171 5175 τοῦ
3255 5115 3553 5193 ἀλλοτρίου
3631 5116 3821 5194 φαντάι

2124 5228 2321 5281 σματα.
