4130 6286
298 375 416 432 879

1635 369 1697 430 S.
1746 368 1954 430 MACA
1966 366 2071 427 RII
2116 368 2459 429 IEGYPTII

3690 368 3820 429 880

302 519 435 559 vero
462 504 688 574 plenius
733 503 1070 569 adoleverit,
1103 508 1246 559 tunc
1294 519 1409 558 non
1459 502 1574 558 fere
1613 501 1813 557 minus
1845 499 1996 555 clare

2112 500 2197 553 καὶ
2256 498 2348 553 τὸν
2406 496 2653 572 πατὲρα’
2714 496 2928 553 ἐπειδὰν
2986 497 3042 554 δὲ
3100 500 3175 562 εἷς
3232 497 3452 569 ἡλικίαν
3528 498 3813 575 ἀφίκηται,

297 596 423 665 ipse
455 600 704 665 patrem,
755 611 927 665 quam
978 598 1137 664 pater
1185 594 1380 663 ipsum
1432 593 1620 647 noscit
1667 607 1733 646 ac
1772 591 1997 661 diligit;

2112 589 2230 643 τότε
2288 586 2710 656 συνδιατίθεται,
2769 590 2871 661 υἱῷ
2909 611 2967 645 τε
3023 593 3203 665 πατὴρ
3261 586 3503 664 ἀκριϐῶς
3543 590 3635 644 καὶ
3696 590 3819 651 υἱὸς

300 699 364 738 ac
395 686 499 739 tali
546 685 669 754 jam
718 686 1041 740 ostenditur
1088 682 1266 755 patris
1305 683 1653 737 thesaurus:
1687 682 1771 736 sic
1803 681 2001 735 anima

301 787 534 843 quoque
581 778 717 829 ante
764 771 1213 828 inobedientiam
1273 772 1605 842 profectura
1636 770 1825 824 fuerat
1854 775 1911 823 et
1940 769 1998 822 in

296 863 482 917 virum
540 865 860 934 perfectum
920 878 1273 928 occursura;
1345 863 1443 916 sed
1505 877 1608 932 per
1664 859 1999 913 inobedien-

300 951 445 1007 tiam
506 957 561 1007 in
611 952 846 1023 pelagus
898 951 1212 1007 oblivionis
1260 955 1317 1005 et
1361 951 1421 1004 in
1472 952 1745 1020 abyssum
1791 946 2002 1002 erroris

300 1043 572 1112 depressa
605 1051 727 1108 est;
766 1050 941 1112 atque
972 1041 1029 1095 in
1066 1041 1249 1112 portis
1302 1041 1470 1095 inferi
1504 1038 1866 1106 inhabitavit,
1904 1037 2003 1090 ubi

300 1134 417 1188 lato
453 1132 608 1189 velut
654 1132 956 1187 intervallo
1004 1132 1228 1185 distans
1260 1148 1291 1184 a
1322 1131 1437 1185 Deo
1489 1144 1686 1184 anima
1729 1128 2004 1182 accedere

299 1224 368 1277 ad
429 1222 591 1277 illum
670 1224 892 1292 nequit,
966 1229 1020 1275 et
1088 1220 1242 1275 clare
1307 1233 1618 1289 agnoscere
1684 1224 2001 1270 creatorem

299 1320 497 1367 suum.
554 1313 627 1365 At
680 1311 835 1366 Deus
909 1310 1162 1380 primum
1234 1309 1468 1379 quidem
1524 1322 1626 1376 per
1692 1304 2002 1376 prophetas

301 1406 628 1456 convertere
682 1400 959 1454 studebat
1017 1398 1087 1451 ad
1158 1414 1217 1453 se
1284 1396 1466 1465 illam,
1527 1404 1579 1451 et
1637 1394 2003 1463 provocabat,

299 1499 472 1561 atque
501 1491 559 1544 in
592 1489 853 1545 notitiam
887 1487 1148 1542 trahebat
1180 1488 1291 1542 sui.
1344 1488 1640 1540 Postremo
1692 1481 2004 1537 adveniens

301 1585 358 1634 et
417 1596 606 1634 coram
659 1579 780 1649 ipse
848 1594 1156 1649 apparens,
1229 1576 1576 1630 oblivionem
1645 1573 1882 1643 quidem
1953 1569 2002 1623 ei

296 1668 565 1734 abstulit,
599 1684 849 1724 errorem
899 1684 1127 1737 quoque
1171 1664 1441 1720 detraxit.
1477 1664 1713 1725 Deinde,
1758 1669 1814 1715 et
1844 1676 2002 1730 ipsas

299 1759 512 1813 inferni
545 1772 930 1828 perrumpens
963 1760 1181 1825 portas,
1214 1755 1271 1809 in
1314 1769 1517 1824 vagam
1550 1750 1708 1805 illam
1745 1748 2004 1821 pervenit

2108 679 2293 753 πατρὶ,
2357 679 2798 735 ἀποκαλύπτεται
2868 679 2925 736 δὲ
2981 683 3131 753 αὐτῷ
3203 683 3292 736 καὶ
3359 683 3386 735 ὁ
3442 685 3541 736 τοῦ
3607 680 3817 753 πατρὸς

2110 766 2379 841 θησαυρός
2412 787 2425 800 ·
2478 766 2621 822 οὕτω
2652 768 2742 822 καὶ
2782 771 2817 837 ἡ
2867 770 3021 844 ψυχὴ
3071 770 3176 843 πρὸ
3218 777 3317 837 τῆς
3351 771 3629 844 παρακοῆς
3674 789 3810 842 προσ

2109 858 2325 911 κόπτειν
2385 852 2612 929 ἔμελλε,
2666 859 2755 912 καὶ
2830 858 2907 920 εἷς
2968 856 3136 933 ἄνδρα
3206 858 3420 914 τέλειον
3498 863 3759 928 καταντᾷν
3798 876 3816 891 ⁸

2112 942 2199 998 διὰ
2251 946 2433 1016 μέντοι
2483 946 2573 1000 καὶ
2623 948 2904 1019 παρακοὴν
2955 947 3031 1009 είς
3080 945 3321 1024 πέλαγος
3370 946 3549 1017 λήθης
3597 946 3687 1001 καὶ
3738 945 3819 1007 εἷς

2116 1035 2279 1107 βυθὸν
2328 1034 2537 1103 πλάνης
2586 1031 2975 1106 κατεϐϐάσθη,
3009 1037 3101 1091 καὶ
3152 1036 3203 1091 ἐν
3253 1035 3456 1098 πύλαις
3507 1035 3641 1107 ᾅδου
3679 1056 3817 1089 κατ-

2112 1124 2340 1196 ῴκησεν.
2403 1124 2535 1180 Ἀπὸ
2603 1130 2732 1201 γοῦν
2809 1123 3023 1180 πολλοῦ
3078 1125 3366 1200 καθαπερεί
3444 1123 3814 1195 διαστήματος

2117 1214 2474 1286 μακρυνθεῖσα
2520 1217 2617 1267 τοῦ
2663 1217 2795 1268 Θεοῦ
2840 1217 2873 1283 ἡ
2925 1216 3099 1289 ψυχὴ,
3147 1213 3406 1275 ἀδύνατος
3458 1213 3604 1283 αὐτῷ
3650 1232 3818 1285 προσ-

2116 1302 2290 1357 ελθεῖν
2367 1304 2456 1371 ἧν,
2531 1303 2621 1357 καὶ
2707 1303 2998 1379 ἐπιγνῶναι
3076 1305 3259 1365 καλῶς
3336 1305 3426 1358 τὸν
3511 1301 3811 1358 πλάσαντα.

2117 1390 2271 1447 Ἀλλ’
2325 1393 2352 1445 ὁ
2412 1398 2542 1453 Θεος
2598 1396 2789 1466 πρῶτα
2850 1395 2944 1465 μὲν
3003 1392 3090 1447 διὰ
3143 1397 3441 1469 προφητῶν
3501 1390 3821 1465 ἐπέστρεφεν

2115 1481 2286 1550 αὐτὴν
2351 1480 2442 1535 καί
2523 1482 2935 1555 προσεκαλεῖτο,
2993 1484 3083 1537 καὶ
3159 1489 3234 1544 εἷς
3314 1482 3605 1556 ἐπίγνωσιν
3665 1480 3822 1534 εἷλκε

2113 1572 2209 1638 τήν
2267 1572 2479 1630 ἑαυτοῦ,
2538 1574 2809 1646 Ἐσχατον
2867 1570 2922 1627 δὲ
2968 1574 3057 1627 καὶ
3116 1572 3276 1635 αὐτὸς
3328 1570 3612 1641 παρελθὼν
3674 1569 3822 1624 ἐκεῖ·

2112 1681 2231 1727 νος,
2270 1658 2523 1736 ἀφείλετο
2577 1662 2672 1733 μὲν
2720 1663 2818 1727 τὴν
2867 1659 3064 1731 λήθην,
3114 1661 3367 1737 ἂφείλετο
3419 1658 3475 1714 δὲ
3521 1662 3620 1729 την
3663 1660 3817 1714 πλά-

2110 1772 2205 1818 νην
2242 1766 2255 1780 ·
2326 1751 2440 1804 εἶτα
2496 1756 2585 1805 καί
2645 1771 2741 1811 τας
2802 1746 2933 1821 ᾅδου
2997 1748 3290 1827 διαρρήξας
3343 1748 3518 1811 πύλας
3576 1749 3662 1804 ἐπὶ
3710 1751 3815 1818 τὴν

299 1848 581 1911 animam,
642 1861 703 1900 se
754 1845 949 1916 ipsum
1017 1842 1310 1911 exemplar
1373 1843 1423 1897 ei
1494 1854 1843 1911 proponens,
1905 1854 2001 1908 per

2114 1838 2545 1914 πεπλανημένην
2632 1838 2855 1908 εἰσῆλθε
2938 1842 3148 1915 ψυχὴν,
3235 1841 3421 1895 ἑαυτὸν
3506 1836 3820 1915 ὒπόδειγμα

300 1937 453 2007 quod
490 1934 654 1989 facile
678 1937 799 2003 jam
820 1934 1031 2002 poterit
1061 1933 1132 1987 ad
1168 1946 1501 1985 mensuram
1533 1930 1738 1994 tetatis,
1792 1942 2002 1991 nempe

297 2024 447 2080 185
511 2025 581 2078 ad
644 2025 1052 2093 perfectionem
1112 2022 1381 2092 Spiritus,
1446 2020 1761 2091 pervenire.
1828 2023 2000 2073 Porro

293 2113 550 2167 Verbum
586 2113 681 2167 Dei
713 2114 923 2167 tentari
953 2129 983 2165 a
1030 2112 1288 2175 maligno
1328 2112 1525 2165 divina
1566 2110 2001 2178 dispensatione

298 2202 677 2273 permittitur,
701 2203 910 2257 deinde
932 2201 1266 2272 opprobria,
1291 2198 1778 2269 contemptiones,
1806 2206 2002 2252 contu-

302 2293 527 2359 melias,
558 2291 756 2360 alapas
787 2307 1069 2345 manuum
1104 2290 1410 2344 audacium
1446 2288 1702 2357 illarum,
1735 2290 2001 2357 etipsam

300 2388 617 2437 extremam
651 2398 752 2452 per
798 2396 1027 2435 crucem
1072 2386 1315 2434 mortem
1366 2378 1632 2446 sustinet,
1665 2380 2000 2445 ostendens,

299 2477 362 2525 ut
426 2470 703 2535 diximus,
762 2486 937 2539 quam
999 2468 1180 2523 animi
1248 2469 1573 2536 aequitatem
1644 2484 1761 2537 prae
1832 2467 2001 2521 nobis

304 2563 452 2614 ferre
507 2560 826 2613 debeamus
883 2573 1023 2627 erga
1078 2556 1408 2627 opprobriis
1466 2573 1569 2610 nos
1615 2557 1999 2621 incessentes,

302 2654 359 2703 et
392 2647 810 2718 vilipendentes
842 2662 969 2711 nos,
1016 2651 1116 2701 aut
1167 2650 1409 2700 mortem
1460 2645 1637 2699 etiam
1687 2645 2002 2699 inferentes

308 2738 515 2803 nobis;
572 2744 634 2791 ut
681 2740 738 2791 et
789 2735 903 2806 ipsi
965 2751 1069 2788 nos
1127 2735 1199 2789 iis
1267 2736 1365 2805 qui
1428 2735 1587 2788 surdi
1648 2739 1807 2800 sunt,
1858 2732 2002 2786 inuti

306 2827 518 2881 ﬁamus
576 2842 690 2879 non
738 2824 1059 2895 aperientes
1107 2840 1194 2889 os,
1256 2833 1317 2877 ut
1365 2823 1477 2876 vim
1528 2829 1586 2877 et
1621 2824 2001 2877 subtilitatem

308 2918 719 2989 perspicientes
771 2916 1027 2981 malitiae,
1087 2932 1155 2970 ex
1202 2930 1369 2969 cruce
1428 2915 1520 2968 cui
1579 2914 1772 2968 suffixi
1821 2915 2002 2968 clavis

298 3024 545 3073 sumus;
577 3023 699 3061 cum
750 3007 989 3061 clamore
1039 3006 1229 3060 valido
1260 3004 1282 3038 ²
1331 3005 1666 3059 invocemus
1718 3020 1873 3066 eum,
1909 3006 2004 3074 qui

294 3106 469 3169 potest
517 3113 612 3152 nos
662 3096 841 3151 salvos
885 3098 1120 3165 funerea
1173 3098 1385 3154 morte;
1442 3093 1871 3164 dicamusque:
1926 3092 2001 3147 Ab

294 3188 517 3242 occulti:
574 3185 710 3241 meis
768 3185 975 3239 munda
1034 3199 1166 3238 me:
1227 3188 1302 3253 et,
1357 3182 1416 3237 Si
1469 3184 1576 3237 mei
1629 3199 1738 3237 non
1788 3181 2002 3252 fuerint

295 3275 590 3339 deminuti,
675 3285 805 3329 tunc
876 3274 1265 3327 immaculata:
1340 3287 1432 3327 cro
1488 3272 1528 3325 ⁸.
1605 3272 1768 3326 Τυηο
1826 3246 2074 3339 igiturC

293 3365 705 3419 immaculatus
753 3363 959 3430 factus,
1016 3364 1233 3417 invenit
1280 3378 1428 3429 eum,
1474 3363 1569 3431 qui
1616 3361 1842 3430 subiecit
1890 3360 2003 3424 ipsi

293 3454 480 3510 omnia
510 3455 552 3520 ‘,
596 3460 653 3507 et
700 3455 1020 3523 conregnat
1069 3458 1125 3506 et
1172 3451 1599 3521 conrequiescit
1647 3468 1777 3504 cum
1830 3450 2005 3505 Chri—

293 3548 383 3597 sto
450 3540 675 3594 Etenim
739 3554 837 3607 per
895 3538 1350 3591 inobedientiam
1390 3556 1439 3590 'a
1495 3537 1899 3592 materialibus
1949 3547 2005 3592 et

305 3628 559 3685 sordidis
604 3628 878 3694 absorpta
928 3625 1402 3694 cogitationibus,
1436 3626 1593 3679 velut
1649 3624 2004 3679 irrationalis

304 3720 458 3772 facta
512 3720 701 3770 fuerat
749 3715 964 3779 anima,
1007 3715 1150 3769 adeo
1203 3720 1265 3768 ut
1318 3731 1429 3768 non
1481 3713 1637 3781 parvi
1690 3716 1904 3770 laboris
1952 3715 2004 3769 ei

306 3806 379 3863 sit
413 3823 480 3859 ex
511 3810 671 3859 tanto
720 3802 843 3859 luto
890 3802 1115 3858 vultum
1167 3818 1395 3857 sursum
1439 3804 1680 3873 erigere,
1720 3819 1783 3857 ac
1816 3804 2005 3857 subti-

305 3896 526 3950 litatem
576 3892 812 3949 malitiae
857 3893 1158 3947 observare
1206 3896 1264 3945 et
1322 3892 1693 3963 perfringere,
1756 3894 1819 3945 ut
1868 3907 2002 3946 cum

300 3992 492 4041 mente
522 3995 737 4040 interna
759 3984 1221 4039 commisceatur.

373 4165 515 4223 XIX.
551 4169 606 4221 Si
652 4166 737 4221 vis
781 4166 965 4220 redire
1009 4165 1078 4219 ad
1133 4150 1185 4220 te
1232 4164 1453 4236 ipsum,
1504 4165 1699 4231 homo,
1742 4169 1800 4219 et
1831 4180 2004 4234 quam

300 4257 465 4326 prius
497 4255 752 4310 habebas
788 4256 1028 4325 gloriam
1081 4270 1394 4317 resumere,
1448 4271 1576 4324 quae
1621 4254 1724 4306 tibi
1772 4255 1845 4307 ob
1880 4254 2004 4307 ino-

302 4345 654 4400 bedientiam
690 4345 896 4413 periit;
933 4343 1083 4397 sicut
1120 4343 1397 4413 neglectis
1437 4344 1595 4412 prius
1629 4343 1728 4397 Dei
1771 4343 2006 4395 manda-

299 4434 397 4499 tis,
443 4433 630 4486 hostis
678 4440 735 4487 et
784 4434 1086 4501 praeceptis
1137 4441 1190 4485 et
1237 4431 1498 4486 consiliis
1547 4431 1841 4486 attendisti
1875 4449 1889 4499 ;
1923 4430 2006 4484 sic

305 4536 462 4576 nunc
513 4522 584 4575 ab
621 4521 724 4575 hoc
755 4520 1052 4585 deﬁciens,
1095 4522 1185 4575 cui
1226 4520 1721 4591 obtemperavisti,
1767 4536 2005 4575 conver-

296 4615 417 4666 tere
448 4611 519 4666 ad
570 4609 905 4665 Dominum.
958 4609 1239 4666 Caeterum
1271 4610 1436 4676 scito,
1484 4610 1545 4664 in
1597 4612 1778 4665 multo
1807 4610 2001 4664 labore

2112 4616 2368 4684 ήκουσας,
2414 4612 2740 4689 ἐπιτράφηθι
2782 4614 2918 4684 πρὸς
2948 4614 3040 4667 τὸν
3090 4612 3288 4687 Κύριον
3325 4634 3338 4647 ·

298 4706 355 4757 et
385 4702 597 4757 sudore
627 4701 820 4756 vultus
852 4704 934 4756 tui
971 4708 1336 4771 recepturum
1372 4707 1428 4756 te
1459 4702 1790 4756 thesaurum
1823 4700 1999 4754 amis-

301 4807 434 4845 sum
467 4797 659 4846 tuum.
695 4790 814 4848 Non
838 4791 992 4847 enim
1016 4792 1086 4845 ad
1129 4791 1377 4846 rationes
1410 4791 1849 4846 accommodata
1870 4795 2001 4843 tuas

302 4889 389 4934 est
422 4880 547 4935 sine
590 4881 782 4936 labore
826 4882 964 4937 boni
1009 4882 1357 4951 acquisitio;
1392 4883 1673 4953 siquidem
1716 4900 1842 4953 quae
1875 4882 2001 4937 sine

297 4966 496 5022 labore
553 4968 849 5037 accepisti,
924 4971 1217 5039 perdidisti
1278 4970 1549 5041 hostique
1609 4973 1996 5026 hereditatem

297 5063 459 5111 tuam
515 5055 840 5126 prodidisti.
875 5058 1377 5128 Recognoscamue
1417 5075 1553 5131 ergo
1587 5077 1688 5132 pro
1728 5078 1788 5116 se
1846 5062 2001 5132 quis-

296 5162 407 5217 que
456 5147 597 5217 quid
646 5148 879 5201 tandem
928 5147 987 5201 id
1038 5165 1103 5203 ac
1142 5154 1425 5219 quantum
1472 5150 1547 5203 sit
1599 5154 1750 5221 quod
1791 5152 1998 5205 amisi-

294 5251 468 5291 mus:
498 5240 557 5291 et
603 5234 823 5290 luctum
858 5252 1231 5291 assumamus
1270 5237 1598 5307 pr0phetaa;
1634 5237 1781 5293 Vere
1839 5242 1994 5294 enim

294 5326 601 5382 Haercditas
646 5331 834 5381 nostra
876 5340 1038 5380 versa
1077 5336 1152 5380 est
1199 5325 1270 5379 ad
1316 5327 1563 5389 alienos;
1594 5326 1781 5384 domus
1812 5341 1998 5386 nostra

291 5417 360 5470 ad
380 5423 671 5472 extraneos
697 5414 740 5471 ⁵.
779 5417 853 5471 Eo
886 5416 1039 5484 quod
1075 5433 1184 5471 non
1219 5415 1577 5471 audierimus
1612 5421 1949 5475 mandatum
1980 5440 1994 5490 ;

293 5510 350 5559 et
390 5506 643 5577 propriis
693 5504 1091 5561 voluntatibus
1140 5506 1441 5574 obsecuti;
1494 5512 1765 5577 quodque
1823 5516 1993 5565 terre-

365 5680 387 5714 ²
417 5680 589 5737 Hebr.
623 5697 679 5753 ν,
709 5681 764 5738 7.

841 5682 863 5718 ³
894 5682 1037 5737 Psal.
1072 5698 1228 5751 xvm,
1265 5682 1349 5739 13.
1426 5682 1448 5717 ⁶
1484 5680 1505 5738 Ι
1536 5680 1662 5737 Cor.
1695 5698 1787 5751 xv,
1817 5683 1909 5737 27.

2112 1928 2279 2002 ταύτῃ
2332 1929 2584 2000 θέμενος,
2635 1926 2705 1983 δι’
2753 1930 2815 1983 o5
2859 1928 3079 1984 δυνατὸν
3131 1930 3269 2003 αὐτῇ
3314 1926 3463 1984 ἔσται
3522 1930 3658 2002 πρὸς
3721 1928 3817 2001 μὲ-

2110 2040 2238 2091 τρον
2296 2018 2517 2089 ἡλικίας
2573 2022 2711 2092 πρὸς
2770 2021 2868 2088 τήν
2937 2018 3260 2091 τελειότητα
3330 2024 3428 2074 τοῦ
3502 2020 3821 2090 Πνεύματος

2111 2116 2463 2178 καταντῆσαι.
2509 2113 2825 2186 Πειράζεται
2871 2114 3162 2184 τοιγαροῦν
3214 2111 3242 2164 ὁ
3305 2114 3402 2163 τοῦ
3452 2113 3587 2162 Θεοῦ
3641 2108 3819 2182 Λόγος

2112 2199 2246 2273 πρὸς
2304 2204 2401 2253 τοῦ
2462 2204 2705 2269 πονηροῦ
2762 2201 2877 2255 κατ’
2940 2200 3302 2273 οἶκονομίαν·
3372 2197 3554 2253 ἔπειτα
3614 2196 3819 2253 ὀνειδι-

2111 2289 2281 2361 σμοὺς
2320 2290 2408 2343 καὶ
2467 2287 2859 2360 ἐξουδενώσεις,
2919 2286 3103 2365 ὕϐρεις
3143 2311 3200 2345 τε
3248 2289 3561 2363 ῥαπίσματα
3610 2293 3816 2363 χειρῶν

2114 2377 2329 2433 ἐκείνων
2372 2383 2477 2432 τῶν
2532 2379 2856 2454 τολμηρῶν,
2915 2380 3004 2435 καὶ
3072 2380 3230 2434 αὐτὸν
3291 2373 3520 2451 ἔσχατον
3575 2381 3667 2433 τὸν
3727 2376 3819 2433 διὰ

2116 2471 2345 2543 σταυροὸ
2404 2470 2631 2525 θάνατον
2690 2470 2970 2543 ὑπομένει,
3033 2469 3372 2540 ὑποδεικνὺς,
3431 2469 3613 2545 ὥσπερ
3678 2468 3815 2549 ἔφη·

2118 2583 2232 2633 μεν,
2290 2560 2409 2616 τίνα
2484 2564 2581 2630 τήν
2653 2560 2885 2616 διάθεσιν
2954 2559 3284 2617 ἐπιδεικτὲον
3356 2563 3492 2630 πρός
3552 2584 3615 2638 γε
3689 2563 3818 2625 τοὺς

2114 2646 2495 2719 ὀνειδίζοντας,
2580 2648 3005 2719 ἐξουθενοῦντας,
3089 2651 3123 2719 ἢ
3211 2650 3300 2703 καί
3375 2650 3597 2704 θάνατον
3675 2653 3811 2721 ἡμῖν

2113 2738 2410 2811 ἐπάγοντας
2444 2759 2457 2771 ο
2529 2736 2623 2792 ’ίνα
2678 2742 2765 2792 καί
2844 2740 3002 2800 αὐτὸς
3062 2744 3177 2801 τοίς
3255 2737 3375 2793 οῦσι
3446 2744 3649 2816 κωφοῖς
3716 2738 3806 2791 καί

2113 2826 2318 2889 ἅλαλος
2361 2829 2579 2901 γένηται
2634 2829 2711 2899 μὴ
2761 2827 2991 2902 ἀνοίγων
3037 2828 3098 2882 τὸ
3147 2827 3345 2899 στόμα,
3385 2825 3471 2882 ’ἱνα
3511 2829 3603 2894 τὴν
3652 2825 3801 2893 ἐνέρ-

2112 2939 2259 2990 γειαν
2329 2919 2418 2972 καὶ
2477 2917 2788 2988 λεπτότητα
2843 2913 3153 2972 διαϐλέπων
3221 2924 3318 2986 τῆς
3378 2917 3661 2990 πονηρίας,
3715 2915 3808 2969 καὶ

2113 3010 2189 3071 ὼς
2246 3008 2299 3063 ἐν
2357 3012 2571 3079 σταυρῷ
2618 3013 2733 3069 τοῖς
2783 3006 2945 3075 ἥλοις
2992 3007 3408 3080 ἐμπεπαρμενος
3459 3006 3591 3079 μετά
3648 3025 3816 3078 κραυ-

2111 3106 2217 3171 γῆς
2293 3096 2523 3172 ἷσχυρᾶς
2602 3098 2820 3171 βοήσειε
2894 3096 3030 3170 πρὸς
3106 3096 3197 3150 τὸν
3285 3094 3581 3169 δυνάμενον
3656 3094 3815 3148 αὐτὸν

2113 3186 2372 3261 ῥύσασθαι
2444 3190 2542 3239 τοῦ
2635 3184 2886 3253 θανάτου,
2968 3185 3081 3252 καὶ,
3162 3184 3296 3239 Ἀπὸ
3379 3188 3485 3238 τῶν
3570 3185 3813 3261 κρυφίων

2118 3298 2243 3350 μου,
2300 3276 2455 3352 φαίη,
2511 3275 2805 3349 καθάρισόν
2868 3294 2979 3346 με·
3050 3275 3159 3343 καὶ,
3232 3274 3350 3329 Ἐὰν
3411 3276 3487 3347 μή
3552 3295 3657 3346 μου
3715 3293 3812 3326 κα-

2106 3366 2520 3439 τακυριεύσωσι,
2596 3364 2720 3418 τότε
2794 3361 3026 3435 ἄμωμος
3131 3359 3344 3434 ἔσομαι.
3451 3362 3581 3416 Τότε
3682 3366 3807 3433 γοῦν

2108 3454 2342 3527 ἄμωμος
2398 3454 2636 3530 γεγονὼς
2703 3454 2939 3526 εὑρίσκει
2995 3452 3087 3507 τὸν
3148 3452 3482 3521 ὑποτάξαντα
3541 3450 3690 3522 αὐτῷ
3744 3452 3811 3504 τὰ

2108 3546 2299 3613 πάντα,
2385 3545 2473 3597 καὶ
2556 3538 2943 3614 συμϐασιλεύει
3028 3543 3115 3596 καὶ
3215 3543 3641 3596 συναναπαΰεται
3733 3545 3809 3611 τῷ

2110 3640 2347 3708 Χριστῷ.
2410 3633 2507 3687 Καὶ
2556 3634 2662 3706 γὰρ
2720 3630 2807 3685 διὰ
2853 3633 2951 3700 τὴν
3011 3634 3290 3705 παρακοὴν
3340 3632 3441 3685 ὑπὸ
3502 3630 3706 3685 ὑλικῶν
3752 3651 3810 3685 τε

2110 3725 2201 3779 καὶ
2263 3724 2515 3798 ῥυπαρῶν
2584 3723 2947 3777 καταποθεῖσα
3021 3723 3301 3795 λογισμῶν
3363 3721 3531 3774 οἱονεὶ
3607 3719 3809 3793 ἄλογος

2112 3815 2327 3890 γέγονεν
2360 3817 2394 3883 ἡ
2436 3816 2589 3891 ψυχή
2628 3832 2641 3844 ·
2694 3812 2832 3866 ὥστε
2863 3813 2926 3867 οὐ
2981 3816 3179 3885 μικροῦ
3209 3813 3374 3866 πόνου
3422 3818 3523 3879 τῆς
3554 3810 3809 3875 τοιαύτης

2112 3904 2376 3976 ἀνακύψαι
2444 3901 2607 3972 ὕλης,
2660 3903 2750 3955 καὶ
2810 3904 2911 3969 τὴν
2971 3900 3281 3971 λεπτότητα
3336 3907 3667 3969 κατανοῆσαι
3716 3906 3811 3969 τῆς

2109 3993 2397 4063 πονηρίας,
2455 3992 2545 4046 καὶ
2604 3989 2855 4062 διελθεῖν,
2917 3989 3006 4045 ’ίνα
3080 3991 3171 4045 καὶ
3236 3989 3459 4066 ἀνάρχῳ
3524 3991 3612 4044 νοῒ
3682 4011 3813 4065 συγ-

2108 4084 2303 4155 κραθῇ.

2183 4170 2278 4225 ΙΘ’.
2315 4169 2373 4224 Εἰ
2423 4167 2609 4242 βούλει
2660 4165 2973 4223 ἐπανελθεῖν
3023 4167 3096 4230 εἷς
3146 4168 3329 4222 ἑαυτὸν
3380 4168 3688 4241 ἄνθρωπον,
3722 4170 3807 4221 καὶ

2110 4261 2175 4329 ἢν
2231 4261 2422 4334 πρώην
2484 4261 2634 4337 εἶχες
2692 4258 2845 4329 δόξαν
2896 4256 3206 4328 ἀναλαϐεῖν,
3259 4260 3380 4329 ἥτις
3436 4259 3539 4333 ἄρα
3589 4280 3671 4313 σοι
3717 4259 3803 4312 καὶ

2111 4350 2170 4404 ἐκ
2224 4356 2506 4421 παρακοῆς
2564 4350 2971 4422 παραπώλετο·
3032 4349 3106 4410 ὡς
3183 4348 3487 4420 ἠμεληκὼς
3546 4350 3802 4421 πρότερον

2107 4444 2203 4493 τοῦ
2262 4443 2396 4493 Θεοῦ
2444 4437 2708 4503 ἐντολῶν,
2768 4444 2884 4501 τοῖς
2940 4443 3037 4493 τοῦ
3095 4438 3297 4513 ἐχθροῦ
3348 4437 3661 4510 διατάγμασι
3710 4437 3795 4489 καὶ

2106 4530 2175 4599 τῇ
2225 4522 2516 4599 συμϐουλῇ
2564 4524 2889 4600 προσέσχες,
2945 4525 3118 4589 οὕτως
3174 4531 3263 4580 νῦν
3306 4527 3537 4586 ἀποστὰς
3597 4525 3658 4579 οὗ
3711 4524 3799 4578 ἐπ-

3390 4613 3533 4682 πλήν
3574 4611 3689 4667 ’ίσθι
3719 4612 3798 4667 ὅτι

2112 4703 2163 4757 ἐν
2191 4701 2391 4773 πολλῷ
2429 4702 2586 4773 κόπῳ
2635 4702 2724 4755 καὶ
2770 4699 2981 4776 ἱδρῶτι,
3015 4703 3171 4775 φησὶ,
3214 4706 3310 4757 τοῦ
3360 4704 3660 4777 προσώπου
3713 4723 3806 4757 σου

2114 4792 2376 4866 ἀπολήψῃ
2426 4793 2516 4846 τὸν
2566 4792 2803 4846 πλοῦτόν
2851 4812 2945 4846 σου
2979 4812 2993 4825 ’
3044 4792 3105 4847 οὐ
3152 4793 3252 4869 γάρ
3304 4815 3387 4847 σοι
3439 4792 3732 4861 λυσιτελὴς
3772 4795 3805 4862 ἡ

2110 4888 2207 4938 τοῦ
2258 4883 2461 4958 ἀγαθοῦ
2514 4886 2713 4945 ἄπονος
2772 4889 2963 4953 κτῆσις
3002 4902 3013 4914 ·
3058 4883 3275 4958 ἐπείπερ
3333 4885 3562 4953 ἀπονητί
3624 4880 3805 4939 λαϐὼν

2112 4972 2395 5033 ἀπωλεσας
2452 4972 2586 5045 ἅπερ
2646 4969 2895 5049 ε’ίληφας,
2954 4974 3043 5027 καὶ
3098 4979 3179 5045 τῷ
3236 4973 3418 5049 ἐχθρῷ
3485 4970 3807 5048 προῦδωκας

2107 5063 2206 5130 τὴν
2247 5060 2619 5134 κληρονομίαν
2666 5083 2761 5116 σου
2796 5081 2807 5094 ·
2860 5061 3162 5137 ἐπιγνῶμεν
3212 5062 3301 5117 οῦν
3347 5059 3573 5125 ἕκαστος
3620 5064 3808 5118 τίποτε

2110 5150 2176 5221 δὴ
2209 5152 2588 5225 ἂπωλὲσαμεν,
2620 5154 2706 5207 καὶ
2756 5154 2847 5208 τὸν
2900 5156 3097 5228 θρῆνον
3146 5149 3503 5228 ἀναλάϐωμεν
3551 5159 3647 5209 τοῦ
3679 5175 3809 5228 προ-

2108 5245 2283 5319 φητου
2317 5262 2329 5277 ο
2383 5248 2463 5315 τῷ
2512 5238 2625 5297 ὄντι
2674 5243 2779 5318 γὰρ
2832 5242 3192 5317 Κληρονομία
3248 5246 3409 5317 ἡμῶν
3459 5246 3802 5322 κατεστρέφη

2106 5332 2449 5405 ἀλλοτρίοις,
2503 5332 2593 5387 καὶ
2671 5334 2698 5387 ὁ
2758 5332 2909 5395 οἶκος
2984 5336 3147 5406 ἡμῶν
3205 5333 3418 5402 ξένοις”
3489 5339 3569 5406 τῷ
3644 5355 3807 5409 παρα-

2106 5423 2285 5477 κούειν
2333 5427 2431 5487 τῆς
2464 5420 2692 5487 ἔντολῆς
2738 5423 2827 5477 καὶ
2857 5428 2973 5483 τοῖς
3024 5424 3224 5478 ἑαυτῶν
3265 5421 3566 5498 θελήμασιν
3619 5422 3807 5495 ε’ίκειν,

2108 5510 2195 5563 καὶ
2239 5516 2357 5573 τοῖς
2408 5512 2672 5586 ῥυπαροῖς
2720 5512 2810 5567 καὶ
2864 5510 3077 5586 γηίνοις
3126 5510 3404 5583 ἐνήδεσθαι
3460 5514 3760 5587 λογισμοῖς
3793 5533 3807 5547 ·

1986 5684 2007 5718 ⁵
2038 5684 2254 5742 Thren.
2287 5703 2339 5753 ν,
2372 5688 2427 5741 2.
