4130 6286
311 317 428 375 883

1654 315 1719 373 S.
1765 312 2086 380 ΜΔΟΑΗΙΙ
2131 314 2478 380 ΕΒΥΡΤΙῙ

3712 309 3865 377 εει

323 463 552 518 cunque
601 462 770 518 porro
812 446 1118 501 securitate
1172 445 1329 500 omni
1374 446 1682 514 perducere
1741 448 1809 501 ad
1872 453 2188 503 extremam
2248 457 2455 504 metam
2509 463 2750 506 cursum
2809 447 2965 504 hunc
3022 447 3244 515 volunt,
3304 445 3484 504 alium
3545 462 3863 512 amorem,

312 539 485 592 aliam
525 537 865 591 charitatem
901 536 1117 590 ccelesti
1171 537 1489 589 admiscere
1540 536 1622 590 illi
1657 553 2020 607 nequaquam
2053 539 2364 593 sustinent.

379 626 556 682 XXII.
618 625 689 682 Ut
739 643 947 697 magna
989 641 1226 694 prorsus
1283 629 1339 678 et
1404 624 1814 680 inenarrabilis
1863 627 2012 681 bona
2043 635 2087 693 Α

311 725 447 772 sunt
478 735 604 788 quae
634 717 783 771 Deus
817 715 1119 786 promisit;
1154 715 1234 769 ita
1267 715 1463 769 multis
1496 717 1566 770 ad
1625 733 1823 771 eorum
1858 731 2010 771 asse-

311 809 601 864 culionem
637 824 784 877 opus
831 805 1126 860 laboribus
1187 817 1239 860 et
1271 807 1688 862 certaminibus
1717 817 1842 876 est;
1903 809 2010 862 iis-

311 915 417 967 que
449 915 576 951 cum
637 912 738 966 spe
772 913 836 949 ac
889 895 998 948 ﬁde
1052 895 1312 950 toleratis
1345 902 1401 950 et
1441 898 1750 968 susceptis.
1786 898 1903 952 Hoc
1941 915 2009 953 ex

313 988 403 1042 bis
439 987 641 1041 Christi
686 987 876 1040 verbis
909 991 1110 1056 patet:
1144 988 1252 1054 Qui
1319 987 1431 1041 vult
1485 994 1606 1057 post
1662 1005 1747 1041 me
1803 990 2007 1056 venire,

308 1077 531 1144 abneget
559 1077 915 1136 semetipsum
954 1082 1008 1128 et
1037 1073 1196 1129 tollat
1235 1091 1448 1129 crucem
1477 1093 1632 1130 suam
1675 1084 1726 1131 et
1749 1085 2012 1148 sequatur

309 1166 435 1220 me°.
470 1165 538 1219 Et
586 1183 790 1219 rursus
824 1182 836 1219 :
871 1165 992 1220 Nisi
1022 1165 1146 1235 quis
1203 1166 1377 1220 oderit
1431 1171 1640 1235 patrem
1675 1171 1722 1221 et
1755 1174 2007 1238 matrem,

307 1265 357 1310 et
385 1257 588 1325 fratres
619 1259 669 1310 et
700 1271 906 1310 soi'ores
939 1259 991 1308 et
1029 1255 1206 1324 ﬁlios;
1235 1255 1410 1309 adhuc
1456 1263 1641 1310 autem
1661 1262 1708 1311 et
1739 1262 2008 1328 animam,

305 1362 500 1407 suam;
534 1363 639 1400 non
667 1350 838 1415 potest
895 1361 1041 1399 meus
1083 1361 1194 1399 esse
1252 1345 1552 1414 discipulus
1609 1346 1672 1402 ¹⁰.
1744 1349 2011 1418 Plerique

307 1443 500 1491 autem
538 1436 838 1490 hominum
874 1437 956 1489 sic
991 1435 1146 1488 stulti
1177 1440 1339 1500 sunt,
1378 1442 1440 1489 ut
1474 1453 1718 1507 regnum
1770 1439 2006 1508 quidem

307 1526 583 1596 consequi
629 1526 825 1592 velint,
886 1529 943 1580 et
1000 1531 1224 1578 aeternae
1283 1525 1671 1580 haereditalein
1734 1528 1882 1592 vitae,
1945 1545 2008 1584 ac

307 1617 537 1672 Christo
571 1615 628 1670 in
662 1632 847 1669 sevum
909 1632 1081 1670 omne
1127 1632 1528 1686 conregnare;
1562 1616 1614 1671 id
1677 1619 1829 1687 quod
1882 1636 2009 1674 ma-

306 1723 485 1777 gnum
524 1711 631 1766 est,
666 1709 721 1759 et
772 1721 998 1759 omnem
1070 1707 1482 1775 cogitationem
1543 1714 1817 1776 superat;
1883 1725 2007 1778 pro-

306 1797 444 1866 priis
508 1804 694 1849 tamen
755 1795 1127 1865 obsequendo
1182 1796 1619 1861 voluntatibus;
1669 1797 1717 1851 si
1753 1814 1864 1851 non
1901 1815 2007 1868 po-

305 1887 423 1938 tius
481 1884 585 1948 illi,
633 1885 727 1955 qui
778 1899 940 1949 vana
996 1883 1108 1937 ista
1167 1890 1220 1937 et
1281 1885 1584 1940 manifeste
1634 1885 1802 1941 noxia
1858 1886 2003 1956 ipsis

303 1975 564 2040 inSpIPHt.

377 2065 571 2129 XXIII,
607 2064 801 2135 Usque
851 2065 920 2119 ad
984 2065 1158 2121 finem
1218 2083 1453 2122 cursum
1489 2067 1768 2122 inoffense
1825 2068 2008 2140 perfe-

304 2165 516 2223 rentes,
552 2156 606 2210 hi
657 2161 815 2221 sunt,
851 2156 946 2225 qui
979 2157 1178 2210 mundi
1210 2174 1412 2211 omnes
1468 2158 1815 2227 cupiditates
1847 2165 1902 2213 et
1950 2175 2013 2212 se

302 2245 480 2314 ipsos,
543 2245 1149 2316 transgressionesque
1219 2248 1343 2314 ejus
1422 2263 1488 2300 ac
1552 2248 1896 2317 voluplales,
1956 2250 2014 2300 et

302 2334 450 2388 circa
515 2334 678 2388 illum
713 2337 1118 2405 occupationes
1157 2337 1394 2390 omnino
1425 2337 1556 2391 odio
1611 2338 1844 2392 habent.
1889 2337 2008 2393 Hoc

302 2423 457 2476 enim
504 2434 586 2476 est
617 2428 899 2494 abnegare
950 2440 1011 2478 se
1065 2425 1279 2494 ipsum.
1313 2425 1499 2488 Quare
1535 2427 1765 2495 propria
1805 2427 2008 2480 volun-

303 2516 420 2565 tate
453 2515 861 2581 unusquisque
894 2529 1065 2582 regno
1097 2513 1350 2579 ejicitur,
1385 2530 1450 2568 eo
1504 2515 1651 2583 quod
1706 2515 2011 2586 haudqua-

303 2617 477 2670 quam
513 2617 581 2654 ex
618 2605 855 2655 veritate
888 2600 1116 2656 labores
1147 2603 1343 2671 eligat,
1395 2607 1452 2656 et
1483 2621 1544 2657 se
1594 2604 1788 2673 ipsum
1837 2605 2009 2659 abne-

303 2690 746 2758 getznimirum
803 2691 999 2744 volens
1061 2695 1138 2744 ita
1191 2691 1288 2744 Dei
1350 2692 1531 2744 amori
1591 2709 1656 2746 ac
1724 2695 2009 2748 desiderio

308 2777 540 2841 servire,
579 2783 640 2830 ut
701 2777 874 2831 simul
927 2778 1196 2833 delectari
1251 2796 1480 2849 quoque
1541 2782 1723 2849 possit
1761 2783 2006 2851 quibus-

304 2867 434 2919 dam
466 2867 639 2934 hujus
683 2868 889 2922 mundi
921 2869 1114 2936 rebus,
1151 2885 1253 2924 nec
1288 2875 1472 2922 totum
1511 2886 1745 2924 necesse
1790 2871 1867 2925 sit
1899 2873 2008 2926 im—

306 2963 502 3027 petum
541 2960 784 3028 propria:
836 2959 1152 3013 voluntatis
1211 2960 1326 3014 Deo
1361 2961 1603 3015 tradere.
1638 2959 1762 3016 Uno
1812 2967 2007 3017 autem

304 3047 564 3113 exemplo
610 3047 999 3101 declarabitur
1035 3047 1086 3101 id
1123 3049 1274 3117 quod
1311 3049 1364 3100 in
1402 3051 1671 3103 manibus
1706 3050 2006 3106 habemus.

303 3136 619 3192 Dicernens
668 3152 874 3206 nempe
935 3137 1211 3191 discernit
1263 3139 1686 3208 unusquisque,
1740 3156 1844 3196 nec
1877 3140 2010 3195 latet

303 3227 493 3295 ipsum
557 3226 774 3281 malum
838 3243 965 3281 esse
1013 3227 1120 3281 hoc
1170 3229 1239 3282 ad
1292 3231 1444 3298 quod
1511 3230 1652 3284 forte
1718 3233 2004 3295 agendum

303 3317 622 3385 propendct
677 3315 934 3370 Primum
962 3317 1198 3385 quidem
1265 3317 1423 3373 intus
1482 3319 1537 3373 in
1597 3321 1768 3374 corde
1815 3323 2006 3376 obser-

301 3409 472 3456 vatur
501 3404 892 3473 ambiguitas;
956 3406 1145 3459 bilanx
1176 3423 1310 3460 vero
1367 3424 1498 3461 cum
1546 3410 1687 3477 jugo
1720 3427 2006 3479 suspensa

302 3492 594 3546 iniutima
642 3495 730 3546 sui
791 3493 973 3560 ipsius
1017 3496 1400 3558 conscientia,
1460 3497 1648 3564 palam
1685 3515 1900 3567 anceps
1948 3502 2008 3556 in

305 3580 616 3640 utrumvis,
655 3581 744 3634 Dei
782 3580 1005 3635 scilicet
1049 3589 1150 3636 aut
1178 3584 1383 3636 mundi
1418 3599 1674 3638 amorem
1724 3589 2006 3654 impetum

305 3671 463 3724 inius
497 3671 634 3723 facit
667 3687 679 3724 :
714 3676 769 3725 et
801 3675 937 3723 tunc
988 3673 1142 3727 circa
1199 3674 1483 3727 exteriora
1541 3675 1751 3743 prodit.
1789 3677 2010 3731 Discer-

306 3777 450 3814 nens
493 3761 648 3813 enim
709 3762 819 3828 (ut
889 3759 1107 3816 dictum
1184 3761 1322 3832 est)
1379 3764 1656 3818 discernit
1737 3769 2006 3836 quisque.

305 3847 563 3916 Exempli
596 3864 790 3917 causa,
852 3851 1138 3919 quispiam
1174 3852 1317 3906 forte
1372 3869 1498 3906 cum
1537 3855 1712 3908 fratre
1769 3863 2011 3911 conten-

307 3940 468 4005 dens,
502 3941 748 3996 dissidet
780 3958 813 3994 θ.
845 3958 905 3994 se
934 3941 1078 4010 ipso.
1134 3949 1212 3997 Ac
1246 3945 1431 4011 primo
1463 3947 1742 4016 opponit:
1781 3947 2005 4000 Dicam-

308 4048 372 4082 ne
395 4030 422 4083 ?
451 4048 518 4083 an
550 4048 660 4086 non
711 4029 902 4086 dicam
930 4031 956 4084 ?
991 4048 1343 4098 reponamus
1373 4049 1498 4102 quae
1530 4034 1908 4091 ~ulciscantur
1943 4035 2008 4089 il-

305 4121 416 4174 lata
452 4121 598 4175 187
640 4121 780 4175 mihi
817 4122 1071 4191 probra?
1113 4124 1212 4177 sed
1249 4122 1439 4192 potius
1471 4124 1672 4179 silebo.
1719 4131 2006 4186 Tenemus

303 4209 399 4263 Dei
437 4212 750 4277 mandata;
786 4217 1056 4265 caeterum
1092 4212 1168 4266 ita
1201 4217 1262 4266 ut
1323 4217 1566 4282 propriae
1598 4231 1832 4285 quoque
1873 4234 2008 4272 cura

301 4297 556 4367 gloriolie
599 4317 708 4353 non
745 4301 1112 4370 negligatur;
1145 4302 1286 4356 adeo
1339 4301 1431 4356 vix
1481 4305 1774 4372 quISpiam
1838 4305 2006 4373 plene

301 4405 364 4442 ac
407 4389 653 4457 perfecte
711 4393 967 4444 animum
1020 4392 1271 4458 induxit,
1326 4410 1564 4463 prorsus
1622 4394 1680 4449 in
1727 4396 2002 4452 omnibus

300 4477 588 4547 abnegare
621 4495 702 4532 se.
734 4479 792 4532 Si
827 4496 960 4548 ergo
993 4479 1073 4534 vel
1107 4483 1345 4535 minimo
1382 4489 1669 4537 momento
1702 4483 1836 4539 lanx
1865 4485 2004 4539 ami-

299 4567 443 4621 citiis
477 4569 786 4622 mundanis
837 4571 1038 4640 iugum
1100 4573 1329 4624 stareraz
1391 4571 1446 4626 in
1507 4573 1680 4627 corde
1739 4577 2000 4641 traxerit,

298 4657 495 4712 statim
535 4658 756 4714 malum
791 4661 1030 4714 verbum
1083 4660 1198 4717 exit
1232 4676 1414 4732 usque
1451 4662 1518 4715 ad
1555 4662 1753 4728 labra;
1791 4665 2000 4719 deinde

2197 627 2321 684 KB’.
2375 626 2578 700 Ὥσπερ
2639 625 2850 700 μεγάλα
2908 623 3122 696 δηλαδή
3183 625 3272 680 καὶ
3325 622 3700 699 ἀνεκδιῆγητα
3745 608 3860 679 καὶ

2119 716 2264 790 παρᾶ
2310 720 2407 770 τοῦ
2460 720 2593 772 Θεοῦ
2645 714 3024 789 ἐπηγγελμένα
3086 715 3380 794 πεφύκασιν
3449 715 3637 790 ἀγαθὰ,
3688 713 3856 770 οὕτω

2119 802 2208 857 καὶ
2239 802 2465 859 πολλῶν
2521 801 2690 859 δεῖται
2738 803 2918 858 πόνων
2977 825 3034 859 τε
3099 805 3188 860 καὶ
3260 804 3485 878 ἀγώνων
3538 809 3647 863 τῶν
3718 805 3856 876 μετ’

2119 889 2343 955 ἐλπίδος
2374 893 2462 949 καὶ
2495 891 2728 955 πίστεως
2763 913 2775 925 ·
2809 895 2899 949 καὶ
2934 891 3104 963 δῆλον
3139 893 3376 949 ἐντεῦθεν
3412 913 3424 926 ·
3460 890 3528 951 Ei’
3551 914 3632 956 τις
3685 893 3850 949 θέλει

2123 979 2296 1037 ὀπίσω
2367 1005 2474 1056 μου
2541 982 2737 1054 ἐλθεῖν,
2803 983 3200 1059 ἀπαρνησάσθω
3265 983 3473 1053 ἑαυτὸν,
3539 982 3628 1040 καὶ
3696 984 3847 1056 ἀρέ-

2118 1094 2195 1126 τω
2262 1074 2352 1127 τὸν
2421 1076 2646 1149 σταυρὸν
2711 1073 2899 1142 αὐτοῦ,
2966 1076 3055 1129 καὶ
3123 1073 3493 1129 ἀκολουθείτω
3549 1095 3663 1146 μοι.
3731 1073 3848 1128 Καὶ

2119 1161 2284 1218 πάλιν
2336 1181 2351 1196 ⁸
2425 1165 2526 1220 Εὲιν
2595 1167 2670 1238 μή
2739 1185 2820 1226 τις
2891 1166 3097 1238 μισήσῃ
3165 1163 3370 1239 πατέρα
3434 1163 3522 1218 καὶ
3594 1162 3843 1236 μητέρα,

2120 1253 2212 1307 καὶ
2297 1250 2586 1329 ἀδελφοὺς,
2661 1255 2749 1310 καὶ
2843 1259 3086 1329 γυναῖκα,
3166 1254 3256 1308 καὶ
3339 1253 3516 1315 τέκνα,
3605 1250 3685 1312 ἔτι
3773 1250 3847 1309 δὲ

2124 1342 2212 1397 καὶ
2265 1345 2365 1410 τήν
2419 1345 2612 1398 ἑαυτοῦ
2662 1345 2870 1420 ψυχήν,
2923 1345 2987 1400 οὗ
3039 1341 3252 1398 δύναταί
3303 1365 3406 1416 μου
3459 1343 3591 1398 εἶναι
3654 1345 3844 1415 μαθη-

2119 1433 2238 1502 τής.
2299 1434 2365 1489 Οἱ
2420 1438 2670 1487 πλεῖστοι
2722 1432 2778 1488 δὲ
2827 1439 2934 1487 τῶν
2990 1433 3290 1506 ἀνθρώπων
3357 1432 3528 1494 οὕτως
3602 1430 3839 1506 ἔχουσιν

2120 1523 2384 1594 ἂνόήτως,
2451 1524 2524 1586 ὡς
2583 1531 2681 1592 τῆς
2737 1523 3016 1598 βασιλείας
3063 1524 3339 1597 ἐπιτυχεῖν
3390 1521 3704 1598 βούλεσθαι,
3737 1524 3843 1578 καὶ

2121 1619 2216 1680 τῆς
2283 1613 2508 1668 αἰωνίου
2559 1614 2978 1688 κληρονομῆσαι
3044 1619 3214 1683 ζωῆς,
3273 1613 3363 1670 καὶ
3434 1616 3661 1686 Χριστῷ
3739 1609 3840 1666 διᾶ

2114 1701 2307 1765 τέλους
2377 1698 2826 1774 συμϐασιλεῦσαι,
2883 1705 2943 1757 τὸ
3005 1703 3146 1778 μέγα
3199 1706 3360 1757 τοῦτο
3413 1702 3499 1758 καὶ
3566 1702 3696 1774 ὑπὲρ
3742 1696 3838 1756 ἕνῃ

2115 1813 2264 1846 νοιαν
2303 1811 2313 1824 ·
2359 1797 2475 1856 τοῖς
2521 1790 2682 1854 ἰδίοις
2738 1790 2794 1849 δὲ
2849 1797 3044 1861 ζῶντες
3105 1790 3400 1866 θελήμασι,
3460 1791 3551 1848 καὶ
3608 1792 3838 1852 τούτοις

2115 1880 2540 1942 ἀκολουθοῦντες
2577 1899 2589 1913 ”
2626 1880 2838 1954 μᾶλλον
2890 1879 2946 1935 δὲ
2987 1885 3068 1952 τῷ
3115 1878 3450 1954 ἐνσπείροντι
3503 1880 3567 1937 τὰ
3620 1882 3840 1952 μάταιαι

2039 2005 2082 2067 Β
2112 1973 2298 2035 ταῦτα,
2330 1971 2419 2023 καί
2451 1974 2695 2043 φανερῶς
2745 1967 3010 2067 βλαβερά.

2184 2061 2304 2115 Kl".
2343 2059 2502 2114 Οὗτοί
2551 2060 2682 2114 εἰσιν
2741 2060 2793 2118 οἱ
2852 2058 3017 2135 μέχρι
3075 2057 3266 2121 τέλους
3322 2057 3564 2114 ἅπτωτοι
3597 2057 3834 2135 διερχό-

2119 2150 2377 2220 μενοι,οἱ
2439 2150 2534 2209 τὰς
2563 2154 2660 2204 τοῦ
2717 2149 2927 2222 κόσμου
2984 2151 3158 2211 πάσας
3217 2147 3528 2221 ἐπιθυμίας,
3579 2150 3670 2206 καὶ
3710 2151 3838 2206 iam

2114 2237 2264 2303 τούς,
2302 2237 2668 2313 μεθορισμοὺς
2698 2260 2756 2294 τε
2784 2238 2980 2294 τούτου
3032 2240 3120 2294 καὶ
3155 2236 3376 2308 ἡδυνάς,
3407 2241 3497 2297 καὶ
3545 2240 3641 2303 τὰς
3689 2242 3834 2312 πρὸς

2115 2326 2278 2381 αὐτὸν
2336 2325 2603 2402 ἀσχολίας
2654 2328 2714 2381 τὸ
2773 2328 3027 2399 παράπατ
3083 2329 3408 2399 μισήσαντες
3442 2345 3456 2360 ·
3508 2333 3669 2383 τοῦτο
3721 2330 3832 2405 γάρ

2117 2414 2228 2470 ἐστι
2286 2417 2350 2471 τὸ
2409 2417 2814 2489 ἀπαρνήσασθαι
2871 2415 3082 2472 ἑαυτόν.
3142 2418 3302 2472 Ὥστε
3361 2415 3488 2489 ΐδίῳ
3551 2417 3830 2491 θελήματι

2115 2501 2336 2567 ἓκασνος
2393 2512 2492 2573 τῆς
2553 2504 2832 2579 βασιλείας
2890 2501 3216 2562 ἐκϐάλλεται
3276 2522 3290 2536 ·
3348 2504 3427 2578 τῷ
3481 2508 3557 2579 μὴ
3605 2507 3658 2578 ἐξ
3691 2507 3833 2581 ἀλη-

2117 2593 2256 2654 θείας
2309 2592 2522 2648 ἑλέσθαι
2567 2594 2694 2656 τοὺς
2746 2594 2964 2656 πόνους.
3015 2595 3103 2649 καὶ
3154 2595 3339 2650 ἑαυτὸν
3397 2596 3822 2669 ἀπαρνήσασθαι,

2116 2682 2263 2738 ἀλλά
2293 2683 2491 2738 ἐθέλειν
2525 2679 2604 2738 ἔτι
2649 2684 2783 2756 πρὸς
2821 2682 3008 2756 ἐκείνῳ
3040 2689 3118 2755 τῷ
3149 2685 3314 2755 θεϊκῷ
3361 2684 3533 2756 πόθῳ,
3564 2686 3649 2739 καὶ
3705 2707 3818 2741 τισι

3214 2774 3305 2828 καὶ
3368 2776 3441 2844 μὴ
3488 2776 3584 2842 τήν
3632 2775 3808 2847 ῥοπήν

2119 2861 2253 2930 ὅλην
2311 2867 2408 2916 τοῦ
2463 2859 2602 2918 ἰδίου
2649 2861 2959 2934 θελήματος
3007 2864 3085 2932 τῴ
3135 2868 3250 2933 Θεῷ
3304 2861 3533 2922 διδόναι.
3583 2865 3652 2917 Δι’
3693 2863 3815 2926 ὶνὸς

2118 2948 2174 3007 δὲ
2233 2948 2633 3024 ὑποδείγματος
2692 2955 2977 3026 γνώρισμα
3042 2949 3188 3006 ἔσται
3251 2958 3332 3024 τῷ
3411 2953 3543 3025 μετά
3609 2958 3821 3028 χεῖρας.

2117 3043 2414 3115 Διακρίνων
2477 3042 2570 3113 μέν
2629 3042 2731 3117 γὰρ
2793 3039 3052 3110 διακρίνει
3082 3041 3324 3112 ἕκαστος,
3356 3043 3445 3096 καὶ
3498 3042 3559 3098 οὐ
3593 3043 3824 3113 λέληθεν

2116 3132 2294 3194 αὐτὸν,
2329 3132 2410 3186 ὅτι
2442 3128 2642 3185 ἄτοπον
2691 3129 2816 3186 τόδε
2854 3131 3021 3206 τυχὸν
3079 3131 3209 3205 ὅπερ
3270 3131 3527 3206 ὥρμηται
3577 3139 3822 3201 ποιῆσαι.

2116 3227 2338 3294 Πρῶτον
2399 3221 2493 3292 μὲν
2549 3221 2653 3295 γὰρ
2713 3219 2843 3277 εἷ’σω
2910 3222 3046 3276 κατὰ
3103 3222 3202 3290 τὴν
3257 3218 3477 3295 καρδίαν
3535 3220 3830 3294 ἐπισημαί-

2115 3313 2330 3380 νεταιὴ
2379 3306 2731 3389 ἀμφιϐολία·
2794 3311 2828 3376 ἡ
2889 3310 3101 3383 στάθμη
3165 3307 3221 3364 δὲ
3287 3310 3376 3364 καὶ
3444 3312 3472 3366 ὁ
3528 3312 3685 3384 ζυγὸς
3750 3315 3828 3382 τῷ

2119 3403 2310 3456 ἑαυτοῦ
2369 3398 2655 3470 συνειδότι,
2688 3400 2916 3476 φανερὰν
2963 3401 3227 3474 πρότερον
3271 3407 3373 3469 τῆς
3419 3421 3478 3456 τε
3525 3404 3622 3454 τοῦ
3675 3404 3827 3465 Θεοῦ,

2117 3492 2206 3545 καὶ
2259 3497 2359 3558 τῆς
2403 3494 2500 3545 τοῦ
2561 3490 2769 3562 κόσμου
2821 3488 3036 3564 ἀγάπης
3085 3490 3184 3559 τὴν
3241 3489 3416 3564 ῥοπὴν
3467 3485 3617 3546 ἔνδον
3659 3495 3824 3558 ποιεῖ,

2117 3579 2206 3635 καί
2262 3585 2385 3634 τότε
2457 3578 2579 3652 περὶ
2635 3579 2701 3633 τὰ
2753 3576 2854 3649 ἔξω
2909 3579 3142 3653 πρόεισι.
3205 3579 3504 3652 Διακρίνων
3567 3578 3695 3654 γὰρ,
3753 3579 3825 3642 ὡς

2118 3669 2351 3745 εἴρηται,
2384 3667 2643 3743 διακρίνει
2673 3666 2898 3732 ἕκαστος
2931 3690 2942 3701 ·
2997 3671 3113 3724 οἷον
3161 3669 3205 3724 εἰ
3250 3670 3412 3744 τύχοι
3469 3674 3549 3740 τῷ
3608 3667 3826 3746 ἀδελφῷ

2119 3759 2652 3831 διαπληκτιζόμενος
2713 3764 2985 3829 στασιάζει
3034 3760 3169 3834 πρὸς
3221 3761 3434 3828 ὶαυτὸν,
3484 3765 3703 3834 πρῶτον
3739 3759 3823 3814 καὶ

2117 3849 2446 3918 ἂντιτίθησιν
2480 3869 2493 3881 ·
2556 3850 2759 3917 Εἷ’πω;
2819 3847 2964 3905 ἀλλὰ
3024 3851 3100 3920 μὴ
3153 3848 3289 3906 εῗ¹πω
3330 3868 3343 3882 ·
3406 3850 3822 3926 ἀντιφθέγξομαι

2115 3941 2250 4012 πρὸς
2299 3938 2454 3994 ταυτί
2504 3961 2600 4012 μοι
2648 3940 2716 3993 τὰ
2778 3937 3124 4014 ἐπενεχθέντα
3187 3935 3413 4006 όνείδης
3480 3937 3629 3996 ἀλλά
3695 3961 3823 3995 σιω-

2115 4033 2364 4101 πήσομαι
2409 4027 2621 4100 μᾶλλον
2675 4046 2688 4061 °
2741 4023 2942 4104 ἔχομεν
2994 4027 3085 4082 καὶ
3135 4029 3241 4084 τῶν
3273 4033 3406 4084 Θεοῦ
3447 4028 3684 4083 ἕντολῶν
3726 4033 3817 4104 (1)·

2114 4117 2260 4187 πλὴν
2306 4117 2454 4172 ἀλλά
2507 4119 2592 4172 καὶ
2662 4123 2760 4185 τῆς
2823 4115 2962 4179 ἰδίας
3037 4115 3196 4188 δόξης
3255 4117 3353 4172 οὐκ
3397 4117 3818 4193 ἀπερχομένης.

2116 4205 2240 4264 οὐδὲ
2291 4210 2630 4262 παντάπασιν
2689 4208 2873 4264 ἑαυτὸν
2945 4205 3203 4280 ἑλόμενος
3271 4208 3700 4282 ἀπαρνήσασθαι.
3759 4209 3816 4264 Εἰ

2118 4294 2207 4352 οὖν
2239 4299 2331 4353 καὶ
2367 4298 2560 4370 μικρὸν
2586 4300 2619 4366 ἡ
2655 4295 2797 4369 ῥοπὴ
2831 4304 2932 4368 τῆς
2977 4301 3073 4351 τοῦ
3122 4297 3333 4370 κόσμου
3391 4297 3575 4374 φιλίας
3627 4297 3716 4351 τὸν
3762 4295 3812 4351 ἓν

2117 4391 2184 4460 τῇ
2235 4384 2428 4460 καρδίᾳ
2479 4388 2640 4462 ζυγὸν
2702 4385 3076 4458 καθελκύσειν,
3119 4387 3270 4448 εὐθὺς
3319 4387 3348 4441 ὁ
3408 4387 3640 4458 πονηρὸς
3718 4383 3808 4439 λό-

2115 4497 2210 4550 γος
2243 4476 2483 4549 πρόεισιν
2513 4474 2649 4553 ἄχρι
2678 4478 2765 4530 καὶ
2798 4481 2904 4531 τῶν
2954 4474 3189 4553 χειλέων
3221 4493 3234 4507 '
3290 4477 3388 4531 εἶθ’
3431 4476 3605 4539 οὗτος,
3633 4474 3812 4530 ὡσπε-

2119 4565 2196 4639 ρεὶ
2251 4565 2403 4634 τόξον
2458 4566 2820 4637 ἐντεινόμενος
2881 4566 2908 4622 ὁ
2967 4568 3092 4626 νοῦς
3162 4561 3398 4636 ἔνδοθεν,
3463 4561 3654 4638 βάλλει
3727 4565 3817 4619 τὸν

2116 4655 2355 4725 πλησίον
2415 4651 2502 4709 διὰ
2558 4662 2657 4722 τῆς
2715 4652 2991 4729 γλώττης,
3023 4655 3111 4709 καὶ
3167 4655 3332 4730 μέχρι
3377 4660 3600 4729 χειρῶν,
3635 4650 3818 4710 ἔστιδ’

2115 2777 2212 2828 τοῦ
2268 2773 2462 2835 αἰῶνος
2519 2772 2714 2832 τούτου
2770 2770 3092 2844 συνήδεσθαι
3141 2792 3154 2806 ·

300 4762 484 4813 mens,
535 4752 813 4816 tanquam
858 4765 1054 4802 arcum
1091 4750 1248 4805 intus
1308 4753 1578 4816 tendens,
1607 4752 1901 4816 jaculatur
1949 4754 2004 4808 in

2120 4742 2207 4800 ὅτε
2258 4749 2348 4799 καί
2394 4745 2746 4819 τραυμάτων,
2779 4741 2927 4800 ἀλλά
2974 4745 3062 4798 καὶ
3124 4747 3292 4799 αὐτοῦ
3325 4745 3514 4820 φόνου,
3547 4745 3610 4800 τὸ
3664 4745 3820 4800 κακὸν

299 4833 630 4903 proximum
668 4853 767 4903 per
825 4837 1093 4907 linguam.
1125 4837 1396 4907 Jurgium
1459 4839 1591 4893 inde
1640 4840 2007 4910 progreditur

295 4940 479 4993 usque
511 4925 576 4975 ad
616 4940 848 4991 manus,
883 4925 1174 4981 interdum
1211 4932 1267 4982 et
1299 4928 1574 4993 vulnera;
1608 4930 1747 4999 quin
1790 4936 1855 4985 ait
1893 4948 2003 4986 caa-

294 5015 426 5066 dem
460 5029 881 5080 nunnuuquam
941 5014 1131 5085 ipsam
1194 5015 1312 5071 rixa
1346 5019 1624 5087 pervenit.
1662 5020 1739 5075 Ex
1771 5037 1886 5091 quo
1929 5022 1999 5076 li-

293 5107 384 5157 cet
416 5101 764 5172 perspicere,
821 5105 972 5157 unde
1032 5104 1202 5160 ducto
1262 5106 1545 5178 principio
1604 5108 1660 5163 in
1722 5117 2001 5181 quantum

293 5193 530 5247 sceleris
583 5193 934 5263 processerit
989 5194 1177 5249 brevis
1236 5195 1331 5251 ille
1401 5204 1594 5254 motus
1649 5199 1876 5255 animai.
1938 5201 2001 5254 Et

291 5298 356 5337 ex
418 5282 522 5336 hoc
576 5281 842 5352 exemplo
904 5287 1127 5354 reputa,
1189 5286 1269 5341 sic
1327 5289 1396 5342 ad
1453 5288 1711 5357 singulos
1770 5290 2002 5346 evenire

359 5433 383 5467 9
417 5432 625 5489 Matth.
658 5450 775 5501 xvr,
807 5434 896 5490 24.
933 5432 975 5467 ¹⁰
1008 5433 1146 5491 Luc.
1173 5452 1288 5504 XVI,
1348 5438 1437 5493 26.

2114 4837 2378 4909 πρόεισιν.
2443 4835 2651 4908 Ἔξεστι
2710 4834 2890 4890 τοίνυν
2941 4835 3029 4888 καὶ
3090 4836 3459 4910 παραθεωρεῖν
3546 4833 3665 4888 ὅθεν
3743 4835 3821 4906 ἀρο

2115 4927 2338 4999 ξάμενον
2400 4924 2514 4978 οἷον
2566 4919 2774 4997 προέϐη
2827 4921 3004 4978 δεινοῦ
3061 4925 3124 4979 τὸ
3184 4925 3363 4999 βραχυ
3411 4923 3572 4979 τοῦτο
3621 4923 3818 4997 κίνημα

2110 5023 2210 5083 τῆς
2260 5017 2468 5088 ψυχῆς.
2521 5011 2678 5068 Οὕτω
2727 5013 2838 5068 νόει
2887 5034 3002 5086 μοι,
3052 5015 3139 5068 καὶ
3194 5014 3269 5076 εἰς
3317 5012 3372 5068 ἓν
3417 5011 3638 5069 ἕκαστον
3690 5035 3815 5085 συμ-

2113 5103 2312 5162 ϐαίνειν
2371 5107 2673 5179 ἁμάρτημά
2753 5127 2813 5161 τε
2867 5105 2957 5160 καὶ
3044 5104 3402 5180 ἐπιτήδευμα,
3457 5113 3559 5174 τῆς
3637 5107 3816 5169 κακίας

2110 5196 2516 5266 κολακευΟόσης
2573 5217 2632 5251 τε
2678 5196 2768 5250 καὶ
2837 5198 3254 5271 περισαινοόσης
3310 5198 3372 5252 τὸ
3441 5195 3658 5268 θέλημα
3724 5199 3814 5258 τῆς

2111 5291 2296 5362 ψυχῆς
2370 5284 2683 5358 ἐπιθυμίαις
2739 5291 3032 5360 κοσμικαῖς
3107 5286 3197 5340 καὶ
3276 5284 3472 5360 σαρκὸς
3545 5281 3812 5354 ἡδοναῖς·

359 5557 766 5642 (1),’“¹ῌχὶομ.εν,Δ
785 5579 836 5615 κ.
871 5557 1036 5642 τ.,λ.]
1071 5561 1238 5642 Forte
1295 5564 1407 5636 leg.
1463 5559 1696 5642 ἔχομαιξ
1727 5567 1817 5620 καὶ
1875 5570 1982 5620 τῶν

2120 5567 2178 5621 οῦ
2228 5560 2512 5635 ἔντολῶνς
2571 5561 2747 5637 πλὴν,
2789 5584 2841 5622 κ.
2899 5584 2951 5623 τ.
2985 5562 3039 5620 λ.
3079 5565 3444 5625 Adhzrebone
3497 5569 3668 5622 etiam
3727 5567 3816 5625 Dei

292 5629 612 5685 mandatis?
641 5629 718 5685 sic
747 5629 1046 5704 tamamut‘,
1078 5638 1187 5693 etc.
