4130 6286
233 357 378 414 885
1239 355 1472 416 LIBER
1516 357 1620 415 DE
1663 355 1995 418 PATIENT

2131 358 2230 422 ET
2277 358 2825 422 DlSCRETIONE.
3680 363 3800 423 886

239 485 445 549 οὕτως
495 487 841 562 ἀπαρτίζεται
877 484 1123 564 μοιχεία,
1159 483 1301 539 οὕτω
1345 484 1552 552 κλοπὴ,
1581 484 1728 541 οὕτω
1759 485 1968 540 πλεον-

2115 507 2292 559 apsus
2339 491 2396 544 in
2448 496 2682 560 peccata
2724 492 2809 546 vel
2863 509 3037 562 prava
3068 493 3300 559 studia;
3339 492 3554 548 malitia
3586 495 3796 560 ubique

243 575 402 644 εξία,
437 577 578 631 οὕτω
634 578 723 632 καὶ
781 575 1080 652 κενοδοξία,
1132 573 1275 632 οὕτω
1333 575 1420 628 καὶ
1479 579 1580 630 πᾶν
1638 576 1820 630 ὁτιοῦν
1879 596 1975 629 πο-

2109 578 2518 633 idulationibus
2567 581 2922 650 quibusdam
2986 581 3406 648 blanditiisque
3476 581 3795 652 pelliciente

241 667 457 738 νηρόν.
2086 669 2441 722 voluntatem
2473 669 2678 722 animm
2711 671 2766 724 in
2809 671 3159 740 cupiditates
3211 674 3555 737 mundanas,
3581 676 3635 725 et
3666 688 3794 726 car-

245 757 356 812 nis
395 758 735 828 VOIUptates.
769 759 859 813 Sic
902 763 1265 829 perpetretur
1312 756 1688 824 adulterium,
1747 756 1827 811 sic
1879 757 2123 826 furtum,
2168 757 2252 813 sic
2303 757 2557 828 avarilia,
2598 759 2680 814 sic
2735 776 2879 814 vana
2923 759 3227 832 gloriatio;
3271 760 3353 814 sic
3405 777 3577 816 omne
3641 761 3797 815 aliud

242 848 530 918 cujusvis
571 850 804 919 generis
839 849 1080 902 malum.

334 937 463 992 ΚΗ.
525 936 623 990 Καὶ
683 936 816 991 αὐτὰ
879 935 946 991 τὰ
1014 933 1157 990 καλά
1229 933 1502 997 πολλάκις
1573 933 1979 1007 ἐπιτηδεύματα

247 1021 354 1079 διὰ
413 1027 572 1094 κενὴν
635 1023 790 1096 δόξαν
850 1026 1227 1080 ἐπιτελεῖται·
1289 1026 1421 1098 ὅπερ
1483 1023 1594 1078 ἴσον
1648 1023 1865 1088 κλοπῆς
1923 1044 1979 1078 τε

2159 937 2365 992 XXIV.
2402 938 2533 1007 Ipsa
2587 954 2818 1008 quoquc
2876 955 2974 1006 per
3027 955 3089 992 se
3146 938 3462 993 laudabilia
3492 940 3563 993 ob
3595 957 3801 994 vanam

2090 1043 2244 1099 ser-pe
2295 1029 2538 1098 gloriam
2587 1045 2760 1097 opera
2798 1029 3148 1082 efﬁciuntur.
3182 1029 3338 1092 Quod
3402 1029 3635 1100 quidem
3701 1047 3803 1098 par

2092 1118 2264 1180 furto,
2301 1118 2537 1184 inertiae,
2575 1119 2921 1188 magnisque
2987 1118 3116 1172 aliis
3169 1119 3417 1188 peccatis
3467 1137 3497 1170 a
3554 1117 3799 1186 Deoju-

2091 1207 2523 1260 dicaturzbeus
2570 1211 2717 1260 enim
2776 1206 2876 1277 (ait
2933 1206 3137 1276 David)
3191 1208 3484 1276 dissipavit
3539 1222 3656 1261 ossa
3709 1223 3798 1262 eo-

2092 1313 2240 1364 rum,
2275 1297 2367 1367 qui
2416 1296 2726 1351 hominibus
2772 1298 2987 1366 placent
3021 1298 3085 1352 ¹¹.
3121 1297 3320 1367 Itaque
3348 1296 3655 1363 vectigales
3689 1296 3800 1350 sibi

2097 1384 2282 1440 facere
2332 1386 2598 1454 virtutes,
2634 1385 2917 1439 tributum
2964 1401 2993 1439 e
3056 1386 3224 1440 bonis
3280 1386 3554 1456 cperibus
3612 1385 3803 1439 cultus

2096 1474 2477 1545 obsequiique
2530 1480 2774 1542 captans
2827 1473 3042 1544 proprii
3093 1474 3278 1528 hostis
3330 1478 3526 1529 noster
3567 1473 3800 1542 satagit,

245 1113 352 1168 καὶ
412 1115 660 1187 ἀκηδίας,
711 1117 800 1170 καὶ
858 1121 964 1171 τῶν
1024 1114 1210 1170 ἄλλων
1271 1114 1523 1190 μεγάλων
1570 1114 1980 1188 ἁμαρτημάτων

249 1207 343 1274 τῷ
403 1209 521 1278 Θεῷ
577 1206 837 1278 κρίνεται.
901 1209 957 1259 '0
1029 1207 1156 1267 Θεὸς
1211 1205 1337 1279 γὰρ,
1418 1204 1604 1283 φησὶν,
1666 1201 1981 1277 διεσκόρπι-

254 1314 356 1348 σεν
451 1295 581 1349 ὀστᾶ
665 1295 1172 1369 ἀνθρωπαρέσκων·
1245 1294 1384 1348 ὥστε
1476 1293 1564 1346 καὶ
1653 1293 1722 1346 δι’
1804 1293 1980 1347 αὐτῶν

249 1388 382 1438 τῶν
459 1383 644 1438 καλῶν
724 1385 1103 1457 ὑπηρετεῖσθαι
1174 1383 1264 1437 καὶ
1343 1383 1724 1457 θεραπεύεσθαι
1802 1383 1828 1437 ὁ
1886 1379 1982 1455 ἒχ-

255 1476 404 1548 θρὸς
443 1474 722 1548 βούλεται,
764 1471 1047 1543 ἀπατηλὸς
1079 1471 1152 1526 ὢν
1201 1471 1420 1542 ἐκεῖνος,
1454 1472 1543 1526 καὶ
1587 1472 1861 1543 ποικίλος,
1893 1471 1983 1526 καὶ

259 1561 530 1622 σκολιός.

347 1654 477 1706 ΚΕ’.
511 1654 679 1726 Ὅπερ
734 1673 816 1714 τις
862 1651 1088 1731 ἐφίλησε
1145 1656 1240 1706 τοῦ
1290 1651 1560 1725 παρόντος
1604 1653 1816 1725 κόσμου
1857 1652 1985 1705 τού-
2018 1691 2063 1754 Β

511 1740 524 1754 ι
578 1743 605 1754 ιι
695 1740 708 1754 1
846 1738 899 1754 ῆι
1003 1741 1014 1754 ι
1113 1739 1126 1754 9
1201 1739 1212 1754 I
1373 1736 1396 1754 ᾗ
1442 1741 1450 1754 Ι
1751 1739 1764 1754 ι
1853 1740 1865 1754 ο
1969 1740 1982 1754 \

265 1759 405 1803 του,
437 1740 525 1792 καὶ
577 1740 792 1814 βαρύνει
842 1738 907 1809 δή
957 1741 1055 1809 τήν
1109 1739 1310 1795 ἐκείνου
1370 1736 1631 1810 διάνοιαν,
1678 1739 1766 1794 καὶ
1821 1740 1984 1795 οἱονεὶ

260 1827 430 1882 κάτω
480 1829 751 1897 καθέλκει,
802 1829 890 1884 καὶ
953 1830 1183 1884 συνωθεῖ
1227 1830 1316 1884 καὶ
1365 1829 1630 1903 ἀνακύψαι
1678 1830 1846 1902 αὐτὴν
1891 1827 1986 1886 οὐκ

263 1917 486 1986 ἀνίησι.
519 1925 633 1974 Τῶν
683 1921 787 1994 γὰρ
831 1920 1096 1975 τοιούτων
1127 1919 1190 1974 τὸ
1235 1920 1497 1992 στάΟμιὸν
1526 1941 1582 1974 τε
1617 1921 1704 1976 καὶ
1747 1922 1781 1989 ἡ
1817 1919 1984 1994 ῥοπὴ,

263 2009 367 2062 καὶ
405 2011 468 2062 τὸ
502 2008 680 2084 ζύγιον
716 2012 812 2063 τοῦ
844 2008 1154 2080 θελήματος
1196 2016 1294 2078 τῆς
1334 2007 1558 2082 καρδίας
1599 2007 1782 2082 ὥσπερ
1830 2008 1984 2082 ἐξήρ-

264 2118 463 2167 τηται,
497 2098 585 2152 καὶ
638 2097 870 2174 βάσανος
915 2096 1058 2152 ἔνθεν
1088 2099 1293 2171 γίνεται
1337 2099 1499 2153 παντὶ
1540 2103 1618 2170 τῷ
1666 2097 1987 2172 ἀνθρωπείῳ

262 2186 438 2258 γένει,
488 2187 613 2256 ἤτοι
661 2192 767 2242 τῶν
812 2188 866 2241 ἐν
921 2188 1146 2242 πόλεσιν
1199 2187 1492 2241 οἰκούντων
1544 2191 1902 2258 Χριστιανῶν,
1951 2185 1985 2256 ἢ

269 2281 394 2331 τῶν
434 2275 484 2330 ἐν
530 2275 682 2349 ὅρεσε

725 2298 738 2311 ⁸
780 2282 886 2331 τῶν
923 2277 972 2332 ἐν
1011 2283 1225 2349 μοναῖς,
1259 2279 1292 2349 ἢ
1345 2277 1395 2332 ἐν
1439 2277 1646 2353 ἀγροῖς,
1681 2276 1714 2346 ἢ
1765 2277 1815 2331 ἐν
1858 2274 1991 2351 ἔρη-

275 2366 460 2440 μίαις,
522 2367 605 2421 ὅτι
659 2368 794 2421 ἑκών
853 2389 934 2429 τις
994 2367 1384 2438 δελεαζόμενος
1445 2368 1528 2444 ὑφ’
1591 2368 1758 2442 οὗπερ
1819 2367 1990 2444 φιλεῖ,

275 2454 460 2526 δῆλός
510 2455 649 2511 ἔστιν
707 2456 859 2510 οὔπω
908 2458 1005 2523 τὴν
1059 2456 1269 2531 ἀγάπην
1312 2456 1474 2510 αὐτοιΞ
1530 2453 1666 2524 ὅλην
1718 2453 1991 2531 παραδοὺς

275 2552 365 2618 τῷ
399 2551 535 2617 Θεῷ.
567 2547 714 2615 Οἷον,
762 2547 1014 2621 ἠγάπησε
1044 2567 1146 2614 τις,
1197 2545 1242 2600 εἷ
1290 2546 1475 2620 τύχοι,
1525 2549 1799 2617 κτήματα,
1851 2567 1986 2624 xpo-

283 2637 406 2691 σίον
457 2634 656 2703 ἄλλος,
688 2633 870 2708 ἕτερος
907 2641 974 2708 τῇ
1023 2636 1214 2711 γαστρὶ
1256 2634 1555 2704 δουλεύειν,
1684 2636 1992 2707 ἐπιθυμίαις

281 2731 408 2788 ταῖς
453 2734 552 2792 τῆς
604 2728 801 2804 σαρκὸς
849 2726 1187 2802 χαρίζεσθαι,
1223 2723 1396 2786 ἄλλος
1447 2725 1634 2802 σοφίαν
1676 2724 1857 2802 λόγων
1908 2723 1998 2784 διὰ

289 2815 448 2886 δόξαν
498 2814 757 2890 ἐπίκηρον
789 2835 800 2848 ⁸
855 2817 881 2870 ὁ
914 2817 1010 2890 μὲν
1059 2817 1260 2892 ἀρχὴν,
1294 2817 1321 2870 ὁ
1363 2812 1420 2872 δὲ
1462 2818 1554 2875 τὰς
1601 2815 1650 2886 ἐξ
1697 2815 1992 2889 ἀνθρώπων

285 2904 476 2976 τιμὰς,
520 2904 685 2978 ὀργήν
749 2903 921 2966 ἄλλος
973 2908 1060 2958 καὶ
1111 2911 1274 2978 μῆνιν
1305 2923 1318 2936 ⁸
1367 2905 1430 2958 τὸ
1461 2906 1562 2979 γάρ
1615 2901 1833 2958 ἔκδοτον
1879 2906 1999 2958 ἑαυ-

290 2993 386 3046 τὸν
417 2998 718 3066 παρασχεῖν
769 2997 849 3064 τῷ
896 2991 1072 3070 φίλων
1115 2995 1264 3064 αὐτῷ
1311 2993 1554 3072 φαίνεται
1591 3012 1602 3025 ·
1653 2991 1834 3066 ἕτερος
1877 2995 1998 3067 ὁμι-

298 3078 422 3141 λίας
455 3078 508 3141 ἐς
550 3078 702 3135 οὐδὲν
739 3079 878 3137 δέον.
921 3079 1132 3141 ’Ἄλλος
1180 3080 1373 3144 ἁπλῶς
1420 3083 1481 3134 τὸ
1535 3080 1929 3156 μεθορίζεσθαι,
1962 3080 1997 3149 ἢ

299 3168 491 3244 λόγοις
541 3173 833 3246 προσέχειν
888 3169 1106 3244 ἀργοῖς,
1218 3171 1278 3223 τὸ
1328 3167 1652 3232 διδάσκαλος
1703 3171 1861 3238 εἶναι,
1910 3170 2000 3224 καὶ

298 3265 461 3316 τοῦτο
494 3258 581 3314 διὰ
629 3259 787 3329 δόξαν
817 3261 914 3328 τήν
946 3258 993 3327 ἐξ
1043 3257 1335 3333 ἀνθρώπων
1374 3277 1385 3290 ⁸
1438 3260 1527 3312 καὶ
1557 3259 1585 3312 ὁ
1629 3260 1723 3328 μὲν
1774 3259 2000 3335 χαυνώ-

300 3369 378 3402 σει
434 3350 521 3404 καὶ
582 3349 814 3419 ἀμελείᾳ
871 3348 1228 3424 πρόσκειταιο
1287 3348 1314 3402 ὁ
1373 3345 1429 3401 δὲ
1477 3348 1712 3421 ἱματίων
1781 3347 2000 3402 καλλω-

297 3444 525 3511 πισμοῖς
586 3436 821 3507 ἥδεται*
902 3437 1058 3498 οὗτος
1128 3435 1302 3509 ὕπνῳ,
1371 3435 1575 3498 ἐκεῖνος
1652 3435 1998 3511 εὐτραπελίᾳ,

293 3528 381 3582 καὶ
415 3527 587 3591 ἄλλος
641 3527 821 3603 μικρῷ
867 3550 974 3584 τινι
1026 3528 1060 3596 ἢ
1109 3526 1336 3602 μεγάλῳ
1381 3531 1477 3582 τοῑ)
1529 3528 1741 3600 κόσμου
1792 3525 1999 3583 δέδεται

291 3620 378 3676 καὶ
439 3622 750 3699 κατέχεται,
817 3619 907 3674 καὶ
967 3617 1072 3673 οὐκ
1143 3619 1347 3673 ἀνίεται
1403 3617 1715 3690 ἀνακύψαι’

289 3710 389 3784 γὰρ
423 3711 593 3772 πάθος
643 3710 705 3764 ού
740 3707 1071 3784 διαμάχεταί
1113 3729 1196 3772 τις
1241 3707 1524 3782 γενναίως,
1578 3705 1707 3761 οὐδὲ
1747 3709 2000 3763 ἀντικαθ-

297 3798 501 3854 ίσταται
562 3797 750 3871 ἒκείνῳ
807 3818 1046 3864 παντως,
1105 3799 1193 3852 καὶ
1257 3795 1448 3865 ἥδεται
1483 3815 1496 3828 '
1575 3797 1790 3851 κάκεῖνο
1866 3799 2000 3851 καθ-

291 3888 451 3943 έλκον
504 3884 663 3941 αυτὸν
713 3887 801 3940 καὶ
852 3888 1088 3961 κατέχον
1140 3885 1308 3940 οἳονεῖ
1365 3883 1562 3957 δεσμός
1604 3907 1712 3950 τις,
1756 3886 1845 3940 καὶ
1904 3885 1998 3940 κύρ

293 3996 406 4048 (ρων
438 3977 535 4041 τῆς
586 3969 826 4033 διανοίας
856 3974 1025 4026 αὐτοῦ
1071 3971 1278 4048 γίνεταί
1307 3977 1405 4025 τοῦ
1451 3973 1525 4044 μή
1573 3973 1709 4046 πρὸς
1749 3974 1841 4025 τὸν
1875 3973 2001 4026 Θεὸν

293 4063 669 4138 ἀναφέρεσθαι,
725 4059 852 4131 μηδ’
909 4060 1054 4130 αὐτῷ
1116 4061 1268 4131 μόνῳ
1327 4059 1628 4133 λατρεύειν.
1683 4062 1852 4134 Ψυχή
1898 4063 1999 4135 γὰρ

294 4153 328 4220 ἡ
361 4151 582 4220 ἀληθῶς
624 4150 760 4224 πρὸς
809 4149 1006 4222 Κύριον
1052 4150 1151 4217 τήν
1205 4149 1384 4222 ὁρμήν
1435 4147 1793 4212 ἂπευθύνασα,
1827 4155 1998 4204 πᾶσαν

293 4237 440 4312 αὐτῷ
492 4241 590 4308 τήν
645 4233 820 4318 ἔφεσιν
887 4235 1183 4310 ἐπιτρέπει,
1246 4235 1379 4308 αὐτή
1455 4257 1512 4291 σε
1584 4237 1780 4307 ἑαυτῆς
1846 4236 1996 4312 ἔξαρ-

290 4351 378 4393 νος
425 4329 648 4404 γίνεται,
698 4328 786 4382 καὶ
836 4330 933 4382 τοῦ
993 4323 1137 4380 ἰδίου
1181 4326 1306 4387 νοὸς
1364 4331 1479 4388 τοῖς
1537 4325 1840 4400 θελήμασιν
1901 4329 2001 4384 ούκ

292 4417 606 4476 ἀκολουθεῖ.

1777 3620 1914 3692 πρὸς
1973 3618 2002 3672 ὃ

2096 1569 2383 1616 veterator
2410 1563 2504 1617 ille
2535 1570 2824 1632 versutus,
2859 1565 3051 1617 varius
3075 1571 3127 1618 et
3169 1581 3400 1634 pravus.

2169 1651 2341 1708 XXV.
2377 1653 2554 1716 Quam
2591 1653 2771 1724 quivis
2831 1670 2899 1708 ex
2961 1655 3162 1708 mundi
3213 1654 3390 1722 hujus
3424 1653 3591 1707 rebus
3623 1655 3807 1721 amat,

2097 1756 2163 1795 ea
2193 1748 2393 1809 gravat
2423 1743 2581 1799 illius
2615 1750 2890 1804 mentem.
2915 1750 2971 1797 et
3017 1744 3188 1814 quasi
3229 1744 3496 1797 deorsum
3534 1743 3709 1796 trahit
3741 1758 3806 1796 ac

2099 1829 2373 1898 detrudit,
2407 1837 2743 1902 vertereque
2776 1848 3008 1886 sursum
3036 1833 3234 1887 oculos
3285 1849 3399 1886 non
3450 1831 3606 1885 sinit.
3638 1831 3803 1900 Apud

2099 1921 2242 1974 tales
2263 1922 2414 1974 enim
2450 1927 2662 1974 statera
2693 1925 2750 1974 et
2799 1937 3012 1990 anCeps
3063 1928 3447 1989 momentum,
3475 1921 3808 1990 jugumque

2099 2009 2318 2064 arbitrii
2377 2011 2563 2066 cordis
2595 2013 2764 2082 quasi
2809 2010 3106 2066 sublatum
3157 2017 3282 2077 est;
3332 2026 3683 2080 eXamenque
3724 2010 3807 2064 sic

2100 2101 2165 2154 ﬁt
2212 2099 2517 2170 explorans
2567 2100 2804 2158 intimos
2850 2116 3058 2157 sensus
3103 2100 3294 2155 omnis
3345 2101 3572 2171 generis
3623 2097 3807 2152 homi-

2101 2207 2265 2258 num,
2298 2207 2398 2243 seu
2435 2190 2488 2246 in
2526 2191 2772 2244 urbibus
2812 2191 3142 2260 degentium
3192 2192 3678 2256 Christianorum,
3703 2206 3806 2244 seu

2100 2279 2157 2332 in
2194 2280 2511 2344 montibus,
2546 2295 2645 2333 seu
2699 2280 2756 2334 in
2811 2281 3213 2345 monasteriis;
3248 2281 3365 2334 sive
3398 2283 3452 2334 in
3487 2278 3662 2345 agris,
3690 2280 3811 2333 sive

2101 2369 2159 2422 in
2195 2367 2634 2421 solitudinibus.
2667 2369 3242 2440 Deprehenditurque
3294 2385 3363 2422 ex
3410 2385 3474 2423 e0
3526 2367 3676 2438 quod
3713 2383 3810 2420 νο-

2105 2458 2229 2512 lens
2261 2457 2394 2528 quis
2427 2457 2716 2512 alliciatur
2747 2460 2816 2513 ab
2850 2475 2915 2514 ea
2949 2475 3024 2525 re,
3049 2474 3410 2529 quaecunque
3447 2458 3678 2511 tandem
3704 2461 3811 2526 est,

2105 2563 2275 2617 quam
2337 2553 2510 2610 amat,
2549 2551 2801 2602 nondum
2854 2566 3025 2603 suum
3096 2564 3323 2601 omnem
3382 2563 3639 2601 amorem
3697 2548 3812 2600 Deo

2105 2635 2417 2689 addixisse.
2457 2637 2711 2707 Exempli
2761 2637 2965 2708 gratia,
3000 2636 3192 2707 diligit
3227 2636 3358 2708 quis
3410 2638 3550 2690 forte
3583 2652 3812 2706 posses-

2107 2726 2323 2792 siones,
2358 2727 2505 2781 alius
2556 2746 2785 2795 aurum,
2819 2728 2964 2784 alius
3023 2734 3182 2782 amat
3238 2729 3421 2782 ventri
3463 2727 3697 2790 servire,
3758 2728 3814 2780 et

2105 2817 2406 2888 indulgere
2465 2819 2952 2886 concupiscentiis
3013 2819 3244 2886 carnis;
3279 2817 3428 2871 alius
3465 2816 3808 2884 sapientiam

2109 2913 2267 2962 amat
2318 2913 2548 2978 propter
2597 2908 2834 2980 gloriam
2887 2908 3188 2978 fragilem;
3251 2924 3364 2961 non
3425 2923 3594 2960 nemo
3629 2907 3816 2960 ambit

2114 2997 2563 3065 praefecturam;
2613 3000 2759 3051 alter
2808 2998 3056 3054 honores
3115 2998 3184 3050 ab
3226 2996 3560 3050 hominibus
3603 3015 3617 3061 ;
3680 2995 3814 3049 huic

2116 3087 2296 3154 placet
2330 3085 2415 3139 ira
2444 3085 2654 3143 efferri.
2687 3095 2738 3140 et
2773 3086 2921 3153 bile;
2961 3103 3089 3142 nam
3134 3086 3467 3152 impendere
3512 3101 3572 3138 se
3620 3083 3813 3152 ipsum

2113 3174 2316 3227 amicis
2373 3175 2760 3240 vindicandis,
2793 3176 2916 3228 laus
2953 3175 3058 3242 ipsi
3119 3173 3345 3228 videtur
3371 3189 3383 3226 :
3413 3173 3510 3227 alii
3540 3173 3815 3242 iucundae

2113 3268 2251 3316 sunt
2307 3263 2805 3318 confabulationes
2875 3266 3064 3318 facetae
3123 3264 3193 3317 de
3239 3262 3408 3330 nugis
3441 3262 3813 3319 scurrilibus.

2113 3350 2430 3414 Quemdam
2465 3349 2657 3404 soluta
2689 3351 2920 3404 licentia
2954 3353 3102 3406 ultra
3151 3351 3338 3407 decori
3372 3352 3647 3404 terminos
3679 3367 3814 3402 eva-

2112 3438 2325 3509 gandi;
2359 3445 2457 3492 aut
2486 3441 2676 3493 verbis
2725 3441 2925 3494 otiosis
2975 3443 3290 3502 attendere,
3324 3447 3423 3492 aut
3473 3439 3816 3510 magistrum

2112 3544 2280 3592 esse;
2313 3535 2367 3583 et
2393 3528 2500 3584 hoc
2532 3532 2889 3599 aucupandaa
2921 3547 3096 3584 causa
3127 3531 3201 3586 ab
3235 3529 3564 3584 hominibus
3597 3529 3817 3597 gloriae.

2112 3619 2188 3672 Ac
2214 3620 2429 3689 aliquis
2463 3621 2696 3690 quidem
2744 3623 2798 3674 in
2851 3627 3137 3690 torporem
3197 3625 3253 3674 et
3286 3619 3697 3690 negligentiam
3730 3619 3821 3672 in-

2113 3709 2355 3762 cumbit.
2386 3714 2482 3764 Est
2515 3727 2686 3780 quem
2729 3711 2973 3765 delectet
3026 3715 3266 3765 ornatus
3321 3727 3388 3765 ac
3423 3710 3696 3779 splendor
3725 3725 3819 3762 ve-

2113 3801 2313 3854 stium.
2344 3799 2445 3852 Hic
2486 3817 2711 3865 somno,
2757 3800 2849 3855 ille
2898 3801 3190 3857 dicacitati
3251 3800 3609 3865 facetiarum,
3673 3799 3821 3853 alius

2113 3907 2298 3960 parvae
2330 3890 2581 3959 cuipiam
2619 3894 2720 3944 aut
2771 3906 2996 3959 magnae
3045 3891 3468 3944 mundanarum
3505 3904 3696 3942 rerum
3730 3889 3818 3942 al-

2115 3982 2262 4034 fectu
2313 3980 2536 4033 defixus
2571 3978 2886 4045 haeret;ita
2911 3987 2972 4032 ut
3031 3995 3096 4033 ea
3137 3979 3302 4049 quasi
3353 3978 3579 4032 vinctus
3629 3984 3821 4031 tenea-

2111 4071 2225 4132 tur,
2263 4083 2364 4119 nec
2400 4067 2582 4136 possit
2607 4083 2839 4122 sursum
2876 4068 3173 4138 aspicere;
3205 4083 3378 4136 quam
3422 4066 3576 4118 enim
3604 4067 3817 4134 aliquis

2112 4155 2289 4208 animi
2317 4155 2403 4208 sui
2440 4172 2675 4225 pravam
2739 4157 3101 4212 affectionem
3155 4172 3270 4209 non
3321 4159 3615 4225 oppugnat
3667 4155 3818 4208 acri-

2113 4251 2216 4307 ter,
2249 4245 2457 4308 cuique
2508 4263 2620 4298 non
2670 4245 2902 4300 obsistit
2948 4261 3237 4314 generose,
3272 4261 3337 4298 ea
3398 4245 3631 4298 tandem
3667 4245 3820 4298 dele-

2112 4339 2319 4398 ctalur,
2343 4341 2398 4389 et
2429 4342 2563 4390 tunc
2599 4334 2698 4388 illa
2729 4335 2908 4388 trahit
2957 4336 3147 4403 ipsum
3183 4351 3246 4388 ac
3273 4333 3514 4398 detinet,
3547 4340 3602 4387 et
3635 4349 3815 4388 uncus

2028 4409 2073 4468 D
2105 4424 2259 4477 velut
2291 4425 2527 4495 quidam
2556 4423 2784 4480 collaris
2817 4423 2945 4492 ejus
2995 4423 3205 4478 mentis
3238 4424 3322 4490 fit,
3355 4426 3626 4478 deorsum
3652 4423 3814 4478 illam

290 4512 603 4566 incurvans
647 4517 852 4582 negato
885 4507 964 4562 illi
1006 4511 1284 4578 suspectu
1328 4507 1397 4561 ad
1432 4507 1614 4562 Deum
1681 4506 1865 4562 libero
1897 4552 1911 4576 ,
1951 4525 2054 4564 nec
2104 4513 2444 4582 permittens
2505 4512 2583 4566 illi
2632 4513 2737 4567 soli
2771 4513 3001 4567 servire.
3052 4514 3260 4568 Anima
3312 4513 3488 4581 enim,
3523 4529 3648 4583 quae
3691 4529 3817 4567 vero

293 4602 362 4655 ad
407 4600 719 4655 Dominum
752 4601 1035 4665 impetum
1062 4615 1234 4653 suum
1262 4598 1478 4667 dirigit,
1513 4614 1683 4651 omne
1718 4597 1796 4651 illi
1833 4615 2005 4653 suum
2063 4602 2414 4656 desiderium
2478 4603 2783 4673 permittit,
2819 4603 3058 4673 ipsaque
3115 4603 3174 4658 in
3234 4604 3500 4658 omnibus
3531 4620 3591 4658 se
3617 4604 3810 4676 ipsum

291 4691 558 4757 abnegat,
595 4689 956 4758 propriaeque
986 4686 1191 4744 mentis
1223 4686 1702 4740 inclinationibus
1735 4687 1884 4745 haud
1920 4688 2290 4760 obsequitur.

363 4778 486 4832 KZ'.
547 4772 830 4829 Διδακτὲον
890 4774 949 4828 ἐκ
1005 4771 1470 4849 παραδείγματος,
1529 4777 1647 4833 πῶς
1725 4771 1997 4846 θελήματι

291 4863 416 4935 ἷδίῳ
463 4863 882 4933 παραπόλλυται
930 4859 1236 4936 ἄνθρωπος,
1292 4863 1390 4916 Διὰ
1440 4863 1546 4938 γὰρ
1599 4863 1815 4938 ἀγάπην
1850 4863 1998 4926 τινὸς

291 4957 399 5008 τῶν
431 4951 526 5006 τοῦ
575 4950 783 5024 κόσμου
832 4946 884 5005 ἔν
931 4973 990 5006 τε
1034 4953 1158 5026 πυρὶ
1218 4950 1483 5026 βάλλεται
1512 4951 1601 5005 καὶ
1653 4951 1705 5006 ἐν
1747 4953 1989 5027 θαλάσσῃ

295 5041 590 5116 βυθίζεται,
639 5038 728 5093 καὶ
788 5038 1148 5112 αἶ’χμαλωσίᾷ
1207 5040 1393 5094 ἑαυτὸν
1459 5038 1804 5118 ἐμπαρέχει’
1861 5041 1992 5095 ὑπο-

291 5131 488 5184 κείσθω
529 5129 656 5203 γὰρ,
709 5128 859 5182 οἶκόν
908 5149 1058 5188 τινος
1100 5128 1134 5196 ἢ
1186 5129 1376 5204 ἀγρὸν,
1424 5129 1566 5183 οὕτω
1616 5125 1846 5202 συμϐὰν,
1898 5152 1995 5185 κα-

784 5218 840 5271 Ὀ
910 5217 1091 5272 τοίνυν
1155 5217 1344 5272 ἑαυτὸν
1412 5223 1710 5292 περικῶσαι
1792 5218 1993 5291 βουλὸ-

294 5331 477 5383 μενος,
529 5309 603 5372 ὡς
644 5312 740 5364 τοῦ
788 5305 1120 5384 ἐμπρησμοῦ
1172 5303 1390 5382 ᾔσθετο,
1443 5310 1652 5383 γυμνὸς
1704 5309 1994 5386 ἐκπέφευγε

288 5398 499 5454 πάντων
549 5397 854 5472 ἀμελήσας,
903 5396 994 5452 καὶ
1042 5403 1142 5467 τῆς
1194 5396 1387 5451 ἑαυτοῦ
1431 5398 1606 5470 μόνης
1655 5401 1841 5473 ψυχῆς
1895 5420 1989 5475 γε-

287 5219 722 5293 ταπίμπρασθαι.

364 5645 409 5686 “
450 5645 664 5705 Psalm.
707 5660 804 5718 an,
843 5646 898 5704 6i

2179 4779 2370 4834 XXVI.
2425 4781 2762 4836 Docendum
2805 4780 2860 4834 in
2913 4779 3196 4851 exemplo,
3231 4781 3521 4851 quomodo
3572 4781 3694 4849 ﬁat,
3755 4788 3816 4837 ut

2112 4875 2303 4936 percet
2335 4868 2527 4935 homo,
2561 4887 2626 4923 e0
2659 4871 2806 4939 quod
2859 4871 3102 4939 propriae
3149 4874 3461 4924 obsecutus
3513 4870 3684 4924 fuerit
3714 4887 3812 4925 vo-

2102 4956 2353 5024 luntati;
2389 4964 2619 5028 propter
2659 4959 2812 5012 enim
2859 4956 3131 5012 affectum
3181 4960 3249 5012 ad
3291 4959 3509 5024 aliquid
3554 4976 3621 5014 ex
3655 4977 3814 5031 ninn-

2103 5045 2269 5100 danis
2293 5048 2582 5113 contingit
2612 5065 2743 5104 eum
2775 5052 2872 5100 aut
2899 5049 2955 5101 in
2989 5047 3183 5120 ignem
3233 5049 3463 5118 conjici,
3501 5054 3606 5104 aut
3661 5067 3806 5124 mari

2103 5137 2380 5205 demergi,
2420 5137 2568 5191 188
2623 5143 2723 5191 aut
2780 5140 2838 5194 in
2890 5141 3282 5205 captivitatem
3345 5156 3402 5193 se
3453 5141 3643 5208 ipsum
3699 5149 3811 5194 tra-

2103 5228 2259 5283 dere.
2296 5229 2568 5296 Ponatur,
2604 5228 2842 5285 domum
2885 5235 2984 5286 aut
3041 5232 3226 5285 villam
3282 5247 3417 5285 casu
3469 5230 3700 5285 l'orluito
3734 5231 3810 5282 in-

2104 5316 2413 5372 ﬂammari.
2441 5317 2544 5386 Qui
2592 5334 2722 5386 ergo
2777 5319 2950 5374 saluti
3003 5320 3305 5376 consulere
3340 5317 3583 5390 prepriae
3613 5318 3810 5371 decre-

2103 5406 2206 5473 vit,
2250 5404 2526 5475 neglectis
2600 5405 2796 5462 statim
2855 5408 3132 5464 omnibus
3201 5407 3446 5478 aufugit,
3499 5405 3658 5476 quasi
3709 5405 3809 5474 qui
