4130 6286
337 349 449 407 887
1673 346 1734 406 S.
1783 346 2118 409 MACARII
2169 350 2506 412 IEGYPTII
3747 351 3911 410 888

334 480 808 552 incendiumjam
860 480 1096 549 sentiat,
1128 497 1242 536 sua;
1294 481 1461 536 unice
1508 480 1636 535 vitis
1681 497 1879 536 curam
1915 499 2036 536 ser-

2157 481 2406 554 νόμενος.
2438 485 2657 558 Ἕτερος
2710 479 2767 537 δὲ
2815 484 2892 547 εἷς
2938 487 3061 537 νοῦν
3108 482 3254 555 αὑτῷ
3311 481 3536 538 ἐπελθὸν
3598 484 3697 536 καί
3752 501 3911 537 τινα

333 573 531 626 vandse
565 572 804 628 habens.
838 571 1001 626 Alius
1051 577 1239 627 autem
1292 587 1489 626 amore
1521 573 1827 639 cujusdam
1860 571 2029 638 vasis,

2157 577 2251 626 τῶν
2287 578 2488 628 σκευῶν
2543 572 2764 642 ἐξελεῖν,
2803 574 3080 642 ὑπέμεινεν
3134 573 3303 642 ἆραι·
3355 573 3445 627 καὶ
3495 573 3571 636 ὡς
3601 571 3653 627 ἐν
3710 572 3903 642 αὐτῷ

334 668 391 717 ut
427 663 483 717 id
516 662 766 717 flammea
816 663 1179 717 subtractum
1240 677 1437 716 secum
1483 662 1701 728 efferat,
1736 669 2034 730 moratur;

2157 657 2445 735 λαμϐάνειν
2504 664 2661 725 αὐτὸς
2713 664 2803 733 ἧν,
2863 670 3273 734 κατακρατῆσαν
3329 661 3439 733 ἤδη
3504 670 3607 732 τῆς
3678 662 3901 722 οἰκίας

332 752 511 823 inque
544 753 654 806 ista
688 768 845 807 mora
903 756 961 806 et
1017 752 1225 806 conalu
1277 752 1703 806 circumventus
1753 769 1786 806 a
1818 769 2037 823 praeva-

332 840 486 895 lente
517 841 774 910 undique
823 840 955 909 igne
1004 840 1314 911 corripitur
1349 847 1406 894 et
1436 842 1820 894 comburitur.
1864 840 2039 897 Vides

334 935 397 984 ut
429 931 660 1001 propria
690 931 983 984 voluntate
1013 936 1069 984 et
1100 946 1298 984 amore
1347 930 1678 1001 cujuspiam
1739 936 2041 1001 tempora-

333 1019 405 1073 lis
428 1020 528 1085 rei,
559 1035 729 1088 quam
784 1025 987 1089 praeter
1044 1036 1126 1087 se,
1161 1021 1278 1073 imo
1338 1036 1513 1087 super
1568 1037 1630 1074 se
1684 1036 1747 1073 ac
1786 1022 2036 1076 salutem

332 1124 495 1162 suam
528 1109 753 1162 videtur
784 1107 1047 1177 diligere,
1081 1108 1209 1162 talis
1243 1109 1496 1164 flammis
1522 1109 1868 1163 absumitur.
1896 1110 2039 1163 Aliis

333 1213 534 1252 rursus
564 1198 622 1251 in
675 1197 1043 1267 naufragium
1066 1196 1480 1266 incidentibus,
1516 1198 1606 1252 ins
1639 1198 1875 1268 quidem
1908 1198 2040 1253 illo-

335 1303 463 1341 rum
499 1288 597 1358 qui
631 1304 859 1342 servare
892 1303 951 1342 se
982 1287 1194 1357 ipsum,
1230 1294 1514 1357 quantum
1561 1293 1770 1357 potest,
1804 1288 2040 1342 omnino

342 1378 664 1441 constituit,
688 1377 915 1432 cunctis
974 1377 1274 1431 confestim
1335 1378 1595 1432 vestibus
1645 1377 2043 1445 abjectis,nu-

2144 577 2251 626 τῶν
2287 578 2488 628 σκευῶν
2543 572 2764 643 ἐξελεῖν,
2803 574 3080 647 ὑπέμεινεν
3134 573 3255 643 ἆραι
3291 593 3303 605 ·

2146 755 2208 807 τὸ
2264 758 2368 826 πῦρ
2423 755 2511 809 καὶ
2570 753 2733 810 αὑτὸν
2802 749 3063 809 συνέλαϐε
3133 754 3221 807 καὶ
3287 754 3626 809 κατέκαυσεν.
3700 754 3900 828 Ὁρᾷς

2149 841 2299 905 ὅπως
2349 840 2471 915 ίδίῳ
2527 842 2825 914 θελήματι,
2885 843 3043 920 φιλίᾳ
3094 844 3240 905 τινὸς
3292 848 3399 897 τῶν
3443 844 3815 917 προσκαίρων
3860 842 3896 898 ὃ

2150 932 2277 1001 παρ’
2352 931 2537 986 ἑαυτὸν
2608 931 2849 1008 φαίνεται
2917 934 3221 1007 ἀγαπήσας,
3294 930 3373 1003 τῷ
3439 932 3567 1006 πυρὶ
3635 952 3899 1005 παραπ-

2152 1018 2347 1076 ώλετο.
2400 1020 2629 1095 Ἐτέρων
2684 1019 2850 1075 πάλιν
2908 1021 3151 1096 ναυαγίῳ
3199 1022 3625 1095 περιπεσόντων,
3679 1022 3710 1075 ὁ
3768 1022 3892 1094 μὲν

2152 1112 2341 1178 σώζειν
2420 1111 2604 1164 ἑαυτὸν
2684 1110 3037 1185 βουλόμενος,
3109 1108 3399 1165 ἀποδύεται
3478 1112 3568 1166 καὶ
3646 1114 3894 1188 γυμνὸς

2148 1205 2264 1261 τοὶς
2313 1198 2494 1255 ὕδασιν
2550 1199 2833 1279 ἐπαφίεται
2868 1220 2882 1235 ο
2941 1202 3032 1256 καὶ
3084 1201 3227 1256 οὕτω
3282 1199 3503 1257 δυνατὸν
3553 1202 3709 1274 αὐτῷ
3770 1202 3887 1275 γί-

2150 1309 2296 1343 νεται
2366 1289 2464 1356 τήν
2524 1286 2665 1343 ἰδίαν
2725 1293 3022 1362 περισῶσαι
3078 1292 3285 1367 ψυχήν.
3344 1290 3400 1345 Ὀ
3460 1288 3517 1345 δὲ
3580 1291 3671 1345 καὶ
3752 1296 3885 1345 τῶν

2152 1374 2465 1449 ἐνδυμάτων
2520 1375 2878 1432 συνδιασῶσαί
2923 1399 3045 1433 τινα
3087 1378 3341 1448 θελήσας,
3398 1379 3500 1433 ὑπὸ
3554 1383 3662 1433 τῶν
3728 1377 3889 1434 ὑδά-

338 1466 477 1519 dum
510 1482 573 1519 se
607 1466 662 1519 in
696 1482 908 1535 aquam
944 1465 1139 1531 mittil,
1170 1472 1227 1520 et
1264 1466 1367 1520 hac
1398 1466 1619 1520 ratione
1652 1471 1843 1536 potest
1872 1482 2039 1520 suam

338 1572 676 1611 conservare
735 1556 930 1611 vitam.
1001 1560 1069 1611 At
1126 1558 1410 1627 quispiam
1498 1574 1567 1611 ex
1626 1556 1772 1624 istis,
1822 1562 2041 1611 vestem

337 1662 678 1701 conservare
744 1646 1007 1718 cupiens,
1067 1647 1410 1702 absorbetur
1468 1646 1760 1713 ﬂuctibus,
1812 1656 2043 1718 pr0pter

336 1735 445 1789 vile
468 1736 719 1802 lucrum,
753 1752 785 1790 ο
818 1735 1151 1790 miseriam!
1188 1753 1249 1791 se
1296 1736 1487 1807 ipsum
1531 1736 1796 1806 perdens.
1830 1737 2039 1807 Finga-

339 1833 428 1879 tur
468 1825 697 1891 iterum,
744 1826 1029 1895 judicium
1081 1827 1319 1897 perferri
1389 1827 1728 1895 irruptionis
1786 1826 2038 1893 hostilis,

338 1922 390 1969 et
422 1916 733 1985 quemdam
769 1916 965 1970 statim
998 1932 1031 1970 a
1061 1916 1292 1987 cognito
1343 1916 1594 1987 periculo
1647 1918 1821 1988 pedes
1862 1916 1917 1970 in
1954 1917 2044 1970 fu-

336 2018 469 2073 gam
501 2021 672 2074 quam
702 2010 891 2073 potest
944 2004 1365 2059 velocissimam
1411 2006 1572 2071 dare,
1605 2021 1876 2060 securum
1911 2004 2043 2059 reli-

336 2109 607 2162 quorum,
643 2098 851 2164 praeter
898 2110 979 2160 se,
1024 2094 1304 2152 omnium.
1346 2097 1418 2149 At
1472 2094 1651 2149 alium
1703 2110 1817 2148 non
1879 2095 2043 2164 prius

333 2182 478 2236 velle
528 2183 737 2247 fugere,
773 2199 948 2253 quam
1002 2184 1305 2253 pecuniam
1367 2198 1568 2237 secum
1626 2185 1885 2249 auferat;
1943 2180 2044 2236 sed

336 2270 491 2325 hunc
523 2278 891 2325 cunctantem
920 2272 1150 2327 hostilis
1184 2289 1390 2327 manus
1433 2272 1853 2345 superveniens
1884 2288 2045 2327 com-

336 2360 659 2431 prehendit.
696 2360 890 2430 Vides,
941 2363 1235 2417 voluntate
1294 2364 1463 2419 istius
1514 2365 1766 2434 propria,
1800 2368 1856 2418 et
1914 2378 2043 2433 pro-

2151 1489 2258 1522 των
2312 1462 2737 1537 κατεϐαπτίσθη,
2784 1468 2869 1522 καὶ
2928 1465 3016 1522 διά
3072 1469 3249 1543 βραχύ
3300 1490 3351 1523 τι
3392 1465 3605 1542 κέρδος,
3655 1468 3703 1522 ὢ
3759 1476 3882 1537 τῆς

2152 1558 2469 1633 συμφορᾶςί
2563 1556 2652 1610 καί
2738 1556 2924 1611 ἑαυτὸν
3012 1555 3407 1612 συναπώλεσεν.
3497 1558 3595 1612 Καὶ
3684 1555 3879 1612 πάλιν

2153 1645 2465 1701 ὑποκεῖσθαι
2520 1646 2610 1701 καὶ
2658 1645 2869 1724 ἐχθρῶν
2914 1667 3035 1701 τινα
3082 1644 3272 1725 ἔφοδον
3325 1646 3725 1722 παρηγγέλθαι,
3769 1648 3879 1702 καὶ

2150 1736 2210 1789 τὸ
2245 1736 2341 1807 μὲν
2392 1738 2503 1807 ἅμα
2549 1757 2607 1789 τε
2650 1734 2896 1806 ἀκοῦσαι,
2943 1735 3100 1797 εὐθὺς
3143 1737 3216 1797 ὡς
3272 1736 3389 1811 εἶχε
3444 1735 3627 1791 ποδῶν
3692 1737 3879 1815 Exacu-

2152 1830 2288 1900 γεῖν,
2326 1827 2401 1896 μὴ
2458 1824 2699 1897 μελῆσαν
2751 1826 2900 1895 αὐτῷ
2949 1830 3056 1879 τῶν
3102 1824 3385 1898 μηδενός·
3428 1827 3520 1881 τὸν
3573 1823 3631 1880 δὲ
3680 1824 3881 1881 διαπι-

2155 1916 2442 1983 στήσαντα,
2503 1913 2547 1967 εί
2603 1916 2695 1967 καί
2750 1916 2858 1967 τῶν
2924 1912 3253 1989 πραγμάτων
3323 1916 3447 1968 τινά
3522 1913 3877 1987 βουληθέντα

2153 2002 2560 2076 σονεκκομέσαι,
2619 2003 2735 2056 εἶτα
2815 2002 3249 2078 ἐφυστερήσαντα
3305 2002 3694 2081 συλληφθῆναι
3764 2024 3873 2059 κα-

2152 2088 2504 2147 ταλαϐόντων
2560 2097 2666 2147 τῶν
2722 2090 3037 2163 πολεμίων.
3086 2097 3243 2166 Ὁρᾷς
3300 2092 3383 2147 ὅτι
3440 2092 3717 2165 θελήματί
3773 2116 3873 2156 τις

2155 2178 2277 2253 ἰδίῳ
2309 2179 2379 2235 δι’
2429 2178 2709 2253 ἀμέλειαν,
2753 2180 2842 2234 καὶ
2883 2182 2945 2235 τὸ
2996 2181 3391 2252 προσηλώσθαί
3439 2202 3549 2235 τισι
3597 2186 3706 2236 τῶν
3761 2187 3872 2238 τοῦ

2150 2270 2381 2341 κόσμου,
2414 2271 2513 2338 τήν
2563 2290 2619 2323 τε
2647 2273 2744 2324 τοῦ
2789 2270 3043 2342 σώματος
3093 2268 3182 2323 καὶ
3228 2270 3325 2337 τήν
3373 2275 3475 2338 τῆς
3526 2274 3714 2345 ψυχῆς
3752 2272 3870 2326 ἀπο

2152 2357 2350 2413 ώλειαν
2386 2359 2665 2432 ὑπομένει.

3012 1555 3407 1612 συναπώλεσεν.

335 2458 463 2521 pter
490 2451 882 2506 adbaasionem
915 2452 1094 2507 nimis
1145 2453 1440 2508 addictam
1498 2454 1733 2509 cuidam
1798 2453 2232 2508 mundanarum
2309 2466 2527 2517 rerum,
2582 2449 2794 2506 misere
2851 2449 3018 2505 illum
3076 2454 3133 2506 et
3197 2449 3457 2521 corporis
3525 2455 3580 2507 et
3647 2453 3863 2507 animae

336 2540 769 2607 irreparabilem
812 2542 1008 2596 subire
1036 2544 1344 2609 jacturam.

409 2629 639 2684 XXVII.
672 2630 842 2683 Pauci
895 2631 1145 2699 profecto
1222 2638 1381 2697 sunt,
1432 2633 1532 2703 qui
1602 2634 1910 2702 perfectam
1970 2632 2041 2686 ad

342 2718 514 2772 Deum
576 2717 918 2772 charitatem
981 2719 1387 2791 habeant;qui
1438 2738 1641 2776 omnes
1716 2721 2042 2791 voluptates

343 2807 544 2861 mundi
574 2813 629 2862 et
661 2824 863 2863 omnes
922 2809 1268 2880 cupiditates
1328 2812 1472 2866 nihil
1533 2815 1777 2881 ducant;
1804 2814 1901 2885 qui
1935 2814 2039 2868 dc-

343 2899 520 2969 nique
549 2914 750 2953 omnes
784 2900 1024 2971 maligni
1083 2901 1431 2957 tentationes
1486 2904 1721 2972 patienti
1775 2903 2039 2975 longani-

2223 2629 2337 2684 KZ'.
2398 2627 2609 2703 Ὀλίγοι
2672 2628 2767 2700 μὲν
2827 2626 3071 2705 ἀτεχνῶς
3145 2629 3197 2683 οἱ
3253 2629 3467 2683 τελείαν
3542 2631 3642 2697 τήν
3715 2631 3859 2704 πρὸς

2151 2717 2279 2770 Θεὸν
2341 2718 2559 2792 ἀγάπην
2617 2719 2973 2789 κτησάμενοι,
3013 2717 3186 2780 πάσας
3243 2739 3302 2773 τε
3360 2716 3558 2788 ἡδονάς
3608 2723 3702 2772 τοῦ
3752 2720 3852 2773 κό-

2151 2825 2315 2877 σμου,
2364 2806 2453 2859 καὶ
2510 2808 2604 2867 τὰς
2651 2805 2939 2881 ἐπιθυμίας
2993 2808 3055 2861 τὸ
3118 2809 3285 2879 μηθὲν
3341 2808 3701 2882 λογιζόμενοι,
3749 2808 3843 2862 καὶ

2148 2893 2274 2953 τοὺς
2328 2899 2425 2950 τοῦ
2474 2901 2717 2969 πονηροῦ
2764 2897 3097 2971 πειρασμοὺς
3156 2897 3405 2974 φέροντες
3461 2898 3849 2970 μακροθύμως.

341 2990 541 3043 mitate
590 2989 905 3059 perferant.
932 2994 1208 3045 Caeterum
1253 3008 1365 3046 non
1425 2992 1497 3047 ob
1557 2992 1665 3048 hoc
1725 2993 2039 3065 desperan-

2157 2983 2308 3053 Πλὴν
2357 2984 2418 3039 ού
2467 2986 2611 3057 παρὰ
2660 2989 2824 3040 τοῦτο
2877 2986 3272 3060 ἀπογνωστέον,
3324 2983 3449 3040 οὐδὲ
3494 2993 3595 3055 τῆς
3654 2987 3853 3059 ἂγαθῆς

341 3079 516 3145 dum;
552 3095 739 3151 neque
796 3081 946 3135 bona
978 3097 1111 3150 spes
1169 3082 1512 3153 negligenda
1570 3088 1678 3138 est.
1712 3084 1833 3138 Etsi
1882 3083 2035 3138 enim

342 3169 541 3223 multa:
591 3186 762 3224 naves
818 3172 1184 3241 naufragium
1241 3172 1573 3241 patiantur;
1626 3179 1766 3229 sunt
1844 3179 2035 3229 tamen

338 3259 577 3312 omnino
610 3276 721 3313 non
776 3277 992 3330 pauca»,
1027 3278 1148 3329 quae
1190 3261 1341 3315 felici
1386 3264 1628 3334 trajectu
1679 3269 1910 3335 portum
1972 3272 2041 3318 te-

339 3352 497 3401 nent.
534 3347 839 3418 Propterea
898 3350 1008 3404 tide
1051 3353 1215 3406 nobis
1272 3355 1329 3406 in
1363 3354 1567 3424 primis
1600 3370 1783 3424 opus;
1820 3354 2042 3424 patien-

338 3433 530 3503 tiaque
553 3443 606 3488 et
669 3437 1020 3504 attentione;
1069 3456 1345 3508 generoso
1385 3456 1617 3512 quoque
1656 3442 1715 3495 in
1773 3443 2040 3496 certami-

339 3523 513 3576 nibus
546 3524 767 3591 animo;
803 3541 868 3578 ac
928 3532 1198 3593 praeterea
1256 3529 1406 3582 fame
1465 3547 1531 3583 ac
1589 3530 1686 3583 siti
1744 3530 2039 3597 bonitatis,

342 3609 519 3666 simul
589 3627 721 3665 cum
783 3613 964 3667 multa
1024 3616 1327 3683 prudentia
1380 3623 1435 3671 et
1478 3618 2039 3689 discretione;quin

342 3704 398 3753 et
428 3699 749 3754 acrimonia
778 3706 834 3755 et
891 3701 1251 3770 impudentia
1308 3704 1365 3758 in
1428 3708 1692 3775 petendo.
1743 3706 1885 3760 Nam
1923 3706 2039 3776 ple-

344 3790 512 3859 rique
564 3789 891 3859 hominum,
928 3796 989 3845 ut
1020 3792 1296 3860 diximus,
1331 3794 1453 3849 sine
1503 3794 1701 3850 labore
1734 3812 1799 3849 ac
1832 3798 2043 3851 sudore

344 3879 614 3950 consequi
650 3897 889 3952 regnum
941 3882 1215 3937 ccelorum
1262 3884 1464 3938 volunt
1496 3900 1509 3937 :
1543 3890 1600 3939 et
1654 3895 1886 3941 sanctos
1916 3887 2043 3957 qui-

344 3969 476 4023 dem
535 3970 655 4024 viro
706 3970 901 4025 felices
950 3972 1261 4041 pradicant
1293 3990 1305 4028 :
1342 3973 1740 4045 honoremque
1778 3974 2040 4045 ipsorum

342 4075 406 4113 ac
464 4058 818 4116 charismata
888 4061 1357 4132 concupiscunt;
1418 4064 1641 4133 parium
1712 4081 1845 4120 vero
1906 4082 2040 4120 cum

342 4148 486 4209 ipsis
538 4150 995 4217 tribulationum,
1033 4151 1291 4206 laborum
1335 4158 1392 4207 et
1442 4153 1772 4221 passionum
1807 4170 2041 4209 consor-

340 4241 426 4291 tes
457 4237 578 4291 ﬁeri
612 4248 885 4293 renuunt.
919 4240 1028 4294 Sed
1062 4239 1215 4296 istud
1248 4258 1470 4307 omnes,
1496 4247 1550 4297 et
1602 4242 1933 4297 meretrices
1987 4248 2043 4296 et

341 4326 633 4395 publicani
690 4328 954 4395 cupiunt.
1014 4331 1187 4399 Atqui
1244 4338 1475 4401 propter
1530 4330 1639 4386 hoc
1696 4331 2044 4388 tentationes

342 4416 647 4483 propositae
680 4424 819 4471 sunt
849 4424 906 4472 et
938 4421 1304 4488 probationes
1332 4439 1344 4487 ;
1380 4430 1439 4475 ut
1489 4438 1588 4493 per
1625 4438 1718 4477 eas
1750 4428 2042 4492 appareat,

341 4503 578 4573 quinam
630 4522 757 4562 vere
806 4524 999 4562 summ
1054 4510 1310 4578 ipsorum
1342 4511 1656 4565 Dominum
1689 4511 1959 4582 diligant,
1993 4517 2048 4567 et

342 4601 405 4649 ut
436 4595 493 4650 hi
519 4598 678 4665 juste
708 4604 1145 4670 consequantur
1174 4599 1405 4656 caeleste
1437 4617 1702 4667 regnum.

409 4685 659 4742 XXVIII.
722 4688 1149 4756 Aflictionibus,
1202 4689 1592 4759 passionibus,
1646 4690 1926 4761 patientia
1992 4698 2047 4746 et

340 4773 453 4827 ﬁde
484 4776 851 4831 absconditas
908 4793 1036 4832 esse
1088 4778 1501 4847 promissiones
1550 4786 1710 4849 puta,
1743 4780 2046 4851 ipsamque

338 4865 608 4937 gloriam,
643 4884 708 4922 ac
767 4870 1045 4923 bonorum
1092 4869 1414 4923 caelestium
1468 4871 1817 4924 fruitioncm.
1850 4870 2041 4933 Quan-

339 4955 651 5024 doquidem
684 4963 741 5009 et
767 4959 989 5024 jactum
1024 4959 1079 5010 in
1112 4963 1320 5011 terram
1367 4959 1640 5013 frumenti
1688 4976 1956 5032 granum,
1989 4964 2046 5014 et

337 5045 582 5101 insitum
640 5046 860 5102 arboris
909 5048 1231 5113 surculum,
1266 5064 1504 5103 necesse
1553 5055 1640 5104 est
1689 5055 2041 5121 putrescere,

337 5142 394 5191 et
442 5135 826 5207 ignominiose
854 5136 1190 5206 procidere;
1223 5143 1279 5190 et
1336 5137 1419 5191 sic
1471 5138 1706 5192 demum
1766 5137 2045 5209 multipli-

337 5244 462 5283 cem
523 5226 883 5283 ornatissimi
941 5227 1031 5279 sui
1100 5225 1425 5281 indumenti
1483 5228 1733 5281 fructum
1769 5228 2041 5297 recipere.

333 5320 454 5375 Nisi
488 5319 643 5374 enim
700 5333 800 5387 per
858 5315 1026 5370 illam
1087 5316 1482 5385 putredinem,
1542 5332 1642 5386 per
1699 5316 1829 5371 illas
1889 5317 2045 5371 velut

334 5410 694 5480 ignominias
725 5406 1079 5472 transierint,
1116 5422 1410 5476 nunquam
1462 5422 1595 5461 eum
1641 5405 1907 5461 ultimum
1942 5407 2045 5461 de-

337 5515 550 5565 corem,
578 5514 873 5570 nunquam
908 5494 1231 5568 speciosam
1276 5493 1433 5550 illam
1482 5512 1755 5567 pompam
1795 5496 1905 5550 sibi
1936 5496 2046 5550 cir-

337 5588 701 5655 cumdarent,
736 5604 853 5657 qua
903 5603 965 5642 se
1008 5589 1325 5642 ostentant.
1361 5585 1423 5641 In
1484 5585 1592 5640 hac
1639 5585 1873 5655 quidem
1908 5600 2044 5640 sen—

339 5676 519 5737 tentia
564 5677 879 5750 Apostolus
933 5682 1072 5733 est:
1128 5677 1236 5733 Per
1320 5677 1526 5733 multa:
1601 5674 1782 5745 enim,
1834 5673 2045 5745 inquit,

2154 3072 2377 3136 ἐλπίδος
2427 3072 2755 3147 ἂμελητέον.
2797 3074 2901 3130 Κᾶν
2940 3074 3042 3151 γὰρ
3090 3073 3275 3130 πολλά
3317 3080 3424 3130 τῶν
3471 3075 3684 3130 πλοίων
3723 3076 3855 3132 ὑπο-

2158 3163 2292 3238 μένῃ
2340 3164 2595 3241 ναυάγιον
2630 3183 2645 3198 '
2707 3163 2831 3219 ἀλλ’
2889 3164 2991 3218 εἷσί
3034 3164 3245 3227 πάντως
3277 3164 3309 3219 ἆ
3355 3165 3442 3219 καὶ
3493 3162 3851 3239 διαπερῶντα,

2152 3257 2249 3307 τοῦ
2284 3251 2507 3326 λιμένος
2564 3249 3014 3327 ἐπιλαμϐάνεται.
3058 3254 3155 3308 Διά
3208 3259 3367 3309 τοῦτο
3426 3255 3661 3316 πίστεως
3717 3258 3850 3326 ἡμῖν

2155 3342 2341 3412 πολλή
2377 3345 2554 3419 χρεία,
2584 3345 2869 3415 ὑπομονῆς
2912 3365 2969 3398 τε
3000 3343 3088 3397 καὶ
3120 3348 3405 3419 προσοχῆς
3443 3344 3533 3398 καὶ
3575 3345 3802 3419 ἀγώνων
3838 3362 3853 3378 ο

2154 3434 2290 3506 πρὸς
2324 3430 2380 3487 δὲ
2427 3434 2617 3501 πείνης
2658 3454 2715 3487 τε
2765 3434 2855 3487 καὶ
2906 3431 3068 3507 δίψης
3117 3437 3218 3487 τοῦ
3268 3433 3487 3508 ἀγαθοῦ,
3528 3435 3667 3488 κατά
3711 3432 3850 3488 πολ-

2157 3518 2260 3589 λήν
2289 3523 2495 3576 σύνεσιν
2532 3524 2620 3576 καὶ
2672 3520 2937 3596 διάκρισιν
2971 3541 2984 3554 ·
3018 3521 3080 3577 οὑ
3134 3524 3240 3594 μὴν
3277 3519 3421 3577 ἀλλά
3460 3523 3550 3575 καὶ
3593 3522 3851 3593 ὀξύτητός

2154 3632 2211 3665 τε
2260 3612 2349 3664 καὶ
2401 3609 2669 3673 ἀναιδείας
2724 3614 2849 3686 περί
2904 3613 3003 3679 τὴν
3055 3611 3290 3680 αἴτησιν.
3344 3612 3406 3665 Ol.
3464 3613 3569 3685 γάρ
3628 3611 3849 3675 πλείους

2156 3706 2262 3755 τῶν
2338 3702 2657 3775 ἀνθρώπων,
2720 3700 2901 3777 ὥσπερ
2986 3702 3323 3780 προέφημεν,
3393 3703 3654 3772 καμάτων
3732 3704 3850 3758 ἄνευ

2156 3792 2245 3845 καὶ
2278 3790 2525 3864 ἱδρώτων
2577 3799 2673 3861 τῆς
2720 3790 3001 3865 βασιλείας
3043 3792 3317 3865 ἐπιτυχεῖν
3371 3790 3671 3865 βούλονται
3705 3812 3719 3826 ο
3762 3794 3848 3848 καὶ

2155 3882 2282 3943 τοὺς
2336 3884 2430 3955 μὲν
2476 3882 2657 3958 άγίους
2710 3882 3099 3956 μακαρίζουσιν
3146 3879 3363 3953 ἄνδρας,
3398 3884 3485 3937 καὶ
3535 3890 3636 3952 τῆς
3686 3892 3847 3956 τιμῆς

2155 3971 2329 4026 αὐτῶν
2378 3972 2467 4026 καὶ
2515 3977 2622 4026 τῶν
2666 3973 3021 4047 χαρισμάτων
3073 3971 3421 4043 ἐπιθυμοῦσι,
3474 3977 3583 4027 τῶν
3618 3972 3747 4028 ἴσων
3794 3971 3847 4029 δὶ

2157 4060 2392 4135 θλίψεων
2452 4062 2659 4129 αὐτοῖς,
2707 4066 2815 4116 τῶν
2867 4061 3047 4116 πόνων
3107 4083 3164 4116 τε
3201 4061 3291 4116 καὶ
3344 4066 3452 4117 τῶν
3511 4064 3842 4135 παθημάτων

2158 4152 2221 4205 ού
2275 4149 2562 4225 βούλονται
2611 4157 2913 4207 κοινωνεῖν.
2959 4152 3162 4205 Τούτου
3211 4148 3266 4205 δὲ
3324 4152 3539 4219 πάντες,
3588 4153 3677 4206 καὶ
3725 4154 3847 4224 πόρ-

2156 4260 2239 4294 ναι
2270 4240 2361 4294 καὶ
2390 4239 2620 4294 τελῶναι
2652 4242 2741 4295 καὶ
2788 4246 2890 4302 πᾶς
2922 4262 3003 4303 τις
3035 4241 3335 4315 ἀνθρώπων
3370 4239 3645 4313 ἐπιθυμεῖ.
3681 4240 3842 4296 Ἀλλὰ

2160 4324 2249 4380 διὰ
2312 4331 2473 4381 τοῦτο
2530 4329 2823 4401 πειρασμοὶ
2864 4328 3177 4401 πρόκεινται
3230 4327 3321 4382 καὶ
3372 4325 3708 4400 δοκιμασίαι,
3755 4325 3839 4381 ’ἵνα

2156 4414 2318 4484 δῆλοι
2377 4418 2658 4489 γένωνται,
2689 4417 2829 4478 τίνες
2887 4417 2939 4470 οἳ
2990 4417 3124 4491 πρὸς
3184 4416 3444 4487 ἀλήθειαν
3497 4419 3583 4469 τὸν
3639 4416 3831 4469 ἑαυτῶν

2152 4507 2440 4578 ἠγάπησαν
2505 4506 2778 4575 Δεσπότην
2813 4525 2827 4538 ·
2896 4506 2985 4561 καὶ
3059 4504 3285 4570 δικαίως
3360 4507 3505 4562 οὗτοι
3560 4511 3656 4574 τῆς
3732 4508 3831 4559 τῶν

2154 4595 2419 4670 οὐρανίων
2453 4595 2754 4671 ἐπιτύχωσι
2791 4595 3091 4672 βασιλείας.

2227 4689 2355 4739 ΚΗ’.
2388 4690 2519 4748 Ταῖς
2576 4686 2814 4759 θλίψεσι,
2865 4687 3108 4746 καὶτοῖς
3165 4687 3474 4759 παθήμασι,
3520 4689 3589 4759 τῇ
3645 4685 3815 4756 ὑπομο

2151 4778 2218 4848 νῇ
2250 4797 2307 4830 τε
2356 4778 2443 4830 καὶ
2493 4777 2667 4830 πίστει
2711 4776 3069 4855 ἐγκεκρύφθαι
3119 4775 3307 4849 νόμιζε
3354 4776 3449 4837 τὰς
3500 4774 3842 4851 ἐπαγγελίας,

2153 4864 2319 4935 αὑτήν
2353 4888 2410 4921 τε
2440 4867 2508 4931 τὴ
2548 4866 2759 4939 νδόξαν,
2792 4868 2890 4935 τήν
2919 4870 3026 4921 τῶν
3062 4866 3331 4941 οὐρανίων
3367 4865 3581 4939 ἀγαθῶν
3632 4864 3845 4934 ἀπόλη-

2151 4962 2241 5031 ψιν
2278 4977 2290 4989 ·
2325 4958 2440 5011 ἐπεὶ
2486 4958 2573 5011 καὶ
2603 4959 2694 5012 τὸν
2753 4957 3112 5030 ῥιπτούμενον
3148 4961 3216 5030 τῇ
3247 4960 3318 5030 γῇ
3368 4962 3540 5024 σῖτον,
3574 4958 3608 5027 ἢ
3658 4956 3744 5011 καὶ
3786 4958 3841 5010 τὸ

2153 5042 2365 5117 δένδρον
2414 5045 2557 5122 φημί
2598 5046 2660 5098 τὸ
2710 5043 3200 5120 ἐγκεντριζόμενον,
3253 5046 3456 5118 ἀνάγκη
3509 5048 3672 5116 σήψει
3720 5044 3843 5118 πρό-

2149 5153 2304 5206 τερον
2360 5134 2450 5186 καὶ
2508 5131 2702 5203 ἀτιμίᾳ
2755 5134 3043 5188 ὑποπεσεῖν
3076 5152 3089 5166 ·
3152 5134 3242 5186 καὶ
3300 5131 3443 5186 οὕτω
3500 5132 3599 5186 τοὺ
3656 5132 3840 5204 ευπρε-

2148 5226 2286 5284 ποῦς
2317 5221 2481 5276 αὑτοῦ
2540 5219 2840 5294 ἐνδύματος
2870 5223 2960 5277 τὸν
2994 5220 3417 5277 πολλαπλάσιον
3468 5220 3676 5293 καρπὸν
3719 5220 3839 5274 ἀπο.

2152 5306 2362 5366 λαϐεῖν.
2398 5309 2458 5364 Εἰ
2494 5312 2570 5383 μὴ
2628 5312 2729 5384 γὰρ
2786 5308 2874 5365 διά
2904 5314 3001 5379 τῆς
3061 5314 3276 5383 σήψεως
3334 5312 3535 5378 ταύτης
3595 5308 3838 5363 κάκείνων

2149 5403 2254 5452 τῶν
2318 5398 2499 5471 ὥσπερ
2559 5397 2769 5471 ἀτίμων
2830 5396 3061 5454 διελθεῖν
3120 5398 3302 5460 αὐτοῖς
3353 5398 3589 5473 γέγονεν,
3640 5397 3739 5451 οὐκ
3789 5394 3842 5450 ἃν

2148 5490 2248 5557 τὴν
2281 5488 2519 5567 ἐσχάτην
2563 5488 2903 5564 εὐπρέπειαν,
2937 5491 3026 5543 καὶ
3058 5490 3120 5543 τὸ
3151 5496 3249 5557 τῆς
3314 5490 3436 5550 θέας
3467 5484 3679 5546 κάλλος
3715 5505 3727 5518 ·
3760 5506 3841 5540 πε-

2150 5575 2537 5651 ριεϐάλλοντο.
2568 5585 2739 5635 Τοῦτο
2798 5578 2973 5635 δὲκαὶ
3022 5585 3103 5652 τῷ
3133 5576 3460 5653 Ἀποστόλῳ
3513 5575 3663 5631 δοκεῖ
3695 5596 3708 5609 ·
3758 5575 3843 5631 Διά

2151 5666 2383 5724 πολλῶν
2443 5670 2570 5746 γάρ,
2620 5670 2777 5749 φησί,
2831 5667 3070 5744 θλίψεων
3125 5666 3209 5725 δεῖ
3262 5671 3434 5743 ἡμᾶς,
3466 5665 3542 5728 εἷς
3599 5665 3700 5735 τὴν
3757 5664 3837 5739 βα.
