4130 6286
318 289 443 350 889

1445 284 1678 346 LIBER
1722 286 1823 346 DE
1868 286 2363 349 ELEVATIONE
2407 289 2718 353 MENTIS.

3725 302 3843 361 890

322 419 539 475 σιλειαν
604 424 702 474 τοῦ
760 422 894 473 Θεοῦ
954 416 1210 473 εἶσελθεῖν
1248 438 1261 452 ·
1301 419 1389 473 καὶ
1433 420 1460 473 ὁ
1519 421 1761 493 Κύριος·
1825 421 1909 476 Ἐν
1960 423 2029 492 τῇ

2144 425 2525 481 tribulationt’s
2577 431 2787 494 oportet
2828 444 2925 485 nos
2956 430 3172 485 intrare
3206 432 3264 485 in
3296 448 3526 503 regnum
3560 435 3658 489 Dez’
3686 436 3746 490 η.
3773 441 3841 493 Ει

323 511 584 583 ὑπομονῆ
647 511 799 583 ὑμῶν
857 511 1115 579 κτήσεσθε
1164 509 1255 571 τὰς
1308 510 1491 587 ψυχὰς
1540 512 1689 584 ὑμῶν
1739 529 1753 543 ·
1812 513 2035 581 καῖ,Ἐν

322 605 408 672 τῷ
447 601 639 673 κόσμῳ
681 599 868 674 θλίψιν
909 596 1068 673 ἕξετε.

401 696 519 745 ΚΘ’.
577 692 845 750 Ἕκαστος
906 689 1058 761 ὑμῶν
1120 687 1346 764 ὅσονπερ
1415 689 1475 744 ἂν
1536 693 1892 764 καταξιωθείη
1964 694 2033 764 τῇ

319 798 383 833 τε
430 779 607 833 πίστει
663 800 752 834 και
799 782 869 851 τῇ
948 776 1159 851 σπουδῇ
1222 780 1461 853 μέτοχος
1545 781 1698 856 ἁγίου
1790 783 2035 856 γενέσθαι

323 868 662 940 Πνεῦματος,
725 871 983 923 τοσοῦτον
1059 867 1264 935 ἐκείνης
1320 874 1420 943 τῇς
1485 872 1695 944 ἡμέρας
1770 869 2031 942 δοξασθῆ-

322 976 475 1011 σεται
507 958 676 1013 αὐτοῦ
720 957 809 1012 καὶ
857 961 920 1011 τὸ
971 963 1151 1030 σῶμα.
1183 959 1252 1015 "0
1309 960 1408 1032 γὰρ
1470 964 1561 1013 νῦν
1616 954 1768 1014 ἔνδον
1827 962 2031 1032 ἀπεθη-

322 1046 544 1118 σαύρισε
590 1051 658 1120 τῇ
709 1050 887 1120 ψυχῇ,
942 1046 1066 1100 τότε
1121 1047 1212 1100 καὶ
1260 1048 1412 1107 ἐκτὸς
1480 1047 1565 1103 ἐπὶ
1616 1054 1717 1103 τοῦ
1777 1052 2032 1122 σώματος

320 1134 843 1213 ἀποκαλυφθήσεται
880 1155 893 1169 ο

325 1222 583 1299 δένδρων,
634 1228 922 1296 Χειμῶνος
962 1226 1065 1298 γὰρ
1112 1225 1503 1300 παρελθόντος,
1545 1228 1634 1281 καὶ
1682 1228 1847 1296 ἡλίου
1906 1250 2032 1305 φαι-

324 1312 581 1390 δρότερόν
622 1335 680 1370 τε
718 1314 807 1369 καὶ
858 1314 1220 1388 ἀκμαιότερον
1263 1313 1700 1389 ἐπιλάμψαντος,
1760 1318 1835 1378 ὡς
1894 1315 2031 1386 δέον,

944 1137 1033 1189 καὶ
1083 1136 1145 1190 τὸ
1196 1135 1544 1211 παράδειγμά
1596 1160 1759 1211 φησιν
1812 1138 1871 1193 ἐκ
1924 1144 2030 1193 τῶν

318 1405 411 1459 κκὶ
471 1405 683 1475 ἀνεμων
748 1404 1203 1475 ἐπιπνευσάντων,
1255 1402 1449 1460 ἔσωθεν
1517 1404 1695 1461 ἐκεῖνα
1746 1408 1889 1480 φύει,
1940 1410 2030 1462 καὶ

321 1496 398 1556 ὡς
431 1491 721 1566 ἔνδόματα,
764 1492 947 1571 φύλλα
978 1494 1069 1547 καὶ
1121 1495 1187 1547 τὰ
1252 1494 1411 1562 ἄνθη,
1459 1498 1548 1549 καὶ
1606 1497 1733 1557 τοὺς
1790 1496 2029 1571 καρποὺς

320 1578 739 1657 περιϐάλλεται.
788 1582 1195 1654 Παραπλησίως
1245 1581 1303 1637 δὲ
1349 1585 1439 1638 καὶ
1487 1590 1583 1639 τοῦ
1634 1586 1838 1661 χόρτου
1870 1585 2026 1646 ἄνθος

322 1680 440 1728 κατ’
474 1673 646 1727 ἐκεῖνο
704 1678 895 1748 καιροῦ
942 1677 1048 1727 τῶν
1100 1672 1323 1729 κόλπων
1382 1682 1483 1744 τῆς
1535 1683 1636 1749 γῆς
1691 1676 2027 1739 ἀναδίδοται,

320 1765 410 1817 καὶ
473 1764 722 1817 σκὲπεται
780 1763 995 1823 τούτοις
1051 1770 1122 1837 γῆ
1173 1781 1187 1794 ⁸
1245 1766 1333 1818 καί
1402 1766 1474 1825 ὡς

320 1847 677 1925 περιϐόλαιον
762 1852 1133 1928 ἀμφιέννυται.
1215 1854 1311 1909 Καὶ
1378 1854 1479 1929 γὰρ
1553 1853 2029 1927 ἐνδοξασθήσοντκι

322 1938 395 1996 δι’
426 1941 715 1997 αὐτοῦτοῦ
763 1942 869 1996 ἀπὸ
918 1963 981 2016 γε
1025 1948 1122 1997 τοῦ
1180 1947 1271 1997 νῦν
1326 1943 1728 2019 ἐνυπάρχοντος
1789 1946 2029 2021 ἆρῥητου

322 2031 525 2106 φωτὸς,
582 2029 675 2086 εἶτ’
723 2032 813 2085 οὗν
872 2034 953 2103 (2)
1006 2038 1107 2100 τῆς
1156 2036 1253 2086 τοῦ
1315 2032 1627 2105 Πνεύματος
1700 2033 1979 2107 δυνάμεως
2012 2055 2024 2067 ·

322 2117 457 2195 ὅπερ
514 2122 603 2175 ait
642 2122 767 2176 τότε
825 2120 969 2177 ἔσται
1032 2120 1220 2184 αὐτοῖς
1280 2120 1506 2194 ἔνδυμα,
1559 2125 1785 2197 βρῶσις,
1842 2124 2025 2190 πόσις,

322 2208 724 2285 ἀγαλλιασμὸς,
783 2210 950 2287 χαρὰ,
1002 2208 1220 2285 οἶρήνη,
1271 2212 1361 2265 καὶ
1416 2213 1478 2267 τὸ
1528 2217 1653 2282 πᾶν,
1711 2213 1824 2281 ζωὴ
1885 2212 2022 2267 αἰώ-

319 2319 459 2361 νιος.

390 2573 433 2608 ¹²
459 2573 578 2629 Act.
610 2589 727 2641 xw,
757 2573 845 2627 21.
925 2572 970 2608 1³
1001 2574 1135 2631 Luc.
1168 2590 1283 2641 xxx,
1315 2573 1372 2628 9.

390 2736 465 2807 (2)
495 2735 610 2792 Εἷ¹τ¹
642 2732 782 2811 οὗν.]
813 2739 874 2794 Id
909 2754 1040 2795 vero
1074 2738 1130 2794 in
1165 2738 1375 2795 mendo
1406 2738 1619 2795 cubare
1650 2738 1901 2796 videtur.

1549 1763 1821 1839 ἐμπρεπές
1893 1765 2029 1820 αὐτᾶ
2067 1797 2107 1860 Β

2146 511 2477 568 Dominus:
2515 516 2581 567 In.
2630 515 2899 585 patientia
2961 525 3139 573 uestra
3208 520 3552 589 possidebz'tis
3620 526 3837 579 animas

2141 610 2368 658 vestras.
2403 605 2471 657 Et
2506 621 2519 657 :
2550 606 2617 659 In
2645 606 2847 661 mundo
2874 606 3290 663 tribulationem
3314 612 3577 666 habebitis
3611 614 3675 668 ¹³.

2214 693 2365 747 189
2395 693 2599 749 XXIX.
2633 698 2858 761 Quanta
2883 698 3277 769 unusquisque
3301 706 3555 756 vestrum
3582 703 3692 757 ﬁde
3715 704 3839 759 dili-

2142 782 2451 851 gentiaque
2482 784 2693 854 dignus
2725 784 2898 839 fuerit
2934 785 3165 841 habitus
3205 790 3387 842 sancti
3433 791 3551 845 tieri
3587 792 3839 861 Spiritus

2144 872 2454 941 particeps,
2505 878 2660 928 tanta
2728 873 2837 944 ipsi
2884 890 3150 930 mensura
3197 877 3392 947 gloriae
3439 880 3730 951 continget
3780 883 3838 936 in

2142 960 2240 1014 illa
2288 962 2729 1016 resurrectionis
2778 962 2868 1018 die
2925 980 3133 1034 corpus
3181 965 3309 1035 ejus
3341 969 3627 1023 coronari.
3676 972 3837 1035 Quod

2142 1053 2294 1105 enim
2331 1068 2483 1106 nunc
2532 1052 2763 1123 collegit
2807 1053 2861 1107 in
2895 1053 3107 1121 anima,
3144 1059 3284 1109 tunc
3340 1057 3589 1112 exterius
3622 1059 3838 1113 revela-

2142 1145 2264 1195 tum
2310 1141 2603 1212 apparebit
2646 1145 2701 1196 in
2751 1160 3017 1213 corpore;
3068 1145 3235 1213 cujus
3267 1147 3433 1216 quasi
3474 1148 3843 1215 experimen-

2140 1234 2266 1284 tum
2310 1237 2409 1285 aut
2456 1230 2787 1301 exemplum
2838 1232 2961 1302 spei
2997 1238 3199 1300 capere
3236 1233 3365 1288 licet
3404 1250 3472 1289 ex
3508 1236 3834 1290 arboribus.

2142 1320 2336 1374 Hieme
2368 1319 2655 1390 siquidem
2694 1321 2811 1390 jam
2855 1327 3170 1387 transacta,
3216 1328 3271 1377 ct
3322 1323 3564 1379 laetiores
3595 1325 3839 1380 calidio-

2141 1425 2349 1480 resque
2400 1410 2616 1481 passim
2660 1411 3020 1465 diffundente
3069 1413 3267 1467 radios
3298 1413 3445 1481 sole;
3480 1430 3563 1479 ac,
3592 1431 3694 1485 pro
3728 1415 3841 1468 mi-

2139 1500 2268 1553 tiori
2331 1499 2593 1553 videlicet
2648 1504 2992 1569 tempestate
3055 1503 3213 1565 anni,
3284 1504 3470 1558 ventis
3536 1504 3834 1568 ﬂantibus,

2142 1588 2373 1644 trudunt
2440 1589 2549 1643 illae
2626 1591 2777 1644 foras
2847 1589 2982 1644 folia
3044 1595 3100 1646 et
3164 1592 3334 1647 ﬂores
3383 1602 3435 1648 et
3478 1595 3699 1648 fructus
3749 1594 3842 1648 in-

2138 1679 2356 1746 duunt;
2390 1679 2660 1733 similiter
2697 1685 2752 1733 et
2776 1680 2879 1733 flos
2913 1680 3043 1735 freni
3079 1696 3179 1749 per
3210 1683 3357 1736 idem
3390 1687 3620 1752 tempus
3649 1699 3678 1738 e
3706 1684 3838 1737 sinu

2139 1767 2363 1823 telluris
2423 1769 2736 1838 germinat,
2799 1770 3127 1840 tegiturque
3163 1771 3277 1824 illis
3328 1776 3498 1838 terra,
3559 1777 3615 1827 et
3663 1772 3839 1828 veluti

2142 1859 2347 1912 decoro
2399 1858 2575 1927 pallio
2611 1858 2884 1911 amicitur
2935 1874 2947 1912 :
3005 1859 3075 1913 ad
3123 1858 3297 1915 hunc
3326 1862 3562 1915 modum
3601 1867 3655 1917 et
3695 1879 3829 1918 cor-

2142 1963 2277 2015 pora
2328 1952 2663 2001 sanctorum
2735 1952 2873 2001 tunc
2923 1947 3337 2017 splendebant,
3390 1949 3541 2003 foras
3601 1951 3838 2005 demum

2140 2043 2478 2106 erumpente
2528 2035 2652 2089 luce
2700 2035 2820 2100 illa,
2871 2052 2998 2105 quas
3044 2036 3101 2089 in
3154 2036 3299 2105 ipsis
3356 2042 3478 2091 erat
3516 2037 3838 2105 ineffabili;

2140 2125 2402 2181 virtutem
2450 2127 2578 2181 dico
2628 2130 2685 2180 et
2732 2127 2979 2196 gratiam
3030 2127 3305 2197 spiritus;
3358 2144 3480 2197 quas
3511 2133 3650 2182 tunc
3692 2128 3841 2199 ipsis

2138 2216 2248 2270 erit
2324 2215 2523 2282 vestis,
2594 2230 2746 2277 esca,
2818 2225 3002 2286 potus,
3111 2217 3441 2279 exsultatio,
3537 2216 3839 2287 gaudium,

2139 2319 2247 2373 pax
2303 2320 2316 2359 :
2375 2308 2432 2359 et
2480 2313 2545 2359 ut
2590 2305 2764 2359 verbo
2828 2308 3039 2359 cuncta
3109 2321 3224 2359 uno
3289 2305 3664 2377 complectar,
3723 2306 3839 2360 vita

2137 2403 2370 2452 aeterna.

312 2916 3827 2947 Μ

939 3075 1873 3208 ΜΑΚΑΡΙΟΥ
1972 3078 2320 3207 ΤΟΥ
2419 3074 3254 3203 ΜΕΓΑΛΟΥ

1230 3336 1530 3430 ΠΕΡΙ
1611 3334 2204 3431 ΥΨΩΣΕΩΣ
2288 3332 2537 3429 ΤΟΥ
2616 3332 2947 3428 ΝΟοΣ

1920 3614 1925 3618 _
1967 3538 2213 3595 ΛΟΓΟΣ.

1044 3810 2161 3962 MACARII
2270 3807 3106 3961 MAGNI

1256 4077 1432 4189 DE
1504 4075 2329 4171 ELEVATIONE
2401 4076 2879 4170 MENTIS

1951 4268 2185 4329 LIBER

382 4556 459 4609 A'.
528 4557 735 4620 Μωσῆς
797 4553 825 4607 ὁ
888 4550 1153 4629 μακάριος
1228 4548 1471 4621 ὑπέδειξε
1528 4550 1694 4606 τύπον
1774 4549 1861 4606 διὰ
1917 4557 2092 4631 τῆςρ

313 4643 407 4692 τοῦ
465 4641 763 4713 προσώπου
825 4641 987 4696 αὐτοῦ
1070 4638 1494 4714 ἐπιλαμποόσης
1556 4645 1652 4696 τοῦ
1707 4640 2018 4712 Πνεῦματος

318 4724 497 4798 δόξης,
649 4728 827 4792 οὐδεὶς
866 4731 1166 4805 ἀνθρώπων
1215 4732 1451 4787 ἀτενίσαι
1501 4730 1746 4800 ἐδύνατο,
1796 4736 1912 4791 πῶς
1963 4730 2014 4785 ἐν

314 4822 378 4891 τῇ
430 4823 537 4872 τῶν
598 4819 822 4875 δικαίων
872 4822 1155 4878 ἀναστάσει
1210 4826 1277 4877 τὰ
1336 4825 1561 4894 σώματα
1628 4820 2016 4896 δογασθήσεται

312 4911 415 4961 τῶν
472 4908 635 4980 ἁγίων
675 4927 688 4939 ·
722 4910 789 4979 ἢν
848 4908 1003 4983 δόξαν
1062 4913 1168 4968 ἀπὸ
1218 4917 1314 4967 τοῦ
1379 4917 1466 4967 νῦν
1527 4910 1578 4966 ἒν
1626 4917 1704 4982 τῷ
1752 4910 1881 4966 εἷ’σω
1921 4911 2014 4965 ἆν-

315 4999 514 5071 θρώπῳ
562 4999 615 5052 αἱ
661 5000 846 5053 πισταὶ
902 5006 1010 5055 τῶν
1072 5002 1237 5076 ἁγίων
1284 5000 1429 5076 ἔχειν
1479 5003 1850 5072 καταξιοῦνται
1911 5004 2017 5074 ψυ-

313 5086 454 5165 χαί⁶
514 5088 708 5159 Ἡμεῖς
783 5088 906 5162 γὰρ,
993 5092 1177 5166 φησὶν,
1263 5090 1766 5163 ἀνακεκαλυμμένῳ
1834 5110 2011 5164 προσ-

313 5176 466 5249 ώπῳ,
525 5175 802 5231 τουτέστιν
858 5176 909 5231 ἐν
979 5182 1059 5249 τῷ
1132 5175 1237 5231 ἔσω
1324 5179 1612 5255 ἀνθρώπῳ,
1675 5181 1776 5248 τήν
1861 5176 2014 5248 δόξαν

312 5265 507 5339 Κυρίου
572 5266 1066 5341 κατοπτριζόμεθα,
1127 5266 1203 5327 εἷς
1267 5269 1367 5336 τήν
1438 5270 1607 5337 αὐτὴν
1665 5267 1846 5322 εἰκόνα
1908 5289 2011 5339 με-

309 5356 747 5431 ταμορφούμενοι
802 5354 911 5409 ἀπὸ
988 5352 1151 5425 δόξης
1217 5354 1292 5417 εἷς
1367 5354 1543 5428 δόξαν.
1612 5358 1744 5430 Περὶ
1817 5356 2012 5412 τούτου

313 5446 602 5521 γέγραπται
676 5446 865 5513 πάλιν,
941 5448 1338 5522 τεσσαράκοντα
1393 5469 1586 5509 νυκτας
1655 5448 1745 5503 καὶ
1802 5449 2014 5524 ἡμέρας

379 5628 424 5665 ¹⁴
452 5629 474 5686 I
503 5629 630 5688 Cor.
664 5647 749 5698 ιιι,
786 5632 875 5687 18,
959 5630 1004 5668 1⁵
1043 5630 1221 5686 Exod.
1253 5643 1407 5696 xxw,
1442 5630 1750 5697 18;xxx1v,
1778 5629 1867 5685 28.

2197 4554 2241 4610 Ι.
2301 4553 2511 4608 Beatus
2564 4552 2755 4609 Moses
2822 4552 3197 4608 subostendit
3269 4554 3535 4618 formam,
3600 4566 3698 4620 per
3744 4563 3833 4605 re-

2130 4642 2537 4713 splendentem
2593 4641 2653 4696 in
2720 4643 2847 4711 ejus
2895 4641 3053 4695 vultu
3133 4641 3383 4712 Spiritus
3456 4638 3722 4713 gloriam,
3770 4638 3831 4692 in

2128 4748 2305 4802 quam
2342 4731 2541 4786 nullus
2576 4732 2878 4785 hominum
2915 4736 3105 4800 posset
3129 4731 3449 4797 intendere,
3482 4729 3605 4797 ejus
3634 4727 3830 4795 gloriae

2127 4836 2244 4890 qua
2308 4819 2363 4873 in
2470 4822 2766 4891 justorum
2853 4820 3277 4874 resurrectione
3354 4815 3833 4889 gloriﬁcabuntur

2125 4926 2367 4980 corpora
2411 4922 2772 4965 sanctorum:
2806 4926 2922 4980 qua
2969 4908 3147 4980 gloria
3188 4924 3253 4963 ex
3323 4907 3431 4961 hoc
3481 4910 3738 4977 tempore
3767 4906 3825 4960 in

2124 5000 2381 5055 interiori
2427 5000 2663 5055 homine
2696 5005 3029 5055 sanctorum
3063 4999 3273 5055 anima
3294 5000 3477 5069 dignae
3517 4997 3825 5052 habentur.

2124 5090 2224 5144 Nos
2256 5089 2436 5155 enim,
2471 5091 2551 5142 ait
2578 5088 2909 5159 Apostolus,
2942 5089 3189 5143 revelata
3238 5088 3399 5155 facie,
3433 5085 3540 5139 hoc
3571 5092 3657 5139 est
3686 5085 3825 5138 inte-

2125 5180 2260 5233 riori
2293 5178 2553 5245 homine,
2576 5177 2820 5247 gloriam
2861 5176 3087 5234 Domini
3119 5176 3481 5248 speculantes,
3507 5177 3562 5229 in
3582 5172 3827 5229 eamdem

2122 5271 2421 5341 imaginem
2468 5270 2851 5338 trans/armati
2898 5287 2932 5324 a
2994 5270 3246 5324 claritate
3292 5270 3349 5321 in
3399 5267 3710 5320 claritatem
3760 5259 3825 5311 η.

2122 5360 2287 5415 Circa
2332 5360 2437 5415 boc
2487 5360 2771 5429 scriptum
2836 5365 2924 5413 est
2986 5376 3198 5413 rursus
3245 5374 3258 5411 :
3310 5360 3525 5409 Mosam
3576 5349 3825 5422 quadra-

2121 5452 2279 5524 ginta
2321 5450 2594 5506 noctibus
2624 5454 2680 5507 et
2710 5449 2953 5506 totidem
3002 5449 3207 5505 diebus
3256 5446 3323 5515 ‘5,
3356 5460 3459 5501 nec
3488 5441 3595 5498 sibi
3620 5437 3826 5495 memi-
