4130 6286
287 228 400 288 891

1619 226 1681 283 S.
1733 217 2056 284 MACARII
2101 210 2448 274 IEGYPTII

3681 223 3848 282 892

285 362 442 416 uisse
474 374 577 413 nec
610 361 800 428 potus,
844 357 995 426 quod
1030 356 1300 410 humanze
1341 357 1559 410 naturae
1592 356 1827 411 modum
1882 372 1979 410 ex-

2112 346 2186 407 τᾶς
2248 343 2364 404 ἷ¹σας
2423 344 2499 416 μὴ
2559 350 2768 420 τροφῆς
2833 347 3154 417 μνησθῆναι,
3218 347 3292 420 μή
3375 349 3612 417 πόσεως,
3665 351 3841 425 ὅπερ

284 450 478 502 cedit:
535 448 643 501 nisi
705 446 1028 515 spiritualis
1078 445 1370 516 impertita
1426 445 1533 516 ipsi
1601 461 1734 501 esca
1784 445 1973 511 fuerit,

282 538 518 601 QUalem
573 537 839 592 videlicet
896 538 1018 605 jam
1070 551 1222 589 nunc
1271 539 1481 589 sancta:
1545 535 1752 590 anima:
1803 534 1977 606 perci-

281 629 448 700 piunt
478 645 546 684 ex
575 629 806 699 spiritu.

356 812 425 864 Il.
479 809 722 863 Claritas
769 825 882 878 qua
924 807 1047 875 jam
1091 804 1229 859 hinc
1283 809 1617 859 sanctorum
1686 805 1983 860 abundant

285 901 516 964 animae,
567 899 664 952 illa
713 898 841 967 ipsa
883 909 1034 966 reget
1075 899 1131 950 et
1161 895 1395 950 amiciet
1439 897 1594 950 nuda
1643 912 1880 967 corpora
1922 896 1978 949 in

283 989 722 1048 resurrectione,
776 1003 840 1040 ac
892 992 1052 1054 rapta
1108 984 1165 1038 iu
1218 985 1392 1040 oculos
1446 985 1703 1052 auferet;
1757 995 1811 1040 et
1842 991 1981 1040 tunc

281 1078 362 1131 illi
410 1091 648 1146 corpore
698 1075 910 1146 pariter
958 1083 1007 1128 et
1055 1073 1251 1127 anima
1304 1074 1359 1127 in
1407 1072 1506 1127 Dei
1559 1090 1734 1143 regno
1803 1072 1982 1126 simul

282 1173 561 1239 perpetuo
594 1165 980 1235 requiescent.
1019 1165 1306 1218 Adamum
1337 1165 1553 1234 quippe
1600 1181 1804 1218 creaus
1828 1164 1981 1218 Deus

282 1257 403 1312 alas
436 1256 547 1326 ipsi
600 1272 924 1320 corporeus.
965 1252 1120 1307 velut
1167 1253 1394 1317 avibus,
1449 1269 1562 1306 non
1611 1253 1851 1316 indidit;
1887 1261 1983 1306 ul—

285 1354 409 1415 pote
432 1345 522 1398 cui
557 1345 674 1398 alas
707 1343 1056 1414 spirituales,
1081 1341 1294 1412 quibus
1331 1347 1459 1412 post
1501 1344 1980 1398 resurrectionem

281 1435 657 1500 attolleretur,
717 1440 772 1487 et
821 1439 1022 1503 raptus
1086 1447 1430 1503 quocunque
1498 1432 1666 1486 vellet
1718 1431 1978 1502 spiritus,

282 1527 459 1580 libere
503 1528 769 1588 ferretur,
805 1523 940 1576 dare
997 1523 1107 1591 ipsi
1161 1523 1510 1576 decreverat.
1547 1522 1661 1576 Has
1701 1523 1981 1591 spiritua-

286 1617 368 1670 les
398 1617 540 1680 alas,
593 1618 923 1667 sanctorum
968 1613 1275 1665 animabus
1316 1611 1438 1681 jam
1479 1618 1617 1665 tunc
1648 1615 1844 1665 datum
1893 1616 1982 1664 est

2091 435 2190 491 οὐκ
2255 433 2598 508 ἀνθρωπίνης
2644 435 2852 511 φύσεως
2908 433 3082 510 ἔργον,
3138 436 3183 490 εἷ
3245 439 3319 510 μή
3365 460 3416 492 τι
3467 437 3569 510 ἄρα
3625 447 3838 516 τοφῆς

2090 524 2366 580 ἐκοινώνει
2417 531 2791 596 πνευματικῆς
2825 545 2838 558 ⁸
2885 528 3056 596 ἧσπερ
3227 531 3316 582 καὶ
3369 529 3536 599 αὐτῆς
3567 530 3676 584 ἀπὸ
3708 534 3840 584 τοῦ

2092 620 2181 669 νῦν
2235 616 2289 668 αἱ
2344 616 2488 691 ἅγιαι
2528 615 2700 690 ψυχαὶ
2750 611 3256 689 μεταλαμϐάνουσιν
3298 618 3357 673 ἐκ
3401 624 3499 674 τοῦ
3549 629 3834 694 πνεῦμα-

2090 726 2197 768 τος.

2166 795 2242 850 Β’.
2296 796 2402 862 Τήν
2457 791 2610 864 δόξαν
2671 795 2731 862 ἣν
2790 792 3024 850 ἐντεῦθεν
3083 797 3138 850 αἱ
3214 802 3320 852 τῶν
3384 798 3552 873 ἁγίων
3623 799 3836 856 πλου-

2091 881 2240 938 τοῦσι
2294 884 2490 957 ψυχαὶ,
2558 881 2734 954 ἐκείνη
2794 883 3024 958 καλύψει
3078 886 3167 940 καὶ
3216 886 3571 960 ἀμφιάσειτὰ
3621 891 3834 962 γυμνὰ

2092 975 2318 1046 σώματα
2377 973 2428 1026 ἐν
2490 977 2558 1046 τῇ
2618 974 2922 1042 ἀναστάσει,
2980 977 3068 1030 καὶ
3138 975 3212 1038 εἷς
3269 977 3531 1050 οὐρανοὺς
3561 979 3833 1054 ἀνάρπα-

2094 1083 2189 1116 στα
2234 1064 2496 1132 ποιήσει·
2558 1063 2647 1116 καὶ
2700 1063 2822 1118 τότε
2874 1064 3068 1118 λοιπὸν
3130 1067 3342 1140 σώματι
3398 1068 3488 1122 καὶ
3541 1071 3696 1142 ψυχῇ
3766 1069 3830 1124 ἐν

2089 1157 2158 1227 τῇ
2221 1153 2473 1227 βασιλείᾳ
2530 1158 2663 1208 Θεοῦ
2722 1156 2834 1226 ἅμα
2888 1153 3150 1226 διηνεκῶς
3224 1159 3643 1218 ἀναπαύσονται.
3700 1163 3829 1217 Τὸν

2091 1245 2196 1319 γὰρ
2231 1242 2411 1315 Ἀδάμ
2465 1243 2647 1305 κτίσας
2692 1245 2719 1299 6
2770 1245 2898 1306 Θεὸς
2948 1248 3218 1321 πτέρυγας
3279 1249 3426 1324 αύτῷ
3487 1253 3826 1325 σωματικὰς

2093 1333 2166 1396 ὡς
2216 1337 2332 1396 τοῖς
2380 1339 2644 1393 πετεινοῖς
2695 1334 2794 1388 οὐκ
2840 1333 3108 1408 ἐνέθηκεν,
3144 1338 3233 1392 ἅτε
3280 1340 3378 1401 τὰς
3418 1346 3515 1395 τοῦ
3547 1343 3824 1413 Πνεύμα-

2089 1443 2182 1483 τος
2239 1423 2376 1476 κατὰ
2421 1424 2521 1491 τήν
2575 1423 2859 1477 ἀνάστασιν
2915 1425 3158 1499 παρέξειν
3215 1426 3361 1499 αὐτῷ
3421 1427 3664 1500 μέλλων,
3703 1429 3822 1485 τίνα

2091 1513 2416 1589 κουφίζηται
2467 1511 2537 1568 δι’
2598 1514 2770 1569 αὐτῶν
2840 1517 2929 1570 καὶ
3007 1518 3312 1592 ἁρπάζηται
3371 1520 3507 1575 ὅπου
3576 1524 3820 1585 πάντως

2089 1603 2151 1657 τὸ
2200 1607 2415 1675 Πνεῦμα
2465 1603 2780 1678 βούληται·
2833 1607 3028 1669 ταύτας
3084 1604 3139 1661 δὲ
3171 1607 3236 1662 τὰ
3290 1610 3493 1679 νοητὰς
3535 1612 3822 1687 πτέρυγας

284 1705 518 1767 habere,
560 1721 688 1772 quae
721 1704 788 1756 ad
821 1701 1108 1757 cmlestem
1143 1702 1301 1772 ipsas
1333 1703 1691 1756 transferunt
1721 1718 1977 1755 sensum.

2112 1698 2212 1754 ταῖς
2258 1698 2366 1747 τῶν
2410 1693 2578 1770 ἁγίων
2607 1699 2811 1770 ψυχαῖς
2861 1696 2966 1750 ἀπὸ
3007 1701 3104 1751 τοῦ
3150 1702 3241 1752 νῦν
3298 1695 3511 1754 δέδοται
3541 1699 3710 1776 ἔχειν,
3751 1702 3814 1756 αἱ

284 1795 746 1850 Christianorum
799 1797 952 1846 enim
993 1793 1161 1857 alius,
1213 1808 1382 1860 quam
1434 1803 1767 1846 ceterorum
1805 1808 1974 1845 orna-

285 1895 399 1953 Ius,
434 1884 544 1938 alia
577 1884 938 1944 indumenta,
968 1899 1166 1936 mensa
1215 1881 1354 1944 alia,
1386 1887 1443 1935 et
1495 1883 1608 1935 alia
1643 1882 1839 1935 fruitio
1871 1885 1977 1949 est,

285 1974 754 2046 quandoquidem
792 1989 821 2025 e
853 1972 1011 2026 caalis
1049 1977 1358 2026 venturum
1410 1973 1703 2025 Christum
1738 1970 1982 2036 scimus,

285 2064 699 2119 suscitaturum
757 2062 902 2115 I90
943 2077 1064 2128 eos,
1125 2059 1225 2131 qui
1276 2076 1341 2114 ex
1392 2061 1548 2114 omni
1582 2077 1698 2114 aevo
1730 2059 1977 2113 dormie-

282 2159 446 2218 runt;
495 2152 988 2223 quemadmodum
1039 2166 1217 2203 sacraa
1269 2149 1575 2218 Scriptura:
1628 2149 1837 2203 docent
1873 2163 1888 2202 :
1923 2149 1982 2203 in

284 2243 429 2297 duas
463 2248 655 2312 partes
678 2241 896 2295 dividet
929 2238 993 2306 ιδ,
1029 2243 1084 2293 et
1113 2255 1238 2309 quae
1280 2243 1623 2308 sequuntur.

358 2421 456 2476 Ill.
491 2421 710 2485 Quibus
741 2436 888 2474 curse.
920 2424 1007 2474 est
1044 2418 1383 2473 Christianae
1415 2419 1542 2474 vitae
1573 2418 1763 2473 ofﬁcia
1803 2432 1979 2489 quam

287 2513 505 2580 optimc
577 2509 776 2563 omnia
855 2509 1110 2578 exsequi,
1178 2525 1276 2563 eos
1346 2515 1479 2562 ante
1537 2508 1767 2577 quidvis
1832 2509 1985 2562 aliud

288 2605 535 2669 oportet,
570 2599 749 2667 partis
781 2599 1011 2664 animae,
1055 2613 1230 2667 quam
1283 2599 1640 2667 superiorem
1675 2601 1731 2649 et
1772 2597 1987 2665 praedo-

293 2691 604 2743 minautem
655 2695 878 2754 vocant,
927 2689 1335 2743 intellectualis
1384 2688 1650 2743 videlicet
1682 2704 1746 2743 ac
1779 2689 1987 2742 discre-

289 2781 441 2846 tivae,
530 2779 865 2848 diligentem
947 2779 1154 2833 habere
1221 2779 1532 2846 rationem;
1603 2786 1662 2832 ut
1721 2783 1988 2832 accurate

292 2867 429 2921 boni
480 2868 734 2936 malique
787 2867 1095 2920 biscrimen
1146 2866 1441 2932 facientes,
1493 2883 1596 2920 nec
1628 2883 1753 2936 quae
1786 2871 1992 2935 preter

294 2962 564 3012 naturam
599 2958 832 3012 invectis
859 2966 989 3010 sunt
1026 2958 1392 3025 CUpiditates,
1427 2964 1643 3010 naturae
1675 2974 1830 3027 purae
1861 2972 1989 3011 esse

285 3047 644 3117 judicantes,
677 3046 1029 3101 inoll‘ensum
1062 3049 1188 3101 vitm
1220 3057 1453 3101 cursum
1492 3045 1758 3116 habeant,
1795 3052 1990 3116 utpote

292 3136 389 3208 qui
441 3135 806 3191 discretionis
855 3134 1025 3189 veluti
1074 3137 1239 3190 oculo
1279 3136 1514 3190 utantur
1547 3141 1643 3190 :et
1673 3137 1764 3204 Qui
1819 3153 1851 3188 a
1884 3133 1989 3188 tal-

293 3227 457 3281 laciis
494 3226 790 3294 pravitatis
835 3228 1022 3280 securi
1074 3242 1201 3280 esse
1248 3227 1491 3296 possint.
1549 3228 1636 3280 Est
1685 3226 1836 3279 enim
1889 3241 1990 3279 vo—

293 3317 488 3371 luntas
557 3318 786 3382 animae,
855 3319 1118 3371 membra
1174 3317 1432 3387 corporis
1500 3329 1532 3372 a
1595 3329 1742 3371 DOXa
1800 3329 1994 3372 erran-

295 3409 442 3459 tium
489 3420 765 3458 sensuum
820 3405 1156 3472 incorrUpta
1206 3406 1458 3474 servari;
1509 3421 1687 3474 seque
1733 3406 1915 3474 ipsam
1963 3423 1996 3458 a

295 3494 498 3548 mundi
533 3493 966 3546 avocationibus
995 3510 1184 3547 arcere
1218 3509 1232 3546 :
1267 3494 1672 3562 custodireque
1712 3511 1808 3547 cor
1839 3509 1908 3547 ne
1935 3494 1993 3548 in

292 3583 580 3638 mundum
630 3583 905 3636 extendat
954 3583 1218 3637 membra
1266 3599 1506 3637 suarum
1540 3584 1999 3654 cogitationum;

294 3672 393 3726 sed
440 3687 503 3724 ea
557 3669 789 3740 colligat
831 3677 885 3724 et
915 3671 1301 3740 undecunque
1367 3672 1626 3725 restricta
1685 3672 1992 3739 contineat,

293 3763 362 3814 ab
410 3759 618 3813 humili
657 3776 796 3814 cura
854 3766 910 3814 et
972 3759 1269 3830 voluptate
1334 3776 1624 3815 coercens.
1691 3761 1996 3815 Enimvero

294 3850 392 3905 ubi
444 3850 728 3905 Dominus
795 3850 1045 3922 aliquem
1096 3852 1152 3905 id
1204 3851 1403 3906 sedulo
1453 3865 1716 3922 agentem
1771 3851 1994 3921 viderit,

293 3940 392 4006 sic,
447 3941 707 4010 inquam,
759 3948 1068 4005 attentum,
1131 3957 1472 4011 semperque
1538 3959 1663 3995 cum
1718 3947 1871 3996 metu
1931 3959 1994 3995 ac

291 4034 542 4085 tremore
593 4031 808 4085 servire
874 4031 985 4100 ipsi
1043 4039 1330 4100 paratum,
1402 4037 1672 4102 suggeret
1756 4031 1868 4102 ipsi
1927 4032 1994 4086 ad

294 4119 574 4174 ulteriora
626 4121 829 4191 gratim
869 4119 1178 4177 auxilium.
1229 4121 1413 4185 Quare
1472 4137 1602 4176 vero
1658 4121 1801 4175 Deus
1841 4119 1995 4175 ultro

293 4226 355 4264 se
408 4211 630 4264 mundo
681 4209 1047 4264 tradentibus
1092 4215 1147 4265 et
1183 4210 1510 4281 voluptates
1542 4211 1904 4265 sectantibus
1940 4211 1994 4265 id

290 4300 552 4354 faceret?

362 4386 450 4441 IV.
508 4388 833 4443 Prudentes
882 4389 988 4443 illae
1035 4390 1313 4460 virgines,
1361 4407 1487 4461 quae
1541 4389 1912 4461 peregrinum
1964 4407 1997 4444 a

2093 1783 2231 1855 πρὸς
2287 1784 2349 1838 τὸ
2409 1783 2654 1857 οὐράνιον
2712 1785 2878 1848 αὐτὰς
2939 1788 3283 1861 μεθορίζουσι
3342 1791 3618 1866 φρόνημα.
3668 1796 3816 1867 Χρι-

2094 1879 2321 1928 artavth
2369 1875 2474 1948 γὰρ
2531 1875 2738 1946 κόσμος
2795 1874 2990 1943 ἄλλος,
3041 1878 3128 1930 καὶ
3187 1876 3334 1933 ἄλλα
3382 1877 3816 1952 ἐνδύματαμιαί.

2090 1964 2327 2039 τράπεζα
2374 1961 2548 2033 ἄλλη,
2588 1965 2674 2018 καὶ
2736 1960 2880 2034 ἄλλη
2940 1964 3265 2028 ἀπόλαυσις.
3297 1968 3448 2023 Ἐπεὶ
3514 1970 3601 2024 καὶ
3645 1970 3816 2039 96p:-

2094 2053 2243 2106 νόθεν
2299 2051 2609 2106 ἐλεύσεσθαι
2669 2054 2760 2108 τὸν
2817 2055 3047 2128 Χριστὸν
3107 2053 3327 2128 οἴδαμεν
3380 2059 3674 2129 ἀναστῆσαί
3744 2082 3815 2116 τε

2098 2140 2224 2202 τοὺς
2269 2140 2328 2196 ἐκ
2373 2146 2469 2196 τοῦ
2509 2143 2704 2204 παντὸς
2757 2142 2956 2206 αἰῶνος
3006 2145 3467 2219 κεκοιμημένους,
3526 2151 3708 2211 καθὼς
3755 2153 3818 2205 αἱ

2100 2232 2237 2284 θεῖαί
2300 2237 2526 2309 Γραφαι,
2585 2233 2672 2286 καὶ
2732 2232 2809 2294 εἷς
2869 2231 2963 2288 δύο
3013 2237 3240 2300 τούτους
3303 2235 3556 2294 διελόντα
3632 2240 3807 2315 μέρη,

2101 2323 2190 2376 καὶ
2238 2323 2305 2376 τὰ
2335 2323 2479 2394 έξῆς.

2173 2415 2248 2469 Γ’.
2283 2415 2378 2474 Οἷς
2416 2413 2569 2487 μέλει
2599 2415 2690 2469 τὸν
2725 2420 2818 2468 τοῦ
2865 2421 3195 2491 Χρισνιανοῦ
3256 2420 3374 2494 βίον
3423 2422 3499 2484 ὡς
3539 2422 3820 2481 κάλλιστα

2102 2504 2424 2576 κατορθοῦν,
2479 2502 2694 2566 τούτοις
2752 2505 2840 2559 καὶ
2905 2509 3172 2580 προσήκει
3225 2511 3667 2587 προηγουμένως
3718 2520 3821 2570 τοῦ

2107 2589 2456 2662 διανοητικοῦ
2513 2615 2570 2647 τε
2627 2593 2717 2647 καὶ
2779 2595 3114 2670 διακριτικοῦ
3173 2600 3264 2652 καί
3317 2603 3648 2676 ἡγεμονικοῦ
3707 2602 3813 2676 μέ-

2109 2701 2232 2756 ρους
2263 2689 2362 2752 τῆς
2404 2686 2592 2758 ψυχῆς
2631 2681 2720 2738 διὰ
2749 2684 2926 2755 πάσης
2966 2687 3343 2758 ἐπιμελεῖσθαι
3382 2698 3476 2760 τῆς
3516 2690 3748 2759 σπουδῆς
3788 2713 3802 2726 ·

2100 2772 2188 2827 ’ίνα
2243 2774 2340 2840 τήν
2389 2777 2486 2826 τοῦ
2542 2773 2718 2828 καλοῦ
2771 2796 2828 2829 τε
2883 2775 2972 2830 καὶ
3030 2783 3199 2832 κακοῦ
3259 2777 3516 2854 διάκρισιν
3563 2779 3802 2856 ἀκριϐώ-

2109 2881 2312 2931 σαντες,
2350 2863 2439 2916 καὶ
2500 2861 2531 2916 ἃ
2588 2863 2733 2937 παρὰ
2781 2864 2936 2940 φύσιν
2989 2864 3292 2942 ἐπεισήχθη
3354 2871 3497 2939 πάθη
3552 2877 3648 2938 τῆς
3705 2893 3806 2926 κιχ-

2107 2954 2268 3025 θαρᾶς
2327 2949 2708 3026 ἀποκρίναντες
2756 2951 2985 3030 φύσεως,
3034 2955 3398 3030 ἀπροσκόπως
3459 2964 3554 3032 ζῇν
3605 2959 3810 3035 ἔχοιεν,

2105 3041 2180 3104 ὡς
2249 3040 2518 3118 ὀφθαλμῷ
2573 3046 2652 3113 τῷ
2716 3044 2812 3113 τῆς
2873 3041 3190 3119 διακρίσεως
3262 3047 3418 3120 μέλει
3474 3054 3803 3125 χρωμένοις,

2103 3131 2192 3184 καὶ
2253 3125 2533 3184 ἀσόνθετοι
2586 3131 2721 3205 πρὸς
2772 3133 2868 3193 τὰς
2924 3135 3024 3198 τῆς
3091 3137 3282 3198 κακίας
3356 3139 3606 3213 ἄφορμάς
3678 3142 3808 3211 εἷναι

2105 3216 2411 3292 δυνάμενοι.
2463 3225 2616 3274 ’Έστι
2674 3223 2775 3296 γὰρ
2835 3222 3051 3294 θέλημα
3077 3230 3145 3298 τῇ
3204 3229 3357 3301 ψυχῇ
3406 3229 3471 3282 τὰ
3518 3227 3660 3300 μέλη
3715 3234 3812 3286 τοῦ

2103 3310 2356 3382 σώματος
2394 3317 2494 3377 τῆς
2537 3314 2644 3364 τῶν
2693 3307 2990 3381 αἰσθήσεων
3048 3311 3262 3388 βλάϐης
3321 3314 3568 3391 ἄχραντα
3623 3342 3813 3393 συντη-

2106 3405 2238 3475 ρεῖν,
2299 3399 2544 3470 ἀπεῖρξαί
2598 3421 2655 3455 τε
2705 3401 2901 3470 ὲαυτήν
2961 3408 3069 3457 τῶν
3129 3409 3224 3459 τοῦ
3283 3408 3496 3478 κόσμου
3545 3430 3810 3484 περισπα-

2105 3494 2281 3562 σμῶν,
2313 3491 2401 3544 καὶ
2453 3488 2681 3568 φυλάξαι
2743 3493 2842 3559 τήν
2877 3491 3124 3567 καρδίαν,
3157 3500 3256 3550 τοῦ
3288 3499 3364 3569 μὴ
3407 3495 3676 3571 έξαπλοῦν
3730 3506 3807 3573 τῷ

2103 3579 2296 3652 κόσμῳ
2326 3579 2392 3632 τὰ
2427 3577 2567 3650 μέλη
2595 3584 2701 3633 τῶν
2749 3581 2919 3650 αὑτῆς
2968 3581 3276 3657 λογισμῶν,
3334 3585 3480 3642 ἀλλὰ
3535 3591 3811 3669 περισφίγ.

2102 3690 2214 3744 γειν
2270 3669 2406 3722 αὐτὰ
2465 3669 2722 3724 πάντοθεν
2778 3671 2866 3724 καὶ
2928 3679 3173 3747 συνέχειν
3227 3677 3588 3749 χαμαιζήλου
3661 3682 3804 3754 μερί.

2109 3775 2248 3834 μνης
2313 3760 2401 3814 καὶ
2461 3758 2688 3830 ἡδονῆς.
2747 3760 2994 3843 Ἐπειδὰν
3057 3763 3147 3818 οῦν
3204 3767 3230 3820 6
3286 3768 3481 3838 Κύριος
3540 3767 3629 3843 ἴδῃ
3697 3773 3808 3826 τινα

2102 3848 2270 3922 ταύτῃ
2320 3845 2599 3924 διάγοντα,
2659 3851 2748 3904 καὶ
2799 3841 2970 3913 οὕτως
3025 3847 3210 3907 ἑαυτὸν
3270 3841 3617 3929 ἀκριϐοῦντα,
3660 3854 3806 3933 φόϐῳ

2102 3959 2159 3992 τε
2216 3939 2303 3991 καὶ
2369 3937 2561 4013 τρόμῳ
2612 3937 2887 3994 δουλεύειν
2954 3941 3100 4013 αὐτῷ
3149 3945 3504 4017 προθέμενον,
3561 3945 3805 4022 έπορέγει

2103 4027 2191 4081 καὶ
2241 4028 2341 4096 τὴν
2399 4027 2458 4081 ἐκ
2510 4035 2610 4097 τῆς
2669 4027 2832 4083 αὐτοῦ
2891 4030 3118 4103 χάριτος
3173 4031 3506 4106 ἐπικουρίαν.
3560 4036 3705 4091 Ἐπεί
3751 4038 3800 4090 τί

2103 4117 2378 4187 ποιήσειεν
2414 4117 2440 4170 ὁ
2492 4115 2620 4179 Θεὸς
2669 4123 2748 4186 τῷ
2788 4119 2964 4174 έκοντί
3004 4125 3083 4190 τῷ
3129 4121 3321 4196 κόσμῳ
3371 4123 3555 4179 ἑαυτὸν
3617 4123 3804 4201 ἐκπαρ-

2105 4205 2328 4279 έχοντα,
2386 4205 2475 4259 καὶ
2545 4205 2722 4261 ὀπίσω
2800 4211 2910 4262 τῶν
2976 4207 3188 4277 ἡδονῶν
3258 4213 3423 4267 αὐτοῦ
3505 4215 3800 4288 πορευόμε-

2103 4316 2191 4349 νον
2229 4314 2242 4364 ;

2178 4385 2249 4442 Δ’.
2311 4386 2376 4441 A't
2421 4389 2658 4460 νήψασαι
2716 4388 2873 4441 πέντε
2929 4389 3183 4462 παρθένοι
3219 4388 3440 4459 ἐκεῖναι,
3472 4393 3550 4446 καί
3603 4392 3663 4445 τὸ
3709 4391 3789 4460 ξέ-

291 4494 397 4531 sua
432 4478 692 4548 ipsarum
728 4490 930 4534 natura
977 4479 1166 4534 oleum
1220 4480 1400 4551 (quod
1440 4484 1528 4535 est
1569 4480 1823 4550 Spiritus
1865 4496 1988 4551 gra-

2112 4495 2194 4528 νον
2235 4480 2333 4542 τῆς
2395 4475 2596 4529 ἑαυτῶν
2647 4496 2856 4552 φυσεως
2903 4474 3088 4532 ἔλαιον
3123 4478 3176 4534 ἐν
3221 4486 3338 4542 τοῖς
3372 4480 3602 4556 ἀγγείοις
3631 4499 3788 4555 παρα·

289 4567 390 4637 tia)
440 4569 497 4621 in
561 4569 713 4624 vasis
770 4568 962 4625 cordis
1017 4575 1529 4641 praasumpserant,
1580 4575 1890 4640 potuerunt
1939 4569 1995 4622 in

289 4657 615 4713 thalamum
675 4660 850 4716 simul
883 4660 1100 4715 intrare
1145 4677 1274 4715 cum
1310 4676 1547 4731 sponso.
1581 4659 1714 4713 Aliae
1751 4675 1878 4713 vero
1925 4659 2000 4712 fa-

288 4751 402 4801 tuae
436 4754 491 4801 et
533 4749 721 4817 malae,
753 4766 818 4804 ea
852 4750 958 4804 sivi
993 4751 1261 4805 sufﬁcere
1293 4752 1594 4817 ducentes,
1629 4766 1756 4820 quas
1790 4752 2000 4803 natura

291 4834 436 4906 ipsis
489 4838 893 4907 suppeditabat
952 4857 1076 4906 sua,
1126 4839 1309 4909 iisque
1361 4845 1664 4910 propterea
1695 4843 1999 4906 contentae,

291 4922 448 4979 omni
500 4924 889 4982 sollicitudine
938 4928 1156 4982 omissa
1196 4926 1421 4996 supinae
1470 4927 1766 4982 securitati
1812 4943 1873 4981 se
1907 4927 2004 4981 de-

296 5013 528 5079 derunt,
580 5031 772 5085 neque
819 5019 974 5088 quod
1027 5019 1371 5083 debuerant,
1416 5018 1768 5073 studuerunt
1808 5018 1999 5072 oleum

296 5103 452 5158 istud
486 5103 697 5159 laetitias
729 5106 786 5160 in
820 5108 971 5163 vasis
993 5110 1183 5163 cordis
1206 5107 1463 5178 ipsarum
1491 5122 1875 5180 praesumere:
1902 5107 2002 5162 sed

289 5191 445 5248 velut
484 5195 924 5251 obdormieruut
1000 5213 1101 5268 per
1147 5197 1435 5253 incariam
1479 5203 1898 5268 torporemque
1938 5212 2002 5251 ac

294 5282 706 5340 conﬁdentiam
738 5286 982 5355 justitiae
1014 5290 1278 5358 propriae.
1331 5286 1412 5341 Ob
1443 5286 1599 5358 quod
1630 5290 1794 5356 regni
1821 5284 2005 5340 thala-

293 5387 424 5429 mus
465 5375 611 5448 ipsis
663 5379 936 5434 occlusus
986 5382 1095 5433 est.
1150 5376 1524 5434 Manifestum
1571 5377 1727 5432 enim
1780 5381 1923 5447 erat,
1973 5393 2008 5432 a

361 5555 407 5593 ¹⁶
437 5555 645 5615 Matth.
678 5574 806 5628 xxv,
837 5559 927 5617 32.

2108 4557 2372 4620 λαϐοῦσαι
2405 4571 2502 4633 τῆς
2562 4562 2810 4636 καρδίας,
2859 4570 3019 4622 τοῦτο
3073 4565 3128 4623 δὲ
3185 4572 3218 4638 ὴ
3280 4571 3442 4645 χάρις
3499 4575 3593 4625 τοῦ
3649 4567 3804 4624 [1νεῦ-

2112 4674 2302 4726 ματος,
2363 4651 2695 4724 ἐδυνήθησαν
2758 4655 2832 4717 εἷς
2888 4657 2979 4711 τὸν
3033 4663 3298 4736 νυμφῶνα
3350 4658 3702 4715 συνεισελθεῖν
3733 4667 3803 4734 τῷ

2105 4745 2340 4820 νυμφίῳ.
2402 4744 2466 4798 Δί
2526 4741 2694 4798 ἄλλαι
2755 4742 2811 4799 δὲ
2866 4745 2919 4800 αἱ
2985 4750 3187 4822 μωραὶ,
3250 4749 3301 4803 αἱ
3356 4750 3538 4819 κακαὶ,
3575 4755 3643 4825 τῇ
3703 4749 3805 4824 ίδίᾳ

2108 4833 2262 4910 φύσει
2324 4832 2768 4904 ἐναπομείνασαι,
2829 4831 2927 4888 οὐκ
2985 4829 3207 4910 ἕνηψαν,
3266 4835 3394 4892 οὐδὲ
3450 4840 3587 4894 κατὰ
3645 4861 3804 4896 σπου-

2110 4920 2210 4992 δῆς
2254 4920 2416 4997 ἔσγξον
2460 4923 2524 4977 τὸ
2572 4920 2789 4977 τοιόνδε
2833 4931 2930 4993 τῆς
2972 4923 3349 5001 ἀγαλλιάσεως
3389 4921 3573 4983 ἔλαιον
3618 4929 3801 4993 εἰςτὰς

2111 5013 2312 5068 ἑαυτῶν
2347 5009 2568 5086 καρδίας
2618 5011 2956 5087 παραλαϐεῖν
2988 5035 3000 5048 ⁸
3061 5014 3190 5071 ἀλλ’
3248 5019 3408 5073 οἱονεὶ
3470 5020 3804 5097 ἀφόπνωσαν,

2113 5100 2182 5156 δι’
2241 5101 2497 5176 ἀμέλειάν
2540 5124 2598 5156 τε
2646 5105 2736 5157 καὶ
2787 5109 3120 5179 χαυνότητα,
3163 5106 3254 5160 καὶ
3306 5105 3649 5176 δικαιοσύνης
3694 5109 3806 5181 οἴη-

2114 5213 2193 5247 σιν
2237 5212 2249 5226 ⁸
2309 5194 2436 5266 παρ’
2484 5193 2512 5246 ’ὀ
2570 5192 2659 5246 καὶ
2720 5195 2747 5248 ὁ
2800 5194 3026 5268 νυμφὼν
3086 5197 3277 5261 αὐταῖς
3334 5197 3670 5269 ἀπεκλείσθη
3723 5208 3813 5270 τῆς

2115 5281 2417 5357 βασιλείας.
2480 5280 2664 5349 Δῆλον
2723 5284 2822 5359 γὰρ
2882 5282 2963 5339 ὅτι
3025 5282 3208 5359 δεσμῷ
3263 5308 3367 5342 τινι
3441 5291 3538 5343 τοῦ
3617 5290 3813 5362 κόσμου

2111 5372 2202 5428 καὶ
2271 5373 2428 5451 φιλίᾳ
2489 5373 2743 5450 γεγόνασι
2818 5375 3090 5446 καθεκταὶ,
3166 5379 3358 5434 καθότι
3438 5379 3538 5448 τήν
3619 5380 3817 5456 ἀγάπην
