4130 6286
271 347 402 410 893

1395 344 1632 405 LIBER
1673 343 1775 404 DE
1819 339 2331 405 ELEVATIONE
2376 341 2700 402 MENTIS.

3690 345 3806 404 894

271 481 460 536 αὐτῶν
523 479 738 552 ἔντελῆ,
811 479 902 535 καὶ
959 481 1051 536 τὸν
1125 473 1300 549 ἔρωτα
1383 476 1462 551 τῷ
1547 475 1847 550 ἐπουρανίῳ
1908 475 1978 548 μὴ

2105 479 2365 547 partibus
2397 493 2495 533 eas
2528 476 2730 531 mundi
2773 480 2947 542 stare,
2982 475 3064 532 illi
3105 477 3322 532 defixus
3368 479 3612 548 quodam
3645 482 3811 548 quasi

273 575 564 647 παρέσχον
613 571 833 647 νυμφίῳ
862 588 876 600 ⁸
917 570 1005 624 καὶ
1047 569 1147 644 γὰρ
1208 570 1262 623 αἱ
1311 569 1373 622 τὸ
1425 568 1565 638 ξένον
1623 574 1722 636 τῆς
1783 565 1994 645 φύσεως

274 661 380 715 τὸν
413 661 678 737 ἁγιασμὸν
731 665 924 715 τοῦτον
979 663 1240 728 ζητοῦσαι
1289 659 1464 732 ψυχαὶ
1513 661 1608 711 τοῦ
1659 657 1992 727 Πνεύματος,

281 748 428 820 ὅλην
493 751 593 818 τήν
658 749 876 826 ἀγάπην
941 747 1116 803 αὐτῶν
1183 747 1501 820 έξάπτουσαι
1585 751 1663 818 τῷ
1752 747 1992 818 Χριστῷ,

281 838 404 894 ἐκεῖ
465 843 877 914 περιπατοῦσιν,
946 836 1057 892 ἐκεῖ
1121 833 1397 912 εὔχονται,
1465 831 1578 891 ἕκεῖ
1661 833 1992 910 λογίζονται,

283 927 402 982 ἐκεῖ
433 927 725 1001 μελετῶσι,
757 927 973 982 πάντων
1013 925 1314 981 ἀποστᾶσαι
1351 929 1457 980 τῶν
1505 923 1713 981 ἄλλων.
1765 925 1829 979 Αἱ
1891 925 1992 999 γάρ

278 1017 446 1072 πέντε
483 1024 582 1086 τῆς
633 1020 819 1092 ψυχῆς
868 1015 1165 1085 αἰσθήσεις,
1218 1016 1451 1083 σύνεσις,
1503 1019 1726 1090 γνῶσις,
1777 1011 1994 1087 διακρι-

279 1127 390 1176 σις,
439 1107 716 1180 ὑπομονὴ,
766 1104 943 1176 ἔλεος,
1003 1104 1062 1158 ἃν
1119 1106 1216 1173 τήν
1278 1103 1478 1159 ἄνωθεν
1539 1107 1700 1178 χάριν
1757 1103 1846 1156 καὶ
1903 1103 1992 1157 τὸν

276 1198 552 1272 ἂγιασμὸν
608 1202 710 1252 τοῦ
762 1196 1075 1268 Πνεὺματος
1144 1194 1424 1266 δέξωνται,
1471 1197 1557 1250 καὶ
1613 1195 1873 1273 φρόνιμοι
1922 1197 1990 1267 τῇ

277 1286 522 1359 ἀληθείᾳ
586 1285 842 1361 παρθένοι
910 1284 1168 1341 ἔσονται.
1214 1286 1259 1340 εί
1319 1283 1377 1340 δὲ
1440 1289 1508 1358 τῇ
1578 1285 1728 1362 φύσει
1789 1285 1992 1338 ἑαυτῶν

277 1376 783 1453 ἰγκαταλειφθιῖεν,
817 1376 996 1450 μωραὶ
1025 1380 1106 1448 τῷ
1136 1372 1245 1430 ὄντι
1297 1374 1656 1449 εὑρίσκονται,
1705 1374 1796 1428 καὶ
1835 1374 1990 1428 τέκνα

278 1467 442 1521 οὖσαι
471 1471 568 1521 τοῦ
598 1467 811 1540 κόσμου
852 1463 1169 1522 δείκνυνται.

363 1739 434 1790 Ε’.
493 1737 696 1807 Ὥσπερ
761 1735 914 1805 ξένην
976 1741 1078 1802 τῆς
1143 1734 1351 1810 φύσεως
1416 1736 1576 1808 ἡμῶν
1638 1736 1738 1798 τήν
1803 1734 1990 1788 κακίαν

2104 569 2369 622 amicitiae
2430 566 2682 635 vinculo,
2714 584 2840 636 quae
2899 567 3004 621 fuit
3064 583 3238 622 causa
3283 585 3388 621 cur
3426 575 3607 622 totum
3641 575 3697 623 et
3731 570 3812 623 in-

2105 663 2326 726 tegrum
2390 673 2645 711 amorem
2698 672 2866 710 suum
2917 674 3147 711 sacrare
3206 675 3416 728 sponso
3470 660 3524 711 in
3558 659 3808 714 solidum

2107 747 2487 816 nequiverint.
2524 747 2634 800 Sed
2672 746 2781 799 illze
2844 752 3213 817 peregrinum
3251 765 3283 802 a
3313 759 3516 803 natura
3549 747 3808 819 ipsarum

2103 836 2344 904 bonum,
2402 835 2947 904 sanetiticationem,
3016 837 3278 906 inquam,
3325 838 3575 908 Spiritus
3651 856 3806 909 quaa-

2102 930 2314 993 rentes,
2351 931 2528 979 totam
2571 941 2737 979 suam
2795 925 3014 979 Christo
3076 919 3387 980 ai'fiitcrunt
3444 927 3806 1010 charitalem,

2102 1014 2180 1068 ibi
2231 1026 2665 1081 conversantur,
2707 1013 3031 1080 ambulant,
3081 1024 3281 1081 orant;
3317 1015 3397 1069 ibi
3448 1018 3796 1073 ratiocinan-

2100 1106 2233 1171 tur;
2268 1104 2345 1157 ibi
2399 1105 2766 1164 meditantur,
2801 1104 2870 1157 ab
2903 1103 3033 1158 aliis
3079 1105 3349 1158 omnibus
3392 1123 3622 1160 aversae.
3660 1108 3802 1162 Nam

2099 1209 2354 1263 quinque
2375 1195 2582 1248 animus
2615 1209 2844 1260 sensus,
2882 1193 2976 1260 qui
3026 1198 3165 1247 sunt
3207 1210 3220 1247 :
3270 1195 3598 1263 prudentia,
3632 1197 3804 1250 intel-

2100 1281 2358 1354 ligentia,
2407 1286 2696 1353 discretio,
2743 1283 3020 1352 patientia
3061 1293 3118 1338 et
3159 1285 3577 1354 misericordia,
3612 1287 3659 1340 si
3720 1305 3807 1345 su-

2099 1388 2296 1442 perme
2325 1372 2570 1442 gratiam
2600 1379 2655 1427 et
2705 1373 3221 1427 sanctiﬁcationem
3274 1375 3526 1445 Spiritus
3567 1394 3806 1446 accepe-

2096 1462 2232 1529 rint,
2261 1463 2400 1516 ﬁent
2465 1465 2716 1533 virgines
2767 1480 2896 1518 vere
2947 1465 3260 1534 prudentes
3306 1481 3318 1519 :
3380 1465 3428 1520 si
3502 1474 3694 1521 autem
3748 1467 3803 1522 in

2097 1557 2302 1606 natura
2333 1553 2597 1624 ipsarum
2633 1553 3060 1623 relinquantur,
3096 1553 3264 1607 fatua:
3312 1554 3605 1610 verissime
3639 1572 3808 1626 repe—

2097 1642 2448 1709 riuntur;et
2501 1643 2703 1696 merito
2747 1649 3124 1696 accensentur
3180 1643 3314 1697 filiis
3349 1644 3524 1714 hujus
3584 1645 3804 1700 szeculi.

2169 1728 2235 1782 V.
2272 1729 2454 1783 Sicuti
2490 1730 2776 1799 hospitem
2829 1737 3054 1784 natura;
3091 1738 3302 1784 nostrae
3364 1732 3671 1800 malitiam,
3709 1751 3810 1804 per

279 1823 469 1890 οὖσαν,
506 1822 594 1878 διὰ
643 1823 699 1878 δὲ
740 1832 839 1893 τῆς
887 1820 1240 1898 παραϐάσεως
1279 1827 1377 1880 τοῦ
1425 1826 1645 1897 πρώτου
1693 1823 1978 1901 παρεισδῦ-

2100 1817 2272 1887 primi
2324 1821 2841 1888 transgressionem
2906 1820 3155 1873 hominis
3211 1820 3268 1874 in
3312 1838 3416 1875 nos
3469 1838 3696 1893 peregre
3731 1825 3808 1876 in-

279 1934 381 1968 σαν
437 1914 722 1987 ἀνθρώπου
783 1911 1197 1986 κατεδεξάμεθα,
1258 1913 1414 1992 φύσιν
1471 1917 1606 1987 ἡμῖν
1656 1919 1733 1986 τῷ
1799 1915 1988 1993 χρόνῳ

274 2004 577 2076 καθαπερει
627 2005 995 2077 γεννωμένην.
1057 2002 1210 2058 Οὕτω
1271 2002 1336 2073 δὴ
1399 2005 1488 2058 καὶ
1548 2003 1637 2059 διὰ
1690 2008 1786 2058 τοῦ
1843 2002 1991 2074 ξένου

275 2092 484 2148 τούτου
530 2099 632 2162 τῆς
683 2095 953 2167 ἡμετέρας
1001 2095 1232 2172 φύσεως,
1275 2101 1376 2163 τῆς
1427 2093 1768 2168 ἐπουρανίου,
1822 2098 1988 2171 φημὶ,

269 2185 381 2238 τοῦ
459 2181 771 2255 Πνεὺματος
863 2180 1119 2257 δωρεᾶς,
1217 2185 1746 2256 ἀποσκορακισθῆναι
1826 2183 1991 2239 πάλιν

274 2272 456 2339 αὐτὴν
513 2278 613 2340 τῆς
672 2270 940 2347 ἡμετέρας
999 2275 1267 2346 προσήκει
1307 2275 1536 2351 φύσεως,
1600 2274 1689 2328 καὶ
1755 2273 1830 2336 εἷς
1892 2275 1990 2342 τὴν

274 2360 518 2435 ἀρχαίαν
587 2363 733 2433 ἡμᾶς
801 2363 1170 2436 καθαριότητα
1234 2369 1586 2432 καταστῆναι.
1657 2365 1745 2425 Ὣς
1806 2364 1851 2418 εἰ
1913 2365 1988 2436 μή

269 2454 444 2504 τοῦτο
474 2454 543 2523 τῇ
574 2447 763 2522 πολλῇ
807 2448 986 2520 δεήσει
1027 2451 1117 2505 καὶ
1167 2450 1365 2517 πίστεί,
1415 2455 1693 2527 προσοχῇ,
1743 2452 1832 2506 καὶ
1882 2457 1988 2506 τῶν

268 2542 381 2596 τοῦ
447 2537 659 2611 κόσμου
734 2537 1052 2615 ἂποστροφῇ
1131 2537 1366 2615 γένοιτο,
1455 2539 1544 2594 καί
1605 2543 1638 2609 ἡ
1711 2542 1990 2612 μιανθεῖσα

271 2630 421 2704 πρὸς
451 2636 552 2697 τῆς
600 2629 790 2691 κακίας
842 2630 998 2705 φύσις
1051 2631 1239 2704 ἡμῶν,
1290 2630 1394 2685 ὑπὸ
1442 2638 1542 2699 τῆς
1595 2628 1812 2708 ἀγάπης
1863 2627 1990 2685 ἐκεί-

272 2737 403 2787 νης,
463 2717 585 2787 ἥτις
644 2720 672 2772 ὁ
733 2717 928 2794 Κύριός
976 2718 1139 2790 ἐστιν,
1183 2719 1492 2794 ἁγιασθείη,
1541 2719 1631 2775 καὶ
1700 2720 1866 2796 μέχρι
1912 2719 1992 2774 τέ-

275 2808 418 2869 λους
478 2805 720 2862 ἄπτωτοι
788 2806 1155 2883 διαμείνωμεν
1212 2812 1318 2864 τῶν
1379 2806 1615 2865 ἐντολῶν
1662 2810 1831 2864 αὐτοῦ
1881 2812 1988 2863 τῶν

273 2899 440 2954 θείων
487 2899 976 2972 μεταποιούμενοι,
1014 2904 1112 2966 τῆς
1156 2899 1478 2978 ἐπουρανίου
1542 2900 1820 2976 βασιλείας
1872 2898 1987 2954 ἐπι-

274 2991 469 3062 τυχεῖν
496 2988 557 3042 οὑ
592 2985 886 3060 δυνάμεθα.

356 3075 451 3150 ς’.
490 3077 698 3131 Λεπτόν
745 3097 866 3131 τινα
921 3079 1008 3132 καὶ
1072 3079 1236 3152 βαθὺν
1296 3077 1466 3156 λόγον
1529 3079 1666 3133 κατὰ
1729 3079 1798 3133 τὰ
1863 3078 1985 3150 ἐμοὶ

2099 1915 2320 1963 trusam
2354 1908 2699 1963 admisimus
2734 1926 2747 1975 ;
2784 1925 2988 1962 novam
3040 1909 3209 1979 quasi
3244 1917 3513 1964 naturam
3549 1913 3607 1966 in
3640 1914 3805 1967 nobis

2095 2015 2260 2052 mora
2289 2003 2345 2052 et
2377 2015 2488 2052 usu
2534 1998 2690 2069 longi
2758 1999 3041 2068 temporis
3101 2005 3433 2068 operatam;
3467 2002 3543 2054 ita
3577 2019 3676 2072 per
3706 2005 3804 2057 ino-

2093 2102 2225 2155 spes
2256 2101 2485 2156 quoque
2535 2086 2688 2140 istud
2750 2092 2958 2140 nostrae
3011 2092 3234 2141 natura
3296 2088 3511 2142 bonum
3564 2090 3803 2157 (donum

2093 2176 2220 2230 dico
2279 2175 2530 2246 Spiritus
2579 2177 2854 2245 caelestis)
2879 2177 3080 2246 ejicere
3142 2177 3397 2232 vicissim
3457 2181 3726 2234 convenit
3775 2197 3804 2234 e

2092 2271 2293 2322 nostra
2351 2272 2560 2321 natura
2625 2276 2838 2337 pestem
2888 2267 3073 2336 illam,
3106 2271 3161 2321 et
3220 2271 3276 2322 in
3325 2269 3653 2338 primaevam
3701 2287 3803 2325 nos

2091 2359 2394 2412 restituere
2429 2358 2762 2428 puritatem.
2797 2358 3021 2412 Etenim
3082 2357 3197 2412 nisi
3233 2360 3412 2412 multa
3445 2359 3708 2415 oratione
3745 2365 3802 2416 et

2095 2447 2226 2515 fide,
2264 2447 2450 2500 multa
2483 2449 2816 2510 attentione,
2849 2452 2906 2501 et
2958 2465 2990 2501 a
3048 2449 3219 2501 rebus
3251 2450 3450 2502 mundi
3484 2450 3807 2518 aversione,

2094 2552 2544 2605 consequamur,
2599 2542 2661 2591 ut
2710 2537 2929 2607 polluta
3001 2537 3356 2593 immisrione
3411 2539 3649 2594 malitia)
3707 2559 3807 2595 na-

2095 2631 2224 2681 tura
2257 2631 2478 2690 nOstra,
2515 2627 2586 2680 ab
2636 2627 2736 2682 illa
2769 2627 3070 2691 charitate,
3104 2645 3231 2698 quea
3277 2628 3428 2684 Deus
3459 2635 3564 2692 est,
3595 2630 3810 2684 sancti-

2095 2717 2335 2782 ficetur;
2371 2720 2426 2770 et
2449 2716 2521 2771 ad
2563 2716 2739 2771 ﬁnem
2793 2731 2976 2787 usque
3036 2717 3162 2772 sine
3218 2718 3430 2773 offensa
3477 2735 3814 2789 permanse-

2093 2807 2280 2862 rimus
2339 2807 2396 2861 in
2459 2807 2627 2877 plena
2681 2817 2733 2862 et
2791 2814 2986 2862 exacta
3037 2808 3360 2864 divinorum
3397 2811 3523 2880 ejus
3555 2813 3810 2866 observa.

2094 2898 2251 2954 tione
2311 2897 2743 2965 mandatorum,
2786 2898 3036 2953 cceiestis
3104 2896 3267 2970 regni
3327 2907 3622 2971 compotes
3683 2919 3810 2957 esse

2094 3001 2209 3042 non
2245 2991 2592 3058 poterimus.

2173 3078 2320 3131 I9]
2378 3076 2471 3131 Vi.
2534 3077 2817 3132 Subtilem
2897 3080 3213 3149 quamdam
3267 3080 3811 3151 abstrusioremque

276 3167 498 3236 δυνατὰ,
560 3165 790 3221 διελθεῖν
873 3165 1169 3242 βούλομαι.
1239 3173 1628 3239 Σωματοποιεῖ
1701 3167 1886 3222 ἑαυτὸν
1957 3166 1978 3220 ό

2099 3167 2450 3231 doctrinam,
2488 3179 2646 3235 prout
2685 3173 2902 3236 potero,
2937 3184 3221 3236 exponere
3273 3169 3364 3222 hic
3426 3171 3571 3223 volo.
3601 3169 3662 3222 ln
3696 3186 3810 3223 cor-

275 3253 502 3330 ἅπειρος
550 3255 639 3309 καὶ
691 3255 980 3327 ἀσώματος
1043 3255 1240 3330 Κύριος
1288 3253 1377 3309 διὰ
1424 3255 1781 3329 χρηστότητα
1838 3252 1986 3308 ἄπει-

279 3361 400 3418 ρον,
457 3345 549 3397 καὶ
608 3347 910 3417 σμικρύνει,
970 3344 1045 3407 ὡς
1101 3342 1160 3397 ἄν
1220 3360 1303 3406 τις
1356 3345 1510 3422 φαίη,
1571 3345 1598 3398 ὁ
1661 3345 1824 3416 μέγας
1891 3343 1980 3398 καὶ

281 3431 630 3505 ὑπερούσιος,
681 3437 778 3487 τοῦ
840 3431 1137 3503 δυνηθῆναι
1195 3438 1316 3494 τοῖς
1372 3439 1584 3508 νοεροῖς
1654 3434 1819 3487 αὐτοῦ
1871 3431 1985 3487 κτί-

281 3537 451 3594 σμασι
479 3524 845 3596 συγκραθῆναι
868 3523 1095 3598 ψυχαῖς,
1139 3521 1332 3600 ἁγίων,
1365 3525 1534 3602 φημὶ,
1575 3523 1663 3578 καὶ
1714 3521 1981 3598 ἀγγέλων,

276 3611 378 3666 ἵνα
427 3609 645 3668 δυναταὶ
703 3615 947 3689 γένοιντο
1012 3615 1103 3670 καὶ
1147 3615 1303 3670 αὗται
1363 3614 1510 3685 ζωῆς
1565 3615 1833 3671 ἀθανάτου
1884 3618 1984 3680 τῆς

280 3700 446 3757 αὑτοῦ
503 3704 762 3774 θεότητος
823 3703 1129 3781 μετασχεῖν.
1193 3702 1308 3759 ἐπεὶ
1382 3707 1471 3759 καὶ
1549 3699 1774 3760 ἓκαστον
1849 3703 1984 3760 κατᾶ

271 3794 376 3862 τήν
439 3791 578 3848 ἰδίαν
639 3793 816 3870 φύσιν,
881 3795 1039 3866 σῶμα
1087 3795 1252 3865 ἐστιν,
1293 3795 1320 3849 ὁ
1370 3794 1626 3871 ἅγγελος,
1660 3795 1694 3864 ἡ
1729 3798 1908 3870 ψυχὴ,
1961 3794 1988 3848 ὁ

272 3881 513 3956 δαίμων.
559 3883 666 3940 Κέἰν
717 3885 819 3958 γὰρ
871 3883 1042 3939 λεπτά
1096 3884 1219 3954 εἷεν,
1269 3883 1398 3938 ἀλλ’
1449 3884 1602 3957 ὅμως
1653 3885 1704 3938 ἐν
1760 3883 1996 3938 ὑποστά-

273 3991 358 4025 σει
397 3969 707 4045 χαρακτῆρί
739 3986 818 4042 τε,
850 3975 937 4027 καὶ
988 3970 1153 4026 εἷκόνι
1205 3973 1339 4027 κατὰ
1386 3975 1485 4041 τὴν
1529 3973 1838 4042 λεπτότητα
1884 3977 1986 4036 τῆς

272 4060 478 4113 ἑαυτῶν
534 4060 765 4136 φύσεως,
827 4065 985 4132 σῶμα
1042 4062 1302 4134 τυγχάνει
1365 4059 1586 4116 λεπτόν.
1664 4063 1867 4131 Ὥσπερ
1929 4060 1980 4114 ἐν

271 4145 736 4203 ὑποστάσειτουτὶ
769 4149 831 4203 τὸ
865 4153 1022 4221 σῶμα
1063 4149 1213 4224 παχὺ
1239 4144 1374 4216 ἔστι,
1430 4148 1575 4202 οὕτω
1624 4150 1713 4204 καὶ
1753 4152 1787 4218 ἡ
1822 4149 1975 4228 ψυχὴ

271 4239 432 4311 σῶμα
481 4239 612 4294 οὖσα
659 4237 856 4294 λεπτὸν
903 4231 1194 4314 περιέϐαλε
1243 4241 1332 4294 καί
1384 4239 1662 4295 ἐνεδύσατο
1709 4241 1777 4296 τὰ
1829 4240 1971 4314 μέλη

267 4325 431 4383 τοῦδε
495 4333 590 4384 τοῦ
650 4331 934 4401 σώματος.
1001 4325 1338 4403 Περιέϐαλλε
1387 4329 1486 4405 γὰρ
1543 4331 1632 4385 τὸν
1691 4329 1973 4408 ὀφθαλμὸν

263 4415 339 4472 δι’
395 4416 560 4493 οὗπερ
619 4418 751 4494 γοῢν
809 4417 898 4473 καὶ
958 4413 1059 4492 ὁρᾷ
1092 4432 1104 4450 ⁴
1138 4413 1468 4494 περιέϐαλλε
1520 4423 1581 4474 τὸ
1668 4412 1758 4483 οὖς
1811 4422 1972 4477 τοῦτο

2101 3269 2210 3325 pus
2243 3255 2674 3324 quodammodo
2733 3271 2791 3309 se
2856 3255 3048 3324 ipsum
3084 3257 3456 3312 transformat
3485 3257 3812 3313 immensus

2096 3350 2153 3398 et
2199 3345 2572 3414 incorporeus
2623 3344 2922 3408 Dominus,
2985 3361 3084 3410 per
3139 3346 3556 3415 benignitatem
3616 3348 3814 3402 infini-

2096 3439 2255 3500 tam;
2288 3443 2341 3487 et
2401 3434 2630 3499 minuit,
2667 3451 3048 3505 parvumque,
3086 3440 3149 3488 ut
3211 3437 3294 3490 sic
3335 3435 3546 3505 dicam,
3581 3447 3808 3492 contra-

2096 3525 2238 3579 hens
2296 3537 2357 3579 se
2416 3523 2795 3596 facit,ingens
2855 3524 2951 3579 ille
2996 3526 3597 3596 supersubstantialis,
3633 3533 3697 3582 ut
3726 3530 3810 3584 sic

2093 3615 2283 3686 possit
2340 3629 2467 3668 cum
2523 3613 3019 3669 intellectualibus
3091 3617 3210 3670 suis
3294 3619 3572 3673 creaturis
3637 3621 3808 3689 quasi

2091 3703 2433 3760 coalescere.
2471 3703 2701 3759 Animas
2756 3711 3086 3759 sanctorum
3133 3705 3280 3774 dico,
3331 3712 3386 3760 et
3435 3708 3693 3779 angelos,
3745 3713 3805 3764 ut

2090 3796 2173 3849 sic
2226 3796 2311 3848 hae
2352 3800 2632 3849 creaturas
2679 3792 2905 3863 possint
2953 3795 3080 3847 vitae
3132 3795 3499 3864 immortalis,
3529 3815 3638 3868 qua
3672 3797 3800 3866 ipsa

2088 3885 2216 3956 ejus
2247 3883 2522 3938 divinitas
2569 3884 2794 3950 fruitur,
2833 3883 3135 3951 participes
3173 3885 3344 3936 effici.
3378 3887 3659 3950 Quoniam
3695 3887 3800 3940 ho-

2087 3987 2217 4027 rum
2245 3975 2512 4042 quodque
2556 3972 2881 4026 secundum
2945 3973 3235 4042 propriam
3284 3981 3549 4028 naturam
3584 3992 3796 4047 corpus

2087 4064 2214 4126 est;
2248 4076 2481 4130 corpus,
2516 4060 2776 4129 inquam,
2806 4066 2944 4114 sunt
2985 4066 3041 4114 et
3089 4061 3349 4129 angelus,
3384 4067 3439 4116 et
3477 4063 3695 4130 anima,
3741 4075 3797 4120 et

2086 4148 2335 4202 daemon.
2371 4146 2490 4201 Etsi
2527 4149 2674 4202 enim
2720 4163 2808 4203 res
2858 4151 3063 4202 tenues
3113 4151 3481 4222 subtilesque
3522 4158 3680 4217 sunt,
3718 4159 3796 4207 ta-

2087 4254 2220 4292 men
2252 4237 2310 4291 in
2345 4238 2660 4308 hypostasi,
2697 4238 3048 4305 charactere,
3082 4255 3146 4292 ac
3183 4240 3364 4292 forma
3397 4242 3665 4311 propriis,
3701 4258 3791 4296 se-

2082 4327 2341 4383 cundum
2391 4329 2738 4383 tenuitatem
2797 4334 3013 4382 naturae
3075 4329 3331 4398 ipsorum
3387 4347 3599 4401 corpus
3653 4343 3791 4387 sunt

2080 4421 2293 4485 tenue;
2327 4417 2476 4472 sicut
2532 4417 2592 4472 in
2643 4434 2750 4471 sua
2798 4417 3095 4489 hypostasi
3127 4435 3334 4489 corpus
3365 4420 3471 4475 hoc
3496 4427 3785 4491 nostrum,

267 4506 360 4577 δὴ,
390 4505 459 4562 δι’
492 4509 553 4563 οὔ
585 4509 673 4563 καὶ
719 4505 901 4563 ἀκούει
932 4529 944 4541 ο
975 4508 1074 4576 τὴν
1117 4513 1298 4582 χεῖρα,
1343 4509 1442 4577 τὴν
1477 4509 1618 4582 ῥῖνα,
1663 4510 1752 4564 καὶ
1798 4511 1971 4581 ἁπαξ-

2092 4522 2337 4561 :rassum
2399 4521 2606 4577 corpus
2663 4513 2778 4573 est;
2818 4509 3014 4578 itaque
3073 4510 3266 4564 anima
3314 4527 3524 4581 corpus
3555 4529 3683 4567 cum
3716 4513 3790 4568 sit

261 4594 452 4658 απλῶς
512 4594 616 4652 ὅλα
679 4598 746 4653 τὰ
809 4596 950 4669 μέλη
1011 4601 1106 4652 τοῢ
1164 4600 1416 4671 σώματος
1472 4595 1801 4675 περιέϐαλλε
1875 4603 1965 4654 καὶ

264 4684 560 4757 συνεκράθη
594 4683 750 4747 ὅλοις
781 4687 967 4747 αὐτοῖς
998 4691 1032 4756 ἦ
1069 4689 1246 4762 ψυχὴ,
1281 4683 1349 4741 δι’
1401 4680 1461 4741 οὗ
1507 4688 1595 4742 καὶ
1643 4690 1815 4742 πάντα
1867 4689 1966 4743 ὅσα

261 4769 328 4839 δὴ
396 4777 476 4842 τῷ
537 4773 640 4846 βίῳ
694 4774 1032 4853 ἐνστρέφεται
1092 4773 1494 4848 ἐπιτηδεύματα
1569 4773 1788 4833 διανὺει.
1864 4781 1963 4834 Τὸν

261 4857 352 4914 οὖν
414 4860 576 4914 αὐτὸν
617 4862 841 4933 τρόπον,
895 4863 985 4918 καὶ
1018 4867 1051 4933 ἥ
1085 4863 1363 4936 ἀλαλητός
1406 4885 1463 4920 τε
1509 4867 1597 4921 καὶ
1648 4866 1964 4938 ἀνεννόητος

254 4951 352 5005 τοῦ
422 4949 656 5022 Χριστοῦ
724 4953 1044 5029 χρηστότης
1104 4955 1386 5029 σμικρόνει
1443 4956 1532 5009 καὶ
1591 4961 1968 5029 σωματοποιεῖ

259 5041 476 5108 ἑαυτὴν,
537 5039 628 5092 καὶ
690 5045 1045 5116 συγκιρνᾶται
1098 5041 1188 5097 καὶ
1246 5041 1645 5119 περιλαμϐάνει
1719 5049 1811 5109 τὰς
1885 5069 1964 5102 πι-

256 5127 380 5190 στὰς
446 5127 536 5182 καὶ
612 5127 775 5205 φίλας
841 5131 1010 5185 αὑτοῦ
1078 5127 1283 5207 ψυχὰς,
1351 5129 1439 5190 καί
1505 5136 1580 5200 εἷς
1648 5132 1702 5193 ἔν
1778 5140 1964 5204 αὑταῖς

257 5222 469 5290 πνεῦμα
519 5218 748 5294 γίνεται,
805 5215 943 5274 κατὰ
1001 5220 1062 5275 τὸ
1117 5220 1302 5296 λόγιον
1367 5224 1612 5295 Παύλου,
1672 5231 1823 5305 ψυχὴ
1885 5231 1965 5292 εἰς

260 5310 469 5382 ψυχὴν,
501 5307 578 5369 ὡς
631 5308 813 5387 φάναι,
865 5308 956 5363 καὶ
1011 5310 1303 5373 ὑπόστασις
1358 5315 1486 5388 γοῦν
1534 5315 1609 5378 εἷς
1655 5315 1965 5389 ὑπόστασιν,

259 5396 328 5456 ὡς
364 5393 424 5450 ἃν
455 5399 524 5469 τῇ
571 5395 756 5470 τοιᾷδε
799 5399 952 5473 ψυχῇ
1000 5390 1051 5453 έν
1105 5401 1174 5472 τῇ
1221 5397 1388 5454 αὐτοῦ
1441 5401 1657 5474 θεότητι
1706 5404 1862 5474 ζῆσαι
1910 5429 1965 5464 τε

260 5484 504 5572 ὑπάρξῃ,
561 5486 650 5541 καὶ
711 5487 976 5542 ἀθανάτου
1035 5491 1183 5558 ζωῆς
1245 5487 1536 5565 ἐφικέσθαι,
1593 5493 1684 5547 καὶ
1760 5493 1966 5572 ἡδονῇς

264 5571 546 5648 ἀφθάρτου
572 5575 663 5630 καὶ
694 5573 932 5651 assumo
960 5574 1123 5649 δόξης
1150 5583 1574 5655 κατατρυφῆσαι.

323 5661 367 5700 ¹⁷
400 5661 424 5720 Ι
465 5665 592 5723 Cor.
635 5682 711 5734 1v,
752 5666 840 5725 17.

2077 4596 2242 4654 exilis
2277 4597 2600 4664 tenuitatis,
2633 4599 2954 4652 cireumdat
3005 4599 3116 4653 sibi
3175 4606 3349 4670 atque
3398 4601 3584 4654 induit
3613 4620 3789 4657 mem-

2075 4688 2182 4742 bra
2240 4685 2421 4754 hujus
2483 4686 2759 4757 corporis,
2813 4687 3004 4741 induit
3081 4705 3290 4758 nempe
3370 4689 3628 4759 oculum,
3689 4708 3788 4762 per

2075 4792 2247 4847 quem
2301 4775 2476 4842 videt,
2512 4785 2735 4840 aurem,
2771 4792 2872 4845 per
2928 4793 3104 4846 quam
3156 4778 3336 4843 audit,
3392 4793 3642 4846 manum,
3677 4797 3777 4834 na—

2075 4879 2202 4932 res;
2240 4882 2353 4918 uno
2409 4867 2602 4932 verbo,
2639 4877 2846 4920 cuncta
2893 4866 3149 4936 corporis
3210 4869 3474 4922 membra
3532 4871 3784 4926 circum-

2074 4956 2235 5028 ponit
2267 4954 2399 5018 sibi,
2429 4971 2679 5025 cumque
2728 4954 2842 5009 illis
2903 4957 3130 5025 penitus
3189 4958 3619 5024 commiscetur,
3655 4977 3783 5030 per-

2073 5062 2185 5117 que
2214 5045 2334 5098 haac
2363 5054 2602 5098 cunctas
2629 5045 2956 5099 functiones
3001 5045 3269 5100 humanae
3315 5050 3772 5104 conversationis

2075 5135 2425 5207 exsequitur.
2453 5138 2536 5188 Ad
2597 5133 2846 5189 similem
2907 5135 3084 5207 igitur
3116 5137 3355 5192 modum
3389 5139 3694 5194 ineil'abilis
3725 5144 3781 5196 et

2071 5222 2679 5296 incomprehensibilis
2764 5223 2978 5278 Christi
3055 5225 3284 5280 bonitas
3362 5231 3654 5283 contrahit
3712 5245 3778 5283 ac

2073 5327 2306 5389 parvam
2369 5313 2505 5368 facit
2563 5329 2628 5368 ac
2682 5315 2849 5384 quasi
2896 5314 2956 5368 in
2990 5326 3199 5388 corpus
3255 5317 3415 5387 ﬁngit
3450 5333 3511 5372 se
3546 5317 3772 5386 ipsam;

2072 5413 2243 5476 atque
2297 5417 2358 5458 se
2415 5403 2754 5458 immiscens
2811 5403 3183 5475 amplectitur
3223 5405 3422 5460 ﬁdeles
3469 5409 3526 5459 et
3558 5404 3776 5459 amicas

2073 5496 2184 5552 sibi
2236 5495 2482 5559 animas,
2530 5499 2585 5547 et
2644 5511 2786 5549 unus
2814 5511 2938 5549 cum
2989 5497 3125 5566 ipsis
3161 5497 3222 5564 ﬁt
3276 5494 3522 5564 spiritus,
3572 5510 3775 5549 secun-

2073 5588 2215 5643 dum
2255 5584 2552 5642 oraculum
2593 5583 2760 5641 Pauli
2791 5583 2870 5654 17;
2895 5584 3091 5642 anima
3111 5585 3170 5640 in
3188 5584 3466 5652 animam,
3486 5589 3551 5641 ut
3580 5584 3665 5643 sic
3687 5585 3779 5640 di-
