4130 6286
402 284 521 345 895

1740 278 1803 337 S.
1851 274 2176 336 MACARII
2221 274 2568 336 /EGYPTII

3862 278 4043 337 896

404 422 594 482 catur,
636 418 691 471 et
730 413 1026 485 bypostasi
1069 412 1125 467 in
1166 410 1524 481 hypostasim
1569 409 1733 480 quasi
1779 408 2162 463 coalescente.
2207 407 2279 462 Ut
2319 423 2418 479 per
2478 407 2587 462 hoc
2640 407 2739 462 tali
2819 406 3025 463 animae
3066 407 3124 463 in
3166 407 3352 479 ipsius
3391 408 3701 465 divinitate
3762 407 4031 463 vivere

403 506 724 576 contingat,
765 510 822 558 et
896 504 966 558 ad
1043 501 1426 556 immortalem
1462 500 1638 553 vitam
1715 499 1945 553 tandem
2021 497 2337 568 pervenire,
2413 497 2817 568 voluptateque
2894 499 3246 570 incorrupta,
3289 503 3346 553 et
3420 499 3697 555 ineffabili
3762 498 4024 570 gloria

403 598 676 665 gaudere.

476 684 591 740 VII.
619 685 737 738 Tali
771 684 976 738 animae
1031 682 1333 748 Dominus,
1393 680 1617 751 quoties
1666 679 1901 749 quidem
1960 676 2099 743 vult,
2134 679 2184 743 Α

406 773 469 828 ﬁt
500 773 674 844 ignis,
708 789 1055 827 consumens
1107 770 1387 841 quidquid
1451 770 1507 822 in
1557 785 1623 822 ea
1658 784 1894 837 pravum
1918 782 1982 820 ac
2015 766 2114 819 ali-

405 864 558 917 unde
590 866 877 916 invectum
939 866 1060 927 est;
1090 860 1239 913 sicut
1287 859 1369 912 ait
1427 857 1702 927 prOpheta
1728 874 1740 909 :
1768 858 1901 910 Deus
1932 862 2114 909 noster

403 952 549 1019 ignis
600 966 921 1006 consumens
979 954 1058 1003 est
1081 949 1141 1000 ¹⁸.
1171 948 1323 1002 Alias
1376 948 1559 1001 eidem
1623 948 1830 1001 animae
1880 945 2112 998 fitincf—

404 1041 595 1095 fabilis
652 1040 850 1109 quies:
888 1039 1202 1106 aliquando
1262 1036 1541 1108 gaudium
1603 1041 1659 1089 et
1694 1053 1823 1105 pax,
1857 1035 2112 1088 circum-

405 1132 626 1198 fovens,
657 1136 712 1185 et
759 1131 1013 1198 undique
1070 1127 1424 1198 amplectens
1476 1126 1677 1195 ipsam.
1734 1130 1983 1179 Tantum
2042 1140 2113 1177 ne

402 1220 665 1273 desimus
721 1220 928 1272 nostris
970 1217 1256 1287 partibus,
1303 1220 1358 1268 ut
1426 1214 1592 1268 illurn
1672 1230 1961 1277 amemus,
2027 1210 2112 1264 illi

402 1310 794 1376 gratiﬁcemur
854 1308 1115 1361 moribus
1166 1305 1382 1375 probis.
1439 1302 1567 1357 Hzec
1627 1303 1727 1372 qui
1790 1301 2109 1372 prmstahit,

404 1398 525 1465 ipso
575 1412 751 1451 sensu
812 1395 1141 1464 perspiciet,
1196 1394 1340 1447 inire
1397 1407 1454 1445 se
1517 1394 1639 1460 jam
1688 1390 2108 1459 possessionem

404 1485 880 1541 inenarrabilium
937 1483 1247 1548 bonorum,
1299 1498 1423 1551 quae
1500 1481 1703 1534 oculus
1776 1496 1886 1532 non
1946 1480 2109 1546 vidit,

404 1578 560 1632 auris
604 1590 716 1629 non
761 1574 981 1627 audivit
1025 1578 1079 1627 et
1124 1572 1180 1624 in
1238 1587 1334 1624 cor
1382 1569 1639 1623 hominis
1680 1585 1795 1622 non
1838 1569 2110 1622 ascende-

404 1670 580 1729 runt;
619 1680 717 1733 per
744 1678 871 1733 quae
903 1662 1152 1731 Spiritus
1188 1659 1410 1713 Domini
1449 1659 1513 1711 fit
1549 1673 1702 1712 nunc
1727 1657 1785 1710 in
1833 1657 2109 1726 requiem,

404 1771 560 1809 nunc
613 1754 672 1806 in
704 1751 1173 1814 exsultationem,
1207 1754 1262 1801 et
1292 1747 1645 1817 voluptatem
1682 1756 1736 1799 et
1766 1747 1939 1800 vitam
1985 1747 2111 1814 ejus

405 1847 613 1899 animae
656 1861 781 1914 qua?
816 1860 876 1898 se
932 1843 1032 1897 illo
1092 1841 1327 1913 dignam
1387 1838 1724 1895 ostenderit.
1781 1841 2113 1905 Incorporat

402 1935 555 1990 enim
587 1951 645 1988 se
677 1936 866 2003 ipsum
897 1933 1049 1987 sicut
1085 1931 1139 1985 in
1202 1949 1391 1986 escam
1426 1928 1811 2000 spiritualem,
1845 1928 1923 1981 ita
1965 1926 2106 1981 etin

401 2026 806 2078 indumentum
851 2026 906 2074 et
962 2027 1229 2074 ornatum
1294 2017 1704 2073 inenarrabilis
1756 2015 2104 2086 splendoris,
2145 2039 2183 2097 Β
2217 2019 2488 2093 πληρτδςῇ
2547 2030 2916 2093 πιευμχτικῆς
2952 2040 2964 2052 -

403 2122 468 2170 ut
525 2116 605 2169 sic
638 2130 761 2169 eam
796 2112 1077 2183 spirituali
1114 2111 1311 2165 laetitia
1341 2111 1597 2178 impleat.
1631 2110 1735 2176 Ego
1768 2109 1947 2170 enim,
2005 2107 2105 2169 ait,

397 2207 562 2275 panis
596 2204 724 2259 vitm
753 2220 876 2257 sum
910 2204 970 2255 ‘9.
1006 2202 1074 2255 Et
1110 2202 1212 2268 Qui
1259 2201 1454 2254 biberit
1504 2216 1575 2253 ex
1622 2216 1762 2269 aqua
1819 2214 1983 2266 quam
2014 2212 2108 2264 ego

401 2296 537 2349 dabo
566 2310 645 2363 eo,
676 2296 767 2363 [iet
826 2297 883 2348 in
942 2295 992 2347 ei
1020 2296 1142 2363 fons
1190 2306 1350 2362 aqua?
1387 2291 1635 2344 salientis
1663 2291 1722 2343 in
1754 2290 1921 2342 vitam
1954 2294 2111 2342 «τίεν-

403 2403 543 2440 nam
577 2386 642 2439 ²⁰.

474 2475 616 2532 VIII.
651 2476 736 2530 Ita
780 2474 987 2544 cuique
1042 2473 1407 2528 sacerdotum
1447 2474 1503 2525 et
1555 2474 1887 2525 sanctorum
1958 2469 2107 2523 Deus

401 2564 687 2636 apparuit,
723 2569 789 2618 ut
848 2568 904 2618 et
960 2562 1070 2631 ipsi
1131 2562 1240 2616 fuit
1302 2562 1411 2616 Deo
1472 2559 1752 2631 placitum
1812 2562 1868 2612 et
1894 2556 2107 2612 videnti

401 2652 771 2709 utilezaliter
827 2651 1173 2717 Abrahamo,
1208 2650 1351 2705 alter
1408 2651 1620 2712 Isaaco,
1654 2648 1822 2702 aliter
1878 2662 2108 2717 quoque

398 2744 633 2809 Jacobo,
669 2745 804 2803 Noe,
867 2739 1114 2803 Danieli,
1174 2739 1339 2807 Mosi,
1396 2738 1623 2803 Davidi,
1682 2741 1737 2790 et
1794 2734 2109 2805 unicuique

402 2832 840 2903 prophetarum,
893 2829 1162 2883 minuens
1227 2833 1283 2883 et
1357 2829 1415 2881 in
1476 2843 1686 2896 corpus
1758 2826 1981 2895 ﬁngens
2048 2840 2109 2878 se

398 2922 616 2992 ipsum,
670 2923 820 2975 sicut
878 2918 1098 2973 dictum
1156 2922 1264 2983 est,
1328 2917 1871 2986 transﬁguransque
1917 2931 2000 2981 se,
2043 2929 2109 2967 ac

397 3013 581 3066 forma
638 3010 849 3065 visibili
908 3014 1212 3078 assumpta
1258 3008 1602 3062 intuendum
1636 3023 1696 3061 se
1732 3006 1990 3073 praebens
2022 3004 2107 3057 di-

396 3099 714 3172 ligentibus
749 3100 979 3170 ipsum;
1015 3115 1126 3152 non
1157 3102 1409 3168 quantus
1444 3102 1551 3163 est,
1585 3111 1713 3150 cum
1760 3096 1833 3150 sit
1880 3095 2106 3148 incom-

398 3188 846 3261 prehensibilis;
891 3190 990 3243 sed
1061 3196 1346 3258 quantum
1406 3186 1491 3241 illi
1552 3200 1754 3256 capere
1818 3188 2102 3255 possunt;

398 3284 633 3350 propter
664 3279 914 3333 muitum
948 3282 1003 3332 et
1032 3274 1841 3347 incomprehensibilem,quo
1872 3273 2107 3343 inipsos

399 3369 598 3436 fertur,
630 3383 907 3421 amorem.

471 3456 805 3510 lX.Anima
863 3455 963 3509 Dei
1023 3454 1355 3524 dignatione
1413 3456 1744 3520 consecuta,
1799 3459 1861 3506 ut
1915 3452 2099 3507 virtu-

397 3548 515 3599 tem
550 3544 709 3598 illam
759 3560 827 3598 ex
875 3542 1013 3610 alto,
1072 3543 1456 3613 divinumque
1505 3543 1672 3597 illum
1706 3542 1898 3611 ignem
1950 3541 2102 3595 intra

396 3651 455 3689 se
486 3634 857 3689 domesticum
914 3633 1160 3698 habeat;
1190 3632 1287 3686 illa
1336 3630 1756 3702 superccelestis
1808 3630 1941 3686 boni
1974 3630 2104 3698 Spi—

396 3723 546 3779 ritus
580 3723 748 3794 quasi
807 3726 1138 3776 concretam
1195 3722 1318 3776 suis
1366 3721 1549 3791 ipsius
1604 3720 1875 3776 membris
1923 3719 2104 3774 chari-

396 3817 574 3867 tatem
615 3812 768 3868 I92
800 3812 1093 3881 obtinens,
1133 3811 1291 3867 omni
1326 3812 1579 3881 profecto
1636 3810 1917 3865 mundani
1949 3826 2104 3865 amo-

397 3904 477 3959 ris
510 3904 812 3973 expeditur
842 3918 1015 3967 nexu,
1047 3907 1101 3957 et
1148 3900 1382 3956 vinculo
1442 3899 1674 3956 malitias
1730 3900 1987 3955 solvitur.
2033 3898 2103 3954 Ut

392 3994 548 4049 enim
606 3995 848 4061 ferrum,
882 3994 1210 4064 plumbum,
1236 4009 1457 4059 aurum,
1493 3974 1799 4062 argentum
1842 3992 2104 4061 conjecta

396 4082 453 4137 in
481 4084 672 4155 ignem
728 4083 1072 4150 solvuntur;
1115 4082 1495 4153 ipsorumque
1545 4081 1877 4135 inﬂexibilis
1932 4085 2103 4135 antea

391 4178 448 4229 et
478 4175 546 4228 ad
580 4178 792 4229 tactum
824 4174 1099 4228 resistens
1129 4172 1392 4227 soliditas
1432 4171 1491 4224 in
1524 4170 1761 4224 fluidam
1795 4170 2098 4224 mollitiem

397 4268 661 4317 mutatur
698 4281 711 4330 ;
746 4264 824 4317 ita
851 4270 910 4317 ut
943 4261 1203 4332 quandiu
1228 4261 1286 4316 in
1348 4262 1480 4332 igne
1521 4263 1800 4330 perstant,
1833 4258 2009 4328 ﬂuxa,
2041 4258 2103 4312 li-

418 4350 887 4419 quida,resoluta
945 4360 1255 4405 cernantur
1310 4354 1367 4405 et
1424 4348 1559 4416 sint,
1602 4347 1892 4418 rigiditate
1948 4363 2104 4417 pror-

401 4456 504 4495 sus
536 4439 797 4510 deposita
851 4439 1124 4505 naturali,
1156 4438 1228 4492 ob
1277 4440 1523 4492 ﬂammae
1580 4437 1693 4492 vim
1730 4452 1743 4491 :
1778 4436 1861 4491 sic
1898 4440 1953 4491 et
1983 4436 2105 4490 ani-

404 4546 500 4584 ma
535 4546 661 4601 quae
721 4528 1185 4600 supercmlestem
1235 4528 1395 4582 illum
1455 4527 1720 4597 concepit
1750 4526 1944 4597 ignem
1994 4525 2103 4597 spi-

399 4620 626 4676 ritualis
685 4621 1008 4687 cbaritatis,
1043 4635 1272 4674 omnem
1325 4636 1358 4673 a
1399 4634 1460 4673 se
1500 4616 1766 4672 affectum
1820 4616 2102 4670 mundani

392 4713 634 4782 Spiritus
684 4711 881 4782 procul
940 4710 1131 4775 habet,
1166 4708 1529 4779 vinculisque
1587 4707 1822 4761 malitiae
1875 4706 2100 4760 cunctis

2291 682 2358 731 Ζ’.
2414 680 2489 749 Τῇ
2558 679 2786 749 τοιαύτῃ
2837 680 3013 751 ψυχῇ,
3066 676 3252 755 φησὶν,
3313 678 3339 731 ὁ
3399 678 3620 751 Κόριος,
3681 681 3805 733 ὅτε
3886 680 4019 750 μὲν

2224 764 2484 838 βούλεται
2532 771 2638 839 πῦρ
2696 767 2920 841 γίνεται,
2978 772 3081 820 πᾶν
3129 766 3336 843 φαῦλον
3385 766 3553 837 αὐτῆς
3599 769 3694 822 καὶ
3767 768 4013 822 ἐπείσ-

2785 854 2966 930 ὥσπερ
3034 856 3123 909 καὶ
3182 858 3210 910 ὁ
3268 859 3559 932 προφήτης
3615 856 3816 932 φησίν
3860 876 3882 889 ο
3935 859 4009 912 Ὀ

2222 946 2349 1005 Θεὸς
2415 946 2575 1018 ἡμῶν
2650 950 2756 1018 πῦρ
2834 944 3243 1001 καταναλίσκον.
3309 948 3436 1001 ’Ότε
3502 944 3557 1000 δὲ
3633 947 4007 1008 ἀνάπαυσις

2220 875 2379 908 ακτον
2454 853 2692 908 διακεῖον
2730 874 2742 886 ·

2220 1035 2476 1109 ἂρρητος,
2529 1035 2617 1089 ὅτε
2676 1033 2730 1089 δὲ
2789 1037 2939 1110 χαρὰ
2991 1038 3076 1091 καὶ
3141 1037 3351 1110 εἰρήνη,
3416 1036 3799 1110 περιθάλπων
3884 1038 3998 1091 καὶ

2217 1121 2573 1197 περιϐάλλων
2634 1124 2824 1193 αὐτήν.
2881 1126 3058 1180 Μόνον
3110 1124 3162 1180 ὲν
3224 1123 3433 1199 σπουδῇ
3504 1126 3684 1181 θετέον
3758 1127 3991 1197 φιλεῖν

2221 1215 2382 1268 αὐτὸν
2453 1216 2541 1268 καὶ
2619 1214 2937 1291 χαρίζεσθαι
3002 1215 3227 1287 τρόποις
3312 1216 3558 1290 ἀγαθοῖς,
3635 1216 3731 1270 καὶ
3810 1216 3983 1289 αὖτῇ

2220 1304 2401 1376 πείρᾳ,
2471 1303 2605 1376 αὐτῇ
2694 1302 2940 1371 αἰσθήσει
3019 1303 3208 1376 ὄψεται
3285 1304 3556 1376 ἁψάμενος
3627 1304 3987 1374 ἀλαλῆτων

2219 1394 2458 1466 ἀγαθῶν,
2512 1392 2543 1446 ἃ
2586 1393 2871 1469 ὀφθαλμὸς
2926 1394 3028 1447 οὐκ
3084 1391 3214 1464 εἶδε,
3269 1395 3355 1447 καὶ
3411 1395 3499 1452 οὕς
3552 1393 3653 1448 οὐκ
3702 1394 3978 1463 ἢκουσε,

2216 1483 2305 1536 καὶ
2338 1482 2427 1536 ἐπὶ
2457 1480 2679 1555 καρδίαν
2733 1483 3020 1557 ἀνθρώπου
3071 1483 3171 1538 οὐκ
3217 1480 3403 1557 ἀνὲϐῃ,
3455 1483 3550 1538 ὅσα
3597 1484 3661 1537 τὸ
3710 1488 3977 1555 Πνεῦμα

2218 1572 2421 1637 Κυρίου
2476 1572 2705 1647 γίνεται,
2771 1577 2937 1627 τοῦτο
2999 1574 3092 1645 μὲν
3156 1573 3232 1635 εἷς
3293 1575 3611 1635 ἀνάπαυσιν,
3666 1577 3853 1628 τοῦτο
3922 1572 3976 1627 δ’

2219 1664 2293 1725 εἷς
2324 1664 2651 1737 ἀγαλλίασιν
2686 1666 2773 1718 καὶ
2817 1666 3048 1743 τρυφὴν,
3098 1665 3187 1719 καὶ
3237 1667 3381 1733 ζωήν
3425 1673 3525 1734 τῆς
3577 1666 3731 1735 ἀξίας
3799 1663 3965 1719 ὲκεί-

2812 1758 3016 1829 ψυχῆς.

2217 1843 2399 1916 ὥσπερ
2449 1843 2524 1905 εἷς
2579 1845 2779 1919 βρῶσιν
2831 1847 3226 1918 πνευματικὴν,
3260 1844 3404 1899 οὕτω
3451 1846 3539 1899 καὶ
3591 1846 3666 1906 εἷς
3717 1841 3959 1916 ἔνὸυμά

2214 1954 2271 1987 τε
2336 1934 2425 1987 καὶ
2490 1932 2672 2003 κάλλη
2742 1932 3129 2008 ἀνεκδιήγητα,
3204 1934 3273 1987 ’ἐν’

3012 2023 3151 2096 Ἐγὼ
3195 2024 3295 2096 γάρ
3348 2022 3484 2093 εἰμι,
3527 2023 3715 2094 φησὶν,
3752 2024 3783 2076 ὁ
3835 2022 3947 2095 ἆρ-

2216 1775 2311 1807 νου
2378 1751 2727 1825 δεικνυμένης
2812 1758 3016 1829 ψυχῆς.
3111 1761 3501 1829 Σωματοποιεῖ
3560 1756 3661 1829 γὰρ
3735 1756 3960 1809 ἑαυτὸν

3359 1934 3696 2008 εὐφροσύνης
3789 1935 3955 1989 οὕτω

2219 2132 2308 2172 τος
2350 2116 2448 2175 τῆς
2504 2118 2669 2181 ζωῆς
2717 2113 2831 2182 καὶ,
2879 2120 2930 2167 'O
2980 2114 3149 2167 πίνων
3203 2113 3261 2166 ἐκ
3308 2117 3405 2168 τοῦ
3449 2111 3641 2173 ὕδατος
3697 2112 3765 2167 οὗ
3832 2112 3953 2186 ἐγὼ

2221 2197 2379 2253 δώσω
2411 2199 2582 2272 αὐτῷ,
2629 2204 2915 2274 γενήσεται
2963 2202 3109 2274 αὖτῷ
3156 2204 3311 2278 πηγὴ
3358 2201 3554 2265 ὕδατος
3604 2201 3945 2275 ἁλλομένου

2221 2290 2297 2353 εἷς
2336 2291 2483 2359 ζωὴν
2517 2290 2754 2347 αἰώνιον.

2288 2470 2371 2525 H'.
2414 2468 2594 2540 Οὕτω,
2645 2470 2800 2543 φησὶ,
2858 2471 2949 2526 καὶ
2999 2471 3207 2545 ἑκάστῳ
3257 2475 3335 2543 τῷ
3378 2471 3568 2547 ἱερέων
3617 2471 3711 2528 καὶ
3755 2473 3937 2546 ἁγίων

2220 2558 2246 2611 ὁ
2287 2557 2417 2621 Θεὸς
2467 2558 2650 2639 ὤφθη,
2709 2562 2785 2622 ὡς
2832 2561 2980 2632 αὐτῷ
3042 2560 3259 2634 θέλημα
3304 2562 3391 2615 καὶ
3440 2566 3518 2631 τῷ
3574 2562 3773 2637 ὁρῶντι
3823 2560 3937 2616 λυ-

2222 2647 2449 2718 σιτελὲς,
2510 2651 2653 2719 οἷον,
2710 2647 2898 2714 ἄλλως
2952 2654 3033 2721 τῷ
3091 2646 3360 2723 Ἀϐραὰμ,
3427 2651 3518 2705 καὶ
3592 2649 3777 2713 ἄλλως
3837 2655 3930 2720 τῷ

2220 2738 2422 2804 Ἰσαὰκ,
2474 2741 2554 2809 τῷ
2603 2733 2800 2792 Ἰακὼϐ
2850 2735 3058 2807 ἅλλῶς,
3106 2742 3186 2809 τῷ
3233 2743 3380 2808 Νῶε,
3430 2742 3509 2809 τῷ
3561 2738 3781 2807 Δανιὴλ,
3834 2742 3927 2809 τῷ

2218 2831 2424 2894 Μωσεῖ,
2475 2830 2554 2894 τῶ
2604 2822 2794 2896 Δαϐὶδ,
2853 2826 2940 2881 καὶ
3001 2826 3209 2899 ἑκάστῳ
3257 2832 3367 2881 τῶν
3419 2830 3723 2902 προφητῶν,
3775 2848 3909 2898 σμι-

2215 2917 2425 2987 κρόνων
2492 2916 2679 2971 ἑαυτὸν
2744 2917 2832 2972 καὶ
2910 2922 3333 2989 σωματοποιῶν,
3418 2916 3597 2991 ὥσπερ
3672 2917 3915 2991 εἴρηται,

2221 3007 2743 3083 μεταμορφούμενός
2792 3029 2849 3062 τε
2915 3008 3005 3062 καὶ
3065 3009 3449 3080 ὀπτανόμενος,
3510 3008 3726 3068 τούτοις
3783 3010 3913 3083 ἆγαο

2217 3100 2390 3150 πῶσιν
2425 3096 2609 3167 αὐτὸν,
2643 3099 2706 3152 οὐ
2738 3098 2969 3150 καθόσον
3022 3097 3182 3157 αὐτός
3234 3095 3375 3152 ἐστιν
3422 3098 3739 3171 (ἀχώρητος
3770 3098 3913 3172 γὰρ),

2217 3183 2361 3240 ἀλλά
2390 3187 2529 3240 κατὰ
2578 3188 2678 3255 τὴν
2732 3184 2947 3239 ἐκείνων
3003 3184 3254 3259 χώρησίν
3302 3206 3360 3240 τε
3397 3185 3487 3239 καὶ
3538 3182 3788 3259 δύναμιν,
3830 3183 3915 3240 διὰ

2216 3276 2316 3343 τὴν
2374 3274 2593 3345 πολλὴν
2643 3275 2733 3330 καὶ
2801 3276 3156 3349 ἀπερινόητον
3224 3277 3291 3345 ἦν
3355 3270 3513 3354 ἔσχεν
3578 3276 3656 3339 εἰς
3724 3275 3913 3339 αὐτοὺς

2214 3363 2449 3439 ἀγάπην.

2284 3459 2361 3511 Θ’.
2407 3455 2575 3528 Ψυχὴ
2626 3455 3013 3525 καταξιωθεῖσα
3049 3455 3147 3524 τήν
3198 3455 3245 3524 ἐξ
3305 3453 3475 3529 ὕψους
3524 3452 3903 3513 εἷσοικίσασθαι

2213 3542 2464 3617 δύναμιν,
2495 3544 2584 3598 καὶ
2630 3546 2693 3599 τὸ
2742 3549 2849 3617 πῦρ
2897 3544 3068 3599 ἐκεῖνο
3129 3546 3190 3598 τὸ
3240 3546 3405 3616 θεῖον,
3455 3546 3544 3600 καὶ
3591 3546 3693 3614 τήν
3741 3546 3903 3601 ἐπου-

2216 3635 2396 3708 ράνιον
2455 3637 2551 3688 τοῦ
2609 3634 2809 3708 ἀγαθοῦ
2880 3634 3196 3706 Πνεύματος
3253 3634 3468 3709 ἀγάπην
3549 3635 3901 3712 συγκεκραμέ-

2211 3743 2309 3792 νην
2374 3721 2579 3797 ἔχουσα
2643 3727 2758 3785 τοῖς
2821 3724 3011 3777 ἑαυτοῦ
3084 3722 3292 3796 μέλεσι,
3376 3726 3555 3795 πάσης
3640 3733 3899 3798 κοσμικῆς

2211 3812 2426 3888 ἀγάπης
2477 3814 2715 3888 ἀτεχνῶς
2776 3811 2983 3884 λύεται,
3041 3818 3130 3868 καὶ
3184 3811 3389 3886 δεσμοῦ
3438 3814 3629 3876 κακίας
3691 3816 3893 3871 ἀνίεται.

2212 3904 2415 3974 ’Ὠσπερ
2465 3903 2568 3977 γὰρ
2618 3900 2842 3976 σίδηρος
2889 3905 2923 3970 ἢ
2975 3897 3276 3975 μόλυϐδος,
3329 3902 3533 3977 χρυσός
3572 3925 3630 3958 τε
3676 3907 3759 3959 καί
3804 3906 3896 3974 ἄρ-

2211 4013 2378 4067 γυρος
2429 3993 2559 4066 πυρὶ
2603 3987 2980 4066 παραϐληθείς
3031 3991 3238 4063 λύεται,
3288 3994 3378 4047 καὶ
3415 3995 3515 4061 τῆς
3560 3995 3762 4072 φύσεως
3804 3996 3895 4049 αὖ·

2208 4086 2309 4135 τοῦ
2348 4082 2411 4135 τὸ
2462 4080 2750 4135 ἀντίτυπον
2804 4080 2879 4140 εἷς
2934 4079 3254 4151 ἁπαλότητα
3298 4076 3654 4153 μεταϐάλλει,
3703 4082 3750 4136 ὲν
3792 4082 3894 4155 ὅσῳ

2216 4190 2274 4224 τε
2305 4174 2385 4241 τῷ
2417 4169 2547 4241 πυρὶ
2593 4169 2800 4241 ὁμιλεῖ,
2854 4169 3053 4243 χαῦνός
3097 4169 3207 4224 ἐστι
3246 4168 3335 4224 καὶ
3385 4164 3635 4238 ἔκλυτος,
3682 4173 3763 4225 καί
3805 4175 3892 4241 τήν

2212 4259 2447 4329 φυσικὴν
2497 4253 2901 4328 ἀποϐεϐληκὼς
2947 4257 3259 4311 ἀντιτυπίαν
3311 4254 3400 4312 διὰ
3458 4260 3556 4327 τὴν
3604 4257 3697 4314 τοῖ’)
3739 4261 3890 4334 πυρὸς

2213 4344 2439 4419 δύναμιν
2475 4366 2489 4380 ο
2524 4346 2667 4401 οὕτω
2715 4347 2806 4400 καὶ
2871 4349 3023 4421 ψυχή
3072 4347 3134 4401 τὸ
3184 4345 3495 4421 ἐπουράνων
3546 4346 3710 4403 ἐκεῖνο
3754 4345 3890 4419 δεξα-

2212 4435 2346 4508 μένη
2400 4440 2506 4510 πῦρ
2554 4442 2655 4505 τῆς
2705 4435 2921 4511 ἀγάπης
2976 4435 3072 4491 τοῦ
3122 4434 3456 4509 Πνεόματος,
3505 4437 3671 4501 πάσης
3722 4455 3882 4507 προσ-

2206 4524 2437 4585 παθείας
2494 4529 2589 4579 τοῦ
2649 4528 2917 4596 κοσμικοῦ
2976 4524 3287 4596 Πνεόματος
3343 4524 3593 4605 ἐκχωρεῖ,
3648 4523 3731 4578 καὶ
3780 4529 3877 4579 τῶν

2211 4611 2424 4687 δεσμῶν
2457 4612 2670 4690 ἀφίεται
2712 4620 2811 4680 τῆς
2859 4613 3073 4680 κακίας,
3122 4612 3173 4684 ἐξ
3224 4615 3391 4683 αὐτῆς
3436 4635 3494 4668 τε
3537 4619 3635 4682 τῆς
3678 4621 3883 4689 φυσικῆς

2210 4705 2599 4776 σκληρότητος
2660 4699 2999 4775 μεταϐάλλει
3058 4711 3158 4772 τῆς
3200 4703 3487 4778 ἁμαρτίας,
3558 4704 3719 4777 μικρὰ
3765 4706 3881 4760 πάν-

395 4801 747 4869 exsolvitur;
788 4806 844 4855 et
874 4818 940 4855 ex
971 4801 1099 4870 ipsa
1122 4815 1183 4854 se
1214 4798 1430 4853 relaxat
1482 4796 1859 4852 emollescens
1891 4794 2103 4848 duritie

2218 4814 2275 4848 τα
2323 4792 2655 4867 λογιζομὲνη
2715 4794 2801 4847 καὶ
2857 4794 3212 4865 ατιμάζουσα.
3274 4795 3431 4867 Φημί
3476 4793 3522 4849 δ’
3572 4796 3653 4849 ὅτι
3700 4792 3782 4849 κᾶν
3821 4816 3881 4849 τι·

405 4889 624 4958 peccati
653 4904 666 4953 ;
704 4907 877 4957 parva
908 4890 1105 4942 omnia
1129 4890 1428 4942 mundana
1459 4891 1756 4957 reputans,
1787 4890 1843 4940 et
1875 4894 1933 4939 ut
1964 4883 2104 4939 vilia

401 4981 799 5031 contemnens.
836 4977 993 5031 Hanc
1038 4978 1127 5031 aio
1185 4977 1449 5047 equidem
1479 4975 1567 5029 vel
1600 4976 1650 5029 si
1681 4974 1965 5045 quosdam
2000 4973 2103 5027 fra-

390 5068 507 5119 tres
567 5064 792 5128 habeat,
827 5064 937 5132 ipsi
995 5063 1404 5129 cbarissimos;
1464 5064 1822 5131 senseritque
1883 5060 2100 5129 aliquid

405 5152 807 5224 impedimenti
847 5152 1006 5221 ipsos
1064 5152 1313 5219 objicere
1345 5152 1613 5207 exercitio
1655 5169 1771 5205 sua:
1804 5151 1863 5205 in
1927 5152 2102 5204 Deum

392 5243 720 5310 cbaritatis,
760 5240 944 5296 amori
982 5240 1267 5310 ipsorum,
1321 5245 1589 5296 nuntium
1642 5240 1925 5310 extemplo
1983 5255 2106 5294 esse

397 5335 797 5390 remissurum.
848 5330 904 5385 Si
956 5327 1109 5384 enim
1152 5344 1316 5383 amor
1363 5346 1497 5402 erga
1535 5330 1771 5400 nuptias
1800 5329 1872 5383 ob
1904 5344 2102 5382 carna-

471 5606 518 5646 ³⁸
559 5607 725 5662 Deut.
766 5619 845 5674 lx,
885 5603 991 5672 24;
1031 5620 1132 5670 xu,
1174 5600 1348 5658 Hebr.
1389 5616 1492 5671 xu,
1530 5598 1619 5653 29.

1706 5596 1747 5631 ¹⁹
1781 5601 1947 5653 Joan.
1989 5614 2063 5665 vi,
2102 5596 2193 5653 51.

2211 4901 2295 4942 νες
2359 4878 2495 4953 αὑτῇ
2553 4879 2653 4933 εἶεν
2704 4877 2933 4951 ἀδελφοὶ
2982 4881 3099 4935 κατ’
3156 4882 3319 4955 ἄκραν
3373 4880 3718 4957 φιλούμενοι,
3768 4883 3882 4955 πρὸς

2212 4965 2269 5021 δὲ
2329 4966 2539 5037 ἐκείνην
2590 4967 2727 5041 αὐτῇ
2782 4967 3205 5042 παραποδίζοιεν
3254 4971 3353 5039 τὴν
3403 4969 3637 5044 ἀγάπην,
3684 4972 3761 5025 καί
3803 4971 3881 5024 αὐ-

2209 5056 2337 5119 τοὺς
2393 5056 2453 5110 ἂν
2512 5058 2909 5131 ἀποστέρξοιεν,
2969 5060 3003 5127 ἡ
3061 5064 3141 5130 τῷ
3194 5058 3429 5131 τοιούτῳ
3487 5058 3647 5133 ἔρωτι
3705 5059 3882 5115 ἁλοῦσα

2212 5148 2393 5220 ψυχή.
2466 5147 2528 5201 Εἰ
2592 5148 2695 5222 γὰρ
2757 5154 3017 5221 σαρκικῆς
3075 5149 3358 5208 κοινωνίας
3435 5148 3620 5222 ἀγάπη
3702 5152 3876 5223 γάμου,

2212 5236 2421 5309 πατρός
2485 5257 2541 5290 τε
2579 5236 2669 5289 καί
2727 5237 2963 5310 μητέρος
3021 5238 3107 5291 καὶ
3174 5235 3424 5315 ἀδελφῶν
3482 5235 3712 5306 διίστησι
3750 5240 3872 5293 ’κᾶν

2211 5346 2294 5388 τις
2330 5323 2466 5402 φιλῇ
2496 5346 2616 5380 τινα
2644 5327 2875 5398 τούτων,
2910 5325 2960 5396 ἐξ
3001 5324 3272 5396 ἐπιπολῆς
3320 5325 3491 5406 φιλεῖ,
3538 5329 3638 5396 την
3684 5325 3735 5382 δὲ
3776 5324 3877 5382 διά-

2267 5598 2315 5634 ³⁰
2352 5598 2495 5658 ibid.
2537 5600 2625 5658 44.
