  <div class='ocr_page' id='page_1' title='image "/cluster/home/n/w/nwhite01/storage/ocr_20150623/34/mdp.39015041165401/506.png"; bbox 0 0 4130 6286; ppageno 0'>
   <div class='ocr_carea' id='block_1_1' title="bbox 377 381 496 442">
    <p class='ocr_par' dir='ltr' id='par_1_1' title="bbox 377 381 496 442">
     <span class='ocr_line' id='line_1_1' title="bbox 377 381 496 442; baseline -0.034 1"><span class='ocrx_word' id='word_1_1' title='bbox 377 381 496 442; x_wconf 85' lang='grc'><strong>897</strong></span> 
     </span>
    </p>
   </div>
   <div class='ocr_carea' id='block_1_2' title="bbox 1451 363 2731 438">
    <p class='ocr_par' dir='ltr' id='par_1_2' title="bbox 1451 363 2731 438">
     <span class='ocr_line' id='line_1_2' title="bbox 1451 363 2731 438; baseline -0.012 -1"><span class='ocrx_word' id='word_1_2' title='bbox 1451 376 1684 438; x_wconf 82' lang='lat' dir='ltr'><strong>LIBER</strong></span> <span class='ocrx_word' id='word_1_3' title='bbox 1727 375 1828 436; x_wconf 83' lang='lat' dir='ltr'><strong>DE</strong></span> <span class='ocrx_word' id='word_1_4' title='bbox 1871 367 2368 438; x_wconf 86' lang='lat' dir='ltr'><strong>ELEVATIONE</strong></span> <span class='ocrx_word' id='word_1_5' title='bbox 2413 363 2731 426; x_wconf 88' lang='lat' dir='ltr'><strong>MENTIS.</strong></span> 
     </span>
    </p>
   </div>
   <div class='ocr_carea' id='block_1_3' title="bbox 3723 377 3842 436">
    <p class='ocr_par' dir='ltr' id='par_1_3' title="bbox 3723 377 3842 436">
     <span class='ocr_line' id='line_1_3' title="bbox 3723 377 3842 436; baseline 0.008 -1"><span class='ocrx_word' id='word_1_6' title='bbox 3723 377 3842 436; x_wconf 89' lang='lat'><strong>898</strong></span> 
     </span>
    </p>
   </div>
   <div class='ocr_carea' id='block_1_4' title="bbox 379 495 2021 584">
    <p class='ocr_par' dir='ltr' id='par_1_4' title="bbox 379 506 2021 582">
     <span class='ocr_line' id='line_1_4' title="bbox 379 506 2021 582; baseline -0.005 -14"><span class='ocrx_word' id='word_1_7' title='bbox 379 518 522 568; x_wconf 87' lang='grc' dir='ltr'>θεσιν</span> <span class='ocrx_word' id='word_1_8' title='bbox 579 511 715 582; x_wconf 74' lang='grc' dir='ltr'>ὅλην</span> <span class='ocrx_word' id='word_1_9' title='bbox 774 511 863 564; x_wconf 87' lang='grc' dir='ltr'><strong>καὶ</strong></span> <span class='ocrx_word' id='word_1_10' title='bbox 915 509 1006 564; x_wconf 85' lang='grc' dir='ltr'>τὸν</span> <span class='ocrx_word' id='word_1_11' title='bbox 1065 508 1229 563; x_wconf 83' lang='grc' dir='ltr'><strong>πόθον</strong></span> <span class='ocrx_word' id='word_1_12' title='bbox 1263 506 1420 582; x_wconf 81' lang='grc' dir='ltr'>’πρὸς</span> <span class='ocrx_word' id='word_1_13' title='bbox 1473 511 1571 578; x_wconf 79' lang='grc' dir='ltr'>τήν</span> <span class='ocrx_word' id='word_1_14' title='bbox 1621 506 2021 580; x_wconf 68' lang='grc' dir='ltr'><strong>συνῳκισμένην</strong></span> 
     </span>
    </p>
   </div>
   <div class='ocr_carea' id='block_1_5' title="bbox 2135 495 3845 584">
    <p class='ocr_par' dir='ltr' id='par_1_5' title="bbox 2143 495 3845 569">
     <span class='ocr_line' id='line_1_5' title="bbox 2143 495 3845 569; baseline 0.002 -11"><span class='ocrx_word' id='word_1_15' title='bbox 2143 502 2258 558; x_wconf 89' lang='lat' dir='ltr'><strong>lem</strong></span> <span class='ocrx_word' id='word_1_16' title='bbox 2291 498 2762 569; x_wconf 75' lang='lat' dir='ltr'><strong>coniunctionem</strong></span> <span class='ocrx_word' id='word_1_17' title='bbox 2793 495 2990 564; x_wconf 84' lang='lat' dir='ltr'><strong>initas,</strong></span> <span class='ocrx_word' id='word_1_18' title='bbox 3025 514 3059 554; x_wconf 88' lang='lat' dir='ltr'><strong>a</strong></span> <span class='ocrx_word' id='word_1_19' title='bbox 3106 501 3286 569; x_wconf 80' lang='lat' dir='ltr'><strong>patre,</strong></span> <span class='ocrx_word' id='word_1_20' title='bbox 3341 504 3526 558; x_wconf 80' lang='lat' dir='ltr'><strong>matre</strong></span> <span class='ocrx_word' id='word_1_21' title='bbox 3557 508 3613 559; x_wconf 86' lang='lat' dir='ltr'><strong>et</strong></span> <span class='ocrx_word' id='word_1_22' title='bbox 3645 505 3845 562; x_wconf 84' lang='lat' dir='ltr'><strong>fratri-</strong></span> 
     </span>
    </p>
   </div>
   <div class='ocr_carea' id='block_1_6' title="bbox 381 595 2026 674">
    <p class='ocr_par' dir='ltr' id='par_1_6' title="bbox 381 595 2026 674">
     <span class='ocr_line' id='line_1_6' title="bbox 381 595 2026 674; baseline -0.005 -16"><span class='ocrx_word' id='word_1_23' title='bbox 381 602 532 673; x_wconf 77' lang='grc' dir='ltr'>αὐτῷ</span> <span class='ocrx_word' id='word_1_24' title='bbox 561 605 776 656; x_wconf 84' lang='grc' dir='ltr'>τέτακεν</span> <span class='ocrx_word' id='word_1_25' title='bbox 812 617 825 631; x_wconf 92' lang='grc'><strong>·</strong></span> <span class='ocrx_word' id='word_1_26' title='bbox 852 599 898 653; x_wconf 82' lang='grc' dir='ltr'>εἰ</span> <span class='ocrx_word' id='word_1_27' title='bbox 954 603 1054 666; x_wconf 79' lang='grc' dir='ltr'>τῆς</span> <span class='ocrx_word' id='word_1_28' title='bbox 1115 597 1312 670; x_wconf 86' lang='grc' dir='ltr'>σαρκὸς</span> <span class='ocrx_word' id='word_1_29' title='bbox 1363 595 1518 674; x_wconf 80' lang='grc' dir='ltr'>φιλία</span> <span class='ocrx_word' id='word_1_30' title='bbox 1567 597 1707 652; x_wconf 82' lang='grc' dir='ltr'>οὕτω</span> <span class='ocrx_word' id='word_1_31' title='bbox 1749 595 1869 652; x_wconf 75' lang='grc' dir='ltr'>λόει</span> <span class='ocrx_word' id='word_1_32' title='bbox 1914 595 2026 650; x_wconf 76' lang='grc' dir='ltr'><strong>πά-</strong></span> 
     </span>
    </p>
   </div>
   <div class='ocr_carea' id='block_1_7' title="bbox 385 686 2029 767">
    <p class='ocr_par' dir='ltr' id='par_1_7' title="bbox 385 686 2029 767">
     <span class='ocr_line' id='line_1_7' title="bbox 385 686 2029 767; baseline -0.005 -20"><span class='ocrx_word' id='word_1_33' title='bbox 385 714 483 762; x_wconf 84' lang='grc' dir='ltr'><strong>σης</strong></span> <span class='ocrx_word' id='word_1_34' title='bbox 510 690 691 761; x_wconf 76' lang='grc' dir='ltr'>ἄλλης</span> <span class='ocrx_word' id='word_1_35' title='bbox 721 693 816 744; x_wconf 89' lang='grc' dir='ltr'><strong>τοῦ</strong></span> <span class='ocrx_word' id='word_1_36' title='bbox 847 688 1054 761; x_wconf 80' lang='grc' dir='ltr'>κόσμον</span> <span class='ocrx_word' id='word_1_37' title='bbox 1092 686 1297 767; x_wconf 55' lang='grc' dir='ltr'>Ῠιλίας,</span> <span class='ocrx_word' id='word_1_38' title='bbox 1350 687 1533 765; x_wconf 75' lang='grc' dir='ltr'>σχολῇ</span> <span class='ocrx_word' id='word_1_39' title='bbox 1566 689 1616 763; x_wconf 85' lang='grc' dir='ltr'>γ’</span> <span class='ocrx_word' id='word_1_40' title='bbox 1648 688 1708 742; x_wconf 85' lang='grc' dir='ltr'>ἃν</span> <span class='ocrx_word' id='word_1_41' title='bbox 1761 689 1810 741; x_wconf 70' lang='grc' dir='ltr'><strong>οἱ</strong></span> <span class='ocrx_word' id='word_1_42' title='bbox 1843 686 2029 756; x_wconf 83' lang='grc' dir='ltr'>ἐκείνῳ</span> 
     </span>
    </p>
   </div>
   <div class='ocr_carea' id='block_1_8' title="bbox 382 775 2027 854">
    <p class='ocr_par' dir='ltr' id='par_1_8' title="bbox 382 775 2027 854">
     <span class='ocr_line' id='line_1_8' title="bbox 382 775 2027 854; baseline -0.007 -17"><span class='ocrx_word' id='word_1_43' title='bbox 382 787 462 854; x_wconf 76' lang='grc' dir='ltr'>τῷ</span> <span class='ocrx_word' id='word_1_44' title='bbox 519 782 714 835; x_wconf 81' lang='grc' dir='ltr'>ἀπαθεῖ</span> <span class='ocrx_word' id='word_1_45' title='bbox 769 777 1064 854; x_wconf 70' lang='grc' dir='ltr'><strong>βληθέντες</strong></span> <span class='ocrx_word' id='word_1_46' title='bbox 1117 775 1279 850; x_wconf 76' lang='grc' dir='ltr'>ἔρωτι</span> <span class='ocrx_word' id='word_1_47' title='bbox 1335 777 1441 832; x_wconf 81' lang='grc' dir='ltr'>τινὶ</span> <span class='ocrx_word' id='word_1_48' title='bbox 1501 782 1606 830; x_wconf 79' lang='grc' dir='ltr'><strong>τῶν</strong></span> <span class='ocrx_word' id='word_1_49' title='bbox 1667 781 1762 830; x_wconf 84' lang='grc' dir='ltr'><strong>τοῦ</strong></span> <span class='ocrx_word' id='word_1_50' title='bbox 1818 775 2027 846; x_wconf 77' lang='grc' dir='ltr'>κόσμου</span> 
     </span>
    </p>
   </div>
   <div class='ocr_carea' id='block_1_9' title="bbox 379 869 932 948">
    <p class='ocr_par' dir='ltr' id='par_1_9' title="bbox 379 869 932 948">
     <span class='ocr_line' id='line_1_9' title="bbox 379 869 932 948; baseline 0 -22"><span class='ocrx_word' id='word_1_51' title='bbox 379 871 630 926; x_wconf 81' lang='grc' dir='ltr'>καθεκτοὶ</span> <span class='ocrx_word' id='word_1_52' title='bbox 661 869 932 948; x_wconf 73' lang='grc' dir='ltr'>γένοιντο.</span> 
     </span>
    </p>
   </div>
   <div class='ocr_carea' id='block_1_10' title="bbox 2140 587 3844 662">
    <p class='ocr_par' dir='ltr' id='par_1_10' title="bbox 2140 587 3844 662">
     <span class='ocr_line' id='line_1_10' title="bbox 2140 587 3844 662; baseline 0.002 -12"><span class='ocrx_word' id='word_1_53' title='bbox 2140 597 2251 650; x_wconf 92' lang='lat' dir='ltr'><strong>bus</strong></span> <span class='ocrx_word' id='word_1_54' title='bbox 2281 590 2584 660; x_wconf 72' lang='lat' dir='ltr'><strong>disjuugit.</strong></span> <span class='ocrx_word' id='word_1_55' title='bbox 2620 593 2686 642; x_wconf 89' lang='lat' dir='ltr'><strong>ut</strong></span> <span class='ocrx_word' id='word_1_56' title='bbox 2716 587 2760 642; x_wconf 85' lang='lat' dir='ltr'><strong>si</strong></span> <span class='ocrx_word' id='word_1_57' title='bbox 2796 589 2926 660; x_wconf 84' lang='lat' dir='ltr'><strong>quis</strong></span> <span class='ocrx_word' id='word_1_58' title='bbox 2959 589 3166 644; x_wconf 89' lang='lat' dir='ltr'><strong>borum</strong></span> <span class='ocrx_word' id='word_1_59' title='bbox 3201 590 3456 662; x_wconf 82' lang='lat' dir='ltr'><strong>aliquem</strong></span> <span class='ocrx_word' id='word_1_60' title='bbox 3489 601 3666 662; x_wconf 89' lang='lat' dir='ltr'><strong>amet,</strong></span> <span class='ocrx_word' id='word_1_61' title='bbox 3699 597 3844 654; x_wconf 89' lang='lat' dir='ltr'><strong>levi-</strong></span> 
     </span>
    </p>
   </div>
   <div class='ocr_carea' id='block_1_11' title="bbox 2137 678 3844 750">
    <p class='ocr_par' dir='ltr' id='par_1_11' title="bbox 2137 678 3844 750">
     <span class='ocr_line' id='line_1_11' title="bbox 2137 678 3844 750; baseline 0.005 -15"><span class='ocrx_word' id='word_1_62' title='bbox 2137 688 2224 739; x_wconf 89' lang='lat' dir='ltr'><strong>ter</strong></span> <span class='ocrx_word' id='word_1_63' title='bbox 2284 689 2340 734; x_wconf 86' lang='lat' dir='ltr'><strong>et</strong></span> <span class='ocrx_word' id='word_1_64' title='bbox 2398 678 2792 750; x_wconf 82' lang='lat' dir='ltr'><strong>superﬁciarie</strong></span> <span class='ocrx_word' id='word_1_65' title='bbox 2853 685 3056 746; x_wconf 86' lang='lat' dir='ltr'><strong>amet;</strong></span> <span class='ocrx_word' id='word_1_66' title='bbox 3118 697 3348 735; x_wconf 89' lang='lat' dir='ltr'><strong>omnem</strong></span> <span class='ocrx_word' id='word_1_67' title='bbox 3381 700 3512 740; x_wconf 90' lang='lat' dir='ltr'><strong>vero</strong></span> <span class='ocrx_word' id='word_1_68' title='bbox 3571 685 3844 744; x_wconf 77' lang='lat' dir='ltr'><strong>aﬂ&#39;ectum</strong></span> 
     </span>
    </p>
   </div>
   <div class='ocr_carea' id='block_1_12' title="bbox 2139 768 3836 845">
    <p class='ocr_par' dir='ltr' id='par_1_12' title="bbox 2139 768 3836 845">
     <span class='ocr_line' id='line_1_12' title="bbox 2139 768 3836 845; baseline 0.004 -19"><span class='ocrx_word' id='word_1_69' title='bbox 2139 770 2345 834; x_wconf 89' lang='lat' dir='ltr'><strong>animi,</strong></span> <span class='ocrx_word' id='word_1_70' title='bbox 2379 784 2552 823; x_wconf 87' lang='lat' dir='ltr'><strong>omne</strong></span> <span class='ocrx_word' id='word_1_71' title='bbox 2584 768 2932 822; x_wconf 85' lang='lat' dir='ltr'><strong>desiderium</strong></span> <span class='ocrx_word' id='word_1_72' title='bbox 2985 770 3054 822; x_wconf 90' lang='lat' dir='ltr'><strong>ad</strong></span> <span class='ocrx_word' id='word_1_73' title='bbox 3099 769 3526 827; x_wconf 80' lang='lat' dir='ltr'><strong>cohabitantem</strong></span> <span class='ocrx_word' id='word_1_74' title='bbox 3561 775 3670 845; x_wconf 85' lang='lat' dir='ltr'><strong>ipsi</strong></span> <span class='ocrx_word' id='word_1_75' title='bbox 3703 794 3836 832; x_wconf 37' lang='lat' dir='ltr'><strong>cons</strong></span> 
     </span>
    </p>
   </div>
   <div class='ocr_carea' id='block_1_13' title="bbox 2138 857 3844 934">
    <p class='ocr_par' dir='ltr' id='par_1_13' title="bbox 2138 857 3844 934">
     <span class='ocr_line' id='line_1_13' title="bbox 2138 857 3844 934; baseline 0.002 -18"><span class='ocrx_word' id='word_1_76' title='bbox 2138 863 2328 930; x_wconf 79' lang='lat' dir='ltr'><strong>iugem</strong></span> <span class='ocrx_word' id='word_1_77' title='bbox 2363 859 2601 912; x_wconf 75' lang='lat' dir='ltr'><strong>affixam</strong></span> <span class='ocrx_word' id='word_1_78' title='bbox 2640 857 2888 923; x_wconf 80' lang='lat' dir='ltr'><strong>habeat;</strong></span> <span class='ocrx_word' id='word_1_79' title='bbox 2923 861 3093 925; x_wconf 85' lang='lat' dir='ltr'><strong>atque</strong></span> <span class='ocrx_word' id='word_1_80' title='bbox 3140 859 3188 912; x_wconf 91' lang='lat' dir='ltr'><strong>si</strong></span> <span class='ocrx_word' id='word_1_81' title='bbox 3221 862 3473 917; x_wconf 81' lang='lat' dir='ltr'><strong>carnalis</strong></span> <span class='ocrx_word' id='word_1_82' title='bbox 3506 863 3844 934; x_wconf 83' lang='lat' dir='ltr'><strong>hujusmodi</strong></span> 
     </span>
    </p>
   </div>
   <div class='ocr_carea' id='block_1_14' title="bbox 382 947 3846 1023">
    <p class='ocr_par' dir='ltr' id='par_1_14' title="bbox 382 947 3846 1023">
     <span class='ocr_line' id='line_1_14' title="bbox 382 947 3846 1023; baseline -0.002 -3"><span class='ocrx_word' id='word_1_83' title='bbox 382 963 640 1020; x_wconf 80' lang='lat' dir='ltr'><strong>amicitia</strong></span> <span class='ocrx_word' id='word_1_84' title='bbox 668 947 902 1018; x_wconf 78' lang='lat' dir='ltr'><strong>amnem</strong></span> <span class='ocrx_word' id='word_1_85' title='bbox 962 959 1140 1015; x_wconf 86' lang='lat' dir='ltr'><strong>aliam</strong></span> <span class='ocrx_word' id='word_1_86' title='bbox 1190 959 1379 1015; x_wconf 88' lang='lat' dir='ltr'><strong>carnis</strong></span> <span class='ocrx_word' id='word_1_87' title='bbox 1423 958 1744 1014; x_wconf 86' lang='lat' dir='ltr'><strong>amicitiam</strong></span> <span class='ocrx_word' id='word_1_88' title='bbox 1794 955 2138 1023; x_wconf 87' lang='lat' dir='ltr'><strong>disrumpat,</strong></span> <span class='ocrx_word' id='word_1_89' title='bbox 2187 967 2259 1005; x_wconf 87' lang='lat' dir='ltr'><strong>an</strong></span> <span class='ocrx_word' id='word_1_90' title='bbox 2311 964 2484 1018; x_wconf 79' lang='lat' dir='ltr'><strong>segne</strong></span> <span class='ocrx_word' id='word_1_91' title='bbox 2517 947 2701 1002; x_wconf 89' lang='lat' dir='ltr'><strong>otium</strong></span> <span class='ocrx_word' id='word_1_92' title='bbox 2739 948 2846 1000; x_wconf 83' lang='lat' dir='ltr'><strong>erit;</strong></span> <span class='ocrx_word' id='word_1_93' title='bbox 2872 947 3159 1003; x_wconf 86' lang='lat' dir='ltr'><strong>desiderio</strong></span> <span class='ocrx_word' id='word_1_94' title='bbox 3209 951 3664 1020; x_wconf 79' lang='lat' dir='ltr'><strong>perturbationis</strong></span> <span class='ocrx_word' id='word_1_95' title='bbox 3717 972 3846 1012; x_wconf 83' lang='lat' dir='ltr'><strong>om—</strong></span> 
     </span>
    </p>
   </div>
   <div class='ocr_carea' id='block_1_15' title="bbox 376 1038 2445 1121">
    <p class='ocr_par' dir='ltr' id='par_1_15' title="bbox 376 1038 2445 1121">
     <span class='ocr_line' id='line_1_15' title="bbox 376 1038 2445 1121; baseline -0.009 -12"><span class='ocrx_word' id='word_1_96' title='bbox 376 1054 470 1110; x_wconf 88' lang='lat' dir='ltr'><strong>nis</strong></span> <span class='ocrx_word' id='word_1_97' title='bbox 499 1053 752 1108; x_wconf 88' lang='lat' dir='ltr'><strong>immuni</strong></span> <span class='ocrx_word' id='word_1_98' title='bbox 787 1050 1092 1121; x_wconf 83' lang='lat' dir='ltr'><strong>permissis</strong></span> <span class='ocrx_word' id='word_1_99' title='bbox 1125 1065 1374 1104; x_wconf 88' lang='lat' dir='ltr'><strong>amorem</strong></span> <span class='ocrx_word' id='word_1_100' title='bbox 1413 1048 1664 1118; x_wconf 86' lang='lat' dir='ltr'><strong>aliquem</strong></span> <span class='ocrx_word' id='word_1_101' title='bbox 1701 1046 1906 1102; x_wconf 89' lang='lat' dir='ltr'><strong>mundi</strong></span> <span class='ocrx_word' id='word_1_102' title='bbox 1941 1060 2053 1098; x_wconf 90' lang='lat' dir='ltr'><strong>non</strong></span> <span class='ocrx_word' id='word_1_103' title='bbox 2087 1038 2445 1096; x_wconf 82' lang='lat' dir='ltr'><strong>cohibendi?</strong></span> 
     </span>
    </p>
   </div>
   <div class='ocr_carea' id='block_1_16' title="bbox 455 1133 2026 1216">
    <p class='ocr_par' dir='ltr' id='par_1_16' title="bbox 455 1133 2026 1216">
     <span class='ocr_line' id='line_1_16' title="bbox 455 1133 2026 1216; baseline -0.007 -19"><span class='ocrx_word' id='word_1_104' title='bbox 455 1142 514 1198; x_wconf 83' lang='lat'><strong>1&#39;.</strong></span> <span class='ocrx_word' id='word_1_105' title='bbox 566 1139 816 1215; x_wconf 82' lang='grc' dir='ltr'>Χρηστὸς</span> <span class='ocrx_word' id='word_1_106' title='bbox 845 1135 916 1192; x_wconf 77' lang='grc' dir='ltr'>ὢν</span> <span class='ocrx_word' id='word_1_107' title='bbox 949 1136 1335 1216; x_wconf 75' lang='grc' dir='ltr'>φιλάνθρωπος</span> <span class='ocrx_word' id='word_1_108' title='bbox 1386 1137 1412 1192; x_wconf 85' lang='grc' dir='ltr'>ὁ</span> <span class='ocrx_word' id='word_1_109' title='bbox 1463 1137 1613 1206; x_wconf 86' lang='grc' dir='ltr'>Θεὸς,</span> <span class='ocrx_word' id='word_1_110' title='bbox 1661 1133 2026 1208; x_wconf 69' lang='grc' dir='ltr'>μακροθύμως</span> 
     </span>
    </p>
   </div>
   <div class='ocr_carea' id='block_1_17' title="bbox 381 1226 2024 1306">
    <p class='ocr_par' dir='ltr' id='par_1_17' title="bbox 381 1226 2024 1306">
     <span class='ocr_line' id='line_1_17' title="bbox 381 1226 2024 1306; baseline -0.006 -20"><span class='ocrx_word' id='word_1_111' title='bbox 381 1229 520 1306; x_wconf 74' lang='grc' dir='ltr'>ἔχει,</span> <span class='ocrx_word' id='word_1_112' title='bbox 579 1230 672 1285; x_wconf 80' lang='grc' dir='ltr'><strong>καὶ</strong></span> <span class='ocrx_word' id='word_1_113' title='bbox 734 1227 906 1290; x_wconf 72' lang='grc' dir='ltr'>πολύς</span> <span class='ocrx_word' id='word_1_114' title='bbox 963 1227 1104 1282; x_wconf 81' lang='grc' dir='ltr'>ἐστιν</span> <span class='ocrx_word' id='word_1_115' title='bbox 1161 1227 1436 1300; x_wconf 81' lang='grc' dir='ltr'>ἀναμένων</span> <span class='ocrx_word' id='word_1_116' title='bbox 1486 1229 1584 1295; x_wconf 78' lang='grc' dir='ltr'>τήν</span> <span class='ocrx_word' id='word_1_117' title='bbox 1645 1226 1870 1280; x_wconf 68' lang='grc' dir='ltr'>ἑκάστου</span> <span class='ocrx_word' id='word_1_118' title='bbox 1919 1226 2024 1276; x_wconf 79' lang='grc' dir='ltr'><strong>τῶν</strong></span> 
     </span>
    </p>
   </div>
   <div class='ocr_carea' id='block_1_18' title="bbox 381 1311 2026 1395">
    <p class='ocr_par' dir='ltr' id='par_1_18' title="bbox 381 1311 2026 1395">
     <span class='ocr_line' id='line_1_18' title="bbox 381 1311 2026 1395; baseline -0.007 -19"><span class='ocrx_word' id='word_1_119' title='bbox 381 1319 801 1395; x_wconf 79' lang='grc' dir='ltr'>ἁμαρτανόντων</span> <span class='ocrx_word' id='word_1_120' title='bbox 875 1319 1202 1391; x_wconf 69' lang='grc' dir='ltr'>μετάνοιαν·</span> <span class='ocrx_word' id='word_1_121' title='bbox 1239 1316 1428 1388; x_wconf 79' lang='grc' dir='ltr'>ἐορτῆν</span> <span class='ocrx_word' id='word_1_122' title='bbox 1491 1313 1744 1387; x_wconf 76' lang='grc' dir='ltr'>οὐρανίαν</span> <span class='ocrx_word' id='word_1_123' title='bbox 1811 1311 2026 1384; x_wconf 74' lang='grc' dir='ltr'>τιθέμε-</span> 
     </span>
    </p>
   </div>
   <div class='ocr_carea' id='block_1_19' title="bbox 380 1401 2026 1482">
    <p class='ocr_par' dir='ltr' id='par_1_19' title="bbox 380 1401 2026 1482">
     <span class='ocr_line' id='line_1_19' title="bbox 380 1401 2026 1482; baseline -0.005 -18"><span class='ocrx_word' id='word_1_124' title='bbox 380 1431 470 1472; x_wconf 89' lang='grc' dir='ltr'><strong>νος</strong></span> <span class='ocrx_word' id='word_1_125' title='bbox 520 1411 616 1478; x_wconf 74' lang='grc' dir='ltr'>τὴν</span> <span class='ocrx_word' id='word_1_126' title='bbox 663 1411 760 1463; x_wconf 87' lang='grc' dir='ltr'><strong>τοῦ</strong></span> <span class='ocrx_word' id='word_1_127' title='bbox 814 1405 1256 1480; x_wconf 81' lang='grc' dir='ltr'>μεταμελομένου</span> <span class='ocrx_word' id='word_1_128' title='bbox 1309 1404 1638 1482; x_wconf 69' lang='grc' dir='ltr'>ἐπιστροφήν</span> <span class='ocrx_word' id='word_1_129' title='bbox 1667 1403 1865 1478; x_wconf 81' lang='grc' dir='ltr'>,Χαρὰ</span> <span class='ocrx_word' id='word_1_130' title='bbox 1902 1401 2026 1474; x_wconf 75' lang='grc' dir='ltr'>γάρ,</span> 
     </span>
    </p>
   </div>
   <div class='ocr_carea' id='block_1_20' title="bbox 380 1491 2026 1576">
    <p class='ocr_par' dir='ltr' id='par_1_20' title="bbox 380 1491 2026 1576">
     <span class='ocr_line' id='line_1_20' title="bbox 380 1491 2026 1576; baseline -0.005 -23"><span class='ocrx_word' id='word_1_131' title='bbox 380 1499 544 1576; x_wconf 73' lang='grc' dir='ltr'>φησὶν</span> <span class='ocrx_word' id='word_1_132' title='bbox 601 1496 783 1564; x_wconf 79' lang='grc' dir='ltr'>αὐτὸς,</span> <span class='ocrx_word' id='word_1_133' title='bbox 835 1495 886 1550; x_wconf 84' lang='grc' dir='ltr'>ἐν</span> <span class='ocrx_word' id='word_1_134' title='bbox 930 1499 1009 1567; x_wconf 74' lang='grc' dir='ltr'>τῷ</span> <span class='ocrx_word' id='word_1_135' title='bbox 1067 1493 1280 1569; x_wconf 82' lang='grc' dir='ltr'>οὐρανῷ</span> <span class='ocrx_word' id='word_1_136' title='bbox 1337 1493 1536 1570; x_wconf 84' lang='grc' dir='ltr'>γίνεται</span> <span class='ocrx_word' id='word_1_137' title='bbox 1595 1491 1681 1547; x_wconf 83' lang='grc' dir='ltr'>ἐπὶ</span> <span class='ocrx_word' id='word_1_138' title='bbox 1722 1491 1794 1546; x_wconf 82' lang='grc' dir='ltr'>ἐνὶ</span> <span class='ocrx_word' id='word_1_139' title='bbox 1849 1492 2026 1564; x_wconf 83' lang='grc' dir='ltr'>ἀμαρ-</span> 
     </span>
    </p>
   </div>
   <div class='ocr_carea' id='block_1_21' title="bbox 378 1583 2026 1660">
    <p class='ocr_par' dir='ltr' id='par_1_21' title="bbox 378 1583 2026 1660">
     <span class='ocr_line' id='line_1_21' title="bbox 378 1583 2026 1660; baseline -0.004 -16"><span class='ocrx_word' id='word_1_140' title='bbox 378 1587 546 1660; x_wconf 80' lang='grc' dir='ltr'>τωλῷ</span> <span class='ocrx_word' id='word_1_141' title='bbox 607 1590 971 1660; x_wconf 85' lang='grc' dir='ltr'>μετανοοῦντι.</span> <span class='ocrx_word' id='word_1_142' title='bbox 1031 1587 1096 1642; x_wconf 76' lang='grc' dir='ltr'><strong>Εἱ</strong></span> <span class='ocrx_word' id='word_1_143' title='bbox 1156 1583 1212 1640; x_wconf 82' lang='grc' dir='ltr'>δέ</span> <span class='ocrx_word' id='word_1_144' title='bbox 1247 1607 1327 1646; x_wconf 87' lang='grc' dir='ltr'><strong>τις</strong></span> <span class='ocrx_word' id='word_1_145' title='bbox 1379 1583 1486 1653; x_wconf 79' lang='grc' dir='ltr'>τήν</span> <span class='ocrx_word' id='word_1_146' title='bbox 1529 1585 1881 1660; x_wconf 75' lang='grc' dir='ltr'>χρηστότητα</span> <span class='ocrx_word' id='word_1_147' title='bbox 1929 1583 2026 1637; x_wconf 62' lang='grc' dir='ltr'><strong>,εὐ-</strong></span> 
     </span>
    </p>
   </div>
   <div class='ocr_carea' id='block_1_22' title="bbox 378 1674 2026 1750">
    <p class='ocr_par' dir='ltr' id='par_1_22' title="bbox 378 1674 2026 1750">
     <span class='ocr_line' id='line_1_22' title="bbox 378 1674 2026 1750; baseline -0.004 -17"><span class='ocrx_word' id='word_1_148' title='bbox 378 1679 478 1746; x_wconf 75' lang='grc' dir='ltr'>τήν</span> <span class='ocrx_word' id='word_1_149' title='bbox 536 1677 625 1732; x_wconf 79' lang='grc' dir='ltr'><strong>καὶ</strong></span> <span class='ocrx_word' id='word_1_150' title='bbox 677 1674 1048 1750; x_wconf 79' lang='grc' dir='ltr'>μακροθυμίαν</span> <span class='ocrx_word' id='word_1_151' title='bbox 1101 1677 1263 1748; x_wconf 82' lang='grc' dir='ltr'>ὁρῶν,</span> <span class='ocrx_word' id='word_1_152' title='bbox 1318 1676 1408 1728; x_wconf 75' lang='grc' dir='ltr'><strong>καὶ</strong></span> <span class='ocrx_word' id='word_1_153' title='bbox 1465 1675 1550 1728; x_wconf 80' lang='grc' dir='ltr'><strong>ὅτι</strong></span> <span class='ocrx_word' id='word_1_154' title='bbox 1601 1675 1675 1746; x_wconf 80' lang='grc' dir='ltr'>μὴ</span> <span class='ocrx_word' id='word_1_155' title='bbox 1725 1677 1841 1734; x_wconf 87' lang='grc' dir='ltr'>τοῖς</span> <span class='ocrx_word' id='word_1_156' title='bbox 1889 1674 2026 1727; x_wconf 83' lang='grc' dir='ltr'><strong>κατᾶ</strong></span> 
     </span>
    </p>
   </div>
   <div class='ocr_carea' id='block_1_23' title="bbox 387 1765 2022 1844">
    <p class='ocr_par' dir='ltr' id='par_1_23' title="bbox 387 1765 2022 1844">
     <span class='ocr_line' id='line_1_23' title="bbox 387 1765 2022 1844; baseline -0.006 -21"><span class='ocrx_word' id='word_1_157' title='bbox 387 1768 548 1843; x_wconf 80' lang='grc' dir='ltr'>μέρος</span> <span class='ocrx_word' id='word_1_158' title='bbox 615 1769 998 1841; x_wconf 73' lang='grc' dir='ltr'>ἁμαρτήμασιν</span> <span class='ocrx_word' id='word_1_159' title='bbox 1074 1767 1460 1844; x_wconf 72' lang='grc' dir='ltr'><strong>ἐπεξέρχεται,</strong></span> <span class='ocrx_word' id='word_1_160' title='bbox 1525 1767 1624 1834; x_wconf 79' lang='grc' dir='ltr'>τήν</span> <span class='ocrx_word' id='word_1_161' title='bbox 1698 1765 2022 1838; x_wconf 81' lang='grc' dir='ltr'>μετάνοιαν,</span> 
     </span>
    </p>
   </div>
   <div class='ocr_carea' id='block_1_24' title="bbox 384 1851 2102 1940">
    <p class='ocr_par' dir='ltr' id='par_1_24' title="bbox 384 1851 2102 1940">
     <span class='ocr_line' id='line_1_24' title="bbox 384 1851 2102 1940; baseline -0.002 -30"><span class='ocrx_word' id='word_1_162' title='bbox 384 1859 563 1931; x_wconf 82' lang='grc' dir='ltr'>ὥσπερ</span> <span class='ocrx_word' id='word_1_163' title='bbox 632 1855 882 1931; x_wconf 76' lang='grc' dir='ltr'>ἔφημεν,</span> <span class='ocrx_word' id='word_1_164' title='bbox 941 1854 1351 1929; x_wconf 80' lang='grc' dir='ltr'>ἐκδεχόμενος,</span> <span class='ocrx_word' id='word_1_165' title='bbox 1428 1851 1862 1928; x_wconf 68' lang='grc' dir='ltr'>κατολιγωρησει</span> <span class='ocrx_word' id='word_1_166' title='bbox 1925 1857 2102 1940; x_wconf 78' lang='grc' dir='ltr'><strong>τῆςΒ</strong></span> 
     </span>
    </p>
   </div>
   <div class='ocr_carea' id='block_1_25' title="bbox 379 1942 2016 2020">
    <p class='ocr_par' dir='ltr' id='par_1_25' title="bbox 379 1942 2016 2020">
     <span class='ocr_line' id='line_1_25' title="bbox 379 1942 2016 2020; baseline -0.003 -19"><span class='ocrx_word' id='word_1_167' title='bbox 379 1945 633 2015; x_wconf 78' lang='grc' dir='ltr'>ἐκτολῆς,</span> <span class='ocrx_word' id='word_1_168' title='bbox 679 1947 769 2000; x_wconf 75' lang='grc' dir='ltr'><strong>καὶ</strong></span> <span class='ocrx_word' id='word_1_169' title='bbox 816 1946 919 2014; x_wconf 74' lang='grc' dir='ltr'>τήν</span> <span class='ocrx_word' id='word_1_170' title='bbox 951 1944 1325 2018; x_wconf 80' lang='grc' dir='ltr'>χρηστότητα,</span> <span class='ocrx_word' id='word_1_171' title='bbox 1366 1947 1463 2020; x_wconf 78' lang='grc' dir='ltr'>φεῦ</span> <span class='ocrx_word' id='word_1_172' title='bbox 1499 1945 1510 1998; x_wconf 88' lang='lat' dir='ltr'><strong>l</strong></span> <span class='ocrx_word' id='word_1_173' title='bbox 1563 1943 1816 2018; x_wconf 70' lang='grc' dir='ltr'>ἀφορμὴν</span> <span class='ocrx_word' id='word_1_174' title='bbox 1851 1942 2016 2016; x_wconf 72' lang='grc' dir='ltr'>σχοίη</span> 
     </span>
    </p>
   </div>
   <div class='ocr_carea' id='block_1_26' title="bbox 381 2031 2024 2111">
    <p class='ocr_par' dir='ltr' id='par_1_26' title="bbox 381 2031 2024 2111">
     <span class='ocr_line' id='line_1_26' title="bbox 381 2031 2024 2111; baseline -0.004 -21"><span class='ocrx_word' id='word_1_175' title='bbox 381 2037 516 2111; x_wconf 83' lang='grc' dir='ltr'>πρὸς</span> <span class='ocrx_word' id='word_1_176' title='bbox 581 2035 1024 2111; x_wconf 67' lang='grc' dir='ltr'>καταφρόνησιν,</span> <span class='ocrx_word' id='word_1_177' title='bbox 1101 2034 1402 2107; x_wconf 80' lang='grc' dir='ltr'>ἁμάρτημα</span> <span class='ocrx_word' id='word_1_178' title='bbox 1475 2033 1562 2086; x_wconf 80' lang='grc' dir='ltr'>ἐπὶ</span> <span class='ocrx_word' id='word_1_179' title='bbox 1657 2031 2024 2105; x_wconf 79' lang='grc' dir='ltr'>ἁμαρτήματα</span> 
     </span>
    </p>
   </div>
   <div class='ocr_carea' id='block_1_27' title="bbox 380 2119 2026 2198">
    <p class='ocr_par' dir='ltr' id='par_1_27' title="bbox 380 2119 2026 2198">
     <span class='ocr_line' id='line_1_27' title="bbox 380 2119 2026 2198; baseline -0.004 -19"><span class='ocrx_word' id='word_1_180' title='bbox 380 2125 712 2198; x_wconf 74' lang='grc' dir='ltr'>προστιθεὶς,</span> <span class='ocrx_word' id='word_1_181' title='bbox 759 2124 848 2178; x_wconf 84' lang='grc' dir='ltr'><strong>καὶ</strong></span> <span class='ocrx_word' id='word_1_182' title='bbox 890 2123 1294 2196; x_wconf 79' lang='grc' dir='ltr'>προσκώμματι</span> <span class='ocrx_word' id='word_1_183' title='bbox 1343 2121 1696 2195; x_wconf 80' lang='grc' dir='ltr'>πρόσκωμμα</span> <span class='ocrx_word' id='word_1_184' title='bbox 1747 2119 2026 2174; x_wconf 77' lang='grc' dir='ltr'>ἐποικοδο-</span> 
     </span>
    </p>
   </div>
   <div class='ocr_carea' id='block_1_28' title="bbox 386 2207 2025 2288">
    <p class='ocr_par' dir='ltr' id='par_1_28' title="bbox 386 2207 2025 2288">
     <span class='ocr_line' id='line_1_28' title="bbox 386 2207 2025 2288; baseline -0.005 -18"><span class='ocrx_word' id='word_1_185' title='bbox 386 2215 526 2288; x_wconf 82' lang='grc' dir='ltr'>μῶν,</span> <span class='ocrx_word' id='word_1_186' title='bbox 561 2212 822 2288; x_wconf 81' lang='grc' dir='ltr'>ῥᾳθυμίαν</span> <span class='ocrx_word' id='word_1_187' title='bbox 854 2233 913 2268; x_wconf 86' lang='grc' dir='ltr'><strong>τε</strong></span> <span class='ocrx_word' id='word_1_188' title='bbox 941 2213 1222 2266; x_wconf 77' lang='grc' dir='ltr'>συνάπτων</span> <span class='ocrx_word' id='word_1_189' title='bbox 1249 2215 1318 2284; x_wconf 78' lang='grc' dir='ltr'>τῇ</span> <span class='ocrx_word' id='word_1_190' title='bbox 1367 2210 1624 2286; x_wconf 73' lang='grc' dir='ltr'>ῥᾳθυμίᾳ,</span> <span class='ocrx_word' id='word_1_191' title='bbox 1659 2207 1862 2276; x_wconf 74' lang='grc' dir='ltr'>πληροῖ</span> <span class='ocrx_word' id='word_1_192' title='bbox 1899 2208 2025 2270; x_wconf 78' lang='grc' dir='ltr'>τοὺς</span> 
     </span>
    </p>
   </div>
   <div class='ocr_carea' id='block_1_29' title="bbox 379 2297 2022 2377">
    <p class='ocr_par' dir='ltr' id='par_1_29' title="bbox 379 2297 2022 2377">
     <span class='ocr_line' id='line_1_29' title="bbox 379 2297 2022 2377; baseline -0.005 -20"><span class='ocrx_word' id='word_1_193' title='bbox 379 2305 486 2358; x_wconf 80' lang='grc' dir='ltr'>τῶν</span> <span class='ocrx_word' id='word_1_194' title='bbox 548 2305 826 2377; x_wconf 78' lang='grc' dir='ltr'>ἁμαρτιῶν</span> <span class='ocrx_word' id='word_1_195' title='bbox 878 2303 1062 2376; x_wconf 78' lang='grc' dir='ltr'>ὅρους,</span> <span class='ocrx_word' id='word_1_196' title='bbox 1105 2301 1192 2354; x_wconf 85' lang='grc' dir='ltr'><strong>καὶ</strong></span> <span class='ocrx_word' id='word_1_197' title='bbox 1237 2301 1471 2372; x_wconf 75' lang='grc' dir='ltr'>τοιούτῳ</span> <span class='ocrx_word' id='word_1_198' title='bbox 1520 2297 1713 2353; x_wconf 86' lang='grc' dir='ltr'>λοιπὸν</span> <span class='ocrx_word' id='word_1_199' title='bbox 1748 2297 2022 2352; x_wconf 80' lang='grc' dir='ltr'>ἁλίσκεται</span> 
     </span>
    </p>
   </div>
   <div class='ocr_carea' id='block_1_30' title="bbox 380 2387 2025 2464">
    <p class='ocr_par' dir='ltr' id='par_1_30' title="bbox 380 2387 2025 2464">
     <span class='ocr_line' id='line_1_30' title="bbox 380 2387 2025 2464; baseline -0.005 -17"><span class='ocrx_word' id='word_1_200' title='bbox 380 2393 804 2464; x_wconf 79' lang='grc' dir='ltr'>παραπτώματι,</span> <span class='ocrx_word' id='word_1_201' title='bbox 863 2390 914 2459; x_wconf 78' lang='grc' dir='ltr'><strong>ἐξ</strong></span> <span class='ocrx_word' id='word_1_202' title='bbox 960 2391 1022 2444; x_wconf 81' lang='grc' dir='ltr'><strong>οῦ</strong></span> <span class='ocrx_word' id='word_1_203' title='bbox 1084 2388 1278 2460; x_wconf 83' lang='grc' dir='ltr'>μηκέτι</span> <span class='ocrx_word' id='word_1_204' title='bbox 1328 2389 1496 2460; x_wconf 85' lang='grc' dir='ltr'>παρὸν</span> <span class='ocrx_word' id='word_1_205' title='bbox 1541 2387 1686 2458; x_wconf 81' lang='grc' dir='ltr'>αὐτῷ</span> <span class='ocrx_word' id='word_1_206' title='bbox 1728 2387 2025 2456; x_wconf 78' lang='grc' dir='ltr'>ἀνακτήσα-</span> 
     </span>
    </p>
   </div>
   <div class='ocr_carea' id='block_1_31' title="bbox 382 2472 2025 2552">
    <p class='ocr_par' dir='ltr' id='par_1_31' title="bbox 382 2472 2025 2552">
     <span class='ocr_line' id='line_1_31' title="bbox 382 2472 2025 2552; baseline -0.004 -17"><span class='ocrx_word' id='word_1_207' title='bbox 382 2483 536 2535; x_wconf 81' lang='grc' dir='ltr'>σθαι’</span> <span class='ocrx_word' id='word_1_208' title='bbox 572 2479 698 2536; x_wconf 82' lang='grc' dir='ltr'>ἀλλ’</span> <span class='ocrx_word' id='word_1_209' title='bbox 729 2479 782 2541; x_wconf 81' lang='grc' dir='ltr'><strong>ἐς</strong></span> <span class='ocrx_word' id='word_1_210' title='bbox 820 2479 992 2552; x_wconf 78' lang='grc' dir='ltr'>μάτην</span> <span class='ocrx_word' id='word_1_211' title='bbox 1033 2480 1133 2546; x_wconf 77' lang='grc' dir='ltr'>τήν</span> <span class='ocrx_word' id='word_1_212' title='bbox 1185 2472 1476 2552; x_wconf 77' lang='grc' dir='ltr'>συντριϐἠν</span> <span class='ocrx_word' id='word_1_213' title='bbox 1522 2478 1780 2546; x_wconf 80' lang='grc' dir='ltr'>ὑποστὰς,</span> <span class='ocrx_word' id='word_1_214' title='bbox 1827 2476 2025 2546; x_wconf 78' lang='grc' dir='ltr'>καὶτῷ</span> 
     </span>
    </p>
   </div>
   <div class='ocr_carea' id='block_1_32' title="bbox 379 2564 2024 2643">
    <p class='ocr_par' dir='ltr' id='par_1_32' title="bbox 379 2564 2024 2643">
     <span class='ocr_line' id='line_1_32' title="bbox 379 2564 2024 2643; baseline -0.005 -17"><span class='ocrx_word' id='word_1_215' title='bbox 379 2575 606 2643; x_wconf 81' lang='grc' dir='ltr'>πονηρῷ</span> <span class='ocrx_word' id='word_1_216' title='bbox 663 2571 739 2632; x_wconf 74' lang='grc' dir='ltr'>εἱς</span> <span class='ocrx_word' id='word_1_217' title='bbox 787 2567 945 2630; x_wconf 83' lang='grc' dir='ltr'>τέλος</span> <span class='ocrx_word' id='word_1_218' title='bbox 995 2565 1396 2642; x_wconf 78' lang='grc' dir='ltr'>συγχωρηθεῖς,</span> <span class='ocrx_word' id='word_1_219' title='bbox 1445 2565 1774 2622; x_wconf 81' lang='grc' dir='ltr'>ἀπόλλυται.</span> <span class='ocrx_word' id='word_1_220' title='bbox 1838 2564 2024 2626; x_wconf 87' lang='grc' dir='ltr'>Οὕτως</span> 
     </span>
    </p>
   </div>
   <div class='ocr_carea' id='block_1_33' title="bbox 380 2655 2024 2734">
    <p class='ocr_par' dir='ltr' id='par_1_33' title="bbox 380 2655 2024 2734">
     <span class='ocr_line' id='line_1_33' title="bbox 380 2655 2024 2734; baseline -0.004 -20"><span class='ocrx_word' id='word_1_221' title='bbox 380 2661 465 2714; x_wconf 77' lang='grc' dir='ltr'><strong>ἐπὶ</strong></span> <span class='ocrx_word' id='word_1_222' title='bbox 515 2657 776 2732; x_wconf 82' lang='grc' dir='ltr'>Σοδόμων</span> <span class='ocrx_word' id='word_1_223' title='bbox 827 2657 1060 2734; x_wconf 84' lang='grc' dir='ltr'>γέγονεν·</span> <span class='ocrx_word' id='word_1_224' title='bbox 1115 2657 1532 2726; x_wconf 71' lang='grc' dir='ltr'>ἂποπλήσαντες</span> <span class='ocrx_word' id='word_1_225' title='bbox 1575 2657 1674 2730; x_wconf 73' lang='grc' dir='ltr'>γὰρ</span> <span class='ocrx_word' id='word_1_226' title='bbox 1715 2655 1802 2709; x_wconf 81' lang='grc' dir='ltr'><strong>καὶ</strong></span> <span class='ocrx_word' id='word_1_227' title='bbox 1865 2655 2024 2728; x_wconf 84' lang='grc' dir='ltr'>ὑπερ-</span> 
     </span>
    </p>
   </div>
   <div class='ocr_carea' id='block_1_34' title="bbox 381 2742 2024 2820">
    <p class='ocr_par' dir='ltr' id='par_1_34' title="bbox 381 2742 2024 2820">
     <span class='ocr_line' id='line_1_34' title="bbox 381 2742 2024 2820; baseline -0.004 -16"><span class='ocrx_word' id='word_1_228' title='bbox 381 2745 566 2810; x_wconf 62' lang='grc' dir='ltr'>ϐάντες</span> <span class='ocrx_word' id='word_1_229' title='bbox 615 2747 742 2812; x_wconf 81' lang='grc' dir='ltr'>τοὺς</span> <span class='ocrx_word' id='word_1_230' title='bbox 795 2752 903 2803; x_wconf 80' lang='grc' dir='ltr'><strong>τῶν</strong></span> <span class='ocrx_word' id='word_1_231' title='bbox 962 2749 1242 2820; x_wconf 82' lang='grc' dir='ltr'>ἁμαρτιῶν</span> <span class='ocrx_word' id='word_1_232' title='bbox 1303 2745 1464 2820; x_wconf 80' lang='grc' dir='ltr'>ὅρους</span> <span class='ocrx_word' id='word_1_233' title='bbox 1523 2745 1636 2800; x_wconf 84' lang='grc' dir='ltr'>ἐπεὶ</span> <span class='ocrx_word' id='word_1_234' title='bbox 1702 2742 1886 2816; x_wconf 80' lang='grc' dir='ltr'>μηδὲν,</span> <span class='ocrx_word' id='word_1_235' title='bbox 1949 2745 2024 2806; x_wconf 84' lang='grc' dir='ltr'>ὡς</span> 
     </span>
    </p>
   </div>
   <div class='ocr_carea' id='block_1_35' title="bbox 382 2833 2024 2910">
    <p class='ocr_par' dir='ltr' id='par_1_35' title="bbox 382 2833 2024 2910">
     <span class='ocr_line' id='line_1_35' title="bbox 382 2833 2024 2910; baseline -0.004 -17"><span class='ocrx_word' id='word_1_236' title='bbox 382 2841 572 2906; x_wconf 76' lang='grc' dir='ltr'>εἲπεῖν,</span> <span class='ocrx_word' id='word_1_237' title='bbox 644 2839 892 2910; x_wconf 84' lang='grc' dir='ltr'>ζώπυρον</span> <span class='ocrx_word' id='word_1_238' title='bbox 950 2836 1232 2910; x_wconf 82' lang='grc' dir='ltr'>μετανοίας</span> <span class='ocrx_word' id='word_1_239' title='bbox 1277 2834 1462 2896; x_wconf 74' lang='grc' dir='ltr'>αὐτοῖς</span> <span class='ocrx_word' id='word_1_240' title='bbox 1520 2833 1840 2910; x_wconf 63' lang='grc' dir='ltr'>ὑπελείφθη,</span> <span class='ocrx_word' id='word_1_241' title='bbox 1899 2833 2024 2888; x_wconf 78' lang='grc' dir='ltr'><strong>ἀνά-</strong></span> 
     </span>
    </p>
   </div>
   <div class='ocr_carea' id='block_1_36' title="bbox 382 2921 2024 3000">
    <p class='ocr_par' dir='ltr' id='par_1_36' title="bbox 382 2921 2024 3000">
     <span class='ocr_line' id='line_1_36' title="bbox 382 2921 2024 3000; baseline -0.003 -18"><span class='ocrx_word' id='word_1_242' title='bbox 382 2926 547 3000; x_wconf 81' lang='grc' dir='ltr'>λωμα</span> <span class='ocrx_word' id='word_1_243' title='bbox 593 2929 762 3000; x_wconf 85' lang='grc' dir='ltr'>πυρὸς</span> <span class='ocrx_word' id='word_1_244' title='bbox 815 2927 918 2981; x_wconf 82' lang='grc' dir='ltr'><strong>ὑπὸ</strong></span> <span class='ocrx_word' id='word_1_245' title='bbox 965 2933 1066 2993; x_wconf 78' lang='grc' dir='ltr'>τῆς</span> <span class='ocrx_word' id='word_1_246' title='bbox 1114 2926 1256 2986; x_wconf 86' lang='grc' dir='ltr'>θείας</span> <span class='ocrx_word' id='word_1_247' title='bbox 1303 2922 1460 2993; x_wconf 78' lang='grc' dir='ltr'>δίκης</span> <span class='ocrx_word' id='word_1_248' title='bbox 1509 2923 1809 2997; x_wconf 85' lang='grc' dir='ltr'>γεγόνασιν,</span> <span class='ocrx_word' id='word_1_249' title='bbox 1843 2921 2024 2986; x_wconf 82' lang='grc' dir='ltr'>Οὕτως</span> 
     </span>
    </p>
   </div>
   <div class='ocr_carea' id='block_1_37' title="bbox 383 3011 2023 3088">
    <p class='ocr_par' dir='ltr' id='par_1_37' title="bbox 383 3011 2023 3088">
     <span class='ocr_line' id='line_1_37' title="bbox 383 3011 2023 3088; baseline -0.002 -18"><span class='ocrx_word' id='word_1_250' title='bbox 383 3016 467 3070; x_wconf 76' lang='grc' dir='ltr'>ἐπὶ</span> <span class='ocrx_word' id='word_1_251' title='bbox 517 3019 643 3070; x_wconf 82' lang='grc' dir='ltr'><strong>Νῶε</strong></span> <span class='ocrx_word' id='word_1_252' title='bbox 675 3015 802 3068; x_wconf 82' lang='grc' dir='ltr'>’καὶ</span> <span class='ocrx_word' id='word_1_253' title='bbox 841 3015 946 3088; x_wconf 83' lang='grc' dir='ltr'><strong>γὰρ</strong></span> <span class='ocrx_word' id='word_1_254' title='bbox 991 3011 1280 3086; x_wconf 81' lang='grc' dir='ltr'>ἀχαλίνοις</span> <span class='ocrx_word' id='word_1_255' title='bbox 1323 3013 1603 3086; x_wconf 78' lang='grc' dir='ltr'>χρώμενοι</span> <span class='ocrx_word' id='word_1_256' title='bbox 1650 3018 1768 3074; x_wconf 83' lang='grc' dir='ltr'>ταῖς</span> <span class='ocrx_word' id='word_1_257' title='bbox 1809 3012 1894 3066; x_wconf 81' lang='grc' dir='ltr'>ἐπὶ</span> <span class='ocrx_word' id='word_1_258' title='bbox 1926 3013 2023 3080; x_wconf 79' lang='grc' dir='ltr'>τὴν</span> 
     </span>
    </p>
   </div>
   <div class='ocr_carea' id='block_1_38' title="bbox 381 3097 2027 3177">
    <p class='ocr_par' dir='ltr' id='par_1_38' title="bbox 381 3097 2027 3177">
     <span class='ocr_line' id='line_1_38' title="bbox 381 3097 2027 3177; baseline -0.004 -18"><span class='ocrx_word' id='word_1_259' title='bbox 381 3104 567 3160; x_wconf 73' lang='grc' dir='ltr'>κακίαν</span> <span class='ocrx_word' id='word_1_260' title='bbox 622 3103 846 3177; x_wconf 81' lang='grc' dir='ltr'>ὁρμαῖς,</span> <span class='ocrx_word' id='word_1_261' title='bbox 899 3100 988 3155; x_wconf 80' lang='grc' dir='ltr'><strong>καὶ</strong></span> <span class='ocrx_word' id='word_1_262' title='bbox 1043 3099 1210 3171; x_wconf 74' lang='grc' dir='ltr'>μηδὲν</span> <span class='ocrx_word' id='word_1_263' title='bbox 1243 3097 1382 3161; x_wconf 68' lang='grc' dir='ltr'>εἶδος</span> <span class='ocrx_word' id='word_1_264' title='bbox 1420 3100 1700 3172; x_wconf 85' lang='grc' dir='ltr'>μετανοίας</span> <span class='ocrx_word' id='word_1_265' title='bbox 1732 3097 2027 3154; x_wconf 71' lang='grc' dir='ltr'>ἐπιδεικνύ·</span> 
     </span>
    </p>
   </div>
   <div class='ocr_carea' id='block_1_39' title="bbox 383 3187 2023 3268">
    <p class='ocr_par' dir='ltr' id='par_1_39' title="bbox 383 3187 2023 3268">
     <span class='ocr_line' id='line_1_39' title="bbox 383 3187 2023 3268; baseline -0.004 -21"><span class='ocrx_word' id='word_1_266' title='bbox 383 3213 557 3268; x_wconf 85' lang='grc' dir='ltr'>μενοι,</span> <span class='ocrx_word' id='word_1_267' title='bbox 604 3189 934 3260; x_wconf 84' lang='grc' dir='ltr'>τηλικοῦτον</span> <span class='ocrx_word' id='word_1_268' title='bbox 986 3190 1196 3252; x_wconf 75' lang='grc' dir='ltr'>ἑαυτοῖς</span> <span class='ocrx_word' id='word_1_269' title='bbox 1243 3188 1524 3260; x_wconf 81' lang='grc' dir='ltr'>ἁμαρτιῶν</span> <span class='ocrx_word' id='word_1_270' title='bbox 1577 3187 1738 3261; x_wconf 74' lang='grc' dir='ltr'>ὄγκον</span> <span class='ocrx_word' id='word_1_271' title='bbox 1781 3187 2023 3262; x_wconf 79' lang='grc' dir='ltr'>ἐξεκορῦ-</span> 
     </span>
    </p>
   </div>
   <div class='ocr_carea' id='block_1_40' title="bbox 2212 1125 3848 1204">
    <p class='ocr_par' dir='ltr' id='par_1_40' title="bbox 2212 1125 3848 1204">
     <span class='ocr_line' id='line_1_40' title="bbox 2212 1125 3848 1204; baseline 0.003 -20"><span class='ocrx_word' id='word_1_272' title='bbox 2212 1128 2277 1185; x_wconf 93' lang='grc' dir='ltr'><strong>Χ.</strong></span> <span class='ocrx_word' id='word_1_273' title='bbox 2311 1127 2606 1198; x_wconf 85' lang='lat' dir='ltr'><strong>Benignus</strong></span> <span class='ocrx_word' id='word_1_274' title='bbox 2644 1131 2701 1181; x_wconf 90' lang='lat' dir='ltr'><strong>et</strong></span> <span class='ocrx_word' id='word_1_275' title='bbox 2729 1125 3036 1181; x_wconf 88' lang='lat' dir='ltr'><strong>hominum</strong></span> <span class='ocrx_word' id='word_1_276' title='bbox 3089 1144 3296 1183; x_wconf 87' lang='lat' dir='ltr'><strong>amans</strong></span> <span class='ocrx_word' id='word_1_277' title='bbox 3329 1129 3500 1196; x_wconf 87' lang='lat' dir='ltr'><strong>Deus,</strong></span> <span class='ocrx_word' id='word_1_278' title='bbox 3537 1133 3718 1188; x_wconf 86' lang='lat' dir='ltr'><strong>multa</strong></span> <span class='ocrx_word' id='word_1_279' title='bbox 3749 1151 3848 1204; x_wconf 86' lang='lat' dir='ltr'><strong>pa-</strong></span> 
     </span>
    </p>
   </div>
   <div class='ocr_carea' id='block_1_41' title="bbox 2141 1217 3848 1294">
    <p class='ocr_par' dir='ltr' id='par_1_41' title="bbox 2141 1217 3848 1294">
     <span class='ocr_line' id='line_1_41' title="bbox 2141 1217 3848 1294; baseline 0.004 -19"><span class='ocrx_word' id='word_1_280' title='bbox 2141 1220 2344 1276; x_wconf 81' lang='lat' dir='ltr'><strong>tientia</strong></span> <span class='ocrx_word' id='word_1_281' title='bbox 2373 1221 2670 1288; x_wconf 82' lang='lat' dir='ltr'><strong>exspectat</strong></span> <span class='ocrx_word' id='word_1_282' title='bbox 2704 1217 2999 1286; x_wconf 83' lang='lat' dir='ltr'><strong>cujusque</strong></span> <span class='ocrx_word' id='word_1_283' title='bbox 3031 1219 3396 1288; x_wconf 82' lang='lat' dir='ltr'><strong>peccantium</strong></span> <span class='ocrx_word' id='word_1_284' title='bbox 3433 1223 3848 1294; x_wconf 74' lang='lat' dir='ltr'><strong>pmnitentiam,</strong></span> 
     </span>
    </p>
   </div>
   <div class='ocr_carea' id='block_1_42' title="bbox 2137 1305 3850 1378">
    <p class='ocr_par' dir='ltr' id='par_1_42' title="bbox 2137 1305 3850 1378">
     <span class='ocr_line' id='line_1_42' title="bbox 2137 1305 3850 1378; baseline 0.003 -16"><span class='ocrx_word' id='word_1_285' title='bbox 2137 1309 2199 1362; x_wconf 88' lang='lat' dir='ltr'><strong>in</strong></span> <span class='ocrx_word' id='word_1_286' title='bbox 2259 1309 2470 1362; x_wconf 80' lang='lat' dir='ltr'><strong>festum</strong></span> <span class='ocrx_word' id='word_1_287' title='bbox 2520 1305 2750 1360; x_wconf 74' lang='lat' dir='ltr'><strong>cmlesle</strong></span> <span class='ocrx_word' id='word_1_288' title='bbox 2805 1305 3120 1360; x_wconf 87' lang='lat' dir='ltr'><strong>instituens</strong></span> <span class='ocrx_word' id='word_1_289' title='bbox 3169 1309 3567 1378; x_wconf 86' lang='lat' dir='ltr'><strong>resipiscentis</strong></span> <span class='ocrx_word' id='word_1_290' title='bbox 3615 1329 3850 1367; x_wconf 82' lang='lat' dir='ltr'><strong>conver-</strong></span> 
     </span>
    </p>
   </div>
   <div class='ocr_carea' id='block_1_43' title="bbox 2138 1395 3854 1473">
    <p class='ocr_par' dir='ltr' id='par_1_43' title="bbox 2138 1395 3854 1473">
     <span class='ocr_line' id='line_1_43' title="bbox 2138 1395 3854 1473; baseline 0.003 -21"><span class='ocrx_word' id='word_1_291' title='bbox 2138 1398 2400 1452; x_wconf 89' lang='lat' dir='ltr'><strong>sionem:</strong></span> <span class='ocrx_word' id='word_1_292' title='bbox 2457 1395 2732 1451; x_wconf 85' lang='lat' dir='ltr'><strong>Gaudium</strong></span> <span class='ocrx_word' id='word_1_293' title='bbox 2781 1395 2960 1460; x_wconf 90' lang='lat' dir='ltr'><strong>enim,</strong></span> <span class='ocrx_word' id='word_1_294' title='bbox 2992 1396 3070 1449; x_wconf 82' lang='lat' dir='ltr'><strong>ait</strong></span> <span class='ocrx_word' id='word_1_295' title='bbox 3119 1395 3266 1466; x_wconf 90' lang='lat' dir='ltr'><strong>ipse,</strong></span> <span class='ocrx_word' id='word_1_296' title='bbox 3313 1412 3390 1451; x_wconf 73' lang='grc' dir='ltr'><strong>εει</strong></span> <span class='ocrx_word' id='word_1_297' title='bbox 3436 1401 3494 1452; x_wconf 81' lang='lat' dir='ltr'><strong>in</strong></span> <span class='ocrx_word' id='word_1_298' title='bbox 3526 1402 3660 1456; x_wconf 78' lang='lat' dir='ltr'><strong>caelo</strong></span> <span class='ocrx_word' id='word_1_299' title='bbox 3689 1418 3854 1473; x_wconf 74' lang='lat' dir='ltr'><strong>super</strong></span> 
     </span>
    </p>
   </div>
   <div class='ocr_carea' id='block_1_44' title="bbox 2137 1487 3851 1564">
    <p class='ocr_par' dir='ltr' id='par_1_44' title="bbox 2137 1487 3851 1564">
     <span class='ocr_line' id='line_1_44' title="bbox 2137 1487 3851 1564; baseline 0.006 -25"><span class='ocrx_word' id='word_1_300' title='bbox 2137 1501 2244 1540; x_wconf 78' lang='lat' dir='ltr'><strong>uno</strong></span> <span class='ocrx_word' id='word_1_301' title='bbox 2293 1497 2568 1556; x_wconf 76' lang='lat' dir='ltr'><strong>peccatore</strong></span> <span class='ocrx_word' id='word_1_302' title='bbox 2619 1487 3004 1555; x_wconf 74' lang='lat' dir='ltr'><strong>paenitentiam</strong></span> <span class='ocrx_word' id='word_1_303' title='bbox 3053 1493 3249 1558; x_wconf 82' lang='lat' dir='ltr'><strong>agente</strong></span> <span class='ocrx_word' id='word_1_304' title='bbox 3297 1487 3361 1543; x_wconf 82' lang='grc'><strong>²¹.</strong></span> <span class='ocrx_word' id='word_1_305' title='bbox 3415 1490 3472 1544; x_wconf 90' lang='lat' dir='ltr'><strong>Si</strong></span> <span class='ocrx_word' id='word_1_306' title='bbox 3533 1507 3662 1546; x_wconf 89' lang='lat' dir='ltr'><strong>vero</strong></span> <span class='ocrx_word' id='word_1_307' title='bbox 3721 1492 3851 1564; x_wconf 86' lang='lat' dir='ltr'><strong>quis</strong></span> 
     </span>
    </p>
   </div>
   <div class='ocr_carea' id='block_1_45' title="bbox 2135 1576 3844 1652">
    <p class='ocr_par' dir='ltr' id='par_1_45' title="bbox 2135 1576 3844 1652">
     <span class='ocr_line' id='line_1_45' title="bbox 2135 1576 3844 1652; baseline 0.003 -20"><span class='ocrx_word' id='word_1_308' title='bbox 2135 1577 2287 1632; x_wconf 88' lang='lat' dir='ltr'><strong>hanc</strong></span> <span class='ocrx_word' id='word_1_309' title='bbox 2319 1578 2789 1631; x_wconf 80' lang='lat' dir='ltr'><strong>animadverteris</strong></span> <span class='ocrx_word' id='word_1_310' title='bbox 2825 1576 2922 1630; x_wconf 91' lang='lat' dir='ltr'><strong>Dei</strong></span> <span class='ocrx_word' id='word_1_311' title='bbox 2977 1576 3293 1632; x_wconf 83' lang='lat' dir='ltr'><strong>bonitatem</strong></span> <span class='ocrx_word' id='word_1_312' title='bbox 3339 1585 3392 1633; x_wconf 90' lang='lat' dir='ltr'><strong>et</strong></span> <span class='ocrx_word' id='word_1_313' title='bbox 3426 1580 3844 1652; x_wconf 87' lang='lat' dir='ltr'><strong>longanimita-</strong></span> 
     </span>
    </p>
   </div>
   <div class='ocr_carea' id='block_1_46' title="bbox 2136 1667 3848 1738">
    <p class='ocr_par' dir='ltr' id='par_1_46' title="bbox 2136 1667 3848 1738">
     <span class='ocr_line' id='line_1_46' title="bbox 2136 1667 3848 1738; baseline 0.003 -16"><span class='ocrx_word' id='word_1_314' title='bbox 2136 1672 2275 1732; x_wconf 87' lang='lat' dir='ltr'><strong>tem,</strong></span> <span class='ocrx_word' id='word_1_315' title='bbox 2307 1684 2422 1737; x_wconf 91' lang='lat' dir='ltr'><strong>qua</strong></span> <span class='ocrx_word' id='word_1_316' title='bbox 2452 1667 2564 1722; x_wconf 87' lang='lat' dir='ltr'><strong>sibi</strong></span> <span class='ocrx_word' id='word_1_317' title='bbox 2597 1671 2883 1734; x_wconf 86' lang='lat' dir='ltr'><strong>temperat</strong></span> <span class='ocrx_word' id='word_1_318' title='bbox 2935 1683 2967 1720; x_wconf 89' lang='lat' dir='ltr'><strong>a</strong></span> <span class='ocrx_word' id='word_1_319' title='bbox 3007 1667 3255 1738; x_wconf 83' lang='lat' dir='ltr'><strong>singulis</strong></span> <span class='ocrx_word' id='word_1_320' title='bbox 3290 1670 3556 1738; x_wconf 82' lang='lat' dir='ltr'><strong>protinus</strong></span> <span class='ocrx_word' id='word_1_321' title='bbox 3588 1673 3848 1728; x_wconf 87' lang='lat' dir='ltr'><strong>crimini-</strong></span> 
     </span>
    </p>
   </div>
   <div class='ocr_carea' id='block_1_47' title="bbox 2135 1755 3853 1831">
    <p class='ocr_par' dir='ltr' id='par_1_47' title="bbox 2135 1755 3853 1831">
     <span class='ocr_line' id='line_1_47' title="bbox 2135 1755 3853 1831; baseline -0.002 -19"><span class='ocrx_word' id='word_1_322' title='bbox 2135 1758 2243 1812; x_wconf 91' lang='lat' dir='ltr'><strong>bus</strong></span> <span class='ocrx_word' id='word_1_323' title='bbox 2293 1755 2659 1820; x_wconf 88' lang='lat' dir='ltr'><strong>ulciscendis,</strong></span> <span class='ocrx_word' id='word_1_324' title='bbox 2711 1761 3074 1826; x_wconf 89' lang='lat' dir='ltr'><strong>exspectans,</strong></span> <span class='ocrx_word' id='word_1_325' title='bbox 3129 1763 3193 1810; x_wconf 89' lang='lat' dir='ltr'><strong>ut</strong></span> <span class='ocrx_word' id='word_1_326' title='bbox 3234 1759 3512 1828; x_wconf 83' lang='lat' dir='ltr'><strong>diximus,</strong></span> <span class='ocrx_word' id='word_1_327' title='bbox 3564 1764 3853 1831; x_wconf 80' lang='lat' dir='ltr'><strong>pceniten.</strong></span> 
     </span>
    </p>
   </div>
   <div class='ocr_carea' id='block_1_48' title="bbox 2137 1845 3848 1924">
    <p class='ocr_par' dir='ltr' id='par_1_48' title="bbox 2137 1845 3848 1924">
     <span class='ocr_line' id='line_1_48' title="bbox 2137 1845 3848 1924; baseline 0.006 -25"><span class='ocrx_word' id='word_1_328' title='bbox 2137 1846 2299 1910; x_wconf 86' lang='lat' dir='ltr'><strong>tiam,</strong></span> <span class='ocrx_word' id='word_1_329' title='bbox 2363 1845 2618 1914; x_wconf 85' lang='lat' dir='ltr'><strong>negligat</strong></span> <span class='ocrx_word' id='word_1_330' title='bbox 2665 1849 3034 1914; x_wconf 65' lang='lat' dir='ltr'><strong>praeceptum,</strong></span> <span class='ocrx_word' id='word_1_331' title='bbox 3088 1850 3143 1899; x_wconf 91' lang='lat' dir='ltr'><strong>et</strong></span> <span class='ocrx_word' id='word_1_332' title='bbox 3190 1847 3287 1900; x_wconf 86' lang='lat' dir='ltr'><strong>Dei</strong></span> <span class='ocrx_word' id='word_1_333' title='bbox 3339 1849 3682 1913; x_wconf 87' lang='lat' dir='ltr'><strong>bonitatem.</strong></span> <span class='ocrx_word' id='word_1_334' title='bbox 3745 1869 3848 1924; x_wconf 91' lang='lat' dir='ltr'><strong>pro</strong></span> 
     </span>
    </p>
   </div>
   <div class='ocr_carea' id='block_1_49' title="bbox 2137 1934 3848 2009">
    <p class='ocr_par' dir='ltr' id='par_1_49' title="bbox 2137 1934 3848 2009">
     <span class='ocr_line' id='line_1_49' title="bbox 2137 1934 3848 2009; baseline 0.006 -21"><span class='ocrx_word' id='word_1_335' title='bbox 2137 1934 2335 1990; x_wconf 84' lang='lat' dir='ltr'><strong>nei‘asl</strong></span> <span class='ocrx_word' id='word_1_336' title='bbox 2395 1935 2452 1987; x_wconf 91' lang='lat' dir='ltr'><strong>in</strong></span> <span class='ocrx_word' id='word_1_337' title='bbox 2503 1935 2865 1988; x_wconf 87' lang='lat' dir='ltr'><strong>occasionem</strong></span> <span class='ocrx_word' id='word_1_338' title='bbox 2926 1937 3296 2003; x_wconf 85' lang='lat' dir='ltr'><strong>contemptus</strong></span> <span class='ocrx_word' id='word_1_339' title='bbox 3356 1942 3561 2004; x_wconf 81' lang='lat' dir='ltr'><strong>vertat,</strong></span> <span class='ocrx_word' id='word_1_340' title='bbox 3615 1947 3848 2009; x_wconf 83' lang='lat' dir='ltr'><strong>peccata</strong></span> 
     </span>
    </p>
   </div>
   <div class='ocr_carea' id='block_1_50' title="bbox 2137 2025 3842 2102">
    <p class='ocr_par' dir='ltr' id='par_1_50' title="bbox 2137 2025 3842 2102">
     <span class='ocr_line' id='line_1_50' title="bbox 2137 2025 3842 2102; baseline 0.004 -22"><span class='ocrx_word' id='word_1_341' title='bbox 2137 2027 2385 2096; x_wconf 87' lang='lat' dir='ltr'><strong>peccatis</strong></span> <span class='ocrx_word' id='word_1_342' title='bbox 2415 2025 2814 2090; x_wconf 85' lang='lat' dir='ltr'><strong>accumulans,</strong></span> <span class='ocrx_word' id='word_1_343' title='bbox 2847 2030 2905 2079; x_wconf 91' lang='lat' dir='ltr'><strong>et</strong></span> <span class='ocrx_word' id='word_1_344' title='bbox 2945 2025 3220 2080; x_wconf 85' lang='lat' dir='ltr'><strong>seandalo</strong></span> <span class='ocrx_word' id='word_1_345' title='bbox 3255 2029 3598 2084; x_wconf 87' lang='lat' dir='ltr'><strong>scandalum</strong></span> <span class='ocrx_word' id='word_1_346' title='bbox 3633 2048 3842 2102; x_wconf 88' lang='lat' dir='ltr'><strong>super-</strong></span> 
     </span>
    </p>
   </div>
   <div class='ocr_carea' id='block_1_51' title="bbox 2134 2115 3842 2192">
    <p class='ocr_par' dir='ltr' id='par_1_51' title="bbox 2134 2115 3842 2192">
     <span class='ocr_line' id='line_1_51' title="bbox 2134 2115 3842 2192; baseline 0.004 -20"><span class='ocrx_word' id='word_1_347' title='bbox 2134 2123 2386 2182; x_wconf 84' lang='lat' dir='ltr'><strong>struens,</strong></span> <span class='ocrx_word' id='word_1_348' title='bbox 2423 2115 2826 2183; x_wconf 78' lang='lat' dir='ltr'><strong>desidiamque</strong></span> <span class='ocrx_word' id='word_1_349' title='bbox 2858 2131 3104 2169; x_wconf 76' lang='lat' dir='ltr'><strong>assuens</strong></span> <span class='ocrx_word' id='word_1_350' title='bbox 3142 2117 3412 2186; x_wconf 66' lang='lat' dir='ltr'><strong>desidiae;</strong></span> <span class='ocrx_word' id='word_1_351' title='bbox 3449 2119 3496 2172; x_wconf 92' lang='lat' dir='ltr'><strong>is</strong></span> <span class='ocrx_word' id='word_1_352' title='bbox 3531 2137 3669 2176; x_wconf 86' lang='lat' dir='ltr'><strong>sane</strong></span> <span class='ocrx_word' id='word_1_353' title='bbox 3702 2138 3842 2192; x_wconf 89' lang='lat' dir='ltr'><strong>pee-</strong></span> 
     </span>
    </p>
   </div>
   <div class='ocr_carea' id='block_1_52' title="bbox 2135 2205 3843 2274">
    <p class='ocr_par' dir='ltr' id='par_1_52' title="bbox 2135 2205 3843 2274">
     <span class='ocr_line' id='line_1_52' title="bbox 2135 2205 3843 2274; baseline 0.004 -14"><span class='ocrx_word' id='word_1_354' title='bbox 2135 2212 2394 2261; x_wconf 81' lang='lat' dir='ltr'><strong>catorum</strong></span> <span class='ocrx_word' id='word_1_355' title='bbox 2444 2205 2646 2274; x_wconf 84' lang='lat' dir='ltr'><strong>implet</strong></span> <span class='ocrx_word' id='word_1_356' title='bbox 2694 2205 2994 2268; x_wconf 83' lang='lat' dir='ltr'><strong>terminos,</strong></span> <span class='ocrx_word' id='word_1_357' title='bbox 3045 2209 3200 2260; x_wconf 87' lang='lat' dir='ltr'><strong>etde</strong></span> <span class='ocrx_word' id='word_1_358' title='bbox 3251 2213 3456 2262; x_wconf 67' lang='lat' dir='ltr'><strong>caetero</strong></span> <span class='ocrx_word' id='word_1_359' title='bbox 3507 2209 3565 2263; x_wconf 90' lang='lat' dir='ltr'><strong>in</strong></span> <span class='ocrx_word' id='word_1_360' title='bbox 3611 2213 3710 2265; x_wconf 89' lang='lat' dir='ltr'><strong>tali</strong></span> <span class='ocrx_word' id='word_1_361' title='bbox 3744 2214 3843 2267; x_wconf 85' lang='lat' dir='ltr'><strong>de-</strong></span> 
     </span>
    </p>
   </div>
   <div class='ocr_carea' id='block_1_53' title="bbox 2135 2293 3843 2372">
    <p class='ocr_par' dir='ltr' id='par_1_53' title="bbox 2135 2293 3843 2372">
     <span class='ocr_line' id='line_1_53' title="bbox 2135 2293 3843 2372; baseline 0.005 -24"><span class='ocrx_word' id='word_1_362' title='bbox 2135 2293 2725 2366; x_wconf 87' lang='lat' dir='ltr'><strong>prehenditurlapsu,</strong></span> <span class='ocrx_word' id='word_1_363' title='bbox 2761 2310 2828 2348; x_wconf 81' lang='lat' dir='ltr'><strong>ex</strong></span> <span class='ocrx_word' id='word_1_364' title='bbox 2861 2310 2973 2364; x_wconf 90' lang='lat' dir='ltr'><strong>quo</strong></span> <span class='ocrx_word' id='word_1_365' title='bbox 3007 2311 3121 2348; x_wconf 90' lang='lat' dir='ltr'><strong>non</strong></span> <span class='ocrx_word' id='word_1_366' title='bbox 3149 2296 3398 2364; x_wconf 86' lang='lat' dir='ltr'><strong>amplius</strong></span> <span class='ocrx_word' id='word_1_367' title='bbox 3429 2297 3513 2351; x_wconf 89' lang='lat' dir='ltr'><strong>illi</strong></span> <span class='ocrx_word' id='word_1_368' title='bbox 3546 2301 3843 2372; x_wconf 83' lang='lat' dir='ltr'><strong>continget</strong></span> 
     </span>
    </p>
   </div>
   <div class='ocr_carea' id='block_1_54' title="bbox 2137 2384 3848 2457">
    <p class='ocr_par' dir='ltr' id='par_1_54' title="bbox 2137 2384 3848 2457">
     <span class='ocr_line' id='line_1_54' title="bbox 2137 2384 3848 2457; baseline 0.004 -17"><span class='ocrx_word' id='word_1_369' title='bbox 2137 2386 2195 2440; x_wconf 91' lang='lat' dir='ltr'><strong>in</strong></span> <span class='ocrx_word' id='word_1_370' title='bbox 2240 2387 2534 2456; x_wconf 85' lang='lat' dir='ltr'><strong>integrum</strong></span> <span class='ocrx_word' id='word_1_371' title='bbox 2585 2384 2852 2451; x_wconf 83' lang='lat' dir='ltr'><strong>restitui;</strong></span> <span class='ocrx_word' id='word_1_372' title='bbox 2907 2385 3118 2455; x_wconf 84' lang='lat' dir='ltr'><strong>quippe</strong></span> <span class='ocrx_word' id='word_1_373' title='bbox 3163 2388 3334 2457; x_wconf 89' lang='lat' dir='ltr'><strong>quasi</strong></span> <span class='ocrx_word' id='word_1_374' title='bbox 3383 2389 3648 2446; x_wconf 87' lang='lat' dir='ltr'><strong>contritis</strong></span> <span class='ocrx_word' id='word_1_375' title='bbox 3681 2393 3848 2447; x_wconf 81' lang='lat' dir='ltr'><strong>ruina</strong></span> 
     </span>
    </p>
   </div>
   <div class='ocr_carea' id='block_1_55' title="bbox 2137 2474 3846 2548">
    <p class='ocr_par' dir='ltr' id='par_1_55' title="bbox 2137 2474 3846 2548">
     <span class='ocr_line' id='line_1_55' title="bbox 2137 2474 3846 2548; baseline 0.005 -20"><span class='ocrx_word' id='word_1_376' title='bbox 2137 2475 2414 2529; x_wconf 88' lang='lat' dir='ltr'><strong>membris</strong></span> <span class='ocrx_word' id='word_1_377' title='bbox 2461 2474 2743 2540; x_wconf 87' lang='lat' dir='ltr'><strong>innitens,</strong></span> <span class='ocrx_word' id='word_1_378' title='bbox 2796 2479 2852 2528; x_wconf 89' lang='lat' dir='ltr'><strong>et</strong></span> <span class='ocrx_word' id='word_1_379' title='bbox 2901 2475 3156 2544; x_wconf 90' lang='lat' dir='ltr'><strong>maligno</strong></span> <span class='ocrx_word' id='word_1_380' title='bbox 3213 2491 3274 2530; x_wconf 91' lang='lat' dir='ltr'><strong>se</strong></span> <span class='ocrx_word' id='word_1_381' title='bbox 3326 2493 3511 2548; x_wconf 85' lang='lat' dir='ltr'><strong>usque</strong></span> <span class='ocrx_word' id='word_1_382' title='bbox 3559 2480 3618 2534; x_wconf 93' lang='lat' dir='ltr'><strong>in</strong></span> <span class='ocrx_word' id='word_1_383' title='bbox 3669 2481 3846 2537; x_wconf 80' lang='lat' dir='ltr'><strong>tinem</strong></span> 
     </span>
    </p>
   </div>
   <div class='ocr_carea' id='block_1_56' title="bbox 2136 2563 3852 2639">
    <p class='ocr_par' dir='ltr' id='par_1_56' title="bbox 2136 2563 3852 2639">
     <span class='ocr_line' id='line_1_56' title="bbox 2136 2563 3852 2639; baseline 0.006 -22"><span class='ocrx_word' id='word_1_384' title='bbox 2136 2565 2498 2634; x_wconf 86' lang='lat' dir='ltr'><strong>permittens,</strong></span> <span class='ocrx_word' id='word_1_385' title='bbox 2581 2565 2745 2632; x_wconf 88' lang='lat' dir='ltr'><strong>perit.</strong></span> <span class='ocrx_word' id='word_1_386' title='bbox 2810 2563 2902 2617; x_wconf 89' lang='lat' dir='ltr'><strong>Sic</strong></span> <span class='ocrx_word' id='word_1_387' title='bbox 2977 2564 3241 2618; x_wconf 88' lang='lat' dir='ltr'><strong>Sodomis</strong></span> <span class='ocrx_word' id='word_1_388' title='bbox 3301 2568 3556 2636; x_wconf 71' lang='lat' dir='ltr'><strong>acc1dit;</strong></span> <span class='ocrx_word' id='word_1_389' title='bbox 3619 2577 3852 2639; x_wconf 68' lang='lat' dir='ltr'><strong>eXpIeta</strong></span> 
     </span>
    </p>
   </div>
   <div class='ocr_carea' id='block_1_57' title="bbox 2136 2653 3846 2726">
    <p class='ocr_par' dir='ltr' id='par_1_57' title="bbox 2136 2653 3846 2726">
     <span class='ocr_line' id='line_1_57' title="bbox 2136 2653 3846 2726; baseline 0.005 -19"><span class='ocrx_word' id='word_1_390' title='bbox 2136 2655 2290 2709; x_wconf 91' lang='lat' dir='ltr'><strong>enim</strong></span> <span class='ocrx_word' id='word_1_391' title='bbox 2339 2661 2394 2707; x_wconf 89' lang='lat' dir='ltr'><strong>et</strong></span> <span class='ocrx_word' id='word_1_392' title='bbox 2442 2653 2919 2721; x_wconf 84' lang='lat' dir='ltr'><strong>supercumulata</strong></span> <span class='ocrx_word' id='word_1_393' title='bbox 2970 2669 3242 2708; x_wconf 86' lang='lat' dir='ltr'><strong>mensura</strong></span> <span class='ocrx_word' id='word_1_394' title='bbox 3288 2662 3677 2726; x_wconf 84' lang='lat' dir='ltr'><strong>peccatorum,</strong></span> <span class='ocrx_word' id='word_1_395' title='bbox 3711 2676 3846 2716; x_wconf 88' lang='lat' dir='ltr'><strong>cum</strong></span> 
     </span>
    </p>
   </div>
   <div class='ocr_carea' id='block_1_58' title="bbox 2136 2742 3842 2814">
    <p class='ocr_par' dir='ltr' id='par_1_58' title="bbox 2136 2742 3842 2814">
     <span class='ocr_line' id='line_1_58' title="bbox 2136 2742 3842 2814; baseline 0.003 -14"><span class='ocrx_word' id='word_1_396' title='bbox 2136 2761 2210 2800; x_wconf 87' lang='lat' dir='ltr'><strong>ne</strong></span> <span class='ocrx_word' id='word_1_397' title='bbox 2234 2742 2548 2798; x_wconf 83' lang='lat' dir='ltr'><strong>scintillam</strong></span> <span class='ocrx_word' id='word_1_398' title='bbox 2596 2743 2855 2813; x_wconf 87' lang='lat' dir='ltr'><strong>quidem,</strong></span> <span class='ocrx_word' id='word_1_399' title='bbox 2908 2747 2967 2796; x_wconf 87' lang='lat' dir='ltr'><strong>ut</strong></span> <span class='ocrx_word' id='word_1_400' title='bbox 3017 2743 3101 2797; x_wconf 80' lang='lat' dir='ltr'><strong>sic</strong></span> <span class='ocrx_word' id='word_1_401' title='bbox 3149 2745 3361 2814; x_wconf 84' lang='lat' dir='ltr'><strong>dicam,</strong></span> <span class='ocrx_word' id='word_1_402' title='bbox 3414 2746 3574 2801; x_wconf 80' lang='lat' dir='ltr'><strong>bonae</strong></span> <span class='ocrx_word' id='word_1_403' title='bbox 3626 2750 3842 2807; x_wconf 86' lang='lat' dir='ltr'><strong>mentis</strong></span> 
     </span>
    </p>
   </div>
   <div class='ocr_carea' id='block_1_59' title="bbox 2136 2831 3842 2908">
    <p class='ocr_par' dir='ltr' id='par_1_59' title="bbox 2136 2831 3842 2908">
     <span class='ocr_line' id='line_1_59' title="bbox 2136 2831 3842 2908; baseline 0.006 -23"><span class='ocrx_word' id='word_1_404' title='bbox 2136 2835 2203 2889; x_wconf 88' lang='lat' dir='ltr'><strong>ad</strong></span> <span class='ocrx_word' id='word_1_405' title='bbox 2241 2850 2402 2904; x_wconf 89' lang='lat' dir='ltr'><strong>spem</strong></span> <span class='ocrx_word' id='word_1_406' title='bbox 2441 2833 2792 2903; x_wconf 71' lang='lat' dir='ltr'><strong>poenitentiae</strong></span> <span class='ocrx_word' id='word_1_407' title='bbox 2826 2831 3110 2903; x_wconf 87' lang='lat' dir='ltr'><strong>reliquam</strong></span> <span class='ocrx_word' id='word_1_408' title='bbox 3147 2834 3437 2902; x_wconf 78' lang='lat' dir='ltr'><strong>fecissent,</strong></span> <span class='ocrx_word' id='word_1_409' title='bbox 3475 2839 3608 2908; x_wconf 86' lang='lat' dir='ltr'><strong>igne</strong></span> <span class='ocrx_word' id='word_1_410' title='bbox 3638 2839 3842 2895; x_wconf 67' lang='lat' dir='ltr'><strong>divinae</strong></span> 
     </span>
    </p>
   </div>
   <div class='ocr_carea' id='block_1_60' title="bbox 2137 2923 3845 2991">
    <p class='ocr_par' dir='ltr' id='par_1_60' title="bbox 2137 2923 3845 2991">
     <span class='ocr_line' id='line_1_60' title="bbox 2137 2923 3845 2991; baseline 0.004 -14"><span class='ocrx_word' id='word_1_411' title='bbox 2137 2923 2378 2977; x_wconf 86' lang='lat' dir='ltr'><strong>ultionis</strong></span> <span class='ocrx_word' id='word_1_412' title='bbox 2409 2923 2801 2976; x_wconf 89' lang='lat' dir='ltr'><strong>instrumento</strong></span> <span class='ocrx_word' id='word_1_413' title='bbox 2833 2933 2964 2975; x_wconf 89' lang='lat' dir='ltr'><strong>sunt</strong></span> <span class='ocrx_word' id='word_1_414' title='bbox 3001 2923 3305 2991; x_wconf 86' lang='lat' dir='ltr'><strong>assumpti.</strong></span> <span class='ocrx_word' id='word_1_415' title='bbox 3340 2924 3436 2980; x_wconf 83' lang='lat' dir='ltr'><strong>Sic</strong></span> <span class='ocrx_word' id='word_1_416' title='bbox 3467 2937 3519 2980; x_wconf 89' lang='lat' dir='ltr'><strong>et</strong></span> <span class='ocrx_word' id='word_1_417' title='bbox 3547 2927 3606 2982; x_wconf 91' lang='lat' dir='ltr'><strong>in</strong></span> <span class='ocrx_word' id='word_1_418' title='bbox 3637 2930 3845 2985; x_wconf 84' lang='lat' dir='ltr'><strong>diebus</strong></span> 
     </span>
    </p>
   </div>
   <div class='ocr_carea' id='block_1_61' title="bbox 2136 3009 3846 3080">
    <p class='ocr_par' dir='ltr' id='par_1_61' title="bbox 2136 3009 3846 3080">
     <span class='ocr_line' id='line_1_61' title="bbox 2136 3009 3846 3080; baseline 0.004 -15"><span class='ocrx_word' id='word_1_419' title='bbox 2136 3010 2274 3076; x_wconf 89' lang='lat' dir='ltr'><strong>Noe,</strong></span> <span class='ocrx_word' id='word_1_420' title='bbox 2309 3011 2539 3080; x_wconf 86' lang='lat' dir='ltr'><strong>quando</strong></span> <span class='ocrx_word' id='word_1_421' title='bbox 2575 3015 2810 3064; x_wconf 84' lang='lat' dir='ltr'><strong>ruentes</strong></span> <span class='ocrx_word' id='word_1_422' title='bbox 2860 3009 3061 3064; x_wconf 81' lang='lat' dir='ltr'><strong>eti&#39;usis</strong></span> <span class='ocrx_word' id='word_1_423' title='bbox 3101 3009 3158 3064; x_wconf 92' lang='lat' dir='ltr'><strong>in</strong></span> <span class='ocrx_word' id='word_1_424' title='bbox 3202 3017 3362 3065; x_wconf 82' lang='lat' dir='ltr'><strong>nefas</strong></span> <span class='ocrx_word' id='word_1_425' title='bbox 3395 3029 3567 3068; x_wconf 91' lang='lat' dir='ltr'><strong>omne</strong></span> <span class='ocrx_word' id='word_1_426' title='bbox 3599 3015 3846 3072; x_wconf 87' lang='lat' dir='ltr'><strong>habenis</strong></span> 
     </span>
    </p>
   </div>
   <div class='ocr_carea' id='block_1_62' title="bbox 2136 3098 3846 3168">
    <p class='ocr_par' dir='ltr' id='par_1_62' title="bbox 2136 3098 3846 3168">
     <span class='ocr_line' id='line_1_62' title="bbox 2136 3098 3846 3168; baseline 0.004 -14"><span class='ocrx_word' id='word_1_427' title='bbox 2136 3099 2425 3163; x_wconf 88' lang='lat' dir='ltr'><strong>homines,</strong></span> <span class='ocrx_word' id='word_1_428' title='bbox 2456 3098 2616 3152; x_wconf 91' lang='lat' dir='ltr'><strong>nullo</strong></span> <span class='ocrx_word' id='word_1_429' title='bbox 2657 3105 3002 3168; x_wconf 87' lang='lat' dir='ltr'><strong>argumento</strong></span> <span class='ocrx_word' id='word_1_430' title='bbox 3054 3099 3186 3153; x_wconf 88' lang='lat' dir='ltr'><strong>dato</strong></span> <span class='ocrx_word' id='word_1_431' title='bbox 3239 3101 3626 3157; x_wconf 90' lang='lat' dir='ltr'><strong>verisimiliter</strong></span> <span class='ocrx_word' id='word_1_432' title='bbox 3659 3107 3846 3160; x_wconf 83' lang='lat' dir='ltr'><strong>conti-</strong></span> 
     </span>
    </p>
   </div>
   <div class='ocr_carea' id='block_1_63' title="bbox 2135 3187 3842 3267">
    <p class='ocr_par' dir='ltr' id='par_1_63' title="bbox 2135 3187 3842 3267">
     <span class='ocr_line' id='line_1_63' title="bbox 2135 3187 3842 3267; baseline 0.005 -25"><span class='ocrx_word' id='word_1_433' title='bbox 2135 3188 2310 3243; x_wconf 88' lang='lat' dir='ltr'><strong>dendi</strong></span> <span class='ocrx_word' id='word_1_434' title='bbox 2363 3190 2502 3254; x_wconf 82' lang='lat' dir='ltr'><strong>fore,</strong></span> <span class='ocrx_word' id='word_1_435' title='bbox 2555 3191 2618 3240; x_wconf 91' lang='lat' dir='ltr'><strong>ut</strong></span> <span class='ocrx_word' id='word_1_436' title='bbox 2661 3189 2730 3240; x_wconf 86' lang='lat' dir='ltr'><strong>ad</strong></span> <span class='ocrx_word' id='word_1_437' title='bbox 2784 3187 3080 3241; x_wconf 87' lang='lat' dir='ltr'><strong>meliorem</strong></span> <span class='ocrx_word' id='word_1_438' title='bbox 3133 3205 3191 3242; x_wconf 88' lang='lat' dir='ltr'><strong>se</strong></span> <span class='ocrx_word' id='word_1_439' title='bbox 3225 3189 3446 3260; x_wconf 83' lang='lat' dir='ltr'><strong>frugem</strong></span> <span class='ocrx_word' id='word_1_440' title='bbox 3495 3192 3842 3267; x_wconf 84' lang='lat' dir='ltr'><strong>reciperent,</strong></span> 
     </span>
    </p>
   </div>
   <div class='ocr_carea' id='block_1_64' title="bbox 381 3251 2021 3356">
    <p class='ocr_par' dir='ltr' id='par_1_64' title="bbox 381 3275 2020 3355">
     <span class='ocr_line' id='line_1_64' title="bbox 381 3275 2020 3355; baseline -0.001 -20"><span class='ocrx_word' id='word_1_441' title='bbox 381 3303 589 3355; x_wconf 73' lang='grc' dir='ltr'>φωσαν,</span> <span class='ocrx_word' id='word_1_442' title='bbox 634 3281 707 3342; x_wconf 86' lang='grc' dir='ltr'>ὡς</span> <span class='ocrx_word' id='word_1_443' title='bbox 765 3283 940 3334; x_wconf 73' lang='grc' dir='ltr'>πᾶσαν</span> <span class='ocrx_word' id='word_1_444' title='bbox 993 3279 1134 3350; x_wconf 84' lang='grc' dir='ltr'>ὁμοῦ</span> <span class='ocrx_word' id='word_1_445' title='bbox 1187 3277 1286 3345; x_wconf 74' lang='grc' dir='ltr'>τὴν</span> <span class='ocrx_word' id='word_1_446' title='bbox 1317 3284 1418 3350; x_wconf 77' lang='grc' dir='ltr'>γῆν</span> <span class='ocrx_word' id='word_1_447' title='bbox 1473 3278 1546 3339; x_wconf 76' lang='grc' dir='ltr'>εἱς</span> <span class='ocrx_word' id='word_1_448' title='bbox 1579 3283 1679 3330; x_wconf 77' lang='grc' dir='ltr'>πᾶν</span> <span class='ocrx_word' id='word_1_449' title='bbox 1729 3275 2020 3352; x_wconf 66' lang='grc' dir='ltr'>διαφθαρῆ.</span> 
     </span>
    </p>
   </div>
   <div class='ocr_carea' id='block_1_65' title="bbox 2135 3251 3842 3356">
    <p class='ocr_par' dir='ltr' id='par_1_65' title="bbox 2137 3251 3842 3356">
     <span class='ocr_line' id='line_1_65' title="bbox 2137 3251 3842 3356; baseline 0.004 -25"><span class='ocrx_word' id='word_1_450' title='bbox 2137 3282 2358 3332; x_wconf 87' lang='lat' dir='ltr'><strong>tantam</strong></span> <span class='ocrx_word' id='word_1_451' title='bbox 2421 3283 2658 3346; x_wconf 89' lang='lat' dir='ltr'><strong>tamque</strong></span> <span class='ocrx_word' id='word_1_452' title='bbox 2715 3291 2948 3346; x_wconf 88' lang='lat' dir='ltr'><strong>gravem</strong></span> <span class='ocrx_word' id='word_1_453' title='bbox 3007 3291 3184 3348; x_wconf 85' lang='lat' dir='ltr'><strong>supra</strong></span> <span class='ocrx_word' id='word_1_454' title='bbox 3231 3295 3360 3333; x_wconf 87' lang='lat' dir='ltr'><strong>sese</strong></span> <span class='ocrx_word' id='word_1_455' title='bbox 3405 3280 3616 3335; x_wconf 82' lang='lat' dir='ltr'><strong>molem</strong></span> <span class='ocrx_word' id='word_1_456' title='bbox 3672 3251 3842 3356; x_wconf 59' lang='lat' dir='ltr'><strong>exag:</strong></span> 
     </span>
    </p>
   </div>
   <div class='ocr_carea' id='block_1_66' title="bbox 383 3365 2028 3443">
    <p class='ocr_par' dir='ltr' id='par_1_66' title="bbox 383 3365 2028 3443">
     <span class='ocr_line' id='line_1_66' title="bbox 383 3365 2028 3443; baseline -0.002 -21"><span class='ocrx_word' id='word_1_457' title='bbox 383 3391 488 3427; x_wconf 90' lang='grc' dir='ltr'>ναι,</span> <span class='ocrx_word' id='word_1_458' title='bbox 533 3367 689 3425; x_wconf 84' lang='grc' dir='ltr'>Οὕτω</span> <span class='ocrx_word' id='word_1_459' title='bbox 734 3373 849 3428; x_wconf 86' lang='grc' dir='ltr'>τοῖς</span> <span class='ocrx_word' id='word_1_460' title='bbox 901 3365 1214 3443; x_wconf 68' lang='grc' dir='ltr'>Αἰγυπτίοις</span> <span class='ocrx_word' id='word_1_461' title='bbox 1261 3365 1446 3419; x_wconf 78' lang='grc' dir='ltr'>πολλὰ</span> <span class='ocrx_word' id='word_1_462' title='bbox 1497 3365 1892 3438; x_wconf 78' lang='grc' dir='ltr'>πλημμελοῦσι</span> <span class='ocrx_word' id='word_1_463' title='bbox 1938 3366 2028 3420; x_wconf 80' lang='grc' dir='ltr'><strong>καὶ</strong></span> 
     </span>
    </p>
   </div>
   <div class='ocr_carea' id='block_1_67' title="bbox 387 3451 2029 3529">
    <p class='ocr_par' dir='ltr' id='par_1_67' title="bbox 387 3451 2029 3529">
     <span class='ocr_line' id='line_1_67' title="bbox 387 3451 2029 3529; baseline -0.001 -17"><span class='ocrx_word' id='word_1_464' title='bbox 387 3459 465 3522; x_wconf 64' lang='grc' dir='ltr'><strong>εἷς</strong></span> <span class='ocrx_word' id='word_1_465' title='bbox 492 3461 592 3526; x_wconf 70' lang='grc' dir='ltr'>τήν</span> <span class='ocrx_word' id='word_1_466' title='bbox 633 3461 730 3512; x_wconf 88' lang='grc' dir='ltr'><strong>τοῦ</strong></span> <span class='ocrx_word' id='word_1_467' title='bbox 761 3459 894 3512; x_wconf 88' lang='grc' dir='ltr'>Θεοῦ</span> <span class='ocrx_word' id='word_1_468' title='bbox 934 3455 1064 3512; x_wconf 77' lang='grc' dir='ltr'>λαὸν</span> <span class='ocrx_word' id='word_1_469' title='bbox 1103 3451 1436 3525; x_wconf 74' lang='grc' dir='ltr'>ἐξυϐρίζουσι</span> <span class='ocrx_word' id='word_1_470' title='bbox 1465 3475 1476 3486; x_wconf 92' lang='grc'>·</span> <span class='ocrx_word' id='word_1_471' title='bbox 1513 3457 1757 3529; x_wconf 71' lang='grc' dir='ltr'>χρηστὸς</span> <span class='ocrx_word' id='word_1_472' title='bbox 1787 3456 1850 3523; x_wconf 79' lang='grc' dir='ltr'>ἧν</span> <span class='ocrx_word' id='word_1_473' title='bbox 1903 3455 2029 3510; x_wconf 73' lang='grc' dir='ltr'>ἐκεῖο</span> 
     </span>
    </p>
   </div>
   <div class='ocr_carea' id='block_1_68' title="bbox 383 3540 2030 3618">
    <p class='ocr_par' dir='ltr' id='par_1_68' title="bbox 383 3540 2030 3618">
     <span class='ocr_line' id='line_1_68' title="bbox 383 3540 2030 3618; baseline -0.001 -18"><span class='ocrx_word' id='word_1_474' title='bbox 383 3560 480 3606; x_wconf 77' lang='grc' dir='ltr'><strong>νος</strong></span> <span class='ocrx_word' id='word_1_475' title='bbox 530 3545 590 3600; x_wconf 81' lang='grc' dir='ltr'><strong>οὗ</strong></span> <span class='ocrx_word' id='word_1_476' title='bbox 648 3543 998 3616; x_wconf 70' lang='grc' dir='ltr'>πανωλεθέίᾳ</span> <span class='ocrx_word' id='word_1_477' title='bbox 1037 3540 1392 3618; x_wconf 77' lang='grc' dir='ltr'>παραδιδοὺς,</span> <span class='ocrx_word' id='word_1_478' title='bbox 1445 3541 1587 3598; x_wconf 81' lang='grc' dir='ltr'><strong>ἀλλᾶ</strong></span> <span class='ocrx_word' id='word_1_479' title='bbox 1628 3541 1716 3597; x_wconf 76' lang='grc' dir='ltr'><strong>διὰ</strong></span> <span class='ocrx_word' id='word_1_480' title='bbox 1758 3549 1864 3598; x_wconf 81' lang='grc' dir='ltr'><strong>τῶν</strong></span> <span class='ocrx_word' id='word_1_481' title='bbox 1895 3544 2030 3598; x_wconf 82' lang='grc' dir='ltr'>κατᾶ</span> 
     </span>
    </p>
   </div>
   <div class='ocr_carea' id='block_1_69' title="bbox 388 3628 2028 3709">
    <p class='ocr_par' dir='ltr' id='par_1_69' title="bbox 388 3628 2028 3709">
     <span class='ocr_line' id='line_1_69' title="bbox 388 3628 2028 3709; baseline -0.002 -21"><span class='ocrx_word' id='word_1_482' title='bbox 388 3635 548 3709; x_wconf 81' lang='grc' dir='ltr'>μέρος</span> <span class='ocrx_word' id='word_1_483' title='bbox 607 3632 878 3709; x_wconf 85' lang='grc' dir='ltr'>μαστίγων</span> <span class='ocrx_word' id='word_1_484' title='bbox 928 3633 1005 3693; x_wconf 68' lang='grc' dir='ltr'>εἷς</span> <span class='ocrx_word' id='word_1_485' title='bbox 1062 3639 1344 3704; x_wconf 85' lang='grc' dir='ltr'>μετάνοιαν</span> <span class='ocrx_word' id='word_1_486' title='bbox 1407 3629 1759 3705; x_wconf 74' lang='grc' dir='ltr'>ἐπαγόμενος·</span> <span class='ocrx_word' id='word_1_487' title='bbox 1811 3629 1924 3686; x_wconf 76' lang='grc' dir='ltr'>ἐπεί</span> <span class='ocrx_word' id='word_1_488' title='bbox 1973 3628 2028 3685; x_wconf 78' lang='grc' dir='ltr'><strong>δὲ</strong></span> 
     </span>
    </p>
   </div>
   <div class='ocr_carea' id='block_1_70' title="bbox 386 3717 2024 3800">
    <p class='ocr_par' dir='ltr' id='par_1_70' title="bbox 386 3717 2024 3800">
     <span class='ocr_line' id='line_1_70' title="bbox 386 3717 2024 3800; baseline -0.002 -23"><span class='ocrx_word' id='word_1_489' title='bbox 386 3721 790 3800; x_wconf 59' lang='grc' dir='ltr'>ἐπιστρέφοντες</span> <span class='ocrx_word' id='word_1_490' title='bbox 857 3723 1172 3798; x_wconf 84' lang='grc' dir='ltr'>ἀγαπηνῶς,</span> <span class='ocrx_word' id='word_1_491' title='bbox 1251 3717 1412 3775; x_wconf 78' lang='grc' dir='ltr'>πάλιν</span> <span class='ocrx_word' id='word_1_492' title='bbox 1484 3721 1617 3792; x_wconf 82' lang='grc' dir='ltr'>πρὸς</span> <span class='ocrx_word' id='word_1_493' title='bbox 1673 3722 1770 3788; x_wconf 73' lang='grc' dir='ltr'>τὴν</span> <span class='ocrx_word' id='word_1_494' title='bbox 1835 3720 2024 3774; x_wconf 77' lang='grc' dir='ltr'>κακίαν</span> 
     </span>
    </p>
   </div>
   <div class='ocr_carea' id='block_1_71' title="bbox 383 3809 2024 3890">
    <p class='ocr_par' dir='ltr' id='par_1_71' title="bbox 383 3809 2024 3890">
     <span class='ocr_line' id='line_1_71' title="bbox 383 3809 2024 3890; baseline -0.003 -22"><span class='ocrx_word' id='word_1_495' title='bbox 383 3812 738 3890; x_wconf 63' lang='grc' dir='ltr'>ἂνέστρειρον,</span> <span class='ocrx_word' id='word_1_496' title='bbox 805 3812 892 3865; x_wconf 85' lang='grc' dir='ltr'><strong>καὶ</strong></span> <span class='ocrx_word' id='word_1_497' title='bbox 964 3813 1062 3883; x_wconf 81' lang='grc' dir='ltr'>τῇς</span> <span class='ocrx_word' id='word_1_498' title='bbox 1117 3809 1382 3884; x_wconf 79' lang='grc' dir='ltr'>προτέρας</span> <span class='ocrx_word' id='word_1_499' title='bbox 1451 3809 1667 3884; x_wconf 67' lang='grc' dir='ltr'>εἴχοντο</span> <span class='ocrx_word' id='word_1_500' title='bbox 1737 3809 2024 3876; x_wconf 79' lang='grc' dir='ltr'>ἅπιστίας,</span> 
     </span>
    </p>
   </div>
   <div class='ocr_carea' id='block_1_72' title="bbox 379 3897 2024 3975">
    <p class='ocr_par' dir='ltr' id='par_1_72' title="bbox 379 3897 2024 3975">
     <span class='ocr_line' id='line_1_72' title="bbox 379 3897 2024 3975; baseline -0.002 -19"><span class='ocrx_word' id='word_1_501' title='bbox 379 3897 609 3975; x_wconf 67' lang='grc' dir='ltr'>ἔσχατον</span> <span class='ocrx_word' id='word_1_502' title='bbox 668 3899 724 3955; x_wconf 77' lang='grc' dir='ltr'><strong>δὲ</strong></span> <span class='ocrx_word' id='word_1_503' title='bbox 789 3901 878 3954; x_wconf 79' lang='grc' dir='ltr'><strong>καὶ</strong></span> <span class='ocrx_word' id='word_1_504' title='bbox 954 3900 1044 3953; x_wconf 79' lang='grc' dir='ltr'>τὸν</span> <span class='ocrx_word' id='word_1_505' title='bbox 1104 3899 1236 3954; x_wconf 83' lang='grc' dir='ltr'>λαὸν</span> <span class='ocrx_word' id='word_1_506' title='bbox 1289 3903 1386 3954; x_wconf 85' lang='grc' dir='ltr'><strong>τοῦ</strong></span> <span class='ocrx_word' id='word_1_507' title='bbox 1445 3899 1645 3972; x_wconf 83' lang='grc' dir='ltr'>Κυρίου</span> <span class='ocrx_word' id='word_1_508' title='bbox 1699 3897 2024 3972; x_wconf 75' lang='grc' dir='ltr'>ἀναγόμενον</span> 
     </span>
    </p>
   </div>
   <div class='ocr_carea' id='block_1_73' title="bbox 377 3983 2024 4055">
    <p class='ocr_par' dir='ltr' id='par_1_73' title="bbox 377 3983 2024 4055">
     <span class='ocr_line' id='line_1_73' title="bbox 377 3983 2024 4055; baseline -0.002 -14"><span class='ocrx_word' id='word_1_509' title='bbox 377 3986 730 4054; x_wconf 80' lang='grc' dir='ltr'>κατεδίωκον,</span> <span class='ocrx_word' id='word_1_510' title='bbox 780 3986 1054 4040; x_wconf 76' lang='grc' dir='ltr'>ἂνάλωσεν</span> <span class='ocrx_word' id='word_1_511' title='bbox 1105 3986 1301 4046; x_wconf 75' lang='grc' dir='ltr'>αὐτοὺς</span> <span class='ocrx_word' id='word_1_512' title='bbox 1351 3988 1386 4054; x_wconf 76' lang='grc' dir='ltr'>ἡ</span> <span class='ocrx_word' id='word_1_513' title='bbox 1436 3987 1548 4040; x_wconf 78' lang='grc' dir='ltr'>θεῖα</span> <span class='ocrx_word' id='word_1_514' title='bbox 1598 3983 1724 4055; x_wconf 77' lang='grc' dir='ltr'>δίκη</span> <span class='ocrx_word' id='word_1_515' title='bbox 1763 3985 1824 4039; x_wconf 90' lang='grc' dir='ltr'>τὸ</span> <span class='ocrx_word' id='word_1_516' title='bbox 1874 3986 2024 4039; x_wconf 78' lang='grc' dir='ltr'>σύνο-</span> 
     </span>
    </p>
   </div>
   <div class='ocr_carea' id='block_1_74' title="bbox 379 4073 2026 4148">
    <p class='ocr_par' dir='ltr' id='par_1_74' title="bbox 379 4073 2026 4148">
     <span class='ocr_line' id='line_1_74' title="bbox 379 4073 2026 4148; baseline -0.001 -18"><span class='ocrx_word' id='word_1_517' title='bbox 379 4076 476 4130; x_wconf 90' lang='grc' dir='ltr'><strong>λον</strong></span> <span class='ocrx_word' id='word_1_518' title='bbox 507 4075 594 4130; x_wconf 78' lang='grc' dir='ltr'>καί</span> <span class='ocrx_word' id='word_1_519' title='bbox 629 4073 930 4132; x_wconf 70' lang='grc' dir='ltr'>ἀπώλεσεν.</span> <span class='ocrx_word' id='word_1_520' title='bbox 977 4073 1128 4128; x_wconf 90' lang='grc' dir='ltr'>Οὕτω</span> <span class='ocrx_word' id='word_1_521' title='bbox 1177 4079 1272 4128; x_wconf 91' lang='grc' dir='ltr'><strong>τοῦ</strong></span> <span class='ocrx_word' id='word_1_522' title='bbox 1305 4075 1526 4147; x_wconf 71' lang='grc' dir='ltr'>Ἰσραήλ</span> <span class='ocrx_word' id='word_1_523' title='bbox 1559 4073 1744 4128; x_wconf 72' lang='grc' dir='ltr'>πολλὰ</span> <span class='ocrx_word' id='word_1_524' title='bbox 1773 4075 2026 4148; x_wconf 81' lang='grc' dir='ltr'>ἁμαρτά-</span> 
     </span>
    </p>
   </div>
   <div class='ocr_carea' id='block_1_75' title="bbox 374 4162 2022 4238">
    <p class='ocr_par' dir='ltr' id='par_1_75' title="bbox 374 4162 2022 4238">
     <span class='ocr_line' id='line_1_75' title="bbox 374 4162 2022 4238; baseline -0.001 -19"><span class='ocrx_word' id='word_1_525' title='bbox 374 4185 583 4230; x_wconf 82' lang='grc' dir='ltr'>νοντος,</span> <span class='ocrx_word' id='word_1_526' title='bbox 633 4166 724 4219; x_wconf 90' lang='grc' dir='ltr'><strong>καὶ</strong></span> <span class='ocrx_word' id='word_1_527' title='bbox 768 4162 895 4223; x_wconf 79' lang='grc' dir='ltr'>τοὺς</span> <span class='ocrx_word' id='word_1_528' title='bbox 954 4165 1240 4238; x_wconf 72' lang='grc' dir='ltr'>προφήτας</span> <span class='ocrx_word' id='word_1_529' title='bbox 1289 4162 1678 4226; x_wconf 78' lang='grc' dir='ltr'>ὀιποκτενόντος</span> <span class='ocrx_word' id='word_1_530' title='bbox 1721 4168 1818 4216; x_wconf 82' lang='grc' dir='ltr'><strong>τοῦ</strong></span> <span class='ocrx_word' id='word_1_531' title='bbox 1868 4167 2022 4234; x_wconf 90' lang='grc' dir='ltr'>Θεοῦ,</span> 
     </span>
    </p>
   </div>
   <div class='ocr_carea' id='block_1_76' title="bbox 371 4251 2022 4328">
    <p class='ocr_par' dir='ltr' id='par_1_76' title="bbox 371 4251 2022 4328">
     <span class='ocr_line' id='line_1_76' title="bbox 371 4251 2022 4328; baseline -0.001 -20"><span class='ocrx_word' id='word_1_532' title='bbox 371 4259 471 4321; x_wconf 76' lang='grc' dir='ltr'>τῆς</span> <span class='ocrx_word' id='word_1_533' title='bbox 515 4255 783 4324; x_wconf 70' lang='grc' dir='ltr'>συνήθους</span> <span class='ocrx_word' id='word_1_534' title='bbox 829 4251 984 4314; x_wconf 76' lang='grc' dir='ltr'>οὗτος</span> <span class='ocrx_word' id='word_1_535' title='bbox 1029 4251 1404 4328; x_wconf 82' lang='grc' dir='ltr'>μακροθυμίας</span> <span class='ocrx_word' id='word_1_536' title='bbox 1444 4251 1648 4328; x_wconf 84' lang='grc' dir='ltr'>ἐγίνετο</span> <span class='ocrx_word' id='word_1_537' title='bbox 1679 4273 1689 4284; x_wconf 94' lang='grc'><strong>·</strong></span> <span class='ocrx_word' id='word_1_538' title='bbox 1717 4251 1828 4307; x_wconf 76' lang='grc' dir='ltr'>ἐπεὶ</span> <span class='ocrx_word' id='word_1_539' title='bbox 1863 4251 1918 4308; x_wconf 73' lang='grc' dir='ltr'><strong>δὲ</strong></span> <span class='ocrx_word' id='word_1_540' title='bbox 1948 4253 2022 4314; x_wconf 73' lang='grc' dir='ltr'><strong>εὶς</strong></span> 
     </span>
    </p>
   </div>
   <div class='ocr_carea' id='block_1_77' title="bbox 368 4339 2021 4416">
    <p class='ocr_par' dir='ltr' id='par_1_77' title="bbox 368 4339 2021 4416">
     <span class='ocr_line' id='line_1_77' title="bbox 368 4339 2021 4416; baseline -0.001 -17"><span class='ocrx_word' id='word_1_541' title='bbox 368 4348 530 4400; x_wconf 81' lang='grc' dir='ltr'>τοῦτο</span> <span class='ocrx_word' id='word_1_542' title='bbox 594 4343 784 4404; x_wconf 79' lang='grc' dir='ltr'>κακίας</span> <span class='ocrx_word' id='word_1_543' title='bbox 845 4343 1180 4416; x_wconf 81' lang='grc' dir='ltr'>προέκοψαν,</span> <span class='ocrx_word' id='word_1_544' title='bbox 1249 4343 1322 4402; x_wconf 84' lang='grc' dir='ltr'><strong>ὡς</strong></span> <span class='ocrx_word' id='word_1_545' title='bbox 1394 4339 1533 4414; x_wconf 58' lang='grc' dir='ltr'>μηδὲ</span> <span class='ocrx_word' id='word_1_546' title='bbox 1587 4344 1647 4396; x_wconf 86' lang='grc' dir='ltr'>τὸ</span> <span class='ocrx_word' id='word_1_547' title='bbox 1698 4344 2021 4398; x_wconf 84' lang='grc' dir='ltr'>Δεσποτικὸν</span> 
     </span>
    </p>
   </div>
   <div class='ocr_carea' id='block_1_78' title="bbox 371 4427 2019 4508">
    <p class='ocr_par' dir='ltr' id='par_1_78' title="bbox 371 4427 2019 4508">
     <span class='ocr_line' id='line_1_78' title="bbox 371 4427 2019 4508; baseline -0.002 -19"><span class='ocrx_word' id='word_1_548' title='bbox 371 4431 764 4504; x_wconf 81' lang='grc' dir='ltr'>ὃυσωπηθῆναι</span> <span class='ocrx_word' id='word_1_549' title='bbox 840 4429 1110 4506; x_wconf 72' lang='grc' dir='ltr'>ἀξίωμα,</span> <span class='ocrx_word' id='word_1_550' title='bbox 1189 4427 1334 4486; x_wconf 70' lang='grc' dir='ltr'>ἀλλὰ</span> <span class='ocrx_word' id='word_1_551' title='bbox 1399 4429 1627 4504; x_wconf 79' lang='grc' dir='ltr'>κάκείνῳ</span> <span class='ocrx_word' id='word_1_552' title='bbox 1693 4433 2019 4508; x_wconf 76' lang='grc' dir='ltr'>μιαιφόνους</span> 
     </span>
    </p>
   </div>
   <div class='ocr_carea' id='block_1_79' title="bbox 371 4517 2016 4600">
    <p class='ocr_par' dir='ltr' id='par_1_79' title="bbox 371 4517 2016 4600">
     <span class='ocr_line' id='line_1_79' title="bbox 371 4517 2016 4600; baseline -0.002 -21"><span class='ocrx_word' id='word_1_553' title='bbox 371 4530 562 4600; x_wconf 83' lang='grc' dir='ltr'>χεῖρας</span> <span class='ocrx_word' id='word_1_554' title='bbox 629 4517 910 4578; x_wconf 76' lang='grc' dir='ltr'>ἐπιϐαλεῖν</span> <span class='ocrx_word' id='word_1_555' title='bbox 947 4520 1072 4576; x_wconf 81' lang='grc' dir='ltr'>’καὶ</span> <span class='ocrx_word' id='word_1_556' title='bbox 1121 4521 1283 4577; x_wconf 82' lang='grc' dir='ltr'>αὐτοὶ</span> <span class='ocrx_word' id='word_1_557' title='bbox 1339 4523 1578 4593; x_wconf 73' lang='grc' dir='ltr'>καθάπαξ</span> <span class='ocrx_word' id='word_1_558' title='bbox 1631 4517 2016 4591; x_wconf 58' lang='grc' dir='ltr'>έτεϐληθησάν</span> 
     </span>
    </p>
   </div>
   <div class='ocr_carea' id='block_1_80' title="bbox 2139 3366 3836 3438">
    <p class='ocr_par' dir='ltr' id='par_1_80' title="bbox 2139 3366 3836 3438">
     <span class='ocr_line' id='line_1_80' title="bbox 2139 3366 3836 3438; baseline 0.005 -17"><span class='ocrx_word' id='word_1_559' title='bbox 2139 3373 2408 3438; x_wconf 86' lang='lat' dir='ltr'><strong>gerarunt</strong></span> <span class='ocrx_word' id='word_1_560' title='bbox 2456 3366 2816 3430; x_wconf 89' lang='lat' dir='ltr'><strong>deliclorum,</strong></span> <span class='ocrx_word' id='word_1_561' title='bbox 2875 3370 2938 3418; x_wconf 82' lang='lat' dir='ltr'><strong>ut.</strong></span> <span class='ocrx_word' id='word_1_562' title='bbox 2985 3383 3181 3422; x_wconf 90' lang='lat' dir='ltr'><strong>secum</strong></span> <span class='ocrx_word' id='word_1_563' title='bbox 3237 3374 3445 3424; x_wconf 82' lang='lat' dir='ltr'><strong>terram</strong></span> <span class='ocrx_word' id='word_1_564' title='bbox 3508 3375 3836 3431; x_wconf 83' lang='lat' dir='ltr'><strong>universam</strong></span> 
     </span>
    </p>
   </div>
   <div class='ocr_carea' id='block_1_81' title="bbox 2139 3455 3840 3535">
    <p class='ocr_par' dir='ltr' id='par_1_81' title="bbox 2139 3455 3840 3535">
     <span class='ocr_line' id='line_1_81' title="bbox 2139 3455 3840 3535; baseline 0.005 -25"><span class='ocrx_word' id='word_1_565' title='bbox 2139 3457 2196 3510; x_wconf 92' lang='lat' dir='ltr'><strong>in</strong></span> <span class='ocrx_word' id='word_1_566' title='bbox 2231 3457 2474 3510; x_wconf 85' lang='lat' dir='ltr'><strong>exitium</strong></span> <span class='ocrx_word' id='word_1_567' title='bbox 2521 3455 2942 3526; x_wconf 85' lang='lat' dir='ltr'><strong>pertraherent.</strong></span> <span class='ocrx_word' id='word_1_568' title='bbox 2995 3457 3151 3512; x_wconf 80' lang='lat' dir='ltr'><strong>Haud</strong></span> <span class='ocrx_word' id='word_1_569' title='bbox 3202 3459 3513 3514; x_wconf 85' lang='lat' dir='ltr'><strong>dissimilia</strong></span> <span class='ocrx_word' id='word_1_570' title='bbox 3555 3462 3840 3535; x_wconf 68' lang='lat' dir='ltr'><strong>Egyptiis</strong></span> 
     </span>
    </p>
   </div>
   <div class='ocr_carea' id='block_1_82' title="bbox 2138 3545 3843 3617">
    <p class='ocr_par' dir='ltr' id='par_1_82' title="bbox 2138 3545 3843 3617">
     <span class='ocr_line' id='line_1_82' title="bbox 2138 3545 3843 3617; baseline 0.005 -15"><span class='ocrx_word' id='word_1_571' title='bbox 2138 3561 2406 3611; x_wconf 85' lang='lat' dir='ltr'><strong>evenere,</strong></span> <span class='ocrx_word' id='word_1_572' title='bbox 2457 3545 2638 3598; x_wconf 85' lang='lat' dir='ltr'><strong>multa</strong></span> <span class='ocrx_word' id='word_1_573' title='bbox 2688 3550 2890 3599; x_wconf 88' lang='lat' dir='ltr'><strong>contra</strong></span> <span class='ocrx_word' id='word_1_574' title='bbox 2941 3545 3121 3600; x_wconf 89' lang='lat' dir='ltr'><strong>Deum</strong></span> <span class='ocrx_word' id='word_1_575' title='bbox 3179 3549 3357 3616; x_wconf 82' lang='lat' dir='ltr'><strong>impie</strong></span> <span class='ocrx_word' id='word_1_576' title='bbox 3407 3552 3588 3617; x_wconf 81' lang='lat' dir='ltr'><strong>ausis,</strong></span> <span class='ocrx_word' id='word_1_577' title='bbox 3641 3553 3843 3610; x_wconf 81' lang='lat' dir='ltr'><strong>multis</strong></span> 
     </span>
    </p>
   </div>
   <div class='ocr_carea' id='block_1_83' title="bbox 2139 3635 3844 3714">
    <p class='ocr_par' dir='ltr' id='par_1_83' title="bbox 2139 3635 3844 3714">
     <span class='ocr_line' id='line_1_83' title="bbox 2139 3635 3844 3714; baseline 0.005 -24"><span class='ocrx_word' id='word_1_578' title='bbox 2139 3635 2418 3708; x_wconf 82' lang='lat' dir='ltr'><strong>grassatis</strong></span> <span class='ocrx_word' id='word_1_579' title='bbox 2469 3635 2526 3688; x_wconf 92' lang='lat' dir='ltr'><strong>in</strong></span> <span class='ocrx_word' id='word_1_580' title='bbox 2575 3635 2701 3704; x_wconf 85' lang='lat' dir='ltr'><strong>ejus</strong></span> <span class='ocrx_word' id='word_1_581' title='bbox 2762 3635 3040 3706; x_wconf 85' lang='lat' dir='ltr'><strong>pepulum</strong></span> <span class='ocrx_word' id='word_1_582' title='bbox 3095 3637 3349 3707; x_wconf 87' lang='lat' dir='ltr'><strong>injuriis.</strong></span> <span class='ocrx_word' id='word_1_583' title='bbox 3387 3639 3580 3714; x_wconf 83' lang='lat' dir='ltr'><strong>Bonus</strong></span> <span class='ocrx_word' id='word_1_584' title='bbox 3612 3643 3844 3713; x_wconf 89' lang='lat' dir='ltr'><strong>quidem</strong></span> 
     </span>
    </p>
   </div>
   <div class='ocr_carea' id='block_1_84' title="bbox 2138 3723 3847 3804">
    <p class='ocr_par' dir='ltr' id='par_1_84' title="bbox 2138 3723 3847 3804">
     <span class='ocr_line' id='line_1_84' title="bbox 2138 3723 3847 3804; baseline 0.006 -26"><span class='ocrx_word' id='word_1_585' title='bbox 2138 3724 2416 3779; x_wconf 88' lang='lat' dir='ltr'><strong>Dominus</strong></span> <span class='ocrx_word' id='word_1_586' title='bbox 2447 3723 2668 3777; x_wconf 89' lang='lat' dir='ltr'><strong>cladem</strong></span> <span class='ocrx_word' id='word_1_587' title='bbox 2718 3733 3030 3778; x_wconf 78' lang='lat' dir='ltr'><strong>extremam</strong></span> <span class='ocrx_word' id='word_1_588' title='bbox 3080 3725 3178 3778; x_wconf 91' lang='lat' dir='ltr'><strong>diu</strong></span> <span class='ocrx_word' id='word_1_589' title='bbox 3225 3727 3469 3796; x_wconf 84' lang='lat' dir='ltr'><strong>distulit,</strong></span> <span class='ocrx_word' id='word_1_590' title='bbox 3503 3729 3634 3785; x_wconf 88' lang='lat' dir='ltr'><strong>aliis</strong></span> <span class='ocrx_word' id='word_1_591' title='bbox 3667 3749 3847 3804; x_wconf 80' lang='lat' dir='ltr'><strong>super</strong></span> 
     </span>
    </p>
   </div>
   <div class='ocr_carea' id='block_1_85' title="bbox 2135 3812 3846 3890">
    <p class='ocr_par' dir='ltr' id='par_1_85' title="bbox 2135 3812 3846 3890">
     <span class='ocr_line' id='line_1_85' title="bbox 2135 3812 3846 3890; baseline 0.005 -22"><span class='ocrx_word' id='word_1_592' title='bbox 2135 3813 2264 3868; x_wconf 87' lang='lat' dir='ltr'><strong>aliis</strong></span> <span class='ocrx_word' id='word_1_593' title='bbox 2293 3812 2779 3880; x_wconf 83' lang='lat' dir='ltr'><strong>castigationibus</strong></span> <span class='ocrx_word' id='word_1_594' title='bbox 2811 3829 2909 3865; x_wconf 86' lang='lat' dir='ltr'><strong>eos</strong></span> <span class='ocrx_word' id='word_1_595' title='bbox 2941 3813 3010 3866; x_wconf 90' lang='lat' dir='ltr'><strong>ad</strong></span> <span class='ocrx_word' id='word_1_596' title='bbox 3047 3815 3505 3884; x_wconf 87' lang='lat' dir='ltr'><strong>resipiscentiam</strong></span> <span class='ocrx_word' id='word_1_597' title='bbox 3549 3819 3846 3890; x_wconf 83' lang='lat' dir='ltr'><strong>invitans;</strong></span> 
     </span>
    </p>
   </div>
   <div class='ocr_carea' id='block_1_86' title="bbox 2135 3899 3842 3978">
    <p class='ocr_par' dir='ltr' id='par_1_86' title="bbox 2135 3899 3842 3978">
     <span class='ocr_line' id='line_1_86' title="bbox 2135 3899 3842 3978; baseline 0.006 -24"><span class='ocrx_word' id='word_1_598' title='bbox 2135 3907 2194 3956; x_wconf 88' lang='lat' dir='ltr'><strong>at</strong></span> <span class='ocrx_word' id='word_1_599' title='bbox 2250 3917 2382 3956; x_wconf 91' lang='lat' dir='ltr'><strong>cum</strong></span> <span class='ocrx_word' id='word_1_600' title='bbox 2437 3899 2660 3953; x_wconf 91' lang='lat' dir='ltr'><strong>nullum</strong></span> <span class='ocrx_word' id='word_1_601' title='bbox 2717 3899 2890 3954; x_wconf 84' lang='lat' dir='ltr'><strong>ﬁnem</strong></span> <span class='ocrx_word' id='word_1_602' title='bbox 2945 3901 3202 3955; x_wconf 80' lang='lat' dir='ltr'><strong>facerent</strong></span> <span class='ocrx_word' id='word_1_603' title='bbox 3253 3905 3463 3974; x_wconf 70' lang='lat' dir='ltr'><strong>saepius</strong></span> <span class='ocrx_word' id='word_1_604' title='bbox 3513 3908 3842 3978; x_wconf 84' lang='lat' dir='ltr'><strong>iniquitatis</strong></span> 
     </span>
    </p>
   </div>
   <div class='ocr_carea' id='block_1_87' title="bbox 2135 3989 3846 4059">
    <p class='ocr_par' dir='ltr' id='par_1_87' title="bbox 2135 3989 3846 4059">
     <span class='ocr_line' id='line_1_87' title="bbox 2135 3989 3846 4059; baseline 0.005 -14"><span class='ocrx_word' id='word_1_605' title='bbox 2135 3991 2518 4054; x_wconf 70' lang='lat' dir='ltr'><strong>resumendae,</strong></span> <span class='ocrx_word' id='word_1_606' title='bbox 2569 3989 2797 4042; x_wconf 88' lang='lat' dir='ltr'><strong>tandem</strong></span> <span class='ocrx_word' id='word_1_607' title='bbox 2852 3989 3132 4059; x_wconf 82' lang='lat' dir='ltr'><strong>pupulum</strong></span> <span class='ocrx_word' id='word_1_608' title='bbox 3189 3993 3421 4047; x_wconf 90' lang='lat' dir='ltr'><strong>Domini</strong></span> <span class='ocrx_word' id='word_1_609' title='bbox 3481 3997 3587 4050; x_wconf 89' lang='lat' dir='ltr'><strong>rite</strong></span> <span class='ocrx_word' id='word_1_610' title='bbox 3648 3999 3846 4054; x_wconf 89' lang='lat' dir='ltr'><strong>dimis-</strong></span> 
     </span>
    </p>
   </div>
   <div class='ocr_carea' id='block_1_88' title="bbox 2134 4080 3840 4152">
    <p class='ocr_par' dir='ltr' id='par_1_88' title="bbox 2134 4080 3840 4152">
     <span class='ocr_line' id='line_1_88' title="bbox 2134 4080 3840 4152; baseline 0.005 -18"><span class='ocrx_word' id='word_1_611' title='bbox 2134 4097 2264 4134; x_wconf 88' lang='lat' dir='ltr'><strong>sum</strong></span> <span class='ocrx_word' id='word_1_612' title='bbox 2311 4083 2742 4148; x_wconf 85' lang='lat' dir='ltr'><strong>persequentes,</strong></span> <span class='ocrx_word' id='word_1_613' title='bbox 2787 4095 2850 4132; x_wconf 90' lang='lat' dir='ltr'><strong>ac</strong></span> <span class='ocrx_word' id='word_1_614' title='bbox 2903 4080 3194 4134; x_wconf 87' lang='lat' dir='ltr'><strong>retrahere</strong></span> <span class='ocrx_word' id='word_1_615' title='bbox 3242 4089 3536 4152; x_wconf 86' lang='lat' dir='ltr'><strong>conantes,</strong></span> <span class='ocrx_word' id='word_1_616' title='bbox 3585 4091 3840 4144; x_wconf 79' lang='lat' dir='ltr'><strong>extremo</strong></span> 
     </span>
    </p>
   </div>
   <div class='ocr_carea' id='block_1_89' title="bbox 2130 4165 3838 4244">
    <p class='ocr_par' dir='ltr' id='par_1_89' title="bbox 2130 4165 3838 4244">
     <span class='ocr_line' id='line_1_89' title="bbox 2130 4165 3838 4244; baseline 0.005 -22"><span class='ocrx_word' id='word_1_617' title='bbox 2130 4169 2288 4237; x_wconf 85' lang='lat' dir='ltr'><strong>ipsos</strong></span> <span class='ocrx_word' id='word_1_618' title='bbox 2335 4167 2422 4222; x_wconf 87' lang='lat' dir='ltr'><strong>ira</strong></span> <span class='ocrx_word' id='word_1_619' title='bbox 2478 4165 2668 4222; x_wconf 83' lang='lat' dir='ltr'><strong>divina</strong></span> <span class='ocrx_word' id='word_1_620' title='bbox 2722 4168 2891 4221; x_wconf 80' lang='lat' dir='ltr'><strong>exitio</strong></span> <span class='ocrx_word' id='word_1_621' title='bbox 2944 4168 3232 4222; x_wconf 86' lang='lat' dir='ltr'><strong>mactavit.</strong></span> <span class='ocrx_word' id='word_1_622' title='bbox 3289 4173 3583 4228; x_wconf 85' lang='lat' dir='ltr'><strong>Israelitas</strong></span> <span class='ocrx_word' id='word_1_623' title='bbox 3630 4181 3838 4244; x_wconf 87' lang='lat' dir='ltr'><strong>pariter</strong></span> 
     </span>
    </p>
   </div>
   <div class='ocr_carea' id='block_1_90' title="bbox 2133 4255 3838 4333">
    <p class='ocr_par' dir='ltr' id='par_1_90' title="bbox 2133 4255 3838 4333">
     <span class='ocr_line' id='line_1_90' title="bbox 2133 4255 3838 4333; baseline 0.005 -21"><span class='ocrx_word' id='word_1_624' title='bbox 2133 4259 2316 4312; x_wconf 85' lang='lat' dir='ltr'><strong>multa</strong></span> <span class='ocrx_word' id='word_1_625' title='bbox 2346 4255 2776 4327; x_wconf 89' lang='lat' dir='ltr'><strong>delinquentes,</strong></span> <span class='ocrx_word' id='word_1_626' title='bbox 2811 4257 2980 4310; x_wconf 72' lang='lat' dir='ltr'><strong>caedis</strong></span> <span class='ocrx_word' id='word_1_627' title='bbox 3015 4260 3152 4328; x_wconf 89' lang='lat' dir='ltr'><strong>quin</strong></span> <span class='ocrx_word' id='word_1_628' title='bbox 3186 4260 3358 4314; x_wconf 90' lang='lat' dir='ltr'><strong>etiam</strong></span> <span class='ocrx_word' id='word_1_629' title='bbox 3423 4263 3838 4333; x_wconf 88' lang='lat' dir='ltr'><strong>prophetarum</strong></span> 
     </span>
    </p>
   </div>
   <div class='ocr_carea' id='block_1_91' title="bbox 2131 4347 3838 4422">
    <p class='ocr_par' dir='ltr' id='par_1_91' title="bbox 2131 4347 3838 4422">
     <span class='ocr_line' id='line_1_91' title="bbox 2131 4347 3838 4422; baseline 0.005 -19"><span class='ocrx_word' id='word_1_630' title='bbox 2131 4351 2230 4405; x_wconf 84' lang='lat' dir='ltr'><strong>Dei</strong></span> <span class='ocrx_word' id='word_1_631' title='bbox 2290 4365 2457 4412; x_wconf 78' lang='lat' dir='ltr'><strong>reos,‘</strong></span> <span class='ocrx_word' id='word_1_632' title='bbox 2501 4357 2806 4418; x_wconf 79' lang='lat' dir='ltr'><strong>postquam</strong></span> <span class='ocrx_word' id='word_1_633' title='bbox 2861 4347 3031 4401; x_wconf 85' lang='lat' dir='ltr'><strong>solita</strong></span> <span class='ocrx_word' id='word_1_634' title='bbox 3081 4349 3191 4404; x_wconf 87' lang='lat' dir='ltr'><strong>sibi</strong></span> <span class='ocrx_word' id='word_1_635' title='bbox 3247 4349 3690 4422; x_wconf 85' lang='lat' dir='ltr'><strong>longanimitate</strong></span> <span class='ocrx_word' id='word_1_636' title='bbox 3739 4355 3838 4412; x_wconf 88' lang='lat' dir='ltr'><strong>diu</strong></span> 
     </span>
    </p>
   </div>
   <div class='ocr_carea' id='block_1_92' title="bbox 2129 4437 3838 4504">
    <p class='ocr_par' dir='ltr' id='par_1_92' title="bbox 2129 4437 3838 4504">
     <span class='ocr_line' id='line_1_92' title="bbox 2129 4437 3838 4504; baseline 0.005 -11"><span class='ocrx_word' id='word_1_637' title='bbox 2129 4439 2433 4494; x_wconf 83' lang='lat' dir='ltr'><strong>tolerasset</strong></span> <span class='ocrx_word' id='word_1_638' title='bbox 2504 4437 2841 4504; x_wconf 84' lang='lat' dir='ltr'><strong>Dominus;</strong></span> <span class='ocrx_word' id='word_1_639' title='bbox 2903 4437 3000 4490; x_wconf 88' lang='lat' dir='ltr'><strong>ubi</strong></span> <span class='ocrx_word' id='word_1_640' title='bbox 3061 4439 3126 4492; x_wconf 79' lang='lat' dir='ltr'><strong>ad</strong></span> <span class='ocrx_word' id='word_1_641' title='bbox 3192 4449 3506 4497; x_wconf 84' lang='lat' dir='ltr'><strong>extremum</strong></span> <span class='ocrx_word' id='word_1_642' title='bbox 3575 4445 3716 4500; x_wconf 87' lang='lat' dir='ltr'><strong>vidit</strong></span> <span class='ocrx_word' id='word_1_643' title='bbox 3773 4461 3838 4501; x_wconf 89' lang='lat' dir='ltr'><strong>eo</strong></span> 
     </span>
    </p>
   </div>
   <div class='ocr_carea' id='block_1_93' title="bbox 2130 4527 3837 4602">
    <p class='ocr_par' dir='ltr' id='par_1_93' title="bbox 2130 4527 3837 4602">
     <span class='ocr_line' id='line_1_93' title="bbox 2130 4527 3837 4602; baseline 0.004 -19"><span class='ocrx_word' id='word_1_644' title='bbox 2130 4530 2288 4598; x_wconf 86' lang='lat' dir='ltr'><strong>ipsos</strong></span> <span class='ocrx_word' id='word_1_645' title='bbox 2342 4527 2616 4582; x_wconf 84' lang='lat' dir='ltr'><strong>immanis</strong></span> <span class='ocrx_word' id='word_1_646' title='bbox 2663 4527 3018 4597; x_wconf 82' lang='lat' dir='ltr'><strong>processisse</strong></span> <span class='ocrx_word' id='word_1_647' title='bbox 3067 4531 3354 4596; x_wconf 60' lang='lat' dir='ltr'><strong>amentia,</strong></span> <span class='ocrx_word' id='word_1_648' title='bbox 3409 4537 3472 4585; x_wconf 87' lang='lat' dir='ltr'><strong>ut</strong></span> <span class='ocrx_word' id='word_1_649' title='bbox 3519 4549 3703 4602; x_wconf 88' lang='lat' dir='ltr'><strong>neque</strong></span> <span class='ocrx_word' id='word_1_650' title='bbox 3751 4535 3837 4589; x_wconf 88' lang='lat' dir='ltr'><strong>di-</strong></span> 
     </span>
    </p>
   </div>
   <div class='ocr_carea' id='block_1_94' title="bbox 367 4611 2021 4692">
    <p class='ocr_par' dir='ltr' id='par_1_94' title="bbox 367 4611 2016 4689">
     <span class='ocr_line' id='line_1_94' title="bbox 367 4611 2016 4689; baseline -0.002 -18"><span class='ocrx_word' id='word_1_651' title='bbox 367 4637 424 4671; x_wconf 90' lang='grc' dir='ltr'><strong>τε</strong></span> <span class='ocrx_word' id='word_1_652' title='bbox 449 4617 540 4672; x_wconf 78' lang='grc' dir='ltr'><strong>καὶ</strong></span> <span class='ocrx_word' id='word_1_653' title='bbox 571 4611 988 4686; x_wconf 71' lang='grc' dir='ltr'>κατεϐλήθησαν</span> <span class='ocrx_word' id='word_1_654' title='bbox 1025 4635 1035 4647; x_wconf 91' lang='lat'><strong>&#39;</strong></span> <span class='ocrx_word' id='word_1_655' title='bbox 1060 4615 1147 4670; x_wconf 83' lang='grc' dir='ltr'><strong>καὶ</strong></span> <span class='ocrx_word' id='word_1_656' title='bbox 1193 4616 1336 4689; x_wconf 65' lang='grc' dir='ltr'>ἤρθη</span> <span class='ocrx_word' id='word_1_657' title='bbox 1372 4615 1463 4669; x_wconf 83' lang='grc' dir='ltr'><strong>ἀπ’</strong></span> <span class='ocrx_word' id='word_1_658' title='bbox 1515 4614 1688 4669; x_wconf 67' lang='grc' dir='ltr'>αὐτῶν</span> <span class='ocrx_word' id='word_1_659' title='bbox 1793 4635 1850 4668; x_wconf 88' lang='grc' dir='ltr'><strong>τε</strong></span> <span class='ocrx_word' id='word_1_660' title='bbox 1889 4635 2016 4688; x_wconf 88' lang='grc' dir='ltr'>προ-</span> 
     </span>
    </p>
   </div>
   <div class='ocr_carea' id='block_1_95' title="bbox 2135 4611 3836 4692">
    <p class='ocr_par' dir='ltr' id='par_1_95' title="bbox 2135 4616 3836 4692">
     <span class='ocr_line' id='line_1_95' title="bbox 2135 4616 3836 4692; baseline 0.004 -20"><span class='ocrx_word' id='word_1_661' title='bbox 2135 4621 2327 4672; x_wconf 88' lang='lat' dir='ltr'><strong>vinam</strong></span> <span class='ocrx_word' id='word_1_662' title='bbox 2357 4619 2414 4670; x_wconf 92' lang='lat' dir='ltr'><strong>in</strong></span> <span class='ocrx_word' id='word_1_663' title='bbox 2467 4616 2648 4670; x_wconf 88' lang='lat' dir='ltr'><strong>misso</strong></span> <span class='ocrx_word' id='word_1_664' title='bbox 2689 4617 2758 4669; x_wconf 82' lang='lat' dir='ltr'><strong>ad</strong></span> <span class='ocrx_word' id='word_1_665' title='bbox 2799 4632 2896 4670; x_wconf 88' lang='lat' dir='ltr'><strong>eos</strong></span> <span class='ocrx_word' id='word_1_666' title='bbox 2946 4616 3052 4670; x_wconf 92' lang='lat' dir='ltr'><strong>Dei</strong></span> <span class='ocrx_word' id='word_1_667' title='bbox 3103 4617 3246 4672; x_wconf 90' lang='lat' dir='ltr'><strong>Filio</strong></span> <span class='ocrx_word' id='word_1_668' title='bbox 3287 4621 3519 4675; x_wconf 87' lang='lat' dir='ltr'><strong>reveriti</strong></span> <span class='ocrx_word' id='word_1_669' title='bbox 3567 4625 3836 4692; x_wconf 85' lang='lat' dir='ltr'><strong>majesta-</strong></span> 
     </span>
    </p>
   </div>
   <div class='ocr_carea' id='block_1_96' title="bbox 370 4703 2012 4778">
    <p class='ocr_par' dir='ltr' id='par_1_96' title="bbox 370 4703 2012 4778">
     <span class='ocr_line' id='line_1_96' title="bbox 370 4703 2012 4778; baseline -0.001 -20"><span class='ocrx_word' id='word_1_670' title='bbox 370 4703 584 4778; x_wconf 77' lang='grc' dir='ltr'>φητεία,</span> <span class='ocrx_word' id='word_1_671' title='bbox 643 4705 731 4758; x_wconf 82' lang='grc' dir='ltr'><strong>καὶ</strong></span> <span class='ocrx_word' id='word_1_672' title='bbox 763 4707 796 4774; x_wconf 84' lang='grc' dir='ltr'>ἡ</span> <span class='ocrx_word' id='word_1_673' title='bbox 844 4705 1084 4778; x_wconf 73' lang='grc' dir='ltr'>ἱερατεία</span> <span class='ocrx_word' id='word_1_674' title='bbox 1135 4704 1223 4758; x_wconf 85' lang='grc' dir='ltr'><strong>καὶ</strong></span> <span class='ocrx_word' id='word_1_675' title='bbox 1256 4706 1290 4773; x_wconf 84' lang='grc' dir='ltr'>ἡ</span> <span class='ocrx_word' id='word_1_676' title='bbox 1324 4703 1566 4778; x_wconf 86' lang='grc' dir='ltr'>λατρεία.</span> <span class='ocrx_word' id='word_1_677' title='bbox 1601 4703 1700 4758; x_wconf 82' lang='grc' dir='ltr'>Καὶ</span> <span class='ocrx_word' id='word_1_678' title='bbox 1729 4703 2012 4774; x_wconf 72' lang='grc' dir='ltr'>ἐπιστεύθη</span> 
     </span>
    </p>
   </div>
   <div class='ocr_carea' id='block_1_97' title="bbox 370 4789 1282 4854">
    <p class='ocr_par' dir='ltr' id='par_1_97' title="bbox 370 4789 1282 4854">
     <span class='ocr_line' id='line_1_97' title="bbox 370 4789 1282 4854; baseline 0.003 -9"><span class='ocrx_word' id='word_1_679' title='bbox 370 4796 540 4846; x_wconf 82' lang='grc' dir='ltr'>ταῦτα</span> <span class='ocrx_word' id='word_1_680' title='bbox 569 4797 686 4854; x_wconf 92' lang='grc' dir='ltr'>τοῖς</span> <span class='ocrx_word' id='word_1_681' title='bbox 713 4791 1058 4847; x_wconf 82' lang='grc' dir='ltr'>πιστεύσασιν</span> <span class='ocrx_word' id='word_1_682' title='bbox 1089 4789 1282 4848; x_wconf 76' lang='grc' dir='ltr'>ἔθνεσι.</span> 
     </span>
    </p>
   </div>
   <div class='ocr_carea' id='block_1_98' title="bbox 2125 4705 3832 4775">
    <p class='ocr_par' dir='ltr' id='par_1_98' title="bbox 2125 4705 3832 4775">
     <span class='ocr_line' id='line_1_98' title="bbox 2125 4705 3832 4775; baseline 0.002 -12"><span class='ocrx_word' id='word_1_683' title='bbox 2125 4713 2264 4775; x_wconf 89' lang='lat' dir='ltr'><strong>tem,</strong></span> <span class='ocrx_word' id='word_1_684' title='bbox 2299 4722 2510 4760; x_wconf 89' lang='lat' dir='ltr'><strong>manus</strong></span> <span class='ocrx_word' id='word_1_685' title='bbox 2560 4705 2610 4759; x_wconf 90' lang='lat' dir='ltr'><strong>ei</strong></span> <span class='ocrx_word' id='word_1_686' title='bbox 2653 4709 2922 4758; x_wconf 88' lang='lat' dir='ltr'><strong>cruentas</strong></span> <span class='ocrx_word' id='word_1_687' title='bbox 2969 4705 3290 4774; x_wconf 87' lang='lat' dir='ltr'><strong>intulerint,</strong></span> <span class='ocrx_word' id='word_1_688' title='bbox 3334 4711 3643 4766; x_wconf 86' lang='lat' dir='ltr'><strong>damnatos</strong></span> <span class='ocrx_word' id='word_1_689' title='bbox 3691 4711 3832 4768; x_wconf 89' lang='lat' dir='ltr'><strong>irre-</strong></span> 
     </span>
    </p>
   </div>
   <div class='ocr_carea' id='block_1_99' title="bbox 2123 4795 3834 4874">
    <p class='ocr_par' dir='ltr' id='par_1_99' title="bbox 2123 4795 3834 4874">
     <span class='ocr_line' id='line_1_99' title="bbox 2123 4795 3834 4874; baseline 0.004 -21"><span class='ocrx_word' id='word_1_690' title='bbox 2123 4797 2462 4854; x_wconf 82' lang='lat' dir='ltr'><strong>vocabiliter</strong></span> <span class='ocrx_word' id='word_1_691' title='bbox 2529 4795 2740 4864; x_wconf 89' lang='lat' dir='ltr'><strong>abjecit</strong></span> <span class='ocrx_word' id='word_1_692' title='bbox 2797 4795 2857 4849; x_wconf 90' lang='lat' dir='ltr'><strong>in</strong></span> <span class='ocrx_word' id='word_1_693' title='bbox 2915 4811 3087 4849; x_wconf 89' lang='lat' dir='ltr'><strong>omne</strong></span> <span class='ocrx_word' id='word_1_694' title='bbox 3157 4805 3410 4866; x_wconf 82' lang='lat' dir='ltr'><strong>tempus,</strong></span> <span class='ocrx_word' id='word_1_695' title='bbox 3482 4801 3834 4874; x_wconf 87' lang='lat' dir='ltr'><strong>dejecitque,</strong></span> 
     </span>
    </p>
   </div>
   <div class='ocr_carea' id='block_1_100' title="bbox 2114 4883 3833 4964">
    <p class='ocr_par' dir='ltr' id='par_1_100' title="bbox 2114 4883 3833 4964">
     <span class='ocr_line' id='line_1_100' title="bbox 2114 4883 3833 4964; baseline 0 -22"><span class='ocrx_word' id='word_1_696' title='bbox 2114 4887 2309 4942; x_wconf 86' lang='lat' dir='ltr'><strong>ablata</strong></span> <span class='ocrx_word' id='word_1_697' title='bbox 2365 4884 2436 4940; x_wconf 89' lang='lat' dir='ltr'><strong>iis</strong></span> <span class='ocrx_word' id='word_1_698' title='bbox 2505 4883 2834 4956; x_wconf 89' lang='lat' dir='ltr'><strong>prophetia,</strong></span> <span class='ocrx_word' id='word_1_699' title='bbox 2895 4885 3238 4955; x_wconf 79' lang='lat' dir='ltr'><strong>sacerdotio,</strong></span> <span class='ocrx_word' id='word_1_700' title='bbox 3301 4889 3622 4960; x_wconf 80' lang='lat' dir='ltr'><strong>religione;</strong></span> <span class='ocrx_word' id='word_1_701' title='bbox 3685 4909 3833 4964; x_wconf 77' lang='lat' dir='ltr'><strong>quas</strong></span> 
     </span>
    </p>
   </div>
   <div class='ocr_carea' id='block_1_101' title="bbox 2115 4972 3456 5046">
    <p class='ocr_par' dir='ltr' id='par_1_101' title="bbox 2115 4972 3456 5046">
     <span class='ocr_line' id='line_1_101' title="bbox 2115 4972 3456 5046; baseline 0.001 -16"><span class='ocrx_word' id='word_1_702' title='bbox 2115 4974 2414 5031; x_wconf 87' lang='lat' dir='ltr'><strong>commisit</strong></span> <span class='ocrx_word' id='word_1_703' title='bbox 2445 4973 2819 5028; x_wconf 88' lang='lat' dir='ltr'><strong>credentibus</strong></span> <span class='ocrx_word' id='word_1_704' title='bbox 2849 4972 2908 5027; x_wconf 91' lang='lat' dir='ltr'><strong>in</strong></span> <span class='ocrx_word' id='word_1_705' title='bbox 2931 4973 3125 5044; x_wconf 91' lang='lat' dir='ltr'><strong>ipsum</strong></span> <span class='ocrx_word' id='word_1_706' title='bbox 3161 4977 3456 5046; x_wconf 84' lang='lat' dir='ltr'><strong>gentibus.</strong></span> 
     </span>
    </p>
   </div>
   <div class='ocr_carea' id='block_1_102' title="bbox 2185 5063 3820 5128">
    <p class='ocr_par' dir='ltr' id='par_1_102' title="bbox 2185 5063 3820 5128">
     <span class='ocr_line' id='line_1_102' title="bbox 2185 5063 3820 5128; baseline 0.006 -10"><span class='ocrx_word' id='word_1_707' title='bbox 2185 5064 2339 5118; x_wconf 78' lang='lat'><strong>193</strong></span> <span class='ocrx_word' id='word_1_708' title='bbox 2380 5065 2477 5117; x_wconf 83' lang='lat' dir='ltr'><strong>XI.</strong></span> <span class='ocrx_word' id='word_1_709' title='bbox 2527 5067 2910 5116; x_wconf 73' lang='lat' dir='ltr'><strong>Accurramus</strong></span> <span class='ocrx_word' id='word_1_710' title='bbox 2943 5063 3013 5116; x_wconf 86' lang='lat' dir='ltr'><strong>ad</strong></span> <span class='ocrx_word' id='word_1_711' title='bbox 3046 5072 3343 5120; x_wconf 87' lang='lat' dir='ltr'><strong>vocantem</strong></span> <span class='ocrx_word' id='word_1_712' title='bbox 3385 5084 3490 5123; x_wconf 88' lang='lat' dir='ltr'><strong>nos</strong></span> <span class='ocrx_word' id='word_1_713' title='bbox 3521 5069 3820 5128; x_wconf 89' lang='lat' dir='ltr'><strong>Christum</strong></span> 
     </span>
    </p>
   </div>
   <div class='ocr_carea' id='block_1_103' title="bbox 2115 5151 3826 5226">
    <p class='ocr_par' dir='ltr' id='par_1_103' title="bbox 2115 5151 3826 5226">
     <span class='ocr_line' id='line_1_103' title="bbox 2115 5151 3826 5226; baseline 0.004 -17"><span class='ocrx_word' id='word_1_714' title='bbox 2115 5154 2409 5220; x_wconf 86' lang='lat' dir='ltr'><strong>alacriter,</strong></span> <span class='ocrx_word' id='word_1_715' title='bbox 2465 5151 2827 5206; x_wconf 73' lang='lat' dir='ltr'><strong>etfuudentes</strong></span> <span class='ocrx_word' id='word_1_716' title='bbox 2886 5167 3064 5222; x_wconf 89' lang='lat' dir='ltr'><strong>super</strong></span> <span class='ocrx_word' id='word_1_717' title='bbox 3120 5154 3312 5224; x_wconf 90' lang='lat' dir='ltr'><strong>ipsum</strong></span> <span class='ocrx_word' id='word_1_718' title='bbox 3375 5159 3585 5226; x_wconf 88' lang='lat' dir='ltr'><strong>corda;</strong></span> <span class='ocrx_word' id='word_1_719' title='bbox 3643 5167 3696 5214; x_wconf 87' lang='lat' dir='ltr'><strong>et</strong></span> <span class='ocrx_word' id='word_1_720' title='bbox 3752 5177 3826 5216; x_wconf 91' lang='lat' dir='ltr'><strong>ne</strong></span> 
     </span>
    </p>
   </div>
   <div class='ocr_carea' id='block_1_104' title="bbox 2114 5241 3822 5314">
    <p class='ocr_par' dir='ltr' id='par_1_104' title="bbox 2114 5241 3822 5314">
     <span class='ocr_line' id='line_1_104' title="bbox 2114 5241 3822 5314; baseline 0.003 -18"><span class='ocrx_word' id='word_1_721' title='bbox 2114 5253 2396 5306; x_wconf 86' lang='lat' dir='ltr'><strong>nostram,</strong></span> <span class='ocrx_word' id='word_1_722' title='bbox 2431 5249 2633 5310; x_wconf 87' lang='lat' dir='ltr'><strong>sponte</strong></span> <span class='ocrx_word' id='word_1_723' title='bbox 2680 5241 3033 5295; x_wconf 86' lang='lat' dir='ltr'><strong>remittentes</strong></span> <span class='ocrx_word' id='word_1_724' title='bbox 3065 5242 3135 5295; x_wconf 87' lang='lat' dir='ltr'><strong>de</strong></span> <span class='ocrx_word' id='word_1_725' title='bbox 3179 5250 3376 5299; x_wconf 89' lang='lat' dir='ltr'><strong>nostra</strong></span> <span class='ocrx_word' id='word_1_726' title='bbox 3429 5247 3822 5314; x_wconf 86' lang='lat' dir='ltr'><strong>contentione,</strong></span> 
     </span>
    </p>
   </div>
   <div class='ocr_carea' id='block_1_105' title="bbox 2114 5329 3822 5404">
    <p class='ocr_par' dir='ltr' id='par_1_105' title="bbox 2114 5329 3822 5404">
     <span class='ocr_line' id='line_1_105' title="bbox 2114 5329 3822 5404; baseline 0.001 -18"><span class='ocrx_word' id='word_1_727' title='bbox 2114 5331 2488 5403; x_wconf 85' lang='lat' dir='ltr'><strong>desperemus</strong></span> <span class='ocrx_word' id='word_1_728' title='bbox 2535 5329 2802 5386; x_wconf 89' lang='lat' dir='ltr'><strong>salutem.</strong></span> <span class='ocrx_word' id='word_1_729' title='bbox 2841 5331 2983 5384; x_wconf 88' lang='lat' dir='ltr'><strong>Nam</strong></span> <span class='ocrx_word' id='word_1_730' title='bbox 3027 5335 3083 5386; x_wconf 89' lang='lat' dir='ltr'><strong>et</strong></span> <span class='ocrx_word' id='word_1_731' title='bbox 3133 5332 3234 5387; x_wconf 89' lang='lat' dir='ltr'><strong>hoc</strong></span> <span class='ocrx_word' id='word_1_732' title='bbox 3267 5334 3482 5388; x_wconf 83' lang='lat' dir='ltr'><strong>diaboli</strong></span> <span class='ocrx_word' id='word_1_733' title='bbox 3519 5335 3822 5404; x_wconf 84' lang='lat' dir='ltr'><strong>sophisma</strong></span> 
     </span>
    </p>
   </div>
   <div class='ocr_carea' id='block_1_106' title="bbox 2113 5419 3818 5492">
    <p class='ocr_par' dir='ltr' id='par_1_106' title="bbox 2113 5419 3818 5492">
     <span class='ocr_line' id='line_1_106' title="bbox 2113 5419 3818 5492; baseline 0.001 -16"><span class='ocrx_word' id='word_1_734' title='bbox 2113 5425 2221 5484; x_wconf 88' lang='lat' dir='ltr'><strong>est,</strong></span> <span class='ocrx_word' id='word_1_735' title='bbox 2279 5420 2676 5476; x_wconf 86' lang='lat' dir='ltr'><strong>recordatione</strong></span> <span class='ocrx_word' id='word_1_736' title='bbox 2725 5421 2982 5492; x_wconf 89' lang='lat' dir='ltr'><strong>priorum</strong></span> <span class='ocrx_word' id='word_1_737' title='bbox 3033 5419 3377 5478; x_wconf 86' lang='lat' dir='ltr'><strong>delictorum</strong></span> <span class='ocrx_word' id='word_1_738' title='bbox 3437 5424 3710 5478; x_wconf 85' lang='lat' dir='ltr'><strong>inducere</strong></span> <span class='ocrx_word' id='word_1_739' title='bbox 3760 5423 3818 5478; x_wconf 90' lang='lat' dir='ltr'><strong>in</strong></span> 
     </span>
    </p>
   </div>
   <div class='ocr_carea' id='block_1_107' title="bbox 2113 5511 3821 5585">
    <p class='ocr_par' dir='ltr' id='par_1_107' title="bbox 2113 5511 3821 5585">
     <span class='ocr_line' id='line_1_107' title="bbox 2113 5511 3821 5585; baseline -0.001 -17"><span class='ocrx_word' id='word_1_740' title='bbox 2113 5513 2602 5582; x_wconf 87' lang='lat' dir='ltr'><strong>desperationem.</strong></span> <span class='ocrx_word' id='word_1_741' title='bbox 2662 5513 2733 5568; x_wconf 86' lang='lat' dir='ltr'><strong>At</strong></span> <span class='ocrx_word' id='word_1_742' title='bbox 2789 5511 2956 5567; x_wconf 88' lang='lat' dir='ltr'><strong>nobis</strong></span> <span class='ocrx_word' id='word_1_743' title='bbox 3015 5513 3094 5568; x_wconf 90' lang='lat' dir='ltr'><strong>ita</strong></span> <span class='ocrx_word' id='word_1_744' title='bbox 3149 5511 3528 5585; x_wconf 82' lang='lat' dir='ltr'><strong>cogitandum</strong></span> <span class='ocrx_word' id='word_1_745' title='bbox 3584 5517 3706 5572; x_wconf 80' lang='lat' dir='ltr'><strong>est:</strong></span> <span class='ocrx_word' id='word_1_746' title='bbox 3769 5511 3821 5572; x_wconf 77' lang='lat' dir='ltr'><strong>si</strong></span> 
     </span>
    </p>
   </div>
   <div class='ocr_carea' id='block_1_108' title="bbox 441 5055 2012 5137">
    <p class='ocr_par' dir='ltr' id='par_1_108' title="bbox 441 5055 2012 5137">
     <span class='ocr_line' id='line_1_108' title="bbox 441 5055 2012 5137; baseline -0.002 -20"><span class='ocrx_word' id='word_1_747' title='bbox 441 5063 542 5118; x_wconf 80' lang='lat' dir='ltr'><strong>IA&#39;.</strong></span> <span class='ocrx_word' id='word_1_748' title='bbox 613 5055 1060 5133; x_wconf 76' lang='grc' dir='ltr'>Προσδράμωμεν</span> <span class='ocrx_word' id='word_1_749' title='bbox 1107 5063 1186 5131; x_wconf 83' lang='grc' dir='ltr'>τῷ</span> <span class='ocrx_word' id='word_1_750' title='bbox 1231 5059 1486 5117; x_wconf 85' lang='grc' dir='ltr'>καλοῦντι</span> <span class='ocrx_word' id='word_1_751' title='bbox 1535 5065 1758 5137; x_wconf 79' lang='grc' dir='ltr'>Χριστῷ</span> <span class='ocrx_word' id='word_1_752' title='bbox 1797 5059 2012 5136; x_wconf 80' lang='grc' dir='ltr'>προϐό-</span> 
     </span>
    </p>
   </div>
   <div class='ocr_carea' id='block_1_109' title="bbox 370 5145 2008 5226">
    <p class='ocr_par' dir='ltr' id='par_1_109' title="bbox 370 5145 2008 5226">
     <span class='ocr_line' id='line_1_109' title="bbox 370 5145 2008 5226; baseline 0.001 -22"><span class='ocrx_word' id='word_1_753' title='bbox 370 5171 508 5224; x_wconf 90' lang='grc' dir='ltr'>μως,</span> <span class='ocrx_word' id='word_1_754' title='bbox 542 5145 822 5224; x_wconf 79' lang='grc' dir='ltr'>ἒκχέοντες</span> <span class='ocrx_word' id='word_1_755' title='bbox 867 5146 948 5202; x_wconf 81' lang='grc' dir='ltr'><strong>ἐπ’</strong></span> <span class='ocrx_word' id='word_1_756' title='bbox 998 5149 1155 5204; x_wconf 79' lang='grc' dir='ltr'>αὐτὸν</span> <span class='ocrx_word' id='word_1_757' title='bbox 1204 5152 1300 5212; x_wconf 72' lang='grc' dir='ltr'>τὰς</span> <span class='ocrx_word' id='word_1_758' title='bbox 1334 5149 1560 5226; x_wconf 78' lang='grc' dir='ltr'>καρδίας</span> <span class='ocrx_word' id='word_1_759' title='bbox 1641 5154 1726 5208; x_wconf 78' lang='grc' dir='ltr'><strong>καὶ</strong></span> <span class='ocrx_word' id='word_1_760' title='bbox 1781 5153 1855 5226; x_wconf 80' lang='grc' dir='ltr'>μή</span> <span class='ocrx_word' id='word_1_761' title='bbox 1908 5152 2008 5219; x_wconf 77' lang='grc' dir='ltr'>τὴν</span> 
     </span>
    </p>
   </div>
   <div class='ocr_carea' id='block_1_110' title="bbox 365 5235 2006 5315">
    <p class='ocr_par' dir='ltr' id='par_1_110' title="bbox 365 5235 2006 5315">
     <span class='ocr_line' id='line_1_110' title="bbox 365 5235 2006 5315; baseline 0.001 -20"><span class='ocrx_word' id='word_1_762' title='bbox 365 5241 568 5295; x_wconf 72' lang='grc' dir='ltr'>ὲακτῶν</span> <span class='ocrx_word' id='word_1_763' title='bbox 636 5235 1088 5300; x_wconf 84' lang='grc' dir='ltr'>ἐθελοκακοῦντες</span> <span class='ocrx_word' id='word_1_764' title='bbox 1151 5239 1617 5315; x_wconf 84' lang='grc' dir='ltr'>ἆπογινώσκωμεν</span> <span class='ocrx_word' id='word_1_765' title='bbox 1685 5239 2006 5312; x_wconf 82' lang='grc' dir='ltr'>σωτηρίαν.</span> 
     </span>
    </p>
   </div>
   <div class='ocr_carea' id='block_1_111' title="bbox 365 5328 2008 5407">
    <p class='ocr_par' dir='ltr' id='par_1_111' title="bbox 365 5328 2008 5407">
     <span class='ocr_line' id='line_1_111' title="bbox 365 5328 2008 5407; baseline -0.001 -23"><span class='ocrx_word' id='word_1_766' title='bbox 365 5329 464 5384; x_wconf 80' lang='grc' dir='ltr'>Καὶ</span> <span class='ocrx_word' id='word_1_767' title='bbox 518 5333 679 5384; x_wconf 76' lang='grc' dir='ltr'>τοῦτο</span> <span class='ocrx_word' id='word_1_768' title='bbox 738 5328 838 5404; x_wconf 75' lang='grc' dir='ltr'><strong>γὰρ</strong></span> <span class='ocrx_word' id='word_1_769' title='bbox 904 5330 1001 5382; x_wconf 83' lang='grc' dir='ltr'><strong>τοῦ</strong></span> <span class='ocrx_word' id='word_1_770' title='bbox 1063 5333 1306 5402; x_wconf 78' lang='grc' dir='ltr'>πονηροῦ</span> <span class='ocrx_word' id='word_1_771' title='bbox 1373 5330 1634 5407; x_wconf 62' lang='grc' dir='ltr'>σόφισμα,</span> <span class='ocrx_word' id='word_1_772' title='bbox 1708 5331 2008 5401; x_wconf 72' lang='grc' dir='ltr'>ὑπομνήσει</span> 
     </span>
    </p>
   </div>
   <div class='ocr_carea' id='block_1_112' title="bbox 359 5413 2008 5494">
    <p class='ocr_par' dir='ltr' id='par_1_112' title="bbox 359 5413 2008 5494">
     <span class='ocr_line' id='line_1_112' title="bbox 359 5413 2008 5494; baseline -0.001 -22"><span class='ocrx_word' id='word_1_773' title='bbox 359 5419 638 5494; x_wconf 83' lang='grc' dir='ltr'>προτέρων</span> <span class='ocrx_word' id='word_1_774' title='bbox 679 5419 959 5491; x_wconf 80' lang='grc' dir='ltr'>ἁμαρτιῶν</span> <span class='ocrx_word' id='word_1_775' title='bbox 1013 5413 1287 5472; x_wconf 80' lang='grc' dir='ltr'>ὁδοποιεῖν</span> <span class='ocrx_word' id='word_1_776' title='bbox 1337 5419 1410 5480; x_wconf 70' lang='grc' dir='ltr'>εἱς</span> <span class='ocrx_word' id='word_1_777' title='bbox 1465 5421 1795 5494; x_wconf 83' lang='grc' dir='ltr'>ἀπόγνωσιν.</span> <span class='ocrx_word' id='word_1_778' title='bbox 1851 5417 2008 5475; x_wconf 87' lang='grc' dir='ltr'>Ἀλλ’</span> 
     </span>
    </p>
   </div>
   <div class='ocr_carea' id='block_1_113' title="bbox 359 5507 2002 5590">
    <p class='ocr_par' dir='ltr' id='par_1_113' title="bbox 359 5507 2002 5590">
     <span class='ocr_line' id='line_1_113' title="bbox 359 5507 2002 5590; baseline 0.001 -28"><span class='ocrx_word' id='word_1_779' title='bbox 359 5509 496 5582; x_wconf 79' lang='grc' dir='ltr'>ἡμῖν</span> <span class='ocrx_word' id='word_1_780' title='bbox 559 5509 943 5580; x_wconf 77' lang='grc' dir='ltr'>κατανοητέον,</span> <span class='ocrx_word' id='word_1_781' title='bbox 985 5507 1172 5585; x_wconf 82' lang='grc' dir='ltr'>ὅτιπερ</span> <span class='ocrx_word' id='word_1_782' title='bbox 1223 5510 1268 5566; x_wconf 75' lang='grc' dir='ltr'>εὶ</span> <span class='ocrx_word' id='word_1_783' title='bbox 1319 5507 1518 5588; x_wconf 75' lang='grc' dir='ltr'>Κύριος</span> <span class='ocrx_word' id='word_1_784' title='bbox 1563 5511 1733 5566; x_wconf 77' lang='grc' dir='ltr'>ἐλθὼν</span> <span class='ocrx_word' id='word_1_785' title='bbox 1783 5509 2002 5590; x_wconf 73' lang='grc' dir='ltr'>τυφλῶν</span> 
     </span>
    </p>
   </div>
   <div class='ocr_carea' id='block_1_114' title="bbox 396 5664 859 5732">
    <p class='ocr_par' dir='ltr' id='par_1_114' title="bbox 396 5664 859 5732">
     <span class='ocr_line' id='line_1_114' title="bbox 396 5664 859 5732; baseline 0.002 -12"><span class='ocrx_word' id='word_1_786' title='bbox 396 5664 439 5702; x_wconf 74' lang='grc' dir='ltr'><strong><em>ἰ</em></strong></span> <span class='ocrx_word' id='word_1_787' title='bbox 470 5664 612 5720; x_wconf 88' lang='lat' dir='ltr'><strong>Luc.</strong></span> <span class='ocrx_word' id='word_1_788' title='bbox 649 5679 740 5732; x_wconf 86' lang='lat' dir='ltr'><strong>xv,</strong></span> <span class='ocrx_word' id='word_1_789' title='bbox 774 5665 859 5721; x_wconf 91' lang='grc'><strong>10.</strong></span> 
     </span>
    </p>
   </div>
   <div class='ocr_carea' id='block_1_115' title="bbox 466 5744 3416 5884">
    <p class='ocr_par' dir='ltr' id='par_1_115' title="bbox 466 5744 3416 5884">
     <span class='ocr_line' id='line_1_115' title="bbox 466 5744 3416 5884; baseline -0 -28"><span class='ocrx_word' id='word_1_790' title='bbox 466 5797 734 5856; x_wconf 71' lang='grc' dir='ltr'>ΡΑτιιοι.</span> <span class='ocrx_word' id='word_1_791' title='bbox 780 5797 894 5857; x_wconf 81' lang='lat' dir='ltr'><strong>Gn.</strong></span> <span class='ocrx_word' id='word_1_792' title='bbox 940 5793 1208 5859; x_wconf 85' lang='lat' dir='ltr'><strong>XXXIV.</strong></span> <span class='ocrx_word' id='word_1_793' title='bbox 1575 5744 1577 5746; x_wconf 9' lang='grc' dir='ltr'><strong>η</strong></span> <span class='ocrx_word' id='word_1_794' title='bbox 2727 5879 2731 5884; x_wconf 27' lang='grc' dir='ltr'><strong>Ι</strong></span> <span class='ocrx_word' id='word_1_795' title='bbox 3337 5797 3416 5856; x_wconf 88' lang='lat'><strong>29</strong></span> 
     </span>
    </p>
   </div>
  </div>
