4130 6286
394 328 513 387 899
1735 310 1798 370 s.
1847 309 2170 370 MACARII
2217 314 2552 376 AiGYPTlI
3741 329 3858 390 900

392 457 702 524 Dominus,
732 470 867 511 cum
899 454 957 510 in
991 453 1143 508 hunc
1174 452 1462 506 mundum
1504 445 1750 512 advenit,
1786 461 2023 502 caecorut

2220 466 2265 499 τε
2295 448 2385 500 καὶ
2417 447 2742 522 παραλύτων
2780 452 2871 506 καὶ
2930 460 3128 532 κωφῶν
3169 456 3353 531 ἰατρὸς
3404 457 3492 512 καὶ
3552 456 3851 535 διορθωτής

392 549 871 622 paralyticorum,
929 545 1239 601 surdorum
1293 541 1546 596 medicus
1595 545 1648 592 et
1707 537 2009 590 restitutor

2223 533 2288 603 ἵν,
2348 537 2571 611 νεκρούς
2627 561 2685 596 τε
2741 538 2848 611 ἤδη
2908 546 3346 622 καταφθαρεντας
3418 533 3651 619 ἀνέστη,
3705 550 3854 623 πόσῳ

392 638 682 711 integrum
717 638 860 704 fuit;
894 635 941 690 si
973 637 1230 689 mortuos
1253 631 1380 702 jam
1412 631 1715 696 corruptos
1744 625 2023 680 suscitavi

2217 623 2421 692 αᾶλλον
2448 626 2765 705 τυφλότητα
2796 629 3054 701 διανοίας,
3105 635 3194 689 καὶ
3244 638 3428 712 ψυχῆς
3468 638 3716 713 πάρεσιν,
3764 641 3848 695 καί

394 733 616 802 quanto
650 728 836 799 magis
885 725 1201 780 caecitatem
1252 721 1481 788 mentis,
1526 718 1734 773 animas
1776 716 2025 788 pigritiat

2218 715 2444 787 ὶμελοῦς
2502 717 2724 793 καρδίας
2786 720 2986 777 ἰάσεται
3044 726 3337 803 κώφευσιν,
3397 725 3510 782 ἐπεὶ
3559 726 3702 800 μηδὲ
3747 727 3849 785 ἓτε-

391 819 676 876 incuriosi
734 817 923 872 cordis
982 814 1200 868 curabit
1274 811 1656 876 surditatem;
1728 807 2022 879 quandoqt

2220 825 2319 873 ;ος,
2363 806 2488 861 ἀλλ’
2519 810 2683 871 αὐτὸς
2726 812 2752 865 ὁ
2793 813 2855 865 τὸ
2890 819 3049 885 σῶμα
3097 815 3302 885 κτίσας,
3352 817 3513 878 αὐτός
3558 817 3673 872 ἐστι
3707 819 3794 872 καὶ
3825 821 3851 874 ὁ

393 908 520 964 dem
551 913 614 963 ut
645 922 760 962 non
809 905 956 960 alius
1002 904 1074 958 ab
1124 902 1252 973 ipso
1297 901 1554 970 corporis
1606 903 1829 952 creator
1858 896 2024 960 est;i

2222 895 2305 962 τὴν
2337 897 2562 970 ψυχήνς
2599 899 2696 953 Καὶ
2748 901 2793 954 εἰ
2834 902 2970 972 πρὸς
3017 903 3083 956 τὰ
3132 901 3374 976 λυόμενα
3423 907 3512 960 καὶ
3556 907 3853 977 θνήσκοντα

391 1001 446 1051 et
475 995 731 1051 animam
765 994 890 1063 ipse
937 987 1243 1046 condidit?
1274 991 1342 1042 Et
1387 989 1436 1042 si
1478 1003 1615 1056 erga
1663 984 1815 1038 fluxa
1855 987 1912 1037 et
1944 997 2022 1036 mc

2220 983 2362 1044 >ὖτος
2418 985 2656 1058 εὐμενῶς
2711 990 2801 1043 καὶ
2842 990 3038 1062 δὲλὲως
3099 993 3236 1067 εἶχε,
3298 995 3451 1066 πόσῳ
3512 993 3723 1067 μᾶλλον
3783 1002 3851 1071 τῇ

393 1084 526 1140 talia
553 1088 674 1139 tam
707 1081 953 1153 benigne
985 1096 1051 1134 ac
1081 1078 1398 1134 clementer
1435 1075 1673 1130 affectus
1705 1077 1795 1127 est
1823 1092 1837 1139 ;
1872 1087 2024 1142 quan

2218 1073 2450 1146 ὶθανάτῳ
2508 1079 2660 1152 ψυχῇ
2730 1080 2920 1143 κακίας
2975 1077 3119 1154 νὸσῳ
3172 1081 3262 1136 καὶ
3329 1082 3549 1159 ἀγνοίας
3624 1084 3849 1159 ἀλούσῃ,

390 1176 580 1246 magis
609 1171 926 1228 immortali
958 1170 1191 1235 animae,
1242 1166 1442 1223 morbo
1475 1165 1799 1236 iniquitatis
1831 1166 1887 1216 et
1931 1161 2021 1232 ign

2223 1162 2389 1218 ἶπειτα
2417 1167 2832 1243 προσερχομένη
2879 1171 3056 1242 τούτῳ
3106 1171 3196 1227 καὶ
3239 1169 3495 1246 δεομένῃ,
3547 1173 3854 1251 φιλανθρώ-

391 1261 590 1318 rantis
657 1259 968 1329 laboranti,
1037 1257 1242 1312 deinde
1304 1254 1597 1311 accedenti
1659 1253 1730 1307 ad
1793 1251 1985 1322 ipsum

2213 1273 2320 1315 πως
2381 1255 2778 1328 θεραπευτικῶς
2824 1261 3134 1333 χρήσεται;
3183 1261 3347 1316 αὐτοῦ
3393 1262 3494 1336 γὰρ
3543 1265 3803 1340 φωνή,τό
3833 1286 3844 1300 ·

393 1351 604 1419 oranti,
653 1349 929 1406 benevole
977 1347 1336 1404 curationem
1381 1342 1724 1399 adhibebit?
1773 1342 1898 1411 ejus
1946 1342 2024 1395 en“

2221 1347 2478 1416 ΟΠατήρ
2537 1367 2640 1417 μου
2691 1349 2717 1400 ὁ
2772 1347 3022 1423 οὐράνιος
3088 1351 3151 1404 οὐ
3216 1351 3291 1423 μὴ
3355 1339 3571 1423 ποιήσει
3631 1351 3849 1424 ἐκδίκη-

391 1458 500 1498 vox
527 1441 648 1495 haec
679 1444 803 1494 est:
852 1439 1016 1492 Pater
1061 1452 1210 1490 meus
1256 1433 1485 1490 celestis
1531 1447 1710 1487 annon
1757 1429 1929 1498 faciet
1960 1428 2022 1484 vit

2216 1452 2281 1484 τιν
2323 1437 2428 1486 τῶν
2488 1434 2740 1508 βοώντων
2802 1438 2938 1511 πρὸς
2997 1436 3154 1493 αὐτὸν
3215 1440 3405 1502 νυκτὸς
3463 1443 3550 1495 καὶ
3595 1443 3847 1516 ἡμέραςς

390 1532 596 1586 dictam
624 1529 989 1584 clamantium
1035 1527 1106 1580 ad
1134 1541 1189 1580 se
1215 1523 1303 1579 die
1332 1540 1396 1578 ac
1424 1526 1620 1576 nocte?
1638 1523 1738 1587 Ita,
1767 1520 1895 1574 dico
1925 1519 2017 1573 vob

2220 1521 2328 1588 ‘Iai,
2391 1520 2538 1595 λέγω
2595 1523 2745 1595 ὕμῖν,
2789 1527 3007 1596 ποιήσει
3065 1528 3164 1596 τὴν
3224 1527 3501 1598 ἐκδίκησιν
3561 1530 3735 1584 αὐτῶν
3797 1531 3851 1586 ἐν

387 1623 517 1696 quia
545 1624 652 1677 cito
679 1622 843 1688 faciet
889 1617 1187 1673 vindictam
1226 1631 1418 1670 eorum
1447 1612 1513 1666 εἳ.
1552 1615 1617 1665 Et
1647 1611 1746 1664 illa
1778 1612 1907 1678 ejus
1942 1626 2013 1678 qu

2217 1609 2403 1683 τάχει·
2446 1612 2534 1665 καὶ
2583 1613 2644 1666 τό
2680 1634 2691 1645 ο
2748 1613 2981 1681 Αἷτεῖτε,
3022 1618 3112 1671 καὶ
3173 1615 3459 1688 δοθήσεται
3522 1620 3648 1691 ὑμῖν
3683 1639 3696 1652 ·
3756 1623 3848 1675 καὶ

389 1695 498 1784 que
525 1727 634 1767 vox
664 1715 786 1766 est:
822 1710 998 1763 Petita
1026 1709 1080 1760 et
1107 1703 1331 1760 dabitur
1368 1702 1519 1757 vobis
1552 1701 1618 1754 ⁸³.
1656 1700 1724 1754 Et
1757 1713 1998 1753 rursus:

2216 1695 2347 1758 ιῦθις
2381 1716 2393 1728 ·
2428 1698 2535 1754 Κᾶν
2580 1697 2666 1754 διὰ
2716 1703 2776 1756 τὸ
2822 1701 2978 1778 φίλον
3031 1704 3161 1758 εἶναι
3214 1705 3275 1759 οὐ
3327 1704 3486 1760 δώσει
3536 1707 3708 1778 αὐτῷ,
3758 1705 3847 1762 διὰ

384 1818 444 1858 eo
473 1801 614 1873 quod
651 1799 861 1854 amicus
901 1798 1018 1866 eius
1040 1797 1134 1863 sit,
1183 1811 1298 1848 non
1327 1793 1476 1847 dabit
1495 1807 1517 1852 ;
1558 1792 1778 1860 praptar
1823 1790 2015 1857 improl

2213 1809 2258 1862 re
2317 1790 2414 1857 την
2462 1787 2731 1844 ἀναίδειαν
2775 1792 2971 1858 αὐτοῦ,
3024 1793 3250 1856 ἀναστὰς
3307 1793 3467 1850 δώσει
3521 1795 3667 1869 αὖτῷ
3717 1797 3844 1853 ὅσου

385 1896 556 1948 tatem
603 1895 789 1945 tamen
831 1888 948 1956 eius
994 1893 1199 1954 surget,
1247 1888 1298 1937 et
1344 1882 1495 1937 dabit
1540 1881 1628 1934 illi
1677 1883 1882 1950 quanto
1927 1878 2016 1932 ind

2214 1876 2413 1951 ίρῄσει,
2466 1877 2652 1948 ἀναιδῆ
2701 1879 2790 1934 καί
2838 1883 3150 1956 παράμονον
3200 1885 3297 1952 τὴν
3353 1884 3565 1954 αἶ’τησιν
3614 1907 3845 1962 προτρε-

381 1987 467 2049 get
497 1978 563 2035 ²⁴.
598 1980 822 2046 Quibus
852 1977 1045 2031 verbis
1076 1976 1146 2030 ad
1183 1974 1333 2044 piam
1370 1988 1475 2026 nos
1507 1971 1822 2041 quamdam
1859 1969 1914 2022 in
1953 1984 2012 2038 pe

2215 1964 2454 2036 τόμενος,
2490 1966 2604 2022 ἐπεί
2642 1989 2725 2023 τοι
2754 1969 2955 2025 καὶδιὰ
2982 1972 3108 2035 τοὺς
3149 1972 3494 2046 ἁμαρτολοῦς
3544 1973 3707 2043 ἦλθεν
3753 1973 3846 2031 ’ίνα

382 2071 537 2125 tione
587 2067 1033 2140 impudentiam,
1075 2069 1130 2119 et
1187 2063 1516 2134 improbam
1574 2061 2007 2130 importunamq

2207 2055 2487 2131 ἐπιστρέψῃ
2549 2059 2685 2131 πρὸς
2741 2059 2925 2114 ἑαυτόν
2963 2105 2976 2117 .
3037 2061 3215 2117 Μόνον
3266 2065 3430 2136 ἡμεῖς
3494 2069 3600 2118 τῶν
3659 2071 3838 2121 κακῶν

379 2159 719 2214 instantiam
781 2158 1065 2212 hortatur.
1114 2153 1417 2208 Enimvero
1470 2155 1702 2220 prOpter
1753 2151 2010 2217 peccator

2209 2144 2525 2218 προλήψεων
2559 2147 2908 2218 ἀποστάντες,
2957 2151 3320 2224 σχολάσωμεν
3367 2157 3446 2225 τῷ
3498 2155 3701 2228 Κυρίῳ·
3749 2157 3840 2209 καὶ

381 2249 506 2320 ipse
529 2249 702 2313 venit,
735 2252 799 2302 ut
826 2263 924 2302 eos
956 2245 1026 2300 ad
1055 2260 1116 2298 se
1154 2247 1532 2299 converteret.
1567 2239 1820 2293 Tantum
1855 2254 1886 2291 a
1917 2235 2012 2291 fal:

2204 2234 2352 2296 αὐτὸς
2385 2235 2490 2309 οὐχ
2523 2236 2777 2312 ὑπερορᾷ,
2822 2237 2950 2294 ἀλλ’
2977 2236 3197 2314 ἕτοιμος
3231 2236 3377 2296 ἔσται
3432 2245 3691 2317 παρέχων
3738 2247 3835 2315 τήν

380 2339 715 2393 recedentes
764 2331 1362 2406 praeoccupationibus
1408 2327 1651 2382 Domino
1685 2341 1994 2391 vacemus;

1194 2331 1362 2385 nibus
1408 2327 1651 2382 Domino
1685 2341 1994 2391 vacemus;
2027 2329 2083 2379 et
2192 2327 2318 2397 mop’
2352 2324 2515 2380 αὒτοῦ
2551 2327 2825 2400 βοήθειαν.

377 2427 476 2483 ille
507 2443 612 2483 nos
638 2443 751 2482 non
809 2424 1095 2495 despicit;
1143 2423 1240 2476 sed
1294 2424 1600 2491 promptus
1649 2420 1756 2484 est,
1797 2412 2081 2470 submini-

378 2525 592 2581 strans,
625 2532 737 2587 quo
769 2516 840 2570 ab
869 2515 998 2585 ipso
1024 2527 1283 2582 egemus,
1314 2509 1626 2564 auxilium.

446 2605 569 2660 XII.
614 2605 778 2659 Sicut
827 2603 886 2658 in
939 2604 1135 2657 morbo
1183 2606 1240 2655 et
1283 2599 1622 2652 infirmitate
1677 2593 2075 2665 deprehensis,

2260 2597 2364 2651 IB'.
2399 2597 2601 2670 Ὥσπερ
2633 2595 2858 2651 ἐπὶτῶν
2900 2598 3044 2671 νόσῳ
3092 2599 3181 2654 καὶ
3231 2600 3479 2672 ἀσθενείᾳ
3534 2602 3827 2674 κατειλημ-

376 2692 758 2766 quandojam
807 2707 1018 2760 corpus
1080 2706 1193 2744 non
1243 2685 1498 2754 amplius
1549 2684 1828 2739 alimenta
1875 2681 1989 2736 cibi

2192 2683 2385 2757 μένων,
2445 2684 2659 2740 ἐπειδὰν
2724 2690 2918 2760 μηκὲτι
2974 2689 3036 2744 τὸ
3091 2694 3247 2764 σῶμα
3295 2688 3514 2746 δυνατὸν
3554 2693 3821 2767 ᾗτρορῆς

374 2790 543 2854 potus
597 2782 889 2854 percipere
941 2784 1149 2851 potest,
1210 2779 1549 2848 desperatur
1610 2776 1680 2829 de
1736 2779 1970 2844 aegroto,

2187 2775 2273 2828 καὶ
2334 2776 2543 2836 πόσεως
2607 2783 2916 2852 μετασχεῖν,
2960 2777 3037 2840 εἷς
3093 2779 3398 2854 ἀπόγνωσιν
3450 2784 3604 2835 τοῦτο
3653 2801 3818 2834 συνω-

373 2890 476 2944 pro
506 2878 664 2928 certo
694 2871 860 2942 signo
894 2869 1096 2924 mOrtis
1137 2868 1266 2938 ejus
1297 2867 1352 2920 id
1405 2866 1675 2930 habetur,
1723 2863 1879 2917 unde
1909 2877 1996 2915 am

2188 2862 2288 2928 θεῖ,
2347 2862 2434 2915 καὶ
2486 2863 2714 2918 θανάτου
2763 2866 3059 2938 τεκμήριον
3117 2866 3348 2940 γίνεται,
3391 2866 3574 2940 θρῆνός
3622 2887 3679 2920 τε
3726 2868 3815 2921 ἐπὶ

371 2970 423 3017 et
456 2961 764 3018 necessarii
796 2960 982 3031 ipsius
1015 2958 1182 3012 illum
1217 2957 1446 3025 lugent:
1500 2955 1582 3008 sic
1621 2954 1769 3006 Deus
1799 2957 1857 3006 et
1887 2967 1998 3022 ang

2189 2949 2360 3022 τούτῳ
2388 2951 2476 3004 καὶ
2509 2949 2703 3029 φίλους
2751 2949 2864 3028 ἔχει
2915 2954 3004 3008 καὶ
3052 2956 3180 3017 τοὺς
3230 2959 3620 3030 προσήκοντας·
3675 2954 3820 3010 οὕτω

372 3051 596 3106 animas
644 3055 776 3106 esca
825 3048 1041 3105 cretesti
1102 3049 1257 3119 pasci
1315 3043 1565 3114 amplius
1625 3057 1738 3095 non
1794 3039 2003 3094 valente

2188 3035 2251 3107 δὴ
2286 3039 2374 3092 καὶ
2419 3039 2548 3102 Θεὸς
2591 3043 2681 3095 καὶ
2721 3040 2948 3118 ἄγγελοι
3005 3045 3186 3118 ψυχὰς
3240 3047 3334 3106 τὰς
3395 3047 3470 3118 μή
3527 3048 3698 3121 τροιρῇ
3754 3048 3819 3117 τῇ

373 3141 558 3197 multo
591 3141 746 3195 luctu
797 3157 862 3194 ac
913 3138 1180 3194 lamentis
1222 3138 1673 3207 prosequuntur.
1725 3130 1784 3184 Si
1817 3128 2004 3199 ergof

2189 3128 2488 3202 ἐπουρανίῳ
2518 3133 2824 3204 χρήσασθαι
2867 3130 3188 3204 δυναμένας,
3241 3133 3330 3188 διὰ
3375 3132 3596 3203 πολλῆς
3646 3134 3817 3203 λύπης

373 3237 500 3286 ctus
523 3232 605 3286 sis
636 3231 735 3285 Dei
783 3231 1051 3294 thronus,
1093 3191 1254 3282 illum
1304 3191 1649 3280 insi-dentem
1693 3221 1792 3275 tibi
1829 3191 2004 3273 habet

2187 3219 2274 3270 καὶ
2335 3219 2547 3290 θρήνων
2607 3225 2907 3277 ποιοῦνται.
2970 3221 3030 3275 Εἰ
3094 3224 3271 3277 τοίνυν
3331 3221 3517 3298 ἔγὲνου
3574 3227 3654 3293 τῷ
3708 3226 3817 3293 Θεῷ

373 3319 422 3375 si
455 3321 650 3375 anima
681 3327 782 3373 tua
813 3321 889 3373 sit
918 3327 1037 3373 tota
1061 3317 1384 3386 spiritualis
1442 3313 1667 3377 oculus,
1701 3317 1820 3364 tota
1852 3308 1989 3375 lux;

2185 3306 2392 3380 θρόνος,
2453 3308 2655 3364 ἐκεῖνον
2715 3307 2858 3384 ἔχων
2919 3311 3335 3382 ἐπικαθήμενον,
3401 3313 3447 3366 εἷ
3523 3313 3733 3386 γὲγονεν
3783 3314 3816 3379 ἡ

373 3411 574 3477 pastus
603 3421 664 3461 es
713 3407 838 3460 cibo
890 3404 988 3460 illo
1037 3403 1358 3470 Spirituali;
1410 3405 1459 3456 si
1509 3405 1740 3470 potatus
1771 3414 1920 3465 aqua
1950 3396 2000 3448 vi

2189 3398 2333 3471 ψυχή
2369 3419 2464 3451 σου
2504 3398 2608 3468 ὅλη
2671 3401 3030 3470 πνευματικὸς
3071 3400 3376 3474 ὀφθαλμὸς,
3428 3401 3534 3473 ὅλη
3588 3407 3725 3479 φῶς,
3775 3400 3820 3454 εἰ

371 3500 428 3550 et
458 3493 743 3564 spirituali
777 3493 907 3547 vino
961 3491 1290 3546 lastiiicante
1337 3506 1463 3555 cor;
1523 3489 1569 3542 si
1617 3495 1776 3539 tuam
1828 3484 2002 3538 indui:

2192 3484 2383 3564 ἐτράφη
2415 3489 2513 3556 τὴν
2549 3490 2755 3564 τροφὴν
2801 3489 3008 3558 ἐκείνην
3052 3495 3148 3545 τοῦ
3189 3492 3524 3565 Πνεύματος,
3575 3492 3619 3546 εί
3670 3491 3823 3552 ποτί,

373 3584 631 3638 animam
663 3581 918 3636 vestibus
951 3578 1262 3634 ineffabilia
1295 3577 1535 3632 luminis
1567 3592 1579 3630 :
1631 3574 1680 3628 si
1715 3575 1919 3627 horum
1948 3590 2004 3626 or

2186 3580 2246 3647 ζῃ
2299 3581 2395 3629 τοῦ
2443 3582 2646 3644 ζῶντος
2697 3576 2910 3643 ὕδατος,
2958 3580 3045 3634 καὶ
3104 3585 3200 3635 τοῦ
3250 3587 3617 3654 πνευματικοῦ
3668 3579 3817 3636 οἴνου

374 3674 535 3728 nium
569 3673 806 3728 interior
839 3677 973 3725 tuus
1024 3669 1198 3723 homo
1250 3668 1708 3740 experimentum
1755 3663 1988 3733 ceperit,

2186 3667 2274 3717 τοῦ
2305 3666 2401 3732 τήν
2435 3664 2656 3740 καρδίαν
2687 3667 3080 3744 εὐφραίνοντος,
3131 3669 3176 3724 εἰ
3224 3668 3497 3726 ἐνδέδυσαι
3551 3675 3620 3746 τῇ
3662 3676 3817 3748 ψυχῇ

371 3764 603 3837 plenam
637 3764 1029 3829 securitatem,
1059 3762 1201 3816 vivis
1248 3775 1377 3814 ecce
1423 3759 1542 3813 vita
1577 3756 1789 3812 abhinc
1815 3760 2002 3809 aatern.

2182 3755 2242 3807 τᾶ
2271 3759 2366 3810 τοῦ
2393 3753 2632 3829 ἂῤῥήτου
2687 3759 2864 3830 φωτὸς
2913 3755 3203 3832 ἐνδύματα,
3258 3761 3302 3816 εί
3345 3761 3558 3818 πάντων
3606 3764 3813 3817 τούτων

369 3871 436 3910 ex
494 3853 761 3924 praesenti
802 3854 927 3923 jam
979 3857 1237 3920 tempore
1287 3848 1510 3904 Christo
1560 3845 2000 3915 conrequiescen

2187 3841 2340 3898 δὲσω
2373 3865 2467 3898 σου
2496 3845 2779 3920 ἅνθρωπος
2819 3847 2894 3908 εἷς
2943 3856 3132 3926 πεῖραν
3180 3851 3401 3930 ἀφίκετο
3451 3852 3541 3907 καὶ
3600 3853 3818 3927 πληρο-

367 3946 466 4000 Sin
518 3945 779 3999 nondum
831 3943 949 3997 hasc
1001 3939 1326 4012 percepisti,
1379 3953 1562 4008 neque
1610 3936 1801 3990 adhuc
1832 3951 1898 3989 eo
1932 3951 1994 4004 pr

2183 3935 2388 4010 ρορίαν,
2451 3933 2567 3989 ἰδοὺ
2615 3942 2712 4011 ζῇς
2761 3940 2860 4006 τὴν
2911 3937 3128 3995 αἰώνιον
3181 3941 3315 4004 τέως
3377 3944 3543 4015 ζωὴν,
3604 3943 3662 3998 ἐκ
3717 3949 3814 4000 τοῦ

363 4035 568 4102 fecisti,
649 4038 711 4088 ut
789 4034 902 4087 ista
960 4032 1280 4103 possideas,
1344 4029 1502 4099 plora
1559 4026 1949 4092 vehementer,

2182 4025 2433 4097 παρόντος
2500 4023 2607 4097 ἤδη
2649 4032 2728 4099 τῷ
2789 4032 3006 4102 Χριστῷ
3054 4033 3593 4105 συναναπαυόμενος.
3647 4035 3704 4088 ΕΞ
3767 4033 3813 4089 δ’

363 4124 633 4179 lamentis
683 4122 946 4194 indulge,
997 4124 1151 4191 quod
1202 4120 1349 4174 tales
1407 4117 1558 4170 haud
1608 4116 1746 4168 dum
1807 4115 1994 4167 lucrat

2184 4112 2321 4167 >ί5πω
2355 4111 2586 4188 ε’ὶληφας
2617 4120 2803 4188 ταῦτα,
2838 4115 2953 4172 οὐδ’
3000 4120 3074 4181 εἱς
3124 4128 3313 4190 ατῆσιν
3361 4123 3567 4178 τούτων
3612 4122 3815 4194 ἐλήλυ-

358 4215 586 4269 divitias
612 4214 711 4268 sis.
760 4215 844 4267 Sit
890 4228 1024 4266 vero
1077 4209 1176 4263 tibi
1226 4227 1293 4264 ea
1344 4224 1501 4273 cura,
1554 4206 1679 4259 haec
1719 4209 1819 4256 tua
1879 4213 1989 4256 orat

2179 4203 2284 4270 δας,
2335 4202 2494 4266 κλαῖς
2545 4206 2783 4280 θερμῶς,
2844 4207 2931 4261 καὶ
2993 4205 3255 4283 ὀδυρμοῖς
3309 4213 3588 4288 κέχρησο,
3641 4216 3810 4285 μήπω

358 4306 638 4373 perpetua
678 4319 780 4373 pro
830 4309 928 4355 tua
980 4299 1370 4354 mendicitate.
1423 4295 1532 4350 Sed
1585 4294 1804 4347 utinam
1857 4291 1989 4345 salte

2182 4295 2260 4378 ςοῦ
2327 4293 2576 4348 τοιούτου
2641 4293 2883 4349 πλούτου
2959 4298 3352 4373 τετυχηνὲναι·
3423 4301 3512 4356 καὶ
3591 4303 3813 4378 φροντῖς

353 4390 714 4463 paupertatis
772 4406 894 4446 suae
967 4405 1174 4445 sensus
1252 4387 1644 4460 possidentem
1702 4383 1945 4447 subeat;

2171 4373 2302 4434 ἔστω
2335 4402 2417 4435 σοι
2449 4382 2537 4436 καὶ
2571 4379 2752 4453 δέησις
2786 4381 3040 4455 διηνεκὴς
3072 4388 3193 4463 περὶ
3225 4396 3325 4458 τῆς
3356 4373 3639 4469 πτωχεία-ς.
3665 4413 3760 4447 σου
3791 4415 3802 4426 ·

351 4498 488 4550 non,
546 4485 609 4535 ut
658 4482 780 4552 jam
837 4480 1046 4551 plenus
1107 4495 1172 4534 ac
1239 4483 1402 4533 satur
1467 4490 1646 4546 apum
1703 4471 1982 4528 divinarut

2169 4467 2288 4523 ἀλλ’
2323 4469 2428 4525 ε’ίθε
2458 4469 2552 4526 κᾶν
2598 4479 2696 4542 τῆς
2748 4474 2939 4529 ἑαυτοῦ
2990 4476 3174 4540 πενίας
3222 4467 3670 4550 α’ίσθησιςεὶσήει
3718 4485 3800 4552 τῷ

347 4589 546 4628 secure
587 4572 1074 4642 circumvagetur,
1127 4585 1232 4625 nec
1279 4582 1562 4638 quaerens,
1614 4579 1719 4618 nec
1769 4558 1973 4632 pulsau

2167 4561 2479 4646 κεκτημένῳ
2522 4562 2649 4617 ,καὶ
2685 4565 2760 4634 μὴ
2797 4564 2869 4626 ὡς
2901 4569 2994 4620 τοῦ
3038 4567 3182 4621 θείου
3205 4567 3446 4626 πλούτου
3493 4572 3798 4644 κατακορὴς

347 4665 600 4731 Querens
638 4664 814 4732 enim,
860 4660 1072 4734 inquit,
1122 4658 1430 4727 invenient,
1481 4659 1530 4710 et
1558 4650 1807 4725 pulsanti
1836 4666 1978 4722 apert

2172 4645 2257 4718 ἲὸν,
2291 4647 2546 4726 ἄφροντις
2579 4659 2860 4728 περιῆγενο
2897 4656 2956 4712 Ὁ
2985 4656 3090 4730 γὰρ
3124 4662 3323 4727 ζητῶν,
3348 4661 3532 4738 φησὶν,
3560 4661 3803 4735 εὑρήσει,

342 4756 435 4806 ιω.
465 4752 529 4806 εις.
2159 4741 2247 4792 καὶ
2287 4743 2366 4811 τῷ
2396 4741 2643 4814 κρούοντι
2674 4742 3041 4818 ἀνοιγήσεται.

412 4840 556 4898 ΧΙΙΙ.
615 4843 674 4897 Si
721 4841 1110 4911 compositum
1169 4839 1313 4894 illud
1361 4837 1554 4892 oleum
1608 4837 1827 4889 tantam
1876 4829 2043 4885 habet

2228 4828 2326 4885 II".
2378 4829 2439 4884 Ei
2485 4831 2547 4884 τὸ
2603 4832 2850 4888 σύνθετον
2893 4832 3066 4890 ἐκεῖνο
3125 4832 3311 4892 ἔλαιον
3365 4841 3632 4911 τοσαύτην
3682 4836 3800 4916 ἔχει

340 4930 480 4995 vim,
541 4933 604 4983 ut
647 4945 714 4985 eo
761 4931 851 4984 usi
902 4931 968 4984 ad
1023 4929 1368 5000 dignitatem
1421 4925 1740 4979 ascendant
1787 4920 1971 4991 regiar

2168 4917 2253 4984 τὴν
2323 4915 2568 4992 δύναμιν,
2630 4921 2701 4981 ὡς
2768 4923 2892 4984 τοὺς
2953 4929 3335 5000 χρησαμένους
3403 4931 3549 5002 αὖτῷ
3607 4929 3799 4987 λοιπὸν

339 5028 558 5088 quanto
635 5019 819 5088 magis
879 5018 977 5087 qui
1037 5019 1228 5088 quoad
1287 5020 1539 5070 mentem
1596 5017 1654 5067 et
1708 5010 1970 5066 interiore

2165 5005 2450 5077 βασιλικῆς
2482 5005 2776 5065 ἐπιϐαίνειν
2815 5009 2998 5084 δόξης,
3041 5017 3193 5088 πόσῳ
3244 5038 3306 5092 γε
3356 5017 3571 5090 μᾶλλον
3624 5020 3680 5074 οἷ’
3705 5022 3796 5075 τὸν

338 5108 634 5163 hominem
687 5108 1084 5162 sanctificante
1142 5105 1543 5161 exsultationis
1583 5105 1706 5158 oleo
1757 5103 1938 5166 uncti,

2166 5101 2274 5150 ιοῦν
2307 5098 2518 5152 καὶτὸν
2550 5098 2654 5155 ἔσω
2697 5100 2972 5171 ἄνθρωπον
3019 5110 3099 5178 τῷ
3139 5108 3436 5182 ἀγιαστικῴ
3479 5117 3578 5178 τῆς
3625 5110 3797 5187 ἀγαλ-

335 5200 566 5254 arrham
619 5200 749 5254 boui
794 5199 1145 5268 accipientes
1203 5197 1476 5268 Spiritus,
1541 5210 1843 5250 mensuras
1904 5208 1966 5262 pe

2164 5188 2384 5248 λιάσεως
2445 5187 2613 5261 ἐλαίῳ
2673 5192 2984 5265 χριόμενοι,
3043 5195 3131 5250 καὶ
3199 5199 3291 5251 τὸν
3358 5184 3795 5272 ἀρραϐῶνα-τοῦ

333 5289 598 5344 fectionis
651 5289 1030 5354 inscendent;
1078 5287 1256 5357 regni.
1310 5287 1575 5357 inquam,
1625 5290 1682 5340 et
1739 5283 1964 5336 ﬁtiatior

2162 5276 2346 5349 ἔιγαθοῦ
2405 5274 2772 5351 λαμϐάνοντες
2841 5285 3192 5356 Πνεύματος,
3247 5292 3356 5341 τῶν
3421 5289 3632 5363 μέτρων
3692 5298 3793 5360 τῆς

330 5377 558 5434 Christo
590 5379 711 5451 regi
743 5384 1044 5434 consortes
1093 5383 1148 5432 et
1180 5377 1410 5447 COHBgtB
1459 5376 1589 5430 iacti
1622 5393 1635 5442 ;
1671 5373 1961 5444 ingredien

2165 5365 2488 5433 τελειότητος
2551 5364 2926 5442 ἐπιϐήσονται,
2987 5381 3086 5443 τῆς
3134 5380 3364 5448 Χριστοῦ
3423 5399 3567 5450 φημι
3629 5379 3796 5453 βασι-

331 5469 401 5524 ad
434 5470 662 5527 Patrem
711 5475 766 5527 et
815 5469 1173 5541 egrediendi,
1223 5471 1288 5524 ut
1332 5468 1556 5545 videtur
1599 5466 1744 5536 ipsis
1791 5465 1962 5519 libera

2166 5455 2294 5519 laici;
2351 5456 2441 5512 καὶ
2511 5458 2780 5523 υἱοθεσίας
2858 5460 3002 5536 αὐτῷ
3068 5466 3367 5539 σιμμύσται
3432 5467 3511 5541 τῷ
3573 5467 3797 5544 βασιλεῖ

402 5645 448 5680 η
478 5644 613 5702 Luc.
647 5662 808 5716 xvm,
837 5648 889 5702 7.
969 5647 1013 5683 ³³
1045 5647 1245 5705 Matth.
1279 5663 1378 5716 vn,
1410 5646 1467 5703 7.
1546 5644 1591 5678 9"
1621 5646 1753 5700 Luc.
1786 5657 1864 5710 xx,
1897 5641 1949 5694 8.
2027 5639 2071 5674 ³⁵
2103 5639 2307 5697 Matth.
2343 5657 2440 5710 vn,
2471 5642 2542 5713 7;
2579 5643 2716 5699 Luc.
2746 5661 2825 5718 χι,
2860 5645 2946 5703 10.
