4130 6286
395 374 508 434 901

400 503 705 579 γενόμενοι,
767 500 984 557 εἰσιέναι
1058 502 1148 556 καὶ
1221 501 1412 572 ἐξιέναι
1468 503 1603 576 πρὸς
1669 503 1760 556 τὸν
1830 503 2116 576 ΠατέραΑ

401 593 536 646 κατὰ
563 592 627 645 τὸ
667 588 858 645 δοκοῦν
914 591 1100 652 αὐτοῖς
1151 589 1418 665 ἕχὸντες;
1471 591 1530 646 Εἰ
1581 591 1682 666 γὰρ
1732 593 1820 645 καὶ
1874 595 2042 664 μήπω

401 681 614 736 τέλειον
673 683 773 750 τήν
833 679 1206 754 κληρονομίαν
1264 679 1541 752 εἰλήφασι,
1602 682 1664 735 τὸ
1729 683 1892 755 βαρος
1968 679 2041 735 ἔτι

401 770 772 843 περικείμενοι
819 776 918 838 τῆς
967 771 1185 844 σαρκὸς,
1217 769 1340 824 ἀλλ’
1377 769 1468 823 οὖν
1499 767 1588 823 διὰ.
1614 771 1704 823 τὸν
1755 767 2048 845 ἀῤῥαϐὧνα

397 863 494 914 τοῦ
539 859 847 930 [Ινεύματος
893 857 946 912 ἐν
989 863 1070 929 τῷ
1106 858 1338 934 ἀσφαλεῖ
1378 858 1559 920 αὐτοῖς
1611 864 1785 912 κεῖται
1831 861 1895 913 τὰ
1937 864 2046 914 τῶν

400 945 659 1014 ἐλπίδων,
699 949 787 1001 καὶ
839 945 922 1001 ὅτι
964 943 1458 1018 συμϐασιλεύσουσι
1487 953 1565 1018 τῷ
1605 952 1840 1020 Χριστῷ,
1872 950 1962 1002 καὶ
1995 949 2047 1002 ἐν

408 1036 693 1110 περιουσίᾳ
736 1037 826 1090 καὶ
869 1033 1200 1107 πλεονασμῷ
1249 1037 1558 1108 Πνεόματος
1600 1034 1831 1102 ἔσονται,
1864 1038 2045 1122 αὐτοῖς

404 1123 837 1197 ἐνδοιαζόμενον,
897 1126 1086 1180 καθότι
1150 1130 1218 1198 τῇ
1285 1126 1440 1199 σαρκὶ
1502 1126 1776 1198 περιόντες
1822 1125 1923 1186 ἔτι.
1972 1127 2047 1206 εἰς

400 1221 588 1290 πεῖραν
619 1214 795 1284 ἦλθον
835 1223 935 1283 τῆς
976 1212 1260 1288 δυνάμεως
1291 1217 1376 1269 καὶ
1425 1213 1630 1284 ἡδονῆς
1678 1215 1881 1283 ἐκείνης
1919 1236 1930 1247 ³
1961 1237 2049 1290 καὶ

393 1305 497 1379 γὰρ
534 1305 598 1359 τὸ
650 1304 890 1358 ἐπιτεθέν
935 1305 1072 1358 κατὰ
1109 1305 1208 1370 τήν
1263 1307 1538 1378 παρακοήν
1590 1310 1707 1368 τοῖς
1747 1305 2052 1377 ἀνθρώποις

402 1398 502 1448 τοῦ
532 1397 744 1448 Σατανᾶ
773 1392 1062 1465 κάλυμμα,
1085 1395 1118 1461 ἡ
1145 1393 1306 1466 χάρις
1325 1392 1597 1469 ἐρχομένη
1632 1393 1718 1447 διὰ
1747 1397 2054 1474 καθάρσεως

411 1486 509 1537 τοῦ
540 1480 644 1536 ἔσω
676 1481 965 1555 ἀνθρώπου
999 1481 1086 1536 καὶ
1116 1485 1214 1535 τοῦ
1251 1483 1394 1543 νοὸς,
1425 1489 1695 1555 περιαιρεῖ
1726 1481 1934 1550 τέλεον,
1964 1495 2054 1545 καὶ

411 1575 514 1624 πᾶν
554 1571 765 1643 μίασμα
806 1571 896 1624 καὶ
939 1570 1205 1646 λογισμὸν
1242 1570 1446 1624 ἄπαντά
1478 1571 1714 1645 ῥυπαρὸν
1739 1579 1838 1640 τῆς
1869 1577 2053 1646 ψυχῆς

398 1655 853 1728 ἀποσκυϐαλίζει,
903 1660 1140 1732 καθαρὰν
1198 1659 1367 1728 αὐτὴν
1415 1661 1656 1736 γενέσθαι
1719 1659 2030 1734 βουλομένη

396 1750 484 1803 καὶ
535 1751 638 1819 τὴν
708 1746 847 1804 ἰδίαν
900 1743 1281 1803 ἀπολαϐοῦσαν
1334 1749 1490 1822 φύσιν
1542 1756 1760 1820 τρανοῖς
1800 1752 1886 1804 καὶ
1938 1736 2054 1806 dive:

404 1836 743 1899 πικωλύτοις
795 1842 910 1898 τοῖς
963 1836 1269 1910 ὀφθαλμοῖς
1311 1839 1409 1907 τήν
1455 1837 1607 1907 δόξαν
1649 1844 1745 1892 τοῦ
1788 1838 2052 1908 ἀληθινοῦ

404 1928 584 2007 φωτὸς
627 1925 994 1982 κατοπτεύειν,
1037 1927 1098 1979 0i
1127 1931 1368 1980 τοιοῦτοι
1403 1924 1458 1981 δὲ
1498 1929 1715 1981 αὐτόθεν
1756 1926 1864 1997 ἤδη
1916 1931 2051 2003 πρὸς

404 2015 604 2071 ἐκεῖνον
670 2014 998 2088 ἁρπάζονται
1057 2014 1148 2067 τὸν
1221 2015 1407 2082 αἰῶνα,
1456 2016 1543 2068 καὶ
1603 2016 1670 2069 τὰ
1718 2016 1826 2070 ἐκεῖ
1868 2016 2049 2087 κάλλη

402 2103 493 2158 καὶ
553 2102 801 2174 θαύματα
866 2103 1163 2175 καθορῶσι.
1215 2103 1462 2176 Καθάπερ
1510 2105 1612 2178 γὰρ
1665 2105 1692 2157 ὁ
1743 2107 2054 2175 σωματικὸς

404 2191 689 2270 ὀφθαλμὸς
729 2191 948 2251 ἀπαθῶς
978 2212 1037 2245 τε
1085 2190 1174 2244 καὶ
1231 2192 1392 2264 ὑγιῶς
1436 2186 1580 2268 ἔχων
1631 2200 1751 2255 ταῖς
1794 2193 2054 2261 ἡλιακαῖς

405 2282 597 2356 αὐγαῖς
643 2279 988 2353 θαῤῥούντως
1037 2278 1325 2350 ἐνατενίζει
1359 2300 1370 2312 ·
1417 2281 1560 2336 οὕτω
1604 2283 1692 2335 καὶ
1743 2283 1889 2337 οὗτοι
1935 2306 2059 2356 φω-

409 2376 569 2442 τεινῷ
597 2371 882 2448 χρώμενοι
924 2371 1013 2423 καὶ
1043 2367 1518 2445 διακεκαθαρμένῳ
1552 2376 1631 2442 τῷ
1669 2377 1746 2443 νῷ
1784 2374 1878 2435 τὰς
1930 2371 2052 2427 ἁδύ.

401 2481 527 2522 τους
579 2457 743 2531 αὐγὰς
787 2457 983 2532 Κυρίου
1033 2457 1120 2511 διὰ
1150 2459 1352 2520 παντὸς
1393 2460 1814 2514 κατοπτεύουσιν
1853 2481 1862 2494 “
1901 2461 1962 2514 οὗ
1995 2464 2058 2518 τί

399 2555 458 2607 τὸ
498 2552 692 2624 μέτρον
728 2552 937 2624 φησίνς
981 2551 1047 2604 οὐ
1090 2547 1294 2623 ῥᾳδίως
1325 2550 1538 2614 ἐφικτὸν
1574 2557 1690 2614 τοῖς
1719 2552 2052 2626 ἀνθρώποις·

401 2641 550 2696 ἀλλὰ
588 2641 768 2695 πόνων
820 2637 990 2694 δεῖται
1042 2644 1279 2712 συχνῶν,
1323 2640 1551 2712 ἀγώνων
1582 2661 1639 2694 τε
1668 2642 1754 2694 καὶ
1808 2640 2060 2714 ἱδρώτων

404 2733 636 2805 μυρίων.
682 2728 890 2784 Πολλοὶ
939 2730 1042 2804 γάρ
1084 2729 1241 2799 εἰσιν,
1283 2730 1369 2790 οἷς
1401 2729 1489 2782 καῖ
1603 2731 1766 2804 χάρις
1816 2731 2055 2786 σύνεστιν

399 2826 706 2896 ἐνεργοῦσα,
747 2821 836 2874 καὶ
889 2822 921 2888 ἡ
976 2823 1137 2874 κακία
1186 2821 1350 2874 πάλιν
1402 2817 1784 2896 ἐνδομυχοῦσα
1825 2824 2057 2899 ἀφέστη-

403 2933 490 2965 κεν
541 2908 798 2981 οὐδαμῶς
835 2925 848 2938 ⁶
883 2908 1028 2962 ἀλλὰ
1091 2910 1157 2962 τὰ
1220 2905 1314 2962 δύο
1372 2906 1674 2981 πνεύματα,
1725 2911 1787 2965 τό
1843 2933 1901 2966 τε
1956 2917 2053 2966 τοῦ

414 2997 594 3074 φωτὸς
627 2999 714 3052 καὶ
759 2997 819 3050 τὸ
848 3000 944 3050 τοῦ
993 2998 1243 3064 σκότους,
1296 2998 1370 3058 εἷς
1421 2999 1548 3068 μίαν
1610 2999 1699 3052 καὶ
1747 3002 1844 3068 τήν
1893 3001 2060 3068 αὐτὴν

422 3088 624 3163 ἐνεργεῖ
669 3084 889 3158 καρδίαν
922 3107 936 3120 ·
980 3087 1041 3139 τὸ
1091 3085 1145 3140 δὲ
1200 3087 1486 3158 εἰρημένον
1520 3108 1531 3121 ·
1578 3088 1665 3146 Τίς
1714 3091 1815 3164 γὰρ
1855 3095 1888 3158 ἡ
1941 3111 2058 3145 κοι-

414 3180 580 3232 νωνία
619 3175 758 3255 φωτῖ
799 3175 935 3244 πρὸς
995 3176 1237 3242 σκότος;
1298 3177 1389 3229 καὶ
1457 3176 1561 3244 ὅτι,
1619 3179 1686 3231 Τὸ
1737 3183 1848 3253 φῶς
1890 3178 1941 3232 ἐν
1991 3185 2056 3252 τῇ
2091 3220 2132 3283 C

553 3271 564 3283 ο
759 3265 771 3283 Ι
1011 3265 1023 3282 \
1142 3265 1154 3282 ἴ
1231 3265 1318 3283 (ἣν
1443 3266 1456 3283 9
1589 3265 1600 3283 Ι
1758 3265 1776 3283 ’-
1819 3266 1838 3283 ‘
1976 3270 1986 3283 Ι

413 3271 610 3339 σκοτίᾳ
677 3265 874 3344 φαίνει,
935 3265 1026 3319 καὶ
1100 3265 1166 3320 τὰ
1231 3265 1371 3336 ἑξῆς,
1431 3265 1700 3340 ἀναμέρος
1757 3265 2055 3337 ἒκληπτέον

413 3355 538 3411 οὐδὲ
586 3356 942 3430 μονοτρόπως
989 3354 1054 3407 τὰ
1099 3354 1388 3428 πράγματα
1423 3375 1433 3386 ·

980 3087 1041 3139 τὸ
1091 3085 1145 3140 δὲ
1200 3087 1486 3158 εἰρημένον
1520 3108 1531 3121 ·

1486 3355 1574 3409 καὶ
1619 3357 1721 3428 γὰρ
1773 3355 1822 3418 ἐς
1866 3361 2060 3411 τοσοῦ-

411 3446 501 3501 τόν
563 3466 703 3506 τινες
759 3442 1180 3498 ὶναναπαύονται
1232 3447 1300 3516 τῇ
1361 3443 1546 3517 χάριτι
1609 3448 1706 3498 τοῦ
1781 3451 1936 3515 Θεοῦ,
2009 3446 2060 3508 ἐς

409 3536 535 3588 ὅσον
582 3534 783 3586 ἑαυτῶν
827 3529 1079 3586 δύνασθαι
1128 3536 1366 3603 κρατεῖν,
1399 3533 1486 3586 καὶ
1541 3534 1614 3601 μη
1650 3535 1913 3601 ἡττᾶσθαι
1961 3541 2061 3603 τῆς

408 3621 838 3698 ἐγκατοικούσης
884 3619 1068 3681 αὐτοῖς
1131 3619 1394 3694 ἁμαρτίας
1439 3641 1448 3651 ·
1512 3621 1601 3675 καὶ
1650 3617 1921 3695 συμϐαίνῃ
1966 3627 2058 3676 νῦν

417 3710 588 3784 εὐχὴν
648 3706 980 3783 εὐπάρεδρον
1023 3707 1255 3787 ἔχοντας
1304 3709 1393 3763 καί
1444 3711 1740 3766 ἀναπαῦσαι
1784 3731 1796 3744 ·

415 3799 518 3853 ὑπὸ
589 3799 842 3872 ῥυπαρῶν
896 3799 1176 3872 λογισμῶν
1237 3795 1584 3874 ἐνεργεῖσθαι,
1643 3801 1732 3855 καὶ
1795 3802 1898 3855 ὑπὸ
1957 3810 2059 3871 τῆς

413 3888 681 3961 ἁμαρτίας
729 3886 1073 3954 κλέπτεσθαι,
1127 3887 1391 3955 συνούσης
1448 3885 1685 3958 δηλαδὴ,
1743 3891 1832 3944 καὶ
1894 3891 2060 3959 αὐτῆς

409 3979 658 4049 χάριτος.
695 3976 772 4030 Οὸ
807 3975 900 4046 μὲν
934 3972 1031 4027 οῦν
1075 3973 1303 4049 ἐλαφροί
1333 3995 1390 4029 τε
1433 3976 1522 4028 καὶ
1555 3974 1707 4031 οὔπω
1755 3985 1853 4045 τῆς
1898 3980 2058 4052 ἀκρι-

417 4059 566 4123 ϐείας
614 4063 1016 4133 ἐπειλημμένοι
1058 4061 1241 4121 πόσως
1282 4061 1466 4123 αὐτοις
1496 4070 1595 4129 τῆς
1644 4064 1784 4126 θείας
1834 4068 2061 4139 χάριτος

413 4150 768 4226 ἐνεργούσης,
819 4148 1002 4218 ἔδοξαν
1055 4149 1277 4203 εἰσάπαν
1330 4149 1697 4205 ἀπολελύσθαι
1745 4161 1846 4221 τῆς
1885 4156 2057 4228 ἁμαρ.

1876 3713 2061 3782 ξπειτα

412 4241 528 4302 τίας
563 4257 576 4270 ⁸
643 4241 695 4294 οἱ
755 4237 813 4293 δὲ
873 4236 1134 4312 διάκρισίν
1190 4259 1247 4292 τε
1285 4239 1372 4291 καὶ
1422 4243 1543 4293 νοῦν
1589 4239 1828 4314 ἔχοντες,
1862 4242 1960 4296 οὐκ
1998 4243 2056 4296 ἂν

414 4329 696 4404 ἆρνηθεῖν,
749 4327 833 4380 ὅτι
896 4325 985 4380 καὶ
1058 4329 1158 4390 τῆς
1211 4329 1306 4379 τοῦ
1355 4331 1490 4380 Θεοῦ
1531 4329 1760 4401 χάριτος
1819 4329 2058 4383 ἐνοικού-

415 4439 537 4489 σης,
595 4416 723 4492 οὐχὶ
783 4415 870 4471 καὶ
922 4416 1023 4470 ὑπὸ
1058 4414 1300 4489 αἰσχρῶν
1333 4414 1421 4469 καὶ
1471 4415 1685 4471 ἀτόπων
1733 4415 2056 4474 διασείονται

415 4508 722 4581 λογισμῶν.
2093 4572 2136 4634 D

489 4687 584 4742 lA'.
620 4682 850 4756 Εἶ¹δομέν
881 4705 1028 4745 τινας
1062 4684 1113 4738 ἐν
1146 4689 1259 4745 τοῖς
1310 4682 1566 4760 ἀδελφοῖς
1616 4682 1884 4748 πολλάκις
1919 4686 2060 4741 οὕτω

415 4773 682 4834 πλουσίας
731 4781 829 4840 τῆς
865 4773 1086 4848 χέριτος
1138 4773 1585 4844 ἐπιλελαυκότας,
1618 4774 1692 4836 ὡς
1724 4777 1883 4831 πέντε
1926 4777 2065 4854 χρό-

417 4882 521 4915 νων
571 4861 661 4915 καὶ
711 4855 762 4929 ἔξ
811 4860 1258 4934 ἂπομαρανθῆναι
1316 4863 1500 4918 τέλεον
1551 4865 1738 4927 αὐτοῖς
1794 4866 1883 4919 καὶ
1929 4866 2062 4920 ἀποο

419 4944 637 5018 σϐἤναι,
667 4950 733 5003 τὰ
761 4955 859 5017 τῆς
893 4949 1205 5022 ἐπιθυμίαις
1230 4970 1242 4983 -
1280 4951 1411 5019 εἶτα,
1446 4954 1519 5015 ὡς
1561 4951 1742 5024 ἔδοξαν
1777 4954 1953 5028 ὅρμου
1974 4974 2062 5026 καὶ

417 5038 668 5116 γαλήνης
713 5033 1088 5106 ἐπιλαϐέσθαι,
1121 5041 1242 5094 τότε
1299 5043 1538 5116 καθάπερ
1584 5041 1633 5115 ἐξ
1685 5041 1898 5117 ἐνέδρας
1944 5045 2062 5100 ἐπι-

420 5133 644 5203 φανεῖσα
672 5127 887 5187 τούτοις
920 5129 954 5194 ἠ
1004 5127 1166 5183 κακία
1205 5128 1348 5183 οὕτω
1399 5128 1677 5203 δ’)ςμενῶς
1729 5132 1940 5187 ἐπέθετο
1973 5135 2061 5189 καὶ

419 5217 646 5293 ἀγρίως,
692 5221 765 5277 ὼς
824 5211 1080 5291 ἔκπγηξιν
1142 5217 1324 5279 αὐτοῖς
1379 5221 1609 5274 ἒνθεῖναι
1665 5222 1750 5274 καί
1787 5222 2012 5297 ἀπορίαν
2045 5241 2059 5255 ⁸

417 5306 715 5384 τεθάρρηκε
755 5305 930 5359 τοίνυν
994 5302 1168 5366 οὐδεὶς
1228 5312 1334 5361 τῶν
1385 5308 1474 5376 ὀξῦ
1536 5307 1624 5363 διὰ
1681 5310 1882 5364 σύνεσιν
1940 5312 2062 5385 βλε-

417 5398 600 5452 πόντω
649 5395 839 5463 εἰπεῖν,
902 5394 984 5448 ὅτι
1042 5394 1265 5469 χάριτός
1317 5415 1411 5468 μοι
1471 5399 1752 5468 συνοόσης,
1803 5398 2062 5470 ἀπηλλα-

419 5506 555 5563 γμαι
603 5483 798 5540 λοιπον
843 5484 932 5538 καὶ
991 5489 1090 5554 τῆς
1165 5482 1451 5561 ἁμαρτίας.
1501 5486 1742 5561 Ἐνεργεῖ
1812 5488 1936 5565 γὰρ,
1987 5489 2062 5555 ὡς

507 5657 555 5697 ²⁶
587 5657 642 5716 Il
671 5657 800 5716 Cor.
832 5673 910 5731 ιν,
945 5660 1010 5715 lt
1085 5658 1134 5698 ³⁷
1168 5659 1335 5720 Joan.
1371 5678 1412 5734 ι,
1433 5663 1488 5718 5.

1437 373 1664 433 LIBER
1708 373 1812 432 DE
1857 371 2358 433 ELEVATIONE
2402 373 2714 434 MENTIS.

3733 373 3850 434 902

2160 504 2437 561 habentes
2471 509 2843 576 potestatem;
2873 509 2930 559 et
2962 506 3009 560 si
3037 505 3190 560 enim
3224 505 3469 561 solidam
3496 507 3672 563 istam
3704 522 3844 562 non-

2150 596 2289 648 dum
2351 601 2650 649 creverunt
2725 596 3141 661 hereditatem,
3201 595 3351 650 mole
3401 603 3600 667 uttque
3657 597 3845 651 adhuc

2151 687 2372 752 gravati
2430 686 2646 752 carnis,
2716 689 2929 750 tamen,
2987 687 3059 738 ob
3127 686 3512 740 arrhabonem
3571 687 3838 756 Spiritus,

2153 784 2306 829 certa
2351 780 2407 827 et
2458 791 2660 828 secura
2711 791 2815 842 spe
2846 774 3166 839 conﬁdunt,
3201 780 3256 828 et
3286 781 3744 846 conregnaturos
3789 789 3850 828 se

2155 865 2384 918 tandem
2419 863 2670 930 Christo,
2704 867 2760 916 et
2793 861 3070 915 fruituros
3118 863 3346 931 copiose
3376 868 3432 916 et
3488 864 3856 917 abundanter

2162 952 2318 1006 I94
2349 953 2616 1022 Spiritu;
2667 952 2909 1005 minime
2956 951 3292 1005 dubitantes
3341 951 3505 1020 quin,
3559 952 3747 1021 quoad
3797 952 3855 1005 in

2156 1059 2328 1098 carne
2369 1043 2636 1104 vixerint,
2671 1040 2966 1111 perstituri
2999 1041 3053 1094 in
3091 1042 3455 1110 possessione
3486 1042 3604 1095 sint
3633 1041 3859 1095 virtutis

2159 1137 2213 1186 et
2243 1131 2550 1199 voluptatis
2591 1130 2775 1194 illius,
2809 1131 2978 1199 cujus
3006 1128 3186 1184 semel
3239 1130 3581 1198 eXperiendo
3617 1134 3857 1200 gustum

2160 1225 2572 1291 acceperunt;
2644 1221 2855 1290 quippe
2936 1235 3066 1274 cum
3142 1220 3658 1289 superimpositum
3735 1225 3862 1286 post

2160 1310 2610 1365 inchedientiam
2648 1309 2984 1365 hominibus
3016 1309 3241 1363 Satanas
3273 1309 3635 1379 operculum,
3678 1309 3862 1379 gratia

2160 1401 2398 1454 veniens
2459 1417 2556 1469 per
2633 1399 3025 1469 purgationem
3109 1398 3395 1452 interioris
3483 1397 3736 1451 hominis
3807 1401 3864 1451 et

2163 1491 2395 1555 mentis,
2443 1491 2667 1544 auferat
2709 1489 2962 1560 penitus,
3014 1493 3070 1541 et
3109 1504 3281 1542 omne
3330 1486 3860 1557 inquinamentum,

2164 1594 2513 1649 omnemque
2557 1577 2968 1648 cogitationem
3011 1577 3082 1630 ad
3123 1576 3319 1630 anima
3361 1580 3620 1642 everrat;
3662 1574 3860 1629 volens

2164 1667 2323 1720 illam
2357 1683 2481 1722 esse
2512 1668 2813 1732 mundam,
2848 1671 2904 1720 et
2946 1664 3240 1735 propriam
3285 1663 3538 1733 recipere
3570 1669 3860 1732 naturam,

2168 1756 2604 1826 prespicacibus
2654 1761 2709 1809 et
2740 1755 2896 1809 omni
2943 1755 3144 1808 liberis
3178 1754 3592 1822 impedimento
3622 1752 3742 1807 veri
3775 1753 3866 1808 lu-

2086 1850 2131 1914 B
2165 1845 2340 1899 minis
2367 1845 2685 1899 claritatem
2731 1843 2946 1898 intueri
2991 1841 3193 1897 oculis.
3241 1843 3346 1907 Qui
3382 1845 3523 1897 tales
3565 1847 3704 1897 sunt
3737 1843 3865 1912 jam

2165 1949 2229 1987 ex
2282 1935 2388 1989 hoc
2433 1939 2693 2002 tempore
2743 1948 2810 1986 ac
2858 1933 2986 1986 vita
3035 1937 3190 1985 statu
3248 1933 3305 1984 in
3360 1931 3500 1984 illud
3553 1932 3868 2000 rapiuntur

2163 2023 2464 2092 saeculum,
2507 2029 2562 2076 et
2601 2039 2725 2092 quae
2770 2023 2846 2076 ibi
2895 2025 3034 2075 sunt
3069 2019 3535 2090 pulchritudines
3588 2036 3653 2073 ac
3697 2020 3870 2074 mira-

2163 2111 2292 2165 cula
2324 2118 2608 2181 spectant.
2641 2110 3142 2175 Quemadmodum
3177 2110 3332 2163 enim
3368 2123 3676 2177 corporeus
3725 2123 3863 2162 ocu-

2166 2197 2256 2251 lus
2301 2198 2467 2269 plene
2515 2216 2690 2253 sanus
2723 2205 2780 2252 et
2828 2199 3056 2268 vigens,
3085 2197 3303 2251 solares
3333 2197 3602 2250 audacter
3633 2195 3867 2266 inspicit

2168 2288 2393 2355 radios;
2440 2289 2524 2342 sic
2556 2294 2612 2342 et
2644 2287 2700 2342 bi
2734 2287 2923 2340 lucida
2959 2294 3170 2354 mente,
3203 2284 3638 2341 inaccessibiles
3671 2285 3868 2355 splen-

2168 2375 2338 2429 dores
2391 2375 2618 2430 Domini
2670 2391 2900 2444 semper
2948 2374 3300 2429 intuentur:
3351 2373 3420 2427 ad
3473 2388 3649 2442 quam
3695 2377 3867 2426 tantae

2169 2479 2503 2518 mensuram
2556 2465 2884 2534 pertingere
2932 2461 3225 2516 felicitatis
3260 2462 3414 2515 baud
3465 2461 3634 2514 facile
3683 2459 3870 2514 homi-

2169 2557 2341 2610 nibus
2369 2562 2482 2609 est:
2538 2557 2634 2608 sed
2686 2553 2937 2607 laborius
2970 2555 3036 2606 ad
3087 2552 3196 2606 hoc
3245 2568 3392 2621 opus
3436 2555 3523 2604 est
3575 2549 3868 2620 plurimis,

2169 2645 2705 2713 certaminibusque
2769 2651 2822 2697 et
2900 2641 3215 2695 sudoribus
3281 2639 3629 2694 innumeris.
3701 2637 3867 2692 Multi

2171 2737 2384 2805 quippe
2416 2739 2555 2788 sunt
2585 2733 2797 2802 quibus
2823 2732 3011 2801 gratia
3042 2732 3191 2784 inest
3221 2731 3457 2801 quidem
3505 2731 3870 2797 Operationes

2171 2827 2338 2879 etiam
2401 2825 2686 2894 quasdam
2748 2839 2880 2876 suas
2933 2837 3208 2875 exercens
3269 2835 3282 2873 :
3347 2825 3616 2873 caeterum
3669 2817 3750 2872 ita
3810 2821 3873 2872 ut

2172 2914 2342 2968 simul
2379 2931 2493 2966 non
2529 2913 2681 2966 absit
2713 2912 2785 2965 ab
2831 2911 2900 2964 iis
2951 2909 3172 2964 malitia
3219 2910 3377 2962 intus
3417 2908 3622 2962 latens.
3678 2908 3873 2977 itaque

2170 3007 2309 3056 tunc
2352 3004 2522 3054 ambo
2570 3002 2833 3070 spiritus,
2885 2999 3115 3052 lucidus
3164 3003 3218 3051 et
3260 2998 3618 3061 tenebrosus,
3660 2995 3719 3048 in
3756 3011 3870 3050 uno

2171 3095 2227 3144 et
2259 3091 2458 3143 eodem
2492 3095 2807 3156 Operantur
2837 3087 3025 3142 corde.
3060 3087 3214 3151 Quod
3252 3091 3441 3138 autem
3487 3085 3704 3138 dictum
3738 3094 3822 3138 est
3855 3101 3868 3138 :

2175 3180 2301 3246 ουκ
2343 3181 2486 3233 enim
2531 3177 2759 3232 societas
2800 3177 2908 3230 luci
2954 3178 3031 3230 ad
3081 3174 3332 3229 tenebras
3381 3170 3476 3225 ’ὅτ
3518 3173 3614 3225 Et:
3670 3172 3786 3226 Lua:
3815 3175 3874 3226 in

2170 3266 2408 3322 tenebris
2465 3266 2606 3319 lucet
2637 3263 2710 3319 ’7:
2763 3263 3115 3333 similiaque,
3149 3261 3376 3314 divisim
3434 3276 3497 3313 ac
3547 3259 3874 3330 sigillatim,

2172 3372 2286 3410 non
2336 3353 2704 3408 uniformiter
2733 3359 2785 3406 et
2832 3352 2888 3405 in
2939 3352 3275 3404 universum
3327 3347 3663 3416 accipienda
3713 3351 3872 3403 sunt.

2171 3443 2316 3498 Nam
2353 3445 2409 3496 in
2461 3449 2682 3496 tantum
2738 3439 2978 3511 quidam
3021 3440 3404 3508 acquiescant
3433 3437 3627 3504 gratiae
3661 3434 3778 3500 ῡυὶ,
3815 3435 3875 3489 in

2173 3539 2462 3604 quantum
2513 3535 2812 3586 continere
2863 3532 3086 3598 seipsos
3140 3532 3404 3597 possunt,
3460 3534 3513 3580 et
3558 3542 3672 3580 non
3722 3523 3875 3579 vinci

2170 3624 2239 3677 ab
2274 3622 2636 3675 inhabitante
2669 3621 2727 3674 in
2757 3620 2900 3690 ipsis
2949 3623 3201 3685 peccato.
3249 3615 3349 3670 His
3393 3616 3696 3684 contingit,
3733 3613 3876 3668 dum

2171 3709 2536 3766 constantius
2580 3709 2872 3762 interdum
2922 3706 3317 3774 attentiusque
3360 3704 3606 3758 orationi
3652 3708 3876 3769 vacant,

2173 3806 2232 3854 ut
2265 3802 2461 3870 quiete
2511 3799 2966 3866 perfunduntur;
3019 3800 3216 3864 postea
3263 3799 3458 3846 tamen
3509 3792 3874 3846 sordidarum

2171 3889 2590 3956 cogitationum
2644 3885 2900 3937 insultus
2949 3881 3112 3950 pati;
3167 3879 3307 3947 quin
3354 3885 3410 3932 et
3457 3896 3485 3930 a
3529 3878 3878 3948 subrepente

2171 3977 2373 4029 furtim
2427 3973 2630 4026 incessi
2681 3976 2946 4041 peccato;
3003 3977 3279 4038 prmsente
3329 3966 3710 4019 nihilominus
3747 3964 3878 4033 ipsa

2171 4076 2406 4132 quoque
2441 4059 2649 4130 gratia.
2693 4057 2952 4111 Leviores
2994 4055 3173 4125 igitur
3218 4058 3275 4107 et
3324 4055 3516 4106 minus
3559 4054 3734 4118 cauti,
3769 4065 3872 4104 nec

2171 4151 2322 4204 satis
2373 4148 2787 4216 intelligentes,
2829 4154 3120 4215 quatenus
3152 4144 3208 4196 in
3244 4143 3384 4211 ipsis
3426 4140 3640 4210 polleat
3679 4139 3876 4194 divina

2167 4238 2370 4309 gratia,
2431 4244 2648 4291 temere
2707 4236 2953 4290 credunt
3015 4232 3180 4302 plane
3237 4231 3359 4299 jam
3419 4232 3866 4284 exterminatum

2169 4345 2295 4383 esse
2349 4335 2666 4397 peccatum.
2718 4328 2790 4378 At
2851 4323 3082 4376 discreti
3136 4329 3188 4374 et
3237 4336 3367 4373 vere
3415 4319 3728 4389 prudentes
3784 4333 3875 4373 re-

2169 4434 2323 4481 rum,
2359 4434 2469 4469 non
2502 4415 2702 4484 utique
2737 4414 2959 4466 inticias
2987 4411 3216 4474 iverint,
3249 4425 3310 4462 se
3359 4415 3660 4477 utcunque
3705 4406 3874 4462 inha-

2170 4507 2389 4560 bitants
2423 4503 2694 4574 dignatos
2740 4505 2946 4572 gratia,
2989 4516 3093 4554 nec
3130 4504 3324 4552 tamen
3368 4496 3638 4566 turpibus
3677 4503 3734 4550 et
3774 4495 3876 4549 ab-

2171 4595 2364 4649 surdis
2395 4592 2839 4663 cogitationibus
2872 4606 2985 4644 non
3017 4588 3270 4643 concuti.

2244 4684 2383 4738 XIV.
2439 4682 2716 4737 Novimus
2768 4679 3048 4750 quosdam
3099 4694 3164 4730 ex
3214 4673 3494 4729 fratribus
3544 4687 3697 4742 sape
3732 4672 3874 4726 adeo

2175 4772 2336 4827 uberi
2397 4769 2803 4841 superfusione
2856 4767 3054 4836 gratias
3105 4765 3342 4829 ditatos,
3393 4766 3457 4815 ut
3504 4762 3764 4831 quinque
3808 4775 3874 4814 ac

2173 4877 2271 4917 sex
2313 4861 2449 4914 totis
2496 4858 2662 4914 annis
2711 4859 2770 4911 in
2807 4856 2951 4928 ipsis
3003 4853 3228 4925 penitus
3275 4852 3452 4905 veluti
3484 4848 3876 4905 emarcuerint

2172 4959 2227 5006 et
2281 4952 2574 5006 exstinctae
2643 4948 2854 5003 fuerint
2905 4947 3254 5016 cupiditates
3307 4963 3320 5011 ;
3383 4940 3592 4996 deinde
3655 4948 3871 5009 tamen,

2172 5042 2308 5096 dum
2355 5047 2518 5111 portu
2559 5045 2616 5094 et
2664 5037 3094 5106 tranquillitate
3144 5035 3253 5088 frui
3303 5033 3670 5097 videbantur,
3702 5046 3876 5101 appa-

2173 5138 2390 5187 rentem
2453 5147 2677 5196 rursus,
2746 5129 2900 5182 velut
2955 5144 3022 5181 ex
3079 5123 3330 5190 insidiis,
3407 5123 3693 5176 malitiam
3754 5126 3873 5173 tam

2170 5221 2611 5276 venementibus
2681 5219 2806 5289 ipso
2880 5219 3016 5271 feris
3090 5214 3405 5268 insultibus
3463 5211 3750 5282 pulsasse.
3811 5213 3876 5262 ut

2172 5329 2438 5382 pavorem
2472 5317 2528 5365 et
2571 5310 3101 5364 consternationem
3147 5305 3290 5376 ipsis
3339 5304 3639 5356 incuteret.
3690 5301 3872 5350 Nemo

2171 5404 2347 5473 igitur
2404 5417 2628 5468 corum,
2689 5401 2895 5472 quibus
2951 5401 3178 5454 acutius
3237 5407 3468 5448 cernere
3515 5403 3689 5442 sacrae
3740 5402 3870 5456 pru-

2169 5492 2376 5548 dentiae
2411 5492 2609 5548 lumen
2643 5491 2825 5563 dedit,
2872 5490 3028 5548 ausit
3068 5499 3330 5558 unquam
3381 5481 3611 5537 dicere:
3648 5476 3727 5534 Ex
3757 5490 3872 5550 quo
