4130 6286
351 418 466 479 903
1694 426 1756 484 S.
1806 425 1982 485 MAG}

2188 430 2515 492 fEGYPTII
3701 434 3819 493 904

343 558 685 625 praesentem
718 552 778 608 in
810 568 902 610 me
942 554 1130 609 sentio
1175 553 1447 625 gratiam,
1487 551 1768 612 liberatus
1809 574 1936 612 sum

2174 558 2391 635 εἷ’ρηται,
2423 560 2513 616 καὶ
2551 559 2617 616 τὰ
2656 557 2751 615 δύο
2797 557 2849 613 ἐν
2881 563 2960 631 τῷ
2998 559 3072 614 ἐνὶ
3116 559 3206 615 καὶ
3255 563 3334 631 τῷ
3381 559 3530 632 αὐτῷ
3558 563 3657 632 νῷ,
3711 556 3805 612 κᾶν

342 659 516 699 omne
547 649 776 714 tempus
819 645 890 699 ab
930 645 1088 700 omni
1137 644 1374 700 malitia.
1436 643 1561 700 Duo
1609 647 1789 719 enim,
1843 653 1905 703 ut
1956 666 1973 702 ί

2181 650 2213 702 οἱ
2246 648 2466 705 εὕκολοὶ
2515 671 2571 704 τε
2607 649 2697 705 καὶ
2749 649 2975 722 ἀμαθεῖς
3028 652 3220 724 μικρόν
3274 671 3326 705 τι
3373 656 3525 722 νῆμα
3565 668 3812 721 πνευμα-

342 739 501 790 ctum
531 739 638 796 est,
670 734 822 791 inter
852 751 914 791 se
964 735 1198 791 adversa
1249 736 1305 790 in
1359 743 1554 791 mente
1603 743 1806 808 agunt,
1859 746 1973 810 grai

2176 742 2306 795 ςικὸν
2374 740 2695 818 ἐσχηκότες,
2758 740 3058 813 Νενίκημεν
3110 739 3244 812 ἤδη,
3308 739 3580 816 λέγουσιν.
3642 742 3807 813 Ἐμοὶ

342 829 398 880 et
429 825 922 896 concupiscentia,
971 831 1267 896 utcunque
1311 827 1426 881 cito
1470 828 1689 881 creduli
1723 835 1780 882 et
1818 828 1972 899 impr

2177 831 2214 883 ἰὲ
2272 827 2432 884 δωκῶ
2499 831 2564 884 τὰ
2622 829 2919 904 πράγματα
2967 829 3145 894 οὕτῶς
3171 826 3320 904 ἔχειν
3357 849 3370 862 ·
3431 828 3614 904 ὥσπερ
3681 828 3808 885 ὅταν

341 915 548 969 dentes
597 914 795 970 statim
843 915 1042 969 dicant
1085 932 1098 970 :
1160 915 1415 984 Vicimus,
1465 925 1515 970 et
1563 916 1900 972 debellatum
1925 919 1972 988 jc

2174 917 2321 986 ξλίου
2353 923 2609 993 καφαρῶς
2654 917 3063 990 ἐπιλάμποντος
3092 919 3363 980 σκοτεινὸς
3394 921 3422 973 ὁ
3474 919 3612 992 ἀνὴρ
3655 915 3805 996 ἇῳνω

339 1011 435 1058 est.
472 1002 609 1058 Mihi
650 1003 883 1073 quidem
917 1013 1117 1059 contra
1148 1006 1230 1060 sic
1261 1005 1529 1060 videntur
1561 1006 1735 1076 hujus
1769 1023 1830 1061 se
1879 1023 1970 1077 ger

2174 1008 2190 1076 ἢ
2251 1007 2468 1082 ὁμίχλη
2515 1006 2889 1081 ἐπιδραμοῦσα
2938 1009 3255 1082 ἐπισκοτίσῃ
3309 1009 3476 1063 αὐτοῦ
3524 1013 3603 1079 τῷ
3649 1007 3805 1080 καλῷ

341 1092 422 1148 ris
453 1107 546 1149 res
596 1093 828 1161 habere,
870 1099 934 1148 ut
983 1094 1215 1165 quando
1265 1096 1372 1150 soli
1427 1111 1568 1166 pure
1620 1095 1864 1167 fulgenti
1915 1114 1972 1151 su

2172 1096 2296 1176 ρωτί
2329 1115 2342 1129 ⁸
2375 1096 2552 1169 τούτῳ
2593 1098 2692 1172 γὰρ
2743 1094 3145 1171 παραπλησίως
3201 1096 3392 1173 ἔχουσι
3433 1102 3513 1169 τῷ
3555 1095 3706 1171 λόγῳ
3751 1097 3803 1150 o't

339 1180 533 1237 oriens
582 1193 816 1254 repente
854 1199 1036 1250 vapor
1081 1189 1136 1239 et
1182 1184 1370 1254 caligo
1411 1185 1670 1240 velamen
1723 1183 1897 1240 veluti
1937 1202 1968 1240 ο

2174 1192 2253 1253 ῖῆς
2308 1187 2400 1258 μὲν
2466 1190 2566 1241 τοῦ
2632 1190 2765 1241 Θεοῦ
2832 1187 3060 1260 χάριτος
3119 1185 3491 1262 ἐπιτυχόντες,
3527 1188 3696 1258 μήπω
3745 1183 3805 1240 δὲ

337 1272 598 1342 duxerit;
633 1274 713 1329 sic
744 1273 1030 1340 similiter,
1073 1275 1158 1330 uti
1209 1276 1494 1348 diximus,
1546 1292 1607 1331 se
1660 1276 1890 1342 habent,
1943 1293 1968 1348 q

2171 1275 2288 1346 τρὸς
2347 1269 2622 1348 ἀκρίϐειαν
2682 1271 3142 1349 διακαθαρθέντες,
3203 1274 3330 1331 ἀλλ’
3405 1275 3455 1330 ἐν
3510 1280 3588 1348 τῷ
3649 1276 3802 1350 βάθει

336 1361 525 1432 gratia
582 1364 680 1418 Dei
738 1363 939 1434 potiti,
1003 1366 1101 1420 sed
1161 1371 1428 1420 accurate
1485 1366 1744 1420 nondum
1809 1381 1967 1437 purgt

2170 1357 2231 1416 ἷτι
2263 1364 2587 1439 κατάσχετοι
2619 1361 2764 1425 ὄντες
2799 1364 2901 1418 ὑπὸ
2947 1370 3048 1432 τῆς
3097 1365 3362 1439 ἁμαρτίας
3394 1385 3407 1401 ·
3459 1362 3600 1421 ὥστε
3653 1363 3801 1420 πολ-

335 1456 508 1518 sunt;
540 1453 640 1508 sed
689 1452 746 1507 in
797 1454 1194 1524 penetralibus
1244 1455 1554 1526 profundis
1605 1457 1794 1510 adhuc
1825 1472 1858 1510 a
1905 1473 1966 1527 pe

2167 1454 2254 1520 lii;
2287 1457 2366 1524 τῷ
2398 1447 2509 1508 ὄντι
2549 1459 2647 1521 τῆς
2691 1450 3004 1527 διακρίσεως
3036 1450 3119 1508 δεῖ
3147 1455 3284 1527 πρὸς
3313 1453 3376 1508 τὸ
3431 1453 3590 1527 πείρᾳ
3629 1457 3798 1509 ταῦτα

335 1545 461 1597 cato
517 1545 811 1598 tenentur.
874 1543 1061 1607 Quare
1119 1544 1306 1600 multa
1370 1546 1627 1616 profecto
1693 1545 1964 1600 discretio

1275 1562 1306 1600 a
1370 1546 1627 1616 profecto
1693 1545 2040 1601 discretione
2156 1539 2560 1616 τῷτελεωτοὶτῃ
2589 1537 2906 1617 προλαϐεῖν.

332 1647 479 1703 opus
509 1639 614 1700 est,
653 1633 724 1688 ad
756 1633 1168 1704 experientiam
1209 1650 1405 1690 rerum
1440 1633 1645 1691 talium
1679 1635 2037 1705 perfectissi-

334 1738 490 1779 mam
523 1723 874 1794 parandam.

401 1809 518 1867 XV.
578 1811 651 1868 Ut
708 1814 834 1868 sine
893 1812 1099 1882 oculis,
1160 1813 1378 1885 lingua,
1440 1815 1705 1881 auribus,
1767 1815 2032 1886 pedibus,

2223 1813 2320 1867 IE'.
2380 1820 2556 1886 Ωσπερ
2597 1831 2885 1886 αμηχανον
2927 1810 3226 1889 ὀφθαλμῶν
3283 1810 3406 1867 ἄνευ
3463 1813 3553 1867 καὶ
3604 1811 3795 1889 γλώτ-

329 1900 534 1970 videri,
584 1901 722 1970 dici,
773 1903 987 1972 audiri,
1035 1903 1322 1959 ambulari
1373 1905 1575 1976 nequit
1617 1923 1630 1973 ;
1683 1904 1765 1959 sic
1819 1907 1960 1976 parii

2159 1919 2264 1970 της,
2298 1896 2451 1955 ὤτων
2498 1921 2556 1956 τε
2593 1901 2680 1956 καὶ
2732 1898 2912 1956 ποδῶν
2961 1900 3181 1975 βλέπειν
3223 1902 3257 1972 ἢ
3319 1901 3516 1978 λέγειν,
3575 1901 3790 1958 ἀκούειν

332 1949 853 2062 impossibile,est.
904 1949 1028 2048 sine
1079 1994 1194 2048 Deo
1243 2001 1294 2050 et
1341 1994 1413 2049 ab
1450 1949 1579 2064 ipso
1617 1949 1762 2050 ’dato
1811 1949 1963 2049 efﬁce

2160 1949 2264 1970 '1",
2304 1949 2444 1955 ’⁷⁷⁷⁷⁷
2510 1949 2555 1956 ’⁷
2595 1949 2680 1956 ”’⁷“”
2738 1949 2906 1956 ’”⁷““”
2961 1949 3176 1975 Γ”“““’“⁷
3229 1949 3256 1972 ⁷⁸
3319 1949 3516 1978 '--‘-",
3576 1949 3788 1958 """-"

2160 1992 2179 2060 ἢ
2239 1998 2552 2067 περιπατεῖν
2607 2011 2619 2024 ·
2683 1993 2855 2057 οὕτως
2918 1993 3108 2065 ἐπισης
3182 1992 3462 2065 ἀδύνατον,
3519 1996 3641 2050 ἄνευ
3694 1999 3791 2050 τοῦ

333 2081 484 2137 165
544 2082 780 2150 auxilio,
842 2083 1272 2138 communicare
1332 2084 1622 2155 mysteriis
1682 2083 1916 2151 divinis,

2157 2085 2277 2135 Θεοῦ
2308 2082 2394 2136 καὶ
2425 2089 2524 2150 τῆς
2557 2080 2755 2137 ἐκεῖθεν
2801 2080 3089 2154 διδομένης
3148 2082 3435 2158 ἐνεργείας,
3472 2084 3788 2159 μυστηρίων

334 2187 504 2226 nosse
565 2172 658 2227 Dei
726 2173 1099 2242 sapientiam,
1159 2178 1260 2227 aut
1319 2173 1374 2226 in
1449 2173 1670 2243 Spiritu
1731 2174 1965 2227 ditescer

2157 2178 2473 2240 ιοινωνῆσαι
2523 2170 2700 2239 θείων,
2751 2172 2838 2226 καὶ
2889 2169 3083 2227 εἰδέναι
3141 2176 3274 2227 Θεοῦ
3321 2172 3530 2250 σοφίαν.
3562 2173 3597 2243 ἢ
3653 2175 3788 2229 κατά

332 2259 478 2315 Nam
527 2261 817 2332 sapientes
866 2264 1100 2333 quidem
1151 2267 1504 2328 Graecorum,
1563 2263 1619 2316 in
1655 2264 1957 2318 meditatio

2151 2264 2363 2331 Πνεῦμα
2410 2258 2687 2315 πλουτεῖν.
2747 2261 2808 2314 Ol
2866 2262 2958 2332 μὲν
3008 2262 3108 2336 γὰρ
3160 2262 3317 2340 σοφοὶ
3364 2267 3471 2317 τῶν
3503 2261 3782 2333 Ἐλλήνων

332 2351 730 2406 doctrinarum
782 2358 1138 2419 exercentur,
1189 2359 1245 2408 et
1277 2355 1344 2408 ad
1381 2355 1627 2409 invicem
1663 2353 1963 2425 reciproca

2245 2349 2432 2423 λόγοις
2473 2354 2784 2420 ἀσκοῦνται,
2832 2353 2920 2406 καὶ
2971 2352 3106 2426 πρὸς
3149 2352 3500 2428 λογομαχίας
3531 2353 3782 2426 ἐκθύμως

331 2440 435 2496 das
466 2441 770 2496 verborum
805 2444 926 2498 rixa
957 2441 1128 2514 longo
1177 2443 1292 2496 triti
1344 2459 1454 2497 usu
1505 2448 1660 2498 sunt.
1715 2443 1876 2498 Servi
1924 2461 1956 2497 a

2150 2438 2506 2512 ἠσχόληνται.
2541 2440 2602 2494 Οἱ
2653 2438 2709 2495 δὲ
2747 2445 2846 2494 τοῦ
2897 2445 3028 2496 Θεοῦ
3070 2439 3280 2509 δοῦλοι,
3312 2441 3407 2497 κᾶν
3449 2442 3781 2516 ἀνομίλητοι

330 2534 445 2584 tem
479 2529 600 2596 Dei,
655 2530 761 2584 etsi
795 2536 1202 2602 congressibus
1252 2532 1709 2601 disputationum
1754 2532 1961 2587 inexeri

2150 2527 2325 2604 λόγων
2373 2527 2523 2596 ὦσιν,
2574 2527 2700 2584 ἀλλ’
2745 2527 2835 2585 οῦν
2882 2531 3000 2602 θείᾳ
3053 2532 3248 2606 γνώσει
3301 2533 3388 2588 καὶ
3429 2537 3563 2588 Θεοῦ
3596 2533 3781 2610 χάριτι

331 2617 433 2671 tati
467 2619 606 2685 sint,
641 2625 834 2674 tamen
881 2621 1074 2674 divina
1123 2621 1325 2675 notitia
1355 2627 1413 2675 et
1463 2620 1564 2675 Dei
1613 2620 1802 2691 gratia
1861 2637 1960 2691 per

945 2621 1074 2674 vina
1123 2621 1325 2675 notitia
1355 2627 1413 2675 et
1463 2620 1564 2675 Dei
1613 2620 1802 2691 gratia
1861 2621 2035 2691 perfi-
2142 2617 2571 2694 καταρτίζονται.

330 2708 588 2762 ciuntur.

398 2795 550 2852 XVI.
584 2796 779 2852 Audeo
829 2796 1039 2866 dicere,
1078 2815 1148 2853 ne
1198 2798 1341 2869 ipsis
1395 2798 1629 2867 quidem
1677 2797 1795 2854 illis
1835 2803 2029 2855 sancto

2218 2798 2339 2871 Ιςι.
2376 2798 2638 2870 Ιῐείθομαι
2674 2799 2871 2873 λέγων,
2915 2801 3100 2878 φησὶν,
3151 2800 3233 2855 ὅτι
3277 2800 3370 2856 καὶ
3414 2801 3588 2862 αὐτοῖς
3636 2800 3771 2856 ἐκεί-

330 2884 622 2941 Paracleto
692 2885 927 2956 repletis
1004 2887 1280 2954 apostolis
1343 2887 1660 2957 contigisse
1723 2893 1784 2942 ut
1868 2889 1961 2942 libi

2143 2906 2256 2946 νοις
2287 2892 2405 2948 τοῖς
2437 2887 2766 2950 ἀποστόλοις
2797 2893 2892 2944 τοῦ
2932 2889 3135 2964 ἀγαθοῦ
3179 2892 3531 2964 Ιιαρακλήτου
3560 2889 3774 2960 πεπλη-

327 2991 567 3044 prorsus
598 2993 631 3030 a
662 2977 813 3030 curis
845 2983 1078 3042 essent;
1114 2979 1214 3032 sed
1247 2977 1696 3033 exsultationem
1740 2985 1799 3032 et
1828 2977 1958 3034 inell

2145 2975 2438 3048 ρωμένοις,
2517 2978 2779 3049 οὐμενοῦν
2849 2980 3101 3047 καθαρῶς
3185 2979 3403 3054 ὑπῆρχε
3484 2976 3775 3056 φροντίδων

325 3066 439 3122 bile
470 3085 670 3123 eorum
704 3069 978 3140 gaudium
1012 3074 1067 3124 et
1099 3071 1272 3124 timor
1320 3070 1534 3141 aliquis
1576 3072 1955 3140 consequebat

2149 3064 2380 3118 ἀνεῖσθαι
2417 3083 2429 3096 ·
2454 3063 2598 3120 ἀλλά
2628 3066 2761 3138 πρὸς
2792 3069 2860 3139 τῇ
2894 3065 3216 3141 ἀγαλλιάσει
3246 3069 3334 3121 καὶ
3366 3067 3588 3143 ἀρρήτῳ
3618 3071 3780 3146 χαρᾷ,

324 3175 392 3214 ex
424 3160 545 3229 ipsa
591 3161 800 3230 gratia,
857 3176 926 3214 ne
978 3160 1120 3215 forte
1170 3160 1385 3230 pejoris
1439 3161 1620 3232 partis
1672 3166 1955 3216 tentarent

2154 3154 2232 3206 ιιαὶ
2273 3150 2444 3230 φόϐος
2475 3175 2557 3214 τις
2590 3155 2772 3211 ε’ἰπετο
2824 3155 2874 3225 ἐξ
2935 3156 3102 3225 αὐτῆς
3172 3154 3349 3226 δήπου
3387 3163 3486 3226 τῆς
3539 3159 3785 3232 χάριτος,

324 3251 749 3304 occasionibus.
785 3251 916 3320 Ipsa
945 3251 1101 3304 enim
1134 3251 1320 3319 gratia
1348 3252 1408 3305 in
1442 3257 1563 3305 tuto
1618 3267 1707 3306 res
1765 3253 1955 3322 ipsorc

2152 3242 2273 3316 οὐχὶ
2313 3247 2409 3297 τοῦ
2437 3251 2536 3312 τῆς
2586 3243 2776 3305 κακίας
2809 3243 3005 3320 μέρους
3058 3239 3289 3319 ἔχοντας
3329 3247 3602 3322 ἀφορμάς.
3637 3245 3783 3316 Αὐτὴ

326 3340 605 3407 ponebat,
655 3355 726 3393 ne
774 3339 862 3392 vel
911 3342 981 3393 ad
1031 3340 1330 3394 minimum
1385 3341 1728 3395 excederent
1777 3357 1809 3394 a
1853 3347 1957 3394 recl

2158 3332 2242 3406 (ἀρ
2345 3333 2506 3406 χάρις
2560 3332 2611 3387 ἐν
2658 3332 2892 3407 ἀσφαλεῖ
2935 3337 3002 3388 τὰ
3044 3333 3260 3389 ἐκείνων
3307 3334 3472 3390 ἐτίθει
3501 3340 3597 3390 τοῦ
3650 3332 3789 3408 μηδὲ

323 3429 507 3498 Atque
540 3433 602 3480 ut
633 3427 911 3497 puerulus
946 3446 1117 3498 parvo
1149 3430 1370 3482 calculo
1402 3430 1459 3483 in
1500 3446 1731 3484 murum
1778 3429 1954 3483 solidu

2156 3421 2279 3494 πρὸς
2313 3423 2504 3495 μικρὸν
2539 3417 2762 3490 ἐκϐῆναι
2802 3427 2898 3478 τοῦ
2944 3423 3126 3487 καλῶς
3176 3419 3416 3500 ἔχοντος,
3456 3425 3552 3480 Καὶ
3605 3423 3787 3500 ὥσπερ

324 3521 583 3587 conjecto
635 3517 864 3572 nullum
910 3518 959 3571 ei
1008 3519 1284 3572 damnum
1330 3519 1503 3573 infert
1549 3540 1563 3588 ;
1618 3525 1718 3572 aut
1771 3521 1955 3586 jaculu

2157 3531 2193 3563 τι
2223 3509 2436 3564 παιδίον
2485 3516 2650 3582 μικρᾷ
2682 3510 2880 3585 ψηφίδι
2919 3519 3106 3587 τεῖχος
3143 3509 3417 3588 βεϐληκὸς
3456 3511 3610 3568 οὐδὲν
3656 3512 3788 3581 ¹ἤνυ-

323 3607 522 3672 hebes,
564 3606 802 3661 loricam
850 3606 1071 3660 firmam
1108 3607 1351 3661 minime
1385 3608 1571 3675 laedit;
1624 3608 1707 3662 sic
1754 3626 1886 3678 pars
1937 3610 1949 3662 i

2159 3620 2228 3653 I=v
2285 3598 2522 3667 ἤῶρτι
2577 3599 2706 3675 βέλο
2795 3601 2878 3657 ’θ
2941 3603 2955 3621 “
3047 3604 3113 3655 θ’
3198 3626 3209 3636 ·
3316 3603 3388 3644 ίλ
3490 3606 3504 3622 ‘
3596 3603 3622 3624 "'

2178 3641 2199 3653 .
2238 3641 2251 3661 ,
2401 3641 2422 3661 .,
2615 3634 2635 3655 ε
2715 3623 2737 3664 ς
2784 3623 2848 3656 ασ
2885 3623 2996 3664 ενες
3082 3623 3265 3678 ωρακα
3319 3623 3541 3680 πλυρον
3589 3623 3790 3672 ηκιστα

326 3695 560 3750 malitias
612 3695 832 3766 reliqua
881 3695 936 3750 in
986 3697 1111 3767 ipso
1159 3696 1437 3766 impetum
1493 3697 1712 3752 faciens
1764 3698 1957 3752 inefﬁc

2163 3690 2202 3743 lv
2267 3691 2477 3764 βλάψῃ,
2537 3691 2680 3746 οὕτω
2768 3691 2832 3760 δὴ
2918 3693 3006 3748 καὶ
3089 3695 3256 3769 μέρος
3333 3715 3386 3750 τι
3447 3703 3548 3764 τῆς
3604 3695 3794 3759 κακίας

323 3791 380 3842 et
411 3787 803 3841 frustraneurn
833 3801 958 3841 esse
985 3787 1520 3852 demonstrabatur,
1579 3787 1733 3857 quod
1781 3786 1911 3841 illos
1943 3805 1954 3840 ι

2159 3775 2491 3852 τροσϐἀλλον
2542 3781 2728 3842 αὐτοῖς
2772 3780 3043 3857 ἄπρακτόν
3094 3804 3151 3838 τε
3195 3784 3285 3838 καὶ
3349 3785 3580 3857 μάταιον
3634 3785 3790 3855 ἀπη-

330 3877 541 3932 mirum
576 3877 786 3933 Christi
821 3879 1003 3932 virtus
1053 3879 1269 3949 Optime
1321 3879 1686 3932 munivisset.
1743 3877 1961 3934 Caeteru

2160 3870 2372 3943 \éyxsto
2417 3889 2428 3902 ·
2465 3872 2555 3924 ἅτε
2583 3874 2651 3944 τῇ
2682 3875 2778 3925 τοῦ
2831 3873 3066 3946 Χριστοῦ
3098 3870 3323 3945 δυνάμει
3347 3875 3535 3935 καλῶς
3583 3876 3791 3952 φραξα-

330 3967 763 4039 quantumlibet
811 3968 1099 4038 perfectis,
1148 3967 1386 4022 libertas
1438 3976 1628 4023 tamen
1668 3969 1894 4024 arbitrii
1943 3970 1957 4022 i

2162 3957 2346 4019 ιὲνοις.
2382 3957 2527 4028 Ζλήν
2563 3958 2710 4014 ἀλλὰ
2750 3961 2841 4015 καὶ
2880 3959 3113 4025 τελείοις
3154 3961 3300 4017 οῦσιν
3329 3965 3363 4032 ἡ
3405 3967 3501 4017 τοῦ
3544 3963 3793 4033 αὐτεξου-

324 4062 466 4112 erat.
499 4055 620 4112 Non
654 4059 807 4113 enim
839 4074 1028 4112 verum
1061 4065 1167 4124 est,
1200 4057 1352 4126 quod
1384 4058 1620 4128 quidam
1656 4059 1861 4113 inscite
1901 4075 1955 4128 ge

2156 4047 2261 4101 τίου
2310 4045 2588 4121 ἐλευθερία
2640 4056 2839 4120 παρῆν,
2898 4051 2987 4104 καὶ
3049 4051 3155 4126 οὐχ
3211 4050 3284 4114 ὥς
3339 4073 3482 4114 τινες
3539 4053 3787 4124 ἀνοήτως

324 4148 506 4215 riunt,
541 4153 669 4216 post
699 4153 992 4218 acceptam
1024 4147 1294 4218 gratiam,
1331 4147 1474 4201 nihil
1518 4147 1630 4200 nisi
1683 4147 1955 4203 laxationt

2160 4139 2328 4216 ρασῖν,
2371 4138 2451 4192 ὅτι
2491 4138 2624 4210 μετᾶ
2670 4141 2832 4213 χάριν
2867 4141 2929 4195 τὸ
2969 4140 3074 4194 ἀπὸ
3129 4139 3288 4196 τοῦδε
3346 4139 3645 4219 φροντίδων
3697 4142 3791 4198 λύ-

322 4243 379 4293 et
411 4239 667 4310 quietem
719 4248 947 4294 reslare.
1003 4237 1264 4306 Requirit
1305 4237 1460 4292 enim
1495 4237 1780 4292 Dominus
1811 4237 1865 4291 in
1902 4254 1953 4307 pt

2156 4247 2222 4288 ru;
2253 4227 2342 4280 καὶ
2385 4226 2584 4289 ἄνεσις.
2632 4234 2794 4297 Ζητεῖ
2846 4230 2947 4303 γὰρ
2989 4231 3015 4283 ὁ
3049 4230 3250 4305 Κύριος
3278 4230 3373 4286 κάν
3407 4237 3524 4294 τοῖς
3554 4230 3787 4294 τελείοις

318 4329 482 4383 feclie
513 4344 746 4398 quoque
777 4327 1129 4383 voluntatem
1173 4327 1381 4382 animae
1416 4328 1474 4382 in
1507 4325 1855 4398 obsequium
1892 4327 1949 4396 Si

2153 4317 2200 4370 τό
2231 4315 2450 4389 θέλημα
2489 4325 2589 4386 τῆς
2633 4322 2819 4392 ψυχῆς
2864 4318 2939 4381 εἷς
2981 4317 3256 4376 διακονίαν
3301 4326 3398 4377 τοῦ
3448 4323 3784 4397 Πνεύματος,

316 4415 462 4470 ritus
506 4431 518 4469 :
550 4421 614 4469 ut
646 4415 768 4470 haec
797 4414 1042 4471 invicem
1076 4414 1465 4470 consentiant.
1500 4413 1651 4469 Dicit
1683 4414 1838 4469 enim
1874 4419 1947 4485 Ar

2148 4405 2214 4467 ὡς
2273 4401 2544 4478 συμϐῆναι
2591 4411 2757 4462 ταῦτα
2805 4406 3101 4479 ἀλλήλοις.
3155 4411 3315 4487 Λέγει
3367 4413 3472 4487 γὰρ
3529 4413 3556 4466 ὁ
3613 4410 3779 4466 Ἀπό-

313 4503 503 4560 stolus
534 4521 548 4559 :
583 4503 854 4575 Spiritum
883 4504 1054 4560 nolite
1083 4507 1431 4574 exstinguere
1471 4502 1537 4558 ³⁸.

1526 4545 1537 4558 ,
2139 4493 2334 4556 στολος
2369 4517 2381 4528 ·
2415 4497 2492 4552 Τὸ
2525 4499 2740 4569 Πνεῦμα
2774 4498 2847 4568 μή
2884 4492 3157 4556 σϐέννυτε.

381 4593 562 4650 XVII.
596 4594 856 4666 Simplici
892 4594 1359 4650 nomenclatione
1386 4593 1696 4665 designare
1728 4609 1818 4648 res
1863 4591 2012 4647 facile

2210 4589 2310 4642 ΙΖ’.
2342 4588 2410 4641 Τὸ
2446 4587 2539 4658 μὲν
2583 4584 2744 4658 ἀπλῷ
2778 4587 2931 4663 λόγῳ
2975 4586 3330 4659 παραδιδόναι
3379 4591 3443 4647 τὰ
3485 4589 3776 4664 πράγματα

313 4685 497 4741 cuivis
548 4701 606 4741 et
653 4685 811 4740 factu
867 4701 1119 4756 pronum
1179 4689 1286 4740 est.
1345 4683 1534 4740 Facile
1599 4681 1813 4755 quippe
1865 4698 1944 4738 οη

2154 4674 2430 4753 πρόχειρόν
2479 4697 2531 4730 τι
2579 4676 2669 4730 καὶ
2724 4675 2956 4740 εὐπετὲς.
3001 4676 3213 4749 Ῥᾴδιον
3248 4681 3351 4754 γὰρ
3379 4683 3459 4753 τῷ
3487 4679 3642 4734 παντὶ
3677 4676 3785 4734 λέ-

310 4773 653 4842 homini,est
701 4776 913 4842 dicere,
971 4791 1182 4847 panem
1243 4775 1398 4830 hunc
1447 4776 1537 4843 (ut
1589 4772 1698 4828 hoc
1754 4787 1941 4842 exemi

2142 4787 2241 4841 {BLV
2269 4767 2362 4819 τὸν
2411 4763 2570 4841 ἄρτον
2619 4769 2828 4838 τοῦτον,
2864 4764 3262 4842 ὑποδείγματος
3293 4767 3348 4824 δὲ
3391 4768 3545 4847 λόγῳ
3574 4771 3773 4847 φαμὲν,

312 4863 572 4933 utamur)
604 4879 670 4918 ex
719 4864 1007 4918 frumento
1055 4880 1182 4919 esse
1227 4869 1628 4934 compactum;
1664 4879 1776 4933 quo
1817 4872 1943 4917 ante

2149 4857 2231 4910 ιπὸ
2263 4856 2412 4910 σίτου
2455 4858 2813 4931 γεγενῆσθαι⁶
2872 4859 2971 4926 τὴν
3029 4858 3234 4930 μέντοι,
3294 4861 3429 4914 κατὰ
3483 4859 3646 4933 μὲρος
3678 4859 3780 4916 αὖ·

311 4950 485 5005 modo
517 4967 699 5021 quave
728 4957 849 5005 arte
883 4957 1001 5005 tota
1046 4953 1172 5020 ejus
1220 4952 1560 5021 praeparatio
1611 4952 1942 5004 administra

2142 4948 2218 4998 τοῦ
2275 4946 2603 5012 κατασκευὴν
2666 4945 2928 5015 ἐκθέσθαι,
2963 4947 3026 5001 οὗ
3093 4952 3189 5002 τοῦ
3258 4949 3458 5010 πάντὸς
3525 4953 3724 5024 γνῶναι
3760 4969 3773 4984 ·

309 5039 505 5103 fuerit,
545 5039 838 5106 sigillatim
880 5056 1186 5109 exponere,
1238 5039 1395 5093 haud
1441 5041 1634 5110 quivis
1676 5049 1879 5110 queat;
1911 5056 1937 5092 s

2140 5031 2268 5088 ῖιλλὰ
2321 5034 2495 5105 μόνων
2549 5033 2658 5088 ἐστὶ
2696 5039 2802 5089 τῶν
2849 5038 3282 5109 πεπειραμένων.
3318 5036 3472 5092 Οὕτω
3514 5041 3640 5113 γοῦν
3682 5039 3771 5093 καὶ

307 5128 367 5184 id
398 5145 598 5183 eorum
633 5128 838 5182 saltem
873 5135 978 5193 est,
1029 5130 1126 5199 qui
1178 5128 1595 5198 experientiam
1648 5131 1724 5183 rei
1775 5128 1938 5182 habet

2146 5124 2183 5177 ῑὸ
2220 5125 2314 5196 μὲν
2371 5123 2560 5186 ἁπλῶς
2616 5123 2738 5197 περὶ
2797 5123 3052 5188 ἀπαθείας
3107 5127 3283 5203 λέγειν
3326 5147 3381 5181 τε
3413 5125 3501 5181 καὶ
3561 5124 3777 5182 τελειό-

305 5219 384 5274 Ad
414 5221 567 5275 hunc
601 5218 774 5292 igitur
807 5221 1088 5273 mendum
1123 5220 1358 5273 cuilibet
1393 5221 1449 5274 in
1486 5227 1752 5290 promptu
1802 5226 1909 5282 est,

2143 5234 2284 5284 τητος
2313 5211 2526 5274 εὖπετές
2564 5213 2730 5267 τεκαὶ
2764 5213 2982 5289 εὐχερὲς
3016 5231 3028 5244 ·
3062 5215 3122 5270 τὸ
3157 5213 3212 5270 δὲ
3243 5216 3400 5288 πείρᾳ
3431 5217 3492 5270 τὸ
3547 5221 3774 5291 πρᾶγμα

299 5311 613 5367 aﬂectuurn
674 5313 957 5364 vacuitate
1009 5317 1064 5362 et
1124 5310 1471 5377 perfectione
1529 5311 1862 5376 disserere;
1917 5324 1930 5362 ι

2144 5299 2476 5378 παραλαϐεῖν,
2508 5302 2666 5357 τοῦτό
2700 5302 2808 5356 ἐστι
2849 5308 2926 5375 τῷ
2983 5299 3123 5380 ἕργῷ
3180 5306 3270 5360 καὶ
3310 5305 3546 5377 ἀληθείᾳ
3606 5327 3775 5362 κατα-

302 5401 584 5472 perientia
615 5416 746 5456 vero
778 5413 1074 5469 capessere
1109 5401 1431 5470 negotium;
1479 5399 1583 5454 hoc
1628 5415 1763 5454 vero
1817 5403 1901 5453 est

1817 5403 1901 5453 est
1953 5413 2012 5452 re
2123 5390 2306 5448 λαϐεῖν
2335 5393 2522 5461 είςτὴν
2553 5393 2884 5462 κατασκευὴν
2924 5400 3023 5463 τῆς
3052 5393 3427 5466 τελειότητος.

297 5489 425 5558 ipsa
455 5498 510 5544 et
539 5489 596 5546 in
630 5490 867 5545 veritate
899 5487 1237 5544 methodum
1274 5488 1641 5560 perfectionis
1695 5487 2006 5558 percipere.

374 5579 590 5636 XVIII.
681 5581 1025 5653 Quicunque
1090 5581 1159 5637 de
1191 5580 1479 5654 spirituali
1546 5578 1807 5636 doctrina
1874 5579 2005 5634 sine

2192 5574 2298 5628 III'.
2357 5574 2510 5627 Ὅσοι
2575 5571 2771 5646 λόγους
2819 5575 3219 5649 πνευματικοὺς
3273 5575 3514 5653 γε·5σεώς
3572 5596 3631 5632 τε
3689 5581 3786 5634 καὶ

381 5763 428 5798 ⁸³⁸
456 5763 655 5820 Thess.
684 5779 734 5829 v,
777 5766 856 5818 lt).
