4130 6286
423 329 540 393 905

1467 323 1692 384 LIBER
1738 325 1838 386 DE
1884 321 2375 387 ELEVATIONE
2413 318 2743 382 MENTIS.

3768 321 3885 381 906

419 458 608 531 πείρας
687 457 840 522 ἐκτὸς
909 456 1251 534 φθέγγονται,
1325 452 1550 516 τούτους
1624 453 1853 509 ἐοικέναι
1921 455 2056 534 φημῖ

2183 456 2360 526 gustu
2409 455 2466 507 et
2531 450 2885 522 experientia
2937 449 3257 519 disputant,
3308 465 3406 505 eos
3453 451 3542 506 aio
3604 467 3706 523 ego
3759 469 3890 509 esse

424 549 696 621 ἀνθρώπῳ
741 547 927 621 θέρους
979 544 1095 619 ὥρᾳ
1147 539 1493 616 μεσημϐρίας
1553 538 1810 618 ἀκριϐοῦς
1852 546 2077 616 ἱσταμέ-

426 659 522 708 νης
552 636 732 692 πεδίον
773 635 978 709 ἔρημόν
1025 655 1074 688 τι
1125 635 1214 688 καὶ
1249 631 1474 706 ἄνυδρον
1528 629 1718 687 διιόντι
1756 652 1768 664 °
1813 635 1926 688 εἶτα
1972 633 2074 688 ὑπὸ

423 727 642 795 πολλῆς
700 727 789 781 καὶ
839 721 1166 802 φλογώδους
1213 726 1310 790 τῆς
1363 720 1525 795 δίψης
1569 722 1705 776 κατὰ
1751 727 1873 776 νοῦν
1925 724 2073 795 αὑτῷ

423 817 791 892 ὑπογράφοντι
832 815 1015 888 πηγήν
1066 833 1180 866 τινα
1221 810 1435 885 ψυχρὰν
1487 810 1642 885 ἐγγὺς
1695 809 1854 865 οὖσαν
1897 810 2070 885 γλυκύ

421 927 479 961 τε
540 907 630 959 καὶ
691 901 886 966 διειδές
944 901 1090 974 ὕδωρ
1148 897 1401 974 ἔχουσαν,
1469 901 1556 954 καὶ
1619 901 1785 954 αύτοῦ
1854 898 2069 962 οὐδενὸς

422 994 696 1070 εἷ’ργοντος
727 991 1061 1046 ἀπολαύοντι
1090 989 1228 1044 κατὰ
1256 989 1418 1064 κόρον
1459 1008 1470 1018 ·
1507 990 1541 1060 ἢ
1593 987 1862 1064 ἀνθρώπῷ
1914 990 2072 1062 μέλι-

421 1105 513 1148 τος
547 1083 640 1156 μὲν
675 1078 801 1136 οὐδὲ
849 1078 1026 1155 βραχὺ
1054 1079 1386 1154 γευσαμένῳ,
1422 1075 1625 1152 ἑτέροις
1673 1076 1729 1132 δὲ
1773 1079 1921 1140 ὅπως
1953 1072 2068 1152 ἔχει

419 1171 765 1247 γλυκύτητος
843 1169 1170 1243 πειρωμένῳ
1245 1164 1542 1245 διασαφεῖν.
1628 1171 1879 1222 Τοιοῦτοι
1965 1169 2066 1241 γὰρ

419 1261 665 1334 ἀληθῶς,
717 1259 834 1314 ὅσοι
898 1260 972 1333 μή
1025 1252 1167 1332 ἔργῳ
1216 1257 1305 1311 καὶ
1353 1256 1708 1333 πληροφορίᾳ
1749 1261 1817 1330 τῇ
1868 1257 2066 1311 ἑαυτῶν

417 1351 481 1404 τὰ
530 1351 650 1425 περὶ
702 1346 1051 1418 τελειότητός
1100 1367 1159 1400 τε
1204 1347 1294 1400 καὶ
1338 1347 1606 1420 ἁγιασμοῦ
1663 1347 1749 1400 καὶ
1811 1345 2068 1407 ἀπαθείας

418 1439 834 1512 παραλαβόντες
898 1435 1101 1512 ἑτέροις
1161 1433 1492 1511 εἰσηγεῖσθαι
1571 1432 1911 1510 βούλονται’
1979 1435 2069 1490 καὶ

409 1528 520 1602 γὰρ
551 1528 597 1584 εἰ
630 1526 744 1601 δῴη
798 1526 927 1589 Θεὸς
980 1525 1180 1600 μιλράν
1214 1545 1335 1579 τινα
1364 1529 1471 1581 τῶν
1519 1526 1644 1597 παρ’
1687 1524 1863 1580 αὐτῶν
1910 1521 2066 1601 λεγο-

424 1617 592 1689 μένων
655 1612 843 1674 λαϐεῖν
906 1614 1180 1686 αἶ’σθησιν,
1240 1613 1472 1669 εἷ’σονται
1532 1615 1768 1686 πάντως,
1831 1613 1913 1668 ὅτι
1989 1616 2065 1687 μὴ

419 1705 553 1760 κατὰ
584 1707 684 1774 τήν
735 1706 952 1762 ἐκείνων
1006 1706 1310 1778 εἰσήγησιν,
1345 1701 1490 1758 ἀλλᾶ
1536 1701 1736 1776 πολλῷ
1765 1707 1842 1774 τῷ
1891 1699 2070 1781 διαφέ-

419 1815 572 1869 ροντι
603 1796 669 1850 τὰ
699 1803 798 1865 τῆς
840 1793 1098 1864 ἀληθείας
1129 1793 1249 1868 εἶχε
1278 1792 1369 1847 καὶ
1400 1797 1507 1847 τῶν
1540 1793 1899 1868 πραγμάτων.

492 1889 599 1943 18'.
632 1885 701 1939 Τὸ
736 1885 828 1956 μὲν
883 1882 1241 1960 Εὐαγγέλιον,
1284 1885 1470 1956 φησῖν,
1521 1882 1903 1960 ἀποφαντικῶς
1944 1880 2066 1936 δια-

419 1971 695 2027 κελεύεται
727 1974 903 2027 πάντα
935 1973 1242 2045 ἄνθρωπον,
1273 1969 1397 2024 τόδε
1452 1971 1527 2042 μή
1565 1976 1756 2037 ποιεῖν,
1790 1970 1824 2040 ἢ
1869 1976 2064 2041 ποιεῖν,

420 2060 558 2116 ὥστε
607 2061 764 2138 φίλον
811 2063 1050 2137 γενέσθαι
1096 2065 1176 2132 τῷ
1235 2059 1602 2136 φιλανθρώπῳ
1664 2060 1920 2116 Βασιλεῖ·
1976 2061 2062 2129 Mi)

419 2151 683 2229 ὀργισθῇς
744 2154 876 2228 γᾶρ,
933 2151 1087 2228 φησί,
1151 2151 1226 2222 μὴ
1295 2147 1674 2221 ἐπιθυμήσῃςο
1737 2149 1820 2202 ἐάν
1878 2148 1958 2209 τίς
2010 2169 2065 2203 σε

418 2241 621 2318 ῥαπίσῃ
711 2242 786 2302 εἷς
868 2241 966 2308 τήν
1047 2236 1219 2311 δεξιὰν
1291 2238 1532 2312 σιαγόνα,
1609 2238 1834 2311 στρέψον
1916 2239 2064 2309 αὐτῷ

414 2333 501 2387 καὶ
564 2333 663 2400 τήν
716 2329 920 2399 ἄλλην.
980 2329 1036 2384 ⁸0
1105 2327 1161 2382 δὲ
1199 2327 1539 2388 Ἀπόστολος
1587 2327 1721 2381 κατὰ
1768 2325 1910 2381 πόδα
1955 2333 2062 2382 τῶν

412 2421 759 2496 τεταγμένων
811 2419 1009 2490 ἐλθὼν,
1059 2419 1150 2474 καὶ
1196 2418 1344 2477 ὅπως
1393 2419 1504 2493 χρὴ
1555 2418 1689 2473 κατὰ
1743 2419 1933 2493 μικρὸν
1975 2439 2063 2492 γε·

411 2512 594 2568 νέσθαι
643 2512 704 2566 τὸ
755 2518 852 2579 τῆς
892 2510 1206 2583 καθάρσεως
1254 2502 1432 2584 ἔργον,
1484 2506 1564 2562 ὅτι
1606 2509 1724 2580 μεθ’
1784 2509 2064 2581 ὑπομονῆς

411 2602 504 2656 καὶ
558 2599 962 2674 μακροθυμίας,
1011 2594 1334 2652 ἒκπαιδεύει.
1372 2601 1595 2671 Πρῶτον
1651 2597 1744 2670 μὲν
1792 2596 2062 2671 γαλακτοο

410 2694 628 2764 τροφῶν
675 2688 750 2751 ὡς
798 2686 1027 2757 νηπίους
1061 2705 1073 2718 ⁸
1133 2685 1248 2740 εἶτα
1298 2686 1473 2762 φέρων
1525 2683 1602 2746 εἷς
1650 2681 1916 2758 αὔξησιν·
1973 2686 2063 2740 καὶ

413 2777 568 2841 αὖθις
600 2778 676 2840 εἷς
708 2775 1030 2846 τελειότητα
1064 2792 1078 2806 ⁸
1131 2777 1274 2843 οἷον,
1317 2773 1390 2835 ὡς
1422 2774 1476 2828 ἐν
1519 2771 1922 2849 παραδείγματι
1962 2774 2061 2852 φά-

411 2889 519 2936 ναι,
552 2868 613 2922 τὸ
669 2868 760 2940 μὲν
796 2864 1126 2943 Εὐαγγέλιον
1178 2862 1408 2933 τέλειος,
1452 2863 1500 2935 ἐξ
1550 2862 1720 2938 ἐρίου,
1753 2865 1885 2932 εἶπε,
1916 2866 2056 2939 γινέ-

412 2960 522 3012 σθω
556 2957 730 3031 χιτών
763 2973 777 2988 ·
829 2956 857 3008 ὁ
907 2953 963 3008 δῖε
995 2953 1349 3016 Ἀποστολος,
1381 2952 1470 3006 καὶ
1516 2957 1632 3013 πῶς
1681 2952 1764 3010 δεῖ
1790 2953 2059 3025 ξαίνεσθαι

405 3050 588 3108 τοῦτο,
642 3042 950 3120 ὑφαίνεσθαί
980 3063 1038 3096 τε
1085 3042 1176 3096 καὶ
1222 3041 1706 3110 κατασκευάζεσθαι
1754 3041 1835 3096 τὸν
1889 3046 2058 3115 χιτῶ-

406 3160 472 3195 να
496 3135 680 3197 καλῶς
723 3132 1063 3208 διεσάφησεν.

2181 542 2403 598 similes
2457 541 2697 608 homini,
2759 555 2860 610 per
2909 544 3191 608 aestatem,
3239 539 3480 595 meridie
3529 539 3887 597 calidissimo

2178 635 2515 697 exsistente,
2547 647 2648 701 per
2680 646 2953 698 campum
2990 631 3282 684 desertum
3321 630 3668 702 aridumque
3699 637 3888 685 trans-

2180 721 2363 789 eunti,
2416 725 2592 790 atque
2641 719 2699 772 in
2751 718 2872 784 siti,
2931 733 3044 788 qua
3078 718 3263 771 multa
3316 723 3373 772 et
3427 717 3882 788 ﬂagrantissima

2179 815 2502 880 torquetur,
2564 808 2761 862 animo
2832 807 2943 860 sibi
3011 806 3227 860 fontem
3300 806 3537 874 ﬁngenti
3615 807 3880 877 gelidum

2180 902 2442 971 proxime
2495 899 2771 952 ﬂuentem
2839 912 3048 967 aquam
3099 894 3329 949 dulcem
3377 900 3434 948 et
3493 896 3882 952 cristallinam

2178 988 2510 1056 habentem,
2543 992 2600 1042 et
2630 1003 2695 1042 ea
2729 1002 2811 1051 se,
2860 987 2930 1040 ad
2963 985 3290 1040 satietatem
3323 1001 3529 1055 usque,
3566 987 3727 1041 nullo
3752 1003 3885 1058 pro-

2179 1083 2434 1149 hibente,
2470 1083 2659 1153 prolui
2693 1098 2705 1137 :
2741 1084 2841 1136 aut
2873 1080 3093 1135 homini
3144 1082 3266 1149 qui,
3311 1095 3443 1134 cum
3485 1080 3600 1134 mel
3647 1081 3884 1136 omnino

2177 1189 2479 1243 nunquam
2531 1172 2799 1243 gustarit,
2859 1174 3054 1225 tamen
3129 1169 3258 1224 aliis
3304 1168 3597 1224 declarare
3637 1174 3880 1225 conatur

2175 1267 2393 1333 quanta
2442 1261 2518 1317 sit
2569 1263 2696 1331 ejus
2748 1259 3022 1316 suavitas.
3092 1258 3262 1313 Tales
3295 1260 3552 1330 profecto
3580 1264 3721 1314 sunt
3751 1259 3884 1330 qui-

2176 1368 2406 1424 cunque
2452 1367 2512 1406 re
2553 1352 2680 1422 ipsa
2735 1356 2792 1406 et
2849 1349 3057 1403 intimo
3093 1347 3152 1402 in
3203 1363 3266 1403 se
3315 1349 3461 1419 ipsis
3490 1350 3882 1418 experimento

2174 1456 2399 1508 eorum,
2446 1455 2570 1510 quae
2619 1439 2690 1493 ad
2758 1437 3193 1510 perfectionem,
3261 1436 3777 1493 sanctificationem
3827 1443 3884 1493 et

2175 1530 2673 1603 perturbationum
2743 1528 3117 1584 abolitionem
3195 1525 3502 1599 pertinent,
3581 1543 3698 1582 non
3749 1531 3882 1583 ante

2176 1620 2507 1693 praeparati,
2556 1620 2699 1674 alios
2749 1618 2818 1674 de
2869 1617 2960 1672 his
3009 1618 3214 1672 docere
3265 1615 3602 1672 disserendo
3649 1616 3875 1672 volunt.

2176 1709 2402 1765 Etenim
2435 1709 2486 1764 si
2515 1708 2740 1763 dederit
2769 1707 2861 1762 his
2893 1707 3064 1772 Deus,
3106 1711 3171 1760 ut
3200 1704 3288 1761 vel
3318 1705 3592 1777 exiguum
3624 1703 3876 1776 aliquem

2101 1800 2144 1864 B
2179 1799 2405 1864 horum,
2457 1813 2580 1868 quae
2648 1796 2930 1864 ἰσοχρονιὶ
2998 1793 3335 1866 praedicant,
3379 1810 3615 1849 sensum
3686 1795 3880 1866 perci—

2181 1889 2363 1958 piant,
2422 1894 2561 1941 tunc
2611 1886 2848 1940 demum
2900 1883 3051 1938 clare
3099 1883 3445 1950 intelligent,
3493 1883 3790 1939 veritatem
3823 1888 3881 1938 et

2175 1975 2334 2048 ipsas
2394 1993 2482 2030 res
2531 1992 2644 2029 non
2697 1976 3020 2029 secundum
3068 1989 3269 2028 eorum
3301 1974 3740 2044 expositionem,
3776 1974 3876 2029 sed

2179 2067 2361 2122 multo
2383 2065 2551 2120 aliter
2581 2081 2708 2119 sese
2739 2064 2968 2119 habere.

2248 2155 2394 2211 XIX.
2439 2154 2812 2225 Evangelium
2857 2152 3086 2222 quidem
3132 2152 3348 2207 diserte
3403 2151 3668 2223 praecipit
3717 2152 3878 2206 omni

2175 2245 2420 2312 homini,
2451 2245 2559 2298 hoc
2591 2261 2706 2298 non
2757 2259 2945 2315 agere,
2995 2243 3102 2297 hoc
3145 2250 3335 2314 agere,
3393 2243 3441 2297 si
3479 2242 3614 2297 velit
3647 2243 3875 2298 amicus

2177 2334 2297 2389 fieri
2329 2333 2582 2388 amantis
2617 2332 2879 2388 homines
2913 2332 3102 2403 Regis.
3137 2333 3228 2386 Ait
3257 2333 3411 2387 enim
3451 2348 3464 2387 :
3495 2333 3571 2386 Ne
3590 2333 3871 2398 irascaris,

2174 2439 2243 2477 ne
2281 2422 2632 2493 concupiscas
2675 2438 2694 2476 :
2743 2424 2791 2477 si
2843 2421 2966 2492 quis
3013 2428 3065 2476 te
3106 2423 3440 2491 percusserit
3488 2423 3548 2476 in
3592 2420 3876 2477 dexteram

2173 2513 2484 2579 maxillam,
2517 2511 2694 2582 praebe
2726 2511 2817 2565 illi
2845 2519 2893 2564 et
2942 2511 3174 2565 atteram
3219 2509 3284 2563 29.
3317 2513 3388 2565 At
3419 2508 3726 2579 Apostolus
3757 2509 3876 2565 dis-

2175 2602 2348 2656 tincte
2397 2618 2463 2656 ac
2513 2600 2843 2655 minutatim
2894 2615 3219 2671 exsequens
3269 2605 3466 2670 partes
3497 2599 3758 2670 singulas
3785 2615 3878 2656 re-

2173 2708 2301 2747 rum
2350 2696 2792 2763 praeceptarum,
2825 2707 2940 2762 qua
2969 2690 3190 2745 sensim
3224 2690 3445 2745 ratione
3484 2689 3878 2745 administrari

2173 2787 2430 2850 oporteat
2483 2780 2846 2853 purgationis
2897 2797 3064 2852 opus,
3114 2796 3246 2835 cum
3281 2779 3562 2852 patientia
3595 2780 3876 2836 nimirum

2174 2868 2338 2928 196
2385 2875 2441 2926 et
2500 2870 2960 2939 longanimitate,
3031 2871 3250 2925 edocet.
3331 2870 3590 2924 Primum
3642 2870 3876 2941 quidem

2170 2957 2316 3014 lacte
2383 2975 2648 3030 pascens,
2702 2963 2766 3011 ut
2812 2957 3096 3024 infantes;
3153 2958 3364 3013 deinde
3413 2974 3754 3028 promovens
3816 2957 3874 3012 in

2169 3054 2570 3119 augmentum,
2623 3052 2916 3117 postremo
2965 3048 3036 3100 ad
3083 3046 3495 3117 perfectionem
3529 3047 3872 3118 perducens.

2093 3117 2142 3184 C
2173 3117 2361 3207 Atque
2393 3143 2455 3192 ut
2500 3137 2559 3190 in
2597 3135 2857 3206 exemplo
2909 3151 3026 3189 rem
3058 3151 3417 3204 exponamus
3451 3152 3464 3191 :
3497 3117 3873 3207 Evangelium

401 3231 639 3304 quidem
702 3226 1008 3298 perfectam
1060 3239 1130 3280 ex
1176 3223 1314 3279 lana
1362 3223 1621 3278 exhiberi
1664 3221 1922 3278 tunicam
1956 3227 2230 3292 mandat;
2283 3227 2590 3296 Apostolus
2639 3235 2825 3281 autem
2886 3224 3158 3281 distincte
3190 3225 3432 3295 insuper
3503 3227 3704 3295 tradit,
3750 3241 3868 3297 qua

409 3319 683 3377 methodo
749 3314 1096 3387 pectendum
1166 3313 1260 3383 sit,
1316 3329 1432 3384 qua

403 3408 644 3464 randus.

476 3497 561 3552 K'.
599 3492 714 3548 Εῗσί
776 3512 918 3554 τινες
964 3488 1218 3563 πορνείας
1270 3491 1362 3562 μὲν
1410 3495 1510 3558 τῆς
1561 3489 1916 3566 φαινομένης,
1965 3491 2051 3545 καὶ

401 3584 641 3653 κλοπῆς,
673 3581 760 3636 καὶ
808 3579 1143 3650 πλεονεξίας,
1176 3580 1262 3634 καὶ
1311 3583 1417 3635 τῶν
1462 3579 1671 3651 ὁμοίων
1718 3580 2053 3652 ἀπεχόμενοι

405 3679 706 3752 μοχθηρῶν
744 3691 757 3704 '
790 3672 878 3728 καὶ
929 3673 1067 3726 κατά
1095 3675 1258 3726 τοῦτο
1308 3670 1530 3732 ἑαυτοὺς
1563 3669 1896 3744 έκκρίνοντες
1936 3676 2054 3733 τοῖς

399 3765 575 3840 ἁγίοις
610 3782 624 3798 ⁸
672 3759 891 3818 πολλοῦ
942 3757 999 3815 δὲ
1047 3757 1224 3814 δέουσι
1277 3763 1384 3814 τῶν
1436 3760 1767 3836 πραγμάτων
1814 3760 2050 3835 γίνεσθαι

397 3854 488 3910 καὶ
535 3861 635 3921 τῆς
686 3850 968 3920 ἀληθείας.
1022 3849 1277 3924 Οἷκουρεῖ
1329 3851 1431 3924 γὰρ
1488 3849 1539 3904 ἐν
1593 3853 1672 3920 τῷ
1720 3853 1798 3920 νῷ
1842 3849 2048 3903 τούτων

394 3945 430 4010 ἡ
472 3941 633 3997 κακία
684 3939 979 4009 πολλάκις,
1017 3944 1084 4012 ζῇ
1130 3959 1189 3994 τε
1227 3939 1317 3992 καὶ
1364 3936 1538 4011 ἕρπει,
1583 3936 1674 3991 καὶ
1726 3935 1866 3990 οὕτω
1915 3937 2048 3991 ἀπο-

396 4027 633 4084 λιποῦσα
684 4028 910 4088 τούτους
952 4024 1150 4101 ᾤχετο.
1199 4028 1388 4098 ’Ἄγιος
1427 4023 1484 4080 δέ
1523 4025 1664 4079 ἐστιν
1699 4025 1726 4079 ὁ
1775 4026 2049 4100 άγιασθεὶς

392 4115 484 4172 καὶ
541 4116 634 4171 τὸν
695 4113 801 4170 ἔσω
859 4114 1044 4168 τέλεον
1104 4111 1476 4186 διακαθαρθεὲς
1550 4113 1828 4187 ἄνθρωπον
1866 4131 1879 4145 ·
1956 4113 2045 4168 καὶ

391 4206 492 4282 γάρ
549 4226 633 4267 τις
679 4207 788 4258 τῶν
849 4200 1098 4281 ἀδελφῶν
1165 4198 1426 4272 ἀδελφοῖς
1485 4221 1595 4257 τισι
1653 4201 2044 4275 συνευχόμενος

391 4296 527 4371 πρὸς
608 4299 709 4363 τῆς
802 4293 948 4354 θείας
1026 4289 1491 4365 έξῃχμαλωτίσθη
1584 4288 1882 4362 δυνάμεως,
1953 4290 2040 4345 καὶ

390 4384 648 4461 ἀρπαγεῖς
715 4380 821 4438 εἶδε
895 4384 997 4452 τήν
1073 4380 1184 4436 ἅνω
1270 4379 1432 4436 πόλιν
1511 4380 1893 4455 Ἰερουσαλὴμ,
1951 4381 2041 4436 καὶ

1525 3313 1663 3367 inde
1720 3312 2000 3367 texendus
2065 3323 2184 3370 arte
2219 3331 2468 3387 pannus,
2538 3320 2592 3370 et
2638 3316 2928 3386 quomodo
2975 3314 3036 3368 in
3087 3313 3337 3369 tunicam
3394 3314 3454 3369 in
3514 3315 3594 3370 sit
3671 3331 3868 3386 praepa

2240 3495 2370 3549 XX.
2408 3493 2556 3548 Sunt
2602 3492 2837 3564 quidam
2901 3509 2933 3549 a
2981 3492 3359 3549 fornicatione
3404 3492 3639 3564 quidem
3691 3509 3870 3565 appa-

2168 3589 2350 3647 rente,
2381 3599 2415 3638 a
2447 3582 2616 3648 furto,
2652 3583 2724 3637 ab
2756 3582 2995 3637 avaritia
3044 3583 3449 3651 similibusque
3507 3582 3869 3639 abstinentes

2166 3673 2420 3742 delictis;
2456 3689 2520 3728 ac
2562 3681 2863 3744 propterea
2903 3689 2963 3728 se
3012 3672 3172 3744 ipsos
3204 3679 3577 3729 accensentes
3610 3674 3865 3741 sanctis;

2165 3779 2199 3819 a
2241 3766 2410 3833 cujus
2450 3768 2644 3818 tamen
2697 3764 2930 3819 veritate
2987 3764 3398 3835 appellationis
3450 3764 3623 3835 longo
3655 3763 3868 3820 absunt

2161 3853 2488 3910 intervallo.
2522 3853 2754 3908 Habitat
2796 3853 2948 3908 enim
2997 3852 3057 3907 in
3091 3857 3273 3908 mente
3304 3870 3367 3908 ac
3399 3854 3674 3909 sensibus
3707 3855 3861 3926 ipso-

2163 3957 2288 3996 rum
2324 3942 2543 3995 malitia
2573 3957 2751 4009 saepe;
2810 3941 2947 3994 vivit
2976 3945 3032 3995 et
3075 3942 3275 4012 serpit,
3309 3942 3554 3996 necdum
3589 3941 3662 3996 iis
3691 3941 3860 4012 plane

2160 4029 2380 4084 relictis
2413 4031 2564 4084 foras
2597 4029 2871 4100 profecta.
2905 4029 3155 4085 Sanctus
3206 4045 3373 4100 porro
3405 4029 3453 4084 is
3485 4029 3724 4085 demum
3746 4034 3856 4097 est,

2158 4119 2260 4190 qui
2300 4122 2388 4173 est
2437 4117 2831 4173 sanctificatus
2863 4123 2920 4174 et
2963 4119 3294 4174 interiorem
3347 4119 3597 4188 perfecte
3643 4134 3857 4190 purga-

2156 4212 2281 4262 tum
2331 4208 2504 4263 habet
2545 4208 2868 4263 hominem.
2915 4208 3139 4264 Etenim
3188 4208 3397 4279 aliquis
3439 4208 3706 4273 fratrum,
3740 4224 3857 4264 una

2156 4299 2325 4353 simul
2358 4314 2492 4354 cum
2550 4298 2681 4353 aliis
2725 4299 3084 4369 quibusdam
3136 4299 3414 4354 fratribus
3450 4315 3621 4353 orans
3653 4297 3854 4354 divina

2155 4391 2480 4461 captivatus
2523 4390 2598 4458 vi,
2659 4395 2716 4445 et
2746 4395 2967 4461 raptus,
3019 4390 3164 4447 vidit
3213 4406 3527 4461 supernam
3559 4388 3853 4446 civitatem

387 4476 483 4538 τὰς
544 4474 656 4529 ἐκεῖ
722 4471 985 4551 φωτεινὰς
1047 4471 1244 4538 οἰκίας,
1299 4471 1386 4524 καὶ
1471 4474 1583 4541 φῶς
1656 4466 1876 4542 ἄπειρον
1945 4472 2033 4526 καὶ

2170 4480 2483 4544 ἐτυειιιεω,
2535 4486 2592 4535 et
2642 4481 2889 4547 lucidas,
2959 4497 3083 4552 qua:
3150 4481 3272 4537 illic
3319 4485 3478 4548 sunt,
3527 4481 3752 4548 domos,
3801 4484 3857 4537 et

391 4563 722 4638 ἀπόρρητον.
783 4561 1021 4617 ’Ήκοοσέ
1096 4581 1155 4616 τε
1234 4566 1422 4638 φωνῆς
1500 4558 1787 4634 λεγούσης,
1854 4565 2042 4616 τοῦτον

392 4654 523 4707 εἴναι
553 4655 644 4708 τὸν
690 4654 858 4708 τόπον
905 4655 1005 4721 τῆς
1057 4655 1164 4706 τῶν
1208 4647 1431 4704 δικαίων
1481 4650 1827 4711 ἀναπαύσεως
1863 4670 1875 4682 ·
1923 4651 2040 4706 εἶτα

391 4743 682 4816 φυσιωθεὶς
745 4742 835 4796 καὶ
894 4740 1112 4818 μεγάλα
1168 4741 1292 4814 περὶ
1352 4740 1544 4794 ἑαυτοῦ
1613 4739 1818 4809 οίηθεὶς
1890 4742 2041 4814 βαθεῖ

391 4829 674 4884 κατέπεσεν
729 4829 988 4902 ἁμαρτίᾳ,
1033 4829 1124 4882 καὶ
1182 4827 1418 4890 πολλοῖς
1479 4827 1698 4901 ὕστερον
1749 4827 1896 4883 ἑάλω
1945 4850 2040 4884 κα-

389 4922 530 4980 κοῖς.
574 4916 636 4973 Εἷ
670 4917 760 4971 οὖν
811 4918 970 4979 οὗτος
997 4918 1192 4986 οὕτως,
1235 4922 1352 4979 πῶς
1383 4938 1446 4991 γε
1494 4922 1572 4988 τῷ
1604 4917 1830 4992 τυχόντι
1881 4915 2039 4973 δυνα-

392 5008 482 5062 τὸν
519 5001 721 5073 λέγειν,
771 5007 844 5068 ὡς
895 5006 1043 5061 Ἐπεὶ
1092 5007 1356 5076 νηστεύω,
1396 5006 1484 5060 καὶ
1529 5006 1798 5077 ξενιτεύω,
1852 5008 2041 5081 ψωμί-

394 5101 469 5166 ζω
500 5116 559 5152 τε
587 5094 654 5150 τὰ
706 5096 1051 5170 ὑπάρχοντα,
1084 5097 1174 5150 καὶ
1205 5097 1312 5151 ἀπὸ
1360 5100 1466 5150 τῶν
1499 5095 1803 5170 εἰρημένων
1845 5095 2042 5174 ἐφυλα-

390 5187 567 5259 ξάμην
619 5188 820 5254 κακῶν,
873 5183 1024 5240 οὐδέν
1066 5183 1177 5240 ἐστι
1223 5186 1286 5241 τὸ
1335 5182 1661 5258 λειπόμενον
1713 5187 1861 5261 ἅγιον
1900 5187 2042 5260 κάμὲ

391 5278 564 5348 εἶναις
601 5277 703 5334 Καὶ
734 5276 835 5352 γὰρ
873 5275 982 5349 οὐχ
1025 5278 1058 5345 ἡ
1091 5280 1198 5330 τῶν
1245 5275 1584 5354 φαινομένων
1619 5280 1797 5331 κακῶν
1851 5279 2038 5351 ἀποχὴ

388 5365 670 5429 τελείωσίς
727 5365 891 5437 ἔστιν,
954 5363 1136 5440 ὥσπερ
1187 5363 1421 5441 εἴρηται,
1469 5364 1596 5421 ἀλλ’
1642 5371 1678 5436 ἡ
1729 5367 1863 5420 κατὰ
1921 5363 2042 5421 διά-

391 5476 541 5510 νοιαν
573 5455 852 5530 κάθαρσις,
883 5454 1019 5527 αὕτη
1052 5452 1252 5510 τελεία.

479 5699 527 5734 ²⁹
558 5699 766 5760 Matth.
798 5717 854 5774 v,
883 5702 971 5757 39.

2153 4569 2342 4625 lucem
2393 4571 2745 4625 immensam
2779 4575 2953 4640 atque
2983 4569 3360 4625 ineffabilem.
3397 4569 3592 4625 Audiit
3625 4584 3856 4640 quoque

2151 4675 2348 4716 vocem
2406 4659 2692 4716 dicentem
2738 4679 2752 4717 :
2796 4659 2955 4716 hunc
3004 4676 3132 4716 esse
3180 4660 3370 4714 lacum
3422 4661 3719 4728 justorum
3771 4673 3856 4712 re-

2151 4749 2336 4822 quiei;
2373 4750 2601 4814 deinde,
2658 4749 2898 4805 inflatus
2929 4754 2987 4804 et
3036 4766 3248 4819 magna
3278 4751 3346 4804 de
3378 4765 3439 4804 se
3470 4763 3851 4820 praesumens,

2152 4840 2210 4894 in
2242 4856 2410 4910 grave
2458 4838 2664 4895 incidit
2718 4849 3043 4911 peccatum,
3097 4847 3150 4894 et
3192 4839 3391 4894 multis
3435 4843 3856 4910 consequenter

2150 4928 2479 4999 implicatus
2513 4939 2597 4984 est
2658 4930 2844 4985 malis.
2888 4929 2945 4985 Si
3007 4945 3142 5002 ergo
3176 4929 3266 4985 hic
3327 4929 3408 4984 ita
3475 4928 3678 5000 lapsus
3747 4935 3855 4996 est,

2153 5020 2442 5088 quomodo
2511 5020 2718 5090 poterit
2755 5035 2785 5074 e
2829 5017 2993 5088 vulgo
3043 5017 3259 5089 aliquis
3312 5017 3549 5074 dicere:
3582 5017 3856 5082 Quando-

2153 5108 2383 5180 quidem
2429 5110 2656 5180 jejuno,
2689 5114 2745 5165 et
2790 5125 3029 5180 peregre
3065 5109 3234 5181 dego,
3279 5113 3335 5164 et
3366 5109 3670 5164 facultates
3704 5124 3855 5164 meas

2152 5199 2492 5268 dispertior;
2537 5204 2927 5270 praetereaque
2963 5217 2997 5253 a
3043 5215 3220 5270 supra
3267 5200 3608 5255 memoratis
3656 5206 3850 5254 custo-

2153 5287 2264 5342 divi
2325 5304 2417 5344 me
2453 5288 2643 5353 malis,
2698 5289 2842 5343 nihil
2898 5288 3149 5358 profecto
3196 5289 3360 5345 deest
3398 5288 3714 5360 quominus
3745 5301 3851 5356 ego

2151 5393 2376 5447 quoque
2427 5384 2668 5433 sanctus
2717 5377 2871 5434 sim?
2903 5378 3125 5434 Etenim
3159 5395 3275 5434 non
3323 5379 3394 5433 ab
3434 5375 3851 5448 apparentibus

2152 5464 2322 5518 malis
2372 5466 2744 5536 abstinentia,
2778 5471 2866 5522 est
2914 5467 3206 5536 perfectio,
3241 5465 3323 5521 uti
3355 5465 3576 5520 dictum
3608 5466 3717 5532 est,
3746 5463 3847 5520 sed

2151 5553 2366 5610 mentis
2388 5555 2677 5628 purgatio,
2709 5572 2890 5628 eaque
2921 5557 3197 5629 perfecta.
