  <div class='ocr_page' id='page_1' title='image "/cluster/home/n/w/nwhite01/storage/ocr_20150623/34/mdp.39015041165401/511.png"; bbox 0 0 4130 6286; ppageno 0'>
   <div class='ocr_carea' id='block_1_1' title="bbox 313 335 429 398">
    <p class='ocr_par' dir='ltr' id='par_1_1' title="bbox 313 335 429 398">
     <span class='ocr_line' id='line_1_1' title="bbox 313 335 429 398; baseline -0.017 0"><span class='ocrx_word' id='word_1_1' title='bbox 313 335 429 398; x_wconf 82' lang='lat'>907</span> 
     </span>
    </p>
   </div>
   <div class='ocr_carea' id='block_1_2' title="bbox 1654 336 2492 401">
    <p class='ocr_par' dir='ltr' id='par_1_2' title="bbox 1654 336 2492 401">
     <span class='ocr_line' id='line_1_2' title="bbox 1654 336 2492 401; baseline 0.002 -4"><span class='ocrx_word' id='word_1_2' title='bbox 1654 338 1694 398; x_wconf 92' lang='lat' dir='ltr'>S</span> <span class='ocrx_word' id='word_1_3' title='bbox 1707 382 1721 397; x_wconf 94' lang='lat'>.</span> <span class='ocrx_word' id='word_1_4' title='bbox 1769 336 2103 399; x_wconf 79' lang='lat' dir='ltr'>MACARII</span> <span class='ocrx_word' id='word_1_5' title='bbox 2146 339 2492 401; x_wconf 67' lang='lat' dir='ltr'>IEGYPTII</span> 
     </span>
    </p>
   </div>
   <div class='ocr_carea' id='block_1_3' title="bbox 3651 329 3770 392">
    <p class='ocr_par' dir='ltr' id='par_1_3' title="bbox 3651 329 3770 392">
     <span class='ocr_line' id='line_1_3' title="bbox 3651 329 3770 392; baseline 0.017 -2"><span class='ocrx_word' id='word_1_6' title='bbox 3651 329 3770 392; x_wconf 83' lang='lat'>908</span> 
     </span>
    </p>
   </div>
   <div class='ocr_carea' id='block_1_4' title="bbox 381 458 2021 548">
    <p class='ocr_par' dir='ltr' id='par_1_4' title="bbox 381 467 2007 540">
     <span class='ocr_line' id='line_1_4' title="bbox 381 467 2007 540; baseline 0 -17"><span class='ocrx_word' id='word_1_7' title='bbox 381 467 528 524; x_wconf 80' lang='lat' dir='ltr'>XXI.</span> <span class='ocrx_word' id='word_1_8' title='bbox 581 468 710 524; x_wconf 67' lang='lat' dir='ltr'>Haec</span> <span class='ocrx_word' id='word_1_9' title='bbox 740 469 841 540; x_wconf 89' lang='lat' dir='ltr'>qui</span> <span class='ocrx_word' id='word_1_10' title='bbox 881 471 1137 540; x_wconf 78' lang='lat' dir='ltr'>reputas,</span> <span class='ocrx_word' id='word_1_11' title='bbox 1187 468 1504 539; x_wconf 71' lang='lat' dir='ltr'>ingredere,</span> <span class='ocrx_word' id='word_1_12' title='bbox 1539 470 1650 536; x_wconf 88' lang='lat' dir='ltr'>aio,</span> <span class='ocrx_word' id='word_1_13' title='bbox 1684 487 1785 540; x_wconf 88' lang='lat' dir='ltr'>per</span> <span class='ocrx_word' id='word_1_14' title='bbox 1815 474 2007 524; x_wconf 85' lang='lat' dir='ltr'>atten-</span> 
     </span>
    </p>
   </div>
   <div class='ocr_carea' id='block_1_5' title="bbox 2134 458 3774 548">
    <p class='ocr_par' dir='ltr' id='par_1_5' title="bbox 2193 458 3774 548">
     <span class='ocr_line' id='line_1_5' title="bbox 2193 458 3774 548; baseline -0.005 -24"><span class='ocrx_word' id='word_1_15' title='bbox 2193 473 2317 526; x_wconf 76' lang='lat' dir='ltr'>KA&#39;.</span> <span class='ocrx_word' id='word_1_16' title='bbox 2380 469 2622 540; x_wconf 80' lang='grc' dir='ltr'>Εἶ’σελθε,</span> <span class='ocrx_word' id='word_1_17' title='bbox 2682 469 2869 548; x_wconf 70' lang='grc' dir='ltr'>φησὶν,</span> <span class='ocrx_word' id='word_1_18' title='bbox 2930 468 2958 522; x_wconf 76' lang='grc' dir='ltr'>ὁ</span> <span class='ocrx_word' id='word_1_19' title='bbox 3009 469 3173 521; x_wconf 75' lang='grc' dir='ltr'>ταῦτα</span> <span class='ocrx_word' id='word_1_20' title='bbox 3221 458 3630 537; x_wconf 74' lang='grc' dir='ltr'>ὑπολαμϐάνων</span> <span class='ocrx_word' id='word_1_21' title='bbox 3681 459 3774 518; x_wconf 75' lang='grc' dir='ltr'>διὰ</span> 
     </span>
    </p>
   </div>
   <div class='ocr_carea' id='block_1_6' title="bbox 308 557 2011 630">
    <p class='ocr_par' dir='ltr' id='par_1_6' title="bbox 308 557 2011 630">
     <span class='ocr_line' id='line_1_6' title="bbox 308 557 2011 630; baseline 0.001 -19"><span class='ocrx_word' id='word_1_22' title='bbox 308 559 423 612; x_wconf 81' lang='lat' dir='ltr'>tam</span> <span class='ocrx_word' id='word_1_23' title='bbox 496 557 551 612; x_wconf 94' lang='lat' dir='ltr'>in</span> <span class='ocrx_word' id='word_1_24' title='bbox 611 560 987 630; x_wconf 74' lang='lat' dir='ltr'>cogitationes</span> <span class='ocrx_word' id='word_1_25' title='bbox 1073 565 1198 613; x_wconf 91' lang='lat' dir='ltr'>tuas</span> <span class='ocrx_word' id='word_1_26' title='bbox 1241 559 1520 629; x_wconf 84' lang='lat' dir='ltr'>vigiliam,</span> <span class='ocrx_word' id='word_1_27' title='bbox 1568 563 1800 630; x_wconf 81' lang='lat' dir='ltr'>penitus</span> <span class='ocrx_word' id='word_1_28' title='bbox 1859 562 2011 614; x_wconf 89' lang='lat' dir='ltr'>intra</span> 
     </span>
    </p>
   </div>
   <div class='ocr_carea' id='block_1_7' title="bbox 309 645 2014 716">
    <p class='ocr_par' dir='ltr' id='par_1_7' title="bbox 309 645 2014 716">
     <span class='ocr_line' id='line_1_7' title="bbox 309 645 2014 716; baseline 0.001 -17"><span class='ocrx_word' id='word_1_29' title='bbox 309 645 599 715; x_wconf 86' lang='lat' dir='ltr'>captivam</span> <span class='ocrx_word' id='word_1_30' title='bbox 650 651 810 701; x_wconf 86' lang='lat' dir='ltr'>tuam</span> <span class='ocrx_word' id='word_1_31' title='bbox 856 652 911 702; x_wconf 85' lang='lat' dir='ltr'>et</span> <span class='ocrx_word' id='word_1_32' title='bbox 942 664 1162 701; x_wconf 86' lang='lat' dir='ltr'>servam</span> <span class='ocrx_word' id='word_1_33' title='bbox 1198 649 1416 716; x_wconf 82' lang='lat' dir='ltr'>peccati</span> <span class='ocrx_word' id='word_1_34' title='bbox 1451 654 1732 714; x_wconf 79' lang='lat' dir='ltr'>mentem;</span> <span class='ocrx_word' id='word_1_35' title='bbox 1786 655 1842 702; x_wconf 90' lang='lat' dir='ltr'>et</span> <span class='ocrx_word' id='word_1_36' title='bbox 1890 647 2014 701; x_wconf 83' lang='lat' dir='ltr'>vide</span> 
     </span>
    </p>
   </div>
   <div class='ocr_carea' id='block_1_8' title="bbox 306 733 2012 807">
    <p class='ocr_par' dir='ltr' id='par_1_8' title="bbox 306 733 2012 807">
     <span class='ocr_line' id='line_1_8' title="bbox 306 733 2012 807; baseline 0.001 -19"><span class='ocrx_word' id='word_1_37' title='bbox 306 733 474 789; x_wconf 88' lang='lat' dir='ltr'>illum</span> <span class='ocrx_word' id='word_1_38' title='bbox 522 737 720 790; x_wconf 89' lang='lat' dir='ltr'>adhuc</span> <span class='ocrx_word' id='word_1_39' title='bbox 766 738 916 791; x_wconf 85' lang='lat' dir='ltr'>infra</span> <span class='ocrx_word' id='word_1_40' title='bbox 963 737 1342 806; x_wconf 77' lang='lat' dir='ltr'>cogitationes</span> <span class='ocrx_word' id='word_1_41' title='bbox 1391 738 1549 807; x_wconf 89' lang='lat' dir='ltr'>ipsas</span> <span class='ocrx_word' id='word_1_42' title='bbox 1604 738 1661 791; x_wconf 89' lang='lat' dir='ltr'>in</span> <span class='ocrx_word' id='word_1_43' title='bbox 1695 739 1851 800; x_wconf 83' lang='lat' dir='ltr'>imis,</span> <span class='ocrx_word' id='word_1_44' title='bbox 1884 754 2012 807; x_wconf 74' lang='lat' dir='ltr'>quas</span> 
     </span>
    </p>
   </div>
   <div class='ocr_carea' id='block_1_9' title="bbox 305 823 2013 895">
    <p class='ocr_par' dir='ltr' id='par_1_9' title="bbox 305 823 2013 895">
     <span class='ocr_line' id='line_1_9' title="bbox 305 823 2013 895; baseline 0.001 -17"><span class='ocrx_word' id='word_1_45' title='bbox 305 823 606 889; x_wconf 87' lang='lat' dir='ltr'>dicuntur,</span> <span class='ocrx_word' id='word_1_46' title='bbox 665 826 874 879; x_wconf 65' lang='lat' dir='ltr'>anima:</span> <span class='ocrx_word' id='word_1_47' title='bbox 924 825 1316 895; x_wconf 83' lang='lat' dir='ltr'>penetralibus</span> <span class='ocrx_word' id='word_1_48' title='bbox 1356 830 1468 878; x_wconf 64' lang='lat' dir='ltr'>tua:</span> <span class='ocrx_word' id='word_1_49' title='bbox 1512 825 1874 880; x_wconf 89' lang='lat' dir='ltr'>nidulantem</span> <span class='ocrx_word' id='word_1_50' title='bbox 1911 843 2013 880; x_wconf 85' lang='lat' dir='ltr'>an-</span> 
     </span>
    </p>
   </div>
   <div class='ocr_carea' id='block_1_10' title="bbox 304 915 2012 986">
    <p class='ocr_par' dir='ltr' id='par_1_10' title="bbox 304 915 2012 986">
     <span class='ocr_line' id='line_1_10' title="bbox 304 915 2012 986; baseline 0.002 -18"><span class='ocrx_word' id='word_1_51' title='bbox 304 929 500 986; x_wconf 84' lang='lat' dir='ltr'>guem,</span> <span class='ocrx_word' id='word_1_52' title='bbox 549 915 1111 985; x_wconf 79' lang='lat' dir='ltr'>interﬁcientemque</span> <span class='ocrx_word' id='word_1_53' title='bbox 1146 919 1201 968; x_wconf 91' lang='lat' dir='ltr'>te</span> <span class='ocrx_word' id='word_1_54' title='bbox 1239 932 1346 970; x_wconf 90' lang='lat' dir='ltr'>suo</span> <span class='ocrx_word' id='word_1_55' title='bbox 1407 915 1734 969; x_wconf 82' lang='lat' dir='ltr'>inﬁciendis</span> <span class='ocrx_word' id='word_1_56' title='bbox 1783 933 2012 972; x_wconf 88' lang='lat' dir='ltr'>veneno</span> 
     </span>
    </p>
   </div>
   <div class='ocr_carea' id='block_1_11' title="bbox 304 1000 2014 1073">
    <p class='ocr_par' dir='ltr' id='par_1_11' title="bbox 304 1000 2014 1073">
     <span class='ocr_line' id='line_1_11' title="bbox 304 1000 2014 1073; baseline 0.002 -19"><span class='ocrx_word' id='word_1_57' title='bbox 304 1000 601 1071; x_wconf 89' lang='lat' dir='ltr'>primariis</span> <span class='ocrx_word' id='word_1_58' title='bbox 652 1003 859 1056; x_wconf 67' lang='lat' dir='ltr'>animas</span> <span class='ocrx_word' id='word_1_59' title='bbox 893 1011 1000 1056; x_wconf 71' lang='lat' dir='ltr'>tuae</span> <span class='ocrx_word' id='word_1_60' title='bbox 1053 1004 1354 1057; x_wconf 79' lang='lat' dir='ltr'>membris.</span> <span class='ocrx_word' id='word_1_61' title='bbox 1406 1004 1663 1073; x_wconf 84' lang='lat' dir='ltr'>Abyssus</span> <span class='ocrx_word' id='word_1_62' title='bbox 1699 1005 1853 1059; x_wconf 89' lang='lat' dir='ltr'>enim</span> <span class='ocrx_word' id='word_1_63' title='bbox 1885 1020 2014 1060; x_wconf 81' lang='lat' dir='ltr'>vere</span> 
     </span>
    </p>
   </div>
   <div class='ocr_carea' id='block_1_12' title="bbox 304 1089 2011 1161">
    <p class='ocr_par' dir='ltr' id='par_1_12' title="bbox 304 1089 2011 1161">
     <span class='ocr_line' id='line_1_12' title="bbox 304 1089 2011 1161; baseline 0.001 -15"><span class='ocrx_word' id='word_1_64' title='bbox 304 1089 698 1146; x_wconf 86' lang='lat' dir='ltr'>incrustabilis</span> <span class='ocrx_word' id='word_1_65' title='bbox 748 1108 846 1146; x_wconf 92' lang='lat' dir='ltr'>cor</span> <span class='ocrx_word' id='word_1_66' title='bbox 901 1096 1008 1146; x_wconf 86' lang='lat' dir='ltr'>est.</span> <span class='ocrx_word' id='word_1_67' title='bbox 1078 1091 1135 1145; x_wconf 82' lang='lat' dir='ltr'>Si</span> <span class='ocrx_word' id='word_1_68' title='bbox 1195 1108 1329 1161; x_wconf 88' lang='lat' dir='ltr'>ergo</span> <span class='ocrx_word' id='word_1_69' title='bbox 1396 1091 1553 1147; x_wconf 89' lang='lat' dir='ltr'>hunc</span> <span class='ocrx_word' id='word_1_70' title='bbox 1618 1094 1905 1159; x_wconf 81' lang='lat' dir='ltr'>occidisti,</span> <span class='ocrx_word' id='word_1_71' title='bbox 1965 1095 2011 1148; x_wconf 87' lang='lat' dir='ltr'>si</span> 
     </span>
    </p>
   </div>
   <div class='ocr_carea' id='block_1_13' title="bbox 306 1180 2014 1253">
    <p class='ocr_par' dir='ltr' id='par_1_13' title="bbox 306 1180 2014 1253">
     <span class='ocr_line' id='line_1_13' title="bbox 306 1180 2014 1253; baseline 0.005 -23"><span class='ocrx_word' id='word_1_72' title='bbox 306 1185 588 1248; x_wconf 90' lang='lat' dir='ltr'>quantum</span> <span class='ocrx_word' id='word_1_73' title='bbox 621 1185 740 1234; x_wconf 85' lang='lat' dir='ltr'>erat</span> <span class='ocrx_word' id='word_1_74' title='bbox 775 1181 914 1235; x_wconf 90' lang='lat' dir='ltr'>imte</span> <span class='ocrx_word' id='word_1_75' title='bbox 945 1180 1296 1251; x_wconf 85' lang='lat' dir='ltr'>iniquitatis,</span> <span class='ocrx_word' id='word_1_76' title='bbox 1340 1186 1525 1234; x_wconf 87' lang='lat' dir='ltr'>totum</span> <span class='ocrx_word' id='word_1_77' title='bbox 1560 1183 1916 1253; x_wconf 85' lang='lat' dir='ltr'>expurgasti,</span> <span class='ocrx_word' id='word_1_78' title='bbox 1959 1189 2014 1238; x_wconf 88' lang='lat' dir='ltr'>et</span> 
     </span>
    </p>
   </div>
   <div class='ocr_carea' id='block_1_14' title="bbox 306 1269 2011 1341">
    <p class='ocr_par' dir='ltr' id='par_1_14' title="bbox 306 1269 2011 1341">
     <span class='ocr_line' id='line_1_14' title="bbox 306 1269 2011 1341; baseline 0.003 -20"><span class='ocrx_word' id='word_1_79' title='bbox 306 1272 608 1336; x_wconf 82' lang='lat' dir='ltr'>peccatum</span> <span class='ocrx_word' id='word_1_80' title='bbox 667 1269 907 1337; x_wconf 77' lang='lat' dir='ltr'>ejecisti,</span> <span class='ocrx_word' id='word_1_81' title='bbox 959 1269 1204 1339; x_wconf 81' lang='lat' dir='ltr'>gloriare</span> <span class='ocrx_word' id='word_1_82' title='bbox 1252 1270 1309 1322; x_wconf 92' lang='lat' dir='ltr'>in</span> <span class='ocrx_word' id='word_1_83' title='bbox 1343 1271 1456 1324; x_wconf 92' lang='lat' dir='ltr'>Deo</span> <span class='ocrx_word' id='word_1_84' title='bbox 1503 1271 1574 1324; x_wconf 89' lang='lat' dir='ltr'>de</span> <span class='ocrx_word' id='word_1_85' title='bbox 1615 1274 1880 1341; x_wconf 76' lang='lat' dir='ltr'>puritate.</span> <span class='ocrx_word' id='word_1_86' title='bbox 1912 1273 2011 1326; x_wconf 90' lang='lat' dir='ltr'>Sin</span> 
     </span>
    </p>
   </div>
   <div class='ocr_carea' id='block_1_15' title="bbox 307 1354 2011 1428">
    <p class='ocr_par' dir='ltr' id='par_1_15' title="bbox 307 1354 2011 1428">
     <span class='ocr_line' id='line_1_15' title="bbox 307 1354 2011 1428; baseline 0.004 -20"><span class='ocrx_word' id='word_1_87' title='bbox 307 1354 524 1421; x_wconf 87' lang='lat' dir='ltr'>minus,</span> <span class='ocrx_word' id='word_1_88' title='bbox 575 1355 942 1422; x_wconf 85' lang='lat' dir='ltr'>humiliatus,</span> <span class='ocrx_word' id='word_1_89' title='bbox 990 1359 1072 1410; x_wconf 86' lang='lat' dir='ltr'>uti</span> <span class='ocrx_word' id='word_1_90' title='bbox 1116 1373 1336 1427; x_wconf 86' lang='lat' dir='ltr'>egenus</span> <span class='ocrx_word' id='word_1_91' title='bbox 1377 1369 1426 1412; x_wconf 85' lang='lat' dir='ltr'>et</span> <span class='ocrx_word' id='word_1_92' title='bbox 1482 1365 1749 1428; x_wconf 87' lang='lat' dir='ltr'>peccator</span> <span class='ocrx_word' id='word_1_93' title='bbox 1799 1361 2011 1426; x_wconf 88' lang='lat' dir='ltr'>adhuc,</span> 
     </span>
    </p>
   </div>
   <div class='ocr_carea' id='block_1_16' title="bbox 307 1444 2012 1517">
    <p class='ocr_par' dir='ltr' id='par_1_16' title="bbox 307 1444 2012 1517">
     <span class='ocr_line' id='line_1_16' title="bbox 307 1444 2012 1517; baseline 0.004 -20"><span class='ocrx_word' id='word_1_94' title='bbox 307 1444 516 1498; x_wconf 80' lang='lat' dir='ltr'>accede</span> <span class='ocrx_word' id='word_1_95' title='bbox 546 1445 616 1497; x_wconf 86' lang='lat' dir='ltr'>ad</span> <span class='ocrx_word' id='word_1_96' title='bbox 649 1444 967 1511; x_wconf 88' lang='lat' dir='ltr'>Christum,</span> <span class='ocrx_word' id='word_1_97' title='bbox 1003 1462 1105 1514; x_wconf 88' lang='lat' dir='ltr'>pro</span> <span class='ocrx_word' id='word_1_98' title='bbox 1147 1447 1389 1500; x_wconf 84' lang='lat' dir='ltr'>occultis</span> <span class='ocrx_word' id='word_1_99' title='bbox 1423 1449 1534 1500; x_wconf 88' lang='lat' dir='ltr'>tuis</span> <span class='ocrx_word' id='word_1_100' title='bbox 1565 1465 1760 1502; x_wconf 87' lang='lat' dir='ltr'>orans.</span> <span class='ocrx_word' id='word_1_101' title='bbox 1829 1451 2012 1517; x_wconf 84' lang='lat' dir='ltr'>Appa-</span> 
     </span>
    </p>
   </div>
   <div class='ocr_carea' id='block_1_17' title="bbox 308 1533 2014 1605">
    <p class='ocr_par' dir='ltr' id='par_1_17' title="bbox 308 1533 2014 1605">
     <span class='ocr_line' id='line_1_17' title="bbox 308 1533 2014 1605; baseline 0.004 -18"><span class='ocrx_word' id='word_1_102' title='bbox 308 1537 396 1587; x_wconf 84' lang='lat' dir='ltr'>ret</span> <span class='ocrx_word' id='word_1_103' title='bbox 425 1533 577 1586; x_wconf 91' lang='lat' dir='ltr'>enim</span> <span class='ocrx_word' id='word_1_104' title='bbox 621 1535 953 1588; x_wconf 87' lang='lat' dir='ltr'>universam</span> <span class='ocrx_word' id='word_1_105' title='bbox 989 1542 1104 1588; x_wconf 84' lang='lat' dir='ltr'>tam</span> <span class='ocrx_word' id='word_1_106' title='bbox 1162 1535 1368 1589; x_wconf 80' lang='lat' dir='ltr'>veteris</span> <span class='ocrx_word' id='word_1_107' title='bbox 1411 1552 1580 1605; x_wconf 88' lang='lat' dir='ltr'>quam</span> <span class='ocrx_word' id='word_1_108' title='bbox 1616 1538 1741 1590; x_wconf 91' lang='lat' dir='ltr'>novi</span> <span class='ocrx_word' id='word_1_109' title='bbox 1780 1539 2014 1593; x_wconf 72' lang='lat' dir='ltr'>foederis</span> 
     </span>
    </p>
   </div>
   <div class='ocr_carea' id='block_1_18' title="bbox 308 1619 2014 1695">
    <p class='ocr_par' dir='ltr' id='par_1_18' title="bbox 308 1619 2014 1695">
     <span class='ocr_line' id='line_1_18' title="bbox 308 1619 2014 1695; baseline 0.004 -21"><span class='ocrx_word' id='word_1_110' title='bbox 308 1619 671 1688; x_wconf 89' lang='lat' dir='ltr'>Scripturum</span> <span class='ocrx_word' id='word_1_111' title='bbox 701 1621 771 1674; x_wconf 89' lang='lat' dir='ltr'>ad</span> <span class='ocrx_word' id='word_1_112' title='bbox 825 1622 1136 1690; x_wconf 85' lang='lat' dir='ltr'>puritatem</span> <span class='ocrx_word' id='word_1_113' title='bbox 1189 1624 1475 1693; x_wconf 69' lang='lat' dir='ltr'>praecipue</span> <span class='ocrx_word' id='word_1_114' title='bbox 1509 1625 1711 1678; x_wconf 78' lang='lat' dir='ltr'>referri</span> <span class='ocrx_word' id='word_1_115' title='bbox 1747 1641 1760 1678; x_wconf 88' lang='lat'>:</span> <span class='ocrx_word' id='word_1_116' title='bbox 1801 1625 2014 1695; x_wconf 88' lang='lat' dir='ltr'>quippe</span> 
     </span>
    </p>
   </div>
   <div class='ocr_carea' id='block_1_19' title="bbox 310 1708 2014 1784">
    <p class='ocr_par' dir='ltr' id='par_1_19' title="bbox 310 1708 2014 1784">
     <span class='ocr_line' id='line_1_19' title="bbox 310 1708 2014 1784; baseline 0.002 -20"><span class='ocrx_word' id='word_1_117' title='bbox 310 1723 442 1764; x_wconf 90' lang='lat' dir='ltr'>cum</span> <span class='ocrx_word' id='word_1_118' title='bbox 475 1708 633 1762; x_wconf 89' lang='lat' dir='ltr'>omni</span> <span class='ocrx_word' id='word_1_119' title='bbox 672 1709 919 1779; x_wconf 85' lang='lat' dir='ltr'>homini,</span> <span class='ocrx_word' id='word_1_120' title='bbox 951 1716 1070 1764; x_wconf 87' lang='lat' dir='ltr'>tam</span> <span class='ocrx_word' id='word_1_121' title='bbox 1112 1712 1310 1765; x_wconf 66' lang='lat' dir='ltr'>Judao</span> <span class='ocrx_word' id='word_1_122' title='bbox 1342 1729 1512 1780; x_wconf 79' lang='lat' dir='ltr'>quam</span> <span class='ocrx_word' id='word_1_123' title='bbox 1546 1713 1769 1780; x_wconf 64' lang='lat' dir='ltr'>Graeco,</span> <span class='ocrx_word' id='word_1_124' title='bbox 1828 1715 2014 1784; x_wconf 86' lang='lat' dir='ltr'>inpri-</span> 
     </span>
    </p>
   </div>
   <div class='ocr_carea' id='block_1_20' title="bbox 310 1797 2014 1870">
    <p class='ocr_par' dir='ltr' id='par_1_20' title="bbox 310 1797 2014 1870">
     <span class='ocr_line' id='line_1_20' title="bbox 310 1797 2014 1870; baseline 0.002 -18"><span class='ocrx_word' id='word_1_125' title='bbox 310 1797 427 1852; x_wconf 87' lang='lat' dir='ltr'>mis</span> <span class='ocrx_word' id='word_1_126' title='bbox 468 1797 794 1867; x_wconf 84' lang='lat' dir='ltr'>expetibilis</span> <span class='ocrx_word' id='word_1_127' title='bbox 837 1800 1064 1868; x_wconf 89' lang='lat' dir='ltr'>puritas</span> <span class='ocrx_word' id='word_1_128' title='bbox 1115 1800 1225 1859; x_wconf 84' lang='lat' dir='ltr'>sit;</span> <span class='ocrx_word' id='word_1_129' title='bbox 1261 1817 1603 1870; x_wconf 85' lang='lat' dir='ltr'>quanquam</span> <span class='ocrx_word' id='word_1_130' title='bbox 1639 1803 1838 1856; x_wconf 83' lang='lat' dir='ltr'>eadem</span> <span class='ocrx_word' id='word_1_131' title='bbox 1864 1819 2014 1857; x_wconf 90' lang='lat' dir='ltr'>cun-</span> 
     </span>
    </p>
   </div>
   <div class='ocr_carea' id='block_1_21' title="bbox 310 1886 2010 1960">
    <p class='ocr_par' dir='ltr' id='par_1_21' title="bbox 310 1886 2010 1960">
     <span class='ocr_line' id='line_1_21' title="bbox 310 1886 2010 1960; baseline 0.003 -18"><span class='ocrx_word' id='word_1_132' title='bbox 310 1887 417 1942; x_wconf 86' lang='lat' dir='ltr'>ctis</span> <span class='ocrx_word' id='word_1_133' title='bbox 460 1886 608 1941; x_wconf 74' lang='lat' dir='ltr'>haud</span> <span class='ocrx_word' id='word_1_134' title='bbox 661 1888 802 1942; x_wconf 87' lang='lat' dir='ltr'>adeo</span> <span class='ocrx_word' id='word_1_135' title='bbox 834 1889 1045 1957; x_wconf 86' lang='lat' dir='ltr'>adeplu</span> <span class='ocrx_word' id='word_1_136' title='bbox 1083 1890 1298 1956; x_wconf 79' lang='lat' dir='ltr'>facilis;</span> <span class='ocrx_word' id='word_1_137' title='bbox 1357 1891 1679 1960; x_wconf 79' lang='lat' dir='ltr'>pertingere</span> <span class='ocrx_word' id='word_1_138' title='bbox 1712 1901 1903 1946; x_wconf 85' lang='lat' dir='ltr'>autem</span> <span class='ocrx_word' id='word_1_139' title='bbox 1939 1895 2010 1947; x_wconf 87' lang='lat' dir='ltr'>ad</span> 
     </span>
    </p>
   </div>
   <div class='ocr_carea' id='block_1_22' title="bbox 309 1974 2013 2054">
    <p class='ocr_par' dir='ltr' id='par_1_22' title="bbox 309 1974 2013 2054">
     <span class='ocr_line' id='line_1_22' title="bbox 309 1974 2013 2054; baseline 0.005 -25"><span class='ocrx_word' id='word_1_140' title='bbox 309 1974 481 2030; x_wconf 87' lang='lat' dir='ltr'>istam</span> <span class='ocrx_word' id='word_1_141' title='bbox 509 1976 698 2030; x_wconf 86' lang='lat' dir='ltr'>cordis</span> <span class='ocrx_word' id='word_1_142' title='bbox 742 1977 1121 2042; x_wconf 88' lang='lat' dir='ltr'>munditiam,</span> <span class='ocrx_word' id='word_1_143' title='bbox 1169 1979 1258 2033; x_wconf 88' lang='lat' dir='ltr'>aio</span> <span class='ocrx_word' id='word_1_144' title='bbox 1307 1983 1594 2035; x_wconf 86' lang='lat' dir='ltr'>neminem</span> <span class='ocrx_word' id='word_1_145' title='bbox 1628 1982 1800 2037; x_wconf 84' lang='lat' dir='ltr'>aliter</span> <span class='ocrx_word' id='word_1_146' title='bbox 1835 2001 2013 2054; x_wconf 87' lang='lat' dir='ltr'>quam</span> 
     </span>
    </p>
   </div>
   <div class='ocr_carea' id='block_1_23' title="bbox 310 2064 2015 2138">
    <p class='ocr_par' dir='ltr' id='par_1_23' title="bbox 310 2064 2015 2138">
     <span class='ocr_line' id='line_1_23' title="bbox 310 2064 2015 2138; baseline 0.004 -20"><span class='ocrx_word' id='word_1_147' title='bbox 310 2080 413 2134; x_wconf 89' lang='lat' dir='ltr'>per</span> <span class='ocrx_word' id='word_1_148' title='bbox 456 2064 661 2119; x_wconf 84' lang='lat' dir='ltr'>Jesum</span> <span class='ocrx_word' id='word_1_149' title='bbox 721 2066 911 2120; x_wconf 90' lang='lat' dir='ltr'>solum</span> <span class='ocrx_word' id='word_1_150' title='bbox 972 2083 1161 2137; x_wconf 86' lang='lat' dir='ltr'>posse.</span> <span class='ocrx_word' id='word_1_151' title='bbox 1218 2070 1346 2138; x_wconf 87' lang='lat' dir='ltr'>Ipse</span> <span class='ocrx_word' id='word_1_152' title='bbox 1406 2069 1560 2123; x_wconf 88' lang='lat' dir='ltr'>enim</span> <span class='ocrx_word' id='word_1_153' title='bbox 1611 2072 2015 2126; x_wconf 84' lang='lat' dir='ltr'>substantialis</span> 
     </span>
    </p>
   </div>
   <div class='ocr_carea' id='block_1_24' title="bbox 308 2155 2016 2229">
    <p class='ocr_par' dir='ltr' id='par_1_24' title="bbox 308 2155 2016 2229">
     <span class='ocr_line' id='line_1_24' title="bbox 308 2155 2016 2229; baseline 0.006 -22"><span class='ocrx_word' id='word_1_154' title='bbox 308 2170 440 2209; x_wconf 88' lang='lat' dir='ltr'>vere</span> <span class='ocrx_word' id='word_1_155' title='bbox 467 2155 672 2209; x_wconf 86' lang='lat' dir='ltr'>veritas</span> <span class='ocrx_word' id='word_1_156' title='bbox 719 2163 836 2222; x_wconf 88' lang='lat' dir='ltr'>est;</span> <span class='ocrx_word' id='word_1_157' title='bbox 880 2157 1096 2225; x_wconf 83' lang='lat' dir='ltr'>absque</span> <span class='ocrx_word' id='word_1_158' title='bbox 1145 2158 1305 2228; x_wconf 84' lang='lat' dir='ltr'>quali</span> <span class='ocrx_word' id='word_1_159' title='bbox 1350 2165 1588 2214; x_wconf 85' lang='lat' dir='ltr'>veritate</span> <span class='ocrx_word' id='word_1_160' title='bbox 1651 2161 2016 2229; x_wconf 84' lang='lat' dir='ltr'>impossibile</span> 
     </span>
    </p>
   </div>
   <div class='ocr_carea' id='block_1_25' title="bbox 311 2245 1795 2320">
    <p class='ocr_par' dir='ltr' id='par_1_25' title="bbox 311 2245 1795 2320">
     <span class='ocr_line' id='line_1_25' title="bbox 311 2245 1795 2320; baseline 0.005 -24"><span class='ocrx_word' id='word_1_161' title='bbox 311 2250 420 2307; x_wconf 86' lang='lat' dir='ltr'>est,</span> <span class='ocrx_word' id='word_1_162' title='bbox 443 2248 543 2297; x_wconf 85' lang='lat' dir='ltr'>aut</span> <span class='ocrx_word' id='word_1_163' title='bbox 574 2261 741 2299; x_wconf 88' lang='lat' dir='ltr'>nosse</span> <span class='ocrx_word' id='word_1_164' title='bbox 772 2245 1093 2312; x_wconf 86' lang='lat' dir='ltr'>veritatem,</span> <span class='ocrx_word' id='word_1_165' title='bbox 1125 2252 1226 2300; x_wconf 88' lang='lat' dir='ltr'>aut</span> <span class='ocrx_word' id='word_1_166' title='bbox 1256 2246 1501 2302; x_wconf 80' lang='lat' dir='ltr'>salutem</span> <span class='ocrx_word' id='word_1_167' title='bbox 1538 2250 1795 2320; x_wconf 90' lang='lat' dir='ltr'>assequi.</span> 
     </span>
    </p>
   </div>
   <div class='ocr_carea' id='block_1_26' title="bbox 2121 551 3768 636">
    <p class='ocr_par' dir='ltr' id='par_1_26' title="bbox 2121 551 3768 636">
     <span class='ocr_line' id='line_1_26' title="bbox 2121 551 3768 636; baseline -0.004 -24"><span class='ocrx_word' id='word_1_168' title='bbox 2121 564 2220 624; x_wconf 78' lang='grc' dir='ltr'>τῆς</span> <span class='ocrx_word' id='word_1_169' title='bbox 2251 565 2356 614; x_wconf 84' lang='grc' dir='ltr'>τῶν</span> <span class='ocrx_word' id='word_1_170' title='bbox 2405 559 2688 636; x_wconf 80' lang='grc' dir='ltr'>λογισμῶν</span> <span class='ocrx_word' id='word_1_171' title='bbox 2733 580 2826 612; x_wconf 82' lang='grc' dir='ltr'>σου</span> <span class='ocrx_word' id='word_1_172' title='bbox 2877 555 3190 617; x_wconf 83' lang='grc' dir='ltr'>ἐπιστασίας</span> <span class='ocrx_word' id='word_1_173' title='bbox 3233 556 3370 629; x_wconf 80' lang='grc' dir='ltr'>πρὸς</span> <span class='ocrx_word' id='word_1_174' title='bbox 3415 555 3506 608; x_wconf 82' lang='grc' dir='ltr'>τὸν</span> <span class='ocrx_word' id='word_1_175' title='bbox 3554 551 3768 626; x_wconf 69' lang='grc' dir='ltr'>αἶ’χμά-</span> 
     </span>
    </p>
   </div>
   <div class='ocr_carea' id='block_1_27' title="bbox 2127 636 3774 716">
    <p class='ocr_par' dir='ltr' id='par_1_27' title="bbox 2127 636 3774 716">
     <span class='ocr_line' id='line_1_27' title="bbox 2127 636 3774 716; baseline -0.005 -15"><span class='ocrx_word' id='word_1_176' title='bbox 2127 646 2301 701; x_wconf 78' lang='grc' dir='ltr'>λωτόν</span> <span class='ocrx_word' id='word_1_177' title='bbox 2353 668 2448 700; x_wconf 85' lang='grc' dir='ltr'>σου</span> <span class='ocrx_word' id='word_1_178' title='bbox 2495 645 2585 699; x_wconf 85' lang='grc' dir='ltr'>καὶ</span> <span class='ocrx_word' id='word_1_179' title='bbox 2637 644 2835 700; x_wconf 72' lang='grc' dir='ltr'>δοῦλον</span> <span class='ocrx_word' id='word_1_180' title='bbox 2883 651 2981 712; x_wconf 79' lang='grc' dir='ltr'>τῆς</span> <span class='ocrx_word' id='word_1_181' title='bbox 3035 643 3299 716; x_wconf 76' lang='grc' dir='ltr'>ἁμαρτίας</span> <span class='ocrx_word' id='word_1_182' title='bbox 3351 645 3493 711; x_wconf 78' lang='grc' dir='ltr'>νοῦν,</span> <span class='ocrx_word' id='word_1_183' title='bbox 3549 639 3640 694; x_wconf 81' lang='grc' dir='ltr'>καὶ</span> <span class='ocrx_word' id='word_1_184' title='bbox 3689 636 3774 692; x_wconf 61' lang='grc' dir='ltr'>ἴδε</span> 
     </span>
    </p>
   </div>
   <div class='ocr_carea' id='block_1_28' title="bbox 2122 731 3780 805">
    <p class='ocr_par' dir='ltr' id='par_1_28' title="bbox 2122 731 3780 805">
     <span class='ocr_line' id='line_1_28' title="bbox 2122 731 3780 805; baseline -0.006 -17"><span class='ocrx_word' id='word_1_185' title='bbox 2122 736 2212 789; x_wconf 86' lang='grc' dir='ltr'>τὸν</span> <span class='ocrx_word' id='word_1_186' title='bbox 2272 731 2349 788; x_wconf 76' lang='grc' dir='ltr'>ἔτι</span> <span class='ocrx_word' id='word_1_187' title='bbox 2406 735 2600 788; x_wconf 79' lang='grc' dir='ltr'>τούτου</span> <span class='ocrx_word' id='word_1_188' title='bbox 2659 736 2967 805; x_wconf 75' lang='grc' dir='ltr'>κατώτερον</span> <span class='ocrx_word' id='word_1_189' title='bbox 3015 733 3104 785; x_wconf 80' lang='grc' dir='ltr'>καὶ</span> <span class='ocrx_word' id='word_1_190' title='bbox 3169 731 3457 805; x_wconf 79' lang='grc' dir='ltr'>βαθύτερόν</span> <span class='ocrx_word' id='word_1_191' title='bbox 3516 749 3610 782; x_wconf 75' lang='grc' dir='ltr'>σου</span> <span class='ocrx_word' id='word_1_192' title='bbox 3669 732 3780 782; x_wconf 81' lang='grc' dir='ltr'>τῶν</span> 
     </span>
    </p>
   </div>
   <div class='ocr_carea' id='block_1_29' title="bbox 2127 822 3780 898">
    <p class='ocr_par' dir='ltr' id='par_1_29' title="bbox 2127 822 3780 898">
     <span class='ocr_line' id='line_1_29' title="bbox 2127 822 3780 898; baseline -0.006 -20"><span class='ocrx_word' id='word_1_193' title='bbox 2127 824 2435 898; x_wconf 73' lang='grc' dir='ltr'>λογισμῶν,</span> <span class='ocrx_word' id='word_1_194' title='bbox 2467 826 2556 877; x_wconf 87' lang='grc' dir='ltr'>τὸν</span> <span class='ocrx_word' id='word_1_195' title='bbox 2608 824 2682 884; x_wconf 85' lang='grc' dir='ltr'>εἷς</span> <span class='ocrx_word' id='word_1_196' title='bbox 2721 824 2787 877; x_wconf 79' lang='grc' dir='ltr'>τά</span> <span class='ocrx_word' id='word_1_197' title='bbox 2836 822 3106 894; x_wconf 69' lang='grc' dir='ltr'>λεγόμενα</span> <span class='ocrx_word' id='word_1_198' title='bbox 3150 828 3247 888; x_wconf 77' lang='grc' dir='ltr'>τῆς</span> <span class='ocrx_word' id='word_1_199' title='bbox 3299 823 3485 895; x_wconf 38' lang='lat' dir='ltr'>eam</span> <span class='ocrx_word' id='word_1_200' title='bbox 3537 838 3631 870; x_wconf 76' lang='grc' dir='ltr'>σου</span> <span class='ocrx_word' id='word_1_201' title='bbox 3681 837 3780 870; x_wconf 87' lang='grc' dir='ltr'>τα-</span> 
     </span>
    </p>
   </div>
   <div class='ocr_carea' id='block_1_30' title="bbox 2130 905 3780 988">
    <p class='ocr_par' dir='ltr' id='par_1_30' title="bbox 2130 905 3780 988">
     <span class='ocr_line' id='line_1_30' title="bbox 2130 905 3780 988; baseline -0.004 -23"><span class='ocrx_word' id='word_1_202' title='bbox 2130 920 2280 987; x_wconf 78' lang='grc' dir='ltr'>μιεῖα</span> <span class='ocrx_word' id='word_1_203' title='bbox 2309 912 2702 988; x_wconf 61' lang='grc' dir='ltr'>ἐμφωλεύοντα</span> <span class='ocrx_word' id='word_1_204' title='bbox 2750 909 2894 980; x_wconf 77' lang='grc' dir='ltr'>ὄφιν,</span> <span class='ocrx_word' id='word_1_205' title='bbox 2925 912 3014 965; x_wconf 78' lang='grc' dir='ltr'>καὶ</span> <span class='ocrx_word' id='word_1_206' title='bbox 3063 908 3389 983; x_wconf 81' lang='grc' dir='ltr'>ἀναιροῦντά</span> <span class='ocrx_word' id='word_1_207' title='bbox 3435 929 3493 960; x_wconf 85' lang='grc' dir='ltr'>σε</span> <span class='ocrx_word' id='word_1_208' title='bbox 3539 905 3626 960; x_wconf 75' lang='grc' dir='ltr'>διὰ</span> <span class='ocrx_word' id='word_1_209' title='bbox 3669 909 3780 960; x_wconf 81' lang='grc' dir='ltr'>τῶν</span> 
     </span>
    </p>
   </div>
   <div class='ocr_carea' id='block_1_31' title="bbox 2125 991 3777 1076">
    <p class='ocr_par' dir='ltr' id='par_1_31' title="bbox 2125 991 3777 1076">
     <span class='ocr_line' id='line_1_31' title="bbox 2125 991 3777 1076; baseline -0.006 -21"><span class='ocrx_word' id='word_1_210' title='bbox 2125 1001 2499 1074; x_wconf 73' lang='grc' dir='ltr'>καιριιυτάτων</span> <span class='ocrx_word' id='word_1_211' title='bbox 2546 1009 2646 1068; x_wconf 77' lang='grc' dir='ltr'>τῆς</span> <span class='ocrx_word' id='word_1_212' title='bbox 2696 1005 2879 1076; x_wconf 76' lang='grc' dir='ltr'>ψυχῆς</span> <span class='ocrx_word' id='word_1_213' title='bbox 2934 1021 3029 1054; x_wconf 86' lang='grc' dir='ltr'>σου</span> <span class='ocrx_word' id='word_1_214' title='bbox 3093 997 3299 1071; x_wconf 75' lang='grc' dir='ltr'>μελῶν.</span> <span class='ocrx_word' id='word_1_215' title='bbox 3351 991 3624 1058; x_wconf 75' lang='grc' dir='ltr'>’Ἃϐύσσος</span> <span class='ocrx_word' id='word_1_216' title='bbox 3670 996 3777 1069; x_wconf 82' lang='grc' dir='ltr'>γὰρ</span> 
     </span>
    </p>
   </div>
   <div class='ocr_carea' id='block_1_32' title="bbox 2127 1084 3777 1160">
    <p class='ocr_par' dir='ltr' id='par_1_32' title="bbox 2127 1084 3777 1160">
     <span class='ocr_line' id='line_1_32' title="bbox 2127 1084 3777 1160; baseline -0.005 -15"><span class='ocrx_word' id='word_1_217' title='bbox 2127 1089 2511 1156; x_wconf 79' lang='grc' dir='ltr'>ἀκατάληπτος</span> <span class='ocrx_word' id='word_1_218' title='bbox 2559 1089 2778 1160; x_wconf 76' lang='grc' dir='ltr'>ἀληθῶς</span> <span class='ocrx_word' id='word_1_219' title='bbox 2812 1093 2845 1158; x_wconf 76' lang='grc' dir='ltr'><strong>ἡ</strong></span> <span class='ocrx_word' id='word_1_220' title='bbox 2890 1086 3106 1160; x_wconf 75' lang='grc' dir='ltr'>καρδία.</span> <span class='ocrx_word' id='word_1_221' title='bbox 3151 1088 3211 1143; x_wconf 78' lang='grc' dir='ltr'>Εἰ</span> <span class='ocrx_word' id='word_1_222' title='bbox 3253 1088 3342 1141; x_wconf 79' lang='grc' dir='ltr'>οὖν</span> <span class='ocrx_word' id='word_1_223' title='bbox 3386 1089 3578 1140; x_wconf 80' lang='grc' dir='ltr'>τοῦτον</span> <span class='ocrx_word' id='word_1_224' title='bbox 3630 1084 3777 1137; x_wconf 84' lang='grc' dir='ltr'>ἀνεῖ-</span> 
     </span>
    </p>
   </div>
   <div class='ocr_carea' id='block_1_33' title="bbox 2130 1174 3776 1250">
    <p class='ocr_par' dir='ltr' id='par_1_33' title="bbox 2130 1174 3776 1250">
     <span class='ocr_line' id='line_1_33' title="bbox 2130 1174 3776 1250; baseline -0.007 -14"><span class='ocrx_word' id='word_1_225' title='bbox 2130 1180 2242 1249; x_wconf 65' lang='grc' dir='ltr'>λες,</span> <span class='ocrx_word' id='word_1_226' title='bbox 2291 1180 2335 1233; x_wconf 81' lang='grc' dir='ltr'>εἰ</span> <span class='ocrx_word' id='word_1_227' title='bbox 2383 1181 2483 1247; x_wconf 72' lang='grc' dir='ltr'>τὴν</span> <span class='ocrx_word' id='word_1_228' title='bbox 2538 1179 2760 1250; x_wconf 77' lang='grc' dir='ltr'>ἀνομίαν</span> <span class='ocrx_word' id='word_1_229' title='bbox 2812 1180 2912 1246; x_wconf 73' lang='grc' dir='ltr'>τὴν</span> <span class='ocrx_word' id='word_1_230' title='bbox 2958 1177 3010 1231; x_wconf 81' lang='grc' dir='ltr'>ἐν</span> <span class='ocrx_word' id='word_1_231' title='bbox 3063 1178 3144 1231; x_wconf 78' lang='grc' dir='ltr'>σοὶ</span> <span class='ocrx_word' id='word_1_232' title='bbox 3207 1180 3378 1230; x_wconf 81' lang='grc' dir='ltr'>πᾶσαν</span> <span class='ocrx_word' id='word_1_233' title='bbox 3428 1174 3776 1246; x_wconf 78' lang='grc' dir='ltr'>ἐξεκάθηρας,</span> 
     </span>
    </p>
   </div>
   <div class='ocr_carea' id='block_1_34' title="bbox 2127 1263 3776 1340">
    <p class='ocr_par' dir='ltr' id='par_1_34' title="bbox 2127 1263 3776 1340">
     <span class='ocr_line' id='line_1_34' title="bbox 2127 1263 3776 1340; baseline -0.005 -17"><span class='ocrx_word' id='word_1_234' title='bbox 2127 1271 2218 1323; x_wconf 79' lang='grc' dir='ltr'>καὶ</span> <span class='ocrx_word' id='word_1_235' title='bbox 2264 1270 2366 1335; x_wconf 74' lang='grc' dir='ltr'>τὴν</span> <span class='ocrx_word' id='word_1_236' title='bbox 2416 1270 2679 1340; x_wconf 79' lang='grc' dir='ltr'>ἁμαρτίαν</span> <span class='ocrx_word' id='word_1_237' title='bbox 2731 1263 3053 1336; x_wconf 57' lang='grc' dir='ltr'>ἐκδὲληκας,</span> <span class='ocrx_word' id='word_1_238' title='bbox 3107 1265 3383 1339; x_wconf 80' lang='grc' dir='ltr'>καύχησαι</span> <span class='ocrx_word' id='word_1_239' title='bbox 3427 1263 3552 1336; x_wconf 80' lang='grc' dir='ltr'>περὶ</span> <span class='ocrx_word' id='word_1_240' title='bbox 3608 1263 3776 1316; x_wconf 84' lang='grc' dir='ltr'>καθα-</span> 
     </span>
    </p>
   </div>
   <div class='ocr_carea' id='block_1_35' title="bbox 2130 1349 3775 1434">
    <p class='ocr_par' dir='ltr' id='par_1_35' title="bbox 2130 1349 3775 1434">
     <span class='ocr_line' id='line_1_35' title="bbox 2130 1349 3775 1434; baseline -0.004 -21"><span class='ocrx_word' id='word_1_241' title='bbox 2130 1355 2360 1434; x_wconf 77' lang='grc' dir='ltr'>ρότητος</span> <span class='ocrx_word' id='word_1_242' title='bbox 2389 1359 2439 1412; x_wconf 82' lang='grc' dir='ltr'>ἐν</span> <span class='ocrx_word' id='word_1_243' title='bbox 2475 1363 2609 1430; x_wconf 77' lang='grc' dir='ltr'>Θεῷ.</span> <span class='ocrx_word' id='word_1_244' title='bbox 2637 1359 2698 1412; x_wconf 76' lang='grc' dir='ltr'>Εἰ</span> <span class='ocrx_word' id='word_1_245' title='bbox 2730 1355 2775 1410; x_wconf 81' lang='grc' dir='ltr'>δ’</span> <span class='ocrx_word' id='word_1_246' title='bbox 2809 1356 2898 1411; x_wconf 75' lang='grc' dir='ltr'>οὖν</span> <span class='ocrx_word' id='word_1_247' title='bbox 2924 1355 3070 1410; x_wconf 84' lang='grc' dir='ltr'>ἀλλὰ</span> <span class='ocrx_word' id='word_1_248' title='bbox 3099 1355 3448 1414; x_wconf 76' lang='grc' dir='ltr'>ταπεινωθεὶς</span> <span class='ocrx_word' id='word_1_249' title='bbox 3482 1353 3556 1413; x_wconf 86' lang='grc' dir='ltr'>ὡς</span> <span class='ocrx_word' id='word_1_250' title='bbox 3587 1349 3775 1420; x_wconf 50' lang='lat' dir='ltr'>Evasi:</span> 
     </span>
    </p>
   </div>
   <div class='ocr_carea' id='block_1_36' title="bbox 2128 1439 3774 1518">
    <p class='ocr_par' dir='ltr' id='par_1_36' title="bbox 2128 1439 3774 1518">
     <span class='ocr_line' id='line_1_36' title="bbox 2128 1439 3774 1518; baseline -0.007 -15"><span class='ocrx_word' id='word_1_251' title='bbox 2128 1471 2184 1503; x_wconf 94' lang='grc' dir='ltr'>τε</span> <span class='ocrx_word' id='word_1_252' title='bbox 2223 1449 2310 1502; x_wconf 82' lang='grc' dir='ltr'>καὶ</span> <span class='ocrx_word' id='word_1_253' title='bbox 2363 1446 2689 1518; x_wconf 81' lang='grc' dir='ltr'>ἁμαρτωλὸς</span> <span class='ocrx_word' id='word_1_254' title='bbox 2736 1440 2835 1514; x_wconf 76' lang='grc' dir='ltr'>ἔτι,</span> <span class='ocrx_word' id='word_1_255' title='bbox 2887 1442 3152 1518; x_wconf 78' lang='grc' dir='ltr'>πρόσελθε</span> <span class='ocrx_word' id='word_1_256' title='bbox 3195 1444 3328 1516; x_wconf 74' lang='grc' dir='ltr'>ὑπὲρ</span> <span class='ocrx_word' id='word_1_257' title='bbox 3383 1445 3490 1496; x_wconf 79' lang='grc' dir='ltr'>τῶν</span> <span class='ocrx_word' id='word_1_258' title='bbox 3532 1439 3774 1518; x_wconf 72' lang='grc' dir='ltr'>κρυφίων</span> 
     </span>
    </p>
   </div>
   <div class='ocr_carea' id='block_1_37' title="bbox 2130 1529 3775 1609">
    <p class='ocr_par' dir='ltr' id='par_1_37' title="bbox 2130 1529 3775 1609">
     <span class='ocr_line' id='line_1_37' title="bbox 2130 1529 3775 1609; baseline -0.005 -18"><span class='ocrx_word' id='word_1_259' title='bbox 2130 1558 2223 1592; x_wconf 86' lang='grc' dir='ltr'>σου</span> <span class='ocrx_word' id='word_1_260' title='bbox 2256 1537 2506 1608; x_wconf 80' lang='grc' dir='ltr'>δεόμενος</span> <span class='ocrx_word' id='word_1_261' title='bbox 2537 1540 2632 1589; x_wconf 76' lang='grc' dir='ltr'>τοῦ</span> <span class='ocrx_word' id='word_1_262' title='bbox 2672 1538 2904 1609; x_wconf 77' lang='grc' dir='ltr'>Χριστοῦ</span> <span class='ocrx_word' id='word_1_263' title='bbox 2938 1555 2949 1565; x_wconf 72' lang='grc' dir='ltr'>ο</span> <span class='ocrx_word' id='word_1_264' title='bbox 2983 1538 3127 1588; x_wconf 73' lang='grc' dir='ltr'>πᾶσα</span> <span class='ocrx_word' id='word_1_265' title='bbox 3167 1532 3269 1608; x_wconf 71' lang='grc' dir='ltr'>γὰρ</span> <span class='ocrx_word' id='word_1_266' title='bbox 3308 1529 3516 1586; x_wconf 82' lang='grc' dir='ltr'>παλαιά</span> <span class='ocrx_word' id='word_1_267' title='bbox 3562 1530 3650 1583; x_wconf 80' lang='grc' dir='ltr'>καὶ</span> <span class='ocrx_word' id='word_1_268' title='bbox 3681 1531 3775 1583; x_wconf 79' lang='grc' dir='ltr'>νὲα</span> 
     </span>
    </p>
   </div>
   <div class='ocr_carea' id='block_1_38' title="bbox 2130 1618 3771 1702">
    <p class='ocr_par' dir='ltr' id='par_1_38' title="bbox 2130 1618 3771 1702">
     <span class='ocr_line' id='line_1_38' title="bbox 2130 1618 3771 1702; baseline -0.004 -23"><span class='ocrx_word' id='word_1_269' title='bbox 2130 1628 2311 1702; x_wconf 71' lang='grc' dir='ltr'>Γραφὴ</span> <span class='ocrx_word' id='word_1_270' title='bbox 2364 1625 2486 1699; x_wconf 79' lang='grc' dir='ltr'>περὶ</span> <span class='ocrx_word' id='word_1_271' title='bbox 2535 1625 2902 1698; x_wconf 82' lang='grc' dir='ltr'>καθαρότητος</span> <span class='ocrx_word' id='word_1_272' title='bbox 2951 1625 3193 1700; x_wconf 73' lang='grc' dir='ltr'>φαίνεται</span> <span class='ocrx_word' id='word_1_273' title='bbox 3245 1618 3638 1694; x_wconf 71' lang='grc' dir='ltr'>διαλεγομένη,</span> <span class='ocrx_word' id='word_1_274' title='bbox 3677 1619 3771 1673; x_wconf 81' lang='grc' dir='ltr'>καὶ</span> 
     </span>
    </p>
   </div>
   <div class='ocr_carea' id='block_1_39' title="bbox 2127 1709 3769 1789">
    <p class='ocr_par' dir='ltr' id='par_1_39' title="bbox 2127 1709 3769 1789">
     <span class='ocr_line' id='line_1_39' title="bbox 2127 1709 3769 1789; baseline -0.004 -21"><span class='ocrx_word' id='word_1_275' title='bbox 2127 1715 2286 1770; x_wconf 85' lang='grc' dir='ltr'>παντὶ</span> <span class='ocrx_word' id='word_1_276' title='bbox 2333 1715 2598 1789; x_wconf 81' lang='grc' dir='ltr'>ἀνθρώπῳ</span> <span class='ocrx_word' id='word_1_277' title='bbox 2645 1719 2735 1767; x_wconf 86' lang='grc' dir='ltr'><strong>καί</strong></span> <span class='ocrx_word' id='word_1_278' title='bbox 2776 1711 3024 1784; x_wconf 75' lang='grc' dir='ltr'>Ἰουδαίῳ</span> <span class='ocrx_word' id='word_1_279' title='bbox 3073 1715 3161 1766; x_wconf 76' lang='grc' dir='ltr'>καὶ</span> <span class='ocrx_word' id='word_1_280' title='bbox 3212 1709 3452 1778; x_wconf 78' lang='grc' dir='ltr'>Ἕλληνι</span> <span class='ocrx_word' id='word_1_281' title='bbox 3502 1710 3769 1784; x_wconf 76' lang='grc' dir='ltr'>ἐπέραστα</span> 
     </span>
    </p>
   </div>
   <div class='ocr_carea' id='block_1_40' title="bbox 2047 1797 3770 1902">
    <p class='ocr_par' dir='ltr' id='par_1_40' title="bbox 2047 1797 3770 1902">
     <span class='ocr_line' id='line_1_40' title="bbox 2047 1797 3770 1902; baseline -0.003 -45"><span class='ocrx_word' id='word_1_282' title='bbox 2047 1838 2092 1902; x_wconf 84' lang='grc' dir='ltr'><strong>Β</strong></span> <span class='ocrx_word' id='word_1_283' title='bbox 2124 1805 2188 1859; x_wconf 78' lang='grc' dir='ltr'>τὰ</span> <span class='ocrx_word' id='word_1_284' title='bbox 2227 1811 2326 1872; x_wconf 81' lang='grc' dir='ltr'>τῆς</span> <span class='ocrx_word' id='word_1_285' title='bbox 2373 1803 2765 1876; x_wconf 83' lang='grc' dir='ltr'>καθαρότητος,</span> <span class='ocrx_word' id='word_1_286' title='bbox 2815 1802 2908 1856; x_wconf 70' lang='grc' dir='ltr'>κᾶν</span> <span class='ocrx_word' id='word_1_287' title='bbox 2959 1803 3035 1873; x_wconf 83' lang='grc' dir='ltr'>μή</span> <span class='ocrx_word' id='word_1_288' title='bbox 3086 1802 3244 1854; x_wconf 77' lang='grc' dir='ltr'>πάσιν</span> <span class='ocrx_word' id='word_1_289' title='bbox 3286 1800 3520 1871; x_wconf 86' lang='grc' dir='ltr'>ἀνύσιμα</span> <span class='ocrx_word' id='word_1_290' title='bbox 3555 1818 3566 1829; x_wconf 91' lang='grc'><strong>·</strong></span> <span class='ocrx_word' id='word_1_291' title='bbox 3619 1797 3770 1872; x_wconf 78' lang='grc' dir='ltr'>γενέ-</span> 
     </span>
    </p>
   </div>
   <div class='ocr_carea' id='block_1_41' title="bbox 2127 1888 3764 1968">
    <p class='ocr_par' dir='ltr' id='par_1_41' title="bbox 2127 1888 3764 1968">
     <span class='ocr_line' id='line_1_41' title="bbox 2127 1888 3764 1968; baseline -0.004 -20"><span class='ocrx_word' id='word_1_292' title='bbox 2127 1897 2246 1948; x_wconf 89' lang='grc' dir='ltr'>σθαι</span> <span class='ocrx_word' id='word_1_293' title='bbox 2291 1893 2347 1948; x_wconf 78' lang='grc' dir='ltr'>δὲ</span> <span class='ocrx_word' id='word_1_294' title='bbox 2392 1898 2577 1957; x_wconf 73' lang='grc' dir='ltr'>τοῦτο,</span> <span class='ocrx_word' id='word_1_295' title='bbox 2625 1894 2724 1960; x_wconf 80' lang='grc' dir='ltr'>τὴν</span> <span class='ocrx_word' id='word_1_296' title='bbox 2771 1899 2869 1959; x_wconf 83' lang='grc' dir='ltr'>τῆς</span> <span class='ocrx_word' id='word_1_297' title='bbox 2921 1889 3141 1960; x_wconf 77' lang='grc' dir='ltr'>καρδίας</span> <span class='ocrx_word' id='word_1_298' title='bbox 3199 1889 3344 1968; x_wconf 69' lang='grc' dir='ltr'>φημὶ</span> <span class='ocrx_word' id='word_1_299' title='bbox 3397 1888 3764 1962; x_wconf 68' lang='grc' dir='ltr'>καθαρότητα,</span> 
     </span>
    </p>
   </div>
   <div class='ocr_carea' id='block_1_42' title="bbox 2128 1976 3770 2051">
    <p class='ocr_par' dir='ltr' id='par_1_42' title="bbox 2128 1976 3770 2051">
     <span class='ocr_line' id='line_1_42' title="bbox 2128 1976 3770 2051; baseline -0.003 -15"><span class='ocrx_word' id='word_1_300' title='bbox 2128 1983 2188 2036; x_wconf 74' lang='grc' dir='ltr'>ού</span> <span class='ocrx_word' id='word_1_301' title='bbox 2221 1980 2442 2036; x_wconf 79' lang='grc' dir='ltr'>δυνατὸν</span> <span class='ocrx_word' id='word_1_302' title='bbox 2488 1980 2698 2050; x_wconf 78' lang='grc' dir='ltr'>ἄλλως,</span> <span class='ocrx_word' id='word_1_303' title='bbox 2732 1979 2815 2034; x_wconf 78' lang='grc' dir='ltr'>ὅτι</span> <span class='ocrx_word' id='word_1_304' title='bbox 2869 1981 2944 2051; x_wconf 81' lang='grc' dir='ltr'>μή</span> <span class='ocrx_word' id='word_1_305' title='bbox 2997 1976 3083 2033; x_wconf 78' lang='grc' dir='ltr'>δια</span> <span class='ocrx_word' id='word_1_306' title='bbox 3123 1981 3307 2048; x_wconf 85' lang='grc' dir='ltr'>Ἰησοῦ</span> <span class='ocrx_word' id='word_1_307' title='bbox 3359 1979 3528 2050; x_wconf 73' lang='grc' dir='ltr'>μόνου</span> <span class='ocrx_word' id='word_1_308' title='bbox 3562 1994 3574 2006; x_wconf 94' lang='grc'><strong>·</strong></span> <span class='ocrx_word' id='word_1_309' title='bbox 3609 1977 3770 2038; x_wconf 77' lang='grc' dir='ltr'>αὐτὸς</span> 
     </span>
    </p>
   </div>
   <div class='ocr_carea' id='block_1_43' title="bbox 2125 2063 3774 2146">
    <p class='ocr_par' dir='ltr' id='par_1_43' title="bbox 2125 2063 3774 2146">
     <span class='ocr_line' id='line_1_43' title="bbox 2125 2063 3774 2146; baseline -0.004 -21"><span class='ocrx_word' id='word_1_310' title='bbox 2125 2073 2230 2146; x_wconf 73' lang='grc' dir='ltr'>γᾶρ</span> <span class='ocrx_word' id='word_1_311' title='bbox 2260 2075 2294 2140; x_wconf 80' lang='grc' dir='ltr'>ἡ</span> <span class='ocrx_word' id='word_1_312' title='bbox 2337 2070 2698 2130; x_wconf 76' lang='grc' dir='ltr'>ἐνύπόστατός</span> <span class='ocrx_word' id='word_1_313' title='bbox 2729 2089 2786 2122; x_wconf 87' lang='grc' dir='ltr'>τε</span> <span class='ocrx_word' id='word_1_314' title='bbox 2832 2069 2921 2122; x_wconf 85' lang='grc' dir='ltr'>καὶ</span> <span class='ocrx_word' id='word_1_315' title='bbox 2955 2068 3127 2131; x_wconf 85' lang='grc' dir='ltr'>ὄντως</span> <span class='ocrx_word' id='word_1_316' title='bbox 3173 2066 3406 2136; x_wconf 69' lang='grc' dir='ltr'>ἀλήθεια</span> <span class='ocrx_word' id='word_1_317' title='bbox 3443 2086 3455 2098; x_wconf 93' lang='grc'><strong>·</strong></span> <span class='ocrx_word' id='word_1_318' title='bbox 3509 2065 3599 2121; x_wconf 79' lang='grc' dir='ltr'>καὶ</span> <span class='ocrx_word' id='word_1_319' title='bbox 3643 2063 3774 2140; x_wconf 80' lang='grc' dir='ltr'>δίχα</span> 
     </span>
    </p>
   </div>
   <div class='ocr_carea' id='block_1_44' title="bbox 2124 2155 3772 2231">
    <p class='ocr_par' dir='ltr' id='par_1_44' title="bbox 2124 2155 3772 2231">
     <span class='ocr_line' id='line_1_44' title="bbox 2124 2155 3772 2231; baseline -0.005 -16"><span class='ocrx_word' id='word_1_320' title='bbox 2124 2161 2326 2228; x_wconf 80' lang='grc' dir='ltr'>ταύτης</span> <span class='ocrx_word' id='word_1_321' title='bbox 2368 2167 2466 2227; x_wconf 74' lang='grc' dir='ltr'>τῆς</span> <span class='ocrx_word' id='word_1_322' title='bbox 2497 2157 2753 2228; x_wconf 81' lang='grc' dir='ltr'>ἀληθείας</span> <span class='ocrx_word' id='word_1_323' title='bbox 2804 2155 3181 2231; x_wconf 74' lang='grc' dir='ltr'>ἀμήχανον,ἢ</span> <span class='ocrx_word' id='word_1_324' title='bbox 3234 2155 3494 2225; x_wconf 75' lang='grc' dir='ltr'>ἀλήθειαν</span> <span class='ocrx_word' id='word_1_325' title='bbox 3546 2158 3772 2229; x_wconf 80' lang='grc' dir='ltr'>γνῶναι,</span> 
     </span>
    </p>
   </div>
   <div class='ocr_carea' id='block_1_45' title="bbox 2127 2247 2802 2323">
    <p class='ocr_par' dir='ltr' id='par_1_45' title="bbox 2127 2247 2802 2323">
     <span class='ocr_line' id='line_1_45' title="bbox 2127 2247 2802 2323; baseline -0.001 -20"><span class='ocrx_word' id='word_1_326' title='bbox 2127 2253 2161 2320; x_wconf 78' lang='grc' dir='ltr'><strong>ἢ</strong></span> <span class='ocrx_word' id='word_1_327' title='bbox 2195 2250 2469 2323; x_wconf 84' lang='grc' dir='ltr'>σωτηρίας</span> <span class='ocrx_word' id='word_1_328' title='bbox 2502 2247 2802 2321; x_wconf 81' lang='grc' dir='ltr'>ἐπιτυχεῖν.</span> 
     </span>
    </p>
   </div>
   <div class='ocr_carea' id='block_1_46' title="bbox 912 2671 3227 2806">
    <p class='ocr_par' dir='ltr' id='par_1_46' title="bbox 912 2671 3227 2806">
     <span class='ocr_line' id='line_1_46' title="bbox 912 2671 3227 2806; baseline 0.001 -7"><span class='ocrx_word' id='word_1_329' title='bbox 912 2671 1845 2804; x_wconf 84' lang='grc' dir='ltr'>ΜΑΚΑΡΙΟΥ</span> <span class='ocrx_word' id='word_1_330' title='bbox 1943 2677 2291 2806; x_wconf 88' lang='grc' dir='ltr'>ΤΟΥ</span> <span class='ocrx_word' id='word_1_331' title='bbox 2394 2673 3227 2803; x_wconf 84' lang='grc' dir='ltr'><strong>ΜΕΓΑΛΟΥ</strong></span> 
     </span>
    </p>
   </div>
   <div class='ocr_carea' id='block_1_47' title="bbox 1627 2933 2510 3031">
    <p class='ocr_par' dir='ltr' id='par_1_47' title="bbox 1627 2933 2510 3031">
     <span class='ocr_line' id='line_1_47' title="bbox 1627 2933 2510 3031; baseline 0.001 -1"><span class='ocrx_word' id='word_1_332' title='bbox 1627 2934 1926 3031; x_wconf 87' lang='grc' dir='ltr'>ΠΕΡΙ</span> <span class='ocrx_word' id='word_1_333' title='bbox 2008 2933 2510 3031; x_wconf 82' lang='grc' dir='ltr'>ΑΓΑΠΗΣ</span> 
     </span>
    </p>
   </div>
   <div class='ocr_carea' id='block_1_48' title="bbox 1962 3140 2200 3191">
    <p class='ocr_par' dir='ltr' id='par_1_48' title="bbox 1962 3140 2200 3191">
     <span class='ocr_line' id='line_1_48' title="bbox 1962 3140 2200 3191; baseline 0 -1"><span class='ocrx_word' id='word_1_334' title='bbox 1962 3140 2200 3191; x_wconf 88' lang='grc' dir='ltr'><strong>ΛΟΓΟΣ.</strong></span> 
     </span>
    </p>
   </div>
   <div class='ocr_carea' id='block_1_49' title="bbox 1118 3463 2021 3625">
    <p class='ocr_par' dir='ltr' id='par_1_49' title="bbox 1118 3463 2021 3620">
     <span class='ocr_line' id='line_1_49' title="bbox 1118 3463 2021 3620; baseline 0.004 -4"><span class='ocrx_word' id='word_1_335' title='bbox 1118 3463 1283 3524; x_wconf 76' lang='grc'>¹⁹⁷</span> <span class='ocrx_word' id='word_1_336' title='bbox 1351 3469 2021 3620; x_wconf 75' lang='lat' dir='ltr'><strong>MAGAI</strong></span> 
     </span>
    </p>
   </div>
   <div class='ocr_carea' id='block_1_50' title="bbox 2134 3463 3039 3625">
    <p class='ocr_par' dir='ltr' id='par_1_50' title="bbox 2134 3472 3039 3625">
     <span class='ocr_line' id='line_1_50' title="bbox 2134 3472 3039 3625; baseline 0.004 -4"><span class='ocrx_word' id='word_1_337' title='bbox 2134 3472 2248 3621; x_wconf 88' lang='grc' dir='ltr'>[Ι</span> <span class='ocrx_word' id='word_1_338' title='bbox 2361 3474 3039 3625; x_wconf 85' lang='lat' dir='ltr'>MAGNI</span> 
     </span>
    </p>
   </div>
   <div class='ocr_carea' id='block_1_51' title="bbox 1639 3742 2503 3850">
    <p class='ocr_par' dir='ltr' id='par_1_51' title="bbox 1639 3742 2503 3850">
     <span class='ocr_line' id='line_1_51' title="bbox 1639 3742 2503 3850; baseline 0.005 -4"><span class='ocrx_word' id='word_1_339' title='bbox 1639 3742 1782 3846; x_wconf 87' lang='lat' dir='ltr'><strong>DE</strong></span> <span class='ocrx_word' id='word_1_340' title='bbox 1859 3745 2503 3850; x_wconf 82' lang='lat' dir='ltr'>CHARITATE</span> 
     </span>
    </p>
   </div>
   <div class='ocr_carea' id='block_1_52' title="bbox 1938 3949 2192 4012">
    <p class='ocr_par' dir='ltr' id='par_1_52' title="bbox 1938 3949 2192 4012">
     <span class='ocr_line' id='line_1_52' title="bbox 1938 3949 2192 4012; baseline -0.008 -1"><span class='ocrx_word' id='word_1_341' title='bbox 1938 3949 2192 4012; x_wconf 81' lang='lat' dir='ltr'>LIBER.</span> 
     </span>
    </p>
   </div>
   <div class='ocr_carea' id='block_1_53' title="bbox 394 4257 2103 4336">
    <p class='ocr_par' dir='ltr' id='par_1_53' title="bbox 394 4257 2103 4336">
     <span class='ocr_line' id='line_1_53' title="bbox 394 4257 2103 4336; baseline 0.001 -24"><span class='ocrx_word' id='word_1_342' title='bbox 394 4259 436 4313; x_wconf 92' lang='grc' dir='ltr'><strong>Ι.</strong></span> <span class='ocrx_word' id='word_1_343' title='bbox 482 4257 642 4312; x_wconf 86' lang='lat' dir='ltr'>Sicut</span> <span class='ocrx_word' id='word_1_344' title='bbox 688 4258 744 4312; x_wconf 90' lang='lat' dir='ltr'>in</span> <span class='ocrx_word' id='word_1_345' title='bbox 798 4258 954 4314; x_wconf 85' lang='lat' dir='ltr'>hisce</span> <span class='ocrx_word' id='word_1_346' title='bbox 1000 4261 1440 4331; x_wconf 86' lang='lat' dir='ltr'>apparentibus,</span> <span class='ocrx_word' id='word_1_347' title='bbox 1492 4264 1761 4318; x_wconf 82' lang='lat' dir='ltr'>exteriori</span> <span class='ocrx_word' id='word_1_348' title='bbox 1804 4265 2024 4320; x_wconf 89' lang='lat' dir='ltr'>homini</span> <span class='ocrx_word' id='word_1_349' title='bbox 2063 4272 2103 4336; x_wconf 63' lang='grc' dir='ltr'>(ς</span> 
     </span>
    </p>
   </div>
   <div class='ocr_carea' id='block_1_54' title="bbox 323 4349 2029 4424">
    <p class='ocr_par' dir='ltr' id='par_1_54' title="bbox 323 4349 2029 4424">
     <span class='ocr_line' id='line_1_54' title="bbox 323 4349 2029 4424; baseline 0.008 -24"><span class='ocrx_word' id='word_1_350' title='bbox 323 4349 691 4408; x_wconf 86' lang='lat' dir='ltr'>renuntiasti.</span> <span class='ocrx_word' id='word_1_351' title='bbox 743 4349 993 4415; x_wconf 78' lang='lat' dir='ltr'>erogasti</span> <span class='ocrx_word' id='word_1_352' title='bbox 1045 4356 1100 4405; x_wconf 84' lang='lat' dir='ltr'>et</span> <span class='ocrx_word' id='word_1_353' title='bbox 1147 4350 1501 4406; x_wconf 84' lang='lat' dir='ltr'>distribuisti</span> <span class='ocrx_word' id='word_1_354' title='bbox 1536 4370 1628 4408; x_wconf 88' lang='lat' dir='ltr'>res</span> <span class='ocrx_word' id='word_1_355' title='bbox 1661 4360 1819 4424; x_wconf 87' lang='lat' dir='ltr'>tuas;</span> <span class='ocrx_word' id='word_1_356' title='bbox 1861 4357 1946 4414; x_wconf 90' lang='lat' dir='ltr'>sic</span> <span class='ocrx_word' id='word_1_357' title='bbox 1976 4368 2029 4413; x_wconf 89' lang='lat' dir='ltr'>et</span> 
     </span>
    </p>
   </div>
   <div class='ocr_carea' id='block_1_55' title="bbox 325 4437 2028 4514">
    <p class='ocr_par' dir='ltr' id='par_1_55' title="bbox 325 4437 2028 4514">
     <span class='ocr_line' id='line_1_55' title="bbox 325 4437 2028 4514; baseline 0.008 -24"><span class='ocrx_word' id='word_1_358' title='bbox 325 4437 662 4490; x_wconf 84' lang='lat' dir='ltr'>renuntiare</span> <span class='ocrx_word' id='word_1_359' title='bbox 709 4443 762 4491; x_wconf 89' lang='lat' dir='ltr'>te</span> <span class='ocrx_word' id='word_1_360' title='bbox 814 4455 926 4508; x_wconf 76' lang='lat' dir='ltr'>pres</span> <span class='ocrx_word' id='word_1_361' title='bbox 975 4441 1456 4509; x_wconf 83' lang='lat' dir='ltr'>occupationibus</span> <span class='ocrx_word' id='word_1_362' title='bbox 1509 4450 1702 4514; x_wconf 85' lang='lat' dir='ltr'>pravis</span> <span class='ocrx_word' id='word_1_363' title='bbox 1733 4445 1889 4501; x_wconf 89' lang='lat' dir='ltr'>circa</span> <span class='ocrx_word' id='word_1_364' title='bbox 1939 4466 2028 4504; x_wconf 84' lang='lat' dir='ltr'>res</span> 
     </span>
    </p>
   </div>
   <div class='ocr_carea' id='block_1_56' title="bbox 325 4529 2030 4599">
    <p class='ocr_par' dir='ltr' id='par_1_56' title="bbox 325 4529 2030 4599">
     <span class='ocr_line' id='line_1_56' title="bbox 325 4529 2030 4599; baseline 0.007 -20"><span class='ocrx_word' id='word_1_365' title='bbox 325 4541 553 4579; x_wconf 90' lang='lat' dir='ltr'>morum</span> <span class='ocrx_word' id='word_1_366' title='bbox 599 4532 825 4596; x_wconf 85' lang='lat' dir='ltr'>oportet</span> <span class='ocrx_word' id='word_1_367' title='bbox 873 4543 885 4580; x_wconf 92' lang='lat'><strong>:</strong></span> <span class='ocrx_word' id='word_1_368' title='bbox 937 4531 991 4581; x_wconf 87' lang='lat' dir='ltr'>et</span> <span class='ocrx_word' id='word_1_369' title='bbox 1045 4529 1089 4581; x_wconf 88' lang='lat' dir='ltr'>si</span> <span class='ocrx_word' id='word_1_370' title='bbox 1134 4530 1470 4599; x_wconf 84' lang='lat' dir='ltr'>sapientiam</span> <span class='ocrx_word' id='word_1_371' title='bbox 1519 4533 1774 4588; x_wconf 79' lang='lat' dir='ltr'>didicisti</span> <span class='ocrx_word' id='word_1_372' title='bbox 1838 4552 2030 4590; x_wconf 88' lang='lat' dir='ltr'>carna-</span> 
     </span>
    </p>
   </div>
   <div class='ocr_carea' id='block_1_57' title="bbox 324 4615 2033 4693">
    <p class='ocr_par' dir='ltr' id='par_1_57' title="bbox 324 4615 2033 4693">
     <span class='ocr_line' id='line_1_57' title="bbox 324 4615 2033 4693; baseline 0.006 -23"><span class='ocrx_word' id='word_1_373' title='bbox 324 4615 453 4682; x_wconf 89' lang='lat' dir='ltr'>lem,</span> <span class='ocrx_word' id='word_1_374' title='bbox 507 4621 606 4670; x_wconf 87' lang='lat' dir='ltr'>aut</span> <span class='ocrx_word' id='word_1_375' title='bbox 652 4618 1043 4686; x_wconf 83' lang='lat' dir='ltr'>cognitionem</span> <span class='ocrx_word' id='word_1_376' title='bbox 1107 4633 1164 4672; x_wconf 87' lang='lat' dir='ltr'>es</span> <span class='ocrx_word' id='word_1_377' title='bbox 1223 4623 1466 4690; x_wconf 81' lang='lat' dir='ltr'>adeptus</span> <span class='ocrx_word' id='word_1_378' title='bbox 1539 4623 1924 4693; x_wconf 84' lang='lat' dir='ltr'>negotiorum,</span> <span class='ocrx_word' id='word_1_379' title='bbox 1976 4634 2033 4682; x_wconf 86' lang='lat' dir='ltr'>et</span> 
     </span>
    </p>
   </div>
   <div class='ocr_carea' id='block_1_58' title="bbox 325 4705 2028 4775">
    <p class='ocr_par' dir='ltr' id='par_1_58' title="bbox 325 4705 2028 4775">
     <span class='ocr_line' id='line_1_58' title="bbox 325 4705 2028 4775; baseline 0.006 -16"><span class='ocrx_word' id='word_1_380' title='bbox 325 4705 471 4760; x_wconf 88' lang='lat' dir='ltr'>hanc</span> <span class='ocrx_word' id='word_1_381' title='bbox 513 4706 736 4760; x_wconf 87' lang='lat' dir='ltr'>abdica.</span> <span class='ocrx_word' id='word_1_382' title='bbox 790 4707 848 4761; x_wconf 92' lang='lat' dir='ltr'>Si</span> <span class='ocrx_word' id='word_1_383' title='bbox 901 4708 1428 4775; x_wconf 77' lang='lat' dir='ltr'>justiﬁcationibus</span> <span class='ocrx_word' id='word_1_384' title='bbox 1472 4714 1809 4767; x_wconf 86' lang='lat' dir='ltr'>carnalibus</span> <span class='ocrx_word' id='word_1_385' title='bbox 1836 4716 2028 4768; x_wconf 85' lang='lat' dir='ltr'>confi-</span> 
     </span>
    </p>
   </div>
   <div class='ocr_carea' id='block_1_59' title="bbox 324 4795 2030 4873">
    <p class='ocr_par' dir='ltr' id='par_1_59' title="bbox 324 4795 2030 4873">
     <span class='ocr_line' id='line_1_59' title="bbox 324 4795 2030 4873; baseline 0.006 -23"><span class='ocrx_word' id='word_1_386' title='bbox 324 4795 430 4862; x_wconf 88' lang='lat' dir='ltr'>dis,</span> <span class='ocrx_word' id='word_1_387' title='bbox 487 4799 558 4850; x_wconf 90' lang='lat' dir='ltr'>ab</span> <span class='ocrx_word' id='word_1_388' title='bbox 599 4797 690 4850; x_wconf 88' lang='lat' dir='ltr'>his</span> <span class='ocrx_word' id='word_1_389' title='bbox 735 4814 963 4870; x_wconf 88' lang='lat' dir='ltr'>quoque</span> <span class='ocrx_word' id='word_1_390' title='bbox 1011 4800 1249 4866; x_wconf 85' lang='lat' dir='ltr'>absiste,</span> <span class='ocrx_word' id='word_1_391' title='bbox 1285 4801 1606 4856; x_wconf 88' lang='lat' dir='ltr'>humilians</span> <span class='ocrx_word' id='word_1_392' title='bbox 1640 4808 1697 4858; x_wconf 87' lang='lat' dir='ltr'>te</span> <span class='ocrx_word' id='word_1_393' title='bbox 1747 4803 1939 4873; x_wconf 90' lang='lat' dir='ltr'>ipsum</span> <span class='ocrx_word' id='word_1_394' title='bbox 1975 4810 2030 4860; x_wconf 88' lang='lat' dir='ltr'>et</span> 
     </span>
    </p>
   </div>
   <div class='ocr_carea' id='block_1_60' title="bbox 324 4883 2030 4963">
    <p class='ocr_par' dir='ltr' id='par_1_60' title="bbox 324 4883 2030 4963">
     <span class='ocr_line' id='line_1_60' title="bbox 324 4883 2030 4963; baseline 0.008 -26"><span class='ocrx_word' id='word_1_395' title='bbox 324 4883 383 4938; x_wconf 89' lang='lat' dir='ltr'>in</span> <span class='ocrx_word' id='word_1_396' title='bbox 419 4900 660 4952; x_wconf 86' lang='lat' dir='ltr'>parvum</span> <span class='ocrx_word' id='word_1_397' title='bbox 709 4888 1080 4943; x_wconf 87' lang='lat' dir='ltr'>contrahens.</span> <span class='ocrx_word' id='word_1_398' title='bbox 1134 4890 1227 4944; x_wconf 91' lang='lat' dir='ltr'>Sic</span> <span class='ocrx_word' id='word_1_399' title='bbox 1259 4891 1413 4945; x_wconf 88' lang='lat' dir='ltr'>enim</span> <span class='ocrx_word' id='word_1_400' title='bbox 1464 4893 1706 4948; x_wconf 78' lang='lat' dir='ltr'>stultitia</span> <span class='ocrx_word' id='word_1_401' title='bbox 1754 4895 2030 4963; x_wconf 70' lang='lat' dir='ltr'>praedica—</span> 
     </span>
    </p>
   </div>
   <div class='ocr_carea' id='block_1_61' title="bbox 325 4972 2027 5050">
    <p class='ocr_par' dir='ltr' id='par_1_61' title="bbox 325 4972 2027 5050">
     <span class='ocr_line' id='line_1_61' title="bbox 325 4972 2027 5050; baseline 0.006 -22"><span class='ocrx_word' id='word_1_402' title='bbox 325 4972 528 5028; x_wconf 73' lang='lat' dir='ltr'>tionis‘</span> <span class='ocrx_word' id='word_1_403' title='bbox 565 4975 857 5043; x_wconf 86' lang='lat' dir='ltr'>percipere</span> <span class='ocrx_word' id='word_1_404' title='bbox 904 4977 1226 5032; x_wconf 85' lang='lat' dir='ltr'>doctrinam</span> <span class='ocrx_word' id='word_1_405' title='bbox 1267 4981 1499 5050; x_wconf 87' lang='lat' dir='ltr'>poteris.</span> <span class='ocrx_word' id='word_1_406' title='bbox 1559 4981 1619 5035; x_wconf 91' lang='lat' dir='ltr'>In</span> <span class='ocrx_word' id='word_1_407' title='bbox 1673 4981 1780 5037; x_wconf 86' lang='lat' dir='ltr'>hac</span> <span class='ocrx_word' id='word_1_408' title='bbox 1830 4989 2027 5039; x_wconf 86' lang='lat' dir='ltr'>autem</span> 
     </span>
    </p>
   </div>
   <div class='ocr_carea' id='block_1_62' title="bbox 323 5060 2026 5135">
    <p class='ocr_par' dir='ltr' id='par_1_62' title="bbox 323 5060 2026 5135">
     <span class='ocr_line' id='line_1_62' title="bbox 323 5060 2026 5135; baseline 0.008 -19"><span class='ocrx_word' id='word_1_409' title='bbox 323 5077 517 5117; x_wconf 86' lang='lat' dir='ltr'>veram</span> <span class='ocrx_word' id='word_1_410' title='bbox 558 5060 815 5117; x_wconf 82' lang='lat' dir='ltr'>invenies</span> <span class='ocrx_word' id='word_1_411' title='bbox 846 5064 1190 5135; x_wconf 85' lang='lat' dir='ltr'>sapientiam</span> <span class='ocrx_word' id='word_1_412' title='bbox 1227 5086 1240 5135; x_wconf 90' lang='lat'><strong>;</strong></span> <span class='ocrx_word' id='word_1_413' title='bbox 1279 5085 1390 5122; x_wconf 91' lang='lat' dir='ltr'>non</span> <span class='ocrx_word' id='word_1_414' title='bbox 1433 5071 1492 5123; x_wconf 93' lang='lat' dir='ltr'>in</span> <span class='ocrx_word' id='word_1_415' title='bbox 1524 5073 1896 5127; x_wconf 87' lang='lat' dir='ltr'>sermonibus</span> <span class='ocrx_word' id='word_1_416' title='bbox 1928 5090 2026 5129; x_wconf 81' lang='lat' dir='ltr'>ex-</span> 
     </span>
    </p>
   </div>
   <div class='ocr_carea' id='block_1_63' title="bbox 327 5151 2028 5230">
    <p class='ocr_par' dir='ltr' id='par_1_63' title="bbox 327 5151 2028 5230">
     <span class='ocr_line' id='line_1_63' title="bbox 327 5151 2028 5230; baseline 0.01 -31"><span class='ocrx_word' id='word_1_417' title='bbox 327 5151 536 5222; x_wconf 81' lang='lat' dir='ltr'>quisite</span> <span class='ocrx_word' id='word_1_418' title='bbox 583 5151 825 5215; x_wconf 75' lang='lat' dir='ltr'>ornatis,</span> <span class='ocrx_word' id='word_1_419' title='bbox 868 5155 967 5206; x_wconf 89' lang='lat' dir='ltr'>sed</span> <span class='ocrx_word' id='word_1_420' title='bbox 1020 5155 1074 5208; x_wconf 92' lang='lat' dir='ltr'>in</span> <span class='ocrx_word' id='word_1_421' title='bbox 1142 5158 1334 5211; x_wconf 78' lang='lat' dir='ltr'>crucis</span> <span class='ocrx_word' id='word_1_422' title='bbox 1399 5159 1628 5213; x_wconf 87' lang='lat' dir='ltr'>virtute.</span> <span class='ocrx_word' id='word_1_423' title='bbox 1699 5161 1800 5216; x_wconf 85' lang='lat' dir='ltr'>His</span> <span class='ocrx_word' id='word_1_424' title='bbox 1856 5162 2028 5230; x_wconf 85' lang='lat' dir='ltr'>quasi</span> 
     </span>
    </p>
   </div>
   <div class='ocr_carea' id='block_1_64' title="bbox 324 5240 2024 5320">
    <p class='ocr_par' dir='ltr' id='par_1_64' title="bbox 324 5240 2024 5320">
     <span class='ocr_line' id='line_1_64' title="bbox 324 5240 2024 5320; baseline 0.004 -24"><span class='ocrx_word' id='word_1_425' title='bbox 324 5240 654 5297; x_wconf 86' lang='lat' dir='ltr'>elaboratus</span> <span class='ocrx_word' id='word_1_426' title='bbox 686 5241 1091 5297; x_wconf 86' lang='lat' dir='ltr'>transcriberis</span> <span class='ocrx_word' id='word_1_427' title='bbox 1141 5244 1197 5298; x_wconf 91' lang='lat' dir='ltr'>in</span> <span class='ocrx_word' id='word_1_428' title='bbox 1248 5253 1464 5302; x_wconf 83' lang='lat' dir='ltr'>sortem</span> <span class='ocrx_word' id='word_1_429' title='bbox 1522 5265 1746 5316; x_wconf 84' lang='lat' dir='ltr'>eorum,</span> <span class='ocrx_word' id='word_1_430' title='bbox 1809 5251 2024 5320; x_wconf 83' lang='lat' dir='ltr'>quidi-</span> 
     </span>
    </p>
   </div>
   <div class='ocr_carea' id='block_1_65' title="bbox 323 5331 2026 5406">
    <p class='ocr_par' dir='ltr' id='par_1_65' title="bbox 323 5331 2026 5406">
     <span class='ocr_line' id='line_1_65' title="bbox 323 5331 2026 5406; baseline 0.005 -18"><span class='ocrx_word' id='word_1_431' title='bbox 323 5331 423 5404; x_wconf 82' lang='lat' dir='ltr'>gni</span> <span class='ocrx_word' id='word_1_432' title='bbox 454 5331 640 5388; x_wconf 86' lang='lat' dir='ltr'>habiti</span> <span class='ocrx_word' id='word_1_433' title='bbox 672 5338 812 5387; x_wconf 88' lang='lat' dir='ltr'>sunt</span> <span class='ocrx_word' id='word_1_434' title='bbox 839 5335 1100 5387; x_wconf 79' lang='lat' dir='ltr'>eamdem</span> <span class='ocrx_word' id='word_1_435' title='bbox 1134 5335 1449 5406; x_wconf 85' lang='lat' dir='ltr'>acquirere.</span> <span class='ocrx_word' id='word_1_436' title='bbox 1477 5339 1625 5393; x_wconf 77' lang='lat' dir='ltr'>Crux</span> <span class='ocrx_word' id='word_1_437' title='bbox 1685 5343 1837 5395; x_wconf 77' lang='lat' dir='ltr'>enim</span> <span class='ocrx_word' id='word_1_438' title='bbox 1868 5340 2026 5396; x_wconf 76' lang='lat' dir='ltr'>Chri-</span> 
     </span>
    </p>
   </div>
   <div class='ocr_carea' id='block_1_66' title="bbox 399 5512 832 5569">
    <p class='ocr_par' dir='ltr' id='par_1_66' title="bbox 399 5512 832 5569">
     <span class='ocr_line' id='line_1_66' title="bbox 399 5512 832 5569; baseline -0.002 -2"><span class='ocrx_word' id='word_1_439' title='bbox 399 5514 416 5549; x_wconf 82' lang='grc' dir='ltr'>ι</span> <span class='ocrx_word' id='word_1_440' title='bbox 451 5512 473 5567; x_wconf 94' lang='grc' dir='ltr'><strong>Ι</strong></span> <span class='ocrx_word' id='word_1_441' title='bbox 503 5514 630 5568; x_wconf 89' lang='lat' dir='ltr'>Cor.</span> <span class='ocrx_word' id='word_1_442' title='bbox 663 5529 704 5569; x_wconf 80' lang='grc' dir='ltr'>ι.</span> <span class='ocrx_word' id='word_1_443' title='bbox 738 5512 832 5568; x_wconf 75' lang='grc'>21.</span> 
     </span>
    </p>
   </div>
   <div class='ocr_carea' id='block_1_67' title="bbox 2217 4267 3795 4347">
    <p class='ocr_par' dir='ltr' id='par_1_67' title="bbox 2217 4267 3795 4347">
     <span class='ocr_line' id='line_1_67' title="bbox 2217 4267 3795 4347; baseline 0.003 -25"><span class='ocrx_word' id='word_1_444' title='bbox 2217 4268 2294 4323; x_wconf 83' lang='grc' dir='ltr'>Δ’.</span> <span class='ocrx_word' id='word_1_445' title='bbox 2331 4270 2534 4342; x_wconf 84' lang='grc' dir='ltr'>Ὥσπερ</span> <span class='ocrx_word' id='word_1_446' title='bbox 2564 4267 2614 4324; x_wconf 80' lang='grc' dir='ltr'>ἒν</span> <span class='ocrx_word' id='word_1_447' title='bbox 2644 4275 2764 4331; x_wconf 81' lang='grc' dir='ltr'>τοῖς</span> <span class='ocrx_word' id='word_1_448' title='bbox 2799 4270 3143 4347; x_wconf 71' lang='grc' dir='ltr'>φαινομένοις</span> <span class='ocrx_word' id='word_1_449' title='bbox 3165 4272 3379 4335; x_wconf 90' lang='grc' dir='ltr'>τούτοις</span> <span class='ocrx_word' id='word_1_450' title='bbox 3409 4278 3489 4346; x_wconf 80' lang='grc' dir='ltr'>τῷ</span> <span class='ocrx_word' id='word_1_451' title='bbox 3520 4272 3669 4334; x_wconf 83' lang='grc' dir='ltr'>ἐκτὸς</span> <span class='ocrx_word' id='word_1_452' title='bbox 3690 4273 3795 4327; x_wconf 86' lang='grc' dir='ltr'>ἀπ-</span> 
     </span>
    </p>
   </div>
   <div class='ocr_carea' id='block_1_68' title="bbox 2140 4357 3786 4434">
    <p class='ocr_par' dir='ltr' id='par_1_68' title="bbox 2140 4357 3786 4434">
     <span class='ocr_line' id='line_1_68' title="bbox 2140 4357 3786 4434; baseline 0.004 -25"><span class='ocrx_word' id='word_1_453' title='bbox 2140 4357 2306 4428; x_wconf 78' lang='grc' dir='ltr'>ετάξω</span> <span class='ocrx_word' id='word_1_454' title='bbox 2355 4357 2646 4431; x_wconf 82' lang='grc' dir='ltr'>ἀνθρώπῳ,</span> <span class='ocrx_word' id='word_1_455' title='bbox 2681 4359 2964 4434; x_wconf 77' lang='grc' dir='ltr'>ἐψώμισάς</span> <span class='ocrx_word' id='word_1_456' title='bbox 3008 4383 3067 4415; x_wconf 89' lang='grc' dir='ltr'>τε</span> <span class='ocrx_word' id='word_1_457' title='bbox 3112 4362 3176 4415; x_wconf 74' lang='grc' dir='ltr'>τὰ</span> <span class='ocrx_word' id='word_1_458' title='bbox 3228 4359 3351 4416; x_wconf 76' lang='grc' dir='ltr'>ὄντα</span> <span class='ocrx_word' id='word_1_459' title='bbox 3404 4365 3493 4417; x_wconf 74' lang='grc' dir='ltr'>καὶ</span> <span class='ocrx_word' id='word_1_460' title='bbox 3540 4360 3786 4434; x_wconf 72' lang='grc' dir='ltr'>διεσκόρ-</span> 
     </span>
    </p>
   </div>
   <div class='ocr_carea' id='block_1_69' title="bbox 2140 4449 3777 4521">
    <p class='ocr_par' dir='ltr' id='par_1_69' title="bbox 2140 4449 3777 4521">
     <span class='ocr_line' id='line_1_69' title="bbox 2140 4449 3777 4521; baseline 0.003 -23"><span class='ocrx_word' id='word_1_461' title='bbox 2140 4466 2323 4512; x_wconf 81' lang='grc' dir='ltr'>πισας,</span> <span class='ocrx_word' id='word_1_462' title='bbox 2375 4449 2548 4510; x_wconf 75' lang='grc' dir='ltr'>οὕτως</span> <span class='ocrx_word' id='word_1_463' title='bbox 2605 4450 2967 4519; x_wconf 76' lang='grc' dir='ltr'>ἀποτάξασθαί</span> <span class='ocrx_word' id='word_1_464' title='bbox 3019 4471 3075 4505; x_wconf 86' lang='grc' dir='ltr'>σε</span> <span class='ocrx_word' id='word_1_465' title='bbox 3122 4457 3240 4512; x_wconf 82' lang='grc' dir='ltr'>ταῖς</span> <span class='ocrx_word' id='word_1_466' title='bbox 3285 4457 3392 4506; x_wconf 80' lang='grc' dir='ltr'>τῶν</span> <span class='ocrx_word' id='word_1_467' title='bbox 3442 4454 3584 4521; x_wconf 78' lang='grc' dir='ltr'>ἠθῶν</span> <span class='ocrx_word' id='word_1_468' title='bbox 3637 4469 3777 4518; x_wconf 77' lang='grc' dir='ltr'>προ-</span> 
     </span>
    </p>
   </div>
   <div class='ocr_carea' id='block_1_70' title="bbox 2143 4532 3777 4615">
    <p class='ocr_par' dir='ltr' id='par_1_70' title="bbox 2143 4532 3777 4615">
     <span class='ocr_line' id='line_1_70' title="bbox 2143 4532 3777 4615; baseline 0 -26"><span class='ocrx_word' id='word_1_469' title='bbox 2143 4532 2340 4606; x_wconf 73' lang='grc' dir='ltr'>λήψεσι</span> <span class='ocrx_word' id='word_1_470' title='bbox 2373 4537 2508 4610; x_wconf 77' lang='grc' dir='ltr'>χρὴ,</span> <span class='ocrx_word' id='word_1_471' title='bbox 2541 4538 2629 4590; x_wconf 85' lang='grc' dir='ltr'>καὶ</span> <span class='ocrx_word' id='word_1_472' title='bbox 2676 4539 2719 4591; x_wconf 86' lang='grc' dir='ltr'>εἱ</span> <span class='ocrx_word' id='word_1_473' title='bbox 2754 4539 2940 4615; x_wconf 67' lang='grc' dir='ltr'>σοφίαν</span> <span class='ocrx_word' id='word_1_474' title='bbox 2974 4535 3166 4610; x_wconf 75' lang='grc' dir='ltr'>ἔμαθες</span> <span class='ocrx_word' id='word_1_475' title='bbox 3216 4542 3473 4614; x_wconf 75' lang='grc' dir='ltr'>σαρκικὴν</span> <span class='ocrx_word' id='word_1_476' title='bbox 3505 4539 3537 4606; x_wconf 75' lang='grc' dir='ltr'><strong>ἢ</strong></span> <span class='ocrx_word' id='word_1_477' title='bbox 3585 4541 3777 4612; x_wconf 81' lang='grc' dir='ltr'>γνῶσιν</span> 
     </span>
    </p>
   </div>
   <div class='ocr_carea' id='block_1_71' title="bbox 2140 4626 3782 4704">
    <p class='ocr_par' dir='ltr' id='par_1_71' title="bbox 2140 4626 3782 4704">
     <span class='ocr_line' id='line_1_71' title="bbox 2140 4626 3782 4704; baseline 0.004 -26"><span class='ocrx_word' id='word_1_478' title='bbox 2140 4626 2496 4699; x_wconf 72' lang='grc' dir='ltr'>πραγμάτων,</span> <span class='ocrx_word' id='word_1_479' title='bbox 2546 4627 2775 4702; x_wconf 65' lang='grc' dir='ltr'>ἅρνησαι</span> <span class='ocrx_word' id='word_1_480' title='bbox 2814 4629 3015 4700; x_wconf 77' lang='grc' dir='ltr'>ταύτην</span> <span class='ocrx_word' id='word_1_481' title='bbox 3053 4648 3064 4660; x_wconf 92' lang='grc'><strong>·</strong></span> <span class='ocrx_word' id='word_1_482' title='bbox 3120 4631 3164 4685; x_wconf 86' lang='grc' dir='ltr'>εἰ</span> <span class='ocrx_word' id='word_1_483' title='bbox 3212 4628 3538 4704; x_wconf 82' lang='grc' dir='ltr'>δικαιώμασι</span> <span class='ocrx_word' id='word_1_484' title='bbox 3583 4629 3782 4685; x_wconf 70' lang='grc' dir='ltr'>πὲποι-</span> 
     </span>
    </p>
   </div>
   <div class='ocr_carea' id='block_1_72' title="bbox 2141 4715 3786 4788">
    <p class='ocr_par' dir='ltr' id='par_1_72' title="bbox 2141 4715 3786 4788">
     <span class='ocr_line' id='line_1_72' title="bbox 2141 4715 3786 4788; baseline 0.005 -22"><span class='ocrx_word' id='word_1_485' title='bbox 2141 4715 2233 4775; x_wconf 90' lang='grc' dir='ltr'>θας</span> <span class='ocrx_word' id='word_1_486' title='bbox 2263 4722 2564 4788; x_wconf 75' lang='grc' dir='ltr'>σαρκικοῖς,</span> <span class='ocrx_word' id='word_1_487' title='bbox 2598 4719 2867 4788; x_wconf 79' lang='grc' dir='ltr'>ἀπόστηθι</span> <span class='ocrx_word' id='word_1_488' title='bbox 2897 4719 3123 4787; x_wconf 87' lang='grc' dir='ltr'>τούτων,</span> <span class='ocrx_word' id='word_1_489' title='bbox 3146 4727 3410 4775; x_wconf 79' lang='grc' dir='ltr'>ταπεινῶν</span> <span class='ocrx_word' id='word_1_490' title='bbox 3444 4721 3659 4776; x_wconf 70' lang='grc' dir='ltr'>σεαυτὸν</span> <span class='ocrx_word' id='word_1_491' title='bbox 3691 4721 3786 4774; x_wconf 81' lang='grc' dir='ltr'>καὶ</span> 
     </span>
    </p>
   </div>
   <div class='ocr_carea' id='block_1_73' title="bbox 2141 4805 3786 4883">
    <p class='ocr_par' dir='ltr' id='par_1_73' title="bbox 2141 4805 3786 4883">
     <span class='ocr_line' id='line_1_73' title="bbox 2141 4805 3786 4883; baseline 0.005 -27"><span class='ocrx_word' id='word_1_492' title='bbox 2141 4805 2606 4880; x_wconf 77' lang='grc' dir='ltr'>κατασμικρύνων.</span> <span class='ocrx_word' id='word_1_493' title='bbox 2645 4807 2799 4862; x_wconf 66' lang='grc' dir='ltr'>Οὕτω</span> <span class='ocrx_word' id='word_1_494' title='bbox 2858 4810 2962 4883; x_wconf 74' lang='grc' dir='ltr'>γὰρ</span> <span class='ocrx_word' id='word_1_495' title='bbox 3021 4809 3109 4863; x_wconf 79' lang='grc' dir='ltr'>καὶ</span> <span class='ocrx_word' id='word_1_496' title='bbox 3167 4807 3368 4883; x_wconf 72' lang='grc' dir='ltr'>δυνήσῃ</span> <span class='ocrx_word' id='word_1_497' title='bbox 3407 4815 3476 4883; x_wconf 81' lang='grc' dir='ltr'>τῇ</span> <span class='ocrx_word' id='word_1_498' title='bbox 3532 4814 3628 4865; x_wconf 78' lang='grc' dir='ltr'>τοῦ</span> <span class='ocrx_word' id='word_1_499' title='bbox 3683 4831 3786 4879; x_wconf 83' lang='grc' dir='ltr'>κη-</span> 
     </span>
    </p>
   </div>
   <div class='ocr_carea' id='block_1_74' title="bbox 2143 4893 3786 4974">
    <p class='ocr_par' dir='ltr' id='par_1_74' title="bbox 2143 4893 3786 4974">
     <span class='ocr_line' id='line_1_74' title="bbox 2143 4893 3786 4974; baseline 0.004 -29"><span class='ocrx_word' id='word_1_500' title='bbox 2143 4893 2413 4965; x_wconf 82' lang='grc' dir='ltr'>ρύγματος</span> <span class='ocrx_word' id='word_1_501' title='bbox 2477 4897 2657 4968; x_wconf 79' lang='grc' dir='ltr'>μωρίᾳ</span> <span class='ocrx_word' id='word_1_502' title='bbox 2719 4899 3141 4970; x_wconf 76' lang='grc' dir='ltr'>μαθητευθῆναι.</span> <span class='ocrx_word' id='word_1_503' title='bbox 3202 4901 3286 4955; x_wconf 86' lang='grc' dir='ltr'>Ἐν</span> <span class='ocrx_word' id='word_1_504' title='bbox 3337 4900 3509 4974; x_wconf 77' lang='grc' dir='ltr'>ταύτῃ</span> <span class='ocrx_word' id='word_1_505' title='bbox 3571 4898 3627 4954; x_wconf 73' lang='grc' dir='ltr'>δὲ</span> <span class='ocrx_word' id='word_1_506' title='bbox 3684 4902 3786 4968; x_wconf 77' lang='grc' dir='ltr'>τὴν</span> 
     </span>
    </p>
   </div>
   <div class='ocr_carea' id='block_1_75' title="bbox 2139 4981 3790 5064">
    <p class='ocr_par' dir='ltr' id='par_1_75' title="bbox 2139 4981 3790 5064">
     <span class='ocr_line' id='line_1_75' title="bbox 2139 4981 3790 5064; baseline 0.006 -30"><span class='ocrx_word' id='word_1_507' title='bbox 2139 4981 2405 5052; x_wconf 77' lang='grc' dir='ltr'>ἀληθινῆν</span> <span class='ocrx_word' id='word_1_508' title='bbox 2452 4987 2696 5059; x_wconf 77' lang='grc' dir='ltr'>εύρήσεις</span> <span class='ocrx_word' id='word_1_509' title='bbox 2749 4987 2962 5064; x_wconf 74' lang='grc' dir='ltr'>σοφίαν,</span> <span class='ocrx_word' id='word_1_510' title='bbox 2996 4987 3096 5042; x_wconf 83' lang='grc' dir='ltr'>οὐκ</span> <span class='ocrx_word' id='word_1_511' title='bbox 3143 4987 3192 5042; x_wconf 86' lang='grc' dir='ltr'>ἐν</span> <span class='ocrx_word' id='word_1_512' title='bbox 3242 4989 3432 5064; x_wconf 86' lang='grc' dir='ltr'>λόγοις</span> <span class='ocrx_word' id='word_1_513' title='bbox 3478 4993 3790 5062; x_wconf 77' lang='grc' dir='ltr'>κεκομψευ-</span> 
     </span>
    </p>
   </div>
   <div class='ocr_carea' id='block_1_76' title="bbox 2141 5069 3786 5150">
    <p class='ocr_par' dir='ltr' id='par_1_76' title="bbox 2141 5069 3786 5150">
     <span class='ocr_line' id='line_1_76' title="bbox 2141 5069 3786 5150; baseline 0.005 -27"><span class='ocrx_word' id='word_1_514' title='bbox 2141 5069 2343 5143; x_wconf 81' lang='grc' dir='ltr'>μένοις,</span> <span class='ocrx_word' id='word_1_515' title='bbox 2387 5071 2510 5128; x_wconf 87' lang='grc' dir='ltr'>ἀλλ’</span> <span class='ocrx_word' id='word_1_516' title='bbox 2568 5075 2618 5128; x_wconf 85' lang='grc' dir='ltr'>ἐν</span> <span class='ocrx_word' id='word_1_517' title='bbox 2675 5075 2742 5149; x_wconf 77' lang='grc' dir='ltr'>τῇ</span> <span class='ocrx_word' id='word_1_518' title='bbox 2800 5080 2894 5130; x_wconf 77' lang='grc' dir='ltr'>τοῦ</span> <span class='ocrx_word' id='word_1_519' title='bbox 2955 5081 3186 5150; x_wconf 74' lang='grc' dir='ltr'>σταυροῦ</span> <span class='ocrx_word' id='word_1_520' title='bbox 3247 5075 3490 5150; x_wconf 73' lang='grc' dir='ltr'>δυνάμει.</span> <span class='ocrx_word' id='word_1_521' title='bbox 3555 5079 3786 5139; x_wconf 82' lang='grc' dir='ltr'>Τούτοις</span> 
     </span>
    </p>
   </div>
   <div class='ocr_carea' id='block_1_77' title="bbox 2138 5159 3792 5239">
    <p class='ocr_par' dir='ltr' id='par_1_77' title="bbox 2138 5159 3792 5239">
     <span class='ocr_line' id='line_1_77' title="bbox 2138 5159 3792 5239; baseline 0.005 -25"><span class='ocrx_word' id='word_1_522' title='bbox 2138 5159 2528 5237; x_wconf 82' lang='grc' dir='ltr'>ἐνεργούμενος</span> <span class='ocrx_word' id='word_1_523' title='bbox 2564 5165 2614 5217; x_wconf 84' lang='grc' dir='ltr'>ἐν</span> <span class='ocrx_word' id='word_1_524' title='bbox 2652 5166 2925 5235; x_wconf 70' lang='grc' dir='ltr'>ὑποστᾶση</span> <span class='ocrx_word' id='word_1_525' title='bbox 2971 5171 3048 5239; x_wconf 90' lang='grc'>(1)</span> <span class='ocrx_word' id='word_1_526' title='bbox 3095 5172 3212 5228; x_wconf 83' lang='grc' dir='ltr'>τοῖς</span> <span class='ocrx_word' id='word_1_527' title='bbox 3250 5169 3629 5236; x_wconf 80' lang='grc' dir='ltr'>καταξιωθεῐσι</span> <span class='ocrx_word' id='word_1_528' title='bbox 3659 5169 3792 5222; x_wconf 85' lang='grc' dir='ltr'>ταύ-</span> 
     </span>
    </p>
   </div>
   <div class='ocr_carea' id='block_1_78' title="bbox 2133 5254 3789 5334">
    <p class='ocr_par' dir='ltr' id='par_1_78' title="bbox 2133 5254 3789 5334">
     <span class='ocr_line' id='line_1_78' title="bbox 2133 5254 3789 5334; baseline 0.005 -31"><span class='ocrx_word' id='word_1_529' title='bbox 2133 5271 2231 5318; x_wconf 77' lang='grc' dir='ltr'>την</span> <span class='ocrx_word' id='word_1_530' title='bbox 2283 5254 2628 5320; x_wconf 69' lang='grc' dir='ltr'>κτήσασθαι.</span> <span class='ocrx_word' id='word_1_531' title='bbox 2681 5255 2740 5311; x_wconf 84' lang='grc' dir='ltr'>Ὁ</span> <span class='ocrx_word' id='word_1_532' title='bbox 2781 5255 2883 5331; x_wconf 69' lang='grc' dir='ltr'>γὰρ</span> <span class='ocrx_word' id='word_1_533' title='bbox 2933 5257 3177 5326; x_wconf 79' lang='grc' dir='ltr'>σταυρὸς,</span> <span class='ocrx_word' id='word_1_534' title='bbox 3221 5256 3383 5334; x_wconf 70' lang='grc' dir='ltr'>φησὶν</span> <span class='ocrx_word' id='word_1_535' title='bbox 3449 5259 3475 5311; x_wconf 88' lang='grc' dir='ltr'>ὁ</span> <span class='ocrx_word' id='word_1_536' title='bbox 3541 5255 3789 5327; x_wconf 83' lang='grc' dir='ltr'>Παῦλος,</span> 
     </span>
    </p>
   </div>
   <div class='ocr_carea' id='block_1_79' title="bbox 2135 5344 2960 5418">
    <p class='ocr_par' dir='ltr' id='par_1_79' title="bbox 2135 5344 2960 5418">
     <span class='ocr_line' id='line_1_79' title="bbox 2135 5344 2960 5418; baseline 0.006 -24"><span class='ocrx_word' id='word_1_537' title='bbox 2135 5344 2232 5395; x_wconf 76' lang='grc' dir='ltr'>τοῦ</span> <span class='ocrx_word' id='word_1_538' title='bbox 2317 5348 2552 5417; x_wconf 74' lang='grc' dir='ltr'>Χριστοῦ</span> <span class='ocrx_word' id='word_1_539' title='bbox 2649 5350 2765 5407; x_wconf 84' lang='grc' dir='ltr'>τοῖς</span> <span class='ocrx_word' id='word_1_540' title='bbox 2867 5346 2960 5418; x_wconf 76' lang='grc' dir='ltr'>μὲν</span> 
     </span>
    </p>
   </div>
   <div class='ocr_carea' id='block_1_80' title="bbox 3061 5344 3780 5416">
    <p class='ocr_par' dir='ltr' id='par_1_80' title="bbox 3061 5344 3780 5416">
     <span class='ocr_line' id='line_1_80' title="bbox 3061 5344 3780 5416; baseline 0 -16"><span class='ocrx_word' id='word_1_541' title='bbox 3061 5344 3346 5408; x_wconf 81' lang='grc' dir='ltr'>Ἰουδαίοις</span> <span class='ocrx_word' id='word_1_542' title='bbox 3450 5345 3780 5416; x_wconf 74' lang='grc' dir='ltr'>σκάνδαλον,</span> 
     </span>
    </p>
   </div>
   <div class='ocr_carea' id='block_1_81' title="bbox 396 5657 2200 5730">
    <p class='ocr_par' dir='ltr' id='par_1_81' title="bbox 396 5657 2200 5730">
     <span class='ocr_line' id='line_1_81' title="bbox 396 5657 2200 5730; baseline 0.006 -19"><span class='ocrx_word' id='word_1_543' title='bbox 396 5658 414 5728; x_wconf 89' lang='grc'>(</span> <span class='ocrx_word' id='word_1_544' title='bbox 425 5660 475 5728; x_wconf 87' lang='grc'>1)</span> <span class='ocrx_word' id='word_1_545' title='bbox 506 5661 822 5730; x_wconf 85' lang='lat' dir='ltr'>Corruptus</span> <span class='ocrx_word' id='word_1_546' title='bbox 853 5658 1079 5715; x_wconf 86' lang='lat' dir='ltr'>videtur</span> <span class='ocrx_word' id='word_1_547' title='bbox 1108 5657 1272 5717; x_wconf 87' lang='lat' dir='ltr'>locus</span> <span class='ocrx_word' id='word_1_548' title='bbox 1305 5677 1320 5728; x_wconf 88' lang='lat'><strong>;</strong></span> <span class='ocrx_word' id='word_1_549' title='bbox 1353 5675 1528 5718; x_wconf 87' lang='lat' dir='ltr'>sensu</span> <span class='ocrx_word' id='word_1_550' title='bbox 1559 5666 1756 5719; x_wconf 84' lang='lat' dir='ltr'>tamen</span> <span class='ocrx_word' id='word_1_551' title='bbox 1787 5676 1907 5720; x_wconf 89' lang='lat' dir='ltr'>non</span> <span class='ocrx_word' id='word_1_552' title='bbox 1932 5661 2200 5722; x_wconf 83' lang='lat' dir='ltr'>obscuro.</span> 
     </span>
    </p>
   </div>
  </div>
