  <div class='ocr_page' id='page_1' title='image "/cluster/home/n/w/nwhite01/storage/ocr_20150623/34/mdp.39015041165401/512.png"; bbox 0 0 4130 6286; ppageno 0'>
   <div class='ocr_carea' id='block_1_1' title="bbox 406 319 3871 407">
    <p class='ocr_par' dir='ltr' id='par_1_1' title="bbox 406 319 3871 407">
     <span class='ocr_line' id='line_1_1' title="bbox 406 319 3871 407; baseline 0.008 -28"><span class='ocrx_word' id='word_1_1' title='bbox 406 319 522 380; x_wconf 88' lang='lat'><strong>909</strong></span> <span class='ocrx_word' id='word_1_2' title='bbox 1673 340 1908 400; x_wconf 75' lang='lat' dir='ltr'><strong>LIBER</strong></span> <span class='ocrx_word' id='word_1_3' title='bbox 1953 344 2051 402; x_wconf 90' lang='lat' dir='ltr'><strong>DE</strong></span> <span class='ocrx_word' id='word_1_4' title='bbox 2094 343 2565 403; x_wconf 80' lang='lat' dir='ltr'><strong>CHARITATE.</strong></span> <span class='ocrx_word' id='word_1_5' title='bbox 3074 388 3077 391; x_wconf 93' lang='grc'><strong>-</strong></span> <span class='ocrx_word' id='word_1_6' title='bbox 3752 347 3871 407; x_wconf 78' lang='grc'>910</span> 
     </span>
    </p>
   </div>
   <div class='ocr_carea' id='block_1_2' title="bbox 409 455 2040 547">
    <p class='ocr_par' dir='ltr' id='par_1_2' title="bbox 409 455 2040 547">
     <span class='ocr_line' id='line_1_2' title="bbox 409 455 2040 547; baseline 0.012 -36"><span class='ocrx_word' id='word_1_7' title='bbox 409 455 649 547; x_wconf 55' lang='grc' dir='ltr'>ΪΕλλησι</span> <span class='ocrx_word' id='word_1_8' title='bbox 698 459 754 516; x_wconf 75' lang='grc' dir='ltr'><strong>δὲ</strong></span> <span class='ocrx_word' id='word_1_9' title='bbox 811 464 1014 539; x_wconf 80' lang='grc' dir='ltr'><strong>μωρία,</strong></span> <span class='ocrx_word' id='word_1_10' title='bbox 1066 470 1200 541; x_wconf 76' lang='grc' dir='ltr'>ἡμῖν</span> <span class='ocrx_word' id='word_1_11' title='bbox 1252 467 1309 524; x_wconf 86' lang='grc' dir='ltr'><strong>δέ</strong></span> <span class='ocrx_word' id='word_1_12' title='bbox 1358 477 1471 534; x_wconf 81' lang='grc' dir='ltr'>τοῖς</span> <span class='ocrx_word' id='word_1_13' title='bbox 1524 474 1860 547; x_wconf 74' lang='grc' dir='ltr'><strong>σωζομένοις</strong></span> <span class='ocrx_word' id='word_1_14' title='bbox 1917 483 2040 532; x_wconf 73' lang='grc' dir='ltr'>Θεοί</span> 
     </span>
    </p>
   </div>
   <div class='ocr_carea' id='block_1_3' title="bbox 2228 455 3859 547">
    <p class='ocr_par' dir='ltr' id='par_1_3' title="bbox 2228 474 3859 545">
     <span class='ocr_line' id='line_1_3' title="bbox 2228 474 3859 545; baseline 0.001 -14"><span class='ocrx_word' id='word_1_15' title='bbox 2228 481 2253 545; x_wconf 73' lang='lat' dir='ltr'><strong>r&#39;,</strong></span> <span class='ocrx_word' id='word_1_16' title='bbox 2288 478 2368 532; x_wconf 90' lang='lat' dir='ltr'><strong>ait</strong></span> <span class='ocrx_word' id='word_1_17' title='bbox 2399 476 2629 542; x_wconf 82' lang='lat' dir='ltr'><strong>Paulus,</strong></span> <span class='ocrx_word' id='word_1_18' title='bbox 2668 474 2885 531; x_wconf 68' lang='lat' dir='ltr'><strong>Iudaeis</strong></span> <span class='ocrx_word' id='word_1_19' title='bbox 2933 474 3161 545; x_wconf 82' lang='lat' dir='ltr'><strong>quidem</strong></span> <span class='ocrx_word' id='word_1_20' title='bbox 3200 476 3568 539; x_wconf 77' lang='lat' dir='ltr'><strong>scandalum;</strong></span> <span class='ocrx_word' id='word_1_21' title='bbox 3611 478 3859 545; x_wconf 75' lang='lat' dir='ltr'><strong>gentibus</strong></span> 
     </span>
    </p>
   </div>
   <div class='ocr_carea' id='block_1_4' title="bbox 408 540 2039 635">
    <p class='ocr_par' dir='ltr' id='par_1_4' title="bbox 408 540 1144 632">
     <span class='ocr_line' id='line_1_4' title="bbox 408 540 1144 632; baseline 0.019 -35"><span class='ocrx_word' id='word_1_22' title='bbox 408 540 635 619; x_wconf 84' lang='grc' dir='ltr'>δύναμις</span> <span class='ocrx_word' id='word_1_23' title='bbox 665 551 752 605; x_wconf 74' lang='grc' dir='ltr'><strong>καὶ</strong></span> <span class='ocrx_word' id='word_1_24' title='bbox 787 558 919 607; x_wconf 90' lang='grc' dir='ltr'>Θεοῦ</span> <span class='ocrx_word' id='word_1_25' title='bbox 959 556 1144 632; x_wconf 72' lang='grc' dir='ltr'>σοφία.</span> 
     </span>
    </p>
   </div>
   <div class='ocr_carea' id='block_1_5' title="bbox 2233 540 3864 635">
    <p class='ocr_par' dir='ltr' id='par_1_5' title="bbox 2238 564 3864 635">
     <span class='ocr_line' id='line_1_5' title="bbox 2238 564 3864 635; baseline 0.001 -13"><span class='ocrx_word' id='word_1_26' title='bbox 2238 575 2346 622; x_wconf 87' lang='lat' dir='ltr'><strong>tem</strong></span> <span class='ocrx_word' id='word_1_27' title='bbox 2384 569 2667 630; x_wconf 80' lang='lat' dir='ltr'><strong>stultitia;</strong></span> <span class='ocrx_word' id='word_1_28' title='bbox 2694 565 2847 619; x_wconf 85' lang='lat' dir='ltr'><strong>nobis</strong></span> <span class='ocrx_word' id='word_1_29' title='bbox 2879 581 3025 628; x_wconf 79' lang='lat' dir='ltr'><strong>vero,</strong></span> <span class='ocrx_word' id='word_1_30' title='bbox 3082 566 3177 634; x_wconf 84' lang='lat' dir='ltr'><strong>qui</strong></span> <span class='ocrx_word' id='word_1_31' title='bbox 3229 564 3537 635; x_wconf 86' lang='lat' dir='ltr'><strong>salvamur,</strong></span> <span class='ocrx_word' id='word_1_32' title='bbox 3570 568 3664 621; x_wconf 87' lang='lat' dir='ltr'><strong>Dei</strong></span> <span class='ocrx_word' id='word_1_33' title='bbox 3692 570 3864 625; x_wconf 85' lang='lat' dir='ltr'><strong>virtus</strong></span> 
     </span>
    </p>
   </div>
   <div class='ocr_carea' id='block_1_6' title="bbox 2155 658 2669 727">
    <p class='ocr_par' dir='ltr' id='par_1_6' title="bbox 2155 658 2669 727">
     <span class='ocr_line' id='line_1_6' title="bbox 2155 658 2669 727; baseline -0.008 -13"><span class='ocrx_word' id='word_1_34' title='bbox 2155 664 2207 714; x_wconf 84' lang='lat' dir='ltr'><strong>et</strong></span> <span class='ocrx_word' id='word_1_35' title='bbox 2234 661 2331 713; x_wconf 86' lang='lat' dir='ltr'><strong>Dei</strong></span> <span class='ocrx_word' id='word_1_36' title='bbox 2357 658 2669 727; x_wconf 76' lang='lat' dir='ltr'><strong>sapientia&#39;.</strong></span> 
     </span>
    </p>
   </div>
   <div class='ocr_carea' id='block_1_7' title="bbox 476 728 2107 817">
    <p class='ocr_par' dir='ltr' id='par_1_7' title="bbox 476 728 2046 814">
     <span class='ocr_line' id='line_1_7' title="bbox 514 728 2044 765; baseline 0.012 -19"><span class='ocrx_word' id='word_1_37' title='bbox 514 730 525 746; x_wconf 85' lang='grc'><strong><em>1</em></strong></span> <span class='ocrx_word' id='word_1_38' title='bbox 600 736 614 746; x_wconf 57' lang='grc' dir='ltr'><strong>ς</strong></span> <span class='ocrx_word' id='word_1_39' title='bbox 748 732 758 747; x_wconf 57' lang='grc' dir='ltr'>ἱ</span> <span class='ocrx_word' id='word_1_40' title='bbox 792 728 814 747; x_wconf 70' lang='grc'><strong>’⁷</strong></span> <span class='ocrx_word' id='word_1_41' title='bbox 1152 739 1165 755; x_wconf 82' lang='lat'><strong><em>\</em></strong></span> <span class='ocrx_word' id='word_1_42' title='bbox 1312 744 1334 755; x_wconf 71' lang='grc' dir='ltr'><strong>ν</strong></span> <span class='ocrx_word' id='word_1_43' title='bbox 1481 740 1493 757; x_wconf 67' lang='grc' dir='ltr'>Ἴ</span> <span class='ocrx_word' id='word_1_44' title='bbox 1623 742 1635 759; x_wconf 64' lang='lat'><strong>9</strong></span> <span class='ocrx_word' id='word_1_45' title='bbox 1786 749 1806 759; x_wconf 64' lang='grc' dir='ltr'><strong><em>ν</em></strong></span> <span class='ocrx_word' id='word_1_46' title='bbox 1894 747 1905 759; x_wconf 62' lang='grc'>⁸</span> <span class='ocrx_word' id='word_1_47' title='bbox 2030 747 2044 765; x_wconf 78' lang='lat'><strong><em>\</em></strong></span> 
     </span>
     <span class='ocr_line' id='line_1_8' title="bbox 476 729 2046 814; baseline 0.011 -32"><span class='ocrx_word' id='word_1_48' title='bbox 476 736 543 784; x_wconf 86' lang='grc' dir='ltr'><strong>Β.</strong></span> <span class='ocrx_word' id='word_1_49' title='bbox 580 730 639 783; x_wconf 69' lang='lat' dir='ltr'><strong>hi</strong></span> <span class='ocrx_word' id='word_1_50' title='bbox 672 751 757 785; x_wconf 78' lang='grc' dir='ltr'><strong>και</strong></span> <span class='ocrx_word' id='word_1_51' title='bbox 790 729 1002 801; x_wconf 77' lang='grc' dir='ltr'>ελαϐες,</span> <span class='ocrx_word' id='word_1_52' title='bbox 1038 758 1191 813; x_wconf 79' lang='grc' dir='ltr'>φησι,</span> <span class='ocrx_word' id='word_1_53' title='bbox 1243 760 1423 813; x_wconf 90' lang='grc' dir='ltr'>γευσιν</span> <span class='ocrx_word' id='word_1_54' title='bbox 1475 742 1525 811; x_wconf 81' lang='grc' dir='ltr'>εξ</span> <span class='ocrx_word' id='word_1_55' title='bbox 1582 763 1830 814; x_wconf 84' lang='grc' dir='ltr'>ουρανου,</span> <span class='ocrx_word' id='word_1_56' title='bbox 1865 766 1907 799; x_wconf 91' lang='grc' dir='ltr'><strong>ει</strong></span> <span class='ocrx_word' id='word_1_57' title='bbox 1958 767 2046 800; x_wconf 88' lang='grc' dir='ltr'><strong>και</strong></span> 
     </span>
    </p>
   </div>
   <div class='ocr_carea' id='block_1_8' title="bbox 2221 728 3852 817">
    <p class='ocr_par' dir='ltr' id='par_1_8' title="bbox 2230 744 3852 817">
     <span class='ocr_line' id='line_1_9' title="bbox 2230 744 3852 817; baseline -0.001 -15"><span class='ocrx_word' id='word_1_58' title='bbox 2230 749 2298 803; x_wconf 91' lang='lat' dir='ltr'><strong>ll.</strong></span> <span class='ocrx_word' id='word_1_59' title='bbox 2354 749 2596 803; x_wconf 85' lang='lat' dir='ltr'><strong>Etiamsi</strong></span> <span class='ocrx_word' id='word_1_60' title='bbox 2621 744 2910 816; x_wconf 89' lang='lat' dir='ltr'><strong>acceperis</strong></span> <span class='ocrx_word' id='word_1_61' title='bbox 2942 748 3178 816; x_wconf 86' lang='lat' dir='ltr'><strong>gustum</strong></span> <span class='ocrx_word' id='word_1_62' title='bbox 3207 760 3236 798; x_wconf 93' lang='lat' dir='ltr'><strong>e</strong></span> <span class='ocrx_word' id='word_1_63' title='bbox 3293 745 3468 811; x_wconf 84' lang='lat' dir='ltr'><strong>crelo;</strong></span> <span class='ocrx_word' id='word_1_64' title='bbox 3532 747 3637 800; x_wconf 88' lang='lat' dir='ltr'><strong>etsi</strong></span> <span class='ocrx_word' id='word_1_65' title='bbox 3672 748 3852 817; x_wconf 87' lang='lat' dir='ltr'><strong>parti-</strong></span> 
     </span>
    </p>
   </div>
   <div class='ocr_carea' id='block_1_9' title="bbox 402 820 2033 911">
    <p class='ocr_par' dir='ltr' id='par_1_9' title="bbox 402 820 2033 911">
     <span class='ocr_line' id='line_1_10' title="bbox 402 820 2033 911; baseline 0.013 -40"><span class='ocrx_word' id='word_1_66' title='bbox 402 820 910 894; x_wconf 58' lang='grc' dir='ltr'>μετέσχεςζέκείνης</span> <span class='ocrx_word' id='word_1_67' title='bbox 956 833 1055 893; x_wconf 79' lang='grc' dir='ltr'>τῆς</span> <span class='ocrx_word' id='word_1_68' title='bbox 1125 830 1332 904; x_wconf 69' lang='grc' dir='ltr'>σοφίας,</span> <span class='ocrx_word' id='word_1_69' title='bbox 1394 830 1481 885; x_wconf 81' lang='grc' dir='ltr'><strong>καὶ</strong></span> <span class='ocrx_word' id='word_1_70' title='bbox 1540 831 1833 888; x_wconf 76' lang='grc' dir='ltr'><strong>ἀνάπαυσιν</strong></span> <span class='ocrx_word' id='word_1_71' title='bbox 1888 833 2033 911; x_wconf 74' lang='grc' dir='ltr'>ἔσχες</span> 
     </span>
    </p>
   </div>
   <div class='ocr_carea' id='block_1_10' title="bbox 2226 820 3857 911">
    <p class='ocr_par' dir='ltr' id='par_1_10' title="bbox 2226 834 3857 910">
     <span class='ocr_line' id='line_1_11' title="bbox 2226 834 3857 910; baseline -0.001 -16"><span class='ocrx_word' id='word_1_72' title='bbox 2226 857 2289 910; x_wconf 90' lang='lat' dir='ltr'><strong>ps</strong></span> <span class='ocrx_word' id='word_1_73' title='bbox 2323 841 2402 893; x_wconf 89' lang='lat' dir='ltr'><strong>sis</strong></span> <span class='ocrx_word' id='word_1_74' title='bbox 2436 840 2624 893; x_wconf 88' lang='lat' dir='ltr'><strong>factus</strong></span> <span class='ocrx_word' id='word_1_75' title='bbox 2673 836 2967 906; x_wconf 75' lang='lat' dir='ltr'><strong>sapientiae</strong></span> <span class='ocrx_word' id='word_1_76' title='bbox 3025 834 3207 898; x_wconf 87' lang='lat' dir='ltr'><strong>illius,</strong></span> <span class='ocrx_word' id='word_1_77' title='bbox 3254 841 3309 889; x_wconf 90' lang='lat' dir='ltr'><strong>et</strong></span> <span class='ocrx_word' id='word_1_78' title='bbox 3340 838 3595 906; x_wconf 83' lang='lat' dir='ltr'><strong>requiem</strong></span> <span class='ocrx_word' id='word_1_79' title='bbox 3641 838 3857 893; x_wconf 85' lang='lat' dir='ltr'><strong>habue-</strong></span> 
     </span>
    </p>
   </div>
   <div class='ocr_carea' id='block_1_11' title="bbox 398 907 2029 999">
    <p class='ocr_par' dir='ltr' id='par_1_11' title="bbox 398 907 2029 999">
     <span class='ocr_line' id='line_1_12' title="bbox 398 907 2029 999; baseline 0.011 -38"><span class='ocrx_word' id='word_1_80' title='bbox 398 907 565 999; x_wconf 50' lang='lat' dir='ltr'><strong>6v_&#39;rﬁ</strong></span> <span class='ocrx_word' id='word_1_81' title='bbox 824 935 941 983; x_wconf 87' lang='grc' dir='ltr'>σου,</span> <span class='ocrx_word' id='word_1_82' title='bbox 990 914 1121 988; x_wconf 76' lang='grc' dir='ltr'>μηδ’</span> <span class='ocrx_word' id='word_1_83' title='bbox 1166 917 1337 979; x_wconf 72' lang='grc' dir='ltr'>οὕτως</span> <span class='ocrx_word' id='word_1_84' title='bbox 1397 920 1644 994; x_wconf 83' lang='grc' dir='ltr'>ἐπαίρου,</span> <span class='ocrx_word' id='word_1_85' title='bbox 1704 924 1792 977; x_wconf 82' lang='grc' dir='ltr'><strong>καὶ</strong></span> <span class='ocrx_word' id='word_1_86' title='bbox 1844 907 2029 997; x_wconf 38' lang='grc' dir='ltr'><strong>μὴ-ίῦι</strong></span> 
     </span>
    </p>
   </div>
   <div class='ocr_carea' id='block_1_12' title="bbox 2227 907 3858 999">
    <p class='ocr_par' dir='ltr' id='par_1_12' title="bbox 2227 907 3858 999">
     <span class='ocr_line' id='line_1_13' title="bbox 2227 907 3858 999; baseline 0.002 -19"><span class='ocrx_word' id='word_1_87' title='bbox 2227 907 2239 980; x_wconf 78' lang='lat' dir='ltr'><strong>i</strong></span> <span class='ocrx_word' id='word_1_88' title='bbox 2294 932 2351 983; x_wconf 92' lang='lat' dir='ltr'><strong>in</strong></span> <span class='ocrx_word' id='word_1_89' title='bbox 2413 930 2609 983; x_wconf 91' lang='lat' dir='ltr'><strong>anima</strong></span> <span class='ocrx_word' id='word_1_90' title='bbox 2658 935 2793 993; x_wconf 87' lang='lat' dir='ltr'><strong>tua;</strong></span> <span class='ocrx_word' id='word_1_91' title='bbox 2845 941 3033 996; x_wconf 89' lang='lat' dir='ltr'><strong>neque</strong></span> <span class='ocrx_word' id='word_1_92' title='bbox 3083 924 3165 977; x_wconf 91' lang='lat' dir='ltr'><strong>sic</strong></span> <span class='ocrx_word' id='word_1_93' title='bbox 3242 924 3574 980; x_wconf 84' lang='lat' dir='ltr'><strong>extollaris:</strong></span> <span class='ocrx_word' id='word_1_94' title='bbox 3670 942 3858 999; x_wconf 89' lang='lat' dir='ltr'><strong>neque</strong></span> 
     </span>
    </p>
   </div>
   <div class='ocr_carea' id='block_1_13' title="bbox 394 992 2025 1088">
    <p class='ocr_par' dir='ltr' id='par_1_13' title="bbox 394 992 2025 1081">
     <span class='ocr_line' id='line_1_14' title="bbox 394 992 2025 1081; baseline 0.01 -35"><span class='ocrx_word' id='word_1_95' title='bbox 394 992 637 1069; x_wconf 78' lang='grc' dir='ltr'>ἐφθακῶς</span> <span class='ocrx_word' id='word_1_96' title='bbox 690 997 799 1069; x_wconf 73' lang='grc' dir='ltr'>ἤδη</span> <span class='ocrx_word' id='word_1_97' title='bbox 860 1003 949 1054; x_wconf 79' lang='grc' dir='ltr'><strong>καὶ</strong></span> <span class='ocrx_word' id='word_1_98' title='bbox 1007 1009 1177 1058; x_wconf 82' lang='grc' dir='ltr'>πᾶσαν</span> <span class='ocrx_word' id='word_1_99' title='bbox 1234 1004 1558 1062; x_wconf 79' lang='grc' dir='ltr'>καταλαϐὼν</span> <span class='ocrx_word' id='word_1_100' title='bbox 1613 1014 1712 1077; x_wconf 78' lang='grc' dir='ltr'>τήν</span> <span class='ocrx_word' id='word_1_101' title='bbox 1781 1010 2025 1081; x_wconf 54' lang='grc' dir='ltr'>ἀλήθειαε</span> 
     </span>
    </p>
   </div>
   <div class='ocr_carea' id='block_1_14' title="bbox 2224 992 3855 1088">
    <p class='ocr_par' dir='ltr' id='par_1_14' title="bbox 2224 1015 3855 1088">
     <span class='ocr_line' id='line_1_15' title="bbox 2224 1015 3855 1088; baseline 0.003 -21"><span class='ocrx_word' id='word_1_102' title='bbox 2224 1020 2317 1073; x_wconf 87' lang='lat' dir='ltr'><strong>asi</strong></span> <span class='ocrx_word' id='word_1_103' title='bbox 2350 1019 2471 1087; x_wconf 90' lang='lat' dir='ltr'><strong>jam</strong></span> <span class='ocrx_word' id='word_1_104' title='bbox 2507 1017 2835 1088; x_wconf 80' lang='lat' dir='ltr'><strong>perveneris</strong></span> <span class='ocrx_word' id='word_1_105' title='bbox 2868 1015 2937 1069; x_wconf 89' lang='lat' dir='ltr'><strong>ad</strong></span> <span class='ocrx_word' id='word_1_106' title='bbox 2970 1030 3203 1069; x_wconf 89' lang='lat' dir='ltr'><strong>omnem</strong></span> <span class='ocrx_word' id='word_1_107' title='bbox 3254 1015 3578 1083; x_wconf 79' lang='lat' dir='ltr'><strong>veritatem,</strong></span> <span class='ocrx_word' id='word_1_108' title='bbox 3611 1033 3855 1088; x_wconf 83' lang='lat' dir='ltr'><strong>eamque</strong></span> 
     </span>
    </p>
   </div>
   <div class='ocr_carea' id='block_1_15' title="bbox 392 1084 2023 1177">
    <p class='ocr_par' dir='ltr' id='par_1_15' title="bbox 392 1084 2023 1177">
     <span class='ocr_line' id='line_1_16' title="bbox 392 1084 2023 1177; baseline 0.012 -39"><span class='ocrx_word' id='word_1_109' title='bbox 392 1084 739 1177; x_wconf 65' lang='grc' dir='ltr'>τεθαρρηκὼς</span> <span class='ocrx_word' id='word_1_110' title='bbox 771 1088 894 1177; x_wconf 60' lang='grc' dir='ltr'>ἔσο.</span> <span class='ocrx_word' id='word_1_111' title='bbox 938 1094 1026 1161; x_wconf 75' lang='grc' dir='ltr'><strong>Μὴ</strong></span> <span class='ocrx_word' id='word_1_112' title='bbox 1081 1093 1143 1146; x_wconf 82' lang='grc' dir='ltr'><strong>σὺ</strong></span> <span class='ocrx_word' id='word_1_113' title='bbox 1191 1094 1423 1171; x_wconf 75' lang='grc' dir='ltr'>ἀκούσῃς</span> <span class='ocrx_word' id='word_1_114' title='bbox 1458 1118 1469 1130; x_wconf 88' lang='grc'><strong>·</strong></span> <span class='ocrx_word' id='word_1_115' title='bbox 1523 1097 1661 1169; x_wconf 85' lang='grc' dir='ltr'><strong>Ἤδη</strong></span> <span class='ocrx_word' id='word_1_116' title='bbox 1716 1105 2023 1176; x_wconf 84' lang='grc' dir='ltr'>κεκορισμέ-</span> 
     </span>
    </p>
   </div>
   <div class='ocr_carea' id='block_1_16' title="bbox 2217 1084 3848 1177">
    <p class='ocr_par' dir='ltr' id='par_1_16' title="bbox 2224 1084 3848 1177">
     <span class='ocr_line' id='line_1_17' title="bbox 2224 1084 3848 1177; baseline -0.001 -17"><span class='ocrx_word' id='word_1_117' title='bbox 2224 1084 2678 1177; x_wconf 80' lang='lat' dir='ltr'><strong>mprehenderis,</strong></span> <span class='ocrx_word' id='word_1_118' title='bbox 2733 1103 3026 1173; x_wconf 80' lang='lat' dir='ltr'><strong>arroganti</strong></span> <span class='ocrx_word' id='word_1_119' title='bbox 3057 1104 3210 1173; x_wconf 89' lang='lat' dir='ltr'><strong>apud</strong></span> <span class='ocrx_word' id='word_1_120' title='bbox 3271 1106 3325 1157; x_wconf 88' lang='lat' dir='ltr'><strong>te</strong></span> <span class='ocrx_word' id='word_1_121' title='bbox 3353 1102 3433 1158; x_wconf 92' lang='lat' dir='ltr'><strong>sis</strong></span> <span class='ocrx_word' id='word_1_122' title='bbox 3481 1084 3848 1159; x_wconf 77' lang='lat' dir='ltr'><strong>conﬁdentia.</strong></span> 
     </span>
    </p>
   </div>
   <div class='ocr_carea' id='block_1_17' title="bbox 391 1175 2022 1263">
    <p class='ocr_par' dir='ltr' id='par_1_17' title="bbox 391 1175 2022 1263">
     <span class='ocr_line' id='line_1_18' title="bbox 391 1175 2022 1263; baseline 0.012 -36"><span class='ocrx_word' id='word_1_123' title='bbox 391 1193 472 1228; x_wconf 84' lang='grc' dir='ltr'><strong>νοι</strong></span> <span class='ocrx_word' id='word_1_124' title='bbox 532 1175 667 1243; x_wconf 81' lang='grc' dir='ltr'>ἐστὲ,</span> <span class='ocrx_word' id='word_1_125' title='bbox 722 1176 829 1253; x_wconf 73' lang='grc' dir='ltr'>ἣδῃ</span> <span class='ocrx_word' id='word_1_126' title='bbox 909 1182 1325 1254; x_wconf 79' lang='grc' dir='ltr'>πεπλουτήκατε</span> <span class='ocrx_word' id='word_1_127' title='bbox 1360 1206 1372 1219; x_wconf 76' lang='grc'><strong><em>⁸</em></strong></span> <span class='ocrx_word' id='word_1_128' title='bbox 1432 1190 1607 1263; x_wconf 79' lang='grc' dir='ltr'>χωρὶς</span> <span class='ocrx_word' id='word_1_129' title='bbox 1678 1193 1839 1262; x_wconf 81' lang='grc' dir='ltr'>ἡμῶν</span> <span class='ocrx_word' id='word_1_130' title='bbox 1908 1188 2022 1246; x_wconf 75' lang='grc' dir='ltr'>ἐϐα-</span> 
     </span>
    </p>
   </div>
   <div class='ocr_carea' id='block_1_18' title="bbox 2219 1175 3850 1263">
    <p class='ocr_par' dir='ltr' id='par_1_18' title="bbox 2219 1175 3850 1262">
     <span class='ocr_line' id='line_1_19' title="bbox 2219 1175 3850 1262; baseline -0.001 -13"><span class='ocrx_word' id='word_1_131' title='bbox 2219 1212 2229 1249; x_wconf 67' lang='lat'><strong>:</strong></span> <span class='ocrx_word' id='word_1_132' title='bbox 2276 1175 2331 1250; x_wconf 81' lang='lat' dir='ltr'><strong>et</strong></span> <span class='ocrx_word' id='word_1_133' title='bbox 2387 1200 2449 1250; x_wconf 91' lang='lat' dir='ltr'><strong>tu</strong></span> <span class='ocrx_word' id='word_1_134' title='bbox 2493 1195 2742 1249; x_wconf 89' lang='lat' dir='ltr'><strong>audias:</strong></span> <span class='ocrx_word' id='word_1_135' title='bbox 2804 1195 2926 1249; x_wconf 82' lang='lat' dir='ltr'><strong>Jam</strong></span> <span class='ocrx_word' id='word_1_136' title='bbox 2980 1191 3217 1246; x_wconf 81' lang='lat' dir='ltr'><strong>saturati</strong></span> <span class='ocrx_word' id='word_1_137' title='bbox 3272 1195 3435 1247; x_wconf 82' lang='lat' dir='ltr'><strong>estis:</strong></span> <span class='ocrx_word' id='word_1_138' title='bbox 3488 1193 3607 1262; x_wconf 79' lang='lat' dir='ltr'><strong>jam</strong></span> <span class='ocrx_word' id='word_1_139' title='bbox 3662 1193 3850 1249; x_wconf 80' lang='lat' dir='ltr'><strong>divites</strong></span> 
     </span>
    </p>
   </div>
   <div class='ocr_carea' id='block_1_19' title="bbox 392 1263 2023 1353">
    <p class='ocr_par' dir='ltr' id='par_1_19' title="bbox 392 1263 2023 1350">
     <span class='ocr_line' id='line_1_20' title="bbox 392 1263 2023 1350; baseline 0.012 -33"><span class='ocrx_word' id='word_1_140' title='bbox 392 1263 721 1333; x_wconf 80' lang='grc' dir='ltr'>σιλεύσατε,</span> <span class='ocrx_word' id='word_1_141' title='bbox 800 1269 891 1323; x_wconf 79' lang='grc' dir='ltr'><strong>καὶ</strong></span> <span class='ocrx_word' id='word_1_142' title='bbox 951 1267 1147 1350; x_wconf 73' lang='grc' dir='ltr'>ὄφελόν</span> <span class='ocrx_word' id='word_1_143' title='bbox 1222 1296 1284 1349; x_wconf 90' lang='grc' dir='ltr'><strong>γε</strong></span> <span class='ocrx_word' id='word_1_144' title='bbox 1351 1272 1733 1333; x_wconf 79' lang='grc' dir='ltr'>ἐϐασιλεύσατε</span> <span class='ocrx_word' id='word_1_145' title='bbox 1793 1280 1880 1335; x_wconf 59' lang='grc' dir='ltr'>*ίνα</span> <span class='ocrx_word' id='word_1_146' title='bbox 1946 1282 2023 1336; x_wconf 52' lang='grc' dir='ltr'>καῖ</span> 
     </span>
    </p>
   </div>
   <div class='ocr_carea' id='block_1_20' title="bbox 2214 1263 3845 1353">
    <p class='ocr_par' dir='ltr' id='par_1_20' title="bbox 2214 1281 3845 1353">
     <span class='ocr_line' id='line_1_21' title="bbox 2214 1281 3845 1353; baseline 0 -15"><span class='ocrx_word' id='word_1_147' title='bbox 2214 1286 2283 1339; x_wconf 77' lang='lat' dir='ltr'><strong>cli</strong></span> <span class='ocrx_word' id='word_1_148' title='bbox 2301 1285 2425 1340; x_wconf 84' lang='lat' dir='ltr'><strong>estis</strong></span> <span class='ocrx_word' id='word_1_149' title='bbox 2456 1284 2623 1340; x_wconf 82' lang='lat' dir='ltr'><strong>:sine</strong></span> <span class='ocrx_word' id='word_1_150' title='bbox 2653 1282 2808 1338; x_wconf 79' lang='lat' dir='ltr'><strong>nobis</strong></span> <span class='ocrx_word' id='word_1_151' title='bbox 2864 1281 3154 1350; x_wconf 77' lang='lat' dir='ltr'><strong>regnatis:</strong></span> <span class='ocrx_word' id='word_1_152' title='bbox 3208 1288 3258 1335; x_wconf 83' lang='lat' dir='ltr'><strong>et</strong></span> <span class='ocrx_word' id='word_1_153' title='bbox 3315 1284 3533 1336; x_wconf 79' lang='lat' dir='ltr'><strong>utinam</strong></span> <span class='ocrx_word' id='word_1_154' title='bbox 3590 1285 3845 1353; x_wconf 81' lang='lat' dir='ltr'><strong>regnetis,</strong></span> 
     </span>
    </p>
   </div>
   <div class='ocr_carea' id='block_1_21' title="bbox 388 1354 2019 1443">
    <p class='ocr_par' dir='ltr' id='par_1_21' title="bbox 388 1354 2019 1443">
     <span class='ocr_line' id='line_1_22' title="bbox 388 1354 2019 1443; baseline 0.013 -37"><span class='ocrx_word' id='word_1_155' title='bbox 388 1354 553 1425; x_wconf 81' lang='grc' dir='ltr'>ἡμεῖς</span> <span class='ocrx_word' id='word_1_156' title='bbox 604 1356 731 1427; x_wconf 86' lang='grc' dir='ltr'>ύμῖν</span> <span class='ocrx_word' id='word_1_157' title='bbox 784 1354 1306 1437; x_wconf 77' lang='grc' dir='ltr'>συμϐασιλεύσωμεν</span> <span class='ocrx_word' id='word_1_158' title='bbox 1338 1408 1351 1421; x_wconf 94' lang='grc'><strong>.</strong></span> <span class='ocrx_word' id='word_1_159' title='bbox 1412 1366 1587 1423; x_wconf 81' lang='grc' dir='ltr'>Ἀλλά</span> <span class='ocrx_word' id='word_1_160' title='bbox 1641 1370 1729 1422; x_wconf 75' lang='grc' dir='ltr'>καὶ</span> <span class='ocrx_word' id='word_1_161' title='bbox 1769 1390 2019 1443; x_wconf 84' lang='grc' dir='ltr'>γευσαμε·</span> 
     </span>
    </p>
   </div>
   <div class='ocr_carea' id='block_1_22' title="bbox 2213 1354 3844 1443">
    <p class='ocr_par' dir='ltr' id='par_1_22' title="bbox 2234 1371 3844 1443">
     <span class='ocr_line' id='line_1_23' title="bbox 2234 1371 3844 1443; baseline 0 -14"><span class='ocrx_word' id='word_1_162' title='bbox 2234 1384 2284 1429; x_wconf 85' lang='lat' dir='ltr'><strong>et</strong></span> <span class='ocrx_word' id='word_1_163' title='bbox 2312 1392 2413 1430; x_wconf 82' lang='lat' dir='ltr'><strong>nos</strong></span> <span class='ocrx_word' id='word_1_164' title='bbox 2474 1374 2749 1430; x_wconf 83' lang='lat' dir='ltr'><strong>vobiscum</strong></span> <span class='ocrx_word' id='word_1_165' title='bbox 2780 1388 3068 1440; x_wconf 76' lang='lat' dir='ltr'><strong>regnemus</strong></span> <span class='ocrx_word' id='word_1_166' title='bbox 3099 1372 3142 1428; x_wconf 83' lang='grc'><strong>³.</strong></span> <span class='ocrx_word' id='word_1_167' title='bbox 3170 1372 3279 1426; x_wconf 90' lang='lat' dir='ltr'><strong>Sed</strong></span> <span class='ocrx_word' id='word_1_168' title='bbox 3336 1371 3445 1427; x_wconf 88' lang='lat' dir='ltr'><strong>etsi</strong></span> <span class='ocrx_word' id='word_1_169' title='bbox 3496 1373 3844 1443; x_wconf 88' lang='lat' dir='ltr'><strong>gustaveris,</strong></span> 
     </span>
    </p>
   </div>
   <div class='ocr_carea' id='block_1_23' title="bbox 388 1445 2019 1535">
    <p class='ocr_par' dir='ltr' id='par_1_23' title="bbox 388 1445 2019 1531">
     <span class='ocr_line' id='line_1_24' title="bbox 388 1445 2019 1531; baseline 0.013 -36"><span class='ocrx_word' id='word_1_170' title='bbox 388 1462 478 1504; x_wconf 89' lang='grc' dir='ltr'><strong>νος</strong></span> <span class='ocrx_word' id='word_1_171' title='bbox 515 1488 527 1512; x_wconf 91' lang='grc'><strong>,</strong></span> <span class='ocrx_word' id='word_1_172' title='bbox 580 1445 653 1507; x_wconf 86' lang='grc' dir='ltr'><strong>ὡς</strong></span> <span class='ocrx_word' id='word_1_173' title='bbox 708 1448 878 1519; x_wconf 69' lang='grc' dir='ltr'>μήπω</span> <span class='ocrx_word' id='word_1_174' title='bbox 926 1455 1023 1504; x_wconf 85' lang='grc' dir='ltr'><strong>τοῦ</strong></span> <span class='ocrx_word' id='word_1_175' title='bbox 1081 1453 1507 1527; x_wconf 82' lang='grc' dir='ltr'>Χριστιανισμοῦ</span> <span class='ocrx_word' id='word_1_176' title='bbox 1556 1458 1831 1531; x_wconf 80' lang='grc' dir='ltr'>ἁψάμενος</span> <span class='ocrx_word' id='word_1_177' title='bbox 1898 1462 2019 1516; x_wconf 63' lang='grc' dir='ltr'>εἶναι</span> 
     </span>
    </p>
   </div>
   <div class='ocr_carea' id='block_1_24' title="bbox 2213 1445 3844 1535">
    <p class='ocr_par' dir='ltr' id='par_1_24' title="bbox 2229 1461 3844 1535">
     <span class='ocr_line' id='line_1_25' title="bbox 2229 1461 3844 1535; baseline -0.001 -16"><span class='ocrx_word' id='word_1_178' title='bbox 2229 1470 2507 1535; x_wconf 89' lang='lat' dir='ltr'><strong>tanquam</strong></span> <span class='ocrx_word' id='word_1_179' title='bbox 2541 1465 2797 1519; x_wconf 87' lang='lat' dir='ltr'><strong>nondum</strong></span> <span class='ocrx_word' id='word_1_180' title='bbox 2830 1461 3347 1517; x_wconf 81' lang='lat' dir='ltr'><strong>Christianismum</strong></span> <span class='ocrx_word' id='word_1_181' title='bbox 3401 1462 3683 1531; x_wconf 79' lang='lat' dir='ltr'><strong>attigeris,</strong></span> <span class='ocrx_word' id='word_1_182' title='bbox 3716 1479 3844 1518; x_wconf 89' lang='lat' dir='ltr'><strong>esse</strong></span> 
     </span>
    </p>
   </div>
   <div class='ocr_carea' id='block_1_25' title="bbox 384 1530 2015 1624">
    <p class='ocr_par' dir='ltr' id='par_1_25' title="bbox 384 1530 2015 1624">
     <span class='ocr_line' id='line_1_26' title="bbox 384 1530 2015 1624; baseline 0.013 -41"><span class='ocrx_word' id='word_1_183' title='bbox 384 1530 596 1624; x_wconf 71' lang='grc' dir='ltr'>νόμιζε·</span> <span class='ocrx_word' id='word_1_184' title='bbox 632 1535 719 1588; x_wconf 75' lang='grc' dir='ltr'><strong>καὶ</strong></span> <span class='ocrx_word' id='word_1_185' title='bbox 756 1538 832 1609; x_wconf 76' lang='grc' dir='ltr'>μὴ</span> <span class='ocrx_word' id='word_1_186' title='bbox 866 1536 915 1608; x_wconf 77' lang='grc' dir='ltr'><strong>ἐξ</strong></span> <span class='ocrx_word' id='word_1_187' title='bbox 947 1537 1218 1607; x_wconf 77' lang='grc' dir='ltr'><strong>ἐπιπολῆς</strong></span> <span class='ocrx_word' id='word_1_188' title='bbox 1250 1538 1389 1599; x_wconf 78' lang='grc' dir='ltr'>ἔστω</span> <span class='ocrx_word' id='word_1_189' title='bbox 1420 1546 1579 1599; x_wconf 84' lang='grc' dir='ltr'>τοῦτό</span> <span class='ocrx_word' id='word_1_190' title='bbox 1622 1567 1728 1614; x_wconf 89' lang='grc' dir='ltr'>σοι,</span> <span class='ocrx_word' id='word_1_191' title='bbox 1781 1547 1907 1602; x_wconf 87' lang='grc' dir='ltr'>ἀλλ’</span> <span class='ocrx_word' id='word_1_192' title='bbox 1957 1551 2015 1604; x_wconf 70' lang='grc' dir='ltr'><strong>ὡς</strong></span> 
     </span>
    </p>
   </div>
   <div class='ocr_carea' id='block_1_26' title="bbox 2208 1530 3839 1624">
    <p class='ocr_par' dir='ltr' id='par_1_26' title="bbox 2208 1530 3839 1624">
     <span class='ocr_line' id='line_1_27' title="bbox 2208 1530 3839 1624; baseline -0.001 -16"><span class='ocrx_word' id='word_1_193' title='bbox 2208 1530 2364 1623; x_wconf 56' lang='lat' dir='ltr'><strong>puta:</strong></span> <span class='ocrx_word' id='word_1_194' title='bbox 2396 1555 2591 1624; x_wconf 87' lang='lat' dir='ltr'><strong>Neque</strong></span> <span class='ocrx_word' id='word_1_195' title='bbox 2622 1554 2728 1609; x_wconf 92' lang='lat' dir='ltr'><strong>hoc</strong></span> <span class='ocrx_word' id='word_1_196' title='bbox 2761 1552 3158 1623; x_wconf 78' lang='lat' dir='ltr'><strong>superﬁciarie</strong></span> <span class='ocrx_word' id='word_1_197' title='bbox 3188 1568 3305 1621; x_wconf 75' lang='lat' dir='ltr'><strong>praa</strong></span> <span class='ocrx_word' id='word_1_198' title='bbox 3361 1554 3417 1606; x_wconf 87' lang='lat' dir='ltr'><strong>te</strong></span> <span class='ocrx_word' id='word_1_199' title='bbox 3451 1551 3598 1607; x_wconf 86' lang='lat' dir='ltr'><strong>feras</strong></span> <span class='ocrx_word' id='word_1_200' title='bbox 3627 1552 3796 1607; x_wconf 87' lang='lat' dir='ltr'><strong>velim</strong></span> <span class='ocrx_word' id='word_1_201' title='bbox 3828 1571 3839 1620; x_wconf 93' lang='lat'>;</span> 
     </span>
    </p>
   </div>
   <div class='ocr_carea' id='block_1_27' title="bbox 383 1616 2014 1713">
    <p class='ocr_par' dir='ltr' id='par_1_27' title="bbox 383 1616 2014 1711">
     <span class='ocr_line' id='line_1_28' title="bbox 383 1616 2014 1711; baseline 0.013 -39"><span class='ocrx_word' id='word_1_202' title='bbox 383 1616 848 1698; x_wconf 71' lang='grc' dir='ltr'>ἐμπεφυτευμένον</span> <span class='ocrx_word' id='word_1_203' title='bbox 887 1624 1177 1692; x_wconf 87' lang='grc' dir='ltr'>διαπαντὸς</span> <span class='ocrx_word' id='word_1_204' title='bbox 1226 1632 1315 1686; x_wconf 81' lang='grc' dir='ltr'><strong>καὶ</strong></span> <span class='ocrx_word' id='word_1_205' title='bbox 1364 1637 1738 1708; x_wconf 73' lang='grc' dir='ltr'>κεκυρωμένον</span> <span class='ocrx_word' id='word_1_206' title='bbox 1797 1641 1865 1711; x_wconf 79' lang='grc' dir='ltr'>τῇ</span> <span class='ocrx_word' id='word_1_207' title='bbox 1911 1636 2014 1694; x_wconf 85' lang='grc' dir='ltr'>δια-</span> 
     </span>
    </p>
   </div>
   <div class='ocr_carea' id='block_1_28' title="bbox 2209 1616 3840 1713">
    <p class='ocr_par' dir='ltr' id='par_1_28' title="bbox 2209 1616 3840 1713">
     <span class='ocr_line' id='line_1_29' title="bbox 2209 1616 3840 1713; baseline -0.001 -15"><span class='ocrx_word' id='word_1_208' title='bbox 2209 1616 2238 1698; x_wconf 78' lang='lat' dir='ltr'><strong>d</strong></span> <span class='ocrx_word' id='word_1_209' title='bbox 2272 1648 2335 1698; x_wconf 92' lang='lat' dir='ltr'><strong>ut</strong></span> <span class='ocrx_word' id='word_1_210' title='bbox 2367 1616 2597 1713; x_wconf 78' lang='lat' dir='ltr'><strong>penitus</strong></span> <span class='ocrx_word' id='word_1_211' title='bbox 2626 1643 2868 1697; x_wconf 88' lang='lat' dir='ltr'><strong>insilum</strong></span> <span class='ocrx_word' id='word_1_212' title='bbox 2902 1657 3159 1712; x_wconf 87' lang='lat' dir='ltr'><strong>semper,</strong></span> <span class='ocrx_word' id='word_1_213' title='bbox 3194 1657 3259 1696; x_wconf 91' lang='lat' dir='ltr'><strong>ac</strong></span> <span class='ocrx_word' id='word_1_214' title='bbox 3288 1641 3494 1696; x_wconf 84' lang='lat' dir='ltr'><strong>intime</strong></span> <span class='ocrx_word' id='word_1_215' title='bbox 3553 1642 3840 1698; x_wconf 80' lang='lat' dir='ltr'><strong>sancitum</strong></span> 
     </span>
    </p>
   </div>
   <div class='ocr_carea' id='block_1_29' title="bbox 380 1710 2011 1787">
    <p class='ocr_par' dir='ltr' id='par_1_29' title="bbox 380 1710 647 1781">
     <span class='ocr_line' id='line_1_30' title="bbox 380 1710 647 1781; baseline 0.015 -19"><span class='ocrx_word' id='word_1_216' title='bbox 380 1710 502 1781; x_wconf 80' lang='grc' dir='ltr'>νοίᾳ</span> <span class='ocrx_word' id='word_1_217' title='bbox 532 1732 647 1770; x_wconf 87' lang='grc' dir='ltr'>σου.</span> 
     </span>
    </p>
   </div>
   <div class='ocr_carea' id='block_1_30' title="bbox 1055 1710 2686 1787">
    <p class='ocr_par' dir='ltr' id='par_1_30' title="bbox 2136 1732 2686 1787">
     <span class='ocr_line' id='line_1_31' title="bbox 2136 1732 2686 1787; baseline -0.002 -1"><span class='ocrx_word' id='word_1_218' title='bbox 2136 1732 2195 1786; x_wconf 88' lang='lat' dir='ltr'><strong>in</strong></span> <span class='ocrx_word' id='word_1_219' title='bbox 2232 1738 2422 1787; x_wconf 88' lang='lat' dir='ltr'><strong>mente</strong></span> <span class='ocrx_word' id='word_1_220' title='bbox 2452 1734 2531 1787; x_wconf 87' lang='lat' dir='ltr'><strong>sit</strong></span> <span class='ocrx_word' id='word_1_221' title='bbox 2571 1737 2686 1787; x_wconf 77' lang='lat' dir='ltr'><strong>tua.</strong></span> 
     </span>
    </p>
   </div>
   <div class='ocr_carea' id='block_1_31' title="bbox 452 1801 2083 1894">
    <p class='ocr_par' dir='ltr' id='par_1_31' title="bbox 452 1801 2083 1894">
     <span class='ocr_line' id='line_1_32' title="bbox 452 1801 2083 1894; baseline 0.011 -41"><span class='ocrx_word' id='word_1_222' title='bbox 554 1803 758 1877; x_wconf 81' lang='grc' dir='ltr'>Ὥσπερ</span> <span class='ocrx_word' id='word_1_223' title='bbox 786 1825 868 1866; x_wconf 89' lang='grc' dir='ltr'><strong>τις</strong></span> <span class='ocrx_word' id='word_1_224' title='bbox 908 1807 1301 1885; x_wconf 66' lang='grc' dir='ltr'>φιλόπλουτος,</span> <span class='ocrx_word' id='word_1_225' title='bbox 1340 1811 1434 1867; x_wconf 73' lang='grc' dir='ltr'>κᾶν</span> <span class='ocrx_word' id='word_1_226' title='bbox 1490 1817 1657 1889; x_wconf 88' lang='grc' dir='ltr'>μυρία</span> <span class='ocrx_word' id='word_1_227' title='bbox 1705 1821 2021 1894; x_wconf 87' lang='grc' dir='ltr'>συναγαγὼν</span> <span class='ocrx_word' id='word_1_228' title='bbox 2060 1874 2083 1894; x_wconf 55' lang='grc' dir='ltr'><strong><em>τ</em></strong></span> 
     </span>
    </p>
   </div>
   <div class='ocr_carea' id='block_1_32' title="bbox 2204 1801 3835 1894">
    <p class='ocr_par' dir='ltr' id='par_1_32' title="bbox 2208 1818 3835 1892">
     <span class='ocr_line' id='line_1_33' title="bbox 2208 1818 3835 1892; baseline 0.001 -18"><span class='ocrx_word' id='word_1_229' title='bbox 2208 1820 2305 1875; x_wconf 91' lang='lat' dir='ltr'><strong>IIl.</strong></span> <span class='ocrx_word' id='word_1_230' title='bbox 2346 1822 2410 1877; x_wconf 92' lang='lat' dir='ltr'><strong>Ut</strong></span> <span class='ocrx_word' id='word_1_231' title='bbox 2440 1838 2651 1875; x_wconf 88' lang='lat' dir='ltr'><strong>avarus</strong></span> <span class='ocrx_word' id='word_1_232' title='bbox 2703 1819 3023 1890; x_wconf 79' lang='lat' dir='ltr'><strong>quispiam,</strong></span> <span class='ocrx_word' id='word_1_233' title='bbox 3074 1818 3182 1873; x_wconf 85' lang='lat' dir='ltr'><strong>etsi</strong></span> <span class='ocrx_word' id='word_1_234' title='bbox 3234 1820 3539 1889; x_wconf 86' lang='lat' dir='ltr'><strong>pecuniam</strong></span> <span class='ocrx_word' id='word_1_235' title='bbox 3598 1836 3835 1892; x_wconf 87' lang='lat' dir='ltr'><strong>conges-</strong></span> 
     </span>
    </p>
   </div>
   <div class='ocr_carea' id='block_1_33' title="bbox 377 1891 2008 1981">
    <p class='ocr_par' dir='ltr' id='par_1_33' title="bbox 377 1891 2008 1981">
     <span class='ocr_line' id='line_1_34' title="bbox 377 1891 2008 1981; baseline 0.012 -39"><span class='ocrx_word' id='word_1_236' title='bbox 377 1891 641 1981; x_wconf 76' lang='grc' dir='ltr'>χρήματα</span> <span class='ocrx_word' id='word_1_237' title='bbox 670 1894 725 1962; x_wconf 76' lang='grc' dir='ltr'>ᾗ,</span> <span class='ocrx_word' id='word_1_238' title='bbox 761 1894 913 1949; x_wconf 68' lang='grc' dir='ltr'>οὔπω</span> <span class='ocrx_word' id='word_1_239' title='bbox 946 1894 1229 1973; x_wconf 81' lang='grc' dir='ltr'>διακορής,</span> <span class='ocrx_word' id='word_1_240' title='bbox 1262 1902 1461 1974; x_wconf 81' lang='grc' dir='ltr'>γίνεται</span> <span class='ocrx_word' id='word_1_241' title='bbox 1496 1904 1709 1975; x_wconf 77' lang='grc' dir='ltr'>μᾶλλον</span> <span class='ocrx_word' id='word_1_242' title='bbox 1755 1915 1854 1975; x_wconf 79' lang='grc' dir='ltr'>τῆς</span> <span class='ocrx_word' id='word_1_243' title='bbox 1903 1891 2008 1961; x_wconf 79' lang='grc' dir='ltr'>ἐπι-</span> 
     </span>
    </p>
   </div>
   <div class='ocr_carea' id='block_1_34' title="bbox 2204 1891 3835 1981">
    <p class='ocr_par' dir='ltr' id='par_1_34' title="bbox 2204 1891 3835 1981">
     <span class='ocr_line' id='line_1_35' title="bbox 2204 1891 3835 1981; baseline 0.002 -18"><span class='ocrx_word' id='word_1_244' title='bbox 2204 1909 2273 1964; x_wconf 90' lang='lat' dir='ltr'><strong>rit</strong></span> <span class='ocrx_word' id='word_1_245' title='bbox 2339 1909 2850 1975; x_wconf 86' lang='lat' dir='ltr'><strong>innumerabilem,</strong></span> <span class='ocrx_word' id='word_1_246' title='bbox 2900 1907 3058 1962; x_wconf 88' lang='lat' dir='ltr'><strong>haud</strong></span> <span class='ocrx_word' id='word_1_247' title='bbox 3115 1909 3446 1974; x_wconf 72' lang='lat' dir='ltr'><strong>exsatiatur,</strong></span> <span class='ocrx_word' id='word_1_248' title='bbox 3499 1910 3599 1963; x_wconf 90' lang='lat' dir='ltr'><strong>sed</strong></span> <span class='ocrx_word' id='word_1_249' title='bbox 3667 1891 3835 1981; x_wconf 85' lang='lat' dir='ltr'><strong>plura</strong></span> 
     </span>
    </p>
   </div>
   <div class='ocr_carea' id='block_1_35' title="bbox 376 1979 2007 2071">
    <p class='ocr_par' dir='ltr' id='par_1_35' title="bbox 376 1979 2007 2069">
     <span class='ocr_line' id='line_1_36' title="bbox 376 1979 2007 2069; baseline 0.012 -37"><span class='ocrx_word' id='word_1_250' title='bbox 376 1979 593 2051; x_wconf 83' lang='grc' dir='ltr'>θυμίας·</span> <span class='ocrx_word' id='word_1_251' title='bbox 630 1981 663 2049; x_wconf 79' lang='grc' dir='ltr'><strong>ἢ</strong></span> <span class='ocrx_word' id='word_1_252' title='bbox 696 1986 937 2060; x_wconf 86' lang='grc' dir='ltr'>καθάπερ</span> <span class='ocrx_word' id='word_1_253' title='bbox 985 2009 1064 2050; x_wconf 85' lang='grc' dir='ltr'><strong>τις</strong></span> <span class='ocrx_word' id='word_1_254' title='bbox 1120 1990 1368 2062; x_wconf 79' lang='grc' dir='ltr'>πόματος</span> <span class='ocrx_word' id='word_1_255' title='bbox 1414 1992 1683 2062; x_wconf 83' lang='grc' dir='ltr'>ἡδυτάτου</span> <span class='ocrx_word' id='word_1_256' title='bbox 1733 1997 1868 2069; x_wconf 81' lang='grc' dir='ltr'>πρὸς</span> <span class='ocrx_word' id='word_1_257' title='bbox 1924 2002 2007 2051; x_wconf 79' lang='grc' dir='ltr'>τοί</span> 
     </span>
    </p>
   </div>
   <div class='ocr_carea' id='block_1_36' title="bbox 2201 1979 3832 2071">
    <p class='ocr_par' dir='ltr' id='par_1_36' title="bbox 2201 1979 3832 2071">
     <span class='ocr_line' id='line_1_37' title="bbox 2201 1979 3832 2071; baseline 0.004 -22"><span class='ocrx_word' id='word_1_258' title='bbox 2201 2000 2327 2054; x_wconf 70' lang='grc' dir='ltr'>ιῐίυδ</span> <span class='ocrx_word' id='word_1_259' title='bbox 2359 2001 2684 2067; x_wconf 84' lang='lat' dir='ltr'><strong>desiderat;</strong></span> <span class='ocrx_word' id='word_1_260' title='bbox 2716 2009 2811 2053; x_wconf 84' lang='lat' dir='ltr'><strong>aut</strong></span> <span class='ocrx_word' id='word_1_261' title='bbox 2841 1999 2939 2071; x_wconf 90' lang='lat' dir='ltr'><strong>qui</strong></span> <span class='ocrx_word' id='word_1_262' title='bbox 2972 2016 3005 2053; x_wconf 93' lang='lat' dir='ltr'><strong>a</strong></span> <span class='ocrx_word' id='word_1_263' title='bbox 3046 1999 3277 2069; x_wconf 84' lang='lat' dir='ltr'><strong>potione</strong></span> <span class='ocrx_word' id='word_1_264' title='bbox 3310 1979 3832 2056; x_wconf 46' lang='lat' dir='ltr'><strong>dulcissima—ante</strong></span> 
     </span>
    </p>
   </div>
   <div class='ocr_carea' id='block_1_37' title="bbox 373 2067 2004 2159">
    <p class='ocr_par' dir='ltr' id='par_1_37' title="bbox 373 2067 2004 2155">
     <span class='ocr_line' id='line_1_38' title="bbox 373 2067 2004 2155; baseline 0.01 -35"><span class='ocrx_word' id='word_1_265' title='bbox 373 2068 539 2138; x_wconf 84' lang='grc' dir='ltr'>κόρου</span> <span class='ocrx_word' id='word_1_266' title='bbox 591 2067 938 2135; x_wconf 80' lang='grc' dir='ltr'>διασπασθεὶς</span> <span class='ocrx_word' id='word_1_267' title='bbox 1004 2076 1101 2143; x_wconf 78' lang='grc' dir='ltr'>τήν</span> <span class='ocrx_word' id='word_1_268' title='bbox 1171 2074 1353 2152; x_wconf 73' lang='grc' dir='ltr'>δίψαν,</span> <span class='ocrx_word' id='word_1_269' title='bbox 1434 2080 1672 2153; x_wconf 84' lang='grc' dir='ltr'>μᾶλλονέ</span> <span class='ocrx_word' id='word_1_270' title='bbox 1712 2067 2004 2155; x_wconf 78' lang='grc' dir='ltr'><strong>ξέκαυσεν⁴</strong></span> 
     </span>
    </p>
   </div>
   <div class='ocr_carea' id='block_1_38' title="bbox 2201 2067 3832 2159">
    <p class='ocr_par' dir='ltr' id='par_1_38' title="bbox 2201 2067 3832 2159">
     <span class='ocr_line' id='line_1_39' title="bbox 2201 2067 3832 2159; baseline 0.001 -16"><span class='ocrx_word' id='word_1_271' title='bbox 2201 2090 2452 2144; x_wconf 82' lang='lat' dir='ltr'><strong>tietatem</strong></span> <span class='ocrx_word' id='word_1_272' title='bbox 2491 2089 2767 2159; x_wconf 86' lang='lat' dir='ltr'><strong>depulsus</strong></span> <span class='ocrx_word' id='word_1_273' title='bbox 2798 2067 2905 2153; x_wconf 72' lang='lat' dir='ltr'><strong>est,</strong></span> <span class='ocrx_word' id='word_1_274' title='bbox 2955 2067 3111 2143; x_wconf 83' lang='lat' dir='ltr'><strong>sitim</strong></span> <span class='ocrx_word' id='word_1_275' title='bbox 3172 2090 3358 2159; x_wconf 87' lang='lat' dir='ltr'><strong>magis</strong></span> <span class='ocrx_word' id='word_1_276' title='bbox 3409 2089 3717 2144; x_wconf 89' lang='lat' dir='ltr'><strong>accendit:</strong></span> <span class='ocrx_word' id='word_1_277' title='bbox 3751 2090 3832 2146; x_wconf 88' lang='lat' dir='ltr'><strong>sic</strong></span> 
     </span>
    </p>
   </div>
   <div class='ocr_carea' id='block_1_39' title="bbox 373 2156 2004 2249">
    <p class='ocr_par' dir='ltr' id='par_1_39' title="bbox 373 2156 2004 2249">
     <span class='ocr_line' id='line_1_40' title="bbox 373 2156 2004 2249; baseline 0.01 -38"><span class='ocrx_word' id='word_1_278' title='bbox 373 2156 516 2213; x_wconf 75' lang='grc' dir='ltr'>οὕτω</span> <span class='ocrx_word' id='word_1_279' title='bbox 569 2158 633 2229; x_wconf 81' lang='grc' dir='ltr'>δὴ</span> <span class='ocrx_word' id='word_1_280' title='bbox 680 2161 773 2217; x_wconf 82' lang='grc' dir='ltr'><strong>καί·</strong></span> <span class='ocrx_word' id='word_1_281' title='bbox 818 2166 850 2231; x_wconf 84' lang='grc' dir='ltr'>ἡ</span> <span class='ocrx_word' id='word_1_282' title='bbox 892 2169 987 2218; x_wconf 70' lang='grc' dir='ltr'><strong>τοῦ</strong></span> <span class='ocrx_word' id='word_1_283' title='bbox 1032 2172 1164 2220; x_wconf 87' lang='grc' dir='ltr'>Θεοῦ</span> <span class='ocrx_word' id='word_1_284' title='bbox 1209 2173 1388 2242; x_wconf 87' lang='grc' dir='ltr'>γεῦσις</span> <span class='ocrx_word' id='word_1_285' title='bbox 1437 2174 1635 2235; x_wconf 85' lang='grc' dir='ltr'>παντὸς</span> <span class='ocrx_word' id='word_1_286' title='bbox 1691 2172 1809 2227; x_wconf 73' lang='grc' dir='ltr'>οἶδε</span> <span class='ocrx_word' id='word_1_287' title='bbox 1850 2176 2004 2249; x_wconf 64' lang='grc' dir='ltr'>κόροι</span> 
     </span>
    </p>
   </div>
   <div class='ocr_carea' id='block_1_40' title="bbox 2199 2156 3830 2249">
    <p class='ocr_par' dir='ltr' id='par_1_40' title="bbox 2199 2178 3830 2248">
     <span class='ocr_line' id='line_1_41' title="bbox 2199 2178 3830 2248; baseline 0.002 -18"><span class='ocrx_word' id='word_1_288' title='bbox 2199 2179 2224 2230; x_wconf 83' lang='lat' dir='ltr'><strong>ll</strong></span> <span class='ocrx_word' id='word_1_289' title='bbox 2259 2186 2482 2248; x_wconf 86' lang='lat' dir='ltr'><strong>gustus,</strong></span> <span class='ocrx_word' id='word_1_290' title='bbox 2533 2188 2729 2233; x_wconf 82' lang='lat' dir='ltr'><strong>contra</strong></span> <span class='ocrx_word' id='word_1_291' title='bbox 2785 2196 3018 2233; x_wconf 90' lang='lat' dir='ltr'><strong>omnem</strong></span> <span class='ocrx_word' id='word_1_292' title='bbox 3070 2182 3387 2233; x_wconf 84' lang='lat' dir='ltr'><strong>satietatem</strong></span> <span class='ocrx_word' id='word_1_293' title='bbox 3436 2178 3669 2248; x_wconf 85' lang='lat' dir='ltr'><strong>gloriari</strong></span> <span class='ocrx_word' id='word_1_294' title='bbox 3722 2196 3830 2234; x_wconf 90' lang='lat' dir='ltr'><strong>no-</strong></span> 
     </span>
    </p>
   </div>
   <div class='ocr_carea' id='block_1_41' title="bbox 369 2253 2000 2338">
    <p class='ocr_par' dir='ltr' id='par_1_41' title="bbox 369 2253 2000 2330">
     <span class='ocr_line' id='line_1_42' title="bbox 369 2253 2000 2330; baseline 0.011 -30"><span class='ocrx_word' id='word_1_295' title='bbox 369 2253 833 2323; x_wconf 86' lang='grc' dir='ltr'>κατακαυχᾶσθαι,</span> <span class='ocrx_word' id='word_1_296' title='bbox 886 2253 1031 2309; x_wconf 85' lang='grc' dir='ltr'><strong>ἀλλά</strong></span> <span class='ocrx_word' id='word_1_297' title='bbox 1088 2257 1175 2310; x_wconf 83' lang='grc' dir='ltr'><strong>καὶ</strong></span> <span class='ocrx_word' id='word_1_298' title='bbox 1233 2257 1342 2330; x_wconf 77' lang='grc' dir='ltr'><strong>ὅσῳ</strong></span> <span class='ocrx_word' id='word_1_299' title='bbox 1390 2259 1619 2315; x_wconf 82' lang='grc' dir='ltr'>πλουτεῖ</span> <span class='ocrx_word' id='word_1_300' title='bbox 1672 2282 1752 2326; x_wconf 85' lang='grc' dir='ltr'><strong>τις</strong></span> <span class='ocrx_word' id='word_1_301' title='bbox 1798 2265 2000 2317; x_wconf 78' lang='grc' dir='ltr'>τουτονῖ</span> 
     </span>
    </p>
   </div>
   <div class='ocr_carea' id='block_1_42' title="bbox 2196 2253 3827 2338">
    <p class='ocr_par' dir='ltr' id='par_1_42' title="bbox 2196 2266 3827 2338">
     <span class='ocr_line' id='line_1_43' title="bbox 2196 2266 3827 2338; baseline 0.005 -21"><span class='ocrx_word' id='word_1_302' title='bbox 2196 2310 2223 2333; x_wconf 75' lang='lat'><strong>,,</strong></span> <span class='ocrx_word' id='word_1_303' title='bbox 2282 2267 2394 2321; x_wconf 90' lang='lat' dir='ltr'><strong>imo</strong></span> <span class='ocrx_word' id='word_1_304' title='bbox 2456 2274 2674 2337; x_wconf 89' lang='lat' dir='ltr'><strong>quanto</strong></span> <span class='ocrx_word' id='word_1_305' title='bbox 2731 2266 2864 2337; x_wconf 88' lang='lat' dir='ltr'><strong>quis</strong></span> <span class='ocrx_word' id='word_1_306' title='bbox 2928 2269 3108 2338; x_wconf 89' lang='lat' dir='ltr'><strong>magis</strong></span> <span class='ocrx_word' id='word_1_307' title='bbox 3184 2266 3519 2321; x_wconf 88' lang='lat' dir='ltr'><strong>istiusmodi</strong></span> <span class='ocrx_word' id='word_1_308' title='bbox 3609 2268 3827 2325; x_wconf 87' lang='lat' dir='ltr'><strong>divitiis</strong></span> 
     </span>
    </p>
   </div>
   <div class='ocr_carea' id='block_1_43' title="bbox 368 2336 1999 2428">
    <p class='ocr_par' dir='ltr' id='par_1_43' title="bbox 368 2336 1999 2411">
     <span class='ocr_line' id='line_1_44' title="bbox 368 2336 1999 2411; baseline 0.011 -20"><span class='ocrx_word' id='word_1_309' title='bbox 368 2336 459 2391; x_wconf 77' lang='grc' dir='ltr'>τὸν</span> <span class='ocrx_word' id='word_1_310' title='bbox 488 2336 725 2393; x_wconf 87' lang='grc' dir='ltr'>πλοῦτον</span> <span class='ocrx_word' id='word_1_311' title='bbox 756 2341 956 2411; x_wconf 85' lang='grc' dir='ltr'>πένητα</span> <span class='ocrx_word' id='word_1_312' title='bbox 996 2345 1180 2399; x_wconf 71' lang='grc' dir='ltr'>ἑαυτὸν</span> <span class='ocrx_word' id='word_1_313' title='bbox 1233 2349 1362 2402; x_wconf 77' lang='grc' dir='ltr'>εἶναι</span> <span class='ocrx_word' id='word_1_314' title='bbox 1413 2358 1681 2408; x_wconf 84' lang='grc' dir='ltr'>κατανοεῖ.</span> <span class='ocrx_word' id='word_1_315' title='bbox 1733 2354 1800 2409; x_wconf 75' lang='grc' dir='ltr'><strong>Οἱ</strong></span> <span class='ocrx_word' id='word_1_316' title='bbox 1849 2354 1999 2409; x_wconf 87' lang='grc' dir='ltr'>τοιοί·</span> 
     </span>
    </p>
   </div>
   <div class='ocr_carea' id='block_1_44' title="bbox 2195 2336 3826 2428">
    <p class='ocr_par' dir='ltr' id='par_1_44' title="bbox 2200 2336 3826 2428">
     <span class='ocr_line' id='line_1_45' title="bbox 2200 2336 3826 2428; baseline 0.001 -17"><span class='ocrx_word' id='word_1_317' title='bbox 2200 2359 2397 2425; x_wconf 81' lang='lat' dir='ltr'><strong>undat,</strong></span> <span class='ocrx_word' id='word_1_318' title='bbox 2470 2336 2633 2411; x_wconf 85' lang='lat' dir='ltr'><strong>tanto</strong></span> <span class='ocrx_word' id='word_1_319' title='bbox 2693 2336 2878 2425; x_wconf 88' lang='lat' dir='ltr'><strong>magis</strong></span> <span class='ocrx_word' id='word_1_320' title='bbox 2936 2336 3268 2411; x_wconf 76' lang='lat' dir='ltr'><strong>considerat</strong></span> <span class='ocrx_word' id='word_1_321' title='bbox 3314 2372 3374 2411; x_wconf 89' lang='lat' dir='ltr'><strong>se</strong></span> <span class='ocrx_word' id='word_1_322' title='bbox 3431 2372 3558 2412; x_wconf 78' lang='lat' dir='ltr'><strong>esse</strong></span> <span class='ocrx_word' id='word_1_323' title='bbox 3608 2373 3826 2428; x_wconf 87' lang='lat' dir='ltr'><strong>paupe-</strong></span> 
     </span>
    </p>
   </div>
   <div class='ocr_carea' id='block_1_45' title="bbox 368 2423 1999 2514">
    <p class='ocr_par' dir='ltr' id='par_1_45' title="bbox 368 2423 1999 2514">
     <span class='ocr_line' id='line_1_46' title="bbox 368 2423 1999 2514; baseline 0.009 -33"><span class='ocrx_word' id='word_1_324' title='bbox 368 2423 426 2481; x_wconf 85' lang='grc' dir='ltr'><strong>δε</strong></span> <span class='ocrx_word' id='word_1_325' title='bbox 478 2428 792 2500; x_wconf 86' lang='grc' dir='ltr'>Χριστιανοὶ</span> <span class='ocrx_word' id='word_1_326' title='bbox 826 2432 924 2486; x_wconf 83' lang='grc' dir='ltr'><strong>ούκ</strong></span> <span class='ocrx_word' id='word_1_327' title='bbox 980 2428 1171 2509; x_wconf 80' lang='grc' dir='ltr'>ἔχουσι</span> <span class='ocrx_word' id='word_1_328' title='bbox 1218 2439 1341 2510; x_wconf 87' lang='grc' dir='ltr'>παρ’</span> <span class='ocrx_word' id='word_1_329' title='bbox 1410 2438 1621 2501; x_wconf 77' lang='grc' dir='ltr'>ἑαυτοῖς</span> <span class='ocrx_word' id='word_1_330' title='bbox 1679 2442 1863 2514; x_wconf 83' lang='grc' dir='ltr'>τιμίαν</span> <span class='ocrx_word' id='word_1_331' title='bbox 1912 2444 1999 2511; x_wconf 61' lang='grc' dir='ltr'>τὴν</span> 
     </span>
    </p>
   </div>
   <div class='ocr_carea' id='block_1_46' title="bbox 2191 2423 3822 2514">
    <p class='ocr_par' dir='ltr' id='par_1_46' title="bbox 2191 2423 3822 2501">
     <span class='ocr_line' id='line_1_47' title="bbox 2191 2423 3822 2501; baseline -0.001 0"><span class='ocrx_word' id='word_1_332' title='bbox 2191 2463 2265 2501; x_wconf 92' lang='lat' dir='ltr'><strong>m.</strong></span> <span class='ocrx_word' id='word_1_333' title='bbox 2332 2423 2496 2501; x_wconf 87' lang='lat' dir='ltr'><strong>Tales</strong></span> <span class='ocrx_word' id='word_1_334' title='bbox 2569 2423 2885 2501; x_wconf 75' lang='lat' dir='ltr'><strong>Christiani</strong></span> <span class='ocrx_word' id='word_1_335' title='bbox 2965 2462 3077 2500; x_wconf 86' lang='lat' dir='ltr'><strong>non</strong></span> <span class='ocrx_word' id='word_1_336' title='bbox 3167 2445 3383 2501; x_wconf 84' lang='lat' dir='ltr'><strong>habent</strong></span> <span class='ocrx_word' id='word_1_337' title='bbox 3441 2446 3499 2499; x_wconf 93' lang='lat' dir='ltr'><strong>in</strong></span> <span class='ocrx_word' id='word_1_338' title='bbox 3567 2423 3822 2501; x_wconf 65' lang='lat' dir='ltr'><strong>aestima-</strong></span> 
     </span>
    </p>
   </div>
   <div class='ocr_carea' id='block_1_47' title="bbox 367 2512 1998 2607">
    <p class='ocr_par' dir='ltr' id='par_1_47' title="bbox 367 2512 1998 2607">
     <span class='ocr_line' id='line_1_48' title="bbox 367 2512 1998 2607; baseline 0.012 -39"><span class='ocrx_word' id='word_1_339' title='bbox 367 2512 503 2570; x_wconf 83' lang='grc' dir='ltr'>ἰδίαν</span> <span class='ocrx_word' id='word_1_340' title='bbox 538 2520 748 2592; x_wconf 68' lang='grc' dir='ltr'>ψυχὴν,</span> <span class='ocrx_word' id='word_1_341' title='bbox 779 2520 909 2575; x_wconf 80' lang='grc' dir='ltr'>ἀλλ’</span> <span class='ocrx_word' id='word_1_342' title='bbox 940 2523 1014 2577; x_wconf 83' lang='grc' dir='ltr'><strong>ὥς</strong></span> <span class='ocrx_word' id='word_1_343' title='bbox 1063 2545 1199 2587; x_wconf 87' lang='grc' dir='ltr'>τινες</span> <span class='ocrx_word' id='word_1_344' title='bbox 1225 2532 1332 2581; x_wconf 89' lang='grc' dir='ltr'><strong>τῶν</strong></span> <span class='ocrx_word' id='word_1_345' title='bbox 1367 2512 1806 2602; x_wconf 73' lang='grc' dir='ltr'>ὶξουδενωμένων</span> <span class='ocrx_word' id='word_1_346' title='bbox 1862 2534 1998 2607; x_wconf 86' lang='grc' dir='ltr'>παρᾶ</span> 
     </span>
    </p>
   </div>
   <div class='ocr_carea' id='block_1_48' title="bbox 2191 2512 3822 2607">
    <p class='ocr_par' dir='ltr' id='par_1_48' title="bbox 2191 2534 3822 2607">
     <span class='ocr_line' id='line_1_49' title="bbox 2191 2534 3822 2607; baseline 0.001 -20"><span class='ocrx_word' id='word_1_347' title='bbox 2191 2554 2276 2591; x_wconf 62' lang='lat' dir='ltr'><strong>ine</strong></span> <span class='ocrx_word' id='word_1_348' title='bbox 2307 2554 2414 2592; x_wconf 89' lang='lat' dir='ltr'><strong>sua</strong></span> <span class='ocrx_word' id='word_1_349' title='bbox 2475 2539 2786 2607; x_wconf 83' lang='lat' dir='ltr'><strong>pretiosam</strong></span> <span class='ocrx_word' id='word_1_350' title='bbox 2837 2537 3095 2592; x_wconf 88' lang='lat' dir='ltr'><strong>animam</strong></span> <span class='ocrx_word' id='word_1_351' title='bbox 3150 2537 3478 2606; x_wconf 90' lang='lat' dir='ltr'><strong>propriam;</strong></span> <span class='ocrx_word' id='word_1_352' title='bbox 3523 2536 3620 2590; x_wconf 89' lang='lat' dir='ltr'><strong>sed</strong></span> <span class='ocrx_word' id='word_1_353' title='bbox 3670 2534 3822 2590; x_wconf 91' lang='lat' dir='ltr'><strong>velut</strong></span> 
     </span>
    </p>
   </div>
   <div class='ocr_carea' id='block_1_49' title="bbox 364 2603 1995 2697">
    <p class='ocr_par' dir='ltr' id='par_1_49' title="bbox 364 2603 1995 2693">
     <span class='ocr_line' id='line_1_50' title="bbox 364 2603 1995 2693; baseline 0.011 -35"><span class='ocrx_word' id='word_1_354' title='bbox 364 2608 478 2675; x_wconf 82' lang='grc' dir='ltr'>Θεῷ</span> <span class='ocrx_word' id='word_1_355' title='bbox 535 2603 829 2663; x_wconf 75' lang='grc' dir='ltr'>διάκεινται</span> <span class='ocrx_word' id='word_1_356' title='bbox 889 2608 1120 2673; x_wconf 80' lang='grc' dir='ltr'>δούλους</span> <span class='ocrx_word' id='word_1_357' title='bbox 1176 2636 1234 2670; x_wconf 93' lang='grc' dir='ltr'><strong>τε</strong></span> <span class='ocrx_word' id='word_1_358' title='bbox 1290 2618 1502 2671; x_wconf 87' lang='grc' dir='ltr'>πάντων</span> <span class='ocrx_word' id='word_1_359' title='bbox 1548 2619 1845 2693; x_wconf 88' lang='grc' dir='ltr'>ἀνθρώπων</span> <span class='ocrx_word' id='word_1_360' title='bbox 1894 2622 1995 2676; x_wconf 73' lang='grc' dir='ltr'>ἑαυ-</span> 
     </span>
    </p>
   </div>
   <div class='ocr_carea' id='block_1_50' title="bbox 2190 2603 3821 2697">
    <p class='ocr_par' dir='ltr' id='par_1_50' title="bbox 2190 2625 3821 2697">
     <span class='ocr_line' id='line_1_51' title="bbox 2190 2625 3821 2697; baseline -0.001 -17"><span class='ocrx_word' id='word_1_361' title='bbox 2190 2628 2355 2682; x_wconf 62' lang='grc' dir='ltr'>ιὶόιιω</span> <span class='ocrx_word' id='word_1_362' title='bbox 2392 2644 2631 2697; x_wconf 90' lang='lat' dir='ltr'><strong>prorsus</strong></span> <span class='ocrx_word' id='word_1_363' title='bbox 2664 2627 2850 2695; x_wconf 87' lang='lat' dir='ltr'><strong>nihili,</strong></span> <span class='ocrx_word' id='word_1_364' title='bbox 2884 2626 2964 2681; x_wconf 91' lang='lat' dir='ltr'><strong>sic</strong></span> <span class='ocrx_word' id='word_1_365' title='bbox 3022 2643 3084 2682; x_wconf 89' lang='lat' dir='ltr'><strong>se</strong></span> <span class='ocrx_word' id='word_1_366' title='bbox 3142 2642 3336 2681; x_wconf 90' lang='lat' dir='ltr'><strong>coram</strong></span> <span class='ocrx_word' id='word_1_367' title='bbox 3400 2626 3515 2680; x_wconf 92' lang='lat' dir='ltr'><strong>Deo</strong></span> <span class='ocrx_word' id='word_1_368' title='bbox 3571 2625 3821 2694; x_wconf 77' lang='lat' dir='ltr'><strong>deiectos</strong></span> 
     </span>
    </p>
   </div>
   <div class='ocr_carea' id='block_1_51' title="bbox 359 2694 1990 2789">
    <p class='ocr_par' dir='ltr' id='par_1_51' title="bbox 359 2694 1990 2785">
     <span class='ocr_line' id='line_1_52' title="bbox 359 2694 1990 2785; baseline 0.012 -38"><span class='ocrx_word' id='word_1_369' title='bbox 359 2694 485 2757; x_wconf 81' lang='grc' dir='ltr'>τοὺς</span> <span class='ocrx_word' id='word_1_370' title='bbox 519 2698 648 2752; x_wconf 74' lang='grc' dir='ltr'>εἶναι</span> <span class='ocrx_word' id='word_1_371' title='bbox 682 2697 1018 2775; x_wconf 87' lang='grc' dir='ltr'>λογίζονται.</span> <span class='ocrx_word' id='word_1_372' title='bbox 1055 2704 1175 2759; x_wconf 83' lang='grc' dir='ltr'><strong>Ἐπὶ</strong></span> <span class='ocrx_word' id='word_1_373' title='bbox 1215 2707 1381 2781; x_wconf 81' lang='grc' dir='ltr'>ταύτῃ</span> <span class='ocrx_word' id='word_1_374' title='bbox 1434 2708 1620 2764; x_wconf 89' lang='grc' dir='ltr'>πολλά</span> <span class='ocrx_word' id='word_1_375' title='bbox 1671 2711 1851 2785; x_wconf 79' lang='grc' dir='ltr'>χαίρει</span> <span class='ocrx_word' id='word_1_376' title='bbox 1896 2714 1990 2769; x_wconf 77' lang='grc' dir='ltr'><strong>Κύι</strong></span> 
     </span>
    </p>
   </div>
   <div class='ocr_carea' id='block_1_52' title="bbox 2188 2694 3819 2789">
    <p class='ocr_par' dir='ltr' id='par_1_52' title="bbox 2188 2715 3819 2789">
     <span class='ocr_line' id='line_1_53' title="bbox 2188 2715 3819 2789; baseline 0 -18"><span class='ocrx_word' id='word_1_377' title='bbox 2188 2723 2332 2785; x_wconf 75' lang='lat' dir='ltr'><strong>Jent,</strong></span> <span class='ocrx_word' id='word_1_378' title='bbox 2384 2734 2694 2789; x_wconf 82' lang='lat' dir='ltr'><strong>servosque</strong></span> <span class='ocrx_word' id='word_1_379' title='bbox 2751 2718 3015 2772; x_wconf 90' lang='lat' dir='ltr'><strong>omnium</strong></span> <span class='ocrx_word' id='word_1_380' title='bbox 3075 2716 3377 2771; x_wconf 88' lang='lat' dir='ltr'><strong>hominum</strong></span> <span class='ocrx_word' id='word_1_381' title='bbox 3439 2732 3501 2770; x_wconf 90' lang='lat' dir='ltr'><strong>se</strong></span> <span class='ocrx_word' id='word_1_382' title='bbox 3532 2715 3691 2787; x_wconf 89' lang='lat' dir='ltr'><strong>ipsos</strong></span> <span class='ocrx_word' id='word_1_383' title='bbox 3732 2731 3819 2771; x_wconf 86' lang='lat' dir='ltr'><strong>re—</strong></span> 
     </span>
    </p>
   </div>
   <div class='ocr_carea' id='block_1_53' title="bbox 362 2786 1993 2877">
    <p class='ocr_par' dir='ltr' id='par_1_53' title="bbox 362 2786 1993 2871">
     <span class='ocr_line' id='line_1_54' title="bbox 362 2786 1993 2871; baseline 0.013 -33"><span class='ocrx_word' id='word_1_384' title='bbox 362 2804 476 2859; x_wconf 88' lang='grc' dir='ltr'>ριος</span> <span class='ocrx_word' id='word_1_385' title='bbox 508 2787 593 2839; x_wconf 73' lang='grc' dir='ltr'><strong>καὶ</strong></span> <span class='ocrx_word' id='word_1_386' title='bbox 628 2786 1019 2846; x_wconf 81' lang='grc' dir='ltr'>ἐπαναπαύεται</span> <span class='ocrx_word' id='word_1_387' title='bbox 1051 2799 1119 2867; x_wconf 81' lang='grc' dir='ltr'>τῇ</span> <span class='ocrx_word' id='word_1_388' title='bbox 1152 2798 1329 2870; x_wconf 81' lang='grc' dir='ltr'>ψυχῇ,</span> <span class='ocrx_word' id='word_1_389' title='bbox 1372 2795 1461 2852; x_wconf 80' lang='grc' dir='ltr'>διὰ</span> <span class='ocrx_word' id='word_1_390' title='bbox 1516 2801 1614 2868; x_wconf 80' lang='grc' dir='ltr'><strong>τήν</strong></span> <span class='ocrx_word' id='word_1_391' title='bbox 1666 2801 1861 2871; x_wconf 75' lang='grc' dir='ltr'>ἑαυτῆς</span> <span class='ocrx_word' id='word_1_392' title='bbox 1908 2824 1993 2858; x_wconf 88' lang='grc' dir='ltr'>τα-</span> 
     </span>
    </p>
   </div>
   <div class='ocr_carea' id='block_1_54' title="bbox 2189 2786 3820 2877">
    <p class='ocr_par' dir='ltr' id='par_1_54' title="bbox 2196 2786 3820 2877">
     <span class='ocr_line' id='line_1_55' title="bbox 2196 2786 3820 2877; baseline -0.001 -16"><span class='ocrx_word' id='word_1_393' title='bbox 2196 2812 2339 2861; x_wconf 90' lang='lat' dir='ltr'><strong>tant.</strong></span> <span class='ocrx_word' id='word_1_394' title='bbox 2377 2807 2457 2862; x_wconf 91' lang='lat' dir='ltr'><strong>De</strong></span> <span class='ocrx_word' id='word_1_395' title='bbox 2489 2786 2781 2861; x_wconf 28' lang='lat' dir='ltr'><strong>talivvalde</strong></span> <span class='ocrx_word' id='word_1_396' title='bbox 2814 2807 3028 2877; x_wconf 84' lang='lat' dir='ltr'><strong>gaudet</strong></span> <span class='ocrx_word' id='word_1_397' title='bbox 3068 2805 3241 2871; x_wconf 91' lang='lat' dir='ltr'><strong>Deus,</strong></span> <span class='ocrx_word' id='word_1_398' title='bbox 3277 2812 3333 2860; x_wconf 92' lang='lat' dir='ltr'><strong>et</strong></span> <span class='ocrx_word' id='word_1_399' title='bbox 3376 2807 3434 2860; x_wconf 91' lang='lat' dir='ltr'><strong>in</strong></span> <span class='ocrx_word' id='word_1_400' title='bbox 3467 2822 3535 2861; x_wconf 89' lang='lat' dir='ltr'><strong>ea</strong></span> <span class='ocrx_word' id='word_1_401' title='bbox 3564 2805 3820 2860; x_wconf 86' lang='lat' dir='ltr'><strong>suaviter</strong></span> 
     </span>
    </p>
   </div>
   <div class='ocr_carea' id='block_1_55' title="bbox 357 2873 1988 2969">
    <p class='ocr_par' dir='ltr' id='par_1_55' title="bbox 357 2873 1988 2962">
     <span class='ocr_line' id='line_1_56' title="bbox 357 2873 1988 2962; baseline 0.013 -36"><span class='ocrx_word' id='word_1_402' title='bbox 357 2873 633 2933; x_wconf 86' lang='grc' dir='ltr'>πείνωσιν.</span> <span class='ocrx_word' id='word_1_403' title='bbox 666 2878 726 2931; x_wconf 85' lang='grc' dir='ltr'>Εἰ</span> <span class='ocrx_word' id='word_1_404' title='bbox 777 2876 867 2932; x_wconf 73' lang='grc' dir='ltr'><strong>οὖν</strong></span> <span class='ocrx_word' id='word_1_405' title='bbox 918 2882 1005 2934; x_wconf 83' lang='grc' dir='ltr'><strong>καὶ</strong></span> <span class='ocrx_word' id='word_1_406' title='bbox 1038 2884 1072 2952; x_wconf 75' lang='grc' dir='ltr'><strong>ἢ</strong></span> <span class='ocrx_word' id='word_1_407' title='bbox 1106 2880 1220 2957; x_wconf 81' lang='grc' dir='ltr'>ἔχει</span> <span class='ocrx_word' id='word_1_408' title='bbox 1268 2886 1348 2949; x_wconf 87' lang='grc' dir='ltr'><strong>τίς</strong></span> <span class='ocrx_word' id='word_1_409' title='bbox 1396 2909 1470 2959; x_wconf 78' lang='grc' dir='ltr'><strong>τι,</strong></span> <span class='ocrx_word' id='word_1_410' title='bbox 1520 2891 1595 2961; x_wconf 80' lang='grc' dir='ltr'><strong>μή</strong></span> <span class='ocrx_word' id='word_1_411' title='bbox 1648 2894 1792 2962; x_wconf 85' lang='grc' dir='ltr'><strong>παρά</strong></span> <span class='ocrx_word' id='word_1_412' title='bbox 1839 2897 1988 2947; x_wconf 79' lang='grc' dir='ltr'>τοῦτε</span> 
     </span>
    </p>
   </div>
   <div class='ocr_carea' id='block_1_56' title="bbox 2184 2873 3815 2969">
    <p class='ocr_par' dir='ltr' id='par_1_56' title="bbox 2184 2873 3815 2969">
     <span class='ocr_line' id='line_1_57' title="bbox 2184 2873 3815 2969; baseline -0.001 -18"><span class='ocrx_word' id='word_1_413' title='bbox 2184 2900 2425 2969; x_wconf 84' lang='lat' dir='ltr'><strong>quiescit</strong></span> <span class='ocrx_word' id='word_1_414' title='bbox 2491 2900 2704 2957; x_wconf 82' lang='lat' dir='ltr'><strong>anima.</strong></span> <span class='ocrx_word' id='word_1_415' title='bbox 2764 2873 2892 2967; x_wconf 70' lang='lat' dir='ltr'><strong>ejus</strong></span> <span class='ocrx_word' id='word_1_416' title='bbox 2964 2897 3293 2951; x_wconf 77' lang='lat' dir='ltr'><strong>humilitate</strong></span> <span class='ocrx_word' id='word_1_417' title='bbox 3359 2896 3696 2951; x_wconf 83' lang='lat' dir='ltr'><strong>delectatus.</strong></span> <span class='ocrx_word' id='word_1_418' title='bbox 3754 2895 3815 2951; x_wconf 92' lang='lat' dir='ltr'><strong>Si</strong></span> 
     </span>
    </p>
   </div>
   <div class='ocr_carea' id='block_1_57' title="bbox 358 2962 1989 3057">
    <p class='ocr_par' dir='ltr' id='par_1_57' title="bbox 358 2962 1989 3057">
     <span class='ocr_line' id='line_1_58' title="bbox 358 2962 1989 3057; baseline 0.013 -41"><span class='ocrx_word' id='word_1_419' title='bbox 358 2962 521 3057; x_wconf 62' lang='grc' dir='ltr'>οἱηθῇ</span> <span class='ocrx_word' id='word_1_420' title='bbox 565 2965 700 3019; x_wconf 81' lang='grc' dir='ltr'>εἶναί</span> <span class='ocrx_word' id='word_1_421' title='bbox 756 2988 806 3020; x_wconf 87' lang='grc' dir='ltr'><strong>τι</strong></span> <span class='ocrx_word' id='word_1_422' title='bbox 864 2971 898 3039; x_wconf 74' lang='grc' dir='ltr'><strong>ἢ</strong></span> <span class='ocrx_word' id='word_1_423' title='bbox 956 2968 1120 3045; x_wconf 81' lang='grc' dir='ltr'>ἔχειν.</span> <span class='ocrx_word' id='word_1_424' title='bbox 1198 2978 1261 3030; x_wconf 67' lang='grc' dir='ltr'><strong>Ἠ</strong></span> <span class='ocrx_word' id='word_1_425' title='bbox 1314 2977 1417 3052; x_wconf 75' lang='grc' dir='ltr'>γὰρ</span> <span class='ocrx_word' id='word_1_426' title='bbox 1473 2978 1649 3046; x_wconf 77' lang='grc' dir='ltr'>θ’ίησις</span> <span class='ocrx_word' id='word_1_427' title='bbox 1713 2979 1989 3055; x_wconf 72' lang='grc' dir='ltr'>βδέλυγμα</span> 
     </span>
    </p>
   </div>
   <div class='ocr_carea' id='block_1_58' title="bbox 2189 2962 3820 3057">
    <p class='ocr_par' dir='ltr' id='par_1_58' title="bbox 2189 2962 3820 3057">
     <span class='ocr_line' id='line_1_59' title="bbox 2189 2962 3820 3057; baseline 0 -16"><span class='ocrx_word' id='word_1_428' title='bbox 2189 2962 2246 3057; x_wconf 64' lang='grc' dir='ltr'>ξο</span> <span class='ocrx_word' id='word_1_429' title='bbox 2301 2987 2525 3056; x_wconf 90' lang='lat' dir='ltr'><strong>aliquid</strong></span> <span class='ocrx_word' id='word_1_430' title='bbox 2589 2987 2764 3040; x_wconf 87' lang='lat' dir='ltr'><strong>habet</strong></span> <span class='ocrx_word' id='word_1_431' title='bbox 2792 2962 3125 3056; x_wconf 30' lang='lat' dir='ltr'><strong>iquispiam,</strong></span> <span class='ocrx_word' id='word_1_432' title='bbox 3159 3002 3229 3039; x_wconf 90' lang='lat' dir='ltr'><strong>ne</strong></span> <span class='ocrx_word' id='word_1_433' title='bbox 3287 2992 3592 3056; x_wconf 86' lang='lat' dir='ltr'><strong>prOpterea</strong></span> <span class='ocrx_word' id='word_1_434' title='bbox 3650 2985 3820 3041; x_wconf 82' lang='lat' dir='ltr'><strong>infle-</strong></span> 
     </span>
    </p>
   </div>
   <div class='ocr_carea' id='block_1_59' title="bbox 354 3052 1985 3145">
    <p class='ocr_par' dir='ltr' id='par_1_59' title="bbox 354 3052 1985 3145">
     <span class='ocr_line' id='line_1_60' title="bbox 354 3052 1985 3145; baseline 0.013 -42"><span class='ocrx_word' id='word_1_435' title='bbox 354 3052 873 3145; x_wconf 44' lang='lat' dir='ltr'><strong>Fupiip&#39;_xai_a6nﬁ</strong></span> <span class='ocrx_word' id='word_1_436' title='bbox 926 3059 1015 3111; x_wconf 88' lang='grc' dir='ltr'>ἀπ’</span> <span class='ocrx_word' id='word_1_437' title='bbox 1072 3061 1255 3139; x_wconf 71' lang='grc' dir='ltr'>ἀρχῆς</span> <span class='ocrx_word' id='word_1_438' title='bbox 1314 3061 1612 3136; x_wconf 79' lang='grc' dir='ltr'>ἐκϐέϐληκε</span> <span class='ocrx_word' id='word_1_439' title='bbox 1667 3052 1764 3123; x_wconf 87' lang='grc' dir='ltr'><strong>τοῦ</strong></span> <span class='ocrx_word' id='word_1_440' title='bbox 1823 3052 1985 3143; x_wconf 81' lang='grc' dir='ltr'>παρα-</span> 
     </span>
    </p>
   </div>
   <div class='ocr_carea' id='block_1_60' title="bbox 2181 3052 3812 3145">
    <p class='ocr_par' dir='ltr' id='par_1_60' title="bbox 2181 3075 3812 3145">
     <span class='ocr_line' id='line_1_61' title="bbox 2181 3075 3812 3145; baseline 0.001 -16"><span class='ocrx_word' id='word_1_441' title='bbox 2181 3094 2220 3142; x_wconf 90' lang='lat' dir='ltr'><strong>r,</strong></span> <span class='ocrx_word' id='word_1_442' title='bbox 2254 3077 2615 3143; x_wconf 81' lang='lat' dir='ltr'><strong>existimans,</strong></span> <span class='ocrx_word' id='word_1_443' title='bbox 2677 3093 2802 3131; x_wconf 81' lang='lat' dir='ltr'><strong>esse</strong></span> <span class='ocrx_word' id='word_1_444' title='bbox 2860 3082 2961 3129; x_wconf 91' lang='lat' dir='ltr'><strong>aut</strong></span> <span class='ocrx_word' id='word_1_445' title='bbox 3018 3076 3231 3130; x_wconf 88' lang='lat' dir='ltr'><strong>habere</strong></span> <span class='ocrx_word' id='word_1_446' title='bbox 3278 3092 3340 3130; x_wconf 90' lang='lat' dir='ltr'><strong>se</strong></span> <span class='ocrx_word' id='word_1_447' title='bbox 3390 3075 3632 3145; x_wconf 90' lang='lat' dir='ltr'><strong>aliquid.</strong></span> <span class='ocrx_word' id='word_1_448' title='bbox 3666 3075 3812 3130; x_wconf 90' lang='lat' dir='ltr'><strong>Nam</strong></span> 
     </span>
    </p>
   </div>
   <div class='ocr_carea' id='block_1_61' title="bbox 354 3136 1985 3235">
    <p class='ocr_par' dir='ltr' id='par_1_61' title="bbox 354 3136 1985 3230">
     <span class='ocr_line' id='line_1_62' title="bbox 354 3136 1985 3230; baseline 0.012 -37"><span class='ocrx_word' id='word_1_449' title='bbox 354 3136 532 3195; x_wconf 85' lang='grc' dir='ltr'>δείσου</span> <span class='ocrx_word' id='word_1_450' title='bbox 562 3143 652 3196; x_wconf 91' lang='grc' dir='ltr'>τὸν</span> <span class='ocrx_word' id='word_1_451' title='bbox 690 3142 994 3219; x_wconf 76' lang='grc' dir='ltr'>ἄνθρωπον,</span> <span class='ocrx_word' id='word_1_452' title='bbox 1028 3150 1350 3220; x_wconf 85' lang='grc' dir='ltr'>ἀκούσαντα,</span> <span class='ocrx_word' id='word_1_453' title='bbox 1384 3156 1467 3209; x_wconf 81' lang='grc' dir='ltr'><strong>ὅτι</strong></span> <span class='ocrx_word' id='word_1_454' title='bbox 1498 3156 1584 3217; x_wconf 74' lang='grc' dir='ltr'>Ὠς</span> <span class='ocrx_word' id='word_1_455' title='bbox 1636 3158 1748 3211; x_wconf 83' lang='grc' dir='ltr'>θεοὶ</span> <span class='ocrx_word' id='word_1_456' title='bbox 1793 3154 1985 3230; x_wconf 79' lang='grc' dir='ltr'>ἔσεσθε,</span> 
     </span>
    </p>
   </div>
   <div class='ocr_carea' id='block_1_62' title="bbox 2180 3136 3811 3235">
    <p class='ocr_par' dir='ltr' id='par_1_62' title="bbox 2180 3164 3811 3235">
     <span class='ocr_line' id='line_1_63' title="bbox 2180 3164 3811 3235; baseline 0 -15"><span class='ocrx_word' id='word_1_457' title='bbox 2180 3184 2385 3235; x_wconf 85' lang='lat' dir='ltr'><strong>rogans</strong></span> <span class='ocrx_word' id='word_1_458' title='bbox 2418 3166 2771 3221; x_wconf 83' lang='lat' dir='ltr'><strong>conﬁdentia</strong></span> <span class='ocrx_word' id='word_1_459' title='bbox 2801 3165 3157 3219; x_wconf 87' lang='lat' dir='ltr'><strong>abominatio</strong></span> <span class='ocrx_word' id='word_1_460' title='bbox 3188 3164 3571 3233; x_wconf 87' lang='lat' dir='ltr'><strong>estDomino;</strong></span> <span class='ocrx_word' id='word_1_461' title='bbox 3605 3175 3658 3219; x_wconf 90' lang='lat' dir='ltr'><strong>et</strong></span> <span class='ocrx_word' id='word_1_462' title='bbox 3690 3165 3811 3220; x_wconf 70' lang='lat' dir='ltr'><strong>haec</strong></span> 
     </span>
    </p>
   </div>
   <div class='ocr_carea' id='block_1_63' title="bbox 354 3228 1985 3325">
    <p class='ocr_par' dir='ltr' id='par_1_63' title="bbox 354 3228 1985 3325">
     <span class='ocr_line' id='line_1_64' title="bbox 354 3228 1985 3325; baseline 0.013 -44"><span class='ocrx_word' id='word_1_463' title='bbox 354 3228 592 3325; x_wconf 39' lang='lat' dir='ltr'><strong>uari-rii-</strong></span> <span class='ocrx_word' id='word_1_464' title='bbox 626 3230 808 3287; x_wconf 82' lang='grc' dir='ltr'>ἐλπίδι</span> <span class='ocrx_word' id='word_1_465' title='bbox 868 3236 1034 3311; x_wconf 78' lang='grc' dir='ltr'>ταύτῃ</span> <span class='ocrx_word' id='word_1_466' title='bbox 1091 3242 1161 3311; x_wconf 78' lang='grc' dir='ltr'>τῇ</span> <span class='ocrx_word' id='word_1_467' title='bbox 1242 3244 1443 3315; x_wconf 80' lang='grc' dir='ltr'>ματαίᾳ</span> <span class='ocrx_word' id='word_1_468' title='bbox 1512 3228 1985 3321; x_wconf 45' lang='grc' dir='ltr'>έπιθαρρήσανταλ</span> 
     </span>
    </p>
   </div>
   <div class='ocr_carea' id='block_1_64' title="bbox 2180 3228 3811 3325">
    <p class='ocr_par' dir='ltr' id='par_1_64' title="bbox 2180 3254 3811 3325">
     <span class='ocr_line' id='line_1_65' title="bbox 2180 3254 3811 3325; baseline 0.001 -18"><span class='ocrx_word' id='word_1_469' title='bbox 2180 3255 2455 3325; x_wconf 88' lang='lat' dir='ltr'><strong>principio</strong></span> <span class='ocrx_word' id='word_1_470' title='bbox 2487 3255 2657 3325; x_wconf 81' lang='lat' dir='ltr'><strong>ejecit</strong></span> <span class='ocrx_word' id='word_1_471' title='bbox 2686 3269 2716 3307; x_wconf 92' lang='lat' dir='ltr'><strong>e</strong></span> <span class='ocrx_word' id='word_1_472' title='bbox 2751 3254 3011 3321; x_wconf 81' lang='lat' dir='ltr'><strong>paradiso</strong></span> <span class='ocrx_word' id='word_1_473' title='bbox 3044 3254 3363 3309; x_wconf 88' lang='lat' dir='ltr'><strong>hominem.</strong></span> <span class='ocrx_word' id='word_1_474' title='bbox 3398 3254 3449 3307; x_wconf 91' lang='lat' dir='ltr'><strong>ls</strong></span> <span class='ocrx_word' id='word_1_475' title='bbox 3490 3254 3645 3309; x_wconf 90' lang='lat' dir='ltr'><strong>enim</strong></span> <span class='ocrx_word' id='word_1_476' title='bbox 3678 3271 3811 3309; x_wconf 90' lang='lat' dir='ltr'><strong>cum</strong></span> 
     </span>
    </p>
   </div>
   <div class='ocr_carea' id='block_1_65' title="bbox 352 3320 1983 3411">
    <p class='ocr_par' dir='ltr' id='par_1_65' title="bbox 352 3320 1983 3406">
     <span class='ocr_line' id='line_1_66' title="bbox 352 3320 1983 3406; baseline 0.013 -36"><span class='ocrx_word' id='word_1_477' title='bbox 352 3320 630 3390; x_wconf 85' lang='grc' dir='ltr'>κατάμαθε</span> <span class='ocrx_word' id='word_1_478' title='bbox 678 3328 793 3383; x_wconf 88' lang='grc' dir='ltr'><strong>πῶς</strong></span> <span class='ocrx_word' id='word_1_479' title='bbox 846 3326 873 3377; x_wconf 87' lang='grc' dir='ltr'>ὁ</span> <span class='ocrx_word' id='word_1_480' title='bbox 924 3326 1051 3388; x_wconf 86' lang='grc' dir='ltr'>Θεὸς</span> <span class='ocrx_word' id='word_1_481' title='bbox 1100 3350 1195 3383; x_wconf 89' lang='grc' dir='ltr'><strong>σου</strong></span> <span class='ocrx_word' id='word_1_482' title='bbox 1242 3332 1329 3385; x_wconf 83' lang='grc' dir='ltr'><strong>καὶ</strong></span> <span class='ocrx_word' id='word_1_483' title='bbox 1386 3333 1659 3406; x_wconf 79' lang='grc' dir='ltr'>βασιλεὺς,</span> <span class='ocrx_word' id='word_1_484' title='bbox 1708 3320 1859 3391; x_wconf 86' lang='grc' dir='ltr'><strong>ἀλλά</strong></span> <span class='ocrx_word' id='word_1_485' title='bbox 1907 3338 1983 3392; x_wconf 52' lang='grc' dir='ltr'>κατ</span> 
     </span>
    </p>
   </div>
   <div class='ocr_carea' id='block_1_66' title="bbox 2175 3320 3806 3411">
    <p class='ocr_par' dir='ltr' id='par_1_66' title="bbox 2175 3320 3806 3411">
     <span class='ocr_line' id='line_1_67' title="bbox 2175 3320 3806 3411; baseline 0.001 -14"><span class='ocrx_word' id='word_1_486' title='bbox 2175 3320 2414 3399; x_wconf 72' lang='lat' dir='ltr'><strong>idisset:</strong></span> <span class='ocrx_word' id='word_1_487' title='bbox 2454 3320 2629 3398; x_wconf 55' lang='lat' dir='ltr'><strong>Erilis</strong></span> <span class='ocrx_word' id='word_1_488' title='bbox 2659 3320 2799 3398; x_wconf 80' lang='lat' dir='ltr'><strong>sicut</strong></span> <span class='ocrx_word' id='word_1_489' title='bbox 2857 3342 2938 3397; x_wconf 86' lang='lat' dir='ltr'><strong>dii</strong></span> <span class='ocrx_word' id='word_1_490' title='bbox 2968 3344 3008 3409; x_wconf 81' lang='lat'><strong>‘,</strong></span> <span class='ocrx_word' id='word_1_491' title='bbox 3043 3344 3304 3411; x_wconf 84' lang='lat' dir='ltr'><strong>concepit</strong></span> <span class='ocrx_word' id='word_1_492' title='bbox 3336 3341 3494 3398; x_wconf 89' lang='lat' dir='ltr'><strong>illam</strong></span> <span class='ocrx_word' id='word_1_493' title='bbox 3542 3344 3806 3399; x_wconf 88' lang='lat' dir='ltr'><strong>insanam</strong></span> 
     </span>
    </p>
   </div>
   <div class='ocr_carea' id='block_1_67' title="bbox 349 3410 1980 3503">
    <p class='ocr_par' dir='ltr' id='par_1_67' title="bbox 349 3410 1980 3499">
     <span class='ocr_line' id='line_1_68' title="bbox 349 3410 1980 3499; baseline 0.013 -39"><span class='ocrx_word' id='word_1_494' title='bbox 349 3411 483 3461; x_wconf 86' lang='grc' dir='ltr'>Θεοῦ</span> <span class='ocrx_word' id='word_1_495' title='bbox 528 3410 651 3471; x_wconf 78' lang='grc' dir='ltr'>Υἱὸς</span> <span class='ocrx_word' id='word_1_496' title='bbox 711 3412 895 3467; x_wconf 73' lang='grc' dir='ltr'>ἑαυτὸν</span> <span class='ocrx_word' id='word_1_497' title='bbox 956 3414 1198 3488; x_wconf 83' lang='grc' dir='ltr'>ἐκένωσε,</span> <span class='ocrx_word' id='word_1_498' title='bbox 1263 3425 1479 3499; x_wconf 69' lang='grc' dir='ltr'>μορφὴν</span> <span class='ocrx_word' id='word_1_499' title='bbox 1541 3420 1741 3479; x_wconf 84' lang='grc' dir='ltr'>δούλου</span> <span class='ocrx_word' id='word_1_500' title='bbox 1808 3422 1980 3481; x_wconf 59' lang='grc' dir='ltr'>λαϐώη</span> 
     </span>
    </p>
   </div>
   <div class='ocr_carea' id='block_1_68' title="bbox 2177 3410 3808 3503">
    <p class='ocr_par' dir='ltr' id='par_1_68' title="bbox 2180 3410 3808 3498">
     <span class='ocr_line' id='line_1_69' title="bbox 2180 3410 3808 3498; baseline 0.002 -14"><span class='ocrx_word' id='word_1_501' title='bbox 2180 3447 2289 3498; x_wconf 89' lang='lat' dir='ltr'><strong>em,</strong></span> <span class='ocrx_word' id='word_1_502' title='bbox 2318 3438 2373 3486; x_wconf 89' lang='lat' dir='ltr'><strong>et</strong></span> <span class='ocrx_word' id='word_1_503' title='bbox 2397 3432 2455 3485; x_wconf 90' lang='lat' dir='ltr'><strong>in</strong></span> <span class='ocrx_word' id='word_1_504' title='bbox 2489 3433 2819 3485; x_wconf 89' lang='lat' dir='ltr'><strong>dementem</strong></span> <span class='ocrx_word' id='word_1_505' title='bbox 2854 3430 3135 3485; x_wconf 85' lang='lat' dir='ltr'><strong>intumuit</strong></span> <span class='ocrx_word' id='word_1_506' title='bbox 3166 3410 3460 3484; x_wconf 75' lang='lat' dir='ltr'><strong>fiduciam.</strong></span> <span class='ocrx_word' id='word_1_507' title='bbox 3496 3431 3808 3487; x_wconf 87' lang='lat' dir='ltr'><strong>Considera</strong></span> 
     </span>
    </p>
   </div>
   <div class='ocr_carea' id='block_1_69' title="bbox 346 3497 1977 3592">
    <p class='ocr_par' dir='ltr' id='par_1_69' title="bbox 346 3497 1977 3589">
     <span class='ocr_line' id='line_1_70' title="bbox 346 3497 1977 3589; baseline 0.013 -40"><span class='ocrx_word' id='word_1_508' title='bbox 346 3501 463 3557; x_wconf 86' lang='grc' dir='ltr'><strong>πῶς</strong></span> <span class='ocrx_word' id='word_1_509' title='bbox 493 3497 825 3575; x_wconf 86' lang='grc' dir='ltr'>ἐπτώχευσε,</span> <span class='ocrx_word' id='word_1_510' title='bbox 855 3509 973 3567; x_wconf 84' lang='grc' dir='ltr'><strong>πῶς</strong></span> <span class='ocrx_word' id='word_1_511' title='bbox 1009 3513 1126 3570; x_wconf 84' lang='grc' dir='ltr'>τοῖς</span> <span class='ocrx_word' id='word_1_512' title='bbox 1174 3509 1396 3582; x_wconf 81' lang='grc' dir='ltr'>ἀτίμοις</span> <span class='ocrx_word' id='word_1_513' title='bbox 1444 3512 1821 3589; x_wconf 75' lang='grc' dir='ltr'>συνελογίσθη,</span> <span class='ocrx_word' id='word_1_514' title='bbox 1875 3522 1977 3571; x_wconf 60' lang='lat' dir='ltr'><strong>tibi</strong></span> 
     </span>
    </p>
   </div>
   <div class='ocr_carea' id='block_1_70' title="bbox 2171 3497 3802 3592">
    <p class='ocr_par' dir='ltr' id='par_1_70' title="bbox 2171 3497 3802 3586">
     <span class='ocr_line' id='line_1_71' title="bbox 2171 3497 3802 3586; baseline 0.002 -14"><span class='ocrx_word' id='word_1_515' title='bbox 2171 3497 2400 3575; x_wconf 75' lang='lat' dir='ltr'><strong>nomodo</strong></span> <span class='ocrx_word' id='word_1_516' title='bbox 2431 3521 2586 3575; x_wconf 91' lang='lat' dir='ltr'><strong>Deus</strong></span> <span class='ocrx_word' id='word_1_517' title='bbox 2622 3526 2759 3575; x_wconf 88' lang='lat' dir='ltr'><strong>tuus</strong></span> <span class='ocrx_word' id='word_1_518' title='bbox 2791 3531 2847 3573; x_wconf 90' lang='lat' dir='ltr'><strong>et</strong></span> <span class='ocrx_word' id='word_1_519' title='bbox 2878 3536 2974 3573; x_wconf 84' lang='lat' dir='ltr'><strong>rex</strong></span> <span class='ocrx_word' id='word_1_520' title='bbox 3006 3526 3163 3585; x_wconf 91' lang='lat' dir='ltr'><strong>tuus,</strong></span> <span class='ocrx_word' id='word_1_521' title='bbox 3197 3520 3296 3575; x_wconf 90' lang='lat' dir='ltr'><strong>sed</strong></span> <span class='ocrx_word' id='word_1_522' title='bbox 3356 3524 3411 3573; x_wconf 87' lang='lat' dir='ltr'><strong>et</strong></span> <span class='ocrx_word' id='word_1_523' title='bbox 3456 3520 3555 3575; x_wconf 90' lang='lat' dir='ltr'><strong>Dei</strong></span> <span class='ocrx_word' id='word_1_524' title='bbox 3608 3520 3802 3586; x_wconf 86' lang='lat' dir='ltr'><strong>Filius,</strong></span> 
     </span>
    </p>
   </div>
   <div class='ocr_carea' id='block_1_71' title="bbox 345 3583 1976 3682">
    <p class='ocr_par' dir='ltr' id='par_1_71' title="bbox 345 3583 1976 3682">
     <span class='ocr_line' id='line_1_72' title="bbox 345 3583 1976 3682; baseline 0.014 -44"><span class='ocrx_word' id='word_1_525' title='bbox 345 3583 629 3645; x_wconf 87' lang='grc' dir='ltr'>πέπονθεν.</span> <span class='ocrx_word' id='word_1_526' title='bbox 666 3592 724 3645; x_wconf 81' lang='grc' dir='ltr'>Εἰ</span> <span class='ocrx_word' id='word_1_527' title='bbox 759 3589 815 3646; x_wconf 77' lang='grc' dir='ltr'>δὲ</span> <span class='ocrx_word' id='word_1_528' title='bbox 860 3595 947 3647; x_wconf 87' lang='grc' dir='ltr'><strong>καὶ</strong></span> <span class='ocrx_word' id='word_1_529' title='bbox 980 3596 1008 3650; x_wconf 88' lang='lat'><strong>6</strong></span> <span class='ocrx_word' id='word_1_530' title='bbox 1040 3599 1167 3659; x_wconf 87' lang='grc' dir='ltr'>Θεὸς</span> <span class='ocrx_word' id='word_1_531' title='bbox 1208 3600 1384 3669; x_wconf 78' lang='grc' dir='ltr'>οὗτος,</span> <span class='ocrx_word' id='word_1_532' title='bbox 1420 3603 1447 3656; x_wconf 98' lang='lat'><strong>6</strong></span> <span class='ocrx_word' id='word_1_533' title='bbox 1482 3601 1667 3675; x_wconf 78' lang='grc' dir='ltr'>α’ίματι</span> <span class='ocrx_word' id='word_1_534' title='bbox 1717 3606 1803 3660; x_wconf 81' lang='grc' dir='ltr'><strong>καὶ</strong></span> <span class='ocrx_word' id='word_1_535' title='bbox 1859 3628 1976 3682; x_wconf 84' lang='grc' dir='ltr'>σαρ‹</span> 
     </span>
    </p>
   </div>
   <div class='ocr_carea' id='block_1_72' title="bbox 2170 3583 3801 3682">
    <p class='ocr_par' dir='ltr' id='par_1_72' title="bbox 2180 3609 3801 3680">
     <span class='ocr_line' id='line_1_73' title="bbox 2180 3609 3801 3680; baseline 0 -16"><span class='ocrx_word' id='word_1_536' title='bbox 2180 3613 2364 3680; x_wconf 84' lang='lat' dir='ltr'><strong>ipsum</strong></span> <span class='ocrx_word' id='word_1_537' title='bbox 2404 3610 2556 3665; x_wconf 81' lang='lat' dir='ltr'><strong>I98</strong></span> <span class='ocrx_word' id='word_1_538' title='bbox 2588 3609 2915 3664; x_wconf 64' lang='lat' dir='ltr'><strong>exinanivit</strong></span> <span class='ocrx_word' id='word_1_539' title='bbox 2970 3612 3209 3679; x_wconf 80' lang='lat' dir='ltr'><strong>[armum</strong></span> <span class='ocrx_word' id='word_1_540' title='bbox 3263 3610 3410 3663; x_wconf 82' lang='lat' dir='ltr'><strong>servi</strong></span> <span class='ocrx_word' id='word_1_541' title='bbox 3466 3609 3735 3679; x_wconf 80' lang='lat' dir='ltr'><strong>accipiens</strong></span> <span class='ocrx_word' id='word_1_542' title='bbox 3761 3611 3801 3677; x_wconf 81' lang='grc'><strong>⁸,</strong></span> 
     </span>
    </p>
   </div>
   <div class='ocr_carea' id='block_1_73' title="bbox 343 3674 1974 3771">
    <p class='ocr_par' dir='ltr' id='par_1_73' title="bbox 343 3674 1965 3769">
     <span class='ocr_line' id='line_1_74' title="bbox 343 3674 1965 3769; baseline 0.014 -40"><span class='ocrx_word' id='word_1_543' title='bbox 343 3674 396 3729; x_wconf 84' lang='grc' dir='ltr'><strong>κὶ</strong></span> <span class='ocrx_word' id='word_1_544' title='bbox 453 3682 789 3749; x_wconf 78' lang='grc' dir='ltr'>συνεστηκὼς</span> <span class='ocrx_word' id='word_1_545' title='bbox 844 3681 1150 3758; x_wconf 78' lang='grc' dir='ltr'>ἄνθρωπος,</span> <span class='ocrx_word' id='word_1_546' title='bbox 1208 3690 1234 3743; x_wconf 87' lang='grc' dir='ltr'>ὁ</span> <span class='ocrx_word' id='word_1_547' title='bbox 1273 3695 1343 3763; x_wconf 77' lang='grc' dir='ltr'>γῆ</span> <span class='ocrx_word' id='word_1_548' title='bbox 1403 3693 1491 3746; x_wconf 86' lang='grc' dir='ltr'><strong>καὶ</strong></span> <span class='ocrx_word' id='word_1_549' title='bbox 1542 3692 1762 3762; x_wconf 86' lang='grc' dir='ltr'>σποδὸς,</span> <span class='ocrx_word' id='word_1_550' title='bbox 1812 3694 1965 3769; x_wconf 69' lang='grc' dir='ltr'>ο⁹ίμοι</span> 
     </span>
    </p>
   </div>
   <div class='ocr_carea' id='block_1_74' title="bbox 2173 3674 3804 3771">
    <p class='ocr_par' dir='ltr' id='par_1_74' title="bbox 2173 3698 3804 3771">
     <span class='ocr_line' id='line_1_75' title="bbox 2173 3698 3804 3771; baseline 0 -18"><span class='ocrx_word' id='word_1_551' title='bbox 2173 3701 2394 3753; x_wconf 64' lang='lat' dir='ltr'><strong>iomodo</strong></span> <span class='ocrx_word' id='word_1_552' title='bbox 2430 3716 2645 3771; x_wconf 84' lang='lat' dir='ltr'><strong>pauper</strong></span> <span class='ocrx_word' id='word_1_553' title='bbox 2677 3700 2864 3755; x_wconf 84' lang='lat' dir='ltr'><strong>factus</strong></span> <span class='ocrx_word' id='word_1_554' title='bbox 2904 3704 3011 3762; x_wconf 91' lang='lat' dir='ltr'><strong>est,</strong></span> <span class='ocrx_word' id='word_1_555' title='bbox 3045 3699 3337 3770; x_wconf 91' lang='lat' dir='ltr'><strong>quomodo</strong></span> <span class='ocrx_word' id='word_1_556' title='bbox 3368 3714 3502 3753; x_wconf 90' lang='lat' dir='ltr'><strong>cum</strong></span> <span class='ocrx_word' id='word_1_557' title='bbox 3550 3698 3804 3753; x_wconf 91' lang='lat' dir='ltr'><strong>inhono-</strong></span> 
     </span>
    </p>
   </div>
   <div class='ocr_carea' id='block_1_75' title="bbox 342 3766 1973 3857">
    <p class='ocr_par' dir='ltr' id='par_1_75' title="bbox 342 3766 1973 3852">
     <span class='ocr_line' id='line_1_76' title="bbox 342 3766 1973 3852; baseline 0.013 -33"><span class='ocrx_word' id='word_1_558' title='bbox 342 3766 433 3819; x_wconf 81' lang='grc' dir='ltr'><strong>καὶ</strong></span> <span class='ocrx_word' id='word_1_559' title='bbox 465 3767 527 3821; x_wconf 84' lang='grc' dir='ltr'>τὸ</span> <span class='ocrx_word' id='word_1_560' title='bbox 576 3769 825 3843; x_wconf 82' lang='grc' dir='ltr'>παράπαν</span> <span class='ocrx_word' id='word_1_561' title='bbox 876 3774 1079 3848; x_wconf 73' lang='grc' dir='ltr'>ἀγαθοῦ</span> <span class='ocrx_word' id='word_1_562' title='bbox 1132 3779 1209 3850; x_wconf 82' lang='grc' dir='ltr'>μή</span> <span class='ocrx_word' id='word_1_563' title='bbox 1272 3778 1619 3852; x_wconf 77' lang='grc' dir='ltr'>μεταλαϐὼν,</span> <span class='ocrx_word' id='word_1_564' title='bbox 1676 3784 1802 3840; x_wconf 87' lang='grc' dir='ltr'>ἀλλ’</span> <span class='ocrx_word' id='word_1_565' title='bbox 1857 3786 1973 3841; x_wconf 72' lang='grc' dir='ltr'>ἀκαι</span> 
     </span>
    </p>
   </div>
   <div class='ocr_carea' id='block_1_76' title="bbox 2169 3766 3800 3857">
    <p class='ocr_par' dir='ltr' id='par_1_76' title="bbox 2169 3766 3800 3857">
     <span class='ocr_line' id='line_1_77' title="bbox 2169 3766 3800 3857; baseline 0.001 -16"><span class='ocrx_word' id='word_1_566' title='bbox 2169 3790 2237 3842; x_wconf 89' lang='lat' dir='ltr'><strong>lis</strong></span> <span class='ocrx_word' id='word_1_567' title='bbox 2270 3792 2359 3842; x_wconf 92' lang='lat' dir='ltr'><strong>est</strong></span> <span class='ocrx_word' id='word_1_568' title='bbox 2410 3766 2729 3856; x_wconf 64' lang='lat' dir='ltr'><strong>reputatus,</strong></span> <span class='ocrx_word' id='word_1_569' title='bbox 2758 3766 3302 3857; x_wconf 47' lang='lat' dir='ltr'><strong>quomodo—passus</strong></span> <span class='ocrx_word' id='word_1_570' title='bbox 3356 3794 3462 3842; x_wconf 89' lang='lat' dir='ltr'><strong>est.</strong></span> <span class='ocrx_word' id='word_1_571' title='bbox 3514 3788 3573 3842; x_wconf 91' lang='lat' dir='ltr'><strong>Si</strong></span> <span class='ocrx_word' id='word_1_572' title='bbox 3605 3794 3800 3843; x_wconf 89' lang='lat' dir='ltr'><strong>autem</strong></span> 
     </span>
    </p>
   </div>
   <div class='ocr_carea' id='block_1_77' title="bbox 344 3854 1975 3945">
    <p class='ocr_par' dir='ltr' id='par_1_77' title="bbox 344 3854 1975 3945">
     <span class='ocr_line' id='line_1_78' title="bbox 344 3854 1975 3945; baseline 0.013 -39"><span class='ocrx_word' id='word_1_573' title='bbox 344 3854 534 3945; x_wconf 72' lang='grc' dir='ltr'>θαρσία</span> <span class='ocrx_word' id='word_1_574' title='bbox 566 3855 659 3925; x_wconf 83' lang='grc' dir='ltr'>ὢν,</span> <span class='ocrx_word' id='word_1_575' title='bbox 697 3859 833 3935; x_wconf 89' lang='grc' dir='ltr'>μέγα</span> <span class='ocrx_word' id='word_1_576' title='bbox 883 3871 1100 3939; x_wconf 75' lang='grc' dir='ltr'>φρονεῖς</span> <span class='ocrx_word' id='word_1_577' title='bbox 1149 3868 1236 3920; x_wconf 85' lang='grc' dir='ltr'><strong>καὶ</strong></span> <span class='ocrx_word' id='word_1_578' title='bbox 1286 3866 1631 3943; x_wconf 78' lang='grc' dir='ltr'>ἀλαζονεύῃ;</span> <span class='ocrx_word' id='word_1_579' title='bbox 1678 3872 1739 3926; x_wconf 81' lang='grc' dir='ltr'><strong>σὺ</strong></span> <span class='ocrx_word' id='word_1_580' title='bbox 1772 3871 1829 3927; x_wconf 71' lang='grc' dir='ltr'>δὲ</span> <span class='ocrx_word' id='word_1_581' title='bbox 1860 3874 1975 3930; x_wconf 85' lang='grc' dir='ltr'><strong>ἀλλ</strong></span> 
     </span>
    </p>
   </div>
   <div class='ocr_carea' id='block_1_78' title="bbox 2168 3854 3799 3945">
    <p class='ocr_par' dir='ltr' id='par_1_78' title="bbox 2168 3854 3799 3945">
     <span class='ocr_line' id='line_1_79' title="bbox 2168 3854 3799 3945; baseline 0.001 -12"><span class='ocrx_word' id='word_1_582' title='bbox 2168 3894 2194 3933; x_wconf 86' lang='lat' dir='ltr'><strong>e</strong></span> <span class='ocrx_word' id='word_1_583' title='bbox 2223 3894 2355 3932; x_wconf 90' lang='lat' dir='ltr'><strong>cum</strong></span> <span class='ocrx_word' id='word_1_584' title='bbox 2388 3854 2543 3932; x_wconf 85' lang='lat' dir='ltr'><strong>Deus</strong></span> <span class='ocrx_word' id='word_1_585' title='bbox 2568 3854 2723 3933; x_wconf 85' lang='lat' dir='ltr'><strong>esset</strong></span> <span class='ocrx_word' id='word_1_586' title='bbox 2752 3854 2895 3932; x_wconf 83' lang='lat' dir='ltr'><strong>talia</strong></span> <span class='ocrx_word' id='word_1_587' title='bbox 2923 3878 3075 3932; x_wconf 88' lang='lat' dir='ltr'><strong>ultro</strong></span> <span class='ocrx_word' id='word_1_588' title='bbox 3093 3854 3288 3931; x_wconf 70' lang='lat' dir='ltr'><strong>subiit</strong></span> <span class='ocrx_word' id='word_1_589' title='bbox 3323 3893 3336 3930; x_wconf 92' lang='lat'>:</span> <span class='ocrx_word' id='word_1_590' title='bbox 3371 3882 3455 3945; x_wconf 89' lang='lat' dir='ltr'><strong>tu,</strong></span> <span class='ocrx_word' id='word_1_591' title='bbox 3485 3877 3799 3935; x_wconf 89' lang='lat' dir='ltr'><strong>homuncio</strong></span> 
     </span>
    </p>
   </div>
   <div class='ocr_carea' id='block_1_79' title="bbox 343 3938 1974 4036">
    <p class='ocr_par' dir='ltr' id='par_1_79' title="bbox 343 3938 1974 4031">
     <span class='ocr_line' id='line_1_80' title="bbox 343 3938 1974 4031; baseline 0.015 -37"><span class='ocrx_word' id='word_1_592' title='bbox 343 3938 532 4013; x_wconf 78' lang='grc' dir='ltr'>ε’ίπερ’</span> <span class='ocrx_word' id='word_1_593' title='bbox 566 3945 617 3997; x_wconf 74' lang='grc' dir='ltr'>εἴ</span> <span class='ocrx_word' id='word_1_594' title='bbox 670 3950 908 4018; x_wconf 88' lang='grc' dir='ltr'>συνετὸς,</span> <span class='ocrx_word' id='word_1_595' title='bbox 958 3953 1046 4005; x_wconf 88' lang='grc' dir='ltr'><strong>καὶ</strong></span> <span class='ocrx_word' id='word_1_596' title='bbox 1107 3954 1238 4027; x_wconf 72' lang='grc' dir='ltr'>ὑπὲρ</span> <span class='ocrx_word' id='word_1_597' title='bbox 1279 3957 1445 4010; x_wconf 82' lang='grc' dir='ltr'>αὐτοῦ</span> <span class='ocrx_word' id='word_1_598' title='bbox 1502 3961 1696 4012; x_wconf 75' lang='grc' dir='ltr'>τούτου</span> <span class='ocrx_word' id='word_1_599' title='bbox 1752 3962 1974 4031; x_wconf 80' lang='grc' dir='ltr'>μᾶλλον.</span> 
     </span>
    </p>
   </div>
   <div class='ocr_carea' id='block_1_80' title="bbox 2164 3938 3795 4036">
    <p class='ocr_par' dir='ltr' id='par_1_80' title="bbox 2169 3966 3795 4036">
     <span class='ocr_line' id='line_1_81' title="bbox 2169 3966 3795 4036; baseline 0.002 -17"><span class='ocrx_word' id='word_1_600' title='bbox 2169 3971 2399 4020; x_wconf 88' lang='lat' dir='ltr'><strong>ncretus</strong></span> <span class='ocrx_word' id='word_1_601' title='bbox 2430 3982 2602 4019; x_wconf 87' lang='lat' dir='ltr'><strong>carne</strong></span> <span class='ocrx_word' id='word_1_602' title='bbox 2633 3969 2688 4020; x_wconf 91' lang='lat' dir='ltr'><strong>et</strong></span> <span class='ocrx_word' id='word_1_603' title='bbox 2746 3967 3048 4036; x_wconf 86' lang='lat' dir='ltr'><strong>sanguine,</strong></span> <span class='ocrx_word' id='word_1_604' title='bbox 3078 3970 3158 4025; x_wconf 93' lang='lat' dir='ltr'><strong>tu,</strong></span> <span class='ocrx_word' id='word_1_605' title='bbox 3207 3970 3360 4019; x_wconf 89' lang='lat' dir='ltr'><strong>terra</strong></span> <span class='ocrx_word' id='word_1_606' title='bbox 3391 3969 3448 4020; x_wconf 89' lang='lat' dir='ltr'><strong>et</strong></span> <span class='ocrx_word' id='word_1_607' title='bbox 3477 3966 3650 4035; x_wconf 88' lang='lat' dir='ltr'><strong>cinis,</strong></span> <span class='ocrx_word' id='word_1_608' title='bbox 3683 3968 3795 4023; x_wconf 86' lang='lat' dir='ltr'><strong>heu</strong></span> 
     </span>
    </p>
   </div>
   <div class='ocr_carea' id='block_1_81' title="bbox 343 4027 1974 4126">
    <p class='ocr_par' dir='ltr' id='par_1_81' title="bbox 343 4027 1974 4126">
     <span class='ocr_line' id='line_1_82' title="bbox 343 4027 1974 4126; baseline 0.017 -46"><span class='ocrx_word' id='word_1_609' title='bbox 343 4027 754 4126; x_wconf 41' lang='grc' dir='ltr'>εὗπερ.ε’ί-ληφας</span> <span class='ocrx_word' id='word_1_610' title='bbox 778 4034 837 4126; x_wconf 73' lang='grc' dir='ltr'><strong>έκ</strong></span> <span class='ocrx_word' id='word_1_611' title='bbox 859 4042 991 4126; x_wconf 75' lang='grc' dir='ltr'>Θεοῦ</span> <span class='ocrx_word' id='word_1_612' title='bbox 1023 4040 1306 4126; x_wconf 17' lang='grc' dir='ltr'>Ούκᾲὲμὸν,</span> <span class='ocrx_word' id='word_1_613' title='bbox 1333 4042 1475 4117; x_wconf 79' lang='grc' dir='ltr'>λέγε,</span> <span class='ocrx_word' id='word_1_614' title='bbox 1499 4052 1661 4101; x_wconf 87' lang='grc' dir='ltr'>τοῦτο</span> <span class='ocrx_word' id='word_1_615' title='bbox 1684 4027 1974 4125; x_wconf 25' lang='grc' dir='ltr'>τὸνχρῆμά</span> 
     </span>
    </p>
   </div>
   <div class='ocr_carea' id='block_1_82' title="bbox 2163 4027 3794 4126">
    <p class='ocr_par' dir='ltr' id='par_1_82' title="bbox 2163 4027 3794 4126">
     <span class='ocr_line' id='line_1_83' title="bbox 2163 4027 3794 4126; baseline 0.002 -17"><span class='ocrx_word' id='word_1_616' title='bbox 2163 4054 2223 4109; x_wconf 88' lang='lat' dir='ltr'><strong>el</strong></span> <span class='ocrx_word' id='word_1_617' title='bbox 2260 4059 2344 4121; x_wconf 92' lang='lat' dir='ltr'><strong>tu,</strong></span> <span class='ocrx_word' id='word_1_618' title='bbox 2378 4054 2596 4109; x_wconf 87' lang='lat' dir='ltr'><strong>nullam</strong></span> <span class='ocrx_word' id='word_1_619' title='bbox 2629 4070 2697 4109; x_wconf 81' lang='lat' dir='ltr'><strong>ex</strong></span> <span class='ocrx_word' id='word_1_620' title='bbox 2725 4059 2780 4109; x_wconf 91' lang='lat' dir='ltr'><strong>te</strong></span> <span class='ocrx_word' id='word_1_621' title='bbox 2816 4027 2956 4110; x_wconf 70' lang='lat' dir='ltr'><strong>boni</strong></span> <span class='ocrx_word' id='word_1_622' title='bbox 3004 4027 3349 4126; x_wconf 77' lang='lat' dir='ltr'><strong>particulam</strong></span> <span class='ocrx_word' id='word_1_623' title='bbox 3399 4027 3647 4110; x_wconf 35' lang='lat' dir='ltr'><strong>omnino,</strong></span> <span class='ocrx_word' id='word_1_624' title='bbox 3688 4057 3794 4113; x_wconf 85' lang='lat' dir='ltr'><strong>ha-</strong></span> 
     </span>
    </p>
   </div>
   <div class='ocr_carea' id='block_1_83' title="bbox 340 4119 1971 4216">
    <p class='ocr_par' dir='ltr' id='par_1_83' title="bbox 340 4119 1971 4208">
     <span class='ocr_line' id='line_1_84' title="bbox 454 4119 1897 4140; baseline 0.017 -2"><span class='ocrx_word' id='word_1_625' title='bbox 454 4119 465 4138; x_wconf 73' lang='grc' dir='ltr'><strong>ν</strong></span> <span class='ocrx_word' id='word_1_626' title='bbox 780 4123 803 4135; x_wconf 60' lang='grc' dir='ltr'><strong>ν</strong></span> <span class='ocrx_word' id='word_1_627' title='bbox 902 4120 924 4140; x_wconf 69' lang='grc' dir='ltr'><strong><em>Ἰ</em></strong></span> <span class='ocrx_word' id='word_1_628' title='bbox 1768 4119 1818 4123; x_wconf 31' lang='lat' dir='ltr'><strong>HV</strong></span> <span class='ocrx_word' id='word_1_629' title='bbox 1887 4119 1897 4125; x_wconf 55' lang='grc'><em>,</em></span> 
     </span>
     <span class='ocr_line' id='line_1_85' title="bbox 340 4119 1971 4208; baseline 0.017 -39"><span class='ocrx_word' id='word_1_630' title='bbox 340 4136 446 4190; x_wconf 86' lang='grc' dir='ltr'><strong>παρ</strong></span> <span class='ocrx_word' id='word_1_631' title='bbox 498 4119 680 4192; x_wconf 71' lang='grc' dir='ltr'>ἑτέρου</span> <span class='ocrx_word' id='word_1_632' title='bbox 708 4143 867 4178; x_wconf 87' lang='grc' dir='ltr'>τουτο</span> <span class='ocrx_word' id='word_1_633' title='bbox 900 4146 1014 4200; x_wconf 91' lang='grc' dir='ltr'><strong>εχω</strong></span> <span class='ocrx_word' id='word_1_634' title='bbox 1037 4124 1245 4183; x_wconf 72' lang='grc' dir='ltr'>λαϐώνο</span> <span class='ocrx_word' id='word_1_635' title='bbox 1271 4132 1362 4185; x_wconf 81' lang='grc' dir='ltr'><strong>καὶ</strong></span> <span class='ocrx_word' id='word_1_636' title='bbox 1392 4131 1546 4202; x_wconf 80' lang='grc' dir='ltr'>δόξαν</span> <span class='ocrx_word' id='word_1_637' title='bbox 1578 4136 1745 4208; x_wconf 80' lang='grc' dir='ltr'>αὐτῷ,</span> <span class='ocrx_word' id='word_1_638' title='bbox 1767 4141 1971 4203; x_wconf 80' lang='grc' dir='ltr'>πάντως</span> 
     </span>
    </p>
   </div>
   <div class='ocr_carea' id='block_1_84' title="bbox 2165 4119 3796 4216">
    <p class='ocr_par' dir='ltr' id='par_1_84' title="bbox 2170 4144 3796 4216">
     <span class='ocr_line' id='line_1_86' title="bbox 2170 4144 3796 4216; baseline 0.004 -19"><span class='ocrx_word' id='word_1_639' title='bbox 2170 4161 2257 4210; x_wconf 90' lang='lat' dir='ltr'><strong>ns,</strong></span> <span class='ocrx_word' id='word_1_640' title='bbox 2291 4146 2391 4198; x_wconf 91' lang='lat' dir='ltr'><strong>sed</strong></span> <span class='ocrx_word' id='word_1_641' title='bbox 2426 4149 2586 4200; x_wconf 92' lang='lat' dir='ltr'><strong>totus</strong></span> <span class='ocrx_word' id='word_1_642' title='bbox 2613 4149 2863 4215; x_wconf 87' lang='lat' dir='ltr'><strong>quantus</strong></span> <span class='ocrx_word' id='word_1_643' title='bbox 2894 4159 2956 4199; x_wconf 89' lang='lat' dir='ltr'><strong>es</strong></span> <span class='ocrx_word' id='word_1_644' title='bbox 2988 4159 3052 4198; x_wconf 85' lang='lat' dir='ltr'><strong>ex</strong></span> <span class='ocrx_word' id='word_1_645' title='bbox 3086 4144 3468 4198; x_wconf 87' lang='lat' dir='ltr'><strong>immunditia</strong></span> <span class='ocrx_word' id='word_1_646' title='bbox 3489 4149 3796 4216; x_wconf 85' lang='lat' dir='ltr'><strong>conﬂatus,</strong></span> 
     </span>
    </p>
   </div>
   <div class='ocr_carea' id='block_1_85' title="bbox 338 4203 1969 4306">
    <p class='ocr_par' dir='ltr' id='par_1_85' title="bbox 338 4203 1969 4306">
     <span class='ocr_line' id='line_1_87' title="bbox 338 4203 1969 4306; baseline 0.017 -48"><span class='ocrx_word' id='word_1_647' title='bbox 338 4203 643 4281; x_wconf 76' lang='grc' dir='ltr'>ἀφαιρεῖται</span> <span class='ocrx_word' id='word_1_648' title='bbox 676 4212 737 4266; x_wconf 84' lang='grc' dir='ltr'>τὸ</span> <span class='ocrx_word' id='word_1_649' title='bbox 769 4211 921 4268; x_wconf 78' lang='grc' dir='ltr'>δοθὲν</span> <span class='ocrx_word' id='word_1_650' title='bbox 952 4216 1041 4270; x_wconf 89' lang='grc' dir='ltr'>ἀπ’</span> <span class='ocrx_word' id='word_1_651' title='bbox 1082 4218 1236 4290; x_wconf 85' lang='grc' dir='ltr'>ἐμοῦ.</span> <span class='ocrx_word' id='word_1_652' title='bbox 1285 4221 1440 4277; x_wconf 75' lang='grc' dir='ltr'>Οὕτω</span> <span class='ocrx_word' id='word_1_653' title='bbox 1488 4225 1582 4296; x_wconf 72' lang='grc' dir='ltr'><strong>μὲν</strong></span> <span class='ocrx_word' id='word_1_654' title='bbox 1632 4231 1734 4280; x_wconf 78' lang='grc' dir='ltr'><strong>πᾶν</strong></span> <span class='ocrx_word' id='word_1_655' title='bbox 1782 4229 1969 4306; x_wconf 60' lang='grc' dir='ltr'>ἀγαθὸκ</span> 
     </span>
    </p>
   </div>
   <div class='ocr_carea' id='block_1_86' title="bbox 2165 4203 3796 4306">
    <p class='ocr_par' dir='ltr' id='par_1_86' title="bbox 2165 4203 3796 4305">
     <span class='ocr_line' id='line_1_88' title="bbox 2165 4203 3796 4305; baseline 0.002 -18"><span class='ocrx_word' id='word_1_656' title='bbox 2165 4203 2277 4289; x_wconf 76' lang='lat' dir='ltr'><strong>:um</strong></span> <span class='ocrx_word' id='word_1_657' title='bbox 2308 4234 2485 4305; x_wconf 87' lang='lat' dir='ltr'><strong>sapis,</strong></span> <span class='ocrx_word' id='word_1_658' title='bbox 2519 4239 2575 4289; x_wconf 88' lang='lat' dir='ltr'><strong>et</strong></span> <span class='ocrx_word' id='word_1_659' title='bbox 2629 4203 2937 4305; x_wconf 75' lang='lat' dir='ltr'><strong>gloriando</strong></span> <span class='ocrx_word' id='word_1_660' title='bbox 2962 4238 3018 4289; x_wconf 90' lang='lat' dir='ltr'><strong>te</strong></span> <span class='ocrx_word' id='word_1_661' title='bbox 3080 4233 3374 4288; x_wconf 85' lang='lat' dir='ltr'><strong>ostentasl</strong></span> <span class='ocrx_word' id='word_1_662' title='bbox 3412 4232 3558 4295; x_wconf 87' lang='lat' dir='ltr'><strong>Quin</strong></span> <span class='ocrx_word' id='word_1_663' title='bbox 3611 4240 3673 4289; x_wconf 92' lang='lat' dir='ltr'><strong>tu</strong></span> <span class='ocrx_word' id='word_1_664' title='bbox 3746 4203 3796 4291; x_wconf 85' lang='lat' dir='ltr'><strong>si</strong></span> 
     </span>
    </p>
   </div>
   <div class='ocr_carea' id='block_1_87' title="bbox 335 4298 1966 4397">
    <p class='ocr_par' dir='ltr' id='par_1_87' title="bbox 335 4298 1966 4394">
     <span class='ocr_line' id='line_1_89' title="bbox 335 4298 1966 4394; baseline 0.017 -46"><span class='ocrx_word' id='word_1_665' title='bbox 335 4298 414 4367; x_wconf 85' lang='grc' dir='ltr'>τῷ</span> <span class='ocrx_word' id='word_1_666' title='bbox 446 4300 647 4373; x_wconf 83' lang='grc' dir='ltr'>Κυρίῳ,</span> <span class='ocrx_word' id='word_1_667' title='bbox 683 4304 745 4358; x_wconf 87' lang='grc' dir='ltr'>τὸ</span> <span class='ocrx_word' id='word_1_668' title='bbox 777 4302 833 4359; x_wconf 77' lang='grc' dir='ltr'><strong>δὲ</strong></span> <span class='ocrx_word' id='word_1_669' title='bbox 863 4308 1025 4361; x_wconf 85' lang='grc' dir='ltr'>κακὸν</span> <span class='ocrx_word' id='word_1_670' title='bbox 1054 4312 1121 4381; x_wconf 84' lang='grc' dir='ltr'>τῇ</span> <span class='ocrx_word' id='word_1_671' title='bbox 1151 4316 1376 4365; x_wconf 85' lang='grc' dir='ltr'>σεαυτοῦ</span> <span class='ocrx_word' id='word_1_672' title='bbox 1416 4311 1679 4394; x_wconf 76' lang='grc' dir='ltr'>ἐπιγραφε</span> <span class='ocrx_word' id='word_1_673' title='bbox 1711 4298 1966 4393; x_wconf 69' lang='grc' dir='ltr'>ἀσθενείᾳ.</span> 
     </span>
    </p>
   </div>
   <div class='ocr_carea' id='block_1_88' title="bbox 2164 4298 3795 4397">
    <p class='ocr_par' dir='ltr' id='par_1_88' title="bbox 2174 4298 3795 4397">
     <span class='ocr_line' id='line_1_90' title="bbox 2174 4298 3795 4397; baseline 0.002 -18"><span class='ocrx_word' id='word_1_674' title='bbox 2174 4326 2327 4381; x_wconf 90' lang='lat' dir='ltr'><strong>idem</strong></span> <span class='ocrx_word' id='word_1_675' title='bbox 2357 4298 2538 4397; x_wconf 77' lang='lat' dir='ltr'><strong>sapis,</strong></span> <span class='ocrx_word' id='word_1_676' title='bbox 2576 4298 2806 4397; x_wconf 65' lang='lat' dir='ltr'><strong>propter</strong></span> <span class='ocrx_word' id='word_1_677' title='bbox 2835 4324 2943 4379; x_wconf 93' lang='lat' dir='ltr'><strong>hoc</strong></span> <span class='ocrx_word' id='word_1_678' title='bbox 3001 4324 3195 4396; x_wconf 87' lang='lat' dir='ltr'><strong>ipsum</strong></span> <span class='ocrx_word' id='word_1_679' title='bbox 3228 4328 3379 4394; x_wconf 91' lang='lat' dir='ltr'><strong>quod</strong></span> <span class='ocrx_word' id='word_1_680' title='bbox 3440 4325 3714 4396; x_wconf 86' lang='lat' dir='ltr'><strong>accepisti</strong></span> <span class='ocrx_word' id='word_1_681' title='bbox 3764 4345 3795 4382; x_wconf 88' lang='lat' dir='ltr'><strong>a</strong></span> 
     </span>
    </p>
   </div>
   <div class='ocr_carea' id='block_1_89' title="bbox 334 4391 3786 4488">
    <p class='ocr_par' dir='ltr' id='par_1_89' title="bbox 334 4391 3786 4488">
     <span class='ocr_line' id='line_1_91' title="bbox 334 4391 3786 4488; baseline 0.009 -47"><span class='ocrx_word' id='word_1_682' title='bbox 334 4391 645 4488; x_wconf 70' lang='lat' dir='ltr'><strong>Deo,dic:</strong></span> <span class='ocrx_word' id='word_1_683' title='bbox 691 4396 875 4452; x_wconf 86' lang='lat' dir='ltr'><strong>Meum</strong></span> <span class='ocrx_word' id='word_1_684' title='bbox 936 4398 1214 4472; x_wconf 53' lang='lat' dir='ltr'><strong>hocgnon</strong></span> <span class='ocrx_word' id='word_1_685' title='bbox 1266 4408 1392 4470; x_wconf 90' lang='lat' dir='ltr'><strong>est;</strong></span> <span class='ocrx_word' id='word_1_686' title='bbox 1427 4407 1498 4460; x_wconf 90' lang='lat' dir='ltr'><strong>ab</strong></span> <span class='ocrx_word' id='word_1_687' title='bbox 1530 4391 1641 4462; x_wconf 87' lang='lat' dir='ltr'><strong>alio</strong></span> <span class='ocrx_word' id='word_1_688' title='bbox 1695 4414 1887 4482; x_wconf 84' lang='lat' dir='ltr'><strong>accepi</strong></span> <span class='ocrx_word' id='word_1_689' title='bbox 1916 4391 1944 4481; x_wconf 64' lang='grc' dir='ltr'><strong>ς⁷</strong></span> <span class='ocrx_word' id='word_1_690' title='bbox 1963 4418 2021 4470; x_wconf 88' lang='lat' dir='ltr'><strong>et</strong></span> <span class='ocrx_word' id='word_1_691' title='bbox 2077 4391 2211 4471; x_wconf 84' lang='lat' dir='ltr'><strong>cum</strong></span> <span class='ocrx_word' id='word_1_692' title='bbox 2260 4416 2371 4485; x_wconf 91' lang='lat' dir='ltr'><strong>ipsi</strong></span> <span class='ocrx_word' id='word_1_693' title='bbox 2404 4391 2695 4470; x_wconf 78' lang='lat' dir='ltr'><strong>videbitur</strong></span> <span class='ocrx_word' id='word_1_694' title='bbox 2746 4431 2985 4486; x_wconf 90' lang='lat' dir='ltr'><strong>prorsus</strong></span> <span class='ocrx_word' id='word_1_695' title='bbox 3027 4391 3259 4470; x_wconf 75' lang='lat' dir='ltr'><strong>auferet</strong></span> <span class='ocrx_word' id='word_1_696' title='bbox 3308 4433 3341 4472; x_wconf 89' lang='lat' dir='ltr'><strong>a</strong></span> <span class='ocrx_word' id='word_1_697' title='bbox 3372 4432 3465 4472; x_wconf 90' lang='lat' dir='ltr'><strong>me</strong></span> <span class='ocrx_word' id='word_1_698' title='bbox 3523 4391 3593 4472; x_wconf 36' lang='lat' dir='ltr'><strong>id&#39;</strong></span> <span class='ocrx_word' id='word_1_699' title='bbox 3633 4418 3786 4488; x_wconf 89' lang='lat' dir='ltr'><strong>quod</strong></span> 
     </span>
    </p>
   </div>
   <div class='ocr_carea' id='block_1_90' title="bbox 336 4477 3155 4575">
    <p class='ocr_par' dir='ltr' id='par_1_90' title="bbox 336 4477 3155 4575">
     <span class='ocr_line' id='line_1_92' title="bbox 336 4477 3155 4575; baseline 0.009 -41"><span class='ocrx_word' id='word_1_700' title='bbox 336 4477 513 4575; x_wconf 85' lang='lat' dir='ltr'><strong>dedit.</strong></span> <span class='ocrx_word' id='word_1_701' title='bbox 547 4483 640 4540; x_wconf 91' lang='lat' dir='ltr'><strong>Sic</strong></span> <span class='ocrx_word' id='word_1_702' title='bbox 671 4502 842 4542; x_wconf 89' lang='lat' dir='ltr'><strong>omne</strong></span> <span class='ocrx_word' id='word_1_703' title='bbox 869 4490 1103 4560; x_wconf 90' lang='lat' dir='ltr'><strong>quidem</strong></span> <span class='ocrx_word' id='word_1_704' title='bbox 1139 4492 1353 4549; x_wconf 90' lang='lat' dir='ltr'><strong>bonum</strong></span> <span class='ocrx_word' id='word_1_705' title='bbox 1384 4494 1655 4565; x_wconf 89' lang='lat' dir='ltr'><strong>Domino,</strong></span> <span class='ocrx_word' id='word_1_706' title='bbox 1690 4477 1927 4557; x_wconf 23' lang='lat' dir='ltr'><strong>malum.</strong></span> <span class='ocrx_word' id='word_1_707' title='bbox 1960 4509 2155 4559; x_wconf 85' lang='lat' dir='ltr'><strong>autem</strong></span> <span class='ocrx_word' id='word_1_708' title='bbox 2190 4477 2300 4559; x_wconf 60' lang='lat' dir='ltr'><strong>tua;</strong></span> <span class='ocrx_word' id='word_1_709' title='bbox 2337 4504 2523 4575; x_wconf 89' lang='lat' dir='ltr'><strong>ipsius</strong></span> <span class='ocrx_word' id='word_1_710' title='bbox 2554 4477 2779 4561; x_wconf 75' lang='lat' dir='ltr'><strong>ascribe</strong></span> <span class='ocrx_word' id='word_1_711' title='bbox 2811 4503 3155 4559; x_wconf 84' lang='lat' dir='ltr'><strong>inﬁrmitati.</strong></span> 
     </span>
    </p>
   </div>
   <div class='ocr_carea' id='block_1_91' title="bbox 410 4570 2041 4665">
    <p class='ocr_par' dir='ltr' id='par_1_91' title="bbox 410 4570 2041 4665">
     <span class='ocr_line' id='line_1_93' title="bbox 410 4570 2041 4665; baseline 0.013 -41"><span class='ocrx_word' id='word_1_712' title='bbox 410 4570 480 4627; x_wconf 79' lang='lat' dir='ltr'><strong>A&#39;.</strong></span> <span class='ocrx_word' id='word_1_713' title='bbox 540 4575 958 4665; x_wconf 32' lang='lat' dir='ltr'><strong>&#39;I&#39;Ovnspucp‘r‘oiv</strong></span> <span class='ocrx_word' id='word_1_714' title='bbox 1028 4580 1055 4632; x_wconf 73' lang='grc' dir='ltr'><strong>ὁ</strong></span> <span class='ocrx_word' id='word_1_715' title='bbox 1125 4581 1511 4653; x_wconf 82' lang='grc' dir='ltr'>Ἀπὸστολος,</span> <span class='ocrx_word' id='word_1_716' title='bbox 1581 4588 1847 4661; x_wconf 85' lang='grc' dir='ltr'>θησαυρὸν</span> <span class='ocrx_word' id='word_1_717' title='bbox 1927 4590 2041 4661; x_wconf 86' lang='grc' dir='ltr'><strong>ἐν[</strong></span> 
     </span>
    </p>
   </div>
   <div class='ocr_carea' id='block_1_92' title="bbox 2160 4570 3791 4665">
    <p class='ocr_par' dir='ltr' id='par_1_92' title="bbox 2160 4570 3791 4665">
     <span class='ocr_line' id='line_1_94' title="bbox 2160 4570 3791 4665; baseline 0.001 -15"><span class='ocrx_word' id='word_1_718' title='bbox 2160 4594 2252 4650; x_wconf 91' lang='lat' dir='ltr'><strong>IV.</strong></span> <span class='ocrx_word' id='word_1_719' title='bbox 2314 4570 2493 4659; x_wconf 79' lang='lat' dir='ltr'><strong>Quem</strong></span> <span class='ocrx_word' id='word_1_720' title='bbox 2552 4594 2632 4649; x_wconf 88' lang='lat' dir='ltr'><strong>ait</strong></span> <span class='ocrx_word' id='word_1_721' title='bbox 2659 4594 2991 4665; x_wconf 89' lang='lat' dir='ltr'><strong>Apostolus,</strong></span> <span class='ocrx_word' id='word_1_722' title='bbox 3051 4594 3373 4650; x_wconf 73' lang='lat' dir='ltr'><strong>thesaurum</strong></span> <span class='ocrx_word' id='word_1_723' title='bbox 3427 4611 3482 4651; x_wconf 82' lang='lat' dir='ltr'><strong>se</strong></span> <span class='ocrx_word' id='word_1_724' title='bbox 3506 4596 3706 4652; x_wconf 83' lang='lat' dir='ltr'><strong>habere</strong></span> <span class='ocrx_word' id='word_1_725' title='bbox 3734 4598 3791 4652; x_wconf 83' lang='lat' dir='ltr'><strong>in</strong></span> 
     </span>
    </p>
   </div>
   <div class='ocr_carea' id='block_1_93' title="bbox 337 4657 1968 4757">
    <p class='ocr_par' dir='ltr' id='par_1_93' title="bbox 337 4657 1968 4751">
     <span class='ocr_line' id='line_1_95' title="bbox 337 4657 1968 4751; baseline 0.015 -41"><span class='ocrx_word' id='word_1_726' title='bbox 337 4657 675 4732; x_wconf 85' lang='grc' dir='ltr'>ὀστρακίνοις</span> <span class='ocrx_word' id='word_1_727' title='bbox 750 4660 897 4739; x_wconf 80' lang='grc' dir='ltr'>ἔχειν</span> <span class='ocrx_word' id='word_1_728' title='bbox 964 4673 1079 4729; x_wconf 89' lang='grc' dir='ltr'>τοῖς</span> <span class='ocrx_word' id='word_1_729' title='bbox 1148 4672 1406 4742; x_wconf 86' lang='grc' dir='ltr'>σπεύεσι,</span> <span class='ocrx_word' id='word_1_730' title='bbox 1483 4674 1583 4741; x_wconf 76' lang='grc' dir='ltr'>τὴν</span> <span class='ocrx_word' id='word_1_731' title='bbox 1660 4678 1968 4751; x_wconf 61' lang='grc' dir='ltr'>άγιαστικὴκ</span> 
     </span>
    </p>
   </div>
   <div class='ocr_carea' id='block_1_94' title="bbox 2162 4657 3793 4757">
    <p class='ocr_par' dir='ltr' id='par_1_94' title="bbox 2162 4657 3793 4757">
     <span class='ocr_line' id='line_1_96' title="bbox 2162 4657 3793 4757; baseline 0.002 -18"><span class='ocrx_word' id='word_1_732' title='bbox 2162 4687 2233 4739; x_wconf 87' lang='lat' dir='ltr'><strong>sis</strong></span> <span class='ocrx_word' id='word_1_733' title='bbox 2286 4657 2555 4755; x_wconf 68' lang='lat' dir='ltr'><strong>ﬁctilibus</strong></span> <span class='ocrx_word' id='word_1_734' title='bbox 2585 4686 2626 4751; x_wconf 73' lang='grc' dir='ltr'>θ,</span> <span class='ocrx_word' id='word_1_735' title='bbox 2688 4657 3155 4741; x_wconf 51' lang='grc' dir='ltr'><strong>εἐιῑιοιὶἰὶοάηῐθω</strong></span> <span class='ocrx_word' id='word_1_736' title='bbox 3213 4685 3486 4741; x_wconf 85' lang='lat' dir='ltr'><strong>existima</strong></span> <span class='ocrx_word' id='word_1_737' title='bbox 3541 4686 3793 4757; x_wconf 84' lang='lat' dir='ltr'><strong>Spiritus</strong></span> 
     </span>
    </p>
   </div>
   <div class='ocr_carea' id='block_1_95' title="bbox 337 4742 1968 4849">
    <p class='ocr_par' dir='ltr' id='par_1_95' title="bbox 337 4742 1968 4840">
     <span class='ocr_line' id='line_1_97' title="bbox 337 4742 1968 4840; baseline 0.016 -42"><span class='ocrx_word' id='word_1_738' title='bbox 337 4742 453 4799; x_wconf 77' lang='lat' dir='ltr'><strong>o&#39;iou</strong></span> <span class='ocrx_word' id='word_1_739' title='bbox 493 4754 587 4803; x_wconf 83' lang='grc' dir='ltr'><strong>τοῦ</strong></span> <span class='ocrx_word' id='word_1_740' title='bbox 631 4752 941 4826; x_wconf 86' lang='grc' dir='ltr'>Πνεύματος</span> <span class='ocrx_word' id='word_1_741' title='bbox 994 4756 1243 4833; x_wconf 88' lang='grc' dir='ltr'>δύναμιν,</span> <span class='ocrx_word' id='word_1_742' title='bbox 1299 4762 1363 4829; x_wconf 71' lang='grc' dir='ltr'>ἢν</span> <span class='ocrx_word' id='word_1_743' title='bbox 1424 4761 1499 4819; x_wconf 82' lang='grc' dir='ltr'><strong>ἔτι</strong></span> <span class='ocrx_word' id='word_1_744' title='bbox 1567 4771 1635 4839; x_wconf 76' lang='grc' dir='ltr'>τῇ</span> <span class='ocrx_word' id='word_1_745' title='bbox 1686 4768 1841 4840; x_wconf 83' lang='grc' dir='ltr'>σαρκὶ</span> <span class='ocrx_word' id='word_1_746' title='bbox 1885 4791 1968 4823; x_wconf 83' lang='grc' dir='ltr'>πε-</span> 
     </span>
    </p>
   </div>
   <div class='ocr_carea' id='block_1_96' title="bbox 2160 4742 3791 4849">
    <p class='ocr_par' dir='ltr' id='par_1_96' title="bbox 2160 4742 3791 4849">
     <span class='ocr_line' id='line_1_98' title="bbox 2160 4742 3791 4849; baseline 0.003 -21"><span class='ocrx_word' id='word_1_747' title='bbox 2160 4742 2385 4842; x_wconf 77' lang='lat' dir='ltr'><strong>rtutem,</strong></span> <span class='ocrx_word' id='word_1_748' title='bbox 2418 4790 2593 4846; x_wconf 91' lang='lat' dir='ltr'><strong>quam</strong></span> <span class='ocrx_word' id='word_1_749' title='bbox 2645 4775 2838 4829; x_wconf 91' lang='lat' dir='ltr'><strong>adhuc</strong></span> <span class='ocrx_word' id='word_1_750' title='bbox 2882 4774 2942 4829; x_wconf 91' lang='lat' dir='ltr'><strong>in</strong></span> <span class='ocrx_word' id='word_1_751' title='bbox 3003 4790 3174 4829; x_wconf 86' lang='lat' dir='ltr'><strong>carne</strong></span> <span class='ocrx_word' id='word_1_752' title='bbox 3224 4779 3519 4846; x_wconf 87' lang='lat' dir='ltr'><strong>superstes</strong></span> <span class='ocrx_word' id='word_1_753' title='bbox 3577 4742 3791 4849; x_wconf 79' lang='lat' dir='ltr'><strong>dignus</strong></span> 
     </span>
    </p>
   </div>
   <div class='ocr_carea' id='block_1_97' title="bbox 338 4835 1969 4937">
    <p class='ocr_par' dir='ltr' id='par_1_97' title="bbox 338 4835 1969 4937">
     <span class='ocr_line' id='line_1_99' title="bbox 338 4835 1969 4937; baseline 0.017 -50"><span class='ocrx_word' id='word_1_754' title='bbox 338 4835 912 4937; x_wconf 44' lang='lat' dir='ltr'><strong>pidiv-é&#39;ﬁiocuatéstn</strong></span> <span class='ocrx_word' id='word_1_755' title='bbox 959 4843 1166 4907; x_wconf 76' lang='grc' dir='ltr'>λαϐεῖν.</span> <span class='ocrx_word' id='word_1_756' title='bbox 1222 4851 1321 4905; x_wconf 88' lang='grc' dir='ltr'>Καὶ</span> <span class='ocrx_word' id='word_1_757' title='bbox 1360 4854 1459 4927; x_wconf 90' lang='grc' dir='ltr'><strong>γάρ</strong></span> <span class='ocrx_word' id='word_1_758' title='bbox 1509 4835 1619 4909; x_wconf 28' lang='grc' dir='ltr'>που*</span> <span class='ocrx_word' id='word_1_759' title='bbox 1662 4835 1826 4911; x_wconf 87' lang='grc' dir='ltr'>πάλιν</span> <span class='ocrx_word' id='word_1_760' title='bbox 1871 4881 1969 4937; x_wconf 75' lang='grc' dir='ltr'><strong>φη-</strong></span> 
     </span>
    </p>
   </div>
   <div class='ocr_carea' id='block_1_98' title="bbox 2156 4835 3787 4937">
    <p class='ocr_par' dir='ltr' id='par_1_98' title="bbox 2156 4835 3787 4935">
     <span class='ocr_line' id='line_1_100' title="bbox 2156 4835 3787 4935; baseline 0.002 -17"><span class='ocrx_word' id='word_1_761' title='bbox 2156 4864 2327 4919; x_wconf 75' lang='lat' dir='ltr'><strong>ibitus</strong></span> <span class='ocrx_word' id='word_1_762' title='bbox 2368 4835 2470 4919; x_wconf 68' lang='lat' dir='ltr'><strong>est</strong></span> <span class='ocrx_word' id='word_1_763' title='bbox 2521 4864 2801 4935; x_wconf 87' lang='lat' dir='ltr'><strong>accipere.</strong></span> <span class='ocrx_word' id='word_1_764' title='bbox 2862 4864 3091 4919; x_wconf 91' lang='lat' dir='ltr'><strong>Etenim</strong></span> <span class='ocrx_word' id='word_1_765' title='bbox 3151 4835 3315 4920; x_wconf 45' lang='lat' dir='ltr'><strong>alibi.</strong></span> <span class='ocrx_word' id='word_1_766' title='bbox 3347 4882 3551 4921; x_wconf 89' lang='lat' dir='ltr'><strong>rursus</strong></span> <span class='ocrx_word' id='word_1_767' title='bbox 3635 4835 3787 4923; x_wconf 75' lang='lat' dir='ltr'><strong>idem</strong></span> 
     </span>
    </p>
   </div>
   <div class='ocr_carea' id='block_1_99' title="bbox 336 4924 1967 5026">
    <p class='ocr_par' dir='ltr' id='par_1_99' title="bbox 336 4924 1967 5026">
     <span class='ocr_line' id='line_1_101' title="bbox 336 4924 1967 5026; baseline 0.017 -49"><span class='ocrx_word' id='word_1_768' title='bbox 336 4924 415 5026; x_wconf 66' lang='grc' dir='ltr'><strong>σίν</strong></span> <span class='ocrx_word' id='word_1_769' title='bbox 468 4926 495 4979; x_wconf 86' lang='lat'><strong>6</strong></span> <span class='ocrx_word' id='word_1_770' title='bbox 555 4927 757 5026; x_wconf 75' lang='grc' dir='ltr'>αὐτός’</span> <span class='ocrx_word' id='word_1_771' title='bbox 794 4934 888 4994; x_wconf 70' lang='grc' dir='ltr'><strong>’Ὀς</strong></span> <span class='ocrx_word' id='word_1_772' title='bbox 947 4936 1176 5011; x_wconf 73' lang='grc' dir='ltr'>ἐγενήθη</span> <span class='ocrx_word' id='word_1_773' title='bbox 1236 4924 1382 5012; x_wconf 37' lang='grc' dir='ltr'>ἡμῖν’</span> <span class='ocrx_word' id='word_1_774' title='bbox 1432 4924 1592 5020; x_wconf 83' lang='grc' dir='ltr'>σοφία</span> <span class='ocrx_word' id='word_1_775' title='bbox 1656 4946 1762 5001; x_wconf 85' lang='grc' dir='ltr'>ἀπὸ</span> <span class='ocrx_word' id='word_1_776' title='bbox 1820 4924 1967 5017; x_wconf 66' lang='grc' dir='ltr'><strong>Θεοῦ1</strong></span> 
     </span>
    </p>
   </div>
   <div class='ocr_carea' id='block_1_100' title="bbox 2161 4924 3792 5026">
    <p class='ocr_par' dir='ltr' id='par_1_100' title="bbox 2161 4924 3792 5026">
     <span class='ocr_line' id='line_1_102' title="bbox 2161 4924 3792 5026; baseline 0.003 -19"><span class='ocrx_word' id='word_1_777' title='bbox 2161 4953 2232 5007; x_wconf 87' lang='lat' dir='ltr'><strong>cit</strong></span> <span class='ocrx_word' id='word_1_778' title='bbox 2265 4970 2277 5008; x_wconf 91' lang='lat'><strong>:</strong></span> <span class='ocrx_word' id='word_1_779' title='bbox 2312 4954 2417 5021; x_wconf 84' lang='lat' dir='ltr'><strong>Qui</strong></span> <span class='ocrx_word' id='word_1_780' title='bbox 2444 4956 2622 5021; x_wconf 82' lang='lat' dir='ltr'><strong>factus</strong></span> <span class='ocrx_word' id='word_1_781' title='bbox 2650 4924 2726 5009; x_wconf 66' lang='lat' dir='ltr'><strong>est</strong></span> <span class='ocrx_word' id='word_1_782' title='bbox 2782 4954 2942 5009; x_wconf 73' lang='lat' dir='ltr'><strong>nobis</strong></span> <span class='ocrx_word' id='word_1_783' title='bbox 2978 4955 3253 5025; x_wconf 80' lang='lat' dir='ltr'><strong>sapientia</strong></span> <span class='ocrx_word' id='word_1_784' title='bbox 3279 4972 3313 5011; x_wconf 88' lang='lat' dir='ltr'><strong><em>a</em></strong></span> <span class='ocrx_word' id='word_1_785' title='bbox 3361 4957 3482 5025; x_wconf 80' lang='lat' dir='ltr'><strong>Deo,</strong></span> <span class='ocrx_word' id='word_1_786' title='bbox 3532 4964 3582 5011; x_wconf 85' lang='lat' dir='ltr'><strong>et</strong></span> <span class='ocrx_word' id='word_1_787' title='bbox 3622 4956 3792 5026; x_wconf 88' lang='lat' dir='ltr'><strong>justi-</strong></span> 
     </span>
    </p>
   </div>
   <div class='ocr_carea' id='block_1_101' title="bbox 337 5012 1968 5117">
    <p class='ocr_par' dir='ltr' id='par_1_101' title="bbox 337 5012 1968 5110">
     <span class='ocr_line' id='line_1_103' title="bbox 337 5012 1968 5110; baseline 0.017 -43"><span class='ocrx_word' id='word_1_788' title='bbox 337 5012 645 5087; x_wconf 78' lang='grc' dir='ltr'>δικαιοσύνη</span> <span class='ocrx_word' id='word_1_789' title='bbox 716 5041 775 5074; x_wconf 88' lang='grc' dir='ltr'><strong>τε</strong></span> <span class='ocrx_word' id='word_1_790' title='bbox 838 5024 928 5077; x_wconf 82' lang='grc' dir='ltr'><strong>καὶ</strong></span> <span class='ocrx_word' id='word_1_791' title='bbox 1002 5026 1288 5101; x_wconf 78' lang='grc' dir='ltr'>ἁγιασμὸς,</span> <span class='ocrx_word' id='word_1_792' title='bbox 1374 5032 1461 5089; x_wconf 84' lang='grc' dir='ltr'><strong>καὶ</strong></span> <span class='ocrx_word' id='word_1_793' title='bbox 1544 5033 1968 5110; x_wconf 81' lang='grc' dir='ltr'>ἀπολύτρωσις.</span> 
     </span>
    </p>
   </div>
   <div class='ocr_carea' id='block_1_102' title="bbox 2161 5012 3792 5117">
    <p class='ocr_par' dir='ltr' id='par_1_102' title="bbox 2173 5012 3792 5117">
     <span class='ocr_line' id='line_1_104' title="bbox 2173 5012 3792 5117; baseline 0.004 -20"><span class='ocrx_word' id='word_1_794' title='bbox 2173 5084 2186 5109; x_wconf 92' lang='grc'><strong>,</strong></span> <span class='ocrx_word' id='word_1_795' title='bbox 2220 5051 2269 5097; x_wconf 83' lang='lat' dir='ltr'><strong>et</strong></span> <span class='ocrx_word' id='word_1_796' title='bbox 2324 5044 2711 5112; x_wconf 69' lang='lat' dir='ltr'><strong>sanctiﬁcatio,</strong></span> <span class='ocrx_word' id='word_1_797' title='bbox 2742 5048 2793 5098; x_wconf 87' lang='lat' dir='ltr'><strong>et</strong></span> <span class='ocrx_word' id='word_1_798' title='bbox 2832 5012 3135 5114; x_wconf 59' lang='lat' dir='ltr'><strong>redemptio</strong></span> <span class='ocrx_word' id='word_1_799' title='bbox 3156 5043 3198 5098; x_wconf 80' lang='lat'><strong>7.</strong></span> <span class='ocrx_word' id='word_1_800' title='bbox 3235 5045 3341 5112; x_wconf 91' lang='lat' dir='ltr'><strong>Qui</strong></span> <span class='ocrx_word' id='word_1_801' title='bbox 3398 5012 3579 5117; x_wconf 83' lang='lat' dir='ltr'><strong>igitur</strong></span> <span class='ocrx_word' id='word_1_802' title='bbox 3622 5012 3792 5103; x_wconf 82' lang='lat' dir='ltr'><strong>inve-</strong></span> 
     </span>
    </p>
   </div>
   <div class='ocr_carea' id='block_1_103' title="bbox 333 5108 1964 5207">
    <p class='ocr_par' dir='ltr' id='par_1_103' title="bbox 333 5108 1964 5201">
     <span class='ocr_line' id='line_1_105' title="bbox 333 5108 1964 5201; baseline 0.01 -37"><span class='ocrx_word' id='word_1_803' title='bbox 333 5108 394 5164; x_wconf 72' lang='lat'><strong>‘0</strong></span> <span class='ocrx_word' id='word_1_804' title='bbox 426 5112 555 5182; x_wconf 90' lang='grc' dir='ltr'>γοῦν</span> <span class='ocrx_word' id='word_1_805' title='bbox 590 5110 758 5183; x_wconf 80' lang='grc' dir='ltr'>εὑρὼν</span> <span class='ocrx_word' id='word_1_806' title='bbox 802 5113 891 5166; x_wconf 87' lang='grc' dir='ltr'><strong>καὶ</strong></span> <span class='ocrx_word' id='word_1_807' title='bbox 940 5118 1065 5189; x_wconf 84' lang='grc' dir='ltr'>παρ’</span> <span class='ocrx_word' id='word_1_808' title='bbox 1115 5118 1288 5189; x_wconf 74' lang='grc' dir='ltr'>ἑαυτῷ</span> <span class='ocrx_word' id='word_1_809' title='bbox 1333 5122 1483 5195; x_wconf 87' lang='grc' dir='ltr'>σχὼν</span> <span class='ocrx_word' id='word_1_810' title='bbox 1525 5124 1616 5177; x_wconf 87' lang='grc' dir='ltr'><strong>τὸν</strong></span> <span class='ocrx_word' id='word_1_811' title='bbox 1661 5108 1964 5201; x_wconf 60' lang='grc' dir='ltr'>ἐπουράνιοι</span> 
     </span>
    </p>
   </div>
   <div class='ocr_carea' id='block_1_104' title="bbox 2157 5108 3788 5207">
    <p class='ocr_par' dir='ltr' id='par_1_104' title="bbox 2157 5108 3788 5207">
     <span class='ocr_line' id='line_1_106' title="bbox 2157 5108 3788 5207; baseline 0.004 -21"><span class='ocrx_word' id='word_1_812' title='bbox 2157 5108 2179 5186; x_wconf 10' lang='lat' dir='ltr'><strong>t7</strong></span> <span class='ocrx_word' id='word_1_813' title='bbox 2214 5143 2266 5188; x_wconf 82' lang='lat' dir='ltr'><strong>et</strong></span> <span class='ocrx_word' id='word_1_814' title='bbox 2310 5134 2465 5203; x_wconf 90' lang='lat' dir='ltr'><strong>apud</strong></span> <span class='ocrx_word' id='word_1_815' title='bbox 2506 5108 2582 5188; x_wconf 83' lang='lat' dir='ltr'><strong>se</strong></span> <span class='ocrx_word' id='word_1_816' title='bbox 2639 5108 2811 5189; x_wconf 80' lang='lat' dir='ltr'><strong>habet</strong></span> <span class='ocrx_word' id='word_1_817' title='bbox 2841 5108 3126 5189; x_wconf 74' lang='lat' dir='ltr'><strong>ccelestem</strong></span> <span class='ocrx_word' id='word_1_818' title='bbox 3162 5108 3316 5190; x_wconf 80' lang='lat' dir='ltr'><strong>hunc</strong></span> <span class='ocrx_word' id='word_1_819' title='bbox 3373 5108 3626 5207; x_wconf 67' lang='lat' dir='ltr'><strong>spiritus</strong></span> <span class='ocrx_word' id='word_1_820' title='bbox 3667 5136 3788 5192; x_wconf 88' lang='lat' dir='ltr'><strong>the—</strong></span> 
     </span>
    </p>
   </div>
   <div class='ocr_carea' id='block_1_105' title="bbox 331 5200 1962 5292">
    <p class='ocr_par' dir='ltr' id='par_1_105' title="bbox 331 5200 1962 5283">
     <span class='ocr_line' id='line_1_107' title="bbox 331 5200 1962 5283; baseline 0.011 -32"><span class='ocrx_word' id='word_1_821' title='bbox 331 5202 523 5252; x_wconf 88' lang='grc' dir='ltr'>τοῦτον</span> <span class='ocrx_word' id='word_1_822' title='bbox 563 5204 658 5254; x_wconf 89' lang='grc' dir='ltr'><strong>τοῦ</strong></span> <span class='ocrx_word' id='word_1_823' title='bbox 710 5200 1024 5276; x_wconf 81' lang='grc' dir='ltr'>Πνεύμάτος</span> <span class='ocrx_word' id='word_1_824' title='bbox 1072 5208 1359 5279; x_wconf 82' lang='grc' dir='ltr'>θησαυρὸν,</span> <span class='ocrx_word' id='word_1_825' title='bbox 1409 5217 1578 5265; x_wconf 82' lang='grc' dir='ltr'>πᾶσαν</span> <span class='ocrx_word' id='word_1_826' title='bbox 1627 5200 1962 5283; x_wconf 60' lang='grc' dir='ltr'>δικαιοσύνηκ</span> 
     </span>
    </p>
   </div>
   <div class='ocr_carea' id='block_1_106' title="bbox 2154 5200 3785 5292">
    <p class='ocr_par' dir='ltr' id='par_1_106' title="bbox 2159 5224 3785 5292">
     <span class='ocr_line' id='line_1_108' title="bbox 2159 5224 3785 5292; baseline 0.003 -17"><span class='ocrx_word' id='word_1_827' title='bbox 2159 5237 2345 5289; x_wconf 91' lang='lat' dir='ltr'><strong>urum,</strong></span> <span class='ocrx_word' id='word_1_828' title='bbox 2415 5238 2648 5277; x_wconf 91' lang='lat' dir='ltr'><strong>omnem</strong></span> <span class='ocrx_word' id='word_1_829' title='bbox 2691 5224 2989 5292; x_wconf 87' lang='lat' dir='ltr'><strong>justitiam</strong></span> <span class='ocrx_word' id='word_1_830' title='bbox 3061 5225 3490 5292; x_wconf 88' lang='lat' dir='ltr'><strong>mandatorum,</strong></span> <span class='ocrx_word' id='word_1_831' title='bbox 3552 5240 3785 5279; x_wconf 87' lang='lat' dir='ltr'><strong>omnem</strong></span> 
     </span>
    </p>
   </div>
   <div class='ocr_carea' id='block_1_107' title="bbox 329 5283 1960 5384">
    <p class='ocr_par' dir='ltr' id='par_1_107' title="bbox 329 5283 1960 5379">
     <span class='ocr_line' id='line_1_109' title="bbox 329 5283 1960 5379; baseline 0.011 -39"><span class='ocrx_word' id='word_1_832' title='bbox 329 5283 586 5355; x_wconf 78' lang='grc' dir='ltr'>ἐντολῶν,</span> <span class='ocrx_word' id='word_1_833' title='bbox 620 5296 789 5346; x_wconf 82' lang='grc' dir='ltr'>πᾶσαν</span> <span class='ocrx_word' id='word_1_834' title='bbox 818 5294 916 5361; x_wconf 71' lang='grc' dir='ltr'>τὴν</span> <span class='ocrx_word' id='word_1_835' title='bbox 948 5298 1055 5348; x_wconf 87' lang='grc' dir='ltr'><strong>τῶν</strong></span> <span class='ocrx_word' id='word_1_836' title='bbox 1090 5293 1325 5349; x_wconf 84' lang='grc' dir='ltr'>ἐντολῶν</span> <span class='ocrx_word' id='word_1_837' title='bbox 1352 5296 1597 5373; x_wconf 82' lang='grc' dir='ltr'>ἐργασίαν</span> <span class='ocrx_word' id='word_1_838' title='bbox 1637 5301 1698 5355; x_wconf 84' lang='grc' dir='ltr'><strong>ού</strong></span> <span class='ocrx_word' id='word_1_839' title='bbox 1726 5304 1960 5379; x_wconf 77' lang='grc' dir='ltr'>καθαρῶς</span> 
     </span>
    </p>
   </div>
   <div class='ocr_carea' id='block_1_108' title="bbox 2154 5283 3785 5384">
    <p class='ocr_par' dir='ltr' id='par_1_108' title="bbox 2154 5313 3785 5384">
     <span class='ocr_line' id='line_1_110' title="bbox 2154 5313 3785 5384; baseline 0.004 -22"><span class='ocrx_word' id='word_1_840' title='bbox 2154 5316 2480 5365; x_wconf 61' lang='lat' dir='ltr'><strong>arationem</strong></span> <span class='ocrx_word' id='word_1_841' title='bbox 2516 5313 2941 5381; x_wconf 81' lang='lat' dir='ltr'><strong>praescriptam,</strong></span> <span class='ocrx_word' id='word_1_842' title='bbox 2978 5330 3091 5368; x_wconf 91' lang='lat' dir='ltr'><strong>non</strong></span> <span class='ocrx_word' id='word_1_843' title='bbox 3127 5332 3269 5384; x_wconf 90' lang='lat' dir='ltr'><strong>pure</strong></span> <span class='ocrx_word' id='word_1_844' title='bbox 3326 5315 3515 5369; x_wconf 89' lang='lat' dir='ltr'><strong>solum</strong></span> <span class='ocrx_word' id='word_1_845' title='bbox 3550 5319 3606 5367; x_wconf 89' lang='lat' dir='ltr'><strong>et</strong></span> <span class='ocrx_word' id='word_1_846' title='bbox 3644 5313 3785 5369; x_wconf 85' lang='lat' dir='ltr'><strong>irre-</strong></span> 
     </span>
    </p>
   </div>
   <div class='ocr_carea' id='block_1_109' title="bbox 335 5380 1966 5469">
    <p class='ocr_par' dir='ltr' id='par_1_109' title="bbox 335 5380 1966 5457">
     <span class='ocr_line' id='line_1_111' title="bbox 335 5380 1966 5457; baseline 0.009 -25"><span class='ocrx_word' id='word_1_847' title='bbox 335 5380 494 5451; x_wconf 86' lang='grc' dir='ltr'>μόνον</span> <span class='ocrx_word' id='word_1_848' title='bbox 523 5382 611 5436; x_wconf 77' lang='grc' dir='ltr'><strong>καὶ</strong></span> <span class='ocrx_word' id='word_1_849' title='bbox 643 5382 988 5457; x_wconf 76' lang='grc' dir='ltr'>ἀμωμήτως,</span> <span class='ocrx_word' id='word_1_850' title='bbox 1021 5384 1168 5441; x_wconf 80' lang='grc' dir='ltr'>ἀλλὰ</span> <span class='ocrx_word' id='word_1_851' title='bbox 1199 5386 1287 5441; x_wconf 81' lang='grc' dir='ltr'><strong>καὶ</strong></span> <span class='ocrx_word' id='word_1_852' title='bbox 1320 5389 1498 5443; x_wconf 86' lang='grc' dir='ltr'>πόνων</span> <span class='ocrx_word' id='word_1_853' title='bbox 1538 5390 1691 5452; x_wconf 84' lang='grc' dir='ltr'>ἐκτὸς</span> <span class='ocrx_word' id='word_1_854' title='bbox 1740 5392 1828 5447; x_wconf 85' lang='grc' dir='ltr'><strong>καὶ</strong></span> <span class='ocrx_word' id='word_1_855' title='bbox 1876 5414 1966 5447; x_wconf 88' lang='grc' dir='ltr'>κα-</span> 
     </span>
    </p>
   </div>
   <div class='ocr_carea' id='block_1_110' title="bbox 2157 5380 3788 5469">
    <p class='ocr_par' dir='ltr' id='par_1_110' title="bbox 2157 5397 3788 5469">
     <span class='ocr_line' id='line_1_112' title="bbox 2157 5397 3788 5469; baseline 0.003 -17"><span class='ocrx_word' id='word_1_856' title='bbox 2157 5397 2725 5469; x_wconf 63' lang='grc' dir='ltr'>εὴοηεὶὺὶιίιειι,ῗεθί1</span> <span class='ocrx_word' id='word_1_857' title='bbox 2768 5402 2937 5458; x_wconf 83' lang='lat' dir='ltr'><strong>etiam</strong></span> <span class='ocrx_word' id='word_1_858' title='bbox 3007 5404 3131 5458; x_wconf 87' lang='lat' dir='ltr'><strong>sine</strong></span> <span class='ocrx_word' id='word_1_859' title='bbox 3181 5404 3377 5459; x_wconf 87' lang='lat' dir='ltr'><strong>labore</strong></span> <span class='ocrx_word' id='word_1_860' title='bbox 3429 5408 3486 5457; x_wconf 86' lang='lat' dir='ltr'><strong>et</strong></span> <span class='ocrx_word' id='word_1_861' title='bbox 3532 5417 3788 5457; x_wconf 73' lang='lat' dir='ltr'><strong>aerumna</strong></span> 
     </span>
    </p>
   </div>
   <div class='ocr_carea' id='block_1_111' title="bbox 336 5469 1967 5562">
    <p class='ocr_par' dir='ltr' id='par_1_111' title="bbox 336 5469 1967 5556">
     <span class='ocr_line' id='line_1_113' title="bbox 336 5469 1967 5556; baseline 0.01 -34"><span class='ocrx_word' id='word_1_862' title='bbox 336 5469 518 5539; x_wconf 90' lang='grc' dir='ltr'>μάτων</span> <span class='ocrx_word' id='word_1_863' title='bbox 551 5470 727 5527; x_wconf 76' lang='grc' dir='ltr'>ἀνύειν</span> <span class='ocrx_word' id='word_1_864' title='bbox 762 5470 1003 5547; x_wconf 86' lang='grc' dir='ltr'>δύναται,</span> <span class='ocrx_word' id='word_1_865' title='bbox 1037 5477 1167 5550; x_wconf 82' lang='grc' dir='ltr'>ὅπερ</span> <span class='ocrx_word' id='word_1_866' title='bbox 1196 5478 1428 5549; x_wconf 85' lang='grc' dir='ltr'>ἀπονητὶ</span> <span class='ocrx_word' id='word_1_867' title='bbox 1466 5481 1729 5556; x_wconf 83' lang='grc' dir='ltr'>πρότερον</span> <span class='ocrx_word' id='word_1_868' title='bbox 1758 5479 1967 5537; x_wconf 80' lang='grc' dir='ltr'>πολλοῦ</span> 
     </span>
    </p>
   </div>
   <div class='ocr_carea' id='block_1_112' title="bbox 2147 5469 3778 5562">
    <p class='ocr_par' dir='ltr' id='par_1_112' title="bbox 2147 5490 3778 5562">
     <span class='ocr_line' id='line_1_114' title="bbox 2147 5490 3778 5562; baseline 0.004 -21"><span class='ocrx_word' id='word_1_869' title='bbox 2147 5492 2275 5543; x_wconf 73' lang='lat' dir='ltr'><strong>itest</strong></span> <span class='ocrx_word' id='word_1_870' title='bbox 2304 5490 2560 5561; x_wconf 81' lang='lat' dir='ltr'><strong>exsequi,</strong></span> <span class='ocrx_word' id='word_1_871' title='bbox 2589 5490 2742 5562; x_wconf 90' lang='lat' dir='ltr'><strong>quod</strong></span> <span class='ocrx_word' id='word_1_872' title='bbox 2801 5496 2971 5548; x_wconf 85' lang='lat' dir='ltr'><strong>antea</strong></span> <span class='ocrx_word' id='word_1_873' title='bbox 3029 5494 3173 5548; x_wconf 85' lang='lat' dir='ltr'><strong>citra</strong></span> <span class='ocrx_word' id='word_1_874' title='bbox 3229 5491 3483 5548; x_wconf 86' lang='lat' dir='ltr'><strong>laborem</strong></span> <span class='ocrx_word' id='word_1_875' title='bbox 3527 5490 3778 5550; x_wconf 86' lang='lat' dir='ltr'><strong>multum</strong></span> 
     </span>
    </p>
   </div>
   <div class='ocr_carea' id='block_1_113' title="bbox 418 5622 2049 5715">
    <p class='ocr_par' dir='ltr' id='par_1_113' title="bbox 418 5622 2049 5711">
     <span class='ocr_line' id='line_1_115' title="bbox 418 5622 2049 5711; baseline 0.01 -34"><span class='ocrx_word' id='word_1_876' title='bbox 418 5622 440 5657; x_wconf 80' lang='grc'>²</span> <span class='ocrx_word' id='word_1_877' title='bbox 470 5625 638 5682; x_wconf 86' lang='lat' dir='ltr'><strong>IGor.</strong></span> <span class='ocrx_word' id='word_1_878' title='bbox 666 5644 705 5699; x_wconf 83' lang='grc' dir='ltr'>ι,</span> <span class='ocrx_word' id='word_1_879' title='bbox 742 5631 823 5685; x_wconf 90' lang='grc'><strong>18.</strong></span> <span class='ocrx_word' id='word_1_880' title='bbox 903 5631 924 5665; x_wconf 86' lang='grc'><strong>³</strong></span> <span class='ocrx_word' id='word_1_881' title='bbox 950 5632 968 5686; x_wconf 91' lang='lat' dir='ltr'><strong>l</strong></span> <span class='ocrx_word' id='word_1_882' title='bbox 999 5633 1125 5691; x_wconf 86' lang='lat' dir='ltr'><strong>Cor.</strong></span> <span class='ocrx_word' id='word_1_883' title='bbox 1158 5650 1233 5705; x_wconf 80' lang='lat' dir='ltr'><strong>iv,</strong></span> <span class='ocrx_word' id='word_1_884' title='bbox 1264 5636 1317 5690; x_wconf 89' lang='lat'><strong>8.</strong></span> <span class='ocrx_word' id='word_1_885' title='bbox 1396 5635 1417 5670; x_wconf 79' lang='grc'>⁴</span> <span class='ocrx_word' id='word_1_886' title='bbox 1446 5634 1586 5694; x_wconf 86' lang='lat' dir='ltr'><strong>Gen.</strong></span> <span class='ocrx_word' id='word_1_887' title='bbox 1620 5653 1703 5707; x_wconf 84' lang='lat' dir='ltr'><strong>ni,</strong></span> <span class='ocrx_word' id='word_1_888' title='bbox 1734 5639 1788 5694; x_wconf 88' lang='grc'><strong>5.</strong></span> <span class='ocrx_word' id='word_1_889' title='bbox 1864 5637 2049 5711; x_wconf 50' lang='lat' dir='ltr'><strong>{Phili</strong></span> 
     </span>
    </p>
   </div>
   <div class='ocr_carea' id='block_1_114' title="bbox 1720 5622 3351 5715">
    <p class='ocr_par' dir='ltr' id='par_1_114' title="bbox 1734 5637 3351 5715">
     <span class='ocr_line' id='line_1_116' title="bbox 1734 5637 3351 5715; baseline 0.003 -22"><span class='ocrx_word' id='word_1_890' title='bbox 1734 5639 1788 5694; x_wconf 89' lang='grc'><strong>5.</strong></span> <span class='ocrx_word' id='word_1_891' title='bbox 1864 5637 2167 5713; x_wconf 72' lang='lat' dir='ltr'><strong>5_Philipp.</strong></span> <span class='ocrx_word' id='word_1_892' title='bbox 2197 5659 2259 5711; x_wconf 79' lang='grc' dir='ltr'><strong>ιι,</strong></span> <span class='ocrx_word' id='word_1_893' title='bbox 2290 5645 2341 5697; x_wconf 83' lang='grc'><strong>7.</strong></span> <span class='ocrx_word' id='word_1_894' title='bbox 2420 5642 2442 5675; x_wconf 80' lang='grc'>⁸</span> <span class='ocrx_word' id='word_1_895' title='bbox 2467 5642 2663 5700; x_wconf 89' lang='lat' dir='ltr'><strong>IlCor.</strong></span> <span class='ocrx_word' id='word_1_896' title='bbox 2699 5661 2772 5715; x_wconf 82' lang='lat' dir='ltr'><strong>IV,</strong></span> <span class='ocrx_word' id='word_1_897' title='bbox 2797 5646 2851 5702; x_wconf 92' lang='lat'><strong>7.</strong></span> <span class='ocrx_word' id='word_1_898' title='bbox 2930 5646 2949 5679; x_wconf 83' lang='lat'><strong><em>&quot;</em></strong></span> <span class='ocrx_word' id='word_1_899' title='bbox 2976 5645 2998 5699; x_wconf 87' lang='grc' dir='ltr'><strong>Ι</strong></span> <span class='ocrx_word' id='word_1_900' title='bbox 3030 5644 3157 5700; x_wconf 86' lang='lat' dir='ltr'><strong>Cor.</strong></span> <span class='ocrx_word' id='word_1_901' title='bbox 3189 5660 3229 5709; x_wconf 85' lang='lat'><strong>1,</strong></span> <span class='ocrx_word' id='word_1_902' title='bbox 3265 5644 3351 5698; x_wconf 87' lang='lat'><strong>30.</strong></span> 
     </span>
    </p>
   </div>
  </div>
