4076 6280
336 404 456 467 913

1595 407 1826 471 LIBER
1869 408 1970 469 DE
2009 355 2484 468 CHARITATE.

3688 409 3804 469 914

326 533 422 592 τοῦ
483 536 795 608 Πνεῦματος
853 539 959 590 τῶν
1001 535 1302 608 ἀνθρώπων
1353 537 1566 594 πάντων
1622 538 1950 611 περικαιόμε

2137 542 2255 593 ictu
2298 537 2590 609 squalent,
2615 537 2686 593 ob
2733 536 3038 593 hominum
3121 537 3370 594 salutem
3419 554 3550 593 cum
3582 537 3803 610 gemitu

328 649 411 682 νοι
457 627 592 682 ὅλου
639 632 734 681 τοῦ
783 625 958 699 Ἀδὰμ
1015 629 1075 683 τὸ
1125 628 1314 691 πένθος
1359 625 1831 700 ἀναλαμϐάνουσι.
1886 632 1981 684 Καὶ

333 716 464 769 ποτὲ
498 716 591 787 μὲν
623 716 757 788 πρὸς
789 714 1059 783 τοσαύτην
1091 716 1303 788 ἀγάπην
1338 718 1454 790 μεθ’
1485 715 1684 786 ἡδονῆς
1718 717 1780 772 οὗ
1835 717 1983 793 λόγῳ

330 803 499 877 ῥητῆς
559 810 653 859 τοῦ
706 805 1018 878 Πνεῦματος
1069 806 1444 876 ἐξεκαύθησαν,
1501 809 1574 868 ὡς
1604 806 1648 861 έί
1681 829 1743 884 γε
1777 808 1841 876 ἦν
1892 805 1983 862 δυ-

325 895 483 948 νατὸν
518 893 688 962 ὅλως,
723 898 896 948 πάντα
929 893 1206 969 ἄνθρωπον
1247 902 1363 958 τοῖς
1396 897 1734 975 σπλάγχνοις
1787 895 1981 970 ἐγκολ-

323 984 612 1038 πώσασθαι
660 990 776 1045 τοῖς
830 982 1010 1048 ζ’δίοις,
1071 989 1240 1040 κακοῦ
1299 983 1564 1063 διαφοράν
1624 987 1684 1041 τὸ
1731 987 1979 1060 παράπαν

324 1072 429 1126 ἀπὸ
480 1076 578 1127 τοῦ
631 1073 832 1149 ἀγαθοῦ
883 1077 959 1146 μή
1010 1075 1332 1148 ποιούμενοι
1373 1095 1386 1108 ·
1421 1085 1553 1130 ποτὲ
1607 1073 1665 1130 δὲ
1721 1080 1980 1131 τοσοῦτον

321 1161 543 1223 ἑαυτοὺς
599 1161 982 1233 ἐξουδένωσαν,
1036 1165 1112 1226 ὡς
1166 1163 1370 1236 μηδένα
1413 1166 1545 1220 εἶναι
1592 1166 1685 1220 τὸν
1739 1168 1856 1240 μετ’
1890 1166 1984 1220 αὐ-

318 1248 446 1310 τοὺς
478 1246 702 1318 οίὲσθαι,
735 1248 882 1305 ἀλλὰ
931 1251 1143 1306 πάντων
1184 1250 1453 1328 ἐσχάτους
1507 1254 1730 1314 ἑαυτοὺς
1773 1251 1984 1327 λογίζε-

320 1339 463 1397 σθαι,
498 1340 594 1392 Καὶ
625 1343 718 1393 νῦν
763 1340 860 1412 μὲν
898 1339 1257 1413 ἀνεκλακήτῳ
1321 1346 1466 1417 χαρᾷ
1512 1346 1608 1397 τοῦ
1665 1342 1978 1414 Πνεῦματος

317 1427 690 1498 κατεπόθησαν
727 1429 852 1482 ’νῦν
906 1426 963 1484 δὲ
993 1431 1234 1504 καθάπερ
1292 1451 1374 1492 τις
1422 1434 1530 1485 τῶν
1577 1431 1825 1510 ἰσχυρῶν
1875 1434 1977 1506 βαι

320 1516 538 1588 σιλικήν
569 1515 751 1575 λαϐὼν
799 1520 1128 1589 πανοπλίαν,
1176 1523 1266 1577 καὶ
1306 1520 1444 1599 πρὸς
1491 1523 1733 1596 πόλεμον
1781 1523 1979 1580 κατελ”’

319 1606 424 1660 θῶν
457 1606 585 1670 τοῦς
617 1607 888 1673 ἐναντίους
938 1612 1412 1684 κατετροπώσατο,
1443 1614 1536 1668 τὸν
1581 1610 1701 1668 ’ίσον
1750 1613 1840 1668 καὶ
1893 1614 1978 1668 οὗ⁹

319 1715 406 1750 τοι
434 1697 638 1771 τρόπον
687 1699 886 1764 ὅπλοις
935 1702 1268 1777 φραξάμενοι
1327 1708 1444 1765 τοῖς
1492 1707 1588 1758 τοῦ
1654 1702 1974 1775 Πνεύματος

317 1785 453 1859 πρὸς
497 1788 624 1848 τοὺς
672 1787 890 1866 ἀφανεῖς
949 1792 1222 1860 κατῆλθον
1282 1790 1536 1866 ἐχθροὺς,
1595 1794 1682 1847 καὶ
1744 1795 1975 1855 τούτους

2093 628 2561 697 ingemiscentes.
2622 628 2766 682 Nam
2817 629 3012 683 divino
3070 645 3204 700 erga
3274 646 3473 684 omnes
3533 629 3804 683 homines

2094 734 2290 772 amore
2336 717 2585 780 accensi,
2645 719 2716 772 ob
2775 721 2955 771 totum
3017 717 3342 773 humanum
3396 734 3580 788 genus
3639 718 3802 771 luctu

2094 806 2688 877 comprehenduntur.
2736 808 2801 860 Et
2862 806 3152 861 interdum
3194 812 3355 862 tanto
3417 823 3613 862 amore
3664 823 3795 862 cum

2093 895 2386 964 voluiitate
2414 897 2604 950 verbis
2662 913 2773 950 non
2833 895 3212 964 exprimenda
3260 895 3610 951 inflammati
3643 900 3800 956 sunt,

2094 990 2179 1053 ut,
2238 986 2285 1038 si
2321 983 2442 1039 ﬁeri
2501 985 2702 1054 possit,
2753 1001 2986 1040 omnem
3036 1002 3272 1055 prorsus
3319 986 3645 1055 hominem,
3676 985 3802 1039 sine

2093 1072 2432 1129 discrimine
2486 1073 2646 1139 boni,
2681 1074 2839 1141 mali,
2900 1075 3248 1140 innocentis,
3309 1073 3598 1136 scelerati,
3650 1073 3804 1127 intra

2095 1179 2216 1217 suae
2245 1165 2466 1220 viscera
2509 1165 2776 1234 colligere
2835 1164 3156 1232 cbaritatis,
3183 1168 3240 1219 et
3300 1165 3485 1219 fovere
3538 1163 3798 1233 cupiant.

2092 1252 2524 1324 Nonnunquam
2569 1255 2711 1310 adeo
2743 1269 2801 1308 se
2831 1253 3212 1325 vilipendunt,
3246 1258 3310 1308 ut
3370 1257 3559 1324 pateat
3617 1252 3799 1306 nemi-

2094 1358 2224 1397 nem
2272 1342 2385 1397 sibi
2415 1359 2542 1398 esse
2585 1343 3118 1414 inferiorem;quin
3178 1347 3236 1398 et
3294 1348 3615 1413 postremos
3672 1357 3802 1395 om-

2093 1429 2256 1484 nium
2289 1447 2351 1485 se
2377 1446 2504 1486 esse
2535 1430 2886 1485 existiment.
2921 1433 2989 1486 Et.
3029 1447 3178 1486 nunc
3229 1431 3464 1502 quidem
3502 1429 3802 1485 inenarra-

2095 1518 2193 1574 bili
2251 1520 2505 1591 absorpli
2575 1525 2710 1575 sunt
2775 1520 3026 1590 Spiritus
3103 1521 3336 1592 gaudio,
3406 1537 3536 1576 mox
3627 1518 3801 1575 veluti

2092 1608 2304 1681 aliquis
2338 1627 2404 1665 ex
2437 1610 2679 1666 fortibus
2703 1611 2975 1666 heroibus
3035 1611 3193 1683 regia
3225 1612 3466 1666 indutus
3509 1614 3803 1664 armatura

2091 1697 2148 1752 in
2184 1699 2398 1754 bellum
2450 1701 2768 1770 descendit,
2802 1706 2975 1772 atque
3027 1701 3224 1757 hostes
3267 1701 3598 1773 propulsat;
3631 1716 3802 1755 eum-

2089 1787 2221 1841 dem
2256 1789 2312 1841 in
2347 1790 2582 1844 modum
2616 1795 2670 1844 et
2700 1789 2832 1860 ipsi,
2855 1790 3035 1844 armis
3059 1790 3305 1859 Spiritus
3334 1789 3561 1858 muniti,
3595 1789 3804 1844 invisi-

317 1881 434 1938 τοῖς
465 1877 621 1931 ποσὶν
660 1878 914 1934 ὑπέθεντο
948 1886 1066 1940 τοῖς
1101 1879 1260 1944 ἰδίοις
1295 1902 1308 1915 ·
1334 1881 1454 1957 ἄρτι
1509 1884 1601 1955 μὲν
1650 1881 1838 1953 πολλή
1892 1904 1939 1936 τι

2137 1877 2235 1931 iles
2265 1877 2614 1931 adoriuntur
2662 1878 2952 1942 inimicos,
2987 1895 3199 1950 eosque
3255 1880 3502 1950 propriis
3562 1877 3802 1934 concul-

253 1981 256 1984 ‘
315 1961 532 2041 γαλήνη
593 1967 788 2029 αὐτοὺς
845 1965 1166 2042 περιϐάλλει
1224 1970 1316 2024 καὶ
1371 1971 1598 2046 ἡσυχία,
1660 1971 1849 2045 είρήνη
1910 1992 1969 2026 τε

312 2053 654 2127 περιθάλπει,
704 2057 794 2110 καὶ
852 2055 1020 2130 ἡδονῇ
1080 2058 1309 2133 κάτοχοι
1365 2059 1607 2133 γίνονται
1642 2059 1914 2132 θαυμασία
1949 2080 1960 2092 ·

312 2141 430 2216 ἄρτι
457 2139 514 2197 δὲ
545 2143 750 2200 συνέσει
780 2144 868 2199 καὶ
904 2149 1068 2222 σοφίᾳ
1100 2146 1215 2217 θείᾳ
1264 2147 1352 2201 καὶ
1405 2148 1601 2222 γνώσει
1654 2147 1962 2219 Πνεύματος

311 2232 990 2307 ἀνεξερευνήτῳ·τοιαῦτα
1030 2240 1167 2309 πρὸς
1215 2243 1315 2304 τῆς
1370 2241 1467 2290 τοῦ
1525 2241 1758 2309 Χριστοῦ
1807 2237 1962 2312 σοφί-

309 2326 491 2391 ζονται
556 2322 804 2396 χάριτος,
865 2324 898 2378 ἃ
951 2322 1194 2397 μηδεμιᾷ
1234 2325 1460 2400 γλώσσῃ
1529 2324 1757 2398 δύναμις
1829 2325 1958 2398 ἐξει-

305 2415 447 2466 πεῖν.
499 2412 649 2465 Ἐστι
701 2409 744 2465 δ’
797 2412 887 2466 ὅτε
933 2413 1023 2467 καὶ
1076 2414 1149 2476 ὡς
1194 2412 1286 2468 ἕνα
1327 2419 1434 2469 τῶν
1495 2416 1710 2469 πάντων
1762 2415 1956 2476 αὐτοὺς

305 2498 606 2575 ἀνθρώπων
663 2498 784 2576 ὄψει
855 2504 1252 2578 φαινομένους·
1317 2504 1488 2566 οὕτως
1534 2507 1568 2573 ἡ
1621 2504 1734 2559 θεία
1790 2507 1952 2580 χάρις

307 2587 670 2662 πολυτρόπως
727 2593 921 2661 ἑαυτὴν
989 2593 1040 2648 ἐν
1109 2594 1324 2655 τούτοις
1392 2592 1799 2664 ἐξαλλάττουσα
1864 2595 1952 2649 καὶ

304 2677 673 2735 ποικίλλουσα
703 2676 1077 2755 παιδοτριϐεῖν
1117 2681 1298 2757 ὥσπερ
1346 2683 1434 2737 καὶ
1483 2683 1772 2756 γυμνάζειν
1824 2683 1956 2758 βοό-

306 2768 461 2825 λεται
518 2771 618 2839 τήν
685 2773 894 2846 ψυχήν,
952 2770 1040 2827 ’ίνα
1101 2771 1309 2829 τελείαν
1374 2771 1541 2841 αὒτήν
1627 2773 1718 2828 καὶ
1804 2771 1957 2846 ἄμω-

309 2877 412 2932 μον
475 2859 565 2914 καὶ
632 2862 1016 2933 καθαρωτάτην
1100 2868 1178 2936 τῷ
1264 2863 1572 2938 ἐπουρανίῳ
1638 2866 1958 2940 παραστήσῃ

307 2949 616 3021 Πνεύματι.

377 3039 452 3091 Ζ’.
487 3037 568 3093 Τὰ
595 3037 855 3110 εἷρημένο.
894 3041 1048 3097 ταυτὶ
1093 3045 1190 3096 τοῦ
1232 3043 1540 3113 Πνεῦματος
1590 3042 1955 3116 ἐνεργήματα,

311 3124 562 3200 μεγάλων
597 3125 807 3202 μὲτρων
841 3129 966 3198 εἰσί,
999 3130 1080 3182 καὶ
1117 3133 1227 3183 τῶν
1276 3129 1552 3204 ἐγγυτάτω
1597 3137 1696 3199 τῆς
1746 3129 1954 3184 τελειό-

308 3234 494 3282 τητος.
529 3215 694 3270 Αὗται
725 3217 826 3293 γὰρ
860 3217 914 3270 αἱ
944 3217 1192 3272 ποικίλαι
1247 3225 1348 3287 τῆς
1395 3219 1624 3294 χάριτος
1668 3217 1954 3292 παρακλή-
1987 3258 2035 3323 C

455 3303 478 3323 θ
598 3307 610 3323 Ι
803 3308 818 3323 \
924 3305 968 3323 ’λ
989 3307 1008 3323 κ
1027 3310 1038 3323 ι
1090 3310 1102 3323 9
1119 3305 1142 3323 κ
1205 3307 1224 3323 \
1279 3308 1289 3323 Ι
1526 3308 1538 3323 9
1613 3314 1638 3323 ..ο
1725 3309 1738 3323 ἱ
1795 3310 1809 3323 ι
1926 3314 1950 3323 .-

310 3325 417 3366 σεις
451 3303 728 3384 διαφόρως
763 3308 878 3379 μὲν,
912 3305 1038 3364 ἀλλ’
1079 3305 1441 3371 ἀδιαλείπτως
1481 3308 1668 3370 αὐτοῖς
1713 3309 1818 3365 ἀπὸ
1858 3314 1954 3363 τοῦ

309 3393 620 3466 Πνεύματος
679 3394 1058 3472 ἐνεργοῦνται,
1117 3397 1381 3474 ἐνεργείας
1447 3397 1718 3473 ἐνέργειαν
1780 3399 1953 3457 Πνεύ-

308 3502 477 3554 ματος
510 3483 926 3559 διαδεχομένης.
959 3488 1153 3544 Ὁπότε
1200 3488 1304 3562 γάρ
1362 3487 1439 3550 εἷς
1481 3490 1580 3558 τὴν
1629 3488 1950 3558 τελειότητά

297 3591 380 3634 τις
445 3577 544 3627 τοῦ
614 3575 924 3648 Πνεῦματος
982 3580 1354 3648 καταντήσειε,
1424 3578 1640 3634 πάντων
1707 3574 1951 3652 ἀκριϐῶς

293 3665 402 3716 τῶν
444 3665 628 3718 παθῶν
676 3665 1094 3740 ἀποκαθαρθεὶς,
1145 3667 1235 3721 καὶ
1289 3666 1435 3729 ὅλως
1474 3671 1553 3738 τῷ
1603 3667 1951 3742 Παρακλήτῳ

295 3753 568 3824 Πνεύματι
618 3750 707 3808 διὰ
752 3762 852 3822 τῆς
897 3753 1137 3830 ἀῤῥήτου
1185 3757 1470 3820 κοινωνίας
1519 3755 1735 3819 ἐνωθεις
1811 3758 1950 3813 ἐπει-

295 3837 387 3895 δὰν
417 3842 508 3897 καὶ
551 3842 686 3913 αὐτή
720 3846 754 3912 ἡ
788 3847 942 3919 ψυχὴ
992 3845 1346 3917 καταξιωθείη
1405 3851 1624 3918 Πνεῦμα
1670 3848 1944 3922 γενέσθαι,

295 3931 370 3992 ὡς
419 3935 772 4005 συγκραθεῖσα
818 3939 898 4005 τῷ
948 3936 1246 4008 Πνεύματι,
1290 3936 1412 3990 τότε
1461 3934 1590 3990 ὅλον
1631 3940 1770 4014 φῶς,
1813 3936 1943 3992 ὅλον

295 4018 460 4093 χαρὰ,
493 4018 624 4074 ὅλον
656 4020 974 4093 ἀνάπαυσις,
1008 4022 1136 4077 ὅλον
1172 4022 1523 4098 ἀγαλλίασις,
1555 4021 1684 4077 ὅλον
1727 4023 1938 4099 ἀγάπη,

294 4105 423 4162 ὅλον
456 4107 770 4184 σπλάγχνα,
803 4109 931 4165 ὅλον
969 4111 1239 4185 ἀγαθότης
1289 4112 1377 4164 καὶ
1431 4113 1745 4186 χρηστότης
1801 4113 1939 4186 γίνε-

291 4216 398 4251 ται·
442 4196 532 4252 καὶ
582 4199 749 4252 οἱονεὶ
794 4201 1165 4254 κατκπέποται
1213 4199 1289 4262 εἷς
1339 4202 1433 4264 τὰς
1479 4203 1668 4273 ἀρετάς
1700 4208 1798 4270 τῆς
1852 4199 1940 4256 δυ-

289 4287 503 4360 νάμεως
535 4293 630 4343 τοῦ
660 4288 866 4362 ἀγαθοῦ
916 4291 1246 4366 Πνεύματος,
1279 4293 1354 4353 ὡς
1385 4291 1436 4347 ἐν
1470 4289 1686 4366 ἀϐύσσῳ
1736 4291 1936 4348 θαλάσ-

291 4396 391 4443 σης
449 4375 600 4440 λίθος
667 4375 823 4434 ὕδατι
878 4380 1217 4455 πανταχόθεν
1275 4381 1722 4456 περισχόμενος·
1764 4386 1932 4456 ταυτῃ

288 4471 573 4543 τοιγαροῦν
635 4468 687 4523 οἱ
743 4465 949 4524 τοιοίδε
1005 4469 1142 4524 κατὰ
1199 4471 1370 4524 πάντα
1424 4471 1648 4544 τρόπον,
1704 4475 1782 4543 τῷ
1839 4475 1934 4526 τοῦ

291 4560 422 4610 Θεοῦ
482 4557 754 4632 Πνεύματι
802 4558 1168 4636 συναφθέντες,
1218 4560 1368 4634 αὐτῷ
1408 4564 1486 4632 τῷ
1535 4565 1752 4635 Χριστῷ
1804 4562 1922 4638 ἀφω

2078 1971 2214 2020 cant
2281 1967 2541 2036 pedibus.
2602 1969 2699 2021 Est
2755 1984 2887 2022 cum
2955 1970 3108 2029 ipsos
3195 1969 3384 2023 multa
3440 1970 3794 2024 circumam-

2077 2055 2346 2126 plectitur
2402 2057 2686 2111 serenitas
2744 2062 2799 2112 et
2877 2056 3291 2129 tranquillitas,
3357 2075 3584 2129 paxque
3643 2057 3794 2113 fovet

2075 2143 2263 2208 beata,
2295 2150 2351 2198 et
2380 2145 2676 2215 voluptate
2707 2146 2846 2200 imis
2886 2146 2944 2201 in
2997 2149 3269 2202 sensibus
3310 2147 3601 2202 delibatos
3633 2164 3793 2217 pror-

2072 2249 2174 2288 sus
2230 2234 2396 2288 mira.
2467 2235 2690 2289 Rursus
2740 2236 3069 2306 prudentia,
3121 2239 3409 2309 sapientia
3468 2237 3668 2291 divina
3728 2241 3792 2292 et

2072 2323 2402 2394 cognitione
2459 2323 2714 2394 Spiritus
2771 2325 3050 2381 inetiabili
3121 2326 3386 2393 beantur,
3446 2329 3503 2379 et
3567 2329 3654 2380 tot
3720 2342 3787 2381 ac

2070 2414 2267 2465 tantas
2308 2427 2397 2466 res
2465 2429 2498 2466 a
2563 2413 2750 2484 gratia
2815 2413 3032 2470 Christi
3088 2415 3424 2481 educentur,
3493 2419 3556 2468 ut
3622 2413 3784 2469 nulla

2070 2498 2272 2572 lingua
2302 2517 2368 2555 ea
2396 2502 2581 2572 possit
2605 2501 2782 2556 effari.
2811 2503 2911 2557 Est
2941 2520 3074 2558 vero
3141 2505 3376 2575 quando
3409 2520 3523 2558 non
3547 2503 3642 2557 alii
3716 2519 3781 2558 ac

2072 2605 2222 2644 unus
2245 2606 2312 2644 ex
2360 2591 2530 2663 vulgo
2588 2596 2924 2662 appareant.
2994 2592 3087 2648 Sic
3148 2593 3525 2648 multifariam
3586 2592 3781 2646 divina

2071 2678 2256 2749 gratia
2308 2695 2370 2733 se
2418 2680 2605 2750 ipsam
2665 2683 2893 2737 varians
2943 2699 3008 2736 ac
3067 2682 3471 2752 multipliciter
3502 2683 3782 2736 transfor-

2071 2782 2242 2824 mans
2274 2785 2536 2826 exercere
2593 2770 2718 2825 vult
2746 2788 2812 2826 ac
2869 2771 3094 2826 diverse
3147 2772 3435 2826 instruere
3496 2771 3782 2838 animam,

2069 2868 2129 2910 ut
2188 2862 2504 2928 perfectam
2589 2859 2802 2930 ipsam,
2872 2861 3335 2929 immaculatam,
3395 2860 3776 2932 purissimam

2069 2962 2132 3000 su
2144 2947 2464 3016 percmlesti
2496 2950 2663 3003 sistat
2693 2950 2955 3019 Spiritui.

2137 3033 2256 3089 VII.
2292 3036 2361 3089 Hi
2428 3053 2577 3106 quos
2645 3039 2815 3091 modo
2883 3038 3138 3092 diximus
3227 3037 3479 3108 Spiritus
3538 3038 3778 3092 effectus

2069 3138 2413 3193 magnorum
2445 3128 2732 3195 graduum
2784 3133 2943 3194 sunt,
2977 3132 3032 3181 et
3091 3127 3424 3196 perfectioni
3479 3127 3777 3197 proximo-

2067 3229 2219 3268 rum.
2269 3214 2361 3267 Haa
2414 3213 2704 3285 siquidem
2747 3214 2984 3270 diversis
3065 3215 3491 3271 consolationes
3549 3215 3774 3287 gratire,

2070 3303 2402 3359 diti'erenter
2458 3305 2696 3376 quidem
2753 3312 3026 3360 caeterum
3076 3305 3475 3361 indesinenter
3532 3305 3589 3359 in
3641 3306 3776 3360 iisa

2065 3393 2279 3463 Spiritu
2337 3400 2697 3462 exercentur,
2759 3395 3090 3464 Operatione
3145 3395 3534 3467 operationem
3591 3394 3771 3465 Spiri-

2063 3488 2162 3538 tus
2228 3501 2458 3554 semper
2535 3487 2878 3558 excipiente.
2938 3489 3179 3550 Quando
3229 3487 3383 3542 enim
3436 3486 3647 3558 aliquis
3698 3486 3771 3541 ad

2063 3574 2472 3645 perfectionem
2532 3576 2780 3646 Spiritus
2840 3577 3187 3647 pervenerit,
3227 3577 3453 3631 cunctis
3521 3576 3767 3646 perfecte

2062 3663 2596 3730 perturbationibus
2691 3672 2986 3737 purgatus,
3060 3673 3118 3721 et
3211 3670 3365 3722 totus
3467 3664 3762 3720 Paracleto

2062 3750 2304 3822 Spiritui
2355 3770 2455 3825 pcr
2495 3755 2849 3811 ineffabilem
2895 3756 3366 3811 communionem
3429 3757 3672 3824 unitus;
3714 3757 3771 3810 et

2058 3857 2191 3896 cum
2223 3844 2351 3911 ejus
2382 3844 2578 3898 anima
2627 3847 2697 3900 ad
2747 3863 2876 3901 eam
2909 3852 3104 3901 evecta
3143 3846 3537 3917 dignationem
3571 3847 3764 3916 fuerit,

2058 3936 2120 3984 ut
2150 3931 2400 4000 Spiritus
2429 3935 2486 3986 et
2534 3934 2661 4004 ipsa
2708 3935 2804 3999 sit,
2837 3935 2894 3988 in
2949 3950 3124 3990 unum
3169 3951 3302 3990 cum
3355 3935 3570 4004 Spiritu
3622 3952 3762 3991 con-

2053 4026 2243 4087 creta;
2279 4026 2418 4074 tunc
2448 4026 2603 4076 totus
2635 4023 2753 4088 lux,
2789 4029 2944 4079 totus
2973 4026 3271 4093 gaudium,
3305 4029 3460 4080 totus
3507 4015 3759 4095 requies,

2049 4111 2210 4162 totus
2271 4109 2598 4178 exsultatio,
2669 4117 2821 4169 totus
2903 4113 3175 4182 cbaritas,
3243 4119 3402 4169 totus
3465 4113 3760 4170 visceralis

2047 4202 2396 4270 compassio,
2452 4207 2608 4258 totus
2665 4205 2914 4272 bonitas,
2963 4210 3120 4260 totus
3174 4206 3504 4277 benignitas
3562 4205 3667 4270 fit;
3699 4207 3758 4258 et

2047 4290 2208 4358 quasi
2269 4291 2580 4361 absorptus
2655 4294 3021 4366 immergitur
3076 4297 3134 4350 in
3181 4297 3423 4351 virtutes
3482 4297 3755 4367 potentiae

2045 4375 2180 4431 boni
2239 4379 2510 4447 Spiritus,
2562 4382 2717 4437 sicut
2773 4383 2831 4437 in
2886 4385 3096 4456 abysso
3145 4386 3323 4439 maris
3386 4384 3536 4454 lapis
3604 4401 3752 4457 aqua

2044 4465 2429 4539 undecunque
2479 4471 2955 4542 comprehensus.
2993 4475 3052 4528 In
3089 4475 3242 4530 hunc
3275 4475 3452 4547 igitur
3510 4476 3749 4530 modum

2043 4558 2188 4610 tales
2223 4556 2486 4614 homines
2543 4563 2878 4617 omnimodo
2928 4563 3027 4618 Dei
3076 4564 3320 4635 Spiritui
3372 4565 3746 4631 cohaerentes,

294 4644 604 4719 μοίωνται,
676 4649 771 4710 τὰς
838 4648 1026 4721 ἀρετὰς
1092 4653 1188 4704 τοῦ
1260 4650 1573 4722 Πνεῦματος
1638 4649 1934 4723 ἀτρέπτους

2138 4649 2153 4702 i
2211 4650 2435 4706 Christo
2481 4653 2905 4723 assimilantur,
2939 4657 3182 4711 virtutes
3223 4657 3474 4728 Spiritus
3525 4657 3747 4710 immu-

291 4734 415 4804 παρ’
454 4735 664 4798 ἑαυτοῖς
710 4732 946 4813 ἔχοντες,
1006 4739 1095 4794 καὶ
1159 4741 1405 4815 καρποὺς
1472 4739 1755 4801 τοιούτους
1814 4745 1932 4801 τοῖς

289 4825 447 4874 πᾶσιν
489 4820 935 4896 ἐπιδεικνύμενοι.
992 4827 1114 4883 Ἐπὶ
1143 4830 1242 4903 γὰρ
1275 4825 1423 4884 ἔνδον
1472 4826 1700 4902 ἄμωμοί
1740 4849 1798 4884 τε
1840 4830 1930 4883 καὶ

288 4909 513 4982 καθαροὶ
549 4907 636 4964 διὰ
665 4917 760 4966 τοῦ
809 4914 1124 4987 Πνεύματυς
1172 4917 1606 4991 ἀπηρτίσθησαν,
1640 4919 1927 4994 ἀμήχανον

286 4993 387 5069 ἔξω
417 5000 659 5073 καρποὺς
690 5002 875 5066 κακίας
917 5011 1316 5078 προσενεγκεῖν,
1358 5005 1504 5063 ἀλλᾶ
1558 5010 1792 5062 πάντοτε
1843 5005 1930 5062 διὰ

284 5088 501 5144 πάντων
550 5089 601 5143 οἱ
649 5090 846 5163 καρποὶ
902 5098 998 5147 τοῦ
1059 5095 1368 5168 Πνεύματος
1428 5097 1481 5152 ἐν
1543 5097 1757 5159 ἑαυτοῖς
1817 5094 1930 5152 δια-

284 5178 594 5250 λάμπουσιν
627 5197 640 5211 ·
666 5179 798 5248 αῦτη
850 5179 988 5235 ἐστὶν
1031 5184 1065 5252 ἡ
1099 5187 1350 5258 προκοπή
1401 5193 1500 5255 τῆς
1554 5194 1928 5261 πνευματικῆς

2045 4738 2252 4794 tabiles
2300 4740 2358 4794 in
2417 4758 2476 4797 se
2521 4742 2663 4814 ipsis
2699 4744 2991 4810 habentes,
3025 4749 3081 4800 et
3139 4747 3360 4801 fructus
3391 4746 3462 4801 iis
3501 4761 3748 4801 consen-

2042 4829 2241 4882 taneos
2282 4831 2500 4886 cunctis
2552 4833 2908 4888 exhibentes.
2972 4836 3119 4889 Fieri
3178 4836 3334 4890 enim
3405 4835 3603 4907 nequit
3663 4839 3747 4902 ut,

2042 4931 2173 4971 cum
2199 4916 2356 4973 intus
2385 4919 2494 4991 ipsi
2525 4922 2804 4994 inculpati
2838 4928 2893 4978 et
2924 4924 3053 4995 puri
3106 4939 3207 4994 per
3242 4924 3525 4993 Spiritum
3558 4923 3749 4981 effecti

2040 5005 2178 5069 sint,
2212 5007 2436 5064 fructus
2467 5018 2627 5067 extra
2675 5013 2905 5068 malitiae
2939 5016 3263 5085 proferant;
3289 5015 3390 5070 sed
3412 5014 3600 5071 omnis
3661 5032 3748 5070 ex-

2041 5103 2202 5164 parte
2260 5115 2360 5168 per
2405 5101 2598 5155 omnia
2658 5103 2882 5158 fructus
2937 5103 2996 5159 in
3047 5104 3115 5158 iis
3170 5105 3418 5172 Spiritus
3492 5107 3745 5160 elucent.

2039 5184 2198 5241 Talis
2259 5189 2550 5258 profectus
2605 5195 2693 5246 est
2758 5192 3082 5262 Spiritualis
3143 5195 3532 5264 perfectionis,
3563 5195 3746 5263 pleni-

281 5266 651 5339 τελειότητος,
708 5273 803 5326 τοῦ
859 5269 1234 5344 πληρώματος
1286 5278 1382 5329 τοῦ
1427 5277 1686 5349 Χριστοῦ,
1734 5276 1810 5338 εἷς
1857 5277 1922 5346 ἤν

282 5358 476 5429 φθάσαι
529 5361 677 5431 ήμᾶς
735 5359 763 5412 ὁ
822 5359 1160 5422 Ἀπόστολος
1225 5369 1474 5435 παραινεῖ
1540 5364 1715 5441 λέγων
1748 5387 1762 5400 ο
1805 5367 1923 5421 Ἵνα

285 5445 617 5522 πληρωθῆτε
681 5449 757 5513 εἰς
823 5453 926 5506 πᾶν
991 5451 1053 5505 τὸ
1118 5449 1402 5526 πλήρωμα
1466 5457 1562 5508 τοῦ
1637 5455 1873 5532 Χριστοῦ
1905 5499 1920 5515 .

2036 5277 2242 5333 tudinis
2293 5278 2513 5348 Christi,
2548 5283 2603 5336 in
2667 5299 2844 5353 quam
2905 5299 3204 5339 occurrere
3263 5301 3367 5339 nos
3417 5283 3736 5354 Apostolus

2035 5367 2377 5424 adhortatur
2432 5371 2632 5425 dicens
2665 5387 2678 5426 :
2715 5372 2780 5429 Ut
2825 5374 3166 5444 impteamini
3224 5375 3281 5427 in
3317 5389 3526 5429 omnem
3551 5367 3737 5440 pleni-

2032 5456 2276 5516 tudinem
2326 5459 2530 5516 Christi
2561 5460 2624 5516 ¹⁰.
2685 5463 2754 5518 Et
2810 5481 3016 5521 rursus
3068 5480 3081 5520 ι
3142 5464 3317 5520 Donec
3381 5477 3736 5518 occurramus

297 5720 344 5761 ιο
374 5720 585 5795 Ephes.
629 5740 711 5793 ui,
748 5725 832 5784 19.
