4076 6280
314 406 432 465 915

321 629 521 685 Christi
551 630 618 683 ίί.

392 794 556 851 200
604 797 750 853 VIII.
774 798 874 852 Est
921 796 1375 866 quando,simul
1435 811 1501 851 ac
1560 794 1764 865 incipit
1810 792 2022 863 aliquis

320 902 471 957 genu
499 888 745 947 ﬂectere,
783 887 1016 957 plenum
1044 886 1179 941 huic
1203 896 1436 957 repente
1468 886 1660 940 divina
1691 884 2022 953 operatione

318 977 384 1030 ﬁt
415 993 513 1031 cor
543 981 635 1044 ;et
667 978 859 1030 anima
907 976 1344 1031 condelectatur
1402 976 1668 1039 Domino,
1701 975 1771 1027 ad
1815 975 2021 1037 instar,

314 1071 378 1121 ut
408 1066 625 1119 dictum
660 1071 764 1132 est,
798 1082 1173 1137 sponsaecum
1207 1082 1435 1137 sponso.
1472 1066 1586 1119 Hoc
1612 1079 1860 1135 magnus
1884 1062 2023 1117 dicit

311 1156 489 1211 Isaias
518 1172 530 1208 :
557 1158 671 1220 Qun
702 1159 848 1210 enim
869 1157 1025 1210 modo
1055 1159 1260 1224 gaudet
1283 1172 1513 1226 sponsus
1544 1170 1709 1225 super
1737 1170 2016 1222 sponsam,

312 1245 390 1300 sic
422 1246 684 1317 gaudebit
704 1246 967 1301 Daminus
994 1262 1155 1317 super
1216 1255 1265 1299 te
1306 1246 1496 1299 ".Est
1554 1245 1747 1310 etiam,
1791 1243 2021 1313 quando

317 1335 601 1404 contingit
648 1336 916 1403 occupari
963 1335 1197 1404 quidem
1249 1334 1424 1389 talem
1459 1338 1578 1387 tota
1609 1334 1739 1397 die;
1774 1350 1888 1386 una
1920 1348 2021 1385 au-

317 1426 433 1478 tem
469 1424 565 1479 ulvi
615 1441 677 1479 se
736 1425 889 1478 idem
931 1423 1071 1477 hora
1129 1424 1370 1478 orationi
1422 1423 1767 1494 permiserit,
1800 1422 2024 1491 rapitur

316 1515 387 1568 ab
446 1514 574 1584 ipsa
628 1514 867 1568 interior
920 1513 1114 1581 homo,
1149 1519 1205 1567 et
1236 1514 1524 1567 immenso
1549 1512 1834 1582 profundo
1868 1510 2022 1564 illius

317 1603 511 1659 saeculi
543 1604 718 1659 futuri
752 1608 982 1657 tenetur
1025 1603 1495 1669 comprehensus.
1532 1603 1795 1657 Oblectat
1826 1607 2021 1656 autem

315 1693 511 1765 ipsum
568 1710 780 1747 arcana
836 1703 889 1746 et
950 1693 1259 1748 ineffabilia
1291 1692 1677 1763 voluptas,ita
1736 1697 1799 1747 ut
1857 1707 2023 1745 mens

319 1784 554 1854 quidem
612 1783 977 1852 Obstupescat
1035 1788 1155 1837 tota
1214 1800 1503 1853 suspensa
1560 1787 1615 1836 et
1665 1782 1721 1835 in
1774 1781 2024 1835 sublime

320 1874 880 1945 rapta;oblivioque
938 1875 1179 1930 internis
1238 1876 1509 1931 sensibus
1576 1879 1851 1943 subrepat
1914 1878 2023 1929 ter-

320 1981 470 2019 rente
532 1965 708 2033 hujus
770 1964 972 2019 mundi
1032 1966 1598 2037 sapientie;utpote
1632 1964 1863 2035 repletis
1913 1965 2025 2034 ipsi

321 2055 545 2123 objecto
590 2055 842 2125 digniori
898 2054 1377 2125 cogitationibus,
1412 2066 1469 2107 ut
1528 2054 1749 2107 dictum
1820 2059 1927 2117 est,
1972 2060 2027 2107 et

320 2146 571 2213 captivis
611 2144 808 2216 procul
870 2143 1135 2197 abductis
1209 2143 1698 2213 contemplatione
1765 2144 2025 2197 infinita-

317 2248 443 2287 rum
485 2240 540 2287 et
606 2232 1291 2303 incomprehensibilium
1376 2248 1591 2299 rerum,
1666 2240 1723 2285 ut
1792 2232 1851 2285 in
1928 2230 2028 2285 illa

316 2322 458 2376 hora
509 2338 609 2393 per
664 2325 986 2377 orationem
1050 2324 1268 2377 homini
1300 2324 1520 2376 accidat
1576 2321 1797 2377 evolare
1849 2318 2027 2376 simul

334 2427 461 2466 cum
488 2414 747 2469 oratione
778 2413 964 2484 ipsius
997 2414 1273 2467 animam.

385 2501 483 2555 IX.
536 2503 615 2555 Ad
681 2503 1135 2572 interrogantem
1196 2505 1411 2569 autem,
1460 2518 1532 2556 an
1592 2502 1865 2571 possibile
1922 2503 2026 2557 ho-

313 2590 458 2643 mini
490 2591 568 2644 sit
598 2591 657 2644 in
690 2607 755 2645 eo
783 2608 1008 2660 semper
1058 2596 1213 2645 statu
1264 2591 1493 2658 durare,
1529 2594 1612 2647 sic
1673 2594 2028 2663 responden-

316 2677 449 2733 dum
476 2689 559 2732 est
594 2694 929 2747 :nunquam
963 2681 1196 2749 quidem
1255 2683 1502 2750 gratiam
1562 2698 1675 2734 non
1729 2683 1940 2750 inesse,
1972 2686 2030 2736 et

317 2786 435 2824 non
471 2768 702 2839 penitus
761 2768 1007 2822 radicari
1059 2772 1229 2839 quasi
1288 2772 1701 2824 coalescenlem
1761 2771 1818 2824 in
1862 2777 2029 2825 natu-

322 2874 446 2912 ram
484 2873 658 2911 unam
718 2857 943 2911 homini
1002 2858 1061 2913 in
1115 2875 1229 2928 quo
1280 2863 1384 2913 est.
1412 2859 1691 2914 Caeterum
1744 2876 1860 2913 una
1891 2876 2024 2914 cum

317 2946 600 3017 situipsa,
642 2963 756 3003 non
806 2964 935 3015 uno
968 2953 1159 3002 tamen
1195 2948 1386 3013 modo,
1428 2949 1538 3017 ised
1602 2948 2020 3019 multipliciter,

317 3045 488 3107 prout
520 3036 659 3100 vult,
692 3044 749 3092 et
780 3040 1085 3093 convenire
1144 3040 1301 3094 videt
1360 3040 1428 3093 ad
1490 3038 1673 3104 ipsius
1716 3038 2023 3093 ulilitatem

318 3126 593 3196 hominis,
616 3128 803 3182 varias
861 3128 1288 3183 vicissitudines
1344 3130 1663 3199 dispensat.
1724 3129 1868 3183 Nam
1922 3128 2027 3183 ali-

325 3219 556 3288 quando
616 3218 851 3287 quidem
912 3220 1191 3273 acriorem
1255 3219 1736 3290 ipsi,aliquando
1785 3218 2024 3291 langui-

1664 403 1728 461 S.
1778 394 2095 460 MACABII
2141 397 2481 457 JEGYPTII

306 538 369 594 in
396 540 579 593 virum
613 540 918 610 perfectum
973 541 1031 594 in
1083 556 1399 595 mensuram
1428 538 1611 593 astatis
1659 534 2023 609 plenitudinis

2142 532 2238 582 Καὶ
2304 530 2466 584 πάλιν
2513 550 2523 562 ·
2561 532 2739 604 Μέχρι
2808 531 3225 601 καταντήσωμεν
3296 524 3371 589 είς

3664 396 3787 455 916

3464 526 3555 582 ἄνδ
3564 548 3629 603 ρα
3691 530 3754 582 τέ
3767 560 3785 571 -

2133 620 2281 674 λειον
2318 662 2331 686 ,
2402 622 2476 681 εἰς
2549 622 2742 695 μέτρον
2808 619 3027 689 ἡλικίας
3092 622 3187 672 τοῦ
3251 618 3630 691 πληρώματος
3684 621 3788 673 τοῦ

2129 715 2384 784 Χριστοῦ.

2209 801 2289 855 Η“.
2322 802 2509 856 ’Έστιν
2554 799 2662 867 ὅτε,
2697 800 2883 877 φησὶν,
2936 798 3239 877 εἰσέρχεταί
3268 819 3351 859 τις
3402 797 3581 852 κλῖναι
3629 797 3783 870 γόνυ,

2129 889 2217 942 καὶ
2268 891 2447 961 τούτῳ
2497 893 2530 959 ἡ
2584 888 2778 964 καρδία
2831 891 2998 962 μεστή
3052 890 3195 948 θείας
3244 887 3513 961 ἐνεργείας
3554 888 3779 961 γίνεται,

2132 978 2219 1033 καὶ
2253 980 2286 1047 ἠ
2514 979 2947 1056 συνευφραίνεται
2998 977 3205 1052 Κυρίῳ,
3251 978 3491 1051 καθάπερ
3537 974 3643 1046 ἤδη
3698 973 3785 1030 δεο

2131 1066 2399 1137 δήλωται,
2444 1069 2659 1145 νύμφης
2712 1069 2916 1142 τρόπον
2968 1068 3103 1122 κατά
3149 1070 3244 1120 τοῦ
3287 1066 3525 1142 νυμφίου
3561 1066 3647 1120 ’Ὀ
3698 1067 3784 1138 μέ-

2128 1178 2227 1230 γας
2276 1155 2439 1212 τοῦτό
2482 1180 2644 1235 φησιν
2697 1159 2917 1218 Ἠσαίας
2954 1160 3087 1213 ”’()ν
3146 1156 3247 1232 γάρ
3303 1156 3505 1231 τρόπον
3564 1154 3785 1232 εὐφραί-

2128 1270 2269 1303 νεται
2326 1250 2560 1324 νυμφίος
2622 1247 2708 1303 ἐπὶ
2775 1248 3039 1327 νύμφης,
3111 1246 3285 1307 οὕτως
3353 1246 3783 1322 εὐφρανθήσεται

2136 1339 2332 1413 Κύριος
2363 1336 2448 1393 ἐπὶ
2503 1338 2585 1392 σοί
2622 1336 2773 1392 ’ἔστι
2822 1336 2867 1391 δ’
2900 1335 2987 1391 ὅτέ
3036 1330 3232 1405 συνέϐη
3288 1334 3383 1407 μὶν
3424 1333 3786 1408 ἀσχολεῖσθαι

2128 1429 2219 1483 τὸν
2248 1432 2495 1482 τοιοῦτον
2530 1426 2666 1497 ὅλης
2698 1426 2926 1500 ἡμέρας,
2958 1424 3093 1480 κατά
3125 1421 3182 1478 δὲ
3227 1425 3353 1496 μίαν
3381 1422 3520 1498 ὥραν
3573 1422 3646 1483 εἰς
3694 1424 3785 1479 εὖ·

2129 1518 2237 1593 χὴν
2300 1517 2486 1570 ἑαυτὸν
2548 1515 2925 1589 ἐπιτρέψαντα,
2993 1515 3291 1589 ἁρπάζεται
3342 1513 3471 1585 παρ’
3528 1512 3695 1580 αὐτῆς
3754 1515 3781 1567 ὁ

2130 1605 2234 1661 ἔσω
2266 1604 2564 1679 ἅνθρωπος,
2601 1605 2689 1659 καὶ
2721 1607 2964 1678 κάτοχος
2998 1603 3202 1677 ἀπείρῳ
3250 1602 3400 1676 βάθει
3448 1606 3543 1656 τοῦ
3587 1602 3781 1663 αἰῶνος

2131 1696 2336 1751 ἐκείνου
2367 1696 2591 1770 γίνεται.
2625 1697 2785 1768 Ἔχει
2819 1691 2875 1747 δέ
2907 1692 3066 1747 αὐτὸν
3114 1691 3424 1766 ἀπόρρητος
3476 1687 3673 1758 ἡδονὴ,
3707 1694 3783 1750 ὡς

2131 1784 2525 1857 ἐκπλήττεσθαι
2571 1788 2663 1857 μὲν
2704 1786 2795 1838 τὸν
2842 1786 2965 1835 νοῦν
3018 1783 3288 1854 μετέωρον
3334 1779 3464 1835 ὅλον
3512 1775 3639 1833 ὅντα
3684 1780 3777 1834 καὶ

2133 1876 2480 1949 ἡρπάγμένον
2520 1895 2533 1907 ·
2568 1875 2747 1944 λήθην
2806 1870 2863 1927 δὲ
2910 1877 3028 1933 ταῖς
3086 1871 3271 1944 φρεσὶν
3328 1869 3627 1946 ἐγγίνεσθαι
3683 1874 3782 1923 τοῦ

2134 1966 2374 2040 ἐπιγείου
2414 1962 2572 2020 τοῦδε
2637 1965 2992 2037 φρονήματος
3032 1963 3161 2015 .ἄτε
3207 1961 3587 2032 μεστωθέντων
3634 1959 3783 2029 αὐτῷ

2132 2063 2239 2111 τῶν
2276 2055 2574 2129 λογισμῶν,
2633 2052 2812 2123 ὥσπερ
2862 2052 3094 2125 ε’ίρηται,
3151 2049 3239 2102 καὶ
3289 2048 3365 2109 εἰς
3418 2048 3681 2119 ἀπέραντα
3726 2066 3783 2099 τε

2132 2146 2223 2199 καὶ
2267 2143 2625 2213 ἀκατάληπτα
2683 2142 2971 2218 πράγματα
3029 2138 3405 2214 αἰχμαλώτων
3476 2137 3625 2206 αὐτῷ
3670 2136 3783 2189 ἀπ-

2134 2235 2430 2309 αχθέντων,
2464 2233 2539 2293 ὡς
2573 2231 2625 2286 έν
2674 2229 2843 2304 ἐκείνῃ
2879 2230 2992 2304 ὥρᾳ
3044 2227 3115 2283 δι’
3160 2230 3332 2303 εὐχῆς
3379 2228 3460 2298 τῷ
3510 2225 3780 2298 ἀνθρώπῳ

2134 2326 2373 2399 γίνεσθαι
2446 2320 2792 2375 συναπελθεῖν
2862 2318 2975 2390 ἅμα
3039 2320 3107 2390 τῇ
3168 2316 3305 2391 εὐχῇ
3364 2315 3454 2369 καὶ
3515 2315 3611 2383 τὴν
3667 2316 3780 2387 ψυ-

2136 2415 2268 2492 χήν.

2206 2503 2279 2557 Θ’.
2334 2502 2472 2574 Πρὸς
2513 2498 2569 2554 δέ
2615 2520 2675 2573 γε
2724 2499 2812 2553 τὸν
2862 2496 3164 2570 ἐρωτῶντα,
3217 2495 3401 2571 φησὶν,
3464 2492 3515 2547 εἶ’
3558 2492 3779 2545 πάντοτε

2137 2592 2360 2648 δυνατὸν
2388 2596 2467 2661 τῷ
2500 2591 2770 2664 ἀνθρώπῳ
2801 2591 2870 2661 τῇ
2900 2585 3127 2659 τοιαύτῃ
3163 2583 3400 2658 διαρκεῖν
3441 2582 3775 2649 καταστάσει,

2133 2686 2298 2738 ταῦτα
2348 2681 2565 2735 λεκτέον
2599 2697 2612 2712 ·
2641 2679 2713 2739 ὡς
2760 2680 2793 2745 ἠ
2846 2677 2937 2750 μὲν
2998 2676 3162 2749 χάρις
3222 2674 3320 2728 οὐκ
3368 2668 3505 2727 ἔστιν
3550 2671 3633 2724 ὅτε
3690 2670 3769 2740 μή

2138 2772 2346 2826 σύνεστι
2409 2772 2496 2824 καί
2548 2768 2857 2843 έῤῥίζωται,
2906 2766 2992 2819 καί
3054 2766 3128 2827 ὡς
3168 2764 3388 2841 φυσικόν
3427 2782 3473 2814 τι
3526 2758 3766 2831 πεπηγός

2138 2860 2394 2936 ἐγγίνεται
2432 2865 2510 2930 τῷ
2558 2861 2828 2929 ἀνθρώπῳ
2870 2856 2914 2927 ᾦ
2946 2854 3173 2909 σύνεστι·
3224 2852 3323 2926 μία
3364 2850 3415 2905 δὲ
3456 2850 3580 2903 οὖσα
3625 2846 3758 2912 αύτή

2136 2950 2518 3026 πολυτρόπως,
2552 2948 2624 3009 ὠς
2665 2946 2858 3013 ἐθέλει,
2902 2946 3034 3017 πρὸς
3078 2945 3264 2997 τὸτοῦ
3312 2940 3591 3009 ἀνθρώπου
3639 2956 3772 3005 συμ-

2138 3038 2319 3115 φέρον,
2352 3040 2633 3111 οἰκονομεῖ
2667 3056 2678 3069 '
2701 3035 2831 3089 ποτὲ
2888 3035 2980 3105 μὶν
3027 3034 3132 3107 γάρ
3171 3031 3335 3085 πλέον
3388 3031 3534 3099 αὐτῷ
3560 3027 3619 3081 τὸ
3649 3028 3778 3097 πῦρ,

2137 3114 2271 3185 ποτὲ
2303 3128 2359 3183 δὲ
2389 3124 2733 3201 ἀμϐλύτερον
2786 3122 3041 3177 ἀνακαίει.
3095 3123 3196 3178 Καὶ
3245 3121 3306 3174 τὸ
3339 3123 3476 3197 φῶς,
3531 3114 3639 3171 ἔστι
3689 3124 3783 3185 μεν

2140 3221 2228 3274 ὅτε
2281 3218 2497 3291 μᾶλλον
2549 3217 2840 3288 ἐκλάμπει,
2888 3208 2999 3268 ἔστι
3051 3210 3097 3266 δ’
3142 3211 3229 3264 ὅτε
3283 3210 3374 3263 καί
3432 3203 3781 3261 συστέλλεται

320 3308 536 3362 diorem
589 3309 884 3362 ﬂammam
944 3309 1198 3380 subjicit.
1250 3270 1635 3381 Eratquajndo
1688 3309 1786 3364 lux
1835 3270 2023 3379 migis

2146 3270 2218 3274 με
2556 3270 2603 3271 ρ
2690 3270 2699 3288 .
2830 3270 2839 3283 ,

2142 3312 2225 3365 καὶ
2288 3308 2659 3384 ἐπιστυγνάζει
2728 3304 2861 3359 κατά
2928 3302 3070 3357 θείαν
3126 3301 3339 3359 πάντως
3407 3294 3728 3366 οἰκονομίαν
3766 3336 3779 3359 ,

320 3396 741 3464 resplendeat;
804 3404 889 3451 est
956 3401 1188 3467 quando
1255 3401 1556 3455 contrahat
1612 3400 1919 3471 fulgorem,
1974 3402 2032 3452 et

322 3482 631 3552 caliginem
691 3484 943 3538 obducat
974 3488 1314 3555 quamdam,
1346 3488 1541 3541 divina
1575 3504 1809 3557 prorsus
1840 3488 2030 3557 dispo-

324 3572 550 3634 sitione,
629 3572 899 3642 lampade
990 3576 1541 3645 inexstinguibiliter
1649 3577 2033 3633 nihilominus

326 3661 591 3716 ardente.
623 3661 864 3724 Quando
921 3677 1052 3716 vero
1115 3663 1548 3733 fulgenliori,_et
1599 3666 1813 3736 puriori
1846 3669 2034 3723 radiat

330 3748 568 3817 lumine,
598 3749 755 3803 velut
811 3751 1223 3806 abundantiori
1284 3759 1417 3824 potu
1457 3754 1809 3810 exhilaratus
1860 3758 2032 3813 homo

330 3841 541 3896 festum
604 3840 758 3894 diem
818 3842 1088 3896 celebrat.
1146 3844 1244 3897 Est
1301 3845 1476 3900 etiam
1536 3863 1666 3901 cum
1724 3849 1913 3919 ipsum
1975 3850 2033 3904 in

327 3931 495 3987 corde
558 3932 779 3985 micans
837 3931 1032 3987 lumen
1109 3933 1271 3988 alteri
1342 3933 1549 3990 louiini
1630 3937 1739 3991 sub
1810 3939 2033 3994 intimis

328 4022 677 4093 profundius
723 4021 925 4076 latenti
988 4020 1143 4078 velut
1201 4025 1513 4079 fenestram
1539 4026 1743 4097 aperit,
1768 4032 1831 4082 ut
1860 4028 2035 4086 homo

328 4115 485 4166 totus
532 4113 839 4167 dulcedine
877 4112 976 4167 illa
1024 4118 1079 4168 et
1149 4114 1539 4183 speculatione
1598 4118 1769 4186 plane
1836 4120 2035 4174 absor-

328 4207 485 4271 ptus,
513 4219 624 4256 non
694 4201 947 4271 amplius
1008 4204 1065 4255 in
1118 4219 1179 4257 se
1228 4204 1353 4273 ipso
1386 4205 1481 4271 sit,
1506 4206 1603 4259 sed
1648 4207 1809 4276 quasi
1843 4209 2036 4263 fatuus

330 4295 386 4345 et
420 4290 631 4345 noxius
690 4291 974 4345 habeatur
1027 4293 1268 4358 mundo,
1294 4299 1530 4364 prOpter
1558 4293 1873 4349 inusitatas
1911 4295 2037 4352 ille-

330 4378 530 4432 cebras
598 4381 811 4433 amoris
878 4385 935 4434 et
992 4380 1306 4451 voluptatis
1406 4391 1463 4436 et
1556 4384 2035 4453 profunditatem,

329 4468 494 4538 queis
541 4468 752 4539 dignus
812 4469 1077 4536 habetur,
1141 4472 1574 4543 mysteriorum.
1636 4476 1702 4527 Et
1748 4477 2040 4545 contingit

2140 3400 2377 3474 καίτοιγε
2420 3405 2519 3466 τῆς
2573 3392 2860 3469 λαμπάδος
2908 3388 3140 3445 ἄσϐεστα
3187 3386 3507 3460 καιομένης.
3559 3388 3682 3439 Ὅτε
3732 3380 3788 3436 δὲ

2140 3485 2439 3565 φαιδρυνθῇ
2471 3487 2661 3553 πλέον,
2710 3485 2833 3538 τότε
2888 3483 3126 3554 καράπερ
3159 3478 3210 3533 ἐν
3244 3479 3381 3551 μέθῃ
3432 3474 3647 3530 πλείονι
3687 3479 3786 3540 τῆς

2139 3561 2235 3635 τοῦ
2281 3561 2421 3633 ἠΘεοῦ
2472 3576 2687 3649 ἀγάπης
2740 3574 2829 3627 καὶ
2881 3574 2908 3626 ὁ
2952 3572 3231 3643 ἄνθρωπος
3282 3566 3591 3638 ὲορτάζεται
3630 3561 3788 3617 ’ἔστι

2146 3668 2190 3724 δ’
2225 3670 2313 3723 ὅτε
2344 3667 2432 3721 καὶ
2464 3665 2593 3719 αὐτὸ
2617 3665 2678 3719 τὸ
2710 3668 2823 3739 φῶς
2854 3662 2915 3716 τὸ
2947 3666 3133 3734 φαῖνον
3165 3656 3215 3712 ἐν
3244 3652 3462 3729 καρδίᾳ,
3506 3659 3585 3724 τῷ
3637 3650 3789 3707 ἐνδο-

2144 3757 2285 3831 τέρῳ
2318 3754 2495 3826 δήπου
2526 3755 2614 3808 καί
2651 3752 2924 3826 βαθυτέρῳ
2960 3748 3219 3824 διανοίγει
3254 3745 3416 3823 φωτὶ,
3474 3743 3609 3799 ὥστε
3658 3741 3790 3797 ὅλον

2144 3847 2236 3903 τὸν
2269 3845 2550 3919 ἄνθρωπον
2584 3846 2652 3916 τῇ
2684 3839 2985 3916 γλυκύτητι
3028 3837 3203 3909 ἐκείνῃ
3240 3834 3329 3889 καὶ
3380 3832 3582 3906 θεωρίᾳ
3634 3851 3799 3885 κατα-

2144 3936 2378 3992 ποθέντα
2436 3932 2629 4005 μηκέτι
2680 3930 2731 3984 ὲν
2784 3930 2958 3999 ἑαυτῷ
3002 3926 3153 3996 εἶναι,
3209 3921 3335 3977 ἀλλ’
3396 3922 3471 3983 ὡς
3516 3920 3699 3993 μωρόν
3741 3938 3799 3973 τε

2146 4028 2234 4080 καὶ
2271 4019 2538 4097 βλαϐερὸν
2578 4022 2787 4075 ὑπεῖναι
2827 4023 2905 4089 τῷ
2934 4016 3147 4087 κόσμῳ,
3200 4010 3287 4066 διά
3334 4011 3548 4071 καινοὺς
3596 4007 3795 4082 ’ίυγγας

2146 4116 2362 4189 ἀγάπης
2393 4111 2481 4167 καί
2523 4107 2746 4179 ἡδονῆς,
2779 4106 2867 4161 καὶ
2898 4106 2960 4160 τὸ
2992 4105 3153 4171 βάθος
3186 4104 3259 4157 ὢν
3302 4100 3528 4170 ἠξίωται
3581 4118 3797 4170 μυστη-

2151 4185 2279 4279 ρίων
2315 4246 2328 4258 .
2401 4202 2497 4256 Καὶ
2562 4194 2839 4271 συμϐαίνει
2906 4192 3178 4254 πολλάκις
3247 4190 3365 4244 κατ’
3430 4187 3627 4243 ἐκεῖνον
3696 4185 3792 4258 μὶν

2146 4273 2235 4349 τὸν
2296 4291 2481 4365 καιρὸν
2539 4293 2648 4343 τῶν
2705 4284 2928 4341 τελείων
2996 4283 3153 4337 αὐτὸν
3223 4273 3475 4347 ἐπιϐῆναι
3540 4274 3789 4349 μέτρων,

2148 4383 2237 4437 καὶ
2274 4361 2404 4435 εἶναί
2450 4380 2625 4447 πάσης
2686 4374 2950 4448 ἁμαρτίας
3008 4368 3287 4442 ἐλεύθερόν
3345 4387 3404 4422 τε
3460 4365 3549 4420 καὶ
3605 4361 3793 4417 ἀνεπί-

2148 4472 2383 4543 ληπτον,
2422 4469 2553 4542 μετὰ
2594 4465 2650 4521 δὲ
2689 4469 2855 4518 ταῦτα
2905 4460 3239 4526 συσταλῆναι
3269 4457 3471 4532 τρόπον
3529 4453 3643 4508 τινὰ
3681 4451 3781 4543 τὴν

329 4558 540 4629 sepius
576 4560 686 4613 isto
727 4562 986 4628 tempore
1029 4560 1218 4630 ipsum
1263 4564 1647 4632 perfectorum
1707 4567 2027 4633 contingere

2151 4564 2334 4638 χάριν,
2378 4559 2468 4613 καὶ
2517 4557 2578 4611 τὸ
2628 4553 2894 4626 κάλυμμα
2948 4558 3047 4620 τῆς
3096 4549 3333 4609 ἐναντίας
3386 4545 3656 4611 ἐπιστῆναι
3696 4535 3790 4593 δυ-

330 4650 616 4719 graduum
653 4666 1009 4714 mensuram,
1042 4656 1099 4704 et
1147 4651 1305 4705 omni
1356 4650 1603 4706 liberum
1648 4669 1773 4708 esse
1807 4660 2038 4726 peccato

2146 4652 2381 4725 νάμεως.

329 4747 380 4794 et
421 4740 1036 4809 irreprehensibilem;
1080 4757 1274 4796 verum
1318 4743 1571 4812 posthaac
1600 4744 1865 4799 contrahi
1908 4761 2113 4802 rursus
2143 4739 2572 4816 quodammodo
2612 4736 2896 4808 gratiam;
2928 4736 2985 4788 et
3024 4732 3094 4787 ab
3134 4728 3464 4786 adversaria
3504 4726 3788 4797 potestate

323 4829 517 4884 velum
558 4832 769 4885 iterum
809 4831 1062 4887 obtendi.

401 4921 473 4974 Χ.
499 4918 592 4973 Sic
623 4926 814 4973 tecum
870 4926 1074 4989 reputa
1125 4937 1214 4975 res
1264 4922 1464 4992 gratia:
1494 4938 1555 4977 se
1588 4923 1799 4979 habere
1833 4942 1846 4979 :
1881 4925 2034 4995 ﬁnge

329 5007 457 5076 tibi,
507 5008 759 5061 residere
810 5010 1220 5078 perfectionem
1271 5011 1330 5064 in
1397 5014 1739 5068 duodecimo
1806 5015 2032 5084 gradu;

331 5101 421 5153 est
480 5096 679 5166 igitur,
738 5102 802 5150 ut
868 5097 941 5151 ad
993 5098 1141 5152 banc
1189 5101 1400 5169 gradus
1460 5118 1796 5157 mensuram
1868 5103 2039 5157 liceat

332 5187 641 5243 ascendere
693 5205 707 5253 ;
759 5188 857 5239 sed
900 5187 1154 5244 vicissim
1233 5192 1469 5245 remittit
1541 5195 1752 5264 gratia,
1810 5198 1865 5247 et
1922 5208 2038 5246 uno

334 5280 693 5338 descendens
751 5282 957 5352 gradu,
999 5282 1056 5335 in
1126 5285 1447 5350 undecimo,
1522 5290 1585 5337 ut
1641 5285 1723 5338 ita
1812 5282 2037 5354 loquar,

332 5372 618 5437 subsistit,
682 5372 779 5426 ubi
840 5372 1130 5426 mirabilia
1171 5372 1271 5427 illa
1333 5374 1444 5444 ipsi
1505 5374 1911 5440 ostenduntur,
1981 5377 2037 5427 et

328 5476 575 5531 quorum
608 5463 706 5518 ille
736 5463 1196 5535 experimentum
1247 5464 1396 5533 cepit
1446 5463 1619 5518 homo
1653 5480 1667 5518 :
1706 5464 1804 5517 sed
1839 5465 2041 5517 eodem

329 5552 499 5606 modo
541 5551 591 5606 si
631 5553 751 5609 baac
791 5570 848 5609 se
906 5570 1138 5626 semper
1198 5553 1501 5618 haberent,
1560 5568 1674 5607 non
1741 5557 1892 5606 esset
1920 5550 2043 5621 ipsi

400 5688 445 5723 ¹¹
484 5687 695 5760 Ephes.
740 5700 814 5754 ιν,
859 5684 943 5739 13.
1024 5683 1068 5721 ί²
1102 5683 1194 5740 Isa
1224 5695 1359 5753 un,
1398 5679 1455 5733 5.

2217 4925 2279 4977 I'.
2310 4918 2449 4976 σίου
2489 4938 2602 4991 μοι,
2648 4916 2834 4991 φησὶν,
2886 4914 3059 4973 οὕτως
3098 4911 3163 4965 τὰ
3201 4913 3301 4977 τῇς
3348 4908 3577 4982 χάριτος
3622 4898 3789 4977 ἔχειν.

2146 5009 2449 5066 ὑπακείσθω
2490 4990 2591 5080 γάρ
2646 4990 2729 5059 σοι
2784 5005 2920 5079 πρὸς
2969 4998 3270 5055 δωδέκατον
3322 4995 3532 5071 βαθμὸν
3588 4990 3790 5080 ἀνιέναι

2142 5100 2240 5167 τὴν
2273 5098 2623 5164 τελειότητα·
2660 5094 2794 5149 εἶναι
2848 5094 2941 5165 μὲν
2994 5088 3084 5144 οὗν
3135 5091 3225 5144 ὅτε
3270 5086 3362 5142 καὶ
3391 5082 3544 5139 τουτὶ
3593 5082 3654 5135 τὸ
3708 5077 3794 5153 μέ-

2144 5208 2269 5264 τρον
2331 5186 2549 5262 ἕφικτὸν
2599 5184 2797 5259 γίνεται
2841 5182 3026 5250 ’πλὴν
3072 5177 3200 5233 ἀλλ’
3252 5172 3498 5230 ἐνδίδωσι
3544 5170 3709 5225 πάλιν
3755 5169 3789 5233 ἡ

2147 5256 2331 5354 χάρις,
2370 5256 2459 5329 καὶ
2506 5256 2897 5328 ἓνανὺποϐἄσα
2958 5266 3186 5345 βαθμὸν,
3246 5263 3321 5354 είς
3368 5262 3429 5315 τὸ
3485 5256 3792 5354 ἑνδέκατον,

2149 5346 2222 5429 the
2256 5367 2441 5429 εἰπεῖν,
2472 5364 2707 5418 ’ἰσταται.
2754 5357 3011 5432 Ἐδείχθη
3048 5355 3223 5409 ἐκεῖνα
3270 5349 3337 5419 δὴ
3390 5351 3455 5402 τά
3499 5346 3791 5418 θαυμάσια,

2148 5456 2238 5511 καὶ
2281 5456 2354 5509 ὧν
2410 5456 2597 5526 πεῖραν
2657 5449 2746 5503 καὶ
2798 5446 3084 5520 ἄνθρωπος
3139 5439 3294 5515 ἔσχεν
3338 5438 3540 5497 ἐκεῖνος
3577 5454 3590 5467 ·
3617 5434 3662 5489 εἶ
3701 5434 3794 5526 τὸν

2144 5543 2264 5599 ’ίσυν
2295 5542 2441 5614 αὐτῷ
2480 5540 2679 5614 τρόπον
2722 5538 2838 5610 εἶχε
2875 5539 3044 5590 ταῦτα
3089 5530 3399 5595 διαπαντὸς,
3451 5525 3550 5580 οὐκ
3593 5524 3653 5577 ἄν
3707 5520 3796 5576 δυο
