4076 6280
294 408 416 470 91⁸7

1559 411 1800 473 LlBER
1844 410 1945 471 DE
1991 411 2459 475 CHARI'I‘ATE.

3652 429 3770 487 918

290 542 455 597 νατὸν
484 544 633 614 αὖτῷ
672 542 736 611 ἧν
767 541 866 609 τὴν
898 538 1215 614 οἰκονομίαν
1267 539 1355 595 καὶ
1404 541 1466 596 τὸ
1508 542 1674 617 βάρος
1736 542 1921 597 ὑπιένα

2112 546 2337 602 assibile
2395 550 2457 601 ut
2526 546 3018 616 dispensationem
3087 554 3236 611 hanc
3320 557 3635 628 gratiosam
3712 564 3768 615 et

290 634 393 683 τοῦ
426 630 614 705 λόγου,
648 627 775 685 οῦτε
827 632 933 702 μὴν
992 629 1203 684 ἀκούειν
1264 652 1315 684 τι
1356 632 1448 685 καὶ
1504 630 1696 703 λέγειν,
1758 634 1791 701 ἢ
1860 631 1947 686 καὶ

292 721 421 791 περί
478 741 593 787 του,
653 718 748 773 κᾶν
806 722 867 774 τὸ
931 720 1298 797 βραχύτατον,
1363 726 1651 794 μεριμνᾷν,
1711 721 1792 775 ὅτι
1871 723 1945 792 μὴ

288 810 500 861 κεῖσθαι
546 810 705 879 μόνον
766 814 890 880 μιᾶς
952 810 1156 883 γωνίας
1198 807 1628 881 ἐπειλημμένον,
1689 811 1777 863 καὶ
1815 831 1947 880 μετ-

287 896 484 970 έωρον,
518 898 603 952 καὶ
641 900 1049 971 μεμεθυσμὲνον
1086 920 1096 931 ⁸
1148 899 1315 972 ταύτῃ
1348 920 1433 952 τοι
1465 899 1553 952 καὶ
1613 901 1672 952 τὸ
1733 898 1944 953 λέλειον

287 986 437 1057 αῦτῷ
498 989 692 1059 μέτρον
755 987 817 1041 οῦ
875 989 1192 1066 παρεσχὲοη
1230 1007 1241 1020 ·
1301 986 1396 1041 ¹ίνα
1444 988 1532 1042 καὶ
1586 994 1653 1062 τῇ
1697 986 1945 1061 ἀδελφῶν

285 1076 546 1148 προνοίᾳ,
576 1077 661 1130 καὶ
696 1081 762 1149 τῇ
809 1080 904 1130 τοῦ
939 1075 1111 1151 λόγου
1153 1074 1401 1147 διακονίᾳ
1428 1077 1613 1149 καιρὸν
1644 1072 1749 1151 ἔχῃ
1805 1098 1943 1152 σχο-

285 1162 493 1233 λάζειν.

362 1256 461 1308 ΙΑ’.
507 1254 847 1321 Ἀκούοντες,
898 1255 1054 1331 φησὶ,
1096 1258 1191 1309 τοῦ
1251 1254 1422 1328 λόγου
1480 1259 1582 1320 τῆς
1645 1254 1941 1328 βασιλείας,

282 1341 378 1393 καὶ
438 1341 574 1415 πρὸς
633 1338 835 1414 δάκρυα
892 1344 1280 1418 καταγόμενοι,
1344 1366 1419 1414 μη
1479 1350 1596 1405 τοῖς
1650 1343 1942 1418 ἡμετέροις

279 1429 501 1485 τούτοις
533 1428 976 1503 ἐναπομείνωμεν
1011 1428 1256 1504 δάκρυσι,
1294 1429 1434 1502 μηδὲ
1478 1437 1547 1505 τῇ
1582 1434 1743 1502 ἡμῶν
1803 1433 1941 1505 ἀκοῇ

282 1515 360 1575 ὡς
389 1516 574 1578 καλῶς
607 1519 947 1581 ἀκούσαντες,
985 1516 1125 1591 μηδὲ
1155 1526 1271 1578 τοῖς
1308 1518 1617 1595 ὀφθαλμοῖς
1651 1508 1723 1581 ὡς
1755 1519 1941 1583 καλῶς

284 1600 515 1674 ἰδόντες,
564 1604 873 1677 ἀρκούντως
931 1604 1076 1681 ἔχειν
1140 1610 1352 1670 ὲαυτοῖς
1404 1608 1765 1683 λογισώμεθα
1804 1629 1816 1642 ·
1851 1595 1939 1665 καἰ

278 1693 383 1765 γάρ
445 1694 577 1747 εἰσιν
621 1691 776 1769 ἕτερα
850 1694 963 1751 ὦτα
1033 1702 1121 1751 καὶ
1208 1695 1383 1771 ἕτεροι
1464 1697 1772 1774 ὀφθαλμοὶ,
1852 1700 1943 1753 καὶ

2061 653 2209 690 onus
2240 636 2380 689 illud
2418 638 2750 693 sustineret.
2784 640 2982 710 Neque
3031 660 3169 700 sane
3251 649 3469 715 audire,
3533 666 3635 704 nec
3667 666 3765 705 cu-

2059 740 2183 778 rare
2215 724 2458 794 quilibet
2487 727 2755 795 quamvis
2803 730 3109 785 minimum
3143 750 3335 789 rerum
3371 736 3763 794 humanarum

2057 818 2260 881 potest,
2288 812 2395 867 nisi
2432 816 2583 884 quod
2612 816 2765 878 jacet
2797 821 3024 872 tantum
3083 820 3141 874 in
3194 824 3407 894 angulo
3439 833 3762 895 correptus,

2055 906 2112 955 et
2141 918 2479 971 suspensus,
2514 910 2568 957 et
2610 904 2950 960 inebriatus.
2990 907 3147 963 Unde
3198 914 3434 981 perfecti
3470 916 3578 985 ipsi
3629 932 3762 986 gra-

2056 992 2166 1044 dus
2192 1006 2465 1045 mensura
2516 1009 2630 1045 non
2685 994 3055 1066 indulgetur;
3092 1006 3153 1051 ut
3201 1006 3257 1054 et
3289 1002 3526 1057 fratrum
3560 1021 3761 1061 curam

2056 1078 2287 1145 habere,
2321 1085 2377 1134 et
2407 1081 2726 1136 ministerio
2756 1083 2911 1137 verbi
2942 1101 3143 1141 vacare
3165 1089 3368 1158 possit.

2124 1242 2217 1297 XI.
2251 1243 2394 1299 Cum
2428 1244 2715 1299 audiendo
2765 1262 3067 1303 sermones
3107 1251 3177 1304 de
3209 1266 3386 1321 regno
3416 1252 3516 1307 Dei
3545 1254 3613 1307 ad
3642 1254 3764 1324 pias

2053 1331 2340 1404 lacrymas
2378 1349 2697 1401 movemur,
2723 1351 2836 1389 non
2896 1338 3340 1407 acquiescamus
3387 1341 3459 1395 iis
3498 1341 3764 1412 lacrymis

2052 1426 2332 1493 tanquam
2369 1424 2619 1490 nostris;
2658 1440 2845 1493 neque
2899 1425 3004 1480 has
3065 1428 3421 1498 impulemus
3462 1434 3562 1486 aut
3606 1432 3765 1485 auri-

2053 1511 2160 1566 bus
2194 1511 2426 1575 nostris,
2462 1512 2627 1581 quasi
2689 1512 2832 1567 bene
2864 1515 3197 1583 audierint;
3226 1526 3325 1571 aut
3355 1518 3559 1588 oculis,
3593 1522 3766 1591 quasi

2054 1600 2199 1655 bene
2230 1600 2508 1669 viderint;
2546 1606 2601 1655 et
2631 1602 2897 1658 sufficere
2926 1604 3068 1660 istos
3127 1623 3334 1662 sensus
3386 1610 3457 1663 ad
3511 1609 3646 1664 talia
3676 1626 3763 1664 re-

2055 1695 2344 1759 putantes.
2379 1690 2605 1744 Etenim
2669 1692 2793 1744 alize
2860 1702 2995 1747 sunt
3054 1711 3247 1757 aures,
3282 1697 3380 1751 alii
3433 1700 3607 1762 oculi,
3664 1700 3763 1753 alii

278 1781 559 1853 κλαυθμοὶ
598 1780 791 1858 ἕτεροι,
826 1787 900 1847 ὡς
932 1785 996 1854 δὴ
1040 1788 1124 1840 καὶ
1163 1784 1372 1841 διάνοια
1420 1789 1508 1841 καί
1556 1790 1712 1861 ψ’)χή
1768 1785 1922 1862 ἑτέρα

2112 1788 2249 1843 atus,
2285 1779 2366 1832 uti
2398 1785 2455 1833 et
2480 1780 2591 1833 alia
2621 1796 2787 1834 mens
2837 1791 2887 1834 et
2921 1782 3116 1836 anima
3147 1784 3307 1851 alia;
3339 1786 3567 1842 divinus
3598 1804 3763 1843 nem-

281 1869 414 1939 ὅπερ
444 1868 590 1925 ἔστιν
645 1873 775 1928 αύτὸ
831 1876 1008 1928 θεῖκὸν
1070 1879 1290 1947 Πνεῦμα
1346 1878 1437 1930 καὶ
1499 1878 1849 1946 ἑπουράνιον,
1882 1868 1945 1931 τό

278 1957 477 2013 ἀκοῦόν
530 1982 587 2016 τε
635 1962 722 2016 καὶ
777 1962 995 2020 κλαῖον.
1056 1965 1353 2039 εὐχόμενόν
1413 1986 1470 2019 τε
1518 1966 1609 2019 καὶ
1656 1972 1946 2040 γινῶσκονε

277 2049 369 2101 vati
418 2050 480 2103 τὸ
523 2055 619 2105 τοῦ
651 2056 785 2105 Θεοῦ
818 2050 1035 2123 θέλημα
1068 2053 1119 2107 ἐν
1155 2052 1383 2124 ἀληθείᾳ
1414 2059 1608 2108 ποιοῦν

280 2249 440 2301 μενος
470 2234 566 2284 τοῦ
600 2230 917 2302 Πνεῦματος
957 2230 1159 2306 δωρεάν
1198 2252 1209 2262 ·
1270 2234 1508 2305 Ὑπάγω,
1567 2232 1774 2309 ἔλεγεν,
1820 2234 1847 2287 ὁ
1884 2232 1942 2288 δὲ

274 2317 638 2391 Παράκλητος
665 2320 727 2373 τὸ
760 2324 979 2392 Πνεῦμα
1030 2322 1091 2374 τὸ
1151 2322 1328 2395 ἅγιον,
1389 2323 1416 2376 ’ὸ
1474 2324 1680 2395 πέμψει
1748 2324 1936 2397 Πατὴρ

274 2404 328 2460 ἐν
382 2412 461 2478 τῷ
515 2407 743 2481 ὀνόματί
795 2430 922 2480 μου,
978 2411 1184 2471 ὶκεῖνος
1244 2412 1383 2482 ὑμᾶς
1442 2408 1649 2481 δίδάξει
1727 2414 1934 2465 πάντα·

274 2496 375 2551 Καὶ
415 2496 580 2551 πάλιν
613 2517 624 2529 ·
685 2499 803 2553 “Eu
864 2496 1055 2552 πολλὰ
1107 2493 1221 2573 ἔχω
1278 2496 1451 2570 λέγειν
1523 2499 1672 2570 ὃμῖν,
1705 2498 1839 2553 ἀλλ’
1874 2501 1934 2555 οὔ

272 2584 498 2640 δύνασθε
584 2587 868 2660 βαστάζειν
951 2587 1070 2659 ἄρτι
1106 2605 1117 2618 '
1178 2586 1302 2641 ὅταν
1360 2585 1417 2641 δὲ
1485 2584 1626 2661 ἔλθῃ
1705 2589 1932 2652 ἐκεῖνος,

271 2675 336 2729 τὸ
388 2679 606 2747 Πνεῦμα
660 2678 760 2744 της
826 2675 1110 2746 ἀληθείας,
1162 2674 1427 2752 ὁδηγήσει
1490 2677 1630 2747 ὑμᾶς
1694 2676 1769 2739 εἷς
1819 2681 1933 2733 πά-

274 2786 365 2819 σαν
416 2768 513 2833 τήν
574 2764 858 2835 ἀλήθειαν,
926 2767 1167 2827 Ἐκεῖνος
1238 2766 1329 2820 οῦν
1412 2766 1766 2839 προσεύξεται
1843 2753 1934 2823 καὶ

274 2856 481 2917 ἐκεῖνος
529 2855 846 2913 κλαύσεται.
900 2858 972 2911 Τὸ
1021 2857 1147 2932 γάρ,
1180 2857 1241 2911 Τί
1289 2856 1718 2931 προσευξόμεθα,
1768 2859 1931 2937 φησίν

275 2947 303 2998 ὁ
338 2946 483 3005 θεῖος
535 2943 897 3012 ’Δπόστολος,
948 2948 1066 2999 καθ’
1114 2947 1143 3000 ὃ
1202 2944 1302 3015 δεῖ,
1347 2949 1449 3001 οὐκ
1498 2944 1721 3019 οἷ’δαμεν
1754 2967 1767 2979 ’
1803 2935 1933 3003 ἀλλ’

276 3031 405 3085 αὐτὸ
480 3035 693 3103 Πνεῦμα
750 3030 1070 3107 ἐντυγχάνει
1142 3035 1272 3106 ὑπὲρ
1359 3036 1519 3106 ἡμῶν
1603 3041 1928 3110 στεναγμοῖς

276 3118 578 3189 ἀλαλήτοις
628 3140 640 3153 ⁸

278 3214 415 3264 Θεοῦ
466 3208 683 3282 θὲλημα
736 3207 907 3277 δῆλόν
941 3210 1075 3268 ἐστι.
1107 3212 1184 3263 Τὰ
1231 3212 1332 3286 γὰρ
1380 3215 1476 3265 τοῦ
1531 3216 1684 3274 Θεοῦ,
1746 3214 1927 3287 φησὶν,

277 3296 453 3359 οὐδεὶς
487 3296 656 3366 οἶδεν,
690 3300 734 3352 εἰ
772 3300 846 3371 μὴ
887 3299 949 3354 τὸ
1003 3304 1221 3370 Πνεῦμα
1277 3304 1373 3353 τοῦ
1423 3304 1577 3354 Θεοῦ.
1615 3302 1763 3355 Ἐπεὶ
1820 3302 1930 3369 καὶ,

275 3386 409 3441 κατά
436 3389 537 3457 τὴν
569 3386 917 3462 ἐπαγγελίαν,
948 3391 1016 3460 τῇ
1057 3386 1238 3461 ἡμέρᾳ
1275 3390 1376 3455 τῆς
1413 3395 1795 3457 Πεντηκοστῆς
1836 3395 1933 3443 τοῦ

282 3474 653 3550 Παρακλήτου
712 3475 1190 3552 ἐπιφοιτήσαντος,
1227 3475 1315 3529 καὶ
1354 3482 1454 3545 τῆς
1506 3475 1785 3549 δυνάμεως
1835 3483 1931 3532 τοῦ

276 3566 475 3637 ἀγαθοῦ
535 3565 846 3637 Πνεύματος
920 3571 1037 3627 ταῖς
1118 3569 1322 3640 ψυχαῖς
1413 3570 1522 3619 τῶν
1606 3565 1928 3620 ἀποστόλων

276 3655 653 3723 σκηνωσάσης,
702 3655 764 3708 τὸ
817 3654 913 3726 μὲν
959 3660 1058 3721 τῆς
1116 3654 1307 3714 κακίας
1382 3652 1649 3726 κάλυμμα
1711 3654 1930 3712 εἷσάπαν

274 3743 451 3799 αὐτῶν
501 3742 771 3819 ἀφῃρέθη,
802 3746 868 3799 τά
914 3746 1060 3815 πάθη
1105 3740 1161 3798 δὲ
1198 3746 1551 3819 κατηργήθη,
1583 3745 1672 3798 καὶ
1705 3746 1772 3800 τὰ
1828 3751 1929 3813 τῆς

271 3830 493 3905 καρδίας
554 3831 738 3892 αὐτοῖς
816 3830 1270 3910 ἀπεκαλύφθησαν
1330 3826 1575 3904 ὄμματα.
1642 3831 1742 3887 Καὶ
1808 3832 1930 3887 τότε

272 3919 465 3975 λοιπὸν
521 3922 707 3997 σοφίας
757 3920 1106 3989 πλησθέντες.
1157 3922 1247 3974 καὶ
1305 3920 1512 3974 τέλειοι
1568 3921 1927 3982 καταστάντες

276 4010 377 4063 ὑπὸ
424 4014 520 4062 τοῦ
567 4010 903 4080 Πνεύματος,
938 4006 1007 4062 δι’
1036 4008 1241 4063 ἐκείνου
1296 4009 1390 4079 μὲν
1433 4010 1521 4061 καὶ
1572 4010 1635 4061 τὸ
1665 4013 1762 4062 τοῦ
1794 4014 1928 4063 Θεοῦ

272 4095 487 4169 θέλημα
542 4102 717 4151 ποιεῖν
778 4095 1041 4170 ἔγνωσαν,
1101 4094 1169 4149 δι’
1228 4095 1437 4150 ἐκείνου
1506 4092 1561 4149 δῖε
1629 4097 1719 4150 καὶ
1790 4098 1929 4170 πρὸς

271 4192 439 4241 πᾶσαν
513 4184 772 4255 ἀλήθειαν
852 4186 1377 4260 ἐχειραγωγήθησαν
1455 4185 1925 4258 ἡγεμονεύσαντός

268 4299 322 4333 τε
378 4278 469 4331 καὶ
533 4275 951 4351 βασιλεύσαντος
1024 4277 1211 4336 αὐτοῖς
1280 4279 1389 4329 τῶν
1478 4280 1698 4354 ψυχῶν.
1759 4279 1920 4331 Ὅταν

269 4366 355 4422 οῦν
384 4367 473 4420 καὶ
504 4369 639 4439 ἡμῖν
673 4365 983 4420 ἐπακούουσι
1012 4369 1108 4418 τοῦ
1165 4363 1338 4440 λόγου
1368 4369 1465 4419 τοῦ
1527 4370 1660 4419 Θεοῦ
1715 4364 1923 4421 κλαίειν

1653 2076 1665 2088 ο
1702 2056 1816 2109 ἐπεὶ
1850 2044 1945 2110 και

276 2142 394 2197 τοῖς
426 2137 755 2202 ἀποστόλοις
785 2143 812 2194 ὁ
858 2140 1055 2213 Κύριος
1104 2142 1205 2209 τὴν
1268 2143 1538 2215 μεγίστην
1599 2141 1944 2216 ἐπαγγελλό-

2060 1884 2127 1937 pe
2159 1866 2309 1922 20l
2352 1868 2474 1936 ipse
2531 1885 2594 1921 ac
2652 1870 3077 1937 superccnlestis
3126 1873 3380 1942 Spiritus
3413 1877 3656 1931 audiens
3704 1881 3765 1932 et

2057 1958 2221 2024 ﬂens,
2248 1975 2415 2011 orans
2471 1962 2528 2011 et
2578 1973 2955 2028 cognoscens,
2989 1960 3448 2032 voluntatemque
3507 1966 3563 2019 in
3617 1967 3765 2020 veri-

2054 2051 2170 2100 tate
2202 2046 2455 2100 divinam
2506 2046 2741 2100 faciens.
2794 2049 3274 2119 Quandoquidem
3332 2052 3610 2121 apostolis
3649 2054 3765 2108 Do-

2056 2135 2250 2189 minus
2282 2136 2600 2188 maximum
2636 2138 2978 2203 promittens
3012 2138 3259 2208 Spiritus
3290 2141 3507 2194 donum
3542 2158 3554 2195 :
3599 2143 3758 2211 Vado,

2053 2224 2152 2290 ait,
2211 2228 2267 2277 at
2347 2224 2663 2277 Paracletus
2746 2225 2991 2290 Spiritus
3071 2237 3312 2293 sanctus,
3372 2246 3530 2301 quem
3594 2238 3763 2287 Pater

2050 2312 2228 2367 mittet
2280 2315 2342 2367 in
2394 2315 2611 2367 nomine
2665 2316 2925 2380 meo,ilte
2982 2332 3072 2371 vos
3130 2317 3333 2372 docebit
3374 2322 3563 2374 omnia
3596 2322 3658 2375 ιδ.
3693 2322 3763 2376 Et

2049 2421 2255 2459 rursus
2290 2422 2302 2460 :
2335 2405 2521 2459 Adhuc
2550 2405 2727 2460 multa
2757 2404 2931 2460 habeo
2974 2408 3124 2462 vobis
3152 2408 3331 2465 dicere
3358 2427 3380 2473 ;
3409 2411 3499 2465 sed
3525 2428 3633 2466 non
3662 2428 3761 2483 po-

2048 2495 2203 2549 testis
2251 2502 2472 2563 portare
2536 2494 2733 2558 modo;
2763 2512 2884 2550 cum
2936 2501 3119 2551 autem
3157 2499 3368 2553 venerit
3391 2500 3488 2553 ille
3510 2500 3762 2571 Spiritu:

2049 2586 2310 2650 veritatis,
2370 2584 2603 2638 deducet
2648 2600 2738 2639 vos
2794 2587 2853 2638 in
2917 2601 3131 2641 omnem
3194 2588 3483 2643 veritatem
3557 2589 3620 2644 ¹⁴.
3661 2590 3762 2645 Ille

2045 2671 2226 2743 igitur
2281 2674 2487 2739 orabit,
2538 2673 2636 2727 ille
2694 2674 3127 2743 lacrymabitur.
3162 2677 3380 2731 Etenim
3442 2678 3592 2744 Quid
3639 2695 3762 2734 ore-

2042 2780 2185 2831 mus,
2219 2763 2410 2834 inquit
2441 2763 2672 2818 divinus
2726 2763 3061 2833 Apostolus,
3091 2772 3254 2835 prout
3315 2776 3545 2836 oportet,
3578 2771 3760 2823 nesci-

2042 2870 2183 2921 mus,
2214 2853 2305 2907 sed
2358 2857 2473 2921 ipse
2518 2853 2770 2923 Spiritus
2817 2855 3060 2923 postulat
3112 2872 3209 2925 pro
3267 2857 3418 2911 nobis
3464 2858 3759 2927 gemitibus

2043 2944 2512 2997 inenarrabitibus
2540 2942 2605 2997 ‘5.
2644 2942 2783 2997 Nam
2830 2944 2944 3013 ipsi
2993 2945 3235 3015 Spiritui
3285 2946 3387 3001 soli
3420 2947 3521 3001 Dei
3554 2947 3761 3003 volun-

2044 3040 2123 3086 tas
2154 3036 2454 3101 perspecta
2510 3037 2615 3085 est.
2668 3031 2962 3101 Siquidem
2998 3033 3130 3098 Quae
3180 3034 3281 3089 Dei
3334 3039 3482 3098 sunt,
3536 3036 3752 3107 inquit,

705 3119 850 3191 αῦτῷ
908 3123 1012 3195 γὰρ
1074 3126 1154 3193 τῷ
1218 3122 1491 3194 ΙΙνεύματι
1527 3124 1681 3195 μόνῳ
1710 3126 1772 3177 τὸ
1829 3128 1925 3177 τοῦ

2112 3135 2193 3174 mo
2226 3121 2397 3181 novit,
2429 3120 2545 3173 nisi
2582 3119 2818 3189 Spiritus
2870 3120 2968 3173 Dei
2997 3118 3062 3172 ίδ.
3097 3122 3380 3184 Quoniam
3412 3128 3468 3177 et
3498 3126 3749 3193 quando,

2034 3211 2201 3281 juxta
2229 3209 2697 3279 promissionem,
2734 3209 2826 3263 die
2884 3210 3255 3266 Pentecostes
3315 3212 3613 3267 descendit
3639 3214 3749 3268 Pa-

2038 3300 2308 3361 racletus,
2341 3306 2397 3354 et
2418 3300 2601 3354 virtus
2632 3299 2765 3354 boni
2815 3299 3066 3370 Spiritus
3122 3301 3432 3358 animabus
3463 3303 3747 3372 apostolo-

2038 3406 2166 3445 rum
2228 3389 2476 3454 insedit;
2525 3388 2785 3443 velamen
2846 3389 3083 3459 quidem
3147 3390 3315 3457 illud,
3375 3409 3490 3463 quo
3548 3392 3749 3448 innata

2037 3478 2261 3533 homini
2321 3478 2569 3548 pravitas
2630 3482 2884 3533 mentem
2944 3478 3277 3547 obumbrat,
3340 3480 3509 3551 plane
3565 3481 3749 3536 abiis

2036 3568 2290 3622 ablatum
2349 3573 2473 3635 est;
2542 3567 2733 3621 vitiosi
2796 3584 2927 3622 vero
2987 3568 3228 3623 affectus
3296 3569 3495 3624 aboliti
3560 3576 3747 3625 sunt:

2036 3657 2306 3727 oculique
2338 3659 2549 3711 mentis
2579 3657 2834 3727 ipsorum
2859 3662 2997 3712 sunt
3027 3658 3229 3728 aperti.
3265 3658 3336 3713 Et
3366 3664 3509 3713 tunc
3540 3661 3609 3714 de
3636 3675 3748 3714 eaa-

2034 3750 2157 3802 tero
2209 3747 2498 3817 sapientia
2547 3748 2771 3817 repleti,
2806 3751 2861 3801 et
2906 3749 3147 3817 perfecti
3199 3748 3499 3805 constituti
3549 3768 3579 3803 a
3609 3750 3741 3819 Spi-

2036 3837 2173 3900 ritu,
2227 3853 2328 3907 per
2382 3836 2548 3890 illum
2604 3836 2838 3906 quidem
2898 3845 2952 3890 et
3006 3837 3107 3891 Dei
3156 3838 3513 3893 voluntatem
3568 3839 3753 3894 facere

2036 3927 2433 3989 decreverunt,
2496 3940 2597 3993 per
2654 3923 2822 3976 illum
2881 3927 2937 3977 et
2999 3924 3069 3977 ad
3155 3940 3391 3979 omnem
3453 3927 3749 3981 veritatem

2034 4013 2375 4068 manuducti
2408 4016 2565 4077 sunt,
2599 4016 2939 4081 regnantem
2996 4011 3055 4066 in
3108 4012 3420 4066 animabus
3450 4013 3735 4083 ipsorum.

2034 4104 2272 4167 Quando
2330 4116 2466 4170 ergo
2516 4099 2683 4155 nobis
2740 4116 2969 4170 quoque
3052 4100 3425 4155 audientibus
3504 4103 3748 4156 verbum

2032 4189 2131 4245 Dei
2187 4190 2244 4244 in
2312 4188 2598 4260 lacrymas
2645 4189 2851 4244 resolvi
2926 4189 3251 4260 contigerit,
3293 4206 3523 4245 oremus
3581 4191 3747 4245 Chri-

2037 4285 2210 4346 stum,
2246 4279 2456 4333 fiducia
2513 4295 2743 4333 omnem
2793 4280 3221 4333 dubitationem
3269 4278 3751 4350 pellente,utve-

2036 4368 2156 4422 niat
2184 4370 2253 4423 ad
2288 4385 2410 4433 nos,
2441 4372 2596 4421 certo
2641 4376 2964 4436 sperantes,
3012 4384 3182 4421 suum
3232 4368 3513 4437 Spiritum
3571 4370 3747 4423 audi—

266 4456 585 4531 ἐπὲρχηται,
646 4455 924 4528 δεηθῶμεν
976 4459 1232 4530 Χριστοῦ,
1291 4454 1470 4508 πίστει
1526 4452 1919 4529 ἀνεπιδοιάστῳ

2112 4474 2249 4525 rum,
2283 4463 2339 4513 et
2368 4466 2662 4511 oraturum
2712 4458 2770 4510 in
2824 4458 2994 4512 nobis
3036 4458 3104 4511 ad
3157 4458 3342 4527 ipsius
3390 4458 3745 4515 voluntatem

270 4545 576 4601 ἒλεύσεσθαι
650 4546 789 4619 πρὸς
860 4548 1031 4617 ἡμᾶς,
1092 4543 1408 4606 ἐλπίσαντες
1494 4544 1718 4612 ἀληθῶς
1778 4545 1969 4600 ἀκοῦον
2052 4547 2142 4600 καὶ

274 4634 446 4706 λημα.

339 4726 435 4778 ΙΒ’.
472 4723 539 4777 Τὸ
570 4729 798 4801 πρᾶγμα
830 4723 1003 4787 οὕτως
1036 4720 1185 4798 ἔχειν
1219 4721 1364 4794 οἶόυ,
1409 4722 1571 4797 φησίν
1610 4742 1621 4755 ·
1659 4721 1921 4777 ἐπίκειταί

270 4830 346 4871 τις
394 4808 620 4883 δύναμις
671 4812 1112 4867 ἐπικαλύπτουσα
1170 4814 1263 4867 τὸν
1331 4810 1570 4889 ἐλαφρὸν
1632 4816 1782 4878 νοῦν,
1845 4812 1920 4873 ὡς

270 4899 373 4971 ἀήρ
431 4920 513 4960 τις
572 4900 769 4961 λεπτός
803 4921 815 4933 ·
856 4901 1035 4956 καίτοι
1089 4900 1145 4957 δὲ
1195 4904 1294 4969 τῆς
1336 4899 1626 4973 λαμπάδος
1666 4899 1747 4954 ἀεί
1788 4922 1920 4957 ποτε

270 4986 560 5059 καιομένης
602 4989 690 5042 καὶ
738 4991 1052 5065 φαινούσης,
1093 4993 1333 5063 καθάπερ
1368 4990 1581 5065 εἷ’ρηται
1617 5010 1626 5020 ·
1663 4988 1812 5044 ἀλλά
1840 4994 1918 5061 τῷ

272 5078 404 5155 φωτὶ
452 5075 639 5149 ἐκείνῳ
698 5078 770 5137 ὡς
820 5076 1085 5151 κάλυμμα
1128 5102 1182 5133 τι
1224 5080 1486 5135 ἐπικειται
1540 5099 1551 5111 ·
1603 5078 1773 5152 ταύτῃ
1815 5100 1913 5151 ιτοι

271 5166 389 5222 οὐδὲ
418 5165 639 5236 ἔκαρνός
682 5166 821 5220 ἐστιν
851 5169 879 5221 ὁ
920 5172 1169 5231 τοιοῦτος
1201 5171 1277 5240 μή
1328 5170 1461 5224 εἶναι
1512 5168 1743 5232 τέλειος,
1775 5165 1915 5238 μηδὲ

270 5258 327 5311 τὸ
356 5254 487 5310 ὅλον
519 5255 797 5329 ἐλεύθερος
831 5255 891 5310 ἐκ
926 5263 1025 5324 τῆς
1056 5256 1322 5329 ἁμαρτίας
1359 5277 1371 5290 ·
1426 5255 1552 5312 ἀλλ’
1589 5259 1705 5310 οἷον
1744 5255 1913 5309 εἰπεῖν

272 5344 545 5418 ἐλεύθερός
577 5366 633 5399 τε
662 5344 750 5398 καὶ
780 5344 881 5399 οὐκ
909 5343 1193 5418 ἐλεύθερος
1230 5363 1243 5376 ⁸
1297 5344 1459 5399 τοῦτό
1508 5365 1567 5398 τε
1613 5344 1712 5398 οῦκ
1768 5342 1912 5397 ἀθεεὶ

272 5435 481 5496 πάντως
517 5453 530 5466 ·
597 5433 743 5490 ἀλλᾶ
800 5435 917 5490 κατ’
970 5434 1280 5506 οἰκονομίαν
1336 5434 1536 5509 γίνεται
1586 5433 1726 5487 θείαν
1764 5450 1776 5463 ’
1818 5433 1907 5486 καὶ

272 5542 396 5577 ποτε
438 5524 533 5595 μὲν
584 5521 861 5580 διαλύεται
892 5524 984 5579 καὶ
1043 5524 1293 5598 θραύεται
1334 5522 1507 5577 ἐκεῖνο
1556 5523 1618 5577 τὸ
1664 5522 1908 5595 μεσότοι-

294 5729 331 5765 ¹⁸
370 5727 537 5784 Joan.
571 5744 684 5799 xxv,
724 5729 813 5785 26.
893 5729 937 5767 1‘
976 5732 1143 5789 Joan.
1184 5747 1297 5799 1m,
1336 5731 1427 5789 22.

1506 5730 1550 5765 ¹⁵
1590 5729 1754 5787 Rom.
1796 5743 1919 5792 vut,
1958 5724 2049 5781 26.

2235 4543 2684 4619 προσευχόμενον
2776 4548 3006 4617 Πνεῦμα
3088 4546 3222 4599 κατᾶ
3294 4545 3356 4598 τὸ
3424 4547 3590 4599 αὐτοῦ
3675 4546 3748 4600 θέ-

2101 4725 2223 4782 ΧΙΙ.
2256 4730 2393 4781 Rem
2427 4726 2508 4780 sic
2542 4740 2604 4779 se
2652 4723 2865 4779 habere
2926 4728 3105 4795 puta:
3152 4723 3441 4779 incumbit
3471 4725 3552 4779 vis
3583 4741 3743 4796 quee-

2031 4816 2177 4870 dam:
2220 4831 2466 4884 superne
2523 4814 2801 4885 obtegens
2856 4813 3189 4881 expeditam
3246 4822 3521 4882 mentem,
3557 4819 3617 4869 ut
3647 4830 3746 4869 aer

2030 4903 2268 4974 quidam
2314 4904 2549 4967 tenuis;
2585 4904 2825 4957 ardente
2874 4901 3254 4955 nihilominus
3295 4918 3527 4971 semper
3557 4910 3611 4957 et
3642 4904 3741 4958 lu—

2029 4999 2211 5059 cente,
2241 5002 2300 5047 ut
2350 4992 2568 5046 dictum
2628 4997 2732 5053 est,
2764 4990 3201 5059 lampade;sed
3262 4990 3348 5045 illi
3415 4994 3545 5062 ejus
3622 4990 3740 5048 luci

2027 5076 2316 5146 quoddam
2345 5092 2595 5146 superne
2623 5078 2788 5147 quasi
2820 5076 3157 5145 operculum
3188 5077 3537 5147 imponitur;
3580 5080 3738 5135 unde

2026 5167 2123 5235 qui
2177 5166 2465 5233 ejusmodi
2513 5172 2625 5234 est,
2652 5167 2802 5227 haud
2847 5167 3074 5221 inficias
3136 5166 3320 5233 iverit,
3365 5185 3736 5240 nequaquam

2023 5270 2152 5309 esse
2206 5255 2545 5325 perfectum,
2596 5272 2700 5311 nec
2739 5272 2807 5310 ex
2871 5262 2984 5310 toto
3054 5256 3304 5312 liberum
3370 5273 3403 5310 a
3465 5263 3737 5326 peccato;

2023 5357 2238 5409 rerum,
2278 5350 2337 5395 ut
2394 5342 2476 5395 sic
2533 5342 2740 5407 dicam,
2811 5343 3059 5397 liberum
3124 5342 3302 5397 simul
3348 5348 3402 5397 et
3441 5358 3553 5396 non
3584 5342 3739 5396 libe-

2022 5448 2171 5500 rum,
2205 5432 2261 5485 id
2294 5448 2425 5487 vero
2477 5433 2925 5505 haudquaquam
2987 5436 3226 5489 omnino
3283 5434 3407 5487 sine
3452 5431 3729 5495 numine;

2018 5523 2117 5576 sed
2150 5537 2251 5592 per
2298 5521 2789 5594 dispensationem
2848 5525 3133 5579 divinum.
3166 5524 3244 5575 Ac
3302 5536 3724 5593 nonnunquam

2129 5724 2174 5762 ¹⁶
2214 5727 2234 5780 Ι
2270 5724 2399 5785 Cor.
2444 5744 2503 5798 ιι,
2548 5726 2601 5784 2.
