4076 6280
377 352 491 411 919
1722 353 1782 413 S.
1834 343 2159 413 MACABII
2206 342 2549 405 JEGYPTII
3725 345 3872 406 920

373 484 606 554 quidem
639 483 979 539 dissolvitur
1039 490 1093 538 et
1123 483 1412 539 scinditur
1444 486 1499 538 et
1529 484 1625 538 ille
1648 486 1867 539 medius
1897 484 2076 556 paries

2194 493 2294 548 χον
2328 479 2423 528 τοῦ
2464 478 2737 548 φραγμοῦ,
2782 475 2913 528 ποτὶ
2944 471 3000 529 δὲ
3030 480 3091 529 τὸ
3149 474 3362 547 σύμπαν
3421 475 3483 529 οὐ
3542 472 3863 549 διαλύεται,

371 574 1033 643 mareriae;quandoque
1081 574 1317 628 omnino
1380 591 1491 628 non
1567 574 1927 630 dissolvitur.
1977 574 2076 628 Ne-

2195 562 2319 617 οὐδὲ
2370 562 2661 625 διαπαντὸς
2721 562 2913 632 ἐπίσης
2961 565 3026 617 τὰ
3056 568 3277 618 τοιαῦτα
3306 570 3405 633 τῆς
3437 565 3609 639 εὐχῆς
3643 585 3656 599 ⁸
3706 565 3866 623 ἀλλά

373 678 485 735 que
520 664 641 734 pari
678 681 779 732 per
811 666 1008 718 omnia
1038 664 1093 717 in
1138 664 1229 718 his
1284 681 1455 735 passu
1510 667 1759 735 procedit
1811 664 2076 720 orationis

2199 651 2309 707 ἔστι
2342 654 2435 725 μὲν
2471 652 2558 706 ὅτε
2588 650 2756 707 πλέον
2791 656 2823 720 ἡ
2850 654 3011 726 χάρις
3062 651 3371 723 ἀνάπτεται,
3405 654 3493 708 καὶ
3540 656 3865 727 παρακαλεῖ

376 754 710 825 negotium;
745 754 841 808 sed
878 759 964 807 est
996 754 1229 823 quando
1288 755 1537 825 amplius
1589 758 1927 809 accenditur
1958 769 2076 825 gra-

2196 743 2287 797 καὶ
2322 741 2675 796 διαναπαύει·
2711 740 2823 796 ἔστι
2857 740 2914 796 δὲ
2961 742 3049 796 ὅτε
3082 742 3397 817 στυγνοτέρα
3442 744 3533 797 καὶ
3586 744 3861 822 ὑφειμένη

375 842 478 908 tia,
530 846 585 896 et
637 841 991 902 consolatur.
1028 849 1083 896 et
1132 844 1379 912 quietem
1436 846 1685 911 praebet;
1725 850 1814 899 est
1867 859 2076 907 rursus,

2193 831 2412 905 γίνεται,
2447 833 2627 893 καθὼς
2675 830 2809 899 αὐτή
2858 833 2893 899 ἡ
2945 832 3109 905 χάρις
3138 833 3273 905 πρὸς
3326 832 3388 886 τὸ
3433 832 3707 912 συμφέρον
3771 840 3859 906 τῷ

372 932 605 1003 quando
671 933 923 986 hebetior
982 937 1036 986 et
1079 933 1374 988 remissior
1401 934 1482 999 ﬁt,
1519 941 1688 1005 prout
1719 935 1844 1005 ipsa
1874 932 2076 1004 gratia,

2198 922 2468 997 ἀνθρώπῳ
2519 920 2821 994 οἰκονομεῖ,
2872 921 3058 993 Ὀμως
3102 918 3355 987 εἰσῆλθον
3400 920 3478 982 εἷς
3524 921 3586 976 τὸ
3632 920 3855 976 τέλειον

371 1023 809 1077 accommodate
843 1024 913 1076 ad
946 1023 1131 1093 ipsius
1164 1023 1473 1079 utilitatem
1530 1024 1784 1079 hominis
1817 1023 2076 1079 benevole

2200 1013 2397 1083 μὲτρον
2447 1006 2496 1063 ἓν
2555 1030 2664 1063 τισι
2713 1014 2948 1082 καιροῖς,
2993 1009 3084 1062 καὶ
3146 1007 3450 1083 ἐγευσάμην
3511 1011 3607 1064 καὶ
3651 1016 3853 1085 πεῖραν

370 1112 701 1182 providens,
755 1112 909 1166 varie
969 1112 1284 1183 dispensat.
1338 1116 1636 1183 Ingressus
1707 1118 1897 1167 tamen
1956 1129 2076 1167 sum

2198 1096 2362 1178 ἔσχον
2405 1099 2613 1153 ἐκείνου
2670 1103 2768 1152 τοῦ
2827 1098 3042 1159 αἰῶνος.
3104 1095 3266 1153 Οὔπω
3325 1095 3382 1152 δὲ
3452 1097 3643 1154 οὐδένα
3698 1098 3857 1156 εἶδον

369 1201 542 1256 certis
575 1204 887 1256 momentis
945 1201 1003 1255 in
1063 1202 1375 1273 perfectam
1438 1219 1813 1270 mensuram;
1845 1208 2076 1274 gustum

2202 1190 2522 1264 Χριστιανὸν
2553 1188 2829 1274 τέλειονῆ
2879 1186 3120 1274 καθάπαξ
3178 1186 3458 1274 ἐλεύθερον
3502 1204 3517 1219 ⁶
3551 1188 3696 1244 ἀλλά
3758 1190 3855 1245 καὶ

371 1291 602 1363 percepi
690 1301 742 1347 et
801 1272 1211 1362 experientiam
1273 1294 1449 1349 habui
1523 1295 1672 1350 beati
1740 1272 1901 1349 illius
1959 1294 2076 1349 aevi.

2196 1274 2583 1330 διαναπαύεταί
2625 1297 2709 1338 τις
2756 1272 2807 1328 ἐν
2864 1277 2933 1347 τῇ
2985 1273 3193 1348 χάριτι,
3248 1273 3337 1328 καὶ
3399 1276 3711 1349 μυστηρίων
3760 1276 3853 1331 καὶ

371 1362 644 1437 Nondum
677 1385 869 1437 autem
923 1398 1274 1454 quemquam
1322 1384 1437 1439 vidi
1468 1384 1868 1440 Christianum
1902 1385 2076 1455 perfe-

2196 1365 2594 1440 ἀποκαλὺψεων
2682 1363 2939 1424 κοινωνὸς
2997 1362 3218 1436 γίνεται,
3277 1362 3367 1417 καὶ
3451 1365 3527 1426 εἷς
3598 1362 3858 1435 ἡδύτητα

369 1477 554 1541 ctum,
588 1477 691 1527 aut
748 1472 905 1527 omni
966 1490 1033 1528 ex
1093 1479 1276 1545 parte,
1309 1475 1366 1529 in
1421 1482 1651 1546 tempus
1711 1490 1903 1540 omne,
1938 1473 2076 1529 libe-

2194 1454 2413 1526 πολλὴν
2453 1462 2551 1523 τῆς
2601 1455 2827 1528 χάριτος
2884 1450 3067 1507 εἷ’σεισι
3104 1471 3117 1484 ⁸
3167 1453 3255 1507 καὶ
3318 1453 3351 1521 ἡ
3399 1454 3635 1529 ἁμαρτία
3676 1455 3851 1510 πάλιν

2234 1544 2248 1557 ς
2301 1549 2324 1557 ι.
2415 1542 2427 1557 Ι
2671 1544 2719 1557 ΑΙ
2772 1539 2813 1557 με
2977 1546 3002 1555 ν
3129 1538 3153 1557 λ
3188 1542 3200 1557 1
3287 1541 3302 1557 ο
3401 1542 3414 1557 ο
3536 1537 3661 1557 ΩΙΧἏ

368 1537 668 1618 τυωίεεᾶ
703 1564 1015 1633 requiescit
1073 1537 1289 1634 aliquis
1346 1565 1405 1619 in
1456 1537 1658 1636 gratia,
1694 1573 1745 1619 et
1778 1537 2076 1636 mysterio-

2192 1544 2337 1616 αύτῷ
2369 1542 2631 1599 σύνεστιν.
2664 1544 2725 1597 Οἱ
2769 1539 2824 1595 δὲ
2852 1546 3093 1595 τοιοῦτοι
3126 1538 3213 1595 διὰ
3242 1541 3340 1609 τὴν
3395 1537 3848 1616 ὑπερϐάλλουσαν

367 1670 497 1709 rum
530 1670 593 1708 ac
654 1656 1067 1710 revelationum
1130 1657 1190 1710 ﬁt
1241 1656 1654 1727 particeps;et
1714 1657 1774 1711 in
1835 1654 2076 1709 multam

2195 1636 2381 1711 χάριν,
2444 1633 2535 1689 καὶ
2593 1634 2655 1688 τὸ
2734 1629 3021 1704 ἐλλάμπον
3100 1633 3284 1692 αὐτοῖς
3354 1636 3490 1708 φῶς,
3571 1635 3707 1687 κατά
3788 1655 3855 1709 γε

367 1743 733 1799 dulcedinem
766 1745 963 1815 gratiae
998 1744 1212 1813 intrat;
1241 1717 1297 1800 et
1322 1717 1623 1817 peccatum
1679 1762 1882 1800 rursus
1928 1744 2076 1799 nihi-

2190 1724 2436 1799 ἀπειρίαν
2492 1720 2659 1799 φημὶ,
2691 1719 2893 1775 τέλειοί
2925 1740 2983 1774 τε
3011 1718 3100 1773 καὶ
3141 1717 3417 1794 ἐλεύθεροι
3448 1718 3629 1791 ἔδοξαν
3658 1722 3801 1777 εἶναι
3835 1742 3849 1755 ·

2193 1812 2207 1825 δ
2267 1815 2278 1825 ι
2362 1811 2404 1825 λι
2505 1813 2516 1825 ι
2652 1810 2675 1825 Ἰ
2970 1806 2995 1825 )l
3197 1804 3283 1825 ’ΝΑ
3423 1807 3475 1825 τῇ
3612 1812 3626 1825 1
3732 1807 3805 1825 ο-

366 1832 623 1888 lominus
656 1834 807 1888 inest
861 1835 993 1906 ipsi.
1027 1835 1196 1890 Tales
1244 1852 1414 1906 porro
1476 1840 1709 1907 pr0pter
1758 1835 2076 1890 exuberan-

2189 1812 2298 1888 ἐγὼ
2359 1811 2437 1885 δὲ,
2489 1813 2561 1872 ὡς
2624 1810 2856 1882 εἷ’ρηται,
2936 1807 3087 1862 οὔπω
3156 1807 3344 1863 οὐδένα
3396 1807 3540 1864 εἶδον
3602 1807 3849 1886 ἀκριϐῶς

2195 1904 2235 1917 |\
2296 1906 2341 1917 1A
2575 1900 2588 1917 Ί
2696 1897 2749 1917 δε
2867 1898 2880 1917 9
2972 1898 2986 1917 ‘
3220 1904 3245 1915 ν
3498 1905 3520 1915 υ
3607 1895 3632 1917 ν

364 1926 481 1977 tem
540 1923 783 1994 gratiam
813 1897 900 1977 et-
924 1923 1121 1980 lumen
1182 1897 1338 1994 ipsos
1374 1897 1693 1990 illustrans,
1729 1942 1830 1995 per
1861 1924 2076 1991 impru-

2190 1904 2475 1969 ἐλεύθερον
2511 1923 2523 1935 ·
2572 1897 2758 1969 ἐπειδὴ
2820 1898 2987 1970 κάμοὶ
3052 1904 3287 1970 μερικῶς
3335 1905 3547 1973 καιροῖς
3606 1897 3657 1954 ἔν
3699 1922 3843 1956 τισιν

365 1986 621 2067 dentiam
655 2014 804 2082 dico,
840 2016 1077 2085 perfecti
1115 1986 1242 2069 esse
1293 2020 1349 2069 et
1399 2016 1564 2069 liberi
1616 1986 1880 2069 videntur
1923 1986 2075 2081 sibi;

2189 1995 2452 2069 ἐξεγένετο
2485 1990 2560 2053 εἷς
2592 1990 2765 2044 ἐκεῖνο
2805 1990 2867 2043 τὸ
2913 1989 3106 2061 μέτρον
3248 1986 3499 2043 λέλεκται
3560 1988 3844 2060 εἶσελθεῖν,

2262 2084 2275 2097 ι
2348 2081 2400 2097 ’κ
2708 2082 2732 2097 n
2753 2080 2765 2097 ἱ
2867 2080 2879 2097 ρ
2969 2078 3019 2095 θ’
3176 2096 3179 2097 ,
3231 2079 3243 2097 (
3338 2075 3379 2097 ΙΧ
3567 2078 3592 2097 ’9
3626 2082 3651 2097 Λ
3801 2082 3813 2097 Ι

363 2118 466 2175 ego
516 2120 648 2159 vero
702 2106 985 2171 nondum,
1020 2106 1102 2159 uti
1163 2105 1303 2171 dixi,
1360 2106 1474 2159 vidi
1534 2105 1718 2159 ullum
1776 2103 2074 2159 hominem

2188 2084 2279 2141 καὶ
2312 2081 2439 2137 οἶδα
2484 2080 2814 2153 καταμαθὼν
2861 2078 3051 2138 ὁποῖός
3100 2096 3183 2136 τις
3222 2079 3250 2133 ὁ
3297 2075 3508 2140 τέλειος
3561 2078 3847 2154 ἅνθρωπός

364 2193 615 2262 perfecte
674 2192 1133 2261 liberum;nam
1179 2204 1231 2249 et
1291 2196 1540 2265 quadam
1602 2211 1666 2251 ex
1712 2199 1873 2265 parte
1933 2189 2077 2246 mihi
2188 2176 2354 2272 ἐστιγτ
2403 2270 2410 2272 _
2673 2264 2681 2272 ι
3226 2260 3238 2272 ,
3404 2259 3444 2272 ﬂ
3549 2261 3606 2272 ,ι
3808 2262 3819 2272 ,

367 2260 626 2353 contigit,
720 2260 1037 2339 momentis
1115 2260 1489 2353 quibusdam,
1566 2286 1625 2340 in
1704 2260 1886 2351 illam,
1954 2283 2243 2353 quatenus
2301 2269 2523 2321 dictum
2603 2264 2711 2329 est,
2791 2276 3128 2317 mensuram
3222 2260 3470 2331 ίοὲτθάί·
3549 2261 3615 2317 Et
3689 2262 3843 2333 ηονίι

364 2373 603 2428 edoctus
636 2376 1069 2444 experimentis,
1101 2376 1291 2445 qualis
1324 2376 1561 2430 demum
1596 2376 1671 2430 sit
1704 2377 1992 2447 perfectus
2026 2372 2221 2425 homo.

434 2464 760 2519 XIll.Cum
812 2466 1011 2520 audire
1067 2466 1171 2519 tibi
1232 2465 1542 2537 contigerit
1575 2467 1644 2521 de
1684 2465 2076 2522 communica-

361 2553 517 2607 tione
574 2554 776 2623 sponsi
834 2570 965 2607 cum
1028 2571 1269 2625 sponsa,
1302 2556 1373 2609 de
1426 2555 1643 2621 choris,
1677 2557 1747 2609 de
1807 2564 1981 2610 cantu
2023 2558 2080 2608 et

362 2640 548 2705 festis,
576 2640 721 2694 nihil
760 2644 1059 2695 materiale
1108 2650 1210 2696 aut
1258 2653 1546 2698 terrenum
1581 2645 1939 2712 cogitaveris.
1977 2644 2072 2698 Et-

360 2729 514 2783 enim
549 2729 606 2783 in
631 2731 960 2800 exemplum
1018 2732 1299 2785 duntaxat
1354 2748 1451 2800 per
1518 2733 2071 2787 condescensionem

364 2817 524 2873 202
566 2818 686 2873 haec
726 2824 1129 2874 assumuntur.
1173 2820 1452 2883 Quoniam
1481 2820 1576 2874 illa
1618 2837 1744 2891 quae
1790 2822 1878 2876 his
1920 2823 2071 2876 desi-

355 2920 626 2982 gnantur,
689 2912 1022 2982 spiritualia
1088 2917 1144 2966 et
1196 2912 1382 2966 oculis
1453 2913 1677 2967 carneis
1734 2914 2071 2981 incontigua

355 3008 511 3058 sunt.
544 3002 769 3057 Animae
826 3018 961 3056 vero
1020 3012 1226 3057 sanctas
1257 3019 1321 3056 ac
1350 3003 1503 3057 ﬁdeli
1538 3006 1643 3058 sub
1685 3004 2067 3075 comprehen-

353 3092 575 3148 sionem
638 3092 873 3149 veniunt
904 3097 960 3147 et
990 3092 1117 3163 ipsa
1165 3094 1617 3148 communicatio
1670 3094 1859 3148 sancti
1891 3093 2069 3164 Spiri-

353 3190 461 3248 tus,
498 3188 553 3237 et
603 3183 1047 3255 superccelestes
1103 3183 1379 3251 thesauri,
1421 3182 1582 3238 chori
1631 3200 1696 3238 ac
1727 3184 1872 3238 festa
1920 3201 2065 3239 san-

354 3278 574 3327 ctorum
600 3274 959 3345 angelorum.
994 3273 1141 3338 Quin
1176 3274 1274 3328 isti
1326 3279 1553 3327 tantum
1617 3273 1837 3328 homini
1870 3274 2057 3327 mani-

354 3361 502 3415 festa
544 3362 711 3424 ﬁunt,
740 3363 839 3431 qui
892 3363 1355 3431 experimentum
1408 3378 1605 3416 eorum
1658 3364 1908 3433 ceperit;
1943 3380 2058 3418 non

351 3450 722 3505 introductus
755 3456 948 3505 autem
992 3452 1049 3503 in
1083 3451 1203 3504 haec
1245 3453 1435 3519 adyta,
1463 3467 1567 3507 nec
1592 3452 2060 3522 qualemcunque

353 3538 557 3593 talium
594 3540 839 3592 formare
882 3538 1071 3591 ideam
1125 3544 1333 3606 potest.
1370 3540 1708 3593 Reverenler
1755 3540 1935 3607 igitur
1990 3541 2060 3594 de

351 3628 694 3697 bujusmodi
757 3626 932 3681 rebus
990 3627 1360 3697 audi,quoud
1416 3628 1515 3681 tibi
1594 3630 1895 3698 contingat
1941 3646 2061 3685 cre-

352 3717 536 3783 denti,
569 3721 633 3770 ut
682 3716 892 3786 dignus
925 3716 1194 3771 habearis
1243 3715 1515 3770 fruitione
1573 3720 1807 3772 tuarum
1841 3733 2056 3774 rerum.

348 3809 418 3864 Et
472 3814 606 3863 tunc
663 3808 814 3862 scies
866 3806 996 3878 ipsa
1055 3809 1407 3877 experientia
1472 3807 1767 3864 oculorum
1825 3810 2054 3879 animae,

350 3898 610 3970 qualium
646 3898 934 3953 bonorum
968 3897 1176 3952 animae
1217 3896 1679 3954 Christianorum
1724 3899 1843 3955 ﬁeri
1894 3916 2056 3957 com-

347 3993 514 4061 potes
571 3998 806 4059 queant.
856 3987 1001 4041 Nam
1052 3987 1111 4042 in
1165 3989 1588 4044 resurrectione
1646 3991 1867 4061 corpori
1913 4007 2055 4063 quo-

347 4094 459 4149 que
498 4079 794 4149 continget
840 4078 1047 4132 horum
1093 4092 1221 4131 esse
1268 4078 1555 4148 participi,
1616 4079 1919 4150 Videreque
1958 4080 2057 4135 illa

346 4173 403 4224 et
452 4168 872 4240 quodammodo
932 4166 1189 4238 palpare,
1222 4167 1450 4237 quando
1510 4168 1704 4239 ipsum
1755 4171 2054 4241 spirituale

346 4256 560 4311 factum
587 4256 783 4312 fuerit.

414 4346 558 4399 XIV.
592 4345 830 4416 Propria
894 4344 1102 4399 animae
1181 4347 1392 4400 nostra:
1460 4346 1687 4414 decora,
1757 4350 1813 4400 et
1913 4347 2054 4405 boni

2233 4349 2347 4406 ΙΔ’.
2390 4346 2463 4402 Τὰ
2496 4345 2606 4402 ἴδια
2635 4352 2737 4417 τῆς
2767 4348 2956 4421 ψυχῆς
2986 4344 3203 4417 κάλλη,
3234 4349 3326 4403 καὶ
3358 4349 3410 4405 οἱ
3453 4346 3646 4424 ἀγαθοὶ
3689 4365 3821 4419 καρ-

339 4434 591 4499 fructus,
660 4432 927 4488 videlicet
1027 4435 1228 4501 oratio,
1299 4434 1574 4499 charitas,
1680 4434 1940 4507 ﬁdesque
1998 4443 2054 4493 et:

2178 4437 2282 4505 ποὶ,
2316 4433 2440 4506 ἤτοι
2493 4437 2659 4512 εὐχή,
2707 4437 2917 4509 ἀγάπη,
2950 4435 3131 4500 πίστις
3174 4459 3233 4493 τε
3281 4439 3371 4493 καὶ
3422 4435 3681 4511 ἀγρυπνία
3726 4433 3815 4488 καὶ

338 4523 544 4596 vigilia
617 4528 673 4578 et
745 4522 1064 4594 jejunium,
1132 4528 1189 4577 et
1254 4524 1368 4578 alia
1458 4525 1740 4579 virtutum
1835 4526 2047 4593 ofﬁcia,

2178 4526 2404 4597 metata,
2473 4526 2563 4581 καὶ
2638 4523 2817 4581 τᾶλλα
2883 4531 2992 4581 τῶν
3097 4527 3306 4600 ἀρετῶν
3393 4521 3811 4597 ἐπιτηδεύματα,

340 4614 439 4670 ubi
497 4614 669 4669 mista
717 4630 815 4685 per
870 4612 1370 4685 participationem
1426 4613 1600 4667 fuerit
1649 4616 2049 4670 communioni

2178 4613 2374 4671 ;πειδάν
2418 4625 2627 4692 μιγείη,
2679 4616 2768 4669 καὶ
2816 4619 3148 4686 κοινωνήσοι
3203 4620 3300 4686 τῆς
3345 4622 3443 4672 τοῦ
3499 4614 3812 4688 Πνεύματος

339 4705 615 4776 Spiritus,
659 4708 801 4759 tunc
850 4712 903 4758 et
953 4704 1102 4774 ipsa,
1128 4702 1282 4757 velut
1320 4701 1645 4774 thymiama
1720 4707 2046 4775 conjectum

2178 4705 2466 4777 ιοινωνίας,
2523 4706 2646 4759 τότε
2685 4705 2775 4758 καὶ
2834 4706 2972 4760 αὐτά
3030 4706 3316 4780 καθαπερεῖ
3386 4704 3633 4777 θυμίαμα
3688 4718 3813 4777 πυρὶ

336 4794 398 4849 in
443 4796 662 4862 ignem,
723 4794 1062 4865 opulentam
1136 4794 1409 4848 emittunt
1484 4794 1857 4865 fragrantiam
1894 4812 1906 4851 :
1950 4799 2047 4854 sed

2178 4795 2394 4863 Ξληθέν,
2426 4792 2689 4849 πλουσίαν
2716 4790 3021 4849 ἀποδίδωσι
3070 4796 3169 4865 τὴν
3215 4792 3443 4849 εὐωδίαν
3482 4813 3494 4827 ·
3546 4791 3693 4848 ἀλλά
3730 4798 3816 4849 καὶ

336 4887 394 4937 et
432 4884 596 4936 nobis
649 4884 906 4937 redditur
982 4882 1145 4937 facile
1222 4885 1551 4937 conversari
1610 4900 1865 4956 congrue
1977 4889 2047 4943 ad

2178 4888 2292 4957 ῇμῖν
2324 4883 2531 4958 γίνεται
2582 4880 2765 4955 ῥᾴδιον
2825 4881 3145 4945 ἀκολούθως
3202 4888 3281 4953 τῷ
3332 4883 3609 4955 θελήματι
3658 4882 3816 4937 πολι-

337 4971 695 5025 voluntatem
751 4970 1110 5042 Dei;utpote
1158 4987 1292 5024 cum
1351 4972 1471 5025 sine
1539 4972 1755 5041 Spiritu
1825 4986 2044 5044 sancto,

2178 4974 2405 5029 τεύεσθαι
2448 4978 2545 5028 τοῦ
2594 4976 2752 5029 Θεοῦ.
2784 4973 2873 5035 Ὧς
2934 4973 3058 5028 ἄνευ
3120 4974 3437 5048 Πνεύματος
3497 4977 3595 5029 τοῦ
3640 4972 3813 5048 ἁγίου,

339 5059 833 5131 quemadmodum
906 5060 1030 5127 jam
1128 5065 1297 5113 antea
1392 5059 1611 5115 dictum
1688 5068 1797 5131 est,
1876 5082 2046 5120 nemo

2178 5062 2398 5133 ιαθάπερ
2447 5059 2555 5132 ἤδη
2609 5062 2872 5138 πρότερον
2925 5062 3160 5136 εἷ’ρηται,
3220 5062 3415 5136 μηδενὶ
3476 5060 3703 5118 δυνατὸν
3758 5061 3810 5116 ὃν

338 5151 522 5222 possit
580 5147 897 5214 intelligere
954 5149 1047 5203 Dei
1110 5149 1487 5205 voluntatem.
1558 5152 1628 5209 Ut
1700 5156 1854 5209 enim
1924 5174 2046 5223 quas

2178 5152 2391 5208 τυνιέναι
2440 5152 2503 5206 τὸ
2558 5156 2655 5206 τοῦ
2716 5158 2854 5209 Θεοῦ
2914 5152 3151 5227 θέλημα.
3210 5155 3418 5228 Ὥσπερ
3499 5153 3601 5227 γὰρ
3664 5149 3812 5216 ἀνδρὶ

335 5242 456 5296 viro
489 5238 656 5295 nubit
716 5238 939 5306 mulier,
975 5238 1136 5309 prius
1183 5242 1414 5312 quidem
1465 5259 1642 5313 quam
1701 5248 1757 5298 et
1810 5245 2045 5315 conjun-

2178 5245 2290 5318 πρὸς
2319 5243 2496 5317 γάμον
2533 5246 2760 5298 συνοῦσα
2807 5243 2964 5319 γυνὴ,
2998 5244 3259 5319 πρότερον
3310 5244 3407 5316 μὲν
3451 5243 3485 5313 ἢ
3544 5243 3811 5317 συναιρθῆ-

333 5338 523 5405 gatur,
559 5330 791 5400 prOprio
850 5328 989 5381 vivit
1021 5328 1279 5397 arbitrio,
1338 5336 1395 5385 et
1444 5340 1613 5399 prout
1652 5332 1764 5403 ipsi
1816 5333 2043 5391 libitum

2178 5356 2265 5401 ἀι,
2295 5333 2491 5406 γνώμῃ
2524 5336 2593 5405 τῇ
2629 5329 2743 5403 ἰδίᾳ
2773 5338 3008 5407 στοιχεῖ,
3042 5332 3129 5388 καὶ
3164 5333 3433 5406 θελήματι
3466 5336 3584 5394 τοῖς
3616 5333 3810 5398 ἑαυτῆς

330 5423 513 5477 estde
562 5436 623 5475 se
672 5417 926 5474 consulit
967 5436 982 5485 ;
1045 5417 1222 5471 simul
1273 5425 1463 5475 autem
1507 5421 1615 5475 sub
1663 5424 1853 5477 mariti
1916 5441 2049 5479 con-

2178 5426 2449 5498 ιέχρηται,
2502 5418 2715 5476 ἐπειδὰν
2768 5419 2825 5477 δὲ
2874 5422 3106 5498 συνὲλθῃ
3154 5423 3268 5478 καθ’
3327 5419 3404 5490 ἓν,
3474 5421 3561 5475 ὑπ’
3627 5417 3811 5491 ἐκείνῳ

326 5511 545 5568 venerit
578 5526 835 5575 manum,
870 5508 976 5563 sub
1026 5523 1091 5565 eo
1144 5524 1341 5564 rerum
1398 5512 1662 5568 omnium
1713 5514 2046 5571 actionum-

2178 5514 2392 5589 ῆγεμόνι
2424 5510 2485 5566 τὸ
2518 5510 2750 5567 σύνολον
2786 5515 2874 5585 ζῇ,
2907 5516 3005 5567 τοῦ
3052 5512 3187 5586 πρός
3232 5512 3425 5580 ἑαυτὴν
3476 5511 3628 5584 ὁρᾷν,
3662 5509 3809 5585 ἀφει-

328 5617 438 5674 que
466 5616 725 5668 suarum,
761 5600 1129 5657 moderatore
1160 5598 1319 5670 vivit,
1352 5616 1414 5657 se
1493 5601 1781 5672 respicere
1857 5604 2045 5674 ipsam

2178 5601 2293 5670 ιένη
2331 5620 2345 5634 ο
2377 5601 2468 5655 τὸν
2511 5599 2671 5656 αὐτὸν
2703 5598 2768 5671 δὴ
2802 5600 3001 5675 τρόπον
3044 5602 3133 5656 καὶ
3181 5600 3334 5675 ψυχή
3378 5594 3492 5675 ἔχει
3528 5598 3621 5672 μὲν
3675 5593 3809 5651 ἴδιόν

324 5706 394 5749 ex
452 5706 518 5748 eo
558 5690 872 5759 desinens;
905 5689 1029 5762 pari
1071 5689 1243 5748 modo
1282 5693 1339 5748 et
1404 5690 1606 5751 anima
1664 5690 1829 5762 prius
1868 5692 2045 5754 habet

2178 5713 2209 5750 :t.
2240 5689 2478 5765 θέλημα,
2511 5690 2599 5747 καὶ
2634 5688 2777 5746 ῗδίου
2811 5690 3035 5767 νόμους,
3067 5692 3153 5748 καὶ
3197 5685 3330 5769 ἔργα
3378 5686 3492 5746 ἴδια
3524 5706 3537 5722 ⁸
3592 5683 3805 5743 ἐπειδὰν

2264 2449 2369 2504 ΙΓ’.
2425 2440 2674 2499 Ε’πειὸἀν
2704 2438 2935 2494 ἀλοῦσαί
2969 2460 3051 2494 σοι
3104 2438 3316 2514 γένοιτο
3364 2440 3487 2512 περῖ
3549 2442 3834 2501 κοινωνίας

2184 2536 2421 2612 νυμφίου
2453 2533 2540 2586 καὶ
2576 2530 2817 2602 νύμφης,
2851 2530 2940 2582 καὶ
2990 2534 3196 2602 χορῶν,
3228 2529 3315 2583 καὶ
3377 2529 3599 2598 ἑορτῶν,
3664 2528 3832 2601 μηδὲν

2186 2625 2372 2680 ὑλικὸν
2414 2619 2555 2696 μηδὲ
2605 2619 2892 2692 πρόσγειον
2945 2617 3217 2687 ἐννόησον.
3270 2617 3370 2672 Καὶ
3419 2618 3520 2693 γὰρ
3571 2618 3645 2679 εἷς
3704 2618 3835 2673 ὑπό-

2185 2711 2383 2787 δειγμα
2438 2710 2604 2784 μόνον
2649 2703 3128 2785 συγκαταϐατικῶς
3185 2711 3351 2761 ταῦτα
3408 2703 3831 2781 παραλαμϐάνε-

2179 2824 2287 2860 ται.
2337 2800 2484 2856 Ἐπεὶ
2546 2799 2717 2854 ἐκεῖνα
2775 2795 2985 2873 ἄρρητά
3039 2797 3097 2850 τέ
3156 2796 3267 2850 ἐστι
3327 2796 3407 2849 καὶ
3464 2797 3817 2866 πνευματικὰ,

2178 2893 2268 2946 καὶ
2328 2890 2646 2967 ὀφθολμοῖς
2699 2893 2814 2947 τοῖς
2875 2891 3153 2959 σαρκικοῖς
3212 2885 3489 2959 ἅψαυστα·
3546 2888 3698 2959 ψ’)χῇ
3762 2881 3821 2939 δὲ

2177 2980 2306 3054 ἁγίᾳ
2335 2981 2422 3034 καὶ
2483 2977 2649 3051 πιστῇ
2699 2976 2836 3050 πρὸς
2887 2973 3197 3049 κατάληψιν
3239 2973 3481 3049 ἔρχεται,
3522 2974 3659 3041 αὕτη
3705 2975 3828 3042 τεὴ

2176 3068 2431 3123 κοινωνία
2463 3072 2560 3123 τοῦ
2594 3066 2744 3140 ἁγίου
2780 3064 3121 3137 Πνεύματος,
3153 3063 3243 3119 καὶ
3273 3064 3330 3119 oi
3380 3062 3696 3137 ἐπουράνιοι
3744 3064 3835 3131 θη-

2179 3159 2393 3233 σαυροὶ,
2428 3159 2477 3212 οἱ
2525 3156 2689 3234 χοροί
2720 3175 2777 3210 τε
2826 3154 2915 3208 καὶ
2976 3153 3157 3226 ἑορταὶ
3215 3159 3323 3209 τῶν
3376 3154 3544 3229 ἁγίων
3588 3152 3828 3228 ἀγγέλων

2095 3227 2135 3293 C
2172 3252 2250 3319 τῷ
2287 3227 2460 3319 ’πείρᾳ
2501 3227 2726 3299 λαϐόντι
2782 3243 2931 3316 μόνῳ
2971 3249 3248 3315 καταφανῆ
3298 3227 3557 3317 γίνονται²
3603 3227 3830 3312 ἀγμυήτῳ

2168 3334 2223 3391 δὲ
2257 3334 2381 3391 οὐδὲ
2433 3336 2693 3404 ἐννοῆσαι
2732 3330 2958 3387 δυνατὸν
3008 3333 3071 3387 τὸ
3127 3333 3401 3406 παράπαν.
3429 3325 3700 3391 Εὔλαόῶς
3745 3327 3833 3383 οὖν

2164 3422 2289 3497 περὶ
2357 3421 2539 3475 αὐτῶν
2616 3422 2799 3489 ἄκουε,
2876 3417 3078 3492 μέχρις
3153 3417 3213 3471 ἂν
3275 3416 3365 3470 καὶ
3452 3417 3538 3471 σοὶ
3625 3416 3833 3489 γένοιτο

2165 3512 2477 3567 πιστεύοντι
2526 3510 2919 3578 καταξιωθῆναι
2970 3512 3079 3561 τῶν
3120 3506 3383 3561 τοιούτων
3441 3511 3634 3584 τυχεῖν
3675 3524 3689 3538 '
3740 3508 3829 3559 καὶ

2168 3600 2292 3656 τότε
2323 3598 2441 3672 εἷ’σῃ
2487 3599 2623 3671 αύτῇ
2658 3596 2818 3671 πείρᾳ
2854 3600 2960 3650 τῶν
3014 3594 3317 3674 ἀφθαλμῶν
3350 3602 3450 3663 τῆς
3479 3599 3671 3670 ψυχῆς
3703 3592 3831 3649 σ’ίων

2166 3690 2378 3764 ἀγαθῶν
2439 3688 2611 3762 ψυχαὶ
2689 3707 2746 3740 τε
2803 3687 3145 3760 Χριστιανῶν
3220 3685 3489 3740 κάνταῦθα
3546 3688 3827 3738 κοινωνεῖν

2167 3776 2439 3834 δύνανται.
2473 3778 2558 3832 Ἐν
2620 3776 2721 3853 γὰρ
2781 3778 2849 3849 τῇ
2908 3776 3191 3829 ἀναστάσει
3250 3774 3337 3829 καὶ
3400 3773 3548 3845 αὖτῷ
3594 3779 3678 3845 τῷ
3722 3773 3833 3827 σώ-

2171 3889 2300 3941 ματι
2346 3872 2455 3922 τῶν
2508 3865 2774 3921 τοιούτων
2850 3864 3114 3940 παρέσται
3195 3870 3403 3940 τυχεῖν,
3474 3864 3695 3939 βλέπειν
3774 3884 3830 3918 τε

2163 3958 2297 4012 αύτά
2343 3956 2432 4011 καὶ
2475 3955 2642 4011 οἱονεὶ
2699 3960 2936 4031 κρατεῖν,
2991 3953 3189 4010 ὁπόταν
3261 3953 3350 4009 καὶ
3408 3953 3543 4008 αὐτὸ
3602 3954 3825 4027 γένηται

2164 4050 2396 4120 πνεῦμα.
