4076 6280
292 419 404 479 991

1548 407 1773 468 LIBER
1821 405 1921 468 DE
1965 403 2438 464 CHABITATE.

3645 401 3762 462 922

294 549 351 605 δὲ
407 546 628 623 γένηται
685 542 806 613 ἀξία
844 546 920 614 τῷ
977 538 1284 616 ἐπουρανίῳ
1341 539 1492 613 ἀνδρὶ
1553 543 1770 616 Χριστῷ
1829 558 1944 593 συν-

2119 535 2414 591 ιῐιιηιειιοω
2493 530 2807 604 quamdam
2883 529 3199 602 propriam,
3272 530 3436 602 leges
3503 547 3758 602 ususque

292 639 491 706 ελθεῖν,
529 637 887 691 ὑποτάσσεται
915 635 994 702 τῷ
1040 631 1198 702 τόμῳ
1227 633 1324 684 τοῦ
1376 627 1590 704 ἀνδρὸς,
1625 627 1721 683 οὐκ
1750 623 1827 683 ἔτι
1859 633 1938 701 τῷ

290 728 491 798 ταύτης
524 723 818 798 θελήματι,
852 722 996 778 ἀλλὰ
1044 725 1124 794 τῷ
1171 721 1374 792 ταύτης
1423 719 1655 796 νυμφίου
1697 718 1936 792 ἑπομένη

293 819 562 893 Χριστοῦ.

363 1000 465 1052 lE'.
499 996 566 1050 Τὸ
614 997 710 1047 τοῦ
742 991 924 1068 γάμου
973 985 1178 1060 ἔνδυμα
1207 989 1305 1056 τὴν
1353 991 1448 1042 τοῦ
1498 987 1649 1062 ἁγίου
1694 986 1938 1058 [Ινεύμα-

292 1107 382 1148 τος
435 1083 596 1162 χάριν
647 1083 786 1155 ἡγοῦ
820 1099 832 1112 °
883 1081 980 1148 τήν
1023 1079 1051 1132 ὁ
1106 1079 1181 1150 μή
1235 1073 1439 1132 ἐνδόναι
1482 1076 1716 1152 γεγονὼς
1769 1076 1936 1145 ἄξιος,

292 1178 388 1229 τοῦ
437 1170 758 1245 ἐπουρανίου
792 1167 970 1242 γάμου
1019 1167 1106 1221 καὶ
1155 1171 1252 1220 τοῦ
1293 1164 1513 1220 δείπνου
1553 1170 1649 1220 τοῦ
1697 1171 1940 1237 πνευμά-

291 1267 446 1319 τικοῦ
475 1261 737 1321 κοινωνὸς
784 1256 881 1312 οὐκ
919 1252 1087 1312 ἔσται.
1132 1259 1322 1328 Θῶμεν
1353 1252 1595 1324 σπουδὴν
1636 1259 1733 1309 τοῦ
1781 1275 1936 1308 πνευ-

299 1354 529 1425 ματικοῦ
559 1349 647 1403 καὶ
685 1348 830 1401 θείου
869 1351 1012 1400 πιεῖν
1046 1343 1218 1410 θ’ίνου,
1250 1345 1339 1398 καὶ
1392 1345 1715 1416 μεθυσθῆναι
1771 1343 1937 1415 μὲθην

295 1439 563 1517 νηφάλιον
588 1455 600 1469 ·
627 1436 699 1491 *ἶν’
731 1434 910 1510 ὥσπερ
942 1436 994 1489 οἱ
1026 1433 1181 1489 θ’ίνου
1209 1431 1478 1506 διακορεῖς
1511 1431 1822 1507 λαλίστεροι
1855 1431 1940 1506 γίο

294 1550 500 1596 νονται,
535 1525 676 1581 οὕτω
709 1525 794 1579 καὶ
826 1526 1013 1597 ἡμεῖς,
1041 1527 1136 1578 τοῦ
1167 1526 1536 1595 πνευματικοῦ
1577 1521 1771 1576 τούτου
1823 1519 1940 1575 διά-

297 1617 456 1672 πλεοι
491 1614 768 1692 γεγονότες
809 1610 979 1684 ο’ίνου,
1035 1612 1348 1686 μυστηρίων
1399 1611 1556 1666 θείων
1607 1609 1938 1681 λαλήσωμεν

300 1703 325 1722 ἢ
732 1708 746 1722 ρ
793 1703 804 1718 ε
896 1702 908 1718 \
1453 1702 1466 1720 κ
1684 1699 1698 1717 \
1830 1693 1916 1718 tua

298 1706 615 1779 οιηγήματα
647 1745 660 1758 .
709 1708 807 1756 kat
855 1722 918 1755 το
948 1701 1212 1774 ποτήριόν
1262 1721 1355 1754 σου
1404 1720 1528 1774 γαρ,
1569 1720 1700 1778 φησι
1752 1708 1940 1768 Δαοιο,

300 1791 564 1866 μεθόσκον
601 1813 688 1864 με,
721 1791 847 1844 ὡσεί
877 1789 1157 1864 κράτιστον
1183 1791 1194 1844 l

369 1881 489 1954 19".
525 1879 669 1949 Αὕτη
705 1879 845 1933 ἐστὶν
876 1881 910 1948 ἡ
943 1879 1142 1952 πτωχὴ
1174 1883 1253 1950 τῷ
1287 1878 1559 1950 Πνείματι
1607 1879 1783 1953 ψυχῆς
1816 1878 1948 1947 ἥτις-

294 1967 642 2044 ἐπιγινώσκει
704 1967 798 2040 μὲν
853 1967 920 2020 τὰ
977 1967 1170 2033 εαυτῆς
1229 1967 1533 2040 τραύματα,
1595 1965 1936 2038 ἐπιγινώσκει

298 2056 354 2112 δὲ
405 2059 466 2112 τὸ
512 2056 768 2131 περιέχον
829 2053 994 2124 αὐτὴν
1047 2059 1156 2110 τῶν
1205 2056 1389 2109 παθῶν
1448 2055 1663 2121 σκότος,
1710 2055 1796 2108 καῖ
1839 2058 1937 2125 τήν

297 2147 402 2201 ἀπὸ
450 2149 647 2222 Κυρίου
698 2144 986 2206 διαπαντὸς
1044 2144 1289 2214 ἐπιζητεῖ
1338 2143 1607 2216 λύτρωσιν
1645 2162 1657 2176 ·
1711 2144 1745 2213 ἢ
1793 2141 1937 2221 φέρει

303 2238 397 2308 μὲν
427 2235 650 2300 πόνους,
692 2235 772 2289 ἐπ’
825 2233 1001 2289 οὐδενὶ
1034 2229 1090 2287 δὲ
1135 2238 1242 2288 τῶν
1279 2233 1366 2287 ἐπὶ
1410 2239 1512 2304 γῆς
1561 2235 1773 2309 ἀγαθῶν
1821 2233 1944 2313 χαί-

301 2345 402 2401 ρει,
435 2323 582 2380 ἀλλὰ
609 2324 688 2395 τῷ
718 2323 875 2394 καλῷ
910 2322 1054 2395 μόνῳ
1081 2324 1275 2395 ἰατρῷ,
1307 2322 1396 2376 καὶ
1427 2325 1495 2394 τῇ
1528 2321 1690 2376 αὑτοῦ
1722 2323 1944 2378 πέποιθε

299 2415 573 2490 θεραπείᾳ.
622 2419 743 2474 Πῶς
798 2411 890 2467 οὖν
1037 2412 1536 2486 τετραυματισμένη
1592 2412 1726 2483 αὕτη
1786 2416 1938 2488 ψυχή

299 2507 443 2575 καλή
501 2507 590 2560 καὶ
659 2505 1011 2580 εὐπρόσωπος
1068 2502 1234 2574 ἔσται,
1295 2503 1383 2557 καὶ
1441 2503 1578 2576 πρὸς
1639 2497 1942 2573 συμϐίωσιν

299 2596 614 2670 ἁρμόζουσα
653 2598 731 2666 τῷ
779 2597 1034 2669 Χριστῷ;
1067 2597 1182 2654 πῶς
1237 2589 1422 2648 ἄλλως
1532 2592 1667 2645 κατὰ
1714 2593 1814 2660 τὴν
1849 2591 1941 2665 ἀρ-

303 2686 462 2760 χαίαν
497 2681 664 2752 αὑτῆς
696 2682 894 2754 κτίσιν,
934 2681 1023 2736 καὶ
1072 2683 1171 2749 τήν
1204 2688 1344 2757 σαφῆ
1376 2682 1482 2734 τῶν
1533 2680 1746 2734 οἰκείων
1781 2680 1943 2753 τραύ-

305 2776 486 2848 μάτων
519 2772 608 2828 καὶ
657 2775 754 2841 τῆς
783 2773 1063 2847 πτωχείας
1118 2769 1436 2844 ἐπίγνωσιν;
1474 2770 1532 2825 Εἰ
1564 2771 1665 2844 γὰρ
1716 2771 1797 2830 οἷς
1827 2766 1943 2843 ἔχει

298 2863 570 2940 τραύμασί
600 2884 658 2918 τε
704 2861 794 2917 καὶ
838 2861 1078 2936 μώλωψι
1127 2865 1235 2916 τῶν
1268 2863 1452 2914 παθῶν
1511 2861 1586 2932 μὴ
1640 2855 1944 2929 συνήδεται,

307 2951 445 3024 μηδὲ
498 2955 796 3025 συνηγορεῖ
831 2955 949 3010 τοῖς
1001 2948 1332 3022 σφάλμασιν,
1376 2949 1437 3002 οὐ
1487 2946 1758 3020 λογίζεται
1808 2947 1944 3020 αὐτῇ

301 3041 396 3107 τήν
432 3037 702 3114 ἅμορφίαν
745 3037 772 3090 ὁ
819 3036 1040 3111 Κύριος,
1091 3036 1216 3090 ἀλλ’
1249 3035 1420 3090 ἐλθὼν
1475 3037 1616 3089 ἰᾶται
1665 3036 1752 3090 καὶ
1793 3038 1946 3099 θερα-

301 3128 472 3194 πεύει,
506 3126 595 3181 καὶ
638 3124 836 3186 ἀπαθὲς
888 3125 1022 3198 αὑτῇ
1054 3126 1144 3178 καὶ
1191 3123 1424 3202 ἅφθορὸν
1455 3145 1508 3178 τι
1558 3123 1765 3186 κάλλος
1813 3124 1948 3177 ἀπο-

299 3216 630 3288 καθίστησι·
694 3216 857 3287 μόνον
916 3214 1050 3283 αὑτὴ
1112 3212 1420 3287 προαιρέσει
1485 3214 1559 3285 μὴ
1620 3212 1948 3266 κοινωνείτω

2050 627 2336 700 prOprios,
2371 641 2544 698 opera
2575 621 2839 694 propria:
2897 631 3204 694 postquam
3239 638 3369 677 vero
3403 621 3580 694 digna
3613 623 3761 678 facta

2049 716 2222 770 fuerit
2281 733 2405 787 quae
2474 712 2864 784 supercmlesli
2928 713 3045 766 viro
3097 713 3438 784 jungeretur
3496 711 3750 777 Christo,

2047 806 2359 875 subjicitur
2391 804 2500 876 legi
2554 803 2681 872 viri,
2735 819 2847 857 non
2891 801 3138 872 amplius
3186 818 3379 871 suam,
3432 803 3531 858 sed
3562 803 3761 874 sponsi

2051 911 2305 966 sequens
2336 895 2717 949 voluntatem.

2118 984 2235 1039 XV.
2298 982 2629 1055 Nuptialem
2697 986 2912 1037 vestem
2991 980 3244 1052 Spiritus
3317 981 3564 1052 gratiam
3637 997 3764 1037 esse

2049 1079 2213 1146 puta,
2272 1091 2444 1146 quam
2488 1075 2585 1146 qui
2637 1075 2880 1128 induere
2931 1073 3146 1144 dignus
3196 1089 3310 1127 non
3358 1074 3548 1138 fuerit,
3599 1071 3765 1128 caale-

2049 1165 2224 1218 stium
2258 1165 2598 1233 nuptiarum
2630 1163 2903 1234 epulique
2954 1161 3278 1232 spiritualis
3322 1162 3608 1232 particeps
3642 1177 3756 1216 non

2050 1253 2175 1308 erit.
2255 1253 2548 1308 Ponamus
2623 1253 2878 1307 studium
2945 1250 3003 1305 in
3078 1249 3368 1321 spirituali
3435 1255 3491 1306 et
3561 1249 3756 1305 divino

2049 1342 2300 1397 bibendo
2345 1343 2498 1411 vino,
2547 1347 2604 1397 et
2656 1341 3016 1395 inebriemur
3066 1339 3340 1395 ebrietate
3400 1340 3611 1407 sobria,
3672 1342 3758 1409 ut,

2051 1432 2549 1502 quemadmodum
2609 1430 2710 1501 qui
2767 1429 2900 1483 vino
2963 1427 3118 1500 pleni
3179 1433 3339 1494 sunt,
3400 1427 3762 1500 loquaciores

2051 1519 2217 1588 fiunt,
2252 1522 2332 1576 ita
2361 1526 2418 1575 et
2452 1537 2580 1589 nos,
2629 1517 2920 1591 spirituali
2971 1519 3076 1572 hoc
3107 1517 3266 1589 large
3317 1518 3529 1573 hausto
3581 1535 3760 1585 mero,

2053 1611 2455 1678 mysteriorum
2541 1609 2871 1664 divinorum
2954 1607 3300 1678 eloquamur
3377 1608 3757 1662 narrationes.

2051 1698 2114 1751 Et
2143 1699 2290 1752 calix
2319 1707 2445 1752 tuus
2477 1697 2579 1770 (ait
2611 1698 2816 1768 David)
2867 1696 3150 1752 inebrians
3197 1713 3302 1766 me,
3335 1713 3500 1769 quam
3527 1697 3762 1770 praecla-

2051 1804 2146 1842 rus
2175 1797 2252 1843 est
2283 1787 2327 1823 ‘7
2353 1788 2366 1842 l

2121 1876 2258 1930 XVI.
2293 1875 2423 1947 Ipsa
2455 1881 2542 1932 est
2575 1875 2672 1932 illa
2721 1893 2942 1947 pauper
2972 1876 3194 1948 Spiritu
3238 1876 3461 1946 anima,
3505 1893 3631 1947 quae
3665 1893 3760 1932 co-

2049 1967 2280 2036 gnoscit
2327 1967 2563 2037 quidem
2595 1983 2704 2021 sua
2751 1967 3029 2033 vulnera;
3082 1967 3380 2037 cognoscit
3419 1982 3552 2022 vero
3583 1967 3762 2021 etiam

2051 2068 2171 2123 eas,
2233 2056 2450 2125 quibus
2499 2055 3002 2124 circumambitur,
3037 2057 3542 2127 perturbationum
3593 2061 3764 2110 tene-

2051 2141 2222 2210 bras;
2276 2153 2330 2198 et
2377 2161 2410 2198 a
2458 2143 2703 2198 Domino
2755 2145 3025 2200 continue
3081 2146 3480 2200 liberationem
3533 2145 3760 2216 quazrit.

2053 2233 2186 2297 Quae
2236 2235 2442 2289 tolerat
2491 2235 2728 2304 quidem
2777 2235 3023 2302 labores,
3079 2236 3148 2291 de
3200 2236 3358 2290 nullo
3409 2241 3600 2291 autem
3668 2251 3766 2290 eo-

2054 2337 2205 2392 rum,
2233 2339 2358 2393 quaa
2408 2339 2581 2393 super
2629 2329 2839 2378 terram
2882 2330 3038 2392 sunt,
3091 2325 3238 2380 bono
3288 2325 3539 2395 gaudet;
3573 2325 3674 2379 sed
3707 2324 3766 2378 in

2055 2412 2205 2466 bono
2252 2419 2483 2467 tantum
2546 2414 2792 2481 medico,
2845 2424 2898 2469 et
2947 2413 3002 2466 in
3055 2414 3182 2483 ejus
3232 2416 3530 2469 curatione
3582 2413 3764 2469 confi-

2056 2504 2161 2558 dit.
2215 2503 2510 2566 Quomodo
2561 2505 2742 2574 igitur
2794 2504 2914 2560 haec
2959 2505 3264 2560 vulnerata
3311 2507 3509 2561 anima
3559 2507 3769 2560 decora

2055 2599 2113 2648 et
2144 2594 2397 2648 formosa
2437 2593 2567 2658 erit,
2613 2598 2669 2648 et
2714 2595 2785 2648 ad
2839 2595 2965 2649 vitta
3018 2595 3351 2650 societatem
3404 2595 3766 2651 individuam

2054 2699 2187 2738 cum
2221 2682 2449 2737 Christo
2482 2683 2796 2738 iucundam
2827 2684 3010 2755 apta?
3055 2686 3347 2755 quomodo
3396 2684 3558 2740 aliter
3592 2703 3766 2755 quam

2057 2787 2416 2844 perspectam
2469 2772 2736 2826 habendo
2771 2777 3077 2844 antiquam
3137 2790 3303 2828 suam
3352 2774 3659 2844 originem,
3714 2781 3768 2828 et

2056 2861 2271 2917 claram
2325 2878 2436 2931 pra:
2498 2877 2559 2916 se
2613 2863 2848 2918 ferendo
2909 2864 3274 2933 propriorum
3341 2863 3653 2919 vulnerum
3713 2867 3769 2919 et

2056 2951 2451 3005 mendicitatis
2485 2949 2803 3005 notitiam?
2855 2957 2998 3006 Nam
3047 2954 3096 3008 si
3126 2953 3215 3018 iis,
3252 2970 3374 3022 quae
3407 2953 3603 3018 habet,
3638 2952 3764 3008 vul-

2058 3040 2291 3093 neribus
2333 3045 2390 3092 et
2437 3039 2811 3094 cicatricibus
2868 3041 3205 3109 passionum
3258 3058 3368 3095 non
3425 3043 3763 3112 delectatur,

2059 3143 2163 3183 nec
2213 3126 2607 3196 patrocinatur
2656 3127 2885 3182 delictis
2939 3129 3102 3195 suis;
3168 3145 3280 3183 non
3341 3131 3592 3198 imputat
3653 3129 3765 3199 ipsi

2059 3232 2227 3271 suam
2281 3217 2710 3271 deformitatem
2762 3217 3080 3284 Dominus;
3132 3218 3228 3272 sed
3282 3218 3436 3271 venit
3485 3222 3542 3272 et
3598 3226 3770 3274 sanat

299 3311 413 3369 τοῖς
462 3303 883 3380 πραττομένοις,
931 3303 1170 3377 καθάπερ
1222 3300 1461 3376 εἴρηται,
1517 3299 1657 3373 μηδὲ
1704 3307 1824 3362 τοῖς
1871 3301 1945 3355 ἐν-

2173 3309 2336 3359 curat
2388 3321 2536 3371 eam,
2615 3304 2878 3376 nullique
2948 3307 3249 3360 obnoxiam
3319 3306 3648 3360 alterationi
3709 3309 3768 3361 et

303 3394 658 3470 εργουμένοις
691 3389 1080 3448 συνευδοκείτω
1111 3391 1348 3446 πάθεσιν.
1387 3389 1542 3448 Ἀλλ’
1582 3390 1686 3464 ὅλῃ
1722 3388 1946 3464 δυνάμει

300 3485 436 3558 πρὸς
490 3483 684 3558 Κύριον
736 3477 1002 3548 ἐκϐοάτω,
1041 3480 1134 3536 ’ίνα
1183 3478 1271 3534 διὰ
1316 3484 1413 3535 τοῦ
1463 3481 1659 3555 ἀγαθοῦ
1701 3479 1949 3551 Πνεὺμα-

299 3593 390 3633 τος
421 3573 589 3627 αὐτοῦ
620 3575 718 3637 τῆς
749 3570 1060 3642 ἐλευθερίας
1091 3569 1304 3632 πάντως
1345 3571 1549 3642 ἀξιωθῇ
1583 3573 1690 3623 τῶν
1740 3571 1946 3622 παθῶν.

300 3660 447 3730 Αὕτη
486 3662 582 3733 μὲν
615 3658 704 3715 οὖν
818 3660 974 3737 ψυχὴ
1010 3657 1248 3733 μακαρία
1286 3677 1296 3690 ·
1352 3657 1470 3712 οὐαὶ
1506 3656 1561 3712 δὲ
1604 3657 1671 3732 τῇ
1705 3659 1782 3730 μή
1825 3678 1947 3711 συνο

299 3751 548 3820 αίσθησιν
595 3747 866 3824 δεχομένῃ
914 3753 1261 3822 τραυμάτων,
1300 3744 1438 3819 μηδὲ
1482 3745 1630 3824 ἔχειν
1657 3769 1710 3802 τι
1757 3746 1946 3808 κακίας

303 3837 392 3894 διὰ
422 3838 641 3908 πολλὴν
689 3838 775 3894 καὶ
809 3837 1040 3912 ἄμετρον
1073 3837 1298 3909 οἰομένη
1331 3837 1517 3892 κακίαν
1553 3857 1564 3868 ·
1599 3837 1799 3908 ταύτην
1846 3839 1947 3913 γάρ

302 3929 428 3984 οὐδὲ
486 3930 511 3982 ὁ
594 3929 792 4001 ἀγαθὸς
851 3927 1227 3983 ἐπισκεπτεται
1303 3927 1510 4000 ἰατρὸς,
1584 3924 1708 3980 οὐδὲ
1789 3929 1949 4000 θερα-

303 4015 472 4082 πεύει,
508 4015 588 4069 ὅτι
625 4013 764 4086 μηδὲ
813 4014 966 4087 μέλει
1008 4015 1146 4087 αὐτῇ
1179 4019 1284 4068 τῶν
1333 4014 1676 4088 τραυμάτων,
1714 4014 1806 4068 ἅτε
1855 4035 1949 4068 κα-

304 4105 417 4165 λῶς
471 4102 616 4178 ἔχειν
675 4103 765 4158 καὶ
830 4103 998 4176 ὑγιῶς
1073 4101 1399 4176 ἡγουμένῃο
1460 4101 1531 4157 Οὐ
1606 4101 1706 4177 γάρ
1764 4103 1952 4176 χρείαν

303 4190 519 4269 ἔχουσι,
551 4192 736 4271 φησὶν,
772 4193 824 4246 οὶ
878 4191 1204 4268 ὑγιαίνοντες
1252 4193 1460 4264 ἱατροῦ,
1496 4189 1622 4247 ἀλλ’
1669 4192 1724 4245 οἳ
1771 4197 1954 4258 κακῶς

305 4281 466 4358 ἔχόντ
476 4305 548 4347 ες.

2056 3393 2603 3449 immarcescibilem
2639 3395 2953 3464 quamdam
2987 3398 3038 3450 ei
3081 3395 3336 3448 restituit
3367 3394 3769 3466 pulchritudi-

2060 3497 2212 3537 nem.
2246 3481 2493 3536 Tantum
2547 3483 2674 3551 ipsa
2723 3499 2792 3536 ne
2842 3483 3020 3538 libero
3073 3499 3315 3538 assensu
3368 3483 3772 3554 participetiis

2061 3587 2187 3642 quae
2247 3571 2415 3638 fiunt,
2477 3577 2542 3626 ut
2599 3572 2821 3626 dictum
2872 3579 2999 3642 est;
3040 3589 3176 3628 neve
3227 3574 3644 3628 consentiendo
3703 3589 3770 3628 ea

2058 3663 2418 3731 comprobet,
2477 3677 2604 3732 qua:
2675 3661 3016 3718 inordinata;
3096 3663 3567 3734 perturbationes
3635 3677 3774 3734 ope-

2059 3756 2300 3816 rantur;
2358 3754 2453 3806 sed
2501 3757 2624 3806 tota
2667 3752 2882 3805 virtute
2942 3753 3014 3806 ad
3069 3751 3379 3806 Dominum
3428 3752 3656 3820 clamet,
3712 3760 3777 3807 ut

2060 3855 2161 3910 per
2194 3841 2412 3895 bonum
2462 3840 2649 3911 ipsius
2685 3838 2849 3895 203
2899 3840 3177 3910 Spiritum
3209 3840 3456 3896 liberare
3487 3858 3549 3897 se
3580 3841 3777 3912 digne-

2061 3935 2156 3984 tur
2212 3947 2243 3985 a
2302 3932 2525 3985 cunctis
2607 3931 2797 4000 pravis
2871 3929 3198 3986 affectibus.
3268 3931 3446 3986 Beata
3518 3932 3777 4000 profecto

2061 4018 2197 4073 talis
2227 4020 2458 4073 anima:
2508 4035 2588 4072 WB
2635 4027 2829 4072 autem
2884 4018 2990 4086 illi,
3045 4036 3171 4090 quas
3205 4035 3447 4074 sensum
3502 4020 3777 4074 intimum

2062 4123 2180 4162 non
2237 4106 2425 4176 capiet
2479 4107 2781 4164 vulnerum
2843 4124 3120 4176 suorum;
3184 4125 3428 4180 quaeque
3476 4107 3668 4163 omnis
3721 4126 3783 4165 se

2064 4196 2364 4269 pravitatis
2398 4198 2654 4254 funditus
2699 4212 2992 4270 expertem
3026 4214 3127 4270 per
3158 4198 3404 4253 multam
3437 4203 3493 4252 et
3527 4198 3782 4254 immen-

2064 4303 2190 4342 sam
2224 4288 2508 4359 putaverit
2540 4287 2907 4360 pravitatem.
2954 4288 3153 4344 Talem
3187 4288 3341 4344 enim
3376 4304 3563 4360 neque
3597 4291 3781 4345 bonus

309 4375 509 4432 invisit
567 4374 855 4442 medicus,
908 4391 1010 4430 nec
1044 4377 1247 4441 sanat;
1298 4372 1577 4445 quoniam
1635 4373 2029 4432 sollicitudine
2059 4393 2177 4433 non
2231 4379 2492 4450 tangitur
2549 4379 2859 4434 vulnerum
2919 4379 3340 4451 pr0priorum;
3403 4384 3598 4450 utpote
3653 4394 3781 4449 quas

307 4483 370 4524 se
403 4467 546 4523 bene
593 4465 806 4522 habere
839 4482 904 4522 ac
934 4468 1120 4538 vigere
1151 4464 1399 4522 sanitate
1429 4464 1740 4521 existimet.
1770 4465 1888 4520 Non
1934 4465 2086 4523 enim
2115 4468 2348 4539 (inquit)
2383 4478 2538 4538 egent
2580 4468 2678 4540 qui
2725 4471 2849 4524 sani
2895 4473 3023 4526 sunt
3068 4469 3296 4538 medico,
3339 4470 3430 4526 sed
3479 4470 3576 4540 qui
3620 4469 3765 4525 male

310 4557 512 4614 habent
542 4555 610 4612 1⁸.

379 4646 476 4705 ΙΖ’.
527 4644 798 4722 Μακάριοι
842 4648 921 4717 τῷ
960 4641 1069 4700 ὄντι
1117 4646 1204 4700 καὶ
1256 4641 1499 4714 ζηλωτοί
1548 4647 1645 4699 τοῦ
1699 4644 1818 4719 βίου
1865 4645 1945 4700 καῖ

2138 4648 2308 4704 XVll.
2358 4649 2516 4705 Beati
2565 4664 2778 4718 revera,
2832 4653 2887 4705 et
2943 4649 3241 4706 invidendi
3280 4650 3353 4706 ob
3404 4651 3530 4704 vita:
3580 4652 3635 4704 et
3682 4665 3784 4705 ex-

307 4739 406 4800 τῆς
474 4733 776 4807 ὑπερφυοῦς
834 4732 1207 4803 ἀπολαύσεως,
1267 4734 1384 4788 ὅσοι
1445 4730 1534 4788 διὰ
1597 4736 1803 4808 θερμῆς
1861 4733 1951 4789 καὶ

309 4817 602 4896 φιλαρέτου
652 4819 928 4896 διαγωγῆς
957 4826 1064 4877 τῶν
1118 4820 1454 4896 ἐπουρανίων
1494 4827 1590 4877 τοῦ
1641 4823 1951 4897 [Ινεόματος

311 4908 624 4985 μυστηρίων
670 4910 829 4984 πείρᾳ
856 4911 945 4965 καὶ
995 4911 1239 4981 αἰσθήσει
1280 4912 1377 4980 τήν
1424 4916 1617 4987 γνῶσιν
1662 4911 1952 4991 εἷ’λήφασι,

305 5001 393 5056 καὶ
451 5000 513 5054 τὸ
563 4998 872 5071 πολίτευμα
929 4998 977 5054 ἐν
1040 4999 1288 5072 οὐρανοῖς
1342 4997 1583 5075 ἔχουσιν.
1635 5003 1797 5058 Οὗτοι
1858 5005 1952 5058 καὶ

309 5087 636 5160 συμπάντων
667 5085 942 5158 κρείττους
991 5088 1287 5161 ἀνθρώπων
1339 5089 1441 5144 εἰσί
1476 5110 1487 5123 ·
1540 5090 1629 5144 καὶ
1683 5091 1887 5167 φανερά
1918 5093 1952 5161 ἡ

305 5176 598 5247 ἀπόδειξις.
632 5176 745 5232 Τίνι
775 5177 879 5251 γάρ
919 5179 1022 5230 τῶν
1059 5175 1320 5245 δυνατῶν,
1436 5184 1640 5255 σοφῶν,
1672 5179 1706 5250 ἢ
1758 5179 1956 5256 φρονί-

311 5290 426 5340 μων
458 5267 700 5322 ἀνελθεῖν
735 5267 809 5328 εἰς
841 5287 932 5321 τον
973 5262 1197 5339 οὑρανὸν
1233 5265 1462 5339 ὑπῆρξεν
1511 5267 1956 5345 ἐπιστρεφομένῳ

309 5357 429 5429 περὶ
479 5359 576 5426 τήν
621 5363 744 5432 γῆν,
792 5356 902 5410 ἐκεῖ
941 5375 998 5410 τε
1056 5354 1374 5429 ἐργάσασθαι
1419 5353 1550 5430 ἔργα
1597 5359 1952 5430 πνευματικά,

310 5447 399 5498 καὶ
448 5446 515 5500 τὰ
559 5444 741 5516 κάλλη
789 5450 886 5500 τοῦ
939 5442 1248 5517 Πνὲύματος
1300 5449 1696 5516 κατοπτεῦσαις
1751 5445 1862 5501 νυνὶ
1899 5444 1956 5501 δὲ

312 5533 476 5606 πὲνης
531 5557 612 5599 τις
666 5542 728 5592 τὸ
776 5537 1120 5612 φαινόμενον,
1171 5535 1337 5605 πένης
1387 5533 1567 5610 ἄκρως
1610 5538 1697 5593 καὶ
1745 5534 1963 5612 ἐξουδε-

383 5717 424 5753 ¹τ
458 5715 602 5773 Psal.
637 5732 774 5784 xxxi,
802 5717 856 5772 5.

2067 4739 2396 4810 superantis
2430 4743 2646 4794 naturae
2681 4740 2916 4794 modum
2951 4740 3243 4795 fruitionis
3276 4737 3636 4800 felicitatem.
3666 4740 3786 4811 qui-

2070 4843 2305 4898 cunque
2356 4845 2456 4900 per
2506 4831 2819 4884 ferventem
2865 4829 3061 4896 ﬁdem,
3116 4838 3171 4884 et
3217 4828 3447 4884 vivendi
3482 4844 3656 4883 usum
3710 4828 3784 4884 ad

2065 4916 2342 4972 virtutem
2388 4933 2655 4973 normam
2705 4924 2996 4984 exactum,
3043 4917 3544 4990 supercmlcstium
3596 4917 3784 4974 sancti

2066 5005 2318 5075 Spiritus
2352 5009 2761 5078 mysteriorum
2814 5024 2989 5063 sensu
3023 5013 3080 5063 et
3127 5008 3486 5080 eXperientia
3517 5008 3784 5064 notitiam

2070 5106 2475 5165 perceperunt,
2532 5106 2584 5152 et
2642 5102 3137 5153 conversationem
3206 5098 3266 5153 in
3325 5098 3488 5153 caelis
3547 5097 3786 5153 habent.

2068 5184 2235 5241 Tales
2267 5186 2556 5255 omnium,
2586 5188 2686 5258 qui
2736 5188 2968 5258 uspiam
3021 5188 3221 5244 vivunt
3270 5188 3600 5253 hominum,
3635 5205 3786 5257 pm-

2070 5277 2419 5331 stantissimi
2451 5286 2606 5334 sunt.
2643 5277 2702 5332 Id
2736 5280 2892 5349 quod
2925 5279 3316 5335 demonstrari
3349 5279 3659 5333 manifesto
3685 5292 3787 5347 po-

2070 5368 2204 5418 test.
2240 5365 2342 5419 Cui
2384 5366 2538 5421 enim
2585 5372 2909 5438 potentum,
2960 5374 3059 5424 aut
3106 5368 3466 5438 sapientum,
3518 5369 3618 5420 aut
3653 5379 3787 5434 pru-

2070 5454 2750 5514 dentum.ascenderein
2798 5459 3009 5513 centum
3059 5457 3323 5528 contigit,
3357 5453 3590 5509 interim
3645 5453 3787 5509 dum

2069 5550 2380 5602 versantur
2423 5545 2482 5602 in
2533 5554 2685 5603 terra
2730 5555 2784 5603 et
2821 5547 2940 5603 illic
2999 5549 3228 5618 operari
3273 5559 3452 5616 opera
3506 5541 3784 5614 spiritua-

935 5715 982 5752 ιδ
1012 5716 1219 5776 Matth.
1252 5731 1332 5787 Ix,
1366 5717 1432 5774 12
1457 5742 1470 5788 ;
1500 5733 1605 5788 xu,
1637 5719 1705 5774 17
1743 5737 1758 5788 ;
1794 5720 1927 5778 Luc.
1969 5736 2022 5791 ν,
2060 5722 2151 5780 31.
