4076 6280
368 354 483 414 923

1709 339 1748 398 S
1761 385 1774 400 .
1825 339 2144 401 MACAIIII
2191 341 2367 401 EGY
2380 341 2527 401 PTII

3715 329 3852 388 924

388 484 464 554 ia,
499 485 554 537 et
587 475 1055 553 pulchritudines
1085 472 1264 528 divini
1312 471 1562 542 Spiritus
1610 471 1822 538 intueri
1851 471 1878 525 ‘2
1907 477 2077 530 Nunc

2206 475 2452 544 νώμενος,
2482 473 2572 526 καὶ
2603 468 2727 525 οὐδὲ
2773 475 2890 531 τοῖς
2922 465 3240 544 ἐγγείτόνων
3295 464 3491 536 μικροῦ
3531 459 3848 534 γνώριμος,

367 590 500 630 vero
535 588 756 644 pauper
801 567 1018 639 aliquis
1063 567 1119 620 in
1169 564 1443 635 speciem,
1490 579 1718 618 summe
1770 580 1988 635 pauper
2019 569 2076 618 et

371 664 742 727 exinanitae;
803 675 866 714 ac
924 673 994 711 ne
1050 655 1254 710 vicinis
1311 654 1547 723 quidem
1608 655 1690 707 vel
1759 654 2073 708 minimum

373 763 562 822 notus,
616 753 925 825 procidens
976 751 1032 804 in
1087 750 1292 803 faciem
1341 764 1507 801 suam
1559 763 1750 800 coram
1809 746 2070 808 Domino,

374 846 624 902 ascendit
685 844 743 897 in
805 841 1014 896 coelum
1063 841 1310 893 ducente
1360 842 1560 892 sancto
1618 835 1860 904 Spiritu,
1914 844 1966 888 et
2016 835 2071 887 in

373 935 543 1006 plena
603 932 819 985 fiducia
869 947 985 983 suae
1037 927 1269 991 animae,
1321 925 1686 980 mirabilibus
1739 924 1853 976 illic
1903 924 2074 977 rebus

373 1023 736 1086 delectatur;
806 1018 1002 1087 ibique
1077 1021 1371 1087 Oper-stur,
1445 1015 1523 1068 ibi
1591 1014 1932 1079 diversatur,
1994 1011 2072 1064 ibi

373 1109 871 1166 conversationem
927 1107 1118 1171 habet,
1172 1106 1342 1175 juxta
1397 1103 1656 1157 divinum
1730 1100 2072 1171 Apostolum

375 1200 703 1255 dicentem:
753 1199 947 1252 Nostra
994 1207 1180 1250 autem
1225 1195 1559 1249 conversatio
1607 1193 1665 1245 in
1709 1191 1856 1246 caelis
1903 1197 1983 1245 est
2014 1190 2074 1242 '9.

375 1294 439 1344 Et
505 1304 752 1343 rursus:
813 1287 941 1355 Quae
996 1285 1192 1340 oculus
1255 1301 1368 1338 non
1424 1282 1581 1349 vidit,
1649 1286 1697 1335 et
1756 1279 1912 1334 auris
1971 1293 2078 1333 non

378 1377 613 1441 audivit,
697 1391 794 1430 nec
871 1379 931 1430 in
1016 1392 1107 1431 cor
1192 1375 1430 1428 hominis
1505 1369 1884 1435 ascenderunt,
1962 1383 2079 1438 qua

372 1467 714 1538 prwparavit
756 1465 890 1519 Deus
941 1465 1007 1519 iis
1053 1463 1152 1535 qui
1197 1463 1442 1531 diligunt
1491 1461 1646 1514 illum
1678 1458 1745 1511 9°.
1790 1457 1918 1511 Mox
1949 1456 2078 1510 sub-

369 1556 615 1626 jungit:
675 1552 836 1608 Nobis
894 1563 1080 1605 autem
1140 1552 1410 1605 recelavit
1472 1549 1608 1602 Deus
1663 1563 1758 1614 per
1815 1545 2084 1617 Spiritum

375 1661 552 1700 suum.
616 1643 683 1696 Hi
742 1647 880 1695 sunt
938 1657 1068 1695 vere
1118 1642 1411 1710 sapientes
1459 1643 1516 1693 et
1564 1642 1844 1708 potentes,
1911 1635 1969 1689 hi
2031 1639 2087 1689 et

382 1732 608 1789 nobiles
640 1737 690 1785 et
737 1731 1068 1801 prudentes.

449 1823 652 1878 XVIII.
701 1820 1050 1914 Quinetiam,
1098 1837 1215 1874 non
1267 1817 1735 1914 habita-ratione
1765 1813 2079 1870 cmlestium
2119 1850 2162 1914 Β

383 1911 635 1976 illorum,
667 1925 696 1962 e
728 1909 867 1963 solis
911 1908 1002 1961 his
1057 1925 1178 1977 quae
1230 1905 1538 1977 praesentia
1586 1910 1724 1958 sunt
1771 1905 1839 1958 de
1870 1903 2085 1956 sanctis

372 2000 667 2070 judicans,
721 2014 834 2052 non
883 1996 1199 2060 dubitabis,
1250 2013 1347 2050 eos
1393 1995 1652 2049 omnium
1707 1992 1876 2062 longe
1908 1991 2088 2046 homi-

381 2106 522 2144 num
558 2087 914 2143 celcissimos
965 2088 1368 2156 pronuntiare.
1411 2087 1547 2154 Age,
1601 2100 1690 2137 res
1739 2082 2089 2150 diiudicatur

381 2178 488 2232 hoc
546 2177 751 2230 modo:
804 2173 1344 2227 Nabuchodonosor
1395 2171 1705 2242 Babylonis
1748 2171 2084 2237 imperator,

383 2265 768 2335 congregatis,
810 2261 1023 2333 quibus
1075 2270 1333 2332 praeerat,
1383 2262 1654 2331 gentibus
1703 2260 1770 2312 ad
1795 2257 2088 2311 adoratio-

386 2370 519 2410 nem
554 2359 758 2408 statuas
792 2369 965 2423 quam
989 2355 1264 2419 erexerat,
1297 2349 1397 2405 Dei
1423 2351 1526 2404 hoc
1555 2349 1632 2403 ita
1655 2347 2088 2419 sapientissime

388 2444 722 2499 moderante
781 2441 1161 2512 providentia,
1223 2445 1286 2493 ut
1341 2448 1396 2494 et
1452 2454 1759 2508 puerorum
1814 2437 2088 2491 omnibus

390 2536 704 2604 censpicua
747 2535 934 2585 virtus
986 2531 1172 2596 fieret,
1226 2537 1281 2585 et
1325 2529 1515 2583 cuncti
1566 2529 1853 2583 discerent
1904 2542 2086 2580 unum

390 2637 517 2675 esse
549 2621 731 2673 Deum
765 2636 988 2684 verum,
1021 2621 1120 2689 qui
1155 2620 1214 2672 in
1260 2620 1422 2672 ccelis
1463 2617 1716 2671 habitat:
1754 2623 1871 2669 tres
1907 2615 2086 2684 pueri,

391 2709 548 2779 iique
595 2708 826 2776 captivi,
885 2723 949 2760 ac
999 2707 1265 2760 libertate
1321 2706 1545 2775 privati,
1609 2706 1735 2759 ausi
1791 2711 1925 2758 sunt
1980 2703 2090 2773 ipsi

389 2799 698 2862 obsistere;
749 2801 805 2849 et
854 2795 1098 2860 cunctis,
1150 2811 1217 2849 ex
1248 2794 1430 2848 multo
1467 2800 1646 2860 metu,
1688 2792 2087 2856 adorantibus,

387 2901 490 2940 nec
575 2884 895 2955 quidquam
982 2887 1186 2952 praeter
1269 2883 1616 2952 obsequium
1701 2882 2086 2946 teutantibus,

387 2979 677 3030 mutarum
710 2972 816 3027 ritu
862 2973 1173 3043 pecudum,
1210 2988 1319 3041 quo
1355 2971 1756 3039 trahebantur,
1791 2969 2090 3040 sequenti-

381 3065 510 3131 bus,
544 3063 627 3118 illi
662 3071 889 3117 tantum
932 3062 1244 3115 abl'uerunt
1298 3068 1360 3115 ut
1390 3062 1606 3116 similia
1639 3060 1766 3115 aliis
1823 3067 2091 3130 pateren-

381 3161 512 3220 tur;
550 3162 607 3208 ut
641 3169 830 3222 neque
861 3150 1119 3222 ignorari
1152 3151 1272 3204 sint
1313 3152 1471 3221 passi
1513 3167 1680 3204 suam
1717 3150 1785 3204 de
1819 3149 2092 3218 religione

378 3245 748 3308 sententiam,
825 3257 929 3294 nec
997 3239 1172 3294 latere
1230 3240 1636 3304 sustinuerint,
1698 3241 1797 3292 sed
1858 3228 2410 3292 cunctisCmiv-twv
2471 3234 2648 3307 λέγειν
2686 3249 2698 3261 ·

377 3333 754 3385 audientibus
816 3328 1108 3383 dixerint:
1175 3329 1301 3383 Deos
1359 3335 1480 3382 tuos
1536 3344 1646 3382 non
1717 3327 1974 3393 colimus,
2037 3334 2086 3380 et

384 3424 634 3474 statuam
691 3434 944 3483 auream,
1004 3433 1166 3486 quam
1216 3417 1460 3483 erexisti,
1507 3434 1616 3472 non
1675 3417 1968 3470 adoramus
2017 3413 2086 3468 εί.

387 3509 542 3570 Quos
572 3523 704 3560 cum
736 3507 795 3560 in
845 3522 1072 3576 passam
1125 3505 1404 3558 terribilis
1437 3506 1537 3559 illa
1585 3506 1785 3559 fornax
1833 3503 2090 3572 excepis-

386 3602 494 3662 set,
529 3611 643 3650 non
695 3609 834 3648 sane
885 3593 1001 3647 vim
1055 3609 1220 3646 suam
1276 3595 1548 3660 exseruit,
1583 3609 1648 3647 ac
1680 3594 1848 3662 quasi
1880 3600 1936 3646 et
1966 3592 2092 3662 ipsa

386 3688 658 3738 venerata
689 3682 846 3750 ipsos
874 3686 1048 3747 esset,
1099 3700 1130 3734 a
1183 3680 1358 3735 malis
1390 3697 1488 3736 eos
1533 3683 1825 3735 immunes
1853 3696 2089 3735 conser-

388 3774 576 3829 vavit:
633 3769 917 3825 universis
968 3786 1034 3824 ac
1094 3787 1224 3839 rege
1285 3772 1408 3839 ipso
1467 3770 1650 3825 Deum
1709 3771 1822 3841 jam
1892 3785 2091 3824 verum

387 3861 855 3935 agnoscentibus.
905 3863 1020 3913 Hos
1065 3861 1332 3929 equidem
1387 3876 1503 3914 non
1554 3861 1738 3931 magis
1795 3866 1980 3915 terras
2013 3860 2094 3913 in-

385 3954 727 4018 colentium,
759 3968 935 4023 quam
979 3950 1038 4004 in
1091 3951 1250 4005 caelis
1297 3952 1633 4021 degentium
1682 3951 1842 4004 chori
1891 3952 2094 4022 plausu

386 4044 774 4100 celebrarunt.
861 4043 1006 4094 Nam
1092 4040 1321 4093 heroica
1417 4041 1670 4095 facinora
1764 4052 2094 4094 sanctorum

388 4135 843 4203 haudquaquam
902 4145 1027 4183 esse
1065 4130 1265 4199 ignota
1292 4129 1418 4183 coeli
1452 4129 1679 4194 incolis,
1713 4131 1809 4184 sed
1844 4130 1950 4184 hos
1983 4130 2098 4183 illis

388 4238 629 4278 accursu
663 4227 720 4274 et
771 4224 943 4273 testes
993 4219 1219 4285 adesse,
1272 4218 1505 4272 divinus
1550 4219 1739 4271 innuit
1771 4218 2098 4288 Apostolus,

393 4314 532 4367 dum
565 4312 682 4364 ait:
717 4310 1100 4379 Spectaculum
1129 4307 1264 4376 [acti
1293 4324 1482 4362 sumus
1520 4308 1732 4376 angelis
1762 4313 1810 4362 et
1858 4307 2102 4363 homini-

397 4400 491 4453 bus
522 4399 587 4453 ³³.
622 4397 791 4451 Potes
823 4403 879 4451 et
913 4398 1031 4450 hac
1060 4397 1119 4450 in
1154 4397 1275 4450 Elia
1328 4398 1540 4462 videre,
1592 4397 1712 4464 qui,
1746 4414 1898 4451 unus
1930 4396 2100 4451 homo

398 4506 530 4544 cum
585 4497 758 4555 esset,
818 4493 1018 4542 contra
1067 4486 1350 4557 plurimos
1400 4486 1726 4558 praevaluit,
1776 4503 1877 4556 per
1932 4488 2103 4542 devo-

2184 563 2540 634 προσπίπτων
2581 560 2668 615 ὲπὶ
2715 558 3008 632 πρόσωπον
3059 555 3223 610 αὐτοῦ
3251 555 3330 616 τῶ
3381 549 3585 622 Κυρίῳ,
3639 548 3847 600 ἄνεισιν

2189 653 2264 715 εἰς
2291 653 2382 706 τὸν
2433 653 2660 727 οὐρανὸν
2703 651 2803 704 ὑπὸ
2856 648 3171 719 Πνεύματος
3216 640 3611 716 ὁδηγούμενος,
3652 638 3746 692 καὶ
3791 636 3842 690 ἐν

2186 740 2540 819 πληροφορία
2588 746 2690 807 τῆς
2738 739 2930 791 ἑαυτοῦ
2979 739 3166 809 ψυχῆς
3211 735 3316 786 τῶν
3367 727 3480 782 ἐκεῖ
3522 724 3847 795 θαυμασίων

2186 834 2519 903 κατατρυφᾷ,
2590 828 2699 882 ἐκεῖ
2757 848 2814 880 τε
2873 825 3173 900 ἐργάζεται,
3229 820 3338 874 ἐκεῖ
3414 816 3476 870 τὸ
3533 815 3850 884 πολίτευμα

3281 909 3469 978 Ἥμῶν
3515 905 3615 979 γὰρ
3655 903 3718 957 τὸ
3749 922 3847 956 πο·

2189 918 2333 992 ἔχει,
2366 919 2502 972 κατὰ
2530 917 2623 971 τὸν
2675 917 2818 969 θεῖον
2853 909 3185 969 Ἀπὸστολον
3218 929 3229 941 ·

3486 993 3575 1048 καὶ
3622 991 3795 1046 πάλιν
3835 1012 3846 1023 ·

2190 1006 2448 1079 λίτευμα,
2499 1006 2685 1083 φησὶν,
2736 1003 2786 1058 ἐν
2842 1003 3090 1076 οὐρανοῖς
3141 999 3423 1074 ὑπάρχει·

2193 1105 2256 1152 Ἀ
2315 1094 2600 1173 ὀφθαλμὸς
2659 1093 2758 1148 οὐκ
2815 1091 2943 1161 εἶδε,
3005 1093 3095 1145 καὶ
3155 1086 3244 1148 οὖς
3307 1087 3407 1139 οὐκ
3471 1079 3692 1150 ἤκουσε,
3755 1080 3849 1134 καὶ

2191 1187 2280 1242 ἐπὶ
2340 1183 2564 1260 καρδίαν
2621 1183 2924 1255 ἀνθρώπων
2984 1179 3082 1233 οὐκ
3134 1171 3324 1244 ἆνέϐη,
3377 1173 3409 1227 ἃ
3461 1170 3758 1244 ἡτοίμασεν
3821 1169 3850 1223 ὁ

2193 1277 2320 1337 Θεὸς
2378 1281 2496 1330 τοῖς
2557 1275 2840 1349 ἀγαπῶσιν
2883 1270 3068 1325 αὐτὸν,
3103 1267 3231 1322 Εἶτα
3290 1265 3474 1338 ἐπάγει
3507 1280 3520 1294 ⁶
3575 1265 3740 1332 Ἡμῖν
3793 1255 3853 1312 δὲ

2190 1365 2504 1437 ἆπεκάλυψε
2563 1360 2652 1416 διὰ
2706 1365 2801 1415 τοῦ
2862 1359 3171 1431 Πνεύματος
3245 1353 3430 1408 αὐτοῦ.
3493 1350 3652 1404 Οὗτοί
3709 1348 3852 1402 εἰσιν

2193 1457 2244 1508 οἱ
2276 1454 2326 1507 ἐν
2375 1451 2605 1521 ἀληθείᾳ
2658 1448 2836 1525 σοφοὶ,
2887 1449 2940 1501 οἱ
2987 1443 3224 1503 δυνατοὶ,
3273 1442 3424 1496 οὗτοι
3473 1438 3561 1492 καὶ
3607 1435 3850 1509 εὐγενεῖς

2193 1545 2279 1599 καὶ
2313 1542 2590 1620 φρόνιμοι.

2272 1815 2381 1866 ΙΗ’.
2416 1810 2516 1864 Καὶ
2567 1807 2763 1882 χωρὶς,
2797 1805 2953 1881 φησὶ,
3003 1805 3110 1858 τῶν
3145 1798 3409 1873 οὐρανίων
3449 1794 3689 1860 ἐκείνων,
3738 1792 3848 1846 ἀπὸ

2192 1907 2297 1958 τῶν
2346 1899 2632 1974 παρόντων
2682 1897 2882 1968 κρίνων
2934 1893 3059 1952 τοὺς
3106 1889 3316 1964 ἁγίους,
3368 1887 3468 1941 οὐκ
3515 1884 3847 1944 ἐπιδοιάσεις

2192 1993 2410 2046 πάντων
2474 1985 2849 2060 ὑψηλοτέρους
2908 1981 3093 2036 εἰπὼν.
3156 1978 3426 2052 Κρινέσθω
3486 1973 3544 2029 δὲ
3618 1975 3846 2034 οὕτως·

2194 2075 2688 2153 Ναϐουχοδονόσορ
2738 2074 2764 2127 ὁ
2822 2066 3146 2129 Βαϐυλῶνος
3188 2065 3370 2136 ἄρξας,
3403 2066 3570 2119 ὀποτε
3605 2060 3670 2116 τᾶ
3716 2059 3844 2129 ἔθνη

2193 2170 2338 2239 αὐτῲ
2387 2168 2555 2221 πάντα
2605 2165 2681 2223 εἷς
2720 2161 3082 2236 προσκύνησιν
3126 2159 3190 2226 ἧς
3241 2154 3403 2229 ἔτυχε
3446 2151 3846 2209 κατασκευάσας

2194 2259 2395 2318 εἰκόνος
2428 2253 2714 2329 ἠθροίζετο
2749 2273 2762 2285 ο
2802 2255 2881 2322 τῷ
2925 2247 2982 2303 δὲ
3012 2252 3128 2318 Θεῷ
3169 2250 3329 2300 τοῦτο
3361 2241 3650 2320 πανσὸσρως
3697 2240 3846 2310 ᾠκο-

2191 2353 2433 2420 νομεῖτο,
2464 2343 2558 2398 ’ίνα
2600 2341 2687 2397 καὶ
2721 2344 2754 2409 ἡ
2787 2345 2891 2393 τῶν
2944 2334 3148 2392 παίδων
3197 2335 3360 2408 ἁρετὴ
3392 2338 3523 2386 πᾶσι
3558 2329 3844 2405 γνώριμος

2192 2440 2452 2509 καταστῇ,
2497 2433 2585 2487 καὶ
2642 2432 2853 2503 μάθωσι
2895 2427 3112 2494 πάντες,
3160 2426 3242 2478 ὅτι
3293 2422 3422 2483 Θεὸς
3475 2421 3688 2490 ἀληθὴς
3741 2419 3842 2487 εἷς,

2194 2529 2254 2590 ὃς
2283 2525 2409 2585 τοὺς
2460 2520 2716 2596 οὐρανοὺς
2763 2521 3052 2572 κατοικεῖ·
3103 2519 3249 2587 τρεῖς
3296 2507 3512 2577 παῖδες,
3551 2509 3638 2564 καὶ
3682 2507 3842 2562 αὐτοὶ

2195 2613 2550 2689 αἰχμάλωτοι
2601 2611 2690 2664 καὶ
2720 2609 2818 2676 τὴν
2871 2604 3179 2678 ἐλευθερίαν
3225 2600 3562 2678 ἀφῃρημένοι
3605 2595 3844 2671 ἐπαῤῥη,

2197 2705 2449 2757 σιάσαντο
2482 2702 2615 2774 πρὸς
2666 2696 2843 2764 αὐτὸν,
2877 2694 2966 2748 καὶ
3019 2695 3228 2746 πάντων
3280 2687 3481 2760 πολλῷ
3518 2685 3618 2741 δέει
3663 2705 3840 2758 προσ-

2196 2791 2516 2859 κυνούντιυν,
2548 2787 2638 2842 καὶ
2695 2782 2827 2857 μηδ’
2875 2784 3019 2844 ὅλως
3053 2781 3097 2836 εί
3149 2782 3222 2852 μὴ
3279 2779 3538 2838 πείθεσθαι
3579 2773 3842 2843 τολμών-

2196 2905 2326 2948 των,
2386 2879 2531 2934 ἀλλὰ
2589 2874 2783 2952 σχεδὸν
2842 2874 3053 2952 ἁφὸνων
3112 2869 3209 2924 ’ίσα
3272 2868 3360 2923 καὶ
3412 2871 3520 2926 ταῖς
3592 2864 3829 2918 κτίσεσιν

2199 2969 2530 3042 ἑλκομένων,
2566 2965 2718 3020 αὐτοὶ
2766 2966 3024 3017 τοσοῦτον
3071 2958 3369 3032 ἀπέχοντες
3421 2958 3513 3008 τοῦ
3557 2954 3622 3006 τὰ
3669 2951 3842 3022 ὅμοια

2196 3064 2315 3120 τοῖς
2352 3057 2546 3117 ἄλλοις
2595 3056 2810 3120 παθεῖν,
2841 3051 2914 3111 ὡς
2962 3045 3090 3122 μηδ’
3141 3041 3487 3102 εὐσεϐοῦντας
3536 3040 3849 3114 ἀγνοεῖσθαι

2202 3148 2516 3224 βούλεσθαι,
2571 3140 2700 3217 μηδ’
2756 3138 3041 3210 ὑπομένειν
3098 3137 3299 3204 λαθεῖν,
3361 3130 3488 3188 ἀλλ’
3546 3131 3619 3192 εἰς
3677 3129 3852 3196 ἀκοὴν

2759 3231 2896 3290 Τοὺς
2961 3226 3113 3289 θεούς
3179 3245 3274 3278 σου
3351 3221 3412 3276 οὐ
3492 3217 3852 3293 λατρεύομεν,

2198 3328 2286 3382 καὶ
2338 3330 2404 3398 τῇ
2469 3324 2635 3378 εἰκότι
2683 3324 2750 3393 τῇ
2810 3316 3013 3392 χρυσῇ,
3065 3317 3125 3383 ἣν
3184 3311 3437 3381 ἕστηκας,
3492 3309 3554 3364 οὐ
3613 3327 3858 3380 προσκυ-

2205 3421 2402 3490 νοῦμεν
2441 3434 2452 3446 ·
2503 3391 2736 3473 τούτους
2763 3391 2840 3470 εἰς
2888 3404 3156 3480 τιμωρίας
3209 3401 3375 3477 λόγον
3419 3399 3510 3454 καὶ
3562 3401 3596 3468 ἡ
3649 3391 3858 3471 φοϐερὰ

2205 3506 2382 3575 ἐκείνη
2443 3496 2835 3576 παραλαϐοῦσα
2888 3499 3119 3569 κάμινος
3175 3493 3264 3560 ἦν,
3315 3487 3440 3545 οὐδέ
3495 3490 3594 3556 τήν
3659 3488 3859 3553 ἑαυτῆς

2202 3595 2474 3668 ἐνέργειαν
2524 3587 2855 3658 ὑπεδείξατο,
2905 3584 3086 3656 ὥσπερ
3137 3581 3320 3636 δὲκαὶ
3370 3579 3506 3645 αὐτὴ
3559 3568 3863 3643 διευλαϐη-

2212 3687 2363 3738 Θεῖσα
2409 3681 2660 3749 τούτους,
2702 3678 2923 3737 ἀπαθεῖς
2965 3677 3142 3727 κοκῶν
3189 3668 3493 3748 διεφύλαξε,
3527 3664 3616 3719 καὶ
3665 3664 3860 3722 πάντες

2207 3773 2295 3827 καὶ
2333 3770 2587 3847 βασιλεύς
2639 3769 2799 3828 αὐτὸς
2829 3766 2919 3820 τὸν
2971 3761 3150 3833 ἀληθῆ
3198 3756 3267 3813 δι’
3316 3756 3536 3811 ἐκείνων
3592 3753 3721 3808 Θεὸν
3765 3750 3861 3805 ἐπ-

2207 3865 2474 3938 έγνωσαν.
2509 3860 2778 3919 Ἐκείνους
2822 3857 2934 3929 οὐχ
2979 3855 3030 3908 οἱ
3071 3851 3121 3906 ἐν
3155 3855 3227 3926 γῇ
3282 3847 3466 3921 μόνον,
3497 3844 3645 3900 ἀλλὰ
3681 3841 3773 3896 καὶ
3805 3841 3858 3895 ἐν

2213 3953 2466 4028 οὐρανοῖς
2499 3948 2662 4024 χοροὶ
2705 3942 3123 4017 κατεπλάγησαν
3157 3958 3168 3971 ·
3219 3936 3308 3992 καὶ
3339 3935 3440 4011 γὰρ
3493 3932 3570 3994 είς
3617 3931 3712 3990 τὰς
3751 3934 3860 3982 τῶν

2211 4042 2378 4116 ἁγίων
2424 4037 2811 4112 ἀνδραγαθείας
2863 4031 2987 4086 οὐδὲ
3031 4031 3157 4089 τοὺς
3207 4027 3257 4081 ἐν
3315 4026 3564 4099 οὐρανοῖς
3620 4021 3858 4087 ἀπεῖναι,

2212 4132 2358 4187 ἀλλὰ
2398 4131 2697 4205 συμφοιτᾷν
2749 4123 3038 4190 κάκείνοις,
3084 4120 3111 4172 ὁ
3159 4119 3300 4176 θεῖος
3339 4110 3674 4171 ’Δπὸστολος
3725 4111 3859 4163 ὓπο-

2216 4225 2367 4299 φάνει
2405 4241 2417 4253 ο
2471 4197 2700 4290 Θεατρον
2759 4213 2881 4288 γὰρ,
2942 4210 3126 4282 φησὶν,
3170 4206 3496 4299 ἐγενήθημεν
3535 4199 3679 4299 ρειαί.
3707 4197 3863 4299 ἀγγέ-

2214 4285 2337 4370 λοις
2380 4309 2465 4362 καὶ
2523 4285 2855 4379 ἀνθρώποις.
2889 4301 3080 4376 Ἔχεις
3126 4298 3348 4351 τοιαῦτα
3393 4291 3482 4347 καὶ
3530 4289 3618 4344 ἐπὶ
3669 4285 3856 4343 Ἠλίαν

2219 4401 2346 4472 ὁρᾷν
2388 4416 2400 4429 ·
2440 4397 2520 4465 ὃς,
2575 4397 2649 4455 εἷς
2692 4391 2977 4464 ἅνθρωπος
3028 4386 3120 4453 ὢν,
3153 4385 3289 4458 πρὸς
3338 4381 3623 4438 πλείστους
3663 4374 3861 4449 ’ἴσχυσε

2218 4486 2305 4542 διὰ
2352 4493 2452 4555 τῆς
2501 4488 2598 4538 τοῦ
2646 4479 2899 4554 οὐρανίου
2937 4477 3108 4549 πυρὸς
3156 4478 3480 4548 καταγωγῆς
3512 4489 3523 4502 ⁸
3572 4464 3712 4520 ἀλλὰ
3759 4467 3856 4515 καί

399 4581 683 4636 cntionem
733 4577 886 4649 ignis
935 4594 963 4631 e
1013 4576 1176 4631 caelo.
1230 4576 1334 4632 Sed
1394 4584 1449 4632 et
1499 4577 1726 4648 Moyses
1777 4579 2103 4631 universam

2217 4583 2455 4645 Μωυσῆς
2512 4573 2648 4642 ὅλης
2713 4568 2984 4644 Αἰγύπτου
3043 4562 3133 4620 καί
3191 4563 3395 4636 Φαραὼ
3451 4561 3542 4614 τοῦ
3594 4553 3862 4628 τυράννου

399 4671 702 4742 Egyplum
735 4677 788 4723 et
813 4668 1173 4722 Pharaonem
1211 4665 1368 4721 204
1428 4676 1736 4738 tyrannum
1787 4668 2105 4738 superavit.

399 4763 557 4815 Idem
589 4761 648 4814 in
680 4759 752 4814 iis
784 4775 905 4828 quae
939 4759 1008 4813 de
1042 4758 1208 4825 Loth,
1262 4757 1322 4811 in
1357 4757 1428 4813 iis
1462 4774 1586 4827 quae
1616 4758 1685 4811 de
1713 4756 1850 4824 Noe,
1884 4774 2009 4828 qua:
2038 4757 2109 4812 de

403 4848 608 4903 multis
639 4847 768 4901 aliis
801 4854 1129 4913 narrantur,
1163 4862 1394 4902 cernere
1425 4854 1528 4916 est,
1573 4847 1672 4918 qui
1705 4863 1837 4902 cum
1872 4863 2107 4918 appare-

405 4941 533 4990 rent
565 4936 1052 5005 contemptibiles,
1087 4936 1283 4991 multis
1315 4937 1642 4991 illustribus
1673 4945 1725 4991 et
1775 4937 2110 5006 potentibus

406 5039 736 5095 superiores
769 5034 1095 5079 evaserunt.

477 5113 635 5168 XIX.
672 5110 852 5167 Unius
886 5116 999 5167 tere
1048 5115 1349 5183 cujusque,
1384 5130 1527 5184 quas
1577 5115 1844 5170 videmus
1894 5133 2108 5184 rerum,

408 5223 475 5262 ea
506 5203 758 5260 conditio
807 5208 915 5270 est,
963 5209 1044 5268 ut,
1079 5205 1138 5259 ni
1186 5204 1270 5259 eis
1318 5204 1616 5260 subveniat
1661 5205 1860 5259 alienae
1894 5213 2111 5261 natura:

411 5294 712 5360 auxilium,
745 5300 1028 5362 quantum
1062 5295 1121 5346 in
1164 5292 1307 5362 ipsis
1358 5299 1465 5361 est,
1513 5295 1584 5348 ad
1643 5296 1994 5365 operandam
2028 5297 2114 5350 in-

413 5386 583 5440 utiles
643 5383 1035 5447 inl'ormesque
1095 5379 1516 5450 relinquantur.
1581 5382 1897 5437 lnetl‘abilis
1955 5385 2112 5439 enim

416 5473 516 5528 Dei
547 5470 834 5544 sapientia
867 5470 1143 5541 mysteria
1173 5475 1230 5524 et
1277 5477 1440 5540 typos
1471 5488 1571 5540 per
1600 5488 1666 5526 ea
1695 5490 1817 5544 quae
1867 5475 1925 5527 in
1984 5490 2115 5530 ocu-

494 5628 539 5664 ι’
567 5625 817 5698 Philipp.
853 5642 934 5697 ιιι,
965 5625 1054 5680 20.
1132 5623 1180 5658 ²⁰
1213 5624 1233 5678 Ι
1263 5622 1392 5678 Cor.
1428 5639 1490 5694 ιι,
1521 5624 1577 5677 9.

1654 5625 1693 5658 ²¹
1731 5624 1874 5682 Dan.
1908 5643 1992 5694 ιιι,
2027 5625 2112 5682 18.

2221 4663 2573 4740 περιεγένετο.
2608 4663 2776 4714 Τοῦτο
2825 4657 2916 4711 καὶ
2946 4655 3034 4710 ἐπὶ
3068 4654 3208 4708 Λὼτ’
3255 4654 3416 4704 τοῦτο
3465 4647 3554 4702 καὶ
3599 4643 3686 4698 ἒπὶ
3713 4644 3859 4710 Νῶε,

2217 4756 2306 4809 καὶ
2339 4755 2426 4809 ἐπὶ
2472 4749 2699 4806 πολλῶν
2734 4744 2870 4808 ἴδοις
2918 4743 3110 4818 ἑτέρων
3147 4761 3160 4774 ⁸
3197 4738 3397 4799 οτίτινες
3426 4742 3507 4809 τῷ
3551 4731 3863 4807 φαινομένῳ

2219 4843 2435 4911 πολλὴν
2471 4837 2743 4894 εὐτέλειαν
2778 4833 3172 4909 ὑπερχόμενοι,
3205 4826 3430 4884 πολλῶν
3464 4825 3718 4898 ἐκράτουν
3752 4820 3863 4875 ἐπι-

2219 4936 2284 5004 σή
2297 4953 2411 5006 μων
2441 4929 2532 4984 καὶ
2565 4926 2823 4982 δυνατῶν.

2298 5117 2399 5170 ΙΘ’.
2446 5106 2688 5178 Ἑκάστῳ
2729 5108 2838 5159 τῶν
2890 5101 3253 5176 φαινομένων,
3301 5099 3361 5165 ἣν
3423 5096 3500 5167 μὴ
3551 5092 3638 5148 καὶ
3685 5090 3864 5160 ὲτὲρου

2221 5225 2302 5265 τις
2354 5202 2473 5273 ξένη
2535 5197 2691 5274 φύσις
2747 5194 2883 5268 πρὸς
2941 5192 3196 5261 βοήθειαν
3255 5185 3583 5262 ἐπιγένοιτο,
3623 5181 3685 5236 τὸ
3745 5179 3864 5233 ὅσον

2223 5294 2340 5348 καθ’
2371 5290 2528 5345 ἑαυτὸ
2577 5283 2895 5358 ἇνὲργαστὸν
2946 5280 3060 5334 ἐστι
3103 5278 3193 5332 καὶ
3245 5275 3581 5344 ἀκόσμητον.
3617 5273 3716 5324 Καὶ
3766 5268 3868 5344 γὰρ

2224 5385 2258 5452 ἡ
2289 5381 2384 5435 τοῦ
2418 5379 2550 5434 Θεοῦ
2591 5374 2859 5452 ἄφραστος
2893 5370 3054 5446 σοφία
3094 5367 3364 5440 μυστήρια
3405 5362 3497 5416 καὶ
3545 5361 3750 5418 τύπους
3783 5353 3872 5410 διὰ

2222 5446 2330 5526 τῶν
2357 5446 2977 5542 ὁρωμένων-δείκνυσιν,
3020 5455 3206 5531 ὅτιπερ
3240 5455 3274 5524 ἡ
3323 5449 3638 5528 ἀνθρωπίνη
3689 5446 3872 5527 φύσις,

2189 5627 2234 5661 ¹²
2268 5627 2290 5682 Ι
2320 5624 2445 5682 Cor.
2478 5629 2554 5688 iv,
2584 5620 2640 5674 9.
