4076 6280
329 355 447 415 925

1597 348 1833 410 LIBER
1876 348 1978 408 DE
2021 345 2491 408 CHARITATE.

3678 347 3796 408 926

335 488 456 542 καθ’
487 486 682 554 ἑαυτὴν
715 483 869 554 οὖσα,
901 484 1000 554 τὴν
1050 483 1239 552 ἐντελῆ
1272 487 1380 537 τῶν
1428 485 1631 556 ἀρετῶν
1673 479 1980 555 διακόσμη-

2165 499 2182 536 3
2215 481 2542 550 incurrunt,
2575 481 2764 551 iisque
2827 485 3114 536 monstrat
3143 485 3413 537 naturam
3445 482 3789 552 humanam,

335 596 415 630 σιν
458 576 546 630 καὶ
586 576 684 645 τὴν
735 575 1104 646 πνευματικὴν
1154 572 1471 646 εὐπρέπειαν
1518 575 1616 637 τῆς
1670 571 1979 647 ἁγιωσύνης

335 659 508 730 ἐκτὸς,
543 659 592 713 εἰ
625 660 700 732 μή
732 659 823 713 καὶ
860 665 959 726 τῆς
993 659 1136 719 θείας
1177 655 1486 712 ἀπολαύσοι
1529 658 1736 731 χειρὸς,
1787 655 1979 710 ἀδύνα-

333 750 424 810 τός
477 748 618 804 ἐστιν
656 747 1041 818 ἐπιδείξασθαι.
1076 750 1200 802 Οἷον
1251 751 1285 816 ἡ
1337 754 1432 822 γῆ,
1481 749 1598 801 καθ’
1647 747 1842 814 ἑαυτῆς
1891 747 1978 818 μέ-

331 860 516 906 νουσα,
551 838 600 893 εἴ
634 839 710 910 μή
762 837 1026 912 μετάσχοι
1058 843 1158 904 τῆς
1207 833 1292 890 διὰ
1323 841 1429 891 τῶν
1486 841 1738 911 γηπόνων
1788 835 1976 906 ἐπιμε-

335 925 504 993 λείας,
555 928 667 982 εἶτα
705 927 793 981 καὶ
843 929 942 994 τήν
991 927 1049 980 ἐκ
1091 931 1198 981 τῶν
1247 920 1472 1000 ὄμϐρων
1521 925 1610 979 καὶ
1668 929 1763 979 τοῦ
1807 923 1977 992 ἡλίου

330 1016 682 1086 καταδέξηται
725 1015 1028 1090 συνεργίαν,
1078 1011 1450 1085 ἀνεπιτήδειός
1499 1014 1608 1068 ἐστι
1649 1014 1736 1068 καὶ
1782 1014 1978 1082 ἥκιστα

334 1104 562 1180 διαρκὴς
610 1107 745 1178 πρὸς
803 1105 1186 1180 καρπογονίαν.
1245 1106 1342 1159 Καὶ
1397 1105 1552 1166 οἶκος
1603 1101 1660 1158 δὲ
1717 1109 1820 1164 πᾶς
1877 1106 1977 1157 τοῦ

333 1199 569 1265 ἡλιακοῦ
601 1193 762 1250 τοῦδε
792 1193 962 1249 δεῖται
993 1196 1195 1272 φωτὸς,
1230 1195 1361 1268 ὅπερ
1395 1195 1496 1248 οὐκ
1523 1189 1634 1247 ἔστι
1664 1199 1764 1262 τῆς
1809 1192 1976 1260 αὐτῆς

333 1285 522 1358 ἐκείνῳ
563 1285 772 1360 φύσεως
804 1303 816 1316 ’
860 1284 972 1338 ἐπεὶ
1021 1283 1245 1345 σκότους
1293 1283 1352 1338 ἂν
1405 1282 1488 1351 εἷή
1539 1281 1977 1357 πεπληρωμένος

333 1377 420 1432 καὶ
454 1376 736 1454 ἄχρηστος
774 1393 784 1403 ·
830 1373 918 1428 καί
955 1370 1112 1447 ἕτερα
1161 1370 1216 1427 δὲ
1262 1371 1478 1434 τούτοις
1528 1373 1737 1444 ὁμοίως
1778 1365 1978 1448 ἔχοντα

336 1465 478 1540 ὄψει.
511 1466 610 1518 Τὸν
662 1463 822 1518 αὐτὸν
874 1461 962 1516 οὖν
995 1463 1196 1536 τρόπον
1251 1465 1339 1516 καὶ
1389 1465 1423 1530 ἡ
1473 1461 1788 1536 ἀνθρωπίνη
1822 1461 1976 1537 φύσις

336 1552 630 1620 ἀδυνάτως,
662 1555 780 1607 καθ’
812 1553 1004 1620 ἑαυτὴν
1039 1557 1271 1628 σχοῦσα,
1293 1551 1417 1613 τοὺς
1447 1550 1692 1624 καρποὺς
1722 1555 1828 1604 τῶν
1863 1551 1981 1623 ἀρε-

336 1647 442 1697 τῶν
499 1643 743 1704 τελείους
812 1640 1154 1710 ἀποδιδόναι,
1214 1639 1384 1696 δεῖται
1442 1645 1538 1695 τοῦ
1610 1643 1979 1712 πνευματικοῦ

339 1739 586 1814 γηπόνου
635 1741 740 1791 τῶν
779 1733 1062 1810 ἡμετέρων
1112 1737 1326 1807 ψυχῶν,
1374 1730 1618 1786 τουτέστι

342 1847 507 1898 ματος
536 1830 634 1880 τοῦ
665 1829 898 1896 Χριστοῦ
924 1844 934 1854 ·
972 1823 1100 1896 ὅπερ
1136 1823 1224 1876 καὶ
1249 1822 1380 1875 αὐτὸ
1413 1821 1557 1890 ξένον
1577 1826 1675 1888 τῆς
1709 1819 1978 1891 ἡμετέρας
2015 1847 2056 1908 Β

336 1919 574 1994 ἀτεχνῶς
603 1917 814 1995 φύσεως
850 1933 862 1948 ⁸
895 1915 1096 1986 κτίσμα
1141 1914 1241 1987 γὰρ
1291 1915 1475 1984 ἡμεῖς,
1525 1909 1648 1964 τόδε
1687 1908 1934 1964 ἄκτιστον
1965 1929 1975 1941 ·

333 2007 424 2060 ’ἱνα
451 2009 538 2062 καὶ
589 2010 656 2080 τῇ
691 2004 802 2075 ἰδίᾳ
848 2004 1019 2081 τέχνῃ
1077 2009 1390 2076 γεωργῆσαν
1423 2006 1530 2055 τῶν
1575 2004 1784 2053 πιστῶν
1835 2021 1980 2075 φημι

334 2100 430 2159 τας
469 2093 714 2169 καρδίας,
747 2093 842 2155 τὰς
883 2094 999 2164 ὅλῳ
1047 2090 1318 2164 θελήματι
1350 2091 1538 2150 ἑαυτὰς
1569 2094 1646 2160 τῷ
1685 2109 1978 2160 πνευματι-

335 2192 416 2259 κῷ
463 2191 694 2260 γεωργῷ
737 2181 1102 2258 παραδούσας,
1150 2179 1390 2241 τελείους
1437 2180 1563 2240 τοὺς
1595 2179 1834 2251 καρποὺς
1882 2181 1978 2232 τοῦ

339 2278 651 2350 Πνεύματος
707 2272 1006 2329 ἀποδοῦναι
1073 2273 1472 2345 παρασκευάσῃ,
1545 2267 1740 2342 λαμψῃ
1795 2290 1854 2324 τε
1917 2268 1980 2321 τὸ

335 2368 526 2422 ἑαυτοῦ
566 2371 680 2442 φῶς
711 2363 760 2418 ἐν
809 2368 878 2436 τῇ
919 2361 1268 2434 ἐσκοτισμένῃ
1305 2365 1422 2421 τοῖς
1461 2361 1680 2414 πάθεσιν
1727 2365 1826 2426 τῆς
1877 2361 1981 2430 ψυ-

335 2463 445 2534 χῆς
475 2459 634 2528 ἡμῶν
677 2453 842 2524 οἰκίᾳ.

409 2546 482 2601 K'.
518 2543 754 2606 Διπλοῦς
802 2543 913 2596 ἐστι
956 2546 1070 2603 τοῖς
1123 2547 1468 2614 Χριστιανοις
1513 2541 1540 2592 ὁ
1589 2537 1860 2609 πόλεμος,
1891 2536 1978 2592 καὶ

335 2633 506 2704 διπλῇ
551 2637 586 2702 ἡ
627 2631 778 2702 πάλη
813 2645 824 2665 ¹
871 2632 1009 2707 πρός
1059 2652 1118 2685 τε
1163 2632 1230 2684 τὰ
1279 2629 1531 2703 ὁρώμενα
1575 2631 1651 2699 τῷ
1710 2628 1981 2700 ὀφθαλμῷ

334 2723 514 2796 τούτῳ
543 2743 555 2754 '
611 2720 904 2795 ὑπερετίζει
953 2719 1055 2795 γὰρ
1091 2723 1260 2773 ταῦτα
1306 2719 1394 2772 καὶ
1447 2715 1852 2792 διαγαργαλίζει
1891 2716 1980 2769 καὶ

334 2811 632 2888 περακαλεῐ
677 2813 776 2879 τὴν
832 2811 1020 2886 ψυχὴν
1071 2809 1444 2882 προσπάσχειν
1493 2806 1676 2867 αὐτοῖς
1725 2805 1814 2860 καὶ
1865 2827 1982 2858 συν-

641 2900 756 2954 εἶτα
784 2900 874 2953 καὶ
907 2899 1043 2972 πρὸς
1073 2898 1167 2959 τὰς
1199 2901 1294 2951 τοῦ
1328 2895 1500 2950 δεινοῦ
1543 2896 1980 2968 κοσμοκράτορος

1669 1735 1764 1784 τοῦ
1811 1729 1982 1784 Πνεύ-

337 2899 560 2970 ἥδεσθαι
594 2919 605 2932 ⁸

342 2987 516 3064 ἀρχὰς
555 2988 646 3041 καὶ
676 2985 934 3054 ἐξουσίας.

413 3079 538 3131 ΚΑ’.
573 3079 635 3129 Ἦ
669 3071 796 3142 δόξα
845 3074 1102 3142 Μωσέως,
1137 3072 1202 3140 ἢν
1243 3072 1328 3126 ἐπὶ
1376 3076 1472 3126 τοῦ
1503 3072 1800 3146 προσώπου
1841 3071 1982 3147 εἶχε,

336 3165 506 3228 τύπος
551 3171 648 3232 τῆς
698 3161 939 3233 ἀληθοῦς
997 3159 1155 3231 δόξης
1209 3166 1306 3216 τοῦ
1364 3161 1626 3236 παναγίου
1677 3160 1983 3231 Πνεύματος

338 3257 404 3324 ἦν
436 3277 448 3289 ·
492 3255 548 3309 ὃν
579 3255 684 3329 γὰρ
713 3252 914 3328 τρόπον
957 3251 1068 3305 ἐκεῖ
1098 3256 1200 3311 πᾶς
1231 3249 1380 3310 ὅστις
1429 3248 1667 3304 ἀτενίσαι
1699 3246 1982 3307 ἀδύνατος.

339 3343 494 3400 Οὕτω
523 3343 613 3398 καὶ
644 3348 736 3396 νῦν
775 3340 976 3411 ταύτην
1009 3341 1106 3408 τὴν
1156 3337 1330 3408 δόξαν,
1371 3339 1468 3406 τὴν
1503 3339 1685 3412 ψυχὴν
1729 3345 1984 3412 Χριστια-

341 3435 439 3501 νήν
493 3431 934 3504 έπιλάμπουσαν,
966 3432 1028 3485 τὸ
1077 3433 1184 3484 τῶν
1232 3429 1419 3482 παθῶν
1476 3427 1667 3488 σκότος
1699 3427 1805 3501 οὐχ
1859 3428 1988 3481 ὁπο-

345 3523 492 3597 μένει
527 3542 538 3555 ·
583 3521 708 3576 ἀλλ’
768 3521 872 3575 ὑπὸ
918 3527 1016 3589 τῆς
1066 3518 1236 3594 αὐγῆς
1286 3517 1484 3588 ταύτης
1534 3513 1984 3590 ἀποδιωκόμενον

343 3611 592 3690 φεύγεται
603 3654 615 3669 .

415 3702 530 3757 ΚΒ’.
564 3705 650 3773 Τῷ
698 3697 997 3779 φιλαλήθει
1045 3698 1134 3753 καὶ
1185 3695 1424 3775 φιλοθέῳ
1471 3696 1561 3750 καὶ
1607 3703 1706 3766 τῆς
1749 3696 1990 3771 ἐπουρα-

337 3792 459 3848 νίου
501 3790 844 3867 γλυκύτητος
889 3787 1228 3862 γευσαμένῳ,
1259 3785 1493 3863 ἔμφυτόν
1552 3805 1610 3840 τε
1657 3787 1748 3839 καὶ
1793 3805 1990 3860 κεκρα-

343 3882 509 3953 μένην
558 3878 610 3934 ἐν
636 3882 704 3949 τῇ
755 3881 909 3952 ψυχῇ
957 3877 1278 3948 κεκτημένῳ
1325 3875 1422 3943 τήν
1475 3873 1662 3947 χάριν,
1708 3876 1796 3927 καὶ
1846 3871 1992 3935 ὅλως

341 3969 532 4023 ἑαυτὸν
607 3971 721 4026 τοῖς
798 3964 1074 4035 θελήμασι
1137 3969 1236 4030 τῆς
1313 3963 1545 4035 χάριτος
1624 3961 1993 4042 ἐπιτρέψαντι,

341 4059 518 4114 πάντα
547 4059 642 4108 τοῦ
691 4052 884 4112 αἰῶνος
933 4049 1096 4105 τοῦδε
1150 4049 1238 4104 διὰ
1288 4051 1476 4122 μίσους
1527 4047 1636 4102 ἐστί
1694 4071 1704 4082 ·
1735 4049 1990 4122 κρείττων

341 4149 448 4224 γὰρ
508 4146 665 4206 οὗτος
714 4148 820 4198 τῶν
876 4145 973 4196 τοῦ
1031 4140 1242 4212 κόσμου
1301 4138 1530 4208 κατέστη
1573 4139 1790 4193 πάντων
1829 4161 1840 4172 ·
1898 4139 1993 4195 κᾶν

343 4235 550 4312 χρυσὸν
602 4231 782 4306 εἷ’πῃς,
835 4229 930 4284 κᾶν
991 4227 1244 4303 ἄργυρον,
1292 4226 1390 4282 κᾶν
1447 4228 1612 4298 τιμὰς
1667 4227 1756 4280 καὶ
1817 4224 1995 4298 δόξας,

341 4324 440 4382 κᾶν
491 4319 871 4398 μακαρισμοὺς
920 4318 1009 4374 καὶ
1040 4317 1332 4378 ἐπαίνους⁶
1386 4317 1472 4370 ὑπ’
1515 4313 1733 4378 οὒδενὸς
1785 4314 1996 4370 ἁλῶναι

340 4421 450 4472 τῶν
478 4413 738 4471 τοιούτων
775 4409 993 4466 δύναται
1029 4429 1042 4443 ·
1075 4409 1262 4464 καθότι
1294 4405 1538 4462 πλούτου
1569 4405 1748 4462 ἄλλου
1798 4408 1888 4461 καὶ
1917 4427 1998 4461 τι-

345 4515 454 4582 μῆς
490 4503 693 4576 ἄλλης,
726 4502 910 4576 ἑτέρας
951 4496 1008 4554 δὲ
1057 4495 1217 4568 δόξης
1267 4497 1344 4558 εἷς
1391 4502 1580 4571 πεῖραν
1629 4497 1874 4574 ἀφῖκται,
1906 4515 1998 4566 καὶ

2085 571 2198 627 sibi
2232 571 2486 626 relictam
2510 570 2643 638 soli,
2672 586 2800 625 esse
2821 569 3268 627 insufﬁcientem
3291 574 3358 626 ad
3389 572 3715 628 exhibendu
3741 588 3792 626 m

2088 662 2146 716 in
2178 679 2239 716 se
2273 663 2588 731 perfectum
2647 662 2932 714 virtutum
2993 666 3264 716 ornatum
3323 671 3377 716 et
3425 663 3792 732 spiritualem

2089 750 2487 806 sanctimoniae
2544 751 2826 815 decorem,
2864 750 2972 804 nisi
3007 751 3217 806 divinas
3238 751 3500 806 subsidio
3533 752 3795 820 perfrua-

2087 845 2180 894 tur
2207 857 2432 895 manus.
2464 839 2624 894 Sicut
2660 848 2829 906 terra,
2863 839 2923 892 in
2978 841 3103 894 suis
3129 857 3371 894 manens
3405 840 3794 906 naturalibus,

2088 929 2194 984 nisi
2229 929 2612 998 agricolarum
2665 930 2886 981 artibus
2945 930 3359 999 laboribusque
3421 933 3794 1000 praeparetur,

2089 1028 2477 1090 praetereaque
2508 1019 2619 1072 nisi
2654 1023 2710 1072 et
2740 1017 3014 1072 imbrium
3069 1023 3124 1072 et
3161 1019 3297 1072 solis
3329 1019 3610 1088 benignos
3651 1035 3798 1074 recl-

2089 1110 2210 1182 piat
2259 1109 2542 1173 inﬂuxus,
2591 1108 2788 1178 inepta
2845 1111 2932 1161 est
2999 1116 3050 1161 et
3110 1108 3350 1162 minime
3396 1109 3695 1164 sufficiens
3724 1111 3797 1164 ad

2091 1199 2414 1270 gignendos
2447 1199 2708 1266 fructus;
2743 1197 3014 1251 similiter
3044 1203 3100 1252 et
3148 1199 3354 1252 domus
3407 1197 3698 1268 quaelibet,
3736 1200 3798 1251 ut

2092 1289 2190 1343 fiat
2238 1287 2590 1352 habitabilis,
2640 1294 2766 1357 eget
2833 1285 3056 1340 lumine
3116 1287 3312 1350 solari,
3356 1287 3556 1341 alienae
3607 1288 3801 1357 utique

2089 1381 2159 1432 ab
2181 1379 2306 1448 ipsa
2337 1381 2596 1442 naturas;
2633 1393 2745 1446 quo
2778 1376 2827 1430 si
2878 1379 3087 1441 careat,
3122 1376 3355 1446 oppleta
3376 1376 3631 1430 tenebris
3656 1375 3800 1430 nulli

2088 1467 2166 1523 sit
2197 1466 2368 1520 usui:
2403 1465 2496 1518 his
2541 1465 2758 1520 similia
2811 1465 2993 1518 multa
3040 1465 3296 1520 videbis:
3331 1466 3402 1519 ad
3435 1465 3587 1519 hunc
3619 1465 3798 1533 igitur

2088 1557 2328 1611 modum
2388 1556 2644 1609 humana
2687 1571 2914 1625 quoque
2965 1559 3174 1608 natura
3229 1555 3526 1625 impotens
3585 1571 3682 1624 per
3741 1571 3798 1609 se

2087 1646 2270 1715 ipsam
2295 1649 2378 1698 est
2408 1645 2480 1698 ad
2529 1644 2754 1697 fructus
2804 1643 3082 1697 virtutum
3133 1644 3414 1713 perfectos
3467 1643 3803 1714 producen-

2088 1735 2224 1800 dos;
2249 1733 2585 1802 indigetque
2606 1733 2676 1786 ad
2710 1733 2765 1786 id
2795 1748 2968 1800 opera
3008 1733 3331 1802 spiritualis
3373 1732 3637 1804 agricolae
3671 1733 3801 1787 ani-

2089 1837 2317 1876 marum
2353 1827 2709 1886 nostrarum,
2744 1821 2960 1890 quiest
3009 1821 3258 1891 Spiritus
3307 1823 3546 1888 Christi,
3596 1823 3797 1876 alienas

2093 1913 2344 1982 profecto
2375 1929 2406 1966 a
2439 1915 2638 1966 nostra
2713 1919 2952 1975 naturae,
2992 1927 3124 1964 cum
3191 1927 3256 1965 eo
3305 1919 3600 1976 creaturas,
3671 1914 3796 1982 ipse

2089 2001 2381 2056 increatus
2407 2001 2482 2054 ait
2517 2021 2530 2068 ;
2567 2005 2629 2054 ut
2683 1999 3013 2055 excolendis
3050 2007 3170 2054 artu
3228 1999 3338 2055 sibi
3385 2002 3617 2071 propria
3649 2002 3796 2056 fide-

2089 2089 2232 2143 lium
2291 2089 2576 2154 cordibus,
2612 2087 2703 2155 iis,
2761 2089 3020 2158 inquam,
3054 2105 3184 2158 quas
3213 2105 3272 2144 se
3331 2094 3453 2144 tota
3502 2089 3794 2145 voluntate

2090 2178 2382 2248 spirituali
2440 2177 2640 2232 colono
2691 2179 2966 2248 praebent,
3001 2179 3216 2232 alliciat
3255 2194 3322 2233 ea
3361 2179 3572 2234 feracia
3605 2180 3799 2249 perfe-

2091 2275 2314 2322 cturum
2348 2266 2596 2337 Spiritus
2629 2267 2959 2334 fructuum;
2994 2271 3050 2322 et
3083 2267 3274 2322 lumen
3307 2268 3436 2338 ejus
3491 2269 3797 2338 splendeat

2090 2355 2148 2410 in
2216 2355 2591 2411 obteuebrata
2649 2357 3178 2424 perturbationibus
3239 2356 3549 2412 affectuum
3583 2357 3791 2412 animae

2092 2450 2302 2499 nostra:
2329 2445 2522 2499 domo.

2160 2534 2272 2590 XX.
2340 2534 2556 2605 Duplex
2613 2535 2953 2591 Christianis
3001 2543 3086 2591 est
3163 2536 3380 2592 bellum
3439 2542 3495 2592 et
3592 2536 3804 2607 duplex

2090 2623 2268 2680 lucta.
2299 2626 2443 2680 Nam
2477 2633 2531 2678 et
2559 2641 2626 2679 ea
2683 2640 2806 2695 quas
2867 2641 2929 2680 se
2976 2627 3230 2692 corporis
3275 2627 3458 2681 oculis
3491 2626 3808 2712 objiciunt,

2095 2716 2364 2780 invitant,
2426 2714 2716 2769 titillando
2773 2715 3008 2770 irritant
3053 2721 3109 2770 et
3159 2721 3471 2786 provocant
3518 2717 3804 2779 animum,

2093 2805 2160 2860 ad
2193 2821 2254 2858 se
2292 2805 2498 2860 affectu
2551 2803 3009 2874 complectenda,
3043 2810 3097 2858 et
3143 2807 3208 2858 ad
3270 2805 3480 2860 oblatis
3542 2821 3644 2874 per
3685 2804 3812 2873 ipsa

2089 2893 2480 2962 voluptatibus
2508 2894 2816 2947 fruendum
2846 2894 3142 2963 ;uItraque
3175 2895 3318 2962 hmo,
3351 2897 3626 2949 adversus
3659 2895 3808 2948 acris

2095 2983 2376 3053 principis
2410 2981 2613 3036 mundi
2647 2983 3008 3052 principatus
3039 2993 3090 3036 et
3127 2989 3460 3052 potestates.

2162 3070 2304 3126 XXI.
2339 3071 2533 3124 Gloria
2591 3071 2761 3125 Musis
2820 3087 2992 3142 quam
3043 3072 3099 3124 in
3149 3073 3294 3126 facie
3353 3073 3557 3126 habuit
3582 3073 3647 3137 2³,
3711 3077 3804 3141 ty-

2095 3177 2203 3230 pus
2236 3175 2382 3212 vcrze
2439 3160 2634 3230 gloria:
2703 3161 3058 3214 sanctissimi
3119 3160 3371 3230 Spiritus
3403 3166 3562 3228 erat;
3595 3177 3801 3230 quem-

2096 3251 2408 3306 admodum
2456 3249 2610 3304 enim
2662 3248 2780 3302 illic
2840 3267 3010 3306 nemo
3063 3255 3286 3319 poterat
3329 3250 3629 3305 intendere
3661 3265 3802 3304 ocu-

2095 3340 2184 3396 los
2259 3341 2318 3396 in
2370 3340 2545 3393 Mosis
2607 3341 2810 3394 faciem
2869 3340 2934 3406 2‘,
2977 3341 3058 3394 sic
3108 3347 3164 3395 et
3214 3357 3367 3395 nunc
3426 3340 3806 3412 resplenden-

2094 3435 2209 3484 tem
2245 3429 2302 3483 in
2336 3429 2530 3484 anima
2553 3429 2908 3485 Christianas
2947 3432 3229 3500 ejusmodi
3262 3429 3500 3502 gloriam
3559 3430 3808 3486 tenebras

2093 3519 2404 3574 affectuum
2438 3537 2548 3574 non
2571 3521 2890 3577 sustinent:
2928 3521 3028 3577 sed
3070 3521 3142 3576 ab
3193 3520 3291 3576 illo
3324 3522 3540 3576 abacta:
3576 3519 3801 3592 fulgore

2097 3609 2438 3680 diffugiunt.

2165 3699 2334 3754 XXII.
2371 3699 2427 3753 Ei
2481 3701 2582 3771 qui
2630 3701 2930 3756 veritatem
2989 3703 3045 3756 et
3095 3701 3272 3756 Deum
3333 3704 3512 3768 amat,
3538 3700 3798 3770 quinque

2096 3789 2385 3845 caelestem
2441 3791 2807 3846 dulcedinem
2859 3792 3138 3862 gustavit,
3169 3797 3226 3846 et
3283 3791 3518 3846 insitam
3559 3805 3803 3846 concre-

2099 3883 2340 3948 tamque
2371 3880 2601 3948 penitus
2631 3881 2836 3933 animm
2883 3881 3136 3946 possidet
3190 3880 3464 3949 gratiam,
3497 3884 3812 3948 totumque

2102 3986 2164 4024 se
2219 3967 2471 4021 arbitriis
2517 3969 2714 4037 gratiae
2785 3968 3069 4038 permisit.
3116 3967 3308 4022 omnia
3365 3968 3558 4022 saeculi
3637 3967 3815 4041 buju.

2101 4071 2266 4112 exosa
2299 4059 2458 4110 sunt.
2519 4055 2888 4110 Praestantior
2953 4056 3164 4127 quippe
3223 4056 3316 4112 hic
3358 4067 3411 4110 et
3456 4057 3723 4126 superior
3753 4063 3814 4112 et

2105 4145 2556 4216 quibuscunque
2617 4147 2814 4202 mundi
2869 4147 3066 4214 rebus,
3115 4147 3232 4202 sive
3291 4163 3497 4202 aurum
3571 4145 3806 4205 dixeris.

2107 4236 2226 4290 sive
2283 4239 2619 4305 argentum;
2689 4237 2810 4290 sive
2880 4237 3126 4292 honores
3181 4241 3238 4292 et.
3303 4235 3634 4307 dignitates,
3691 4236 3809 4290 sive

2107 4327 2635 4397 congratulationes
2694 4331 2750 4381 et
2815 4325 3052 4394 laudes;
3160 4326 3318 4382 nullo
3421 4325 3626 4380 talium
3684 4326 3814 4396 capi

2109 4421 2320 4486 potest.
2345 4416 2618 4484 quoniam
2676 4414 2920 4470 aliarum
2969 4415 3139 4486 longe
3180 4415 3531 4482 divitiarum,
3566 4414 3806 4470 alterius

2111 4503 2526 4558 excellentioris
2601 4505 2901 4574 dignitatis
2965 4510 3200 4574 gustum
3275 4505 3617 4576 experiendo
3687 4517 3814 4573 per-

341 4570 520 4670 Ῑῆδονῇ
577 4570 836 4673 ἀφθ-ἇρτώ
881 4589 1134 4668 τρέφεται
1183 4589 1282 4656 τὴν
1340 4570 1550 4660 ψυχὴν,
1603 4570 1692 4640 καί
1749 4583 1984 4656 αἷίσθησιι

2165 4593 2278 4662 epit,
2301 4601 2356 4647 et
2384 4570 2694 4663 voluptate—
2723 4570 3144 4666 incorruptibili
3195 4570 3392 4650 anima
3431 4594 3558 4664 ejus
3590 4570 3768 4647 alitur
3797 4611 3812 4660 ;

341 4687 460 4761 ἔχει
505 4685 595 4740 καὶ
648 4682 1024 4758 πληροφορίαν
1067 4683 1237 4734 πᾶσαν
1289 4675 1376 4732 διὰ
1414 4683 1512 4745 τῆς
1560 4675 1850 4738 κοινωνίας
1897 4679 1994 4730 τοῦ

341 4773 677 4846 Πνεύματος.

415 4867 534 4920 Kl".
587 4863 778 4931 Οὗτος,
829 4861 1004 4928 ὁπόση
1062 4863 1140 4930 τῷ
1200 4857 1411 4934 λογικῷ
1469 4855 1688 4928 ποιμένι
1751 4852 1985 4932 διαιρορὰ

337 4951 474 5026 πρὸς
503 4952 568 5006 τὰ
599 4949 773 5023 ἄλογα
819 4947 1128 5022 θρέμματα,
1157 4944 1414 5001 τοσοῦτον
1464 4944 1514 4999 έν
1549 4943 1755 4999 συνέσει
1803 4965 1861 4999 τε
1903 4939 1994 4998 καὶ

336 5040 528 5122 γνώσει
559 5040 648 5095 καὶ
695 5036 984 5110 διακρίσει,
1015 5041 1122 5090 τῶν
1171 5035 1468 5107 ἀνθρώπων
1521 5031 1787 5110 διαφέρων
1827 5033 1935 5088 ἐστί
1971 5053 1985 5067 ⁸

337 5136 428 5191 καὶ
452 5136 552 5210 γὰρ
574 5129 748 5186 ἄλλου
768 5128 1080 5200 Πνεύματος
1098 5128 1206 5196 ,καὶ
1230 5124 1410 5180 ἄλλου
1437 5123 1766 5195 νοὸςρἱλλης
1796 5146 1854 5179 τε
1877 5145 1994 5180 συν-

342 5231 508 5288 έσεως
537 5225 626 5280 καὶ
661 5221 850 5300 σοφίας
877 5219 1020 5292 παρὰ
1049 5220 1148 5286 τήν
1178 5216 1512 5288 τοῠκόσμου
1542 5215 1738 5271 τούτου
1777 5215 1996 5290 μετέχει

343 5316 576 5394 σοφίαν·
637 5313 843 5385 Σοφίαν
902 5308 1030 5382 γὰρ,
1091 5306 1248 5378 φησὶ,
1304 5303 1584 5377 λαλοῦμεν
1643 5303 1693 5357 ἐν
1746 5309 1861 5364 τοῖς
1898 5325 1994 5357 τε-

343 5389 517 5466 λείοις
549 5422 562 5436 ·
613 5401 805 5476 σοφίαν
857 5397 914 5453 δὲ
947 5395 1010 5451 ού
1059 5399 1156 5450 τοῦ
1206 5394 1412 5457 αἰῶνος
1451 5392 1670 5460 τούτου,
1716 5389 1840 5445 οὐδὲ
1889 5395 1997 5446 τῶν

347 5495 625 5569 ἀρχόντων
693 5494 790 5547 τοῦ
872 5487 1068 5548 αἰῶνος
1152 5483 1346 5540 τούτου
1432 5485 1539 5536 τῶν
1624 5481 1997 5558 καταργουμέ-

369 5679 415 5714 ²⁸
449 5677 628 5733 Exod.
672 5689 856 5746 xxnv,
889 5672 978 5730 30.
1057 5670 1104 5708 ³⁵
1132 5669 1180 5725 II
1220 5667 1346 5724 Cor.
1389 5679 1470 5728 III,
1507 5666 1567 5720 7.

2103 4699 2400 4754 sensuque
2449 4683 2652 4738 intimo
2711 4701 2776 4739 ac
2835 4683 3198 4754 possessione
3255 4683 3420 4738 beata
3477 4681 3816 4737 communi-

2103 4772 2245 4826 catis
2277 4774 2348 4826 ab
2380 4772 2738 4828 inhabitants
2770 4774 2879 4844 ipsi
2911 4774 3128 4844 Spiritu
3163 4774 3372 4828 fruitur
3394 4773 3600 4843 bonis.}

2173 4859 2371 4916 XXIII.
2423 4862 2610 4932 Hujus
2652 4867 2812 4917 tanta
2854 4869 2944 4919 est
2995 4880 3176 4936 supra
3215 4862 3486 4934 vulgares
3545 4859 3812 4917 homines

2103 4949 2464 5017 excellentia,
2499 4960 2782 5021 quantum
2832 4953 3054 5007 ratione
3103 4951 3378 5022 praeditus
3434 4954 3634 5022 pastor
3661 4949 3808 5004 emi-

2106 5047 2206 5096 net
2237 5057 2410 5111 supra
2461 5041 2660 5096 brutas
2719 5046 3003 5113 pecudes;
3040 5048 3284 5109 tantum,
3343 5041 3606 5110 inquam,
3663 5040 3811 5096 anti-

2106 5135 2224 5186 stat
2275 5131 2607 5186 mortalium
2655 5133 2874 5187 cisteris
2922 5132 3228 5201 sapientia,
3276 5132 3539 5200 scientia,
3599 5130 3817 5185 discre-

2107 5219 2283 5287 tione,
2317 5221 2532 5292 quippe
2589 5222 2688 5292 qui
2749 5221 2928 5277 alium
2976 5224 3276 5292 Spiritum,
3308 5221 3480 5277 aliam
3531 5223 3812 5284 mentem,

2108 5309 2276 5363 aliam
2309 5311 2678 5379 prudentium
2736 5328 2801 5366 ac
2849 5311 3218 5382 sapientiam,
3270 5327 3448 5383 quam
3510 5304 3816 5376 prudentia

2109 5399 2314 5452 mundi
2361 5404 2468 5464 est,
2521 5401 2796 5470 possidet.
2848 5401 3192 5469 Sapientiam
3237 5403 3414 5466 enim,
3467 5393 3684 5465 inquit,
3739 5390 3818 5448 lo-

2106 5490 2330 5558 quimur
2350 5489 2498 5546 205
2532 5493 2683 5546 inter
2707 5493 2988 5563 perfectos,
3003 5490 3335 5564 sapientiam
3373 5505 3496 5548 vero
3523 5504 3631 5544 non
3655 5488 3822 5560 hujus
