4076 6280
343 366 455 426 927

1688 353 1744 413 S-
1797 353 2114 416 MAGABII
2159 355 2498 418 IEGYPTII

3689 352 3812 416 928

341 491 534 548 saeculi
552 508 572 556 ;
595 503 770 559 neque
788 483 1105 558 principum
1133 482 1296 554 hujus
1317 481 1519 548 saeculi,
1538 484 1637 555 qui
1673 483 2048 561 destruuntur,

2168 501 2322 539 νων’
2381 482 2528 540 ἀλλὰ
2585 480 2862 555 λαλοῦμεν
2929 479 3116 559 σοφίαν
3177 483 3332 548 Θεοῦ,
3389 475 3441 534 iv
3503 481 3815 558 μυστηρίῳ.

344 580 436 636 sed
466 577 752 651 loquimur
789 577 889 631 Dei
943 575 1268 637 sapientiam
1303 574 1359 626 in
1412 574 1672 644 mysterio
1725 573 1791 628 ²⁸.
1822 573 2060 642 Propter

348 671 468 727 haec
501 668 726 725 cunctis
757 665 1119 728 hominibus,
1152 665 1352 719 mundi
1386 665 1651 733 spiritum
1683 665 2054 725 habentibus,

347 761 427 816 uti
463 761 682 815 dictum
733 761 842 822 est,
879 772 978 811 seu
1029 754 1348 826 prudentiae
1406 771 1503 811 seu
1565 755 1861 826 sapientiae
1920 773 2055 810 con-

347 850 666 921 paratione,
701 847 799 900 ille
849 863 882 899 a
940 844 1105 898 nobis
1154 845 1479 914 descriptus
1536 843 1824 899 immenso
1877 844 2054 898 inter-

344 939 496 995 vallo
548 938 968 1010 supereminet;
1028 937 1314 1006 siquidem
1390 935 1484 990 hic
1568 951 1751 991 omnes
1809 935 2055 991 homines

345 1030 620 1098 diiudicat
677 1029 742 1095 ’⁸,
777 1026 1095 1082 secundum
1149 1027 1301 1096 quod
1356 1027 1637 1096 scriptum
1685 1030 1818 1081 est:
1879 1024 2052 1094 spiri-

349 1119 545 1187 tualis,
605 1118 868 1188 inquam,
931 1116 1226 1187 cognoscit
1300 1131 1802 1186 unumquemque,
1838 1114 2052 1168 discer-

340 1224 488 1263 nens
549 1209 700 1262 unde
753 1206 1049 1278 loquatur,
1085 1205 1185 1260 ubi
1243 1209 1376 1273 stet,
1407 1204 1469 1258 in
1529 1205 1740 1274 quibus
1768 1208 2049 1258 versetur.

345 1300 544 1368 Ipsum
632 1300 826 1351 autem
912 1295 1171 1350 vicissim
1248 1294 1629 1363 dignoscendi
1681 1297 1782 1348 aut
1840 1293 2054 1362 dijudi-

341 1387 537 1451 candi,
571 1384 792 1440 nemini
844 1383 1117 1453 spiritum
1164 1383 1368 1436 mundi
1434 1382 1770 1437 habentium
1808 1381 2054 1435 facultas

342 1480 470 1534 est;
510 1473 620 1529 nisi
654 1473 754 1545 qui
805 1473 1020 1543 pariter
1067 1487 1195 1526 cum
1255 1487 1320 1526 eo
1372 1471 1688 1525 divinitatis
1728 1470 2056 1539 impertitus

342 1564 559 1634 Spiritu
629 1563 797 1616 fuerit
834 1570 934 1616 :ut
1001 1561 1083 1615 ait
1131 1561 1201 1616 de
1258 1559 1475 1615 talibus
1534 1560 1778 1630 loquens
1821 1559 2053 1614 divinus

341 1655 710 1725 Apostolus:
774 1651 1165 1721 Spiritualibus
1240 1651 1560 1718 spiritualia
1625 1655 2050 1718 comparantes;

341 1741 620 1798 animatis
651 1745 835 1795 autem
884 1739 1039 1794 homo
1097 1756 1203 1793 non
1233 1741 1468 1810 percipit
1514 1753 1638 1809 qua
1665 1742 1789 1794 sunt
1821 1739 2055 1809 Spiritus

340 1835 460 1889 Dei.
496 1831 753 1887 Stultitia
785 1830 936 1886 enim
984 1839 1061 1885 est
1118 1830 1210 1884 illi
1230 1845 1250 1891 ;
1278 1831 1586 1900 spiritualis
1628 1836 1818 1886 autem
1839 1828 2055 1902 judicat
2085 1858 2131 1924 B

339 1925 542 1988 omnia,
585 1927 636 1976 et
669 1925 778 1990 ipse
810 1937 841 1974 a
863 1922 1084 1975 nemine
1104 1920 1394 1990 judicatur
1423 1919 1489 1977 2⁷.

411 2009 759 2067 XXIV.Non
820 2010 991 2064 aliter
1047 2010 1318 2077 cuiquam
1388 2009 1723 2081 contingere
1796 2009 2054 2065 sanctis-

341 2102 473 2156 simi
534 2100 712 2168 hujus
761 2099 1012 2167 Spiritus
1061 2098 1426 2168 participatio
1485 2103 1693 2168 potest,
1764 2115 1933 2168 quam
2003 2097 2052 2150 si

341 2189 510 2260 plane
567 2187 909 2258 peregrinus
964 2185 1151 2240 factus
1211 2185 1348 2240 huic
1373 2185 1605 2254 smculo,
1637 2191 1820 2239 totum
1855 2202 1915 2240 se
1947 2187 2054 2240 ad-

339 2279 492 2333 dicat
552 2276 915 2346 inquisitioni
970 2273 1270 2330 charitatis
1327 2274 1577 2341 Christi;
1621 2276 1701 2329 ita
1751 2279 1815 2328 ut
1862 2275 2051 2330 omni-

339 2367 451 2421 bus
476 2382 602 2436 quae
653 2367 809 2420 circa
868 2363 1172 2419 materiam
1231 2370 1559 2430 versantur,
1612 2365 1768 2419 curis
1825 2365 2051 2420 solutus

340 2456 592 2525 animas,
625 2456 726 2509 uni
777 2454 913 2509 huic
983 2454 1347 2524 assequendo
1403 2471 1576 2524 scopo
1608 2463 1786 2522 vacet,
1821 2470 1934 2524 quo
1966 2454 2051 2509 sic

338 2545 550 2614 dignus
583 2544 684 2596 fiat
717 2543 773 2596 in
836 2558 1019 2596 unum
1079 2558 1209 2596 cum
1266 2542 1496 2597 Christo
1535 2542 1857 2598 coalescere
1889 2542 2056 2613 spiri-

340 2637 488 2695 tum,
521 2639 582 2685 ut
639 2632 718 2684 ait
768 2632 1082 2698 Apostolus
1117 2647 1129 2685 :
1166 2633 1273 2698 Qui
1329 2633 1579 2685 adhaeret
1629 2632 1876 2697 Domino,
1909 2647 2052 2685 unus

337 2723 570 2791 spiritus
627 2718 803 2775 ετιη.
839 2720 1059 2772 Animae
1117 2735 1249 2773 vero
1304 2737 1429 2789 quae
1488 2721 1726 2774 omnino
1802 2720 2050 2785 cuipiam

342 2826 538 2864 rerum
605 2808 785 2877 hujus
852 2807 1050 2862 seaculi
1094 2807 1280 2861 deﬁxa
1320 2814 1427 2875 est,
1462 2815 1559 2863 aut
1591 2809 1648 2862 in
1683 2825 1809 2864 eam
1843 2809 2050 2863 atl‘ectu

340 2899 536 2970 aliquo
593 2898 952 2969 propendet;
989 2902 1130 2967 puta
1187 2897 1422 2963 divitiis,
1469 2897 1686 2968 glorias,
1749 2903 1850 2952 aut
1904 2898 2052 2952 ami-

343 2991 495 3045 citiae
557 2989 886 3057 mundanas,
921 3003 1034 3042 non
1082 2988 1187 3042 erit
1245 2986 1517 3058 possibile
1583 2989 1782 3058 fugere
1840 2993 1896 3042 et
1933 2993 2048 3042 tra-

336 3080 591 3149 jiciendo
623 3093 996 3150 perrumpere
1028 3078 1291 3133 tenebras
1350 3077 1766 3132 diabolicarum
1799 3082 2052 3147 potesta-

341 3175 489 3224 tum.

2168 573 2266 628 Διά
2293 579 2459 629 ταῦτα
2490 573 2578 629 καὶ
2623 572 2836 628 πάντων
2866 575 2974 626 τῶν
3021 569 3320 644 ἀνθρώπων
3362 569 3423 626 τὸ
3473 574 3572 626 τοῦ
3601 572 3814 644 κόσμου

2165 669 2378 736 πνεῦμα
2431 663 2689 739 ἐχόντων,
2748 664 2986 736 καθάπερ
3059 659 3291 733 εἷ’ρηται,
3350 658 3457 715 εἷ’τε
3531 662 3816 736 φρονίμων

2169 751 2273 808 ε’ίτε
2332 758 2535 828 σοφῶν,
2596 754 2623 807 6
2685 748 2901 806 τοιόσδε
2953 755 3068 812 τοῖς
3127 750 3280 812 ὅλοις
3311 748 3641 824 διενήνοχε·
3717 752 3814 806 καὶ

2169 842 2372 904 πάντας
2464 844 2556 914 μὲν
2633 840 2952 914 ἀνθρώπους
3024 840 3316 913 ἀνακρίνει,
3374 839 3510 893 κατᾶ
3583 840 3645 894 τὸ
3716 860 3813 914 γει

2163 931 2498 1005 γραμμὲνον.
2540 932 2596 983 Ὀ
2639 933 2887 991 τοιοῦτος
2948 930 3202 1005 γινώσκει
3259 949 3317 982 τε
3365 925 3589 982 ἕκαστον
3649 928 3812 984 πόθεν

2163 1041 2222 1075 τε
2253 1020 2426 1094 λέγει,
2473 1021 2566 1074 καὶ
2605 1023 2700 1074 τοῦ
2747 1017 2963 1088 ἕστηκε,
2997 1018 3048 1072 ἐν
3100 1018 3280 1078 ποίοις
3321 1015 3462 1072 ἐστίν
3499 1037 3514 1052 ο
3564 1016 3722 1073 αὐτὸν
3756 1015 3817 1073 δὶ

2165 1107 2347 1164 οὐδενὶ
2376 1114 2484 1164 τῶν
2532 1108 2773 1188 ἐχόντων
2805 1110 2866 1163 τὸ
2906 1112 3002 1163 τοῦ
3051 1107 3260 1180 κόσμου
3293 1105 3499 1162 πνεῦλα
3549 1105 3813 1183 διαγινώ-

2165 1221 2306 1254 σκειν
2337 1221 2394 1254 τε
2423 1199 2511 1253 καὶ
2543 1197 2843 1272 ἀνακρίνειν
2893 1197 3117 1270 δύναμις
3152 1215 3164 1226 ·
3213 1197 3297 1250 ὁτι
3333 1197 3409 1269 μὴ
3453 1194 3635 1269 ἐκείνῳ
3747 1198 3813 1251 τὸ

2164 1289 2352 1362 ὅμοιόν
2411 1288 2522 1343 ἐστι
2579 1295 2680 1357 τῆς
2735 1283 2989 1357 θεότητος
3049 1291 3284 1358 πνεῦμα,
3331 1287 3465 1340 κατὰ
3517 1286 3606 1340 τὸν
3665 1289 3810 1340 θεῖον

2164 1379 2496 1434 Ἀπόστολον
2565 1396 2577 1410 ·
2659 1381 3050 1449 Πνευματικοῖς
3148 1376 3487 1449 πνευματικὰ
3587 1375 3811 1449 συγκρίο

2161 1491 2336 1532 νοντες
2369 1487 2382 1501 ·
2444 1467 2680 1544 ψυχικὸς
2738 1465 2795 1521 δὲ
2852 1464 3137 1542 ἄνθρωπος
3198 1463 3259 1520 οὒ
3316 1462 3533 1541 δέχεται
3590 1464 3655 1520 τά
3709 1468 3810 1520 τοῦ

2164 1559 2474 1632 Πνεύματος
2517 1561 2614 1612 τοῦ
2663 1560 2795 1612 Θεοῦ
2831 1577 2843 1590 ·
2899 1556 3079 1630 μωρία
3105 1555 3206 1630 γάρ
3257 1555 3366 1609 ἐστι
3415 1554 3592 1627 τούτῳ
3623 1572 3638 1585 ·
3690 1556 3717 1608 6
3753 1551 3810 1610 δὲ

2163 1648 2525 1719 πνευματικὸς
2574 1645 2844 1719 ἀνακρίνει
2880 1647 2973 1718 μὲν
3015 1645 3208 1717 πάντα,
3260 1644 3420 1706 αὐτὸς
3454 1644 3543 1698 ὑπ’
3590 1640 3808 1707 οὐδενὸς

2163 1736 2525 1811 ἀνακρίνεται.

2235 2007 2334 2059 κε’
2413 2009 2513 2059 T'
2753 2003 2765 2056 ί
2909 2000 2962 2056 δι
3037 2023 3051 2040 ρ
3300 2001 3359 2037 -'-
3494 2000 3630 2055 n-r
3716 2021 3746 2034 -

2342 2048 2354 2062 .
2456 2026 2516 2058 Ου
2572 2025 2744 2080 παναγ
2773 2024 2834 2057 ου
2942 2035 2964 2057 ι
3023 2023 3156 2079 ιρησι
3230 2022 3423 2057 τοσιον
3545 2021 3809 2074 νωμα.ος

2163 2095 2447 2172 ἀμήχανον
2501 2087 2685 2154 ἆλϐως
2717 2097 2930 2170 τυχεῖν,
2966 2091 3010 2146 εί
3064 2092 3139 2163 μὴ
3171 2093 3386 2146 πάντων
3434 2112 3519 2152 τις
3562 2095 3668 2145 τῶν
3707 2094 3808 2145 τοῦ

2162 2183 2355 2244 αἶῶνος
2411 2184 2605 2238 τούτου
2661 2182 2807 2252 ξένος
2857 2182 3172 2255 γενόμὸνος,
3229 2183 3363 2255 πρὸς
3421 2182 3519 2251 τὴν
3583 2182 3806 2250 ζήτησιν

2161 2280 2260 2340 τῆς
2307 2276 2402 2326 τοῦ
2469 2276 2699 2347 Χριστοῦ
2774 2271 2990 2345 ἀγάπης
3069 2272 3250 2326 ἑαυτὸν
3324 2272 3658 2341 ἂποτάξειεν,
3711 2269 3810 2325 ἵνα

2161 2366 2346 2416 πασῶν
2384 2366 2490 2417 τῶν
2534 2361 2668 2415 κατὰ
2697 2362 2794 2429 τὴν
2849 2361 2986 2430 ὕλην
3039 2364 3310 2434 μεριμνῶν
3342 2359 3548 2421 ἀνεθεὶς
3599 2361 3626 2414 ὁ
3658 2363 3806 2429 νοῦς,

2163 2452 2285 2526 περὶ
2316 2452 2407 2505 τὸν
2438 2447 2532 2504 ἕνα
2559 2455 2750 2504 τοῦτον
2801 2471 2997 2504 σκνπον
3032 2450 3420 2524 ἀπασχολῆται
3476 2449 3638 2522 μόνον
3670 2468 3683 2480 ⁸
3715 2449 3806 2503 καὶ

2165 2543 2306 2596 οὕτω
2365 2542 2723 2611 καταξιωθείη
2763 2544 2894 2614 μετὰ
2951 2543 3183 2614 Χριστοῦ
3228 2539 3304 2602 εἰς
3351 2537 3408 2594 ἓν
3456 2543 3667 2612 πνεῦμα
3720 2559 3807 2616 γε·

2160 2633 2364 2698 νέσθαι,
2397 2629 2470 2691 ὣς
2522 2651 2682 2705 φησιν
2717 2631 2744 2684 6
2795 2628 3126 2690 Ἀπόστολος
3159 2646 3172 2659 ⁶
3223 2629 3278 2683 Ὀ
3321 2626 3677 2700 κολλώμενος
3724 2628 3805 2697 τῷ

2164 2723 2372 2793 Κυρίῳ,
2405 2717 2551 2774 ἔσται
2596 2721 2672 2783 εἷς
2703 2717 2759 2774 ἓν
2807 2725 3040 2794 πνεῦμα,
3073 2725 3243 2795 Ψυχῇ
3287 2717 3344 2774 δὲ
3391 2725 3456 2793 τῇ
3504 2718 3645 2780 ὅλως
3692 2717 3802 2772 τινὶ

2160 2814 2266 2863 τῶν
2300 2813 2398 2864 τοῦ
2444 2808 2644 2870 αἰῶνος
2687 2809 2884 2864 τούτου
2934 2805 3284 2883 συνδεδεμένη
3334 2809 3417 2863 καὶ
3462 2809 3591 2879 πρὸς
3630 2805 3794 2860 αὐτὸν

2162 2898 2392 2972 ἐχούσῃ,
2420 2899 2539 2950 οἷον
2572 2897 2799 2970 πλούτῳ
2889 2895 3041 2971 δόξῃ,
3069 2895 3103 2965 ἢ
3136 2895 3296 2970 φιλίᾳ
3323 2902 3391 2970 τῇ
3412 2897 3539 2950 κατὰ
3564 2895 3789 2966 κόσμον,

2162 2989 2264 3042 οὐκ
2313 2986 2458 3042 ἔσται
2509 2987 2726 3042 δυνατὸν
2771 2992 2951 3064 φυγεῖν
3003 2986 3093 3042 καὶ
3143 2984 3460 3061 διαπεράσαι
3506 2987 3564 3040 τὸ
3609 2984 3800 3044 σκότος

2157 3087 2268 3135 τῶν
2296 3085 2550 3156 πονηρῶν
2581 3077 2880 3152 δυνάμεων.

414 3258 576 3313 XXV.
611 3257 888 3313 Veritatis
935 3262 991 3312 et
1033 3256 1133 3313 Dei
1183 3261 1446 3312 amantes
1506 3258 1730 3327 animae,
1791 3272 1860 3312 ne
1921 3257 2048 3312 bre-

2234 3265 2349 3314 KE'.
2403 3261 2470 3315 Αἱ
2522 3257 2846 3336 ιριλαλήθεις
2897 3258 3070 3333 ψυχαὶ
3114 3257 3202 3314 καὶ
3235 3257 3484 3336 φιλόθεοι
3529 3254 3652 3311 οὐδὲ
3706 3258 3808 3325 τὴν

340 3364 469 3402 vem
529 3348 770 3418 quidem
828 3347 1322 3402 intermissionem
1400 3347 1702 3403 admittere
1761 3347 2054 3402 sustinent

342 3438 559 3491 amoris
593 3453 708 3506 quo
740 3452 878 3506 erga
926 3435 1239 3490 Dominum
1301 3435 1586 3505 ﬂagrant;
1648 3436 1746 3490 sed
1807 3441 1937 3489 totae
1983 3453 2051 3490 ex

341 3530 463 3579 toto
525 3527 682 3578 cruci
741 3524 923 3592 hujus
1000 3524 1259 3588 conﬁxae,
1307 3524 1661 3590 spiritualcm
1732 3525 2048 3593 proiectum

342 3631 514 3668 sensu
553 3615 807 3683 quodam
869 3612 1073 3666 intimo
1135 3617 1189 3665 et
1229 3628 1441 3666 arcana
1488 3612 1818 3678 intelligunt
1874 3629 2051 3684 expe-

343 3701 572 3756 rientia.
629 3699 954 3754 Vulnerata;
1012 3701 1190 3771 igitur
1246 3700 1360 3756 isto
1420 3701 1726 3766 desiderio,
1768 3709 1841 3769 et,
1875 3709 1940 3756 ut
1970 3704 2051 3758 sic

343 3791 554 3857 dicam,
617 3789 896 3844 famelica:
949 3789 1192 3859 justitiaa
1277 3789 1659 3860 omniumque
1743 3789 2046 3858 virtutum,

341 3883 514 3949 atque
573 3878 990 3934 illustrationis
1067 3878 1201 3933 boni
1281 3878 1550 3950 Spiritus,
1600 3878 1705 3934 etsi
1756 3879 2048 3950 mysteriis

341 3969 526 4041 dignae
586 3968 824 4035 divinis,
885 3969 995 4023 etsi
1027 3969 1235 4022 laetitias
1268 3970 1519 4024 cmlestis
1551 3974 1607 4022 et
1637 3975 1830 4040 gratiae
1866 3970 2050 4040 parti-

339 4060 497 4131 cipes
530 4060 691 4115 factis
724 4061 860 4125 sint,
893 4077 1006 4114 non
1056 4065 1250 4114 tamen
1303 4060 1362 4114 in
1411 4077 1471 4114 se
1509 4061 1828 4127 confidunt,
1861 4077 2048 4131 neque

338 4167 465 4207 esse
523 4167 584 4206 se
651 4150 864 4221 aliquid
921 4156 1161 4221 putant;
1196 4153 1296 4205 sed
1357 4154 1589 4222 quando
1650 4153 2048 4207 abundantius

339 4246 784 4310 consequuntur
841 4239 1171 4310 spiritualia
1230 4241 1401 4307 dona,
1439 4246 1597 4294 tanto
1631 4240 1853 4295 avidius
1883 4241 2046 4295 inex-

338 4329 626 4399 plebiliter
671 4330 902 4383 inhiant
953 4331 1209 4385 ulteriori
1268 4330 1697 4401 participationi
1728 4330 2047 4386 ccelestium

338 4419 700 4489 gratiarum;
737 4423 1018 4490 tantoque
1057 4421 1124 4474 ad
1189 4421 1339 4475 hanc
1400 4437 1462 4475 sc
1514 4421 1861 4475 laboriosius
1919 4422 2045 4475 eni-

335 4509 509 4564 tendo
565 4508 907 4580 disponunt.
967 4511 1192 4565 Rursus
1245 4515 1458 4580 quanto
1507 4511 1738 4566 dulcius
1791 4511 2049 4567 sentiunt

2168 3350 2431 3426 βραχεῖαν
2484 3347 2667 3424 ὕφεσιν
2709 3352 2804 3404 τοῦ
2852 3348 2988 3422 πρὸς
3036 3349 3126 3402 τὸν
3179 3349 3372 3422 Κύριον
3415 3343 3618 3423 ἔρωτος
3677 3346 3808 3400 ὑπο-

2164 3437 2434 3509 μένουσιν·
2469 3435 2593 3490 ἀλλ’
2627 3435 2751 3490 ὅλαι
2785 3433 2854 3490 δι’
2885 3433 3018 3489 ὅλου
3049 3440 3128 3507 τῷ
3161 3440 3375 3511 σταυρῷ
3411 3437 3609 3491 τούτου
3639 3454 3809 3502 προσ-

2162 3526 2470 3600 ηλωμέναι,
2500 3530 2601 3596 τὴν
2653 3534 2752 3590 τῆς
2802 3530 3172 3600 πνευματικῆς
3223 3535 3512 3600 προκοπῆς
3555 3525 3806 3595 α’ίσθησιν

2161 3617 2212 3670 ἐν
2291 3619 2506 3679 ἑαυταῖς
2581 3617 2873 3693 γινομένην
2955 3618 3397 3697 ἐπιγινώσκουσι.
3466 3615 3806 3692 Τετρωμὲναι

2160 3710 2289 3779 γοῦν
2323 3706 2502 3777 τούτῳ
2531 3711 2610 3778 τῷ
2663 3707 2841 3779 πόθῳ,
2874 3709 2986 3775 καὶ,
3020 3708 3093 3769 ὡς
3145 3708 3336 3776 εἰπεῖν,
3369 3701 3606 3762 ἔκπεινοι
3655 3705 3808 3760 οὖσαι

2158 3794 2283 3867 περὶ
2314 3797 2414 3863 τήν
2469 3793 2821 3866 δικαιοσύνην
2851 3801 2959 3851 τῶν
3004 3798 3229 3870 ἀρετῶν,
3259 3798 3346 3852 καὶ
3399 3798 3497 3866 τήν
3526 3800 3623 3850 τοῦ
3670 3796 3808 3870 ἀγα·

2161 3887 2256 3939 θοῦ
2332 3884 2643 3957 Πνεύματος
2723 3881 3023 3960 ἔλλαμψιν,
3100 3885 3194 3941 κᾶν
3278 3886 3593 3959 μυστηρίων
3664 3884 3807 3955 ἄξιαι

2159 3974 2344 4044 θείων,
2394 3973 2491 4030 κᾶν
2544 3975 2879 4052 εὐφροσύνης
2929 3975 3255 4050 ἐπουρανίου
3297 3975 3387 4030 καὶ
3436 3977 3666 4051 χάριτος
3719 3978 3809 4046 μὲ-

2155 4083 2318 4138 τοχοι
2347 4065 2608 4139 γίνονται,
2653 4063 2713 4118 οὐ
2755 4064 3040 4119 πεποίθασι
3084 4065 3208 4140 περὶ
3256 4064 3468 4134 αὐταῖς,
3500 4062 3627 4118 οὐδὲ
3676 4062 3805 4118 εἶναί

2155 4175 2206 4207 τι
2241 4151 2451 4207 θ’ίονται
2487 4171 2500 4184 ·
2535 4151 2661 4208 ἀλλ’
2695 4153 2807 4225 ὅσῳ
2856 4155 3216 4232 χαρισμάτων
3247 4154 3519 4224 ἀξιοῦνται
3565 4173 3809 4226 πνευμα-

2155 4247 2349 4314 statim,
2381 4243 2628 4314 τοσούτῳ
2663 4241 2874 4316 μᾶλλον
2904 4242 3203 4314 ἀπλήστως
3234 4237 3460 4317 ἔχουσαι
3491 4248 3597 4297 τῶν
3645 4242 3804 4316 οὐρα-

2156 4335 2285 4387 νίων
2322 4331 2763 4410 φιλοπονώτερον
2797 4330 3081 4403 ἐκζητοῦσι
3118 4351 3131 4363 ⁸
3173 4332 3262 4388 καὶ
3295 4331 3406 4404 ὅσῳ
3437 4336 3802 4404 πνευματικῆς

2158 4421 2501 4476 αἰσθάνονται
2561 4429 2868 4494 προκοπῆς,
2927 4423 3171 4496 τοσούτῳ
3222 4419 3286 4492 δὴ
3343 4424 3433 4477 καὶ
3492 4421 3798 4494 λιχνότεραι

2156 4513 2291 4586 πρὸς
2321 4514 2417 4581 τὴν
2476 4512 2782 4587 μετάληψιν
2831 4512 3037 4569 τούτων
3079 4514 3342 4591 γίνονται,
3375 4515 3466 4568 καὶ
3505 4528 3790 4583 πνευματι-

333 4616 394 4655 se
431 4600 709 4671 proficere
770 4602 828 4655 in
871 4600 1120 4672 sipiritu,
1155 4604 1314 4655 tanto
1365 4600 1534 4671 quasi
1567 4600 1835 4671 gulosius
1867 4617 2048 4672 appe-

2163 4607 2266 4663 κῶς
2334 4601 2696 4670 πλουτοῦσαι,
2755 4602 2817 4656 τό
2875 4624 2932 4675 γε
2989 4605 3116 4679 παρ’
3183 4604 3418 4670 ἑαυταῖς,
3477 4598 3796 4675 πενομὲναις

336 4691 465 4743 tunt
499 4689 935 4760 perceptionem
1010 4688 1349 4744 deliciarum
1384 4691 1760 4756 earumdem;
1811 4694 1866 4744 et
1922 4689 2040 4760 spi-

336 4777 620 4832 ritualiter
676 4778 1060 4850 locupletem,
1095 4777 1227 4846 sibi,
1289 4783 1574 4850 quantum
1617 4778 1673 4832 in
1727 4777 1872 4850 ipsis
1930 4783 2040 4846 est,

336 4881 618 4935 pauperes
646 4867 938 4934 videntur,
975 4869 1146 4936 juxta
1204 4867 1459 4922 divinam
1493 4869 1851 4938 Scripturam
1890 4885 1902 4922 :
1935 4869 2044 4937 Qui

337 4950 506 5006 edunt
536 4969 643 5017 τηε,
692 4954 872 5008 adhuc
919 4954 1201 5020 esuriant,-
1246 4962 1295 5008 σι
1340 4957 1434 5024 qui
1483 4955 1672 5010 bibunt
1714 4973 1820 5021 me,
1866 4956 2044 5010 adhuc

338 5039 526 5094 sitiant
556 5040 619 5094 ’9.

410 5129 619 5186 XXVI.
654 5130 818 5186 Tales
878 5131 1082 5185 animus
1141 5135 1199 5187 et
1247 5131 1488 5199 gratiam
1539 5134 1831 5205 accipiunt
1863 5134 2043 5204 plenas

337 5219 697 5276 liberationis
743 5236 777 5274 a
836 5220 1375 5291 perturbationibus
1435 5223 1788 5291 aliectuum;
1835 5223 2044 5277 etillu-

339 5311 683 5368 strationem
717 5316 773 5364 et
803 5309 1274 5366 communionem
1308 5311 1757 5384 lelnlSpll'ilUB
1781 5315 1836 5367 in
1871 5312 2048 5384 pleni-

337 5402 538 5457 tudine
609 5400 802 5470 gratiaa
877 5399 1129 5470 perfecte
1186 5415 1593 5470 assequuntur.
1622 5402 1869 5457 Diversae
1945 5419 2044 5459 au-

338 5490 461 5546 tem
491 5490 562 5546 ab
612 5490 706 5546 his
755 5491 952 5562 pigras,
985 5487 1252 5545 laborum
1310 5489 1701 5561 impatientes,
1725 5509 1840 5548 non
1894 5510 2046 5564 quae-

409 5695 458 5732 "
497 5694 519 5750 Ι
562 5698 686 5751 Cor.
721 5710 780 5763 ιι,
820 5696 874 5752 6.
954 5695 999 5731 ⁸⁸
1035 5694 1180 5754 ibid.
1223 5698 1308 5752 l5.
1388 5695 1434 5731 ³⁷
1474 5696 1617 5752 ibid.
1663 5697 1750 5751 13.

1828 5696 1876 5731 ³⁸
1915 5700 1935 5752 Ι
1976 5699 2104 5758 Cor:
2148 5716 2224 5768 v1,
2267 5700 2356 5757 17.

2153 4692 2379 4761 ἐοίκασι,
2439 4691 2574 4746 κατᾶ
2637 4691 2738 4759 τὴν
2799 4692 2938 4746 θείαν
3013 4695 3233 4768 Γραφήν
3271 4711 3286 4726 ⁸
3364 4694 3428 4748 Οἱ
3499 4691 3795 4767 τρώγοντες

2151 4780 2256 4854 γάρ
2316 4800 2404 4852 με,
2484 4780 2667 4854 φησὶν,
2739 4779 2816 4834 ἔτι
2874 4782 3208 4852 πεινάσουσι,
3265 4781 3354 4837 καὶ
3431 4783 3480 4836 οἱ
3556 4780 3794 4840 πίνοντὲς

2157 4889 2223 4941 με
2253 4863 2328 4922 ἔτι
2363 4865 2708 4940 διψήσουσιν.

2226 5137 2373 5210 Κς¹¹.
2409 5138 2475 5190 Δὶ
2514 5141 2760 5192 τοιαῦται
2805 5139 2975 5213 ψυχαὶ
3019 5139 3108 5193 καὶ
3153 5141 3255 5204 τῆς
3283 5144 3388 5193 τῶν
3417 5140 3604 5194 παθῶν
3651 5137 3800 5194 ἐλευ-

2156 5225 2334 5301 θερίας
2404 5227 2739 5281 παντάπασιν
2810 5229 3099 5299 ἀξιοῦνται,
3158 5227 3248 5283 καὶ
3328 5229 3429 5297 τὴν
3491 5233 3588 5283 τοῦ
3655 5228 3802 5283 θείου

2157 5317 2470 5389 Πνεύματος
2503 5309 2778 5390 ἔλλαμψίν
2827 5338 2886 5372 τε
2914 5319 3002 5373 καὶ
3053 5318 3335 5373 κοινωνίαν
3366 5316 3418 5372 ἐν
3463 5317 3805 5390 πληρώματι

2154 5412 2255 5475 τῆς
2307 5407 2534 5480 χάριτος
2580 5403 2804 5469 τελείως
2848 5410 3193 5480 κομίζονται.
3245 5409 3396 5462 Ὀσαι
3458 5405 3514 5461 δὲ
3572 5405 3808 5482 ὀκνηραί

2154 5513 2213 5549 τε
2241 5493 2331 5548 καὶ
2378 5492 2726 5569 ἀφερέπονοι,
2758 5493 2847 5550 καὶ
2884 5496 2959 5568 μὴ
3015 5499 3271 5566 ζητοῦσαι
3302 5495 3393 5550 τὸν
3433 5498 3533 5564 τῆς
3571 5491 3803 5569 καρδίας

2433 5700 2478 5737 ²⁹
2515 5700 2688 5758 ΕοοΙί.
2730 5718 2884 5773 xxxv,
2921 5701 3010 5759 29.
