4076 6280
333 376 448 436 929

1597 373 1833 433 LIBER
1877 371 1976 432 DE
2020 370 2483 431 CHARI'I‘ATE.

3673 375 3790 432 930

332 509 619 581 ἁγιασμόν,
648 503 884 559 ἐντεῦθεν
909 505 982 565 ὡς
1016 501 1066 558 ὲν
1119 505 1274 576 σαρκὶ
1323 499 1402 556 ἔτι
1449 505 1831 577 τυγγάνουσιν,
1877 503 1972 557 οὐκ

2155 507 2232 558 int
2263 503 2788 559 sanctiﬁcationem
2821 505 3007 560 cordis
3039 507 3219 576 (unde
3250 513 3302 560 et
3327 507 3493 575 quasi
3528 506 3588 561 in
3619 522 3791 562 carne

328 595 386 650 ἐκ
450 594 644 668 μέρους
702 590 830 647 ἀλλ’
889 589 1217 661 ὁλοκλήρως
1273 588 1342 644 δι’
1393 591 1676 664 ὑπομονῆς
1736 588 1978 660 δέξασθαι

328 685 420 738 καὶ
481 682 861 756 μακροθυμίας
910 700 925 713 ·
980 678 1119 752 μηδὲ
1174 682 1504 749 κοινωνῆσαι
1566 681 1643 750 τῷ
1704 679 1978 751 [Ῑνεύματι

329 778 407 845 τῷ
458 771 799 846 παρακλητῳ
854 771 992 825 κατά
1043 773 1216 824 πᾶσαν
1266 768 1512 838 αἴσθησιν
1562 769 1651 822 καὶ
1699 767 1977 845 πληροφο-

331 865 448 936 ρίαν
482 859 772 931 ἡλπίκασι,
807 861 895 914 καὶ
927 857 996 913 δι’
1041 859 1249 914 ἒκείνου
1278 863 1384 913 τῶν
1416 862 1598 913 παθῶν
1640 865 1738 927 τῆς
1787 859 1977 919 κακίας

331 949 721 1024 ἀπαλλαγῆναι
780 950 964 1020 αὗται,
1030 947 1124 1003 κᾶν
1167 950 1397 1022 χάριτος
1458 949 1602 1010 θείας
1651 948 1924 1016 ἀξιωθεῖεν
1961 967 1972 980 ·

329 1043 454 1100 ἀλλ’
498 1045 601 1099 ὑπὸ
648 1051 746 1112 τῆς
794 1043 981 1104 κακίας
1033 1041 1398 1115 κλεπτόμεναι
1455 1043 1632 1111 πάσης
1692 1037 1977 1116 φροντίδος

332 1135 525 1196 ὲαυτάς
574 1133 780 1202 ἀνῆκαν
822 1150 836 1166 ο
885 1134 976 1187 ἅτε
1007 1127 1274 1186 λαϐοῦσαι
1304 1133 1404 1200 τὴν
1440 1130 1621 1205 χάριν,
1653 1131 1740 1184 καὶ
1773 1137 1875 1198 τῆς
1923 1128 1974 1198 ἐξ

331 1221 499 1292 αὐτῆς
544 1224 912 1298 τυγχάνουσαι
976 1219 1398 1296 παρακλήσεως,
1462 1222 1551 1274 καὶ
1606 1224 1976 1292 πνευματικῆς

329 1310 672 1386 γλυκύτητος
729 1309 1121 1366 ἀπολαύουσαι.
1181 1309 1356 1384 Ταύτῃ
1429 1309 1516 1362 καὶ
1585 1306 1762 1382 ῥᾴδιαί
1841 1307 1969 1362 εἶσιν

332 1399 613 1470 οἰηθῆναι,
661 1401 735 1474 μη
784 1395 1197 1473 συντριϐόμεναι
1253 1400 1353 1465 τὴν
1402 1394 1648 1471 καρδίαν,
1704 1394 1844 1470 μηδὲ
1895 1401 1972 1468 τῷ

332 1493 643 1566 φρονήματι
701 1491 1142 1561 ταπεινούμεναι,
1195 1485 1337 1558 μηδὲ
1393 1483 1606 1560 ἔκδιψοι
1655 1485 1832 1548 οὖσαι,
1883 1487 1970 1542 καὶ

327 1579 464 1652 πρὸς
493 1580 554 1632 τὸ
585 1577 793 1632 τέλειον
828 1578 1022 1651 μέτρον
1059 1584 1156 1645 τῆς
1191 1577 1447 1639 ἀπαθείας
1493 1577 1972 1648 κατατεινόμεναι.

329 1665 749 1740 ἐναπομείνασαι
781 1664 837 1721 δὲ
875 1670 943 1739 τῇ
976 1666 1140 1739 ὀλίγῃ
1170 1686 1341 1739 ταυτῃ
1371 1673 1471 1734 τῆς
1523 1666 1750 1740 χάριτος
1795 1685 1977 1739 παρα-

328 1757 544 1827 κλήσει,
577 1757 667 1811 καὶ
719 1757 794 1817 είς
843 1751 1084 1829 ἔπαρσιν,
1138 1755 1237 1809 οὐκ
1279 1754 1355 1816 εἷς
1407 1753 1727 1809 ταπείνωσιν
1771 1753 1978 1828 προκό-

329 1850 514 1918 ψασαι,

330 1932 469 1988 ἔστιν
503 1933 591 1988 ὅτε
619 1933 1085 2008 ἀπογυμνοῦνται,
1129 1933 1298 2008 Ψυχὴ
1348 1933 1450 2006 γὰρ
1491 1932 1564 1993 ὡς
1615 1932 1835 2001 ἀληθῶς
1885 1953 1972 2006 φι-

332 2023 543 2091 λόθεος,
577 2023 651 2083 ὡς
685 2025 712 2078 ὁ
747 2020 916 2097 λόγος
966 2016 1100 2098 ἔφθη
1137 2019 1414 2090 δηλώσας,
1444 2019 1540 2075 κᾶν
1588 2021 1782 2094 μυρίας
1847 2043 1976 2093 μετ-

333 2113 462 2188 έλθῃ
540 2111 895 2181 δικαιοσύνας,
963 2109 1060 2165 κᾶν
1135 2109 1324 2186 ἄκραις
1375 2109 1694 2183 ἀγρυπνίαις
1751 2108 1976 2184 ἐκτρίψῃ

333 2204 393 2257 τὸ
427 2208 607 2275 σῶμα,
637 2201 733 2257 κᾶν
765 2201 1126 2279 χαρισμάτων
1154 2204 1251 2254 τοῦ
1303 2199 1617 2272 Πνεύματος
1677 2196 1972 2275 διαφόρων,

337 2292 730 2366 ἁποκαλύψεών
803 2311 862 2345 τε
926 2289 1014 2344 καὶ
1079 2289 1391 2363 μυστηρίων
1465 2289 1744 2358 ἀξιωθείη,
1805 2288 1978 2352 οὕτως

335 2380 450 2457 ἔχει
513 2380 747 2456 μετρίως
808 2380 884 2442 ὡς
942 2381 1112 2448 μήπω
1165 2386 1266 2448 τῆς
1332 2378 1466 2431 κατά
1540 2378 1667 2432 Θεὸν
1753 2379 1974 2452 ἀγωγῆς

332 2473 602 2547 ἠργμένη,
649 2467 789 2544 μηδέ
833 2467 1149 2541 κτησαμένη
1198 2487 1249 2521 τι
1299 2472 1404 2520 τῶν
1456 2463 1807 2541 δεξιωτέρων,
1841 2465 1977 2540 ἐρω-

326 2567 492 2623 τικῶς
532 2560 620 2615 καὶ
653 2558 949 2630 ἀπλήστως
990 2558 1123 2632 πρὸς
1155 2558 1254 2626 τήν
1303 2557 1438 2611 κατὰ
1483 2556 1720 2630 Χριστὸν
1761 2555 1976 2630 ἀγάπην

329 2649 661 2724 διακειμένη.

2087 595 2279 648 adhuc
2309 595 2621 662 exsistunt)
2664 610 2777 649 non
2836 611 2904 650 ex
2946 604 3100 664 parte
3159 595 3260 650 sed
3347 596 3630 664 integram
3691 612 3792 667 per

2086 687 2576 756 perseverantiam
2627 691 2684 741 et
2743 687 3074 756 patientiam
3135 687 3427 758 recipere;
3487 705 3612 759 qua!
3692 703 3792 742 ne-

2086 791 2200 845 que
2266 786 2499 845 sperant
2565 775 2840 830 omnibus
2898 775 3164 830 sensibus
3238 785 3293 830 et
3348 775 3516 846 plena
3583 776 3794 830 ﬁducia

2085 865 2274 920 cordis
2331 865 2636 934 participes
2693 864 2938 934 Spiritus
3003 865 3273 935 paracleti
3352 866 3497 930 fieri,
3579 881 3794 936 perque

2082 952 2278 1024 ipsum
2340 972 2373 1009 a
2421 953 2950 1018 perturbationibus
3021 953 3258 1008 malitiae
3334 953 3590 1021 liberari,
3659 955 3795 1010 licet

2084 1043 2322 1112 gratiam
2373 1043 2627 1097 divinam
2679 1043 2907 1112 adeptas
2947 1041 3085 1096 sint.
3128 1041 3237 1096 Sed
3272 1057 3305 1095 a
3336 1041 3551 1096 malitia
3605 1041 3793 1097 illusae

2083 1146 2312 1186 omnem
2372 1131 2828 1186 sollicitudinem
2870 1132 3196 1198 remittunt,
3237 1130 3413 1185 veluti
3471 1133 3795 1202 receperint

2074 1219 2196 1290 jam
2239 1221 2508 1292 gratiam,
2548 1225 2604 1276 et
2643 1237 2769 1292 quas
2809 1236 2878 1276 ex
2935 1221 3060 1291 ipsa
3117 1219 3267 1287 ﬂuit,
3309 1220 3792 1276 consolationem.

2083 1314 2139 1364 et
2177 1309 2470 1380 spirituali
2513 1309 2818 1364 dulcedine
2859 1310 3251 1378 perfruantur.
3295 1307 3457 1364 Unde
3492 1313 3549 1364 et
3595 1309 3792 1365 faciles

2082 1398 2140 1454 in
2183 1403 2470 1456 tumorem
2512 1400 2723 1455 mentis
2780 1400 3050 1454 incidunt
3103 1416 3217 1454 non
3285 1399 3542 1454 contritas
3596 1401 3793 1467 corde,

2084 1505 2188 1544 nec
2215 1489 2502 1549 sitientes,
2528 1505 2632 1544 nec
2655 1488 2994 1544 anhelantes
3023 1489 3094 1542 ad
3129 1488 3444 1559 perfectam
3467 1488 3798 1556 exstinctis-

2083 1577 2174 1632 nis
2197 1577 2508 1632 affectuum
2535 1593 2903 1644 mensuram;
2934 1577 3088 1632 ποθ
3118 1577 3554 1647 acquiescentes
3592 1561 3798 1648 exigua

2083 1666 2191 1721 hac
2248 1666 2444 1737 gratias
2510 1667 2948 1733 consolatione;
2983 1675 3036 1721 et
3097 1666 3284 1738 magis
3340 1665 3397 1720 in
3458 1665 3791 1733 elationem,

2084 1769 2260 1823 quam
2325 1754 2384 1808 in
2455 1752 2839 1808 humilitatem
2900 1753 3555 1824 proﬁcientes,undeet
3604 1753 3790 1824 gratia

577 1844 789 1918 μᾶλλον
853 1846 944 1898 καὶ
1012 1844 1176 1914 οὗπερ
1234 1844 1544 1913 ἠξιώθησαν
1607 1842 1969 1917 χαρίσματος,

2161 1841 2290 1904 tius,
2333 1858 2511 1912 quam
2568 1841 2866 1896 consecuti
2923 1845 3110 1908 erant,
3158 1840 3502 1909 spoliantur.
3544 1841 3670 1896 Non
3711 1841 3791 1896 sic

2083 1946 2213 1985 vere
2252 1931 2350 1985 Dei
2403 1946 2609 1984 amans
2675 1930 2885 1996 anima,
2930 1933 2996 1984 ut
3062 1929 3414 1998 praeciedens
3481 1929 3797 1987 declaravit

2083 2019 2770 2091 sermo;quantumlibet
2807 2020 2963 2074 enim
3021 2019 3345 2074 innumeris
3386 2034 3446 2073 se
3487 2034 3796 2075 commen-

2085 2108 2336 2164 dabilem
2379 2109 2575 2163 fecerit
2604 2107 2815 2163 officiis
2855 2111 3172 2175 virtutum;
3208 2107 3436 2162 etiamsi
3494 2109 3796 2165 acerrimis

2084 2197 2302 2268 vigiliis
2340 2213 2553 2268 corpus
2591 2197 2923 2266 extriverit;
2970 2202 3268 2267 utcunque
3324 2196 3493 2252 donis
3541 2197 3793 2268 Spiritus

2088 2287 2318 2358 magnis
2355 2295 2410 2342 et
2468 2286 2667 2353 variis,
2719 2287 2894 2341 etiam
2961 2286 3383 2342 revelationum
3427 2291 3483 2342 et
3539 2302 3794 2345 commu-

2085 2376 2392 2432 nicationis
2451 2375 2852 2448 mysteriorum
2930 2375 3105 2431 fuerit
3143 2375 3320 2447 digna
3358 2375 3578 2444 habita,
3619 2377 3692 2433 de
3730 2394 3793 2434 se

2088 2473 2275 2521 tamen
2316 2467 2459 2522 adeo
2498 2466 2677 2521 sentit
2715 2466 2963 2532 modice,
3005 2470 3069 2520 ut
3107 2466 3221 2522 sibi
3263 2467 3544 2534 videatur,
3587 2481 3659 2522 ne
3698 2482 3794 2521 ru-

2087 2557 2415 2612 dimentum
2475 2557 2715 2627 quidem
2774 2555 2964 2611 adhuc
3015 2571 3227 2626 ponere
3270 2557 3495 2626 cepisse
3531 2556 3659 2611 vitai
3700 2572 3796 2611 se-

2087 2649 2342 2703 cundum
2406 2650 2589 2701 Deum
2639 2650 2845 2714 rectas;
2889 2646 3104 2701 nedum
3155 2661 3217 2701 se
3269 2645 3568 2716 possidere
3615 2645 3794 2701 ullam

330 2743 794 2815 praestantiorum
835 2741 894 2795 in
934 2740 1026 2796 via
1062 2739 1317 2811 Spiritus
1355 2738 1606 2794 aestimet
1657 2738 1923 2806 dotium;
1964 2739 2088 2794 tota
2126 2736 2388 2806 interim,
2425 2735 2754 2792 vehementi
2810 2734 3114 2791 charitatis
3172 2733 3308 2791 nisu
3348 2735 3420 2791 ad
3500 2734 3792 2792 Christum

330 2831 740 2889 insatiabiliter
778 2830 1092 2887 amandum
1127 2829 1496 2885 incumbens.

399 2921 514 2977 ΚΖ.
572 2918 668 2979 Εἲς
724 2918 790 2972 τά
851 2916 1017 2992 μέτρα
1093 2914 1151 2971 δὶ
1225 2916 1496 2994 ἐφικέσθαι
1573 2920 1761 2986 ταῦτα,
1848 2913 1973 2971 οὔτε

1520 3025 1533 3038 ’
1569 3004 1713 3060 ἀλλὰ
1743 3003 1969 3060 πολλῶν

743 3095 966 3167 ἀγώνων
1028 3091 1414 3166 ἡγησαμένων,
1475 3095 1688 3170 χρόνων
1765 3115 1824 3147 τε
1878 3092 1969 3146 καὶ

326 3008 563 3080 ἁθρόως,
609 3003 734 3061 οῦτε
783 3004 985 3079 ῥαδίως
1034 3005 1249 3082 ἐφικτὸν
1303 3005 1477 3060 οὐδενὶ

328 3098 508 3151 πόνων
568 3094 658 3149 καί

2151 2915 2371 2972 XXVII.
2411 2916 2496 2970 Ad
2537 2914 2695 2970 hunc
2735 2915 2981 2986 gradum
3041 2914 3396 2986 pertingere,
3437 2930 3622 2987 neque
3660 2915 3794 2981 cito,

2081 3019 2272 3074 neque
2313 3003 2479 3058 facile
2518 3003 2806 3071 contingit
2846 3003 2970 3060 ulli.
3016 3003 3125 3058 Sed
3184 3004 3516 3073 praecedant
3569 3020 3796 3060 necesse

2081 3096 2170 3146 est
2223 3091 2390 3146 multi
2448 3090 2678 3147 labores
2746 3094 2804 3146 et
2859 3091 3201 3160 certamina,
3244 3107 3416 3146 more
3493 3091 3679 3163 longe
3739 3099 3797 3148 et

329 3184 591 3254 σπουδῆς,
623 3184 758 3238 κατά
800 3180 1122 3256 δοκιμασίας
1154 3183 1243 3236 καὶ
1301 3186 1616 3257 πειρασμῶν
1675 3181 1968 3252 ποικίλων,

2155 3179 2344 3235 adium
2412 3196 2546 3234 cum
2613 3179 2950 3251 probatione
3007 3183 3064 3235 et
3131 3179 3554 3236 tentationibus
3599 3181 3794 3250 variis,

326 3274 456 3348 ἄχρι
489 3273 578 3328 καὶ
618 3276 714 3326 τοῦ
759 3270 996 3339 τελείου,
1054 3271 1221 3349 φημὶ,
1280 3277 1378 3337 τῆς
1438 3269 1694 3330 ἀπαθείας
1750 3268 1970 3342 μέτρου.

325 3363 484 3421 Οὕτω
515 3364 620 3438 γὰρ
659 3363 796 3435 πρὸς
852 3361 1023 3416 πάντα
1077 3361 1239 3414 πόνον
1303 3360 1391 3414 καὶ
1433 3358 1602 3414 κόπον
1657 3358 1970 3432 ἐξετασθεὶς,

327 3454 416 3507 καὶ
439 3451 604 3512 ὅλους
635 3450 972 3523 πειρασμοῦς
1007 3450 1136 3512 τοὺς
1186 3449 1288 3504 ὑπὸ
1318 3455 1419 3517 τῆς
1466 3447 1655 3508 κακίας
1706 3447 1976 3523 ἐπαγομέ-

326 3553 448 3602 νους
504 3539 760 3614 εὐψόχως
831 3538 1154 3613 ὑπενεγκὼν,
1214 3538 1336 3592 τότε
1391 3538 1480 3591 καὶ
1545 3541 1652 3592 τῶν
1718 3538 1972 3611 μεγάλων

325 3633 500 3701 τιμῶν
532 3628 624 3683 καί
655 3628 1016 3706 χαρισμάτων
1067 3630 1164 3681 τοῦ
1217 3625 1545 3698 Πνεῦματος,
1571 3626 1660 3680 καὶ
1689 3632 1786 3680 τοῦ
1827 3627 1973 3682 θείου

324 3718 566 3774 πλούτου
597 3718 942 3787 καταξιοῦται
977 3735 992 3750 ⁶
1043 3717 1155 3771 εἶτα
1207 3717 1293 3772 καὶ
1354 3715 1705 3791 κληρονόμος
1751 3723 1850 3785 τῆς
1880 3715 1975 3770 οὖ·-

327 3808 512 3884 ρανίου
551 3810 759 3883 γίνεται
796 3805 1096 3882 βασιλείας.

395 3901 529 3954 ΚΗ’.
571 3901 636 3953 Ἦ
686 3898 841 3971 ψυχή
887 3894 943 3950 δὲ
991 3895 1090 3950 οὐκ
1137 3895 1338 3970 ἔχουσα
1391 3898 1482 3970 μὲν
1531 3899 1629 3964 τήν
1685 3896 1976 3970 εἰρημένην

324 3993 424 4055 τῆς
452 3987 736 4047 πολιτείας
764 3981 1041 4059 ἀκρίϐειαν
1078 4003 1090 4016 ·
1130 3989 1298 4058 μήπω
1339 3984 1394 4040 δὲ
1423 3991 1520 4040 τοῦ
1570 3988 1843 4059 άγιασμοῦ
1879 3988 1975 4039 τοῦ

326 4074 378 4130 ἒν
409 4078 478 4149 τῇ
520 4073 718 4148 καρδίᾳ
775 4076 873 4140 τὴν
920 4073 1166 4141 αἴσθησιν
1223 4073 1509 4145 δεξαμένη,
1569 4074 1827 4128 πενθείτω
1883 4075 1974 4128 καὶ

326 4165 557 4235 ζητείτω
609 4165 754 4239 παρά
806 4167 903 4217 τοῦ
974 4160 1170 4234 Κυρίου
1223 4164 1459 4234 θερμῶς,
1503 4162 1594 4217 ’ἱνα
1630 4167 1727 4217 τοῦ
1776 4163 1974 4237 ἀγαθοῦ

324 4253 520 4308 τούτου
559 4253 649 4306 καὶ
706 4258 805 4320 τῆς
857 4250 1123 4325 ἐνεργείας
1179 4257 1279 4319 τῆς
1337 4250 1388 4304 ἐν
1447 4255 1524 4322 νῷ
1585 4247 1654 4304 δι’
1720 4249 1971 4324 ἀρῥητων

329 4343 571 4415 θεωριῶν
622 4339 917 4414 γινομένης
967 4342 1062 4392 τοῦ
1121 4338 1432 4411 Πνεύματος
1481 4337 1734 4418 ἰπιτόχῃ.
1770 4346 1971 4415 Ὥσπερ

327 4431 383 4486 δὲ
441 4430 578 4486 κατά
632 4430 726 4486 τὸν
784 4427 1233 4499 ἐκκλησιαστικὸν
1296 4428 1480 4502 νόμον,
1544 4430 1594 4483 οἱ
1636 4435 1971 4503 σωματικοῖς

326 4517 546 4582 ἁλόντες
605 4520 1016 4596 ἁμαρτήμασιν,
1075 4517 1426 4596 ἀφορίζονται
1489 4519 1582 4592 μὲν
1657 4520 1803 4592 παρὰ
1874 4524 1970 4574 τοῦ

325 4611 511 4685 ἱερέως
548 4611 610 4666 τὸ
657 4610 924 4684 πρότερον
956 4629 969 4642 ·
1004 4609 1122 4664 εἶτα
1169 4610 1270 4680 τήν
1317 4608 1452 4664 κατά
1483 4607 1648 4683 λόγον
1686 4609 1968 4682 μετάνοιαν

325 4696 773 4773 ἐπιδεδειγμένοι,
828 4699 916 4753 καὶ
978 4705 1076 4768 τῆς
1155 4697 1441 4760 κοινωνίας
1504 4701 1919 4769 μεταποιοῦνται
1955 4714 1968 4729 ’

326 4786 443 4839 ὅσοι
511 4783 567 4840 δὲ
622 4787 883 4848 ἀπτώτως
966 4789 1055 4841 καὶ
1123 4789 1374 4864 καθαρῶς
1433 4788 1754 4861 βεβιώκασι,
1831 4807 1968 4860 προ-

323 4873 586 4928 κόπτουσί
633 4895 692 4929 τε
730 4877 865 4949 πρὸς
913 4876 1237 4950 ἱερωσύνην,
1266 4878 1355 4932 καὶ
1413 4879 1517 4932 ἀπο
1555 4883 1651 4932 τοῦ
1709 4877 1968 4952 ἐξωτέρου

323 4962 493 5018 τόπου
521 4965 622 5031 τὴν
656 4957 760 5017 ἔσω
818 4968 915 5018 τοῦ
971 4965 1361 5041 θησιαστηρίου
1398 4967 1714 5041 μετάστασίν
1769 4989 1828 5023 τε
1878 4967 1968 5022 καὶ

322 5053 469 5122 τάξιν
517 5046 1019 5125 ἀπολαμϐάνουσιν,
1077 5053 1163 5109 ἵνα
1221 5054 1533 5132 λειτουργοὶ
1563 5057 1652 5112 καί
1708 5053 1967 5132 πάρεδροι

319 5147 397 5214 τῷ
431 5141 620 5214 Κυρίῳ
653 5139 974 5196 διατελῶσιν
1009 5162 1022 5177 ο
1059 5144 1207 5198 οὕτω
1250 5142 1314 5214 δὴ
1367 5152 1654 5219 σκοπῶμεν
1702 5148 1790 5200 καὶ
1841 5146 1966 5220 περὶ

318 5236 418 5298 τῆς
450 5234 719 5306 μυστικῆς
771 5235 866 5285 τοῦ
929 5231 1239 5303 Πνεῦματος
1278 5234 1589 5300 κοινωνίας,
1621 5235 1745 5308 περὶ
1775 5237 1842 5303 ἧς
1886 5239 1967 5306 τῷ

320 5321 643 5394 Ἀποστόλῳ
702 5319 912 5395 εἷ’ρηται
947 5340 959 5352 ·
1017 5322 1079 5376 Ἦ
1137 5322 1300 5396 χάρις
1372 5328 1468 5378 τοῦ
1531 5324 1728 5398 Κυρίου
1803 5326 1963 5394 ἡμῶν

317 5413 497 5483 ιΙησοῦ
556 5409 811 5484 Χριστοῦ,
869 5409 958 5465 καὶ
1012 5411 1046 5478 ἡ
1108 5410 1286 5484 ἀγάπη
1344 5415 1440 5465 τοῦ
1499 5417 1634 5467 Θεοῦ
1692 5413 1784 5465 καὶ
1851 5417 1964 5466 Πα-

314 5499 462 5572 τρὸς,
494 5497 582 5552 καὶ
642 5500 676 5567 ἡ
734 5499 993 5553 κοινωνία
1048 5503 1144 5553 τοῦ
1200 5497 1352 5574 ἁγίου
1415 5500 1750 5574 Πνεῦματος.
1808 5504 1962 5574 Ὀψει

317 5592 634 5660 σωζομένην
667 5586 993 5644 ἀκολουθίαν
1027 5605 1040 5621 ⁸
1087 5586 1285 5643 ἐνοικεῖ
1318 5589 1412 5663 μὲν
1446 5591 1545 5666 γὰρ
1577 5592 1612 5660 ἡ
1647 5580 1764 5646 θεία
1795 5592 1960 5667 Τριάς

404 5678 452 5715 ³ο
487 5679 534 5733 ΙΙ
572 5678 698 5734 Cor.
743 5695 864 5749 xm,
907 5683 994 5736 13.

585 5779 847 5841 ΡΛΤΕΟΙ..
896 5779 1004 5841 Gs.
1055 5782 1318 5845 XXXIV.

2081 3285 2267 3340 usque
2305 3270 2446 3324 dum
2488 3270 2558 3324 ad
2601 3269 2913 3339 perfectam
2958 3285 3288 3325 mensuram
3314 3268 3522 3339 quietis
3561 3273 3794 3341 pertur-

2082 3361 2384 3416 bationum
2429 3358 2815 3431 perveniatur.
2858 3359 2942 3414 Ita
2977 3358 3133 3414 enim
3176 3360 3414 3414 demum
3447 3374 3546 3430 per
3584 3363 3797 3415 cuncta

2083 3448 2526 3506 contentionum
2591 3463 3114 3519 mrumnarnmque
3186 3465 3395 3519 genera
3440 3449 3793 3520 exploratus,

2083 3544 2140 3594 et
2178 3539 2597 3594 tentationibus
2637 3554 2672 3593 a
2713 3538 2932 3592 malitia
2984 3539 3288 3593 suscitatis
3347 3539 3610 3594 animose
3648 3537 3797 3594 tole-

2086 3633 2252 3692 ratis,
2295 3643 2644 3700 magnorum
2712 3628 2965 3698 denique
3024 3628 3334 3696 honorum,
3394 3633 3450 3684 et
3515 3631 3798 3683 donorum

2085 3719 2360 3789 Spiritus,
2403 3734 2699 3789 epuinque
2738 3719 3065 3772 divinarum
3117 3718 3356 3787 beatur;
3400 3727 3805 3790 postremoque

2085 3807 2270 3862 haeres
2313 3809 2375 3860 fit
2415 3809 2577 3878 regni
2618 3807 2888 3864 caelestis.

2159 3895 2406 3951 XXVIII.
2447 3897 2659 3952 Anima
2717 3911 2850 3950 vero
2905 3911 3018 3950 non
3070 3895 3290 3950 habens
3347 3896 3586 3966 quidem
3627 3897 3801 3965 hanc,

2083 3989 2152 4042 de
2218 4003 2331 4055 qua
2392 3987 2675 4051 diximus,
2734 3987 3032 4056 exquisitae
3114 3988 3564 4042 conversationis
3623 3986 3796 4043 soler-

2085 4076 2270 4139 tiam;
2303 4090 2488 4145 neque
2545 4074 2685 4130 dum
2729 4075 2921 4130 intimi
2973 4091 3184 4131 sensus
3223 4075 3619 4146 experimento
3685 4077 3798 4132 sibi

2086 4164 2648 4234 consciaejus,qusa
2718 4169 2808 4220 est
2865 4165 2924 4220 in
2993 4165 3162 4220 corde
3227 4164 3802 4232 suo,sanctificatio-

2083 4255 2196 4322 nis,
2229 4255 2422 4326 lugeat
2475 4262 2534 4312 et
2569 4261 2793 4327 quaerat
2824 4273 2858 4311 a
2913 4256 3159 4312 Domino
3200 4257 3504 4326 ferventer,
3539 4260 3603 4311 ut
3659 4256 3797 4311 boni

2083 4344 2260 4416 hujus
2315 4350 2372 4401 et
2429 4346 2785 4417 operationis
2841 4346 3116 4416 Spiritus,
3182 4363 3309 4417 quae
3365 4345 3426 4402 in
3494 4350 3686 4402 mente
3735 4345 3798 4400 fit

2082 4451 2186 4504 per
2253 4451 2493 4490 arcanas
2559 4433 3103 4506 contemplationes,
3159 4435 3450 4490 efﬁciatur
3531 4451 3791 4506 compos.

2002 4563 2050 4625 Β
2082 4525 2259 4578 Porro
2300 4524 2797 4593 quemadmodum
2852 4524 3020 4593 juxta
3085 4524 3540 4580 ecclesiasticam
3580 4523 3791 4596 legem,

2079 4612 2138 4668 in
2207 4613 2434 4669 delictis
2483 4612 2828 4684 deprehensi
2901 4615 3214 4684 corporeis,
3256 4619 3633 4685 segregantur
3664 4617 3792 4686 qui-

2079 4701 2210 4758 dem
2269 4703 2516 4771 primum
2583 4717 2686 4772 per
2751 4704 3142 4770 sacerdotem;
3186 4701 3397 4757 deinde
3453 4702 3793 4773 praescripta

2076 4793 2398 4849 canonibus
2477 4792 2818 4863 poenitentia
2887 4793 3164 4860 exhibita,
3232 4791 3636 4848 communioni
3703 4809 3792 4849 re-

2077 4887 2400 4938 stituuntur
2432 4899 2446 4949 ;
2480 4883 2581 4952 qui
2639 4899 2771 4937 vero
2825 4883 2952 4937 sine
3010 4882 3329 4938 offensione
3379 4889 3435 4938 et
3474 4899 3616 4954 pure
3644 4884 3792 4940 vixe-

2076 4976 2232 5039 runt,
2285 4980 2697 5042 promoventur
2748 4972 2817 5026 ad
2861 4973 3279 5039 sacerdotium,
3310 4976 3368 5028 et
3405 4973 3476 5027 ab
3515 4973 3790 5030 exteriori

2073 5058 2198 5115 loco
2260 5060 2504 5114 interius
2562 5060 2630 5114 ad
2688 5059 2887 5115 altaris
2948 5061 3221 5116 viciniam
3261 5061 3526 5128 admissi,
3567 5070 3783 5117 statum

2066 5150 2190 5220 jam
2231 5155 2287 5204 et
2325 5147 2589 5204 ordinem
2631 5149 2946 5218 accipiunt,
2979 5156 3043 5204 ut
3086 5149 3337 5205 ministri
3377 5155 3435 5206 et
3458 5166 3786 5206 assessores

2077 5239 2316 5294 Domino
2351 5239 2523 5305 ﬁant;
2566 5239 2634 5292 ad
2686 5238 3053 5294 consimilem
3123 5238 3360 5295 modum
3422 5256 3543 5295 rem
3584 5257 3646 5295 se
3685 5240 3780 5294 ha-

2073 5328 2205 5383 bere
2243 5334 2585 5399 reputemus
2652 5327 2709 5382 in
2783 5328 2887 5383 hac
2929 5329 3175 5399 mystica
3214 5329 3470 5399 Spiritus
3510 5344 3778 5382 commu-

2073 5415 2264 5481 nione,
2293 5431 2410 5484 qua
2449 5415 2669 5471 dictum
2747 5415 2817 5471 ab
2874 5417 3143 5486 Apostolo
3183 5421 3304 5471 est:
3341 5415 3527 5489 Gratia
3558 5415 3778 5469 Domini

2071 5506 2245 5560 nostri
2271 5507 2404 5561 Jesu
2437 5505 2656 5565 Christi,
2687 5505 2928 5560 charitas
2951 5507 3050 5561 Dei
3106 5513 3156 5560 et
3201 5504 3408 5570 Patris,
3433 5512 3488 5558 et
3536 5517 3778 5558 commu-

2073 5595 2276 5651 nicatio
2339 5595 2521 5652 sancti
2576 5595 2812 5668 Spiritus
2842 5595 2910 5652 3°.
2953 5595 3206 5662 Videbis,
3230 5594 3491 5665 inquam,
3525 5592 3773 5650 similem

3385 5786 3460 5842 30
