4076 6280
370 337 481 396 931

1688 331 1748 391 S.
1810 333 2145 394 MACARII
2193 337 2527 399 JEGYPTII

3706 341 3831 400 932

370 473 463 526 hic
494 484 722 540 quoque
763 466 931 538 quasi
971 465 1270 537 discipinae
1324 465 1609 520 ordinem.
1651 467 1878 524 Habitat
1917 470 2032 525 cui:

2192 471 2240 527 ἐν
2271 477 2338 546 τῇ
2371 474 2619 547 καθαρῶς
2652 469 2856 546 ἐχούσῃ
2890 473 3067 546 ψυχῇ,
3115 478 3217 540 τῆς
3264 469 3406 534 θείας
3445 472 3836 546 χρηστότητος

369 562 562 616 divina
590 556 843 614 Trinitas
892 556 951 610 in
1000 557 1190 611 anima
1249 571 1389 625 pure
1433 555 1677 624 vivente,
1711 573 1842 612 cum
1899 559 2064 630 adju-

365 655 534 705 vante
590 649 777 720 ipsam
827 646 1033 700 divinas
1100 644 1474 715 benignitatis
1531 647 1781 714 auxilio;
1843 648 2069 705 habitat

366 749 559 795 autem
592 755 706 792 non
741 740 796 791 in
829 740 1107 806 quantum
1159 735 1217 788 in
1256 750 1318 788 se
1347 742 1473 801 est;
1508 738 1592 791 sic
1640 738 1794 792 enim
1841 744 1929 792 est
1977 740 2063 794 in-

364 825 899 898 comprehensibilis
955 823 1256 888 universae,
1317 828 1543 894 quanta
1598 831 1706 891 est,
1760 833 2062 895 creaturae,

362 918 461 972 sed
497 917 552 969 in
586 919 870 986 quantum
905 922 1073 982 aptus
1115 919 1170 967 et
1203 929 1381 983 capax
1411 919 1499 967 est
1530 913 1721 968 homo.
1755 916 2064 986 Postquam

359 1021 490 1062 vero
547 1007 741 1058 anima
796 1005 852 1056 in
913 1003 1188 1072 quopiam
1245 1003 1572 1066 offenderit,
1633 1007 2064 1074 transgrediens

358 1095 610 1151 ordinem
662 1091 946 1157 divinum,
1007 1107 1072 1145 ac
1133 1091 1230 1145 Dei
1287 1092 1555 1161 spiritum
1620 1093 2061 1160 contristaverit,

358 1184 583 1254 ejicitur
605 1189 662 1237 et
702 1187 1042 1252 segregatur
1081 1198 1115 1234 a
1163 1181 1454 1251 spirituali
1496 1181 1694 1237 laetitia
1752 1199 1939 1250 mens,
1974 1186 2061 1238 di-

358 1276 492 1329 vina
521 1273 756 1343 quidem
825 1271 1048 1341 gradia,
1082 1278 1134 1324 et
1185 1270 1464 1325 cbaritate
1511 1272 1691 1337 omni,
1754 1278 1810 1327 et
1866 1289 2065 1342 cpera-

355 1362 511 1417 tione
551 1360 799 1431 Spiritus
860 1373 990 1413 esse
1040 1358 1564 1426 contrahentibus;
1597 1360 1760 1431 lapsa
1817 1362 1875 1416 in
1917 1362 2063 1416 defe-

354 1457 513 1508 ctum
546 1450 746 1507 anima
775 1448 1193 1504 afﬂictionibus
1224 1447 1483 1514 interim,
1520 1453 1577 1504 et
1619 1450 2061 1521 tentationibus,

355 1546 410 1594 et
476 1537 866 1608 malignorum
924 1535 1235 1606 spirituum
1331 1535 1747 1603 vexationibus,
1817 1538 2061 1607 tradita;

352 1635 540 1706 quoad
603 1648 804 1688 rursus
861 1634 1011 1686 recte
1063 1631 1184 1700 jam
1242 1631 1575 1700 ambulans,
1622 1633 1811 1688 denuo
1861 1649 1922 1688 se
1989 1635 2058 1688 ad

351 1724 600 1792 Spiritus
659 1720 1088 1791 beneplacitum
1159 1721 1559 1789 adaptaverit;
1633 1721 1842 1777 deinde
1905 1721 2063 1777 velut

350 1829 452 1882 per
483 1826 685 1866 omnes
720 1810 1124 1864 circumducta
1183 1809 1584 1879 pmnitentium
1645 1814 1880 1880 gradus,
1914 1828 2060 1867 con-

347 1901 597 1956 fessione
637 1915 840 1967 nempe
871 1904 926 1952 et
987 1898 1411 1965 humiliatione,
1444 1900 1775 1954 visitatione
1825 1901 2054 1956 tandem

343 1991 574 2046 iiterum
624 1993 818 2060 gratia:
869 1991 1108 2055 beatur;
1153 2005 1294 2058 quin
1343 1996 1398 2042 et
1429 1989 1680 2044 caelestis
1731 1990 2054 2046 uberiorem

344 2081 636 2136 interdum
683 2093 1018 2133 mensuram
1071 2077 1280 2131 laetitia
1323 2080 1547 2148 recipit.
1600 2081 1759 2145 Quod
1795 2081 1841 2135 si
1893 2082 2054 2136 nulla

343 2171 399 2224 in
424 2187 484 2223 re
512 2169 786 2239 Spiritum
839 2168 1290 2231 contristaverit,
1345 2169 1441 2222 sed
1498 2170 1668 2237 juxta
1729 2171 1823 2222 Dei
1878 2171 2051 2226 bene-

344 2261 617 2331 placitum
677 2260 902 2323 vixerit,
936 2257 1160 2312 cunctis
1209 2258 1398 2328 pravis
1456 2260 1906 2327 cogitationibus
1967 2278 2053 2317 va-

343 2349 453 2404 lide
510 2350 809 2414 resistens,
881 2351 1240 2417 Dominoque
1316 2347 1604 2401 indivulse
1708 2349 2046 2418 udhmrens;

340 2439 470 2493 talis
521 2440 726 2492 merito
783 2453 845 2491 se
904 2446 1324 2506 consequenter
1382 2453 1682 2506 nunquam
1727 2439 2048 2506 interrupto

339 2536 509 2583 auctu
574 2528 792 2598 proficit
845 2527 1063 2593 anima,
1098 2527 1385 2595 donisque
1441 2527 1834 2583 ineffabilibus
1885 2528 2041 2585 201

339 2617 684 2681 instruitur;
721 2630 822 2667 nec
884 2631 996 2667 non
1031 2632 1057 2665 ιι
1091 2613 1275 2682 gloria
1323 2615 1379 2668 in
1441 2616 1710 2684 gloriam,
1765 2635 1796 2670 ιι
1854 2621 2047 2687 quiete

338 2707 395 2760 in
449 2706 840 2779 perfectiorem
897 2705 1148 2771 quietem
1206 2707 1602 2757 transferetur.
1672 2705 1929 2776 Denique
1990 2715 2046 2764 et

2176 562 2649 640 συνεφαπτομένης
2682 582 2694 595 ·
2748 560 2948 615 ἐνοικεῖ
2992 558 3048 614 δὲ
3097 562 3159 615 οὗ
3211 561 3331 615 καθ’
3365 563 3394 615 ὅ
3445 560 3589 616 ἐστιν
3626 583 3638 594 ·
3672 562 3836 641 ἀχώ-

2177 670 2341 722 ρητος
2374 650 2478 724 γὰρ
2529 650 2617 704 καὶ
2672 648 2807 721 αὐτῇ
2841 649 2983 723 πάσῃ
3030 652 3097 721 τῇ
3131 648 3299 704 κτίσει
3335 669 3346 682 ·
3382 648 3528 705 ἀλλὰ
3557 653 3676 705 καθ’
3704 651 3834 705 ὅσον

2171 745 2298 814 γοῦν
2355 737 2678 809 ἐπιτηδείως
2725 736 2845 816 ἔχει
2894 740 2984 793 καὶ
3044 736 3304 800 δεκτικῶς
3363 740 3390 793 ὁ
3460 738 3749 814 ἄνθρωπος
3814 760 3825 772 ·

2173 826 2384 882 ἐπειδὰν
2419 826 2475 881 δὲ,
2530 849 2581 881 τι
2629 831 2958 902 παρατραπῇ
2989 833 3090 890 τῆς
3130 832 3208 898 τῷ
3257 832 3372 899 Θεῷ
3421 828 3558 882 κατὰ
3596 829 3828 902 γνώμην

2174 917 2472 991 διαγωγῆς.
2512 919 2601 972 καὶ
2640 917 2702 970 τὸ
2750 919 2896 971 θεῖον
2944 919 3163 988 Πνεῦμα
3213 914 3530 986 λυπήσειεν,
3565 911 3830 972 ἐκϐάλλει

2171 1028 2259 1060 ται
2315 1008 2404 1060 καὶ
2465 1005 2770 1081 ἀφορίζεται
2820 1012 2920 1074 τῆς
2988 1008 3359 1078 πνευματικῆς
3411 1005 3749 1083 εὐφροσύνης
3798 1007 3824 1059 ὁ

2171 1104 2335 1159 νοῦς·
2379 1106 2480 1167 τῆς
2543 1099 2634 1168 μὲν
2691 1098 2836 1158 θείας
2876 1098 3103 1172 χάριτος
3142 1097 3231 1150 καὶ
3280 1103 3381 1164 τῆς
3443 1097 3683 1174 ἀγάπης,
3728 1097 3822 1152 καὶ

2171 1190 2346 1256 πάσης
2380 1194 2479 1256 τῆς
2511 1186 2720 1260 ἀγαθῆς
2749 1191 2846 1239 τοῦ
2902 1186 3217 1257 Πνεῦματος
3271 1184 3539 1260 ἐνεργείας
3591 1187 3817 1242 συστελ-

2172 1277 2414 1350 λομένης
2449 1297 2462 1310 ·
2488 1276 2692 1332 ἐκείνου
2737 1275 2794 1331 δὲ
2853 1275 3070 1349 θλίψεσί
3126 1297 3184 1330 τε
3235 1277 3326 1330 καὶ
3357 1283 3684 1348 πειρασμοῖς
3725 1279 3819 1332 καὶ

2170 1372 2434 1441 πονηροῖς
2498 1365 2764 1437 πνεύμασι
2823 1361 3262 1438 παραδιδομένου
3297 1384 3310 1397 ο
3358 1365 3450 1418 καὶ
3491 1365 3694 1440 μέχρις
3753 1365 3814 1420 ἃν

2168 1457 2334 1512 πάλιν
2367 1449 2766 1529 ὀρθοποδίσειεν
2799 1456 2833 1523 ἡ
2867 1456 3018 1528 ψυχὴ
3053 1454 3190 1528 πρὸς
3235 1455 3334 1522 τῆν
3367 1454 3467 1510 τοῦ
3501 1455 3816 1528 Πνεῦματος

2168 1546 2514 1619 εὐαρέστησιν
2550 1563 2561 1576 ·
2598 1544 2705 1598 εἶτε
2749 1541 2838 1597 διὰ
2885 1544 3062 1613 πάσης
3104 1542 3555 1619 ἐξομολογήσεώς
3607 1565 3668 1599 τε
3725 1547 3815 1600 καὶ

2165 1634 2541 1694 ταπεινώσεως
2606 1634 2707 1700 τήν
2771 1631 3055 1704 μετάνοιαν
3112 1628 3516 1704 ἐπιδειξαμένη,
3548 1633 3668 1688 τότε
3724 1634 3812 1687 καὶ

2167 1721 2317 1784 αὖθις
2365 1729 2464 1790 τῆς
2523 1720 2814 1788 ἐπισκοκῆς
2859 1720 3098 1792 ἀξιοῦται
3145 1727 3244 1790 τῆς
3281 1723 3532 1795 χάριτος,
3571 1722 3661 1776 καὶ
3712 1724 3809 1791 τὴν

2169 1811 2414 1886 οὖράινιον
2476 1810 2810 1887 εὐφςοσύνην
2860 1808 3024 1864 πλέον
3084 1809 3120 1878 ἢ
3187 1811 3322 1865 κατᾶ
3382 1816 3597 1883 πρῶτον
3672 1813 3810 1867 ἀπο-

2167 1895 2454 1974 λαμϐάνει.
2489 1900 2552 1956 Εἰ
2604 1897 2660 1953 δὲ
2700 1902 2836 1971 πρός
2888 1895 3057 1970 μηδὲν
3101 1898 3162 1952 τό
3214 1903 3435 1970 Πνεῦμα
3494 1899 3810 1970 λυπήσειεν,

2163 1990 2289 2044 ἀλλ’
2321 1989 2404 2059 εἴη
2441 1988 2583 2058 ζῶσά
2628 2009 2687 2042 τε
2735 1988 3058 2061 εὐαρέστως,
3088 1987 3177 2042 καὶ
3229 1987 3525 2062 λογισμοῖς
3551 1990 3646 2060 μὲν
3680 1995 3808 2045 πᾶσι

2162 2084 2427 2152 πονηροῖς
2491 2076 2934 2148 ἀντιταττομένη,
2991 2081 3070 2147 τῷ
3131 2076 3312 2150 Κυρίῳ
3373 2074 3430 2131 δὲ
3472 2076 3805 2150 κολλωμὲνη

2162 2167 2467 2236 διαπαντὸς,
2518 2170 2550 2236 ἡ
2607 2167 2832 2236 τοιαύτη
2907 2163 3131 2226 δικαίως
3191 2166 3292 2240 ἄρα
3341 2167 3432 2220 καὶ
3485 2167 3806 2232 ἀκολούθως

2160 2256 2455 2331 προκόπτει
2498 2257 2675 2329 ψυχὴ,
2707 2255 2796 2309 καὶ
2855 2253 3072 2328 δωρεῶν
3122 2254 3340 2332 ἀφάτων
3404 2256 3668 2325 ἀξιοῦται,
3701 2258 3806 2312 ἀπὸ

2158 2349 2319 2418 δόξης
2349 2347 2426 2408 εἷς
2467 2345 2645 2414 δόξαν.
2678 2344 2767 2400 καὶ
2802 2345 2904 2398 ἀπὸ
2955 2345 3305 2406 ἀναπαύσεως
3337 2343 3414 2406 εἷς
3465 2345 3804 2420 τελειοτέραν

2156 2438 2448 2492 ἀνάπαυσιν
2503 2435 2860 2508 μετατίθεται.
2905 2434 3030 2487 Εἶτα
3085 2433 3175 2487 καὶ
3232 2432 3308 2494 εἷς
3357 2434 3418 2488 τὸ
3462 2435 3667 2488 τέλειον
3707 2440 3806 2490 τοῦ

2157 2529 2584 2600 Χριστιανισμοῦ
2619 2525 2810 2596 μέτρον
2853 2523 3181 2600 ἀφικομένη,
3215 2528 3332 2586 τοῖς
3379 2522 3614 2585 τελείοις
3648 2523 3805 2600 ἐργάο

2153 2639 2290 2680 ταις,
2358 2615 2447 2669 καὶ
2495 2620 2611 2674 τοῖς
2672 2612 2926 2684 ἀμώμοις
2984 2614 3081 2664 τοῦ
3156 2612 3394 2684 Χριστοῦ
3459 2609 3802 2689 λειτουργοῖς

2154 2708 2288 2761 κατὰ
2315 2725 2412 2772 την
2442 2703 2664 2758 αἰώνιον
2699 2702 2864 2755 αὐτοῦ
2895 2702 3282 2776 συνταγήσεται
3317 2700 3607 2774 βασιλείαν.

337 2811 518 2863 usque
550 2795 618 2849 ad
661 2809 1025 2862 supremum,
1067 2809 1181 2863 quo
1233 2794 1543 2862 perducere
1609 2795 2083 2854 Christianismus
2155 2798 2445 2854 hominem
2515 2800 2722 2864 potest,
2769 2793 3131 2863 perfectionis
3179 2794 3396 2862 apicem
3452 2807 3778 2863 progressa,

338 2883 604 2956 perfectis
644 2880 944 2952 operariis,
985 2888 1042 2936 et
1075 2881 1388 2951 inculpatis
1428 2881 1640 2936 Christi
1687 2886 1974 2941 ministris
2017 2888 2074 2942 in
2116 2893 2330 2942 zeterno
2374 2900 2548 2956 regno
2589 2884 2958 2953 adiungetur.

403 2973 597 3029 XXIX.
631 2972 762 3027 Haec
819 2989 946 3043 qua:
996 2972 1257 3025 videmus
1309 2973 1364 3026 in
1419 2972 1590 3039 paulo
1639 2985 1772 3029 ante
1832 2992 2048 3031 memo-

336 3074 456 3121 rato
483 3079 781 3119 sacrorum
836 3066 971 3130 ritu,
1008 3063 1222 3132 liguras
1253 3079 1380 3116 esse
1415 3071 1550 3127 puta
1581 3073 1634 3117 et
1669 3067 1908 3121 umbras
1941 3084 2034 3122 oc-

333 3156 642 3210 cultorum.
699 3151 1002 3221 Templum
1069 3159 1205 3221 puta
1265 3151 1510 3214 visibile,
1562 3155 1789 3221 cordis;
1848 3173 2039 3210 sacer-

333 3246 542 3312 dotem,
577 3247 693 3301 veri
753 3243 1069 3298 sacerdotis
1118 3242 1329 3298 Christi
1389 3245 1632 3312 gratiam
1662 3261 1676 3298 :
1713 3255 1764 3299 et
1797 3248 1880 3300 sic
1914 3264 2037 3316 por-

333 3352 415 3388 ro.
455 3335 516 3389 Ut
584 3336 766 3404 igitur
821 3333 877 3386 in
943 3333 1198 3386 Ecclesia
1248 3333 1461 3386 visibili
1522 3334 1634 3388 nisi
1699 3336 1858 3403 prius
1902 3339 2043 3391 liant

331 3440 507 3478 sacra:
579 3424 874 3480 lectiones.
908 3429 964 3475 et
1028 3439 1152 3489 quae
1220 3432 1420 3476 cetera
1485 3440 1706 3478 canone
1762 3427 2039 3481 ecclesia-

333 3515 478 3568 stico
547 3510 824 3578 consequi
893 3510 1126 3576 debent,
1180 3511 1514 3578 procedant,
1586 3513 1928 3581 psalmodiaa
1983 3522 2041 3569 et

333 3615 566 3654 sacrum
618 3600 809 3667 ipsum
863 3601 1202 3668 mysterium
1293 3599 1548 3666 corporis
1609 3607 1665 3653 et
1729 3603 2038 3670 sanguinis

336 3689 547 3741 Christi
600 3687 792 3757 peragi
854 3703 884 3739 a
943 3688 1255 3748 sacerdote,
1302 3689 1728 3757 inconsequens
1787 3696 1892 3744 est.
1950 3691 2036 3744 Vi-

335 3780 531 3832 cissim
585 3787 800 3839 autem,
834 3778 880 3831 si
933 3779 1014 3829 vel
1080 3779 1328 3831 maxime
1386 3779 1820 3833 ecclesiasticus
1850 3797 2030 3835 canon

329 3868 594 3937 exPletus
656 3869 844 3933 fuerit,
895 3865 1109 3919 oblatio
1165 3874 1356 3920 autem
1420 3870 1662 3937 mystica
1721 3887 1832 3923 non
1887 3871 2032 3924 cele-

332 3961 528 4011 bretur
587 3977 617 4010 a
667 3961 983 4018 sacerdote,
1044 3972 1148 4012 nec
1177 3958 1527 4011 eucharistia
1583 3967 1636 4014 et
1703 3962 2035 4015 communio

327 4049 586 4120 corporis
626 4049 836 4102 Christi
907 4047 1362 4112 administretur,
1428 4049 1568 4102 baut
1630 4052 1883 4120 perfecte
1940 4053 2033 4106 ab-

327 4139 572 4192 solvitur
615 4138 1138 4192 ecclesiasticarum
1207 4137 1678 4192 caaremoniarum
1753 4144 1911 4206 ordo,
1981 4147 2035 4194 et

327 4227 960 4298 mancusmutilusque
1000 4227 1097 4281 Dei
1168 4227 1357 4281 cultus
1424 4243 1488 4280 ac
1546 4227 1744 4298 religio
1811 4230 2034 4284 est.Sic

326 4317 469 4370 mihi
503 4325 560 4370 tu
595 4320 662 4371 de
693 4317 1024 4371 Christiano
1075 4317 1332 4386 quolibet
1365 4316 1573 4386 cogita.
1610 4316 1670 4370 Si
1702 4318 1858 4371 enim
1891 4319 1942 4372 is
1975 4319 2032 4373 in

317 4408 546 4477 jejunio
579 4407 811 4477 quidem
861 4412 917 4459 et
962 4407 1174 4474 vigilia,
1209 4413 1265 4460 et
1324 4407 1380 4460 in
1430 4405 1750 4476 psalmodia
1792 4409 1926 4463 item
1979 4414 2035 4465 et

323 4497 382 4551 in
443 4501 666 4552 cunctis
722 4497 930 4552 officiis
991 4495 1262 4550 virtutum
1324 4496 1726 4552 universarum
1780 4502 1934 4553 omni
1969 4516 2032 4554 se

323 4587 626 4658 diligentia
683 4588 1045 4642 exercuerit:
1081 4602 1184 4640 nec
1242 4595 1432 4641 tamen
1470 4604 1535 4641 eo
1564 4604 1827 4659 unquam
1854 4591 2029 4658 profi-

319 4678 525 4734 ciendo
571 4678 882 4748 pertingat,
919 4682 980 4730 ut
1038 4677 1284 4748 mystica
1327 4676 1581 4746 Spiritus
1650 4681 1904 4749 operatio
1968 4678 2026 4732 in

319 4765 485 4819 altari
545 4767 733 4821 cordis
775 4766 904 4835 ejus
943 4782 976 4819 ιι
1015 4765 1202 4832 gratia
1250 4781 1382 4820 cum
1439 4781 1609 4820 sensu
1680 4765 1904 4832 intimo,
1972 4771 2030 4823 et

317 4853 510 4909 omnis
567 4854 886 4923 spiritualis
942 4855 1153 4924 quietis
1209 4870 1418 4909 arcana
1478 4854 1828 4923 experientia
1896 4871 2024 4926 per-

317 4947 548 5013 agatur,
578 4943 908 5011 imperfecta
967 4944 1140 4997 fuerit
1182 4948 1299 4998 tota
1353 4942 1450 4998 illa
1482 4945 1812 5013 praecedens
1845 4947 2025 5001 series

2227 2981 2344 3030 KB'.
2386 2974 2457 3027 Τὰ
2516 2971 2809 3046 φαινόμενα
2872 2974 3038 3023 ταῦτα
3100 2971 3305 3031 τύπους
3362 2967 3480 3024 οἷόυ
3540 2989 3640 3040 μου
3695 2969 3792 3022 καὶ

2152 3066 2304 3126 σκιὰς
2359 3067 2464 3117 τῶν
2502 3058 2740 3134 κρυφίων
2802 3058 2939 3112 εἶναι
2973 3077 2985 3089 ·
3035 3058 3127 3111 τὸν
3185 3058 3309 3112 ναὸν
3374 3059 3462 3112 τὸν
3516 3059 3797 3132 ὁρώμενον

2149 3159 2245 3209 τοῦ
2274 3162 2374 3222 τῆς
2405 3151 2625 3226 καρδίας
2654 3155 2802 3214 ναοῦ,
2835 3152 2924 3204 τὸν
2970 3148 3133 3222 ΐερέα,
3175 3154 3272 3205 τοῦ
3314 3148 3578 3218 ἀληθινοῦ
3611 3150 3801 3224 ἱερέως

2147 3251 2247 3312 τῆς
2285 3247 2381 3298 τοῦ
2419 3245 2652 3307 Χριστοῦ
2680 3241 2906 3318 χάριτος
2939 3260 2946 3270 ·
2983 3239 3072 3293 καὶ
3107 3238 3296 3316 ἐφεξῆς
3328 3237 3504 3301 οὕτως
3541 3258 3554 3271 ⁸
3586 3242 3797 3314 ⁸Ωσπερ

2151 3332 2242 3388 οῦν
2284 3334 2422 3388 κατά
2459 3328 2620 3399 τήνδε
2649 3332 2748 3398 τήν
2799 3330 3000 3403 ὁρατήν
3033 3326 3384 3397 Ἐκκλησίαν,
3417 3328 3476 3382 ἂν
3524 3331 3599 3401 μὴ
3661 3328 3798 3403 πρό-

2149 3442 2300 3498 τερον
2334 3425 2389 3477 αἱ
2427 3421 2770 3494 ἂναγνώσεις,
2800 3419 2856 3472 αἱ
2905 3414 3256 3491 ψαλυμῳδίαι
3313 3437 3369 3471 τε
3398 3418 3488 3472 καὶ
3535 3419 3616 3481 τίς
3657 3418 3800 3474 ἐστιν

2148 3513 2444 3568 ἀκολουθία
2527 3514 2624 3565 τοῦ
2689 3508 3141 3576 ἐκκλησιαστικοῦ
3202 3508 3437 3582 βαθμοῦ,
3490 3511 3798 3583 προχωρή-

2149 3621 2308 3664 σειεν,
2345 3601 2477 3655 αὐτὸ
2507 3601 2568 3653 τὸ
2623 3599 2771 3652 θεῖον
2819 3598 3119 3671 μυστήριον
3171 3600 3268 3650 τοῦ
3302 3592 3558 3668 σώματός
3588 3618 3646 3650 τε
3702 3599 3790 3650 καὶ

2148 3687 2382 3759 α’ίματος
2437 3694 2535 3742 τοῦ
2585 3691 2825 3758 Χριστοῦ
2872 3686 2964 3740 τὸν
3013 3684 3158 3758 ἱερέα
3214 3683 3482 3739 ἐπιτελεῖν
3522 3685 3623 3740 οῦκ
3660 3686 3788 3740 ἀκό-

2149 3779 2364 3838 λουθον,
2401 3780 2533 3835 Εἶτα
2580 3777 2675 3832 κᾶν
2733 3783 2837 3839 πᾶς
2881 3777 2974 3848 μὲν
3036 3777 3063 3830 ὁ
3115 3774 3562 3844 ἐκκλησιαστικὸς
3615 3779 3792 3831 κανών

2145 3867 2438 3936 ἐπιτεθείη,
2499 3872 2532 3938 ἡ
2595 3871 2827 3941 μυστική
2889 3865 2945 3920 δὲ
2996 3868 3095 3933 τῆς
3145 3872 3460 3941 προσφορᾶς
3522 3867 3626 3921 ὑπὸ
3691 3872 3790 3921 τοῦ

2145 3960 2330 4032 ἱερέως
2363 3959 2702 4033 εὐχαριστία,
2737 3958 2826 4010 καὶ
2871 3958 2904 4024 ἡ
2956 3954 3210 4009 κοινωνία
3256 3959 3352 4008 τοῦ
3413 3955 3666 4028 σώματος
3697 3959 3792 4010 τοῦ

2145 4052 2383 4124 Χριστοῦ
2427 4050 2502 4120 μὴ
2571 4045 2812 4123 γένηται,
2861 4041 2985 4099 οῦτε
3023 4046 3051 4099 ὁ
3111 4042 3564 4112 ἐκκλησιαστικὸς
3615 4043 3796 4100 ἐτελε-

2143 4140 2446 4213 σιουργήθη
2481 4137 2704 4208 θεσμὸς,
2735 4135 2824 4190 καὶ
2873 4132 3112 4203 ἐλλιπής
3161 4132 3304 4187 ἐστιν
3344 4134 3377 4202 ἠ
3424 4133 3648 4208 λατρεία
3695 4137 3789 4188 τοῦ

2147 4227 2447 4302 μυστηρίου
2482 4245 2494 4258 ·
2530 4227 2672 4280 οὕτω
2735 4245 2828 4297 μοι
2873 4223 2962 4277 καὶ
3003 4223 3071 4276 τὰ
3127 4226 3224 4277 τοῦ
3285 4224 3600 4295 Χριστιανοῦ
3631 4223 3738 4276 νόει
3775 4243 3789 4256 ο

2143 4319 2202 4373 ἂν
2237 4319 2336 4391 γὰρ
2385 4315 2634 4386 νηστείαν
2686 4314 2780 4386 μὲν
2829 4312 2918 4367 καὶ
2971 4311 3262 4385 ἀγρυπνίαν
3293 4311 3381 4366 καὶ
3431 4309 3786 4385 ψαλμῳδίαν,

2143 4406 2278 4476 ὅλην
2305 4427 2364 4461 τε
2382 4404 2616 4474 ,ἄσκησιν
2649 4405 2737 4458 καὶ
2776 4403 2970 4476 ἀρετὴν
3025 4407 3195 4456 πᾶσαν
3243 4401 3600 4475 κατορθωκὼς
3643 4399 3726 4468 εἴη
3767 4422 3780 4433 ·

2142 4499 2175 4565 ἡ
2223 4497 2451 4568 μυστική
2485 4491 2542 4549 δὲ
2582 4498 2678 4548 τοῦ
2725 4491 3040 4565 Πνεῦματος
3093 4489 3330 4566 ἐνέργεια
3372 4496 3451 4562 τῷ
3495 4492 3774 4557 θυσιαστηο

2142 4585 2240 4659 ρίῳ
2269 4591 2368 4651 τῆς
2400 4584 2562 4639 αὐτοῦ
2591 4580 2815 4657 καρδίας
2859 4581 2962 4636 ὑπὸ
3006 4583 3104 4645 τῆς
3145 4581 3380 4654 χάριτος
3427 4579 3537 4634 κατ’
3584 4574 3776 4647 αἴσθη-

2139 4695 2219 4729 σιν
2274 4679 2444 4728 πᾶσαν
2499 4673 2589 4728 καὶ
2648 4672 3018 4743 πνευματικὴν
3071 4669 3364 4724 ἀνάπαυσιν
3419 4670 3494 4743 μή
3530 4687 3544 4701 ·
3604 4666 3778 4721 ἐπιτε-

2137 4763 2313 4825 λοῖττ,
2348 4762 2546 4831 ἆτελής
2575 4764 2609 4831 ἡ
2644 4758 2827 4815 τοιάδε
2859 4766 3002 4814 πᾶσα
3030 4762 3129 4823 τῆς
3180 4759 3458 4828 ἀσκήσεως
3489 4755 3783 4811 ἀκολουθία

2135 4854 2223 4908 καὶ
2283 4851 2476 4928 σχεδὸν
2535 4853 2701 4926 ἀργή,
2761 4850 2858 4905 οὐκ
2905 4848 3107 4924 ἔχουσα
3170 4850 3270 4918 τήν
3325 4852 3421 4902 τοῦ
3468 4846 3779 4920 Πνεύματος

2136 4943 2461 5018 ἁγαλλίασιν
2501 4946 2774 5014 μυστικῶς
2799 4939 2850 4993 ἐν
2881 4944 2948 5013 τῇ
2982 4935 3176 5012 καρδίᾳ
3205 4936 3630 5012 ἐνεργουμένην.

311 5030 716 5099 religiosarum
772 5031 1266 5099 Observationum,
1317 5036 1373 5087 et
1415 5033 1591 5088 ferme
1661 5034 1885 5090 inutilis
1927 5053 2040 5091 non
2083 5036 2304 5091 habens
2344 5035 2784 5089 exsultationem
2841 5031 3222 5103 spiritualem,
3258 5045 3468 5085 arcane
3507 5029 3568 5083 in
3601 5027 3776 5084 corde

313 5120 680 5191 productam.

382 5208 550 5265 XXX.
579 5209 801 5263 Bonum
855 5213 944 5262 est
991 5209 1308 5279 jejunium,
1369 5211 1517 5266 bona
1581 5212 1802 5284 vigilia,
1867 5213 2017 5269 bona

311 5302 580 5355 similiter
611 5300 800 5354 omnis
828 5302 1176 5365 exercitatio,
1209 5309 1266 5354 et
1299 5303 1413 5354 vita
1445 5317 1680 5373 peregre
1713 5302 2010 5372 traducta;

309 5400 575 5446 caaterum
613 5393 730 5446 hac
773 5391 1049 5461 prooemia
1108 5401 1239 5444 sunt
1307 5396 1497 5445 status
1537 5399 1593 5445 et
1623 5396 2014 5449 conversatio-

309 5481 400 5534 nis
430 5488 607 5536 Deum
646 5499 776 5535 Vere
834 5481 1193 5546 amantium;
1231 5481 1384 5534 unde
1441 5481 1834 5537 inconsultum
1878 5501 2010 5554 pro-

306 5569 456 5624 fecto
485 5577 573 5626 est
593 5571 666 5625 iis
698 5587 1046 5642 magnopere
1075 5569 1387 5625 confidere.
1415 5570 1514 5626 Est
1560 5573 1738 5639 enim,
1773 5573 2009 5642 quando

307 5659 508 5734 gratia
548 5661 849 5732 cujusdam
903 5661 1213 5734 participes
1255 5660 1501 5718 fiamus:
1527 5669 1579 5716 et
1631 5668 1754 5717 tum
1789 5660 2008 5718 malitia

2197 5214 2273 5268 A'.
2336 5210 2512 5267 Καλὸν
2569 5213 2602 5279 ἡ
2659 5209 2896 5280 νηστεία,
2950 5207 3117 5264 καλὸν
3258 5205 3543 5280 ἀγρυπνία,
3603 5202 3768 5259 καλὸν

2123 5303 2330 5376 ὁμοίως
2362 5304 2395 5371 ἠ
2444 5303 2690 5370 ἄσκησις,
2740 5303 2827 5353 καὶ
2886 5302 2918 5368 ἡ
2980 5297 3068 5353 ἐπὶ
3119 5299 3270 5367 ξένης
3328 5293 3577 5372 διαγωγή
3616 5314 3626 5326 '
3678 5294 3770 5348 καὶ

2120 5392 2385 5465 προοίμια
2440 5394 2607 5445 ταῦτα
2670 5387 2950 5450 πολιτείας
3010 5387 3296 5465 θεοφιλοῦς
3330 5403 3341 5416 ’
3379 5384 3671 5458 ἀλόγιστον
3718 5380 3775 5436 δὲ

2119 5478 2361 5555 ἀτεχνῶς
2393 5481 2448 5533 εὸ
2491 5477 2678 5540 ἁπλῶς
2724 5484 2839 5540 τοῖς
2891 5479 3164 5538 τοιούτοις
3221 5473 3548 5550 ἐπιθαῤῥεῖν.
3611 5478 3768 5527 Ἔστι

2116 5570 2218 5643 γὰρ
2249 5568 2338 5624 ὅτε
2366 5567 2454 5623 καὶ
2493 5568 2718 5644 χάριτός
2767 5587 2912 5629 τινος
2970 5567 3020 5620 ἐν
3083 5567 3293 5639 μετοχῇ
3335 5561 3711 5633 καθιστάμεθα
3753 5578 3768 5593 ⁸

2116 5658 2266 5732 καὶὴ
2324 5657 2485 5713 κακία
2542 5653 2690 5712 ἔνδον
2750 5653 3166 5729 ὑποκαθημένη,
3223 5653 3462 5728 καθάπερ
3523 5650 3575 5705 ἐν
3635 5654 3755 5714 τοῖς
