4076 6280
381 394 499 453 933

1621 397 1854 459 LIBER
1899 398 2000 458 DE
2046 391 2520 455 CHABITATE.

3727 395 3844 458 934

385 521 495 578 ἄνω
543 521 814 591 λέλεκται,
867 523 1140 598 σοφίζεται
1195 527 1284 578 καὶ
1337 527 1638 602 ὑποχωρεῖ,
1690 528 1904 597 ἐκοῦσα,
1955 529 2024 582 ού

2209 534 2299 582 tus
2333 528 2390 581 in
2441 527 2610 582 nobis
2661 526 2973 582 subsidens
3021 526 3214 594 (prout
3262 525 3530 598 superius
3575 533 3668 585 est
3713 545 3842 586 me-

385 612 703 685 πράττειτὰ
748 613 945 680 ἑαυτῆς
981 633 992 645 ·
1029 611 1174 668 ἀλλὰ
1218 619 1365 669 ποιεῖ
1409 615 1631 690 νομίσαι
1675 619 1764 672 τὸν
1823 615 2028 691 ἄνθρω-

387 723 512 770 πον,
564 699 978 776 διακεκαθάρθαι
1017 705 1108 757 τὸν
1157 707 1302 757 νοῦν·
1353 707 1444 758 καὶ
1491 708 1554 760 τὸ
1607 705 1802 762 λοιπὸν
1857 706 2030 780 ἐξάγει

386 790 520 863 πρὸς
557 787 736 859 οἴησιν
781 791 1128 862 τελειότητος
1163 836 1174 848 .
1203 793 1332 848 Εἶτα
1383 793 1688 868 λῃστρικῶν
1737 796 2030 850 ἐπιτίθεται

389 879 614 933 καὶτῶν
643 881 970 934 κατωτάτων
1017 879 1148 954 ἄχρι
1176 884 1462 961 καταφέρει
1508 891 1608 953 τῆς
1657 893 1780 959 γῆς.
1831 885 1892 939 Οἱ
1925 885 2030 960 γάρ

383 966 666 1039 ἄνθρωπον
734 967 1005 1030 πολλάκις
1073 967 1272 1024 ε⁹ίκοσιν
1335 970 1428 1041 ἔτη
1490 976 1774 1046 γενόμενοι
1834 971 2032 1047 λῃσταί

383 1077 525 1117 τινες
558 1055 592 1124 ἢ
627 1061 958 1130 στρατιῶται
1007 1060 1069 1113 τὸ
1103 1057 1460 1133 ἐπιτήδευμα,
1513 1065 1766 1136 μηχανάς
1807 1083 1864 1116 τε
1894 1063 2030 1116 κατὰ

385 1149 492 1198 τῶν
539 1143 834 1218 πολεμίων
892 1145 1224 1216 ἐπίστανται,
1289 1149 1661 1218 ὑποκάθηνταί
1713 1171 1769 1204 τε
1815 1152 1902 1205 καὶ
1955 1149 2032 1204 ἐν-

383 1231 539 1307 έδρας
599 1234 898 1304 ἐπινοοῦσι,
957 1238 1045 1291 καὶ
1102 1239 1168 1291 τὰ
1224 1242 1332 1292 τῶν
1383 1239 1596 1316 ἐχθρῶν
1658 1235 2029 1312 λαμϐάνουσιν

385 1323 519 1389 ὦτα,
551 1324 639 1376 καὶ
686 1325 986 1378 κτείνουσιν
1027 1325 1366 1388 ἀνελπίστως
1413 1323 1818 1396 περιϐαλόντες.
1869 1329 2031 1402 Πόσῳ

385 1432 447 1486 γε
485 1410 698 1484 μᾶλλον
730 1414 764 1480 ἠ
797 1415 958 1467 κακία
1017 1414 1283 1476 τοσαύτας
1331 1412 1588 1489 χιλιάδας
1631 1415 1766 1470 ἐτῶν
1813 1439 2031 1493 γεγενη-

389 1501 548 1570 μένη,
579 1501 668 1554 καὶ
715 1506 878 1556 τοῦτο
928 1501 1084 1576 ἔργον
1145 1505 1336 1573 ἑαυτῆς
1392 1505 1698 1579 τεθειμένῃ,
1757 1508 1816 1560 τὸ
1867 1528 2031 1561 σπου-

389 1585 671 1642 δαιότατον
709 1590 772 1644 τὸ
815 1588 1039 1644 ἀπολεῖν
1093 1593 1297 1666 ψυχὰς,
1347 1591 1564 1666 ἐνέδρας
1615 1593 1724 1648 εἶδε
1773 1594 2030 1654 τοιαύτας

388 1675 440 1728 ἐν
474 1676 772 1750 ἀποκρύφῳ
801 1685 901 1746 τῆς
933 1677 1156 1751 καρδίας
1189 1680 1438 1748 ἐπινοεῖν,
1489 1681 1578 1736 καὶ
1629 1683 1764 1738 κατά
1807 1683 2030 1756 καιροὺς

386 1766 636 1837 ἀτρεμεῖν
685 1764 953 1836 ἐπίτηδες,
1005 1768 1094 1821 καὶ
1152 1769 1228 1840 μή
1285 1768 1518 1844 ἐνεργεῖν
1557 1771 1730 1826 ’ὥστε
1780 1773 1879 1839 την
1927 1774 2028 1844 ψυ-

387 1855 497 1926 χήν
556 1851 776 1908 ἐλκῦσαι
844 1856 978 1929 πρὸς
1038 1853 1215 1924 σ’ίησιν
1273 1857 1670 1929 τελειότητος;
1730 1861 1785 1914 Ὀ
1845 1859 2030 1931 μέντοι

389 1939 646 2014 θεμέλιος
673 1947 770 1996 τοῦ
809 1947 1262 2018 Χριστιανισμοῦ,
1305 1946 1398 2000 κᾶν
1437 1949 1609 2008 πάσας
1651 1969 1735 2009 τις
1792 1948 2026 2022 μετέλθῃ

389 2029 756 2102 δικαιοσύνας,
818 2035 894 2106 μή
945 2035 1379 2090 ἐπαναπαύεσθαι
1435 2037 1662 2103 τούτων,
1725 2036 1866 2108 μηδὲ
1913 2037 2029 2092 ἐπι-

388 2120 624 2194 θαρῥεῖν,
669 2118 810 2194 μηδὲ
862 2122 996 2196 μέγα
1038 2144 1091 2176 τι
1147 2123 1504 2193 πεποιηκέναι
1549 2125 1861 2201 λογίζεσθαι
1897 2125 2026 2180 ’κᾶν

394 2211 630 2285 μέτοχος
661 2211 889 2288 χάριτος
930 2217 1190 2287 καταστῇ,
1227 2215 1302 2287 μή
1354 2215 1573 2288 νομίσαι
1602 2215 1988 2291 κατειληφέναι
2015 2235 2026 2246 ·

392 2297 532 2372 μηδὲ
559 2301 878 2374 κατακόρως
909 2297 1058 2378 ἔχειν
1095 2345 1108 2358 .
1145 2302 1291 2358 ἀλλὰ
1331 2309 1516 2374 πεινᾷν
1561 2303 1682 2359 τότε
1729 2307 1820 2358 καί
1872 2301 2028 2378 διψᾷν

388 2388 446 2443 δὲ
475 2391 684 2444 πενθεῖν
717 2389 805 2442 καὶ
839 2389 1063 2458 κλαίειν,
1093 2395 1181 2446 καὶ
1226 2392 1685 2467 συντετριμμένην
1737 2393 1884 2456 ὅλως
1927 2395 2027 2463 τὴν

383 2478 608 2554 καρδίαν
638 2475 805 2553 ἔχειν.

2142 622 2431 672 moratum
2483 634 2514 670 a
2569 615 2760 688 nobis)
2811 615 3053 670 subdole
3099 615 3304 688 agitet
3351 622 3557 686 sponte
3585 632 3644 672 se
3693 618 3838 674 sub-

2141 705 2342 772 trahit;
2395 722 2501 760 nec
2542 711 2832 774 operatur,
2876 720 3006 774 quae
3041 721 3146 759 sua
3185 709 3345 760 sunt.
3388 704 3498 761 Sed
3541 705 3836 765 hominem

2141 794 2390 862 inducit,
2419 799 2484 849 ut
2534 793 2825 848 existimet
2872 799 3129 847 mentem
3171 810 3338 848 suam
3379 810 3508 850 esse
3549 799 3841 850 emunda-

2141 891 2298 937 tam:
2333 888 2390 938 et
2436 883 2519 938 sic
2562 900 2728 954 porro
2773 883 3023 952 impellit
3060 883 3331 937 eumdem
3372 883 3432 938 in
3473 885 3840 954 perfectionis

2141 973 2596 1042 persuasionem.
2659 971 2805 1026 Tum
2857 987 2990 1026 vero
3041 971 3330 1026 latronum
3381 972 3494 1027 ritu
3543 973 3600 1029 in
3649 973 3840 1044 ipsum

2139 1063 2276 1116 facit
2309 1061 2619 1132 impetum,
2654 1077 2912 1132 eumque
2943 1062 2999 1115 in
3026 1060 3230 1116 inﬁma
3272 1077 3458 1131 usque
3488 1067 3649 1116 terra:
3699 1079 3842 1133 prae-

2140 1149 2368 1220 cipitat.
2420 1150 2572 1204 Sunt
2632 1150 2899 1206 homines
2949 1149 3214 1204 innutriti
3265 1149 3594 1204 tractationi
3652 1167 3841 1206 armo-

2140 1254 2292 1305 rum,
2326 1240 2424 1309 qui
2467 1239 2638 1293 annis
2685 1239 2891 1308 viginti
2949 1243 3050 1293 aut
3096 1237 3422 1305 latrocinio,
3473 1243 3574 1292 aut
3625 1238 3842 1294 militiae

2141 1344 2479 1397 assuevere;
2532 1329 2750 1398 quippe
2794 1327 2994 1382 sciunt
3047 1327 3508 1382 machinationes
3557 1328 3615 1382 in
3667 1327 3842 1383 rebus

2141 1417 2509 1473 militaribus.
2545 1417 2612 1470 Hi
2659 1416 2982 1482 subsident,
3025 1420 3082 1470 et
3119 1415 3356 1470 insidiis
3398 1417 3734 1486 intendunt,
3777 1434 3842 1472 ac

2139 1507 2392 1561 hostium
2423 1511 2620 1560 avertu
2635 1511 2694 1558 nt
2723 1520 2894 1560 aures
2923 1522 2936 1570 ;
2969 1509 3027 1560 et
3056 1503 3140 1558 sic
3171 1503 3499 1560 insilientes
3548 1505 3843 1560 trucidant

2139 1609 2206 1650 ex
2239 1593 2593 1662 improvisio.
2647 1592 2871 1656 Quanto
2923 1593 3110 1664 magis
3161 1593 3409 1662 malitia,
3459 1597 3541 1648 tot
3589 1591 3838 1648 millium

2139 1699 2450 1748 annorum,
2484 1688 2540 1736 et
2569 1697 2713 1752 opus
2756 1683 2860 1735 hoc
2901 1680 3179 1750 perdendi
3231 1680 3457 1735 animas
3492 1681 3602 1736 sibi
3635 1697 3840 1753 propo-

2141 1787 2310 1837 nens,
2360 1770 2606 1824 insidias
2647 1770 2872 1823 noverit
2923 1768 3215 1838 ejusmodi
3259 1768 3316 1822 in
3360 1767 3554 1824 cordis
3594 1769 3841 1825 abscon-

2139 1860 2259 1913 dito
2307 1857 2699 1926 comminisci,
2749 1862 2805 1912 et
2849 1857 3214 1927 temporibus
3272 1858 3618 1928 opportunis
3649 1858 3720 1912 de
3753 1858 3842 1914 in-

2137 1946 2402 2002 dustria?
2451 1945 2572 2000 Imo
2623 1945 2874 2014 quietam
2915 1960 3040 1999 esse
3083 1949 3140 1998 et
3187 1960 3300 1999 non
3332 1944 3583 2015 operari,
3618 1950 3678 2000 ut
3717 1945 3842 2000 ani-

2139 2053 2290 2093 mam
2324 2037 2509 2106 ipsam
2551 2035 2610 2090 in
2645 2033 3078 2105 persuasionem
3113 2035 3480 2104 perfectionis
3513 2033 3844 2104 pertrahat?

2139 2127 2608 2181 Fundamentum
2660 2124 2860 2194 itaque
2917 2123 3352 2178 Christianismi
3409 2128 3514 2192 est,
3587 2129 3845 2195 quanta-

2139 2229 2366 2284 cunque
2412 2212 2545 2283 quis
2593 2211 2804 2266 obierit
2858 2210 3124 2265 omnium
3168 2211 3362 2266 officia
3400 2213 3704 2278 virtutum,
3753 2211 3844 2266 his

2138 2308 2335 2358 tamen
2389 2318 2504 2356 non
2556 2301 2964 2371 acquiescere;
3027 2317 3141 2354 non
3202 2300 3275 2354 iis
3328 2300 3617 2356 confidere
3663 2319 3677 2371 ;
3729 2319 3844 2356 non

2139 2391 2274 2446 inde
2317 2407 2592 2461 magnum
2645 2389 2784 2459 quid
2818 2404 2878 2443 se
2921 2388 3122 2443 fecisse
3172 2393 3470 2460 reputare;
3505 2405 3693 2460 neque
3745 2391 3842 2446 ubi

2139 2483 2334 2553 gratiae
2375 2482 2659 2552 particeps
2697 2485 2787 2534 est
2827 2481 3032 2540 factus,
3083 2486 3336 2549 repente,
3380 2497 3445 2536 ac
3484 2497 3542 2536 se
3583 2497 3846 2552 compre-

387 2569 664 2624 hendisse
711 2570 978 2626 arbitrari
1015 2596 1028 2638 ;
1079 2571 1256 2626 multo
1307 2575 1502 2628 minus
1552 2575 1708 2628 velut
1739 2575 1864 2645 jam
1916 2578 2178 2629 saturum
2222 2571 2424 2638 otiari;
2464 2570 2562 2642 qui
2609 2575 2732 2625 tum
2766 2570 2950 2640 magis
2976 2570 3197 2625 esurire
3227 2585 3294 2625 ac
3322 2569 3510 2640 sitire;
3551 2571 3748 2642 lugere
3777 2588 3843 2628 ac

385 2658 542 2724 ﬂere,
573 2675 640 2712 ac
671 2661 986 2714 contritum
1020 2661 1251 2731 penitus
1283 2678 1380 2716 cor
1411 2662 1642 2718 habere.

455 2747 581 2802 AA'.
619 2745 744 2801 Νόει
779 2768 872 2819 μοι
916 2749 1016 2816 τήν
1065 2750 1433 2820 πνευματικὴν
1484 2749 1802 2804 κατάστασιν
1851 2749 2024 2811 οὕτως

383 2831 565 2909 ἔχειν.
618 2836 847 2890 Ὑπόθου
904 2837 1021 2891 τινὰ
1077 2838 1209 2892 εἶναι
1271 2839 1556 2910 βασιλικὸν
1609 2839 1790 2894 οἶκον.
1850 2839 2027 2911 τούτῳ

383 2920 440 2975 δὲ
488 2922 656 2982 αὐλάς
709 2925 918 2978 ὑπεῖναι
974 2923 1291 3002 διαφόρους,
1337 2928 1426 2981 καὶ
1476 2928 1720 3002 πρόθυρά
1771 2949 1892 2982 τινα
1937 2929 2027 2981 καὶ

384 3011 561 3069 οἰκίας
623 3009 796 3072 ἁλλας
850 3011 1112 3088 ἐξωτέρας
1146 3035 1159 3050 ⁸
1193 3016 1280 3068 καὶ
1341 3015 1486 3069 οὕτω
1543 3017 1706 3070 πάλιν
1776 3017 1910 3070 κατὰ
1966 3017 2027 3070 τὸ

382 3097 682 3152 ἀκόλουθον
719 3097 1020 3174 ἐνδοτέρας,
1064 3101 1114 3154 έν
1161 3105 1244 3162 αἷς
1290 3105 1388 3170 τήν
1440 3105 1718 3178 πορφύραν
1764 3103 1850 3157 καὶ
1899 3105 2024 3165 τοὺς

2208 2749 2396 2806 XXXI.
2455 2747 2655 2820 Cogita
2717 2749 2879 2817 mihi,
2942 2748 3028 2804 sic
3085 2765 3148 2804 se
3205 2748 3420 2804 habere
3476 2747 3840 2820 spiritualem

2137 2844 2381 2896 statum.
2433 2838 2604 2908 Finge
2655 2839 2757 2894 tibi
2805 2839 2999 2893 animo
3058 2837 3341 2910 palatium
3393 2837 3686 2910 quoddam
3749 2855 3838 2895 re-

2139 2929 2322 2998 gium,
2367 2929 2516 2984 aulis
2545 2934 2820 2984 constans
2865 2927 3140 2992 diversis;
3175 2944 3242 2983 ae
3273 2928 3561 2984 vestibula
3603 2928 3839 2999 quidem

2141 3018 2420 3087 principio
2497 3023 2743 3084 exstare,
2818 3021 3126 3088 partesque
3199 3019 3518 3073 anteriores
3569 3019 3836 3085 adium;

2141 3112 2259 3159 tum
2323 3106 2634 3159 introrsum
2697 3106 2976 3160 continua
3029 3105 3178 3159 serie
3222 3104 3477 3175 penitius
3509 3105 3842 3164 recedentes

385 3189 690 3261 θησαυροὺς
736 3188 878 3250 εἰκὸς
937 3191 1276 3246 ἀποκεῖσθαι.
1335 3191 1462 3244 Εἶτα
1519 3193 1605 3246 καὶ
1665 3194 1761 3258 τὴν
1823 3191 2026 3246 τούτων

2208 3196 2308 3260 ias,
2342 3195 2398 3248 in
2443 3195 2659 3264 quibus
2709 3200 2764 3246 et
2809 3209 3126 3262 purpuram
3180 3198 3236 3246 et
3285 3193 3588 3250 thesauros
3641 3197 3841 3250 verisi-

381 3275 531 3338 αὖθις
571 3276 855 3353 ἐσωτέραν,
890 3277 1026 3332 ὅπου
1066 3281 1164 3348 τήν
1221 3278 1513 3354 βασιλικὴν
1567 3281 1698 3334 εἶναι
1750 3278 2027 3355 διαγωγὴν

2208 3254 2305 3336 ΗΘ,
2346 3283 2422 3337 sit
2461 3254 2650 3336 .latere
2709 3254 2982 3350 reposita.
3045 3280 3260 3337 Dein‘de
3316 3299 3520 3337 rursus
3571 3288 3698 3353 post
3743 3283 3846 3340 has

383 3363 708 3434 ἐπιτήδειον.
771 3368 972 3440 Ὥσπερ
1018 3367 1110 3422 οὖν
1160 3367 1208 3422 ε“ί
1259 3389 1340 3430 τις
1393 3371 1486 3430 τὰς
1545 3368 1807 3442 ἐξωτέρας
1865 3367 2034 3430 αύλοίς

382 3477 440 3510 τε
472 3455 562 3508 καὶ
598 3456 766 3527 μονὰς
798 3457 1127 3526 ἀπαντήσας,
1179 3457 1222 3512 εἰ
1275 3456 1416 3526 δόξει
1466 3457 1592 3518 τοὺς
1646 3455 1798 3512 ἔνδον
1848 3459 2032 3520 οἷ’κους

381 3541 790 3621 κατειληφέναι,
851 3545 1242 3616 πεπλάνηται·
1306 3549 1448 3601 οὕτω
1507 3545 1572 3616 δὴ
1633 3548 1722 3601 καὶ
1780 3550 1915 3602 κατὰ
1971 3547 2032 3602 τὸ

383 3635 748 3705 πνευματικὸν
784 3633 1126 3698 ἀκολούθως.
1161 3637 1223 3692 Οἱ
1263 3638 1398 3711 πρὸς
1448 3635 1680 3712 γαστέρα
1727 3638 1815 3691 καὶ
1865 3639 2031 3692 ὕπνον

384 3719 809 3796 διαμαχόμενοι,
843 3723 1086 3798 ψαλμοῖς
1115 3745 1172 3780 τε
1202 3725 1292 3779 καὶ
1325 3726 1515 3800 εὐχαῖς
1550 3723 1814 3794 διηνεκῶς
1856 3747 2034 3800 προσ-

382 3811 640 3882 κείμενοι,
705 3815 780 3884 μή
827 3814 1198 3885 νομιζέτωσαν
1253 3813 1360 3885 ἤδη
1413 3821 1510 3869 τοῦ
1561 3815 1753 3880 τέλους
1799 3818 1886 3871 καὶ
1933 3819 2034 3884 τῆς

385 3903 770 3964 καταπαύσεως
853 3901 1146 3972 ἐπιϐῆναι.
1211 3905 1426 3973 ΙΙόθεν;
1485 3907 1610 3960 ’Έτι
1676 3907 1782 3978 γὰρ
1845 3906 2030 3966 αὐτοῖς

385 3993 506 4061 περὶ
554 3993 620 4046 τά
668 3993 914 4065 πρόθυρα
961 3994 1050 4045 καὶ
1099 3994 1192 4054 τὰς
1239 3992 1408 4054 αὐλὰς
1451 3997 1484 4061 ἡ
1536 3993 1868 4070 ἅναστροφή¹
1921 3995 2032 4067 οὐχ

379 4077 468 4132 ’ίνα
525 4081 622 4146 την
685 4081 970 4154 πορφύραν
1021 4080 1108 4134 καὶ
1158 4081 1284 4142 τοὺς
1346 4082 1652 4155 θησαυροὺς
1714 4084 2030 4136 ὑποκεῖσθαι

380 4170 506 4228 τοὺς
543 4167 861 4242 βασιλικοὺς
897 4169 1128 4244 ὑπάρχει
1156 4190 1168 4203 σ
1202 4169 1296 4224 κᾶν
1338 4172 1567 4245 χάριτός
1596 4193 1738 4232 τινος
1787 4194 2028 4244 πνευμα·

381 4262 537 4322 τικῆς
570 4259 880 4328 ἠξιώθησαν
909 4276 920 4288 ·
951 4257 1090 4331 μηδὲ
1119 4264 1280 4314 τοῦτο
1311 4259 1475 4315 πάλιν
1525 4261 1720 4325 αὐτοὺς
1749 4263 2028 4332 ἀπατάτω,

377 4352 478 4400 τοῦ
511 4347 706 4408 τέλους
737 4348 1011 4422 ἐπιτυχεῖν
1049 4368 1060 4380 ·
1105 4347 1314 4424 ἐρευνᾷν
1337 4349 1430 4403 οὖν
1480 4357 1774 4422 προσῆκεν,
1809 4352 1852 4404 εἰ
1885 4350 2032 4424 εὗρεν

380 4435 432 4490 έν
484 4442 564 4508 τῷ
623 4437 929 4510 ὀστρακίνῳ
986 4439 1164 4510 τούτῳ
1215 4438 1388 4492 σκεύει
1469 4441 1558 4493 τὸν
1633 4441 1904 4515 θησαυρόν
1941 4460 1952 4472 ·
1985 4441 2032 4495 εἷ’

377 4522 660 4579 ἐνεδύσατο
717 4530 816 4580 τοῦ
885 4525 1196 4598 Πνεύματος
1261 4529 1357 4595 τήν
1424 4529 1702 4604 πορφύραν
1742 4547 1754 4559 ·
1829 4529 1874 4582 εἰ
1939 4530 2028 4582 τὸν

2151 3372 2344 3426 adhuc
2374 3370 2650 3425 interiora
2684 3369 2835 3425 208
2895 3371 3221 3425 conclavia:
3274 3370 3370 3426 ubi
3413 3371 3690 3427 diversari
3747 3389 3844 3428 rex

2145 3461 2272 3532 ipse
2305 3462 2586 3515 creditur.
2635 3459 2708 3514 Ut
2753 3460 2932 3531 igitur
2975 3460 3023 3514 si
3057 3459 3348 3529 quispiam
3386 3459 3714 3516 istiusmodi
3745 3477 3844 3518 ex-

2145 3550 2322 3604 timas
2359 3555 2588 3604 tantum
2635 3549 2918 3619 quasdam
2955 3549 3096 3603 forte
3141 3548 3436 3619 ingressus
3487 3549 3843 3618 mansiones,

2145 3638 2502 3694 existimaret
2537 3654 2596 3692 se
2628 3641 2754 3707 ipsa
2783 3639 2904 3708 jam
2951 3638 3265 3709 penetralia
3314 3637 3594 3694 domicilii
3627 3645 3842 3708 tenere,

2141 3729 2522 3783 vehementer
2568 3732 2833 3782 erraret:
2885 3727 2965 3780 ita
2997 3729 3056 3782 in
3105 3729 3279 3782 rebus
3326 3727 3736 3798 spiritualibus
3783 3747 3845 3785 se

2143 3833 2232 3872 res
2266 3818 2472 3882 habet;
2505 3817 2602 3886 qui
2655 3815 2869 3870 bellum
2919 3824 3112 3870 ventre
3161 3821 3217 3870 et
3259 3833 3466 3872 somno
3505 3816 3842 3886 inferentes,

2141 3906 2198 3959 in
2261 3905 2620 3974 psalmorum
2684 3919 2917 3972 quoque
2966 3904 3392 3968 decantatione,
3452 3909 3508 3958 et
3538 3905 3846 3960 continua—

2141 3995 2300 4048 tione
2333 4008 2568 4062 precum
2605 3997 2990 4061 perseverant,
3031 4008 3102 4046 ne
3161 3995 3366 4062 putent
3414 4008 3476 4047 se
3520 3996 3844 4062 pervenisse

2132 4084 2252 4153 jam
2288 4083 2358 4137 ad
2394 4087 2669 4147 mentem,
2703 4097 2769 4135 ac
2801 4081 3013 4150 quietis
3045 4081 3377 4136 incendiose
3425 4081 3636 4136 cubile.
3682 4082 3846 4139 Unde

2138 4171 2292 4225 enim
2349 4171 2470 4224 haec
2521 4170 2872 4241 persuasio?
2917 4170 3119 4224 Adhuc
3161 4185 3360 4224 eorum
3394 4170 3452 4224 in
3487 4169 3843 4241 primoribus

2141 4261 2460 4330 porticibus
2511 4269 2564 4314 et
2618 4260 2770 4314 circa
2807 4257 2966 4312 aulas
3013 4259 3190 4312 haeret
3239 4259 3640 4326 conversatio;
3690 4277 3844 4316 non-

2139 4352 2280 4403 dum
2331 4347 2425 4402 ubi
2479 4365 2734 4418 purpura
2779 4352 2834 4401 et
2881 4347 3139 4400 thesauri
3199 4346 3339 4418 regii
3381 4351 3520 4400 sunt
3564 4348 3838 4419 repositi;

2137 4437 2272 4492 licet
2302 4441 2500 4508 gratia:
2529 4437 2848 4508 spiritualis
2880 4435 3130 4506 alicujus
3159 4437 3278 4490 sint
3304 4437 3484 4504 beati;
3511 4454 3602 4502 ne,
3625 4454 3837 4505 quaeso,

2143 4527 2250 4580 hoc
2282 4544 2378 4580 eos
2409 4526 2678 4594 decipiat,
2729 4533 2792 4579 ut
2831 4525 3052 4596 apicem
3096 4525 3408 4594 arripuisse
3437 4527 3556 4592 jam
3598 4543 3658 4580 se
3708 4543 3842 4596 prr—

383 4612 606 4685 βασιλέα
639 4612 746 4668 εἶδε
776 4614 866 4668 καὶ
897 4615 1252 4671 ἀνεπαύσατο.
1289 4616 1386 4670 Καὶ
1418 4618 1518 4690 γάρ
1552 4616 1669 4670 θ’ίου
1723 4639 1818 4688 μοι
1864 4615 2027 4671 πάλιν

2208 4615 2396 4670 :tionis
2429 4623 2651 4687 putent.
2701 4617 3012 4685 Explorare
3062 4613 3315 4684 aliquem
3368 4613 3592 4684 aequius
3639 4615 3834 4682 fuerit;

379 4703 476 4767 την
517 4705 610 4773 μὲν
643 4705 828 4778 ψυχῆν
863 4705 1032 4778 βάθος
1059 4727 1116 4760 τι
1149 4703 1298 4780 ἔχειν
1341 4705 1428 4759 καὶ
1483 4707 1624 4780 μέλη
1684 4705 1892 4774 πολλὰ,
1929 4709 2027 4774 τήν

382 4783 438 4839 δὲ
485 4789 754 4860 ἁμαρτίαν
804 4792 1228 4848 ὑπεισελθοῦσαν
1274 4794 1339 4848 τὰ
1401 4792 1542 4866 μέλη
1594 4797 1784 4860 πάντα,
1830 4794 1918 4849 καὶ
1962 4796 2025 4849 τὰ

376 4878 626 4948 νοήματα
655 4885 755 4946 τῆς
786 4877 1011 4954 καρδίας
1039 4879 1365 4938 καταλαϐεῖν
1400 4904 1409 4914 ·
1443 4885 1554 4938 εἶτα
1593 4881 2022 4954 ἐπιζητήσαντος

376 4969 473 5018 τοῦ
508 4964 817 5036 Πνεύματος
847 4969 946 5034 τὴν
978 4972 1159 5044 χάριν,
1201 4969 1402 5034 ἐλθεῖν,
1434 4973 1524 5027 καὶ
1569 4969 1665 5026 δύο
1707 4973 1876 5047 τυχὸν
1925 4975 2022 5040 τῆς

379 5060 564 5132 ψυχῆς
619 5057 756 5128 μέρη
808 5055 1123 5130 περιλαϐεῖν
1161 5083 1173 5095 ο
1223 5061 1314 5116 τδν
1363 5060 1453 5116 οὖν
1495 5063 1734 5137 ἀπείρως
1785 5059 2020 5139 ἔχοντα,

377 5146 512 5218 πρὸς
558 5150 657 5214 τῆς
718 5147 944 5218 χάριτος
999 5149 1202 5218 ταύτης
1255 5151 1740 5224 παρακαλούμενον
1799 5151 2023 5223 δόκησις

377 5232 514 5309 ἔχει,
563 5235 738 5290 πάντα
783 5235 851 5288 τὰ
912 5233 1052 5305 μέλη
1110 5243 1208 5305 τῆς
1268 5243 1452 5317 ψυχῆς
1511 5240 1891 5320 κατειλῆφθαι,
1932 5243 2021 5296 καὶ

376 5327 473 5394 την
529 5322 795 5398 ἁμαρτίαν
843 5324 989 5384 ὅλως
1039 5323 1382 5397 ἐκριζῶσθαι,
1439 5331 1512 5400 μή
1564 5328 1764 5397 εἰδότα,
1826 5330 1906 5385 ὅτι
1958 5331 2019 5384 τὸ

379 5411 638 5469 πλεῖστον
693 5411 854 5486 μέρος
915 5411 1081 5477 αὐτῆς
1137 5411 1215 5468 ἔτι
1275 5414 1605 5493 κατάσχετον
1663 5419 1752 5472 ὑπ’
1811 5418 2019 5489 ἐκείνης

378 5499 543 5558 ἐστίν.
591 5505 742 5560 Ἐνὸν
782 5503 902 5577 γάρ,
964 5501 1040 5563 ὡς
1085 5501 1357 5566 πολλάκις
1407 5501 1736 5574 δεδήλωται,
1786 5509 1875 5562 καὶ
1922 5511 2022 5578 τήν

377 5590 540 5666 χάριν
571 5589 935 5654 ἀδιαλείπτως
989 5591 1246 5666 ἐνεργεῖν,
1295 5591 1352 5644 ὃν
1383 5592 1583 5666 τρόπον
1633 5594 1916 5671 ὀφθαλμὸν
1966 5596 2018 5650 ἐν

376 5685 456 5756 τῷ
497 5682 731 5756 σώματι,
773 5681 862 5736 καὶ
904 5687 1138 5737 συνεῖναι
1187 5683 1288 5752 τὴν
1338 5681 1528 5737 κακίαν
1579 5681 2021 5740 ὑποκλέπτουσαν

2137 4707 2342 4777 ecquid
2403 4708 2462 4761 in
2525 4723 2630 4760 suo
2687 4721 2823 4759 vase
2882 4704 3047 4758 ﬁctili
3113 4705 3453 4757 thesaurum
3513 4702 3840 4759 invenerit?

2135 4794 2346 4866 Ecquid
2377 4797 2496 4865 jam
2529 4793 2778 4848 induerit
2810 4793 3065 4862 Spiritus
3109 4791 3470 4863 purpuram?
3515 4795 3600 4846 An
3643 4807 3836 4864 regem

2129 4883 2359 4952 viderit,
2411 4890 2468 4938 et
2516 4883 2966 4954 conquieverit?
3011 4881 3232 4936 Etenim
3282 4881 3555 4936 existima
3606 4897 3834 4936 rursum

2131 4973 2388 5027 animam
2431 4971 2666 5043 quidem
2724 4971 3174 5044 profunditatem
3219 4969 3556 5042 quampiam
3601 4970 3834 5036 habere,

2130 5067 2184 5118 et
2245 5064 2508 5118 membra
2572 5063 2792 5128 multa;
2855 5070 3151 5130 peccatum
3211 5065 3402 5114 autem
3463 5060 3834 5132 subrepsisse

2131 5157 2288 5223 putet
2324 5154 2380 5206 in
2445 5153 2736 5205 membr‘as
2786 5150 3005 5217 omnia,
3060 5158 3114 5204 et
3161 5150 3541 5221 cogitationes
3597 5163 3832 5220 quoque

2129 5243 2320 5297 cordis
2353 5257 2688 5310 occupasse.
2724 5243 2937 5294 Deinde
2973 5247 3280 5309 postquam
3333 5239 3505 5293 homo
3540 5237 3830 5307 requisivit

2129 5331 2379 5396 Spiritus
2438 5331 2700 5396 gratiam,
2749 5345 2874 5384 eam
2935 5330 3170 5396 venire,
3221 5334 3278 5384 et
3335 5331 3480 5383 duas
3509 5325 3828 5394 apprehen-

2129 5422 2282 5476 disse
2318 5421 2576 5474 iorsitam
2621 5420 2830 5474 animae
2864 5430 3068 5489 partes.
3105 5419 3163 5473 Id
3207 5434 3340 5473 cum
3375 5416 3616 5470 sentiret
3647 5413 3828 5484 impe-

2128 5509 2272 5565 ritus
2306 5510 2500 5580 gratiae
2550 5509 2746 5578 hujus,
2789 5511 3082 5580 opinatur,
3135 5507 3402 5561 universa
3457 5501 3668 5572 pariter
3695 5503 3827 5556 ani-

2127 5615 2230 5654 mae
2283 5599 2542 5654 membra
2582 5599 2778 5670 graliaa
2824 5597 3240 5670 comprehensa
3283 5593 3336 5648 vi
3367 5591 3570 5660 teneri,
3601 5607 3668 5647 ac
3697 5605 3828 5660 pec-

2126 5692 2317 5744 catum
2363 5704 2428 5743 ex
2458 5704 2522 5744 eo
2566 5703 2804 5760 prorsus
2847 5687 3234 5752 eradicatum;
3287 5681 3556 5740 nesciens
3603 5678 3824 5751 pleras-

3835 5937 3892 5975 FF.
