4076 6280
331 377 449 438 935

1674 370 1737 429 S.
1786 366 2117 428 MACARII
2165 370 2494 434 zEGYPTIl

3672 379 3787 437 936

330 526 442 583 que
476 510 669 568 adhuc
700 509 909 566 animos
952 510 1147 573 partes
1195 503 1465 575 occupari
1496 520 1529 559 a
1575 508 1827 572 peccato.
1879 501 2030 556 Con-
2068 503 2108 568 Α
2144 502 2241 569 τὴν
2276 499 2534 561 διάνοιαν.
2576 506 2632 560 ‘0
2662 503 2841 561 τοίνυν

2144 502 2241 569 τὴν
2276 499 2534 561 διάνοιαν.
2576 506 2632 560 Ὀ
2662 503 2841 561 τοίνυν
2875 505 2949 574 μὴ
2984 503 3270 579 διακρίνειν
3308 504 3486 570 εἰδὼς,
3520 509 3594 569 ὡς
3646 510 3791 583 μέγα

326 614 487 655 cesso
517 600 673 655 enim
716 598 799 669 (ut
852 596 1065 667 saepius
1111 595 1578 649 demonstratum
1622 590 1730 663 est)
1778 591 2027 661 gratiam

324 689 726 746 indesinenter
790 685 1049 760 operari,
1111 684 1264 739 sicut
1316 683 1549 739 oculum
1603 681 1659 736 in
1712 697 1951 751 corpore
2012 696 2027 748 ;

324 795 459 834 cum
500 796 564 834 eo
609 786 805 833 tamen
847 774 1228 831 nihilominus
1275 781 1360 828 est
1409 788 1633 838 verum,
1680 770 1855 826 simul
1891 786 2025 825 cum

324 885 394 925 ea
424 868 664 924 subesse
696 867 912 938 pariter
942 864 1252 930 malitiam,
1302 862 1548 917 latenter
1592 866 1845 915 mentem
1919 860 2024 914 fal-

317 956 556 1014 lentsm.
590 957 693 1022 Qui
728 972 864 1027 ergo
896 954 1046 1010 haud
1094 954 1236 1008 satis
1286 953 1443 1007 novit
1473 952 1821 1014 discernere,
1855 951 2024 1021 quasi

321 1062 599 1119 magnum
634 1046 774 1117 quid
800 1047 920 1114 jam
954 1045 1029 1099 sit
1057 1048 1382 1107 assecutus,
1406 1057 1678 1110 magnum
1712 1040 1929 1110 aliquid
1955 1042 2024 1096 de

317 1154 380 1194 se
425 1136 555 1207 ipso
608 1135 883 1206 opinatur
918 1152 932 1201 ;
966 1138 1023 1190 et
1071 1134 1234 1205 quasi
1300 1132 1510 1188 ultima
1561 1131 1901 1202 purgatione
1948 1133 2018 1187 ad

318 1240 527 1296 purum
571 1228 843 1280 excoctus
894 1223 992 1291 sit,
1044 1221 1300 1277 inﬂatur.
1356 1221 1466 1275 Sed
1523 1219 1770 1275 multum
1806 1237 1840 1275 a
1892 1235 2022 1275 vero

315 1316 482 1371 abest
512 1314 630 1369 hac
680 1314 809 1384 ejus
856 1312 1177 1367 vanissima
1225 1309 1544 1381 persuasio.
1581 1308 1655 1363 Ut
1690 1308 1843 1363 enim
1878 1325 2023 1379 prae-

315 1404 527 1460 cedens
557 1418 749 1458 sermo
786 1400 1150 1464 monstravit,
1184 1415 1279 1454 ars
1313 1398 1430 1452 haec
1472 1406 1554 1453 est
1587 1397 1835 1462 Satanae,
1870 1412 2019 1466 quo-

318 1495 449 1549 dam
481 1497 744 1563 tempore
776 1492 845 1545 de
875 1488 1164 1545 industria
1210 1504 1272 1543 se
1305 1487 1680 1551 abscondere,
1715 1502 1799 1552 ac,
1852 1486 2021 1556 quasi

317 1583 665 1649 recessisset,
717 1579 1102 1637 intermittere
1146 1578 1369 1647 operari
1416 1594 1541 1649 quae
1593 1578 1863 1645 solebat;
1916 1578 2021 1633 hoc

317 1672 674 1745 spectantis,
735 1676 801 1726 ut
874 1674 1236 1740 arrogantem
1304 1669 1395 1724 sui
1470 1667 1741 1722 fiduciam
1816 1684 2019 1737 parum

316 1762 503 1818 cautis
587 1760 991 1833 spiritualibus
1075 1760 1417 1830 ingeneret.
1506 1758 2019 1815 Verumenimvero

2136 612 2187 645 τι
2219 592 2565 671 κατειληφὼς
2597 593 2729 665 ἤδη,
2773 595 2910 669 μέγα
2947 615 3004 649 τε
3043 595 3165 668 περὶ
3211 596 3400 651 ἑαυτοῦ
3450 594 3646 668 οἴεται,
3693 596 3790 651 καὶ

2138 680 2213 743 ὡς
2270 684 2367 751 τὴν
2428 684 2665 758 ἐσχάτην
2723 684 2980 759 κάθαρσιν
3041 687 3387 761 συνεσχηκὼς
3424 685 3733 763 τετύφωται
3769 704 3784 719 ο

2137 765 2282 845 ἔχειν
2326 769 2381 826 δὲ
2427 774 2525 841 τήν
2572 772 2832 844 ἀλήθειαν
2888 778 3292 848 συνηγοροῦσαν
3338 775 3508 845 αὐτῷ,
3565 774 3788 830 πολλοῦ

2137 879 2199 932 γε
2228 862 2315 914 καὶ
2350 858 2448 916 δεῖ.
2499 866 2585 924 Ὡς
2626 864 2731 937 γὰρ
2762 864 2788 917 6
2822 862 2989 937 λόγος
3038 863 3242 940 φθάσας
3292 861 3563 933 ἐδήλωσε,
3609 862 3783 939 τέχνη

2134 952 2213 1018 τῷ
2271 955 2483 1004 Σατανᾶ
2529 951 2619 1005 καὶ
2673 952 2806 1021 αὕτη
2846 971 2858 984 ·
2890 951 3027 1007 κατά
3083 972 3234 1013 τινας
3300 953 3536 1027 χρόνους
3595 951 3785 1007 ἑκόντα

2134 1047 2487 1119 παραχωρεῖν
2522 1089 2537 1113 ,
2598 1043 2685 1097 καὶ
2741 1044 2807 1098 τὰ
2863 1042 3094 1098 εἷωθὸτα
3156 1045 3231 1116 μὴ
3292 1043 3527 1119 ἐνεργεῖν
3562 1088 3576 1114 ,
3645 1044 3780 1097 κατὰ

2132 1131 2357 1198 σκοπὸν,
2422 1136 2519 1185 τοῦ
2582 1132 2759 1203 οἲήσιν
2827 1133 3175 1203 τελειότητος
3249 1139 3364 1196 τοῖς
3424 1133 3779 1205 ἀσκουμένοις

2136 1214 2432 1274 ὑποϐαλεῖν
2460 1241 2472 1255 ’
2506 1220 2650 1275 ἀλλὰ
2685 1223 2762 1295 μὴ
2795 1224 2823 1276 6
2856 1223 3098 1299 φυτεύων
3129 1222 3433 1295 ἀμπελῶνα
3462 1220 3780 1295 παρα-πόδας

2133 1304 2386 1383 λαμϐάνῃ
2427 1310 2515 1364 καὶ
2564 1311 2656 1366 τὸν
2702 1312 2909 1386 καρπόν
2947 1332 2959 1345 ·
2984 1311 3019 1381 ἤ
3052 1315 3079 1368 6
3108 1314 3343 1387 σπείρων
3386 1315 3453 1368 τὰ
3493 1313 3779 1387 σπέρματα

2132 1394 2182 1451 ἐν
2215 1401 2282 1472 τῇ
2326 1403 2395 1475 γῇ
2444 1400 2533 1453 καὶ
2588 1402 2688 1469 τήν
2741 1398 3079 1477 συγκομιδὴν
3139 1403 3295 1464 εὐθὺς
3343 1401 3658 1473 ἐποιήσατο.
3716 1402 3775 1457 Τί

2133 1484 2226 1556 δέ;
2260 1488 2321 1541 τὸ
2353 1489 2621 1566 ἀρτιγενῖες
2653 1488 2871 1545 παιδίον
2916 1492 3097 1564 ἥψατο
3147 1499 3492 1568 παραχρῆμα
3539 1499 3639 1563 τῆς
3686 1514 3778 1548 τε-

2133 1578 2464 1649 λειότητοςς
2520 1576 2863 1655 Ἀπόϐλεψον
2921 1581 2998 1645 εἷς
3052 1584 3142 1637 τὸν
3207 1585 3417 1652 Ἰησοῦν
3450 1600 3465 1616 ·
3499 1580 3557 1637 ἐκ
3613 1584 3778 1646 ποίας

2131 1664 2291 1738 δόξης
2343 1671 2464 1731 Υἱὸς
2515 1675 2648 1725 Θεοῦ
2695 1671 2785 1725 καὶ
2843 1671 2972 1734 Θεὸς
3025 1668 3096 1726 ὢν
3153 1673 3180 1727 6
3235 1673 3487 1746 Χριστὸς,
3548 1671 3624 1732 είς
3683 1673 3776 1726 οἶα

2129 1758 2300 1828 πάθη,
2329 1758 2419 1812 καὶ
2467 1758 2709 1831 ἀτιμίαν,
2759 1761 2845 1813 καὶ
2903 1760 3134 1835 σταυρὸν
3186 1754 3387 1829 κατέϐη
3427 1761 3557 1814 ’καὶ
3611 1757 3775 1814 πάλιν

316 1853 416 1923 qui
472 1850 697 1923 plantat
748 1850 999 1917 vineam,
1056 1849 1210 1905 haud
1264 1851 1462 1904 statim
1526 1847 1849 1903 vindemiat
1898 1849 2022 1920 ejus
2056 1848 2099 1911 B
2132 1847 2279 1908 ὅπως
2320 1844 2407 1901 διὰ
2454 1849 2652 1917 ταύτην
2706 1849 2860 1903 αὐτοῦ

2132 1847 2279 1908 ὅπως
2320 1844 2407 1901 διὰ
2454 1849 2652 1917 ταύτην
2706 1849 2868 1903 αὐτοῦ
2926 1850 3024 1917 τὴν
3083 1848 3403 1904 ταπείνωσιν
3468 1851 3772 1923 ὑπερήρθη.

315 1942 590 1997 fructum.
649 1944 845 2013 Neque
894 1940 994 2011 qui
1045 1955 1239 1994 semen
1290 1938 1349 1993 in
1400 1942 1613 1993 terram
1675 1938 1839 2009 jacit,
1896 1939 2020 1994 fru-

317 2039 577 2086 mentum
627 2031 828 2086 eodem
874 2034 1124 2101 tempore
1169 2029 1227 2082 in
1268 2028 1475 2083 horrea
1524 2026 1815 2081 convehit.
1867 2028 2017 2090 Quid

314 2121 494 2193 ergo?
543 2137 615 2175 an
663 2136 862 2176 recens
911 2126 1083 2175 natus
1127 2119 1320 2173 infans
1370 2117 1633 2188 perfecta;
1684 2117 1876 2172 subito
1926 2118 2019 2172 in-

314 2217 673 2265 crementum
724 2210 1067 2280 adipiscitur
1111 2206 1343 2262 astatis?
1392 2205 1636 2276 Respice
1685 2206 1741 2259 in
1796 2209 2016 2261 Jesum.

316 2297 391 2351 Ex
422 2305 638 2369 quanta
664 2298 850 2371 gloria
885 2299 1062 2352 Filius
1095 2295 1195 2351 Dei
1226 2303 1282 2351 et
1312 2295 1466 2352 Deus
1509 2311 1639 2350 cum
1675 2303 1829 2350 esset
1858 2295 2019 2351 Chri-

312 2391 460 2455 stus,
493 2388 550 2442 in
601 2396 741 2459 quot
785 2388 1100 2459 qualesque
1150 2389 1572 2458 perpessiones,
1630 2386 2011 2454 ignominiam

2128 1937 2216 1991 καὶ
2261 1937 2312 1991 ἐν
2363 1934 2505 2007 δεξιᾷ
2550 1942 2647 1992 τοῦ
2698 1936 2909 2012 Πάτρὸς
2953 1937 3212 1998 ἐγάθισεν.
3246 1943 3303 1994 Ὀ
3336 1937 3391 1994 δέ
3421 1960 3485 2014 γε
3532 1940 3775 2014 πονηρὸς

2130 2023 2251 2105 ὄφις
2282 2027 2340 2081 ἐκ
2369 2027 2591 2102 πρώτης
2622 2033 2699 2100 τῷ
2746 2027 2922 2101 Ἀδὰμ
2974 2029 3301 2104 ὑποσπείρας
3349 2030 3609 2099 θεότητος
3662 2029 3775 2084 ἐπι-

2128 2117 2347 2189 θυμίαν,
2381 2116 2454 2178 είς
2489 2115 2603 2171 οἵαν
2637 2118 2797 2172 αὐτὸν
2825 2120 3130 2195 κατήγαγεν
3158 2119 3377 2192 ἀτιμίαν
3432 2117 3517 2173 διὰ
3572 2118 3775 2189 ταύτης

2131 2204 2196 2275 δὴ
2229 2208 2325 2274 τῆς
2360 2205 2609 2275 οἷῆσεως.
2638 2211 2813 2261 Ταῦτα
2844 2207 3015 2262 τοίνυν
3056 2208 3216 2270 αὐτὸς
3265 2206 3462 2263 ἐννοῶν
3510 2208 3773 2285 ἀσφάλιζε

2131 2296 2347 2350 σεαυτὸν
2405 2294 2502 2363 ὅση
2566 2292 2815 2366 δύναμις,
2869 2297 2958 2351 καὶ
3010 2294 3280 2365 σπούδαζε
3332 2302 3619 2352 ταπεινοῦν
3686 2297 3773 2353 ἀεὶ

2121 2387 2219 2455 τὴν
2251 2382 2500 2459 καρδίαν,
2532 2386 2621 2439 καὶ
2658 2389 3125 2461 συντετριμμένην
3160 2384 3329 2464 ἔχειν.

311 2485 365 2533 et
436 2494 669 2534 crucem
739 2478 1101 2534 descenderit
1156 2492 1170 2543 ;
1241 2482 1297 2532 et
1359 2493 1562 2532 rursus
1634 2483 1866 2547 propter
1936 2477 2095 2532 illam
2174 2478 2359 2546 ipsam
2421 2480 2546 2546 ejus
2588 2477 3047 2532 humiliationem
3092 2478 3552 2548 superexallatus
3620 2480 3772 2535 idem

311 2565 505 2633 fuerit,
538 2568 679 2621 adeo
712 2574 774 2621 ut
803 2567 1000 2621 sedeat
1029 2569 1097 2620 ad
1127 2567 1314 2621 Patris
1345 2568 1658 2621 dexteram.
1712 2570 1780 2619 At
1814 2566 2005 2621 malus
2045 2583 2284 2635 serpens
2334 2568 2741 2622 subseminata
2788 2567 2974 2636 primo
3014 2584 3120 2623 suo
3162 2583 3404 2625 susurro
3454 2570 3510 2624 in
3557 2570 3771 2624 Adami

312 2654 510 2709 animo
540 2655 854 2725 cupiditate
885 2656 1228 2721 divinitatis,
1263 2656 1322 2708 in
1374 2664 1656 2725 quantam
1706 2656 1897 2723 ipsum
1922 2655 2131 2722 dojecit
2169 2655 2580 2727 ignominiam,
2612 2657 2773 2712 illius
2813 2657 3221 2727 superbissimi
3256 2659 3424 2727 justa
3469 2659 3773 2729 punitione

310 2744 604 2799 desiderii.
666 2749 796 2798 Haec
871 2745 1046 2813 igitur
1104 2744 1229 2813 ipse
1291 2750 1594 2813 reputans,
1650 2744 1887 2798 consule
1918 2745 2044 2812 tibi,
2078 2748 2443 2802 constituens
2494 2753 2781 2818 quantum
2836 2753 2998 2821 potes
3036 2749 3096 2804 in
3150 2766 3356 2807 securo
3385 2767 3471 2806 res
3501 2756 3663 2818 tuas;
3700 2754 3763 2806 et

311 2834 477 2891 stude
499 2849 730 2905 semper
762 2833 1067 2890 humiliars
1100 2845 1263 2890 tuum
1296 2850 1413 2902 cor,
1446 2839 1502 2888 et
1532 2833 1695 2886 illiud
1732 2833 1944 2888 habere
1966 2834 2297 2890 contritum.

523 3175 1750 3349 ΜΑΚΑΡΙΟΥ
1884 3176 2357 3349 ΤΟΥ
2494 3178 3610 3355 ΜΕΓΑΛΟΥ

1269 3474 1567 3567 ΠΕΡΙ
1651 3472 2436 3570 ΕΛΕΥΘΕΡΙΑΣ
2519 3475 2849 3574 ΝΟΟΣ

1937 3671 2173 3723 ΛΟΓΟΣ.

1239 3961 2091 4131 MACARII
2221 3968 2793 4135 MAGN
2803 3966 2872 4134 Ι

1347 4250 1505 4367 DE
1588 4253 2254 4371 LlBERTATE
2329 4254 2781 4369 MENTIS

1916 4462 2172 4524 LIBER.

355 4736 506 4793 209
538 4738 581 4791 Ι.
614 4738 755 4792 Cum
791 4733 1037 4791 audieris
1070 4732 1447 4788 descendisse
1477 4730 1772 4786 Christum
1805 4729 1861 4785 in
1894 4728 1987 4783 in-
2022 4735 2072 4800 (ς
2176 4730 2255 4785 Α’.
2308 4733 2467 4785 Ὅταν
2520 4730 2778 4807 ἀκούσῃς,
2824 4731 2860 4787 δε

2176 4730 2255 4785 Α’.
2308 4733 2467 4785 Ὅταν
2520 4730 2778 4807 ἀκούσῃς,
2824 4731 2905 4788 ὅτι
2964 4731 3239 4789 κατελθὼν
3300 4733 3326 4786 6
3382 4731 3606 4807 Χριστός
3663 4731 3738 4794 εἷς

286 4824 459 4888 feros,
490 4828 546 4878 et
587 4823 848 4879 detentae
890 4822 1004 4878 illic
1036 4822 1261 4878 animas
1302 4820 1607 4888 liberasse,
1656 4835 1774 4875 non
1824 4818 1992 4888 longe

284 4912 498 4968 distare
553 4911 653 4967 illa
701 4913 773 4968 ab
815 4912 928 4978 bis,
987 4930 1113 4983 quas
1160 4928 1313 4968 nunc
1345 4915 1642 4983 gerentur,
1677 4914 1837 4983 puta.
1872 4910 1986 4965 Co-

280 5001 402 5073 gita
446 5000 586 5055 mihi
635 5001 970 5071 sepulcrum
1012 5018 1139 5057 esse
1197 5019 1313 5059 cor.
1361 5002 1443 5057 Ibi
1498 5002 1881 5072 cogitationes
1932 5004 1988 5055 et

281 5096 504 5146 mentes
535 5089 794 5145 defossas
823 5092 982 5161 gravi
1017 5090 1194 5147 teneri
1231 5091 1683 5161 comprehensas
1714 5091 1982 5160 caligine.

276 5181 448 5237 Venit
472 5179 646 5250 igitur
698 5180 980 5235 Dominus
1037 5182 1108 5236 ad
1168 5183 1395 5237 animas
1436 5180 1494 5236 in
1539 5179 1740 5236 inferis
1791 5179 1981 5247 ipsum

275 5272 530 5329 clamore
564 5286 774 5342 magno
808 5272 1159 5339 invocantes,
1206 5271 1262 5326 in
1309 5272 1659 5342 profundum
1716 5267 1982 5322 videlicet

274 5363 465 5418 cordis
525 5362 815 5429 advenit;
877 5366 933 5416 et
988 5360 1068 5414 ibi
1140 5362 1306 5417 morti
1366 5361 1688 5433 imperans.
1726 5361 1977 5422 Dimitte,

272 5451 374 5519 ait,
430 5454 664 5509 clausas
723 5452 898 5508 isthic
962 5452 1213 5518 animas,
1275 5469 1367 5507 me
1424 5452 1519 5522 qui
1579 5466 1820 5522 possum
1880 5464 1977 5503 eas

268 5540 539 5610 liberare,
606 5549 665 5598 ut
729 5542 788 5598 id
848 5542 1058 5599 faciam
1122 5549 1376 5599 orantes.
1456 5542 1675 5597 Deinde
1741 5557 1974 5613 gravem

267 5629 523 5702 lapidem
565 5647 866 5689 removens
913 5635 1340 5707 superpositum
1398 5632 1627 5692 animus,
1680 5630 1970 5687 tumulum

266 5719 474 5792 aperit,
509 5725 563 5776 et
593 5736 717 5791 quas
742 5738 872 5778 vers
916 5729 1039 5780 erat
1081 5728 1334 5793 mortua,
1388 5721 1702 5779 resuscitat
1737 5735 1749 5774 :
1810 5735 1970 5789 quaa-

2095 4810 2251 4885 ᾆδου,
2308 4820 2400 4880 τάς
2453 4820 2725 4895 κατόχους
2785 4819 2895 4876 ἔκεῖ
2960 4822 3139 4897 ψυχὰς
3210 4820 3536 4899 ἆνερῥύσατο
3573 4867 3587 4893 ,
3660 4825 3734 4895 μή

2096 4906 2302 4979 μακρὰν
2336 4907 2471 4963 εἶναι
2502 4914 2669 4965 ταῦτα
2698 4913 2784 4965 καὶ
2835 4916 2942 4965 τῶν
2995 4916 3083 4966 νῦν
3136 4910 3479 4984 τελουμένων
3519 4914 3734 4985 νόμιζε.

2091 4995 2222 5054 Οἴου
2258 5020 2351 5071 μοι
2383 5000 2486 5074 γάρ
2523 5006 2789 5073 μνημεῖον
2821 5003 2954 5057 εἶναι
2986 5004 3085 5072 τὴν
3114 5001 3343 5077 καρδίαι
3381 5020 3394 5035 ⁸
3420 5002 3574 5057 κάκεῖ
3613 5004 3737 5061 τοὺς

2091 5086 2393 5162 λογισμοὺς
2452 5090 2541 5144 καὶ
2602 5092 2691 5145 τὸν
2751 5096 2873 5146 νοῦν
2926 5093 3276 5167 κατωρύχθαι
3339 5093 3496 5167 βαρεῖ
3555 5092 3735 5146 σκότει

2088 5175 2587 5250 κατειλημμένους.
2620 5182 2880 5256 Ἔρχεται
2911 5186 3197 5257 τοιγαροῦν
3237 5184 3264 5236 6
3300 5182 3495 5256 Κύριος
3528 5180 3605 5243 είς
3636 5180 3729 5242 τὰς

2088 5267 2142 5322 ἐν
2176 5263 2301 5336 ᾆδον
2345 5263 2706 5341 ἐπιϐουμὲνας
2738 5272 2895 5326 αὐτὸν
2938 5273 3140 5347 ψυχάς,
3194 5272 3268 5334 εἰς
3317 5272 3377 5325 τὸ
3432 5272 3601 5346 βάθος
3632 5268 3736 5339 δη-

2088 5354 2227 5427 λαδή
2261 5365 2359 5426 τῆς
2408 5358 2655 5432 καρδίας,
2705 5359 2861 5415 κᾶκεῖ
2905 5366 2983 5433 τῷ
3016 5363 3230 5434 θανάτῳ
3276 5359 3733 5437 ἐγκελευόμενος·

2085 5448 2410 5519 Ἀνάπεμπε,
2445 5447 2609 5524 λέγει,
2659 5450 2755 5514 τὰς
2800 5450 2893 5527 ἐγκ
2933 5453 3035 5524 [εκ]
3070 5450 3355 5524 λεισμένας
3396 5450 3603 5524 ψυχὰς,
3636 5448 3736 5510 τάς

2085 5534 2181 5608 ἐμὲ
2212 5537 2300 5590 τὸν
2331 5537 2587 5610 ῥύσασθαι
2620 5536 2913 5611 δυνάμενον
2948 5538 3298 5610 ἐκζητοῦσας.
3333 5539 3465 5594 Εἶτα
3494 5538 3584 5592 τὸν
3622 5538 3736 5611 βα-

2085 5626 2176 5697 ρὺν
2207 5624 2360 5679 λίθον
2384 5623 2571 5701 διάρας
2602 5628 2690 5682 τὸν
2722 5631 2789 5701 τῇ
2813 5631 2967 5703 ψυχῇ
2992 5628 3346 5703 ἐπικείμενον,
3376 5629 3467 5681 τόν
3490 5647 3546 5681 τε
3566 5626 3735 5705 τάφον

2085 5715 2309 5790 ἀνοίγει,
2354 5718 2441 5769 καί
2490 5718 2581 5772 τὸν
2632 5716 2683 5771 ἐν
2725 5716 2955 5788 ἀληθεία
3004 5720 3192 5793 νεκρὸν
3242 5720 3449 5788 ἀνιστᾷ,
3499 5718 3587 5771 καὶ
3635 5724 3739 5786 τῆς
