4076 6280
354 379 473 441 937

351 508 616 586 ἇφεγγοῦς
672 503 922 582 φυλακῆς
983 502 1078 574 τήν
1145 496 1602 575 ἐγκεκλεισμένην
1659 496 1845 572 ψυχήν
1888 494 2075 566 ἅττ-Α

352 596 636 653 αλλάττει.

425 689 506 744 Β’.
570 677 888 756 Συμϐαίνει,
948 682 1104 760 φησὶ,
1162 675 1433 739 πολλάκις
1508 673 1849 749 διαλέγεσθαί
1914 694 1997 728 σοι

423 780 468 831 θ’
527 778 539 797 ”
630 770 765 829 6λ¹
858 774 882 828 ὲ
1070 770 1119 826 δ’
1247 772 1259 787 “
1358 776 1397 823 Σ
1536 771 1564 783 “’
1742 766 1754 783 “
1838 766 1909 821 Σ’

352 799 418 833 κα
522 797 623 831 υπο
668 797 695 829 ο
741 796 805 842 ην
886 795 912 828 ν
961 794 1062 844 καρ
1106 792 1158 842 ιᾳ
1207 790 1298 826 τον
1402 789 1620 837 αταναν,
1668 787 1780 836 και,
1886 785 2001 828 υνες

353 867 449 922 ὅσα
482 863 731 942 εἷ’ργασαι
769 862 1007 936 πονηρὰ,
1040 859 1216 935 λέγειν
1252 878 1265 891 ·
1301 854 1711 927 ἀναπέπλησται
1758 876 1842 909 σοι
1864 855 1997 909 ἀνο-

356 961 494 1029 μιῶν
528 958 561 1024 ἡ
595 954 774 1031 ψυχὴ,
813 947 1115 1026 βεϐάρησαι
1154 947 1393 1011 πολλαῖς
1440 946 1528 1001 καὶ
1576 942 1996 1020 χαλεπωτάταις

352 1043 663 1117 ἁμαρτίαις.
698 1042 789 1110 Μὴ
841 1041 1145 1096 λανθανέτω
1185 1043 1315 1114 γοῦν
1348 1059 1405 1092 σε
1450 1040 1610 1091 τοῦτο
1659 1039 1855 1102 ποιῶν,
1904 1034 1993 1088 καὶ

350 1134 711 1207 προσχήματι
770 1129 1149 1190 ταπεινώσεως
1225 1128 1300 1188 είς
1357 1124 1661 1197 ἀπόγνωσιν
1718 1124 1992 1177 συνωθῶν.

352 1222 469 1299 ’Δφ’
511 1220 573 1276 οὗ
602 1221 708 1297 γὰρ
740 1218 828 1275 διὰ
864 1226 965 1287 τῆς
1011 1212 1367 1293 παραϐάσεως
1402 1216 1713 1293 εἰσέφρησεν
1745 1215 1780 1281 ἡ
1811 1211 1993 1280 κακία,

349 1308 590 1385 πάροδον
654 1304 783 1385 ἔσχε
849 1306 1188 1383 διαλέγεσθαι
1244 1306 1581 1375 καθεκάστην
1624 1304 1825 1378 τρόπον
1874 1301 1995 1355 τινὰ

350 1406 419 1475 τῇ
480 1404 635 1474 ψυχῇ
695 1399 770 1459 ὡς
836 1396 1115 1472 ἄνθρωπον
1173 1397 1462 1471 ἀνθρώπῳ,
1528 1394 1617 1448 καὶ
1680 1390 1991 1449 ὑποτιθέναι

348 1490 415 1543 τὰ
471 1488 667 1543 ἄτοπα.
719 1486 1036 1561 ’Δπόκριναι
1100 1488 1373 1559 τοιγαρῶν
1439 1484 1588 1552 αὐτῷ
1646 1480 1707 1537 σύ
1741 1522 1756 1538 .
1834 1479 1994 1535 Ἀλλ’

350 1570 465 1651 ἔχω
508 1575 602 1637 τὰς
662 1580 760 1630 τοῦ
827 1580 958 1631 Θεοῦ
1026 1570 1435 1635 διαϐεϐαιώσεις
1504 1571 1798 1647 ἐγγράφους
1834 1587 1847 1600 ·
1917 1571 1991 1624 Οὐ

351 1665 656 1740 βούλομαι,
709 1665 987 1740 λεγοντος,
1042 1664 1133 1718 τὸν
1194 1665 1417 1720 θάνατον
1480 1666 1577 1717 τοῦ
1636 1658 1990 1735 ἀμαρτωλοῦ,

346 1756 420 1815 ὡς
468 1756 531 1809 τὸ
576 1753 892 1830 ἐπιστρέψαι
945 1751 1033 1809 διὰ
1077 1754 1364 1827 μετανοίας
1418 1753 1507 1806 καὶ
1566 1756 1661 1825 ζῇν
1701 1748 1881 1805 αὐτόν.
1931 1748 1991 1802 Τί

344 1844 450 1919 γὰρ
482 1839 741 1899 ἐϐούλετο
791 1844 939 1915 αὐτῷ
969 1846 1003 1912 ἡ
1036 1840 1289 1911 κάθοδος,
1323 1840 1376 1897 εἷ’
1398 1862 1459 1918 γε
1512 1842 1587 1913 μὴ
1640 1838 1765 1944 τορς
1812 1841 1989 1944 ἁμαρ-ζ
2028 1881 2070 1944 Β

342 1932 559 1995 τωλοὺς
620 1932 828 2000 σώσει,
885 1934 975 1987 καὶ
1030 1934 1158 1996 τοὺς
1214 1931 1265 1988 ἐν
1333 1932 1511 1985 σκότει
1579 1928 1833 2004 φωτίσει,
1900 1928 1989 1982 καὶ

349 2024 682 2093 ζωοποιήσει
724 2021 850 2085 τοὺς
880 2022 1385 2095 τεθανατιομένους;

416 2113 491 2170 Γ’.
551 2115 754 2185 ’Ὠσπερ
786 2114 821 2181 ἡ
854 2110 1067 2167 ἐναντία
1115 2109 1363 2180 δύναμις,
1414 2107 1557 2164 οὕτω
1590 2106 1655 2179 δὴ
1689 2108 1777 2162 καὶ
1810 2110 1843 2177 ἡ
1877 2107 1990 2161 θεία

346 2203 510 2276 χάρις
569 2203 963 2277 προτρεπτική,
1016 2199 1114 2256 ούκ
1153 2200 1522 2274 ἆναγκαστεκή
1577 2197 1845 2253 δείκνυται
1892 2195 1990 2250 οὖ-

344 2311 429 2354 σα,
456 2291 529 2345 ἵν’
579 2290 745 2354 ὅντως
803 2293 931 2362 ἡμῖν
982 2291 1043 2346 τὸ
1094 2289 1374 2363 ἐλεύθερόν
1421 2310 1478 2343 τε
1525 2288 1615 2343 καὶ
1646 2286 1985 2357 αὐτεξούσιον

342 2381 739 2454 περισώζοιτο.
810 2378 986 2453 Ταύτῃ
1045 2399 1132 2434 τοι
1187 2379 1277 2434 καὶ
1333 2381 1415 2454 ἔφ’
1475 2379 1560 2441 οἷς
1617 2379 1644 2433 6
1703 2376 1988 2450 ἄνθρωπος

341 2468 635 2545 ἐργάσηται
665 2473 853 2530 κακοῖς
893 2468 1028 2541 πρὸς
1059 2472 1156 2523 τοῦ
1198 2472 1408 2522 Σατανᾶ
1458 2468 1825 2543 ὑπαγόμενος,
1879 2465 1989 2538 οὐχ

341 2560 369 2614 6
422 2563 664 2621 Σατανᾶς
720 2558 958 2632 μᾶλλον,
1007 2557 1137 2614 ἀλλ’
1175 2556 1336 2619 αὐτὸς
1375 2558 1403 2611 6
1445 2558 1728 2630 ἅνθρωπος
1764 2557 1863 2625 τήν
1904 2575 1985 2609 τι-

344 2647 553 2723 μωρίαν
614 2648 1011 2722 εἰσπράττεται,
1073 2648 1147 2709 ὡς
1204 2648 1279 2719 μή
1334 2645 1427 2721 βίᾳ
1476 2645 1809 2715 συνελαθεὶς,
1859 2643 1988 2700 ἀλλ’

342 2735 468 2811 ἰδίῳ
510 2736 785 2810 θελήματι
832 2737 1070 2797 πεισθεὶς
1116 2740 1185 2810 τῇ
1235 2736 1416 2807 κακίᾳ.
1476 2732 1879 2809 Παραπλησίως
1930 2732 1986 2789 δὲ

338 2828 431 2882 κάν
496 2832 575 2898 τῷ
631 2828 819 2901 ἀγαθῴ
852 2846 865 2860 ·
902 2825 1003 2881 ούκ
1060 2824 1348 2904 ἐπιγράφει
1402 2827 1464 2879 τὸ
1520 2824 1735 2900 γεγονὸς
1796 2826 1980 2898 ἑαυτῇ,

337 2913 485 2970 ἆλλᾶ
512 2918 590 2984 τῷ
620 2914 893 2989 ἀνθρώπῳ
922 2916 955 2982 ἡ
988 2914 1171 2989 χάρις,
1205 2914 1294 2968 καὶ
1327 2911 1417 2968 διὰ
1445 2917 1605 2968 τοῦτο
1646 2910 1801 2985 δόξαν
1834 2913 1983 2984 αύτῷ

337 3002 701 3076 περιτίθησιν,
762 3001 850 3057 ὅτι
906 3004 1068 3064 αὐτος
1125 3003 1299 3073 ἑαυτῷ
1354 3006 1449 3057 τοῦ
1508 3004 1708 3077 ἀγαθοῦ
1768 3002 1982 3078 γέγονεν

337 3091 530 3156 αἶ’τιος.
566 3089 708 3150 Οὐδέ
749 3094 852 3166 γὰρ
899 3092 1265 3166 ἀναγκαστικῇ
1318 3089 1560 3161 δυνάμει,
1612 3093 1685 3153 ὡς
1741 3089 1978 3164 ε’ίρηται,

338 3180 707 3255 συνδεσμοῦσα
738 3181 902 3235 αὐτοῦ
940 3179 1001 3233 τὸ
1034 3178 1165 3249 θὲλη
1180 3200 1274 3253 μα,
1319 3184 1468 3234 ποιεῖ
1514 3178 1779 3253 ἄτρεπτον
1806 3182 1839 3249 ἡ
1874 3180 1979 3253 χά-

338 3292 419 3346 ρις
453 3291 467 3306 ·
535 3271 681 3327 ἀλλὰ
723 3270 903 3326 καίτοι
964 3272 1208 3338 συνοῦσα,
1276 3272 1355 3340 τῷ
1419 3268 1744 3340 αύτεξουσίῳ
1800 3240 2050 3341 παρα-Ο

337 3367 534 3435 χωρεῖ,
573 3359 668 3414 ’ίνα
699 3358 872 3429 δῆλον
906 3360 992 3429 ε’ίη
1023 3360 1085 3414 τὸ
1107 3362 1203 3414 τοῦ
1226 3356 1392 3413 αὐτοῦ
1418 3357 1654 3430 θέλημα,
1689 3360 1839 3420 ὅπως
1860 3356 1979 3436 ἔχει

335 3450 473 3525 πρὸς
525 3449 717 3522 ἀρετὴν
764 3450 799 3519 ἢ
832 3446 1041 3504 κακίαν.
1088 3452 1268 3502 Κεῖται
1315 3447 1418 3522 γὰρ
1468 3447 1527 3502 ού
1577 3451 1645 3521 τῇ
1694 3448 1846 3525 φύσει
1888 3447 1976 3502 νό-

342 3557 465 3610 μος,
498 3535 645 3592 ἀλλὰ
672 3541 751 3609 τῷ
782 3534 1110 3607 αὐτεξουσίῳ
1138 3541 1239 3604 τῆς
1270 3534 1658 3609 προαιρέσεως,
1706 3542 1976 3608 τραπῆναι

338 3624 615 3699 δυναμένῳ
646 3627 783 3700 πρὸς
813 3626 875 3680 τὸ
908 3626 1102 3699 ἀγαθὸν
1134 3623 1224 3680 καὶ
1254 3625 1436 3682 κακόν.

407 3815 477 3870 Δ’.
514 3813 813 3869 Φυλαττειν
847 3811 930 3868 δεῖ
958 3814 1057 3883 τήν
1087 3815 1295 3889 ψυχὴν,
1340 3814 1430 3868 καὶ
1478 3813 1821 3887 ἀνομίλητον
1853 3834 1978 3869 συν-

331 3908 517 3976 τηρεῖν
553 3899 807 3977 βεϐήλων
836 3904 923 3957 καὶ
964 3909 1216 3977 πονηρῶν
1270 3902 1576 3977 λογισμῶν.
1622 3909 1823 3972 ’Ὠσπερ
1873 3907 1978 3978 γὰρ

333 3993 395 4044 τὸ
428 3996 587 4063 σῶμα
640 3993 854 4062 σώματι
908 3990 1164 4046 συνελθὸν
1224 3992 1412 4065 ἒτέρῳ,
1472 3992 1606 4064 πρὸς
1654 3992 1977 4064 ἀκαθαρσίαν

335 4080 651 4151 μιαίνεται·
684 4079 828 4133 οὕτω
887 4076 953 4147 δὴ
1004 4079 1093 4132 καὶ
1150 4080 1305 4153 ψυχὴ
1365 4078 1635 4157 φθείρεται
1711 4086 1975 4154 πονηροῖς

334 4165 723 4238 συνδοιάζουσα
779 4168 866 4222 καὶ
923 4172 1142 4242 μιαροῖς
1190 4166 1504 4242 λογισμοῖς,
1551 4167 1855 4239 συνᾴδουσά
1918 4190 1977 4224 τε

334 4259 520 4319 αὐτοῖς
550 4258 640 4313 καὶ
682 4256 1031 4329 συντιθεμένη
1068 4275 1079 4289 ·
1116 4257 1246 4336 οὐχὶ
1285 4263 1401 4319 τοῖς
1438 4265 1538 4327 τῆς
1558 4260 1824 4334 πονηρίας
1880 4259 1978 4332 μό-

328 4369 440 4419 νον,
474 4347 622 4402 άλλὶ
650 4348 740 4402 καὶ
772 4347 1001 4416 ἑκάστης
1031 4346 1251 4407 κακίας·
1285 4348 1428 4415 οἷον,
1459 4348 1732 4417 ἀπιστίας,
1783 4346 1971 4421 δόλου,

329 4434 663 4508 κενοδοξιας,
695 4436 890 4511 ὀργῆς,
922 4435 1012 4490 καὶ
1043 4435 1263 4514 φθόνου,
1294 4436 1383 4491 καὶ
1416 4434 1616 4510 ἔριδος.
1664 4438 1763 4492 Καὶ
1812 4439 1971 4493 τοῦτό

329 4527 441 4584 ἐστι
498 4529 561 4583 τὸ
618 4528 892 4601 καθαίρειν
962 4525 1183 4590 ἑαυτοὺς
1241 4528 1345 4581 ἀπὸ
1400 4530 1601 4590 παντὸς
1680 4528 1972 4601 μολυσμοῦ

330 4616 525 4691 σαρκὸς
572 4617 659 4670 καὶ
711 4615 1043 4687 πνεύματος.
1110 4615 1259 4671 Εἶναι
1308 4616 1409 4691 γὰρ
1464 4614 1580 4669 οἵου
1627 4617 1714 4671 καὶ
1766 4618 1973 4693 φθορὰν
2006 4602 2051 4665 Ῑ)

326 4705 418 4759 καὶ
450 4703 699 4776 πορνείαν
729 4704 779 4759 ἐν
813 4709 893 4775 τῷ
924 4703 1118 4783 ἀφανεῖ
1166 4712 1264 4774 τῆς
1313 4708 1520 4780 ψυχῆς,
1554 4702 1644 4760 διὰ
1682 4705 1968 4781 λογισμῶν

327 4791 543 4847 ἀτόπων
609 4790 1040 4868 ἐνεργουμένην·
1112 4794 1201 4848 καὶ
1278 4792 1460 4868 ὥσπερ
1524 4795 1616 4850 τὸν
1686 4798 1968 4872 φθειροντα

326 4882 417 4935 τὸν
474 4880 598 4934 ναὸν
650 4885 747 4934 τοῦ
805 4885 977 4951 Θεοῦ,
1035 4884 1171 4937 κατὰ
1218 4883 1308 4938 τὸν
1374 4883 1535 4960 μὲγαν
1604 4886 1964 4949 Ἀπόστολον,

326 4971 509 5044 φθερεῖ
536 4973 726 5024 τοῦτον
761 4970 788 5024 6
821 4970 970 5042 Θεὸς,
1008 4969 1140 5047 ὅπερ
1169 4973 1232 5027 τὸ
1281 4974 1441 5046 σῶμά
1491 4972 1631 5030 ἔστιν
1664 4994 1676 5007 ·
1712 4975 1854 5030 οὕτω
1895 4973 1962 5046 δὴ

321 5058 409 5113 καὶ
457 5060 484 5114 6
535 5057 764 5135 φθείρων
821 5062 1005 5134 ψυχήν
1048 5082 1106 5117 τε
1150 5063 1240 5117 καὶ
1296 5067 1438 5131 νοῦν,
1494 5068 1573 5136 τῷ
1631 5067 1963 5120 συντίθεσθαι

319 5154 436 5211 τοῖς
486 5149 736 5218 ἀτόποις,
785 5150 1057 5223 τιμωρίας
1106 5149 1246 5206 ἐστὶν
1295 5153 1609 5216 ὑπεύθυνος.
1662 5154 1960 5210 Φυλᾶττειν

319 5242 609 5313 τοιγαροῦν
661 5240 924 5313 προσήκει
974 5240 1211 5313 καθαπερ
1242 5242 1303 5295 τὸ
1333 5246 1493 5315 σῶμα
1539 5245 1736 5318 ὁρατοῦ
1789 5246 1961 5317 ἀμαρ-

317 5331 587 5399 τήματος,
622 5326 767 5383 οὕτω
807 5326 904 5381 καὶ
930 5328 1030 5397 τήν
1063 5330 1250 5402 ψυχὴν
1293 5328 1571 5403 λογισμῶν
1606 5331 1841 5401 ἀτόπων,
1876 5331 1960 5388 ὅτι

319 5418 503 5493 νύμφη
554 5420 793 5485 Χριστοῦ
854 5416 1015 5472 ἐστιν.
1084 5418 1445 5491 Ἠρμοσάμην
1512 5422 1611 5494 γὰρ
1682 5421 1820 5493 ὑμᾶς
1886 5421 1959 5477 ἐνὶ

320 5503 475 5579 ἀνδρὶ
541 5507 801 5582 παρθένον
877 5507 1045 5581 ἀγνήν
1118 5514 1458 5580 παραστῆσαι
1537 5514 1615 5582 τῷ
1690 5515 1953 5583 Χριστῷ·

332 5692 377 5732 ³¹
412 5692 612 5753 Ezech.
652 5712 814 5763 mu,
848 5697 937 5753 11.
1015 5696 1061 5732 ³²
1091 5697 1138 5754 lI
1167 5697 1294 5756 Cor.
1327 5713 1428 5766 vn,
1463 5698 1513 5755 1.
1592 5699 1637 5735 ³³
1679 5700 1701 5755 I
1731 5700 1858 5757 Cor.
1896 5716 1977 5763 In,

1434 366 1665 426 LIBER
1713 366 1812 425 DE
1859 364 2292 427 LIBERTATE
2338 368 2655 429 MENTIS.

3694 374 3812 434 938

2108 513 2218 569 que
2248 499 2495 555 obscura
2547 501 2813 557 custodia
2868 500 3139 557 conclusa
3195 502 3521 572 tenebatur,
3550 504 3807 561 animam

2108 586 2339 644 liberat.

2178 677 2248 734 II.
2282 677 2580 752 Contingit
2610 694 2763 752 saepe
2794 679 3166 737 insusurrare
3195 680 3303 737 tibi
3325 682 3597 740 Satanam
3620 683 3681 740 in
3704 700 3810 740 au-

2109 781 2226 822 rem
2260 767 2471 833 cordis,
2502 777 2556 823 et
2599 769 2831 825 dicere:
2899 770 3021 826 Scis
3052 778 3191 841 quot
3242 779 3296 828 et
3354 777 3573 844 quanta
3601 789 3807 846 perpe-

2107 856 2274 910 trasti
2315 858 2468 912 mala
2489 857 2516 909 ‘I
2541 856 2759 930 repleta
2804 857 2911 913 tibi
2938 857 3254 914 sceleribus
3286 865 3372 915 est
3406 861 3641 931 anima;
3673 878 3806 934 gra-

2109 946 2259 1002 varis
2292 947 2492 1002 multis
2523 952 2579 1003 et
2635 947 2973 1004 fcedissimis
3034 951 3304 1019 peccatis.
3341 950 3466 1007 Non
3496 956 3552 1008 te
3609 952 3808 1021 lateat,

2105 1042 2511 1107 suggerentem
2568 1038 2709 1093 talia
2774 1037 2996 1093 malum
3057 1039 3382 1095 daemonem
3431 1041 3486 1095 id
3520 1057 3714 1113 agere,
3746 1052 3811 1098 ut

2106 1129 2160 1180 te
2218 1127 2275 1180 in
2308 1126 2795 1196 desperationem,
2826 1126 3176 1182 humilitatis
3237 1133 3539 1200 praetextu,
3573 1135 3807 1186 contru-

2103 1215 2223 1272 dat.
2256 1218 2333 1270 Ex
2364 1232 2479 1287 quo
2527 1215 2681 1271 enim
2717 1232 2815 1287 per
2869 1217 3397 1287 transgressionem
3431 1218 3681 1290 primam
3718 1222 3805 1275 ir-

2102 1306 2284 1375 repsit
2311 1305 2370 1361 in
2400 1306 2698 1361 hominem
2731 1305 2973 1374 malitia,
3025 1305 3173 1361 liber
3203 1307 3397 1363 aditus
3427 1307 3661 1365 diabolo
3702 1309 3801 1367 da-

2102 1395 2197 1448 tus
2250 1397 2339 1447 est
2403 1394 2661 1448 animam
2711 1393 2970 1463 quotidie
3027 1394 3461 1465 alloquandam,
3511 1400 3571 1450 ut
3633 1397 3805 1455 homo

2103 1482 2421 1546 hominem,
2456 1491 2510 1539 et
2539 1484 2607 1538 ad
2632 1483 2819 1539 eidem
2852 1486 3218 1555 suggerenda
3248 1485 3524 1540 absurda.
3551 1487 3807 1558 Respon-

2103 1575 2172 1630 de
2205 1575 2383 1645 igitur
2432 1574 2517 1629 illi
2538 1580 2601 1629 tu
2636 1592 2649 1630 :
2679 1575 2747 1630 At
2777 1575 2953 1630 haben
2991 1573 3228 1644 scriptas
3258 1577 3679 1632 asseverationes
3710 1579 3807 1635 Dei

2104 1664 2302 1721 cientis
2332 1681 2351 1720 :
2391 1663 2523 1719 Nola
2562 1668 2794 1719 mortem
2832 1666 3171 1731 peccatoris;
3209 1664 3302 1720 sed
3348 1673 3407 1720 ut
3456 1671 3807 1723 convertatur

2101 1771 2203 1826 per
2230 1755 2630 1824 paenitentiam,
2662 1760 2716 1808 et
2744 1756 2887 1808 vivat
2910 1755 2978 1809 ³1.
3010 1755 3192 1819 Quam
3217 1755 3374 1809 enim
3408 1753 3583 1811 aliam
3616 1756 3805 1826 potuit

2102 1843 2314 1898 habere
2371 1858 2606 1897 causam
2676 1843 3086 1910 descendendi,
3149 1843 3262 1898 nisi
3347 1847 3412 1899 ut
3472 1850 3800 1914 peccatores

2102 1933 2295 1987 salvos
2327 1931 2558 1998 laceret,
2586 1932 2849 2001 jacentes
2879 1931 2939 1986 in
2970 1931 3230 1987 tenebris
3259 1930 3641 2003 illuminaret,
3676 1936 3801 1990 vita

2103 2022 2366 2078 redderet
2389 2026 2642 2077 mortuos
2668 2020 2696 2076 ‘l

2173 2112 2274 2166 lll.
2335 2111 2408 2167 Ut
2454 2110 2784 2166 adversaria
2840 2114 3117 2181 potestas,
3143 2110 3227 2166 ita
3256 2114 3314 2167 et
3370 2111 3563 2168 divina
3613 2112 3803 2184 gratia

2099 2216 2205 2257 ceu
2239 2200 2583 2265 hortatoria,
2616 2216 2731 2255 non
2785 2201 3197 2256 necessitatem
3228 2199 3515 2257 inducens
3544 2218 3673 2258 esse
3702 2219 3798 2258 os-

2099 2290 2394 2348 tenditur:
2443 2294 2508 2344 ut
2566 2305 2697 2344 vere
2737 2288 2907 2345 nobis
2955 2288 3214 2355 libertas,
3263 2293 3319 2345 et
3368 2291 3544 2346 nostri
3594 2295 3797 2362 potens

2097 2379 2397 2435 arbitrium
2458 2386 2738 2435 servetur.
2774 2378 2915 2434 Inde
2960 2384 3069 2447 est,
3103 2395 3207 2434 cur
3259 2396 3481 2449 eorum,
3512 2396 3642 2452 quae
3697 2381 3798 2437 bo-

2100 2487 2193 2526 mo
2232 2470 2513 2525 inductus
2563 2487 2597 2524 a
2644 2469 2858 2524 Satana
2908 2469 3322 2540 perpetraverit
3370 2469 3542 2538 mala,
3598 2486 3714 2526 non
3765 2488 3799 2527 a

2096 2562 2308 2617 Satana
2358 2559 2551 2630 potius
2611 2559 2918 2631 exigantur
2975 2574 3177 2630 pinna,
3231 2576 3406 2629 quam
3449 2560 3521 2615 ab
3560 2559 3798 2616 homine

2097 2652 2264 2723 ipso;
2325 2652 2526 2720 utpote
2585 2648 2687 2720 qui
2733 2665 2847 2704 non
2906 2648 2959 2703 vi
3008 2650 3269 2717 adactus,
3302 2650 3400 2705 sed
3438 2649 3664 2721 propria
3703 2667 3799 2706 vo-

2096 2741 2317 2798 luntate
2350 2756 2686 2812 persuasus,
2721 2737 2956 2794 malitia
3003 2738 3341 2795 assenserit.
3372 2739 3649 2794 Similiter
3692 2756 3794 2795 au-

2095 2835 2211 2888 tem
2267 2838 2322 2887 et
2377 2831 2435 2885 in
2486 2831 2659 2898 bono,
2705 2846 2819 2885 non
2860 2829 3100 2885 ascribit
3156 2844 3498 2886 successum
3523 2829 3660 2898 sibi,
3692 2831 3793 2887 sed

2096 2920 2313 2977 homini
2363 2920 2569 2991 gratia,
2600 2922 2658 2973 et
2703 2919 2754 2973 ei
2806 2924 3040 2989 propter
3085 2918 3193 2973 hoc
3239 2918 3480 2990 gloriam
3529 2919 3793 2991 apponit,

2093 3010 2367 3082 quoniam
2400 3008 2527 3079 ipse
2568 3007 2680 3062 sibi
2732 3008 2865 3061 boni
2923 3022 3099 3063 causa
3153 3008 3346 3062 fuerit.
3406 3008 3606 3079 Neque
3634 3009 3789 3065 enim

2091 3097 2494 3152 necessitatem
2527 3095 2841 3149 inducente
2897 3093 2970 3161 vi,
3005 3099 3070 3149 ut
3127 3094 3349 3149 dictum
3382 3098 3489 3155 est.
3541 3097 3789 3151 constri-

2090 3190 2243 3240 ctam
2303 3185 2492 3254 ipsius
2539 3182 2899 3238 voluntatem
2958 3182 3094 3236 facit
3148 3182 3513 3236 immobilem
3561 3184 3787 3254 gratia;

2090 3273 2422 3339 sed,etiam
2459 3287 2592 3328 cum
2647 3286 2902 3342 praesens
2969 3272 3153 3338 adest,
3196 3270 3374 3326 libero
3424 3270 3575 3327 cedit
3630 3272 3791 3327 arbi-

2090 3362 2232 3429 liro;
2278 3366 2341 3417 ut
2385 3362 2812 3426 manifestatur,
2861 3376 3131 3431 quanam
3177 3359 3251 3414 sit
3308 3360 3438 3432 ejus
3479 3360 3787 3431 voluntas;

2090 3451 2170 3505 uti
2212 3467 2275 3507 se
2331 3450 2540 3506 habeat
2595 3465 2732 3521 erga
2779 3451 3055 3505 virtutem
3112 3452 3169 3504 et
3227 3449 3535 3506 malitiam.
3597 3451 3791 3509 Posita

2089 3541 2307 3613 quippe
2332 3540 2422 3596 lex
2465 3545 2572 3610 est,
2626 3556 2739 3595 non
2774 3548 3013 3607 naturai,
3064 3538 3164 3594 sed
3199 3540 3292 3594 sui
3342 3542 3591 3610 oompoti
3631 3542 3791 3598 arbi-

2087 3631 2222 3700 trio,
2265 3629 2577 3685 electionis
2646 3628 2708 3684 in
2757 3628 3105 3685 alterutrum
3136 3627 3391 3697 domino,
3446 3645 3656 3703 nempe
3715 3634 3785 3687 ad

2087 3719 2309 3776 bonum
2340 3727 2393 3775 et
2424 3717 2662 3775 malum.

2160 3809 2256 3866 IV.
2280 3809 2576 3865 Custodire
2610 3811 2835 3877 oportet
2865 3806 3148 3875 animam,
3200 3823 3448 3879 eamque
3478 3825 3513 3864 a
3541 3825 3790 3868 conver-

2088 3900 2310 3957 satione
2342 3899 2495 3955 210
2545 3912 2737 3952 arcere
2796 3896 3175 3966 profanarum
3235 3898 3646 3969 malarumque
3701 3915 3791 3955 co-

2085 3987 2458 4059 gitationum.
2501 3984 2574 4040 Ut
2602 3984 2757 4039 enim
2789 4000 3000 4055 corpus
3047 4000 3181 4040 cum
3212 4000 3453 4056 corpore
3485 3987 3682 4042 coiens
3712 3987 3787 4043 ad

2084 4074 2520 4133 immunditiam
2570 4072 2884 4144 polluitur;
2923 4073 3007 4129 sic
3046 4076 3103 4129 et
3150 4074 3346 4129 anima
3392 4074 3788 4145 corrumpitur

2084 4162 2255 4220 malis
2293 4170 2347 4218 et
2405 4163 2656 4218 sordidis
2713 4162 2984 4234 copulata
3027 4162 3496 4234 cogitationibus,
3550 4179 3785 4221 concor-

2083 4254 2349 4327 dansque
2393 4257 2450 4308 et
2483 4254 2809 4309 assentiens
2841 4269 2855 4309 :
2887 4270 2989 4309 nec
3036 4252 3111 4308 iis
3141 4251 3328 4308 solum
3383 4269 3509 4324 qua
3557 4254 3628 4309 ad
3675 4268 3787 4310 ne-

2083 4344 2332 4415 quitiam
2408 4348 2465 4400 et
2527 4343 2950 4413 impuritatem,
3026 4343 3127 4399 sed
3191 4347 3248 4399 et
3312 4342 3431 4399 illis
3497 4360 3628 4415 quva
3709 4346 3783 4403 ad

2084 4437 2328 4505 quodvis
2371 4435 2607 4490 malitiae
2661 4434 2973 4506 impellunt
3001 4450 3232 4506 genus:
3291 4435 3468 4497 velut,
3526 4434 3781 4492 inﬁdeli-

2081 4526 2235 4592 tatis,
2284 4525 2421 4593 doli,
2479 4542 2636 4581 vanaa
2712 4525 2929 4596 gloria,
2990 4526 3108 4594 ire,
3169 4524 3422 4592 invidiae,
3483 4526 3641 4584 rixa.
3716 4526 3782 4581 Et

2086 4613 2191 4669 hoc
2219 4618 2352 4671 est:
2405 4614 2669 4669 Mundare
2723 4630 2820 4669 nos
2872 4614 3013 4683 ipsos
3042 4616 3109 4668 ab
3158 4615 3310 4668 omni
3355 4615 3777 4684 inquinamento

2079 4705 2262 4758 carnis
2318 4706 2367 4759 et
2430 4704 2663 4773 spiritus
2719 4702 2783 4757 “.
2849 4703 2989 4757 Esse
3042 4701 3199 4756 enim
3248 4702 3564 4772 quamdam
3639 4708 3781 4773 puta

2076 4799 2134 4851 et
2170 4796 2602 4866 corruptionem
2663 4799 2719 4851 et
2763 4794 3203 4851 fornicationem
3263 4793 3322 4848 in
3366 4792 3592 4851 occulto
3652 4796 3781 4851 ani-

2078 4900 2187 4940 mae
2217 4885 2288 4939 ab
2347 4885 2595 4956 impuris
2626 4883 2744 4940 illis
2791 4883 3240 4955 cogitationibus
3271 4888 3694 4954 perpetratam;
3725 4894 3789 4943 et

2074 4974 2572 5046 quemadmodum
2608 4991 2621 5030 :
2655 4975 2760 5043 Qui
2788 4973 3058 5043 templum
3086 4973 3184 5030 Dei
3218 4972 3515 5030 violaverit
3570 4975 3782 5046 (juxta

2076 5080 2351 5135 magnum
2387 5064 2725 5136 Apostolum
2758 5065 2778 5136 )
2807 5063 3078 5135 disperdet
3134 5064 3297 5120 illum
3327 5065 3463 5120 Deus
3492 5063 3570 5133 3’;
3622 5066 3778 5139 quod

2073 5154 2175 5211 Dei
2216 5152 2496 5224 templum
2546 5170 2753 5224 corpus
2805 5157 2934 5222 est;
2977 5154 3061 5210 sic
3110 5153 3210 5226 qui
3272 5154 3483 5226 polluit
3524 5155 3779 5211 animam

2072 5252 2126 5302 et
2185 5250 2459 5311 mentem,
2492 5245 2867 5301 assentiendo
2917 5245 3132 5317 pravis,
3168 5262 3397 5317 pinnam
3428 5245 3632 5317 utique
3683 5246 3779 5301 de-

2070 5335 2187 5391 bet.
2222 5338 2524 5394 Custodire
2579 5338 2759 5410 igitur
2809 5338 3093 5405 convenit,
3128 5337 3278 5393 sicut
3306 5353 3340 5390 a
3368 5332 3580 5389 visibili
3639 5348 3777 5403 pec-

2069 5434 2193 5482 cato
2227 5442 2462 5497 corpus,
2494 5427 2573 5483 ita
2602 5433 2660 5484 et
2691 5429 3020 5501 animamga
3038 5424 3489 5500 cogitationibus
3511 5422 3775 5478 immun-

2066 5516 2195 5585 dis;
2255 5519 2533 5590 quoniam
2584 5523 2703 5580 hinc
2752 5537 2971 5595 sponsa
3024 5517 3242 5577 Christi
3291 5519 3426 5573 est:
3495 5513 3774 5586 Despondi

2014 5701 2100 5758 17.
