4076 6280
268 313 388 374 939

1619 304 1678 361 S.
1733 301 2049 362 MACABH
2097 299 2436 358 JEGYPTII

3611 287 3733 350 9L0

263 449 411 504 enim
470 463 578 514 vos,
639 445 740 511 ait,
797 445 897 499 uni
953 445 1067 500 viro
1117 445 1394 516 virginem
1446 447 1649 498 castam
1705 439 1965 496 exhibere

2107 432 2188 495 αἱ,
2242 433 2388 505 [lim
2449 430 2664 506 φυλακῇ
2722 432 2883 505 τήρεε
2932 429 3028 496 τήν
3073 425 3324 502 καρδίαν,
3357 433 3455 495 τῆς
3507 431 3738 502 Γραφῆς

268 537 570 594 Christo“.
623 536 773 590 Audi
860 551 1091 604 quoque
1169 535 1527 599 Scripturarn
1631 532 1967 585 dicentem:

269 628 431 683 Omni
458 625 702 681 custodia
748 639 909 678 serva
939 639 1030 677 cor
1060 626 1215 676 tuum
1245 640 1264 684 ;
1289 624 1420 693 quia
1454 638 1522 675 ex
1551 624 1664 689 ipso
1693 622 1810 673 vita
1840 635 1970 688 pro-

269 717 411 772 cedit
437 717 502 769 ³⁵.
537 717 605 770 Et
638 732 650 769 :
688 716 974 768 Perversas
1030 714 1389 778 cogitationes
1421 727 1681 780 separare
1709 725 1742 762 a
1778 710 1878 762 Deo
1903 706 1972 772 ~‘°,

273 823 481 862 rursus
505 807 663 861 disce
693 822 725 860 a
759 805 952 858 divina
984 804 1039 857 id
1073 805 1316 856 docente
1347 802 1660 871 Scriptura.

345 896 408 948 V.
438 896 736 950 Rationem
791 895 984 963 exigat
1040 909 1074 947 a
1133 909 1242 946 sua
1298 891 1706 960 unusquisque
1755 889 1971 951 anima,

276 987 610 1041 discernens
640 990 693 1038 et
725 983 1049 1054 explorans,
1113 982 1181 1035 ad
1244 997 1506 1052 quaenam
1570 979 1874 1033 afﬁciatur.
1908 978 1978 1032 Et

275 1074 496 1128 sibaud
530 1088 858 1128 consonans
889 1071 988 1126 Dei
1024 1071 1245 1135 legtbus
1276 1069 1583 1139 contigerit
1607 1069 1798 1122 videre
1834 1083 1933 1121 cor
1961 1084 1974 1134 ;

271 1164 430 1219 omni
464 1170 674 1218 conatu
707 1161 1202 1232 quemadmodum
1237 1175 1466 1229 corpus,
1502 1159 1583 1212 ita
1639 1170 1690 1211 et
1725 1161 1975 1210 mentem

273 1267 614 1307 conservare
671 1252 1070 1319 incorruptam
1103 1249 1355 1315 studeat,
1387 1252 1561 1314 atque
1605 1247 1850 1316 impuris
1885 1261 1976 1298 as-

273 1357 511 1396 sensum
573 1339 1022 1404 cogitationibus
1070 1343 1396 1407 negantem.
1452 1337 1509 1391 Si
1562 1337 1791 1404 quidem
1843 1334 1979 1388 velit

268 1433 438 1500 juxta
507 1428 954 1500 promissionem
1041 1426 1331 1480 introduci
1391 1425 1448 1479 in
1527 1424 1857 1479 convictum
1922 1428 1979 1478 et

274 1519 481 1575 choros
539 1531 818 1586 purarum
875 1515 1164 1586 virginum
1197 1514 1264 1567 ’7.
1325 1512 1689 1567 Cohabitatio
1719 1513 1876 1567 enim
1924 1521 1976 1569 et

277 1606 579 1662 familiaris
610 1605 958 1660 conversatio
993 1604 1157 1676 puris
1189 1605 1426 1658 omnino
1455 1611 1506 1659 et
1539 1604 1595 1657 in
1617 1603 1754 1657 recti
1780 1619 1976 1658 amore

278 1697 404 1752 ﬁxis
439 1696 721 1767 promissa
749 1698 840 1749 est
869 1695 1191 1749 animabus.

2086 521 2244 578 ἄκουε
2276 521 2545 595 λεγούσης
2581 541 2593 552 ·
2642 520 2700 574 ἐκ
2746 521 2847 595 γὰρ
2896 520 3100 573 τούτων
3158 515 3330 588 ἔξοδοι
3392 520 3540 586 ζωῆς
3573 535 3585 548 ·
3622 516 3743 584 καὶ,

2085 611 2351 671 Κκολιους
2387 609 2442 665 δέ
2478 611 2780 684 λογισμοὺς
2808 610 3067 684 χωρίζειν
3099 609 3203 662 ἀπὸ
3237 612 3396 676 Θεοῦ,
3425 607 3514 660 καὶ
3567 606 3740 661 πάλιν

2084 709 2182 768 τῆς
2215 701 2356 762 θείας
2387 697 2747 768 διδασκούσης
2779 705 2994 774 Γραφῆς
3031 699 3292 770 μάνθανε.

2158 881 2236 933 Ε’.
2297 879 2464 952 Λόγον
2519 877 2812 931 ἀπαιτείτω
2869 877 2965 945 τήν
3025 877 3220 930 ἑαυτοῦ
3280 875 3462 948 ψυχὴν
3513 869 3746 931 ἕκαστος

2083 965 2375 1038 ἀνακρίνων
2441 967 2529 1018 καὶ
2613 965 2913 1039 βασανίζων
2952 1009 2966 1033 ,
3045 963 3152 1017 τίσι

2084 1055 2130 1110 εἰ
2166 1056 2241 1126 μὴ
2295 1060 2690 1130 συμφωνοῦσαν
2739 1049 3022 1125 συμϐαίνει
3053 1058 3171 1113 τοῖς
3219 1057 3316 1105 τοῦ
3365 1055 3496 1106 Θεοῦ
3547 1050 3746 1122 νόμοις

3221 963 3538 1034 πρόσκειται
3563 979 3575 990 °
3647 960 3744 1014 καὶ

2084 1145 2181 1211 τήν
2215 1142 2442 1216 παρδίαν
2476 1145 2624 1216 ὁρᾷν,
2675 1143 2819 1216 πάσξι
2873 1142 3101 1213 δυνάμει
3153 1141 3395 1216 καθάπερ
3444 1141 3504 1193 τὸ
3554 1145 3745 1210 σῶμα,

2087 1232 2230 1287 οὕτω
2273 1230 2338 1299 δὴ
2363 1232 2452 1286 καὶ
2492 1233 2583 1285 τὸν
2633 1231 2756 1286 νοῦν
2818 1229 3091 1305 διατηρεῖν
3134 1230 3371 1303 ἄφθορον
3436 1225 3744 1296 σπουδαζέ-

2087 1344 2186 1389 τω,
2217 1324 2304 1376 καί
2336 1329 2452 1383 τοῖς
2484 1328 2745 1394 πονηροῖς
2778 1321 3060 1376 ἀσύνθετον
3096 1319 3408 1394 λογισμοῖς.
3443 1317 3511 1372 Ei’
3554 1339 3617 1392 γε
3671 1314 3742 1386 δή

2091 1409 2355 1485 βούλοιτο
2407 1413 2542 1464 κατὰ
2588 1413 2686 1479 τήν
2739 1411 3032 1484 ὑπόσχεσιν
3086 1411 3186 1478 τήν
3251 1407 3484 1481 καθαρὰν
3537 1407 3750 1460 ἐσοικί-

2090 1503 2277 1554 σασθαι
2323 1520 2333 1532 ·
2371 1500 2647 1568 ἐνοικῆσαι
2701 1501 2806 1574 γὰρ
2837 1499 2927 1552 καὶ
2977 1498 3421 1571 ἐμπεριπατῆσαι
3467 1501 3583 1557 ταῖς
3645 1517 3749 1549 κα-

2089 1593 2274 1664 θαραῖς
2317 1591 2532 1650 πάντως
2569 1591 2655 1644 καὶ
2719 1587 3045 1666 φιλοκάλοις
3107 1592 3314 1662 ψυχαῖς
3375 1584 3744 1660 ἐπήγγελται.

345 1785 440 1840 Vl.
470 1787 632 1840 Sicut
660 1784 780 1856 agri
816 1783 1030 1854 praprii
1062 1783 1544 1853 diligentissimus
1598 1782 1840 1838 colonus
1873 1800 1976 1837 no-

2155 1789 2248 1863 g".
2281 1791 2483 1858 ’Ὠσπερ
2511 1789 2538 1841 ὁ
2569 1793 2670 1855 τῆς
2703 1783 2841 1848 ἰδίας
2881 1793 2984 1859 γῆς
3017 1784 3456 1858 ἐπιμελέστατος
3503 1784 3750 1858 γεωργὸς

275 1881 503 1933 ναίουσι
556 1874 714 1945 prius
759 1879 819 1929 et
860 1889 928 1928 ex
974 1890 1040 1928 eo
1087 1873 1288 1943 spinas
1342 1871 1529 1939 tollit;
1585 1891 1651 1928 ac
1702 1878 1826 1927 tum
1877 1873 1979 1927 de-

275 1964 656 2033 muminjicit
713 1963 974 2027 semina;
1036 1962 1115 2015 ita
1171 1965 1228 2015 et
1280 1961 1442 2032 quia
1508 1960 1622 2015 Deo
1681 1967 1978 2031 exspectat

277 2058 598 2110 sementem
661 2054 858 2124 gratiae
943 2051 1224 2117 accipere,
1289 2065 1540 2120 purgare
1593 2051 1755 2119 prius
1812 2049 1981 2102 debet

281 2144 487 2198 animae
519 2159 640 2196 suas
674 2156 914 2210 agrum;
948 2144 1014 2193 ut
1043 2153 1238 2192 semen
1291 2137 1502 2192 deinde
1547 2138 1609 2191 in
1661 2154 1792 2192 eum
1833 2136 1983 2191 inci-

286 2235 428 2288 dens
468 2231 739 2298 Spiritu,
782 2228 1068 2299 perfectos
1115 2232 1171 2282 et
1222 2225 1575 2295 multiplices
1609 2227 1810 2280 reddat
1870 2226 1980 2278 fru-

287 2327 438 2378 ctus.
470 2319 614 2375 Nam
675 2320 732 2374 ni
765 2319 874 2373 hoc
907 2319 1007 2372 fiat
1063 2322 1196 2372 ante
1253 2316 1471 2384 omnia,
1529 2322 1586 2372 et
1643 2317 1751 2371 nisi
1813 2332 1985 2371 mun-

288 2412 509 2467 daverit
539 2410 671 2481 quis
701 2408 960 2478 seipsum
1017 2408 1089 2462 ab
1148 2407 1306 2461 omni
1369 2406 1812 2476 inquinamento
1860 2424 1984 2463 car-

289 2502 381 2555 nis
419 2508 473 2555 et
503 2499 768 2569 spiritus,
799 2514 931 2553 caro
961 2502 1131 2553 estet
1195 2499 1454 2568 sanguis,
1488 2502 1542 2552 et
1597 2498 1763 2571 longe
1807 2500 1988 2554 distat

289 2607 322 2645 ε
351 2588 488 2642 vita.

359 2675 482 2731 VII.
543 2674 934 2740 Undecunque
991 2673 1178 2729 hostis
1210 2674 1668 2730 machinationes
1741 2681 1985 2740 astutas,

290 2766 450 2822 dolos
506 2767 564 2818 et
604 2761 910 2829 maleficia,
966 2762 1418 2831 circumspicere
1463 2768 1706 2830 oportet.
1766 2765 1988 2818 Etenim

292 2859 354 2909 ut
381 2853 636 2925 Spiritus
684 2857 921 2907 sanctus
962 2868 1065 2924 per
1123 2853 1359 2907 Paulum
1398 2871 1410 2908 :
1445 2854 1532 2908 Fit
1589 2855 1844 2910 omnibus
1873 2870 1993 2909 om-

284 2949 403 3011 nia,
437 2957 500 3000 ut
527 2959 710 3000 omnes
768 2943 944 3000 salvos
992 2945 1165 3012 faciat
1189 2943 1269 2997 ⁸⁶ε
1303 2943 1383 2999 sic
1441 2950 1494 2999 et
1545 2943 1779 3013 spiritui
1843 2945 1994 3001 malo

289 3037 346 3090 in
381 3035 575 3091 studio
633 3037 741 3099 est,
778 3034 976 3088 omnia
1019 3032 1164 3100 ﬁeri,
1207 3037 1271 3087 ut
1317 3049 1522 3088 omnes
1569 3033 1627 3088 in
1689 3035 1992 3091 interitum

293 3126 596 3198 propellat.
656 3125 852 3194 itaque
901 3125 952 3179 i
1010 3140 1142 3178 cum
1204 3125 1505 3179 orantibus
1561 3125 1738 3181 simul
1829 3142 1994 3181 orare

292 3215 552 3278 simulat,
612 3213 666 3268 id
726 3218 1016 3281 spectans,
1049 3218 1115 3267 ut
1174 3229 1240 3268 ex
1297 3214 1428 3284 ipsa
1485 3214 1743 3269 oratione
1800 3217 1998 3270 sumat

293 3319 496 3356 ansam
535 3302 859 3370 decipiendi
891 3306 1152 3356 orantem
1197 3303 1587 3370 subjiciatque
1618 3305 1808 3358 eidem
1843 3322 1998 3359 arro-

294 3393 528 3461 gantem
583 3389 1027 3455 confidentiam;
1085 3407 1218 3445 cum
1283 3392 1682 3460 iejunantibus
1748 3394 1997 3461 jejunat,

294 3481 361 3532 ut
389 3477 547 3547 ipsos
597 3475 871 3529 inanibus
920 3477 1168 3544 decipiat
1199 3483 1256 3530 et
1285 3480 1613 3545 dementet;
1669 3481 1996 3550 Scriptura-

295 3581 426 3619 rum
488 3561 840 3618 habentibus
908 3562 1190 3630 notitiam,
1251 3565 1547 3620 similibus
1601 3568 1700 3621 dat
1744 3585 2000 3637 operam,

299 3653 410 3706 sub
462 3650 653 3718 specie
702 3649 954 3706 scientiis
1003 3652 1247 3717 cupiens
1297 3667 1393 3707 eos
1454 3654 1807 3712 subvertere.
1857 3659 2000 3713 Cum

298 3741 480 3811 aliqui
513 3738 878 3795 revelationis
935 3740 1156 3795 lumine
1215 3742 1476 3808 beantur,
1512 3743 1739 3798 videtur
1785 3752 1842 3800 et
1879 3748 2004 3816 ipse

296 3830 586 3900 ejusmodi
621 3830 854 3886 habere.
891 3832 1268 3900 Transﬁgurat
1317 3835 1463 3887 enim
1495 3835 1510 3902 (
1545 3835 1624 3887 ait
1663 3835 1919 3906 Paulus)
1948 3853 2005 3891 se

297 3921 532 3978 Satanas
562 3923 618 3975 in
678 3922 935 3988 angelum
995 3921 1130 3975 lucis
1151 3920 1215 3976 3'.
1255 3922 1322 3977 Ut
1369 3923 1644 3989 Opinione
1675 3924 1825 3979 ﬁcta:
1857 3925 2005 3982 lucis

299 4011 570 4081 deceptos
628 4011 697 4064 ad
761 4026 821 4064 se
874 4011 1140 4065 adducat.
1191 4013 1280 4077 Et,
1324 4017 1385 4065 ut
1451 4018 1661 4067 cuncta
1713 4015 2005 4081 ejusmodi

300 4101 479 4156 semel
539 4101 837 4172 colligam,
879 4101 1025 4154 mira
1083 4117 1143 4155 se
1202 4102 1411 4155 artium
1447 4103 1782 4157 subtilitate
1814 4107 2008 4160 omnia

300 4191 501 4256 variat,
560 4206 674 4259 quo
720 4187 1110 4242 similitudine
1181 4190 1551 4258 subjugatos,
1613 4191 1744 4244 boni
1817 4194 2008 4262 specie

300 4279 635 4346 apparentis
687 4277 743 4330 in
776 4293 965 4331 veram
1001 4278 1218 4331 alliciat
1271 4279 1821 4349 irreparabilemque
1879 4298 2008 4348 per-

301 4367 514 4421 niciem
551 4383 564 4419 :
625 4367 882 4429 Consilia,
915 4367 1125 4438 inquit,
1160 4369 1498 4423 destruentes
1546 4376 1597 4423 et
1635 4386 1848 4425 omnem
1878 4369 2010 4425 aui-

303 4455 553 4510 ludinem
608 4455 961 4511 extollentem
1006 4473 1062 4511 se
1120 4458 1382 4513 adversus
1433 4459 1722 4513 scientiam
1785 4461 1884 4514 Dei
1939 4459 2007 4514 ‘0.

2088 1878 2302 1932 ἀνανεοῖ
2329 1877 2530 1946 ταύτην
2569 1877 2850 1947 πρότερον,
2901 1877 3116 1936 καὶτὰς
3162 1875 3398 1935 ἀκάνθας
3449 1878 3747 1948 περιαιρεῖ¹

2090 1968 2182 2021 εἶθ’
2225 1967 2364 2021 οὕτω
2408 1961 2743 2020 καταϐάλλει
2799 1965 2863 2019 τὰ
2922 1961 3206 2037 σπέρματα
3239 1983 3251 1994 ·
3289 1963 3435 2018 οὕτω
3495 1964 3586 2016 καὶ
3648 1964 3745 2016 τὸν

2089 2057 2234 2129 παρα
2265 2059 2396 2109 Θεοῦ
2440 2052 2826 2126 προσδοκῶντα
2855 2061 2955 2122 τῆς
2999 2054 3226 2129 χάριτος
3280 2053 3480 2126 σπόρον
3529 2047 3742 2122 λαϐεῖν,

2092 2144 2368 2216 καθαίρειν
2444 2144 2704 2216 πρῦτερον
2766 2144 2877 2216 χρὴ
2936 2150 3036 2212 τῆς
3095 2141 3286 2196 ἐαυτοῦ
3351 2139 3576 2214 καρδίας
3642 2142 3743 2208 τήν

2093 2239 2220 2307 γῆν,
2249 2233 2318 2285 ’ἐν’
2349 2233 2376 2286 ὁ
2410 2231 2608 2304 σπόρος
2640 2231 2815 2285 πεσὼν
2851 2235 2948 2285 τοῦ
3003 2231 3316 2301 Πνεύματος
3365 2228 3600 2288 ἐντελεῖς
3651 2228 3738 2282 καὶ

2094 2320 2546 2382 πολλαπλασίους
2575 2317 2765 2392 ἀποδῷ
2803 2321 2928 2381 τοὺς
2961 2319 3200 2392 καρπούς
3234 2339 3244 2350 ·
3281 2319 3355 2379 ὡς
3400 2319 3445 2372 εἰ
3481 2320 3556 2390 μὴ
3578 2324 3738 2374 τοῦτο

2096 2413 2308 2486 γένοιτο
2341 2413 2622 2483 πρότερον,
2653 2409 2740 2463 καὶ
2790 2408 2997 2482 καθαίρῃ
3031 2429 3115 2469 τις
3147 2410 3333 2462 ἐαυτὸν
3387 2408 3490 2462 ἀπὸ
3539 2410 3740 2469 παντὸς

2099 2500 2390 2573 μολυσμοῦ
2423 2500 2616 2572 σαρκὸς
2647 2499 2734 2552 καὶ
2785 2497 3111 2569 πνεύματος,
3165 2496 3292 2570 σάρξ
3334 2495 3473 2550 ἐστιν
3524 2493 3597 2551 ἔτι
3649 2498 3740 2552 καὶ

2098 2592 2255 2660 αἷμα,
2283 2589 2371 2642 καὶ
2409 2588 2614 2658 μακρὰν
2647 2587 2915 2662 ἀφέστηκε
2944 2592 3043 2653 τῆς
3078 2591 3246 2655 ζωῆς.

2172 2678 2238 2732 Ζ’.
2283 2677 2626 2749 Πανταχόθεν
2676 2675 2770 2737 τάς
2810 2679 2906 2727 τοῦ
2965 2673 3168 2750 ἐχθροῦ
3223 2675 3552 2750 μαγγανείας,
3601 2676 3731 2735 τοὺς

2101 2763 2296 2825 δόλους
2344 2785 2402 2818 τε
2453 2766 2541 2818 καὶ
2590 2764 2683 2824 τας
2727 2764 3075 2838 κακουργίας,
3127 2763 3353 2832 ὀξύτατα
3396 2769 3724 2835 περισκοπεῖν

2103 2852 2201 2910 δεῖ,
2236 2853 2331 2907 Καὶ
2383 2854 2484 2930 γὰρ
2534 2854 2606 2913 ὡς
2658 2853 2718 2907 τὸ
2770 2855 2989 2924 Πνεῦμα
3042 2852 3104 2906 τὸ
3163 2857 3317 2927 ἅγιον
3383 2850 3466 2906 διᾶ⁴
3517 2852 3738 2905 Παύλου

2103 2945 2169 2998 τὰ
2198 2942 2367 2997 πάντα
2395 2941 2631 3016 γενέσθαι
2681 2943 2867 3017 φησὶν,
2915 2939 3012 2994 ’ίνα
3058 2940 3188 3004 τοὺς
3240 2943 3440 3003 πάντας
3463 2938 3698 3014 κερδήσῃ
3729 2957 3743 2972 ·

2106 3030 2248 3086 οὕτω
2289 3028 2354 3099 δὴ
2387 3031 2476 3084 καὶ
2515 3033 2581 3101 τῇ
2629 3029 2789 3101 κακίᾳ
2835 3031 3078 3102 γίνεσθαι
3124 3031 3297 3083 πάντα
3346 3027 3434 3083 διὰ
3488 3027 3751 3100 σπουδῆς,

2107 3121 2182 3182 ὡς
2248 3121 2374 3180 τοὺς
2434 3118 2633 3179 πάντας
2699 3116 3037 3192 παραπέμψῃ
3093 3121 3162 3182 τῆ
3221 3117 3512 3188 ἀπωλείᾳ·
3560 3116 3752 3190 ἀμέλει

2105 3215 2223 3271 τοῖς
2264 3210 2591 3284 εὐχομένοις
2642 3207 2716 3269 ὡς
2768 3209 3163 3282 συνευχόμενος
3223 3208 3569 3281 ὑποκρίνεται
3619 3209 3758 3262 κατὰ

2110 3299 2308 3354 σκοπὸν
2337 3303 2432 3353 τοῦ
2479 3297 2743 3376 προιροὶσει
2803 3297 2976 3375 εὐχῆς
3023 3292 3334 3370 ἐμϐαλόντα
3389 3297 3526 3371 πρὸς
3575 3295 3757 3365 οῗησιν

2111 3391 2427 3456 ἀπατῆσαιο
2495 3392 2612 3448 τοῖς
2677 3388 3000 3455 νηστεύουσι
3085 3386 3449 3455 συννηστεύειν
3490 3429 3504 3455 ,
3564 3386 3760 3447 αὐτοὺς

2113 3477 2289 3544 οἶτξσει
2349 3475 2628 3551 φενακίσαι
2692 3475 3028 3549 βουλόμενος
3073 3480 3228 3535 ’τοῖς
3296 3473 3485 3550 ἔχουσι
3554 3479 3757 3550 γνῶσιν

2113 3569 2336 3638 Γραφῶν
2389 3561 2692 3632 ἐπιτηδεύει
2735 3564 2801 3617 τὰ
2848 3565 3036 3635 ὅμοια,
3087 3567 3446 3638 προσχήματι
3506 3566 3760 3637 γνώσεως

2115 3653 2386 3708 ἐπιποθῶν
2456 3654 2650 3714 αυτοὺς
2719 3654 3238 3726 παρακρούσασθαι·
3301 3659 3420 3713 τοῖς
3488 3651 3762 3708 ἀποκαλύο

2115 3748 2259 3818 ψεων
2291 3744 2470 3822 τρωτὸς
2504 3744 2901 3812 καταξιωθεῖσι,
2948 3743 3344 3819 παραπλησίως
3393 3741 3540 3818 ἔχειν
3591 3741 3760 3800 δοκεῖ.

2117 3833 2660 3906 Μετασῖηματίξεται
2705 3833 2828 3903 γάρ,
2878 3834 3059 3906 γησῖν.
3093 3834 3120 3886 ὁ
3167 3839 3408 3894 Σατανᾶς
3469 3833 3549 3893 εἷς
3602 3832 3763 3908 ἄγγε-

2117 3921 2212 3976 λον
2244 3921 2422 3997 φωτός
2450 3941 2461 3951 ·
2492 3919 2578 3974 *ίνα
2625 3926 2693 3995 τῇ
2737 3918 2961 3990 δοκησεῖ
3011 3925 3107 3975 τοῦ
3166 3920 3524 3989 καταλληλου
3584 3923 3763 3997 φωτὸς

2117 4011 2418 4080 ἀπατήσας,
2470 4011 2546 4072 εἷς
2593 4011 2779 4063 ἑαυτὸν
2830 4010 3148 4083 ἐπαγαγεται
3185 4011 3312 4064 ’κσὶ
3374 4009 3565 4071 ἁπλῶς
3620 4009 3763 4065 οὕτω

2118 4099 2252 4174 πρὸς
2282 4101 2455 4152 πάντα
2488 4097 2832 4153 ποικίλλεται
2861 4100 2953 4153 καὶ
2983 4105 3097 4158 τοῖς
3132 4105 3315 4167 πᾶσιν,
3345 4097 3434 4154 ’ίνα
3463 4104 3544 4171 τῷ
3583 4100 3764 4171 ὁμοίῳ

2116 4188 2471 4260 χειρούμενος
2506 4186 2862 4263 εύλογοιρανεῖ
2912 4189 3176 4265 προφάσει
3230 4189 3462 4261 προξενῇ
3508 4189 3609 4255 την
3661 4188 3766 4241 ἁπ-

2116 4274 2344 4330 ώλειαν·
2408 4277 2754 4349 Λογισμοὺς,
2823 4276 2995 4352 φησὶ,
3060 4277 3441 4348 καθαιροῦντες
3506 4275 3595 4329 καὶ
3657 4281 3760 4330 πᾶν

2120 4363 2322 4436 ὕψωμα
2381 4363 2736 4436 ἐπαιρόμενον
2787 4365 2922 4418 κατά
2977 4371 3076 4433 τῆς
3145 4365 3397 4439 γνώσεως
3455 4369 3548 4418 τοῦ
3604 4368 3750 4417 Θεοῦ.

2118 4453 2257 4523 ’Όρα
2293 4453 2457 4525 μέχρι
2491 4453 2578 4505 καὶ
2609 4451 2770 4505 τίνων
2805 4453 2832 4505 ὁ
2865 4451 3079 4519 ἀλαζὼν
3130 4450 3352 4506 ἐκτείνει
3382 4453 3446 4506 τὸ
3474 4451 3748 4520 τόλμημα,

303 4544 446 4600 Vide
475 4560 776 4615 quousque
809 4545 1099 4615 superbus
1131 4545 1227 4601 ille
1285 4547 1564 4612 impostor
1599 4548 1848 4601 audendi
1884 4565 1978 4617 pro

2115 4544 2194 4610 τῷ
2232 4540 2516 4612 βούλεσθαι
2548 4540 2637 4593 καὶ
2676 4538 2801 4600 τοὺς
2843 4537 2948 4608 ἤδη
3001 4541 3062 4594 τὸ
3114 4546 3269 4594 Θεῖον
3316 4542 3435 4595 κατ’
3475 4538 3752 4612 ἐπίγνωσιν

301 4637 544 4692 terviam
595 4636 890 4702 extendat,
925 4647 986 4691 ut
1036 4653 1145 4692 non
1198 4637 1423 4691 dubitet
1453 4638 1646 4692 conari
1705 4654 1804 4693 eos
1849 4639 2009 4708 ipsos

303 4725 573 4792 dejicere,
625 4727 723 4797 qui
780 4725 926 4780 211
994 4726 1254 4780 divinum
1305 4726 1531 4780 Numen
1562 4727 1617 4780 in
1680 4725 2010 4795 cognitione

304 4814 565 4867 veritatis
606 4816 957 4882 possideant.
991 4816 1060 4871 Ut
1119 4818 1262 4872 adeo
1320 4833 1796 4887 unumquemque
1834 4833 2012 4884 opor-

309 4905 428 4955 teat
457 4915 554 4956 cor
584 4917 752 4955 suum
781 4905 946 4956 omni
982 4907 1240 4959 custodia
1273 4921 1537 4970 servare;
1583 4906 1946 4975 multamque
1977 4921 2010 4959 a

316 4993 426 5043 Deo
451 4989 807 5055 prudentiam
845 5008 1095 5058 poscere,
1131 4999 1191 5046 ut
1222 4994 1319 5047 det
1373 4994 1540 5048 nobis
1583 4994 2011 5064 deprehendere

313 5075 612 5133 diabolicae
647 5077 1024 5148 malignitatis
1053 5087 1230 5136 artes.
1269 5082 1658 5153 Praetereaque
1674 5082 2008 5149 exercitare,

309 5185 374 5225 ac
422 5166 591 5240 quasi
623 5167 918 5223 elaborare
953 5175 1199 5226 mentem
1243 5188 1309 5227 ac
1353 5172 1738 5244 cogitationes
1783 5180 2012 5226 nostras

307 5254 602 5312 elimando
662 5271 763 5326 per
819 5254 1182 5325 spiritualem
1242 5276 1440 5314 curam
1512 5259 1636 5314 sine
1712 5258 2008 5312 intermis-

308 5347 474 5402 sione
503 5345 794 5410 convenit,
828 5349 882 5400 et
913 5347 982 5400 ad
1023 5346 1114 5400 Dei
1150 5347 1504 5404 voluntatem
1529 5349 1800 5417 adaptare
1827 5348 2010 5415 ipsas;

2122 4627 2377 4696 ἀληθείας
2435 4622 2664 4702 ἔχοντας
2723 4635 3068 4701 κατενεγκεῖν.
3135 4631 3293 4684 Ὥστε
3338 4634 3478 4701 πασῃ
3542 4627 3760 4702 φυλακῇ

2117 4723 2300 4790 τηρεῖν
2360 4721 2457 4785 την
2515 4719 2703 4771 ἐαυτοῦ
2761 4716 2985 4789 καρδίαν
3037 4721 3172 4790 χρὴ,
3231 4719 3450 4790 πολλήν
3509 4740 3562 4774 τε
3621 4720 3764 4792 παρὰ

2119 4811 2253 4862 Θεοῦ
2282 4808 2382 4874 τὴν
2424 4807 2627 4860 σύνεσιν
2658 4805 2848 4872 αἰτεῖν,
2880 4808 2970 4860 ’ἰνα
3001 4804 3078 4879 δῷ
3109 4810 3245 4880 ἡμῖν
3282 4809 3377 4868 τὰς
3425 4815 3525 4876 τῆς
3573 4808 3760 4868 κακίας

2116 4893 2310 4968 τέχνας
2339 4900 2537 4970 ιρωρᾷν.
2576 4897 2921 4968 Ἐργαζεσθαι
2965 4894 3022 4950 δὲ
3069 4897 3158 4950 καὶ
3208 4897 3445 4952 ἐκπονεῖν
3493 4896 3587 4950 τὸν
3637 4902 3761 4952 νοῦν

2120 4983 2172 5037 ἐν
2223 4983 2426 5036 συνέσει
2471 4985 2558 5036 καὶ
2614 4988 2739 5045 τοὺς
2792 4983 3094 5057 λογισμοὺς
3147 4988 3410 5058 προσήκει
3471 4983 3760 5054 διηνεκῶς,

3667 5071 3764 5127 ουκ

2119 5161 2229 5217 ἔστι
2283 5161 2477 5214 τούτου
2538 5167 2721 5233 μεῖζον
2776 5159 2927 5236 ἔργον
3053 5163 3399 5236 τιμιώτερον.
3459 5163 3765 5234 Ἐξομολό·

2117 5271 2273 5322 γησις
2342 5251 2492 5324 γὰρ’
2562 5250 2738 5327 φησὶν
2807 5251 2895 5303 καὶ
2966 5251 3403 5325 μεγ²λοπρέπεια
3469 5253 3531 5305 τὸ
3598 5246 3763 5326 ἔργῡν

2121 5360 2305 5394 αυτου.

2119 5072 2204 5126 καί
2240 5073 2374 5142 πρὸς
2418 5077 2512 5125 τοῦ
2565 5077 2697 5127 Θεοῦ
2745 5073 2962 5144 θέλημα
3009 5073 3345 5147 καταρτίζειν
3395 5073 3591 5135 αύτούς
3622 5093 3634 5104 '

311 5450 424 5504 quo
447 5453 561 5493 non
597 5440 786 5508 majus
822 5453 923 5493 nec
958 5438 1247 5510 pretiosus
1279 5455 1424 5510 Opus
1451 5448 1556 5494 est.
1592 5439 1884 5509 Confessio,
1919 5437 2072 5493 enim
2106 5432 2204 5501 ait,
2235 5441 2286 5487 el
2316 5433 2725 5502 magniﬁcentia
2745 5448 2879 5503 opus
2907 5432 3024 5503 ejus
3055 5435 3121 5488 ιι.

384 5557 428 5592 ³⁴
459 5557 506 5612 ΙΙ
536 5563 660 5616 Cor.
719 5579 795 5629 x1,
844 5565 896 5617 ‘3.

974 5562 1017 5597 ³⁸
1067 5564 1226 5616 Prov.
1290 5579 1364 5626 ιν,
1422 5563 1510 5616 23.

319 5627 365 5661 ‘°
397 5631 463 5684 ll.
488 5629 612 5685 Cor.
649 5649 703 5699 x,
736 5627 789 5686 5.

1587 5562 1629 5596 3‘
1662 5563 1795 5632 Sep.
1833 5578 1870 5628 ι,
1901 5563 1954 5614 3.

869 5635 909 5668 ⁸⁸
943 5634 1154 5691 Psalm.
1187 5651 1276 5704 cx,
1312 5635 1363 5690 3.

2031 5559 2072 5594 ³⁷
2106 5561 2280 5627 Apoc.
2318 5574 2371 5626 x,
2404 5559 2490 5613 ‘22.

2568 5559 2612 5593 ³⁸
2643 5561 2664 5615 Ι
2697 5559 2820 5614 Cor.
2883 5575 2960 5625 ix,
3018 5560 3105 5612 22.
3184 5559 3228 5594 ³³
3262 5560 3311 5615 ΙΙ
3342 5560 3468 5616 Cor.
3534 5574 3612 5625 χι,
3648 5560 3738 5614 14.
