4076 6280
335 408 448 468 941

1421 409 1651 472 LIBER
1699 412 1796 470 DE
1844 408 2284 471 LIBERTATE
2328 409 2635 470 MENTIS.

3685 413 3801 471 942

413 542 491 599 ῐ]’.
527 543 602 612 Τῇ
650 540 892 620 φιλοθέῳ
943 543 1120 616 ψυχῇ,
1172 539 1267 595 κᾶν
1318 540 1487 595 πάντα
1534 541 1600 595 τὰ
1644 540 1812 614 ἀγαθὰ
1859 540 1984 612 πρά-

2180 540 2331 597 VIII.
2381 541 2481 596 Dei
2526 540 2740 596 amanti
2794 541 3022 609 animm,
3073 548 3369 613 utcunque
3417 543 3615 598 omnia
3652 544 3801 598 bona

338 629 495 699 ξειεν,
550 629 701 684 οὐδὲν
753 632 938 704 ἑαυτῇ,
973 630 1117 685 ἀλλὰ
1160 636 1239 702 τῷ
1284 636 1399 701 Θεῴ
1438 628 1634 685 ἕκαστα
1678 630 1990 706 ἐπιγράφειν

337 718 478 780 ἔθος.
512 718 688 792 Ταύτῃ
733 740 817 773 τοι
881 722 966 774 καὶ
1022 720 1049 772 ὁ
1103 721 1233 782 Θεὸς
1274 718 1441 774 παλιν
1490 724 1557 792 τῇ
1611 721 1747 793 ὑγιεῖ
1792 718 1993 789 ταύτης

334 808 423 861 καὶ
478 808 615 882 ὀρθῇ
682 810 881 863 συνέσει
939 810 1029 862 καὶ
1088 811 1285 883 γνώσει
1344 809 1631 883 προσχὼν,
1687 807 1997 863 τούναντίον

334 893 510 969 ἐκείνῃ
546 900 718 951 πάντα
753 897 1032 972 λογίζεται
1066 918 1077 930 '
1111 897 1201 952 καὶ
1252 899 1327 960 ὡς
1376 898 1543 966 αὐτῆς
1589 896 1872 969 καμούσης
1903 910 1991 962 καὶ

335 987 464 1058 παρ’
496 986 691 1054 ἑαυτῆς
721 986 782 1040 τὸ
831 986 962 1040 ὅλον
998 985 1387 1062 ἐργασαμένης,
1419 988 1512 1048 τὰς
1546 984 1838 1045 ἀντιδόσεις
1868 985 1994 1040 ἐπι-

344 1080 528 1148 μετρεῖ
563 1096 575 1109 σ
606 1075 790 1130 καίτον
824 1073 977 1144 δόξαν
1021 1076 1169 1148 αὐτῷ
1218 1077 1353 1149 πρὸς
1407 1076 1582 1151 κρίσιν
1611 1076 1748 1148 ἡμῖν
1794 1074 1990 1145 ἐλθεῖν,

339 1164 490 1219 οὐδὲν
542 1168 676 1240 πρὸς
734 1166 993 1237 ἀλήθειαν
1050 1173 1129 1239 τῷ
1188 1169 1458 1241 ἀνθρώπῳ
1513 1166 1718 1223 δίκαιον
1776 1168 1994 1240 εὑρεθή-

340 1274 486 1309 σεται
530 1275 541 1287 °
579 1254 693 1311 ἐπεὶ
724 1258 815 1311 καὶ
846 1258 911 1311 τὰ
965 1259 1252 1331 χρήματα,
1286 1258 1373 1311 καὶ
1404 1258 1469 1311 τὰ
1515 1254 1776 1311 δοκοῦντα
1818 1256 1991 1309 πάντα

337 1344 491 1399 ταυτὶ
543 1345 738 1418 ἀγαθὰ,
797 1343 866 1400 δι’
925 1347 996 1400 ὢν
1044 1347 1134 1400 καὶ
1182 1349 1422 1401 εὐποιεῖν
1472 1342 1693 1407 ἕκαστος
1745 1343 1987 1414 δύναται,

337 1431 544 1488 ἐκείνου
575 1433 699 1503 εἶσὶ,
730 1441 797 1509 γῆ
832 1436 923 1489 καὶ
954 1444 1124 1490 πάντα
1163 1437 1230 1491 τὰ
1274 1434 1327 1489 ἐν
1374 1434 1509 1509 αὐτῇ
1544 1454 1557 1468 ·
1610 1436 1740 1489 αὐτὸ
1786 1434 1849 1488 τὸ
1888 1440 1989 1488 σῶ-

339 1543 437 1594 μα,
467 1524 557 1576 καὶ
588 1524 725 1591 αὐτὴ
758 1526 791 1592 ἡ
826 1526 976 1598 ψυχή
1015 1544 1027 1555 ·
1064 1525 1127 1578 οὐ
1164 1526 1269 1597 μὴν
1304 1523 1447 1579 ἀλλὰ
1478 1524 1565 1578 καὶ
1588 1525 1716 1578 αὐτὸ
1747 1523 1808 1577 τὸ
1830 1523 1983 1593 εἶναι,

338 1609 621 1685 ἅνθρωπος
654 1613 788 1666 κατὰ
818 1615 979 1688 χάριν
1013 1608 1149 1688 ἔχει.
1201 1614 1267 1670 Τί
1308 1615 1487 1668 τοίνυν
1538 1615 1688 1685 αὐτῷ
1743 1612 1985 1668 λείπεται

338 1698 501 1770 ἴδιον,
537 1701 615 1777 ἐφ’
648 1702 692 1773 ᾦ
722 1703 784 1755 τὸ
835 1701 1083 1771 οἷήθῆναι
1143 1703 1177 1772 ἢ
1230 1700 1586 1771 δικαιωθῆναι
1634 1704 1769 1756 κατά
1818 1700 1982 1775 λόγον

330 1786 436 1859 ἕξει
480 1812 493 1859 ;
528 1789 674 1859 πλὴν
708 1789 854 1845 ἀλλὰ
895 1793 1096 1860 ταύτην
1128 1794 1154 1846 ὁ
1198 1793 1328 1854 Θεὸς
1365 1792 1624 1867 μεγίστην
1676 1793 1725 1861 ἐξ
1776 1789 1982 1865 ἀνθρώ-

2103 629 2289 697 faciat,
2323 630 2471 684 nihil
2521 631 2653 696 sibi,
2687 631 2783 684 sed
2822 631 2931 685 Deo
2973 636 3185 686 cuncta
3210 631 3498 687 ascribere
3539 649 3664 687 mos
3695 641 3799 688 est.

2098 722 2168 772 At
2218 719 2375 774 Deus
2422 720 2680 774 vicissim
2724 737 2927 774 sanam
2987 723 3114 789 ejus
3145 726 3201 775 et
3254 728 3489 789 rectam,
3523 739 3655 776 cum
3695 724 3799 775 ad-

2102 812 2373 866 mistione
2431 812 2772 881 prudentiae,
2824 811 3121 865 scientiam
3178 816 3504 881 attendens,
3554 812 3613 868 in
3663 830 3795 867 con-

2100 899 2344 953 trarium
2381 900 2549 969 plane
2584 901 2819 954 modum
2871 899 3061 954 omnia
3094 900 3207 970 ipsi
3240 901 3518 971 imputat;
3553 918 3618 955 ac
3651 901 3796 955 velut

2098 988 2199 1043 illa
2228 989 2350 1042 sola
2384 990 2718 1056 laborasset,
2752 996 2809 1044 et
2838 990 2960 1044 suis
2994 991 3165 1043 unius
3196 992 3417 1044 Viribus
3451 994 3505 1044 in
3542 990 3793 1045 solidum

2099 1084 2307 1132 cuncta
2358 1080 2694 1149 peregisset,
2764 1081 2847 1134 sic
2914 1080 2965 1134 ei
3015 1080 3507 1134 remunerationes
3559 1080 3797 1134 admeti-

2100 1171 2213 1220 tur.
2266 1167 2568 1223 Enimvero
2616 1169 2664 1222 si
2714 1168 2828 1223 Deo
2870 1168 3094 1223 luberet
3124 1170 3311 1238 rigido
3361 1169 3664 1224 nobiscum
3695 1171 3794 1239 ju-

2099 1255 2251 1310 dicio
2294 1273 2480 1326 agere,
2539 1257 2686 1311 nihil
2730 1275 2967 1328 prorsus
3015 1259 3233 1312 homini
3281 1259 3351 1313 ab
3401 1274 3466 1311 eo
3518 1272 3648 1310 vere
3700 1258 3793 1310 de-

2099 1343 2287 1399 bitum
2364 1346 2715 1417 reperiretur
2796 1347 3272 1417 quandoquidem
3367 1346 3792 1416 possessiones,

2099 1436 2363 1503 pecunia,
2407 1441 2724 1503 cunctaque
2786 1436 2958 1506 hujus
2998 1437 3125 1491 vitis
3173 1436 3347 1500 bona,
3393 1451 3521 1505 quae
3585 1433 3797 1487 instru-

2099 1530 2288 1577 menta
2348 1525 2491 1579 bene
2536 1526 2812 1595 operandi
2860 1526 3025 1579 bonis
3072 1533 3227 1594 sunt,
3274 1525 3332 1578 in
3366 1524 3612 1578 solidum
3666 1524 3794 1591 ejus

2097 1613 2351 1667 dominio
2390 1615 2712 1684 subjacent.
2768 1616 3003 1669 Terram
3054 1619 3111 1669 et
3169 1614 3432 1668 universa
3497 1629 3626 1683 quae
3695 1610 3794 1665 illa

2093 1701 2200 1755 fert
2262 1708 2363 1757 aut
2410 1704 2689 1770 continet;
2749 1705 2942 1775 ipsum
2997 1720 3227 1772 corpus,
3260 1703 3449 1773 ipsam
3510 1702 3789 1765 animam,

2093 1794 2190 1846 sed
2222 1799 2277 1846 et
2321 1793 2513 1862 ipsum
2566 1810 2716 1857 esse,
2767 1794 2940 1849 homo
2988 1811 3089 1865 per
3136 1794 3384 1865 gratiam
3423 1793 3609 1847 habet.
3646 1792 3790 1855 QUId

332 1900 446 1932 πων
483 1877 701 1953 δέχεται
748 1879 933 1953 χάριν,
992 1881 1082 1933 καὶ
1142 1880 1304 1934 τοῦτο
1356 1886 1466 1934 τῶν
1528 1880 1981 1959 προσφερομένων

333 1966 348 1984 ς
427 1968 437 1984 ,
601 1970 612 1982 .
800 1968 810 1984 .
1101 1969 1114 1984 ς
1214 1972 1225 1984 .
1309 1974 1319 1984 .
1426 1972 1439 1984 .
1583 1971 1651 1984 ς-
1730 1969 1740 1984 ς
1924 1974 1949 1984 η.

2164 1882 2274 1933 itur
2322 1882 2430 1953 ipsi
2473 1884 2820 1954 relinQuilur
2863 1886 3187 1953 proprium,
3270 1884 3423 1936 unde
3495 1883 3678 1952 possit
3731 1880 3791 1933 in

329 1966 517 2041 ἐκείνῳ
560 1970 622 2022 τὸ
659 1968 1034 2042 χαριέστατον,
1062 1969 1124 2023 τὸ
1168 1972 1266 2037 τὴν
1297 1972 1480 2045 ψυχήν
1513 1971 1693 2029 καλῶς
1726 1969 1981 2043 ἐπιγνοῦ-

331 2079 425 2111 σαν
468 2059 617 2119 ὅπως
650 2056 768 2131 ἔχει
800 2058 865 2112 τὰ
895 2057 1042 2125 ὄντα,
1077 2059 1250 2112 πάντα
1282 2060 1483 2134 ὅσαπερ
1530 2058 1588 2113 ἃν
1644 2057 1777 2131 ποιῇ
1808 2058 1981 2131 ἀγαθὰ

328 2146 418 2201 καὶ
451 2146 549 2200 ὅσα
584 2147 777 2219 κάμνει
838 2144 926 2199 διὰ
976 2148 1129 2215 Θεὸν,
1182 2147 1279 2201 ὅσα
1335 2169 1394 2201 τε
1442 2148 1655 2217 συνίησι
1694 2148 1782 2201 καὶ
1824 2148 1981 2219 γινώ-

330 2258 467 2305 σκει,
523 2237 668 2309 αὐτῷ
723 2236 1049 2310 λογίζεσθαι,
1108 2238 1196 2291 καὶ
1251 2236 1397 2308 αὐτῷ
1456 2238 1518 2291 τὸ
1578 2236 1791 2310 σύμπαν
1852 2234 1977 2288 ἀνα-

328 2326 554 2383 τιθέναι.

2095 1971 2505 2026 conﬁdentiam
2558 1973 2767 2041 inﬂari,
2824 1979 2924 2027 aut
2968 1989 3129 2044 spem
3168 1974 3469 2039 concipere
3523 1987 3653 2024 vera
3698 1987 3789 2023 ra-

2093 2063 2248 2115 tione
2297 2063 2486 2115 nixam
2537 2064 2834 2117 obtinendi
2895 2064 3155 2116 districto
3197 2063 3417 2131 judicio
3449 2059 3615 2131 quasi
3658 2060 3790 2129 jure

2092 2151 2202 2204 sibi
2243 2152 2507 2206 debitum
2570 2152 2919 2223 quidpiam?
2951 2154 3226 2206 Caeterum
3281 2152 3430 2205 hanc
3472 2150 3787 2203 maximam

2091 2254 2157 2293 ex
2191 2239 2527 2294 hominibus
2560 2241 2714 2296 Deus
2764 2242 3006 2311 percipit
3054 2241 3337 2312 gratiam;
3371 2246 3429 2293 et
3476 2240 3579 2291 hoc
3613 2254 3680 2291 ex
3720 2239 3791 2291 iis

2087 2344 2216 2398 quae
2262 2328 2371 2397 ipsi
2415 2330 2740 2385 offeruntur
2811 2347 2991 2386 unum
3059 2332 3227 2401 longe
3293 2327 3789 2397 jucundissimum

334 2419 575 2483 accidit;
634 2419 825 2473 anima
856 2434 971 2477 res.
1018 2420 1099 2474 uti
1151 2436 1211 2475 se
1251 2435 1381 2474 vere
1423 2419 1656 2484 habent,
1699 2420 2008 2488 agnoscat;
2040 2421 2097 2471 et
2135 2435 2497 2489 quaecunque
2534 2421 2669 2474 facit
2703 2421 2872 2487 bona,
2915 2435 3275 2491 quaecunque
3338 2424 3570 2489 propter
3605 2418 3779 2471 Deum

336 2509 488 2563 mala
522 2506 743 2573 tolerat,
768 2524 1131 2577 quaecunque
1163 2508 1435 2578 intelligit
1462 2517 1517 2563 et
1546 2510 1743 2573 sentit,
1775 2507 2020 2575 imputet
2051 2523 2323 2577 supremo
2349 2510 2630 2580 largitori,
2665 2515 2720 2564 et
2753 2510 2852 2564 uni
2877 2510 2927 2563 ei
2950 2516 3183 2579 accepta
3205 2510 3433 2563 referat.

403 2596 475 2650 Θ”.
510 2597 713 2668 ’Ὠσπερ
754 2597 977 2670 Ἰσραὴλ
1029 2594 1134 2660 ἕως
1175 2598 1268 2669 μὲν
1330 2597 1630 2671 εὐαρέστως
1672 2596 1783 2670 εἶχε
1839 2594 1973 2668 πρὸς

333 2686 426 2741 τὸν
494 2686 789 2755 Δεσπότην,
843 2685 1083 2761 καίτοιγε
1145 2684 1404 2741 οὐδέποτε
1465 2688 1557 2759 μὲν
1614 2686 1686 2747 ὡς
1755 2685 1970 2758 ἐχρῆν·

331 2771 477 2841 πλὴν
512 2772 637 2827 ἀλλ’
669 2773 759 2827 οάν
789 2771 894 2835 ἕως
926 2771 1104 2827 ἐδόκει
1137 2774 1265 2850 ὑγιῆ
1288 2795 1408 2829 τινα
1437 2778 1621 2834 ποσῶς
1652 2774 1786 2845 πρὸς
1812 2771 1975 2825 αὐτὸν

331 2859 477 2937 ἔχειν
532 2865 631 2931 τήν
698 2864 901 2929 πίστιν,
961 2862 1157 2924 στύλος
1199 2865 1367 2939 πυρὸς
1424 2865 1511 2919 καὶ
1560 2864 1755 2939 νεφέλη
1806 2861 1974 2916 αὐτοῦ

333 2957 660 3026 προηγεῖτο,
699 2952 943 3005 θάλασσα
991 2951 1047 3006 δὲ
1078 2953 1225 3024 αὐτῷ
1286 2955 1582 3028 ὑπεχώρει,
1614 2954 1702 3007 καὶ
1765 2952 1971 3025 μυρίων

333 3037 519 3093 ἄλλων
549 3038 785 3093 ἀπέλαυε
818 3042 1131 3111 θαυμασίων
1166 3061 1178 3074 ·
1215 3044 1378 3097 ὁπότε
1428 3042 1483 3096 δὲ
1530 3050 1626 3110 τῆς
1676 3044 1808 3115 πρὸς
1854 3041 1979 3094 Θεὸν

334 3126 546 3187 εὐνοίας
578 3127 862 3206 ἀφίστατο,
894 3131 1018 3183 τότε
1056 3130 1146 3183 καὶ
1192 3136 1309 3191 τοῖς
1360 3131 1580 3205 ἐχθροῖς
1628 3128 1973 3202 παρεδίδοτο,

331 3217 420 3271 καὶ
464 3213 737 3279 δουλείαις
768 3222 989 3288 πικραῖς
1037 3218 1438 3293 κατειργάζετο,
1486 3218 1644 3275 Οὕτω
1707 3239 1800 3290 μοι
1866 3218 1974 3271 νόει

337 3304 426 3361 καὶ
466 3305 553 3359 ἐπὶ
584 3313 684 3375 τῆς
716 3309 901 3380 ψυχῆς
935 3325 947 3337 ·
992 3306 1026 3374 ἢ
1062 3306 1149 3360 διὰ
1196 3314 1296 3376 τῆς
1328 3308 1554 3381 χάριτος
1596 3308 1686 3361 τὸν
1726 3308 1853 3363 Θεὸν
1886 3306 1981 3360 ἐπ-

339 3398 502 3470 έγνω,
533 3394 623 3448 καὶ
654 3395 760 3449 ἀπὸ
794 3394 976 3469 ῥύπων
1033 3396 1128 3468 μὲν
1178 3395 1447 3471 ἐκαθάρθη
1481 3394 1709 3451 πολλῶν
1739 3396 1801 3450 τὸ
1850 3396 1981 3469 πρό-

337 3503 513 3558 τερον,
574 3483 689 3539 εἶτα
744 3485 833 3537 καὶ
887 3486 1131 3559 χαρίτων
1188 3485 1315 3559 ἁγία
1383 3485 1588 3559 γέγονε,
1654 3487 1753 3553 τὴν
1812 3506 1984 3558 προσ-

339 3575 574 3643 ήκουσαν
606 3570 661 3627 δὲ
693 3574 753 3627 οὐ
788 3574 1065 3647 φυλάξασα
1097 3576 1175 3646 τῷ
1207 3574 1445 3650 οὐρανίῳ
1486 3572 1635 3642 ἀνδρὶ
1673 3575 1759 3629 διὰ
1789 3574 1982 3637 τέλους

340 3658 571 3730 εὔνοιαν,
616 3661 824 3732 ἐξέπεσε
851 3670 951 3731 τῆς
993 3668 1141 3733 ζωῆς
1180 3666 1247 3733 ἧς
1300 3664 1536 3739 μέτοχος
1586 3663 1834 3740 ἐγεγόνει.
1884 3673 1982 3720 Δυ-

339 3751 505 3805 πατὸν
536 3750 637 3824 γὰρ
678 3755 759 3823 τῷ
805 3744 1159 3825 ἀντικειμένῴ
1200 3753 1291 3807 καὶ
1340 3758 1446 3807 τῶν
1512 3752 1586 3815 εἷς
1642 3755 1709 3807 τὰ
1764 3758 1985 3809 τοιαῦτα

340 3839 653 3917 φθασάντων
714 3842 1124 3914 κατεπαίρεσθαι
1206 3843 1391 3917 μέτρα.
1455 3844 1614 3896 Ὥστε
1663 3843 1984 3917 ἀγωνιστέον

341 3927 515 3995 ὁπόση
586 3924 835 3999 δύναμις,
895 3929 985 3981 καὶ
1062 3928 1193 4001 μετὰ
1249 3925 1421 4003 φόϐου
1479 3928 1569 3983 καὶ
1617 3929 1826 4003 τρόμου
1884 3935 1983 4002 τῇς

341 4014 542 4068 ἑαυτῶν
601 4019 749 4083 ζωῆς
804 4015 1187 4088 ἐπιμελητέον,
1243 4015 1482 4089 μάλιστα
1536 4022 1653 4078 τοῖς
1712 4018 1832 4072 ὅσοι
1888 4024 1985 4073 τοῦ

343 4101 654 4173 Πνεύματος
712 4106 807 4156 τοῦ
866 4109 1097 4178 Χριστοῦ
1171 4104 1419 4180 γεγόνασι
1500 4104 1752 4179 μέτοχοι,
1818 4112 1983 4161 τοῦτο

347 4189 486 4265 μηδέ
547 4193 738 4265 μικρὸν
798 4192 833 4260 ἢ
898 4191 1035 4267 μέγα
1091 4190 1161 4246 δι’
1208 4193 1508 4269 ὀλιγωρίαν
1562 4196 1875 4265 ποιεῖν,καὶ
1918 4193 1984 4250 δι’

342 4280 471 4335 αὐτὸ
514 4280 677 4335 τοῦτο
726 4284 822 4335 τοῦ
868 4280 1068 4355 Κυρίου
1100 4285 1319 4353 Πνεῦμα
1378 4280 1589 4338 λυπεῖν.
1641 4286 1842 4357 Ὥσπερ
1883 4285 1985 4359 γὰρ

345 4370 497 4445 Χαρὰ
535 4371 741 4445 γίνεται
781 4370 833 4424 ἐν
865 4375 942 4441 τῷ
972 4370 1201 4444 οὐρανῷ,
1241 4372 1376 4425 καθά
1411 4393 1572 4445 φησιν
1614 4374 1648 4442 ἡ
1700 4372 1984 4443 Ἀλήθεια,

344 4459 431 4515 ἐπὶ
487 4458 562 4515 ἐνὶ
637 4459 950 4533 ἁμαρτωλῷ
1011 4465 1359 4534 μετανοοῦντι
1413 4481 1426 4494 ο
1491 4458 1632 4515 οὕτω
1688 4463 1777 4514 καὶ
1837 4461 1984 4533 λύπη

2158 2596 2244 2652 1X.
2299 2599 2461 2653 Sicut
2532 2601 2844 2668 lsraelitas,
2892 2602 3075 2668 quoad
3129 2599 3363 2670 quidem
3414 2598 3486 2653 ad
3556 2593 3786 2650 Domini

2086 2685 2513 2756 beneplacitum
2548 2707 2607 2744 se
2646 2691 3088 2745 conformarnnt
3126 2690 3254 2759 (etsi
3283 2703 3577 2757 nunquam
3613 2687 3670 2740 id
3702 2685 3783 2739 illi

2085 2790 2153 2829 ea
2182 2793 2296 2845 qua
2325 2784 2658 2848 oportuerat
2694 2779 2998 2850 diligentia
3031 2781 3331 2847 fecerunt).
3366 2794 3562 2832 verum
3597 2793 3784 2846 quau-

2084 2865 2183 2919 diu
2217 2867 2416 2921 saltem
2452 2869 2506 2921 in
2542 2871 2791 2937 speciem
2844 2886 2982 2923 sana
3013 2869 3071 2922 in
3104 2885 3237 2923 eum
3274 2868 3383 2921 fide
3417 2883 3478 2920 se
3522 2866 3787 2935 praeditos

2088 2960 2385 3027 utcunque
2432 2958 2725 3026 operando
2773 2965 3189 3018 monstrarunt,
3232 2955 3497 3010 columna
3549 2955 3701 3023 ignis
3732 2958 3789 3007 et

2090 3044 2271 3097 nubes
2322 3046 2581 3113 praeibat,
2658 3062 2817 3099 mare
2876 3052 3069 3099 autem
3128 3046 3196 3097 iis
3244 3045 3391 3098 dans
3446 3044 3787 3097 transituris

2089 3128 2240 3183 viam
2292 3133 2621 3198 recedebat;
2673 3133 2903 3203 ipsique
2952 3132 3395 3200 innumerisque
3446 3131 3574 3184 aliis
3603 3129 3788 3196 adiuti

2094 3220 2257 3273 miris
2288 3222 2561 3289 operibus
2595 3222 2783 3287 fuere;
2819 3223 3051 3291 quando
3083 3226 3270 3274 autem
3305 3237 3337 3276 a
3371 3219 3643 3273 fidelitate
3676 3218 3791 3273 Deo

2090 3308 2285 3361 debita
2330 3308 2685 3378 defecerunt,
2741 3314 2883 3363 tunc
2930 3315 2985 3362 et
3016 3308 3282 3362 hostibus
3332 3314 3469 3361 sunt
3498 3306 3701 3374 dediti,
3735 3312 3792 3361 et

2092 3396 2236 3452 diris
2268 3399 2646 3453 servitutibus
2697 3400 2878 3453 attriti
2930 3402 3088 3453 sunt.
3122 3397 3217 3451 Sic
3256 3402 3312 3451 et
3351 3402 3413 3450 tu
3467 3406 3687 3466 reputa,
3721 3396 3793 3451 si-

2092 3486 2254 3541 milia
2330 3487 2661 3558 contingere
2716 3487 2941 3554 animae,
3005 3496 3305 3558 postquam
3378 3502 3478 3556 per
3547 3486 3790 3555 gratiam

2094 3579 2272 3628 Deum
2315 3582 2653 3645 agnoverat;
2706 3582 3015 3647 postquam
3063 3592 3096 3629 a
3142 3575 3341 3630 multis
3385 3592 3483 3645 per
3513 3590 3641 3629 eum
3675 3592 3793 3629 sor-

2093 3665 2264 3720 dibus
2324 3666 2506 3719 fuerat
2544 3665 2759 3732 abluta,
2815 3665 3131 3737 gratiisque
3182 3673 3452 3735 praeterea
3490 3673 3789 3729 exornata;

2095 3767 2230 3806 cum
2291 3750 2457 3805 ﬁdem
2517 3752 2978 3822 charitatemque
3040 3757 3121 3806 tot
3186 3751 3521 3806 nominibus
3569 3750 3792 3803 debitas

2094 3840 2311 3895 ccelesti
2362 3856 2467 3894 suo
2506 3857 2719 3911 sponso
2769 3840 2842 3893 ad
2886 3846 3209 3893 extremum
3280 3856 3393 3893 non
3445 3838 3792 3908 praestiterit,

2095 3939 2157 3985 ut
2187 3930 2410 3983 excidat
2441 3929 2575 3994 vita,
2613 3929 2779 3997 cujus
2813 3931 3099 3999 particeps
3126 3933 3251 3982 erat
3279 3927 3497 3982 effecta.
3528 3928 3604 3982 Eo
3636 3929 3792 3980 enim

2096 4033 2283 4086 usque
2317 4018 2503 4084 potest
2530 4015 2615 4068 vis
2637 4014 2886 4069 exitialis
2908 4020 3130 4069 Satanae
3157 4015 3499 4084 pertingere,
3527 4019 3588 4067 ut
3618 4015 3792 4068 etiam

2095 4120 2193 4159 eos
2226 4102 2476 4171 dejiciat,
2529 4103 2625 4173 qui
2659 4102 2732 4157 ad
2780 4107 2899 4156 tam
2933 4102 3243 4157 sublimem
3276 4101 3455 4155 istum
3490 4102 3795 4171 dignitatis

2096 4194 2485 4248 ascenderunt
2533 4193 2778 4263 apicem.
2827 4194 3101 4259 Quocirca
3158 4193 3628 4246 contendendum
3676 4196 3795 4245 tota

2096 4286 2305 4339 virtute
2351 4288 2459 4351 est,
2508 4289 2570 4337 ut
2617 4299 2751 4337 cum
2809 4283 3015 4338 timore
3064 4286 3119 4336 et
3169 4290 3413 4335 tremore
3461 4279 3796 4349 invigiletur

2097 4374 2499 4430 conservandae
2549 4372 2837 4444 spirituali
2889 4372 3048 4437 vitae;
3108 4372 3181 4426 iis
3232 4371 3498 4436 maxime,
3540 4371 3635 4440 qui
3667 4370 3794 4437 Spi-

2099 4466 2245 4519 ritus
2290 4462 2505 4517 Christi
2563 4462 2873 4532 participes
2920 4466 3055 4515 sunt
3103 4461 3259 4515 facti.
3312 4461 3497 4524 Quam
3556 4461 3627 4515 ad
3680 4475 3796 4513 rem

343 4549 506 4604 πάλιν
542 4548 628 4602 ἐπὶ
684 4554 781 4621 μιᾷ
829 4552 982 4624 ψυχῆ
1026 4556 1124 4617 τῆς
1175 4549 1397 4604 αἰωνίου
1445 4556 1588 4620 ζωῆς
1622 4552 1979 4626 ἐκπιπτούσῃ.

2164 4553 2422 4607 .vendum
2476 4550 2785 4619 diligenter
2831 4555 2940 4618 est,
2991 4566 3061 4605 ne
3110 4549 3246 4621 quid
3302 4550 3372 4603 ab
3440 4549 3512 4602 iis
3557 4563 3796 4616 parvum

342 4647 442 4696 aut
495 4658 772 4712 magnum
823 4642 1140 4698 oscitanter
1190 4643 1315 4708 ﬁat,
1362 4646 1513 4699 unde
1563 4645 1858 4713 contingat
1889 4644 2122 4700 Domini
2181 4642 2461 4713 Spiritum
2517 4641 2866 4695 contristari.
2913 4640 3405 4703 Quemadmodum
3441 4640 3595 4694 enim
3654 4637 3799 4691 Gau-

339 4730 492 4784 dium
552 4738 631 4785 est
679 4733 736 4785 in
786 4736 937 4799 caelo,
997 4738 1059 4788 at
1101 4735 1321 4790 Veritas
1384 4739 1648 4801 testatur,
1705 4750 1867 4805 super
1931 4752 2040 4791 uno
2110 4738 2395 4806 peccatore
2447 4734 2827 4803 panitentiam
2897 4737 3089 4801 agente
3158 4730 3259 4793 ‘9;
3325 4728 3407 4784 sic
3473 4732 3530 4782 et
3586 4742 3800 4780 mceror

344 4817 596 4873 vicissim
629 4837 803 4890 super
824 4840 940 4878 una
971 4825 1167 4879 anima
1197 4826 1493 4880 excidente
1541 4827 1612 4879 ab
1644 4831 1859 4880 aeterna
1889 4827 2024 4881 vita.

416 4912 473 4963 l'.
511 4907 669 4960 Ὃταν
737 4912 889 4983 ψυχὴ
924 4918 1024 4980 τῆς
1072 4912 1298 4986 χάριτος
1347 4914 1682 4987 καταξιωθῇ,
1738 4916 1860 4969 τότε
1919 4912 1985 4984 δὴ

344 4994 434 5050 καὶ
493 4998 744 5070 χρήσιμα
792 5000 959 5073 ταύτῃ
1038 5001 1276 5073 μάλιστα
1330 5007 1550 5078 γνῶσις,
1610 5002 1836 5075 σύνεσις,
1897 5003 1986 5057 καὶ

348 5082 613 5157 διάκρισις
650 5104 663 5117 °
698 5086 833 5159 ἅπερ
864 5092 993 5161 γοῦν
1026 5091 1116 5143 καὶ
1149 5090 1283 5145 αὐτὰ
1331 5094 1458 5152 Θεὸς
1510 5090 1729 5147 δίδωσιν
1780 5091 1990 5161 ἐκείνης

347 5173 630 5245 αἰτούσης,
700 5173 837 5229 ὥστε
908 5176 1203 5250 εὐαρέστως
1280 5180 1444 5250 αὐτὴν
1525 5179 1843 5250 διακονῆσαι
1911 5187 1989 5254 τῷ

348 5264 646 5336 Πνεύματι,
679 5264 707 5317 ὃ
748 5263 835 5318 καὶ
880 5266 1191 5336 κατηξιώθη
1235 5263 1440 5337 λαϐεῖν,
1497 5272 1571 5343 μὴ
1605 5271 1990 5343 ξκλεπτομένην

345 5353 448 5407 ὕπὸ
496 5352 707 5419 κακίας,
763 5353 838 5425 μὴ
892 5352 1278 5430 σκραλλομένην
1332 5354 1399 5410 δι’
1449 5358 1732 5432 ἂγνωσίαν,
1789 5361 1862 5431 μὴ
1913 5363 1991 5430 τῷ

346 5439 567 5510 ἀμελεῖν
619 5442 705 5497 καὶ
757 5438 979 5517 ἀφόϐως
1028 5447 1121 5517 ζῇν
1170 5448 1673 5521 παρατρεπομένην,
1714 5447 1803 5502 καὶ
1844 5451 1986 5525 παρᾶ

343 5530 405 5583 τὸ
437 5533 760 5587 Δεσποτικόν
792 5553 845 5587 τι
876 5530 1341 5610 διαπραττομένην
1375 5534 1612 5609 θέλημα.

361 5711 406 5747 ⁸³
434 5709 572 5770 Luc.
602 5727 692 5785 xv,
728 5714 815 5773 10.

2171 4915 2232 4969 X.
2284 4913 2525 4977 Quando
2575 4913 2771 4983 gratiae
2817 4911 3213 4984 dignationem
3253 4908 3541 4980 acceperit
3580 4908 3794 4976 anima,

2097 5005 2237 5056 tunc
2280 5001 2332 5055 ei
2373 5004 2624 5056 maxime
2660 5001 2831 5055 utiles
2876 5007 3015 5055 sunt
3065 5000 3330 5063 scientia,
3387 4996 3693 5067 prudentia
3742 4998 3799 5049 et

2096 5090 2397 5158 discretio;
2432 5107 2578 5160 quas
2626 5094 2928 5160 propterea
2985 5089 3107 5159 ipas
3140 5104 3231 5142 res
3282 5088 3430 5142 Deus
3474 5084 3580 5151 illi,
3621 5086 3793 5139 dum-

2097 5181 2269 5235 modo
2320 5179 2592 5251 postulet,
2653 5180 2910 5245 largitur,
2984 5184 3049 5234 ut
3096 5179 3165 5232 ad
3213 5177 3642 5248 beneplacitum
3698 5188 3797 5244 per

2097 5269 2201 5324 has
2245 5269 2423 5339 possit
2452 5269 2662 5323 servire
2703 5268 2965 5339 Spiritui,
3017 5269 3170 5339 quod
3215 5277 3275 5322 ut
3306 5268 3536 5325 faceret.
3572 5270 3662 5317 est
3710 5261 3797 5315 illi

2096 5375 2197 5429 per
2244 5359 2493 5429 gratiam
2532 5358 2856 5426 indultum;
2904 5358 2960 5413 in
3018 5373 3133 5428 quo
3183 5373 3380 5411 cavere
3411 5352 3652 5409 sollicite
3694 5350 3798 5405 de-

2095 5448 2213 5513 bet,
2248 5448 2401 5503 212
2434 5463 2505 5503 ne
2536 5447 2617 5503 illi
2649 5449 2929 5521 subrepat
2978 5448 3261 5502 insidians
3311 5446 3508 5498 innata
3547 5440 3795 5507 malitia,

2097 5556 2168 5597 ne
2212 5539 2446 5597 labatur
2489 5556 2589 5613 per
2631 5542 3057 5614 ignorantiam;
3094 5554 3163 5595 ne
3211 5536 3450 5606 idcirco,
3493 5532 3643 5603 quod
3694 5546 3795 5588 ne-
