4076 6280
326 342 446 403 943
1685 339 1744 398 S.

1799 341 2123 400 MACARII
2169 337 2501 396 z’EfiYP'l‘ll

3671 331 3800 389 944

329 475 614 548 gligcnter
662 476 719 528 et
775 472 900 530 sine
944 471 1154 529 timore
1212 472 1384 541 vivat,
1450 476 1810 544 pervertatur
1883 474 1954 530 ad
1997 471 2219 542 aliquid
2287 469 2599 542 agendum,
2673 465 2823 538 quod
2862 465 3092 522 Domini
3141 463 3426 520 voluntati
3492 479 3606 520 non
3656 479 3800 520 con-

333 570 524 638 gruat.

399 655 472 712 Xl
504 656 666 712 Sicut
691 655 942 725 Operatio
983 654 1315 724 affectuum,
1361 671 1486 726 quae
1527 659 1615 710 est
1654 656 1896 728 spiritus
1945 671 2032 710 er-
2067 658 2119 724 Α

331 747 498 814 roris,
551 747 917 800 tenebrarum
982 753 1035 798 et
1097 743 1313 815 peccati
1365 746 1650 800 mundum
1699 745 1858 802 hunc
1905 745 2031 799 ani-

331 852 518 905 mans,
571 837 628 890 in
679 852 746 890 eo
793 833 1157 889 domicilium
1206 834 1430 889 obtinet
1487 835 1744 900 homine,
1776 838 1876 906 qui
1909 835 2032 905 ple-

327 942 440 980 nus
488 929 675 994 turget
739 922 971 978 dictatis
1026 924 1323 992 sapientiae
1360 925 1642 990 carnalis;
1691 926 1772 979 ita
1812 941 1842 979 e
1893 942 2032 979 con-

325 1011 522 1079 trario,
573 1011 658 1067 vis
707 1017 762 1066 et
800 1010 1057 1082 operatio
1101 1012 1276 1066 lucidi
1361 1012 1616 1082 Spiritus
1674 1013 1733 1067 in
1796 1013 2034 1068 homine

323 1101 685 1157 sanctilicato
748 1099 976 1155 habitat
1019 1117 1034 1167 ;
1071 1101 1242 1170 juxta
1291 1100 1578 1155 dicentem
1624 1118 1636 1155 :
1688 1103 1769 1156 An
1811 1102 2029 1168 experi-

318 1196 567 1244 mentum
597 1189 844 1260 quzeritis
881 1189 1020 1258 ejus,
1054 1188 1152 1260 qui
1204 1191 1261 1242 in
1303 1204 1388 1243 me
1418 1189 1685 1261 loquitur,
1719 1190 1926 1245 Christi
1957 1190 2032 1244 ‘3?

319 1280 382 1334 Et
424 1295 668 1335 rursus:
724 1278 860 1333 Vivo
908 1289 1092 1333 autem
1134 1279 1255 1348 jam
1315 1295 1424 1332 non
1494 1295 1586 1349 ego
1637 1298 1654 1334 :
1705 1282 1843 1336 vivit
1907 1297 2032 1337 vero

321 1369 378 1420 in
412 1384 494 1422 me
526 1367 770 1422 Christus
799 1367 862 1419 “.
893 1367 961 1420 Et
990 1383 1002 1420 :
1060 1367 1378 1437 Quicunque
1402 1369 1457 1420 in
1492 1367 1707 1423 Christo
1763 1370 2033 1438 buptizati

320 1457 467 1520 estis,
517 1455 799 1510 Christum
844 1454 1102 1509 induistis
1142 1456 1207 1507 ιδ.
1247 1455 1316 1509 Et
1351 1456 1631 1510 Dominus
1683 1474 1696 1512 :
1747 1457 2030 1512 Veniemus

320 1561 420 1615 ego
449 1550 501 1599 et
530 1545 696 1598 Pater
728 1559 899 1610 meus,
923 1549 975 1597 et
1003 1543 1349 1599 mansionem
1378 1545 1522 1615 apud
1571 1561 1697 1600 eum
1743 1549 2028 1614 faciemus.

326 1640 454 1692 Hec
505 1652 620 1690 non
663 1637 931 1700 obscure,
986 1651 1172 1705 neque
1228 1637 1440 1704 otiose,
1472 1637 1575 1691 sed
1631 1637 1693 1693 in
1731 1638 1949 1693 virtute
1975 1643 2033 1694 et

323 1727 562 1781 veritate
611 1724 704 1789 iis,
745 1723 845 1796 qui
901 1725 1058 1796 digni
1095 1725 1405 1793 habentur,
1449 1725 1668 1782 insunt.—
1719 1727 1832 1782 Lex
1871 1728 2029 1782 enim

325 1816 486 1887 prius
531 1830 798 1870 sermone
827 1820 1061 1885 experte
1093 1816 1430 1870 substantiis
1463 1817 1791 1873 instruebat
1835 1817 2031 1873 homi-

319 1921 444 1968 nes,
475 1921 649 1976 grave
689 1904 834 1974 ipsis
883 1910 936 1958 et
1000 1905 1370 1975 importabile
1428 1906 1737 1977 imponens
1786 1909 2024 1980 jugum,

321 2003 369 2050 et
425 1993 652 2048 nullum
704 1993 898 2048 valens
941 1995 1228 2064 porrigere
1275 1995 1589 2062 auxilium;
1645 2013 1712 2051 ex
1751 2013 1817 2052 eo
1869 1999 2023 2068 quod

318 2101 431 2140 non
483 2089 682 2154 posset
752 2084 1022 2140 virtutem
1089 2085 1348 2154 Spiritus
1396 2087 1680 2141 conferre.
1731 2089 1894 2141 Sicut
1953 2088 2034 2143 ait

335 2175 586 2230 Paulus:
621 2173 756 2228 Nam
787 2174 927 2245 quod
965 2175 1303 2244 impossibile
1354 2179 1473 2229 erat
1511 2175 1640 2242 legi,
1693 2175 1754 2230 in
1803 2193 1907 2248 quo
1938 2180 2035 2231 in-

335 2264 660 2332 firmabatur
704 2280 801 2332 per
851 2280 1071 2318 carnem
1113 2263 1179 2331 ιτ,
1231 2269 1340 2319 etc.
1389 2265 1472 2319 Ab
1541 2269 1786 2320 adventu
1841 2272 2039 2323 autem

338 2352 553 2408 Christi
598 2353 812 2408 ostium
853 2354 1051 2424 gratia
1105 2353 1476 2408 credentibus
1510 2354 1567 2408 in
1608 2355 1850 2410 veritate
1880 2372 2036 2425 aper-

334 2447 453 2498 tum
497 2452 613 2512 est;
669 2443 885 2516 Deique
937 2446 1124 2500 virtus
1174 2449 1229 2501 et
1272 2446 1524 2515 operatio
1575 2445 1828 2517 Spiritus
1891 2446 2036 2518 ipsis

331 2533 754 2603 suppeditatur.

403 2704 524 2759 XII.
549 2704 862 2776 Postquam
897 2705 1186 2770 Christus,
1238 2708 1424 2778 prima
1452 2711 1508 2763 et
1540 2709 1824 2764 naturalis
1859 2710 2038 2764 honi-

335 2798 440 2860 tas,
493 2793 715 2847 donum
765 2793 1021 2862 Spiritus
1061 2794 1273 2850 divinis
1323 2796 1648 2850 transmisit
1680 2798 2033 2868 discipulis;

332 2882 536 2936 exinde
565 2882 939 2938 credentibus
971 2882 1165 2938 divine
1206 2883 1307 2939 illa
1338 2885 1521 2941 virtus
1559 2885 1949 2957 obumbrans,
1981 2892 2038 2944 et

331 2987 526 3026 eorum
559 2971 896 3027 inhabitans
929 2973 1178 3040 animas,
1231 2974 1500 3030 medetur
1539 2977 1774 3047 quidem
1819 2979 2034 3048 passio-

335 3061 505 3118 nibus
551 3064 793 3133 peccati,
841 3065 1097 3120 tenebris
1131 3074 1322 3121 autem
1364 3071 1421 3122 et
1467 3073 1651 3122 morte
1699 3068 1858 3140 ipsos
1889 3069 2036 3124 libe-

333 3160 438 3209 ral.
484 3153 736 3210 Eatenus
784 3155 1002 3226 quippe
1032 3161 1088 3212 et
1138 3156 1439 3211 vulnerata
1468 3163 1524 3213 et
1575 3175 1802 3214 carcere
1833 3158 2033 3214 clausa

327 3247 450 3296 erat
499 3245 711 3312 anima,
763 3249 819 3299 et
883 3245 1133 3316 caligine
1191 3249 1411 3316 peccati
1455 3247 1712 3318 undique
1771 3265 2030 3319 compre-

328 3329 532 3386 hensa.
567 3331 829 3402 Denique
862 3349 1016 3387 nunc
1055 3351 1289 3406 quoque
1337 3335 1528 3390 anima
1589 3337 1850 3391 nondum
1906 3353 2034 3408 gra-

2221 654 2325 709 IA'.
2357 654 2557 724 ’Ὠσπερ
2620 653 2653 718 ἡ
2695 648 2926 725 ἐνέργεια
2978 653 3084 704 τῶν
3138 650 3341 716 παθῶν,
3389 645 3523 722 ὅπερ
3570 646 3680 702 ἐστὶ
3733 647 3795 702 τὸ

2141 743 2433 818 ἐγκὸσμιον
2491 745 2700 812 πνεῦμα
2755 746 2857 808 τῆς
2917 739 3154 807 πλάνης,
3213 741 3309 792 τοῦ
3386 737 3616 799 σκότους
3691 745 3792 805 τῆς

2140 832 2427 905 ἁμαρτίας,
2481 832 2750 904 ἀνθρώπῳ
2797 828 3031 900 τοιούτῳ
3080 827 3137 882 ἃν
3190 826 3548 897 ἐνοικήσειεν,
3581 827 3641 887 ’ὀς
3673 824 3793 880 διά-

2140 920 2321 982 πλεώς
2354 921 2462 974 ἐστι
2497 921 2844 996 φρονήματος
2879 920 3137 992 σαρκικοῦ
3174 938 3184 948 ·
3219 916 3363 970 οὕτω
3398 914 3560 970 πάλιν
3584 918 3618 985 ἡ
3649 914 3792 988 ἐνέρ-

2139 1010 2257 1086 γειά
2285 1031 2341 1064 τε
2381 1010 2468 1064 καὶ
2503 1007 2728 1082 δύναμις
2759 1012 2854 1062 τοῦ
2905 1011 3170 1084 φωτεινοῦ
3220 1007 3530 1078 [Ινεύματος
3579 1005 3790 1078 ἀνθρώ-

2140 1120 2228 1172 πῳ
2272 1102 2350 1172 τῷ
2393 1100 2700 1173 ἀγιασθέντι
2746 1100 3074 1172 ἒγκατοικεῖ,
3106 1096 3242 1150 κατά
3289 1096 3381 1150 τὸν
3412 1095 3632 1150 εἰπόντα
3664 1114 3677 1127 ⁸
3729 1094 3786 1148 ΕΞ

2141 1187 2378 1260 δοκιμὴν
2441 1193 2649 1258 ζητεῖτε
2707 1191 2802 1239 τοῦ
2856 1185 2906 1240 ἐν
2964 1185 3091 1258 ἐμοῖ
3141 1182 3446 1246 λαλοῦντος
3504 1188 3788 1257 Χριστοῦς

2140 1278 2228 1332 καὶ
2271 1277 2421 1339 αῦθις
2457 1295 2468 1308 ·
2504 1282 2587 1332 Ζῶ
2621 1274 2676 1331 δὲ
2715 1277 2817 1331 ούκ
2846 1271 2921 1330 ἔτι
2973 1273 3104 1350 ἐγὼ,
3139 1279 3206 1347 ζῇ
3241 1272 3298 1329 δὲ
3349 1273 3401 1329 ἐν
3461 1273 3588 1346 ἐμοὶ
3647 1277 3786 1349 Χριι

2142 1366 2263 1428 στός
2308 1385 2320 1396 ·
2395 1367 2508 1433 καὶ,
2584 1367 2742 1422 "Osci
2820 1361 2876 1419 δὲ
2943 1363 3017 1425 εἰς
3095 1364 3324 1436 Χριστὸν
3405 1357 3788 1432 ἐϐαπτίσθητε,

2139 1459 2376 1530 Χριστνῖν
2445 1453 2757 1510 ἐνεδύσασθε
2798 1473 2811 1485 ·
2864 1454 2954 1506 καὶ
3013 1454 3040 1507 6
3096 1452 3298 1526 Κύριος
3352 1473 3364 1484 ο
3426 1449 3789 1523 Ἐλευσόμεθα

2140 1543 2248 1620 ἐγώ
2306 1565 2363 1597 τε
2419 1544 2508 1598 καὶ
2568 1545 2595 1597 6
2645 1545 2829 1616 Πατήρ
2891 1563 3018 1614 μου,
3072 1540 3164 1596 καὶ
3226 1543 3397 1614 μονὴν
3458 1541 3586 1615 παρ’
3638 1541 3786 1610 αὐτῷ

2138 1635 2468 1706 ποιήσομεν.
2528 1637 2702 1688 Ταῦτα
2771 1631 2869 1685 οὐκ
2925 1628 3170 1700 ἀδήλως,
3249 1627 3364 1685 οὐδ’
3451 1629 3786 1703 ἀνεργήτως,

2141 1721 2265 1777 αλλ’
2325 1721 2374 1776 ἐν
2429 1720 2651 1794 δυνάμει
2709 1721 2800 1776 καὶ
2869 1721 3101 1791 ἀληθείᾳ
3162 1725 3275 1781 τοῖς
3343 1718 3786 1790 καταξιουμένοις

2138 1812 2424 1886 ἐγγίνεται.
2477 1812 2539 1867 Ὁ
2592 1813 2683 1885 μὲν
2737 1811 2837 1886 γὰρ
2882 1811 3049 1882 νόμος
3088 1811 3150 1864 τὸ
3195 1809 3456 1884 πρότερον
3505 1807 3654 1884 λόγῳ
3691 1808 3780 1861 ἀν-

2137 1903 2424 1973 υποστᾶτῳ
2469 1900 2756 1978 ἐπέστρεφε
2810 1901 2936 1962 τοὺς
3001 1899 3344 1971 ἀνθρώπους,
3380 1899 3550 1971 βαρὺν
3601 1899 3780 1958 αὐτοῖς

2136 1993 2225 2046 καὶ
2285 1989 2621 2070 δυσφὸρητον
2679 1990 2938 2050 ἐπιτιθεὶς
2998 1990 3091 2044 τὸν
3143 1989 3326 2065 ζυγὸν,
3369 1986 3459 2041 καὶ
3514 1984 3780 2059 μηδεμίαν

2143 2078 2298 2143 ετδὼς
2331 2079 2537 2156 ὀρέγειν
2573 2081 2847 2154 βοήθειαν,
2879 2083 3037 2132 τοῦτο
3071 2076 3127 2132 δὲ
3157 2077 3301 2150 παρὰ
3338 2076 3400 2131 τὸ
3437 2078 3512 2149 μὴ
3547 2073 3784 2137 δυνατῶς

2143 2164 2287 2243 ἔχειν
2321 2171 2419 2237 τὴν
2460 2173 2555 2223 τοῦ
2607 2170 2914 2240 υνεύματος
2953 2165 3183 2240 δύναμιν
3218 2165 3477 2240 παρέχειν
3511 2184 3523 2196 ’
3556 2167 3625 2220 Τὸ
3683 2164 3782 2240 γὰρ

2142 2257 2427 2327 ἀδύνατον,
2469 2258 2599 2333 φησί
2648 2262 2744 2311 τοῦ
2791 2258 2960 2328 νόμου
3019 2256 3071 2310 ἐν
3131 2257 3176 2327 ᾧ
3235 2254 3451 2324 ἠσθένει
3516 2251 3603 2308 διὰ
3684 2262 3782 2323 τῆς

2142 2351 2357 2422 σαρκὸς,
2392 2347 2481 2400 καὶ
2539 2347 2680 2416 ἑξῆς.
2714 2347 2847 2402 Ἀπὸ
2907 2342 2962 2400 δὲ
3017 2352 3116 2413 τῆς
3179 2346 3410 2418 Χριστοῦ
3464 2347 3788 2416 παρουσίας,

2142 2440 2177 2506 ἡ
2211 2436 2346 2510 θύρα
2391 2443 2488 2506 τῆς
2543 2435 2768 2510 χάριτος
2808 2442 2923 2496 τοῖς
2975 2436 3022 2489 ἐν
3077 2434 3305 2506 ἀληθείᾳ
3363 2435 3674 2489 πιστεύσασι
3711 2431 3787 2488 δι-

2141 2527 2403 2601 ηνοίχθη,
2465 2523 2694 2599 δύναμίς
2750 2547 2807 2580 τε
2856 2529 2988 2579 Θεοῦ
3037 2525 3126 2579 καὶ
3184 2523 3415 2598 ἐνέργεια
3476 2525 3781 2597 Πνεύματος

2142 2615 2324 2678 αὐτοῖς
2359 2637 2429 2693 χο
2439 2621 2702 2691 ρηγεῖται.

2215 2708 2308 2763 ΙΒ’.
2371 2711 2636 2780 Χριστοῦ,
2691 2709 2790 2774 τῆς
2848 2706 3074 2781 πρώτης
3132 2703 3221 2760 καὶ
3300 2712 3526 2782 φυσικῆς
3594 2704 3782 2778 ἀγαθό-

2139 2817 2324 2866 τητος,
2357 2800 2453 2865 τὴν
2491 2794 2691 2869 δωρεὰν
2722 2800 2816 2850 τοῦ
2849 2795 3157 2869 Ηνεύματος
3189 2801 3305 2858 τοῖς
3351 2795 3504 2855 θείοις
3533 2791 3766 2864 διαπέμ-

2142 2891 2338 2960 ψαντος
2417 2889 2708 2960 μαθηταῖς,
2768 2885 2968 2941 ἐκεῖθεν
3045 2888 3207 2941 ἅπασι
3266 2893 3384 2948 τοῖς
3439 2906 3770 2940 πιστεύουσιν

2141 2979 2174 3046 ἡ
2227 2975 2342 3039 θεία
2383 2973 2610 3046 δύναμις
2663 2975 2835 3046 ἐκείνη
2893 2975 3298 3046 ἐπισκιάζουσα,
3339 2978 3430 3030 καὶ
3481 2981 3594 3036 ταῖς
3644 2972 3782 3028 ὲκεί-

2139 3086 2243 3118 νων
2293 3063 2683 3138 ἐγκατοικοῦσα
2731 3067 2955 3138 ψυχαῖς,
3006 3063 3121 3118 ἰᾶτο
3186 3065 3278 3138 μὲν
3332 3069 3437 3119 τῶν
3470 3066 3649 3118 παθών
3679 3071 3782 3133 τῆς

2139 3154 2427 3228 ἁμαρτίας,
2456 3158 2552 3208 τοῦ
2602 3153 2826 3215 σκότους
2871 3152 2928 3208 δὲ
2966 3154 3055 3208 καὶ
3102 3161 3203 3224 τῆς
3238 3157 3552 3230 νεκρώσεως
3591 3154 3785 3216 αὐτοὺς

2138 3243 2458 3313 ἀπήλλαττε
2490 3263 2501 3274 °
2544 3243 2634 3297 καὶ
2691 3244 2791 3318 γὰρ
2845 3243 3010 3318 μέχρι
3068 3246 3189 3300 τότε
3244 3245 3672 3319 τετραυμάτιστὸ
3731 3265 3792 3298 τε

2143 3334 2234 3387 καὶ
2268 3334 2637 3410 πεφυλάκιστο
2671 3335 2704 3401 ἡ
2738 3335 2888 3407 ψυχή
2941 3334 3027 3388 καὶ
3062 3338 3140 3404 τῷ
3189 3335 3340 3411 ζόφῳ
3371 3336 3468 3402 τῆς
3520 3333 3786 3408 ἁμαρτίας

335 3418 472 3472 tiam
506 3420 712 3474 sortita
735 3397 1168 3476 inhabitantem
1192 3397 1259 3478 in
1292 3440 1354 3477 se
1386 3424 1700 3480 Dominum
1741 3397 2032 3496 habenudi;

2147 3422 2385 3497 κάτοχος
2418 3421 2505 3490 ἦν.
2542 3421 2762 3493 Ἀμέλει
2821 3422 2906 3476 καὶ
2967 3427 3056 3476 νῦν
3117 3424 3270 3502 ψυχή
3324 3426 3494 3495 μήπω
3545 3424 3792 3477 σύνοικον

329 3520 434 3560 nec
457 3505 516 3560 in
551 3522 612 3560 se
647 3507 852 3562 intime
883 3509 1169 3563 sentiendi
1207 3511 1616 3568 informantem
1649 3515 2034 3570 animantem-

325 3607 431 3662 que
481 3609 628 3659 sese,
672 3610 739 3648 ac
788 3596 1019 3664 penitus
1070 3597 1472 3652 fecundantem
1504 3602 1663 3654 omni
1703 3603 2036 3673 Operatione

323 3682 595 3736 virtutem
627 3682 879 3752 Spiritus
929 3685 1130 3751 divini,
1167 3685 1224 3740 in
1256 3689 1512 3742 tenebris
1542 3688 1730 3744 adhuc
1761 3698 1872 3747 est.
1897 3693 2034 3758 Qui-

325 3770 436 3824 bus
469 3775 662 3825 autem
695 3771 874 3826 divini
908 3772 1163 3842 Spiritus
1195 3777 1530 3846 supervenit
1561 3781 1767 3850 gratia,
1803 3785 1860 3834 et
1901 3781 2037 3839 imis

323 3858 537 3913 mentis
582 3859 844 3929 ipsorum
890 3863 1284 3933 penetralibus
1335 3865 1582 3928 insedit;
1619 3868 1711 3922 his
1742 3887 1882 3925 sane
1925 3871 2031 3927 Do-

327 3951 523 4006 minus
573 3953 692 4009 vice
736 3956 944 4009 animis
993 3965 1098 4010 est.
1152 3957 1260 4024 Qui
1303 3961 1453 4013 enim
1491 3960 1732 4016 adhaeret
1764 3963 1883 4018 Deo
1920 3965 2034 4020 (di-

327 4041 496 4096 vinus
525 4042 606 4096 ait
635 4045 990 4114 Apostolus),
1037 4047 1098 4101 in
1144 4064 1318 4102 unum
1347 4065 1475 4104 cum
1513 4067 1574 4105 eo
1613 4056 1876 4110 coalescet
1906 4055 2031 4126 Spi-

320 4133 496 4186 ritum
526 4131 588 4187 ‘3.
624 4133 688 4187 Et
716 4132 841 4203 ipse
873 4135 1176 4205 Dominus,
1210 4137 1362 4192 Sicut
1411 4145 1491 4204 tu,
1528 4141 1710 4210 Pater,
1743 4145 1800 4198 in
1842 4161 1949 4208 me.
1982 4150 2032 4200 et

317 4234 412 4289 ego
444 4223 502 4274 in
531 4230 604 4288 te,
641 4222 720 4276 ita
749 4229 805 4276 et
835 4225 946 4293 ipsi
995 4223 1056 4278 in
1087 4225 1239 4279 nobis
1272 4242 1446 4280 unum
1487 4225 1602 4281 sint
1634 4226 1700 4280 ‘9.
1728 4229 1770 4284 Ο
1806 4231 2027 4288 bonita~

325 4317 437 4364 tom
471 4315 528 4364 et
592 4312 992 4382 dignationem
1045 4315 1337 4370 indultam
1398 4321 1627 4372 tantum
1679 4320 2033 4390 depressaea

317 4395 544 4451 malitia
592 4398 897 4454 hominum
957 4403 1234 4457 naturas!
1289 4404 1574 4460 Caeterum
1655 4409 1736 4462 uti
1795 4413 2030 4481 quando

316 4483 588 4556 pravitati
637 4487 912 4544 vitiorum
961 4489 1314 4559 adhairebat,
1366 4496 1582 4561 anima,
1618 4511 1799 4552 unum
1850 4499 2032 4556 idem-

320 4589 434 4644 que
490 4574 657 4646 quasi
700 4593 834 4632 cum
888 4579 1030 4650 ipsis
1071 4586 1222 4650 erat;
1259 4586 1314 4637 et
1363 4599 1701 4655 quanquam
1737 4589 2029 4658 propriam

317 4663 570 4721 habebat
617 4667 998 4734 voluntatem,
1055 4678 1250 4728 tamen
1299 4675 1450 4744 quod
1503 4674 1585 4728 illi
1636 4677 1890 4742 lubebat,
1928 4695 2032 4734 ne-

2150 3509 2295 3585 ἔχειν
2327 3511 2612 3581 ἀξιωθεῖσα
2659 3511 2752 3565 τὸν
2811 3510 3031 3583 Κύριον,
3096 3509 3236 3584 μηδὲ
3290 3513 3390 3581 τὴν
3444 3517 3540 3567 τοῦ
3585 3511 3793 3588 ἀγαθοῦ

2149 3600 2461 3671 Πνεύματος
2501 3598 2728 3672 δύναμιν
2788 3599 3146 3675 ἐκδεργητικῶς
3201 3602 3338 3675 αὗτῇ
3387 3603 3476 3656 καὶ
3522 3602 3656 3656 κατᾶ
3687 3606 3795 3656 πᾶ-

2148 3711 2240 3744 σαν
2294 3689 2518 3762 δύναμιν
2568 3691 2656 3745 καὶ
2706 3691 3086 3771 πληροφορίαν
3126 3691 3592 3763 ἐπισκηνώσασαν,
3627 3691 3677 3747 ἒν
3715 3691 3794 3762 τῷ

2147 3783 2324 3836 σκότει
2356 3781 2496 3837 ἐστίν
2530 3801 2542 3815 °
2578 3785 2659 3844 οἷς
2690 3779 2746 3836 δὲ
2775 3787 2868 3836 τοῦ
2922 3783 3066 3838 θείου
3120 3783 3427 3858 Πνεύματος
3466 3783 3796 3862 ἐπεφοίτησε

2149 3872 2331 3945 χάρις,
2373 3870 2460 3924 καὶ
2509 3876 2625 3932 τοῖς
2678 3873 2996 3946 βαθυτάτοις
3046 3878 3142 3926 τοῦ
3192 3875 3315 3934 νοὸς
3363 3872 3536 3927 αὐτῶν
3607 3871 3796 3946 ἐγκατ-

2145 3961 2347 4031 ώκησε,
2405 3959 2620 4021 τούτοις
2681 3958 2746 4029 δὴ
2797 3962 2884 4015 καὶ
2918 3962 2945 4016 6
2997 3963 3190 4037 Κύριος
3242 3963 3317 4023 ὡς
3348 3964 3502 4037 ψύχὴ
3533 3963 3740 4037 γίνεται
3776 3981 3790 3992 ·

2139 4052 2205 4107 Ὀ
2247 4052 2350 4125 γὰρ
2394 4049 2751 4124 κολλώμενος
2799 4056 2876 4122 τῷ
2924 4052 3124 4127 Κυρίῳ,
3174 4053 3201 4105 ὁ
3243 4053 3384 4113 θεῖός
3417 4073 3579 4131 φησιν
3624 4053 3792 4107 Ἀπό-

2144 4140 2362 4208 στολος,
2397 4140 2470 4201 εἰς
2515 4139 2566 4194 ἓν
2618 4145 2827 4213 πνεῦμα
2868 4136 3014 4196 ἔσται
3052 4162 3062 4173 ·
3124 4142 3213 4196 καὶ
3255 4143 3414 4204 αὐτὸς
3461 4140 3520 4197 δὲ
3587 4144 3614 4197 6
3683 4142 3791 4196 Κύ-

2143 4253 2301 4306 ριος·
2335 4235 2537 4304 ’Ὠσπερ
2588 4232 2696 4308 ἐγὼ
2746 4234 2834 4286 καὶ
2883 4233 2944 4287 σὺ
2999 4230 3053 4288 ἓν
3115 4234 3294 4308 ἐσμεν,
3349 4232 3438 4289 ’ἱνα
3497 4237 3584 4290 καὶ
3637 4235 3788 4289 οῦτοι

2142 4320 2195 4375 ἐν
2249 4323 2382 4394 ἡμῖν
2414 4321 2468 4375 ἓν
2527 4321 2681 4378 ὦσιν.
2743 4327 2809 4377 Ὤ
2866 4322 3203 4396 ἄγαθότητος
3259 4325 3350 4378 καὶ
3409 4321 3654 4386 εὐδοκίας
3719 4327 3784 4392 ἧς

2142 4407 2330 4484 ἔτυχεν
2377 4410 2410 4474 ἡ
2473 4409 2614 4463 οὕτω
2667 4411 2802 4483 πρὸς
2859 4413 2959 4479 τῆς
2998 4413 3186 4475 κακίας
3243 4416 3627 4470 ταπεινωθεῖσα
3673 4419 3779 4468 τῶν

2141 4497 2440 4570 ἀνθρώπων
2475 4497 2630 4575 φύσις
2667 4500 2678 4554 Ῑ
2717 4498 2868 4568 Πλήν
2911 4499 3036 4554 ἀλλ’
3069 4500 3184 4555 ἐπεὶ
3232 4503 3320 4556 καὶ
3376 4507 3447 4578 τῇ
3509 4501 3774 4578 μοχθηρίᾳ

2141 4592 2247 4641 τῶν
2303 4589 2487 4641 παθῶν
2542 4589 2576 4655 ἡ
2629 4589 2781 4662 ψ’)χή
2837 4593 3067 4644 συνοῦσα
3111 4590 3168 4646 ’ὲν
3217 4589 3399 4664 ὥσπερ
3455 4593 3561 4666 μετ’
3609 4591 3779 4659 αὐτῆς

2139 4678 2229 4746 ἦν,
2262 4677 2356 4732 κᾶν
2416 4676 2553 4739 ἴδιος
2611 4678 2726 4752 εἶχε
2784 4679 3023 4754 θέλημα,
3082 4679 3226 4736 ἀλλὰ
3282 4684 3344 4738 τὸ
3405 4682 3599 4740 δοκοῦν
3646 4685 3784 4754 αύτῇ

315 4754 519 4825 quibat
551 4757 754 4814 facere.
807 4760 971 4825 Quod
1027 4765 1086 4816 et
1118 4761 1329 4817 Paulus
1378 4763 1447 4818 de
1480 4780 1541 4820 se
1575 4765 1650 4818 ait
1685 4767 1841 4821 :Non
1880 4768 2030 4823 enim

2144 4774 2309 4822 ποιεῖν
2359 4767 2456 4821 οὐκ
2486 4765 2726 4823 ἐδύνατο.
2775 4770 2841 4825 Ὃ
2898 4771 2988 4824 καὶ
3048 4770 3260 4835 Παῦλός
3296 4795 3497 4850 φησιν·
3557 4776 3632 4830 Οὐ
3685 4775 3786 4850 γὰρ

315 4844 458 4911 quod
508 4846 624 4900 volo
676 4846 772 4902 hoc
819 4851 966 4916 facio
1013 4849 1094 4920 5°;
1147 4860 1363 4922 quanto
1421 4853 1619 4924 utique
1697 4858 1882 4925 magis
1931 4857 2030 4912 Dei

315 4930 530 4986 virtute
574 4949 708 4988 cum
765 4939 1132 4993 sanctiﬁcata
1179 4946 1235 4994 et
1283 4941 1460 5010 digna
1505 4958 1572 4998 eo
1623 4943 1774 4998 facta
1833 4947 2032 5000 anima

319 5018 718 5087 conveniente,
771 5022 829 5076 in
899 5041 1074 5080 unam
1126 5026 1225 5080 illa
1293 5045 1424 5082 cum
1494 5029 1608 5085 Deo
1671 5030 2030 5088 voluntatem

320 5105 478 5160 erit?
530 5106 618 5160 Fit
668 5109 824 5164 enim
874 5113 1072 5167 anima
1113 5119 1253 5169 tunc
1295 5133 1426 5172 vere
1477 5119 1644 5190 quasi
1677 5121 1874 5175 anima
1906 5120 2026 5190 Dei,

321 5210 423 5268 per
468 5196 574 5252 hoc
627 5199 779 5268 quod
832 5206 1062 5268 sponte,
1117 5210 1170 5258 et
1240 5221 1308 5260 ex
1357 5209 1652 5278 proposito
1700 5209 1921 5279 regenti
1973 5227 2030 5266 se

323 5287 620 5342 submittit
662 5287 792 5342 boni
836 5289 1087 5358 Spiritus
1120 5293 1346 5362 virtuti;
1399 5301 1453 5352 et
1503 5315 1602 5366 per
1652 5298 1898 5368 propriae
1941 5315 2031 5354 vo-

324 5374 569 5435 luntatis
638 5380 760 5436 vias
830 5396 945 5434 non
1010 5381 1259 5452 amplius
1327 5386 1612 5442 ambulat.
1679 5388 1816 5456 Quis
1879 5391 2028 5446 enim

399 5570 446 5603 ⁴⁹
570 5574 716 5647 _Cor.
767 5594 890 5644 xm,
939 5576 991 5631 3.
1071 5576 1117 5610 4‘
1166 5575 1289 5632 Gal.
1343 5597 1405 5647 ιι,
1444 5582 1533 5636 20.

330 5641 414 5694 17.
495 5641 541 5676 ⁴⁹
561 5643 727 5701 Joan.
760 5641 897 5715 xvu,
928 5649 1018 5702 21.
1053 5648 1099 5683 ⁵ο
1131 5649 1296 5704 Rom.
1333 5641 1453 5719 vim,
1493 5652 1515 5705 1

1613 5581 1658 5615 ⁴⁵
1705 5582 1826 5638 Gal.
1880 5599 1964 5653 ιιι,
2021 5583 2112 5638 27.

2141 4857 2169 4911 ’ὀ
2203 4856 2346 4911 θέλω
2393 4862 2554 4910 τοῦτο
2611 4862 2754 4911 ποιῶ
2790 4878 2800 4890 ·
2837 4859 2992 4932 πόσῳ
3040 4882 3099 4935 γε
3133 4861 3345 4934 μᾶλλον
3394 4871 3495 4932 τῆς
3525 4869 3622 4919 τοῦ
3656 4869 3788 4920 Θεοῦ

2143 4943 2422 5017 δυνάμεως
2451 4950 2518 5019 τῇ
2553 4947 2866 5022 ἁγιασθείσῃ
2925 4951 3015 5003 καὶ
3073 4951 3193 5024 ἀξίᾳ
3247 4952 3443 5008 τούτου
3493 4957 3789 5028 γεγενημέ-

2141 5053 2205 5104 νῃ
2241 5035 2394 5104 ψυχῇ
2429 5032 2808 5103 συνελθούσης,
2844 5035 2917 5096 είς
2965 5035 3020 5090 ἓν
3067 5037 3215 5109 αῦτῷ
3264 5037 3411 5093 ἔσται
3466 5042 3528 5094 τὸ
3587 5042 3786 5096 τούτου

2143 5120 2404 5190 θὲλημα;
2463 5121 2664 5194 γίνεται
2725 5125 2826 5198 γὰρ
2877 5127 2911 5194 ἡ
2963 5128 3116 5202 χυχὴ
3159 5128 3285 5184 τότε
3341 5131 3476 5201 πρὸς
3531 5130 3789 5201 ἀλήθειαν

2143 5209 2215 5269 ὡς
2249 5211 2399 5283 ψυχὴ
2444 5213 2538 5263 τοῦ
2589 5214 2790 5284 Κυρίου
2827 5232 2839 5244 ·
2871 5217 2950 5286 τῷ
3007 5215 3180 5270 ἑκοντὶ
3234 5218 3323 5272 καὶ
3367 5218 3502 5273 κατᾶ
3561 5221 3791 5292 γνώμην

2143 5298 2243 5351 ὑπὸ
2291 5305 2390 5366 τῆς
2428 5303 2524 5353 τοῦ
2575 5302 2775 5373 ἂγαθοῦ
2816 5303 3128 5376 Πνεύματος
3171 5303 3446 5379 δυνάμεως
3499 5305 3789 5381 βασιλεύε-

2139 5389 2277 5460 σθαι,
2310 5389 2397 5441 καὶ
2453 5387 2724 5463 θελήματι
2773 5389 2892 5465 ἰδίῳ
2957 5394 3152 5467 μηκέτι
3204 5396 3370 5464 αὐτὴν
3409 5395 3733 5468 πορεύεσθαι
3774 5412 3790 5426 ⁸

2191 5582 2235 5618 ⁴⁶
2281 5583 2448 5640 Joan.
2491 5603 2604 5655 11v,
2631 5588 2720 5643 25.

2797 5589 2842 5626 ‘7
2873 5590 3036 5650 Rom.
3089 5611 3186 5662 νιι,
3247 5597 3300 5654 3.
3378 5598 3484 5654 ⁴⁸Ι
3533 5599 3660 5656 Cor.
3713 5617 3796 5670 v1,
