4076 6280
309 379 427 441 945

1396 377 1624 436 LIBER
1669 379 1768 439 DE
1812 379 2248 440 LIBERTATE
2295 374 2609 436 MENTIS.

3646 347 3764 408 946

305 512 394 573 Τίς
424 513 547 588 γὰρ.
591 508 771 587 φησὶν,
830 509 970 581 ἡμᾶς
1023 507 1252 582 χωρίσει
1302 508 1405 562 ἀπὸ
1449 514 1547 576 τῆς
1587 509 1798 586 ἀγάπης
1848 516 1944 566 τοῦ

2091 511 2300 583 inquit)
2330 525 2427 565 nos
2453 505 2731 578 separabit
2764 518 2798 556 α
2826 497 3096 556 charitate
3126 493 3328 550 Christi
3353 489 3396 524 5‘
3431 488 3458 544 ‘i
3491 488 3623 554 Quis
3651 497 3756 538 vox

306 605 581 676 Χριστοῦ;
631 599 876 653 τουτέττι
933 604 1030 666 τῆς
1082 597 1369 668 ἐνιοθείσης
1422 602 1606 672 ψυχῆς
1659 605 1734 672 τῷ
1789 602 1951 656 Ilva-5.

311 712 439 763 ματι
472 687 630 762 ἀγίῳ.

381 780 477 835 ll".
510 785 595 849 Τῳ
629 774 953 851 βουλομένῳ
988 781 1206 849 μιμητῇ
1257 773 1347 829 οὖν
1393 778 1636 852 γενέσθαι
1683 783 1952 852 Χριστοῦ,

305 866 396 922 ἵνα
453 867 542 933 καί
610 867 756 937 αὐτῷ
813 865 1024 938 γένοιτο
1085 866 1190 937 Υὶῳ
1239 870 1371 921 Θεοῦ
1427 871 1950 942 προσαγορευθῆναι,

308 955 616 1032 γεννηθέντι
667 954 724 1008 ἐκ
776 953 1108 1026 Πνεύματος,
1150 955 1256 1027 πρὸ
1292 960 1399 1009 τῶν
1448 954 1634 1010 ἄλλων
1691 959 1950 1031 προσήκει

309 1045 402 1107 τὰς
459 1045 777 1105 ἀπαντώσας
838 1043 1072 1116 θλίψεις,
1129 1043 1254 1112 ἤτοι
1302 1047 1616 1117 σωματικὰς
1670 1046 1947 1115 νόσους,ἢ

311 1133 404 1196 τὰς
436 1133 485 1204 ἐξ
516 1134 815 1206 ἀνθρώπων
864 1127 1066 1206 ὕϐρεις,
1107 1134 1196 1187 καὶ
1245 1134 1309 1187 τὰ
1358 1131 1561 1203 ὀνείδη,
1612 1137 1715 1208 πρὸ
1765 1134 1820 1190 δὲ
1859 1137 1946 1190 καὶ

311 1225 404 1287 τάς
435 1224 493 1280 ἐκ
529 1229 634 1280 τῶν
684 1225 928 1298 ἀοράτων
965 1219 1260 1287 ἐπιϐουλὰς
1309 1223 1565 1304 εὒψύχως
1613 1228 1703 1280 καὶ
1757 1248 1948 1302 καρτεο

313 1319 480 1387 ρικῶς
513 1313 819 1388 ὑποφέρειν.
852 1317 981 1370 Κατ’
1013 1313 1328 1387 οἰκονομίαν
1369 1315 1471 1391 γὰρ
1511 1321 1642 1371 Θετιῦ
1691 1318 1753 1372 τὸ
1800 1316 1950 1373 δοκί-

315 1427 438 1479 μιον
471 1411 588 1464 ταῖς
637 1408 841 1479 ψυχαῖς
887 1407 994 1458 τῶν
1046 1405 1320 1479 διαφόρων
1370 1412 1780 1480 παραχωρεῖται
1842 1406 1957 1462 θλί-

312 1499 480 1567 ψεων,
535 1492 626 1548 ’ίνα
711 1494 930 1572 φανεραὶ
1000 1492 1242 1570 γένοιντο
1326 1495 1524 1557 πάντες
1593 1497 1645 1549 αἱ
1712 1498 1954 1570 γνησίως

313 1584 598 1655 ἀγαπῶσαι
642 1584 734 1638 τὸν
795 1583 1014 1656 Κύριον.
1068 1588 1311 1657 Σημεῖον
1360 1581 1416 1638 δὲ
1469 1589 1583 1646 τοῖς
1639 1585 1698 1639 ἐκ
1756 1587 1954 1649 παντὸς

313 1671 513 1733 αἰῶνος
571 1673 938 1747 πατριάρχαις
978 1693 1033 1727 τε
1082 1672 1170 1727 καὶ
1221 1676 1526 1750 προφήταις
1583 1675 1674 1728 καὶ
1728 1675 1957 1731 ἀποστό-

314 1761 436 1822 λοις
467 1761 554 1816 καὶ
590 1762 840 1834 μάρτυσι,
875 1758 962 1816 διὰ
989 1765 1089 1826 τῆς
1122 1764 1452 1836 στενοπόρου
1481 1768 1587 1818 τῶν
1637 1771 1952 1838 πειρασμῶν

2061 607 2150 658 est
2181 601 2387 657 animae
2420 598 2594 653 unita:
2627 591 2870 663 Spiritui
2902 591 3124 644 sancto.

2134 783 2280 838 XIII.
2333 779 2437 847 Qui
2484 777 2610 832 vult
2651 774 2905 830 imitator
2952 785 3081 824 esse
3126 763 3360 828 Christi,
3390 764 3446 815 et
3497 772 3598 829 per
3649 754 3754 809 hoc

2063 845 2369 943 consequi,
2420 874 2480 924 ut
2521 865 2848 938 appelletur
2898 859 3053 914 {ilius
3101 856 3200 910 Dei
3237 871 3251 919 ;
3295 853 3491 922 utpote
3520 845 3754 918 genitus

2062 982 2130 1021 ex
2156 962 2372 1034 Spiritu
2411 977 2422 1015 :
2463 974 2597 1014 eum
2647 960 2780 1010 ante
2830 951 3027 1007 omnia
3068 943 3335 1002 convenit
3382 938 3756 994 occurrentes

2063 1054 2425 1116 afﬂictiones,
2466 1050 2582 1104 sive
2633 1046 2717 1100 bas
2756 1041 3013 1112 corporei
3036 1033 3244 1105 'tmorbi
3277 1033 3414 1096 sint,
3450 1028 3569 1082 sive
3601 1025 3760 1092 inju-

2071 1147 2164 1200 ria:
2220 1143 2290 1197 ab
2342 1136 2699 1199 hominibus,
2757 1132 2876 1187 sive
2925 1127 3256 1199 opprobria,
3309 1137 3409 1175 seu
3455 1117 3630 1172 etiam
3692 1128 3760 1166 ex

2065 1236 2296 1293 insidiis
2327 1226 2708 1285 invisibilinm
2745 1222 3032 1284 hostium;
3068 1216 3330 1270 animose
3354 1225 3419 1263 ac
3443 1206 3662 1260 fortiter
3685 1203 3761 1254 to-

2063 1327 2267 1382 lerare.
2303 1326 2406 1374 Per
2437 1316 2690 1372 divinam
2728 1307 3144 1382 providentiam
3177 1299 3469 1370 sapienter
3499 1309 3561 1346 ac
3592 1292 3761 1346 bene-

2063 1380 2188 1470 vole
2221 1409 2373 1468 2I3
2419 1409 2627 1462 cuncta
2664 1380 3097 1472 disponentem,
3139 1388 3560 1463 permittuntur
3591 1380 3765 1434 adve—

2065 1505 2188 1560 nire
2231 1497 2536 1556 animabus
2585 1470 2878 1564 ejusmodi
2925 1482 3294 1556 probationes
3343 1470 3761 1530 adversitatum

2064 1595 2378 1658 variarum,
2420 1594 2483 1643 ut
2527 1581 2978 1642 manifestentur
3022 1590 3150 1644 quae
3195 1571 3347 1624 inter
3394 1581 3494 1621 eas
3540 1562 3765 1618 sincere

2065 1653 2378 1744 Dominum
2427 1680 2695 1751 diligunt.
2748 1674 2990 1744 Signum
3051 1667 3109 1722 id
3161 1663 3270 1719 fuit
3319 1659 3392 1716 ab
3441 1653 3598 1712 omni
3647 1666 3761 1750 aevo

2063 1739 2284 1832 sanctis
2325 1739 2693 1844 patriarcbis,
2737 1739 3058 1836 prdphetis,
3091 1751 3373 1827 apostolis
3404 1752 3462 1804 et
3495 1739 3767 1813 martyri-

387 1849 399 1866 λ
496 1856 517 1866 υ
605 1849 722 1872 n\lr
903 1849 1102 1872 bxn-
1198 1854 1211 1872 ρ
1274 1853 1366 1872 υ»
1549 1853 1561 1867 ι

311 1849 403 1904 καὶ
451 1856 558 1905 τῶν
605 1849 841 1924 θλίψεων
898 1849 1130 1906 διελθεῖν
1192 1834 1414 1927 ὑπῆρξε,
1475 1853 1565 1908 καὶ
1632 1834 1803 1915 οὓτως
1838 1834 1951 1908 ἐὐ-

2089 1884 2194 1932 ius,
2247 1869 2311 1919 ut
2358 1878 2460 1933 per
2509 1862 2820 1928 angustam
2873 1853 3020 1906 hanc
3072 1847 3220 1902 viam
3280 1839 3667 1897 tentationum
3711 1834 3768 1886 et

2667 1947 2676 1952 ‘
2797 1949 2805 1952 -
2925 1945 2933 1952 -
3033 1939 3041 1948 '
3122 1935 3226 1952 ἢκ-
3283 1930 3571 1952 μι--μ--..ι
3635 1921 3741 1952 1.1;);

315 1946 608 2014 αρεστῆσαι
667 1944 782 2010 Θεῷ
821 1960 833 1974 ·
881 1943 1072 1996 Τέκνον
1112 1942 1236 2016 γὰρ,
1297 1943 1459 2021 φησὶν
1510 1947 1544 2012 ἡ
1597 1945 1804 2019 Γραφή,
1865 1943 1952 1998 ἐὰν

316 2029 599 2103 προσέρχῃ
679 2025 953 2083 δουλεύειν
1041 2034 1177 2100 Θεῷ,
1254 2029 1540 2103 ἐτοίμασον
1616 2034 1714 2101 τήν
1769 2035 1953 2107 ψυχήν

317 2137 413 2171 σου
471 2116 546 2179 εἰς
603 2119 924 2190 πειρασμὸν,
983 2116 1196 2173 εὔθυνον
1267 2122 1366 2188 τὴν
1425 2118 1647 2194 καρδίαν
1706 2142 1800 2176 σου
1868 2123 1956 2176 καὶ

317 2206 646 2281 καρτέρησον
683 2227 696 2240 ο
725 2209 814 2262 καὶ
872 2206 1129 2283 ἀλλαχοῦ
1188 2205 1290 2263 δέ·
1324 2210 1398 2265 Τὰ
1453 2209 1819 2285 ἐπιφερόμενα
1873 2233 1955 2266 σοι

317 2296 391 2359 ὡς
441 2297 608 2372 ἀγαθὰ
664 2294 994 2369 πρόσδεξαι,
1063 2295 1220 2360 εἰδὼς
1279 2300 1362 2353 ὅτι
1422 2267 1568 2375 ὂὶπερ⁵
1612 2267 1746 2356 Θεοῦ
1805 2299 1955 2356 οὐδὲν

316 2384 542 2458 γίνεται.
602 2388 717 2454 Τῆς
770 2386 1049 2457 ὑπομονῆς
1086 2387 1262 2441 τοίνυν
1300 2386 1387 2441 καὶ
1438 2395 1536 2457 τῆς
1582 2387 1804 2452 ἐλπίδος
1853 2391 1958 2464 πρὸ

318 2475 517 2537 παντὸς
547 2471 722 2529 ἄλλου
762 2477 916 2549 ψυχῇ
966 2474 1033 2549 τῇ
1080 2476 1430 2549 εὐαρεστῆσαι
1479 2476 1595 2550 Θεῷ
1653 2479 1962 2554 βουλομένῃ

318 2563 684 2635 ἀντιληπτέον
720 2584 733 2596 ’
763 2566 860 2638 μία
909 2567 1013 2640 γὰρ
1063 2565 1152 2620 καὶ
1197 2569 1333 2635 αύτή
1384 2571 1482 2632 τῆς
1530 2568 1720 2630 κακίας
1765 2568 1934 2644 τέχνη

321 2614 677 2670 ζ---ζ--ιν--νν
763 2614 860 2638 ι’·““
922 2614 1008 2640 ιπι-
1067 2614 1152 2620 *τ’
1198 2614 1333 2635 ""‘a
1395 2614 1480 2632 --ιτ
1532 2614 1719 2630 ἠ’-η’*
1777 2614 1960 2644 ”Λ.”Η

317 2655 544 2724 ακηοίαν
589 2656 722 2726 ἡμῖν
769 2648 1066 2726 ἐμϐάλλειν
1108 2654 1158 2709 ἐν
1189 2661 1363 2730 καιρῷ
1413 2656 1673 2730 θλίψεως,
1718 2656 1809 2712 ’ίνα
1863 2667 1964 2728 τῆς

317 2745 453 2848 πρὸς
483 2745 572 2800 τὸν
607 2745 798 2819 Κύριον
831 2745 1111 2820 ἀποστήσῃ
1147 2743 1397 2808 ἐλπίδος.
1421 2745 1694 2804 Οὐδέποτε
1734 2747 1791 2804 δὲ
1835 2752 1962 2812 Θεὸς

487 2834 496 2848 ,
676 2831 688 2848 ,
741 2834 752 2848 .
836 2829 854 2848 ς,
931 2831 941 2848 ,
1122 2831 1163 2848 ς,
1233 2833 1276 2848 ρ..

319 2831 597 2906 ἐπιτρέπει
672 2831 752 2886 ἐπ’
834 2829 1041 2887 ἐκείνου
1117 2831 1438 2903 ἐλπίζουσαν
1518 2838 1966 2906 καταπονηθῆναι

320 2925 434 3022 τοῖς
493 2925 858 2992 πειρασμοῖς,
918 2918 1056 2976 ὥστε
1113 2923 1201 2976 καὶ
1270 2921 1714 2998 ἐξαπορηθῆναι·
1769 2928 1962 2987 Πιστὸς

323 3007 448 3079 γὰρ,
482 3009 509 3060 ὁ
546 3007 888 3068 Ἀπόστολός
921 3031 1108 3086 φησιν,
1143 3011 1170 3065 ὁ
1197 3012 1346 3079 Θεὸς,
1380 3013 1441 3073 ’ὀς
1492 3013 1594 3067 οὑκ
1632 3012 1772 3068 ἐάσει
1825 3015 1962 3085 ὑμᾶς

325 3097 674 3169 πειρασθῆναι
746 3096 874 3168 ὑπὲρ
935 3098 962 3150 '0'
1023 3096 1294 3151 δύνασθε·
1352 3097 1496 3153 ἀλλὰ
1572 3103 1792 3170 ποιήσει
1873 3101 1964 3154 σὺν

324 3207 402 3255 τῳ
459 3187 743 3258 πειρασμῷ
800 3185 889 3236 καὶ
944 3185 1041 3252 τὴν
1101 3181 1339 3254 ἔκϐασιν,
1395 3191 1491 3242 τοῦ
1559 3185 1813 3243 δύνασθαι
1865 3190 1966 3244 ὑπ-

2066 1921 2446 2012 ιτῧίρῖὶοιιιιηι
2496 1921 2837 2009 transirent,
2886 1945 2944 1997 et
2995 1939 3081 1994 sic
3122 1935 3236 1990 Deo
3283 1930 3594 2002 placerent.
3629 1921 3762 1986 Fili,

2067 2047 2148 2100 ait
2175 2043 2498 2112 Scriptura,
2547 2035 2809 2092 accedens
2855 2029 2925 2085 ait
2972 2028 3293 2082 servitutem
3345 2019 3459 2084 Dei,
3509 2025 3763 2085 praepara

2065 2111 2320 2188 animam,
2365 2137 2519 2183 tuam
2575 2127 2645 2178 ad
2701 2122 3073 2182 tentationem,
3144 2111 3388 2178 deprime
3443 2119 3536 2159 cor
3610 2113 3768 2156 tuum

2064 2229 2117 2278 et
2173 2219 2403 2276 sustine.
2466 2217 2532 2271 Et
2585 2215 2722 2269 alibi
2777 2228 2791 2266 :
2851 2210 2985 2277 Quae
3050 2204 3368 2272 inferuntur
3422 2195 3522 2250 tibi
3579 2189 3767 2246 omnia

2069 2321 2127 2366 ut
2173 2310 2312 2365 bona
2351 2308 2547 2372 excipe
2577 2325 2596 2371 ;
2638 2303 2811 2357 sciens
2858 2295 3118 2369 quoniam
3161 2290 3280 2345 sine
3305 2288 3407 2340 Deo
3437 2282 3582 2338 nihil
3611 2281 3669 2351 ﬁt
3701 2278 3769 2331 ⁵³.

2069 2399 2366 2457 Patientia
2404 2370 2580 2467 igitur
2623 2398 2680 2449 et
2709 2390 2832 2460 spei
2866 2391 2998 2443 ante
3029 2397 3198 2439 omne
3228 2377 3388 2434 aliud
3421 2387 3595 2444 opera
3625 2370 3772 2424 dan-

2071 2491 2144 2546 da
2183 2494 2271 2544 est
2309 2488 2515 2543 animai
2574 2489 2682 2538 Deo
2744 2480 2965 2552 placere
3005 2470 3237 2530 volenti.
3281 2467 3408 2524 Una
3445 2462 3597 2520 enim
3650 2458 3771 2514 haec

2072 2586 2160 2636 est
2201 2595 2270 2634 ex
2317 2577 2541 2631 artibus
2586 2546 2822 2637 diaboli,
2868 2573 3160 2635 torporem
3203 2557 3368 2613 nobis
3427 2552 3668 2622 injicere
3713 2546 3776 2600 in

2072 2674 2332 2740 tempore
2363 2664 2718 2728 afflictionis,
2751 2663 2818 2714 ut
2847 2657 3064 2711 avertat
3103 2666 3209 2706 nos
3241 2665 3274 2701 a
3305 2660 3408 2716 spe
3437 2642 3495 2696 in
3531 2637 3776 2695 Domino

2073 2724 2358 2830 ponenda.
2418 2724 2728 2824 Nunquam
2797 2752 2992 2803 autem
3044 2744 3196 2797 Deus
3252 2740 3489 2792 tantum
3547 2724 3776 2798 fatigari

2073 2826 2493 2905 testationibus
2541 2839 2826 2914 permittit
2877 2835 3133 2892 animam
3178 2831 3237 2884 in
3287 2826 3483 2899 ipsum
3536 2834 3776 2892 speran-

2077 2944 2217 3006 tem,
2265 2939 2330 2992 ut
2373 2935 2443 2987 ad
2501 2931 2710 2986 incitas
2767 2927 3020 2987 redacta,
3072 2917 3265 2976 omnis
3313 2915 3483 2984 inops
3550 2905 3777 2964 consilii

2077 2997 2304 3084 aestuet.
2357 3021 2555 3077 Fidelis
2608 3021 2756 3074 enim
2809 3016 2911 3086 (ait
2964 3005 3304 3082 Apostolus)
3363 3005 3503 3056 Deus
3560 3001 3658 3066 est,
3684 2997 3779 3067 qui

2075 3132 2184 3171 non
2215 3119 2456 3184 patietur
2507 3124 2597 3163 vos
2647 3084 2850 3161 tentari
2885 3115 3053 3170 supra
3100 3097 3159 3151 id
3203 3091 3341 3165 quod
3385 3089 3604 3160 potestis
3633 3102 3655 3146 ;
3685 3084 3778 3139 sed

2075 3207 2239 3279 faciet
2267 3205 2435 3259 etiam
2471 3214 2596 3252 cum
2635 3195 2931 3251 tentatione
2968 3196 3235 3249 eventum,
3267 3187 3328 3237 ut
3363 3177 3581 3252 possitis
3609 3177 3778 3229 susti-

327 3279 577 3349 ενεγκεῖν.
631 3273 731 3331 Καὶ
765 3274 792 3327 ὁ
826 3275 1062 3348 πονηρὸς
1097 3271 1153 3328 δὲ
1185 3275 1290 3349 οὐχ
1333 3274 1459 3330 ὅσον
1513 3276 1700 3349 ἐκείνῳ
1742 3279 1956 3349 θέλησις

2089 3249 2239 3349 ιιιύέ⁷
2264 3249 2749 3358 ἱθῗῖζῖεᾷίιθ-νονο
2789 3281 3079 3346 diabolus,
3135 3249 3424 3348 quantum
3475 3266 3586 3339 ipsi
3635 3263 3772 3318 libi-

329 3361 491 3418 λυπεῖ
518 3365 615 3430 τὴν
650 3363 852 3438 ψυχὴν,
901 3362 1026 3418 ἀλλ’
1074 3363 1197 3418 ὅσον
1248 3363 1394 3437 αὐτῷ
1439 3365 1643 3439 ἐφεῖται
1681 3369 1823 3442 παρὰ
1870 3371 1966 3422 τοῦ

327 3456 479 3508 Θεοῦ.
516 3451 575 3506 Εἰ
607 3452 708 3527 γὰρ
740 3451 1047 3523 ἀνθρώποις
1081 3451 1178 3507 οὐκ
1225 3451 1454 3522 ἄδηλον,
1510 3456 1677 3510 πόσον
1708 3455 1767 3510 ἂν
1803 3458 1966 3529 ἡμιό-

324 3562 401 3612 νῳ
437 3543 621 3614 βάρος,
655 3542 825 3596 πόσον
857 3539 914 3595 δὲ
946 3540 1077 3612 ὄνῳ,
1105 3543 1271 3597 πόσον
1302 3540 1357 3597 δὲ
1397 3544 1637 3618 καμήλῳ
1684 3545 1966 3622 ἀγώγιμον

323 3629 406 3700 εἶή
441 3649 453 3661 ·
487 3629 631 3684 ἀλλὰ
658 3631 749 3684 τὸν
781 3630 1016 3706 φόρητον
1045 3630 1318 3700 ἐπιτίθησι
1343 3649 1358 3664 ⁸
1389 3633 1478 3687 καὶ
1511 3639 1590 3705 τῷ
1638 3641 1866 3710 κεραμεῖ
1909 3633 1966 3691 δὲ

323 3717 491 3788 δῆλον
526 3719 695 3773 πόσον
727 3725 805 3790 τῷ
837 3719 964 3788 πυρῖ
1002 3721 1110 3794 χρὴ
1141 3721 1210 3774 τὰ
1240 3722 1402 3792 σκεύη
1438 3721 1771 3797 παραδοῦναι
1825 3726 1963 3800 χοό-

318 3829 429 3877 νον,
457 3806 548 3862 ⁹ίνα
585 3810 723 3881 μήτε
765 3806 931 3862 πλέον
981 3807 1307 3881 ἐμμείναντα
1339 3807 1632 3888 διαῤῥαγῇ,
1686 3785 1967 3886 μήτεηπά-

323 3897 407 3953 λίν
437 3899 543 3970 πρὸ
590 3905 688 3967 τῆς
739 3898 1010 3972 ἀρκούσης
1060 3900 1356 3972 πυρώσεως
1404 3897 1744 3969 ἐκϐληθέντα
1790 3903 1969 3982 ἄχρη-

325 4006 420 4038 στα
542 3985 584 4038 εἰ
634 3987 869 4054 τοσαύτη
921 3987 1043 4057 περὶ
1090 3987 1180 4040 τὸν
1234 3988 1516 4060 ἄνθρωπον
1552 3988 1778 4052 σύνεσις,
1834 3994 1966 4066 ούχί

323 4073 522 4170 π-οᾌλλῳ
546 4089 716 4170 ,πλεον
751 4077 839 4170 καὶ
872 4075 1106 4148 απείρως
1135 4075 1321 4145 πλέον,
1353 4080 1388 4145 ἡ
1420 4082 1517 4132 τοῦ
1575 4084 1709 4134 Θεοῦ
1757 4081 1965 4145 σύνεσις

325 4161 439 4218 οἶδε
487 4163 653 4216 πόσον
702 4164 894 4237 ἑκαστῃ
937 4166 1090 4237 ψυχῇ
1140 4165 1232 4218 τὸν
1282 4167 1582 4239 πειρασμὸν
1636 4164 1754 4223 δέον
1821 4169 1966 4225 ἐπεν.

325 4255 578 4331 εχθῆναι·
609 4251 697 4306 ἳνα
729 4250 955 4324 δόκιμος
987 4252 1198 4326 γένοιτο
1237 4253 1328 4307 καὶ
1360 4253 1654 4328 ⁵ἐπιτηδεία
1702 4261 1837 4332 πρὸς
1869 4263 1967 4331 τήν

355 4307 462 4331 η.
856 4307 865 4324 .
944 4307 954 4314 .
1036 4307 1040 4308 ν
1152 4307 1187 4308 η
1709 4307 1738 4312 --
1785 4307 1805 4313 -

322 4348 432 4396 τῶν
465 4342 706 4416 οὐρανῶν
745 4307 1045 4415 βασιλείαν.
1360 4311 1368 4326 ⁵
1519 4307 1529 4328 ⁸
1745 4307 1770 4332 Γ
1814 4307 1835 4322 Ἰ
1879 4307 1933 4331 *Ἴ

2077 3392 2196 3438 tum
2228 3385 2337 3447 est,
2367 3356 2850 3450 afﬂigitanimam
2885 3389 2900 3438 ;
2940 3370 3039 3424 sed
3071 3383 3189 3438 qua
3219 3376 3493 3418 mensura
3524 3356 3578 3410 id
3612 3368 3778 3423 agere

2076 3473 2292 3528 sinitur
2322 3487 2354 3524 a
2391 3470 2519 3524 Deo.
2551 3467 2618 3522 Si-
2640 3466 2794 3520 enim
2828 3458 3163 3516 hominibus
3204 3453 3472 3524 ignotum
3512 3462 3625 3502 non
3668 3447 3778 3504 est.

2077 3565 2360 3633 quantum
2403 3555 2597 3613 oneris
2647 3557 2874 3625 portare
2925 3548 3118 3603 mulus
3171 3541 3372 3614 possit,
3425 3539 3645 3610 quanto
3678 3549 3782 3604 par

2077 3651 2311 3707 ferendo
2351 3647 2427 3703 sit
2471 3646 2692 3711 asinus,
2738 3644 2958 3714 quanto
3000 3632 3290 3700 camelus,
3339 3630 3493 3686 unde
3535 3639 3782 3682 consen—

2072 3746 2310 3798 taneum
2344 3739 2629 3810 cujusque
2661 3733 2878 3788 viribus
2910 3728 3118 3798 cuique
3149 3722 3376 3796 pondus
3417 3717 3726 3788 imponunt
3759 3731 3774 3779 ;

2074 3836 2130 3885 et
2160 3833 2206 3885 si
2233 3801 2604 3900 perspectum
2636 3821 2813 3893 ﬁgulo
2863 3823 2969 3884 est,
3020 3817 3240 3886 quanto
3283 3806 3560 3877 temporis
3591 3801 3776 3875 spatio

2073 3936 2213 3974 vasa
2243 3920 2300 3972 in
2343 3918 2577 3970 fornace
2625 3909 2870 3980 relinqui
2902 3907 3165 3969 debeant,
3210 3916 3281 3955 ne
3326 3897 3559 3967 longius
3616 3907 3777 3963 aequo

2077 4008 2158 4062 ibi
2202 4003 2477 4060 haerentia
2521 3998 2818 4056 dissiliant
2859 4014 2872 4062 ;
2907 4009 3011 4048 nec
3042 4007 3268 4055 rursus,
3312 3994 3445 4041 ante
3479 3980 3780 4038 sufficien-

2077 4103 2190 4150 tem
2246 4093 2569 4149 coctionem
2623 4104 2754 4143 cum
2802 4085 3155 4149 eximuntur,
3205 4076 3435 4132 inutilia
3486 4073 3678 4126 fiant:
3730 4069 3781 4123 si

2076 4187 2256 4252 tanta,
2316 4185 2574 4252 inquam,
2634 4179 2693 4235 in
2755 4176 2988 4232 homine
3055 4166 3363 4242 prudentia
3417 4165 3528 4227 est,
3590 4160 3774 4213 multo

2076 4248 2252 4345 atque
2278 4248 2420 4328 adeo
2452 4270 2695 4325 infinitis
2727 4266 2990 4338 partibus
3015 4259 3220 4332 magis,
3253 4253 3448 4310 divina
3488 4248 3776 4321 sapientia

2078 4337 2370 4436 perspicit,
2402 4361 2608 4416 animas
2642 4337 3167 4428 cuiqueiquantum
3219 4345 3448 4418 pondus
3494 4337 3781 4397 tentatio—

2079 4431 2170 4509 nis
2201 4431 2438 4506 immitti
2489 4451 2713 4514 debeat,
2758 4451 2823 4501 ut
2861 4461 2960 4515 per
2991 4457 3119 4498 eam
3153 4438 3448 4510 probetur,
3477 4442 3529 4490 et
3568 4431 3775 4486 idonea

2079 4558 2257 4614 regno
2289 4541 2558 4595 cmloruln
2590 4537 2711 4593 ﬂat.

392 4614 488 4668 IA'.
523 4614 721 4682 Ὥσπερ
753 4612 814 4666 τὸ
841 4618 938 4682 τῆς
970 4608 1244 4676 κανάόεως
1277 4611 1469 4688 χρῆμα
1500 4614 1545 4668 εἰ
1599 4618 1674 4688 μή
1718 4617 1954 4676 ἐπιπολὺ

2138 4608 2282 4686 ἕξιν.
2324 4630 2484 4685 Sicut
2528 4625 2809 4682 cannabis
2855 4627 3084 4679 mataxa
3129 4618 3240 4672 nisi
3280 4617 3379 4670 diu
3433 4610 3774 4669 tunsionem

319 4702 655 4772 τυπτόμενον
705 4699 973 4776 διαμείνῃ,
1043 4703 1142 4757 οὐκ
1187 4700 1246 4758 ἂν
1291 4706 1506 4778 γένοιτο
1558 4708 1838 4780 χρήσιμον
1886 4710 1963 4774 εἷς

321 4787 665 4842 λεπτοτάτων
723 4792 986 4862 νημάτων
1048 4790 1303 4868 ἐργασίαν
1339 4836 1352 4862 ,
1435 4765 1598 4848 ἀλλ’,Β
1628 4765 1843 4870 ὅσῳιπερ
1904 4765 1961 4854 ἂν

319 4877 574 4930 τύπτοιτο
632 4879 721 4931 καὶ
782 4879 904 4932 ὅσον
959 4879 1213 4950 ξαίνοιτο,
1268 4882 1526 4938 τοσοῦτον
1583 4887 1958 4963 καθαρώτερόν

319 4986 377 5019 τε
446 4965 535 5018 καὶ
594 4965 1021 5040 εὐχρηστότερον
1077 4969 1301 5044 γίνεται.
1373 4973 1476 5027 Καὶ
1533 4972 1590 5027 ’ὃν
1644 4976 1844 5044 τρόπον
1902 4979 1964 5034 τὸ

322 5051 655 5108 νεόπλαστον
706 5059 899 5118 σκεῦος
959 5058 1033 5128 μὴ
1094 5059 1219 5133 πυρὶ
1278 5057 1496 5134 βληθὲν,
1547 5029 1788 5139 χρῆσθαι
1847 5073 1965 5130 τοῖς

887 5111 898 5118 -
959 5111 970 5128 ι
1024 5111 1033 5125 ι
1148 5111 1218 5133 νιί-
1278 5111 1496 5134 Γ-τνι-ννι
1593 5111 1788 5120 ""'"'
1857 5111 1934 5122 ’ν’

322 5145 630 5218 ἀνθρώποις
664 5144 1032 5216 ἀνεπιτήδειον
1069 5150 1189 5202 ’καὶ
1240 5149 1315 5211 ὡς
1344 5152 1406 5205 τὸ
1702 5153 1778 5210 ἔτι
1829 5111 1964 5233 πρὸς

321 5238 386 5290 τὰ
421 5239 518 5290 τοῦ
548 5236 758 5308 κόσμου
802 5232 934 5312 ἔργα
971 5234 1235 5309 ἀδόκιμον
1272 5237 1426 5294 ὀὕτε
1476 5244 1578 5316 γὰρ
1629 5232 1942 5320 οἰκοδομεῖν

654 5295 663 5308 .
830 5295 888 5312 ..
1135 5295 1144 5309 .
1517 5295 1541 5296 η
1636 5295 1938 5304 --ν----πη

322 5325 382 5381 ού
433 5325 698 5402 φυτεύειν,
763 5326 827 5380 ού
896 5327 1095 5398 σπόρον
1167 5295 1498 5384 κατατιθέναί
1549 5295 1963 5402 δύναται,⁴ού;

319 5362 382 5435 :v
433 5362 698 5431 tuHhuﬁy,
763 5362 827 5380 νυ
896 5362 1094 5398 υηυιλυν
1167 5362 1498 5384 ηυιιιιιοιυινιιι
1555 5362 1796 5402 υυναῖαι,
1854 5362 1962 5416 ουγ

317 5436 496 5488 ετερον
540 5437 592 5470 τι
649 5419 755 5470 τῶν
809 5420 906 5471 τοῦ
953 5417 1164 5487 κόσμου
1224 5413 1395 5491 ἔργων
1446 5420 1616 5475 ἀνύειν
1651 5423 1834 5480 ὀὕτω
1873 5403 1966 5486 καί

316 5503 485 5580 ψυχαὶ
544 5504 814 5568 πολλάκις
879 5502 974 5562 κάν
1035 5505 1179 5568 θείας
1249 5506 1511 5581 μετέσχον
1576 5511 1805 5588 χάριτος
1874 5521 1961 5574 καὶ

337 5683 382 5721 ⁵¹
416 5686 580 5745 Rom.
613 5703 736 5756 νιιι,
762 5687 851 5745 35.
927 5687 976 5725 ⁵³
1003 5686 1178 5745 Eooli.
1212 5701 1270 5752 il,
1304 5687 1358 5743 1.
1436 5686 1482 5722 ⁸³
1511 5687 1529 5744 l
1563 5689 1688 5746 Cor.
1717 5710 1772 5766 χ,
1806 5699 1888 5756 13.

2072 4722 2235 4787 ferat,
2287 4736 2402 4776 non
2447 4717 2683 4773 habebit
2729 4730 2898 4770 usum
2947 4706 3364 4767 attenuationis
3417 4704 3478 4758 in
3531 4701 3629 4756 Illa
3678 4715 3781 4755 su-

2070 4811 2344 4868 tilissima
2417 4826 2432 4877 ;
2501 4809 2596 4863 sed
2666 4809 2884 4876 quanto
2950 4806 3199 4859 contusa
3261 4795 3496 4867 longius
3556 4791 3771 4859 fuerit,

2071 4904 2289 4973 quanto
2328 4899 2502 4955 radiis
2544 4897 2838 4969 pectinum
2884 4892 3106 4949 sulcata
3137 4887 3412 4954 crebrius,
3446 4887 3608 4939 tanto
3663 4897 3770 4952 pu-

2073 4992 2186 5048 rior
2247 4989 2562 5059 utiliorque
2626 4985 2849 5043 evadet.
2899 4984 2967 5038 Et
3013 4975 3518 5053 quemadmodum
3574 4988 3774 5029 recens

2071 5082 2384 5137 formatum
2434 5093 2554 5142 vas,
2605 5075 2794 5146 quoad
2855 5071 3190 5126 induratum
3246 5067 3380 5138 igne
3429 5064 3622 5128 fuerit,
3655 5062 3778 5117 ine-

2071 5176 2236 5242 ptum
2268 5175 2354 5224 est
2385 5167 2590 5221 usibus
2624 5164 2930 5228 humanis;
2979 5159 3230 5230 denique
3260 5155 3434 5211 veluti
3470 5169 3612 5226 puer
3641 5167 3777 5223 par-

2068 5259 2239 5314 vulus
2272 5274 2384 5313 non
2415 5255 2659 5310 idoneus
2705 5252 2886 5308 estad
2923 5250 3246 5306 functiones
3292 5247 3441 5314 vitae,
3483 5258 3615 5300 cum
3667 5256 3770 5295 nec

2068 5351 2376 5412 aedificare,
2431 5363 2535 5402 nec
2588 5345 2872 5417 plantare,
2914 5358 3018 5399 nec
3057 5356 3257 5397 semen
3309 5338 3364 5392 in
3417 5342 3626 5390 terram
3686 5331 3774 5400 ia-

2068 5455 2197 5497 cere
2241 5440 2314 5495 ad
2354 5439 2463 5494 hoc
2503 5441 2763 5510 paratam
2805 5433 3010 5502 valeat,
3063 5436 3165 5486 aut
3196 5427 3352 5483 aliud
3388 5422 3525 5494 quid
3557 5435 3627 5476 ex
3658 5435 3769 5476 usu

2074 5528 2279 5584 mundi
2333 5507 2518 5598 hujus
2559 5539 2774 5597 agere:
2828 5523 2911 5581 sic
2959 5521 3168 5579 animae
3227 5515 3590 5587 plerumque,
3642 5507 3774 5563 licet

3817 5905 3863 5927 Er..-
