4076 6280
348 371 460 431 927
1693 360 1749 419 S-

346 496 538 553 saeculi
556 513 577 561 ;
600 508 775 564 neque
793 489 1111 563 principum
1138 488 1301 559 hujus
1322 487 1523 554 saeculi,
1543 490 1642 560 qui
1678 489 2056 568 destmunlur,

349 586 440 641 sed
471 582 757 655 loquimur
795 583 894 637 Dei
949 582 1272 643 sapientiam
1308 580 1364 632 in
1416 581 1676 650 mysterio
1730 579 1795 634 2⁸.
1826 580 2064 648 Propter

353 677 473 732 haec
506 673 731 730 cunctis
762 671 1123 733 hominibus,
1157 670 1357 724 mundi
1391 672 1655 739 spiritum
1689 672 2059 731 habentibus,

351 766 432 821 uti
468 766 687 820 dictum
738 767 847 828 est,
884 778 983 816 seu
1033 760 1353 831 prudentiae
1411 776 1509 816 seu
1570 762 1866 831 sapientiae
1925 778 2060 816 con-

351 855 670 926 paratione,
706 852 803 906 ille
854 868 886 904 a
944 849 1110 903 nobis
1159 850 1483 920 descriptus
1541 849 1828 905 immenso
1882 850 2058 904 inter-

348 944 501 1000 vallo
553 943 972 1015 supereminet;
1032 942 1318 1011 siquidem
1394 941 1489 997 hic
1573 957 1755 997 omnes
1814 942 2060 997 homines

349 1034 623 1103 dijudicat
682 1034 746 1099 ’5,
781 1032 1099 1087 secundum
1154 1032 1305 1101 quod
1360 1033 1641 1102 scriptum
1690 1036 1822 1086 est:
1883 1030 2056 1100 spiri-

353 1124 548 1192 tualis,
610 1123 871 1193 inquam,
934 1122 1230 1193 cognoscit
1305 1136 1806 1191 unumquemque,
1842 1120 2057 1173 discer-

344 1229 491 1268 nens
553 1214 704 1267 unde
757 1212 1053 1282 loquatur,
1090 1210 1189 1264 ubi
1248 1215 1381 1279 stet,
1412 1210 1473 1264 in
1533 1210 1744 1280 quibus
1771 1214 2053 1264 versetur.

348 1305 547 1373 Ipsum
636 1306 829 1355 autem
914 1300 1171 1354 vicissim
1253 1300 1632 1369 dignoscendi
1685 1304 1786 1354 aut
1844 1299 2057 1367 dijudi-

346 1392 541 1455 candi,
576 1390 796 1445 nemini
848 1388 1121 1458 spiritum
1168 1388 1373 1441 mundi
1439 1388 1774 1442 habentium
1811 1387 2058 1441 facultas

346 1485 475 1539 est;
514 1479 625 1534 nisi
659 1478 758 1549 qui
810 1478 1024 1549 pariter
1072 1493 1200 1532 cum
1260 1493 1325 1531 eo
1377 1476 1692 1531 divinitatis
1732 1476 2059 1545 impertitus

346 1570 564 1639 Spiritu
633 1568 801 1622 fuerit
839 1576 939 1621 :ut
1006 1568 1087 1621 ait
1136 1567 1205 1621 de
1263 1565 1479 1621 talibus
1538 1565 1783 1636 loquens
1825 1565 2057 1620 divinus

345 1660 714 1729 Apostolus:
778 1656 1169 1727 Spiritualibus
1244 1656 1564 1723 spiritantia
1630 1661 2054 1723 comparantes;

344 1747 624 1802 animalis
655 1750 839 1801 autem
888 1745 1043 1799 homo
1101 1762 1207 1798 non
1238 1746 1471 1815 percipit
1519 1758 1641 1814 qua
1669 1747 1793 1798 sunt
1826 1745 2058 1813 Spiritus

345 1840 465 1893 Dei.
501 1837 757 1892 Stultitia
789 1835 940 1890 enim
988 1845 1065 1890 est
1122 1835 1253 1895 illi;
1282 1836 1589 1904 spiritualis
1631 1842 1821 1891 autem
1842 1834 2059 1906 judicat

343 1930 546 1993 omnia,
589 1931 640 1981 et
673 1930 782 1993 ipse
814 1942 844 1977 (ι
868 1927 1088 1979 nemine
1108 1924 1397 1994 judicatur
1427 1924 1492 1981 ’7.

415 2014 762 2071 XXtV.Non
823 2014 994 2068 aliter
1051 2015 1321 2081 cuiquam
1392 2013 1726 2085 contingere
1800 2014 2057 2070 sanctis-

344 2105 476 2160 simi
538 2104 716 2171 hujus
766 2102 1015 2171 Spiritus
1064 2102 1430 2173 partieipatio
1489 2109 1696 2172 potest,
1767 2119 1937 2172 quam
2006 2102 2056 2156 si

346 2193 513 2264 plane
571 2192 913 2262 peregrinus
967 2190 1154 2244 factus
1215 2189 1351 2244 huic
1376 2190 1608 2259 sreculo,
1640 2197 1824 2245 totum
1859 2207 1919 2244 se
1951 2192 2057 2245 ad-

343 2283 495 2337 dicat
556 2280 917 2349 inquisitioni
974 2278 1273 2334 charitatis
1330 2279 1581 2345 Christi;
1624 2281 1703 2334 ita
1754 2284 1818 2332 ut
1865 2280 2054 2334 omni-

342 2372 455 2426 bus
480 2387 605 2441 que:
657 2371 813 2425 circa
872 2368 1175 2423 materiam
1236 2375 1563 2435 versantur,
1616 2369 1771 2424 curis
1828 2370 2054 2425 solutus

344 2460 596 2529 animas,
628 2461 729 2514 uni
780 2459 916 2513 huic
987 2459 1350 2528 assequendo
1406 2476 1579 2528 scopo
1611 2468 1789 2525 vacet,
1824 2475 1937 2528 quo
1970 2459 2054 2514 sic

341 2550 553 2619 dignus
586 2549 687 2600 ﬁat
720 2548 775 2601 in
839 2562 1022 2600 unum
1083 2563 1212 2600 cum
1269 2546 1499 2601 Christo
1538 2547 1859 2602 coalescere
1892 2546 2059 2617 spiri-

343 2642 491 2700 tum,
525 2645 585 2690 ut
642 2637 721 2690 ait
772 2637 1131 2704 Apostolus:
1169 2637 1277 2702 Qui
1332 2637 1581 2690 adhaeret
1632 2637 1878 2701 Domino,
1913 2652 2055 2691 unus

340 2728 573 2796 spiritus
630 2724 805 2781 est”.
842 2726 1061 2778 Anima:
1120 2740 1252 2779 vero
1307 2742 1432 2795 quae
1491 2727 1729 2779 omnino
1805 2726 2052 2791 cuipiam

345 2832 540 2870 rerum
607 2814 788 2883 hujus
855 2813 1053 2867 saeculi
1096 2813 1283 2867 deﬁxa
1323 2820 1430 2881 est,
1464 2822 1561 2868 aut
1594 2814 1650 2867 in
1686 2830 1811 2869 eam
1846 2814 2052 2869 affectu

343 2905 539 2976 aliquo
598 2904 954 2974 propendet;
992 2908 1132 2973 puta
1189 2904 1425 2968 divitiis,
1472 2903 1688 2974 glorize,
1752 2909 1852 2957 aut
1907 2904 2055 2957 ami—

345 2996 498 3050 oitiee
560 2995 889 3062 mundanae,
924 3010 1035 3047 non
1085 2994 1189 3048 erit
1248 2992 1519 3064 possibile
1587 2995 1784 3064 fugere
1843 2999 1898 3048 et
1936 2999 2050 3048 tra-

339 3084 593 3153 jiciendo
626 3098 999 3155 perrumpere
1031 3083 1294 3138 tenebras
1352 3082 1769 3138 diabolicarum
1802 3088 2054 3153 potesta-

344 3179 492 3230 tum.

418 3263 579 3319 XXV.
615 3262 890 3318 Veritatis
938 3268 993 3317 et
1036 3261 1135 3317 Dei
1186 3267 1448 3317 amantes
1509 3263 1732 3331 animae,
1794 3278 1863 3317 ne
1923 3262 2051 3317 bre-
2083 3227 2132 3293 ϐ

343 3370 471 3408 vem
532 3353 772 3424 quidem
832 3352 1325 3406 intermissionem
1403 3353 1704 3407 admittere
1763 3352 2056 3407 sustinent

345 3444 562 3496 amoris
596 3459 710 3512 quo
743 3458 881 3512 erga
929 3440 1241 3495 Dominum
1303 3441 1589 3511 flagrant;
1651 3442 1748 3495 sed
1810 3446 1939 3495 tota:
1985 3459 2053 3496 ex

344 3536 465 3585 toto
527 3532 684 3584 cruci
745 3530 925 3597 hujus
1003 3530 1261 3595 conﬁxae,
1308 3530 1663 3596 spiritualem
1734 3530 2050 3598 profectum

345 3637 516 3674 sensu
555 3620 809 3689 quodam
872 3619 1075 3672 intimo
1136 3624 1191 3671 et
1231 3634 1442 3672 arcana
1491 3618 1820 3685 intelligunt
1876 3636 2053 3690 expe-

345 3708 574 3763 ricntia.
631 3706 956 3761 Vulnerata:
1015 3707 1192 3777 igitur
1247 3706 1362 3762 isto
1422 3707 1727 3772 desiderio,
1770 3716 1941 3774 et,ut
1972 3710 2052 3765 sic

346 3797 555 3864 dicam,
620 3796 898 3850 famelica:
951 3796 1194 3865 justitia:
1278 3796 1661 3866 omniumque
1745 3796 2049 3863 virtutum,

344 3890 516 3955 atque
576 3885 991 3941 illustrationis
1069 3884 1202 3939 boni
1283 3884 1552 3956 Spiritus,
1603 3885 1706 3940 etsi
1759 3886 2050 3957 mysteriis

345 3976 528 4047 dignae
588 3975 826 4041 divinis,
887 3976 997 4030 etsi
1030 3975 1236 4029 laetitias
1270 3976 1521 4030 caelestis
1554 3980 1609 4029 et
1640 3982 1832 4046 gratia:
1867 3977 2051 4047 parti-

342 4067 499 4137 cipes
532 4068 693 4122 facta:
726 4067 861 4131 sint,
895 4084 1008 4120 non
1058 4072 1252 4121 tamen
1306 4067 1363 4120 in
1414 4084 1472 4121 se
1512 4068 1829 4132 conﬁdunt,
1863 4083 2050 4137 neque

340 4175 467 4213 esse
525 4174 585 4212 se
653 4157 865 4227 aliquid
922 4163 1163 4227 putant;
1198 4158 1296 4211 sed
1359 4160 1591 4229 quando
1652 4159 2049 4213 abundantius

342 4253 785 4317 consequuntur
843 4246 1173 4317 spiritualia
1232 4248 1403 4314 dona,
1441 4253 1599 4300 tanto
1632 4247 1855 4301 avidius
1886 4248 2048 4301 inex-

341 4336 627 4407 plebiliter
672 4337 903 4390 inhiant
955 4337 1210 4391 ulteriori
1270 4336 1699 4407 participationi
1729 4337 2048 4392 caelestium

339 4427 701 4497 gratiarum;
738 4431 1019 4497 tantoque
1059 4428 1126 4481 ad
1191 4428 1341 4481 hanc
1402 4444 1463 4481 se
1516 4428 1863 4481 laboriosius
1920 4428 2047 4482 cni—

336 4516 511 4572 teudo
566 4516 908 4588 disponunt.
970 4519 1193 4572 Rursus
1248 4521 1459 4586 quanto
1509 4517 1740 4572 dulcius
1793 4518 2051 4572 sentiunt

335 4624 396 4663 se
433 4608 710 4678 proﬁcere
772 4610 830 4662 in
873 4608 1122 4678 sipiritu,
1156 4612 1316 4662 tanto
1367 4607 1535 4677 quasi
1569 4606 1837 4677 gulosius
1868 4624 2049 4678 appe-

338 4699 466 4750 tunt
502 4698 937 4768 perceptionem
1012 4694 1351 4751 deliciarum
1386 4696 1761 4761 earumdem;
1812 4701 1867 4749 et
1924 4695 2041 4766 spi-

339 4784 621 4840 ritualiter
678 4786 1061 4857 locupletatus,
1096 4784 1227 4852 sibi,
1290 4790 1575 4856 quantum
1618 4786 1675 4839 in
1729 4784 1874 4855 ipsis
1932 4789 2041 4851 est,

337 4889 619 4943 pauperes
648 4876 939 4941 videntur,
977 4876 1148 4943 juxta
1206 4874 1461 4929 divinam
1494 4875 1853 4945 Scripturam
1892 4891 1905 4929 :
1937 4875 2046 4943 Qui

338 4958 507 5013 edunt
537 4977 644 5024 me,
694 4961 873 5016 adhuc
920 4961 1202 5029 esuriant;
1247 4970 1295 5016 et
1342 4964 1435 5031 qui
1485 4962 1673 5017 bibunt
1716 4979 1821 5027 me,
1868 4962 2046 5016 adhuc

339 5048 528 5102 sitiant
557 5047 620 5101 ’9.

411 5136 620 5193 XXVI.
655 5138 819 5193 Tales
879 5140 1083 5194 animas
1142 5144 1199 5194 et
1248 5139 1489 5206 gratiam
1540 5142 1833 5212 accipiunt
1865 5141 2045 5211 plenae

338 5227 698 5283 liherationis
744 5244 777 5282 ει
837 5228 1376 5299 perturbationibus
1437 5230 1790 5298 affectuum;
1838 5230 2046 5284 etillu-

340 5317 684 5375 strationem
718 5324 773 5372 et
804 5317 1275 5373 communionem
1309 5319 1758 5390 diviniSpii-itus
1783 5322 1837 5374 in
1874 5319 2050 5390 pleni-

339 5408 540 5463 tudine
611 5408 803 5476 gratiaa
878 5406 1130 5477 perfecte
1187 5423 1595 5477 assequuntur.
1624 5409 1871 5464 Diversa:
1948 5426 2047 5465 au-

340 5497 463 5552 tem
494 5497 564 5552 ab
614 5497 707 5553 his
757 5498 954 5569 pigra},
988 5494 1253 5554 laborum
1311 5498 1703 5569 impatientes,
1728 5516 1842 5555 non
1896 5517 2048 5571 quae-

410 5702 459 5738 ³⁵
498 5701 521 5756 Ῑ
564 5704 688 5756 Cor.
722 5717 782 5770 ιι,
822 5703 875 5759 6.
956 5702 1001 5739 ²⁶
1038 5701 1181 5760 ibid.
1226 5705 1310 5757 15.
1390 5701 1435 5737 ³7
1476 5702 1619 5757 ibid.
1665 5704 1751 5757 13.

1801 360 2118 422 MAGARII
2164 363 2504 425 IEGYPTII

1830 5704 1877 5737 ²⁸
1916 5708 1936 5759 Ι
1978 5706 2105 5764 Cor:

3695 360 3815 423 928

2090 491 2327 558 Ανων⁹
2386 490 2533 546 ἀλλὰ
2590 487 2867 563 λαλοῦμεν
2934 486 3121 566 σοφίαν
3182 491 3337 555 Θεοῦ,
3396 482 3447 542 ἓν
3510 488 3815 565 μυστηρίῳ,

2173 580 2271 634 Διά
2298 586 2464 635 ταῦτα
2495 579 2582 636 καὶ
2629 579 2841 635 πάντων
2871 582 2979 634 τῶν
3026 576 3326 651 ἀνθρώπων
3368 577 3429 633 τὸ
3478 582 3576 633 τοῦ
3606 580 3815 651 κόσμου

2170 675 2382 742 πνεῦμα
2436 670 2694 745 ἐχόντων,
2753 671 2991 743 καθάπερ
3065 666 3296 741 εἶ’ρηται,
3356 666 3463 722 εἷ’τε
3536 670 3817 743 φρονίμων

2174 758 2278 813 ε’ίτε
2337 765 2539 835 σοφῶν,
2600 761 2627 814 ὁ
2690 755 2905 813 τοιόσδε
2958 762 3073 818 τοῖς
3131 757 3285 819 ὅλοις
3316 755 3647 832 διενηνοχε’
3726 760 3814 813 καὶ

2174 849 2376 909 πάντας
2469 850 2561 920 μὲν
2638 846 2955 922 ἀνθρώπους
3029 847 3321 919 ἀνακρίνει,
3380 846 3515 900 κατὰ
3588 848 3651 901 τὸ
3724 868 3814 921 γε·

2168 937 2501 1011 γραμμένον,
2545 939 2601 990 '0
2644 940 2890 997 τοιοῦτος
2952 937 3207 1011 γινώσκει
3264 956 3322 990 τε
3372 932 3593 989 ἕκαστον
3654 936 3813 991 πόθεν

2168 1048 2226 1081 τε
2257 1026 2430 1100 λέγει,
2479 1028 2569 1081 καὶ
2609 1030 2704 1080 τοῦ
2751 1023 2968 1095 ἕστηκε,
3002 1025 3053 1079 ἐν
3105 1025 3284 1085 ποίοις
3327 1022 3467 1079 ἐστίν
3504 1044 3518 1060 ο
3569 1022 3820 1081 αὑτὸνδὲ

2169 1114 2351 1170 οὐδενὶ
2381 1120 2487 1170 τῶν
2537 1115 2777 1194 ἐχόντων
2809 1117 2870 1169 τὸ
2910 1119 3006 1169 τοῦ
3055 1114 3265 1186 κόσμου
3297 1112 3503 1168 πνεῦλα
3553 1112 3815 1190 διαγινώ-

2170 1227 2310 1260 σκειν
2342 1228 2399 1261 τε
2427 1206 2515 1259 καὶ
2547 1204 2847 1278 ἀνακρίνειν
2898 1203 3121 1276 δύναμις
3156 1221 3168 1233 ·
3218 1204 3301 1257 ότι
3338 1205 3413 1276 μὴ
3457 1202 3640 1276 ἐκείνῳ
3677 1205 3723 1275 ᾧ
3753 1205 3817 1258 τὸ

2168 1295 2355 1367 ὅμοιόν
2416 1294 2526 1349 ἐστι
2583 1302 2683 1363 τῆς
2739 1290 2993 1363 θεότητος
3053 1298 3288 1364 πνεῦμα,
3335 1294 3469 1347 κατὰ
3520 1293 3610 1347 τὸν
3671 1296 3814 1347 θεῖον

2168 1384 2500 1439 Ἀπόστολον
2568 1402 2581 1415 '
2664 1388 3053 1455 Πνευματικοῖς
3152 1382 3490 1455 πνευματικὰ
3592 1382 3815 1455 συγκρί-

2165 1497 2340 1538 νοντες
2373 1493 2386 1506 ·
2448 1474 2683 1549 ψυχικὸς
2742 1471 2798 1527 δὲ
2855 1470 3141 1547 ἄνθρωπος
3202 1470 3263 1526 οἱ)
3320 1470 3538 1547 δέχεται
3595 1471 3660 1527 τά
3716 1476 3815 1527 τοῦ

2169 1564 2478 1637 Πνεόματος
2521 1568 2617 1618 τοῦ
2667 1567 2798 1618 Θεοῦ
2834 1584 2846 1597 ο
2902 1563 3083 1637 μωρία
3109 1562 3210 1636 γάρ
3260 1561 3370 1616 ἐστι
3418 1562 3597 1634 τούτῳ
3629 1579 3642 1591 ·
3696 1563 3724 1616 ὁ
3758 1559 3817 1617 δὲ

2167 1653 2528 1725 πνευματικὸς
2578 1651 2847 1725 ἀνακρίνει
2884 1654 2976 1724 μὲν
3019 1652 3211 1724 πάντα,
3263 1651 3422 1712 αὐτὸς
3457 1650 3547 1705 ὑπ’
3595 1647 3815 1715 οὐδενὸς

2166 1742 2528 1817 ἀνακρίνεται.

2088 1864 2134 1929 Β

2915 2007 2960 2027 51

2238 2014 2357 2067 ΚΔ’.
2417 2015 2519 2065 Τοῦ
2575 2010 2836 2085 παναγίου
2912 2010 2966 2063 δὲ

2167 2100 2450 2177 ἀμήχανον
2505 2094 2687 2159 ἅλϐως
2720 2104 2933 2176 τυχεῖν,
2969 2098 3012 2152 εἰ
3068 2099 3142 2170 μή
3174 2099 3389 2153 πάντων
3438 2120 3521 2159 τις
3566 2103 3673 2152 τῶν
3713 2102 3815 2153 τοῦ

2166 2188 2358 2250 αῗῶνος
2414 2190 2608 2243 τούτου
2663 2188 2809 2257 ξενος
2860 2188 3175 2261 γενόμόνος,
3232 2190 3367 2261 πρὸς
3425 2190 3523 2257 την
3587 2190 3811 2258 ζήτησιν

3732 2277 3743 2293 1

3026 2030 3159 2086 φησι
3233 2008 3427 2063 τοότον
3498 2007 3815 2082 Πνεόματος

2164 2285 2262 2346 τῆς
2311 2282 2405 2331 τοῦ
2472 2282 2701 2351 Χριστοῦ
2778 2277 2992 2351 ἀγάπης
3072 2279 3253 2332 ἑαυτὸν
3329 2279 3662 2348 ἂποτάξειεν,
3717 2277 3814 2332 ἵνα

2164 2372 2349 2421 πασῶν
2387 2371 2492 2422 τῶν
2537 2368 2671 2420 κατὰ
2699 2369 2796 2435 τὴν
2852 2366 2989 2436 ὕλην
3042 2371 3314 2441 μεριμνῶν
3347 2366 3551 2427 ἀνεθεὶς
3604 2369 3630 2421 ὁ
3663 2371 3811 2435 νοῦς,

2166 2458 2287 2531 περῖ
2319 2457 2409 2510 τὸν
2441 2452 2534 2509 ἕνα
2562 2460 2752 2510 τοῦτον
2804 2477 2999 2509 σκνπον
3034 2457 3424 2531 ἀπασχολῆται
3479 2456 3642 2529 μόνον
3675 2476 3687 2487 ·
3720 2457 3810 2511 καῖ

2167 2548 2309 2601 οὕτω
2368 2548 2725 2616 καταξιωθείη
2766 2550 2896 2619 μετὰ
2953 2550 3185 2619 Χριστοῦ
3231 2546 3307 2608 εἰς
3355 2545 3411 2600 ἓν
3459 2551 3671 2619 πνεῦμα
3726 2567 3811 2623 γε·

2163 2638 2366 2703 νέσθαι,
2400 2636 2472 2696 ὥς
2525 2657 2684 2710 φησιν
2719 2637 2746 2689 ὁ
2798 2634 3128 2696 Ἀπόστολος
3162 2653 3175 2665 ⁸
3226 2636 3281 2690 Ὀ
3324 2633 3680 2707 κολλώμενος
3729 2636 3809 2705 τῷ

2168 2728 2374 2798 Κυρίῳ,
2408 2722 2553 2780 ἔσται
2598 2727 2674 2788 εἷς
2706 2724 2762 2781 ’ἐν
2809 2731 3042 2799 πνεῦμα,
3075 2732 3246 2801 Ψυχῇ
3290 2723 3347 2781 δὲ
3394 2731 3459 2801 τῇ
3508 2725 3650 2786 ὅλως
3698 2725 3803 2779 τινὶ

2164 2819 2269 2868 τῶν
2302 2819 2401 2869 τοῦ
2446 2814 2646 2876 αἰῶνος
2690 2815 2886 2869 τούτου
2937 2812 3287 2889 συνδεδεμένῃ
3336 2815 3420 2869 καὶ
3467 2816 3596 2886 πρὸς
3636 2812 3798 2867 αὐτὸν

2166 2904 2394 2977 ἐχούσῃ,
2423 2905 2541 2956 οἷον
2574 2903 2857 2975 πλούτῳῆ
2892 2902 3044 2977 δόξῃ,
3072 2902 3106 2971 ἢ
3139 2902 3298 2976 φιλίᾳ
3326 2908 3393 2977 τῇ
3413 2904 3542 2956 κατὰ
3567 2903 3792 2973 κόσμον,

2164 2994 2267 3047 οὐκ
2314 2992 2460 3048 ἔσται
2511 2993 2728 3047 δυνατὸν
2773 2998 2953 3069 φυγεῖν
3006 2992 3095 3048 καὶ
3146 2991 3461 3068 διαπερᾶσαι
3509 2993 3567 3047 τὸ
3613 2991 3801 3051 σκότος

2160 3092 2270 3140 τῶν
2299 3091 2552 3162 πονηρῶν
2584 3084 2882 3158 δυνάμεων.

2237 3271 2351 3320 KE'.
2405 3267 2472 3320 Αἱ
2524 3263 2848 3341 φιλολήθεις
2900 3264 3071 3340 ψυχαὶ
3116 3264 3205 3319 καὶ
3239 3264 3484 3343 φιλόθεοι
3531 3261 3654 3318 οὐδὲ
3709 3264 3809 3332 τὴν

2171 3356 2433 3432 βραχεῖαν
2486 3354 2668 3430 ὕφεσιν
2710 3358 2805 3409 τοῦ
2854 3355 2989 3428 πρὸς
3038 3355 3128 3408 τὸν
3183 3355 3373 3428 Κύριον
3416 3350 3620 3429 ἔρωτος
3679 3353 3810 3407 ὑπο-

2166 3442 2436 3514 μένουσιν·
2471 3441 2595 3496 ἀλλ’
2629 3442 2753 3497 ὅλαι
2787 3439 2855 3496 δι’
2887 3440 3020 3495 ὅλου
3052 3447 3130 3514 τῷ
3164 3447 3376 3517 σταυρῷ
3413 3443 3611 3497 τούτου
3640 3461 3810 3509 προσ-

2164 3532 2472 3605 ηλωμέναι,
2503 3536 2603 3602 τὴν
2654 3541 2754 3595 τῆς
2804 3536 3174 3606 πνευματικῆς
3226 3542 3513 3606 προκοπῆς
3556 3531 3809 3602 α’ίσθησιν

2164 3623 2214 3677 ἐν
2293 3625 2507 3685 ἑαυταῖς
2583 3624 2875 3699 γινομένην
2957 3625 3399 3703 ἐπιγινώσκουσι.
3468 3622 3809 3698 Τετρωμὲναι

2162 3716 2291 3785 γοῦν
2325 3713 2504 3784 τούτῳ
2534 3717 2612 3784 τῷ
2666 3714 2843 3785 πόθῳ,
2876 3715 2987 3781 καὶ,
3022 3714 3094 3775 ὡς
3147 3715 3338 3783 εἰπεῖν,
3371 3708 3607 3768 ἔκπεινοι
3656 3712 3811 3766 οὖσαι

2160 3801 2285 3873 περὶ
2316 3804 2416 3869 τὴν
2471 3800 2823 3873 δικαιοσύνην
2853 3807 2961 3857 τῶν
3006 3804 3231 3876 ἀρετῶν,
3263 3805 3348 3859 καὶ
3400 3805 3499 3873 τήν
3527 3806 3624 3857 τοῦ
3672 3802 3811 3877 ἀγα-

2163 3894 2258 3945 θοῦ
2335 3890 2645 3963 Πνεόματος
2724 3888 3025 3967 ἔλλαμψιν,
3102 3892 3196 3947 κᾶν
3280 3893 3594 3966 μυστηρίων
3665 3891 3809 3961 ἄξιαι

2161 3980 2346 4051 θείων,
2396 3980 2493 4035 κᾶν
2546 3982 2881 4059 εὐφροσύνης
2931 3982 3257 4056 ἐπουρανίου
3299 3982 3388 4036 καὶ
3438 3984 3667 4057 χάριτος
3719 3984 3812 4053 μὲ-

2158 4090 2320 4144 τοχοι
2349 4071 2610 4145 γὲνονται,
2655 4070 2715 4124 οὖ
2757 4070 3041 4125 πεποίθασι
3086 4072 3209 4145 περὶ
3259 4071 3469 4140 αὐταῖς,
3502 4069 3627 4125 οὐδὲ
3677 4069 3808 4124 εἶναί

2157 4182 2208 4213 τι
2243 4157 2452 4213 οἴονται
2489 4177 2502 4189 ·
2537 4158 2663 4214 ἀλλ’
2698 4160 2808 4231 ὅσῳ
2857 4161 3217 4239 χαρισμάτων
3249 4161 3519 4231 ἀξιοῦνται
3566 4180 3812 4232 πνευμα-

2158 4253 2351 4317 τικῶν,
2384 4249 2630 4320 τοσούτῳ
2665 4247 2877 4322 μᾶλλον
2906 4249 3204 4321 ἀπλήστως
3236 4244 3461 4324 ἔχουσαι
3493 4254 3599 4303 τῶν
3647 4248 3808 4322 οὐρα-

3175 4339 3263 4394 καὶ
3297 4338 3408 4411 ὅσῳ
3439 4344 3806 4410 πνευματικῆς

2160 4428 2503 4482 αἰσθάνονται
2563 4435 2870 4499 προκοπῆς,
2928 4429 3173 4503 τοσούτῳ
3224 4425 3288 4498 δὴ
3345 4431 3433 4483 καὶ
3494 4428 3807 4501 λιχνότεραι

2158 4341 2287 4393 νίων
2324 4337 2765 4415 φιλοπονώτερον
2799 4337 3083 4409 ἐκζητοῦσι
3120 4357 3132 4370 ·

2158 4519 2293 4593 πρὸς
2322 4520 2418 4586 τήν
2478 4518 2783 4592 μετάληψιν
2833 4518 3039 4575 τούτων
3082 4520 3343 4598 γίνονται,
3376 4522 3466 4574 καὶ
3510 4538 3803 4592 πνευματι-

2082 4606 2267 4669 Βκῶς
2336 4607 2697 4675 πλουτοῦσαι,
2757 4608 2819 4663 τό
2876 4631 2934 4681 γε
2991 4611 3118 4685 παρ’
3185 4610 3418 4677 ἑαυταῖς,
3478 4608 3803 4683 πενομὲναις

2155 4698 2381 4768 ἐοίκασι,
2441 4698 2576 4751 κατά
2640 4698 2740 4765 τὴν
2801 4698 2940 4753 θείαν
3015 4701 3235 4774 Γραφήν
3274 4718 3287 4733 ⁸
3366 4701 3428 4754 Οἱ
3500 4699 3801 4774 τρώγοντες

2153 4787 2257 4861 γάρ
2318 4806 2406 4858 με,
2486 4786 2669 4859 φησὶν,
2742 4785 2818 4840 ἔτι
2876 4789 3208 4858 πεινάσουσι,
3267 4788 3355 4843 καὶ
3432 4790 3481 4842 οἱ
3557 4788 3797 4848 πίνοντές

2159 4895 2224 4947 με
2256 4869 2329 4928 ἔτι
2365 4871 2710 4946 διψήσουσιν.

2411 5145 2477 5197 Αἱ
2516 5148 2761 5197 τοιαῦται
2807 5145 2976 5219 ψυχαὶ
3020 5145 3109 5199 καὶ
3156 5147 3255 5210 τῆς
3284 5151 3389 5200 τῶν
3420 5147 3603 5200 παθῶν
3651 5144 3801 5200 ἕλευ·

2158 5233 2335 5307 θερίας
2406 5234 2741 5288 παντάπασιν
2812 5236 3101 5304 ἀξιοῦνται,
3160 5234 3248 5289 καὶ
3330 5236 3430 5303 τὴν
3492 5240 3588 5290 τοῦ
3656 5235 3803 5289 θείου

2159 5324 2472 5396 Πνεόματος
2506 5316 2780 5396 ἕλλαμψίν
2830 5344 2887 5379 τε
2916 5325 3003 5379 καὶ
3055 5326 3336 5380 κοινωνίαν
3368 5324 3419 5379 ἐν
3463 5324 3804 5397 πληρώματι

2156 5419 2257 5482 τῆς
2310 5414 2535 5487 χάριτος
2582 5410 2805 5475 τελείως
2849 5417 3195 5486 κομίζονται.
3247 5416 3398 5469 Ὅσαι
3459 5412 3515 5469 δὲ
3574 5412 3806 5490 ὀκνηραί

2156 5521 2215 5555 τε
2242 5501 2332 5555 καὶ
2380 5499 2728 5576 ἀφερὲπονοι,
2761 5500 2849 5557 καὶ
2886 5503 2960 5575 μή
3018 5506 3272 5573 ζητοῦσαι
3302 5502 3395 5557 τὸν
3436 5506 3535 5571 τῆς
3573 5499 3801 5576 καρδίας

2150 5723 2226 5774 νι,
2269 5707 2357 5763 17.
2435 5706 2480 5743 ²⁹
2517 5707 2690 5765 Eocli.
2732 5725 2886 5779 xxxv,
2923 5708 3013 5766 29.
