4076 6280
321 377 444 438 929

1594 375 1829 435 LIBER
1873 372 1973 433 DE
2016 371 2164 432 CHA
2178 372 2480 432 Hl'l‘A'I‘E.

3670 375 3786 433 930

320 509 616 582 ἀγιασμρν,
644 505 880 560 ἐντεῦθεν
906 505 979 566 ὡς
1013 503 1062 560 ἒν
1115 506 1271 577 σαρκὶ
1320 501 1399 558 ἔτι
1445 507 1828 578 τυγχάνουσιν,
1873 505 1968 558 οὐκ

2163 508 2228 560 nt
2259 505 2784 561 sanctiﬁcationem
2817 507 3004 562 cordis
3035 508 3215 578 (unde
3247 514 3298 562 et
3323 508 3489 576 quasi
3525 507 3584 562 in
3615 523 3787 564 carne

315 596 379 651 ἐκ
446 596 641 670 μέρους
699 592 826 650 ἀλλ’
885 591 1213 662 ὁλοκλήρως
1269 589 1338 646 δι’
1389 592 1672 665 ὑπομονῆς
1732 590 1974 661 δέξασθαι

315 686 417 740 καὶ
478 685 857 758 μακροθυμίας
907 701 921 715 ⁶
977 679 1116 754 μηδὲ
1171 683 1501 751 κοινωνῆσαι
1562 683 1640 752 τῷ
1700 681 1974 753 Πνεύματι

315 779 402 846 τῷ
454 773 796 849 παρακλήτῳ
851 773 988 827 κατά
1040 775 1212 825 πᾶσαν
1262 770 1509 840 αἴσθησιν
1559 771 1648 824 καὶ
1696 769 1974 847 πληροφο-

319 866 445 937 ρίαν
478 861 769 932 ἠλπίκασι,
803 863 891 916 καὶ
924 859 992 915 δι’
1037 861 1245 915 ἒκείνου
1275 864 1380 914 τῶν
1412 864 1594 914 παθῶν
1637 866 1735 928 τῆς
1784 860 1974 921 κακίας

318 951 717 1026 ἀπαλλαγῆναι
777 952 960 1022 αὗται,
1026 949 1121 1004 κὸίν
1165 952 1394 1024 χάριτος
1455 950 1599 1011 θείας
1647 949 1920 1018 ἀξιωθεῖεν
1958 969 1968 981 ·

317 1043 451 1101 ἀλλ’
495 1047 597 1100 ὑπὸ
644 1053 742 1114 τῆς
790 1044 978 1106 κακίας
1029 1043 1394 1116 κλεπτόμεναι
1452 1045 1630 1112 πάσης
1688 1038 1974 1118 φροντίδος

320 1136 522 1198 ἑαυτὰς
571 1135 776 1204 ἀνῆκαν
818 1152 832 1168 ο
882 1136 973 1189 ἅτε
1003 1128 1270 1188 λαϐοῦσαι
1301 1134 1400 1202 τήν
1437 1132 1618 1208 χάριν,
1651 1132 1737 1186 καὶ
1770 1138 1872 1200 τῆς
1919 1130 1970 1200 ἐξ

318 1223 496 1294 αὐτῆς
541 1225 908 1299 τυγχάνουσαι
973 1221 1394 1298 παρακλήσεως,
1459 1223 1548 1276 καὶ
1602 1226 1972 1293 πνευματικῆς

316 1311 668 1387 γλυκύτητος
725 1311 1118 1368 ἀπολαύουσαι.
1177 1311 1352 1384 Ταύτῃ
1425 1311 1513 1364 καὶ
1581 1307 1758 1383 ῥᾴδιαί
1837 1308 1966 1364 εἶσιν

321 1401 610 1472 οἰηθῆναι,
657 1403 732 1476 μή
781 1397 1194 1475 συντριϐόμεναι
1249 1402 1349 1467 τήν
1399 1395 1644 1473 καρδίαν,
1701 1396 1840 1472 μηδὲ
1891 1403 1969 1471 τῷ

321 1494 640 1568 φρονήματι
698 1492 1139 1562 ταπεινούμεναι,
1192 1487 1334 1560 μηδὲ
1390 1484 1602 1562 ἔκδιψοι
1651 1487 1828 1550 οὖσαι,
1879 1489 1966 1543 καὶ

316 1581 462 1653 πρὸς
490 1581 552 1634 τὸ
581 1579 790 1634 τέλειον
824 1580 1019 1652 μὲτρον
1055 1586 1152 1646 τῆς
1188 1579 1442 1641 ἀπαθείας
1489 1580 1969 1650 κατατεινόμεναι-

317 1667 746 1742 ἐναπομείνασαι
778 1666 834 1722 δὲ
871 1672 940 1741 τῇ
973 1667 1137 1742 ὀλίγῃ
1168 1687 1336 1741 ταυτῃ
1368 1674 1467 1736 τῆς
1519 1668 1747 1742 χάριτος
1791 1687 1974 1740 παρα-

316 1758 542 1828 κλήσει,
575 1758 664 1812 καὶ
716 1758 790 1818 εἰς
840 1752 1081 1831 ἔπαρσιν,
1135 1757 1234 1812 οὐκ
1276 1756 1352 1818 εἰς
1403 1755 1724 1810 ταπείνωσιν
1767 1755 1974 1830 προκό-

316 1851 512 1920 ψασαι,

318 1933 466 1990 ἔστιν
500 1935 589 1989 ὅτε
617 1935 1083 2009 ἀπογυμνοῦνται.
1126 1935 1294 2009 Ψυχή
1345 1935 1446 2007 γὰρ
1488 1934 1561 1995 ὡς
1611 1933 1832 2002 ἀληθῶς
1881 1955 1969 2008 φι-

321 2025 540 2093 λόθεος,
575 2025 648 2085 ὡς
682 2027 710 2079 ὁ
745 2022 914 2098 λόγος
963 2017 1097 2100 ἔφθη
1133 2021 1411 2092 δηλώσας,
1440 2021 1537 2076 κᾶν
1585 2023 1779 2096 μυρίας
1843 2044 1973 2094 μετ-

323 2115 460 2189 έλθῃ
537 2112 892 2182 δικαιοσύνας,
960 2111 1057 2167 κᾶν
1132 2109 1321 2187 ἄκραις
1372 2110 1691 2185 ἀγρυπνίαις
1748 2110 1973 2185 ἐκτρίψῃ

323 2206 388 2258 τὸ
423 2209 604 2276 σῶμα,
634 2203 730 2259 κᾶν
763 2202 1123 2280 χαρισμάτων
1151 2205 1247 2256 τοῦ
1300 2201 1614 2273 Πνεύματος
1673 2197 1968 2276 διαφόρων,

327 2293 728 2368 ἀποκαλύψεών
801 2313 859 2346 τε
923 2291 1011 2345 καὶ
1075 2291 1388 2364 μυστηρίων
1461 2290 1740 2360 ἀξιωθείη,
1801 2289 1975 2354 οὕτως

324 2382 448 2459 ἔχει
511 2381 744 2457 μετρίως
805 2381 881 2444 ὡς
939 2383 1109 2450 μήπω
1163 2387 1262 2449 τῆς
1329 2379 1462 2433 κατὰ
1537 2380 1663 2434 Θεὸν
1750 2380 1970 2454 ἀγωγῆς

322 2475 600 2549 ἠργμένη,
646 2468 786 2545 μηδέ
831 2469 1146 2543 κτησαμένη
1195 2489 1246 2523 τι
1295 2473 1402 2522 τῶν
1453 2465 1804 2542 δεξιωτέρων,
1839 2467 1974 2542 ἔρω-

316 2567 489 2625 τικῶς
529 2561 616 2616 καὶ
650 2559 946 2631 ἀπλήστως
987 2559 1121 2634 πρὸς
1152 2559 1251 2628 τὴν
1301 2559 1435 2612 κατὰ
1480 2558 1717 2632 Χριστὸν
1758 2557 1973 2632 ἀγάπην

319 2650 633 2725 διακειμένη
645 2693 658 2707 .

2083 597 2275 650 adhuc
2306 595 2618 664 exsistunt)
2660 612 2773 650 non
2832 612 2901 651 ex
2943 606 3097 665 parte
3155 596 3256 652 sed
3343 597 3627 666 integram
3687 613 3788 668 per

2083 689 2572 758 perseverantiam
2623 693 2680 742 et
2740 688 3071 757 patientiam
3132 688 3422 760 recipere;
3484 706 3609 760 qua;
3689 704 3789 742 ne-

2083 793 2197 846 que
2263 787 2496 846 sperant
2562 777 2836 831 omnibus
2894 776 3160 832 sensibus
3235 787 3290 833 et
3345 777 3512 848 plena
3579 777 3790 832 fiducia

2082 867 2271 921 cordis
2327 866 2632 935 participes
2689 866 2935 935 Spiritus
2999 867 3270 936 paracleti
3349 867 3494 932 fieri,
3576 882 3790 937 perque

2079 953 2274 1026 ipsum
2336 973 2368 1010 a
2417 954 2947 1019 perturbationibus
3018 955 3254 1009 malitias
3331 955 3586 1022 liberari,
3655 956 3791 1012 licet

2081 1044 2320 1114 gratiam
2369 1043 2624 1098 divinam
2676 1044 2904 1112 adeptas
2944 1043 3082 1097 sint.
3125 1043 3234 1097 Sed
3269 1059 3302 1096 a
3333 1042 3548 1097 malitia
3600 1043 3790 1098 illusae

2080 1147 2309 1188 omnem
2369 1132 2825 1188 sollicitudinem
2867 1133 3192 1200 remittunt,
3233 1131 3410 1186 veluti
3467 1133 3791 1202 receperint

2070 1221 2193 1292 jam
2235 1222 2504 1293 gratiam,
2545 1226 2600 1278 et
2639 1239 2766 1293 quae
2807 1238 2876 1276 ex
2931 1221 3057 1292 ipsa
3114 1220 3264 1289 ﬂuit,
3305 1221 3788 1278 consolationem.

2079 1315 2135 1366 et
2174 1309 2467 1381 spirituali
2509 1310 2814 1366 dulcedine
2855 1311 3247 1380 perfruantur.
3291 1309 3454 1365 Unde
3489 1315 3546 1365 et
3593 1310 3788 1366 faciles

2078 1399 2137 1456 in
2179 1405 2466 1458 tumorem
2507 1402 2720 1457 mentis
2777 1401 3046 1456 incidunt
3099 1417 3214 1455 non
3281 1401 3539 1456 contritas
3593 1402 3790 1468 corde,

2080 1507 2184 1546 nec
2211 1492 2498 1551 sitientes.
2526 1507 2628 1546 nec
2651 1490 2990 1546 anhelantes
3019 1491 3090 1544 ad
3125 1489 3441 1560 perfectam
3463 1489 3795 1571 exstinctio;

2079 1579 2171 1634 nis
2193 1579 2505 1634 affectuum
2531 1596 2899 1647 mensuram;
2931 1579 3084 1634 206
3115 1579 3551 1649 acquiescentes
3589 1577 3794 1649 exigua

2080 1669 2187 1723 hac
2245 1668 2441 1739 gratiae
2507 1669 2944 1734 consolatione;
2980 1677 3032 1723 et
3094 1668 3280 1740 magis
3337 1667 3394 1722 in
3455 1667 3788 1735 elationem,

2081 1769 2257 1824 quam
2322 1756 2381 1810 in
2452 1755 2835 1810 humilitatem
2897 1754 3552 1825 proﬁcientes,undeet
3601 1755 3786 1826 gratia

575 1845 786 1919 μᾶλλον
851 1847 941 1900 καὶ
1009 1846 1172 1916 οὗπερ
1231 1846 1542 1914 ἠξιώθησαν
1603 1844 1966 1919 χαρίσματος,

2157 1842 2288 1906 tius,
2330 1859 2507 1913 quam
2564 1843 2862 1898 consecuti
2920 1846 3107 1910 erant,
3154 1841 3499 1910 spoliantur.
3541 1841 3667 1898 Non
3708 1842 3788 1898 sic

2081 1949 2210 1986 vere
2247 1934 2346 1986 Dei
2400 1947 2606 1986 amans
2673 1932 2882 1997 anima,
2927 1935 2992 1986 ut
3059 1931 3410 2000 praeciedens
3477 1931 3794 1988 declaravit

2080 2021 2767 2092 sermo;quantumlibet
2803 2021 2960 2075 enim
3018 2020 3342 2075 innumeris
3383 2035 3443 2074 se
3484 2036 3794 2078 commen-

2081 2111 2333 2165 dabilem
2376 2111 2572 2165 fecerit
2601 2109 2812 2164 ofﬁciis
2852 2112 3169 2176 virtutum;
3205 2109 3433 2163 etiamsi
3492 2110 3793 2167 acerrimis

2081 2199 2300 2270 vigiliis
2337 2215 2550 2270 corpus
2588 2199 2920 2267 extriverit;
2967 2204 3264 2268 utcunque
3321 2198 3490 2253 donis
3538 2198 3790 2269 Spiritus

2084 2289 2314 2359 magnis
2351 2297 2407 2343 et
2465 2288 2664 2354 variis,
2715 2289 2892 2343 etiam
2958 2287 3380 2342 revelationum
3423 2292 3480 2344 et
3535 2304 3790 2346 commu-

2083 2377 2389 2433 nicationis
2448 2377 2848 2449 mysteriorum
2926 2377 3102 2432 fuerit
3140 2376 3317 2448 digna
3355 2377 3575 2445 habita,
3617 2378 3688 2434 de
3727 2396 3789 2435 se

2085 2474 2272 2522 tamen
2313 2468 2456 2523 adeo
2495 2467 2674 2522 sentit
2712 2467 2960 2532 modice,
3002 2471 3066 2521 ut
3103 2467 3218 2522 sibi
3261 2467 3541 2534 videat-ur,
3584 2483 3656 2523 ne
3695 2484 3790 2522 ru-

2083 2558 2413 2613 dimentum
2472 2557 2712 2628 quidem
2771 2557 2961 2612 adhuc
3012 2572 3224 2627 ponere
3267 2558 3492 2628 cepisse
3527 2557 3656 2612 vitea
3697 2573 3792 2612 se-

2083 2650 2338 2704 cundum
2402 2651 2586 2702 Deum
2636 2652 2842 2714 rectae;
2887 2647 3101 2702 nedum
3152 2663 3214 2702 se
3266 2647 3564 2717 possidere
3612 2646 3790 2702 ullam

320 2744 791 2816 praestantiorum
833 2742 891 2796 in
931 2741 1024 2796 via
1059 2740 1314 2812 Spiritus
1353 2740 1603 2795 aestimet
1654 2739 1920 2808 dotium;
1961 2741 2085 2794 tota
2123 2737 2385 2807 interim,
2423 2736 2751 2793 vehementi
2807 2735 3110 2792 eharitatis
3169 2735 3304 2791 nisu
3345 2736 3416 2792 ad
3497 2735 3788 2793 Christum

322 2832 738 2890 insatiabiliter
775 2831 1090 2888 amandum
1125 2831 1493 2886 incumbens.

395 2923 510 2978 KZ'.
570 2920 666 2980 Εἷς
721 2919 788 2973 τὰ
848 2917 1014 2993 μὲτρα
1091 2915 1148 2973 δὶ
1223 2917 1494 2996 ἐφικέσθαι
1570 2921 1758 2988 ταῦτα,
1845 2915 1970 2972 οὔτε

318 3009 560 3081 ἁθρόως,
606 3004 731 3061 οὔτε
780 3005 982 3080 ῥᾳδίως
1032 3007 1246 3083 ἐφικτὸν
1301 3006 1474 3061 οὐδενὶ
1517 3026 1530 3039 ⁸
1565 3005 1710 3061 ἀλλά
1741 3004 1966 3061 πολλῶν

319 3099 506 3152 πόνων
565 3095 656 3151 καί
741 3096 964 3169 ἀγώνων
1025 3094 1411 3168 ἡγησαμένων,
1472 3096 1685 3172 χρόνων
1763 3116 1821 3149 τε
1875 3094 1966 3148 καὶ

2149 2916 2367 2974 XXVII.
2407 2917 2493 2972 Ad
2535 2916 2691 2972 hunc
2731 2916 2979 2988 gradum
3038 2914 3392 2987 pertingere,
3434 2931 3618 2987 neque
3656 2915 3790 2983 cito,

2078 3021 2268 3076 neque
2311 3004 2476 3059 facile
2515 3005 2803 3073 contingit
2843 3003 2967 3061 ulli.
3013 3003 3122 3059 Sed
3181 3005 3512 3074 praecedant
3565 3021 3792 3062 necesse

2078 3099 2167 3148 est
2220 3093 2388 3148 multi
2446 3092 2675 3149 labores
2743 3097 2802 3148 et
2857 3092 3198 3163 certamina,
3240 3109 3412 3148 moras
3489 3092 3674 3165 longas
3735 3100 3793 3150 et

321 3185 589 3254 σπουδῆς,
621 3186 756 3240 κατὰ
798 3181 1120 3257 δοκιμασίας
1152 3184 1241 3238 καὶ
1300 3188 1614 3258 πειρασμῶν
1673 3183 1965 3254 ποικίλων,

2152 3182 2342 3237 1dium
2410 3198 2543 3237 cum
2611 3182 2948 3253 probatione
3003 3187 3061 3238 et
3127 3181 3550 3239 tentationibus
3596 3183 3790 3252 variis,

319 3275 453 3350 ἄχρι
487 3274 576 3329 καὶ
616 3277 712 3328 τοῦ
757 3271 994 3340 τελείου,
1052 3272 1219 3350 φημὶ,
1277 3278 1376 3339 τῆς
1435 3271 1692 3331 ἀπαθείας
1748 3270 1968 3344 μέτρου.

317 3364 481 3423 Οῧτω
511 3365 618 3439 γάρ
657 3364 794 3436 πρὸς
849 3363 1020 3418 πάντα
1075 3364 1237 3416 πόνον
1301 3361 1388 3415 καὶ
1431 3360 1600 3416 κόπον
1654 3360 1966 3433 ἐξετασθεὶς,

318 3455 413 3509 καὶ
437 3452 602 3514 ὅλους
633 3451 970 3524 πειρασμοὺς
1005 3452 1134 3514 τοὺς
1183 3450 1286 3504 ὑπὸ
1316 3457 1416 3519 τῆς
1464 3448 1652 3509 κακίας
1703 3449 1973 3525 ἐπαγομέ-

317 3553 445 3603 νους
502 3540 758 3615 εὐψύχως
829 3540 1152 3614 ὑπενεγκὼν,
1212 3539 1333 3593 τότε
1389 3539 1478 3593 καὶ
1543 3543 1649 3593 τῶν
1715 3540 1969 3613 μεγάλων

316 3634 497 3702 τιμῶν
530 3629 621 3684 καί
652 3629 1014 3707 χαρισμάτων
1064 3631 1160 3682 τοῦ
1215 3627 1542 3700 Πνεύματος,
1568 3627 1658 3682 καὶ
1687 3633 1784 3682 τοῦ
1824 3628 1970 3684 θείου

314 3719 564 3775 πλούτου
595 3719 940 3788 καταξιοῦται
975 3736 990 3752 ⁶
1040 3719 1152 3772 εἶτα
1204 3719 1290 3773 καὶ
1351 3717 1702 3793 κληρονόμος
1748 3725 1847 3787 τῆς
1877 3717 1972 3773 ού-

316 3809 510 3887 ρανίου
548 3811 755 3884 γίνεται
793 3807 1092 3884 βασιλείας.

387 3902 526 3956 KH'.
569 3902 633 3954 Ἦ
683 3899 839 3972 ψυχὴ
885 3896 941 3952 δὲ
989 3897 1087 3952 οὐκ
1134 3896 1335 3972 ἔχουσα
1388 3900 1479 3971 μὲν
1527 3901 1626 3966 τήν
1682 3898 1972 3973 εἷρημὲνην

309 3998 415 4060 τῆς
448 3989 732 4050 πολιτείας
762 3983 1038 4060 ἀκρίϐειαν
1075 4006 1087 4018 ·
1127 3990 1294 4060 μήπω
1336 3985 1391 4042 δὲ
1419 3993 1516 4042 τοῦ
1567 3990 1840 4061 ἀγιασμοῦ
1875 3991 1971 4041 τοῦ

311 4080 366 4136 ἐν
398 4083 474 4152 τῇ
516 4076 715 4152 καρδίᾳ
771 4078 870 4144 τήν
917 4075 1162 4146 αἴσθησιν
1220 4074 1505 4148 δεξαμένη,
1566 4076 1823 4130 πενθείτω
1880 4077 1971 4131 καὶ

311 4169 553 4242 ζητείτω
604 4168 750 4242 παρᾶ
803 4171 899 4220 τοῦ
969 4163 1167 4237 Κυρίου
1219 4166 1456 4236 θερμῶς,
1500 4163 1590 4220 ’ίνα
1627 4169 1722 4219 τοῦ
1772 4165 1970 4239 ἀγαθοῦ

310 4259 516 4314 τούτου
556 4257 645 4310 καὶ
702 4262 802 4324 τῆς
853 4253 1119 4329 ἐνεργείας
1175 4260 1275 4321 τῆς
1333 4252 1384 4307 ἐν
1444 4257 1521 4324 νῷ
1581 4250 1650 4307 δι’
1717 4251 1967 4327 ἀῤῥῆτων

316 4349 567 4418 θεωριῶν
619 4342 914 4418 γινομένης
963 4345 1060 4396 τοῦ
1118 4341 1428 4414 Πνεύματος
1478 4341 1730 4420 ἐπιτύχῃ.
1767 4348 1967 4418 ’Ὠσπερ

317 4436 374 4491 δὲ
438 4434 574 4489 κατά
629 4435 723 4489 τὸν
781 4431 1230 4503 ἐκκλησιαστικὸν
1293 4431 1477 4505 νόμον,
1540 4433 1591 4486 οἱ
1632 4438 1967 4506 σωματικοῖς

317 4521 542 4584 ἁλόντες
601 4523 1012 4599 ἁμαρτήμασιν,
1071 4521 1422 4600 ἀφορίζονται
1485 4521 1579 4595 μὲν
1654 4523 1798 4595 παρά
1870 4526 1966 4576 τοῦ

317 4614 508 4688 ἱερέως
545 4613 608 4667 τὸ
653 4613 920 4686 πρότερον
953 4632 966 4644 ο
1001 4612 1118 4668 εἶτα
1166 4613 1266 4682 τήν
1314 4610 1448 4666 κατά
1479 4610 1644 4685 λόγον
1682 4612 1964 4684 μετάνοιαν

319 4697 770 4775 ἐπιδεδειγμενοι,
825 4702 913 4756 καὶ
974 4708 1074 4772 τῆς
1152 4700 1437 4763 κοινωνίας
1501 4703 1964 4772 μεταποιοῦνται·

321 4789 440 4842 ὅσοι
508 4785 564 4842 δὲ
620 4789 880 4850 ἀπτώτως
963 4791 1052 4844 καὶ
1119 4792 1370 4867 καθαρῶς
1429 4790 1750 4864 βεβιώκασι,
1827 4809 1964 4863 προ-

319 4875 582 4930 κόπτουσί
630 4897 690 4931 τε
728 4879 862 4951 πρὸς
910 4879 1233 4952 ἱερωσύνην,
1263 4882 1351 4934 καὶ
1410 4881 1513 4935 ἀπο
1551 4885 1648 4935 τοῦ
1706 4880 1964 4955 ἐξωτὲρου

319 4965 490 5020 τόπου
519 4967 619 5033 τήν
653 4960 758 5019 ἔσω
815 4970 912 5021 τοῦ
967 4969 1358 5043 θησιαστηρίου
1394 4971 1711 5044 μετάστασίν
1766 4992 1824 5026 τε
1874 4970 1964 5024 καὶ

319 5055 466 5125 τάξιν
515 5049 1016 5127 ἀπολαμϐάνουσιν,
1075 5057 1161 5112 ἵνα
1218 5057 1529 5135 λειτουργοὶ
1560 5059 1648 5115 καί
1705 5056 1964 5134 πάρεδροι

314 5149 394 5216 τῷ
429 5144 617 5218 Κυρίῳ
650 5141 971 5198 διατελῶσιν
1007 5164 1020 5179 ⁸
1055 5146 1203 5200 οὕτω
1246 5146 1311 5216 δὴ
1364 5155 1650 5223 σκοπῶμεν
1699 5151 1786 5203 καὶ
1838 5149 1962 5224 περὶ

313 5237 415 5299 τῆς
448 5236 716 5309 μυστικῆς
769 5237 864 5287 τοῦ
927 5234 1236 5305 Πνεύματος
1275 5237 1586 5303 κοινωνίας,
1617 5238 1741 5311 περὶ
1772 5240 1839 5306 ἧς
1882 5242 1963 5310 τῷ

316 5323 640 5396 Ἀποστόλῳ
699 5322 908 5398 εἴρηται
945 5342 956 5354 ·
1013 5324 1077 5378 Ἦ
1134 5325 1296 5398 χάρις
1369 5331 1464 5380 τοῦ
1527 5327 1724 5401 Κυρίου
1799 5329 1959 5398 ἡμῶν

315 5415 494 5485 ιΙησοῦ
553 5411 808 5487 Χριστοῦ,
866 5412 954 5467 καὶ
1009 5414 1044 5480 ἡ
1105 5412 1284 5486 ἀγάπη
1341 5419 1437 5467 τοῦ
1495 5419 1630 5469 Θεοῦ
1689 5416 1780 5469 καὶ
1849 5421 1960 5469 Πα-

312 5501 460 5572 τρὸς,
492 5501 581 5555 καὶ
639 5503 674 5570 ἡ
731 5501 990 5555 κοινωνία
1045 5504 1141 5555 τοῦ
1196 5500 1349 5576 ἁγίου
1411 5503 1746 5576 Πνεύματος.
1803 5507 1957 5578 Ὃψει

315 5594 631 5663 σωζομενην
665 5589 990 5646 ἀκολουθίαν
1024 5608 1036 5623 ·
1085 5589 1281 5646 ἐνοικεῖ
1314 5591 1409 5665 μὲν
1442 5593 1542 5669 γὰρ
1574 5595 1608 5662 ἡ
1643 5584 1760 5648 θεία
1791 5596 1956 5670 Τριάς

403 5681 450 5717 ³ο
485 5682 532 5736 II
569 5682 696 5736 Cor.
739 5699 861 5752 xm,
904 5685 990 5738 13.

582 5782 844 5844 Pari-.01..
893 5782 1000 5843 Gn.
1052 5785 1314 5848 XXXIV.

2079 3287 2264 3342 usque
2302 3273 2444 3327 dum
2485 3273 2555 3327 ad
2599 3272 2910 3342 perfectam
2955 3288 3285 3328 mensuram
3310 3271 3518 3343 quietis
3558 3276 3790 3344 pertur—

2078 3363 2382 3418 bationum
2426 3361 2812 3433 perveniatur.
2855 3363 2939 3417 Ita
2974 3362 3130 3418 enim
3173 3364 3410 3418 demum
3444 3378 3543 3435 per
3580 3366 3794 3419 cuncta

2080 3450 2523 3508 contentionum
2588 3467 3110 3524 mrumnarumque
3183 3469 3392 3524 genera
3437 3453 3790 3524 exploratus,

2080 3546 2137 3597 et
2175 3541 2594 3596 tentationibus
2635 3557 2669 3596 a
2709 3541 2929 3596 malitia
2981 3543 3286 3598 suscitatis
3344 3544 3607 3600 animose
3644 3541 3794 3598 tole-

2083 3635 2249 3695 ratis,
2292 3645 2640 3703 magnorum
2709 3631 2962 3702 denique
3021 3632 3331 3702 honorum,
3391 3638 3447 3688 et
3511 3636 3795 3688 donorum

2081 3721 2357 3792 Spiritus,
2400 3738 2696 3793 cpumque
2735 3723 3062 3776 divinarum
3113 3723 3353 3791 beatur;
3397 3732 3801 3795 postremoque

2082 3809 2266 3865 haeres
2309 3811 2372 3863 ﬁt
2412 3811 2574 3881 regni
2615 3811 2885 3867 cmlcstis.

2156 3898 2403 3954 XXVIII.
2443 3900 2656 3954 Anima
2714 3915 2847 3952 vero
2902 3914 3014 3954 non
3066 3899 3286 3954 habens
3344 3900 3582 3970 quidem
3623 3901 3798 3971 hanc,

2079 3991 2149 4044 de
2214 4007 2328 4058 qua
2389 3989 2671 4054 diximus,
2731 3990 3029 4059 exquisitae
3110 3991 3560 4046 conversationis
3619 3991 3794 4047 soler-

2081 4079 2266 4142 tiam;
2300 4093 2484 4148 neque
2541 4077 2682 4133 dum
2724 4079 2917 4134 intimi
2969 4095 3180 4135 sensus
3219 4080 3615 4151 experimento
3682 4081 3795 4136 sibi

2082 4167 2486 4237 consciaejus,
2521 4183 2644 4238 quas
2715 4172 2804 4224 est
2861 4169 2920 4224 in
2989 4169 3159 4224 corde
3223 4186 3353 4237 suo,
3385 4169 3798 4226 sanctiﬁcatio-

2079 4259 2192 4326 nis,
2226 4257 2419 4330 lugeat
2471 4266 2530 4315 et
2565 4265 2789 4331 quaret
2819 4277 2854 4316 a
2909 4259 3155 4316 Domino
3196 4261 3500 4330 ferventer,
3535 4265 3599 4316 ut
3654 4261 3794 4316 boni

2079 4347 2256 4419 hujus
2312 4353 2369 4404 et
2425 4350 2781 4421 operationis
2837 4351 3112 4421 Spiritus,
3178 4367 3306 4422 quae
3361 4350 3422 4406 in
3490 4355 3682 4407 mente
3730 4350 3794 4406 fit

2078 4454 2183 4508 per
2250 4454 2490 4494 arcanas
2555 4438 3100 4510 contemplationes,
3155 4439 3446 4495 efﬁciatur
3528 4456 3787 4511 compos.

1999 4565 2046 4628 D
2078 4528 2255 4581 Porro
2296 4528 2793 4596 quemadmodum
2848 4528 3016 4598 juxta
3081 4529 3536 4585 ecclesiasticam
3577 4529 3787 4602 legem,

2076 4615 2134 4671 in
2203 4615 2431 4672 delictis
2479 4616 2824 4688 deprehensi
2897 4619 3210 4689 corporeis,
3253 4623 3630 4690 segregantur
3659 4621 3788 4690 qui-

2075 4704 2206 4761 dem
2265 4705 2513 4775 primum
2579 4721 2682 4776 per
2746 4708 3139 4774 sacerdotem;
3182 4705 3393 4762 deinde
3448 4707 3789 4778 praescripta

2072 4797 2394 4851 canonihus
2474 4796 2814 4866 paenitentia
2882 4797 3160 4863 exhibita,
3228 4795 3632 4853 communioni
3699 4814 3788 4854 re-

2073 4891 2396 4940 stituuntur
2428 4903 2441 4954 ;
2477 4887 2578 4956 qui
2635 4903 2767 4941 vero
2821 4886 2949 4941 sine
3006 4886 3325 4942 offensione
3375 4893 3431 4942 et
3471 4903 3612 4958 pure
3640 4888 3789 4944 vixe-

2073 4979 2228 5041 runt,
2281 4984 2693 5046 promoventur
2745 4977 2813 5030 ad
2858 4977 3275 5043 sacerdotium,
3307 4981 3365 5032 et
3401 4979 3472 5031 ab
3511 4977 3785 5034 exteriori

2068 5062 2194 5118 Ioco
2256 5063 2500 5118 interius
2557 5065 2626 5118 ad
2684 5062 2883 5119 allaris
2945 5065 3216 5120 viciniam
3257 5065 3523 5132 admissi,
3564 5074 3780 5121 statum

2063 5153 2186 5222 jam
2226 5158 2283 5207 et
2321 5151 2585 5207 ordinem
2627 5153 2943 5222 accipiunt,
2975 5159 3039 5208 ut
3082 5153 3332 5208 ministri
3374 5159 3431 5209 et
3454 5170 3782 5210 assessores

2071 5243 2312 5297 Domino
2346 5242 2518 5309 fiant;
2562 5243 2629 5296 ad
2682 5241 3049 5298 consimilem
3119 5242 3356 5299 modum
3419 5260 3538 5299 rem
3581 5260 3642 5299 se
3681 5243 3777 5298 ha-

2070 5331 2200 5387 bere
2240 5338 2580 5402 reputemus
2647 5331 2704 5386 in
2779 5332 2883 5386 hac
2924 5333 3172 5403 mystica
3210 5332 3466 5403 Spiritus
3507 5347 3774 5386 commu-

2069 5419 2259 5485 nione,
2289 5436 2405 5488 qua
2445 5419 2665 5474 dictum
2742 5418 2813 5475 ab
2869 5421 3140 5490 Apostolo
3179 5425 3299 5476 est:
3337 5419 3523 5492 Gratia
3553 5419 3774 5472 Domini

2066 5509 2240 5563 nostri
2266 5511 2400 5565 Iesu
2433 5509 2652 5568 Christi.
2683 5509 2924 5564 charitas
2948 5511 3046 5565 Dei
3103 5517 3152 5564 et
3197 5509 3404 5574 Patris,
3430 5517 3485 5562 et
3532 5521 3774 5562 commu-

2067 5600 2272 5655 nicatio
2335 5598 2517 5656 sancti
2572 5599 2808 5672 Spiritus
2838 5598 2906 5656 3°.
2949 5599 3202 5666 Videbis,
3227 5598 3488 5668 inquam,
3521 5597 3770 5654 similem

3381 5789 3456 5846 30
