4076 6280
360 340 471 400 931
1677 332 1737 394 S.
1798 335 2135 398 MACARII
2183 339 2516 402 XEGYPTII
3696 342 3818 402 932

359 476 452 530 hic
483 488 712 543 quoque
753 470 921 542 quasi
961 469 1260 540 discipinm
1313 469 1598 524 ordinem.
1641 470 1866 527 Habitat
1907 489 1969 528 eo

2213 497 2231 528 ν
2260 481 2328 549 τῇ
2361 477 2609 550 καθαρῶς
2641 472 2846 549 ἐχούσῃ
2880 476 3057 548 ψυχῇ,
3106 481 3208 543 τῆς
3255 473 3397 536 θείας
3435 475 3823 549 χρηστότητος

358 565 551 620 divina
580 561 832 617 Trinitas
882 560 941 614 in
991 561 1180 615 anima
1238 574 1378 629 pure
1421 559 1666 627 vivente,
1701 577 1833 616 cum
1887 563 1968 633 ad.

2214 565 2639 643 καμπτομένης
2672 585 2683 598 ο
2738 563 2938 618 ἐνοικεῖ
2981 561 3038 617 δὲ
3087 564 3149 618 οὐ
3201 564 3322 617 καθ’
3355 565 3384 618 ὅ
3436 564 3579 619 ἐστιν
3616 585 3627 596 ·
3661 565 3824 643 ἀχώ-

355 659 524 709 vante
580 653 767 724 ipsam
817 650 1023 705 divinas
1090 648 1463 719 benignitatis
1521 650 1771 717 auxilio;
1832 651 1965 707 habi

2211 675 2331 722 ητος
2365 653 2468 728 γὰρ
2519 653 2607 707 καὶ
2662 652 2797 723 αὐτῇ
2831 652 2973 726 πάσῃ
3021 655 3087 724 τῇ
3121 651 3290 706 κτίσει
3325 671 3338 685 °
3373 650 3518 707 ἀλλὰ
3547 655 3666 708 καθ’
3695 653 3821 708 ὅσον

356 753 549 799 autem
583 759 696 796 non
731 744 786 795 in
820 744 1098 809 quantum
1149 738 1206 792 in
1246 754 1307 792 se
1336 746 1462 805 est;
1497 741 1581 794 sic
1631 741 1784 795 enim
1831 747 1919 795 est

2202 748 2288 797 οῦν
2346 740 2668 812 ἐπιτηδείως
2716 738 2835 818 ἔχει
2884 743 2974 796 καὶ
3035 739 3296 802 δεκτικὼς
3354 743 3380 796 ὁ
3449 741 3736 816 ἅνθρωπος
3802 763 3812 775 ·

355 829 888 903 comprehensibilis
945 827 1244 893 universae,
1307 832 1532 897 quanta
1588 835 1696 894 est,
1749 836 1965 885 creatur

2207 830 2374 886 τειδάν
2409 830 2464 885 δέ
2520 852 2571 884 τι
2619 835 2948 905 παρατραπῇ
2980 836 3081 892 τῆς
3120 834 3199 901 τῷ
3248 835 3362 902 Θεῷ
3411 830 3547 885 κατά
3586 831 3817 905 γνώμην

352 922 450 976 sed
486 921 543 974 in
577 924 860 990 quantum
894 926 1062 986 aptus
1105 923 1160 971 et
1192 933 1370 986 capax
1400 923 1488 971 est
1519 917 1711 972 homo.
1745 919 1954 990 Postqu

2207 927 2462 994 ιαγωγῆς.
2502 921 2591 975 καὶ
2630 920 2692 973 τὸ
2740 921 2886 973 θεῖον
2934 922 3153 990 Πνεῦμα
3205 917 3521 989 λυπήσειεν,
3555 915 3817 974 ἐκϐάλλε-

349 1025 480 1065 vero
537 1011 731 1063 anima
785 1009 842 1060 in
902 1006 1177 1076 quopiam
1234 1007 1562 1070 otl‘enderit,
1622 1010 1959 1078 transgredit

2203 1032 2249 1063 αι
2305 1011 2394 1063 καὶ
2455 1007 2760 1084 ἀφορίζεται
2811 1015 2911 1076 τῆς
2979 1011 3349 1081 πνευματικῆς
3401 1008 3734 1086 εὐφροσύνης
3787 1009 3813 1061 ὁ

348 1099 600 1155 ordinem
652 1095 937 1162 divinum,
997 1111 1062 1149 ac
1122 1095 1221 1150 Dei
1277 1096 1545 1166 spiritum
1610 1097 1952 1152 contrismve

2201 1107 2326 1162 οῦς·
2369 1109 2470 1171 τῆς
2533 1103 2625 1171 μὲν
2681 1101 2826 1161 θείας
2867 1101 3094 1174 χάριτος
3132 1100 3221 1154 καὶ
3270 1106 3370 1168 τῆς
3434 1100 3673 1176 ἀγάπης,
3716 1100 3811 1155 καὶ

348 1188 573 1257 ejicitur
595 1193 652 1241 et
693 1191 1031 1256 segregatur
1071 1201 1104 1238 a
1154 1185 1445 1255 spirituali
1485 1185 1684 1240 laetitia
1742 1203 1928 1254 mens,

2196 1193 2336 1260 τασης
2370 1197 2468 1259 τῆς
2501 1189 2710 1263 ἀγαθῆς
2739 1194 2837 1242 τοῦ
2892 1189 3207 1260 Πνεύματος
3261 1188 3530 1264 ἐνεργείας
3581 1189 3806 1245 συστελ-

349 1279 482 1333 vina
511 1277 748 1347 quidem
816 1275 1039 1345 gradia,
1073 1281 1124 1328 et
1175 1274 1454 1329 cbaritate
1501 1276 1681 1341 omni,
1745 1281 1799 1330 et
1857 1293 1959 1346 ope

2201 1281 2405 1354 ομένης
2439 1299 2452 1314 ο
2477 1279 2682 1334 ἐκείνου
2728 1277 2784 1334 δὲ
2843 1278 3060 1352 θλίψεσί
3117 1300 3174 1334 τε
3227 1280 3316 1333 καὶ
3347 1285 3674 1351 πειρασμοῖς
3713 1281 3809 1335 καὶ

347 1367 502 1421 tione
541 1364 791 1434 Spiritus
851 1377 981 1417 esse
1031 1361 1555 1430 contrahentibus;
1588 1363 1750 1434 lapsa
1808 1367 1865 1418 in
1907 1366 1957 1419 dt

2194 1375 2425 1444 πονηροῖς
2488 1368 2755 1440 πνεύμασι
2813 1364 3252 1442 παραδιδομένου
3287 1387 3300 1401 ·
3349 1367 3440 1422 καὶ
3482 1368 3683 1442 μὲχρις
3741 1367 3804 1423 ἂν

345 1460 504 1512 ctum
538 1454 738 1510 anima
766 1452 1184 1508 afﬂictionibus
1215 1451 1475 1518 interim,
1510 1457 1568 1507 et
1609 1453 1955 1509 tentationib

2196 1460 2326 1515 ῖάλιν
2358 1452 2756 1532 ὀρθοποδίσειεν
2789 1459 2824 1526 ἡ
2856 1459 3009 1531 ψύχη
3043 1457 3180 1530 πρὸς
3226 1459 3324 1524 τὴν
3357 1456 3457 1512 τοῦ
3491 1458 3806 1531 Πνεύματος

345 1549 401 1598 et
467 1541 857 1612 malignorum
916 1539 1226 1610 spirituum
1322 1539 1739 1606 vexationibus,
1808 1541 1955 1596 tradi

2196 1549 2504 1623 Βαρέστησιν
2540 1566 2552 1579 ⁸
2588 1548 2694 1601 εἴτε
2740 1544 2829 1600 διὰ
2875 1547 3052 1616 πάσης
3095 1545 3545 1622 ἐξομολογήσεώς
3598 1567 3656 1602 τε
3714 1550 3806 1604 καὶ

343 1638 532 1709 quoad
595 1652 796 1692 rursus
853 1638 1004 1690 recte
1054 1635 1175 1704 jam
1234 1634 1566 1704 ambulans,
1613 1636 1803 1691 denuo
1852 1652 1913 1692 se

2193 1637 2532 1697 απεινώσεως
2597 1637 2698 1704 τὴν
2762 1634 3046 1707 μετάνοιαν
3103 1632 3506 1707 ἐπιδειξαμένη,
3538 1635 3658 1691 τότε
3713 1637 3803 1691 καὶ

342 1728 592 1797 Spiritus
651 1724 1079 1794 beneplacitum
1150 1724 1550 1793 adaptaverit;
1623 1724 1833 1780 deinde
1895 1741 1952 1781 νε

2193 1725 2307 1787 ὗθις
2355 1733 2454 1793 τῆς
2515 1723 2805 1792 ἐπισκοκῆς
2849 1723 3089 1796 ἀξιοῦται
3137 1730 3234 1792 τῆς
3271 1725 3521 1798 χάριτος,
3561 1724 3650 1778 καὶ
3703 1726 3799 1794 τὴν

341 1832 444 1885 per
473 1830 676 1870 omnes
711 1813 1115 1868 circumducta
1173 1812 1575 1882 paenitentiam
1637 1816 1871 1883 gradus,
1905 1831 1951 1870 ct

2191 1814 2404 1888 ὖράινιον
2466 1814 2801 1890 εὐφροσύνην
2850 1812 3015 1868 πλέον
3075 1812 3110 1881 ἢ
3177 1813 3313 1867 κατὰ
3372 1819 3588 1886 πρῶτον
3663 1816 3800 1870 ἀπο-

337 1905 588 1960 fessione
627 1919 831 1970 nempe
861 1907 916 1955 et
977 1900 1402 1968 humiliatione,
1434 1903 1766 1957 visitatione
1815 1903 1947 1958 tand

2195 1899 2444 1976 αμϐανει.
2480 1903 2542 1960 Εἰ
2595 1901 2650 1956 δὲ
2690 1905 2827 1974 πρὸς
2879 1898 3048 1973 μηδὲν
3092 1901 3153 1956 τό
3205 1905 3425 1973 Πνεῦμα
3484 1902 3799 1974 λυπήσειε-θ,

334 1995 564 2049 iiterum
614 1995 808 2062 gratiae
860 1993 1098 2058 beatur;
1143 2008 1284 2060 quin
1334 1999 1389 2045 et
1419 1992 1670 2047 caelestis
1721 1993 1944 2048 uberior

2189 1993 2280 2047 λλ⁹
2312 1992 2394 2062 εἷή
2431 1992 2573 2061 ζῶσαὶ
2619 2013 2677 2046 τε
2725 1991 3048 2064 εὐαρέστως,
3079 1989 3168 2045 καὶ
3219 1990 3515 2064 λογισμοῖς
3542 1993 3636 2063 μὲν
3670 1997 3799 2048 πᾶσι

334 2083 626 2138 interdum
673 2096 1007 2136 mensuram
1061 2080 1270 2134 laetitia
1313 2083 1537 2151 recipit.
1590 2084 1750 2148 Quod
1786 2085 1832 2138 si
1884 2101 1944 2138 nt

2185 2087 2418 2155 εονηροῖς
2481 2079 2924 2151 ἀντιταττομένη,
2982 2084 3061 2150 τῷ
3122 2079 3303 2153 Κυρίῳ
3362 2077 3420 2134 δὲ
3463 2079 3795 2153 κολλωμένη

333 2174 390 2228 in
414 2189 474 2227 re
502 2172 776 2242 Spiritum
829 2170 1280 2234 contristaverit,
1335 2171 1431 2224 sed
1489 2173 1658 2240 juxta
1718 2173 1814 2226 Dei
1869 2173 1937 2228 be

2189 2171 2458 2238 ιαπαντὸς,
2509 2173 2541 2238 ἡ
2598 2171 2823 2238 τοιαύτη
2898 2167 3122 2229 δικαίως
3181 2168 3283 2242 ἄρα
3332 2169 3422 2223 καὶ
3476 2169 3795 2234 ἀκολούθως

333 2265 606 2334 placitum
668 2262 892 2326 vixerit,
927 2261 1150 2315 cunctis
1199 2261 1388 2330 pravis
1447 2263 1897 2331 cogitationibus

2185 2259 2446 2333 προκόπτει
2489 2260 2666 2332 ψυχὴ,
2698 2259 2786 2312 καὶ
2847 2256 3062 2332 δωρεῶν
3113 2257 3330 2335 ἀφάτων
3394 2259 3658 2328 ἀξιοῦται,
3692 2261 3795 2314 ἀπὸ

333 2353 444 2407 lide
501 2353 800 2417 resistens,
871 2353 1231 2420 Dominoque
1306 2349 1595 2405 indivulse
1698 2352 1943 2407 adhaeret

2183 2351 2310 2422 ὁξης
2340 2350 2417 2412 εἰς
2458 2348 2636 2418 δόξαν,
2668 2347 2757 2402 καὶ
2793 2348 2894 2402 ἀπὸ
2946 2348 3295 2409 ἀναπαύσεως
3329 2347 3406 2409 εἷς
3457 2347 3792 2422 τελειοτέραν

331 2442 461 2496 talis
513 2443 716 2496 merito
774 2457 836 2494 se
895 2448 1314 2509 consequenter
1372 2457 1672 2510 nunquam
1718 2442 1933 2497 interru

2185 2442 2438 2494 νάπαυσιν
2493 2437 2850 2511 μετατίθεται.
2897 2437 3021 2490 Εἶτα
3076 2436 3166 2490 καὶ
3223 2435 3299 2497 εἷς
3347 2437 3408 2490 τὸ
3453 2438 3658 2492 τέλειον
3698 2442 3795 2492 τοῦ

329 2538 498 2586 auctu
565 2531 782 2601 proficit
835 2529 1054 2597 anima,
1088 2530 1375 2598 donisque
1433 2530 1825 2586 inetl‘abilibus
1876 2531 1939 2587 ει

2183 2532 2575 2604 [ριστιανισμοῦ
2609 2528 2800 2598 μέτρον
2844 2526 3172 2603 ἀφικομένη,
3206 2531 3323 2588 τοῖς
3369 2524 3605 2587 τελείοις
3638 2526 3793 2603 ἔργά·

330 2621 674 2685 instruitur;
711 2633 813 2671 nec
875 2635 987 2671 non
1021 2636 1048 2668 a
1083 2616 1266 2686 gloria
1314 2617 1370 2671 in
1431 2619 1701 2688 gloriam,
1755 2638 1786 2673 a
1844 2625 1940 2690 qui

2181 2642 2281 2684 αις,
2349 2619 2602 2677 καὶτοῖς
2663 2615 2917 2686 ἀμώμοις
2975 2617 3072 2667 τοῦ
3148 2615 3385 2687 Χριστοῦ
3450 2613 3791 2691 λειτουργοῖς

328 2711 386 2764 in
440 2710 831 2783 perfectiorem
887 2708 1139 2774 quietem
1196 2710 1593 2762 transferetur.
1662 2709 1920 2780 Denique

1987 2718 2036 2768 et
2145 2711 2279 2763 κατᾶ
2307 2719 2403 2775 την
2433 2705 2654 2760 αἰώνιον
2689 2705 2854 2758 αὐτοῦ
2885 2704 3273 2779 συνταγήσεται
3309 2703 3597 2776 βασιλείαν.

329 2815 509 2868 usque
541 2799 609 2853 ad
651 2813 1016 2867 supremum,
1058 2814 1172 2867 quo
1223 2798 1534 2866 perducere
1600 2799 2074 2856 Christianisnius
2146 2802 2436 2857 hominem
2506 2803 2714 2868 potest,
2760 2797 3123 2866 perfectionis
3170 2798 3387 2865 apicem
3442 2810 3766 2866 progressa,

329 2887 594 2959 perfectis
635 2885 935 2956 operariis,
976 2891 1033 2940 et.
1067 2885 1379 2955 inculpatis
1419 2885 1630 2939 Christi
1677 2890 1965 2945 ministris
2007 2892 2064 2945 in
2107 2896 2320 2946 aeterno
2365 2903 2539 2959 regno
2580 2887 2949 2955 adjungetur.

395 2977 588 3033 XXIX.
623 2976 752 3031 Haac
809 2993 937 3046 quas
987 2976 1248 3029 videmus
1298 2977 1356 3029 in
1409 2976 1580 3043 paulo
1630 2987 1762 3033 ante
1823 2995 2005 3034 meme

2216 2985 2335 3033 KG'.
2377 2977 2447 3030 Τὰ
2507 2974 2800 3049 φαινόμενα
2863 2976 3029 3026 ταῦτα
3092 2973 3297 3034 τύπους
3353 2970 3471 3026 οἶόυ
3530 2991 3630 3042 μου
3686 2972 3780 3025 καὶ

326 3078 447 3124 rato
474 3083 772 3122 sacrorum
826 3069 962 3133 ritu,
999 3066 1213 3135 figuras
1244 3081 1372 3119 esse
1405 3074 1541 3130 puta
1571 3077 1625 3121 et
1659 3070 1900 3124 umbras
1932 3092 1936 3118 ε

2176 3069 2294 3130 κιάς
2349 3070 2455 3120 τῶν
2493 3061 2731 3137 κρυφίων
2792 3061 2930 3115 εἶναι
2963 3079 2976 3091 ·
3027 3061 3119 3114 τὸν
3176 3061 3300 3114 ναὸν
3364 3062 3453 3114 τὸν
3508 3061 3785 3135 ὁρώμενον

325 3159 632 3213 cultorum.
691 3155 993 3225 Templum
1059 3162 1197 3225 puta
1256 3155 1501 3218 visibile,
1553 3158 1780 3224 cordis;
1839 3175 1932 3213 sac

2181 3163 2235 3211 οῦ
2265 3165 2366 3226 τῆς
2396 3153 2615 3230 καρδίας
2645 3158 2794 3217 ναοῦ,
2826 3155 2915 3207 τὸν
2962 3150 3124 3225 ἷέρὲα,
3166 3157 3264 3208 τοῦ
3305 3151 3568 3221 ἀληθινοῦ
3601 3153 3791 3226 ἱερέως

324 3250 532 3316 dotem,
568 3251 683 3304 veri
743 3247 1060 3302 sacerdotis
1109 3245 1320 3301 Christi
1379 3248 1623 3316 gratiam
1653 3264 1666 3302 :
1704 3258 1755 3303 et
1788 3251 1871 3304 sic
1905 3269 1934 3320 p

2177 3254 2238 3316 ἧς
2276 3251 2372 3300 τοῦ
2411 3247 2643 3310 Χριστοῦ
2671 3244 2896 3321 χάριτος
2929 3263 2938 3273 ο
2974 3242 3063 3296 καὶ
3098 3241 3288 3318 ἐφεξῆς
3319 3240 3494 3304 οὕτως
3531 3261 3544 3273 ·
3577 3243 3787 3316 Ὠσπερ

323 3356 405 3392 ro.
445 3339 506 3393 Ut
575 3340 756 3407 igitur
812 3337 869 3390 in
933 3337 1189 3390 Ecclesia
1239 3335 1452 3390 visibiii
1513 3337 1625 3391 nisi
1689 3340 1850 3406 prius
1893 3343 1924 3393 ti

2177 3335 2232 3390 ὗν
2275 3338 2413 3392 κατά
2451 3331 2611 3402 τήνδε
2640 3335 2739 3402 τήν
2791 3333 2991 3406 ὁρατήν
3024 3329 3376 3401 Ἐκκλησίαν,
3408 3331 3467 3385 ἃν
3514 3333 3590 3404 μή
3651 3331 3787 3406 πρό-

323 3444 498 3482 sacraz
570 3427 864 3485 lectiones.
899 3432 956 3478 et
1019 3442 1144 3492 quae.
1211 3435 1410 3479 caetera
1476 3443 1697 3482 canone
1752 3431 1933 3484 eccles

2179 3446 2292 3500 ερον
2325 3428 2380 3480 αἱ
2418 3424 2761 3497 ἂναγνώσεις,
2791 3422 2846 3475 αἱ
2896 3417 3247 3494 ψαλυμῳδίαι
3304 3441 3360 3474 τε
3389 3421 3479 3475 καὶ
3526 3422 3606 3482 τίς
3647 3420 3789 3476 ἐστιν

324 3518 470 3570 stico
538 3513 815 3582 consequi
883 3513 1117 3579 debent,
1171 3515 1505 3581 procedant,
1577 3516 1918 3584 psalmodiaa

2177 3515 2434 3571 κολουθία
2519 3518 2615 3568 τοῦ
2680 3511 3132 3580 ἐκκλησιαστικοῦ
3193 3511 3428 3584 βαθμοῦ,
3481 3513 3787 3585 προχωρή-

325 3618 558 3657 sacrum
609 3603 798 3669 ipsum
854 3604 1194 3671 mysterium
1283 3602 1540 3670 corporis
1600 3611 1656 3656 et
1720 3607 1928 3674 sangui

2174 3625 2299 3667 ειεν,
2336 3604 2468 3658 αὐτὸ
2499 3604 2560 3656 τὸ
2615 3603 2762 3654 θεῖον
2811 3601 3110 3674 μυστήριον
3162 3603 3260 3652 τοῦ
3294 3595 3549 3671 σώματός
3579 3620 3638 3653 τε
3691 3601 3780 3653 καὶ

327 3692 537 3744 Christi
591 3690 784 3760 peragi
844 3707 875 3742 a
935 3691 1246 3751 sacerdote,
1293 3692 1718 3761 inconsequens
1777 3699 1884 3747 est.

2167 3691 2373 3762 ι’ίματος
2429 3697 2526 3746 τοῦ
2576 3693 2816 3761 Χριστοῦ
2863 3690 2955 3743 τὸν
3004 3687 3150 3761 ἱερέα
3207 3685 3473 3742 ἐπιτελεῖν
3512 3687 3613 3742 οῦκ
3651 3689 3777 3742 ἀκό-

326 3783 523 3834 εὶεείιιι
576 3789 792 3843 autem,
825 3781 870 3834 si
923 3782 1006 3832 vol
1071 3781 1319 3834 maxime
1377 3783 1810 3837 ecclesiasticus
1841 3801 1936 3837 can

2179 3787 2355 3840 ουθον.
2392 3784 2524 3838 Εἶτα
2571 3781 2666 3836 κᾶν
2725 3786 2829 3842 πᾶς
2873 3781 2965 3851 μὲν
3027 3780 3054 3833 ὁ
3106 3777 3552 3848 ἐκκλησιαστικὸς
3605 3782 3781 3834 κανών

321 3871 585 3941 eXpletus
647 3872 835 3937 fuerit,
887 3869 1100 3922 oblatio
1155 3877 1346 3924 autem
1411 3873 1652 3940 mystica
1712 3890 1822 3926 non
1877 3891 1931 3927 ce

2169 3873 2430 3940 πιτεθείη,
2491 3876 2524 3942 ἡ
2586 3874 2819 3944 μυστική
2880 3868 2936 3923 δὲ
2987 3871 3087 3937 τῆς
3136 3875 3451 3944 προσφορᾶς
3513 3870 3617 3924 ὑπὸ
3682 3874 3779 3923 τοῦ

323 3965 520 4015 bretur
578 3979 609 4013 a
659 3965 974 4021 sacerdote,
1035 3975 1139 4015 nec
1168 3961 1518 4014 eucharistia
1573 3970 1626 4017 et
1693 3978 1921 4017 commu

2171 3963 2320 4036 ερέως
2354 3963 2694 4036 εὐχαριστία,
2727 3961 2818 4013 καὶ
2861 3961 2896 4027 ἡ
2947 3958 3202 4013 κοινωνία
3247 3962 3343 4011 τοῦ
3403 3958 3656 4030 σώματος
3688 3961 3781 4013 τοῦ

319 4052 577 4123 corporis
617 4052 826 4105 Christi
897 4051 1354 4115 administretur,
1418 4051 1559 4105 haut
1621 4055 1874 4124 perfecte

2175 4056 2374 4127 ξριστοῦ
2419 4053 2494 4124 μή
2561 4048 2804 4126 γένηται,
2852 4045 2976 4102 οὔτε
3014 4050 3042 4102 ὁ
3103 4045 3554 4114 ἔκκλησιαστικὸς
3606 4045 3785 4103 ἐτελε-

319 4143 564 4194 solvitur
606 4141 1128 4195 ecclesiasticarum
1198 4140 1669 4196 cmremoniarum
1744 4148 1902 4210 ordo,

2173 4143 2437 4217 ιουργηθη
2472 4140 2695 4212 θεσμὸς,
2726 4139 2815 4193 καὶ
2864 4135 3103 4207 ἐλλιπής
3153 4135 3294 4191 ἐστιν
3335 4137 3368 4205 ἠ
3415 4136 3638 4210 λατρεία
3685 4140 3778 4190 τοῦ

318 4230 950 4301 mancusmuttlusqne
991 4230 1088 4284 Dei
1159 4230 1348 4284 cultus
1414 4246 1479 4284 ac
1537 4230 1734 4302 religio
1802 4237 1910 4287 est.

2167 4230 2439 4306 ιυστηρίου
2473 4248 2486 4261 °
2521 4230 2664 4284 οὕτω
2727 4248 2820 4299 μοι
2865 4226 2954 4280 καὶ
2995 4225 3062 4279 τὰ
3119 4230 3215 4280 τοῦ
3275 4227 3591 4299 Χριστιανοῦ
3622 4226 3729 4279 νόει
3765 4245 3777 4258 ·

317 4320 461 4373 mihi
494 4327 551 4372 tu
587 4323 652 4374 de
684 4321 1015 4374 Christiano
1065 4320 1322 4388 quolibet
1355 4319 1564 4389 cogita.
1601 4319 1660 4374 Si
1692 4321 1848 4374 enim
1882 4323 1927 4376 is

2166 4345 2192 4374 ν
2227 4323 2328 4394 γὰρ
2376 4317 2625 4388 νηστείαν
2677 4318 2771 4389 μὲν
2821 4315 2909 4370 καὶ
2962 4314 3254 4388 ἀγρυπνίαν
3284 4314 3373 4369 καὶ
3424 4311 3775 4388 ψαλμῳδίαν,

308 4411 538 4479 jejunio
570 4410 802 4480 quidem
852 4415 907 4462 et
953 4410 1166 4476 vigilia,
1200 4416 1255 4464 et
1314 4411 1371 4464 in
1421 4409 1741 4479 psalmodia
1783 4413 1916 4466 item

2157 4410 2269 4480 ἴλην
2297 4407 2607 4477 τεᾶσκησιν
2640 4408 2729 4462 καὶ
2767 4405 2962 4480 ἀρετὴν
3016 4409 3186 4459 πᾶσαν
3234 4405 3592 4479 κατορθωκὼς
3633 4401 3716 4470 εἴη
3756 4425 3767 4436 ·

315 4501 373 4555 in
434 4503 657 4555 cunctis
713 4499 921 4554 officiis
981 4499 1254 4554 virtutum
1315 4499 1716 4556 universarum
1771 4505 1925 4557 omni

2155 4518 2166 4568 λ
2213 4500 2442 4572 μυστική
2477 4495 2534 4552 δὲ
2574 4501 2670 4552 τοῦ
2717 4495 3032 4569 Ιινεύματος
3084 4493 3322 4569 ἐνέργεια
3363 4499 3444 4566 τῷ
3489 4495 3765 4560 θυσιαστη-

314 4591 617 4661 diligentia
673 4591 1036 4645 exercuerit:
1072 4606 1176 4643 nec
1233 4598 1423 4644 tamen
1461 4607 1526 4645 eo
1555 4608 1817 4662 unquam
1845 4608 1924 4662 prt

2158 4588 2230 4660 ίῳ
2260 4594 2358 4655 τῆς
2391 4587 2553 4642 αὐτοῦ
2583 4583 2806 4660 καρδίας
2851 4584 2953 4639 ὑπὸ
2997 4586 3096 4649 τῆς
3137 4585 3370 4657 χάριτος
3419 4583 3536 4636 κατ’
3583 4578 3768 4650 αἴσθη-

310 4681 516 4736 ciendo
563 4682 874 4752 pertingat,
910 4685 970 4734 ut
1029 4681 1275 4752 mystica
1318 4679 1572 4750 Spiritus
1641 4683 1894 4752 operatio

2157 4699 2210 4732 ἰν
2265 4683 2435 4732 πᾶσαν
2491 4676 2580 4731 καὶ
2640 4675 3009 4747 πνευματικὴν
3063 4673 3356 4726 ἀνάπαυσιν
3410 4672 3485 4746 μή
3524 4690 3536 4704 ·
3597 4669 3767 4724 ἐπιτε-

310 4770 476 4823 altari
536 4770 724 4824 cordis
765 4769 895 4838 ejus
934 4785 968 4823 a
1006 4769 1193 4835 gratia
1241 4785 1374 4824 cum
1429 4785 1600 4824 sensu
1671 4769 1895 4836 intimo,

2169 4772 2304 4830 οῖττ,
2339 4765 2538 4835 ἀτελής
2636 4761 2818 4819 τοιάδε
2850 4769 2993 4817 πᾶσα
3021 4765 3121 4826 τῆς
3172 4761 3449 4831 ἀσκήσεως
3481 4758 3773 4814 ἀκολουθία

307 4857 500 4913 omnis
557 4857 877 4926 spiritualis
933 4858 1144 4927 quietis
1200 4874 1409 4912 arcana
1469 4858 1820 4927 experientia
1887 4876 1917 4930 p

2165 4857 2214 4912 αὶ
2274 4854 2467 4931 σχεδὸν
2527 4857 2692 4929 ἀργὴ,
2751 4853 2849 4908 οὐκ
2897 4851 3099 4927 ἔχουσα
3162 4853 3262 4921 τὴν
3316 4855 3413 4906 τοῦ
3460 4848 3771 4922 [Ινεύματος

307 4950 539 5016 agatur,
568 4947 900 5014 imperfecta
957 4947 1131 4999 fuerit
1173 4951 1290 5000 tota
1345 4946 1441 5001 illa
1473 4948 1802 5017 praecedens
1835 4965 1917 5003 set

2010 4967 2016 5003 t
2128 4946 2452 5021 ἁγαλλίασιν
2492 4949 2765 5018 μυστικῶς
2790 4942 2842 4996 ἐν
2872 4947 2940 5016 τῇ
2973 4938 3168 5014 καρδίᾳ
3196 4939 3620 5015 ἐνεργουμένην.

303 5034 707 5103 religiosarum
763 5034 1258 5102 Observationum,
1308 5039 1364 5090 et
1406 5036 1582 5092 ferme
1651 5037 1877 5093 inutilis
1919 5056 2030 5095 non
2074 5039 2296 5094 habens
2335 5037 2777 5092 exsultationem
2833 5035 3214 5106 spiritualem,
3249 5048 3460 5088 arcane
3498 5032 3558 5086 in
3593 5031 3768 5087 corde

304 5123 672 5195 productam.

373 5212 540 5268 XXX.
568 5212 792 5267 Bonum
847 5216 935 5265 est
983 5213 1299 5282 jejunium,
1360 5213 1508 5270 bona
1572 5216 1793 5287 vigilia,
1858 5216 1983 5271 bona

2188 5217 2264 5271 Λ’.
2328 5213 2503 5270 Καλὸν
2560 5216 2594 5282 ἡ
2649 5212 2888 5284 νηστεία,
2943 5209 3108 5267 καλὸν
3166 5213 3198 5280 ἡ
3250 5208 3534 5283 ἀγρυπνία,
3595 5205 3759 5263 καλὸν

303 5306 571 5359 similiter
603 5304 792 5358 omnis
819 5304 1167 5368 exercitatio,
1201 5311 1257 5357 et
1289 5307 1404 5357 vita
1436 5321 1670 5376 peregre
1703 5305 1913 5360 traduc‘

2151 5306 2321 5378 μοίως
2353 5307 2386 5373 ἡ
2435 5306 2682 5372 ἄσκησις,
2732 5306 2818 5356 καὶ
2877 5305 2910 5371 ἠ
2972 5300 3059 5356 ἐπὶ
3110 5302 3261 5370 ξὲνης
3320 5297 3569 5374 διαγωγή
3608 5317 3619 5329 ·
3671 5297 3760 5350 καὶ

301 5403 567 5449 caeterum
604 5396 721 5448 hac
765 5394 1040 5464 prooemia
1099 5403 1229 5447 sunt
1298 5399 1488 5448 status
1529 5401 1584 5448 et
1615 5402 1911 5451 conversat

2156 5394 2377 5468 ροοίμια
2431 5397 2598 5447 ταῦτα
2661 5390 2942 5453 πολιτείας
3001 5390 3288 5468 θεοφιλοῦς
3321 5406 3333 5419 ’
3370 5387 3664 5460 ἀλόγιστον
3709 5383 3766 5439 δὲ

300 5484 392 5538 nis
422 5491 598 5539 Deum
638 5501 767 5538 Vere
825 5483 1185 5548 amantium;
1223 5484 1375 5537 unde
1433 5485 1825 5540 inconsultum
1870 5503 1902 5557 p

2150 5487 2352 5558 τεχνῶς
2384 5483 2440 5536 εὸ
2482 5479 2670 5543 ἁπλῶς
2716 5487 2830 5543 τοῖς
2883 5482 3156 5540 τοιούτοις
3213 5475 3539 5552 ἐπιθαρῥεῖν.
3603 5480 3760 5530 ’Ἐστι

297 5572 446 5627 lecto
477 5579 564 5629 est
585 5574 658 5628 iis
689 5589 1038 5644 magnopere
1067 5572 1378 5627 confidere.
1407 5573 1506 5628 Est
1551 5575 1730 5640 enim,
1764 5590 1907 5645 qua:

2150 5573 2210 5645 ἀρ
2241 5571 2328 5626 ὅτε
2357 5570 2446 5626 καὶ
2485 5570 2710 5647 χάριτός
2758 5591 2904 5631 τινος
2961 5570 3012 5623 ἐν
3075 5569 3286 5642 μετοχῇ
3326 5564 3704 5637 καθιστάμεθα
3744 5581 3760 5595 ·

298 5663 498 5738 gratiae
539 5664 840 5735 cujusdam
894 5663 1205 5736 participes
1246 5662 1492 5721 ﬁamus:
1518 5671 1570 5719 et
1622 5671 1745 5720 tum
1779 5663 1908 5721 mali

2137 5661 2257 5734 ,αὶή
2315 5661 2476 5716 κακία
2533 5655 2681 5714 ἔνδον
2742 5656 3157 5732 ὑποκαθημένη,
3214 5656 3453 5730 καθάπερ
3515 5653 3568 5708 ἐν
3627 5657 3747 5716 τοῖς
