4076 6280
377 524 488 580 ἄνω
534 523 807 594 λέλεκται,
859 525 1133 601 σοφίζέται
1186 530 1276 580 καί
1329 529 1631 605 ὑποχωρεῖ,
1683 531 1896 601 ἑκοῦσα,
1948 531 2016 585 οὗ
2049 540 2100 602 Α

377 615 599 688 πράττει
630 615 696 668 τὰ
740 615 938 683 ἑαυτῆς
973 636 984 648 ·
1021 614 1166 671 ἀλλὰ
1209 623 1357 672 ποιεῖ
1401 618 1624 692 νομίσαι
1667 622 1758 675 τὸν
1815 618 2020 694 ἅνθρω-

379 725 504 772 πον,
555 701 970 778 διακεκαθαρθαι
1009 707 1100 760 τὸν
1149 711 1294 760 νοῦνο
1347 709 1436 762 καὶ
1483 711 1546 763 τὸ
1601 708 1795 766 λοιπὸν
1849 709 2022 784 ἐξάγει

377 792 512 866 πρὸς
549 790 729 862 οῖἠσιν
773 793 1120 864 τελειότητος
1155 839 1166 851 .
1195 795 1326 851 Εἶτα
1376 796 1680 871 λῃστρικῶν
1730 799 2022 854 ἐπιτίθεται

380 881 606 936 καὶτῶν
635 884 962 937 κατωτάτων
1008 882 1140 957 ἄχρι
1169 886 1454 963 καταφέρει
1500 894 1600 957 τῆς
1649 896 1772 962 γῆς.
1824 888 1885 941 Οἳ
1918 888 2022 964 γὰρ

375 969 658 1042 ἄνθρωπον
726 969 996 1033 πολλάκις
1065 971 1264 1027 έίκοσιν
1328 973 1420 1044 ἔτη
1482 978 1767 1049 γενόμενοι
1827 975 2024 1050 λῃσταί

375 1079 517 1120 τινες
549 1058 584 1127 ἢ
619 1063 949 1132 στρατιῶται
999 1061 1062 1116 τὸ
1095 1060 1452 1136 ἐπιτήδευμα,
1505 1067 1758 1140 μηχανάς
1799 1087 1857 1119 τε
1887 1066 2023 1120 κατὰ

377 1151 484 1200 τῶν
533 1145 826 1220 πολεμίων
885 1147 1216 1219 ἐπίστανται,
1281 1151 1654 1221 ὐποκάθηνταί
1705 1175 1762 1208 τε
1807 1155 1894 1208 καὶ
1947 1152 2025 1206 έν-

375 1234 531 1310 έδρας
591 1236 890 1307 ἐπινοοῦσι,
949 1240 1038 1294 καὶ
1094 1241 1160 1293 τὰ
1215 1245 1324 1294 τῶν
1375 1242 1588 1319 ἐχθρῶν
1650 1238 2021 1316 λαμϐάνουσιν

375 1325 512 1392 ὦτα,
543 1327 630 1379 καὶ
678 1327 977 1380 κτείνουσιν
1019 1327 1358 1390 ἀνελπίστως
1406 1326 1810 1399 περιϐαλόντες.
1861 1332 2024 1405 Πόσῳ

377 1435 438 1489 γε
477 1413 689 1486 μᾶλλον
722 1417 756 1483 ἡ
789 1417 950 1469 κακία
1009 1416 1274 1478 τοσαύτας
1323 1415 1580 1492 χιλιάδας
1623 1418 1758 1474 ἐτῶν
1805 1442 2024 1496 γεγενη-

381 1504 540 1573 μένη,
571 1504 660 1556 καὶ
707 1509 870 1558 τοῦτο
919 1503 1076 1578 ἔργον
1138 1508 1328 1575 ἑαυτῆς
1384 1508 1690 1583 τεθειμένῃ,
1749 1511 1808 1564 τὸ
1859 1531 2024 1564 σπου-

381 1587 664 1645 δαιότατον
701 1592 764 1646 τὸ
807 1590 1030 1647 ἀπολεῖν
1085 1595 1288 1669 ψυχὰς,
1339 1593 1556 1669 ἐνέδρας
1607 1597 1716 1651 εἶδε
1765 1597 2022 1658 τοιαύτας

380 1677 432 1731 ἐν
466 1678 764 1753 ἀποκρύφῳ
793 1687 893 1748 τῆς
925 1679 1148 1754 καρδίας
1181 1683 1430 1752 ἐπινοεῖν,
1482 1685 1570 1738 καὶ
1623 1686 1756 1739 κατὰ
1799 1687 2021 1760 καιροὺς

378 1768 630 1840 ἀτρεμεῖν
677 1767 945 1838 ἐπίτηδες,
997 1771 1086 1824 καὶ
1144 1773 1220 1844 μή
1277 1771 1510 1847 ἐνεργεῖν
1549 1774 1722 1828 ’ὥστε
1771 1777 1871 1844 τὴν
1920 1777 2020 1846 ψυ-

379 1857 489 1928 χὴν
547 1854 768 1911 ἐλκῦσαι
836 1859 970 1931 πρὸς
1030 1857 1208 1928 ο⁹ίησιν
1265 1859 1662 1932 τελειότητος;
1721 1863 1777 1916 Ὁ
1838 1863 2023 1934 μέντοι

381 1942 638 2016 θεμέλιος
665 1949 760 1999 τοῦ
801 1949 1254 2020 Χριστιανισμοῦ,
1297 1949 1390 2004 κᾶν
1429 1953 1600 2012 πασας
1643 1972 1728 2012 τις
1784 1951 2018 2026 μετέλθῃ

381 2033 748 2105 δικαιοσύνας,
810 2038 886 2108 μὴ
937 2037 1371 2094 ἐπαναπαύεσθαι
1427 2040 1654 2106 τούτων,
1717 2039 1858 2112 μηδὲ
1905 2040 2021 2096 ἐπι-

380 2123 616 2196 θαῤῥεῖν,
661 2121 802 2196 μηδὲ
853 2125 988 2200 μέγα
1030 2147 1083 2180 τι
1139 2127 1496 2197 πεποιηκέναι
1543 2127 1853 2206 λογίζεσθαι
1890 2129 2018 2184 ’κᾶν

385 2214 622 2288 μέτοχος
653 2214 882 2292 χάριτος
922 2221 1182 2291 καταστῇ,
1219 2219 1294 2290 μή
1345 2219 1564 2292 νομίσαι
1594 2219 1980 2295 κατειληφέναι
2007 2239 2018 2250 ·

383 2299 524 2375 μηδὲ
551 2304 870 2377 κατακόρως
903 2299 1050 2381 ἔχειν
1088 2349 1100 2362 .
1138 2305 1283 2361 ἀλλὰ
1323 2313 1508 2378 πεινᾷν
1552 2307 1676 2363 τότε
1721 2311 1811 2362 καὶ
1863 2306 2020 2382 διψᾷν

380 2391 438 2446 δὲ
467 2393 676 2446 πενθεῖν
709 2392 797 2446 καὶ
831 2391 1054 2462 κλαίειν,
1084 2399 1173 2450 καὶ
1218 2395 1676 2470 συντετριμμένην
1729 2397 1876 2460 ὅλως
1919 2399 2018 2466 τήν

373 2481 598 2556 καρδίαν
629 2479 797 2556 ἔχειν.

2055 1905 2100 1970 Β

1615 401 1846 462 LIBER
1891 401 1992 460 DE
2039 395 2512 458 CHABITATE.

3719 399 3836 461 934

2131 531 2292 586 intus
2325 531 2382 584 in
2433 529 2602 586 nobis
2653 529 2965 586 subsidens
3013 530 3206 598 (prout
3253 529 3523 602 superius
3569 535 3660 588 est
3707 548 3835 590 me-

2134 625 2424 674 moratum
2475 638 2506 673 a
2561 618 2752 690 nobis)
2803 619 3046 674 subdole
3091 619 3212 690 agit
3242 627 3297 672 et
3343 624 3550 689 sponte
3577 635 3636 675 se
3685 622 3831 678 sub-

2133 708 2334 774 trahit;
2388 725 2494 762 nec
2535 713 2824 777 speratur,
2869 724 2998 777 quae
3034 725 3138 762 sua
3177 713 3338 764 sunt.
3380 707 3491 764 Sed
3533 709 3828 767 hominem

2132 797 2382 864 inducit,
2412 803 2477 852 ut
2527 797 2817 851 existimet
2865 803 3121 851 mentem
3163 813 3330 851 suam
3371 813 3500 854 esse
3541 801 3832 854 emunda—

2133 894 2290 941 tam:
2326 891 2383 941 et
2429 886 2511 941 sic
2555 903 2720 957 porro
2765 886 3016 956 impellit
3052 887 3323 940 eumdem
3365 885 3424 942 in
3467 888 3832 957 perfectionis

2133 976 2588 1044 persuasionem.
2652 975 2797 1030 Tum
2849 990 2982 1028 vero
3033 973 3322 1028 latronum
3373 975 3485 1030 ritu
3535 977 3592 1032 in
3641 977 3832 1048 ipsum

2131 1065 2268 1118 facit
2301 1065 2612 1135 impetum,
2646 1081 2904 1136 eumque
2935 1065 2991 1119 in
3018 1064 3222 1119 infima
3264 1080 3450 1134 usque
3481 1071 3641 1120 terrae
3691 1083 3834 1136 pras-

2132 1153 2360 1224 cipitat.
2412 1153 2564 1208 Sunt
2623 1154 2891 1210 homines
2941 1153 3207 1208 innutriti
3258 1152 3586 1208 tractationi
3644 1171 3834 1210 armo-

2133 1257 2284 1308 rum,
2319 1244 2417 1312 qui
2459 1243 2630 1298 annis
2677 1242 2884 1312 viginti
2941 1247 3042 1297 aut
3088 1241 3414 1308 latrocinio,
3465 1247 3567 1296 aut
3617 1241 3835 1297 militiae

2134 1347 2472 1400 assuevere;
2525 1333 2743 1402 quippe
2787 1331 2985 1386 sciunt
3039 1329 3500 1386 machinationes
3549 1331 3608 1385 in
3659 1331 3834 1388 rebus

2132 1421 2502 1476 militaribus.
2537 1422 2604 1474 Hi
2651 1419 2974 1487 subsident,
3017 1424 3074 1473 et
3111 1419 3348 1474 insidiis
3391 1421 3726 1490 intendunt,
3769 1438 3835 1476 ac

2131 1511 2384 1564 hostium
2416 1515 2686 1564 avertunt
2715 1525 2885 1564 aures
2915 1526 2928 1575 ;
2961 1513 3018 1564 et
3047 1508 3132 1564 sic
3163 1508 3492 1564 insilientes
3540 1509 3835 1565 trucidant

2131 1613 2198 1654 ex
2231 1597 2584 1666 improvisio.
2639 1596 2862 1659 Quanto
2915 1597 3102 1667 magis
3152 1597 3401 1666 malitia,
3450 1601 3534 1652 tot
3581 1595 3832 1652 millium

2132 1703 2443 1752 annorum,
2476 1691 2532 1740 et
2561 1701 2705 1755 opus
2748 1687 2852 1740 hoc
2893 1685 3170 1754 perdendi
3222 1685 3449 1739 animas
3484 1685 3594 1740 sibi
3627 1701 3832 1756 propo-

2133 1790 2302 1840 nens,
2352 1773 2598 1828 insidias
2640 1775 2864 1826 noverit
2913 1772 3207 1841 ejusmodi
3251 1773 3308 1826 in
3352 1771 3546 1828 cordis
3586 1773 3834 1828 abscon-

2131 1863 2251 1916 dito
2299 1861 2692 1928 comminisci,
2741 1867 2797 1915 et
2840 1861 3205 1930 temporibus
3264 1862 3610 1932 opportunis
3640 1862 3712 1916 de
3744 1862 3835 1917 in-

2129 1949 2395 2006 dustria?
2444 1949 2565 2004 Imo
2615 1947 2866 2018 quietam
2907 1963 3032 2003 esse
3075 1953 3132 2002 et
3179 1965 3292 2003 non
3324 1948 3574 2019 operari,
3610 1954 3670 2004 ut
3709 1951 3834 2004 ani-

2131 2057 2282 2096 mam
2317 2040 2500 2109 ipsam
2543 2039 2602 2093 in
2636 2037 3069 2110 persuasionem
3105 2039 3472 2108 perfectionis
3505 2037 3836 2108 pertrahat?

2131 2131 2600 2184 Fundamentum
2653 2128 2852 2197 itaque
2910 2127 3343 2181 Christianismi
3401 2131 3506 2196 est,
3579 2133 3837 2199 quanta-

2131 2233 2358 2288 cunque
2403 2216 2536 2287 quis
2585 2215 2795 2270 obierit
2850 2215 3115 2270 omnium
3160 2215 3354 2270 ofﬁcia
3392 2217 3696 2282 virtutum,
3745 2215 3836 2270 bis

2131 2311 2328 2362 tamen
2381 2323 2497 2360 non
2548 2306 2956 2375 acquiescere;
3018 2320 3132 2357 non
3193 2303 3266 2358 iis
3319 2304 3609 2360 confidere
3654 2325 3668 2374 ;
3719 2322 3836 2360 non

2131 2395 2266 2450 inde
2309 2411 2584 2464 magnum
2637 2394 2776 2463 quid
2809 2409 2870 2447 se
2912 2392 3114 2448 fecisse
3163 2396 3462 2463 reputare;
3496 2409 3684 2464 neque
3736 2395 3834 2449 ubi

2131 2487 2324 2556 gratias
2367 2486 2651 2555 particeps
2690 2489 2778 2538 est
2819 2485 3024 2544 factus,
3074 2489 3327 2553 repente,
3371 2501 3437 2540 ac
3475 2501 3534 2539 se
3574 2501 3838 2556 compre-

379 2572 656 2627 hendisse
702 2573 970 2628 arbitrari
1007 2599 1020 2642 ;
1071 2574 1248 2630 multo
1299 2577 1493 2631 minus
1543 2578 1700 2631 velut
1730 2578 1856 2648 jam
1907 2581 2170 2632 saturum
2213 2575 2416 2642 otiari;
2456 2574 2554 2645 qui
2601 2579 2724 2629 tum
2757 2574 2941 2644 magis
2968 2574 3188 2628 esurire
3219 2589 3286 2628 ac
3314 2573 3501 2644 sitire;
3543 2575 3739 2646 lugere
3769 2591 3835 2632 ac

377 2661 534 2726 ﬂere,
565 2678 632 2716 ac
662 2663 976 2718 contritum
1013 2664 1243 2734 penitus
1275 2681 1372 2718 cor
1403 2665 1634 2720 habere.

447 2749 573 2804 AA’.
610 2747 735 2803 Νόει
771 2771 862 2822 μοι
908 2752 1008 2820 τήν
1057 2753 1424 2824 πνευματικήν
1475 2752 1794 2808 κατάστασιν
1842 2753 2016 2814 οὕτως

375 2834 556 2911 ἔχειν.
610 2839 838 2892 Ὑπόθου
896 2839 1012 2894 τινὰ
1069 2841 1201 2895 εἶναι
1262 2842 1547 2913 βασιλικὸν
1600 2842 1781 2898 οἶκον·
1842 2843 2019 2914 τούτῳ

375 2922 432 2978 δὲ
481 2925 648 2985 αὐλὰς
701 2927 910 2980 ὑπεῖναι
966 2926 1282 3004 διαφόρους,
1328 2931 1416 2984 καὶ
1467 2931 1712 3005 πρόθυρα
1763 2951 1883 2985 τινα
1929 2932 2019 2984 καὶ

375 3013 552 3072 οἰκίας
615 3011 788 3074 ἄλλας
842 3013 1104 3090 έξωτέρας
1137 3038 1150 3052 ·
1183 3019 1272 3070 καὶ
1333 3017 1478 3072 οὕτω
1533 3020 1696 3072 πάλιν
1767 3021 1901 3072 κατὰ
1957 3021 2018 3072 τὸ

373 3099 674 3154 ἀκόλουθον
710 3099 1012 3177 ἐνδοτέρας,
1055 3104 1106 3157 ἐν
1153 3108 1236 3166 αῖς
1281 3108 1380 3174 τήν
1431 3107 1710 3180 πορφύραν
1755 3107 1842 3160 καὶ
1889 3108 2015 3168 τοὺς

377 3192 683 3263 θησαυροὺς
727 3191 868 3252 εἰκὸς
929 3193 1268 3249 ἀποκεῖσθαι.
1327 3195 1453 3248 Εἶτα
1511 3197 1596 3248 καὶ
1656 3197 1753 3261 τὴν
1813 3191 2092 3263 τούτων,

373 3278 524 3340 αὖθις
562 3279 846 3356 ἐσωτέραν,
882 3279 1018 3334 ὅπου
1057 3283 1154 3351 τήν
1211 3281 1504 3356 βασιλικὴν
1559 3285 1689 3338 εἶναι
1741 3281 2019 3358 διαγωγήν
2053 3257 2095 3323 C

377 3367 390 3384 ὀ
519 3366 566 3388 I‘
762 3370 782 3388 ει
1041 3370 1067 3388 ’Υ
1175 3369 1199 3390 fl
1429 3375 1440 3388 ι
1541 3371 1553 3390 9
1681 3375 1689 3390 Ι
1900 3373 1912 3392 ἳ
1988 3370 2000 3386 Ῑ

374 3389 700 3436 επιτηοειον.
784 3377 962 3443 Ωσπερ
1009 3393 1102 3424 ουν
1151 3391 1200 3426 ει
1249 3393 1332 3433 τις
1385 3393 1478 3433 τας
1536 3375 1798 3445 εξωτερας
1856 3372 2026 3434 αυλας

373 3479 432 3511 τε
463 3457 554 3511 καὶ
589 3459 757 3530 μονὰς
789 3459 1118 3528 ἀπαντησας,
1170 3459 1214 3514 εἰ
1267 3459 1406 3530 δόξει
1457 3460 1583 3522 τοὺς
1637 3457 1789 3516 ἔνδον
1839 3461 2024 3523 οἷ’κους

373 3544 782 3623 κατειληφέναι,
843 3547 1234 3619 πεπλάνηται·
1297 3551 1440 3604 οὕτω
1499 3548 1564 3619 δὴ
1624 3551 1712 3604 καὶ
1771 3554 1906 3605 κατὰ
1961 3551 2024 3604 τὸ

373 3636 739 3706 πνευματικὸν
775 3636 1117 3701 ἀκολούθως.
1152 3639 1214 3694 Οἱ
1255 3641 1388 3714 πρὸς
1439 3639 1672 3714 γαστέρα
1718 3641 1806 3694 καῖ
1855 3641 2022 3696 ὕπνον

372 3721 800 3798 διαμαχόμενοι,
833 3725 1076 3799 ψαλμοῖς
1106 3747 1164 3782 τε
1193 3727 1282 3782 καὶ
1317 3729 1506 3802 εὐχαῖς
1541 3725 1805 3797 διηνεκῶς
1847 3749 2026 3803 προσ-

369 3812 632 3885 κείμενοι,
697 3817 771 3886 μή
818 3816 1190 3887 νομιζέτωσαν
1243 3815 1350 3887 ’ἤδη
1403 3823 1500 3872 τοῦ
1552 3819 1744 3882 τέλους
1790 3821 1876 3874 καὶ
1923 3823 2024 3887 τῆς

371 3905 761 3966 καταπαύσεως
845 3903 1136 3974 ἐπιϐῆναι.
1203 3909 1416 3976 [Ιόθενς
1476 3910 1600 3963 ’Έτι
1667 3909 1772 3981 γὰρ
1835 3909 2020 3970 αὐτοῖς

545 3997 610 4048 τὰ
659 3995 906 4068 πρόθυρα
953 3996 1041 4048 καὶ
1089 3997 1184 4056 τὰς
1230 3995 1398 4057 αὐλὰς
1441 3999 1475 4064 ἡ
1527 3995 1858 4072 ἇναστροφήι
1911 3997 2022 4070 οὐχ

361 4083 459 4138 ’ίνα
515 4085 613 4150 τήν
675 4085 960 4157 πορφύραν
1012 4083 1099 4137 καὶ
1149 4083 1274 4146 τοὺς
1337 4085 1642 4158 θησαυροὺς
1705 4087 2022 4140 ὑποκεῖσθαι

368 3997 496 4065 περί

362 4175 496 4234 τοὺς
533 4172 852 4246 βασιλικοὺς
888 4173 1159 4247 ὑπάρχει·
1193 4172 1287 4228 κᾶν
1329 4175 1558 4249 χάριτός
1587 4196 1728 4236 τινος
1777 4197 2019 4247 πνευμα-

363 4267 527 4327 τικῆς
560 4264 870 4332 ἠξιώθησαν
900 4280 911 4292 '
941 4260 1080 4334 μηδὲ
1111 4267 1272 4318 τοῦτο
1301 4263 1466 4318 πάλιν
1515 4264 1711 4328 αὐτοὺς
1739 4265 2019 4335 ἀπατάτω,

361 4356 468 4406 τοῦ
501 4351 696 4412 τέλους
727 4353 1002 4426 ἐπιτυχεῖν
1039 4372 1050 4383 ·
1097 4351 1305 4428 ἐρευνᾷν
1329 4352 1421 4406 οὖν
1471 4361 1764 4425 προσῆκεν,
1799 4355 1843 4408 εἰ
1875 4353 2023 4428 εὗρεν

364 4441 424 4496 έν
476 4446 555 4512 τῷ
615 4441 920 4514 ὀστρακίνῳ
977 4442 1154 4514 τούτῳ
1207 4441 1379 4496 σκεύει
1459 4445 1550 4497 τὸν
1623 4445 1894 4518 θησαυρόν
1931 4462 1943 4476 ·
1975 4444 2022 4498 εἴ

361 4526 652 4583 ἐνεδύσατο
709 4535 806 4584 τοῦ
877 4529 1187 4602 Πνεῦματος
1253 4532 1348 4599 τήν
1415 4531 1693 4608 πορφύραν
1733 4551 1744 4562 ·
1820 4532 1864 4586 εἰ
1930 4533 2018 4586 τὸν

369 4615 598 4691 βασιλέα
631 4615 738 4671 εἶδε
767 4619 856 4672 καί
888 4619 1243 4676 ἀνεπαύσατο.
1281 4620 1378 4673 Καὶ
1410 4622 1508 4694 γὰρ
1543 4619 1660 4674 θ’ίου
1713 4643 1808 4692 μοι
1854 4619 2018 4674 πάλιν
2054 4627 2096 4690 Ι)

367 4705 468 4770 τήν
509 4708 602 4776 μὲν
635 4709 820 4780 ψυχὴν
853 4710 1023 4782 βάθος
1050 4731 1107 4764 τι
1140 4708 1290 4784 ἔχειν
1331 4709 1420 4764 καὶ
1475 4710 1614 4782 μέλη
1675 4708 1882 4778 πολλὰ,
1921 4711 2018 4778 τὴν

371 4789 430 4843 δὲ
477 4793 746 4864 ἁμαρτίαν
795 4795 1219 4850 ὕπεισελθοῦσαν
1265 4798 1330 4852 τὰ
1393 4795 1533 4870 μέλη
1585 4800 1775 4864 πάντα,
1822 4797 1910 4852 καὶ
1953 4799 2016 4852 τὰ

366 4882 619 4951 νοήματα
648 4888 747 4950 τῆς
778 4881 1002 4957 καρδίας
1030 4882 1357 4941 καταλαϐεῖν
1391 4907 1400 4918 ·
1434 4889 1546 4942 εἶτα
1584 4885 2013 4957 ἐπιζητήσαντος

367 4972 464 5022 τοῦ
499 4967 809 5040 Πνεύματος
839 4973 936 5038 τὴν
969 4974 1151 5046 χάριν,
1193 4973 1393 5036 ἐλθεῖν,
1425 4977 1514 5030 καὶ
1561 4973 1656 5030 δύο
1698 4977 1866 5050 τυχὸν
1916 4979 2014 5043 τῆς

370 5063 555 5136 ψυχῆς
610 5060 748 5132 μέρη
800 5057 1114 5134 περιλαϐεῖν
1153 5086 1164 5098 ·

367 5150 503 5223 πρὸς
550 5155 650 5218 τῆς
709 5149 936 5221 χάριτος
991 5151 1194 5221 ταύτης
1247 5154 1730 5227 παρακαλούμενον
1790 5154 2014 5226 δόκησις

367 5235 505 5312 ἔχει,
555 5239 729 5294 πάντα
775 5239 842 5290 τὰ
903 5236 1042 5308 μέλη
1101 5247 1200 5308 τῆς
1259 5245 1444 5320 ψυχῆς
1501 5243 1882 5323 κατειλῆφθαι,
1923 5245 2012 5298 καὶ

367 5331 464 5398 τὴν
521 5325 786 5401 ἁμαρτίαν
833 5327 979 5387 ὅλως
1031 5325 1374 5400 ἐκριζῶσθαι,
1429 5333 1504 5403 μὴ
1556 5331 1754 5400 εἰδότα,
1817 5333 1897 5388 ὅτι
1949 5333 2010 5388 τὸ

371 5415 628 5472 πλεῖστον
684 5415 846 5489 μέρος
906 5414 1072 5480 αὐτῆς
1128 5414 1206 5470 ἔτι
1267 5417 1596 5496 κατάσχετον
1655 5420 1742 5474 ὑπ’

1215 5065 1306 5120 τόν
1354 5063 1444 5119 οὖν
1487 5066 1725 5140 ἀπείρως
1775 5063 2010 5142 ἔχοντα,

1803 5421 2010 5492 ἐκείνης

369 5503 534 5562 ἐστίν.
583 5507 734 5562 Ἑνὸν
773 5507 894 5580 γὰρ,
955 5506 1030 5568 ὡς
1075 5505 1348 5570 πολλάκις
1398 5504 1728 5577 δεδήλωται,
1777 5510 1866 5563 καὶ
1913 5513 2012 5581 τὴν

367 5595 531 5670 χάριν
562 5593 927 5657 ἀδιαλείπτως
981 5595 1238 5670 ἐνεργεῖν,
1286 5594 1343 5648 ὃν
1375 5595 1574 5670 τρόπον
1625 5596 1906 5673 ὀφθαλμὸν
1957 5598 2009 5653 ἐν

367 5687 447 5758 τῷ
488 5685 723 5760 σώματι,
765 5685 853 5740 καὶ
895 5690 1130 5741 συνεῖναι
1179 5687 1280 5757 τήν
1329 5685 1518 5741 κακίαν
1569 5684 2011 5746 ὑποκλέπτουσαν

2199 2752 2388 2809 ΧΧΧΙ.
2447 2751 2646 2824 Cogita
2708 2752 2870 2821 mihi,
2933 2752 3018 2807 sic
3076 2769 3138 2808 se
3195 2752 3411 2808 habere
3467 2751 3831 2824 spiritualem

2128 2847 2372 2899 statum.
2425 2841 2596 2912 Finge
2646 2842 2748 2898 tibi
2797 2842 2990 2896 animo
3049 2841 3332 2914 palatium
3385 2842 3678 2914 quoddam
3739 2859 3830 2900 re-

2129 2933 2314 3002 gium,
2359 2933 2508 2986 aulis
2536 2937 2811 2987 constans
2855 2931 3130 2996 diversis;
3167 2948 3232 2987 ac
3264 2932 3552 2988 vestibula
3594 2932 3830 3004 quidem

2133 3021 2411 3090 principio
2487 3027 2734 3088 exstare,
2809 3025 3117 3092 partesque
3191 3022 3509 3076 anteriores
3559 3023 3828 3089 aedium;

2131 3116 2250 3162 tum
2313 3110 2626 3162 introrsum
2687 3109 2967 3163 continua
3020 3108 3168 3162 serie
3211 3109 3468 3179 penitius
3501 3109 3833 3168 recedentes

2133 3197 2299 3263 alias,
2333 3198 2390 3251 in
2433 3198 2650 3267 quibus
2700 3203 2756 3250 et
2801 3213 3117 3266 purpuram
3171 3201 3228 3250 et
3275 3197 3579 3253 thesauros
3632 3200 3832 3254 verisi-

2137 3284 2270 3340 mile
2337 3287 2413 3340 sit
2463 3285 2642 3340 latere
2701 3285 2973 3353 reposita.
3037 3283 3250 3340 Dein'de
3307 3302 3511 3340 rursus
3561 3291 3688 3357 post
3733 3286 3836 3343 has

2142 3375 2334 3429 adhuc
2365 3373 2642 3428 interiora
2675 3373 2826 3428 208
2887 3374 3212 3429 conclavia:
3265 3374 3360 3429 ubi
3405 3374 3680 3431 diversari
3738 3393 3835 3432 rex

2136 3464 2263 3535 ipse
2295 3465 2577 3518 creditur.
2627 3461 2700 3518 Ut
2743 3463 2923 3534 igitur
2966 3463 3014 3518 si
3048 3463 3339 3533 quispiam
3377 3463 3705 3520 istiusmodi
3737 3481 3836 3522 ex-

2137 3553 2314 3608 timas
2350 3558 2578 3606 tantum
2626 3552 2909 3622 quasdam
2945 3553 3088 3606 forte
3131 3551 3426 3622 ingressus
3478 3553 3834 3621 mansiones,

2135 3641 2494 3696 existimaret
2528 3657 2587 3696 se
2619 3645 2745 3710 ipsa
2774 3642 2896 3710 jam
2941 3641 3256 3712 penetralia
3305 3641 3584 3697 domicilii
3618 3648 3832 3712 tenere,

2132 3732 2513 3785 vehementer
2559 3736 2824 3786 erraret:
2877 3730 2956 3784 ita
2989 3733 3048 3784 in
3096 3731 3269 3786 rebus
3316 3731 3727 3802 spiritualibus
3773 3749 3835 3788 se

2134 3837 2223 3875 res
2257 3821 2462 3888 habet;
2496 3821 2594 3889 qui
2645 3819 2860 3872 bellum
2909 3827 3104 3873 ventre
3151 3823 3208 3873 et
3251 3835 3458 3874 somno
3496 3819 3834 3888 inferentes,

2131 3908 2190 3962 in
2253 3909 2610 3977 psalmorum
2675 3922 2908 3976 quoque
2957 3907 3382 3972 decantatione,
3443 3913 3499 3961 et
3529 3907 3836 3962 continua-

2131 3999 2291 4052 tione
2324 4011 2558 4066 precum
2596 3999 2981 4064 perseverant,
3023 4011 3093 4048 ne
3152 3999 3358 4065 putent
3405 4012 3466 4050 se
3511 3999 3835 4066 pervenisse

2123 4087 2242 4156 jam
2279 4087 2348 4140 ad
2385 4091 2660 4150 mentam,
2694 4099 2759 4138 ac
2792 4085 3004 4153 quietis
3036 4083 3368 4139 incendiose
3416 4083 3626 4140 cubile.
3673 4085 3836 4142 Unde

2127 4174 2282 4228 enim
2339 4174 2460 4228 haec
2513 4173 2862 4244 persuasio?
2907 4173 3110 4227 Adhuc
3153 4188 3350 4227 eorum
3385 4173 3442 4227 in
3477 4171 3834 4244 primoribus

2131 4264 2451 4333 porticibus
2501 4273 2555 4317 et
2609 4263 2761 4316 circa
2799 4260 2956 4316 aulas
3005 4262 3182 4316 haeret
3229 4262 3631 4330 conversatio;
3681 4279 3834 4319 non-

2131 4355 2270 4406 dum
2322 4351 2416 4405 ubi
2469 4368 2726 4421 purpura
2770 4355 2826 4404 et
2871 4349 3130 4403 thesauri
3189 4349 3328 4420 regii
3372 4354 3512 4404 sunt
3554 4351 3828 4422 repositi;

2129 4441 2262 4495 licet
2293 4443 2491 4511 gratia:
2519 4440 2838 4511 spiritualis
2871 4437 3121 4508 alicujus
3150 4439 3270 4493 sint
3295 4440 3475 4507 beati;
3502 4457 3594 4505 ne,
3615 4458 3828 4508 quaeso,

2132 4530 2240 4583 hoc
2272 4547 2368 4584 eos
2401 4530 2670 4597 decipiat,
2719 4536 2783 4583 ut
2821 4528 3042 4599 apicem
3086 4528 3398 4597 arripuisse
3428 4531 3546 4596 jam
3589 4545 3649 4584 se
3699 4546 3834 4599 per—

2133 4619 2386 4674 fectionis
2421 4625 2641 4689 putent.
2693 4619 3004 4688 Explorare
3053 4616 3306 4687 aliquem
3359 4617 3582 4687 aequius
3629 4619 3826 4685 fuerit;

2128 4711 2334 4780 ecquid
2395 4711 2452 4764 in
2516 4725 2620 4763 suo
2677 4725 2814 4763 vase
2873 4707 3038 4762 fictili
3103 4709 3444 4760 thesaurum
3503 4705 3832 4762 invenerit?

2125 4797 2338 4869 Ecquid
2368 4800 2488 4868 jam
2519 4797 2769 4851 induerit
2801 4796 3056 4865 Spiritus
3099 4795 3460 4866 purpuram?
3504 4799 3592 4849 Au
3635 4811 3826 4867 regem

2121 4885 2350 4955 viderit,
2402 4893 2458 4941 et
2507 4885 2956 4957 conquieverit?
3000 4885 3223 4938 Etenim
3273 4885 3546 4940 existima
3597 4899 3825 4939 rursum

2122 4975 2378 5030 animam
2422 4974 2657 5046 quidem
2714 4974 3165 5046 profunditatem
3209 4973 3546 5044 quampiam
3591 4973 3826 5038 habere,

2121 5071 2175 5120 et
2235 5067 2500 5120 membra
2563 5066 2782 5134 multa;
2846 5073 3142 5133 peccatum
3202 5069 3392 5118 autem
3453 5063 3826 5135 subrepsisse

2121 5160 2278 5225 putet
2315 5157 2372 5208 in
2436 5155 2728 5208 memhr'as
2777 5154 2996 5219 omnia,
3051 5161 3104 5208 et
3151 5153 3532 5224 cogitationes
3588 5167 3823 5224 quoque

2120 5245 2312 5299 cordis
2344 5260 2678 5313 occupasse.
2716 5246 2928 5298 Deinde
2963 5251 3270 5312 postquam
3323 5243 3496 5296 homo
3531 5241 3822 5311 requisivit

2121 5334 2371 5398 Spiritus
2429 5334 2692 5400 gratiam,
2740 5349 2866 5387 eam
2927 5333 3160 5399 venire,
3211 5337 3268 5386 et
3325 5333 3470 5386 duas
3501 5329 3819 5398 apprehen-

2119 5425 2274 5478 disse
2309 5423 2568 5477 forsitam
2613 5423 2820 5478 animas
2855 5433 3059 5492 partes.
3094 5422 3154 5476 Id
3197 5437 3330 5476 cum
3365 5420 3608 5473 sentiret
3639 5418 3820 5488 impe-

2119 5513 2264 5568 ritus
2297 5513 2491 5583 gratiae
2541 5513 2738 5581 hujus,
2780 5513 3072 5583 Opinatur,
3127 5510 3392 5564 universa
3447 5505 3660 5575 pariter
3687 5506 3818 5560 ani-

2117 5619 2221 5658 mae
2274 5602 2532 5656 membra
2573 5603 2768 5672 gratia;
2815 5600 3230 5674 comprehensa
3272 5596 3325 5652 vi
3357 5595 3562 5663 teneri,
3593 5611 3660 5650 ac
3687 5609 3819 5662 pec-

2117 5695 2308 5746 catum
2353 5706 2420 5746 ex
2449 5707 2513 5748 eo
2557 5707 2795 5763 prorsus
2839 5691 3225 5756 eradicatum;
3277 5685 3546 5742 nesciens
3593 5681 3814 5754 pleras-
