4076 6280
328 377 445 439 935

1670 371 1732 429 S.
1783 366 2113 429 MACARII
2159 369 2489 434 .EGYPTII

3670 378 3783 436 936

326 528 439 586 que
473 512 665 569 adhuc
696 510 905 567 animus
948 510 1143 573 partes
1192 503 1461 576 occupari
1492 520 1524 559 a
1571 509 1822 573 peccato.
1875 501 2026 556 Con-
2065 502 2103 567 Α
2140 501 2237 569 τὴν
2272 499 2529 561 διάνοιαν.
2572 506 2627 559 '0
2657 502 2836 559 τοίνυν

2140 501 2237 569 τὴν
2272 499 2529 561 διάνοιαν.
2572 506 2627 559 Ὀ
2657 502 2836 559 τοίνυν
2870 505 2945 574 μὴ
2980 502 3267 578 διακρίνειν
3306 503 3483 569 εἰδὼς,
3518 509 3593 568 ὡς
3644 508 3789 582 μέγα

323 616 484 657 cesso
513 602 670 656 enim
712 599 796 669 (ut
847 596 1062 667 saepius
1107 595 1574 650 demonstratum
1618 591 1726 663 est)
1774 591 2022 662 gratiam

320 691 723 747 indesinenter
786 685 1045 760 operari,
1108 684 1260 739 sicut
1312 683 1545 740 oculum
1598 681 1657 735 in
1708 697 1946 751 corpore
2008 696 2023 748 ;

320 796 455 836 cum
496 796 560 835 eo
606 786 801 833 tamen
844 774 1225 831 nihilominus
1271 781 1356 829 est
1404 788 1629 838 verum,
1677 770 1852 827 simul
1887 786 2021 825 cum

321 886 390 925 ea
420 869 661 925 subesse
693 868 909 938 pariter
939 865 1248 931 malitiam,
1299 863 1544 918 latenter
1588 867 1842 916 mentem
1915 860 2020 914 fal-

315 957 553 1014 lentem.
586 958 690 1022 Qui
725 973 861 1028 ergo
894 956 1044 1010 haud
1091 954 1234 1009 satis
1281 954 1439 1008 novit
1469 953 1817 1015 discernere,
1851 952 2021 1021 quasi

318 1063 597 1120 magnum
631 1047 771 1117 quid
798 1048 919 1115 jam
951 1045 1026 1099 sit
1054 1048 1379 1107 assecutus,
1402 1058 1674 1110 magnum
1708 1040 1925 1111 aliquid
1950 1042 2020 1096 de

315 1154 378 1195 se
423 1137 552 1209 ipso
606 1136 881 1207 opinatur
916 1152 930 1202 ;
964 1138 1021 1190 et
1068 1134 1231 1205 quasi
1296 1133 1506 1188 ultima
1557 1131 1897 1203 purgatione
1944 1132 2014 1186 ad

316 1242 526 1297 purum
570 1228 840 1281 excoctus
891 1223 989 1291 sit,
1042 1221 1297 1277 inﬂatur.
1352 1221 1463 1275 Sed
1519 1219 1766 1274 multum
1802 1237 1835 1275 a
1887 1236 2018 1275 vero

314 1317 481 1371 abest
510 1314 628 1369 hac
678 1315 806 1384 ejus
854 1311 1175 1367 vanissima
1222 1309 1541 1381 persuasio.
1579 1308 1651 1364 Ut
1686 1308 1839 1363 enim
1874 1324 2019 1379 prae-

314 1404 525 1460 cedens
556 1417 747 1458 sermo
784 1400 1148 1463 monstravit,
1182 1415 1277 1454 ars
1311 1398 1428 1452 hac
1469 1406 1552 1451 est
1584 1396 1832 1462 Satanae,
1867 1411 2015 1465 quo-

316 1494 448 1548 dam
480 1496 742 1563 tempore
775 1492 843 1545 de
874 1488 1162 1545 industria
1208 1503 1270 1542 se
1302 1486 1677 1550 abscondere,
1712 1502 1797 1551 ac,
1849 1485 2018 1555 quasi

316 1582 664 1648 recessisset,
716 1579 1100 1636 intermittere
1144 1578 1366 1647 operari
1414 1593 1539 1648 quae
1591 1577 1860 1645 solebat;
1912 1576 2017 1632 hoc

315 1671 672 1744 spectantis,
734 1675 799 1726 ut
872 1673 1235 1739 arrogantem
1302 1667 1393 1723 sui
1467 1666 1738 1721 ﬁduciam
1814 1682 2016 1736 parum

315 1761 501 1817 cautis
585 1760 989 1832 spiritualibus
1074 1759 1415 1830 ingenerat.
1502 1756 2016 1813 Verumenimvero

2132 611 2184 645 τι
2216 591 2561 671 κατειληφὼς
2592 592 2724 665 ἤδη,
2768 594 2906 668 μέγα
2942 614 3000 649 τε
3039 593 3162 667 περὶ
3206 596 3396 651 ἑαυτοῦ
3445 594 3643 668 οἷέται,
3692 595 3787 651 καὶ

2134 680 2209 743 ὡς
2266 684 2363 750 τὴν
2424 684 2661 757 ἐσχάτην
2719 684 2976 757 κάθαρσιν
3037 686 3384 759 συνεσχηκὼς
3420 684 3781 761 τετύφωται·

2133 765 2278 845 ἔχειν
2322 768 2377 826 δὲ
2423 773 2521 839 τήν
2568 770 2828 842 ἀλήθειαν
2884 777 3289 847 συνηγοροῦσαν
3335 773 3504 843 αὐτῷ,
3563 772 3786 829 πολλοῦ

2134 879 2196 932 γε
2225 861 2311 913 καὶ
2347 857 2445 916 δεῖ.
2495 866 2581 923 Ὡς
2622 863 2727 936 γάρ
2758 863 2784 916 6
2818 861 2985 936 λόγος
3034 862 3237 939 φθάσας
3288 860 3561 933 ἐδήλωσε,
3606 861 3781 937 τέχνη

2131 952 2209 1018 τῷ
2267 954 2479 1003 Σατανᾶ
2525 950 2614 1004 καὶ
2670 951 2802 1020 αὕτη
2842 970 2854 983 ⁸
2886 949 3023 1005 κατά
3079 971 3231 1012 τινας
3297 952 3533 1025 χρόνους
3591 949 3783 1006 ἑκόντα

2131 1045 2483 1118 παραχωρεῖν
2518 1087 2533 1112 ,
2594 1041 2681 1096 καὶ
2737 1043 2802 1096 τὰ
2860 1041 3090 1097 εἶωθὸτα
3152 1044 3227 1115 μὴ
3290 1041 3573 1118 ἐνεργεῖν,
3642 1044 3778 1097 κατᾶ

2128 1130 2353 1197 σκοπὸν,
2419 1135 2516 1184 τοῦ
2579 1131 2756 1201 οἷἠσιν
2824 1132 3171 1202 τελειότητος
3246 1138 3361 1195 τοῖς
3421 1132 3778 1205 ἆσκουμὲνοις

2133 1213 2428 1273 ὑποϐαλεῖν
2456 1240 2468 1254 ο
2502 1218 2647 1275 ἀλλά
2682 1222 2758 1294 μὴ
2792 1222 2820 1275 6
2852 1223 3095 1297 φυτεύων
3126 1220 3429 1293 ἀμπελῶνα
3459 1219 3779 1295 παραπόδας

2129 1303 2382 1382 λαμϐάνῃ
2423 1309 2511 1363 καὶ
2560 1310 2652 1365 τὸν
2698 1311 2905 1385 καρπόν
2943 1331 2956 1344 ·
2981 1311 3016 1380 ἤ
3049 1313 3076 1366 6
3104 1313 3339 1387 σπείρων
3384 1314 3450 1367 τὰ
3490 1312 3777 1387 σπέρματα

2128 1394 2179 1451 ἒν
2211 1401 2278 1470 τῇ
2322 1402 2390 1473 γῇ
2439 1400 2529 1453 καὶ
2584 1401 2684 1468 τὴν
2737 1397 3076 1475 συγκομιδήν
3135 1402 3291 1463 εὐθὺς
3339 1400 3656 1472 ἐποιήσατο.
3712 1401 3773 1457 Τί

2130 1483 2223 1556 δέ;
2256 1487 2318 1541 τὸ
2349 1488 2618 1565 ἀρτιγενῗες
2649 1487 2867 1545 παιδίον
2913 1492 3094 1564 ἥψατο
3144 1498 3489 1566 παραχρῆμα
3536 1498 3637 1561 τῆς
3684 1512 3776 1546 τε-

2130 1577 2461 1648 λειότητος;
2516 1575 2859 1654 Ἀπόϐλεψον
2918 1580 2995 1644 εἷς
3048 1583 3139 1636 τὸν
3204 1584 3415 1651 Ἰησοῦν
3447 1600 3461 1615 ⁸
3496 1579 3554 1637 ἐκ
3610 1584 3777 1644 ποίας

2128 1663 2288 1738 δόξης
2340 1670 2461 1731 Υἱὸς
2511 1674 2645 1724 Θεοῦ
2692 1670 2782 1725 καί
2840 1671 2968 1733 Θεὸς
3022 1667 3092 1724 ὣν
3149 1672 3177 1725 6
3232 1671 3484 1745 Χριστὸς,
3545 1669 3621 1730 είς
3680 1672 3774 1725 οἷα

2126 1757 2296 1827 πάθη,
2326 1757 2415 1810 καὶ
2463 1757 2705 1831 ἀτιμίαν,
2755 1760 2843 1812 καὶ
2900 1759 3131 1833 σταυρὸν
3183 1754 3385 1827 κατέϐη
3424 1760 3555 1813 ’καὶ
3608 1755 3773 1812 πάλιν

314 1852 414 1922 qui
470 1850 694 1922 plantat
746 1849 997 1916 vineam,
1053 1848 1208 1903 haud
1261 1849 1458 1902 statim
1522 1846 1845 1901 vindemiat
1894 1848 2018 1917 ejus
2053 1846 2096 1909 B
2129 1845 2276 1906 ὅπως
2316 1842 2403 1900 διὰ
2451 1848 2649 1917 ταύτην
2702 1848 2858 1902 αὐτοῦ

2129 1845 2276 1906 ὅπως
2316 1842 2403 1900 διὰ
2451 1848 2649 1917 ταύτην
2702 1848 2864 1902 αὐτοῦ
2922 1849 3020 1916 τήν
3079 1847 3401 1903 ταπείνωσιν
3465 1849 3769 1922 ὑπερήρθη,

313 1940 588 1995 fructum.
646 1943 843 2011 Neque
892 1939 991 2010 qui
1043 1954 1236 1993 semen
1288 1936 1345 1991 in
1397 1940 1609 1991 terram
1672 1936 1834 2006 jacit,
1893 1937 2017 1993 fru-

316 2037 575 2084 mentum
626 2029 825 2084 eodem
872 2033 1122 2100 tempore
1167 2028 1224 2081 in
1265 2026 1472 2081 horrea
1520 2024 1810 2080 convehit.
1864 2026 2013 2089 Quid

312 2119 491 2191 ergo?
540 2135 612 2174 an
661 2135 859 2175 recens
910 2124 1081 2173 natus
1124 2117 1317 2172 infans
1367 2116 1629 2186 perfectas
1681 2116 1873 2171 subito
1923 2116 2016 2171 in-

313 2216 670 2264 crementum
720 2208 1064 2278 adipiscitur
1109 2205 1340 2261 astatis?
1389 2204 1633 2275 Respice
1682 2205 1738 2259 in
1793 2209 2013 2261 Jesum.

313 2296 390 2351 Ex
419 2304 636 2369 quanta
661 2297 847 2370 gloria
882 2297 1059 2351 Filius
1092 2295 1192 2351 Dei
1223 2302 1279 2350 et
1309 2294 1463 2350 Deus
1506 2310 1636 2350 cum
1672 2302 1827 2349 esset
1856 2294 2016 2349 Chri-

310 2391 458 2455 stus,
490 2387 549 2442 in
598 2394 739 2459 quot
782 2387 1097 2458 qualesque
1146 2388 1569 2457 perpessiones,
1626 2384 2008 2452 ignominiam

2125 1935 2213 1989 καὶ
2257 1935 2308 1989 ἐν
2359 1932 2501 2007 δεξιᾷ
2547 1941 2643 1991 τοῦ
2695 1936 2905 2011 Πάτρὸς
2950 1936 3209 1997 ἐκάθισεν.
3243 1941 3300 1993 Ὁ
3333 1936 3389 1993 δέ
3419 1959 3482 2013 γε
3530 1939 3772 2013 πονηρὸς

2127 2022 2248 2104 ὄφις
2278 2026 2337 2080 ἐκ
2365 2027 2588 2100 πρώτης
2618 2032 2696 2098 τῷ
2742 2026 2918 2101 Ἀδὰμ
2970 2028 3298 2103 ὑποσπείρας
3346 2028 3607 2097 θεότητος
3660 2028 3771 2083 ὲπι-

2125 2116 2343 2188 θυμίαν,
2378 2115 2452 2177 είς
2486 2114 2600 2170 ο⁹ίαν
2633 2117 2793 2172 αὐτὸν
2822 2120 3126 2193 κατήγαγεν
3155 2118 3374 2190 ἀτιμίαν
3429 2115 3515 2172 διὰ
3571 2118 3771 2187 ταύτης

2128 2203 2193 2274 δὴ
2226 2207 2322 2273 τῆς
2356 2204 2606 2275 οἷήσεως.
2635 2210 2809 2260 Ταῦτα
2840 2206 3011 2261 τοίνυν
3052 2206 3213 2269 αὐτὸς
3261 2206 3459 2262 ἐννοῶν
3508 2207 3770 2284 ἀσφάλιζε

2128 2296 2343 2349 σεαυτὸν
2402 2294 2499 2363 ὅση
2563 2292 2813 2366 δύναμις,
2865 2296 2954 2350 καὶ
3007 2292 3276 2364 ano-331:5
3328 2301 3616 2351 ταπεινοῦν
3684 2295 3769 2351 ἀεὶ

2117 2385 2216 2454 τὴν
2248 2381 2497 2458 καρδίαν,
2529 2384 2618 2438 καὶ
2655 2388 3121 2459 συντετριμμένην
3157 2384 3325 2464 ἔχειν.

308 2485 363 2533 et
434 2494 667 2533 crucem
736 2476 1098 2533 descenderit
1153 2491 1167 2542 ;
1238 2481 1295 2531 et
1356 2492 1559 2531 rursus
1631 2481 1862 2545 propter
1933 2475 2093 2530 illam
2170 2477 2356 2545 ipsam
2418 2479 2543 2545 ejus
2584 2477 3044 2531 humiliationem
3088 2477 3550 2547 snperexaltatus
3617 2479 3769 2534 idem

309 2565 502 2633 fuerit,
535 2568 677 2621 adeo
709 2574 772 2622 ut
800 2566 997 2621 sedeat
1026 2568 1094 2620 ad
1124 2566 1311 2620 Patris
1342 2567 1655 2620 dexteram.
1708 2568 1778 2617 At
1811 2564 2002 2620 malus
2042 2581 2280 2633 serpens
2330 2567 2737 2620 subseminata
2784 2566 2970 2636 primo
3010 2583 3116 2623 suo
3158 2582 3401 2623 susurro
3451 2569 3507 2623 in
3554 2568 3767 2623 Adami

309 2654 508 2709 animo
538 2656 852 2725 cupiditate
883 2656 1226 2719 divinitatis,
1260 2655 1319 2707 in
1371 2663 1653 2724 quantam
1702 2655 1894 2723 ipsum
1919 2654 2129 2721 dejecit
2166 2653 2577 2725 ignominiam,
2608 2656 2769 2710 illius
2809 2656 3217 2726 superbissimi
3252 2658 3420 2726 justa
3466 2658 3771 2728 punitione

307 2745 602 2800 desiderii.
664 2750 794 2800 Haec
869 2746 1043 2814 igitur
1101 2745 1227 2813 ipse
1287 2750 1591 2813 reputans,
1646 2743 1884 2797 consule
1914 2743 2042 2810 tibi,
2075 2747 2440 2801 constituens
2490 2752 2777 2817 quantum
2832 2752 2994 2819 potes
3034 2747 3093 2803 in
3146 2765 3353 2806 securo
3382 2765 3469 2805 res
3498 2754 3663 2816 tuas;
3698 2752 3761 2804 et

309 2835 475 2891 stude
496 2850 728 2907 semper
759 2834 1064 2890 humiliare
1097 2845 1260 2889 tuum
1293 2850 1410 2902 cor,
1444 2839 1499 2888 et
1528 2832 1693 2886 illiud
1728 2832 1941 2887 habere
1962 2832 2294 2890 contritum.

520 3175 1748 3349 ΜΑΚΑΡΙΟΥ
1881 3174 2355 3348 ΤΟΥ
2490 3176 3607 3353 ΜΕΓΑΛΟΥ

1266 3473 1565 3566 ΠΕΡΙ
1647 3471 2433 3568 ΕΛΕΥΘΕΡΙΑΣ
2517 3473 2847 3572 ΝΟοΣ

1935 3670 2171 3721 ΛΟΓΟΣ.

1237 3961 2088 4131 MACARII
2219 3966 2791 4134 MAGN
2801 3964 2870 4131 Ι

1344 4250 1503 4366 DE
1586 4251 2252 4369 LIBERTATE
2327 4252 2779 4367 MENTlS

1914 4462 2170 4523 LIBER.

352 4737 503 4795 209
535 4738 577 4792 Ι.
612 4739 753 4794 Cum
789 4734 1035 4791 audieris
1068 4733 1444 4789 descendisse
1476 4730 1769 4785 Christum
1802 4729 1860 4784 in
1892 4727 1984 4783 in-
2020 4734 2070 4800 ο
2175 4729 2253 4784 Α’.
2305 4731 2465 4784 Ὅταν
2518 4728 2776 4804 ἀκούσῃς,
2822 4729 2858 4785 8·

2175 4729 2253 4784 Α’.
2305 4731 2465 4784 Ὅταν
2518 4728 2776 4804 ἀκούσῃς,
2822 4729 2903 4785 ὅτι
2962 4730 3237 4786 κατελθὼν
3298 4731 3325 4783 6
3378 4729 3607 4806 Χριστός
3663 4731 3740 4794 εἷς

282 4826 455 4890 feros,
487 4830 543 4879 et
584 4825 845 4881 detentae
888 4823 1002 4879 illic
1035 4822 1259 4878 animas
1301 4820 1605 4888 liberasse,
1654 4835 1771 4874 non
1822 4817 1990 4887 longe

280 4914 495 4970 distare
550 4913 650 4969 illa
698 4915 770 4968 ab
812 4913 926 4979 his,
985 4931 1111 4984 quas
1159 4929 1311 4969 nunc
1343 4915 1640 4984 gerentur,
1675 4914 1835 4982 puta.
1870 4909 1985 4964 Co-

276 5003 398 5075 gita
442 5002 583 5057 mihi
631 5002 968 5072 sepulcrum
1010 5018 1137 5058 esse
1195 5019 1311 5059 cor.
1359 5002 1441 5058 Ibi
1496 5001 1879 5072 cogitationes
1930 5003 1986 5055 et

278 5098 501 5149 mentes
532 5092 791 5148 defossas
820 5093 980 5163 gravi
1015 5092 1191 5148 teneri
1229 5091 1681 5162 comprehensas
1712 5090 1980 5160 caligine.

274 5182 445 5239 Venit
468 5181 644 5253 igitur
695 5182 978 5236 Dominus
1035 5182 1106 5237 ad
1166 5183 1393 5238 animas
1433 5182 1493 5237 in
1536 5179 1738 5236 inferis
1789 5179 1979 5248 ipsum

273 5274 526 5330 clamore
561 5288 772 5344 magno
806 5275 1157 5339 invocantes,
1204 5272 1261 5327 in
1308 5272 1656 5343 profundum
1714 5267 1981 5322 videlicet

271 5365 463 5421 cordis
522 5364 813 5431 advenit;
874 5367 931 5418 et
986 5361 1065 5416 ibi
1138 5363 1304 5417 morti
1365 5362 1686 5435 imperans.
1724 5361 1976 5422 Dimitte,

269 5453 371 5521 ait,
427 5455 662 5511 clausas
720 5454 895 5509 isthic
960 5454 1212 5519 animas,
1274 5469 1365 5508 me
1422 5452 1517 5523 qui
1578 5466 1818 5524 possum
1878 5464 1975 5503 eas

266 5542 537 5612 liberare,
604 5552 663 5599 ut
728 5545 786 5599 id
846 5544 1056 5600 faciam
1121 5549 1375 5599 orantes.
1455 5542 1673 5598 Deinde
1739 5557 1972 5613 gravem

264 5631 520 5705 lapidem
563 5649 864 5691 removens
911 5636 1339 5708 superpositum
1397 5633 1625 5693 animae.
1679 5630 1969 5687 tumulum

263 5722 471 5796 aperit,
506 5726 561 5779 et
591 5738 716 5793 quis
740 5740 871 5781 vere
914 5730 1038 5781 erat
1080 5728 1333 5793 mortua,
1387 5722 1700 5779 resuscitat
1735 5736 1747 5773 :
1808 5735 1967 5790 quae-

2093 4809 2248 4884 ᾅδου,
2306 4819 2398 4879 τὰς
2451 4818 2723 4893 κατόχους
2783 4817 2893 4875 ἔκεῖ
2959 4820 3138 4895 ψυχάς
3208 4819 3585 4897 ἆνερῥύσατο,
3659 4824 3736 4893 μή

2094 4905 2300 4978 μακράν
2334 4906 2469 4961 εἶναι
2500 4912 2667 4963 ταῦτα
2696 4911 2782 4963 καὶ
2834 4914 2940 4963 τῶν
2993 4914 3082 4963 νῦν
3135 4909 3477 4983 τελουμένων
3517 4911 3735 4983 νόμιζε.

2089 4994 2220 5053 σίου
2256 5019 2349 5071 μοι
2381 4999 2484 5074 γὰρ
2521 5022 2625 5071 μνη
2641 5005 2787 5072 μεῖον
2819 5002 2953 5055 εἶναι
2985 5003 3084 5070 τὴν
3113 4999 3341 5075 καρδίαν
3379 5018 3392 5033 ο
3418 5000 3572 5055 κάκεῖ
3611 5002 3737 5061 τοὺς

2089 5086 2391 5162 λογισμοὺς
2450 5089 2539 5143 καὶ
2600 5091 2690 5144 τὸν
2749 5094 2872 5144 νοῦν
2924 5092 3274 5166 κατωρῦχθαι
3337 5091 3494 5165 βαρεῖ
3554 5089 3735 5144 σκότει

2087 5175 2585 5250 κατειλημμένους.
2618 5180 2879 5255 ’Ἔρχεται
2909 5185 3196 5255 τοιγαροῦν
3236 5181 3261 5234 6
3299 5180 3495 5254 Κύριος
3527 5178 3604 5241 εἷς
3635 5179 3729 5241 τὰς

2087 5267 2140 5323 ἐν
2174 5262 2299 5336 ᾆδον
2343 5263 2705 5340 ἒπιϐουμὲνας
2736 5270 2894 5325 αὐτὸν
2937 5272 3138 5346 ψυχας,
3192 5270 3266 5332 εἷς
3315 5270 3376 5323 τὸ
3430 5269 3600 5344 βάθος
3632 5266 3736 5338 δη-

2086 5354 2225 5426 λαδή
2259 5364 2357 5425 τῆς
2406 5356 2653 5431 καρδίας,
2703 5358 2859 5415 κάκεῖ
2903 5364 2982 5432 τῷ
3014 5361 3228 5432 θανάτῳ
3274 5358 3733 5435 ἐγκελευόμενος·

2084 5449 2408 5519 ’Δνάπεμπε,
2444 5445 2607 5523 λέγει,
2658 5450 2753 5513 τὰς
2799 5449 2892 5525 ἐγκ
2932 5451 3033 5523 [εκ]
3068 5447 3354 5522 λεισμένας
3395 5448 3601 5522 ψυχάς,
3634 5447 3735 5509 τάς

2083 5535 2180 5607 ἐμὲ
2210 5537 2298 5589 τὸν
2330 5536 2585 5609 ῥύσασθαι
2619 5535 2912 5610 δυνάμενον
2946 5536 3297 5608 ἐκζητοῦσας.
3332 5538 3464 5592 Εἶτα
3492 5536 3582 5590 τὸν
3620 5536 3735 5609 βα-

2083 5625 2174 5697 ρὺν
2204 5624 2358 5679 λίθον
2382 5621 2569 5700 διάρας
2600 5628 2689 5681 τὸν
2721 5630 2788 5699 τῇ
2812 5630 2966 5701 ψυχῇ
2991 5626 3344 5700 ἐπικείμενον,
3375 5627 3466 5679 τόν
3488 5645 3544 5679 τε
3564 5624 3734 5701 τάφον

2083 5715 2307 5790 ἀνοίγει,
2351 5717 2439 5769 καί
2489 5717 2579 5771 τὸν
2630 5716 2682 5771 ἐν
2724 5714 2954 5786 ἄληθείᾳ
3002 5718 3190 5791 νεκρὸν
3240 5718 3448 5786 ἀνιστᾷ,
3497 5715 3584 5769 καὶ
3632 5721 3736 5783 τῆς
