  <div class='ocr_page' id='page_1' title='image "/cluster/home/n/w/nwhite01/storage/ocr_20150623/34/mdp.39015041165401/536.png"; bbox 0 0 4076 6280; ppageno 0'>
   <div class='ocr_carea' id='block_1_1' title="bbox 371 378 490 440">
    <p class='ocr_par' dir='ltr' id='par_1_1' title="bbox 371 378 490 440">
     <span class='ocr_line' id='line_1_1' title="bbox 371 378 490 440; baseline -0.042 0"><span class='ocrx_word' id='word_1_1' title='bbox 371 378 490 440; x_wconf 83' lang='grc'><strong>937</strong></span> 
     </span>
    </p>
   </div>
   <div class='ocr_carea' id='block_1_2' title="bbox 367 495 2092 585">
    <p class='ocr_par' dir='ltr' id='par_1_2' title="bbox 367 495 2092 585">
     <span class='ocr_line' id='line_1_2' title="bbox 367 495 2092 585; baseline -0.008 -22"><span class='ocrx_word' id='word_1_2' title='bbox 367 507 632 585; x_wconf 83' lang='grc' dir='ltr'>ἀφεγγοῦς</span> <span class='ocrx_word' id='word_1_3' title='bbox 689 502 938 582; x_wconf 84' lang='grc' dir='ltr'>φυλακῆς</span> <span class='ocrx_word' id='word_1_4' title='bbox 1000 502 1094 573; x_wconf 81' lang='grc' dir='ltr'><strong>τήν</strong></span> <span class='ocrx_word' id='word_1_5' title='bbox 1161 497 1618 575; x_wconf 73' lang='grc' dir='ltr'><strong>ἐγκεκλεισμένην</strong></span> <span class='ocrx_word' id='word_1_6' title='bbox 1675 496 1862 572; x_wconf 72' lang='grc' dir='ltr'>ψυχὴν</span> <span class='ocrx_word' id='word_1_7' title='bbox 1905 495 2092 566; x_wconf 77' lang='grc' dir='ltr'>ἀπ-Α</span> 
     </span>
    </p>
   </div>
   <div class='ocr_carea' id='block_1_3' title="bbox 368 595 652 652">
    <p class='ocr_par' dir='ltr' id='par_1_3' title="bbox 368 595 652 652">
     <span class='ocr_line' id='line_1_3' title="bbox 368 595 652 652; baseline -0.007 0"><span class='ocrx_word' id='word_1_8' title='bbox 368 595 437 652; x_wconf 94' lang='grc' dir='ltr'><strong>αλ</strong></span> <span class='ocrx_word' id='word_1_9' title='bbox 446 597 652 652; x_wconf 89' lang='grc' dir='ltr'>λάττει.</span> 
     </span>
    </p>
   </div>
   <div class='ocr_carea' id='block_1_4' title="bbox 440 674 2013 759">
    <p class='ocr_par' dir='ltr' id='par_1_4' title="bbox 440 674 2013 759">
     <span class='ocr_line' id='line_1_4' title="bbox 440 674 2013 759; baseline -0.01 -16"><span class='ocrx_word' id='word_1_10' title='bbox 440 688 522 743; x_wconf 87' lang='grc' dir='ltr'><strong>Β’.</strong></span> <span class='ocrx_word' id='word_1_11' title='bbox 586 677 904 755; x_wconf 77' lang='grc' dir='ltr'>Συμϐαίνει,</span> <span class='ocrx_word' id='word_1_12' title='bbox 964 681 1121 759; x_wconf 85' lang='grc' dir='ltr'>φησὶ,</span> <span class='ocrx_word' id='word_1_13' title='bbox 1178 676 1450 739; x_wconf 80' lang='grc' dir='ltr'>πολλάκις</span> <span class='ocrx_word' id='word_1_14' title='bbox 1525 674 1865 750; x_wconf 71' lang='grc' dir='ltr'>διαλέγεσθαί</span> <span class='ocrx_word' id='word_1_15' title='bbox 1931 695 2013 729; x_wconf 91' lang='grc' dir='ltr'><strong>σοι</strong></span> 
     </span>
    </p>
   </div>
   <div class='ocr_carea' id='block_1_5' title="bbox 368 767 2017 844">
    <p class='ocr_par' dir='ltr' id='par_1_5' title="bbox 368 767 2017 844">
     <span class='ocr_line' id='line_1_5' title="bbox 368 767 2017 844; baseline -0.007 -12"><span class='ocrx_word' id='word_1_16' title='bbox 368 779 484 833; x_wconf 86' lang='grc' dir='ltr'>καθ’</span> <span class='ocrx_word' id='word_1_17' title='bbox 537 770 821 842; x_wconf 74' lang='grc' dir='ltr'>ὑποῦολὴν</span> <span class='ocrx_word' id='word_1_18' title='bbox 874 774 928 828; x_wconf 77' lang='grc' dir='ltr'>ἐν</span> <span class='ocrx_word' id='word_1_19' title='bbox 977 770 1174 844; x_wconf 79' lang='grc' dir='ltr'><strong>καρδίᾳ</strong></span> <span class='ocrx_word' id='word_1_20' title='bbox 1223 771 1314 825; x_wconf 87' lang='grc' dir='ltr'>τὸν</span> <span class='ocrx_word' id='word_1_21' title='bbox 1374 772 1636 837; x_wconf 81' lang='grc' dir='ltr'><strong>Σατανᾶν,</strong></span> <span class='ocrx_word' id='word_1_22' title='bbox 1685 767 1797 836; x_wconf 86' lang='grc' dir='ltr'>καὶ,</span> <span class='ocrx_word' id='word_1_23' title='bbox 1855 767 2017 829; x_wconf 88' lang='grc' dir='ltr'>Σύνες</span> 
     </span>
    </p>
   </div>
   <div class='ocr_carea' id='block_1_6' title="bbox 369 855 2013 942">
    <p class='ocr_par' dir='ltr' id='par_1_6' title="bbox 369 855 2013 942">
     <span class='ocr_line' id='line_1_6' title="bbox 369 855 2013 942; baseline -0.009 -21"><span class='ocrx_word' id='word_1_24' title='bbox 369 866 465 921; x_wconf 78' lang='grc' dir='ltr'><strong>ὅσα</strong></span> <span class='ocrx_word' id='word_1_25' title='bbox 498 863 746 942; x_wconf 77' lang='grc' dir='ltr'>εἷ’ργασαι</span> <span class='ocrx_word' id='word_1_26' title='bbox 786 862 1022 936; x_wconf 71' lang='grc' dir='ltr'>πονηρὰ,</span> <span class='ocrx_word' id='word_1_27' title='bbox 1056 858 1232 936; x_wconf 84' lang='grc' dir='ltr'>λέγειν</span> <span class='ocrx_word' id='word_1_28' title='bbox 1268 878 1281 891; x_wconf 87' lang='grc'><strong>·</strong></span> <span class='ocrx_word' id='word_1_29' title='bbox 1317 855 1727 927; x_wconf 82' lang='grc' dir='ltr'>ἀναπέπλησταί</span> <span class='ocrx_word' id='word_1_30' title='bbox 1775 876 1858 909; x_wconf 86' lang='grc' dir='ltr'><strong>σοι</strong></span> <span class='ocrx_word' id='word_1_31' title='bbox 1881 856 2013 909; x_wconf 87' lang='grc' dir='ltr'>ἀνο-</span> 
     </span>
    </p>
   </div>
   <div class='ocr_carea' id='block_1_7' title="bbox 372 944 2012 1031">
    <p class='ocr_par' dir='ltr' id='par_1_7' title="bbox 372 944 2012 1031">
     <span class='ocr_line' id='line_1_7' title="bbox 372 944 2012 1031; baseline -0.008 -20"><span class='ocrx_word' id='word_1_32' title='bbox 372 961 510 1029; x_wconf 86' lang='grc' dir='ltr'>μιῶν</span> <span class='ocrx_word' id='word_1_33' title='bbox 544 958 577 1024; x_wconf 79' lang='grc' dir='ltr'>ἡ</span> <span class='ocrx_word' id='word_1_34' title='bbox 611 954 789 1031; x_wconf 73' lang='grc' dir='ltr'>ψυχὴ,</span> <span class='ocrx_word' id='word_1_35' title='bbox 829 948 1131 1026; x_wconf 74' lang='grc' dir='ltr'>βεϐάρησαι</span> <span class='ocrx_word' id='word_1_36' title='bbox 1170 947 1409 1012; x_wconf 88' lang='grc' dir='ltr'>πολλαῖς</span> <span class='ocrx_word' id='word_1_37' title='bbox 1456 947 1545 1001; x_wconf 87' lang='grc' dir='ltr'>καὶ</span> <span class='ocrx_word' id='word_1_38' title='bbox 1592 944 2012 1021; x_wconf 80' lang='grc' dir='ltr'>χαλεπωτάταις</span> 
     </span>
    </p>
   </div>
   <div class='ocr_carea' id='block_1_8' title="bbox 368 1035 2008 1117">
    <p class='ocr_par' dir='ltr' id='par_1_8' title="bbox 368 1035 2008 1117">
     <span class='ocr_line' id='line_1_8' title="bbox 368 1035 2008 1117; baseline -0.005 -19"><span class='ocrx_word' id='word_1_39' title='bbox 368 1042 679 1117; x_wconf 87' lang='grc' dir='ltr'>ἁμαρτίαις.</span> <span class='ocrx_word' id='word_1_40' title='bbox 714 1042 805 1110; x_wconf 80' lang='grc' dir='ltr'><strong>Μὴ</strong></span> <span class='ocrx_word' id='word_1_41' title='bbox 857 1041 1161 1096; x_wconf 72' lang='grc' dir='ltr'>λανθανέτω</span> <span class='ocrx_word' id='word_1_42' title='bbox 1201 1043 1331 1114; x_wconf 91' lang='grc' dir='ltr'>γοῦν</span> <span class='ocrx_word' id='word_1_43' title='bbox 1364 1060 1421 1093; x_wconf 89' lang='grc' dir='ltr'><strong>σε</strong></span> <span class='ocrx_word' id='word_1_44' title='bbox 1466 1041 1625 1091; x_wconf 86' lang='grc' dir='ltr'>τοῦτο</span> <span class='ocrx_word' id='word_1_45' title='bbox 1675 1040 1871 1103; x_wconf 83' lang='grc' dir='ltr'>ποιῶν,</span> <span class='ocrx_word' id='word_1_46' title='bbox 1920 1035 2008 1089; x_wconf 80' lang='grc' dir='ltr'><strong>καὶ</strong></span> 
     </span>
    </p>
   </div>
   <div class='ocr_carea' id='block_1_9' title="bbox 366 1125 2008 1208">
    <p class='ocr_par' dir='ltr' id='par_1_9' title="bbox 366 1125 2008 1208">
     <span class='ocr_line' id='line_1_9' title="bbox 366 1125 2008 1208; baseline -0.005 -21"><span class='ocrx_word' id='word_1_47' title='bbox 366 1133 727 1208; x_wconf 75' lang='grc' dir='ltr'><strong>προσχήματι</strong></span> <span class='ocrx_word' id='word_1_48' title='bbox 785 1129 1164 1190; x_wconf 85' lang='grc' dir='ltr'><strong>ταπεινώσεως</strong></span> <span class='ocrx_word' id='word_1_49' title='bbox 1241 1128 1316 1188; x_wconf 80' lang='grc' dir='ltr'><strong>εἰς</strong></span> <span class='ocrx_word' id='word_1_50' title='bbox 1372 1125 1677 1198; x_wconf 84' lang='grc' dir='ltr'>ἀπόγνωσιν</span> <span class='ocrx_word' id='word_1_51' title='bbox 1734 1125 2008 1178; x_wconf 80' lang='grc' dir='ltr'>συνωθῶν.</span> 
     </span>
    </p>
   </div>
   <div class='ocr_carea' id='block_1_10' title="bbox 367 1212 2009 1299">
    <p class='ocr_par' dir='ltr' id='par_1_10' title="bbox 367 1212 2009 1299">
     <span class='ocr_line' id='line_1_10' title="bbox 367 1212 2009 1299; baseline -0.008 -21"><span class='ocrx_word' id='word_1_52' title='bbox 367 1222 485 1299; x_wconf 84' lang='grc' dir='ltr'>’Δφ’</span> <span class='ocrx_word' id='word_1_53' title='bbox 527 1219 589 1276; x_wconf 84' lang='grc' dir='ltr'><strong>οῦ</strong></span> <span class='ocrx_word' id='word_1_54' title='bbox 618 1221 724 1296; x_wconf 73' lang='grc' dir='ltr'><strong>γὰρ</strong></span> <span class='ocrx_word' id='word_1_55' title='bbox 756 1218 844 1274; x_wconf 72' lang='grc' dir='ltr'><strong>διὰ</strong></span> <span class='ocrx_word' id='word_1_56' title='bbox 880 1226 981 1287; x_wconf 82' lang='grc' dir='ltr'><strong>τῆς</strong></span> <span class='ocrx_word' id='word_1_57' title='bbox 1026 1212 1383 1293; x_wconf 74' lang='grc' dir='ltr'>παραϐάσεως</span> <span class='ocrx_word' id='word_1_58' title='bbox 1418 1217 1728 1293; x_wconf 72' lang='grc' dir='ltr'>εἰσέφρησεν</span> <span class='ocrx_word' id='word_1_59' title='bbox 1762 1216 1796 1281; x_wconf 80' lang='grc' dir='ltr'>ἡ</span> <span class='ocrx_word' id='word_1_60' title='bbox 1828 1212 2009 1281; x_wconf 80' lang='grc' dir='ltr'>κακία,</span> 
     </span>
    </p>
   </div>
   <div class='ocr_carea' id='block_1_11' title="bbox 364 1301 2011 1385">
    <p class='ocr_par' dir='ltr' id='par_1_11' title="bbox 364 1301 2011 1385">
     <span class='ocr_line' id='line_1_11' title="bbox 364 1301 2011 1385; baseline -0.007 -19"><span class='ocrx_word' id='word_1_61' title='bbox 364 1308 605 1385; x_wconf 83' lang='grc' dir='ltr'>πάροδον</span> <span class='ocrx_word' id='word_1_62' title='bbox 670 1304 798 1385; x_wconf 78' lang='grc' dir='ltr'>ἔσχε</span> <span class='ocrx_word' id='word_1_63' title='bbox 864 1306 1203 1383; x_wconf 84' lang='grc' dir='ltr'>διαλέγεσθαι</span> <span class='ocrx_word' id='word_1_64' title='bbox 1260 1306 1596 1375; x_wconf 89' lang='grc' dir='ltr'>καθεκάστην</span> <span class='ocrx_word' id='word_1_65' title='bbox 1639 1305 1841 1378; x_wconf 86' lang='grc' dir='ltr'>τρόπον</span> <span class='ocrx_word' id='word_1_66' title='bbox 1890 1301 2011 1356; x_wconf 74' lang='grc' dir='ltr'>τινὰ</span> 
     </span>
    </p>
   </div>
   <div class='ocr_carea' id='block_1_12' title="bbox 366 1390 2007 1474">
    <p class='ocr_par' dir='ltr' id='par_1_12' title="bbox 366 1390 2007 1474">
     <span class='ocr_line' id='line_1_12' title="bbox 366 1390 2007 1474; baseline -0.03 2"><span class='ocrx_word' id='word_1_67' title='bbox 366 1405 434 1474; x_wconf 69' lang='grc' dir='ltr'><strong>τῇ</strong></span> <span class='ocrx_word' id='word_1_68' title='bbox 496 1403 650 1474; x_wconf 76' lang='grc' dir='ltr'>ψυχῇ</span> <span class='ocrx_word' id='word_1_69' title='bbox 711 1400 785 1460; x_wconf 82' lang='grc' dir='ltr'>ὡς</span> <span class='ocrx_word' id='word_1_70' title='bbox 852 1397 1131 1472; x_wconf 78' lang='grc' dir='ltr'>ἄνθρωπον</span> <span class='ocrx_word' id='word_1_71' title='bbox 1189 1398 1477 1471; x_wconf 80' lang='grc' dir='ltr'>ἀνθρώπῳ,</span> <span class='ocrx_word' id='word_1_72' title='bbox 1543 1395 1633 1449; x_wconf 72' lang='grc' dir='ltr'>καὶ</span> <span class='ocrx_word' id='word_1_73' title='bbox 1696 1390 2007 1449; x_wconf 64' lang='grc' dir='ltr'><strong>ὑποτιθέναι</strong></span> 
     </span>
    </p>
   </div>
   <div class='ocr_carea' id='block_1_13' title="bbox 364 1480 2009 1561">
    <p class='ocr_par' dir='ltr' id='par_1_13' title="bbox 364 1480 2009 1561">
     <span class='ocr_line' id='line_1_13' title="bbox 364 1480 2009 1561; baseline -0.005 -18"><span class='ocrx_word' id='word_1_74' title='bbox 364 1490 431 1543; x_wconf 77' lang='grc' dir='ltr'><strong>τά</strong></span> <span class='ocrx_word' id='word_1_75' title='bbox 487 1487 682 1543; x_wconf 70' lang='grc' dir='ltr'>ἄτοπα.</span> <span class='ocrx_word' id='word_1_76' title='bbox 734 1486 1051 1561; x_wconf 85' lang='grc' dir='ltr'>Ἀπόκριναι</span> <span class='ocrx_word' id='word_1_77' title='bbox 1116 1488 1389 1559; x_wconf 80' lang='grc' dir='ltr'>τοιγαρῶν</span> <span class='ocrx_word' id='word_1_78' title='bbox 1454 1484 1603 1553; x_wconf 82' lang='grc' dir='ltr'><strong>αὐτῷ</strong></span> <span class='ocrx_word' id='word_1_79' title='bbox 1662 1481 1723 1537; x_wconf 87' lang='grc' dir='ltr'><strong>σύ</strong></span> <span class='ocrx_word' id='word_1_80' title='bbox 1757 1523 1771 1539; x_wconf 93' lang='grc'><strong>.</strong></span> <span class='ocrx_word' id='word_1_81' title='bbox 1850 1480 2009 1536; x_wconf 86' lang='grc' dir='ltr'>Ἀλλ’</span> 
     </span>
    </p>
   </div>
   <div class='ocr_carea' id='block_1_14' title="bbox 366 1570 2006 1650">
    <p class='ocr_par' dir='ltr' id='par_1_14' title="bbox 366 1570 2006 1650">
     <span class='ocr_line' id='line_1_14' title="bbox 366 1570 2006 1650; baseline -0.004 -20"><span class='ocrx_word' id='word_1_82' title='bbox 366 1570 481 1650; x_wconf 76' lang='grc' dir='ltr'><strong>ἔχω</strong></span> <span class='ocrx_word' id='word_1_83' title='bbox 523 1575 617 1638; x_wconf 78' lang='grc' dir='ltr'><strong>τὰς</strong></span> <span class='ocrx_word' id='word_1_84' title='bbox 677 1580 775 1631; x_wconf 92' lang='grc' dir='ltr'><strong>τοῦ</strong></span> <span class='ocrx_word' id='word_1_85' title='bbox 842 1580 974 1631; x_wconf 88' lang='grc' dir='ltr'>Θεοῦ</span> <span class='ocrx_word' id='word_1_86' title='bbox 1042 1570 1451 1635; x_wconf 74' lang='grc' dir='ltr'>διαϐεϐαιώσεις</span> <span class='ocrx_word' id='word_1_87' title='bbox 1519 1571 1863 1647; x_wconf 82' lang='grc' dir='ltr'>ἐγγράφους’</span> <span class='ocrx_word' id='word_1_88' title='bbox 1932 1571 2006 1625; x_wconf 80' lang='grc' dir='ltr'><strong>Οὐ</strong></span> 
     </span>
    </p>
   </div>
   <div class='ocr_carea' id='block_1_15' title="bbox 366 1658 2005 1740">
    <p class='ocr_par' dir='ltr' id='par_1_15' title="bbox 366 1658 2005 1740">
     <span class='ocr_line' id='line_1_15' title="bbox 366 1658 2005 1740; baseline -0.004 -21"><span class='ocrx_word' id='word_1_89' title='bbox 366 1665 671 1740; x_wconf 83' lang='grc' dir='ltr'>βούλομαι,</span> <span class='ocrx_word' id='word_1_90' title='bbox 724 1664 1003 1740; x_wconf 77' lang='grc' dir='ltr'>λὲγοντος,</span> <span class='ocrx_word' id='word_1_91' title='bbox 1057 1664 1148 1719; x_wconf 90' lang='grc' dir='ltr'>τὸν</span> <span class='ocrx_word' id='word_1_92' title='bbox 1209 1666 1433 1721; x_wconf 84' lang='grc' dir='ltr'>θάνατον</span> <span class='ocrx_word' id='word_1_93' title='bbox 1495 1667 1592 1718; x_wconf 88' lang='grc' dir='ltr'><strong>τοῦ</strong></span> <span class='ocrx_word' id='word_1_94' title='bbox 1651 1658 2005 1736; x_wconf 85' lang='grc' dir='ltr'>ἀμαρτωλοῦ,</span> 
     </span>
    </p>
   </div>
   <div class='ocr_carea' id='block_1_16' title="bbox 362 1749 2006 1829">
    <p class='ocr_par' dir='ltr' id='par_1_16' title="bbox 362 1749 2006 1829">
     <span class='ocr_line' id='line_1_16' title="bbox 362 1749 2006 1829; baseline -0.005 -20"><span class='ocrx_word' id='word_1_95' title='bbox 362 1755 436 1815; x_wconf 84' lang='grc' dir='ltr'>ὡς</span> <span class='ocrx_word' id='word_1_96' title='bbox 484 1755 546 1809; x_wconf 89' lang='grc' dir='ltr'>τὸ</span> <span class='ocrx_word' id='word_1_97' title='bbox 591 1753 908 1829; x_wconf 70' lang='grc' dir='ltr'>ἐπιστρέψαι</span> <span class='ocrx_word' id='word_1_98' title='bbox 961 1751 1049 1808; x_wconf 79' lang='grc' dir='ltr'><strong>διὰ</strong></span> <span class='ocrx_word' id='word_1_99' title='bbox 1092 1754 1380 1827; x_wconf 77' lang='grc' dir='ltr'>μετανοίας</span> <span class='ocrx_word' id='word_1_100' title='bbox 1434 1754 1522 1807; x_wconf 78' lang='grc' dir='ltr'>καὶ</span> <span class='ocrx_word' id='word_1_101' title='bbox 1582 1757 1677 1826; x_wconf 80' lang='grc' dir='ltr'>ζῇν</span> <span class='ocrx_word' id='word_1_102' title='bbox 1716 1749 1895 1806; x_wconf 77' lang='grc' dir='ltr'>αὐτόν.</span> <span class='ocrx_word' id='word_1_103' title='bbox 1947 1749 2006 1803; x_wconf 89' lang='grc' dir='ltr'>Τί</span> 
     </span>
    </p>
   </div>
   <div class='ocr_carea' id='block_1_17' title="bbox 359 1838 2086 1945">
    <p class='ocr_par' dir='ltr' id='par_1_17' title="bbox 359 1838 2086 1945">
     <span class='ocr_line' id='line_1_17' title="bbox 359 1838 2086 1945; baseline -0.003 -47"><span class='ocrx_word' id='word_1_104' title='bbox 359 1843 465 1919; x_wconf 83' lang='grc' dir='ltr'><strong>γὰρ</strong></span> <span class='ocrx_word' id='word_1_105' title='bbox 498 1838 757 1898; x_wconf 71' lang='grc' dir='ltr'>ἐϐούλετο</span> <span class='ocrx_word' id='word_1_106' title='bbox 806 1844 955 1915; x_wconf 73' lang='grc' dir='ltr'>αὐτῷ</span> <span class='ocrx_word' id='word_1_107' title='bbox 984 1845 1019 1913; x_wconf 75' lang='grc' dir='ltr'><strong>ἡ</strong></span> <span class='ocrx_word' id='word_1_108' title='bbox 1052 1841 1304 1911; x_wconf 80' lang='grc' dir='ltr'>κάθοδος,</span> <span class='ocrx_word' id='word_1_109' title='bbox 1338 1840 1391 1897; x_wconf 75' lang='grc' dir='ltr'><strong>εἷ’</strong></span> <span class='ocrx_word' id='word_1_110' title='bbox 1413 1863 1474 1917; x_wconf 89' lang='grc' dir='ltr'><strong>γε</strong></span> <span class='ocrx_word' id='word_1_111' title='bbox 1528 1843 1603 1913; x_wconf 74' lang='grc' dir='ltr'>μὴ</span> <span class='ocrx_word' id='word_1_112' title='bbox 1655 1839 1781 1945; x_wconf 51' lang='grc' dir='ltr'>τοῦς</span> <span class='ocrx_word' id='word_1_113' title='bbox 1827 1841 2005 1945; x_wconf 53' lang='grc' dir='ltr'>ἁμαρῖ</span> <span class='ocrx_word' id='word_1_114' title='bbox 2042 1881 2086 1945; x_wconf 81' lang='grc' dir='ltr'><strong>Β</strong></span> 
     </span>
    </p>
   </div>
   <div class='ocr_carea' id='block_1_18' title="bbox 358 1928 2004 2005">
    <p class='ocr_par' dir='ltr' id='par_1_18' title="bbox 358 1928 2004 2005">
     <span class='ocr_line' id='line_1_18' title="bbox 358 1928 2004 2005; baseline -0.004 -17"><span class='ocrx_word' id='word_1_115' title='bbox 358 1932 574 1995; x_wconf 83' lang='grc' dir='ltr'>τωλοὺς</span> <span class='ocrx_word' id='word_1_116' title='bbox 636 1932 843 2000; x_wconf 87' lang='grc' dir='ltr'>σώσει,</span> <span class='ocrx_word' id='word_1_117' title='bbox 901 1934 990 1987; x_wconf 86' lang='grc' dir='ltr'><strong>καὶ</strong></span> <span class='ocrx_word' id='word_1_118' title='bbox 1045 1934 1173 1997; x_wconf 85' lang='grc' dir='ltr'>τοὺς</span> <span class='ocrx_word' id='word_1_119' title='bbox 1230 1932 1280 1987; x_wconf 78' lang='grc' dir='ltr'>ὲν</span> <span class='ocrx_word' id='word_1_120' title='bbox 1348 1932 1527 1986; x_wconf 83' lang='grc' dir='ltr'>σκότει</span> <span class='ocrx_word' id='word_1_121' title='bbox 1594 1929 1848 2005; x_wconf 81' lang='grc' dir='ltr'>φωτίσει,</span> <span class='ocrx_word' id='word_1_122' title='bbox 1916 1928 2004 1983; x_wconf 86' lang='grc' dir='ltr'><strong>καὶ</strong></span> 
     </span>
    </p>
   </div>
   <div class='ocr_carea' id='block_1_19' title="bbox 365 2021 1401 2095">
    <p class='ocr_par' dir='ltr' id='par_1_19' title="bbox 365 2021 1401 2095">
     <span class='ocr_line' id='line_1_19' title="bbox 365 2021 1401 2095; baseline -0.003 -17"><span class='ocrx_word' id='word_1_123' title='bbox 365 2024 698 2093; x_wconf 78' lang='grc' dir='ltr'>ζωοποιήσει</span> <span class='ocrx_word' id='word_1_124' title='bbox 739 2021 865 2085; x_wconf 84' lang='grc' dir='ltr'>τοὺς</span> <span class='ocrx_word' id='word_1_125' title='bbox 895 2023 1401 2095; x_wconf 51' lang='lat' dir='ltr'><strong>“(levamenti/occ;</strong></span> 
     </span>
    </p>
   </div>
   <div class='ocr_carea' id='block_1_20' title="bbox 432 2107 2005 2185">
    <p class='ocr_par' dir='ltr' id='par_1_20' title="bbox 432 2107 2005 2185">
     <span class='ocr_line' id='line_1_20' title="bbox 432 2107 2005 2185; baseline -0.005 -16"><span class='ocrx_word' id='word_1_126' title='bbox 432 2113 506 2169; x_wconf 84' lang='grc' dir='ltr'><strong>Γ’.</strong></span> <span class='ocrx_word' id='word_1_127' title='bbox 566 2115 769 2185; x_wconf 73' lang='grc' dir='ltr'>’Ὠσπερ</span> <span class='ocrx_word' id='word_1_128' title='bbox 802 2114 837 2181; x_wconf 80' lang='grc' dir='ltr'>ἡ</span> <span class='ocrx_word' id='word_1_129' title='bbox 869 2110 1081 2167; x_wconf 85' lang='grc' dir='ltr'>ἒναντία</span> <span class='ocrx_word' id='word_1_130' title='bbox 1130 2108 1378 2181; x_wconf 85' lang='grc' dir='ltr'>δύναμις,</span> <span class='ocrx_word' id='word_1_131' title='bbox 1430 2108 1572 2165; x_wconf 75' lang='grc' dir='ltr'>οὕτω</span> <span class='ocrx_word' id='word_1_132' title='bbox 1605 2107 1670 2179; x_wconf 77' lang='grc' dir='ltr'>δὴ</span> <span class='ocrx_word' id='word_1_133' title='bbox 1704 2108 1792 2163; x_wconf 80' lang='grc' dir='ltr'><strong>καὶ</strong></span> <span class='ocrx_word' id='word_1_134' title='bbox 1825 2111 1858 2178; x_wconf 80' lang='grc' dir='ltr'>ἡ</span> <span class='ocrx_word' id='word_1_135' title='bbox 1892 2108 2005 2162; x_wconf 86' lang='grc' dir='ltr'>θεία</span> 
     </span>
    </p>
   </div>
   <div class='ocr_carea' id='block_1_21' title="bbox 361 2196 2005 2276">
    <p class='ocr_par' dir='ltr' id='par_1_21' title="bbox 361 2196 2005 2276">
     <span class='ocr_line' id='line_1_21' title="bbox 361 2196 2005 2276; baseline -0.003 -20"><span class='ocrx_word' id='word_1_136' title='bbox 361 2203 525 2276; x_wconf 81' lang='grc' dir='ltr'>χάρις</span> <span class='ocrx_word' id='word_1_137' title='bbox 584 2202 978 2276; x_wconf 79' lang='grc' dir='ltr'>προτρεπτική,</span> <span class='ocrx_word' id='word_1_138' title='bbox 1031 2199 1129 2256; x_wconf 78' lang='grc' dir='ltr'>οὐκ</span> <span class='ocrx_word' id='word_1_139' title='bbox 1167 2200 1538 2274; x_wconf 82' lang='grc' dir='ltr'>ἀναγκαστεκή</span> <span class='ocrx_word' id='word_1_140' title='bbox 1592 2197 1861 2253; x_wconf 84' lang='grc' dir='ltr'>δείκνυται</span> <span class='ocrx_word' id='word_1_141' title='bbox 1907 2196 2005 2251; x_wconf 84' lang='grc' dir='ltr'>οῦ·-</span> 
     </span>
    </p>
   </div>
   <div class='ocr_carea' id='block_1_22' title="bbox 360 2288 2000 2364">
    <p class='ocr_par' dir='ltr' id='par_1_22' title="bbox 360 2288 2000 2364">
     <span class='ocr_line' id='line_1_22' title="bbox 360 2288 2000 2364; baseline -0.003 -19"><span class='ocrx_word' id='word_1_142' title='bbox 360 2311 443 2354; x_wconf 87' lang='grc' dir='ltr'><strong>σα,</strong></span> <span class='ocrx_word' id='word_1_143' title='bbox 471 2290 544 2345; x_wconf 70' lang='grc' dir='ltr'><strong>ἵν’</strong></span> <span class='ocrx_word' id='word_1_144' title='bbox 594 2290 761 2353; x_wconf 82' lang='grc' dir='ltr'>ὅντως</span> <span class='ocrx_word' id='word_1_145' title='bbox 818 2293 946 2362; x_wconf 69' lang='grc' dir='ltr'>ἡμῖν</span> <span class='ocrx_word' id='word_1_146' title='bbox 997 2291 1059 2346; x_wconf 86' lang='grc' dir='ltr'>τὸ</span> <span class='ocrx_word' id='word_1_147' title='bbox 1108 2289 1389 2364; x_wconf 79' lang='grc' dir='ltr'>ἐλεύθερόν</span> <span class='ocrx_word' id='word_1_148' title='bbox 1436 2311 1493 2344; x_wconf 90' lang='grc' dir='ltr'><strong>τε</strong></span> <span class='ocrx_word' id='word_1_149' title='bbox 1541 2289 1631 2343; x_wconf 90' lang='grc' dir='ltr'><strong>καὶ</strong></span> <span class='ocrx_word' id='word_1_150' title='bbox 1662 2288 2000 2357; x_wconf 71' lang='grc' dir='ltr'>αὐτεξούσιον</span> 
     </span>
    </p>
   </div>
   <div class='ocr_carea' id='block_1_23' title="bbox 357 2376 2002 2455">
    <p class='ocr_par' dir='ltr' id='par_1_23' title="bbox 357 2376 2002 2455">
     <span class='ocr_line' id='line_1_23' title="bbox 357 2376 2002 2455; baseline -0.004 -20"><span class='ocrx_word' id='word_1_151' title='bbox 357 2381 755 2454; x_wconf 84' lang='grc' dir='ltr'>περισώζοιτο.</span> <span class='ocrx_word' id='word_1_152' title='bbox 825 2379 1001 2453; x_wconf 76' lang='grc' dir='ltr'>Ταύτῃ</span> <span class='ocrx_word' id='word_1_153' title='bbox 1060 2400 1147 2433; x_wconf 91' lang='grc' dir='ltr'><strong>τοι</strong></span> <span class='ocrx_word' id='word_1_154' title='bbox 1202 2379 1292 2434; x_wconf 86' lang='grc' dir='ltr'><strong>καὶ</strong></span> <span class='ocrx_word' id='word_1_155' title='bbox 1348 2381 1430 2455; x_wconf 64' lang='grc' dir='ltr'><strong>ἔφ’</strong></span> <span class='ocrx_word' id='word_1_156' title='bbox 1489 2380 1575 2441; x_wconf 86' lang='grc' dir='ltr'>οἷς</span> <span class='ocrx_word' id='word_1_157' title='bbox 1632 2380 1659 2433; x_wconf 99' lang='lat'><strong>6</strong></span> <span class='ocrx_word' id='word_1_158' title='bbox 1718 2376 2002 2450; x_wconf 77' lang='grc' dir='ltr'>ἄνθρωπος</span> 
     </span>
    </p>
   </div>
   <div class='ocr_carea' id='block_1_24' title="bbox 356 2466 2004 2545">
    <p class='ocr_par' dir='ltr' id='par_1_24' title="bbox 356 2466 2004 2545">
     <span class='ocr_line' id='line_1_24' title="bbox 356 2466 2004 2545; baseline -0.002 -22"><span class='ocrx_word' id='word_1_159' title='bbox 356 2467 650 2545; x_wconf 68' lang='grc' dir='ltr'>ἐργάσηται</span> <span class='ocrx_word' id='word_1_160' title='bbox 681 2474 868 2530; x_wconf 85' lang='grc' dir='ltr'>κακοῖς</span> <span class='ocrx_word' id='word_1_161' title='bbox 908 2468 1043 2541; x_wconf 88' lang='grc' dir='ltr'>πρὸς</span> <span class='ocrx_word' id='word_1_162' title='bbox 1074 2472 1171 2523; x_wconf 90' lang='grc' dir='ltr'><strong>τοῦ</strong></span> <span class='ocrx_word' id='word_1_163' title='bbox 1213 2472 1423 2522; x_wconf 89' lang='grc' dir='ltr'>Σατανᾶ</span> <span class='ocrx_word' id='word_1_164' title='bbox 1473 2468 1840 2542; x_wconf 84' lang='grc' dir='ltr'>ὑπαγόμενος,</span> <span class='ocrx_word' id='word_1_165' title='bbox 1894 2466 2004 2539; x_wconf 79' lang='grc' dir='ltr'>οὐχ</span> 
     </span>
    </p>
   </div>
   <div class='ocr_carea' id='block_1_25' title="bbox 356 2557 2000 2632">
    <p class='ocr_par' dir='ltr' id='par_1_25' title="bbox 356 2557 2000 2632">
     <span class='ocr_line' id='line_1_25' title="bbox 356 2557 2000 2632; baseline -0.004 -17"><span class='ocrx_word' id='word_1_166' title='bbox 356 2560 384 2615; x_wconf 90' lang='lat'><strong>6</strong></span> <span class='ocrx_word' id='word_1_167' title='bbox 437 2564 680 2620; x_wconf 84' lang='grc' dir='ltr'>Σατανᾶς</span> <span class='ocrx_word' id='word_1_168' title='bbox 735 2558 972 2632; x_wconf 81' lang='grc' dir='ltr'>μᾶλλον,</span> <span class='ocrx_word' id='word_1_169' title='bbox 1022 2558 1152 2613; x_wconf 89' lang='grc' dir='ltr'>ἀλλ’</span> <span class='ocrx_word' id='word_1_170' title='bbox 1190 2557 1351 2619; x_wconf 74' lang='grc' dir='ltr'>αὐτὸς</span> <span class='ocrx_word' id='word_1_171' title='bbox 1391 2558 1418 2612; x_wconf 89' lang='lat'><strong>6</strong></span> <span class='ocrx_word' id='word_1_172' title='bbox 1460 2558 1742 2631; x_wconf 80' lang='grc' dir='ltr'>ἄνθρωπος</span> <span class='ocrx_word' id='word_1_173' title='bbox 1779 2558 1877 2625; x_wconf 69' lang='grc' dir='ltr'>τὴν</span> <span class='ocrx_word' id='word_1_174' title='bbox 1918 2576 2000 2609; x_wconf 87' lang='grc' dir='ltr'>τι-</span> 
     </span>
    </p>
   </div>
   <div class='ocr_carea' id='block_1_26' title="bbox 359 2644 2003 2723">
    <p class='ocr_par' dir='ltr' id='par_1_26' title="bbox 359 2644 2003 2723">
     <span class='ocr_line' id='line_1_26' title="bbox 359 2644 2003 2723; baseline -0.001 -20"><span class='ocrx_word' id='word_1_175' title='bbox 359 2648 568 2723; x_wconf 83' lang='grc' dir='ltr'>μωρίαν</span> <span class='ocrx_word' id='word_1_176' title='bbox 628 2648 1026 2722; x_wconf 80' lang='grc' dir='ltr'>εἰσπράττεται,</span> <span class='ocrx_word' id='word_1_177' title='bbox 1087 2648 1162 2709; x_wconf 85' lang='grc' dir='ltr'>ὡς</span> <span class='ocrx_word' id='word_1_178' title='bbox 1219 2648 1294 2719; x_wconf 82' lang='grc' dir='ltr'>μή</span> <span class='ocrx_word' id='word_1_179' title='bbox 1350 2646 1441 2722; x_wconf 81' lang='grc' dir='ltr'>βίᾳ</span> <span class='ocrx_word' id='word_1_180' title='bbox 1491 2645 1823 2715; x_wconf 87' lang='grc' dir='ltr'>συνελαθεὶς,</span> <span class='ocrx_word' id='word_1_181' title='bbox 1874 2644 2003 2701; x_wconf 85' lang='grc' dir='ltr'>ἀλλ’</span> 
     </span>
    </p>
   </div>
   <div class='ocr_carea' id='block_1_27' title="bbox 357 2733 2000 2810">
    <p class='ocr_par' dir='ltr' id='par_1_27' title="bbox 357 2733 2000 2810">
     <span class='ocr_line' id='line_1_27' title="bbox 357 2733 2000 2810; baseline -0.002 -18"><span class='ocrx_word' id='word_1_182' title='bbox 357 2736 482 2810; x_wconf 82' lang='grc' dir='ltr'>ἰδίῳ</span> <span class='ocrx_word' id='word_1_183' title='bbox 525 2737 800 2809; x_wconf 78' lang='grc' dir='ltr'>θελήματι</span> <span class='ocrx_word' id='word_1_184' title='bbox 846 2737 1085 2797; x_wconf 82' lang='grc' dir='ltr'>πεισθεὶς</span> <span class='ocrx_word' id='word_1_185' title='bbox 1131 2740 1199 2810; x_wconf 80' lang='grc' dir='ltr'><strong>τῇ</strong></span> <span class='ocrx_word' id='word_1_186' title='bbox 1250 2736 1431 2807; x_wconf 83' lang='grc' dir='ltr'>κακίᾳ.</span> <span class='ocrx_word' id='word_1_187' title='bbox 1490 2733 1894 2810; x_wconf 82' lang='grc' dir='ltr'>Παραπλησίως</span> <span class='ocrx_word' id='word_1_188' title='bbox 1944 2733 2000 2789; x_wconf 76' lang='grc' dir='ltr'>δὲ</span> 
     </span>
    </p>
   </div>
   <div class='ocr_carea' id='block_1_28' title="bbox 354 2825 1995 2904">
    <p class='ocr_par' dir='ltr' id='par_1_28' title="bbox 354 2825 1995 2904">
     <span class='ocr_line' id='line_1_28' title="bbox 354 2825 1995 2904; baseline -0.001 -23"><span class='ocrx_word' id='word_1_189' title='bbox 354 2828 446 2882; x_wconf 88' lang='grc' dir='ltr'><strong>κάν</strong></span> <span class='ocrx_word' id='word_1_190' title='bbox 510 2832 589 2898; x_wconf 84' lang='grc' dir='ltr'>τῷ</span> <span class='ocrx_word' id='word_1_191' title='bbox 645 2828 833 2901; x_wconf 83' lang='grc' dir='ltr'>ἀγαθῷ</span> <span class='ocrx_word' id='word_1_192' title='bbox 866 2846 879 2860; x_wconf 87' lang='grc'><strong>·</strong></span> <span class='ocrx_word' id='word_1_193' title='bbox 916 2825 1018 2881; x_wconf 76' lang='grc' dir='ltr'>οὐκ</span> <span class='ocrx_word' id='word_1_194' title='bbox 1075 2825 1363 2904; x_wconf 79' lang='grc' dir='ltr'>ἐπιγράφει</span> <span class='ocrx_word' id='word_1_195' title='bbox 1417 2827 1479 2880; x_wconf 86' lang='grc' dir='ltr'>τὸ</span> <span class='ocrx_word' id='word_1_196' title='bbox 1535 2826 1750 2900; x_wconf 87' lang='grc' dir='ltr'>γεγονὸς</span> <span class='ocrx_word' id='word_1_197' title='bbox 1810 2827 1995 2899; x_wconf 73' lang='grc' dir='ltr'>ἑαυτῇ,</span> 
     </span>
    </p>
   </div>
   <div class='ocr_carea' id='block_1_29' title="bbox 352 2911 1998 2989">
    <p class='ocr_par' dir='ltr' id='par_1_29' title="bbox 352 2911 1998 2989">
     <span class='ocr_line' id='line_1_29' title="bbox 352 2911 1998 2989; baseline -0.001 -20"><span class='ocrx_word' id='word_1_198' title='bbox 352 2913 500 2969; x_wconf 74' lang='grc' dir='ltr'>ἀλλὰ</span> <span class='ocrx_word' id='word_1_199' title='bbox 526 2918 604 2984; x_wconf 78' lang='grc' dir='ltr'>τῷ</span> <span class='ocrx_word' id='word_1_200' title='bbox 634 2913 907 2988; x_wconf 68' lang='grc' dir='ltr'>ἀνθρώπῳ</span> <span class='ocrx_word' id='word_1_201' title='bbox 936 2917 970 2982; x_wconf 79' lang='grc' dir='ltr'>ἡ</span> <span class='ocrx_word' id='word_1_202' title='bbox 1002 2915 1186 2989; x_wconf 85' lang='grc' dir='ltr'>χάρις,</span> <span class='ocrx_word' id='word_1_203' title='bbox 1220 2914 1309 2968; x_wconf 84' lang='grc' dir='ltr'><strong>καὶ</strong></span> <span class='ocrx_word' id='word_1_204' title='bbox 1342 2912 1432 2968; x_wconf 79' lang='grc' dir='ltr'><strong>διὰ</strong></span> <span class='ocrx_word' id='word_1_205' title='bbox 1460 2917 1619 2968; x_wconf 90' lang='grc' dir='ltr'>τοῦτο</span> <span class='ocrx_word' id='word_1_206' title='bbox 1660 2911 1816 2986; x_wconf 78' lang='grc' dir='ltr'>δόξαν</span> <span class='ocrx_word' id='word_1_207' title='bbox 1848 2914 1998 2985; x_wconf 78' lang='grc' dir='ltr'>αὐτῷ</span> 
     </span>
    </p>
   </div>
   <div class='ocr_carea' id='block_1_30' title="bbox 352 3002 1997 3078">
    <p class='ocr_par' dir='ltr' id='par_1_30' title="bbox 352 3002 1997 3078">
     <span class='ocr_line' id='line_1_30' title="bbox 352 3002 1997 3078; baseline -0.001 -21"><span class='ocrx_word' id='word_1_208' title='bbox 352 3002 716 3076; x_wconf 81' lang='grc' dir='ltr'>περιτίθησιν,</span> <span class='ocrx_word' id='word_1_209' title='bbox 777 3002 865 3056; x_wconf 76' lang='grc' dir='ltr'><strong>ὅτι</strong></span> <span class='ocrx_word' id='word_1_210' title='bbox 921 3003 1082 3064; x_wconf 86' lang='grc' dir='ltr'>αὐτος</span> <span class='ocrx_word' id='word_1_211' title='bbox 1140 3003 1313 3074; x_wconf 72' lang='grc' dir='ltr'>ἑαυτῷ</span> <span class='ocrx_word' id='word_1_212' title='bbox 1369 3007 1465 3057; x_wconf 89' lang='grc' dir='ltr'><strong>τοῦ</strong></span> <span class='ocrx_word' id='word_1_213' title='bbox 1523 3004 1723 3077; x_wconf 79' lang='grc' dir='ltr'>ἀγαθοῦ</span> <span class='ocrx_word' id='word_1_214' title='bbox 1783 3003 1997 3078; x_wconf 78' lang='grc' dir='ltr'>γέγονεν</span> 
     </span>
    </p>
   </div>
   <div class='ocr_carea' id='block_1_31' title="bbox 352 3089 1993 3167">
    <p class='ocr_par' dir='ltr' id='par_1_31' title="bbox 352 3089 1993 3167">
     <span class='ocr_line' id='line_1_31' title="bbox 352 3089 1993 3167; baseline -0.001 -20"><span class='ocrx_word' id='word_1_215' title='bbox 352 3090 544 3156; x_wconf 71' lang='grc' dir='ltr'>αἴτιος.</span> <span class='ocrx_word' id='word_1_216' title='bbox 580 3089 723 3149; x_wconf 74' lang='grc' dir='ltr'>Οὐδὲ</span> <span class='ocrx_word' id='word_1_217' title='bbox 764 3094 867 3166; x_wconf 76' lang='grc' dir='ltr'><strong>γὰρ</strong></span> <span class='ocrx_word' id='word_1_218' title='bbox 914 3091 1279 3167; x_wconf 80' lang='grc' dir='ltr'>ἀναγκαστικῇ</span> <span class='ocrx_word' id='word_1_219' title='bbox 1333 3089 1575 3163; x_wconf 87' lang='grc' dir='ltr'>δυνάμει,</span> <span class='ocrx_word' id='word_1_220' title='bbox 1626 3093 1700 3154; x_wconf 84' lang='grc' dir='ltr'>ὡς</span> <span class='ocrx_word' id='word_1_221' title='bbox 1755 3090 1993 3165; x_wconf 75' lang='grc' dir='ltr'>εῖρηται,</span> 
     </span>
    </p>
   </div>
   <div class='ocr_carea' id='block_1_32' title="bbox 352 3179 1993 3255">
    <p class='ocr_par' dir='ltr' id='par_1_32' title="bbox 352 3179 1993 3255">
     <span class='ocr_line' id='line_1_32' title="bbox 352 3179 1993 3255; baseline -0.002 -19"><span class='ocrx_word' id='word_1_222' title='bbox 352 3180 722 3255; x_wconf 86' lang='grc' dir='ltr'>συνδεσμοῦσα</span> <span class='ocrx_word' id='word_1_223' title='bbox 753 3180 917 3235; x_wconf 82' lang='grc' dir='ltr'>αὐτοῦ</span> <span class='ocrx_word' id='word_1_224' title='bbox 955 3180 1016 3233; x_wconf 90' lang='grc' dir='ltr'>τὸ</span> <span class='ocrx_word' id='word_1_225' title='bbox 1048 3179 1289 3253; x_wconf 71' lang='grc' dir='ltr'>θέλημα,</span> <span class='ocrx_word' id='word_1_226' title='bbox 1334 3184 1482 3235; x_wconf 89' lang='grc' dir='ltr'>ποιεῖ</span> <span class='ocrx_word' id='word_1_227' title='bbox 1528 3179 1793 3254; x_wconf 77' lang='grc' dir='ltr'>ἄτρεπτον</span> <span class='ocrx_word' id='word_1_228' title='bbox 1820 3182 1854 3250; x_wconf 73' lang='grc' dir='ltr'>ἡ</span> <span class='ocrx_word' id='word_1_229' title='bbox 1889 3181 1993 3253; x_wconf 82' lang='grc' dir='ltr'><strong>χά-</strong></span> 
     </span>
    </p>
   </div>
   <div class='ocr_carea' id='block_1_33' title="bbox 352 3241 2064 3346">
    <p class='ocr_par' dir='ltr' id='par_1_33' title="bbox 352 3241 2064 3346">
     <span class='ocr_line' id='line_1_33' title="bbox 352 3241 2064 3346; baseline -0.002 -19"><span class='ocrx_word' id='word_1_230' title='bbox 352 3291 481 3346; x_wconf 86' lang='grc' dir='ltr'>ρις·</span> <span class='ocrx_word' id='word_1_231' title='bbox 546 3241 696 3326; x_wconf 66' lang='grc' dir='ltr'>ἀλλὰ</span> <span class='ocrx_word' id='word_1_232' title='bbox 738 3270 917 3325; x_wconf 83' lang='grc' dir='ltr'>καίτοι</span> <span class='ocrx_word' id='word_1_233' title='bbox 979 3273 1223 3339; x_wconf 87' lang='grc' dir='ltr'>συνοῦσα,</span> <span class='ocrx_word' id='word_1_234' title='bbox 1291 3272 1369 3340; x_wconf 81' lang='grc' dir='ltr'>τῷ</span> <span class='ocrx_word' id='word_1_235' title='bbox 1434 3241 1759 3341; x_wconf 74' lang='grc' dir='ltr'>αὐτεξουσίῳ</span> <span class='ocrx_word' id='word_1_236' title='bbox 1815 3241 2064 3341; x_wconf 73' lang='grc' dir='ltr'><strong>παρα-Ο</strong></span> 
     </span>
    </p>
   </div>
   <div class='ocr_carea' id='block_1_34' title="bbox 351 3356 1993 3436">
    <p class='ocr_par' dir='ltr' id='par_1_34' title="bbox 351 3356 1993 3436">
     <span class='ocr_line' id='line_1_34' title="bbox 351 3356 1993 3436; baseline -0.001 -21"><span class='ocrx_word' id='word_1_237' title='bbox 351 3367 548 3435; x_wconf 84' lang='grc' dir='ltr'>χωρεῖ,</span> <span class='ocrx_word' id='word_1_238' title='bbox 587 3359 682 3415; x_wconf 71' lang='grc' dir='ltr'>’ίνα</span> <span class='ocrx_word' id='word_1_239' title='bbox 714 3358 887 3429; x_wconf 79' lang='grc' dir='ltr'>δῆλον</span> <span class='ocrx_word' id='word_1_240' title='bbox 921 3360 1006 3429; x_wconf 84' lang='grc' dir='ltr'>εἳη</span> <span class='ocrx_word' id='word_1_241' title='bbox 1037 3360 1099 3413; x_wconf 89' lang='grc' dir='ltr'>τὸ</span> <span class='ocrx_word' id='word_1_242' title='bbox 1122 3362 1218 3415; x_wconf 88' lang='grc' dir='ltr'><strong>τοῦ</strong></span> <span class='ocrx_word' id='word_1_243' title='bbox 1240 3356 1407 3413; x_wconf 84' lang='grc' dir='ltr'>αὐτοῦ</span> <span class='ocrx_word' id='word_1_244' title='bbox 1433 3358 1669 3431; x_wconf 68' lang='grc' dir='ltr'>θέλημα,</span> <span class='ocrx_word' id='word_1_245' title='bbox 1703 3360 1853 3420; x_wconf 76' lang='grc' dir='ltr'>ὅπως</span> <span class='ocrx_word' id='word_1_246' title='bbox 1874 3356 1993 3436; x_wconf 79' lang='grc' dir='ltr'>ἔχει</span> 
     </span>
    </p>
   </div>
   <div class='ocr_carea' id='block_1_35' title="bbox 349 3446 1989 3526">
    <p class='ocr_par' dir='ltr' id='par_1_35' title="bbox 349 3446 1989 3526">
     <span class='ocr_line' id='line_1_35' title="bbox 349 3446 1989 3526; baseline -0.001 -22"><span class='ocrx_word' id='word_1_247' title='bbox 349 3450 487 3525; x_wconf 89' lang='grc' dir='ltr'>πρὸς</span> <span class='ocrx_word' id='word_1_248' title='bbox 539 3450 731 3523; x_wconf 76' lang='grc' dir='ltr'>ἀρετὴν</span> <span class='ocrx_word' id='word_1_249' title='bbox 779 3450 814 3519; x_wconf 68' lang='grc' dir='ltr'><strong>ἢ</strong></span> <span class='ocrx_word' id='word_1_250' title='bbox 846 3446 1055 3504; x_wconf 87' lang='grc' dir='ltr'>κακίαν.</span> <span class='ocrx_word' id='word_1_251' title='bbox 1104 3453 1283 3503; x_wconf 82' lang='grc' dir='ltr'>Κεῖται</span> <span class='ocrx_word' id='word_1_252' title='bbox 1330 3448 1433 3523; x_wconf 83' lang='grc' dir='ltr'><strong>γὰρ</strong></span> <span class='ocrx_word' id='word_1_253' title='bbox 1482 3447 1541 3502; x_wconf 84' lang='grc' dir='ltr'><strong>ού</strong></span> <span class='ocrx_word' id='word_1_254' title='bbox 1591 3452 1659 3522; x_wconf 80' lang='grc' dir='ltr'><strong>τῇ</strong></span> <span class='ocrx_word' id='word_1_255' title='bbox 1709 3449 1861 3526; x_wconf 84' lang='grc' dir='ltr'>φύσει</span> <span class='ocrx_word' id='word_1_256' title='bbox 1902 3448 1989 3503; x_wconf 79' lang='lat' dir='ltr'><strong>v6-</strong></span> 
     </span>
    </p>
   </div>
   <div class='ocr_carea' id='block_1_36' title="bbox 356 3535 1991 3610">
    <p class='ocr_par' dir='ltr' id='par_1_36' title="bbox 356 3535 1991 3610">
     <span class='ocr_line' id='line_1_36' title="bbox 356 3535 1991 3610; baseline -0.001 -19"><span class='ocrx_word' id='word_1_257' title='bbox 356 3557 479 3609; x_wconf 91' lang='grc' dir='ltr'>μος,</span> <span class='ocrx_word' id='word_1_258' title='bbox 513 3535 659 3591; x_wconf 84' lang='grc' dir='ltr'>ἀλλᾶ</span> <span class='ocrx_word' id='word_1_259' title='bbox 687 3541 766 3608; x_wconf 82' lang='grc' dir='ltr'><strong>τῷ</strong></span> <span class='ocrx_word' id='word_1_260' title='bbox 796 3535 1124 3608; x_wconf 79' lang='grc' dir='ltr'>αὐτεξουσίῳ</span> <span class='ocrx_word' id='word_1_261' title='bbox 1152 3542 1252 3605; x_wconf 84' lang='grc' dir='ltr'><strong>τῆς</strong></span> <span class='ocrx_word' id='word_1_262' title='bbox 1285 3535 1673 3610; x_wconf 66' lang='grc' dir='ltr'>προαιρέσεως,</span> <span class='ocrx_word' id='word_1_263' title='bbox 1721 3543 1991 3609; x_wconf 79' lang='grc' dir='ltr'>τραπῆναι</span> 
     </span>
    </p>
   </div>
   <div class='ocr_carea' id='block_1_37' title="bbox 352 3623 1450 3699">
    <p class='ocr_par' dir='ltr' id='par_1_37' title="bbox 352 3623 1450 3699">
     <span class='ocr_line' id='line_1_37' title="bbox 352 3623 1450 3699; baseline 0.003 -19"><span class='ocrx_word' id='word_1_264' title='bbox 352 3623 629 3698; x_wconf 74' lang='grc' dir='ltr'>δυναμένῳ</span> <span class='ocrx_word' id='word_1_265' title='bbox 660 3627 796 3699; x_wconf 88' lang='grc' dir='ltr'>πρὸς</span> <span class='ocrx_word' id='word_1_266' title='bbox 828 3626 890 3680; x_wconf 90' lang='grc' dir='ltr'>τὸ</span> <span class='ocrx_word' id='word_1_267' title='bbox 922 3626 1116 3699; x_wconf 87' lang='grc' dir='ltr'>ἀγαθὸν</span> <span class='ocrx_word' id='word_1_268' title='bbox 1149 3624 1239 3680; x_wconf 85' lang='grc' dir='ltr'><strong>καὶ</strong></span> <span class='ocrx_word' id='word_1_269' title='bbox 1268 3626 1450 3683; x_wconf 89' lang='grc' dir='ltr'>κακόν.</span> 
     </span>
    </p>
   </div>
   <div class='ocr_carea' id='block_1_38' title="bbox 421 3811 1992 3889">
    <p class='ocr_par' dir='ltr' id='par_1_38' title="bbox 421 3811 1992 3889">
     <span class='ocr_line' id='line_1_38' title="bbox 421 3811 1992 3889; baseline 0.001 -20"><span class='ocrx_word' id='word_1_270' title='bbox 421 3815 492 3869; x_wconf 86' lang='grc' dir='ltr'><strong>Δ’.</strong></span> <span class='ocrx_word' id='word_1_271' title='bbox 528 3813 827 3869; x_wconf 80' lang='grc' dir='ltr'>Φυλαττειν</span> <span class='ocrx_word' id='word_1_272' title='bbox 862 3811 944 3868; x_wconf 81' lang='grc' dir='ltr'><strong>δεῖ</strong></span> <span class='ocrx_word' id='word_1_273' title='bbox 972 3814 1072 3883; x_wconf 77' lang='grc' dir='ltr'><strong>τήν</strong></span> <span class='ocrx_word' id='word_1_274' title='bbox 1101 3816 1309 3889; x_wconf 76' lang='grc' dir='ltr'>ψυχὴν,</span> <span class='ocrx_word' id='word_1_275' title='bbox 1353 3815 1443 3869; x_wconf 81' lang='grc' dir='ltr'><strong>καὶ</strong></span> <span class='ocrx_word' id='word_1_276' title='bbox 1492 3814 1835 3887; x_wconf 81' lang='grc' dir='ltr'>ἀνομίλητον</span> <span class='ocrx_word' id='word_1_277' title='bbox 1868 3836 1992 3870; x_wconf 87' lang='grc' dir='ltr'>συν-</span> 
     </span>
    </p>
   </div>
   <div class='ocr_carea' id='block_1_39' title="bbox 344 3899 1991 3979">
    <p class='ocr_par' dir='ltr' id='par_1_39' title="bbox 344 3899 1991 3979">
     <span class='ocr_line' id='line_1_39' title="bbox 344 3899 1991 3979; baseline 0.001 -21"><span class='ocrx_word' id='word_1_278' title='bbox 344 3908 530 3977; x_wconf 83' lang='grc' dir='ltr'>τηρεῖν</span> <span class='ocrx_word' id='word_1_279' title='bbox 567 3899 821 3977; x_wconf 73' lang='grc' dir='ltr'>βεϐήλων</span> <span class='ocrx_word' id='word_1_280' title='bbox 850 3904 937 3957; x_wconf 84' lang='grc' dir='ltr'><strong>καὶ</strong></span> <span class='ocrx_word' id='word_1_281' title='bbox 978 3909 1230 3977; x_wconf 83' lang='grc' dir='ltr'>πονηρῶν</span> <span class='ocrx_word' id='word_1_282' title='bbox 1284 3902 1590 3978; x_wconf 88' lang='grc' dir='ltr'>λογισμῶν.</span> <span class='ocrx_word' id='word_1_283' title='bbox 1636 3910 1837 3974; x_wconf 77' lang='grc' dir='ltr'>’Ὠσπερ</span> <span class='ocrx_word' id='word_1_284' title='bbox 1887 3908 1991 3979; x_wconf 81' lang='grc' dir='ltr'>γὰρ</span> 
     </span>
    </p>
   </div>
   <div class='ocr_carea' id='block_1_40' title="bbox 346 3990 1990 4065">
    <p class='ocr_par' dir='ltr' id='par_1_40' title="bbox 346 3990 1990 4065">
     <span class='ocr_line' id='line_1_40' title="bbox 346 3990 1990 4065; baseline 0.001 -20"><span class='ocrx_word' id='word_1_285' title='bbox 346 3993 408 4045; x_wconf 86' lang='grc' dir='ltr'>τὸ</span> <span class='ocrx_word' id='word_1_286' title='bbox 442 3996 601 4064; x_wconf 89' lang='grc' dir='ltr'>σῶμα</span> <span class='ocrx_word' id='word_1_287' title='bbox 654 3992 867 4063; x_wconf 87' lang='grc' dir='ltr'>σώματι</span> <span class='ocrx_word' id='word_1_288' title='bbox 922 3990 1178 4046; x_wconf 86' lang='grc' dir='ltr'>συνελθὸν</span> <span class='ocrx_word' id='word_1_289' title='bbox 1238 3993 1425 4065; x_wconf 75' lang='grc' dir='ltr'>ἱτὲρῳ,</span> <span class='ocrx_word' id='word_1_290' title='bbox 1485 3993 1619 4065; x_wconf 87' lang='grc' dir='ltr'>πρὸς</span> <span class='ocrx_word' id='word_1_291' title='bbox 1668 3993 1990 4065; x_wconf 81' lang='grc' dir='ltr'>ἀκαθαρσίαν</span> 
     </span>
    </p>
   </div>
   <div class='ocr_carea' id='block_1_41' title="bbox 348 4077 1989 4159">
    <p class='ocr_par' dir='ltr' id='par_1_41' title="bbox 348 4077 1989 4159">
     <span class='ocr_line' id='line_1_41' title="bbox 348 4077 1989 4159; baseline 0.001 -25"><span class='ocrx_word' id='word_1_292' title='bbox 348 4080 613 4153; x_wconf 86' lang='grc' dir='ltr'>μιαίνεται</span> <span class='ocrx_word' id='word_1_293' title='bbox 650 4097 665 4113; x_wconf 84' lang='lat'><strong>&#39;</strong></span> <span class='ocrx_word' id='word_1_294' title='bbox 698 4079 841 4134; x_wconf 76' lang='grc' dir='ltr'>οὕτω</span> <span class='ocrx_word' id='word_1_295' title='bbox 901 4077 966 4147; x_wconf 80' lang='grc' dir='ltr'>δὴ</span> <span class='ocrx_word' id='word_1_296' title='bbox 1018 4080 1107 4133; x_wconf 83' lang='grc' dir='ltr'><strong>καὶ</strong></span> <span class='ocrx_word' id='word_1_297' title='bbox 1164 4080 1319 4154; x_wconf 77' lang='grc' dir='ltr'>ψυχὴ</span> <span class='ocrx_word' id='word_1_298' title='bbox 1379 4080 1648 4159; x_wconf 85' lang='grc' dir='ltr'>φθείρεται</span> <span class='ocrx_word' id='word_1_299' title='bbox 1725 4088 1989 4155; x_wconf 90' lang='grc' dir='ltr'>πονηροῖς</span> 
     </span>
    </p>
   </div>
   <div class='ocr_carea' id='block_1_42' title="bbox 347 4168 1990 4243">
    <p class='ocr_par' dir='ltr' id='par_1_42' title="bbox 347 4168 1990 4243">
     <span class='ocr_line' id='line_1_42' title="bbox 347 4168 1990 4243; baseline 0 -18"><span class='ocrx_word' id='word_1_300' title='bbox 347 4168 736 4240; x_wconf 84' lang='grc' dir='ltr'>συνδοιάζουσα</span> <span class='ocrx_word' id='word_1_301' title='bbox 792 4170 879 4224; x_wconf 86' lang='grc' dir='ltr'><strong>καὶ</strong></span> <span class='ocrx_word' id='word_1_302' title='bbox 936 4174 1154 4242; x_wconf 88' lang='grc' dir='ltr'>μιαροῖς</span> <span class='ocrx_word' id='word_1_303' title='bbox 1204 4168 1517 4243; x_wconf 87' lang='grc' dir='ltr'>λογισμοῖς,</span> <span class='ocrx_word' id='word_1_304' title='bbox 1564 4168 1869 4241; x_wconf 82' lang='grc' dir='ltr'>συνᾴδουσά</span> <span class='ocrx_word' id='word_1_305' title='bbox 1932 4192 1990 4225; x_wconf 93' lang='grc' dir='ltr'><strong>τε</strong></span> 
     </span>
    </p>
   </div>
   <div class='ocr_carea' id='block_1_43' title="bbox 348 4258 1992 4337">
    <p class='ocr_par' dir='ltr' id='par_1_43' title="bbox 348 4258 1992 4337">
     <span class='ocr_line' id='line_1_43' title="bbox 348 4258 1992 4337; baseline -0.001 -20"><span class='ocrx_word' id='word_1_306' title='bbox 348 4262 532 4322; x_wconf 79' lang='grc' dir='ltr'>αὐτοῖς</span> <span class='ocrx_word' id='word_1_307' title='bbox 563 4259 653 4314; x_wconf 83' lang='grc' dir='ltr'><strong>καὶ</strong></span> <span class='ocrx_word' id='word_1_308' title='bbox 695 4258 1044 4331; x_wconf 81' lang='grc' dir='ltr'>συντιθεμένη</span> <span class='ocrx_word' id='word_1_309' title='bbox 1081 4276 1093 4291; x_wconf 86' lang='grc'><em>’</em></span> <span class='ocrx_word' id='word_1_310' title='bbox 1129 4258 1259 4337; x_wconf 78' lang='grc' dir='ltr'>οὐχὶ</span> <span class='ocrx_word' id='word_1_311' title='bbox 1298 4265 1414 4321; x_wconf 92' lang='grc' dir='ltr'>τοῖς</span> <span class='ocrx_word' id='word_1_312' title='bbox 1451 4267 1551 4329; x_wconf 85' lang='grc' dir='ltr'>τῆς</span> <span class='ocrx_word' id='word_1_313' title='bbox 1572 4262 1838 4335; x_wconf 89' lang='grc' dir='ltr'>πονηρίας</span> <span class='ocrx_word' id='word_1_314' title='bbox 1894 4261 1992 4334; x_wconf 88' lang='grc' dir='ltr'>μό-</span> 
     </span>
    </p>
   </div>
   <div class='ocr_carea' id='block_1_44' title="bbox 342 4346 1985 4422">
    <p class='ocr_par' dir='ltr' id='par_1_44' title="bbox 342 4346 1985 4422">
     <span class='ocr_line' id='line_1_44' title="bbox 342 4346 1985 4422; baseline 0 -18"><span class='ocrx_word' id='word_1_315' title='bbox 342 4370 453 4421; x_wconf 88' lang='grc' dir='ltr'>νον,</span> <span class='ocrx_word' id='word_1_316' title='bbox 487 4348 635 4404; x_wconf 67' lang='grc' dir='ltr'>ἀλλὶ</span> <span class='ocrx_word' id='word_1_317' title='bbox 663 4349 753 4403; x_wconf 84' lang='grc' dir='ltr'>καὶ</span> <span class='ocrx_word' id='word_1_318' title='bbox 784 4349 1014 4418; x_wconf 73' lang='grc' dir='ltr'>ἑκάστης</span> <span class='ocrx_word' id='word_1_319' title='bbox 1044 4346 1264 4408; x_wconf 64' lang='grc' dir='ltr'>κακίας²</span> <span class='ocrx_word' id='word_1_320' title='bbox 1298 4350 1441 4417; x_wconf 85' lang='grc' dir='ltr'>οῖον,</span> <span class='ocrx_word' id='word_1_321' title='bbox 1472 4349 1746 4420; x_wconf 84' lang='grc' dir='ltr'>ἀπιστίας,</span> <span class='ocrx_word' id='word_1_322' title='bbox 1796 4348 1985 4422; x_wconf 84' lang='grc' dir='ltr'>δόλου,</span> 
     </span>
    </p>
   </div>
   <div class='ocr_carea' id='block_1_45' title="bbox 343 4436 1985 4516">
    <p class='ocr_par' dir='ltr' id='par_1_45' title="bbox 343 4436 1985 4516">
     <span class='ocr_line' id='line_1_45' title="bbox 343 4436 1985 4516; baseline 0.001 -23"><span class='ocrx_word' id='word_1_323' title='bbox 343 4436 676 4509; x_wconf 81' lang='grc' dir='ltr'>κενοδοξιας,</span> <span class='ocrx_word' id='word_1_324' title='bbox 708 4439 903 4513; x_wconf 80' lang='grc' dir='ltr'>ὀργῆς,</span> <span class='ocrx_word' id='word_1_325' title='bbox 935 4436 1025 4492; x_wconf 85' lang='grc' dir='ltr'><strong>καὶ</strong></span> <span class='ocrx_word' id='word_1_326' title='bbox 1056 4436 1276 4516; x_wconf 85' lang='grc' dir='ltr'>φθόνου,</span> <span class='ocrx_word' id='word_1_327' title='bbox 1307 4438 1396 4492; x_wconf 80' lang='grc' dir='ltr'><strong>καὶ</strong></span> <span class='ocrx_word' id='word_1_328' title='bbox 1429 4436 1629 4512; x_wconf 85' lang='grc' dir='ltr'>ἔριδος.</span> <span class='ocrx_word' id='word_1_329' title='bbox 1678 4440 1776 4494; x_wconf 81' lang='grc' dir='ltr'>Καὶ</span> <span class='ocrx_word' id='word_1_330' title='bbox 1825 4440 1985 4495; x_wconf 88' lang='grc' dir='ltr'>τοῦτό</span> 
     </span>
    </p>
   </div>
   <div class='ocr_carea' id='block_1_46' title="bbox 342 4527 1985 4603">
    <p class='ocr_par' dir='ltr' id='par_1_46' title="bbox 342 4527 1985 4603">
     <span class='ocr_line' id='line_1_46' title="bbox 342 4527 1985 4603; baseline 0 -18"><span class='ocrx_word' id='word_1_331' title='bbox 342 4528 454 4585; x_wconf 83' lang='grc' dir='ltr'>ἐστι</span> <span class='ocrx_word' id='word_1_332' title='bbox 512 4530 575 4584; x_wconf 88' lang='grc' dir='ltr'>τὸ</span> <span class='ocrx_word' id='word_1_333' title='bbox 631 4529 905 4603; x_wconf 83' lang='grc' dir='ltr'>καθαίρειν</span> <span class='ocrx_word' id='word_1_334' title='bbox 976 4527 1197 4592; x_wconf 77' lang='grc' dir='ltr'>ἑαυτοὺς</span> <span class='ocrx_word' id='word_1_335' title='bbox 1254 4529 1358 4583; x_wconf 85' lang='grc' dir='ltr'>ἀπὸ</span> <span class='ocrx_word' id='word_1_336' title='bbox 1414 4531 1614 4590; x_wconf 85' lang='grc' dir='ltr'>παντὸς</span> <span class='ocrx_word' id='word_1_337' title='bbox 1693 4529 1985 4603; x_wconf 77' lang='grc' dir='ltr'>μολυσμοῦ</span> 
     </span>
    </p>
   </div>
   <div class='ocr_carea' id='block_1_47' title="bbox 344 4603 2065 4694">
    <p class='ocr_par' dir='ltr' id='par_1_47' title="bbox 344 4603 2065 4694">
     <span class='ocr_line' id='line_1_47' title="bbox 344 4603 2065 4694; baseline 0.001 -23"><span class='ocrx_word' id='word_1_338' title='bbox 344 4617 538 4692; x_wconf 86' lang='grc' dir='ltr'>σαρκὸς</span> <span class='ocrx_word' id='word_1_339' title='bbox 585 4618 673 4671; x_wconf 86' lang='grc' dir='ltr'><strong>καὶ</strong></span> <span class='ocrx_word' id='word_1_340' title='bbox 725 4617 1056 4689; x_wconf 85' lang='grc' dir='ltr'>πνεύματος.</span> <span class='ocrx_word' id='word_1_341' title='bbox 1124 4617 1271 4672; x_wconf 76' lang='grc' dir='ltr'>Εἶναι</span> <span class='ocrx_word' id='word_1_342' title='bbox 1321 4618 1422 4692; x_wconf 84' lang='grc' dir='ltr'><strong>γὰρ</strong></span> <span class='ocrx_word' id='word_1_343' title='bbox 1477 4615 1593 4671; x_wconf 70' lang='grc' dir='ltr'>οἵου</span> <span class='ocrx_word' id='word_1_344' title='bbox 1640 4618 1727 4672; x_wconf 82' lang='grc' dir='ltr'><strong>καὶ</strong></span> <span class='ocrx_word' id='word_1_345' title='bbox 1780 4619 1986 4694; x_wconf 75' lang='grc' dir='ltr'>φθορὰν</span> <span class='ocrx_word' id='word_1_346' title='bbox 2020 4603 2065 4667; x_wconf 82' lang='lat' dir='ltr'><strong>D</strong></span> 
     </span>
    </p>
   </div>
   <div class='ocr_carea' id='block_1_48' title="bbox 340 4703 1982 4784">
    <p class='ocr_par' dir='ltr' id='par_1_48' title="bbox 340 4703 1982 4784">
     <span class='ocr_line' id='line_1_48' title="bbox 340 4703 1982 4784; baseline 0.002 -25"><span class='ocrx_word' id='word_1_347' title='bbox 340 4706 431 4759; x_wconf 87' lang='grc' dir='ltr'>καὶ</span> <span class='ocrx_word' id='word_1_348' title='bbox 464 4704 712 4776; x_wconf 77' lang='grc' dir='ltr'>πορνείαν</span> <span class='ocrx_word' id='word_1_349' title='bbox 742 4705 792 4760; x_wconf 79' lang='grc' dir='ltr'>ἐν</span> <span class='ocrx_word' id='word_1_350' title='bbox 827 4710 906 4777; x_wconf 82' lang='grc' dir='ltr'>τῷ</span> <span class='ocrx_word' id='word_1_351' title='bbox 937 4704 1131 4784; x_wconf 74' lang='grc' dir='ltr'>ἀφανεῖ</span> <span class='ocrx_word' id='word_1_352' title='bbox 1180 4713 1277 4775; x_wconf 85' lang='grc' dir='ltr'><strong>τῆς</strong></span> <span class='ocrx_word' id='word_1_353' title='bbox 1326 4710 1533 4781; x_wconf 80' lang='grc' dir='ltr'>ψυχῆς,</span> <span class='ocrx_word' id='word_1_354' title='bbox 1567 4703 1657 4761; x_wconf 80' lang='grc' dir='ltr'><strong>διὰ</strong></span> <span class='ocrx_word' id='word_1_355' title='bbox 1696 4706 1982 4783; x_wconf 87' lang='grc' dir='ltr'>λογισμῶν</span> 
     </span>
    </p>
   </div>
   <div class='ocr_carea' id='block_1_49' title="bbox 340 4791 1982 4875">
    <p class='ocr_par' dir='ltr' id='par_1_49' title="bbox 340 4791 1982 4875">
     <span class='ocr_line' id='line_1_49' title="bbox 340 4791 1982 4875; baseline 0.004 -29"><span class='ocrx_word' id='word_1_356' title='bbox 340 4792 556 4847; x_wconf 84' lang='grc' dir='ltr'>ἀτόπων</span> <span class='ocrx_word' id='word_1_357' title='bbox 622 4791 1008 4869; x_wconf 83' lang='grc' dir='ltr'>ἐνεργουμένην</span> <span class='ocrx_word' id='word_1_358' title='bbox 1043 4814 1054 4827; x_wconf 75' lang='grc' dir='ltr'><strong>ο</strong></span> <span class='ocrx_word' id='word_1_359' title='bbox 1125 4795 1215 4849; x_wconf 84' lang='grc' dir='ltr'><strong>καὶ</strong></span> <span class='ocrx_word' id='word_1_360' title='bbox 1291 4794 1473 4870; x_wconf 82' lang='grc' dir='ltr'>ὥσπερ</span> <span class='ocrx_word' id='word_1_361' title='bbox 1537 4797 1629 4852; x_wconf 86' lang='grc' dir='ltr'>τὸν</span> <span class='ocrx_word' id='word_1_362' title='bbox 1699 4799 1982 4875; x_wconf 86' lang='grc' dir='ltr'>φθειροντα</span> 
     </span>
    </p>
   </div>
   <div class='ocr_carea' id='block_1_50' title="bbox 340 4881 1977 4961">
    <p class='ocr_par' dir='ltr' id='par_1_50' title="bbox 340 4881 1977 4961">
     <span class='ocr_line' id='line_1_50' title="bbox 340 4881 1977 4961; baseline 0.005 -26"><span class='ocrx_word' id='word_1_363' title='bbox 340 4882 431 4935; x_wconf 86' lang='grc' dir='ltr'><strong>τὸν</strong></span> <span class='ocrx_word' id='word_1_364' title='bbox 488 4881 612 4935; x_wconf 89' lang='grc' dir='ltr'>ναὸν</span> <span class='ocrx_word' id='word_1_365' title='bbox 664 4886 760 4935; x_wconf 89' lang='grc' dir='ltr'><strong>τοῦ</strong></span> <span class='ocrx_word' id='word_1_366' title='bbox 817 4887 990 4952; x_wconf 88' lang='grc' dir='ltr'>Θεοῦ,</span> <span class='ocrx_word' id='word_1_367' title='bbox 1049 4886 1185 4939; x_wconf 87' lang='grc' dir='ltr'>κατὰ</span> <span class='ocrx_word' id='word_1_368' title='bbox 1231 4884 1321 4939; x_wconf 73' lang='grc' dir='ltr'><strong>τὸν</strong></span> <span class='ocrx_word' id='word_1_369' title='bbox 1387 4885 1548 4961; x_wconf 76' lang='grc' dir='ltr'>μέγαν</span> <span class='ocrx_word' id='word_1_370' title='bbox 1617 4887 1977 4951; x_wconf 85' lang='grc' dir='ltr'>Ἀπόστολον,</span> 
     </span>
    </p>
   </div>
   <div class='ocr_carea' id='block_1_51' title="bbox 340 4971 1975 5049">
    <p class='ocr_par' dir='ltr' id='par_1_51' title="bbox 340 4971 1975 5049">
     <span class='ocr_line' id='line_1_51' title="bbox 340 4971 1975 5049; baseline 0.005 -26"><span class='ocrx_word' id='word_1_371' title='bbox 340 4971 523 5045; x_wconf 80' lang='grc' dir='ltr'>φθερεῖ</span> <span class='ocrx_word' id='word_1_372' title='bbox 549 4974 739 5024; x_wconf 86' lang='grc' dir='ltr'>τοῦτον</span> <span class='ocrx_word' id='word_1_373' title='bbox 774 4972 802 5025; x_wconf 95' lang='lat'><strong>6</strong></span> <span class='ocrx_word' id='word_1_374' title='bbox 834 4972 984 5042; x_wconf 86' lang='grc' dir='ltr'>Θεὸς,</span> <span class='ocrx_word' id='word_1_375' title='bbox 1021 4971 1153 5048; x_wconf 75' lang='grc' dir='ltr'>ὅπερ</span> <span class='ocrx_word' id='word_1_376' title='bbox 1182 4975 1245 5029; x_wconf 89' lang='grc' dir='ltr'><strong>τὸ</strong></span> <span class='ocrx_word' id='word_1_377' title='bbox 1294 4976 1455 5049; x_wconf 82' lang='grc' dir='ltr'>σῶμά</span> <span class='ocrx_word' id='word_1_378' title='bbox 1505 4974 1645 5031; x_wconf 76' lang='grc' dir='ltr'>ἔστιν</span> <span class='ocrx_word' id='word_1_379' title='bbox 1677 4996 1689 5010; x_wconf 75' lang='grc' dir='ltr'><strong>ο</strong></span> <span class='ocrx_word' id='word_1_380' title='bbox 1725 4977 1867 5032; x_wconf 76' lang='grc' dir='ltr'>οὕτω</span> <span class='ocrx_word' id='word_1_381' title='bbox 1909 4974 1975 5047; x_wconf 84' lang='grc' dir='ltr'>δὴ</span> 
     </span>
    </p>
   </div>
   <div class='ocr_carea' id='block_1_52' title="bbox 335 5058 1977 5138">
    <p class='ocr_par' dir='ltr' id='par_1_52' title="bbox 335 5058 1977 5138">
     <span class='ocr_line' id='line_1_52' title="bbox 335 5058 1977 5138; baseline 0.004 -23"><span class='ocrx_word' id='word_1_382' title='bbox 335 5059 423 5115; x_wconf 76' lang='grc' dir='ltr'><strong>καὶ</strong></span> <span class='ocrx_word' id='word_1_383' title='bbox 471 5060 498 5115; x_wconf 90' lang='lat'><strong>6</strong></span> <span class='ocrx_word' id='word_1_384' title='bbox 548 5058 778 5136; x_wconf 87' lang='grc' dir='ltr'>φθείρων</span> <span class='ocrx_word' id='word_1_385' title='bbox 834 5062 1019 5135; x_wconf 72' lang='grc' dir='ltr'>ψυχήν</span> <span class='ocrx_word' id='word_1_386' title='bbox 1061 5083 1119 5117; x_wconf 90' lang='grc' dir='ltr'><strong>τε</strong></span> <span class='ocrx_word' id='word_1_387' title='bbox 1163 5064 1253 5119; x_wconf 80' lang='grc' dir='ltr'><strong>καὶ</strong></span> <span class='ocrx_word' id='word_1_388' title='bbox 1308 5069 1451 5133; x_wconf 90' lang='grc' dir='ltr'>νοῦν,</span> <span class='ocrx_word' id='word_1_389' title='bbox 1508 5070 1586 5138; x_wconf 83' lang='grc' dir='ltr'>τῷ</span> <span class='ocrx_word' id='word_1_390' title='bbox 1644 5069 1977 5122; x_wconf 87' lang='grc' dir='ltr'>συντίθεσθαι</span> 
     </span>
    </p>
   </div>
   <div class='ocr_carea' id='block_1_53' title="bbox 333 5149 1973 5223">
    <p class='ocr_par' dir='ltr' id='par_1_53' title="bbox 333 5149 1973 5223">
     <span class='ocr_line' id='line_1_53' title="bbox 333 5149 1973 5223; baseline 0.004 -19"><span class='ocrx_word' id='word_1_391' title='bbox 333 5154 450 5211; x_wconf 90' lang='grc' dir='ltr'>τοῖς</span> <span class='ocrx_word' id='word_1_392' title='bbox 500 5149 749 5219; x_wconf 82' lang='grc' dir='ltr'>ἀτόποις,</span> <span class='ocrx_word' id='word_1_393' title='bbox 798 5151 1071 5223; x_wconf 89' lang='grc' dir='ltr'>τιμωρίας</span> <span class='ocrx_word' id='word_1_394' title='bbox 1120 5150 1258 5207; x_wconf 77' lang='grc' dir='ltr'>ἐστὶν</span> <span class='ocrx_word' id='word_1_395' title='bbox 1308 5154 1622 5217; x_wconf 84' lang='grc' dir='ltr'>ὑπεύθυνος.</span> <span class='ocrx_word' id='word_1_396' title='bbox 1675 5156 1973 5212; x_wconf 74' lang='grc' dir='ltr'>Φυλᾶττειν</span> 
     </span>
    </p>
   </div>
   <div class='ocr_carea' id='block_1_54' title="bbox 332 5240 1975 5319">
    <p class='ocr_par' dir='ltr' id='par_1_54' title="bbox 332 5240 1975 5319">
     <span class='ocr_line' id='line_1_54' title="bbox 332 5240 1975 5319; baseline 0.003 -24"><span class='ocrx_word' id='word_1_397' title='bbox 332 5243 623 5315; x_wconf 84' lang='grc' dir='ltr'>τοιγαροῦν</span> <span class='ocrx_word' id='word_1_398' title='bbox 674 5240 938 5313; x_wconf 64' lang='grc' dir='ltr'>προσήκει</span> <span class='ocrx_word' id='word_1_399' title='bbox 988 5241 1225 5314; x_wconf 86' lang='grc' dir='ltr'>καθαπερ</span> <span class='ocrx_word' id='word_1_400' title='bbox 1255 5244 1316 5296; x_wconf 80' lang='grc' dir='ltr'>τὸ</span> <span class='ocrx_word' id='word_1_401' title='bbox 1347 5248 1506 5317; x_wconf 88' lang='grc' dir='ltr'>σῶμα</span> <span class='ocrx_word' id='word_1_402' title='bbox 1552 5246 1749 5319; x_wconf 84' lang='grc' dir='ltr'>ὁρατοῦ</span> <span class='ocrx_word' id='word_1_403' title='bbox 1802 5248 1975 5319; x_wconf 84' lang='grc' dir='ltr'>ἀμαρ-</span> 
     </span>
    </p>
   </div>
   <div class='ocr_carea' id='block_1_55' title="bbox 330 5327 1972 5404">
    <p class='ocr_par' dir='ltr' id='par_1_55' title="bbox 330 5327 1972 5404">
     <span class='ocr_line' id='line_1_55' title="bbox 330 5327 1972 5404; baseline 0.002 -20"><span class='ocrx_word' id='word_1_404' title='bbox 330 5332 601 5400; x_wconf 82' lang='grc' dir='ltr'>τήματος,</span> <span class='ocrx_word' id='word_1_405' title='bbox 635 5327 781 5383; x_wconf 77' lang='grc' dir='ltr'>οὕτω</span> <span class='ocrx_word' id='word_1_406' title='bbox 821 5327 917 5382; x_wconf 81' lang='grc' dir='ltr'><strong>καὶ</strong></span> <span class='ocrx_word' id='word_1_407' title='bbox 943 5328 1043 5397; x_wconf 78' lang='grc' dir='ltr'>τὴν</span> <span class='ocrx_word' id='word_1_408' title='bbox 1077 5330 1263 5403; x_wconf 76' lang='grc' dir='ltr'>ψυχὴν</span> <span class='ocrx_word' id='word_1_409' title='bbox 1306 5328 1584 5404; x_wconf 88' lang='grc' dir='ltr'>λογισμῶν</span> <span class='ocrx_word' id='word_1_410' title='bbox 1618 5334 1854 5401; x_wconf 88' lang='grc' dir='ltr'>ἀτόπων,</span> <span class='ocrx_word' id='word_1_411' title='bbox 1889 5333 1972 5390; x_wconf 78' lang='grc' dir='ltr'><strong>ὅτι</strong></span> 
     </span>
    </p>
   </div>
   <div class='ocr_carea' id='block_1_56' title="bbox 333 5417 1971 5495">
    <p class='ocr_par' dir='ltr' id='par_1_56' title="bbox 333 5417 1971 5495">
     <span class='ocr_line' id='line_1_56' title="bbox 333 5417 1971 5495; baseline 0.004 -25"><span class='ocrx_word' id='word_1_412' title='bbox 333 5419 516 5495; x_wconf 86' lang='grc' dir='ltr'>νύμφη</span> <span class='ocrx_word' id='word_1_413' title='bbox 567 5421 805 5486; x_wconf 81' lang='grc' dir='ltr'>Χριστοῦ</span> <span class='ocrx_word' id='word_1_414' title='bbox 867 5417 1028 5473; x_wconf 83' lang='grc' dir='ltr'>ἐστιν.</span> <span class='ocrx_word' id='word_1_415' title='bbox 1097 5419 1459 5492; x_wconf 86' lang='grc' dir='ltr'>Ἡρμοσάμην</span> <span class='ocrx_word' id='word_1_416' title='bbox 1526 5424 1624 5495; x_wconf 78' lang='grc' dir='ltr'><strong>γὰρ</strong></span> <span class='ocrx_word' id='word_1_417' title='bbox 1696 5423 1833 5495; x_wconf 77' lang='grc' dir='ltr'>ὑμᾶς</span> <span class='ocrx_word' id='word_1_418' title='bbox 1899 5422 1971 5478; x_wconf 76' lang='grc' dir='ltr'><strong>ἐνὶ</strong></span> 
     </span>
    </p>
   </div>
   <div class='ocr_carea' id='block_1_57' title="bbox 334 5505 1966 5585">
    <p class='ocr_par' dir='ltr' id='par_1_57' title="bbox 334 5505 1966 5585">
     <span class='ocr_line' id='line_1_57' title="bbox 334 5505 1966 5585; baseline 0.004 -24"><span class='ocrx_word' id='word_1_419' title='bbox 334 5505 488 5581; x_wconf 79' lang='grc' dir='ltr'>ἀνδρὶ</span> <span class='ocrx_word' id='word_1_420' title='bbox 554 5507 814 5583; x_wconf 73' lang='grc' dir='ltr'>παρθένον</span> <span class='ocrx_word' id='word_1_421' title='bbox 890 5508 1058 5583; x_wconf 80' lang='grc' dir='ltr'>ἀγνήν</span> <span class='ocrx_word' id='word_1_422' title='bbox 1131 5515 1471 5581; x_wconf 79' lang='grc' dir='ltr'>παραστῆσαι</span> <span class='ocrx_word' id='word_1_423' title='bbox 1550 5515 1629 5583; x_wconf 82' lang='grc' dir='ltr'>τῷ</span> <span class='ocrx_word' id='word_1_424' title='bbox 1703 5516 1966 5585; x_wconf 79' lang='grc' dir='ltr'>Χριστῷ·</span> 
     </span>
    </p>
   </div>
   <div class='ocr_carea' id='block_1_58' title="bbox 346 5693 1990 5767">
    <p class='ocr_par' dir='ltr' id='par_1_58' title="bbox 346 5693 1990 5767">
     <span class='ocr_line' id='line_1_58' title="bbox 346 5693 1990 5767; baseline 0.003 -16"><span class='ocrx_word' id='word_1_425' title='bbox 346 5694 391 5733; x_wconf 69' lang='grc'><strong>³⁸</strong></span> <span class='ocrx_word' id='word_1_426' title='bbox 426 5693 626 5753; x_wconf 88' lang='lat' dir='ltr'><strong>Ezech.</strong></span> <span class='ocrx_word' id='word_1_427' title='bbox 666 5712 827 5765; x_wconf 81' lang='lat' dir='ltr'><strong>mu,</strong></span> <span class='ocrx_word' id='word_1_428' title='bbox 861 5699 950 5755; x_wconf 88' lang='grc'>11.</span> <span class='ocrx_word' id='word_1_429' title='bbox 1028 5698 1073 5733; x_wconf 73' lang='grc'><strong>³³</strong></span> <span class='ocrx_word' id='word_1_430' title='bbox 1105 5698 1150 5755; x_wconf 88' lang='lat' dir='ltr'><strong>ll</strong></span> <span class='ocrx_word' id='word_1_431' title='bbox 1179 5698 1307 5757; x_wconf 84' lang='lat' dir='ltr'><strong>Cor.</strong></span> <span class='ocrx_word' id='word_1_432' title='bbox 1340 5714 1441 5767; x_wconf 83' lang='lat' dir='ltr'><strong>vu,</strong></span> <span class='ocrx_word' id='word_1_433' title='bbox 1476 5699 1526 5756; x_wconf 92' lang='grc'><strong>1.</strong></span> <span class='ocrx_word' id='word_1_434' title='bbox 1604 5700 1650 5736; x_wconf 82' lang='grc'><strong>³³</strong></span> <span class='ocrx_word' id='word_1_435' title='bbox 1692 5702 1714 5757; x_wconf 93' lang='lat' dir='ltr'><strong>I</strong></span> <span class='ocrx_word' id='word_1_436' title='bbox 1744 5701 1871 5759; x_wconf 89' lang='lat' dir='ltr'><strong>Cor.</strong></span> <span class='ocrx_word' id='word_1_437' title='bbox 1910 5718 1990 5765; x_wconf 81' lang='grc' dir='ltr'>ιιι,</span> 
     </span>
    </p>
   </div>
   <div class='ocr_carea' id='block_1_59' title="bbox 1452 365 2673 431">
    <p class='ocr_par' dir='ltr' id='par_1_59' title="bbox 1452 365 2673 431">
     <span class='ocr_line' id='line_1_59' title="bbox 1452 365 2673 431; baseline 0.004 -5"><span class='ocrx_word' id='word_1_438' title='bbox 1452 367 1682 426; x_wconf 75' lang='lat' dir='ltr'><strong>LIBER</strong></span> <span class='ocrx_word' id='word_1_439' title='bbox 1730 366 1829 425; x_wconf 87' lang='lat' dir='ltr'><strong>DE</strong></span> <span class='ocrx_word' id='word_1_440' title='bbox 1876 365 2309 428; x_wconf 78' lang='lat' dir='ltr'><strong>LIBERTATE</strong></span> <span class='ocrx_word' id='word_1_441' title='bbox 2355 368 2673 431; x_wconf 86' lang='lat' dir='ltr'><strong>MENTIS.</strong></span> 
     </span>
    </p>
   </div>
   <div class='ocr_carea' id='block_1_60' title="bbox 3711 377 3829 437">
    <p class='ocr_par' dir='ltr' id='par_1_60' title="bbox 3711 377 3829 437">
     <span class='ocr_line' id='line_1_60' title="bbox 3711 377 3829 437; baseline 0.017 -2"><span class='ocrx_word' id='word_1_442' title='bbox 3711 377 3829 437; x_wconf 83' lang='lat'><strong>938</strong></span> 
     </span>
    </p>
   </div>
   <div class='ocr_carea' id='block_1_61' title="bbox 2124 500 3824 573">
    <p class='ocr_par' dir='ltr' id='par_1_61' title="bbox 2124 500 3824 573">
     <span class='ocr_line' id='line_1_61' title="bbox 2124 500 3824 573; baseline 0.006 -20"><span class='ocrx_word' id='word_1_443' title='bbox 2124 514 2235 570; x_wconf 91' lang='lat' dir='ltr'><strong>que</strong></span> <span class='ocrx_word' id='word_1_444' title='bbox 2265 500 2511 556; x_wconf 83' lang='lat' dir='ltr'><strong>obscura</strong></span> <span class='ocrx_word' id='word_1_445' title='bbox 2563 502 2829 559; x_wconf 88' lang='lat' dir='ltr'><strong>custodia</strong></span> <span class='ocrx_word' id='word_1_446' title='bbox 2884 501 3156 559; x_wconf 87' lang='lat' dir='ltr'><strong>conclusa</strong></span> <span class='ocrx_word' id='word_1_447' title='bbox 3212 504 3538 573; x_wconf 87' lang='lat' dir='ltr'><strong>tenebatur,</strong></span> <span class='ocrx_word' id='word_1_448' title='bbox 3567 506 3824 563; x_wconf 88' lang='lat' dir='ltr'><strong>animam</strong></span> 
     </span>
    </p>
   </div>
   <div class='ocr_carea' id='block_1_62' title="bbox 2124 587 2356 645">
    <p class='ocr_par' dir='ltr' id='par_1_62' title="bbox 2124 587 2356 645">
     <span class='ocr_line' id='line_1_62' title="bbox 2124 587 2356 645; baseline 0.009 -2"><span class='ocrx_word' id='word_1_449' title='bbox 2124 587 2356 645; x_wconf 75' lang='lat' dir='ltr'><strong>liberat.</strong></span> 
     </span>
    </p>
   </div>
   <div class='ocr_carea' id='block_1_63' title="bbox 2196 678 3827 753">
    <p class='ocr_par' dir='ltr' id='par_1_63' title="bbox 2196 678 3827 753">
     <span class='ocr_line' id='line_1_63' title="bbox 2196 678 3827 753; baseline 0.006 -20"><span class='ocrx_word' id='word_1_450' title='bbox 2196 678 2265 735; x_wconf 89' lang='lat' dir='ltr'><strong>II.</strong></span> <span class='ocrx_word' id='word_1_451' title='bbox 2299 678 2597 753; x_wconf 89' lang='lat' dir='ltr'><strong>Contingit</strong></span> <span class='ocrx_word' id='word_1_452' title='bbox 2626 696 2780 753; x_wconf 74' lang='lat' dir='ltr'><strong>saepe</strong></span> <span class='ocrx_word' id='word_1_453' title='bbox 2811 681 3182 739; x_wconf 76' lang='lat' dir='ltr'><strong>insusurrare</strong></span> <span class='ocrx_word' id='word_1_454' title='bbox 3212 682 3320 739; x_wconf 86' lang='lat' dir='ltr'><strong>tibi</strong></span> <span class='ocrx_word' id='word_1_455' title='bbox 3342 684 3613 741; x_wconf 90' lang='lat' dir='ltr'><strong>Satanam</strong></span> <span class='ocrx_word' id='word_1_456' title='bbox 3636 686 3697 742; x_wconf 92' lang='lat' dir='ltr'><strong>in</strong></span> <span class='ocrx_word' id='word_1_457' title='bbox 3720 703 3827 742; x_wconf 90' lang='lat' dir='ltr'><strong>au-</strong></span> 
     </span>
    </p>
   </div>
   <div class='ocr_carea' id='block_1_64' title="bbox 2125 768 3824 848">
    <p class='ocr_par' dir='ltr' id='par_1_64' title="bbox 2125 768 3824 848">
     <span class='ocr_line' id='line_1_64' title="bbox 2125 768 3824 848; baseline 0.007 -28"><span class='ocrx_word' id='word_1_458' title='bbox 2125 781 2243 823; x_wconf 91' lang='lat' dir='ltr'><strong>rem</strong></span> <span class='ocrx_word' id='word_1_459' title='bbox 2276 768 2488 834; x_wconf 85' lang='lat' dir='ltr'><strong>cordis,</strong></span> <span class='ocrx_word' id='word_1_460' title='bbox 2519 778 2573 825; x_wconf 89' lang='lat' dir='ltr'><strong>et</strong></span> <span class='ocrx_word' id='word_1_461' title='bbox 2616 770 2807 826; x_wconf 86' lang='lat' dir='ltr'><strong>dicere</strong></span> <span class='ocrx_word' id='word_1_462' title='bbox 2835 787 2848 824; x_wconf 89' lang='lat'><strong>:</strong></span> <span class='ocrx_word' id='word_1_463' title='bbox 2915 772 3037 827; x_wconf 89' lang='lat' dir='ltr'><strong>Scis</strong></span> <span class='ocrx_word' id='word_1_464' title='bbox 3068 780 3207 843; x_wconf 89' lang='lat' dir='ltr'><strong>quot</strong></span> <span class='ocrx_word' id='word_1_465' title='bbox 3258 781 3312 829; x_wconf 87' lang='lat' dir='ltr'><strong>et</strong></span> <span class='ocrx_word' id='word_1_466' title='bbox 3371 779 3589 845; x_wconf 89' lang='lat' dir='ltr'><strong>quanta</strong></span> <span class='ocrx_word' id='word_1_467' title='bbox 3618 791 3824 848; x_wconf 87' lang='lat' dir='ltr'><strong>perpe-</strong></span> 
     </span>
    </p>
   </div>
   <div class='ocr_carea' id='block_1_65' title="bbox 2123 856 3823 936">
    <p class='ocr_par' dir='ltr' id='par_1_65' title="bbox 2123 856 3823 936">
     <span class='ocr_line' id='line_1_65' title="bbox 2123 856 3823 936; baseline 0.007 -27"><span class='ocrx_word' id='word_1_468' title='bbox 2123 856 2290 911; x_wconf 88' lang='lat' dir='ltr'><strong>trasti</strong></span> <span class='ocrx_word' id='word_1_469' title='bbox 2331 859 2484 913; x_wconf 89' lang='lat' dir='ltr'><strong>mala</strong></span> <span class='ocrx_word' id='word_1_470' title='bbox 2506 858 2532 910; x_wconf 82' lang='lat'><strong>‘?</strong></span> <span class='ocrx_word' id='word_1_471' title='bbox 2557 858 2776 931; x_wconf 90' lang='lat' dir='ltr'><strong>repleta</strong></span> <span class='ocrx_word' id='word_1_472' title='bbox 2821 858 2927 915; x_wconf 90' lang='lat' dir='ltr'><strong>tibi</strong></span> <span class='ocrx_word' id='word_1_473' title='bbox 2955 859 3271 916; x_wconf 91' lang='lat' dir='ltr'><strong>sceleribus</strong></span> <span class='ocrx_word' id='word_1_474' title='bbox 3302 868 3389 917; x_wconf 89' lang='lat' dir='ltr'><strong>est</strong></span> <span class='ocrx_word' id='word_1_475' title='bbox 3422 864 3658 934; x_wconf 87' lang='lat' dir='ltr'><strong>anima;</strong></span> <span class='ocrx_word' id='word_1_476' title='bbox 3689 880 3823 936; x_wconf 86' lang='lat' dir='ltr'><strong>gra-</strong></span> 
     </span>
    </p>
   </div>
   <div class='ocr_carea' id='block_1_66' title="bbox 2126 947 3824 1023">
    <p class='ocr_par' dir='ltr' id='par_1_66' title="bbox 2126 947 3824 1023">
     <span class='ocr_line' id='line_1_66' title="bbox 2126 947 3824 1023; baseline 0.004 -22"><span class='ocrx_word' id='word_1_477' title='bbox 2126 947 2275 1003; x_wconf 86' lang='lat' dir='ltr'><strong>varis</strong></span> <span class='ocrx_word' id='word_1_478' title='bbox 2309 949 2509 1003; x_wconf 88' lang='lat' dir='ltr'><strong>multis</strong></span> <span class='ocrx_word' id='word_1_479' title='bbox 2539 953 2595 1005; x_wconf 91' lang='lat' dir='ltr'><strong>et</strong></span> <span class='ocrx_word' id='word_1_480' title='bbox 2651 949 2989 1006; x_wconf 74' lang='lat' dir='ltr'><strong>fmdissimis</strong></span> <span class='ocrx_word' id='word_1_481' title='bbox 3050 952 3320 1021; x_wconf 76' lang='lat' dir='ltr'><strong>peccatis.</strong></span> <span class='ocrx_word' id='word_1_482' title='bbox 3357 952 3482 1009; x_wconf 92' lang='lat' dir='ltr'><strong>Non</strong></span> <span class='ocrx_word' id='word_1_483' title='bbox 3513 958 3568 1010; x_wconf 89' lang='lat' dir='ltr'><strong>te</strong></span> <span class='ocrx_word' id='word_1_484' title='bbox 3625 954 3824 1023; x_wconf 84' lang='lat' dir='ltr'><strong>lateat,</strong></span> 
     </span>
    </p>
   </div>
   <div class='ocr_carea' id='block_1_67' title="bbox 2121 1039 3829 1115">
    <p class='ocr_par' dir='ltr' id='par_1_67' title="bbox 2121 1039 3829 1115">
     <span class='ocr_line' id='line_1_67' title="bbox 2121 1039 3829 1115; baseline 0.005 -23"><span class='ocrx_word' id='word_1_485' title='bbox 2121 1044 2527 1109; x_wconf 87' lang='lat' dir='ltr'><strong>suggerentem</strong></span> <span class='ocrx_word' id='word_1_486' title='bbox 2585 1039 2725 1095; x_wconf 92' lang='lat' dir='ltr'><strong>talia</strong></span> <span class='ocrx_word' id='word_1_487' title='bbox 2791 1039 3013 1095; x_wconf 86' lang='lat' dir='ltr'><strong>malum</strong></span> <span class='ocrx_word' id='word_1_488' title='bbox 3074 1041 3399 1097; x_wconf 69' lang='lat' dir='ltr'><strong>daemonem</strong></span> <span class='ocrx_word' id='word_1_489' title='bbox 3448 1043 3502 1098; x_wconf 89' lang='lat' dir='ltr'><strong>id</strong></span> <span class='ocrx_word' id='word_1_490' title='bbox 3536 1059 3730 1115; x_wconf 91' lang='lat' dir='ltr'><strong>agere,</strong></span> <span class='ocrx_word' id='word_1_491' title='bbox 3763 1055 3829 1101; x_wconf 86' lang='lat' dir='ltr'><strong>ut</strong></span> 
     </span>
    </p>
   </div>
   <div class='ocr_carea' id='block_1_68' title="bbox 2121 1126 3824 1201">
    <p class='ocr_par' dir='ltr' id='par_1_68' title="bbox 2121 1126 3824 1201">
     <span class='ocr_line' id='line_1_68' title="bbox 2121 1126 3824 1201; baseline 0.005 -21"><span class='ocrx_word' id='word_1_492' title='bbox 2121 1130 2177 1180; x_wconf 88' lang='lat' dir='ltr'><strong>te</strong></span> <span class='ocrx_word' id='word_1_493' title='bbox 2234 1128 2291 1180; x_wconf 91' lang='lat' dir='ltr'><strong>in</strong></span> <span class='ocrx_word' id='word_1_494' title='bbox 2324 1126 2811 1197; x_wconf 82' lang='lat' dir='ltr'><strong>desperationem,</strong></span> <span class='ocrx_word' id='word_1_495' title='bbox 2843 1127 3192 1184; x_wconf 87' lang='lat' dir='ltr'><strong>humilitatis</strong></span> <span class='ocrx_word' id='word_1_496' title='bbox 3254 1135 3555 1201; x_wconf 62' lang='lat' dir='ltr'><strong>prietextu,</strong></span> <span class='ocrx_word' id='word_1_497' title='bbox 3589 1137 3824 1188; x_wconf 88' lang='lat' dir='ltr'><strong>contru-</strong></span> 
     </span>
    </p>
   </div>
   <div class='ocr_carea' id='block_1_69' title="bbox 2120 1216 3821 1292">
    <p class='ocr_par' dir='ltr' id='par_1_69' title="bbox 2120 1216 3821 1292">
     <span class='ocr_line' id='line_1_69' title="bbox 2120 1216 3821 1292; baseline 0.004 -22"><span class='ocrx_word' id='word_1_498' title='bbox 2120 1216 2240 1273; x_wconf 88' lang='lat' dir='ltr'><strong>dat.</strong></span> <span class='ocrx_word' id='word_1_499' title='bbox 2273 1219 2349 1271; x_wconf 81' lang='lat' dir='ltr'><strong>Ex</strong></span> <span class='ocrx_word' id='word_1_500' title='bbox 2380 1233 2495 1287; x_wconf 91' lang='lat' dir='ltr'><strong>quo</strong></span> <span class='ocrx_word' id='word_1_501' title='bbox 2543 1216 2697 1272; x_wconf 91' lang='lat' dir='ltr'><strong>enim</strong></span> <span class='ocrx_word' id='word_1_502' title='bbox 2732 1234 2832 1288; x_wconf 92' lang='lat' dir='ltr'><strong>per</strong></span> <span class='ocrx_word' id='word_1_503' title='bbox 2885 1219 3413 1289; x_wconf 89' lang='lat' dir='ltr'><strong>transgressionem</strong></span> <span class='ocrx_word' id='word_1_504' title='bbox 3447 1220 3697 1292; x_wconf 88' lang='lat' dir='ltr'><strong>primam</strong></span> <span class='ocrx_word' id='word_1_505' title='bbox 3734 1224 3821 1277; x_wconf 87' lang='lat' dir='ltr'><strong>ir-</strong></span> 
     </span>
    </p>
   </div>
   <div class='ocr_carea' id='block_1_70' title="bbox 2118 1306 3817 1376">
    <p class='ocr_par' dir='ltr' id='par_1_70' title="bbox 2118 1306 3817 1376">
     <span class='ocr_line' id='line_1_70' title="bbox 2118 1306 3817 1376; baseline 0.004 -15"><span class='ocrx_word' id='word_1_506' title='bbox 2118 1307 2300 1376; x_wconf 84' lang='lat' dir='ltr'><strong>repsit</strong></span> <span class='ocrx_word' id='word_1_507' title='bbox 2327 1306 2386 1362; x_wconf 88' lang='lat' dir='ltr'><strong>in</strong></span> <span class='ocrx_word' id='word_1_508' title='bbox 2416 1306 2713 1362; x_wconf 85' lang='lat' dir='ltr'><strong>hominem</strong></span> <span class='ocrx_word' id='word_1_509' title='bbox 2748 1306 2988 1376; x_wconf 89' lang='lat' dir='ltr'><strong>malitia,</strong></span> <span class='ocrx_word' id='word_1_510' title='bbox 3042 1306 3189 1363; x_wconf 92' lang='lat' dir='ltr'><strong>liber</strong></span> <span class='ocrx_word' id='word_1_511' title='bbox 3219 1309 3412 1364; x_wconf 85' lang='lat' dir='ltr'><strong>aditus</strong></span> <span class='ocrx_word' id='word_1_512' title='bbox 3443 1309 3677 1366; x_wconf 87' lang='lat' dir='ltr'><strong>diabolo</strong></span> <span class='ocrx_word' id='word_1_513' title='bbox 3717 1311 3817 1368; x_wconf 84' lang='lat' dir='ltr'><strong>da-</strong></span> 
     </span>
    </p>
   </div>
   <div class='ocr_carea' id='block_1_71' title="bbox 2118 1394 3821 1467">
    <p class='ocr_par' dir='ltr' id='par_1_71' title="bbox 2118 1394 3821 1467">
     <span class='ocr_line' id='line_1_71' title="bbox 2118 1394 3821 1467; baseline 0.005 -19"><span class='ocrx_word' id='word_1_514' title='bbox 2118 1396 2213 1448; x_wconf 89' lang='lat' dir='ltr'><strong>tus</strong></span> <span class='ocrx_word' id='word_1_515' title='bbox 2266 1398 2354 1448; x_wconf 90' lang='lat' dir='ltr'><strong>est</strong></span> <span class='ocrx_word' id='word_1_516' title='bbox 2419 1395 2676 1449; x_wconf 89' lang='lat' dir='ltr'><strong>animam</strong></span> <span class='ocrx_word' id='word_1_517' title='bbox 2727 1394 2987 1465; x_wconf 86' lang='lat' dir='ltr'><strong>quotidie</strong></span> <span class='ocrx_word' id='word_1_518' title='bbox 3042 1395 3476 1467; x_wconf 89' lang='lat' dir='ltr'><strong>alloquandam,</strong></span> <span class='ocrx_word' id='word_1_519' title='bbox 3526 1402 3587 1452; x_wconf 90' lang='lat' dir='ltr'><strong>ut</strong></span> <span class='ocrx_word' id='word_1_520' title='bbox 3649 1399 3821 1457; x_wconf 89' lang='lat' dir='ltr'><strong>homo</strong></span> 
     </span>
    </p>
   </div>
   <div class='ocr_carea' id='block_1_72' title="bbox 2119 1483 3823 1560">
    <p class='ocr_par' dir='ltr' id='par_1_72' title="bbox 2119 1483 3823 1560">
     <span class='ocr_line' id='line_1_72' title="bbox 2119 1483 3823 1560; baseline 0.005 -22"><span class='ocrx_word' id='word_1_521' title='bbox 2119 1483 2437 1547; x_wconf 88' lang='lat' dir='ltr'><strong>hominem,</strong></span> <span class='ocrx_word' id='word_1_522' title='bbox 2471 1492 2526 1540; x_wconf 89' lang='lat' dir='ltr'><strong>et</strong></span> <span class='ocrx_word' id='word_1_523' title='bbox 2555 1486 2622 1540; x_wconf 89' lang='lat' dir='ltr'><strong>ad</strong></span> <span class='ocrx_word' id='word_1_524' title='bbox 2647 1485 2835 1541; x_wconf 89' lang='lat' dir='ltr'><strong>eidem</strong></span> <span class='ocrx_word' id='word_1_525' title='bbox 2868 1488 3233 1557; x_wconf 86' lang='lat' dir='ltr'><strong>suggerenda</strong></span> <span class='ocrx_word' id='word_1_526' title='bbox 3264 1487 3540 1542; x_wconf 87' lang='lat' dir='ltr'><strong>absurda.</strong></span> <span class='ocrx_word' id='word_1_527' title='bbox 3566 1489 3823 1560; x_wconf 80' lang='lat' dir='ltr'><strong>Respon-</strong></span> 
     </span>
    </p>
   </div>
   <div class='ocr_carea' id='block_1_73' title="bbox 2119 1575 3823 1646">
    <p class='ocr_par' dir='ltr' id='par_1_73' title="bbox 2119 1575 3823 1646">
     <span class='ocr_line' id='line_1_73' title="bbox 2119 1575 3823 1646; baseline 0.004 -15"><span class='ocrx_word' id='word_1_528' title='bbox 2119 1576 2187 1631; x_wconf 90' lang='lat' dir='ltr'><strong>de</strong></span> <span class='ocrx_word' id='word_1_529' title='bbox 2221 1576 2398 1646; x_wconf 78' lang='lat' dir='ltr'><strong>igitur</strong></span> <span class='ocrx_word' id='word_1_530' title='bbox 2448 1575 2532 1630; x_wconf 90' lang='lat' dir='ltr'><strong>illi</strong></span> <span class='ocrx_word' id='word_1_531' title='bbox 2555 1581 2617 1631; x_wconf 89' lang='lat' dir='ltr'><strong>tu</strong></span> <span class='ocrx_word' id='word_1_532' title='bbox 2652 1593 2665 1632; x_wconf 89' lang='lat'><strong>:</strong></span> <span class='ocrx_word' id='word_1_533' title='bbox 2694 1577 2762 1631; x_wconf 82' lang='lat' dir='ltr'><strong>At</strong></span> <span class='ocrx_word' id='word_1_534' title='bbox 2793 1576 2968 1631; x_wconf 88' lang='lat' dir='ltr'><strong>habea</strong></span> <span class='ocrx_word' id='word_1_535' title='bbox 3007 1575 3243 1646; x_wconf 73' lang='lat' dir='ltr'><strong>scripta:</strong></span> <span class='ocrx_word' id='word_1_536' title='bbox 3273 1580 3695 1635; x_wconf 71' lang='lat' dir='ltr'><strong>asseveratione:</strong></span> <span class='ocrx_word' id='word_1_537' title='bbox 3725 1581 3823 1637; x_wconf 77' lang='lat' dir='ltr'><strong>Dei</strong></span> 
     </span>
    </p>
   </div>
   <div class='ocr_carea' id='block_1_74' title="bbox 2119 1665 3823 1733">
    <p class='ocr_par' dir='ltr' id='par_1_74' title="bbox 2119 1665 3823 1733">
     <span class='ocr_line' id='line_1_74' title="bbox 2119 1665 3823 1733; baseline 0.002 -12"><span class='ocrx_word' id='word_1_538' title='bbox 2119 1665 2317 1722; x_wconf 78' lang='lat' dir='ltr'><strong>aientis</strong></span> <span class='ocrx_word' id='word_1_539' title='bbox 2348 1682 2367 1720; x_wconf 91' lang='lat'><strong><em>:</em></strong></span> <span class='ocrx_word' id='word_1_540' title='bbox 2407 1665 2538 1720; x_wconf 85' lang='lat' dir='ltr'><strong>Nolo</strong></span> <span class='ocrx_word' id='word_1_541' title='bbox 2578 1670 2809 1721; x_wconf 84' lang='lat' dir='ltr'><strong>mortem</strong></span> <span class='ocrx_word' id='word_1_542' title='bbox 2848 1668 3187 1733; x_wconf 73' lang='lat' dir='ltr'><strong>peccatoris;</strong></span> <span class='ocrx_word' id='word_1_543' title='bbox 3224 1667 3317 1722; x_wconf 77' lang='lat' dir='ltr'><strong>sed</strong></span> <span class='ocrx_word' id='word_1_544' title='bbox 3363 1674 3423 1722; x_wconf 81' lang='lat' dir='ltr'><strong>ut</strong></span> <span class='ocrx_word' id='word_1_545' title='bbox 3471 1673 3823 1725; x_wconf 78' lang='lat' dir='ltr'><strong>convertatur</strong></span> 
     </span>
    </p>
   </div>
   <div class='ocr_carea' id='block_1_75' title="bbox 2116 1756 3821 1829">
    <p class='ocr_par' dir='ltr' id='par_1_75' title="bbox 2116 1756 3821 1829">
     <span class='ocr_line' id='line_1_75' title="bbox 2116 1756 3821 1829; baseline 0.002 -19"><span class='ocrx_word' id='word_1_546' title='bbox 2116 1771 2219 1827; x_wconf 85' lang='lat' dir='ltr'><strong>per</strong></span> <span class='ocrx_word' id='word_1_547' title='bbox 2246 1756 2646 1825; x_wconf 63' lang='grc' dir='ltr'>ρλοηίεεηιίαγη,</span> <span class='ocrx_word' id='word_1_548' title='bbox 2678 1762 2732 1810; x_wconf 84' lang='lat' dir='ltr'><strong>et</strong></span> <span class='ocrx_word' id='word_1_549' title='bbox 2760 1757 2902 1810; x_wconf 82' lang='lat' dir='ltr'><strong>vivat</strong></span> <span class='ocrx_word' id='word_1_550' title='bbox 2925 1756 2994 1810; x_wconf 82' lang='grc'><strong>³¹.</strong></span> <span class='ocrx_word' id='word_1_551' title='bbox 3026 1757 3208 1821; x_wconf 86' lang='lat' dir='ltr'><strong>Quam</strong></span> <span class='ocrx_word' id='word_1_552' title='bbox 3233 1756 3389 1811; x_wconf 89' lang='lat' dir='ltr'><strong>enim</strong></span> <span class='ocrx_word' id='word_1_553' title='bbox 3423 1756 3599 1813; x_wconf 87' lang='lat' dir='ltr'><strong>aliam</strong></span> <span class='ocrx_word' id='word_1_554' title='bbox 3632 1759 3821 1829; x_wconf 87' lang='lat' dir='ltr'><strong>potuit</strong></span> 
     </span>
    </p>
   </div>
   <div class='ocr_carea' id='block_1_76' title="bbox 2117 1844 3816 1916">
    <p class='ocr_par' dir='ltr' id='par_1_76' title="bbox 2117 1844 3816 1916">
     <span class='ocr_line' id='line_1_76' title="bbox 2117 1844 3816 1916; baseline 0.003 -17"><span class='ocrx_word' id='word_1_555' title='bbox 2117 1844 2330 1899; x_wconf 90' lang='lat' dir='ltr'><strong>habere</strong></span> <span class='ocrx_word' id='word_1_556' title='bbox 2387 1859 2622 1898; x_wconf 90' lang='lat' dir='ltr'><strong>causam</strong></span> <span class='ocrx_word' id='word_1_557' title='bbox 2691 1844 3101 1912; x_wconf 87' lang='lat' dir='ltr'><strong>descendendi,</strong></span> <span class='ocrx_word' id='word_1_558' title='bbox 3164 1844 3277 1900; x_wconf 87' lang='lat' dir='ltr'><strong>nisi</strong></span> <span class='ocrx_word' id='word_1_559' title='bbox 3363 1849 3428 1901; x_wconf 92' lang='lat' dir='ltr'><strong>ut</strong></span> <span class='ocrx_word' id='word_1_560' title='bbox 3488 1852 3816 1916; x_wconf 86' lang='lat' dir='ltr'><strong>peccatores</strong></span> 
     </span>
    </p>
   </div>
   <div class='ocr_carea' id='block_1_77' title="bbox 2118 1931 3817 2005">
    <p class='ocr_par' dir='ltr' id='par_1_77' title="bbox 2118 1931 3817 2005">
     <span class='ocr_line' id='line_1_77' title="bbox 2118 1931 3817 2005; baseline 0.003 -18"><span class='ocrx_word' id='word_1_561' title='bbox 2118 1934 2311 1988; x_wconf 89' lang='lat' dir='ltr'><strong>salvos</strong></span> <span class='ocrx_word' id='word_1_562' title='bbox 2343 1931 2574 1999; x_wconf 89' lang='lat' dir='ltr'><strong>laceret,</strong></span> <span class='ocrx_word' id='word_1_563' title='bbox 2602 1933 2865 2001; x_wconf 84' lang='lat' dir='ltr'><strong>jacentes</strong></span> <span class='ocrx_word' id='word_1_564' title='bbox 2894 1932 2954 1987; x_wconf 90' lang='lat' dir='ltr'><strong>in</strong></span> <span class='ocrx_word' id='word_1_565' title='bbox 2986 1932 3246 1989; x_wconf 86' lang='lat' dir='ltr'><strong>tenebris</strong></span> <span class='ocrx_word' id='word_1_566' title='bbox 3275 1932 3656 2005; x_wconf 86' lang='lat' dir='ltr'><strong>illuminaret,</strong></span> <span class='ocrx_word' id='word_1_567' title='bbox 3692 1938 3817 1992; x_wconf 67' lang='lat' dir='ltr'><strong>vita</strong></span> 
     </span>
    </p>
   </div>
   <div class='ocr_carea' id='block_1_78' title="bbox 2118 2022 2711 2078">
    <p class='ocr_par' dir='ltr' id='par_1_78' title="bbox 2118 2022 2711 2078">
     <span class='ocr_line' id='line_1_78' title="bbox 2118 2022 2711 2078; baseline -0.003 0"><span class='ocrx_word' id='word_1_568' title='bbox 2118 2023 2381 2078; x_wconf 88' lang='lat' dir='ltr'><strong>redderet</strong></span> <span class='ocrx_word' id='word_1_569' title='bbox 2405 2028 2658 2077; x_wconf 88' lang='lat' dir='ltr'><strong>mortuos</strong></span> <span class='ocrx_word' id='word_1_570' title='bbox 2684 2022 2711 2077; x_wconf 87' lang='lat'><strong>?</strong></span> 
     </span>
    </p>
   </div>
   <div class='ocr_carea' id='block_1_79' title="bbox 2188 2111 3819 2186">
    <p class='ocr_par' dir='ltr' id='par_1_79' title="bbox 2188 2111 3819 2186">
     <span class='ocr_line' id='line_1_79' title="bbox 2188 2111 3819 2186; baseline 0.002 -19"><span class='ocrx_word' id='word_1_571' title='bbox 2188 2112 2289 2167; x_wconf 87' lang='lat' dir='ltr'><strong>III.</strong></span> <span class='ocrx_word' id='word_1_572' title='bbox 2351 2112 2423 2168; x_wconf 89' lang='lat' dir='ltr'><strong>Ut</strong></span> <span class='ocrx_word' id='word_1_573' title='bbox 2470 2111 2799 2167; x_wconf 83' lang='lat' dir='ltr'><strong>adversaria</strong></span> <span class='ocrx_word' id='word_1_574' title='bbox 2856 2115 3132 2182; x_wconf 87' lang='lat' dir='ltr'><strong>potestas,</strong></span> <span class='ocrx_word' id='word_1_575' title='bbox 3159 2112 3242 2168; x_wconf 88' lang='lat' dir='ltr'><strong>ita</strong></span> <span class='ocrx_word' id='word_1_576' title='bbox 3272 2116 3330 2169; x_wconf 92' lang='lat' dir='ltr'><strong>et</strong></span> <span class='ocrx_word' id='word_1_577' title='bbox 3386 2112 3578 2170; x_wconf 87' lang='lat' dir='ltr'><strong>divina</strong></span> <span class='ocrx_word' id='word_1_578' title='bbox 3628 2114 3819 2186; x_wconf 84' lang='lat' dir='ltr'><strong>gratia</strong></span> 
     </span>
    </p>
   </div>
   <div class='ocr_carea' id='block_1_80' title="bbox 2115 2200 3813 2266">
    <p class='ocr_par' dir='ltr' id='par_1_80' title="bbox 2115 2200 3813 2266">
     <span class='ocr_line' id='line_1_80' title="bbox 2115 2200 3813 2266; baseline 0.002 -9"><span class='ocrx_word' id='word_1_579' title='bbox 2115 2216 2221 2258; x_wconf 90' lang='lat' dir='ltr'><strong>ceu</strong></span> <span class='ocrx_word' id='word_1_580' title='bbox 2254 2200 2599 2266; x_wconf 86' lang='lat' dir='ltr'><strong>hortatoria,</strong></span> <span class='ocrx_word' id='word_1_581' title='bbox 2632 2217 2746 2257; x_wconf 92' lang='lat' dir='ltr'><strong>non</strong></span> <span class='ocrx_word' id='word_1_582' title='bbox 2800 2202 3213 2257; x_wconf 79' lang='lat' dir='ltr'><strong>necessitatem</strong></span> <span class='ocrx_word' id='word_1_583' title='bbox 3243 2201 3530 2259; x_wconf 89' lang='lat' dir='ltr'><strong>inducens</strong></span> <span class='ocrx_word' id='word_1_584' title='bbox 3559 2220 3689 2261; x_wconf 89' lang='lat' dir='ltr'><strong>esse</strong></span> <span class='ocrx_word' id='word_1_585' title='bbox 3717 2220 3813 2260; x_wconf 90' lang='lat' dir='ltr'><strong>os-</strong></span> 
     </span>
    </p>
   </div>
   <div class='ocr_carea' id='block_1_81' title="bbox 2114 2289 3813 2364">
    <p class='ocr_par' dir='ltr' id='par_1_81' title="bbox 2114 2289 3813 2364">
     <span class='ocr_line' id='line_1_81' title="bbox 2114 2289 3813 2364; baseline 0.002 -19"><span class='ocrx_word' id='word_1_586' title='bbox 2114 2291 2409 2349; x_wconf 84' lang='lat' dir='ltr'><strong>tenditur:</strong></span> <span class='ocrx_word' id='word_1_587' title='bbox 2460 2294 2523 2345; x_wconf 90' lang='lat' dir='ltr'><strong>ut</strong></span> <span class='ocrx_word' id='word_1_588' title='bbox 2582 2306 2712 2345; x_wconf 90' lang='lat' dir='ltr'><strong>vere</strong></span> <span class='ocrx_word' id='word_1_589' title='bbox 2752 2289 2922 2345; x_wconf 89' lang='lat' dir='ltr'><strong>nobis</strong></span> <span class='ocrx_word' id='word_1_590' title='bbox 2970 2290 3229 2357; x_wconf 87' lang='lat' dir='ltr'><strong>libertas,</strong></span> <span class='ocrx_word' id='word_1_591' title='bbox 3278 2295 3335 2346; x_wconf 92' lang='lat' dir='ltr'><strong>et</strong></span> <span class='ocrx_word' id='word_1_592' title='bbox 3383 2292 3559 2348; x_wconf 79' lang='lat' dir='ltr'><strong>nostri</strong></span> <span class='ocrx_word' id='word_1_593' title='bbox 3608 2298 3813 2364; x_wconf 90' lang='lat' dir='ltr'><strong>potens</strong></span> 
     </span>
    </p>
   </div>
   <div class='ocr_carea' id='block_1_82' title="bbox 2113 2379 3813 2454">
    <p class='ocr_par' dir='ltr' id='par_1_82' title="bbox 2113 2379 3813 2454">
     <span class='ocr_line' id='line_1_82' title="bbox 2113 2379 3813 2454; baseline 0.002 -18"><span class='ocrx_word' id='word_1_594' title='bbox 2113 2380 2412 2436; x_wconf 86' lang='lat' dir='ltr'><strong>arbitrium</strong></span> <span class='ocrx_word' id='word_1_595' title='bbox 2473 2388 2753 2437; x_wconf 82' lang='lat' dir='ltr'><strong>servetur.</strong></span> <span class='ocrx_word' id='word_1_596' title='bbox 2789 2379 2930 2435; x_wconf 91' lang='lat' dir='ltr'><strong>Inde</strong></span> <span class='ocrx_word' id='word_1_597' title='bbox 2974 2385 3084 2448; x_wconf 89' lang='lat' dir='ltr'><strong>est,</strong></span> <span class='ocrx_word' id='word_1_598' title='bbox 3118 2397 3222 2435; x_wconf 91' lang='lat' dir='ltr'><strong>cur</strong></span> <span class='ocrx_word' id='word_1_599' title='bbox 3274 2398 3496 2451; x_wconf 86' lang='lat' dir='ltr'><strong>eorum,</strong></span> <span class='ocrx_word' id='word_1_600' title='bbox 3528 2399 3657 2454; x_wconf 65' lang='lat' dir='ltr'><strong>quae</strong></span> <span class='ocrx_word' id='word_1_601' title='bbox 3712 2383 3813 2439; x_wconf 86' lang='lat' dir='ltr'><strong>ho-</strong></span> 
     </span>
    </p>
   </div>
   <div class='ocr_carea' id='block_1_83' title="bbox 2114 2470 3814 2541">
    <p class='ocr_par' dir='ltr' id='par_1_83' title="bbox 2114 2470 3814 2541">
     <span class='ocr_line' id='line_1_83' title="bbox 2114 2470 3814 2541; baseline 0.001 -15"><span class='ocrx_word' id='word_1_602' title='bbox 2114 2488 2209 2527; x_wconf 90' lang='lat' dir='ltr'><strong>mo</strong></span> <span class='ocrx_word' id='word_1_603' title='bbox 2248 2470 2528 2526; x_wconf 89' lang='lat' dir='ltr'><strong>inductus</strong></span> <span class='ocrx_word' id='word_1_604' title='bbox 2578 2487 2612 2525; x_wconf 92' lang='lat' dir='ltr'><strong>a</strong></span> <span class='ocrx_word' id='word_1_605' title='bbox 2659 2470 2873 2525; x_wconf 87' lang='lat' dir='ltr'><strong>Satana</strong></span> <span class='ocrx_word' id='word_1_606' title='bbox 2923 2470 3337 2541; x_wconf 87' lang='lat' dir='ltr'><strong>perpetraverit</strong></span> <span class='ocrx_word' id='word_1_607' title='bbox 3385 2471 3557 2540; x_wconf 86' lang='lat' dir='ltr'><strong>mala,</strong></span> <span class='ocrx_word' id='word_1_608' title='bbox 3613 2489 3728 2528; x_wconf 92' lang='lat' dir='ltr'><strong>non</strong></span> <span class='ocrx_word' id='word_1_609' title='bbox 3780 2490 3814 2529; x_wconf 87' lang='lat' dir='ltr'><strong>a</strong></span> 
     </span>
    </p>
   </div>
   <div class='ocr_carea' id='block_1_84' title="bbox 2110 2560 3813 2632">
    <p class='ocr_par' dir='ltr' id='par_1_84' title="bbox 2110 2560 3813 2632">
     <span class='ocr_line' id='line_1_84' title="bbox 2110 2560 3813 2632; baseline 0 -15"><span class='ocrx_word' id='word_1_610' title='bbox 2110 2563 2324 2618; x_wconf 85' lang='lat' dir='ltr'><strong>Satana</strong></span> <span class='ocrx_word' id='word_1_611' title='bbox 2373 2560 2567 2631; x_wconf 90' lang='lat' dir='ltr'><strong>potius</strong></span> <span class='ocrx_word' id='word_1_612' title='bbox 2625 2560 2933 2632; x_wconf 82' lang='lat' dir='ltr'><strong>exigantur</strong></span> <span class='ocrx_word' id='word_1_613' title='bbox 2990 2575 3193 2631; x_wconf 69' lang='lat' dir='ltr'><strong>pmnm,</strong></span> <span class='ocrx_word' id='word_1_614' title='bbox 3246 2577 3422 2631; x_wconf 90' lang='lat' dir='ltr'><strong>quam</strong></span> <span class='ocrx_word' id='word_1_615' title='bbox 3464 2562 3535 2617; x_wconf 88' lang='lat' dir='ltr'><strong>ab</strong></span> <span class='ocrx_word' id='word_1_616' title='bbox 3576 2561 3813 2618; x_wconf 87' lang='lat' dir='ltr'><strong>homine</strong></span> 
     </span>
    </p>
   </div>
   <div class='ocr_carea' id='block_1_85' title="bbox 2112 2650 3814 2723">
    <p class='ocr_par' dir='ltr' id='par_1_85' title="bbox 2112 2650 3814 2723">
     <span class='ocr_line' id='line_1_85' title="bbox 2112 2650 3814 2723; baseline 0.001 -16"><span class='ocrx_word' id='word_1_617' title='bbox 2112 2652 2278 2723; x_wconf 88' lang='lat' dir='ltr'><strong>ipso;</strong></span> <span class='ocrx_word' id='word_1_618' title='bbox 2339 2654 2541 2721; x_wconf 90' lang='lat' dir='ltr'><strong>utpote</strong></span> <span class='ocrx_word' id='word_1_619' title='bbox 2600 2650 2701 2721; x_wconf 90' lang='lat' dir='ltr'><strong>qui</strong></span> <span class='ocrx_word' id='word_1_620' title='bbox 2748 2666 2862 2705; x_wconf 91' lang='lat' dir='ltr'><strong>non</strong></span> <span class='ocrx_word' id='word_1_621' title='bbox 2921 2650 2973 2705; x_wconf 88' lang='lat' dir='ltr'><strong>vi</strong></span> <span class='ocrx_word' id='word_1_622' title='bbox 3022 2651 3284 2719; x_wconf 87' lang='lat' dir='ltr'><strong>adactus,</strong></span> <span class='ocrx_word' id='word_1_623' title='bbox 3317 2652 3415 2706; x_wconf 88' lang='lat' dir='ltr'><strong>sed</strong></span> <span class='ocrx_word' id='word_1_624' title='bbox 3453 2651 3679 2723; x_wconf 88' lang='lat' dir='ltr'><strong>propria</strong></span> <span class='ocrx_word' id='word_1_625' title='bbox 3718 2669 3814 2708; x_wconf 88' lang='lat' dir='ltr'><strong>vo-</strong></span> 
     </span>
    </p>
   </div>
   <div class='ocr_carea' id='block_1_86' title="bbox 2111 2739 3809 2813">
    <p class='ocr_par' dir='ltr' id='par_1_86' title="bbox 2111 2739 3809 2813">
     <span class='ocr_line' id='line_1_86' title="bbox 2111 2739 3809 2813; baseline 0 -16"><span class='ocrx_word' id='word_1_626' title='bbox 2111 2743 2332 2799; x_wconf 89' lang='lat' dir='ltr'><strong>luntate</strong></span> <span class='ocrx_word' id='word_1_627' title='bbox 2364 2757 2701 2813; x_wconf 86' lang='lat' dir='ltr'><strong>persuasus,</strong></span> <span class='ocrx_word' id='word_1_628' title='bbox 2735 2739 2971 2796; x_wconf 67' lang='lat' dir='ltr'><strong>malitiae</strong></span> <span class='ocrx_word' id='word_1_629' title='bbox 3018 2740 3356 2796; x_wconf 86' lang='lat' dir='ltr'><strong>assenserit.</strong></span> <span class='ocrx_word' id='word_1_630' title='bbox 3386 2741 3664 2797; x_wconf 84' lang='lat' dir='ltr'><strong>Similiter</strong></span> <span class='ocrx_word' id='word_1_631' title='bbox 3707 2758 3809 2797; x_wconf 84' lang='lat' dir='ltr'><strong>au-</strong></span> 
     </span>
    </p>
   </div>
   <div class='ocr_carea' id='block_1_87' title="bbox 2109 2830 3808 2900">
    <p class='ocr_par' dir='ltr' id='par_1_87' title="bbox 2109 2830 3808 2900">
     <span class='ocr_line' id='line_1_87' title="bbox 2109 2830 3808 2900; baseline -0.001 -11"><span class='ocrx_word' id='word_1_632' title='bbox 2109 2837 2225 2889; x_wconf 90' lang='lat' dir='ltr'><strong>tem</strong></span> <span class='ocrx_word' id='word_1_633' title='bbox 2281 2840 2336 2887; x_wconf 89' lang='lat' dir='ltr'><strong>et</strong></span> <span class='ocrx_word' id='word_1_634' title='bbox 2392 2832 2449 2886; x_wconf 92' lang='lat' dir='ltr'><strong>in</strong></span> <span class='ocrx_word' id='word_1_635' title='bbox 2501 2832 2674 2900; x_wconf 91' lang='lat' dir='ltr'><strong>bono,</strong></span> <span class='ocrx_word' id='word_1_636' title='bbox 2720 2847 2833 2887; x_wconf 91' lang='lat' dir='ltr'><strong>non</strong></span> <span class='ocrx_word' id='word_1_637' title='bbox 2875 2830 3115 2886; x_wconf 91' lang='lat' dir='ltr'><strong>ascribit</strong></span> <span class='ocrx_word' id='word_1_638' title='bbox 3171 2846 3513 2887; x_wconf 88' lang='lat' dir='ltr'><strong>successum</strong></span> <span class='ocrx_word' id='word_1_639' title='bbox 3538 2832 3675 2900; x_wconf 92' lang='lat' dir='ltr'><strong>sibi,</strong></span> <span class='ocrx_word' id='word_1_640' title='bbox 3706 2834 3808 2889; x_wconf 89' lang='lat' dir='ltr'><strong>sed</strong></span> 
     </span>
    </p>
   </div>
   <div class='ocr_carea' id='block_1_88' title="bbox 2111 2920 3808 2993">
    <p class='ocr_par' dir='ltr' id='par_1_88' title="bbox 2111 2920 3808 2993">
     <span class='ocr_line' id='line_1_88' title="bbox 2111 2920 3808 2993; baseline -0.001 -16"><span class='ocrx_word' id='word_1_641' title='bbox 2111 2921 2328 2977; x_wconf 85' lang='lat' dir='ltr'><strong>homini</strong></span> <span class='ocrx_word' id='word_1_642' title='bbox 2378 2920 2584 2993; x_wconf 88' lang='lat' dir='ltr'><strong>gratia,</strong></span> <span class='ocrx_word' id='word_1_643' title='bbox 2614 2924 2673 2974; x_wconf 88' lang='lat' dir='ltr'><strong>et</strong></span> <span class='ocrx_word' id='word_1_644' title='bbox 2719 2920 2769 2975; x_wconf 90' lang='lat' dir='ltr'><strong>ei</strong></span> <span class='ocrx_word' id='word_1_645' title='bbox 2820 2926 3055 2991; x_wconf 88' lang='lat' dir='ltr'><strong>propter</strong></span> <span class='ocrx_word' id='word_1_646' title='bbox 3099 2920 3207 2975; x_wconf 87' lang='lat' dir='ltr'><strong>hoc</strong></span> <span class='ocrx_word' id='word_1_647' title='bbox 3254 2920 3495 2991; x_wconf 77' lang='lat' dir='ltr'><strong>gloriam</strong></span> <span class='ocrx_word' id='word_1_648' title='bbox 3543 2922 3808 2993; x_wconf 86' lang='lat' dir='ltr'><strong>apponit,</strong></span> 
     </span>
    </p>
   </div>
   <div class='ocr_carea' id='block_1_89' title="bbox 2108 3008 3804 3083">
    <p class='ocr_par' dir='ltr' id='par_1_89' title="bbox 2108 3008 3804 3083">
     <span class='ocr_line' id='line_1_89' title="bbox 2108 3008 3804 3083; baseline 0.001 -18"><span class='ocrx_word' id='word_1_649' title='bbox 2108 3012 2381 3083; x_wconf 90' lang='lat' dir='ltr'><strong>quoniam</strong></span> <span class='ocrx_word' id='word_1_650' title='bbox 2415 3010 2541 3080; x_wconf 89' lang='lat' dir='ltr'><strong>ipse</strong></span> <span class='ocrx_word' id='word_1_651' title='bbox 2583 3008 2694 3063; x_wconf 91' lang='lat' dir='ltr'><strong>sibi</strong></span> <span class='ocrx_word' id='word_1_652' title='bbox 2747 3009 2879 3063; x_wconf 93' lang='lat' dir='ltr'><strong>boni</strong></span> <span class='ocrx_word' id='word_1_653' title='bbox 2938 3024 3114 3063; x_wconf 86' lang='lat' dir='ltr'><strong>causa</strong></span> <span class='ocrx_word' id='word_1_654' title='bbox 3169 3010 3361 3063; x_wconf 80' lang='lat' dir='ltr'><strong>fuerit.</strong></span> <span class='ocrx_word' id='word_1_655' title='bbox 3421 3010 3621 3081; x_wconf 89' lang='lat' dir='ltr'><strong>Neque</strong></span> <span class='ocrx_word' id='word_1_656' title='bbox 3649 3011 3804 3067; x_wconf 90' lang='lat' dir='ltr'><strong>enim</strong></span> 
     </span>
    </p>
   </div>
   <div class='ocr_carea' id='block_1_90' title="bbox 2106 3094 3804 3162">
    <p class='ocr_par' dir='ltr' id='par_1_90' title="bbox 2106 3094 3804 3162">
     <span class='ocr_line' id='line_1_90' title="bbox 2106 3094 3804 3162; baseline 0.001 -10"><span class='ocrx_word' id='word_1_657' title='bbox 2106 3098 2509 3152; x_wconf 71' lang='lat' dir='ltr'><strong>necessitatem</strong></span> <span class='ocrx_word' id='word_1_658' title='bbox 2541 3096 2855 3150; x_wconf 87' lang='lat' dir='ltr'><strong>inducente</strong></span> <span class='ocrx_word' id='word_1_659' title='bbox 2913 3094 2985 3162; x_wconf 82' lang='lat' dir='ltr'><strong>vi,</strong></span> <span class='ocrx_word' id='word_1_660' title='bbox 3020 3100 3084 3150; x_wconf 91' lang='lat' dir='ltr'><strong>ut</strong></span> <span class='ocrx_word' id='word_1_661' title='bbox 3142 3096 3363 3151; x_wconf 89' lang='lat' dir='ltr'><strong>dictum</strong></span> <span class='ocrx_word' id='word_1_662' title='bbox 3396 3100 3503 3157; x_wconf 86' lang='lat' dir='ltr'><strong>est.</strong></span> <span class='ocrx_word' id='word_1_663' title='bbox 3556 3100 3804 3153; x_wconf 86' lang='lat' dir='ltr'><strong>constri-</strong></span> 
     </span>
    </p>
   </div>
   <div class='ocr_carea' id='block_1_91' title="bbox 2105 3183 3801 3256">
    <p class='ocr_par' dir='ltr' id='par_1_91' title="bbox 2105 3183 3801 3256">
     <span class='ocr_line' id='line_1_91' title="bbox 2105 3183 3801 3256; baseline 0 -15"><span class='ocrx_word' id='word_1_664' title='bbox 2105 3191 2258 3241; x_wconf 84' lang='lat' dir='ltr'><strong>ctam</strong></span> <span class='ocrx_word' id='word_1_665' title='bbox 2318 3185 2506 3255; x_wconf 88' lang='lat' dir='ltr'><strong>ipsius</strong></span> <span class='ocrx_word' id='word_1_666' title='bbox 2553 3183 2913 3239; x_wconf 85' lang='lat' dir='ltr'><strong>voluntatem</strong></span> <span class='ocrx_word' id='word_1_667' title='bbox 2973 3184 3109 3237; x_wconf 85' lang='lat' dir='ltr'><strong>facit</strong></span> <span class='ocrx_word' id='word_1_668' title='bbox 3163 3183 3527 3238; x_wconf 87' lang='lat' dir='ltr'><strong>immobilem</strong></span> <span class='ocrx_word' id='word_1_669' title='bbox 3576 3186 3801 3256; x_wconf 85' lang='lat' dir='ltr'><strong>gratia;</strong></span> 
     </span>
    </p>
   </div>
   <div class='ocr_carea' id='block_1_92' title="bbox 2105 3271 3805 3343">
    <p class='ocr_par' dir='ltr' id='par_1_92' title="bbox 2105 3271 3805 3343">
     <span class='ocr_line' id='line_1_92' title="bbox 2105 3271 3805 3343; baseline -0.001 -12"><span class='ocrx_word' id='word_1_670' title='bbox 2105 3274 2437 3339; x_wconf 90' lang='lat' dir='ltr'><strong>sed,etiam</strong></span> <span class='ocrx_word' id='word_1_671' title='bbox 2474 3289 2607 3329; x_wconf 90' lang='lat' dir='ltr'><strong>cum</strong></span> <span class='ocrx_word' id='word_1_672' title='bbox 2661 3288 2917 3343; x_wconf 65' lang='lat' dir='ltr'><strong>prasens</strong></span> <span class='ocrx_word' id='word_1_673' title='bbox 2983 3273 3168 3340; x_wconf 86' lang='lat' dir='ltr'><strong>adest,</strong></span> <span class='ocrx_word' id='word_1_674' title='bbox 3211 3271 3389 3327; x_wconf 90' lang='lat' dir='ltr'><strong>libero</strong></span> <span class='ocrx_word' id='word_1_675' title='bbox 3438 3272 3590 3329; x_wconf 89' lang='lat' dir='ltr'><strong>cedit</strong></span> <span class='ocrx_word' id='word_1_676' title='bbox 3645 3274 3805 3329; x_wconf 89' lang='lat' dir='ltr'><strong>arbi-</strong></span> 
     </span>
    </p>
   </div>
   <div class='ocr_carea' id='block_1_93' title="bbox 2104 3361 3802 3434">
    <p class='ocr_par' dir='ltr' id='par_1_93' title="bbox 2104 3361 3802 3434">
     <span class='ocr_line' id='line_1_93' title="bbox 2104 3361 3802 3434; baseline 0.001 -16"><span class='ocrx_word' id='word_1_677' title='bbox 2104 3363 2247 3430; x_wconf 91' lang='lat' dir='ltr'><strong>tiro;</strong></span> <span class='ocrx_word' id='word_1_678' title='bbox 2292 3368 2355 3418; x_wconf 93' lang='lat' dir='ltr'><strong>ut</strong></span> <span class='ocrx_word' id='word_1_679' title='bbox 2400 3363 2826 3428; x_wconf 80' lang='lat' dir='ltr'><strong>manifestatur,</strong></span> <span class='ocrx_word' id='word_1_680' title='bbox 2876 3377 3145 3433; x_wconf 70' lang='lat' dir='ltr'><strong>quasnam</strong></span> <span class='ocrx_word' id='word_1_681' title='bbox 3192 3361 3265 3416; x_wconf 86' lang='lat' dir='ltr'><strong>sit</strong></span> <span class='ocrx_word' id='word_1_682' title='bbox 3323 3362 3453 3433; x_wconf 87' lang='lat' dir='ltr'><strong>ejus</strong></span> <span class='ocrx_word' id='word_1_683' title='bbox 3494 3362 3802 3434; x_wconf 74' lang='lat' dir='ltr'><strong>voluntas;</strong></span> 
     </span>
    </p>
   </div>
   <div class='ocr_carea' id='block_1_94' title="bbox 2105 3451 3806 3523">
    <p class='ocr_par' dir='ltr' id='par_1_94' title="bbox 2105 3451 3806 3523">
     <span class='ocr_line' id='line_1_94' title="bbox 2105 3451 3806 3523; baseline 0.002 -17"><span class='ocrx_word' id='word_1_684' title='bbox 2105 3452 2185 3506; x_wconf 92' lang='lat' dir='ltr'><strong>uti</strong></span> <span class='ocrx_word' id='word_1_685' title='bbox 2227 3468 2289 3508; x_wconf 91' lang='lat' dir='ltr'><strong>se</strong></span> <span class='ocrx_word' id='word_1_686' title='bbox 2345 3452 2554 3507; x_wconf 86' lang='lat' dir='ltr'><strong>habeat</strong></span> <span class='ocrx_word' id='word_1_687' title='bbox 2609 3467 2746 3523; x_wconf 87' lang='lat' dir='ltr'><strong>erga</strong></span> <span class='ocrx_word' id='word_1_688' title='bbox 2793 3452 3070 3506; x_wconf 87' lang='lat' dir='ltr'><strong>virtutem</strong></span> <span class='ocrx_word' id='word_1_689' title='bbox 3127 3454 3184 3506; x_wconf 92' lang='lat' dir='ltr'><strong>et</strong></span> <span class='ocrx_word' id='word_1_690' title='bbox 3241 3451 3550 3509; x_wconf 89' lang='lat' dir='ltr'><strong>malitiam.</strong></span> <span class='ocrx_word' id='word_1_691' title='bbox 3612 3453 3806 3512; x_wconf 83' lang='lat' dir='ltr'><strong>Posita</strong></span> 
     </span>
    </p>
   </div>
   <div class='ocr_carea' id='block_1_95' title="bbox 2103 3541 3806 3614">
    <p class='ocr_par' dir='ltr' id='par_1_95' title="bbox 2103 3541 3806 3614">
     <span class='ocr_line' id='line_1_95' title="bbox 2103 3541 3806 3614; baseline 0.002 -18"><span class='ocrx_word' id='word_1_692' title='bbox 2103 3542 2321 3614; x_wconf 90' lang='lat' dir='ltr'><strong>quippe</strong></span> <span class='ocrx_word' id='word_1_693' title='bbox 2347 3541 2437 3597; x_wconf 79' lang='lat' dir='ltr'><strong>lex</strong></span> <span class='ocrx_word' id='word_1_694' title='bbox 2479 3547 2587 3611; x_wconf 90' lang='lat' dir='ltr'><strong>est,</strong></span> <span class='ocrx_word' id='word_1_695' title='bbox 2641 3558 2754 3597; x_wconf 92' lang='lat' dir='ltr'><strong>non</strong></span> <span class='ocrx_word' id='word_1_696' title='bbox 2788 3550 3028 3609; x_wconf 67' lang='lat' dir='ltr'><strong>naturas,</strong></span> <span class='ocrx_word' id='word_1_697' title='bbox 3078 3541 3179 3597; x_wconf 89' lang='lat' dir='ltr'><strong>sed</strong></span> <span class='ocrx_word' id='word_1_698' title='bbox 3214 3542 3307 3597; x_wconf 91' lang='lat' dir='ltr'><strong>sui</strong></span> <span class='ocrx_word' id='word_1_699' title='bbox 3357 3544 3605 3613; x_wconf 86' lang='lat' dir='ltr'><strong>compoti</strong></span> <span class='ocrx_word' id='word_1_700' title='bbox 3645 3545 3806 3601; x_wconf 88' lang='lat' dir='ltr'><strong>arbi-</strong></span> 
     </span>
    </p>
   </div>
   <div class='ocr_carea' id='block_1_96' title="bbox 2101 3629 3799 3705">
    <p class='ocr_par' dir='ltr' id='par_1_96' title="bbox 2101 3629 3799 3705">
     <span class='ocr_line' id='line_1_96' title="bbox 2101 3629 3799 3705; baseline 0.001 -16"><span class='ocrx_word' id='word_1_701' title='bbox 2101 3632 2236 3701; x_wconf 89' lang='lat' dir='ltr'><strong>trio,</strong></span> <span class='ocrx_word' id='word_1_702' title='bbox 2292 3631 2591 3687; x_wconf 86' lang='lat' dir='ltr'><strong>electionis</strong></span> <span class='ocrx_word' id='word_1_703' title='bbox 2660 3629 2722 3686; x_wconf 89' lang='lat' dir='ltr'><strong>in</strong></span> <span class='ocrx_word' id='word_1_704' title='bbox 2771 3630 3119 3687; x_wconf 90' lang='lat' dir='ltr'><strong>alterutrum</strong></span> <span class='ocrx_word' id='word_1_705' title='bbox 3151 3630 3405 3700; x_wconf 90' lang='lat' dir='ltr'><strong>domino,</strong></span> <span class='ocrx_word' id='word_1_706' title='bbox 3459 3648 3671 3705; x_wconf 88' lang='lat' dir='ltr'><strong>nempe</strong></span> <span class='ocrx_word' id='word_1_707' title='bbox 3729 3636 3799 3690; x_wconf 84' lang='lat' dir='ltr'><strong>ad</strong></span> 
     </span>
    </p>
   </div>
   <div class='ocr_carea' id='block_1_97' title="bbox 2101 3719 2676 3777">
    <p class='ocr_par' dir='ltr' id='par_1_97' title="bbox 2101 3719 2676 3777">
     <span class='ocr_line' id='line_1_97' title="bbox 2101 3719 2676 3777; baseline 0 0"><span class='ocrx_word' id='word_1_708' title='bbox 2101 3721 2323 3777; x_wconf 92' lang='lat' dir='ltr'><strong>bonum</strong></span> <span class='ocrx_word' id='word_1_709' title='bbox 2354 3729 2408 3776; x_wconf 90' lang='lat' dir='ltr'><strong>et</strong></span> <span class='ocrx_word' id='word_1_710' title='bbox 2438 3719 2676 3777; x_wconf 89' lang='lat' dir='ltr'><strong>malum.</strong></span> 
     </span>
    </p>
   </div>
   <div class='ocr_carea' id='block_1_98' title="bbox 2176 3809 3804 3882">
    <p class='ocr_par' dir='ltr' id='par_1_98' title="bbox 2176 3809 3804 3882">
     <span class='ocr_line' id='line_1_98' title="bbox 2176 3809 3804 3882; baseline 0 -14"><span class='ocrx_word' id='word_1_711' title='bbox 2176 3811 2270 3868; x_wconf 92' lang='lat' dir='ltr'><strong>IV.</strong></span> <span class='ocrx_word' id='word_1_712' title='bbox 2294 3811 2591 3867; x_wconf 85' lang='lat' dir='ltr'><strong>Custodire</strong></span> <span class='ocrx_word' id='word_1_713' title='bbox 2624 3812 2849 3878; x_wconf 89' lang='lat' dir='ltr'><strong>oportet</strong></span> <span class='ocrx_word' id='word_1_714' title='bbox 2879 3809 3163 3878; x_wconf 87' lang='lat' dir='ltr'><strong>animam,</strong></span> <span class='ocrx_word' id='word_1_715' title='bbox 3214 3826 3462 3882; x_wconf 89' lang='lat' dir='ltr'><strong>eamque</strong></span> <span class='ocrx_word' id='word_1_716' title='bbox 3493 3828 3527 3867; x_wconf 90' lang='lat' dir='ltr'><strong>a</strong></span> <span class='ocrx_word' id='word_1_717' title='bbox 3555 3828 3804 3871; x_wconf 80' lang='lat' dir='ltr'><strong>conver-</strong></span> 
     </span>
    </p>
   </div>
   <div class='ocr_carea' id='block_1_99' title="bbox 2102 3898 3804 3971">
    <p class='ocr_par' dir='ltr' id='par_1_99' title="bbox 2102 3898 3804 3971">
     <span class='ocr_line' id='line_1_99' title="bbox 2102 3898 3804 3971; baseline -0.001 -12"><span class='ocrx_word' id='word_1_718' title='bbox 2102 3902 2324 3959; x_wconf 82' lang='lat' dir='ltr'><strong>satione</strong></span> <span class='ocrx_word' id='word_1_719' title='bbox 2356 3901 2509 3956; x_wconf 73' lang='lat'><strong>210</strong></span> <span class='ocrx_word' id='word_1_720' title='bbox 2559 3914 2751 3953; x_wconf 91' lang='lat' dir='ltr'><strong>arcere</strong></span> <span class='ocrx_word' id='word_1_721' title='bbox 2810 3898 3189 3968; x_wconf 84' lang='lat' dir='ltr'><strong>profanarum</strong></span> <span class='ocrx_word' id='word_1_722' title='bbox 3249 3900 3659 3971; x_wconf 84' lang='lat' dir='ltr'><strong>malarumque</strong></span> <span class='ocrx_word' id='word_1_723' title='bbox 3715 3918 3804 3958; x_wconf 85' lang='lat' dir='ltr'><strong>co-</strong></span> 
     </span>
    </p>
   </div>
   <div class='ocr_carea' id='block_1_100' title="bbox 2099 3986 3800 4061">
    <p class='ocr_par' dir='ltr' id='par_1_100' title="bbox 2099 3986 3800 4061">
     <span class='ocr_line' id='line_1_100' title="bbox 2099 3986 3800 4061; baseline 0.002 -19"><span class='ocrx_word' id='word_1_724' title='bbox 2099 3989 2471 4061; x_wconf 88' lang='lat' dir='ltr'><strong>gitationum.</strong></span> <span class='ocrx_word' id='word_1_725' title='bbox 2516 3986 2588 4041; x_wconf 87' lang='lat' dir='ltr'><strong>Ut</strong></span> <span class='ocrx_word' id='word_1_726' title='bbox 2616 3986 2771 4041; x_wconf 90' lang='lat' dir='ltr'><strong>enim</strong></span> <span class='ocrx_word' id='word_1_727' title='bbox 2803 4002 3014 4058; x_wconf 89' lang='lat' dir='ltr'><strong>corpus</strong></span> <span class='ocrx_word' id='word_1_728' title='bbox 3061 4002 3195 4041; x_wconf 89' lang='lat' dir='ltr'><strong>cum</strong></span> <span class='ocrx_word' id='word_1_729' title='bbox 3226 4002 3467 4058; x_wconf 86' lang='lat' dir='ltr'><strong>corpore</strong></span> <span class='ocrx_word' id='word_1_730' title='bbox 3499 3989 3696 4044; x_wconf 89' lang='lat' dir='ltr'><strong>coiens</strong></span> <span class='ocrx_word' id='word_1_731' title='bbox 3726 3990 3800 4045; x_wconf 90' lang='lat' dir='ltr'><strong>ad</strong></span> 
     </span>
    </p>
   </div>
   <div class='ocr_carea' id='block_1_101' title="bbox 2098 4074 3802 4148">
    <p class='ocr_par' dir='ltr' id='par_1_101' title="bbox 2098 4074 3802 4148">
     <span class='ocr_line' id='line_1_101' title="bbox 2098 4074 3802 4148; baseline -0.001 -14"><span class='ocrx_word' id='word_1_732' title='bbox 2098 4076 2534 4134; x_wconf 89' lang='lat' dir='ltr'><strong>immunditiam</strong></span> <span class='ocrx_word' id='word_1_733' title='bbox 2584 4074 2898 4146; x_wconf 86' lang='lat' dir='ltr'><strong>polluitur;</strong></span> <span class='ocrx_word' id='word_1_734' title='bbox 2937 4075 3021 4131; x_wconf 91' lang='lat' dir='ltr'><strong>sic</strong></span> <span class='ocrx_word' id='word_1_735' title='bbox 3060 4079 3118 4131; x_wconf 90' lang='lat' dir='ltr'><strong>et</strong></span> <span class='ocrx_word' id='word_1_736' title='bbox 3164 4076 3360 4131; x_wconf 86' lang='lat' dir='ltr'><strong>anima</strong></span> <span class='ocrx_word' id='word_1_737' title='bbox 3406 4077 3802 4148; x_wconf 89' lang='lat' dir='ltr'><strong>corrumpitur</strong></span> 
     </span>
    </p>
   </div>
   <div class='ocr_carea' id='block_1_102' title="bbox 2098 4164 3799 4236">
    <p class='ocr_par' dir='ltr' id='par_1_102' title="bbox 2098 4164 3799 4236">
     <span class='ocr_line' id='line_1_102' title="bbox 2098 4164 3799 4236; baseline 0 -14"><span class='ocrx_word' id='word_1_738' title='bbox 2098 4164 2269 4222; x_wconf 89' lang='lat' dir='ltr'><strong>malis</strong></span> <span class='ocrx_word' id='word_1_739' title='bbox 2307 4172 2361 4220; x_wconf 90' lang='lat' dir='ltr'><strong>et</strong></span> <span class='ocrx_word' id='word_1_740' title='bbox 2419 4165 2670 4220; x_wconf 81' lang='lat' dir='ltr'><strong>sordidis</strong></span> <span class='ocrx_word' id='word_1_741' title='bbox 2728 4164 2998 4235; x_wconf 90' lang='lat' dir='ltr'><strong>copulata</strong></span> <span class='ocrx_word' id='word_1_742' title='bbox 3041 4164 3510 4236; x_wconf 85' lang='lat' dir='ltr'><strong>cogitationibus,</strong></span> <span class='ocrx_word' id='word_1_743' title='bbox 3564 4182 3799 4224; x_wconf 88' lang='lat' dir='ltr'><strong>concor-</strong></span> 
     </span>
    </p>
   </div>
   <div class='ocr_carea' id='block_1_103' title="bbox 2097 4254 3801 4329">
    <p class='ocr_par' dir='ltr' id='par_1_103' title="bbox 2097 4254 3801 4329">
     <span class='ocr_line' id='line_1_103' title="bbox 2097 4254 3801 4329; baseline 0.002 -19"><span class='ocrx_word' id='word_1_744' title='bbox 2097 4256 2362 4329; x_wconf 87' lang='lat' dir='ltr'><strong>dansque</strong></span> <span class='ocrx_word' id='word_1_745' title='bbox 2407 4259 2463 4311; x_wconf 89' lang='lat' dir='ltr'><strong>et</strong></span> <span class='ocrx_word' id='word_1_746' title='bbox 2497 4256 2822 4311; x_wconf 80' lang='lat' dir='ltr'><strong>assentiens</strong></span> <span class='ocrx_word' id='word_1_747' title='bbox 2855 4271 2869 4311; x_wconf 90' lang='lat'><strong>:</strong></span> <span class='ocrx_word' id='word_1_748' title='bbox 2900 4272 3003 4311; x_wconf 89' lang='lat' dir='ltr'><strong>nec</strong></span> <span class='ocrx_word' id='word_1_749' title='bbox 3050 4254 3125 4310; x_wconf 89' lang='lat' dir='ltr'><strong>iis</strong></span> <span class='ocrx_word' id='word_1_750' title='bbox 3155 4254 3343 4311; x_wconf 90' lang='lat' dir='ltr'><strong>solum</strong></span> <span class='ocrx_word' id='word_1_751' title='bbox 3396 4272 3523 4326; x_wconf 71' lang='lat' dir='ltr'><strong>qua</strong></span> <span class='ocrx_word' id='word_1_752' title='bbox 3571 4256 3642 4311; x_wconf 88' lang='lat' dir='ltr'><strong>ad</strong></span> <span class='ocrx_word' id='word_1_753' title='bbox 3689 4271 3801 4313; x_wconf 84' lang='lat' dir='ltr'><strong>ne-</strong></span> 
     </span>
    </p>
   </div>
   <div class='ocr_carea' id='block_1_104' title="bbox 2097 4345 3797 4417">
    <p class='ocr_par' dir='ltr' id='par_1_104' title="bbox 2097 4345 3797 4417">
     <span class='ocr_line' id='line_1_104' title="bbox 2097 4345 3797 4417; baseline 0.003 -17"><span class='ocrx_word' id='word_1_754' title='bbox 2097 4346 2345 4417; x_wconf 91' lang='lat' dir='ltr'><strong>quitiam</strong></span> <span class='ocrx_word' id='word_1_755' title='bbox 2421 4350 2479 4402; x_wconf 91' lang='lat' dir='ltr'><strong>et</strong></span> <span class='ocrx_word' id='word_1_756' title='bbox 2541 4345 2963 4415; x_wconf 85' lang='lat' dir='ltr'><strong>impuritatem,</strong></span> <span class='ocrx_word' id='word_1_757' title='bbox 3040 4345 3141 4401; x_wconf 91' lang='lat' dir='ltr'><strong>sed</strong></span> <span class='ocrx_word' id='word_1_758' title='bbox 3205 4349 3262 4401; x_wconf 90' lang='lat' dir='ltr'><strong>et</strong></span> <span class='ocrx_word' id='word_1_759' title='bbox 3325 4345 3445 4401; x_wconf 85' lang='lat' dir='ltr'><strong>illis</strong></span> <span class='ocrx_word' id='word_1_760' title='bbox 3511 4362 3641 4417; x_wconf 69' lang='lat' dir='ltr'><strong>quis</strong></span> <span class='ocrx_word' id='word_1_761' title='bbox 3723 4349 3797 4406; x_wconf 84' lang='lat' dir='ltr'><strong>ad</strong></span> 
     </span>
    </p>
   </div>
   <div class='ocr_carea' id='block_1_105' title="bbox 2097 4436 3794 4508">
    <p class='ocr_par' dir='ltr' id='par_1_105' title="bbox 2097 4436 3794 4508">
     <span class='ocr_line' id='line_1_105' title="bbox 2097 4436 3794 4508; baseline 0.002 -17"><span class='ocrx_word' id='word_1_762' title='bbox 2097 4438 2342 4507; x_wconf 88' lang='lat' dir='ltr'><strong>quodvis</strong></span> <span class='ocrx_word' id='word_1_763' title='bbox 2385 4437 2620 4492; x_wconf 64' lang='lat' dir='ltr'><strong>malitia</strong></span> <span class='ocrx_word' id='word_1_764' title='bbox 2675 4436 2987 4508; x_wconf 89' lang='lat' dir='ltr'><strong>impellunt</strong></span> <span class='ocrx_word' id='word_1_765' title='bbox 3014 4452 3246 4508; x_wconf 88' lang='lat' dir='ltr'><strong>genus:</strong></span> <span class='ocrx_word' id='word_1_766' title='bbox 3305 4437 3482 4500; x_wconf 86' lang='lat' dir='ltr'><strong>velut,</strong></span> <span class='ocrx_word' id='word_1_767' title='bbox 3540 4436 3794 4494; x_wconf 80' lang='lat' dir='ltr'><strong>infideli-</strong></span> 
     </span>
    </p>
   </div>
   <div class='ocr_carea' id='block_1_106' title="bbox 2094 4526 3796 4598">
    <p class='ocr_par' dir='ltr' id='par_1_106' title="bbox 2094 4526 3796 4598">
     <span class='ocr_line' id='line_1_106' title="bbox 2094 4526 3796 4598; baseline 0.002 -18"><span class='ocrx_word' id='word_1_768' title='bbox 2094 4528 2249 4594; x_wconf 87' lang='lat' dir='ltr'><strong>tatis,</strong></span> <span class='ocrx_word' id='word_1_769' title='bbox 2299 4526 2435 4595; x_wconf 90' lang='lat' dir='ltr'><strong>doli,</strong></span> <span class='ocrx_word' id='word_1_770' title='bbox 2492 4544 2650 4583; x_wconf 72' lang='lat' dir='ltr'><strong>vanas</strong></span> <span class='ocrx_word' id='word_1_771' title='bbox 2726 4527 2942 4598; x_wconf 63' lang='lat' dir='ltr'><strong>gloria,</strong></span> <span class='ocrx_word' id='word_1_772' title='bbox 3004 4528 3122 4597; x_wconf 63' lang='lat' dir='ltr'><strong>ira,</strong></span> <span class='ocrx_word' id='word_1_773' title='bbox 3183 4526 3436 4594; x_wconf 72' lang='lat' dir='ltr'><strong>invidiae,</strong></span> <span class='ocrx_word' id='word_1_774' title='bbox 3497 4528 3654 4586; x_wconf 72' lang='lat' dir='ltr'><strong>rixaa.</strong></span> <span class='ocrx_word' id='word_1_775' title='bbox 3730 4528 3796 4584; x_wconf 86' lang='lat' dir='ltr'><strong>Et</strong></span> 
     </span>
    </p>
   </div>
   <div class='ocr_carea' id='block_1_107' title="bbox 2100 4615 3790 4687">
    <p class='ocr_par' dir='ltr' id='par_1_107' title="bbox 2100 4615 3790 4687">
     <span class='ocr_line' id='line_1_107' title="bbox 2100 4615 3790 4687; baseline 0.002 -17"><span class='ocrx_word' id='word_1_776' title='bbox 2100 4615 2204 4671; x_wconf 88' lang='lat' dir='ltr'><strong>hoc</strong></span> <span class='ocrx_word' id='word_1_777' title='bbox 2233 4620 2366 4672; x_wconf 88' lang='lat' dir='ltr'><strong>est:</strong></span> <span class='ocrx_word' id='word_1_778' title='bbox 2418 4616 2683 4671; x_wconf 81' lang='lat' dir='ltr'><strong>Mundare</strong></span> <span class='ocrx_word' id='word_1_779' title='bbox 2736 4632 2833 4671; x_wconf 79' lang='lat' dir='ltr'><strong>nos</strong></span> <span class='ocrx_word' id='word_1_780' title='bbox 2885 4616 3026 4685; x_wconf 71' lang='lat' dir='ltr'><strong>ipso:</strong></span> <span class='ocrx_word' id='word_1_781' title='bbox 3056 4618 3123 4670; x_wconf 86' lang='lat' dir='ltr'><strong>ab</strong></span> <span class='ocrx_word' id='word_1_782' title='bbox 3172 4618 3323 4671; x_wconf 82' lang='lat' dir='ltr'><strong>omni</strong></span> <span class='ocrx_word' id='word_1_783' title='bbox 3368 4618 3790 4687; x_wconf 78' lang='lat' dir='ltr'><strong>inquinamento</strong></span> 
     </span>
    </p>
   </div>
   <div class='ocr_carea' id='block_1_108' title="bbox 2093 4703 3795 4776">
    <p class='ocr_par' dir='ltr' id='par_1_108' title="bbox 2093 4703 3795 4776">
     <span class='ocr_line' id='line_1_108' title="bbox 2093 4703 3795 4776; baseline 0.002 -16"><span class='ocrx_word' id='word_1_784' title='bbox 2093 4707 2275 4760; x_wconf 78' lang='lat' dir='ltr'><strong>carnis</strong></span> <span class='ocrx_word' id='word_1_785' title='bbox 2332 4708 2381 4760; x_wconf 87' lang='lat' dir='ltr'><strong>et</strong></span> <span class='ocrx_word' id='word_1_786' title='bbox 2444 4706 2676 4775; x_wconf 70' lang='lat' dir='ltr'><strong>spiritus</strong></span> <span class='ocrx_word' id='word_1_787' title='bbox 2733 4704 2797 4759; x_wconf 80' lang='grc'><strong>⁸³.</strong></span> <span class='ocrx_word' id='word_1_788' title='bbox 2864 4704 3003 4759; x_wconf 85' lang='grc' dir='ltr'>Εεεε</span> <span class='ocrx_word' id='word_1_789' title='bbox 3055 4703 3213 4758; x_wconf 87' lang='lat' dir='ltr'><strong>enim</strong></span> <span class='ocrx_word' id='word_1_790' title='bbox 3262 4704 3577 4774; x_wconf 87' lang='lat' dir='ltr'><strong>quamdam</strong></span> <span class='ocrx_word' id='word_1_791' title='bbox 3654 4711 3795 4776; x_wconf 82' lang='lat' dir='ltr'><strong>puta</strong></span> 
     </span>
    </p>
   </div>
   <div class='ocr_carea' id='block_1_109' title="bbox 2090 4795 3795 4869">
    <p class='ocr_par' dir='ltr' id='par_1_109' title="bbox 2090 4795 3795 4869">
     <span class='ocr_line' id='line_1_109' title="bbox 2090 4795 3795 4869; baseline 0.001 -16"><span class='ocrx_word' id='word_1_792' title='bbox 2090 4800 2147 4853; x_wconf 89' lang='lat' dir='ltr'><strong>et</strong></span> <span class='ocrx_word' id='word_1_793' title='bbox 2184 4798 2616 4869; x_wconf 89' lang='lat' dir='ltr'><strong>corruptionem</strong></span> <span class='ocrx_word' id='word_1_794' title='bbox 2676 4801 2733 4853; x_wconf 88' lang='lat' dir='ltr'><strong>et</strong></span> <span class='ocrx_word' id='word_1_795' title='bbox 2777 4796 3216 4853; x_wconf 84' lang='lat' dir='ltr'><strong>fornicationem</strong></span> <span class='ocrx_word' id='word_1_796' title='bbox 3276 4795 3336 4850; x_wconf 91' lang='lat' dir='ltr'><strong>in</strong></span> <span class='ocrx_word' id='word_1_797' title='bbox 3380 4795 3606 4853; x_wconf 87' lang='lat' dir='ltr'><strong>occulto</strong></span> <span class='ocrx_word' id='word_1_798' title='bbox 3666 4799 3795 4854; x_wconf 90' lang='lat' dir='ltr'><strong>ani-</strong></span> 
     </span>
    </p>
   </div>
   <div class='ocr_carea' id='block_1_110' title="bbox 2092 4885 3803 4958">
    <p class='ocr_par' dir='ltr' id='par_1_110' title="bbox 2092 4885 3803 4958">
     <span class='ocr_line' id='line_1_110' title="bbox 2092 4885 3803 4958; baseline 0.004 -18"><span class='ocrx_word' id='word_1_799' title='bbox 2092 4902 2200 4941; x_wconf 70' lang='lat' dir='ltr'><strong>ma:</strong></span> <span class='ocrx_word' id='word_1_800' title='bbox 2230 4887 2302 4941; x_wconf 88' lang='lat' dir='ltr'><strong>ab</strong></span> <span class='ocrx_word' id='word_1_801' title='bbox 2361 4887 2609 4958; x_wconf 86' lang='lat' dir='ltr'><strong>impuris</strong></span> <span class='ocrx_word' id='word_1_802' title='bbox 2640 4885 2757 4942; x_wconf 89' lang='lat' dir='ltr'><strong>illis</strong></span> <span class='ocrx_word' id='word_1_803' title='bbox 2805 4885 3253 4957; x_wconf 86' lang='lat' dir='ltr'><strong>cogitationibus</strong></span> <span class='ocrx_word' id='word_1_804' title='bbox 3284 4890 3707 4957; x_wconf 74' lang='lat' dir='ltr'><strong>perpetratum;</strong></span> <span class='ocrx_word' id='word_1_805' title='bbox 3739 4897 3803 4946; x_wconf 87' lang='lat' dir='ltr'><strong>et</strong></span> 
     </span>
    </p>
   </div>
   <div class='ocr_carea' id='block_1_111' title="bbox 2088 4974 3795 5049">
    <p class='ocr_par' dir='ltr' id='par_1_111' title="bbox 2088 4974 3795 5049">
     <span class='ocr_line' id='line_1_111' title="bbox 2088 4974 3795 5049; baseline 0.003 -18"><span class='ocrx_word' id='word_1_806' title='bbox 2088 4976 2585 5048; x_wconf 84' lang='lat' dir='ltr'><strong>quemadmodum</strong></span> <span class='ocrx_word' id='word_1_807' title='bbox 2621 4993 2635 5033; x_wconf 92' lang='lat'><strong>:</strong></span> <span class='ocrx_word' id='word_1_808' title='bbox 2669 4977 2774 5046; x_wconf 83' lang='lat' dir='ltr'><strong>Qui</strong></span> <span class='ocrx_word' id='word_1_809' title='bbox 2802 4975 3071 5045; x_wconf 81' lang='lat' dir='ltr'><strong>templum</strong></span> <span class='ocrx_word' id='word_1_810' title='bbox 3100 4976 3197 5032; x_wconf 81' lang='lat' dir='ltr'><strong>Dei</strong></span> <span class='ocrx_word' id='word_1_811' title='bbox 3232 4974 3529 5033; x_wconf 78' lang='lat' dir='ltr'><strong>violaverit</strong></span> <span class='ocrx_word' id='word_1_812' title='bbox 3583 4978 3603 5049; x_wconf 92' lang='lat'><strong>(</strong></span> <span class='ocrx_word' id='word_1_813' title='bbox 3624 4978 3795 5049; x_wconf 78' lang='lat' dir='ltr'><strong>juxta</strong></span> 
     </span>
    </p>
   </div>
   <div class='ocr_carea' id='block_1_112' title="bbox 2089 5065 3791 5142">
    <p class='ocr_par' dir='ltr' id='par_1_112' title="bbox 2089 5065 3791 5142">
     <span class='ocr_line' id='line_1_112' title="bbox 2089 5065 3791 5142; baseline 0.003 -21"><span class='ocrx_word' id='word_1_814' title='bbox 2089 5083 2365 5136; x_wconf 85' lang='lat' dir='ltr'><strong>magnum</strong></span> <span class='ocrx_word' id='word_1_815' title='bbox 2400 5066 2739 5139; x_wconf 80' lang='lat' dir='ltr'><strong>Apostolum</strong></span> <span class='ocrx_word' id='word_1_816' title='bbox 2770 5066 2792 5138; x_wconf 93' lang='lat'>)</span> <span class='ocrx_word' id='word_1_817' title='bbox 2820 5065 3091 5137; x_wconf 67' lang='lat' dir='ltr'><strong>disperde!</strong></span> <span class='ocrx_word' id='word_1_818' title='bbox 3148 5067 3311 5123; x_wconf 79' lang='lat' dir='ltr'><strong>illum</strong></span> <span class='ocrx_word' id='word_1_819' title='bbox 3341 5067 3478 5123; x_wconf 84' lang='lat' dir='ltr'><strong>Deus</strong></span> <span class='ocrx_word' id='word_1_820' title='bbox 3505 5066 3584 5135; x_wconf 68' lang='lat'><strong>8’;</strong></span> <span class='ocrx_word' id='word_1_821' title='bbox 3636 5069 3791 5142; x_wconf 88' lang='lat' dir='ltr'><strong>quod</strong></span> 
     </span>
    </p>
   </div>
   <div class='ocr_carea' id='block_1_113' title="bbox 2086 5155 3793 5229">
    <p class='ocr_par' dir='ltr' id='par_1_113' title="bbox 2086 5155 3793 5229">
     <span class='ocr_line' id='line_1_113' title="bbox 2086 5155 3793 5229; baseline 0.001 -17"><span class='ocrx_word' id='word_1_822' title='bbox 2086 5156 2188 5212; x_wconf 89' lang='lat' dir='ltr'><strong>Dei</strong></span> <span class='ocrx_word' id='word_1_823' title='bbox 2230 5155 2509 5226; x_wconf 87' lang='lat' dir='ltr'><strong>templum</strong></span> <span class='ocrx_word' id='word_1_824' title='bbox 2560 5172 2766 5226; x_wconf 86' lang='lat' dir='ltr'><strong>corpus</strong></span> <span class='ocrx_word' id='word_1_825' title='bbox 2819 5160 2947 5223; x_wconf 86' lang='lat' dir='ltr'><strong>est;</strong></span> <span class='ocrx_word' id='word_1_826' title='bbox 2990 5156 3074 5212; x_wconf 90' lang='lat' dir='ltr'><strong>sic</strong></span> <span class='ocrx_word' id='word_1_827' title='bbox 3123 5155 3224 5229; x_wconf 89' lang='lat' dir='ltr'><strong>qui</strong></span> <span class='ocrx_word' id='word_1_828' title='bbox 3286 5156 3496 5228; x_wconf 88' lang='lat' dir='ltr'><strong>polluit</strong></span> <span class='ocrx_word' id='word_1_829' title='bbox 3538 5158 3793 5214; x_wconf 88' lang='lat' dir='ltr'><strong>animam</strong></span> 
     </span>
    </p>
   </div>
   <div class='ocr_carea' id='block_1_114' title="bbox 2085 5247 3792 5320">
    <p class='ocr_par' dir='ltr' id='par_1_114' title="bbox 2085 5247 3792 5320">
     <span class='ocr_line' id='line_1_114' title="bbox 2085 5247 3792 5320; baseline 0 -16"><span class='ocrx_word' id='word_1_830' title='bbox 2085 5255 2139 5304; x_wconf 91' lang='lat' dir='ltr'><strong>et</strong></span> <span class='ocrx_word' id='word_1_831' title='bbox 2198 5252 2472 5313; x_wconf 90' lang='lat' dir='ltr'><strong>mentem,</strong></span> <span class='ocrx_word' id='word_1_832' title='bbox 2506 5247 2881 5303; x_wconf 90' lang='lat' dir='ltr'><strong>assentiendo</strong></span> <span class='ocrx_word' id='word_1_833' title='bbox 2931 5248 3145 5320; x_wconf 88' lang='lat' dir='ltr'><strong>pravis,</strong></span> <span class='ocrx_word' id='word_1_834' title='bbox 3182 5265 3411 5319; x_wconf 81' lang='lat' dir='ltr'><strong>pmnam</strong></span> <span class='ocrx_word' id='word_1_835' title='bbox 3442 5249 3646 5320; x_wconf 87' lang='lat' dir='ltr'><strong>utique</strong></span> <span class='ocrx_word' id='word_1_836' title='bbox 3698 5250 3792 5304; x_wconf 80' lang='lat' dir='ltr'><strong>de-</strong></span> 
     </span>
    </p>
   </div>
   <div class='ocr_carea' id='block_1_115' title="bbox 2083 5335 3790 5412">
    <p class='ocr_par' dir='ltr' id='par_1_115' title="bbox 2083 5335 3790 5412">
     <span class='ocr_line' id='line_1_115' title="bbox 2083 5335 3790 5412; baseline 0 -21"><span class='ocrx_word' id='word_1_837' title='bbox 2083 5337 2200 5393; x_wconf 90' lang='lat' dir='ltr'><strong>bet.</strong></span> <span class='ocrx_word' id='word_1_838' title='bbox 2235 5340 2537 5395; x_wconf 88' lang='lat' dir='ltr'><strong>Custodire</strong></span> <span class='ocrx_word' id='word_1_839' title='bbox 2593 5340 2772 5412; x_wconf 85' lang='lat' dir='ltr'><strong>igitur</strong></span> <span class='ocrx_word' id='word_1_840' title='bbox 2822 5340 3107 5407; x_wconf 83' lang='lat' dir='ltr'><strong>convenit,</strong></span> <span class='ocrx_word' id='word_1_841' title='bbox 3141 5340 3292 5395; x_wconf 88' lang='lat' dir='ltr'><strong>sicut</strong></span> <span class='ocrx_word' id='word_1_842' title='bbox 3320 5355 3353 5393; x_wconf 90' lang='lat' dir='ltr'><strong>a</strong></span> <span class='ocrx_word' id='word_1_843' title='bbox 3382 5335 3593 5392; x_wconf 87' lang='lat' dir='ltr'><strong>visibili</strong></span> <span class='ocrx_word' id='word_1_844' title='bbox 3652 5352 3790 5407; x_wconf 85' lang='lat' dir='ltr'><strong>pec-</strong></span> 
     </span>
    </p>
   </div>
   <div class='ocr_carea' id='block_1_116' title="bbox 2082 5425 3789 5504">
    <p class='ocr_par' dir='ltr' id='par_1_116' title="bbox 2082 5425 3789 5504">
     <span class='ocr_line' id='line_1_116' title="bbox 2082 5425 3789 5504; baseline -0.001 -21"><span class='ocrx_word' id='word_1_845' title='bbox 2082 5436 2207 5483; x_wconf 81' lang='lat' dir='ltr'><strong>cato</strong></span> <span class='ocrx_word' id='word_1_846' title='bbox 2241 5443 2475 5498; x_wconf 86' lang='lat' dir='ltr'><strong>corpus,</strong></span> <span class='ocrx_word' id='word_1_847' title='bbox 2508 5429 2587 5485; x_wconf 88' lang='lat' dir='ltr'><strong>ita</strong></span> <span class='ocrx_word' id='word_1_848' title='bbox 2616 5435 2673 5486; x_wconf 89' lang='lat' dir='ltr'><strong>et</strong></span> <span class='ocrx_word' id='word_1_849' title='bbox 2704 5431 3033 5502; x_wconf 28' lang='lat' dir='ltr'><strong>animamda</strong></span> <span class='ocrx_word' id='word_1_850' title='bbox 3052 5426 3502 5504; x_wconf 88' lang='lat' dir='ltr'><strong>cogitationibus</strong></span> <span class='ocrx_word' id='word_1_851' title='bbox 3524 5425 3789 5482; x_wconf 85' lang='lat' dir='ltr'><strong>immun-</strong></span> 
     </span>
    </p>
   </div>
   <div class='ocr_carea' id='block_1_117' title="bbox 2079 5516 3787 5598">
    <p class='ocr_par' dir='ltr' id='par_1_117' title="bbox 2079 5516 3787 5598">
     <span class='ocr_line' id='line_1_117' title="bbox 2079 5516 3787 5598; baseline -0.001 -24"><span class='ocrx_word' id='word_1_852' title='bbox 2079 5518 2208 5587; x_wconf 82' lang='lat' dir='ltr'><strong>dis;</strong></span> <span class='ocrx_word' id='word_1_853' title='bbox 2268 5521 2546 5592; x_wconf 87' lang='lat' dir='ltr'><strong>quoniam</strong></span> <span class='ocrx_word' id='word_1_854' title='bbox 2597 5525 2717 5582; x_wconf 69' lang='lat' dir='ltr'><strong>btec</strong></span> <span class='ocrx_word' id='word_1_855' title='bbox 2766 5540 2985 5598; x_wconf 87' lang='lat' dir='ltr'><strong>sponsa</strong></span> <span class='ocrx_word' id='word_1_856' title='bbox 3038 5520 3255 5580; x_wconf 84' lang='lat' dir='ltr'><strong>Christi</strong></span> <span class='ocrx_word' id='word_1_857' title='bbox 3304 5522 3439 5575; x_wconf 89' lang='lat' dir='ltr'><strong>est:</strong></span> <span class='ocrx_word' id='word_1_858' title='bbox 3508 5516 3787 5590; x_wconf 69' lang='lat' dir='ltr'><strong>Despondi</strong></span> 
     </span>
    </p>
   </div>
   <div class='ocr_carea' id='block_1_118' title="bbox 2028 5703 2113 5759">
    <p class='ocr_par' dir='ltr' id='par_1_118' title="bbox 2028 5703 2113 5759">
     <span class='ocr_line' id='line_1_118' title="bbox 2028 5703 2113 5759; baseline -0.024 0"><span class='ocrx_word' id='word_1_859' title='bbox 2028 5703 2113 5759; x_wconf 89' lang='grc'>17.</span> 
     </span>
    </p>
   </div>
  </div>
