4076 6280
290 317 409 378 939

1639 309 1698 367 S.
1753 307 2069 367 MACARH
2117 305 2456 364 J‘EGYPTII

3632 295 3751 357 9L0

285 452 432 507 enim
491 467 600 518 vos,
661 450 762 515 ait,
818 450 918 503 uni
973 449 1088 505 viro
1138 451 1414 522 virginem
1467 452 1669 504 castam
1725 444 1985 502 exhibere

2126 437 2208 500 αἱ,
2263 440 2409 510 "ira
2469 435 2685 512 φυλακῇ
2743 437 2904 510 τήρεε
2953 436 3050 502 τήν
3095 431 3346 508 καρδίαν,
3378 439 3478 501 τῆς
3528 438 3758 510 Γραφῆς

291 540 592 597 Christo“.
645 540 795 594 Audi
881 556 1112 609 quoque
1191 540 1547 605 Scripturam
1651 537 1988 591 dicentem:

291 631 452 686 Omni
480 629 724 685 custodia
771 645 930 683 serva
961 643 1052 682 cor
1081 631 1236 681 tuum
1266 646 1284 690 ;
1310 629 1441 698 quia
1475 643 1543 680 ex
1572 630 1685 694 ipso
1714 627 1830 679 vita
1861 641 1991 694 pro-

291 721 432 774 cedit
459 720 525 773 ³³.
560 720 628 774 Et
661 737 673 773 :
711 720 995 774 Perversas
1052 720 1410 783 cogitationes
1441 732 1702 786 separare
1730 731 1764 769 a
1799 716 1898 768 Deo
1923 712 1992 777 ³⁸,

295 827 504 866 rursus
527 810 686 864 disce
715 826 748 864 a
781 809 973 862 divina
1004 809 1060 862 id
1094 809 1336 862 docente
1367 807 1681 878 Scriptura.

367 899 431 952 V.
461 900 758 953 Rationem
814 899 1006 968 exigat
1061 915 1094 952 a
1153 914 1262 952 sua
1319 897 1728 966 unusquisque
1777 895 1992 958 anima,

298 990 633 1044 discernens
662 993 714 1042 et
746 987 1070 1057 explorans,
1134 987 1202 1041 ad
1264 1003 1528 1058 quaenam
1591 985 1895 1039 afﬁciatur.
1928 984 1998 1037 Et

297 1077 518 1132 sihaud
553 1091 879 1131 consonans
911 1076 1009 1130 Dei
1045 1075 1266 1142 legtbus
1296 1075 1604 1145 contigerit
1628 1075 1819 1128 videre
1854 1088 1954 1127 cor
1981 1089 1994 1140 ;

293 1167 451 1222 omni
486 1172 696 1221 conatu
729 1166 1222 1236 quemadmodum
1257 1181 1486 1234 corpus,
1523 1165 1603 1218 ita
1661 1176 1711 1216 et
1745 1166 1996 1216 mentem

295 1271 634 1310 conservare
691 1255 1091 1324 incorruptam
1124 1254 1376 1319 studeat,
1408 1257 1582 1318 atque
1627 1252 1870 1321 impuris
1905 1267 1997 1304 as-

295 1361 532 1401 sensum
593 1343 1042 1408 cogitationibus
1091 1347 1417 1411 negantem.
1472 1342 1530 1396 Si
1583 1341 1812 1408 quidem
1863 1339 1999 1394 velit

288 1437 458 1505 juxta
527 1432 974 1505 promissionem
1062 1431 1352 1485 introduci
1411 1430 1468 1483 in
1548 1429 1878 1484 convictum
1943 1434 2000 1483 et

294 1523 500 1579 choros
558 1536 837 1592 purarum
895 1520 1184 1590 virginum
1217 1519 1285 1572 ³⁷.
1346 1517 1710 1572 Cobabitatio
1740 1518 1898 1572 enim
1945 1526 1997 1574 et

297 1611 598 1668 familiaris
630 1610 978 1665 conversatio
1014 1609 1177 1680 puris
1209 1610 1446 1663 omnino
1475 1615 1527 1664 et
1561 1609 1616 1662 in
1637 1609 1775 1662 recti
1801 1623 1996 1663 amore

297 1702 425 1757 lixis
459 1701 740 1772 promissa
769 1704 860 1754 est
889 1699 1211 1754 animabus.

2106 526 2265 583 ὂίκουε
2297 527 2565 601 λεγούσης
2601 546 2614 558 ·
2663 527 2721 580 ἐκ
2767 527 2868 601 γὰρ
2917 526 3122 579 τούτων
3180 522 3351 594 ἔξοδοι
3413 527 3560 592 ζωῆς
3595 541 3608 554 ο
3641 524 3763 591 καὶ,

2106 616 2372 677 Κκολιοῦς
2407 615 2463 671 δέ
2500 616 2802 690 λογισμοὺς
2829 616 3089 691 χωρίζειν
3121 615 3226 668 ἀπὸ
3259 618 3416 682 Θεοῦ,
3446 613 3536 667 καὶ
3589 614 3760 668 πάλιν

2105 714 2203 775 τῆς
2235 707 2377 768 θείας
2408 703 2768 775 διδασκούσης
2800 711 3016 781 Γραφῆς
3053 705 3312 777 μάνθανε.

2178 888 2256 939 Ε’.
2319 885 2484 958 Λόγον
2540 883 2832 937 ἀπαιτείτω
2889 884 2986 951 τήν
3047 883 3241 936 ἑαυτοῦ
3301 882 3483 954 ψυχὴν
3535 877 3764 938 ἕκαστος

2103 971 2396 1044 ἀνακρίνων
2461 972 2550 1025 καὶ
2633 971 2934 1045 βασανίζων
2974 1015 2988 1040 ,
3066 971 3172 1024 τίσι
3243 969 3597 1040 πρόσκειται·

3288 1029 3294 1040 Δ

3664 967 3762 1021 καὶ

2105 1061 2150 1115 εἰ
2187 1062 2262 1132 μὴ
2316 1067 2710 1136 συμφωνοῦσαν
2760 1055 3043 1131 συμϐαίνει
3074 1065 3192 1120 τοῖς
3240 1063 3336 1112 τοῦ
3385 1062 3517 1113 Θεοῦ
3568 1057 3763 1129 νόμοις

2105 1151 2202 1216 τήν
2235 1148 2462 1221 παρδίαν
2496 1151 2645 1222 ὁρᾷν,
2697 1149 2840 1222 πάσξλ
2893 1147 3122 1219 δυνάμει
3174 1148 3414 1222 καθάπερ
3465 1147 3526 1200 τὸ
3576 1152 3760 1218 σῶμα,

2109 1237 2250 1292 οὕτω
2294 1235 2359 1305 δὴ
2383 1237 2473 1292 καὶ
2513 1239 2604 1291 τὸν
2654 1237 2777 1291 νοῦν
2839 1235 3112 1311 διατηρεῖν
3154 1236 3391 1309 ἄφθορον
3456 1233 3759 1303 σπουδαζέ-

2107 1350 2206 1392 τω,
2238 1330 2325 1381 καί
2357 1334 2472 1389 τοῖς
2505 1333 2765 1400 πονηροῖς
2799 1327 3081 1382 ἀσύνθετον
3117 1325 3428 1401 λογισμοῖς.
3463 1323 3532 1378 Ei’
3574 1345 3636 1399 γε
3685 1322 3758 1393 δή

2113 1415 2375 1490 βούλοιτο
2427 1419 2562 1471 κατὰ
2609 1419 2707 1485 τὴν
2760 1417 3054 1490 ὑπόσχεσιν
3107 1417 3207 1483 τήν
3271 1414 3505 1488 καθαρὰν
3558 1413 3764 1467 ἐσοικί-

2111 1509 2298 1560 σασθαι
2343 1526 2354 1538 ·
2392 1507 2667 1575 ἐνοικῆσαι
2722 1507 2826 1580 γὰρ
2858 1506 2948 1558 καὶ
2997 1505 3441 1578 ἐμπεριπατῆσαι
3487 1508 3604 1564 ταῖς
3661 1524 3763 1556 κα-

2109 1598 2296 1669 θαραῖς
2338 1597 2552 1656 πάντως
2589 1597 2676 1650 καὶ
2740 1593 3065 1671 φιλοκάλοις
3128 1598 3334 1669 ψυχαῖς
3396 1591 3758 1667 ἐπήγγελται.

366 1790 461 1845 νι.
490 1792 652 1844 Sicut
680 1789 800 1860 agri
836 1787 1050 1859 proprii
1083 1787 1565 1857 diligentissimus
1619 1787 1860 1844 colonus
1893 1805 1997 1843 no-

2176 1795 2269 1868 g’.
2302 1796 2504 1864 ’Ὠσπερ
2532 1794 2558 1847 6
2589 1799 2690 1860 τῆς
2723 1789 2861 1854 ἰδίας
2902 1799 3004 1864 γῆς
3037 1790 3477 1864 ἐπιμελέστατος
3524 1791 3764 1865 γεωργὸς

296 1886 524 1937 ναίουσι
577 1879 734 1950 prius
780 1884 840 1933 et
880 1894 949 1932 ex
995 1895 1060 1933 eo
1107 1877 1309 1948 spinas
1362 1877 1550 1945 tollit;
1606 1896 1672 1932 ac
1723 1882 1846 1932 tum
1897 1878 2000 1932 de-

296 1968 678 2036 muminjicit
735 1967 994 2032 semina;
1057 1967 1136 2020 ita
1191 1970 1248 2020 et
1301 1966 1463 2037 quia
1528 1965 1642 2020 Deo
1702 1972 1998 2036 exspectat

298 2062 620 2114 sementem
682 2059 878 2128 gratiae
963 2056 1244 2123 accipere,
1309 2071 1560 2126 purgare
1613 2056 1775 2124 prius
1833 2055 2002 2108 debet

302 2148 507 2202 animae
540 2163 660 2201 sum
695 2160 934 2214 agrum;
968 2149 1034 2198 ut
1064 2158 1259 2198 semen
1311 2143 1522 2198 deinde
1567 2143 1630 2197 in
1682 2159 1813 2198 eum
1854 2142 2002 2197 inci-

306 2239 448 2292 dens
489 2235 760 2303 Spiritus,
803 2233 1089 2304 perfectos
1135 2237 1192 2287 et
1243 2231 1596 2300 multiplices
1630 2232 1830 2286 reddat
1890 2232 2001 2284 fru-

308 2330 458 2382 ctus.
491 2324 635 2380 Nam
695 2325 754 2379 ni
786 2323 895 2378 hoc
928 2324 1028 2378 ﬁat
1083 2327 1216 2378 ante
1273 2321 1491 2389 omnia,
1550 2327 1607 2377 et
1663 2323 1772 2376 nisi
1833 2337 2004 2376 mun-

308 2417 530 2471 daverit
560 2415 691 2486 quis
723 2413 980 2483 seipsum
1038 2413 1110 2468 ab
1168 2412 1326 2466 omni
1390 2412 1832 2481 inquinamento
1880 2429 2004 2468 car-

309 2507 401 2560 nis
440 2511 493 2560 et
524 2503 789 2574 spiritus,
820 2519 952 2559 caro
982 2507 1071 2558 est
1098 2508 1151 2557 et
1215 2503 1474 2573 sanguis,
1508 2507 1562 2557 et
1616 2503 1784 2575 longe
1828 2503 2008 2559 distat

310 2611 344 2650 ο,
372 2593 509 2647 vita.

380 2680 503 2737 Vll.
563 2679 955 2746 Undecunque
1011 2679 1198 2734 hostis
1230 2679 1688 2735 machinationes
1761 2685 2004 2746 astutas,

311 2771 471 2827 dolos
527 2771 584 2824 et
625 2767 931 2834 maleficia,
987 2767 1438 2836 circumspicere
1483 2773 1726 2835 oportet.
1787 2770 2008 2824 Etenim

312 2864 375 2914 ut
401 2859 655 2930 Spiritus
705 2862 942 2912 sanctus
983 2873 1086 2928 per
1143 2857 1379 2912 Paulum
1418 2876 1430 2913 :
1465 2859 1552 2913 Fit
1609 2860 1864 2916 omnibus
1893 2876 2013 2915 om-

305 2953 424 3016 nia,
457 2963 520 3005 ut
547 2964 731 3004 omnes
788 2948 964 3004 salvos
1012 2951 1185 3017 faciat
1209 2948 1290 3002 ἐς
1324 2948 1404 3005 sic
1461 2956 1514 3004 et
1565 2949 1799 3018 spiritui
1862 2951 2014 3006 malo

309 3041 366 3095 in
401 3039 595 3096 studio
653 3041 761 3103 est,
798 3038 996 3092 omnia
1039 3037 1184 3105 ﬁeri,
1228 3042 1291 3092 ut
1337 3054 1542 3093 omnes
1588 3038 1646 3094 in
1709 3040 2012 3096 interitum

313 3129 616 3201 propellat.
676 3129 872 3198 Itaque
921 3129 972 3183 is
1030 3144 1163 3183 cum
1224 3130 1526 3184 orantibus
1581 3131 1758 3185 simul
1849 3147 2014 3186 orare

312 3219 571 3283 simulat,
631 3217 685 3272 id
746 3223 1036 3285 spectans,
1070 3222 1134 3272 ut
1194 3233 1261 3273 ex
1317 3219 1448 3288 ipsa
1504 3219 1762 3274 oratione
1819 3223 2017 3275 sumat

313 3323 516 3361 ansam
554 3307 878 3375 decipiendi
912 3311 1171 3361 orantem
1217 3308 1606 3375 ubjiciatque
1638 3309 1828 3364 eidem
1861 3326 2018 3364 arro-

314 3398 547 3465 gantem
603 3394 1046 3461 confidentiam;
1105 3411 1238 3449 cum
1303 3397 1701 3464 jejunantibus
1767 3399 2016 3466 jejunat,

313 3485 380 3537 ut
408 3481 566 3551 ipsos
616 3481 891 3534 inanibus
939 3483 1188 3550 decipiat
1219 3487 1276 3535 et
1305 3485 1632 3550 dementet;
1689 3486 2016 3556 Scriptura-

315 3586 446 3624 rum
507 3567 860 3623 habentibus
926 3568 1210 3634 notitiam,
1270 3569 1565 3626 similibus
1620 3573 1718 3626 dat
1763 3590 2019 3642 operam,

319 3658 430 3711 sub
482 3655 672 3722 specie
722 3655 974 3712 scientiae
1023 3657 1266 3722 cupiens
1315 3673 1412 3712 eos
1474 3660 1826 3716 subvertere.
1875 3664 2019 3718 Cum

317 3745 498 3816 aliqui
533 3743 897 3800 revelationis
955 3745 1176 3800 lumine
1235 3747 1496 3812 beantur,
1531 3749 1758 3804 videtur
1803 3756 1861 3806 et
1897 3753 2022 3822 ipse

315 3835 605 3906 ejusmodi
641 3835 873 3890 habere.
909 3837 1287 3905 Transﬁgtirat
1336 3841 1482 3892 enim
1514 3839 1530 3907 (
1563 3840 1643 3893 ait
1682 3840 1938 3912 Paulus)
1966 3859 2024 3896 se

316 3926 552 3983 Satanas
581 3927 638 3980 in
698 3927 954 3993 angelum
1014 3927 1150 3980 lucis
1170 3925 1234 3982 3’.
1274 3927 1340 3982 Ut
1388 3929 1662 3994 Opinione
1695 3929 1844 3985 fictae
1875 3931 2023 3987 lucis

319 4017 589 4086 deceptos
648 4017 716 4069 ad
780 4030 840 4069 se
893 4015 1160 4070 adducat.
1210 4017 1300 4082 Et,
1343 4022 1404 4070 ut
1470 4023 1679 4072 cuncta
1732 4021 2024 4087 ejusmodi

320 4106 499 4160 semel
558 4105 856 4176 colligam,
897 4107 1044 4160 mira
1101 4123 1162 4161 se
1221 4108 1430 4160 artium
1466 4109 1801 4162 subtilitate
1833 4113 2026 4165 omnia

320 4195 520 4261 variat,
579 4211 693 4264 quo
739 4192 1128 4248 similitudine
1200 4195 1570 4263 subiugatus,
1631 4196 1763 4249 lmni
1836 4199 2026 4268 specie

319 4283 654 4351 apparentis
706 4283 762 4335 in
795 4299 984 4336 veram
1021 4283 1236 4336 alliciat
1290 4283 1839 4354 irreparabilemque
1898 4303 2026 4352 per-

321 4371 533 4426 niciem
570 4388 583 4424 :
645 4372 901 4435 Consilia,
933 4372 1144 4444 inquit,
1178 4374 1516 4428 destruentes
1565 4382 1615 4428 et
1653 4391 1866 4430 omnem
1896 4375 2028 4431 alti-

322 4460 572 4514 tudinem
627 4461 979 4515 extollentem
1024 4479 1081 4516 se
1139 4463 1400 4518 adversus
1452 4464 1741 4518 scientiam
1803 4467 1902 4520 Dei
1957 4464 2025 4519 ‘0.

2109 1883 2323 1938 ἀνανεοῖ
2349 1882 2550 1951 ταύτην
2589 1882 2871 1952 πρότερον,
2921 1883 3136 1942 καὶτὰς
3182 1881 3419 1941 ἀκάνθας
3470 1883 3762 1954 περιαιρεῖ,

2110 1973 2202 2027 εἶθ’
2245 1972 2385 2026 οὕτω
2428 1966 2762 2026 καταϐάλλει
2820 1970 2884 2025 τὰ
2943 1967 3226 2043 σπέρματα
3260 1989 3272 2000 ·
3309 1969 3456 2024 οὕτω
3516 1970 3605 2022 καὶ
3665 1970 3760 2022 τὸν

2110 2062 2254 2134 παρᾶ
2285 2064 2416 2115 Θεοῦ
2460 2058 2846 2132 προσδοκῶντα
2876 2067 2975 2128 τῆς
3019 2060 3247 2134 χάριτος
3301 2059 3500 2132 σπόρον
3548 2052 3759 2127 λαϐεῖν,

2112 2149 2388 2222 καθαίρειν
2464 2149 2724 2221 πρότερον
2786 2149 2897 2222 χρὴ
2956 2156 3056 2218 τῆς
3115 2147 3306 2202 ἐαυτοῦ
3371 2145 3594 2220 καρδίας
3659 2148 3761 2214 τὴν

2113 2245 2240 2312 γῆν,
2269 2238 2338 2290 ’ἰν’
2370 2239 2396 2291 6
2430 2236 2629 2309 σπόρος
2661 2237 2835 2290 πεσὼν
2871 2241 2968 2291 τοῦ
3021 2237 3337 2307 Πνεύματος
3386 2234 3620 2295 ἐντελεῖς
3669 2235 3758 2288 καὶ

2113 2325 2566 2387 πολλαπλασίους
2596 2323 2786 2397 ἀποδῷ
2823 2327 2948 2387 τοὺς
2980 2325 3221 2398 καρπούς
3255 2345 3265 2356 ·
3302 2325 3376 2386 ὡς
3419 2325 3465 2378 εί
3500 2326 3574 2396 μὴ
3597 2330 3758 2380 τοῦτο

2115 2418 2328 2490 γένοιτο
2361 2417 2642 2489 πρότερον,
2673 2415 2760 2468 καὶ
2810 2415 3016 2488 καθάρῃ
3051 2435 3134 2476 τις
3167 2416 3354 2469 ἑαυτὸν
3407 2415 3510 2468 ἀπὸ
3558 2416 3760 2476 παντὸς

2119 2505 2410 2578 μολυσμοῦ
2443 2506 2636 2578 σαρκὸς
2667 2505 2754 2557 καὶ
2805 2503 3131 2574 πνεύματος,
3185 2501 3312 2576 σάρξ
3355 2501 3493 2556 ἐστιν
3543 2500 3615 2558 ἔτι
3668 2504 3761 2558 καὶ

2118 2597 2274 2664 αἷμα,
2302 2594 2391 2648 καὶ
2429 2594 2634 2663 μακρὰν
2669 2592 2936 2668 ἀφέστηκε
2964 2598 3064 2658 τῆς
3097 2598 3266 2660 ζωῆς.

2191 2683 2258 2737 Ζ’.
2303 2683 2646 2755 Πανταχόθεν
2695 2681 2790 2744 τὰς
2830 2685 2927 2733 τοῦ
2985 2679 3188 2756 ἐχθροῦ
3242 2682 3571 2756 μαγγανείας,
3620 2682 3752 2741 τοὺς

2121 2769 2316 2830 δόλους
2364 2791 2422 2824 τε
2472 2771 2560 2824 καὶ
2610 2771 2702 2830 τὰς
2748 2770 3094 2844 κακουργίας,
3147 2769 3373 2838 ὀξύτατα
3415 2775 3746 2841 περισκοπεῖν

2123 2857 2221 2915 δεῖ.
2255 2858 2351 2913 Καὶ
2403 2859 2504 2935 γὰρ
2554 2859 2626 2919 ὡς
2679 2859 2738 2912 τὸ
2790 2861 3009 2929 Πνεῦμα
3061 2859 3124 2912 τὸ
3183 2863 3336 2932 ἅγιον
3403 2856 3486 2911 δια
3538 2858 3759 2911 Παύλου

2123 2949 2188 3004 τὰ
2218 2947 2387 3002 πάντα
2415 2947 2650 3021 γενέσθαι
2701 2947 2887 3023 φησὶν,
2934 2945 3030 3000 ⁹ίνα
3077 2946 3208 3010 τοὺς
3259 2949 3460 3009 πάντας
3483 2944 3716 3019 κερδήσῃ
3749 2963 3765 2978 ⁶

2126 3035 2268 3091 οὕτω
2309 3033 2374 3104 δὴ
2407 3035 2495 3089 καὶ
2535 3039 2601 3106 τῇ
2649 3035 2809 3106 κακίᾳ
2855 3037 3097 3108 γίνεσθαι
3143 3037 3316 3088 πάντα
3366 3033 3454 3089 διὰ
3507 3033 3772 3107 σπουδῆς,

2127 3126 2200 3186 ὡς
2267 3125 2393 3186 τοὺς
2453 3123 2653 3185 πάντας
2719 3122 3056 3197 παραπέμψῃ
3113 3127 3182 3188 τῆ
3240 3123 3531 3194 ἀπωλείᾳ*
3578 3122 3773 3196 ἀμέλει

2124 3220 2242 3275 τοῖς
2283 3215 2610 3288 εὐχομένοις
2662 3213 2736 3274 ὡς
2788 3215 3182 3287 συνευχόμενος
3242 3213 3588 3286 ὑποκρίνεται
3639 3214 3778 3267 κατὰ

2129 3304 2327 3359 σκοπὸν
2356 3307 2451 3357 τοῦ
2499 3303 2762 3381 προφάσει
2823 3302 2996 3381 εὐχῆς
3042 3297 3354 3375 ἐμϐαλόντα
3409 3303 3544 3376 πρὸς
3594 3300 3777 3372 ο⁰ίησιν

2130 3395 2400 3460 ἀπατῆσαι
2435 3411 2446 3424 ο
2514 3397 2632 3453 τοῖς
2696 3393 3019 3461 νηστεύουσι
3104 3391 3469 3461 συννηστεύειν
3509 3435 3523 3461 ,
3582 3391 3778 3453 αὐτοὺς

2131 3481 2307 3550 οἰήσει
2368 3481 2647 3557 φενακίσαι
2711 3481 3048 3554 βουλόμενος
3092 3486 3247 3540 ⁶τοῖς
3315 3479 3504 3556 ἔχουσι
3573 3486 3776 3556 γνῶσιν

2131 3574 2356 3645 Γραφῶν
2408 3567 2712 3638 ἐπιτηδεύει
2753 3569 2820 3623 τὰ
2867 3570 3055 3641 ὅμοια,
3107 3573 3467 3644 προσχήματι
3525 3572 3777 3643 γνώσεως

2133 3659 2405 3714 ἐπιποθῶν
2475 3659 2670 3720 αυτοὺς
2738 3659 3258 3731 παρακρούσασθαι·
3320 3665 3439 3720 τοῖς
3507 3657 3778 3714 ἀποκαλύ-

2133 3754 2278 3824 ψεων
2310 3749 2489 3827 φωτὸς
2523 3750 2920 3817 καταξιωθεῖσι,
2967 3749 3364 3824 παραπλησίως
3413 3747 3559 3824 ἔχειν
3609 3747 3776 3806 δοκεῖ.

2136 3839 2679 3912 Μετασῖηἶητίζετπε
2724 3839 2847 3909 γὰρ,
2897 3840 3078 3911 γησῖν.
3112 3840 3139 3891 ὃ
3186 3845 3427 3901 Σατανᾶς
3488 3839 3567 3899 εἷς
3620 3838 3777 3914 ἄγγε-

2136 3926 2230 3982 λον
2263 3927 2441 4002 φωτός
2469 3947 2479 3956 ·
2511 3925 2597 3980 ’ίνα
2644 3931 2712 4000 τῇ
2756 3923 2980 3995 δοκησεῖ
3030 3931 3127 3982 τοῦ
3185 3925 3543 3994 καταλλήλου
3601 3929 3778 4004 φωτὸς

2136 4017 2437 4085 ἀπατήσας,
2489 4015 2564 4077 εἷς
2612 4016 2798 4069 ἑαυτὸν
2850 4015 3166 4089 ἐπαγάγεται
3204 4017 3331 4070 ’κσὶ
3393 4015 3582 4077 ἁπλῶς
3639 4016 3777 4071 οὕτω

3320 3665 3439 3720 τοῖς

2136 4106 2270 4179 πρὸς
2300 4106 2473 4158 πάντα
2505 4103 2851 4159 ποικίλλεται
2881 4107 2971 4159 καὶ
3002 4111 3116 4163 τοῖς
3150 4111 3334 4173 πᾶσιν,
3364 4103 3453 4159 ’ἱνα
3481 4110 3563 4176 τῷ
3602 4107 3778 4178 ὁμοίῳ

2135 4194 2490 4266 χειρούμενος
2525 4192 2880 4270 εὐλογοφανεῖ
2931 4194 3195 4271 προφάσει
3249 4195 3480 4267 προξενῇ
3527 4197 3628 4261 την
3679 4195 3778 4247 ὰπ-

2135 4280 2364 4336 ώλειαν·
2426 4283 2773 4355 Λογισμοὺς,
2843 4281 3015 4359 φησὶ,
3079 4283 3460 4354 καθαιροῦντες
3526 4282 3615 4335 καὶ
3675 4288 3774 4336 πᾶν

2138 4368 2340 4441 ὕψωμα
2399 4369 2754 4442 ἐπαιρόμενον
2805 4371 2942 4424 κατὰ
2996 4377 3096 4439 τῆς
3163 4371 3416 4444 γνώσεως
3475 4375 3567 4424 τοῦ
3622 4374 3764 4423 Θεοῦ.

2137 4459 2275 4529 ’Όρα
2311 4459 2475 4530 μέχρι
2509 4459 2596 4510 καὶ
2627 4458 2790 4511 τίνων
2824 4459 2851 4511 ὁ
2884 4457 3098 4525 ἀλαζὼν
3149 4456 3370 4512 ἐκτείνει
3401 4460 3464 4512 τὸ
3493 4458 3766 4527 τόλμημα,

322 4549 466 4605 Vide
495 4565 795 4619 quousque
827 4551 1117 4620 superbus
1149 4551 1246 4607 ille
1303 4552 1582 4617 impostor
1616 4553 1866 4607 audendi
1903 4571 1998 4622 pro

2133 4549 2211 4615 τῷ
2250 4545 2535 4618 βούλεσθαι
2567 4547 2656 4598 καὶ
2695 4545 2820 4607 τοὺς
2862 4543 2966 4614 ἤδη
3019 4547 3081 4600 τὸ
3133 4552 3288 4600 Θεῖον
3335 4548 3453 4601 κατ’
3495 4545 3770 4620 ἐπίγνωσιν

321 4642 563 4696 terviam
614 4641 909 4707 extendat,
944 4651 1004 4696 ut
1055 4658 1164 4697 non
1216 4642 1440 4696 dubitet
1471 4643 1664 4697 conari
1724 4659 1822 4698 eos
1868 4645 2027 4713 ipsos

321 4729 592 4797 dejicere,
643 4732 741 4801 qui
799 4729 945 4784 211
1013 4731 1272 4786 divinum
1323 4731 1548 4785 Numen
1580 4733 1635 4785 in
1698 4730 2029 4800 cognitione

322 4818 584 4872 veritatis
624 4821 976 4887 possideant.
1010 4821 1079 4876 Ut
1137 4823 1280 4877 adeo
1338 4839 1815 4893 unumquemque
1852 4839 2030 4889 opor-

327 4909 447 4960 teat
476 4921 572 4961 cor
603 4922 770 4960 suum
800 4910 965 4961 omni
1001 4911 1258 4964 custodia
1290 4927 1514 4964 servare
1542 4928 1555 4975 ;
1601 4911 1964 4980 multamque
1996 4927 2030 4964 a

333 4998 444 5048 Deo
470 4995 826 5060 prudentiam
864 5013 1114 5064 poscere,
1149 5004 1210 5052 ut
1240 4999 1337 5052 det
1391 4999 1558 5054 nobis
1601 4999 2030 5070 deprehendere

331 5081 630 5138 diabolicae
664 5082 1042 5153 malignitatis
1071 5092 1248 5142 artes.
1285 5087 2028 5159 Prmleresqueexercitare,

327 5191 392 5231 ac
440 5171 608 5244 quasi
641 5172 936 5228 elaborare
971 5180 1217 5231 mentem
1261 5193 1327 5232 ac
1371 5178 1756 5250 cogitationes
1802 5185 2030 5232 nostras

324 5260 620 5317 elimaudo
680 5277 781 5333 per
838 5260 1200 5330 spiritualem
1260 5281 1458 5320 curam
1530 5265 1653 5319 sine
1730 5264 2027 5318 intermis-

326 5352 492 5407 sione
521 5350 812 5416 convenit,
846 5355 900 5405 et
931 5352 1000 5405 ad
1041 5351 1132 5405 Dei
1168 5353 1522 5409 voluntatem
1547 5355 1818 5423 adaptare
1845 5353 2028 5420 ipsas;

2140 4633 2395 4702 ἀληθείας
2453 4628 2682 4708 ἔχοντας
2741 4641 3086 4707 κατενεγκεῖν.
3154 4638 3311 4690 Ὥστε
3356 4640 3496 4708 πασῃ
3561 4634 3774 4709 φυλακῇ

2135 4729 2318 4796 τηρεῖν
2378 4727 2476 4792 την
2534 4724 2721 4778 ἐαυτοῦ
2779 4722 3003 4796 καρδίαν
3055 4727 3190 4797 χρὴ,
3249 4725 3468 4795 πολλήν
3526 4747 3582 4780 τε
3640 4727 3778 4799 παρα

2137 4817 2271 4868 Θεοῦ
2301 4815 2400 4880 την
2442 4813 2645 4866 σύνεσιν
2677 4811 2867 4879 αἰτεῖν,
2899 4814 2988 4866 ’ἰνα
3019 4810 3096 4884 δῷ
3127 4817 3262 4886 ἡμῖν
3300 4815 3395 4874 τὰς
3443 4821 3544 4883 τῆς
3591 4815 3773 4876 κακίας

2135 4899 2328 4974 τέχνας
2359 4906 2556 4976 φωρᾷν.
2595 4903 2940 4974 Ἐργαζεσθαι
2984 4900 3040 4956 δὲ
3088 4903 3177 4956 καὶ
3226 4903 3463 4958 ἐκπονεῖν
3512 4904 3605 4957 τὸν
3655 4909 3773 4958 νοῦν

2138 4989 2190 5043 ἐν
2242 4990 2444 5042 συνέσει
2489 4991 2577 5042 καὶ
2633 4993 2757 5051 τοὺς
2811 4989 3112 5063 λογισμοὺς
3165 4995 3428 5064 προσήκει
3489 4989 3772 5061 διηνεκῶς,

2137 5079 2222 5132 καῖ
2258 5078 2392 5149 πρὸς
2436 5082 2530 5130 τοῦ
2583 5083 2716 5132 Θεοῦ
2764 5079 2980 5150 θέλημα
3028 5080 3363 5153 καταρτίζειν
3413 5079 3610 5142 αύτούς
3641 5100 3651 5110 ·
3683 5079 3775 5134 οῦκ

2137 5167 2248 5223 ἔστι
2301 5167 2495 5221 τούτου
2557 5173 2740 5239 μεῖζον
2794 5166 2946 5242 ἔργον
2992 5168 3025 5235 ἤ
3071 5170 3417 5242 τιμιώτερον.
3478 5169 3775 5241 Ἐξομολό-

2135 5277 2292 5328 γησις
2360 5256 2510 5329 γὰρ,
2580 5255 2757 5333 φησὶ,
2825 5257 2914 5309 καὶ
2985 5256 3422 5331 μεγαλοπρέπεια
3488 5260 3550 5312 τὸ
3616 5252 3773 5332 ἔργον

2139 5345 2324 5400 αὐτοῦ.

328 5455 442 5511 quo
464 5458 578 5498 non
615 5445 803 5513 majus
840 5459 940 5498 nec
975 5443 1265 5515 pretiosus
1297 5460 1442 5515 opus
1469 5454 1572 5500 est.
1609 5445 1902 5514 Confessio,
1937 5443 2090 5499 enim
2124 5438 2222 5508 ait,
2253 5447 2304 5493 et
2334 5439 2743 5508 magniﬁcentia
2763 5454 2898 5510 Opus
2925 5438 3043 5508 ejus
3073 5440 3140 5494 ‘1.

401 5563 446 5598 ⁸⁶
477 5562 524 5618 ΙΙ
553 5569 677 5621 Cor.
737 5585 813 5634 xx,
861 5569 914 5623 ‘3.

992 5567 1034 5602 ⁸⁸
1085 5569 1243 5622 Prov.
1308 5585 1382 5632 ιν,
1440 5569 1527 5622 23.

335 5633 382 5668 ‘°
414 5636 480 5691 lI.
505 5635 629 5691 Cor.
667 5654 720 5706 x,
754 5633 807 5692 5.

1604 5568 1647 5602 ³⁸
1680 5569 1812 5638 Sap.
1851 5583 1888 5634 ι,
1919 5569 1972 5619 3.

887 5640 927 5674 ⁶¹
961 5639 1172 5696 Psalm.
1204 5657 1294 5711 cx,
1330 5641 1381 5696 3.

2049 5565 2090 5599 ³⁷
2124 5567 2299 5633 Apoc.
2336 5580 2389 5631 x,
2422 5565 2508 5618 '22.

2586 5565 2630 5599 ³⁸
2661 5567 2682 5621 Ι
2715 5564 2839 5621 Cor.
2901 5580 2978 5631 ιι,
3037 5566 3124 5618 22.
3203 5565 3246 5600 ³³
3280 5566 3329 5622 Il
3360 5566 3486 5623 Cor.
3550 5580 3628 5631 ιι,
3665 5565 3750 5620 lt.
