4076 6280
334 407 445 467 941

1418 408 1648 471 LIBER
1695 411 1794 470 DE
1840 408 2281 470 LIBERTATE
2327 408 2632 469 MENTIS.

3683 414 3798 472 942

409 541 488 598 Π’.
524 542 599 611 Τῇ
648 540 888 619 φιλοθέῳ
940 542 1118 615 ψυχῇ,
1169 538 1264 595 κᾶν
1315 540 1484 595 πάντα
1530 540 1597 595 τὰ
1640 539 1809 613 ἀγαθά
1856 539 1981 611 πρά-

2177 540 2328 596 VIlI.
2379 540 2478 596 Dei
2523 540 2736 595 amanti
2791 540 3019 609 animas,
3071 547 3366 613 utcunque
3415 542 3612 598 omnia
3650 544 3799 599 bona

335 629 492 698 ξειεν,
547 628 698 684 οὐδὲν
750 630 935 703 ἑαυτῇ,
971 630 1114 684 ἀλλὰ
1156 635 1236 702 τῷ
1280 635 1396 701 Θεῷ
1434 627 1631 685 ἕκαστα
1675 629 1987 705 ἐπιγράφειν

334 718 475 780 ἕθος.
508 717 685 791 Ταύτῃ
730 740 814 773 τοι
879 721 963 774 καὶ
1019 720 1045 771 6
1100 721 1230 781 Θεὸς
1271 718 1438 773 παλιν
1487 724 1554 792 τῇ
1608 720 1743 793 ὑγιεῖ
1789 717 1990 788 ταύτης

331 807 419 860 καὶ
475 808 612 881 ὀρθῇ
678 809 878 862 συνέσει
937 809 1026 862 καὶ
1085 810 1283 882 γνώσει
1342 808 1627 882 προσχὼν,
1684 806 1993 863 τούναντίον

329 893 507 969 ἐκείνῃ
542 900 715 950 πάντα
751 896 1029 971 λογίζεται
1063 917 1075 929 ⁵
1108 896 1198 951 καὶ
1249 897 1323 959 ὡς
1373 897 1538 965 αὐτῆς
1586 896 1868 968 καμούσης
1900 910 1988 961 καὶ

330 986 460 1057 παρ’
492 985 688 1055 ἑαυτῆς
718 986 779 1039 τὸ
828 985 959 1040 ὅλον
994 984 1384 1061 ἐργασαμένης,
1416 988 1508 1047 τάς
1542 982 1835 1045 ἀντιδόσεις
1866 984 1991 1039 ἐπι-

339 1079 524 1148 μετρεῖ
559 1096 571 1108 -
603 1074 788 1129 καίτον
821 1073 974 1144 δόξαν
1017 1075 1166 1147 αὐτῷ
1214 1076 1350 1148 πρὸς
1403 1075 1578 1150 κρίσιν
1608 1076 1744 1148 ἡμῖν
1791 1073 1987 1146 ἐλθεῖν,

335 1163 486 1219 οὐδὲν
538 1166 673 1240 πρὸς
732 1165 989 1237 ἀλήθειαν
1046 1172 1126 1238 τῷ
1184 1168 1454 1241 ἀνθρώπῳ
1509 1166 1715 1222 δίκαιον
1773 1167 1991 1240 εὑρεθή-

336 1274 482 1308 σεται
527 1275 538 1287 ·
576 1255 690 1310 ἐπεὶ
721 1256 812 1309 καὶ
843 1257 907 1310 τά
962 1259 1248 1331 χρήματα,
1283 1258 1369 1310 καὶ
1401 1257 1465 1310 τὰ
1511 1254 1773 1310 δοκοῦντα
1814 1255 1988 1309 πάντα

333 1343 487 1399 ταυτὶ
539 1344 734 1417 ἀγαθὰ,
794 1341 863 1399 δι’
922 1346 992 1399 ὧν
1040 1346 1131 1400 καὶ
1178 1348 1419 1401 εὐποιεῖν
1468 1342 1690 1406 ἕκαστος
1742 1342 1984 1413 δύναται,

334 1430 540 1487 ἐκείνου
572 1432 695 1502 εἰσί,
727 1440 794 1507 γῆ
828 1435 920 1487 καὶ
951 1442 1121 1489 πάντα
1159 1436 1227 1490 τά
1270 1434 1323 1488 ἐν
1371 1434 1506 1507 αὐτῇ
1541 1454 1553 1467 ·
1607 1436 1737 1489 αὐτὸ
1783 1434 1846 1487 τὸ
1885 1438 1986 1487 σῶ-

337 1543 433 1593 μα,
464 1522 553 1575 καὶ
585 1523 721 1589 αὐτὴ
754 1525 788 1591 ἡ
823 1525 973 1596 ψυχή
1012 1542 1024 1554 ·
1061 1524 1123 1577 οὐ
1161 1524 1266 1595 μὴν
1301 1522 1444 1579 ἀλλά
1474 1523 1561 1577 καὶ
1585 1524 1713 1577 αὐτὸ
1744 1522 1804 1577 τὸ
1826 1522 1980 1592 εἶναι,

335 1607 618 1684 ἄνθρωπος
650 1612 785 1665 κατά
815 1614 976 1687 χάριν
1010 1607 1146 1687 ἔχει.
1197 1613 1262 1669 Τί
1305 1614 1483 1667 τοίνυν
1535 1614 1685 1684 αὐτῷ
1739 1610 1981 1667 λείπεται

336 1696 497 1768 ἴδιον,
534 1700 612 1776 ἐφ’
644 1701 689 1771 ᾦ
719 1702 780 1754 16
832 1700 1080 1770 οῗηθῆναι
1140 1702 1173 1771 ἢ
1226 1699 1582 1771 δικαιωθῆναι
1631 1703 1765 1756 κατά
1815 1700 1979 1775 λόγον

328 1784 432 1858 ἕξει
476 1811 491 1858 ;
525 1788 670 1857 πλὴν
704 1787 850 1843 ἀλλά
891 1791 1093 1859 ταύτην
1124 1793 1152 1845 6
1195 1792 1324 1853 Θεὸς
1361 1792 1620 1867 μεγίστην
1673 1792 1722 1861 ἐξ
1772 1789 1978 1865 ἀνθρώ-

2100 629 2286 697 faciat,
2320 630 2466 684 nihil
2519 630 2650 695 sibi,
2684 631 2780 684 sed
2819 631 2928 684 Deo
2970 636 3183 685 cuncta
3208 632 3495 687 ascribere
3536 649 3661 687 mos
3691 640 3796 688 est.

2096 720 2165 772 At
2216 718 2372 773 Deus
2420 719 2677 773 vicissim
2720 736 2923 774 sanam
2984 723 3111 789 ejus
3143 726 3198 775 et
3251 728 3485 790 rectam,
3520 739 3652 776 cum
3692 724 3796 776 ad-

2100 811 2370 866 mistione
2428 812 2769 881 prudentiae,
2821 811 3119 865 scientiam
3175 816 3502 881 attendens,
3552 813 3609 868 in
3660 830 3792 867 con-

2097 898 2341 953 trarium
2378 900 2546 969 plane
2582 900 2815 954 modum
2868 899 3057 953 omnia
3092 900 3203 969 ipsi
3237 902 3515 970 imputat;
3550 917 3615 955 ac
3648 901 3793 955 velut

2095 987 2197 1042 illa
2225 989 2347 1042 sola
2382 990 2715 1056 laborasset,
2749 995 2806 1043 et
2836 990 2957 1043 suis
2990 991 3163 1043 unius
3194 991 3413 1044 Viribus
3448 993 3503 1044 in
3539 991 3789 1045 solidum

2096 1084 2305 1131 cuncta
2354 1079 2691 1149 peregisset,
2761 1081 2844 1133 sic
2911 1080 2962 1133 ei
3012 1080 3504 1134 remunerationes
3556 1080 3793 1134 admeti-

2097 1171 2210 1220 tur.
2264 1167 2565 1222 Enimvero
2613 1169 2661 1222 si
2710 1168 2825 1222 Deo
2866 1168 3091 1223 luberet
3122 1169 3308 1239 rigido
3358 1169 3661 1224 nobiscum
3693 1171 3791 1239 ju-

2096 1255 2248 1309 dicio
2292 1272 2477 1326 agere,
2536 1257 2683 1311 nihil
2726 1275 2963 1328 prorsus
3012 1258 3230 1312 homini
3278 1258 3348 1311 ab
3398 1274 3463 1311 eo
3515 1271 3644 1310 vere
3697 1257 3789 1310 de-

2096 1343 2283 1399 bitum
2361 1346 2712 1416 reperiretur
2793 1348 3269 1417 quandoquidem
3364 1346 3789 1417 possessiones,

2095 1436 2359 1503 pecunia,
2403 1441 2720 1503 cunctaque
2782 1436 2954 1506 hujus
2994 1437 3122 1491 vitae
3169 1437 3343 1500 bona,
3390 1451 3517 1505 quae
3581 1433 3794 1487 instru-

2096 1530 2285 1577 menta
2344 1525 2487 1579 bene
2532 1526 2809 1595 operandi
2856 1526 3021 1580 bonis
3068 1533 3224 1594 sunt,
3270 1525 3328 1578 in
3362 1523 3609 1579 solidum
3662 1523 3791 1590 ejus

2094 1612 2347 1667 dominio
2387 1615 2708 1684 subjacent.
2765 1616 3000 1669 Terram
3050 1619 3108 1669 et
3165 1614 3428 1668 universa
3494 1629 3623 1683 qua;
3691 1611 3790 1665 illa

2090 1700 2197 1755 fert
2259 1708 2360 1756 aut
2407 1704 2686 1770 continet;
2745 1705 2938 1774 ipsum
2993 1720 3223 1772 corpus,
3256 1703 3445 1774 ipsam
3506 1702 3785 1765 animam,

2090 1793 2187 1846 sed
2219 1798 2274 1845 et
2318 1793 2510 1861 ipsum
2562 1810 2713 1858 esse,
2764 1794 2936 1848 homo
2985 1811 3085 1865 per
3132 1794 3380 1865 gratiam
3419 1794 3605 1847 habet.
3642 1791 3787 1855 Quid

330 1899 443 1931 πων
480 1875 697 1951 δέχεται
745 1878 930 1952 χάριν,
988 1880 1078 1933 καὶ
1139 1879 1301 1933 τοῦτο
1353 1886 1462 1934 τῶν
1525 1879 1977 1958 προσφερομένων

331 1965 346 1983 τ
424 1967 434 1983 1
598 1968 608 1980 ι
797 1967 807 1983 Ι
1098 1969 1110 1983 ἢ
1210 1971 1222 1983 ι
1306 1972 1316 1983 ι
1422 1971 1435 1983 ι
1580 1970 1647 1983 ς..
1726 1968 1737 1983 Ἰ
1920 1973 1945 1983 ιν

2160 1882 2270 1933 itur
2320 1882 2427 1952 ipsi
2469 1883 2817 1953 relinquilur
2860 1885 3183 1953 proprium,
3266 1883 3419 1935 unde
3491 1882 3675 1952 possit
3728 1880 3787 1933 in

327 1965 514 2040 ἐκείνῳ
557 1968 619 2021 τὸ
654 1967 1031 2041 χαριέστατον,
1059 1969 1121 2023 τὸ
1165 1971 1262 2036 τήν
1293 1971 1476 2044 ψυχὴν
1509 1970 1690 2028 καλῶς
1722 1968 1977 2042 ἐπιγνοῦ-

328 2078 422 2111 σαν
465 2058 613 2119 ὅπως
647 2055 764 2130 ἔχει
796 2057 861 2111 τὰ
892 2055 1039 2123 ὄντα,
1074 2058 1246 2111 πάντα
1279 2058 1480 2133 ὅσαπερ
1527 2057 1584 2112 ἃν
1641 2057 1774 2130 ποιῇ
1805 2056 1977 2130 ἀγαθὰ

326 2145 415 2200 καὶ
448 2144 545 2199 ὅσα
580 2147 773 2218 κάμνει
835 2143 922 2198 διὰ
973 2147 1124 2214 Θεὸν,
1178 2146 1275 2199 ὅσα
1332 2168 1390 2200 τε
1438 2147 1652 2216 συνίησι
1691 2147 1779 2200 καὶ
1820 2147 1977 2218 γινώ-

328 2257 463 2305 σκει,
518 2235 664 2307 αὐτῷ
720 2235 1045 2308 λογίζεσθαι,
1105 2237 1193 2290 καὶ
1247 2236 1393 2308 αύτῷ
1452 2238 1514 2291 τὸ
1575 2235 1787 2309 σύμπαν
1848 2234 1974 2288 ἀνα-

326 2325 550 2382 τιθέναι.

2091 1970 2501 2025 confidentiam
2555 1973 2764 2041 inﬂari,
2820 1979 2920 2026 aut
2964 1989 3125 2043 spem
3165 1973 3466 2039 concipere
3519 1987 3649 2023 vera
3694 1986 3785 2023 ra-

2089 2062 2244 2114 tione
2293 2062 2482 2115 nixam
2533 2063 2831 2117 obtinendi
2892 2063 3151 2115 districto
3193 2062 3413 2130 judicio
3445 2058 3612 2130 quasi
3654 2059 3787 2128 jure

2088 2151 2199 2203 sibi
2239 2151 2504 2205 debitum
2568 2152 2915 2222 quidpiam?
2948 2152 3223 2206 Caeterum
3277 2151 3427 2205 hanc
3469 2150 3783 2203 maximam

2087 2254 2154 2292 ex
2187 2238 2524 2293 hominibus
2556 2241 2711 2295 Deus
2761 2241 3002 2310 percipit
3050 2240 3334 2311 gratiam;
3368 2245 3425 2292 et
3472 2238 3576 2291 hoc
3609 2253 3676 2289 ex
3716 2238 3787 2290 iis

2084 2344 2212 2397 quas
2258 2327 2368 2396 ipsi
2411 2330 2737 2384 offeruntur
2807 2346 2986 2385 unum
3056 2332 3224 2400 longe
3289 2326 3787 2396 jucundissimum

332 2418 572 2482 accidit;
631 2418 821 2471 anima
852 2434 967 2476 res.
1014 2419 1095 2472 uti
1147 2436 1208 2474 se
1247 2434 1377 2473 vere
1419 2418 1652 2483 habent,
1695 2420 2005 2488 agnoscat;
2037 2421 2093 2470 et
2131 2434 2494 2489 quaecunque
2531 2420 2665 2474 facit
2700 2420 2867 2485 bona,
2912 2434 3271 2491 quaecunque
3334 2424 3566 2488 propter
3602 2417 3776 2470 Deum

334 2508 485 2562 mala
519 2506 739 2571 tolerat,
765 2522 1128 2575 quaecunque
1160 2508 1431 2577 intelligit
1458 2516 1513 2562 et
1542 2509 1739 2571 sentit,
1771 2506 2016 2575 imputet
2048 2522 2319 2576 supremo
2346 2509 2626 2579 largitori,
2661 2514 2716 2563 et
2749 2509 2848 2563 uni
2873 2509 2923 2562 ei
2946 2515 3179 2578 accepta
3202 2510 3429 2562 referat.

400 2595 472 2649 Θ’.
506 2596 709 2667 ’Ὠσπερ
750 2595 974 2669 Ἰσραὴλ
1025 2594 1130 2658 ἕως
1172 2596 1265 2667 μὲν
1326 2596 1626 2669 εὐαρέστως
1668 2596 1780 2669 εἶχε
1835 2594 1969 2667 πρὸς

330 2685 423 2740 τὸν
490 2684 786 2753 Δεσπότην,
840 2684 1080 2760 καίτοιγε
1142 2683 1401 2740 οὐδέποτε
1461 2687 1553 2758 μὲν
1610 2685 1683 2746 ὡς
1751 2684 1967 2758 ἐχρῆνο

328 2770 474 2840 πλην
508 2770 634 2826 ἀλλ’
665 2772 755 2826 οάν
785 2770 890 2834 ἕως
924 2769 1101 2826 ἐδόκει
1133 2773 1261 2849 ὑγιῆ
1284 2794 1405 2828 τινα
1433 2778 1617 2834 ποσῶς
1648 2773 1783 2845 πρὸς
1808 2771 1971 2825 αὐτὸν

328 2857 473 2936 ἔχειν
529 2863 628 2931 τὴν
694 2863 898 2928 πίστιν,
958 2862 1154 2923 στύλος
1195 2865 1363 2937 πυρὸς
1420 2864 1508 2918 καὶ
1557 2862 1751 2937 νεφέλη
1803 2860 1969 2915 αὐτοῦ

330 2955 656 3025 προηγεῖτο,
696 2951 939 3004 Θάλασσα
987 2949 1044 3005 δὲ
1074 2952 1222 3023 αὐτῷ
1282 2954 1579 3026 ὑπεχώρει,
1610 2953 1698 3006 καὶ
1762 2952 1967 3023 μυρίων

329 3036 515 3093 ἄλλων
545 3036 781 3091 ἀπέλαυε
814 3041 1127 3109 θαυμασίων
1162 3060 1174 3073 ·
1211 3042 1375 3096 ὁπότε
1424 3041 1479 3095 δὲ
1526 3049 1623 3109 τῆς
1673 3043 1805 3114 πρὸς
1850 3040 1975 3093 Θεὸν

330 3125 543 3186 εὔνοίας
574 3126 858 3204 ἀφίστατο,
890 3129 1014 3181 τότε
1053 3129 1143 3181 καὶ
1189 3135 1305 3190 τοῖς
1357 3130 1576 3204 ἐχθροῖς
1625 3127 1970 3201 παρεδίδοτο,

327 3216 416 3270 καὶ
460 3212 733 3278 δουλείαις
765 3221 986 3287 πικραῖς
1033 3217 1434 3292 κατειργάζετο.
1483 3216 1641 3273 Οὕτω
1704 3238 1796 3289 μοι
1862 3217 1971 3271 νόει

333 3304 422 3359 καὶ
463 3304 549 3358 ἐπὶ
581 3311 680 3373 τῆς
712 3308 897 3380 ψυχῆς
931 3324 944 3336 ο
988 3304 1023 3373 ἢ
1058 3304 1145 3359 διὰ
1192 3313 1292 3375 τῆς
1325 3306 1551 3380 χάριτος
1592 3308 1682 3360 τὸν
1722 3306 1849 3361 Θεὸν
1882 3305 1977 3359 ἐπ-

335 3397 497 3468 έγνω,
528 3393 620 3447 καὶ
651 3394 756 3447 ἀπὸ
790 3393 973 3468 ῥύπων
1028 3395 1124 3467 μὲν
1175 3394 1443 3470 ἐκαθάρθη
1478 3393 1706 3450 πολλῶν
1735 3395 1798 3449 τὸ
1846 3395 1977 3469 πρό-

334 3502 509 3557 τερον,
571 3483 685 3538 εἶτα
740 3484 829 3536 καὶ
884 3484 1128 3557 χαρίτων
1184 3484 1311 3558 ἁγία
1379 3484 1585 3559 γέγονε,
1650 3486 1749 3552 τήν
1809 3505 1979 3557 προσ-

336 3574 570 3641 ήκουσαν
602 3569 657 3626 δὲ
689 3573 749 3626 οὐ
784 3573 1061 3647 φυλάξασα
1093 3575 1171 3645 τῷ
1204 3574 1442 3648 οὐρανίῳ
1482 3571 1631 3641 ἀνδρὶ
1669 3574 1755 3628 διὰ
1785 3573 1977 3636 τέλους

337 3657 567 3729 εὔνοιαν,
612 3660 821 3731 ἐξέπεσε
847 3668 948 3730 τῆς
989 3668 1137 3732 ζωῆς
1177 3665 1243 3731 ἧς
1296 3663 1531 3738 μέτοχος
1581 3662 1831 3739 ἐγεγόνει.
1881 3672 1979 3719 Δυ-

335 3750 501 3804 πατὸν
533 3748 634 3823 γάρ
674 3754 754 3822 τῷ
802 3751 1156 3824 ἀντικειμένῳ
1196 3753 1287 3806 καὶ
1336 3756 1442 3806 τῶν
1508 3752 1583 3815 εἷς
1639 3754 1704 3806 τά
1760 3758 1981 3808 τοιαῦτα

336 3837 649 3917 φθασάντων
711 3840 1120 3913 κατεπαίρεσθαι
1202 3842 1387 3916 μέτρα.
1451 3843 1610 3895 ’Ὥστε
1659 3842 1980 3916 ἀγωνιστέον

337 3926 511 3995 ὁπόση
582 3923 832 3998 δύναμις,
891 3928 981 3981 καὶ
1058 3928 1190 4000 μετά
1245 3925 1417 4002 φόϐου
1476 3928 1565 3982 καὶ
1614 3928 1822 4002 τρόμου
1880 3934 1979 4002 τῇς

337 4015 538 4069 ἑαυτῶν
597 4020 744 4083 ζωῆς
801 4014 1183 4088 ἐπιμελητέον,
1239 4014 1478 4087 μάλιστα
1532 4021 1649 4078 τοῖς
1708 4017 1829 4071 ὅσοι
1885 4023 1981 4072 τοῦ

339 4101 650 4173 Πνεύματος
708 4106 803 4156 τοῦ
861 4108 1093 4177 Χριστοῦ
1167 4104 1414 4179 γεγόνασι
1496 4103 1749 4178 μέτοχοι,
1814 4111 1979 4161 10510

342 4189 483 4265 μηδὲ
543 4192 734 4265 μικρὸν
794 4192 829 4259 ἢ
894 4190 1031 4267 μέγα
1087 4190 1157 4245 δι’
1204 4193 1504 4267 ὀλιγωρίαν
1558 4195 1871 4263 ποιεῖν,καῖ
1913 4193 1980 4249 δι’

337 4280 466 4335 αὐτὸ
510 4280 673 4335 τοῦτο
722 4283 818 4335 τοῦ
864 4280 1064 4355 Κυρίου
1096 4285 1315 4353 Πνεῦμα
1374 4279 1585 4337 λυπεῖν.
1637 4285 1838 4357 ’Ὠσπερ
1879 4284 1981 4358 γὰρ

342 4370 492 4445 Χαρά
531 4371 736 4445 γίνεται
776 4368 829 4423 ἐν
861 4375 938 4441 τῷ
968 4370 1197 4444 οὐρανῷ,
1237 4372 1373 4425 καθά
1407 4392 1568 4445 φησιν
1611 4374 1644 4440 ἡ
1696 4372 1980 4443 Ἀλήθεια,

340 4459 427 4514 ἐπὶ
483 4458 558 4514 ἑνὶ
632 4459 946 4533 ἀμαρτωλῷ
1007 4465 1355 4534 μετανοοῦντι
1409 4480 1421 4493 ·
1487 4457 1629 4515 οὕτω
1684 4462 1773 4514 καὶ
1834 4460 1979 4532 λύπη

2154 2596 2241 2651 ΙΧ.
2295 2598 2457 2652 Sicut
2528 2600 2840 2668 lsraelitas,
2889 2601 3071 2667 quoad
3125 2599 3359 2670 quidem
3411 2597 3481 2652 ad
3552 2593 3782 2649 Domini

2083 2684 2509 2756 beneplacitum
2544 2705 2603 2743 se
2642 2690 3083 2745 conformarunt
3122 2690 3250 2759 (etsi
3279 2703 3574 2757 nunquam
3609 2687 3665 2739 id
3699 2685 3781 2739 illi

2081 2789 2149 2829 ea
2179 2793 2292 2844 qua
2322 2784 2654 2848 Oportuerat
2690 2778 2994 2849 diligentia
3027 2780 3327 2846 fecerunt).
3362 2794 3559 2831 verum
3593 2792 3781 2846 quan-

2080 2864 2179 2918 diu
2213 2866 2413 2921 saltem
2448 2868 2502 2920 in
2538 2871 2788 2935 speciem
2840 2885 2978 2923 sana
3009 2869 3067 2922 in
3100 2884 3233 2922 eum
3270 2868 3380 2921 fide
3413 2883 3474 2920 se
3518 2866 3783 2935 praeditos

2085 2959 2381 3026 utcunque
2429 2958 2721 3025 operando
2769 2965 3185 3016 monstrarunt,
3229 2955 3494 3009 columna
3544 2955 3697 3023 ignis
3728 2958 3784 3007 et

2087 3043 2267 3096 nubes
2318 3045 2578 3112 praeibat,
2654 3062 2813 3098 mare
2872 3052 3065 3098 autem
3125 3045 3193 3097 iis
3240 3044 3388 3098 dans
3444 3043 3784 3096 transituris

2085 3127 2237 3182 viam
2288 3132 2617 3197 recedebat;
2670 3132 2899 3203 ipsique
2948 3130 3391 3199 innumerisque
3442 3130 3570 3183 aliis
3599 3128 3785 3195 adiuti

2090 3219 2253 3273 miris
2284 3221 2557 3288 operibus
2591 3221 2780 3286 fuere;
2815 3223 3047 3290 quando
3080 3226 3266 3273 autem
3301 3236 3333 3275 a
3367 3219 3639 3272 ﬁdelitate
3671 3218 3787 3273 Deo

2086 3307 2281 3360 debita
2326 3307 2681 3377 defecerunt,
2738 3314 2880 3363 tunc
2926 3314 2982 3362 et
3012 3307 3278 3361 hostibus
3328 3312 3466 3361 sunt
3495 3305 3698 3374 dediti,
3731 3311 3788 3360 et

2088 3395 2232 3451 diris
2264 3398 2643 3452 servitutibus
2693 3399 2874 3452 attriti
2926 3402 3085 3452 sunt.
3118 3397 3213 3451 Sic
3252 3402 3309 3451 et
3346 3402 3409 3450 tu
3462 3406 3683 3466 reputa,
3716 3396 3788 3450 si-

2088 3485 2251 3540 milia
2326 3486 2657 3557 contingere
2713 3487 2937 3553 animae,
3002 3496 3300 3557 postquam
3373 3502 3474 3556 per
3543 3486 3786 3554 gratiam

2090 3578 2268 3628 Deum
2311 3581 2649 3644 agnoverat;
2703 3581 3012 3647 postquam
3060 3592 3092 3629 a
3139 3575 3338 3629 multis
3380 3591 3479 3644 per
3509 3590 3638 3629 eum
3670 3591 3789 3628 sor-

2090 3665 2260 3719 dibus
2320 3664 2501 3718 fuerat
2540 3664 2756 3731 abluta,
2811 3665 3127 3736 gratiisque
3178 3673 3448 3735 prasterea
3486 3672 3785 3730 exornata;

2092 3766 2226 3805 cum
2287 3749 2453 3805 ﬁdem
2513 3751 2974 3821 charitatemque
3036 3756 3117 3805 tot
3183 3750 3517 3805 nominibus
3565 3749 3788 3803 debitas

2090 3839 2307 3894 cmlesti
2358 3856 2463 3893 suo
2502 3856 2715 3909 sponso
2765 3840 2838 3893 ad
2882 3845 3206 3893 extremum
3276 3856 3389 3893 non
3441 3838 3788 3907 praestiterit,

2091 3938 2153 3984 ut
2183 3929 2406 3983 excidat
2436 3928 2571 3991 vita,
2609 3929 2776 3996 cujus
2810 3931 3094 3998 particeps
3123 3933 3247 3981 erat
3276 3927 3493 3981 effecta.
3524 3928 3601 3982 Eo
3632 3929 3787 3980 enim

2092 4032 2279 4085 usque
2314 4018 2499 4083 potest
2527 4014 2611 4068 vis
2633 4013 2881 4068 exitialis
2904 4020 3126 4068 Satanas
3153 4014 3496 4084 pertingere,
3523 4019 3584 4067 ut
3614 4015 3789 4068 etiam

2090 4120 2188 4158 eos
2223 4101 2471 4171 dejiciat,
2525 4102 2621 4172 qui
2656 4102 2728 4157 ad
2776 4107 2896 4156 tam
2929 4101 3239 4156 sublimem
3270 4101 3451 4155 istum
3487 4102 3791 4171 dignitatis

2092 4193 2482 4248 ascenderunt
2530 4193 2774 4263 apicem.
2824 4193 3098 4257 Quocirca
3154 4192 3625 4246 contendendum
3672 4195 3792 4245 tota

2092 4285 2302 4339 virtute
2347 4286 2456 4350 est,
2504 4289 2567 4337 ut
2614 4298 2747 4337 cum
2805 4282 3011 4337 timore
3060 4286 3116 4335 et
3165 4289 3410 4335 tremore
3458 4278 3793 4349 invigiletur

2093 4373 2495 4429 conservandae
2545 4372 2833 4443 spirituali
2885 4371 3044 4437 vitae;
3104 4371 3177 4426 iis
3228 4371 3494 4434 maxime,
3536 4370 3630 4439 qui
3663 4370 3790 4438 Spi-

2094 4465 2241 4518 ritus
2286 4461 2501 4516 Cbristi
2560 4460 2869 4531 participes
2916 4465 3051 4515 sunt
3099 4461 3255 4515 facti.
3308 4461 3493 4524 Quam
3553 4461 3623 4514 ad
3676 4475 3792 4513 rem

339 4548 502 4604 πάλιν
538 4547 623 4602 ἐπὶ
680 4553 778 4621 μιᾷ
825 4552 978 4624 ψυχῆ
1022 4556 1119 4617 τῆς
1171 4549 1393 4604 αἰωνίου
1440 4556 1584 4619 ζωῆς
1618 4552 1975 4625 ἐκπιπτούσῃ.

2160 4552 2418 4606 .vendum
2472 4550 2781 4618 diligenter
2827 4554 2937 4617 est,
2986 4566 3057 4603 ne
3106 4549 3242 4620 quid
3298 4549 3368 4602 ab
3436 4548 3508 4602 iis
3553 4562 3792 4616 parvum

337 4647 439 4696 aut
492 4657 768 4711 magnum
819 4642 1135 4698 oscitanter
1186 4643 1311 4708 ﬁat,
1358 4646 1509 4699 unde
1559 4645 1854 4713 contingat
1886 4644 2118 4699 Domini
2177 4642 2458 4712 Spiritum
2513 4641 2862 4694 contristari.
2909 4639 3400 4702 Quemadmodum
3437 4640 3591 4693 enim
3651 4636 3795 4690 Gau-

335 4730 489 4783 dium
548 4737 627 4785 est
676 4733 733 4784 in
782 4734 933 4798 cato,
994 4738 1055 4789 at
1097 4734 1316 4790 Veritas
1380 4739 1644 4801 testatur,
1701 4749 1863 4804 super
1927 4751 2036 4791 uno
2106 4737 2391 4804 peccatore
2443 4733 2823 4802 paenitentiam
2893 4736 3085 4800 agente
3154 4730 3255 4791 ‘5';

338 4817 592 4872 vicissim
626 4836 799 4889 super
820 4839 936 4877 una
967 4825 1163 4878 anima
1193 4825 1490 4879 excidente
1538 4826 1608 4879 ab
1640 4830 1855 4879 aeterna
1884 4826 2020 4880 vita.

414 4911 469 4963 I'.
508 4906 665 4960 Ὃταν
733 4911 885 4983 ψυχή
920 4918 1020 4980 τῆς
1069 4913 1294 4986 χάριτος
1343 4913 1678 4986 καταξιωθῇ,
1734 4915 1856 4968 τότε
1915 4911 1982 4982 δὴ

340 4994 430 5050 καὶ
489 4998 740 5070 χρήσιμα
788 5000 955 5072 ταύτῃ
1034 5001 1272 5073 μάλιστα
1326 5007 1546 5077 γνῶσις,
1605 5002 1832 5074 σύνεσις,
1893 5002 1983 5056 καὶ

343 5082 610 5158 διάκρισις
647 5104 659 5116 ·
694 5085 829 5159 ἅπερ
860 5092 989 5161 γοῦν
1023 5090 1112 5143 καὶ
1145 5090 1280 5145 αύτά
1327 5093 1455 5152 Θεὸς
1506 5089 1725 5146 δίδωσιν
1777 5090 1987 5159 ἐκείνης

343 5173 626 5244 αἰτούσης,
696 5172 833 5228 ὥστε
904 5175 1200 5250 εὐαρέστως
1276 5180 1441 5249 αὐτὴν
1520 5178 1839 5250 διακονῆσαι
1907 5186 1985 5253 τῷ

346 5264 642 5336 Πνεύματι,
675 5264 702 5316 ὃ
745 5262 831 5317 καὶ
876 5265 1187 5336 κατηξιώθη
1231 5263 1436 5337 λαϐεῖν,
1494 5271 1567 5342 μὴ
1600 5270 1986 5341 ξκλεπτομένην

341 5353 445 5406 ὕπὸ
492 5352 703 5419 κακίας,
759 5353 834 5426 μὴ
888 5351 1275 5430 σφαλλομένην
1328 5353 1395 5409 δι’
1446 5358 1728 5431 ἂγνωσίαν,
1785 5360 1858 5430 μή
1910 5362 1988 5430 τῷ

343 5438 563 5511 ἀμελεῖν
615 5442 700 5496 καὶ
753 5438 974 5517 ἀφόϐως
1023 5447 1117 5517 ζῇν
1166 5447 1669 5519 παρατρεπομένην,
1710 5446 1799 5501 καὶ
1840 5450 1983 5524 παρὰ⁹

340 5530 402 5583 τὸ
433 5532 756 5587 Δεσποτικόν
788 5552 840 5587 τι
871 5530 1336 5609 διαπραττομένην
1371 5533 1607 5608 θέλημα.

356 5711 402 5748 δ’
429 5709 568 5770 Luc.
597 5727 688 5785 xv,
724 5714 811 5773 1ο.

3321 4728 3403 4783 sic
3469 4731 3526 4781 et
3583 4741 3797 4780 mceror

2166 4914 2228 4968 Χ.
2279 4912 2521 4976 Quando
2571 4913 2767 4983 gratias
2812 4911 3210 4983 dignationem
3249 4907 3538 4979 acceperit
3576 4906 3791 4975 anima,

2093 5004 2233 5055 tunc
2276 5000 2327 5054 ei
2369 5003 2620 5055 maxime
2656 5001 2827 5054 utiles
2872 5006 3011 5054 sunt
3062 4998 3327 5061 scientia,
3382 4996 3689 5066 prudentia
3738 4997 3795 5048 et

2092 5089 2393 5157 discretio;
2428 5106 2574 5159 quas
2622 5094 2924 5159 propterea
2981 5088 3104 5158 ipas
3136 5103 3227 5141 res
3278 5087 3426 5141 Deus
3469 5084 3576 5150 illi,
3618 5085 3789 5139 dum-

2094 5180 2265 5233 modo
2317 5179 2588 5250 postulet,
2649 5179 2906 5242 largitur,
2981 5184 3045 5233 ut
3092 5178 3161 5231 ad
3209 5176 3639 5247 beneplacitum
3694 5187 3793 5243 per

2094 5268 2197 5323 has
2241 5268 2419 5338 possit
2448 5268 2658 5323 servire
2699 5268 2961 5338 Spiritui,
3013 5268 3167 5338 quod
3212 5276 3271 5321 ut
3301 5266 3533 5325 faceret.
3568 5270 3658 5316 est
3706 5260 3793 5314 illi

2092 5374 2193 5427 per
2240 5358 2488 5427 gratiam
2528 5357 2852 5425 indultum;
2900 5358 2957 5411 in
3014 5373 3129 5427 quo
3180 5373 3376 5410 cavere
3408 5352 3649 5408 sollicite
3690 5349 3794 5403 de-

2091 5446 2209 5512 bet,
2245 5447 2397 5503 212
2431 5462 2501 5502 ne
2532 5446 2613 5502 illi
2645 5448 2925 5520 subrepat
2972 5447 3257 5502 insidians
3307 5445 3503 5497 innata
3543 5438 3791 5505 malitia,

2094 5555 2165 5596 ne
2208 5538 2442 5596 labatur
2484 5555 2585 5612 per
2627 5541 3053 5618 ignorantiam;
3090 5553 3159 5594 ne
3207 5534 3446 5605 idcirco,
3489 5531 3639 5603 quod
3690 5545 3791 5588 ne-
