4076 6280
314 326 433 386 943

1786 324 2108 383 MACARII
2153 320 2486 380 [Eiin’Tll

3659 313 3782 371 944

316 459 601 532 gligenter
649 461 706 512 et
762 456 887 513 sine
931 455 1141 513 timore
1199 455 1371 525 vivat,
1435 459 1797 527 pervertatur
1869 457 1940 513 ad
1983 454 2204 526 aliquid
2273 453 2585 525 agendum,
2659 449 2808 522 quod
2848 447 3078 506 Domini
3128 446 3412 504 voluntati
3478 463 3593 503 non
3643 462 3780 503 con-

321 554 512 621 gruat.

387 639 460 696 Xl
492 640 653 696 Sicut
677 639 929 709 Operatio
969 638 1301 706 affectuum,
1347 654 1472 708 qua
1513 643 1601 693 est
1640 639 1882 710 spiritus
1931 654 2018 694 er-
2052 641 2104 708 Α

319 731 486 798 roris,
538 729 904 784 tenebrarum
968 737 1022 782 et
1083 726 1299 798 peccati
1351 729 1635 784 mundum
1686 729 1843 785 hunc
1891 729 2017 783 ani-

318 835 506 888 mans,
558 821 615 873 in
666 835 732 873 eo
781 816 1144 872 domicilium
1193 817 1416 872 obtinet
1473 818 1729 883 homine,
1761 821 1862 890 qui
1894 819 2018 889 ple-

314 925 427 964 nus
475 912 662 977 turget
727 905 957 960 dictatis
1012 907 1310 975 sapientiae
1347 908 1628 974 carnalis;
1677 908 1758 962 ita
1798 925 1827 962 e
1879 925 2018 962 con-

313 995 510 1062 trario,
560 994 645 1050 vis
694 998 749 1048 et
787 993 1043 1064 operatio
1087 995 1263 1049 lucidi
1348 994 1602 1064 Spiritus
1660 995 1719 1050 in
1781 995 2018 1052 homine

310 1083 672 1140 sanctilicato
735 1082 963 1138 habitat
1006 1099 1021 1150 ;
1057 1083 1228 1152 juxta
1278 1083 1564 1138 dicentem
1610 1101 1623 1138 :
1673 1086 1755 1139 An
1797 1085 2014 1152 experi-

305 1178 554 1227 mentum
583 1173 830 1242 quaeritis
868 1172 1007 1240 ejus,
1040 1171 1138 1243 qui
1190 1173 1247 1224 in
1290 1187 1374 1226 me
1403 1171 1671 1244 loquitur,
1705 1173 1912 1228 Christi
1942 1173 2018 1227 ‘3?

307 1263 370 1316 Et
411 1279 654 1318 rursus:
711 1261 847 1316 Vivo
895 1271 1078 1316 autem
1121 1262 1241 1331 jam
1302 1278 1411 1315 non
1480 1278 1573 1332 ego
1624 1281 1640 1317 :
1690 1265 1828 1318 vivit
1893 1279 2018 1320 vero

309 1350 366 1403 in
399 1367 482 1404 me
513 1350 756 1404 Christus
786 1349 848 1402 “.
880 1349 948 1404 Et
977 1365 988 1402 :
1046 1349 1364 1419 Quicunque
1389 1353 1444 1402 in
1478 1350 1693 1406 Christo
1749 1352 2019 1421 buptizati

307 1440 454 1503 estis,
504 1438 786 1492 Christum
831 1437 1088 1491 induistis
1127 1438 1192 1490 ⁸⁸.
1233 1437 1302 1492 Et
1335 1439 1617 1493 Dominus
1669 1457 1682 1494 :
1733 1439 2016 1494 Veniemus

307 1543 406 1597 ego
436 1532 488 1581 et
517 1527 683 1580 Pater
714 1541 886 1593 meus,
910 1531 960 1580 et
990 1525 1335 1581 mansionem
1364 1527 1508 1598 apud
1557 1543 1682 1582 eum
1728 1531 2014 1597 faciemus.

313 1622 442 1673 Haec
491 1634 607 1672 non
649 1619 917 1683 obscure,
973 1633 1158 1687 neque
1215 1619 1426 1687 otiose,
1458 1619 1562 1673 sed
1617 1620 1679 1676 in
1717 1621 1934 1676 virtute
1960 1626 2018 1676 et

311 1709 549 1762 veritate
597 1706 690 1770 iis,
731 1706 831 1777 qui
887 1707 1044 1778 digni
1081 1707 1391 1775 habentur,
1435 1709 1655 1764 insunt.
1705 1709 1816 1764 Lex
1857 1711 2014 1765 enim

311 1798 472 1869 prius
517 1812 785 1852 sermone
813 1802 1048 1868 experte
1079 1798 1416 1852 substantiae
1449 1799 1777 1855 instruebat
1821 1801 2017 1856 homi—

305 1903 430 1950 nes,
463 1902 635 1959 grave
676 1886 821 1956 ipsis
869 1892 923 1940 et
987 1886 1356 1957 importabile
1415 1889 1723 1960 imponens
1771 1891 2010 1962 jugum,

307 1985 356 2032 cl
411 1975 639 2031 nullum
690 1975 884 2031 valens
927 1977 1214 2048 porrigere
1261 1977 1575 2044 auxilium;
1631 1995 1698 2034 ex
1737 1995 1803 2034 eo
1854 1981 2009 2051 quod

305 2084 418 2121 non
469 2072 669 2137 posset
738 2067 1008 2121 virtutem
1075 2067 1334 2137 Spiritus
1382 2069 1666 2123 conferre.
1717 2071 1880 2123 Sicut
1939 2071 2020 2125 ait

322 2157 573 2212 Paulus:
608 2156 744 2210 Nam
773 2156 914 2227 quod
952 2156 1290 2227 impossibile
1340 2161 1459 2211 erat
1498 2157 1626 2224 tegi,
1679 2157 1740 2213 in
1789 2175 1894 2230 quo
1923 2162 2021 2214 in-

322 2246 647 2313 ﬁrmabatur
691 2262 788 2314 per
838 2262 1056 2301 carnem
1100 2245 1166 2313 ‘7,
1217 2251 1326 2302 etc.
1375 2247 1459 2301 Ab
1528 2251 1772 2304 adventu
1828 2255 2024 2305 autem

325 2333 540 2390 Christi
585 2335 798 2390 ostium
839 2336 1038 2406 gratiae
1091 2335 1462 2391 credentibus
1495 2337 1553 2390 in
1594 2337 1836 2392 veritate
1865 2355 2023 2407 aper-

321 2428 439 2479 tum
484 2434 600 2494 est;
656 2424 873 2498 Deique
923 2429 1110 2482 virtus
1161 2431 1215 2483 et
1259 2429 1510 2498 operatio
1561 2428 1814 2500 Spiritus
1876 2429 2021 2500 ipsis

318 2515 740 2585 suppeditatur.

389 2686 510 2742 XII.
536 2686 848 2758 Postquam
884 2687 1173 2753 Christus,
1224 2691 1410 2760 prima
1438 2695 1495 2746 et
1526 2690 1810 2746 naturalis
1845 2691 2023 2746 boni-

319 2779 427 2842 tas,
479 2775 702 2830 donum
751 2775 1008 2844 Spiritus
1047 2777 1259 2832 divinis
1309 2779 1634 2833 transmisit
1666 2780 2019 2850 discipulis;

318 2865 522 2919 exinde
551 2864 927 2920 credentibus
959 2864 1152 2920 divine
1193 2865 1293 2921 illa
1324 2866 1507 2922 virtus
1545 2867 1934 2938 obumbrans,
1966 2873 2024 2925 et

317 2970 513 3009 eorum
546 2953 883 3010 inhabitans
917 2955 1164 3023 animas,
1217 2957 1486 3012 medetur
1526 2959 1760 3028 quidem
1805 2961 2020 3030 passio-

321 3044 492 3100 nibus
539 3047 780 3115 peccati,
828 3047 1084 3102 tenebris
1117 3056 1308 3103 autem
1350 3052 1407 3104 et
1453 3055 1638 3104 morte
1685 3050 1844 3121 ipsos
1875 3051 2022 3106 lihe-

320 3143 424 3191 rat.
471 3136 722 3192 Eatenus
771 3137 989 3208 quippe
1019 3143 1075 3193 et
1125 3138 1425 3194 vulnerata
1455 3144 1511 3195 et
1561 3156 1788 3196 carcere
1819 3140 2018 3196 clausa

315 3229 438 3278 erat
486 3227 698 3294 anima,
750 3231 806 3281 et
869 3227 1119 3298 caligine
1178 3231 1398 3298 peccati
1441 3228 1698 3300 undique
1757 3247 2015 3301 compre—

315 3312 519 3368 hensa.
554 3313 816 3384 Denique
849 3331 1003 3369 nunc
1042 3333 1275 3388 quoque
1323 3317 1515 3372 anima
1575 3319 1836 3373 nondum
1892 3336 2020 3390 gra-

2207 638 2543 706 1Α’.”Ωσττερ
2605 637 2638 702 ἡ
2682 631 2912 708 ἐνέργεια
2964 637 3070 686 τῶν
3123 633 3328 699 παθῶν,
3376 628 3510 705 ὅπερ
3557 629 3667 684 ἐστὶ
3717 630 3777 685 τὸ

2126 726 2419 801 ἐγκὸσμιον
2477 728 2685 795 πνεῦμα
2741 729 2842 791 τῆς
2903 722 3140 790 πλάνης,
3199 724 3296 774 τοῦ
3373 719 3602 782 σκότους
3676 727 3775 788 τῆς

2126 815 2413 888 ἁμαρτίας,
2466 814 2736 888 ἀνθρώπῳ
2782 811 3016 884 τοιούτῳ
3065 809 3122 864 ἃν
3176 810 3534 880 ἐνοικήσειεν,
3567 810 3627 871 ὃς
3659 807 3776 863 διά-

2125 903 2307 966 πλεώς
2340 905 2448 958 ἐστι
2482 904 2830 980 φρονήματος
2865 903 3122 975 σαρκικοῦ
3159 921 3170 932 ο
3205 899 3350 954 οὕτω
3384 897 3546 953 πάλιν
3570 901 3604 968 ἡ
3635 898 3776 971 ἐνέρ-

2124 993 2242 1070 γειά
2271 1014 2326 1047 τε
2367 993 2454 1047 καὶ
2489 990 2714 1064 δύναμις
2745 995 2839 1044 τοῦ
2891 993 3156 1067 φωτεινοῦ
3206 989 3516 1061 [Ινεύματος
3565 989 3774 1061 ἀνθρώ-

2127 1103 2214 1154 πῳ
2258 1084 2335 1154 τῷ
2379 1083 2686 1156 ἀγιασθὲντι
2732 1083 3060 1156 ἒγκατοικεῖ,
3091 1079 3227 1133 κατᾶ
3275 1079 3368 1133 τὸν
3399 1078 3618 1133 εἰπόντα
3651 1097 3662 1110 ·
3714 1077 3771 1132 ΕΞ

2127 1169 2363 1243 δοκιμὴν
2426 1177 2634 1240 ζητεῖτε
2692 1174 2787 1222 τοῦ
2841 1168 2892 1223 ἐν
2950 1167 3076 1241 ἐμοῖ
3126 1165 3431 1229 λαλοῦντος
3489 1171 3772 1240 Χριστοῦς

2125 1261 2213 1315 καὶ
2257 1259 2406 1322 αὖθις
2442 1279 2453 1290 “
2489 1264 2572 1314 Ζῶ
2606 1257 2661 1314 δὲ
2701 1259 2802 1314 οὐκ
2832 1253 2906 1312 ἔτι
2959 1257 3090 1332 ἐγὼ,
3227 1255 3284 1312 δὲ
3336 1256 3388 1312 ἐν
3446 1256 3574 1330 ἐμοὶ
3632 1260 3771 1332 Χρι-

2128 1349 2248 1411 στός
2293 1367 2305 1379 ·
2381 1350 2493 1416 καὶ,
2569 1350 2727 1405 "Osci
2805 1344 2861 1402 δὲ
2928 1346 3002 1408 εἷς
3081 1347 3311 1419 Χριστὸν
3392 1340 3773 1416 ἐϐαπτίσθητε,

2125 1442 2362 1513 Χριστύν
2430 1436 2742 1492 ἐνεδύσασθε
2784 1455 2796 1467 ⁸
2849 1436 2940 1489 καὶ
2999 1436 3025 1490 ὁ
3083 1435 3285 1508 Κύριος
3339 1455 3350 1467 ⁸
3413 1432 3774 1506 Ἐλευσύμεθα

2125 1525 2234 1603 ἐγώ
2291 1548 2348 1580 τε
2404 1527 2493 1581 καὶ
2553 1528 2580 1579 ὁ
2630 1527 2815 1600 Πατήρ
2877 1545 3003 1595 μου,
3058 1523 3150 1578 καὶ
3211 1525 3384 1596 μονὴν
3444 1524 3571 1597 παρ’
3623 1523 3772 1592 αὐτῷ

2123 1618 2454 1688 ποιήσομεν.
2513 1619 2688 1670 Ταῦτα
2756 1613 2854 1667 οὐκ
2909 1611 3156 1682 ἀδήλως,
3234 1609 3349 1666 οὐδ’
3436 1611 3772 1686 ἀνεργήτως,

2126 1703 2250 1760 αλλ’
2310 1704 2360 1759 ἐν
2415 1702 2636 1776 δυνάμει
2694 1703 2785 1757 καὶ
2854 1703 3086 1772 ἀληθεία
3147 1707 3261 1763 τοῖς
3330 1701 3772 1772 καταξιουμένοις

2124 1795 2410 1869 ἐγγίνεται.
2462 1795 2524 1850 ⁸0
2577 1795 2668 1867 μὲν
2723 1794 2822 1868 γὰρ
2867 1793 3034 1864 νόμος
3074 1793 3135 1846 τὸ
3181 1792 3441 1866 πρότερον
3491 1789 3638 1866 λόγῳ
3675 1790 3766 1844 ἂν·

2123 1886 2409 1956 υποστσὶτιρ
2454 1882 2741 1960 ἐπέστρεφε
2795 1883 2921 1945 τοὺς
2987 1881 3329 1953 ἀνθρώπους,
3365 1881 3536 1954 βαρὸν
3587 1881 3766 1941 αὐτοῖς

2122 1975 2210 2028 καὶ
2269 1971 2606 2052 δυσφόρητον
2665 1973 2923 2033 ἐπιτιθεὶς
2984 1973 3076 2026 τὸν
3128 1971 3312 2047 ζυγὸν,
3355 1968 3445 2024 καὶ
3500 1967 3766 2041 μηδεμίαν

2129 2061 2284 2126 εἲδὼς
2317 2062 2522 2138 ὀρέγειν
2558 2063 2832 2137 βοήθειαν,
2865 2065 3023 2115 τοῦτο
3057 2058 3113 2114 δὲ
3142 2059 3287 2133 παρὰ
3323 2059 3385 2113 τὸ
3422 2061 3498 2132 μη
3533 2056 3770 2120 δυνατῶς

2128 2146 2273 2225 ἔχειν
2307 2153 2404 2219 τήν
2445 2155 2540 2205 τοῦ
2591 2151 2898 2222 Πνεύματος
2939 2147 3168 2223 δύναμιν
3203 2147 3463 2222 παρέχειν
3497 2167 3508 2178 ’
3543 2149 3611 2203 Τὸ
3667 2147 3768 2223 γὰρ

2128 2239 2412 2308 ἀδύνατον,
2455 2241 2584 2315 φησί
2633 2244 2729 2294 τοῦ
2777 2240 2945 2311 νόμου
3006 2239 3056 2292 ἐν
3117 2239 3161 2310 ᾧ
3221 2236 3437 2306 ἠσθένει
3502 2233 3589 2290 διὰ
3669 2245 3768 2306 τῆς

2127 2332 2342 2404 σαρκὸς,
2377 2329 2466 2382 καὶ
2523 2329 2664 2399 ἑξῆς.
2699 2329 2832 2384 Ἀπὸ
2892 2325 2948 2382 δὲ
3002 2335 3100 2396 τῆς
3165 2328 3395 2400 Χριστοῦ
3449 2329 3774 2399 παρουσίας,

2128 2422 2162 2488 ἡ
2197 2418 2331 2493 θύρα
2376 2426 2474 2488 τῆς
2529 2418 2753 2493 χάριτος
2793 2424 2908 2479 τοῖς
2960 2418 3008 2471 ἐν
3063 2416 3292 2488 ἀληθείᾳ
3348 2417 3659 2472 πιστεύσασι
3695 2414 3772 2471 δι-

2127 2509 2388 2583 ηνοίχθη,
2450 2506 2678 2581 δύναμίς
2735 2529 2792 2562 τε
2841 2511 2974 2561 Θεοῦ
3022 2507 3112 2562 καὶ
3170 2505 3399 2581 ἒνέργεια
3460 2508 3766 2580 Πνεύματος

2127 2598 2310 2660 αὐτοῖς
2344 2603 2687 2676 χορηγεῖται.

2199 2690 2293 2744 ΙΒ’.
2356 2693 2620 2762 Χριστοῦ,
2677 2691 2774 2756 τῆς
2833 2689 3060 2762 πρώτης
3118 2686 3207 2742 καὶ
3286 2694 3512 2765 φυσικῆς
3581 2687 3768 2760 ἀγαθό-

2124 2799 2309 2848 τητος,
2342 2781 2438 2847 τὴν
2476 2775 2677 2851 δωρεὰν
2707 2782 2801 2832 τοῦ
2835 2778 3143 2851 Πνεύματος
3175 2784 3291 2840 τοῖς
3336 2778 3491 2838 θείοις
3521 2775 3753 2847 διαπέμ-

2127 2872 2323 2941 ψαντος
2402 2871 2694 2942 μαθηταῖς,
2753 2867 2954 2924 ἐκεῖθεν
3030 2870 3194 2924 ἅπασι
3253 2875 3370 2931 τοῖς
3424 2888 3756 2923 πιττευουσιν

2212 2956 2327 3021 θεία
2368 2954 2596 3029 δύναμις
2648 2957 2820 3029 ἐκείνη
2878 2957 3283 3029 ἐπισκιάζουσα,
3323 2960 3414 3013 καὶ
3466 2964 3580 3019 ταῖς
3631 2955 3768 3011 ὲκεί-

2123 3067 2228 3100 νων
2279 3045 2669 3120 ἐγκατοικοῦσα
2715 3049 2941 3120 ψυχαῖς,
2991 3046 3108 3100 ἰᾶτο
3173 3047 3264 3120 μὲν
3317 3051 3422 3101 τῶν
3455 3049 3635 3101 παθῶν
3665 3053 3768 3116 τῆς

2125 3136 2412 3210 ἁμαρτίας,
2442 3140 2538 3190 τοῦ
2588 3136 2812 3198 σκότους
2857 3135 2914 3191 δὲ
2952 3137 3040 3191 καὶ
3089 3144 3189 3206 τῆς
3223 3139 3538 3213 νεκρώσεως
3576 3137 3771 3198 αὐτοὺς

2123 3225 2487 3296 ἀπ’ίίλλαττεο
2531 3225 2620 3279 καὶ
2677 3227 2777 3300 γὰρ
2831 3225 2995 3301 μέχρι
3054 3229 3175 3282 τότε
3230 3227 3658 3301 τετραυματιστό
3717 3248 3776 3281 τε

2129 3316 2220 3369 καὶ
2253 3317 2623 3394 πεφυλάκιστο
2656 3317 2689 3383 ἡ
2724 3317 2874 3390 ψυχὴ
2926 3316 3014 3370 καὶ
3047 3320 3126 3386 τῷ
3175 3318 3326 3394 ζόφῳ
3356 3319 3454 3385 τῆς
3506 3316 3772 3391 ἁμαρτίας

322 3400 458 3454 tiam
493 3402 700 3456 sortita
722 3379 1153 3459 inhabitantem
1179 3379 1245 3460 in
1279 3422 1340 3460 se
1373 3406 1686 3462 Dominum
1726 3379 2018 3478 habendi;

2133 3405 2370 3479 κάτοχος
2403 3405 2491 3473 ἦν.
2528 3403 2748 3476 Ἀμέλει
2806 3404 2892 3458 καὶ
2952 3408 3042 3458 νῦν
3103 3407 3256 3484 ψυχὴ
3309 3408 3479 3478 μήπω
3532 3407 3776 3460 σύνοικον

316 3502 420 3542 nec
444 3487 503 3541 in
537 3503 598 3542 se
633 3490 839 3544 intime
870 3491 1156 3546 sentiendi
1192 3494 1601 3550 informantem
1635 3497 2020 3553 animantem-

311 3589 418 3645 que
467 3591 614 3641 sese,
659 3592 725 3630 ac
775 3578 1006 3646 penitus
1056 3579 1458 3634 fecundantem
1490 3584 1649 3637 omni
1689 3586 2021 3654 operatione

309 3664 582 3717 virtutem
613 3664 866 3734 Spiritus
917 3667 1117 3734 divini,
1154 3667 1210 3722 in
1243 3671 1498 3724 tenebris
1528 3670 1716 3726 adhuc
1746 3680 1857 3729 est.
1883 3675 2020 3740 Qui-

311 3752 421 3806 bus
455 3757 648 3806 autem
683 3753 861 3808 divini
894 3754 1149 3824 Spiritus
1181 3760 1517 3828 supervenit
1547 3763 1753 3832 gratia,
1789 3767 1845 3817 et
1887 3763 2023 3821 imis

310 3841 524 3895 menti-3
569 3841 831 3911 ipsorum
877 3845 1271 3915 penetralibus
1322 3847 1568 3910 insedit;
1605 3850 1697 3905 his
1729 3869 1868 3907 sane
1910 3854 2016 3910 Do-

313 3934 509 3988 minus
559 3936 679 3991 vice
723 3937 930 3991 animaa
981 3947 1085 3992 est.
1139 3940 1246 4007 Qui
1290 3943 1439 3995 enim
1478 3943 1718 3998 adhaeret
1749 3945 1868 4000 Deo
1907 3948 2020 4003 (di-

313 4023 482 4079 vinus
511 4025 593 4079 ait
622 4027 976 4097 Apostolus),
1023 4029 1085 4083 in
1130 4046 1304 4084 unum
1333 4047 1462 4086 cum
1499 4049 1560 4087 eo
1599 4038 1860 4092 coalescet
1892 4038 2017 4109 Spi-

306 4115 483 4169 ritum
513 4114 575 4169 ⁶⁸.
611 4116 676 4169 Et
703 4115 828 4184 ipse
861 4117 1163 4187 Dominus,
1196 4120 1348 4174 Sicut
1397 4127 1478 4186 tu,
1514 4123 1697 4192 Pater,
1729 4126 1786 4179 in
1829 4144 1935 4190 me,
1967 4131 2017 4182 et

305 4217 398 4272 ego
431 4205 488 4257 in.
518 4213 590 4270 te,
627 4204 707 4259 ita
737 4211 793 4258 et
822 4207 933 4276 ipsi
981 4206 1042 4261 in
1074 4207 1226 4262 nobis
1259 4224 1432 4263 unum
1474 4207 1588 4262 sint
1620 4209 1686 4262 ‘9.
1714 4211 1756 4266 Ο
1792 4212 2012 4270 bonita~

311 4299 422 4346 tom
457 4298 514 4347 et
578 4295 978 4364 dignationem
1032 4297 1323 4352 indultam
1385 4304 1613 4353 tantum
1665 4302 2018 4372 depressasa

304 4378 530 4434 malitia
578 4381 883 4437 hominum
942 4385 1220 4440 naturas!
1276 4386 1561 4441 Caeterum
1641 4390 1722 4444 uti
1781 4395 2016 4462 quando

303 4467 574 4539 pravitati
624 4469 898 4526 vitiorum
947 4473 1300 4541 adhaerebat,
1352 4478 1569 4542 anima,
1604 4493 1784 4533 unum
1837 4481 2018 4538 idem-

307 4572 420 4628 que
476 4558 644 4629 quasi
687 4575 820 4615 cum
874 4561 1016 4633 ipsis
1057 4567 1208 4632 erat;
1245 4568 1300 4619 et
1349 4581 1687 4636 quanquam
1722 4571 2015 4640 prapriam

305 4647 556 4704 habebat
604 4649 984 4718 voluntatem,
1041 4660 1235 4710 tamen
1285 4657 1436 4726 quod
1489 4655 1572 4710 illi
1622 4658 1876 4725 lubebat,
1915 4677 2018 4716 ne-

2135 3491 2281 3568 ἔχειν
2313 3494 2598 3563 ἀξιωθεῖσα
2645 3493 2736 3547 τὸν
2797 3493 3016 3565 Κύριον,
3081 3492 3222 3567 μηδέ
3276 3496 3375 3563 τήν
3429 3499 3526 3549 τοῦ
3570 3494 3777 3570 ἀγαθοῦ

2135 3583 2446 3652 ΙΙνεύματος
2487 3581 2713 3654 δύναμιν
2774 3581 3132 3657 ἐνεργητικῶς
3187 3585 3323 3657 αὐτῇ
3373 3585 3462 3638 καὶ
3507 3585 3644 3639 κατὰ
3672 3589 3778 3638 πᾶ-

2134 3693 2226 3726 σαν
2279 3671 2503 3745 δύναμιν
2553 3674 2642 3727 καὶ
2692 3673 3071 3753 πληροφορίαν
3112 3674 3578 3745 ἐπισκηνώσασαν,
3613 3673 3662 3729 ἐν
3701 3673 3778 3745 τῷ

2132 3765 2310 3818 σκύτει
2341 3763 2482 3819 ἐστίν
2515 3784 2528 3797 ο
2564 3767 2644 3826 οἷς
2675 3763 2731 3818 δὲ
2761 3770 2854 3818 τοῦ
2907 3765 3052 3820 θείου
3105 3765 3412 3840 Πνεύματος
3452 3765 3778 3844 ἐπεφοίτησε

2135 3855 2316 3928 χσὶρις⁵
2359 3853 2446 3907 καὶ
2494 3858 2610 3914 τοῖς
2663 3855 2982 3928 βαθυτάτοις
3031 3860 3128 3909 τοῦ
3178 3857 3301 3917 νοὸς
3349 3855 3522 3909 αὐτῶν
3593 3854 3779 3929 ἐγκατο

2131 3943 2332 4013 ώκησε,
2391 3942 2605 4003 τούτοις
2666 3940 2730 4011 δὴ
2783 3944 2870 3998 καὶ
2904 3944 2930 3998 ὁ
2983 3945 3177 4018 Κύριος
3228 3945 3303 4006 ὡς
3333 3947 3488 4019 ψυχὴ
3520 3945 3772 4020 γίνεται·

2126 4034 2191 4089 Ὀ
2232 4034 2336 4107 γὰρ
2379 4031 2736 4105 κολλώμενος
2784 4039 2862 4104 τῷ
2909 4035 3110 4108 Κυρίῳ,
3160 4035 3187 4088 ὁ
3229 4035 3370 4096 θεῖός
3403 4055 3564 4113 φησιν
3610 4036 3775 4090 Ἀπό-

3109 4124 3200 4178 καὶ
3241 4125 3400 4186 αὑτὸς
3448 4122 3506 4180 δὲ
3572 4127 3600 4180 ὁ
3668 4124 3774 4179 Κύ-

2129 4234 2287 4288 ριος·
2321 4217 2523 4286 ’Ὠσπερ
2574 4213 2682 4290 ἐγὼ
2732 4216 2820 4270 καὶ
2869 4215 2930 4270 σὺ
2985 4212 3039 4270 ἓν
3100 4216 3281 4290 ἐσμεν,
3335 4215 3424 4271 Ἵνα
3483 4219 3570 4272 καὶ
3623 4217 3771 4272 οὗτοι

2128 4303 2180 4358 ἐν
2235 4306 2368 4376 ἡμῖν
2400 4303 2454 4357 ἓν
2513 4302 2666 4360 ὦσιν.
2729 4311 2795 4359 Ὤ
2852 4304 3189 4379 ἄγαθὸτητος
3245 4308 3336 4361 καὶ
3396 4304 3641 4369 εὐδοκίας
3705 4309 3770 4374 ἧς

2127 4389 2316 4466 ἔτυχεν
2363 4392 2396 4457 ἡ
2459 4391 2599 4445 οὕτω
2653 4393 2788 4465 πρὸς
2845 4396 2944 4462 τῆς
2983 4395 3172 4458 κακίας
3228 4399 3613 4452 ταπεινωθεῖσα
3659 4401 3766 4451 τῶν

2127 4479 2426 4552 ἀνθρώπων
2461 4479 2616 4556 φύσις
2653 4482 2664 4536 l
2702 4480 2854 4550 Πλὴν
2897 4481 3022 4536 ἀλλ’
3055 4483 3171 4538 ἐπεὶ
3219 4486 3306 4538 καὶ
3363 4489 3432 4559 τῇ
3496 4484 3764 4561 μοχθηρίᾳ

2126 4574 2232 4623 τῶν
2289 4571 2473 4623 παθῶν
2528 4571 2562 4636 ἡ
2615 4571 2767 4644 ψυχὴ
2823 4575 3053 4626 συνοῦσα
3098 4572 3154 4628 ’ἐν
3203 4571 3384 4646 ὥσπερ
3440 4576 3553 4648 μετ’
3600 4574 3766 4643 αὐτῆς

2125 4661 2215 4727 ἧν,
2249 4659 2342 4715 κᾶν
2402 4659 2539 4721 ἴδιος
2597 4661 2712 4734 εἶχε
2769 4661 3009 4736 θέλημα,
3068 4661 3212 4718 ἀλλᾶ
3268 4666 3330 4720 τὸ
3391 4663 3585 4722 δοκοῦν
3633 4667 3769 4740 αῦτῇ

2130 4121 2347 4191 στολος,
2382 4122 2455 4183 εἷς
2499 4121 2552 4175 ἓν
2603 4127 2812 4196 πνεῦμα
2854 4119 3000 4178 ἔσται
3037 4143 3047 4155 ·

301 4738 506 4807 quibat
537 4740 740 4797 facere.
794 4743 957 4808 Quod
1013 4749 1073 4798 et
1104 4743 1315 4799 Paulus
1364 4746 1434 4801 de
1466 4762 1527 4802 se
1561 4747 1636 4800 ait
1671 4749 1827 4803 :Non
1866 4749 2016 4805 enim

2130 4756 2296 4804 ποιεῖν
2345 4749 2442 4804 οὐκ
2472 4747 2712 4804 ἐδύνατο.
2761 4752 2827 4807 Ὃ
2883 4753 2973 4806 καὶ
3034 4752 3246 4816 Παῦλὸς
3283 4777 3482 4833 φησιν·
3544 4758 3618 4812 Οὐ
3671 4759 3772 4833 γὰρ

301 4828 445 4894 quod
494 4829 611 4884 volo
662 4829 759 4884 hoc
805 4833 952 4898 facio
999 4831 1079 4902 5°;
1133 4843 1349 4905 quanto
1407 4836 1605 4906 utique
1683 4840 1868 4908 magis
1917 4839 2017 4895 Dei

302 4913 517 4969 virtute
561 4931 695 4971 cum
752 4921 1117 4975 sanctiﬁcata
1166 4928 1221 4977 et
1269 4923 1446 4993 digna
1492 4941 1558 4980 eo
1609 4925 1761 4980 facta
1819 4929 2018 4983 anima

305 5001 705 5070 conveniente,
758 5005 815 5059 in
884 5023 1060 5062 unam
1112 5008 1211 5062 illa
1279 5027 1410 5065 cum
1479 5011 1595 5068 Deo
1657 5012 2016 5070 voluntatem

307 5087 465 5143 erit?
516 5089 605 5144 Fit
655 5092 810 5147 enim
860 5095 1058 5150 anima
1098 5102 1239 5152 tunc
1282 5115 1412 5154 vere
1463 5101 1630 5172 quasi
1663 5103 1860 5158 anima
1892 5103 2013 5172 Dei,

307 5193 410 5250 per
454 5179 560 5234 hoc
613 5181 766 5250 quod
819 5188 1048 5252 sponte,
1104 5193 1155 5241 et
1226 5203 1293 5243 ex
1344 5191 1638 5261 proposito
1687 5192 1908 5262 regenti
1959 5209 2016 5249 se

309 5269 606 5325 submittit
647 5270 778 5325 boni
821 5273 1073 5342 Spiritus
1106 5275 1332 5346 virtuti;
1385 5285 1439 5336 et
1489 5297 1588 5349 per
1638 5281 1884 5351 propriae
1927 5298 2018 5337 vo-

311 5355 555 5417 luntatis
625 5363 746 5418 vias
815 5379 932 5418 non
996 5364 1245 5436 amplius
1313 5369 1598 5426 ambulat.
1665 5372 1802 5439 Quis
1865 5373 2015 5428 enim

385 5553 431 5586 ⁴³³
556 5557 704 5631 _Cor.
754 5577 877 5627 xm,
926 5559 978 5615 3.
1057 5559 1102 5594 ⁴⁴
1152 5560 1275 5617 Gal.
1329 5580 1392 5631 ιι,
1430 5565 1519 5619 20.

316 5625 400 5679 17.
481 5626 526 5660 ‘9
546 5627 713 5684 Joan.
747 5625 883 5699 xvu,
915 5633 1005 5686 21.
1040 5633 1085 5668 ⁵ο
1118 5633 1282 5689 Rom.
1319 5625 1439 5703 v1i1,
1479 5637 1501 5689 1

1598 5565 1645 5599 ⁴⁵
1691 5567 1812 5622 Gal.
1865 5583 1950 5637 ιιι,
2007 5567 2098 5622 27.

2127 4839 2156 4894 ὃ
2189 4838 2332 4893 θέλω
2379 4844 2540 4892 τοῦτο
2597 4844 2740 4893 ποιῶ
2776 4860 2786 4872 ·
2823 4841 2978 4914 πόσῳ
3025 4863 3085 4918 γε
3119 4843 3331 4915 μᾶλλον
3380 4853 3480 4916 τῆς
3511 4851 3607 4902 τοῦ
3641 4850 3772 4902 Θεοῦ

2129 4925 2408 5000 δυνάμεως
2437 4932 2504 5001 τῇ
2539 4929 2852 5004 ἁγιασθείσῃ
2911 4933 3001 4985 καὶ
3058 4933 3180 5006 ἀξίᾳ
3232 4935 3430 4989 τούτου
3478 4939 3772 5010 γεγενημέ-

2127 5035 2191 5086 νῃ
2227 5017 2380 5087 ψυχῇ
2414 5013 2794 5086 συνελθούσης,
2830 5017 2903 5078 είς
2951 5017 3005 5072 ἓν
3053 5019 3200 5091 αὐτῷ
3250 5018 3397 5075 ἔσται
3452 5024 3514 5076 τὸ
3571 5024 3770 5078 τούτου

2129 5102 2390 5172 θέλημα;
2449 5103 2651 5176 γίνεται
2711 5107 2813 5180 γὰρ
2863 5109 2896 5176 ἡ
2949 5109 3101 5184 χυχή
3145 5110 3270 5165 τότε
3327 5113 3462 5183 πρὸς
3517 5111 3773 5182 ἀλήθειαν

2129 5192 2201 5251 ὡς
2235 5193 2385 5266 ψυχή
2430 5195 2524 5245 τοῦ
2574 5197 2777 5266 Κυρίου
2813 5214 2825 5226 ·
2857 5200 2936 5268 τῷ
2993 5197 3166 5252 ἑκοντὶ
3219 5199 3309 5254 καὶ
3353 5200 3487 5256 κατά
3547 5203 3775 5274 γνώμην

2129 5281 2229 5334 ὑπὸ
2277 5287 2376 5348 τῆς
2414 5285 2510 5335 τοῦ
2561 5284 2761 5355 ἂγαθοῦ
2803 5285 3114 5358 Πνεύματος
3157 5285 3433 5361 δυνάμεως
3485 5287 3771 5363 βασιλεύε-

2125 5371 2264 5442 σθαι,
2295 5371 2384 5424 καὶ
2439 5369 2710 5445 θελήματι
2759 5371 2878 5447 ἰδίῳ
2942 5375 3137 5448 μηκὲτι
3191 5378 3356 5446 αὐτὴν
3395 5377 3718 5451 πορεύεσθαι
3757 5394 3773 5409 ³

2178 5565 2221 5600 ⁴⁶
2267 5565 2434 5622 Joan.
2477 5585 2590 5638 xw,
2617 5571 2707 5626 25.

2783 5571 2828 5608 ‘7
2859 5573 3022 5631 Rom.
3074 5593 3170 5644 vn,
3232 5579 3285 5636 3.
3364 5580 3471 5636 ⁴⁸Ι
3521 5582 3644 5638 Cor.
3697 5599 3778 5652 v1,
