4076 6280
317 377 436 440 945

1404 374 1631 434 LlBER
1676 375 1775 435 DE
1819 375 2256 436 LIBERTATE
2303 368 2616 431 MENTlS.

3653 338 3771 400 946

313 511 404 572 Τίς
433 511 556 586 γὰρ,
599 505 780 585 φησὶν,
839 507 979 580 ἡμᾶς
1032 505 1260 580 χωρίσει
1310 505 1413 560 ἀπὸ
1457 511 1554 574 τῆς
1595 506 1806 582 ἀγάπης
1855 511 1952 563 τοῦ

2099 505 2308 579 inquit)
2339 519 2434 560 nos
2461 499 2739 574 separabit
2772 513 2806 549 α
2834 491 3104 550 charitate
3133 485 3335 542 Christi
3360 481 3405 516 5‘
3438 479 3466 534 ‘2
3497 479 3630 546 Quae
3658 489 3764 530 vox

315 603 590 674 Χριστοῦ;
639 597 884 652 τουτέττι
941 602 1040 664 τῆς
1090 595 1378 666 ἐνωθείσης
1430 599 1614 670 ψυχῆς
1667 602 1742 670 τῷ
1797 598 1959 652 Πνεύ-

319 710 448 761 ματι
479 686 638 762 ἁγίῳ.

391 778 486 833 ll".
519 774 604 848 Τῷ
639 773 962 848 βουλομένῳ
997 779 1215 846 μιμητῇ
1265 771 1356 826 οὖν
1403 775 1644 849 γενέσθαι
1691 779 1960 849 Χριστοῦ,

393 831 409 833 ,
535 831 586 848 γ,
639 831 648 848 ι
819 831 829 846 ,
935 831 944 845 ,
997 831 1006 845 _
1065 831 1074 846 ,
1131 831 1140 844 ,
1192 831 1215 846 ,,
1415 831 1426 849 ι
1698 831 1742 832 η

314 865 406 920 ’ίνα
462 866 552 930 καὶ
619 864 765 935 αὐτῷ
822 863 1033 936 γένοιτο
1091 864 1198 935 Υἱῳ
1247 867 1380 918 Θεοῦ
1435 831 1936 939 προσαγορευθῆναι

351 910 406 920 ”’
463 910 552 930 ”“”τ
621 910 763 935 ““’““ῗ
836 910 1030 936 Ι“’⁷”⁷
1095 910 1112 916 ⁴“
1137 910 1196 935 "l'
1251 910 1376 918 ’⁷⁷⁷
1441 910 1608 937 ’“Γ”’⁷
1651 910 1674 918 ν
1719 910 1830 919 “’”“”
1863 910 1936 919 ”’”“

317 954 625 1031 γεννηθέντι
677 953 734 1006 ἐκ
785 951 1116 1024 Πνεύματος,
1159 952 1264 1024 πρὸ
1301 957 1408 1006 τῶν
1457 910 1642 1007 ἅλλωύ
1685 910 1960 1027 Ι’πίοοσέήκεί

318 1043 412 1105 τὰς
469 1044 787 1103 ἀπαντώσας
847 1041 1080 1114 θλίψεις,
1139 1041 1263 1109 ἥτοι
1311 1043 1625 1114 σωματικὰς
1679 1043 1956 1112 νόσους,ἢ

320 1132 414 1194 τὰς
446 1131 496 1202 ἐξ
526 1132 825 1204 ἀνθρώπων
873 1125 1076 1204 ὕϐρεις,
1116 1131 1206 1184 καὶ
1254 1131 1319 1184 τά
1367 1129 1570 1200 ὀνείδη,
1622 1133 1725 1206 πρὸ
1775 1130 1830 1186 δὲ
1869 1133 1955 1187 καὶ

320 1224 414 1286 τὰς
444 1223 503 1279 ἐκ
539 1228 643 1278 τῶν
693 1222 938 1297 ἀοράτων
975 1216 1269 1284 ἐπιϐουλάς
1319 1220 1574 1302 εὓψύχως
1622 1224 1712 1277 καὶ
1766 1244 1958 1279 καοτεο

1837 1279 1846 1298 δ

402 1279 414 1286 ,
765 1279 776 1297 ,
1257 1279 1267 1284 ,
1393 1279 1404 1296 ,
1561 1279 1572 1284 -

323 1317 490 1386 ρικῶς
523 1312 829 1386 ὑποφέρειν.
861 1315 991 1368 Κατ’
1023 1311 1338 1384 οἰκονομίαν
1378 1279 1497 1388 γὰρ.
1520 1318 1652 1367 Θεοῦ
1701 1315 1762 1368 τὸ
1811 1279 1960 1368 δοκί-

325 1425 448 1478 μιον
481 1408 598 1463 ταῖς
647 1406 850 1477 ψυχαῖς
897 1405 1004 1456 τῶν
1056 1401 1330 1476 διαφόρων
1379 1409 1790 1478 παραχωρεῖται
1852 1403 1967 1459 θλί-

322 1497 490 1566 ψεων,
545 1490 636 1546 ’ίνα
721 1491 940 1570 φανεραὶ
1009 1490 1251 1568 γένοιντο
1335 1493 1534 1554 πάντες
1603 1493 1656 1546 αἱ
1722 1494 1964 1566 γνησίως

323 1582 608 1654 ἀγαπῶσαι
652 1581 744 1636 τὸν
805 1581 1024 1654 Κύριον,
1078 1586 1321 1654 Σημεῖον
1371 1579 1427 1635 δὲ
1479 1587 1594 1644 τοῖς
1649 1583 1708 1636 ἐκ
1766 1583 1964 1645 παντὸς

323 1670 523 1732 αἰῶνος
581 1671 948 1745 πατριάρχαις
989 1691 1044 1724 τε
1092 1669 1180 1724 καὶ
1231 1673 1536 1748 προφήταις
1593 1672 1684 1725 καὶ
1739 1671 1967 1727 ἀποστό-

325 1759 447 1820 λοις
478 1759 565 1814 καὶ
601 1760 850 1832 μάρτυσι,
885 1756 972 1814 διὰ
1000 1763 1099 1824 τῆς
1132 1761 1462 1834 στενοπόρου
1490 1764 1598 1815 τῶν
1649 1768 1962 1836 πειρασμῶν

2070 602 2158 654 est
2189 596 2396 652 animae
2428 592 2603 648 unitze
2634 585 2877 658 Spiritui
2909 585 3132 638 sancto.

2142 779 2289 834 XIII.
2341 774 2446 842 Qui
2493 771 2619 827 vult
2661 769 2914 824 imitator
2961 778 3089 818 esse
3134 756 3367 821 Christi,
3398 757 3454 808 et
3505 764 3606 821 per
3657 745 3763 801 hoc

2071 837 2382 938 consequi,
2429 869 2489 919 ut
2530 859 2857 932 appelletur
2907 853 3062 908 ﬁlius
3110 849 3208 903 Dei
3245 864 3260 912 ;
3302 845 3499 914 utpote
3528 837 3762 910 genitus

2071 978 2139 1016 ex
2165 957 2381 1030 Spiritu
2420 972 2431 1010 :
2472 968 2606 1008 eum
2655 954 2790 1004 ante
2839 944 3036 1001 omnia
3077 935 3344 995 convenit
3390 931 3764 986 occurrentes

2072 1049 2434 1112 afﬂictiones,
2475 1045 2591 1098 sive
2643 1041 2726 1095 hae
2765 1034 3022 1106 corporei
3045 1026 3254 1098 "morbi
3285 1025 3423 1088 sint,
3459 1021 3577 1074 sive
3609 1017 3768 1084 inju-

2081 1142 2174 1196 ria:
2229 1138 2299 1192 ab
2352 1131 2708 1194 hominibus,
2765 1126 2885 1181 sive
2934 1119 3265 1193 opprobria,
3317 1128 3418 1167 seu
3463 1109 3640 1164 etiam
3701 1120 3770 1158 ex

2074 1231 2306 1290 insidiis
2335 1221 2717 1280 invisibilium
2754 1215 3042 1278 hostium;
3077 1209 3339 1264 animose
3363 1217 3428 1255 ac
3452 1198 3672 1252 fortiter
3695 1196 3771 1247 to-

2073 1323 2276 1378 lerare.
2313 1321 2416 1369 Per
2447 1311 2701 1367 divinam
2737 1300 3154 1376 providentiam
3185 1291 3478 1363 sapienter
3508 1301 3570 1340 ac
3602 1285 3770 1338 bone-

2074 1374 2198 1466 vole
2231 1405 2383 1463 213
2430 1403 2636 1457 cuncta
2673 1374 3107 1466 disponentem,
3149 1381 3570 1457 permittuntur
3601 1374 3774 1428 adve—

2075 1501 2198 1556 nire
2242 1493 2548 1552 animabus
2595 1483 2887 1558 ejusmodi
2935 1475 3304 1551 probationes
3353 1463 3770 1523 adversilatum

2075 1591 2388 1654 variarum,
2431 1589 2493 1638 ut
2538 1575 2988 1638 manifesteutur
3032 1584 3159 1640 quae
3205 1565 3356 1618 inter
3403 1575 3503 1615 eas
3549 1555 3774 1611 sincere

2075 1645 2388 1740 hominum
2438 1675 2705 1746 diligunt.
2759 1669 3000 1740 Signum
3061 1661 3119 1716 id
3171 1657 3280 1712 fuit
3328 1653 3402 1710 ab
3451 1645 3608 1706 omni
3657 1659 3772 1743 aevo

2075 1732 2704 1840 sanﬂct—is'patriar‘chis,
2748 1732 3068 1831 prophetis,
3101 1745 3382 1821 apostolis
3414 1745 3473 1797 et
3503 1732 3776 1806 martyri-

322 1849 414 1902 καὶ
462 1853 569 1902 τῶν
615 1847 852 1922 θλίψεων
909 1847 1140 1904 διελθεῖν
1203 1827 1424 1924 ὑπῆρξε,
1486 1849 1576 1904 καὶ
1643 1827 1814 1912 οὕτως
1848 1827 1962 1905 ἐύ-

2098 1879 2204 1929 ιυε,
2257 1863 2322 1916 ut
2369 1873 2471 1929 per
2519 1858 2832 1924 angustam
2884 1847 3031 1902 hanc
3081 1841 3230 1896 viam
3289 1832 3677 1891 tentationum
3721 1827 3777 1879 et

2677 1943 2686 1948 ‘
2807 1944 2816 1948 -
2935 1940 2943 1948 ·
3043 1933 3051 1944 ·
3131 1931 3239 1948 “--
3293 1925 3580 1948 ‘1---““4
3645 1915 3751 1948 ml;

325 1945 619 2012 αρεστῆσαι
677 1942 794 2009 Θεῷ
831 1957 844 1971 '
891 1940 1082 1994 Τέκνον
1123 1939 1246 2014 γὰρ,
1309 1939 1470 2018 φησὶν
1521 1943 1554 2009 ἡ
1609 1941 1815 2016 Γραφή,
1875 1939 1964 1995 ἐάν

327 2027 610 2102 προσέρχῃ
690 2024 964 2080 δουλεύειν
1051 2031 1187 2098 Θεῷ,
1265 2025 1552 2100 ἐτοίμασον
1627 2031 1724 2098 τὴν
1780 2031 1964 2104 ψυχήν

328 2135 424 2170 σου
482 2115 556 2178 εἷς
613 2117 935 2189 πειρασμὸν,
994 2114 1207 2171 εὔθυνον
1278 2119 1376 2186 τὴν
1437 2115 1658 2191 καρδίαν
1716 2139 1811 2172 σου
1879 2119 1966 2172 καὶ

327 2205 656 2280 καρτέρησον
695 2225 708 2238 ·
736 2207 826 2260 καὶ
883 2205 1140 2280 ἄλλοιχοῦ
1199 2203 1300 2261 δέ·
1335 2207 1410 2262 Τὰ
1464 2206 1830 2282 ἐπιφερόμενα
1884 2229 1967 2262 σοι

328 2295 403 2358 ὡς
451 2296 619 2371 ἀγαθὰ
675 2293 1006 2368 πρόσδεξαι,
1074 2293 1230 2358 εἰδὼς
1290 2297 1373 2350 δτι
1433 2265 1579 2372 ιὲὶπερ⁵
1623 2265 1756 2353 Θεοῦ
1816 2295 1966 2352 οὐδὲν

327 2383 552 2456 γίνεται.
613 2386 728 2452 Τῆς
781 2385 1060 2454 ὑπομονῆς
1097 2384 1274 2438 τοίνυν
1312 2383 1398 2439 καὶ
1449 2392 1548 2454 τῆς
1593 2384 1815 2448 ἐλπίδος
1865 2387 1970 2460 πρὸ

329 2473 528 2535 παντὸς
559 2469 734 2528 ἄλλου
773 2475 928 2547 ψυχῇ
978 2472 1045 2547 τῇ
1092 2473 1441 2546 εὐαρεστῆσαι
1491 2473 1606 2547 Θεῷ
1665 2475 1974 2550 βουλομένῃ

329 2561 696 2634 ἀντιληπτέον
731 2581 744 2595 ’
775 2563 873 2638 μία
921 2564 1026 2638 γὰρ
1075 2563 1164 2617 καὶ
1208 2565 1345 2633 αύτή
1396 2567 1494 2628 τῆς
1542 2565 1732 2626 κακίας
1777 2564 1946 2640 τέχνη

331 2611 689 2634 ’“”””“Ἶ””””
775 2611 873 2638 Γ““
934 2611 1021 2638 ι“Ἷ”
1078 2611 1164 2617 ’“’“”
1209 2611 1345 2633 ’““’Ἶ
1406 2611 1492 2628 ﬂ"
1543 2611 1731 2626 ’“’””“”’“⁹
1789 2611 1836 2620 ’⁷
1891 2611 1931 2619 ”

329 2650 555 2722 ἆκηδίαν
601 2654 734 2724 ἡμῖν
781 2645 1078 2724 ἐμϐάλλειν
1119 2651 1170 2708 ἐν
1202 2657 1375 2728 καιρῷ
1425 2653 1684 2727 θλίψεως,
1730 2652 1822 2708 ’ίνα
1840 2611 1976 2724 Λιτέέ

329 2743 465 2818 πρὸς
494 2744 584 2798 τὸν
619 2743 810 2818 Κύριον
843 2743 1123 2818 ἀποστήσῃ
1159 2741 1410 2804 ἐλπίδος.
1433 2742 1706 2800 Οὐδέποτε
1746 2743 1802 2800 δὲ
1847 2748 1974 2808 Θεὸς

329 2851 609 2906 επιτρεπει
685 2829 764 2884 ἐπ’
846 2829 1053 2885 ἐκείνου
1129 2829 1450 2900 ἐλπίζουσαν
1529 2835 1978 2902 καταπονηθῆναι

331 2924 446 2980 τοῖς
505 2923 871 2991 πειρασμοῖς,
931 2916 1068 2974 ὥστε
1125 2920 1214 2974 καὶ
1282 2919 1726 2995 ἐξαπορηθῆναι·
1781 2923 1974 2984 Πιστὸς

336 3007 459 3079 γάρ,
494 3007 521 3059 ὁ
559 3005 901 3067 Ἀπόστολός
933 3029 1121 3084 φησιν,
1155 3009 1182 3063 ὁ
1211 3009 1359 3076 Θεὸς,
1392 3009 1453 3070 ’ὸς
1505 3010 1606 3064 οὑκ
1645 3009 1784 3064 ἐάσει
1838 3011 1974 3082 ὑμᾶς

336 3095 688 3168 πειρασθῆναι
759 3093 888 3166 ὑπὲρ
948 3095 976 3148 ὃ
1035 3093 1306 3148 δύνασθε·
1364 3094 1510 3150 ἀλλὰ
1585 3100 1804 3166 ποιήσει
1886 3097 1976 3151 σὺν

336 3205 415 3254 τῳ
472 3185 756 3257 πειρασμῷ
813 3182 901 3235 καὶ
957 3183 1054 3250 τὴν
1113 3178 1352 3251 ἔκϐασιν,
1409 3189 1504 3238 τοῦ
1571 3182 1826 3239 δύνασθαι
1879 3186 1979 3240 ὑπ-

2076 1915 2456 2009 affiictionum
2507 1915 2848 2004 transirent,
2897 1940 2955 1992 et
3005 1933 3092 1989 sic
3131 1931 3246 1985 Deo
3293 1925 3604 1997 placerent.
3639 1915 3771 1980 Fili,

2079 2042 2158 2096 ait
2187 2038 2508 2108 Scriptura,
2557 2030 2819 2086 accedens
2866 2025 2935 2080 ali
2983 2023 3303 2077 servitutem
3356 2013 3469 2078 Dei,
3519 2019 3773 2080 prepare

2077 2131 2322 2184 animam
2375 2132 2530 2178 tuam
2586 2121 2656 2174 ad
2712 2117 3084 2177 tentationem,
3155 2105 3398 2174 deprime
3454 2114 3545 2154 cor
3620 2107 3778 2151 tuum

2075 2225 2128 2275 et
2184 2214 2414 2272 sustine.
2476 2213 2542 2266 Et
2596 2209 2732 2264 alibi
2788 2223 2802 2260 :
2862 2205 2995 2273 Quae
3060 2199 3380 2268 inferuntur
3433 2190 3533 2244 tibi
3590 2183 3778 2241 omnia
3855 2251 3858 2254 ῃ

2080 2317 2138 2362 ιιι
2185 2306 2323 2361 bona
2363 2304 2558 2367 excipe
2588 2319 2606 2366 ,-
2649 2299 2822 2352 sciens
2869 2290 3130 2364 quoniam
3171 2285 3290 2340 sine
3316 2283 3418 2336 Deo
3447 2277 3593 2333 nihil
3622 2275 3680 2346 ﬁt
3711 2271 3779 2325 ⁵³.

2080 2394 2376 2453 Patientia:
2415 2364 2594 2463 igitur
2635 2393 2691 2444 et
2721 2385 2842 2456 spei
2877 2387 3010 2438 ante
3039 2392 3208 2434 omne
3239 2371 3400 2429 aliud
3431 2381 3606 2439 opera
3636 2364 3782 2418 dan-

2083 2487 2156 2542 da
2194 2489 2282 2540 est
2320 2453 2526 2538 anima:
2585 2484 2694 2534 Deo
2755 2453 2978 2547 placere
3017 2465 3249 2524 volenti.
3293 2462 3418 2518 Una
3456 2457 3608 2514 enim
3661 2453 3782 2508 haec

2084 2540 2172 2632 est
2213 2591 2282 2630 ex
2329 2573 2552 2626 artibus
2598 2540 2834 2632 diaboli,
2881 2567 3172 2630 torporem
3215 2552 3379 2608 nobis
3439 2547 3678 2617 injicere
3723 2540 3786 2595 in

2085 2821 2504 2902 tentationibus
2551 2834 2838 2910 permittit
2889 2831 3145 2888 animam
3191 2825 3248 2879 in
3298 2821 3494 2894 ipsum
3547 2828 3788 2886 speran-

2089 2941 2230 3001 tem,
2277 2935 2341 2988 ut
2385 2931 2454 2984 ad
2513 2927 2721 2981 incitas
2779 2923 3032 2982 redacta,
3084 2911 3277 2971 omnis
3324 2911 3495 2978 inops
3561 2899 3789 2959 consilii

2089 2991 2316 3079 aestuet.
2369 3017 2566 3073 Fidelis
2619 3016 2769 3070 enim
2821 3010 2924 3082 (ait
2975 2999 3316 3076 Apostolu)
3375 2999 3515 3052 Deus
3572 2996 3670 3061 est,
3696 2991 3792 3061 qui

2088 3128 2197 3167 non
2229 3111 2468 3181 patietur
2519 3119 2609 3159 vos
2659 3078 2862 3156 tentari
2897 3111 3066 3166 supra
3111 3091 3171 3146 id
3215 3085 3354 3160 quod
3397 3083 3617 3155 potestis
3646 3097 3667 3141 ,·
3697 3078 3790 3133 sed

2088 3203 2252 3276 faciet
2279 3201 2448 3255 etiam
2484 3209 2608 3248 cum
2647 3190 2943 3247 ientatione
2981 3191 3247 3243 eventum,
3279 3181 3341 3232 ut
3376 3171 3594 3246 possitis
3622 3170 3790 3222 susti-

339 3277 590 3348 ενεγκεῖν.
643 3272 744 3330 Καὶ
779 3272 806 3326 ὁ
839 3272 1075 3346 πονηρὸς
1110 3269 1166 3325 δὲ
1198 3272 1304 3346 οὐχ
1347 3271 1472 3328 ὅσον
1525 3273 1713 3346 ἐκείνῳ
1755 3276 1970 3345 θέλησις

2098 3245 2222 3346 nere
2277 3287 2339 3343 ⁵³.
2390 3245 2762 3354 lisquevero
2801 3275 3091 3341 diabolus,
3148 3271 3436 3342 quantum
3488 3259 3598 3333 ipsi
3647 3256 3784 3312 libi-

341 3361 504 3417 λυπεῖ
531 3363 628 3430 τήν
663 3362 864 3436 ψυχήν,
913 3359 1038 3415 ἀλλ’
1087 3360 1210 3416 ὅσον
1261 3360 1407 3434 αύτῷ
1452 3362 1656 3436 ἐφεῖται
1693 3366 1836 3440 παρὰ
1883 3367 1979 3419 τοῦ

341 3455 492 3505 Θεοῦ.
529 3450 588 3506 Εἰ
620 3451 722 3525 γὰρ
753 3449 1060 3522 ἀνθρώποις
1094 3449 1192 3504 οὐκ
1249 3448 1303 3468 ”‘
1581 3453 1592 3468 ν
1723 3453 1748 3472 n
1825 3457 1837 3472 ο
1940 3455 1949 3470 .

1037 3485 1060 3512 ε»
1239 3449 1467 3520 αὸηλον,
1523 3473 1690 3508 ποσον
1721 3476 1780 3508 αν
1815 3475 1979 3526 ημιο,

337 3561 415 3611 νῳ
450 3541 635 3614 βάρος,
668 3541 838 3594 πόσον
870 3537 928 3594 δὲ
959 3538 1090 3610 ὄνῳ,
1117 3540 1284 3594 πόσον
1315 3537 1372 3595 δέ
1411 3541 1650 3615 καμήλῳ
1697 3541 1980 3619 ἀγώγιμον

336 3628 420 3698 εἷή
454 3647 466 3661 ο
500 3627 644 3683 ἀλλά
671 3629 762 3683 τὸν
793 3627 1030 3704 φόρητον
1059 3627 1371 3699 ἐπιτίθησι·
1403 3631 1492 3686 καὶ
1525 3636 1604 3703 τῷ
1651 3638 1880 3708 κεραμεῖ
1923 3631 1979 3688 δὲ

336 3716 504 3787 δῆλον
539 3717 708 3772 πόσον
739 3723 819 3789 τῷ
850 3717 977 3786 πυρὶ
1015 3719 1124 3791 χρὴ
1155 3719 1224 3773 τὰ
1254 3719 1416 3790 σκεύη
1451 3718 1784 3795 παραδοῦναι
1839 3723 1976 3797 χρό-

332 3828 443 3877 νον,
471 3805 562 3861 ⁹ίνα
599 3809 736 3880 μήτε
779 3804 944 3860 πλέον
995 3805 1320 3879 ἐμμείναντα
1353 3781 1646 3886 διαρραγῇ,
1699 3781 1980 3884 μήτεηπά-

337 3896 422 3952 λίν
449 3898 556 3998 7:95
603 3904 702 3964 τῆς
752 3895 1024 3970 ἀρκούσης
1073 3897 1369 3970 πυρώσεως
1418 3894 1758 3966 ἐκϐληθέντα
1804 3900 1982 3979 ἄχρη-

339 4005 433 4037 στα
555 3984 598 4038 εἰ
647 3986 882 4052 τοσαύτη
934 3985 1056 4056 περῖ
1103 3985 1194 4038 τὸν
1248 3986 1530 4058 ἄνθρωπον
1566 3985 1792 4050 σύνεσις,
1847 3991 1979 4064 ούχί

337 4072 535 4144 πολλῷ
565 4072 730 4128 πλέον
765 4075 853 4128 καὶ
885 4073 1121 4146 ἀπείρως
1149 4073 1335 4143 πλέον,
1367 4078 1402 4143 ἡ
1434 4080 1531 4129 τοῦ
1589 4081 1723 4131 Θεοῦ
1771 4079 1979 4142 σύνεσις

339 4161 453 4217 οἶδε
501 4163 668 4216 πόσον
715 4162 908 4236 ἑκάστῃ
951 4164 1104 4235 ψυχῇ
1155 4162 1246 4216 τὸν
1296 4164 1596 4237 πειρασμὸν
1649 4162 1768 4220 δέον
1835 4166 1980 4222 ἐπεν-

339 4255 592 4330 εχθῆναι·
623 4249 710 4304 ἳνα
743 4248 969 4322 δόκιμος
1001 4250 1212 4324 γένοιτο
1251 4251 1342 4306 καὶ
1373 4250 1668 4324 ,ἐπιτηδεία
1715 4257 1851 4329 πρὸς
1882 4259 1982 4328 τήν

337 4347 446 4396 τῶν
478 4341 720 4415 οὐρανῶν
759 4305 1060 4414 βασιλείαν.
1373 4309 1382 4324 ἱ
1533 4305 1544 4324 1
1760 4305 1783 4329 Γ
1828 4305 1848 4319 Ἰ
1893 4305 1948 4328 Π.

2090 3389 2210 3434 ιυηι
2241 3382 2349 3443 est,
2379 3350 2585 3445 afﬂigit
2606 3370 2862 3427 animam
2897 3384 2913 3434 ;
2953 3365 3053 3419 sed
3083 3377 3202 3433 qua
3231 3369 3506 3413 mensura
3536 3350 3591 3404 id
3624 3361 3790 3418 agere

2089 3469 2304 3526 sinitur
2335 3483 2367 3520 a
2403 3466 2532 3520 Deo.
2564 3462 2808 3518 Si-enim
2841 3453 3176 3511 hominibus
3217 3447 3485 3518 ignotum
3524 3457 3639 3496 non
3681 3441 3790 3498 est,

2090 3561 2372 3630 quantum
2415 3551 2610 3609 oneris
2660 3553 2887 3621 portare
2937 3543 3131 3599 mulus
3183 3535 3385 3609 possit,
3438 3533 3658 3605 quanto
3691 3543 3794 3598 par

2089 3647 2324 3704 ferendo
2364 3643 2440 3700 sit
2483 3643 2705 3707 asinus,
2752 3639 2970 3709 quanto
3013 3627 3304 3695 camelus,
3352 3625 3506 3681 unde
3548 3634 3795 3676 consen-

2085 3743 2322 3795 taneum
2357 3735 2642 3806 cujusque
2674 3729 2891 3784 viribus
2924 3723 3131 3794 cuique
3161 3717 3388 3791 pondus
3431 3711 3739 3783 imponunt
3773 3725 3786 3773 ;

2087 3833 2143 3883 et
2173 3830 2220 3882 si
2247 3795 2616 3898 perspectum
2650 3817 2826 3889 ﬁgulo
2877 3819 2982 3879 est,
3033 3812 3253 3882 quanto
3297 3800 3573 3872 temporis
3603 3795 3789 3870 spatio

2087 3933 2226 3972 vasa
2255 3917 2314 3969 in
2357 3915 2590 3968 fornace
2639 3905 2884 3976 relinqui
2915 3903 3178 3964 debeant,
3224 3911 3294 3950 ne
3339 3892 3572 3962 longius
3630 3902 3790 3958 aequo

2090 4005 2172 4060 ibi
2215 3999 2490 4057 haerentia
2534 3975 2832 4052 dissiliant
2874 4010 2886 4058 ;
2921 4005 3025 4044 nec
3057 4001 3282 4050 rursus,
3325 3989 3460 4036 ante
3493 3975 3793 4032 sufﬁcien-

2091 4100 2204 4147 tem
2259 4089 2582 4146 coctionem
2637 4101 2767 4140 cum
2815 4080 3170 4144 eximuntur,
3219 4071 3449 4128 inutilia
3499 4069 3691 4121 fiant:
3744 4063 3794 4117 si

2091 4185 2270 4248 tanta,
2330 4183 2588 4250 inquam,
2648 4175 2707 4231 in
2769 4171 3001 4228 homine
3069 4161 3378 4238 prudentia
3432 4159 3542 4222 est,
3604 4155 3788 4208 multo

2090 4241 2269 4342 atque,
2292 4241 2434 4324 adeo
2465 4241 2710 4322 infinitis
2743 4262 3004 4336 partibu
3029 4255 3234 4327 magis,
3267 4249 3462 4305 divina
3502 4241 3790 4316 sapientia

2091 4331 2384 4434 perspicit,
2416 4357 2622 4414 animae
2655 4331 3182 4424 cuiquegquantum
3233 4339 3462 4413 pondus
3509 4331 3795 4392 tentatio—

2093 4426 2184 4506 bis
2215 4426 2453 4503 immitti
2503 4447 2727 4511 debeat,
2771 4447 2838 4498 ut
2876 4457 2974 4511 per
3006 4451 3134 4494 eam
3167 4434 3463 4506 probetur,
3491 4437 3544 4485 et
3583 4426 3789 4482 idonea

2093 4555 2272 4610 regno
2303 4538 2573 4592 cmlorum
2604 4534 2726 4589 fiat.

407 4612 503 4666 IA'.
537 4612 735 4680 Ὥσπερ
767 4611 828 4664 τὸ
855 4616 953 4680 τῆς
985 4606 1259 4674 κανάϐεως
1293 4609 1484 4685 χρῆμα
1514 4611 1560 4666 εἰ
1613 4615 1688 4684 μὴ
1733 4614 1970 4673 ἐπιπολὺ

2153 4605 2297 4684 ἕξιν.
2339 4627 2498 4681 Sicut
2542 4621 2824 4680 cannabis
2869 4623 3098 4675 mataxa
3143 4614 3254 4668 nisi
3295 4613 3394 4666 diu
3447 4605 3789 4663 tunsionem

333 4701 670 4771 τυπτόμενον
720 4697 989 4774 διαμείνῃ,
1058 4701 1156 4756 οὐκ
1203 4699 1261 4756 ἂν
1305 4703 1521 4775 γένοιτο
1573 4705 1853 4777 χρήσιμον
1901 4707 1979 4770 εἷς

336 4787 680 4841 λεπτοτάτων
738 4790 1002 4861 νημάτων
1063 4787 1368 4866 ἐργασίαν,
1450 4789 1576 4846 ἀλλ’
1643 4791 1858 4867 ὅσῳπερ
1919 4797 1976 4852 ἂν

333 4876 590 4929 τύπτοιτό
647 4876 736 4930 καὶ
797 4877 920 4930 ὅσον
975 4877 1228 4948 ξαίνοιτο,
1283 4879 1542 4934 τοσοῦτον
1598 4884 1973 4960 καθαρώτερόν

334 4985 392 5019 τε
461 4963 550 5017 καὶ
610 4963 1036 5038 εὐχρηστότερον
1093 4966 1316 5042 γίνεται.
1389 4971 1492 5024 Καὶ
1549 4969 1606 5024 ’όν
1659 4935 1979 5042 τρόπονΓτὸ

337 5051 671 5107 νεόπλαστον
721 5057 916 5116 σκεῦος
975 5055 1049 5125 μὴ
1109 5057 1234 5130 πυρὶ
1293 5055 1511 5131 βληθὲν,
1563 5027 1804 5136 χρῆόθαι
1863 5070 1980 5128 τοῖς

901 5107 914 5116 .
975 5107 986 5125 ι
1039 5107 1049 5122 ι
1118 5107 1234 5130 νννΓν
1293 5107 1511 5131 r"'|"'l
1609 5107 1656 5114 τ’
1687 5107 1804 5117 "'"'
1872 5107 1949 5118 ’ν’

339 5144 646 5217 ἀνθρώποις
679 5141 1049 5213 ἀνεπιτήδειον
1085 5147 1206 5199 ’καὶ
1257 5147 1330 5208 ὡς
1361 5149 1422 5202 τὸ
1473 5107 1673 5220 viri-im:
1718 5150 1794 5208 ἔτι
1844 5107 1980 5220 πρὸς

339 5193 644 5217 _.-r...---,
682 5193 1042 5213 --.-.----,-----
1119 5193 1205 5199 ----
1259 5193 1328 5208 ν..
1371 5193 1420 5202 .-
1482 5193 1667 5220 ..μη-υ
1718 5193 1794 5208 ς...
1851 5193 1949 5210 ..μυ

337 5237 402 5290 τά
437 5237 534 5290 τοῦ
564 5235 774 5308 κόσμου
817 5229 949 5309 ἔργα
987 5231 1252 5306 ἀδόκιμον
1287 5234 1442 5290 ὀὕτε
1491 5241 1593 5313 γὰρ
1644 5193 1978 5316 οἰκοδομέῖνῆ

1965 5293 1978 5316 ³

669 5293 679 5308 .
846 5293 904 5309 ι.
1151 5293 1161 5306 .
1575 5293 1585 5295 -
1652 5293 1953 5300 --γρ---πη

338 5325 398 5380 ού
449 5323 715 5402 φυτεύειν,
780 5323 844 5378 ού
912 5324 1111 5395 σπόρον
1183 5293 1515 5380 κατατιθέναί
1565 5293 1979 5402 1δύνα·ιαι,ςοό;

335 5358 398 5434 ἵν
449 5358 715 5430 ἴυιιῦυιιν,
780 5358 844 5378 υυ
912 5358 1111 5395 unwiva
1183 5358 1515 5380 σιυιιιιιιιυςινιιι
1571 5358 1813 5400 υυναται,
1870 5358 1983 5416 oux

334 5435 512 5487 ετερον
557 5435 609 5468 τι
666 5417 771 5469 τῶν
826 5417 923 5468 τοῦ
969 5413 1180 5484 κόσμου
1240 5411 1411 5488 ἔργων
1462 5417 1632 5472 ἀνύειν
1667 5419 1850 5477 ὀὕτω
1889 5429 1977 5482 καὶ

333 5501 503 5578 ψυχαὶ
560 5502 830 5565 πολλάκις
897 5499 991 5560 κᾶν
1052 5501 1195 5565 θείας
1265 5503 1528 5578 μετέσχον
1592 5508 1822 5585 χάριτος
1890 5517 1978 5571 καὶ

355 5682 400 5720 ’ί
433 5684 597 5743 Rom.
631 5701 754 5754 vm,
780 5685 868 5743 35.

944 5685 992 5723 ⁵³
1019 5684 1194 5742 Eccli.
1228 5699 1286 5750 ιι,
1321 5685 1374 5740 1.
1453 5682 1500 5719 ⁸³
1528 5685 1546 5740 1
1579 5685 1705 5744 Cor.
1734 5707 1788 5762 χ,
1823 5695 1905 5752 13.

2087 4719 2250 4784 ferat,
2301 4733 2416 4772 non
2461 4713 2698 4770 habebit
2745 4727 2912 4768 usum
2961 4701 3378 4763 attenuationis
3432 4699 3493 4754 in
3546 4696 3644 4750 fila
3693 4709 3796 4749 su-

2086 4807 2360 4864 tilissima
2432 4823 2446 4874 ;
2516 4805 2610 4860 sed
2680 4805 2899 4873 quanto
2965 4801 3214 4854 contusa
3275 4791 3511 4863 longius
3571 4785 3786 4852 fuerit,

2086 4901 2304 4970 quanto
2343 4895 2517 4952 radiis
2559 4894 2852 4966 pectinum
2899 4887 3121 4945 sulcata
3151 4881 3427 4951 crebrius,
3461 4882 3624 4934 tanto
3677 4891 3786 4947 pu-

2087 4988 2202 5044 rior
2261 4985 2576 5055 utiliorque
2641 4981 2864 5039 evadet.
2914 4980 2982 5034 Et
3027 4971 3532 5049 quemadmodum
3589 4983 3789 5024 recens

2086 5079 2400 5134 formatum
2449 5090 2568 5138 vas,
2620 5071 2809 5142 quoad
2870 5067 3204 5122 induratum
3260 5063 3394 5134 igne
3443 5059 3637 5123 fuerit,
3670 5057 3792 5112 ine-

2087 5172 2252 5238 ptum
2283 5171 2370 5220 est
2400 5163 2606 5217 usibus
2637 5160 2945 5224 humanis;
2993 5155 3245 5226 denique
3275 5151 3450 5207 veluti
3485 5165 3628 5221 puer
3657 5161 3792 5218 par-

2083 5255 2254 5312 vulus
2287 5271 2400 5310 non
2431 5251 2674 5307 idoneus
2719 5254 2806 5305 est
2833 5249 2901 5302 ad
2937 5246 3262 5302 functiones
3307 5243 3457 5308 vitae,
3499 5253 3632 5294 cum
3683 5251 3786 5290 nec

2084 5347 2392 5410 mdnﬁcare,
2447 5359 2551 5398 nec
2603 5341 2886 5414 plantare,
2929 5353 3034 5394 nec
3073 5351 3273 5393 semen
3324 5334 3380 5387 in
3433 5337 3642 5385 terram
3701 5325 3790 5395 ia-

2084 5452 2213 5494 cere
2257 5437 2330 5492 ad
2370 5435 2478 5490 hoc
2518 5437 2778 5506 paratam
2821 5429 3026 5497 valeat,
3079 5432 3181 5482 aut
3211 5423 3368 5479 aliud
3404 5417 3542 5490 quid
3573 5431 3643 5472 ex
3675 5430 3786 5471 usu

2091 5525 2295 5580 mundi
2349 5501 2536 5594 hujus
2575 5535 2790 5594 agere:
2843 5519 2926 5577 sic
2974 5517 3184 5575 animae
3243 5509 3606 5582 plerumque,
3659 5501 3791 5559 licet
