4076 6280
337 392 452 454 947

1641 392 1703 451 S.
1756 390 2077 450 MACARII
2124 392 2471 451 IEGYPTII

3670 394 3786 455 948

341 527 546 583 divinae
596 527 911 598 participes
952 527 1167 599 gratim,
1220 526 1450 580 etiamsi
1502 540 1603 596 per
1636 523 1729 577 Dei
1762 522 2029 593 benigni-

2153 522 2249 576 εἶεν
2282 522 2878 600 ἐμπληροιρορούμεναι
2922 528 2989 598 τῇ
3029 525 3333 599 γλυκύτητι
3364 546 3451 579 και
3500 530 3569 599 τῇ
3621 525 3794 581 Πνεύ-

338 620 510 672 tatem
548 617 949 689 indulgentem
1004 617 1259 670 infantiae
1311 616 1592 685 ipsarum,
1630 614 1871 684 perfusa:
1926 613 2041 666 fue-

338 706 452 760 rint
505 706 815 760 dulcedine
859 705 1094 769 cmlesti,
1144 720 1326 775 usque
1375 706 1443 759 ad
1490 706 1841 773 gustandam
1905 702 2035 772 Spi-

338 796 485 849 ritus
517 796 771 865 requiem
802 812 815 861 ;
848 797 1102 849 nondum
1154 798 1347 847 tamen
1390 793 1828 865 probationibus
1872 808 2036 845 exer-

338 885 501 951 citae;
537 884 794 939 nondum
837 886 1140 953 eXploratae
1184 883 1467 936 malorum
1510 882 1816 951 spirituum
1855 880 2036 935 insul-

336 972 498 1026 tibus
544 973 764 1038 variis;
810 971 954 1026 nihil
1004 972 1155 1026 ultra
1203 970 1481 1043 puerilem
1528 975 1667 1024 sunt
1717 986 2036 1040 progressae

336 1059 682 1127 balbutiem,
730 1068 793 1115 ut
834 1062 911 1116 ita
958 1061 1170 1128 dicam,
1226 1064 1471 1116 necdum
1523 1065 1669 1130 aptae
1720 1076 1895 1129 regno
1939 1059 2036 1113 Dei

337 1156 494 1205 sunt.
558 1151 784 1205 Etenim
846 1167 859 1205 :
919 1151 979 1204 Si
1033 1162 1191 1205 extra
1247 1152 1594 1221 disciplinam
1651 1151 1755 1218 (ait
1811 1150 2038 1205 divinus

336 1239 667 1311 Apostolus)
713 1244 860 1309 estis,
918 1242 1073 1310 cujus
1114 1244 1403 1310 participes
1443 1242 1584 1309 facti
1636 1248 1765 1294 sunt
1814 1255 2036 1303 omnes;

334 1345 462 1400 ergo
516 1330 781 1396 adulteri,
839 1334 887 1383 et
927 1346 1036 1383 non
1085 1330 1192 1398 ﬁlii
1237 1329 1367 1384 esti:
1395 1330 1460 1383 5‘.
1505 1330 1702 1400 Itaque
1749 1334 1804 1383 et
1850 1334 2035 1383 tenta-

336 1419 525 1474 tiones
575 1423 630 1472 et
676 1418 1021 1473 afﬂictiones
1062 1420 1283 1473 utiliter
1321 1420 1723 1473 immittuntur
1765 1419 1985 1473 homini
2020 1437 2035 1486 ;

337 1508 539 1579 utique
593 1508 975 1576 probatiorem
1035 1513 1090 1563 et
1148 1508 1531 1562 robustiorem
1593 1510 1718 1577 ejus
1778 1510 2033 1562 animam

338 1599 669 1665 reddentes,
724 1614 868 1669 quas
901 1599 949 1652 si
994 1600 1063 1653 ad
1101 1599 1276 1653 finem
1320 1616 1505 1669 usque
1544 1598 1859 1669 pertulerit,
1902 1614 2033 1652 cum

336 1702 437 1758 spe
468 1688 537 1741 ad
577 1689 880 1741 Dominum
916 1705 929 1755 ;
966 1688 1088 1742 fieri
1122 1705 1235 1742 nou
1272 1692 1501 1758 poterit,
1544 1689 1681 1758 quin
1715 1704 2034 1759 consequa-

336 1781 435 1831 tur
492 1777 907 1847 promissioues
957 1778 1228 1848 Spiritus,
1280 1782 1337 1832 et
1384 1778 1779 1833 liberationem
1821 1796 1855 1833 a
1913 1795 2037 1850 per-

337 1866 771 1922 turbationibus
803 1868 1111 1921 affectuum
1146 1884 1475 1938 pravorum.

406 1957 516 2013 XV.
549 1957 1050 2020 Quemadmodum
1086 1976 1186 2030 per
1224 1960 1405 2013 multa
1450 1960 1699 2015 traducti
1747 1966 2035 2015 tormenta

337 2056 643 2117 martyres,
697 2056 1005 2121 postquam
1066 2066 1251 2121 usque
1303 2053 1367 2103 ad
1413 2051 1599 2121 ipsam
1642 2052 1811 2104 etiam
1860 2052 2033 2120 perfe-

336 2139 573 2194 rendam
639 2147 883 2193 mortem
947 2141 1121 2194 robur
1171 2140 1397 2195 invicta:
1444 2140 1797 2193 fortitudinis
1844 2148 2037 2195 osten-

335 2230 544 2282 derunt
590 2246 605 2296 ;
656 2231 881 2283 coronis
932 2232 1014 2284 sic
1061 2229 1257 2299 gloriae
1310 2230 1447 2283 facti
1500 2238 1636 2284 sunt
1693 2231 1849 2301 digni
1907 2246 1919 2283 :
1971 2248 2036 2285 ac

336 2323 555 2388 quanto
584 2318 854 2385 pluribus
898 2324 953 2373 et
996 2320 1363 2387 gravioribus
1410 2319 1696 2389 perfuncti
1740 2319 2036 2374 laboribus

337 2416 495 2474 sunt,
537 2411 697 2460 tanto
741 2410 1017 2476 majorem
1070 2410 1219 2477 apud
1275 2408 1453 2463 Deum
1498 2409 1819 2463 claritatem
1863 2425 1928 2465 ac
1972 2410 2038 2462 li-

338 2496 611 2551 bertatem
648 2504 782 2551 sunt
812 2499 1001 2567 adepti
1039 2514 1051 2552 :
1090 2500 1296 2568 pariter
1341 2503 1551 2554 animre
1602 2502 1813 2555 diversi
1863 2517 2035 2571 gene-

340 2583 419 2637 ris
446 2584 859 2639 afﬂictionibus
892 2586 1055 2642 214
1104 2590 1348 2656 traditaa,
1402 2589 1519 2643 sive
1560 2589 1653 2653 iis,
1685 2606 1811 2658 quas
1845 2590 2036 2659 palam

339 2672 411 2727 ab
445 2673 782 2727 hominibus
813 2676 1285 2746 proﬁciscuntur,
1336 2679 1457 2730 sive
1505 2695 1633 2742 quis
1683 2679 1836 2732 intra
1883 2695 2044 2733 men-

343 2764 460 2814 tem
522 2762 862 2827 contingunt
916 2766 1363 2819 exsurgentibus
1424 2766 1879 2835 cogitationibus
1938 2767 2038 2821 ab.

340 2848 573 2917 surdis;
610 2850 727 2904 sive
776 2868 900 2923 quae
939 2853 1154 2907 morbis
1204 2854 1491 2924 corporeis
1540 2870 1664 2908 esse
1713 2861 1986 2909 exseruut
2021 2874 2035 2923 ;

342 2937 389 2991 si
438 2940 742 3008 patienter,
798 2944 1214 3010 perseverando
1265 2959 1447 3014 usque
1496 2944 1565 2997 ad
1610 2944 1780 2998 linem
1834 2944 2039 2999 tolera-

341 3029 545 3097 verint,
607 3032 836 3084 easdem
899 3048 1031 3085 cum
1069 3033 1416 3104 martyribus
1474 3049 1738 3097 coronas,
1772 3035 2036 3088 eamdem

340 3118 493 3189 apud
530 3117 711 3172 Deum
756 3126 1188 3191 consequentur
1228 3122 1551 3177 libertatem
1608 3141 1622 3189 ;
1671 3124 2037 3195 quandoqui-

343 3208 473 3261 dem
535 3211 873 3279 martyrium
935 3210 1340 3277 alﬂictionum,
1402 3213 1556 3282 quod
1620 3219 1897 3284 martyres
1966 3213 2039 3269 ab

2157 632 2329 683 ματος
2368 613 2681 674 ἀναπαύσει,
2728 611 2817 667 διὰ
2855 615 2954 682 τὴν
2996 614 3171 668 αὐτῶν
3234 616 3542 685 νηπιότητα
3587 618 3656 687 τῇ
3695 618 3792 669 τοῦ

2151 701 2351 771 Κυρίου
2404 702 2768 777 χρηστότητι,
2822 700 2946 756 ἀλλ’
2993 701 3080 755 οῦν
3136 705 3305 774 μήπω
3360 702 3790 775 δοκιμασθεῖσαι,

2153 787 2282 861 μηδ’
2345 791 2444 843 ὑπὸ
2500 795 2606 844 τῶν
2663 795 2914 862 πονηρῶν
2973 792 3290 857 πνευμάτων
3370 789 3651 864 διαφόροις
3708 791 3791 864 ἐξ·

2149 881 2445 933 ετασθεῖσαι
2478 879 2748 952 θλίψεσιν,
2780 876 2856 933 ἔτι
2886 886 2984 948 τῆς
3032 879 3367 951 νηπιότητος
3398 877 3639 955 ἔχονται,
3676 881 3786 949 καὶ,

2143 966 2214 1020 ’ἶν’
2245 968 2417 1031 οὕτως
2448 966 2604 1035 εἷ’πω,
2639 967 2854 1023 οὐδέπω
2888 971 3022 1043 πρὸς
3054 972 3151 1038 τὴν
3203 974 3310 1023 τῶν
3357 972 3599 1044 οὐρανῶν
3637 972 3793 1045 βασι-

2151 1055 2297 1111 λείαν
2348 1056 2668 1129 ἐπιτηδείως
2710 1054 2928 1132 ἔχουσιν
2964 1080 2975 1091 ’
3005 1060 3061 1115 Εἰ
3122 1060 3224 1135 γὰρ
3274 1063 3451 1137 χωρίς
3504 1060 3637 1129 ἐστε,
3680 1084 3791 1139 φη-

2150 1146 2229 1198 σὶν
2283 1148 2310 1200 ὁ
2363 1150 2505 1209 θεῖος
2557 1148 2912 1218 ’Δπόστολος,
2950 1146 3194 1210 παιδείας
3242 1151 3308 1218 ἧς
3362 1150 3591 1227 μέτοχυι
3640 1149 3790 1223 γεγό-

2146 1257 2265 1290 τασι
2298 1236 2511 1304 πάντες,
2549 1235 2649 1312 ἄρα
2697 1239 2846 1292 νόθοι
2895 1236 3009 1293 ἐστὶ
3066 1238 3154 1292 καὶ
3201 1238 3307 1312 οὐχ
3337 1238 3444 1293 υἱοί
3481 1240 3651 1293 ’ὥστε
3698 1238 3790 1293 καὶ

2149 1327 2199 1379 οἱ
2253 1327 2547 1400 πειρασμοῖ
2588 1328 2675 1381 κάὶ
2719 1330 2771 1382 αἱ
2811 1328 3021 1403 θλίψεις
3062 1330 3197 1383 κατά
3233 1330 3295 1383 τὸ
3343 1328 3617 1391 λυσιτελὲς
3667 1329 3790 1383 ἐπά-

2144 1437 2326 1491 γονται
2365 1423 2444 1487 τῷ
2486 1419 2774 1492 ἀνθρώπῳ,
2818 1416 3187 1494 δοκιμωτέραν
3231 1419 3375 1473 οὕτω
3422 1418 3512 1473 καὶ
3564 1418 3791 1494 στερρο-

2144 1506 2299 1579 τέραν
2356 1504 2713 1581 ἐργαζόμεναι
2766 1508 2863 1574 την
2907 1511 3091 1582 ψυχήν
3127 1510 3254 1562 ’καὶ
3300 1506 3448 1582 ε’ίπερ
3499 1508 3573 1570 εἰς
3632 1508 3792 1573 τέλος

2148 1594 2405 1667 ὑπομένοι
2441 1599 2553 1668 μετ’
2586 1594 2806 1657 ἐλπίδος
2835 1600 2932 1664 τῆς
2963 1598 3096 1670 πρὸς
3124 1598 3216 1651 τὸν
3251 1598 3463 1672 Κύριον,
3496 1599 3789 1677 ἀμήχανον

2145 1681 2443 1759 ἀποτυχεῖν
2478 1685 2644 1754 αὐτὴν
2673 1689 2772 1754 τῆς
2806 1684 3129 1761 ἐπαγγελίας
3171 1691 3266 1741 τοῦ
3314 1686 3648 1760 Πνεύματος,
3698 1688 3789 1742 καὶ

2143 1782 2242 1843 τῆς
2274 1773 2713 1849 ἀπολυτρώσεως
2743 1781 2849 1830 τῶν
2882 1776 3068 1839 κακίας
3098 1778 3305 1831 παθῶν.

2216 1957 2316 2012 ΙΕ’.
2364 1957 2569 2029 ’Ὠσπερ
2625 1953 2861 2017 πολλαῖς

2148 2046 2435 2119 μάρτυρες,
2494 2045 2583 2099 καὶ
2642 2045 2868 2099 θανάτου

3274 1955 3679 2029 διωμιληκότες
3736 1962 3790 2013 οὶ

2956 2047 3121 2120 μέχρι
3186 2047 3252 2100 τὰ
3314 2054 3416 2115 τῆς
3504 2048 3789 2121 καρτερίας

2146 2132 2561 2204 ἐπιδειξάμενοι,
2622 2136 2892 2209 στεφάνων
2947 2136 3089 2189 οὕτω
3144 2138 3240 2202 τῆς
3299 2134 3461 2206 δόξης
3506 2138 3785 2213 γεγόνασιν

2146 2221 2319 2291 ἄξιοι·
2354 2224 2442 2277 καὶ
2479 2224 2590 2295 ὅσῳ
2636 2223 2851 2277 πλείοσι
2895 2226 2985 2278 καὶ
3037 2224 3452 2297 χαλεπωτέροις
3492 2232 3608 2287 τοῖς
3660 2225 3788 2280 ἐπι-

2146 2314 2334 2374 πόνοις
2395 2312 2735 2388 έχοήσαντο,
2794 2312 3017 2369 πλείονα
3065 2315 3152 2368 καὶ
3200 2316 3299 2383 τήν
3351 2313 3508 2383 δόξαν
3555 2317 3641 2370 καὶ
3686 2318 3784 2385 τὴν

2944 1958 3196 2031 βασάνοις

2147 2406 2281 2479 πρὸς
2321 2406 2448 2459 Θεὸν
2491 2404 2785 2473 ἐκτήσαντο
2829 2403 3153 2479 παρῥησίαν·
3197 2407 3288 2460 τὸν
3341 2405 3502 2460 αὐτόν
3554 2404 3617 2475 δὴ
3655 2407 3790 2480 τρό-

2146 2514 2250 2548 πον
2300 2492 2387 2547 καὶ
2436 2492 2608 2565 ψυχαὶ
2654 2490 2932 2566 διαφόροις
2984 2490 3368 2565 παραδοθεῖσαι
3432 2492 3698 2567 θλίψεσιν,
3748 2492 3785 2563 ἤ

2147 2588 2224 2653 τῷ
2284 2581 2589 2661 φαινομένῳ
2646 2586 2765 2641 ταῖς
2826 2580 2876 2650 ἐξ
2944 2582 3241 2650 ἀνθρώπων
3293 2581 3707 2657 ἐπερχομέναις,
3747 2585 3783 2654 ἢ

2146 2673 2225 2743 τῷ
2270 2669 2547 2742 νοουμένῳ
2591 2668 2883 2744 λογισμοῖς
2930 2671 3153 2735 ἀτόποις
3200 2670 3592 2747 ἐγγινομένοις,
3624 2672 3661 2742 ἤ
3691 2674 3787 2728 νό-

2150 2781 2264 2822 σοις
2324 2764 2659 2830 σωματικαῖς
2728 2758 3207 2831 ἀποτικτομέναις,
3268 2764 3312 2815 εἱ
3374 2763 3529 2837 μέχρι
3585 2762 3779 2824 τέλους

2147 2851 2244 2917 τὴν
2300 2850 2582 2920 ὑπομονὴν
2636 2846 2972 2921 διενέγκωσι,
3013 2854 3121 2903 τῶν
3168 2851 3347 2905 αὐτῶν
3388 2856 3499 2912 τοῖς
3551 2853 3776 2923 μάρτυσι

2148 2937 2439 3003 στεφάνων,
2491 2938 2577 2991 καὶ
2632 2943 2733 3005 τῆς
2802 2938 2969 3006 αὐτῆς
3027 2937 3394 3011 ἐπιτεύξονται
3432 2938 3730 3013 παῤῥησίας
3767 2960 3779 2973 ·

2150 3026 2262 3083 ἐπεὶ
2314 3030 2401 3082 καί
2452 3027 2514 3081 τό
2578 3026 2871 3100 μαρτύριον
2924 3032 3031 3082 τῶν
3087 3027 3349 3101 θλίψεων,
3410 3030 3542 3104 ὅπερ
3598 3031 3792 3084 ἐκεῖνοι

2150 3114 2219 3171 δι’
2270 3118 2590 3191 ἀνθρώπων,
2650 3119 2799 3171 οὗτοι
2859 3113 2945 3171 διὰ
2987 3121 3096 3173 τῶν
3148 3120 3416 3193 πονηρίας
3473 3122 3792 3193 πνευμάτων

2154 3206 2381 3267 ἐκείνοις
2458 3206 2858 3281 ἐνεργησάντων
2936 3207 3413 3281 ύπομεμενηκότες
3488 3209 3588 3264 εἶσὶ

3625 3255 3638 3280 ,
3704 3209 3795 3263 καῖ

342 3271 852 3354 hominibus-sunt
886 3303 1064 3370 passi,
1110 3302 1169 3355 hi
1202 3303 1273 3356 ab
1305 3271 1789 3373 impressionibus
1818 3304 2040 3359 acerbis

2154 3296 2264 3368 ὅσῳ
2330 3295 2553 3357 πλείους
2618 3296 2707 3351 καὶ
2771 3298 2922 3351 οὗτοι
2977 3301 3074 3351 τοῦ
3141 3298 3513 3371 ἀντικειμένου
3582 3298 3794 3373 θλίψεις

344 3386 685 3439 infestorum
746 3388 858 3457 ipsi
937 3390 1320 3457 malignorum
1399 3393 1712 3461 Spirituum
1790 3392 2039 3462 pertule-

344 3478 523 3538 runt;
574 3490 639 3527 ao
698 3481 917 3545 quanto
976 3479 1167 3545 plures
1228 3479 1285 3531 bi
1334 3495 1567 3550 quoque
1632 3482 2044 3552 gravioresque

347 3560 713 3615 adversantis
764 3563 1023 3617 insultus
1063 3565 1274 3619 diaboli
1311 3568 1567 3635 perpessi
1610 3568 1845 3635 fuerint,
1887 3576 2042 3623 tanto

348 3651 831 3705 abundantiorem
882 3652 1146 3721 gloriam,
1199 3671 1312 3709 non
1363 3656 1421 3710 in
1474 3658 1735 3710 futurum
1788 3657 1977 3712 solum
2012 3675 2045 3712 a

346 3738 459 3793 Deo
510 3739 790 3808 recipient
824 3758 838 3808 ;
873 3742 967 3796 sed
1001 3748 1058 3797 et
1098 3743 1191 3797 hic
1235 3760 1463 3817 quoque
1496 3746 1747 3802 uberiori
1790 3748 2045 3804 beabun-

348 3832 446 3883 tur
476 3828 726 3898 Spiritus
755 3831 1174 3889 consolatione.

418 3937 562 3994 XVI.
611 3941 1093 4011 Quandoquidem
1144 3944 1203 3999 in
1254 3945 1516 4000 confesso
1560 3950 1669 4015 est,
1722 3954 1940 4003 arctam
1990 3953 2045 4005 et

346 4032 651 4098 angustam
687 4046 810 4084 esse
867 4030 1014 4085 viam
1061 4048 1183 4103 quas
1216 4032 1379 4087 ducit
1429 4035 1496 4089 ad
1541 4034 1715 4088 vitam
1750 4054 1763 4102 ;
1801 4036 2046 4106 ideoque

347 4133 565 4188 paucos
597 4136 746 4191 esse,
780 4123 879 4193 qui
915 4140 1014 4193 per
1040 4139 1167 4178 eam
1206 4129 1513 4179 transeunt
1543 4142 1555 4180 :
1593 4128 1784 4181 omnis
1833 4128 2048 4183 diaboli

349 4210 593 4264 lentatio
637 4220 867 4282 propter
916 4214 1080 4266 nobis
1114 4216 1428 4284 repositam
1461 4215 1516 4267 in
1551 4216 1718 4269 oculis
1767 4234 1930 4285 spem
1966 4236 2049 4273 ro-

349 4299 515 4354 buste
564 4315 630 4353 ac
660 4307 992 4355 constanter
1022 4304 1369 4357 sustinenda
1400 4313 1484 4358 est
1520 4320 1533 4368 ;
1568 4310 2048 4378 quantaecunque

347 4391 503 4446 enim
557 4392 782 4444 tandem
836 4393 1239 4448 tribulationes
1292 4393 1724 4464 pertulerimus,
1777 4398 1912 4465 quid
1964 4399 2046 4451 haa

348 4480 799 4549 comparandum
852 4480 1088 4548 habent,
1156 4490 1256 4537 aut
1299 4498 1435 4537 cum
1486 4484 1675 4538 futura
1734 4487 2051 4555 repromis-

348 4568 509 4626 sione
544 4585 557 4637 ;
592 4576 693 4623 aut
723 4586 857 4625 cum
903 4571 1027 4642 jam
1079 4572 1215 4627 binc
1265 4572 1386 4627 dari
1439 4573 1609 4628 solita
1655 4575 2051 4629 consolatione

2154 3387 2478 3461 ὑπήνεγκαν,
2529 3386 2774 3457 τοσούτῳ
2818 3387 2907 3439 καὶ
2952 3384 3174 3441 πλείονα
3212 3389 3310 3455 τὴν
3360 3386 3515 3461 δόξαν
3564 3390 3670 3444 οὐκ
3719 3390 3794 3451 εἷς

2150 3477 2213 3531 τὸ
2249 3475 2450 3547 μέλλον
2486 3477 2649 3548 μόνον
2683 3476 2741 3530 ἐκ
2784 3480 2916 3531 Θεοῦ
2953 3480 3269 3548 κομιοῦνται
3305 3497 3316 3510 ·
3362 3477 3507 3532 ἀλλᾶ
3527 3478 3797 3534 κάνταῦθα

2151 3572 2249 3629 τῆς
2299 3569 2394 3618 τοῦ
2437 3564 2643 3639 ἀγαθοῦ
2694 3566 3002 3639 Πνεύματος
3054 3565 3448 3636 ἀξιωθησονται
3507 3566 3795 3642 παρακλη-

2154 3674 2308 3714 σεως.

2232 3942 2348 4017 lg’.
2382 3940 2533 3997 Ἐπεὶ
2581 3941 2806 4011 τοιαύτη
2858 3939 3283 4015 ὡμολόγηταιὴ
3333 3943 3467 4017 πρὸς
3518 3945 3615 4013 τήν
3652 3949 3796 4014 ζωήν

2157 4030 2390 4108 φέρουσα
2423 4034 2577 4100 στενή
2612 4052 2669 4086 τε
2708 4031 2796 4084 καὶ
2842 4030 3205 4105 τεθλιμμένη,
3247 4034 3336 4087 καὶ
3379 4033 3469 4088 διὰ
3513 4039 3678 4090 τοῦτο
3709 4036 3801 4089 καὶ

2159 4121 2380 4194 ὀλίγους
2426 4119 2539 4195 ἔχει
2586 4120 2713 4184 τοὺς
2763 4120 2963 4191 ταύτην
3017 4119 3447 4199 διερχομένους,
3489 4129 3661 4178 πᾶσαν
3705 4129 3799 4179 τοῦ

2157 4216 2401 4285 πονηροῦ
2458 4216 2644 4283 πεῖραν
2716 4208 2804 4263 διὰ
2845 4211 2943 4277 τήν
2995 4209 3046 4264 ἐν
3100 4211 3346 4285 οὐρανίος
3416 4212 3797 4284 ἀποκειμένην,

2158 4297 2355 4355 ἐλπίδα
2395 4299 2628 4373 στερρῶς
2658 4298 3013 4371 ὑπομενετέον
3058 4318 3070 4332 ·
3119 4301 3247 4361 ὅσας
3300 4303 3402 4376 γὰρ
3454 4301 3512 4354 ἂν
3564 4302 3647 4354 καὶ
3705 4302 3799 4355 ὑπ-

2159 4387 2474 4464 ἒνέγκοιμεν
2508 4387 2740 4461 θλίψεις,
2781 4387 2830 4441 τί
2881 4387 3122 4457 ἀντάξιον
3156 4390 3189 4459 ἢ
3232 4390 3365 4462 πρὸς
3405 4390 3504 4458 τήν
3556 4387 3793 4461 μέλλου-

2161 4500 2252 4533 σαν
2322 4476 2665 4549 ἐπαγγελίαν,
2715 4476 2749 4544 ἢ
2800 4478 2935 4549 πρὸς
2988 4478 3086 4544 τὴν
3147 4476 3383 4532 ἐντεῦθεν
3440 4477 3786 4551 ἐγγενομένην

2157 4575 2275 4629 ταῖς
2305 4572 2508 4642 ψυχαῖς
2543 4567 2643 4620 ὑπὸ
2673 4570 2769 4619 τοῦ
2819 4567 3021 4640 ἀγαθοῦ
3074 4568 3385 4639 Πνεύματυς
3432 4566 3796 4642 παράκλησιν,

346 4661 482 4717 boni
528 4662 779 4732 Spiritus
813 4679 826 4730 ;
874 4669 976 4718 aut
1020 4679 1153 4718 cum
1193 4663 1530 4719 liberatione
1560 4681 1593 4718 a
1634 4665 1883 4735 caligine
1922 4682 2040 4735 pra-

2157 4658 2191 4727 ἢ
2236 4658 2369 4732 πρὸς
2424 4658 2525 4723 τήν
2574 4652 2960 4729 ἀπολότρωσιν
3019 4660 3116 4710 τοῦ
3170 4658 3396 4720 σκότους
3450 4661 3557 4711 τῶν
3612 4658 3794 4710 παθῶν

350 4767 542 4805 varum
588 4751 1031 4807 iuclinatiouum
1080 4774 1094 4820 ;
1146 4760 1245 4807 aut
1289 4770 1420 4807 cum
1469 4754 1845 4807 multitudine
1878 4756 2043 4809 debi-

346 4841 559 4892 torum.
593 4840 709 4893 Non
740 4841 896 4894 enim
947 4851 1075 4896 sunt
1118 4843 1249 4913 (ait)
1291 4841 1580 4909 condignae
1623 4845 1903 4913 passiones
1949 4842 2047 4896 hu-

335 4926 430 4996 jus
459 4930 713 4995 temporis
742 4929 811 4981 ad
855 4932 1107 4997 futuram
1150 4932 1389 4998 gloriam
1435 4945 1560 5001 qua:
1609 4932 1943 4985 revelabitur
1988 4946 2048 4984 τη

342 5016 497 5070 nobis
542 5014 609 5070 ⁵⁵.
660 5016 867 5073 Omnia
912 5035 1069 5089 ergo.
1122 5026 1186 5073 ut
1232 5020 1451 5073 dictum
1497 5028 1601 5086 est,
1650 5020 1795 5075 ferre
1834 5020 2049 5074 fortiter

346 5106 646 5170 debemus,
702 5115 933 5175 propter
974 5108 1329 5174 Dominum;
1379 5110 1458 5163 uti
1505 5113 1769 5181 generosi
1834 5109 2046 5164 milites

345 5212 417 5252 ne
448 5195 593 5250 mori
638 5196 871 5265 quidem
911 5213 1010 5266 pro
1044 5202 1240 5251 nostro
1292 5199 1635 5267 imperatore
1687 5199 2042 5253 dubitantes.

343 5287 452 5343 Cur
483 5285 661 5353 enim,
695 5286 927 5355 quando
984 5287 1201 5340 mundo
1252 5292 1308 5341 et
1356 5289 1735 5343 saecularibus
1789 5287 2048 5342 attende-

342 5377 549 5432 bamus
596 5376 789 5444 rebus,
842 5376 1136 5430 molestias
1185 5392 1305 5445 eas,
1337 5378 1394 5432 in
1424 5394 1569 5449 quas
1603 5384 1801 5447 postea
1833 5379 2044 5433 incidi-

346 5482 500 5527 mus,
534 5482 649 5520 nou
682 5466 1122 5536 experiebamur
1156 5464 1297 5529 ;sed
1330 5484 1483 5523 nunc
1507 5484 1637 5523 cum
1671 5484 2038 5524 accessemus

346 5554 415 5608 ad
472 5554 841 5610 serviendum
900 5554 1035 5622 Deo,
1087 5553 1444 5627 multiplices
1508 5556 1641 5615 illas
1698 5560 2043 5615 tentationes

413 5732 461 5769 “
487 5730 659 5799 Hebr.
684 5749 785 5806 xu,
816 5735 869 5794 8.
946 5733 996 5770 ⁵⁵
1029 5737 1197 5796 Rom.
1219 5750 1347 5809 vm,
1372 5734 1460 5793 18.

2155 4754 2253 4815 τῆς
2283 4744 2491 4813 κακίας,
2524 4741 2559 4812 ἤ
2593 4744 2727 4817 πρὸς
2765 4744 2827 4797 τὸ
2867 4748 2973 4797 τῶν
3023 4749 3203 4820 χρεῶν
3254 4743 3470 4814 πλῆθος
3505 4751 3614 4800 τῶν
3663 4747 3799 4817 ἠμε-

2154 4836 2322 4908 τέρων
2372 4836 2680 4907 ἁμαρτιῶν,
2732 4832 3086 4906 είσοίσομεν;
3138 4834 3215 4891 Ού
3275 4836 3379 4910 γὰρ
3424 4836 3566 4906 ἄξια,
3627 4834 3798 4913 φησὶ,

2154 4928 2221 4980 τά
2274 4925 2571 4993 παθήματα
2622 4925 2718 4976 τοῦ
2776 4927 2866 4976 νῦν
2932 4928 3123 4999 καιροῦ
3181 4926 3316 4998 πρὸς
3390 4925 3490 4991 τήν
3565 4922 3799 4996 μέλλου-

2158 5034 2249 5066 σαν
2303 5010 2455 5082 δόξαν
2518 5008 2969 5085 ἀποκαλυφθηναι
3030 5012 3103 5073 εἰς
3180 5014 3359 5086 ἡμᾶς.
3436 5013 3615 5067 Πάντα
3675 5012 3798 5086 γὰρ,

2156 5102 2228 5164 ὡς
2289 5098 2520 5174 ε’ίρηται,
2576 5100 2932 5174 καρτερητέον
2993 5098 3083 5155 διὰ
3140 5102 3228 5155 τὸν
3287 5103 3481 5176 Κύριον
3549 5099 3650 5168 δεῖ,
3711 5101 3801 5153 οἷα

2153 5192 2423 5267 γενναίους
2464 5194 2794 5265 στρατιώτας
2841 5195 2936 5245 τοῦ
2992 5192 3263 5266 βασιλέως
3314 5196 3473 5265 ἡμῶν
3528 5192 3804 5264 ὑπεραπο-

2156 5284 2503 5352 θνήσκοντας.
2538 5280 2635 5334 Διὰ
2658 5279 2709 5333 τί
2738 5279 2859 5353 γὰρ,
2890 5279 2978 5335 δνε
3006 5286 3086 5353 τῷ
3135 5280 3326 5353 κόσμῳ
3356 5280 3446 5334 καὶ
3493 5284 3610 5341 τοῖς
3662 5280 3804 5352 βιω-

2152 5378 2327 5435 τικοῖς
2382 5369 2748 5443 προσείχομεν
2808 5372 3118 5444 πράγμασιν
3156 5413 3169 5437 ,
3231 5371 3291 5425 ού
3348 5370 3623 5443 λυπηροῖς
3692 5387 3805 5421 τοι·

2156 5462 2335 5522 ούτοις
2385 5458 2832 5534 περιεπίπτομεν,
2884 5458 3029 5514 ἀλλὰ
3084 5465 3177 5513 νῦν
3236 5458 3351 5515 ἐπεὶ
3410 5457 3799 5534 προσήλθομεν

2156 5550 2444 5608 δουλεῦσαι
2502 5553 2640 5622 Θεῷ,
2706 5548 2834 5611 τοὺς
2884 5551 3269 5624 πολυτρόπους
3325 5548 3551 5611 τούτους
3606 5565 3801 5624 πειρα-
