4076 6280
287 402 407 466 949

1375 399 1603 459 LIBER
1645 397 1747 458 DE
1792 397 2236 459 LIBERTATE
2283 397 2598 460 MENTIS.

3641 397 3760 460 950

291 541 465 614 σμούς
501 534 893 610 ὑπομένομεν;
946 542 1100 610 Ὁρᾷς
1160 534 1242 589 ὅτι
1301 531 1389 588 διὰ
1442 533 1532 587 τὸν
1593 533 1830 607 Χριστὸν
1892 531 1940 584 αἱ

2103 532 2360 588 atimur?
2408 532 2568 587 vides
2617 536 2851 604 propter
2892 533 3186 589 Christum
3236 531 3340 587 has
3386 533 3443 588 in
3497 547 3603 586 nos
3635 530 3755 585 im-

292 628 527 701 θλίψεις,
580 628 902 705 φθονοῦντος
951 627 1087 697 ἡμῖν
1127 628 1223 678 τοῦ
1277 620 1646 694 ἀντικειμένου
1677 628 1778 690 τῆς
1833 626 1940 674 τῶν

290 718 671 789 ἐλπιζομένων
723 713 1157 780 ἀνταποδόσεως,
1192 712 1470 790 χαύνωσίν
1527 732 1584 766 τε
1632 712 1721 764 καὶ
1776 710 1946 784 ῥαθυ-

295 807 419 878 μίαν
472 807 717 860 ἐνθέσθαι
774 811 891 865 ταῖς
957 805 1250 874 ἡμετέραις
1313 801 1655 876 βουλομένου
1714 803 1940 876 ψυχαῖς,

288 895 375 950 ’ίνα
446 897 521 968 μὴ
586 893 886 968 εὐαρέστως
972 895 1229 962 ζήσαντες
1321 891 1525 945 τούτων
1601 890 1940 961 ἀξιωθῶμεν.

293 989 464 1041 Πᾶσαι
505 986 559 1038 αἱ
626 984 745 1037 καθ’
804 985 964 1054 ἡμῶν
1027 980 1230 1034 ἐκείνου
1291 980 1538 1054 μηχαναὶ
1604 978 1824 1034 λύονται
1875 981 1942 1050 τῇ

289 1077 385 1127 τοῦ
482 1077 716 1144 Χριστοῦ
794 1070 1088 1144 συμμαχίᾳ
1154 1087 1168 1099 ⁵
1241 1071 1328 1123 καὶ
1385 1071 1474 1123 τὸν
1537 1069 1944 1141 ὑπερασπιστῆν

289 1165 448 1233 ἡμῶν
506 1163 591 1216 καὶ
644 1160 964 1234 ὕπέρμαχον
1008 1157 1234 1220 ἐκεῖνον,
1285 1159 1699 1230 ἐνθυμηθῶμεν,
1734 1159 1817 1211 ὅτι
1849 1142 1940 1212 καὶ

290 1249 450 1311 αὐτὸς
500 1251 591 1304 τὸν
649 1249 820 1302 αἰῶνα
866 1253 1057 1302 τοῦτον
1110 1247 1251 1301 οὕτω
1301 1246 1645 1312 διώδευσενΑ
1683 1242 1946 1316 ὀνειδιζό-

295 1361 476 1414 μενος,
534 1338 890 1410 διωκόμενος,
934 1337 1360 1410 ἐμπαιζύμενος,
1409 1337 1569 1398 τέλος
1617 1339 1703 1392 καὶ
1757 1337 1940 1410 ἀτίμῳ

291 1428 500 1499 θανάτῳ
531 1427 619 1482 διὰ
659 1425 890 1500 σταυροῦ
932 1427 1335 1501 τελειούμενος.

364 1608 459 1663 1Ζ’.
521 1605 686 1681 Εἴπερ
766 1605 1105 1680 βουλοίμεθα
1171 1605 1355 1679 θλίψιν
1427 1607 1619 1660 ἅπασιν
1662 1607 1747 1660 καὶ
1813 1606 1942 1667 τοὺς

292 1696 630 1769 πειρασμοὺς
680 1695 971 1766 ὕπομένειν
1013 1691 1232 1769 ῥᾳδίως,
1277 1697 1303 1749 ὁ
1353 1692 1441 1749 διὰ
1481 1697 1710 1769 Χριστὸν
1775 1693 1944 1749 θανα-

292 1806 385 1847 τος
427 1783 764 1857 ἐπιθυμητὸς
814 1787 950 1858 ἡμῖν
1001 1781 1160 1852 ἔστω,
1208 1785 1297 1839 καὶ
1346 1785 1451 1855 πρὸ
1503 1785 1770 1856 ὀμμάτων
1835 1782 1946 1840 δια·

2054 625 2203 678 mitti
2238 623 2583 678 atflictiones
2612 624 2683 678 ab
2732 623 3059 678 adversario
3101 622 3395 678 invidente
3427 621 3592 677 nobis
3621 637 3756 691 spe-

2053 719 2205 767 ratas
2249 714 2682 774 retributiones,
2732 713 3190 784 languoremque
3240 731 3304 768 ac
3353 713 3632 768 desidiam
3667 712 3758 764 in-

2045 803 2225 872 jicere
2258 803 2565 857 animabus
2618 805 2826 858 nostris
2873 805 3168 867 studente,
3210 820 3282 858 ne
3329 805 3400 858 ad
3452 802 3549 858 Dei
3583 802 3758 857 bene-

2055 889 2335 960 placitum
2382 889 2498 945 vita
2546 896 2862 957 transacta,
2915 890 3223 960 promissis
3277 890 3518 959 pramiis
3579 890 3760 943 done-

2057 995 2205 1033 mur.
2239 979 2450 1034 Omnes
2500 981 2628 1050 ejus
2677 987 2876 1034 contra
2928 995 3032 1034 nos
3082 977 3255 1032 irritae
3293 979 3439 1032 fiunt
3473 976 3754 1031 machinas

2058 1069 2223 1122 nobis
2253 1085 2382 1122 cum
2419 1069 2646 1124 Christo
2692 1068 3108 1140 pugnantibus.
3158 1067 3262 1120 Hic
3295 1067 3448 1121 enim
3481 1081 3750 1136 magnus,

2055 1157 2149 1212 hic
2174 1157 2424 1212 invictus
2465 1160 2630 1213 nobis
2679 1164 2964 1228 protector
3016 1161 3072 1212 et
3119 1161 3514 1227 propugnator
3545 1157 3754 1223 praesto

2055 1251 2160 1301 est.
2232 1246 2588 1310 Reputemus
2656 1247 2874 1315 animo,
2938 1245 3128 1316 ipsum
3199 1259 3454 1315 quoque,
3522 1242 3754 1312 quando

2056 1337 2425 1407 pertransivit
2496 1338 2601 1392 hoc
2673 1337 2969 1405 saeculum,
3036 1335 3359 1405 opprobriis
3431 1337 3756 1401 oneratum,

2053 1427 2482 1497 impugnatum,
2532 1426 2788 1492 irrisum,
2839 1426 3089 1496 denique
3138 1423 3530 1496 ignominiosa
3577 1430 3760 1477 morte

2055 1530 2159 1585 per
2188 1531 2420 1569 crucem
2448 1521 2919 1570 consummatum
2952 1530 3102 1569 esse.

2123 1600 2302 1654 XVII.
2337 1601 2394 1655 Si
2445 1600 2800 1656 voluerimus
2838 1615 3072 1655 omnem
3123 1597 3497 1654 afﬂictionem
3543 1603 3598 1651 et
3631 1600 3760 1652 ten-

2053 1690 2303 1744 tationes
2363 1691 2651 1746 sustinere
2707 1689 2892 1757 facile,
2955 1705 3107 1744 mors
3167 1692 3402 1759 propter
3458 1686 3757 1743 Christum

2053 1783 2286 1850 aptetur
2316 1797 2347 1833 a
2381 1779 2567 1846 nobis,
2601 1780 2723 1835 etis
2770 1795 2980 1850 scopus
3011 1778 3126 1833 voti
3179 1779 3362 1833 nostri
3411 1777 3758 1832 obversetur

292 1874 512 1932 παντός.
553 1877 805 1928 Τοιοῦτον
839 1874 940 1947 γὰρ
972 1875 1108 1946 ἡμῖν
1155 1872 1244 1926 καὶ
1294 1872 1589 1947 ἐπίταγμα,
1630 1874 1718 1927 τὸν
1782 1895 1940 1926 σταυ-

2099 1875 2322 1937 srpetuo
2357 1867 2569 1922 mentis
2616 1872 2826 1922 nostrae
2875 1867 3079 1922 oculis.
3114 1867 3168 1921 Id
3206 1865 3419 1935 quippe
3465 1869 3553 1919 est
3585 1865 3752 1920 nobis

295 1963 383 2036 ρὸν
455 1961 702 2036 αἶ’ροντας
753 1960 898 2033 αὒτῷ
941 1964 1263 2018 ἀκολουθεῖν
1302 1983 1312 1994 ·
1362 1962 1494 2036 ὅπερ
1543 1963 1705 2032 ἐστὶν,
1755 1962 1940 2038 εὔτρε-

292 2055 412 2112 πεῖς
453 2050 585 2105 εἶναι
635 2052 722 2105 καὶ
774 2052 1027 2124 ἑτοίμους
1077 2053 1210 2126 πρὸς
1261 2052 1321 2104 τὸ
1361 2051 1664 2108 ἀποθανεῖν.
1699 2056 1796 2109 "Av
1843 2053 1938 2106 οὕ-

289 2159 368 2192 τω
400 2137 489 2192 ὃια
519 2140 618 2212 [τε]
652 2139 888 2209 θειμένοι
928 2138 1094 2210 ὦμεν,
1128 2143 1324 2208 πᾶσαν,
1367 2139 1441 2200 ὡς
1481 2137 1716 2211 εἴρηται,
1751 2139 1940 2212 θλίψιν

291 2228 464 2305 ἀφανῆ
495 2248 553 2281 τε
579 2231 667 2282 καὶ
703 2225 880 2297 δήλην
913 2231 1046 2284 κατὰ
1086 2227 1228 2282 πολὺ
1259 2227 1320 2281 τὸ
1362 2227 1492 2302 ῥᾷον
1537 2229 1938 2302 ὑπομενοῢμεν.

293 2319 354 2374 Ὀ
411 2319 512 2392 γὰρ
578 2319 991 2371 καὶάποθανεῖν
1053 2318 1186 2381 ὑπὲρ
1231 2323 1462 2388 Χριστοῦ
1525 2316 1595 2372 δι’
1653 2318 1939 2392 ἐπιθυμίας

293 2403 463 2479 ἔχων,
497 2403 680 2480 σχολῇ
720 2408 769 2480 γ’
801 2405 860 2459 ἂν
903 2407 1037 2476 πρὸς
1066 2407 1131 2460 τὰ
1171 2406 1406 2462 ἐπίπονα
1435 2409 1523 2461 καὶ
1574 2406 1795 2480 λυπηρὰ
1845 2406 1944 2462 δυ-

295 2494 566 2568 σχερᾶναι.
632 2494 782 2568 [Ιαρά
844 2499 1006 2549 τοῦτο
1064 2496 1166 2568 γὰρ
1214 2496 1302 2548 καὶ
1364 2496 1580 2570 βαρείας
1641 2496 1770 2549 εἶναι
1849 2499 1944 2560 τάς

294 2581 508 2656 θλίψεις
547 2584 852 2656 ἡγούμεθα,
894 2584 1042 2657 παρά
1087 2585 1149 2638 τὸ
1203 2587 1276 2657 μή
1336 2585 1430 2639 τὸν
1501 2586 1632 2658 ὑπὲρ
1701 2586 1940 2659 Χριστὸν

294 2673 518 2726 θάνατον
586 2673 923 2745 καταθύμιον
983 2668 1152 2747 ἔχειν,
1218 2671 1357 2744 μηδέ
1423 2674 1651 2729 πάντοτε
1717 2679 1942 2748 Χριστῷ

287 2767 386 2830 τήν
443 2760 676 2817 διάνοιαν
728 2762 972 2836 ἀναρτᾷν.
1029 2764 1086 2816 Ὀ
1133 2760 1189 2816 δὲ
1256 2763 1459 2818 ἐκεῖνον
1517 2763 1941 2838 κληρονομῆσαι

289 2850 592 2922 ἐπιθυμῶν,
630 2853 718 2904 καὶ
757 2853 823 2905 τὰ
866 2853 1031 2907 αὐτοῦ
1080 2853 1223 2923 πάθη
1281 2851 1505 2924 ζηλοῦν,
1567 2854 1774 2925 ὁμοίως
1827 2855 1941 2910 ἐπι-

289 2937 548 3006 θυμείτω.
604 2939 765 2990 ’Ὥστε
823 2938 874 2990 οἱ
932 2939 1022 2992 τὸν
1075 2937 1265 3011 Κύριον
1335 2939 1541 3012 ἀγαπᾷν
1594 2938 1840 3010 λέγοντες
1893 2940 1944 2994 ἐν

286 3023 467 3095 τούτῳ
499 3024 717 3098 φανεροὶ
761 3024 1023 3096 γίνονται,
1076 3026 1129 3079 ἐν
1178 3031 1257 3097 τῷ
1307 3032 1478 3080 πᾶσαν
1541 3027 1725 3100 θλίψιν
1781 3027 1940 3100 ἐπερ-

288 3110 534 3188 χομένην
575 3110 635 3164 οὐ
665 3112 925 3186 γενναίως
964 3113 1151 3182 μόνον,
1183 3111 1331 3167 ἀλλά
1384 3113 1472 3166 καὶ
1519 3114 1822 3185 προθύμως
1855 3113 1943 3168 διὰ

285 3203 382 3269 τὴν
426 3198 499 3261 εἷς
547 3200 710 3255 αὐτὸν
755 3199 935 3276 φέρειν
968 3198 1190 3256 ἐλπίδα.

361 3468 467 3522 ΙΗ’.
503 3468 623 3541 Χρή
659 3465 920 3540 πρότερον
953 3469 1043 3522 τὸν
1090 3473 1170 3540 τῷ
1210 3471 1434 3543 Χριστῷ
1464 3469 1940 3542 προσελη)υθύτα,

285 3557 375 3610 καὶ
437 3556 571 3628 πρὸς
631 3555 749 3628 βίαν
791 3556 926 3629 πρὸς
984 3557 1046 3610 τὸ
1101 3558 1300 3630 ἀγαθὸν
1353 3554 1530 3612 ἕλκειν
1591 3559 1798 3629 ἑαυτὸν,
1841 3561 1941 3615 οὐκ

285 3643 580 3713 ἐθελούσης
627 3646 788 3716 ἡμῶν
839 3652 936 3712 τῆς
995 3644 1222 3717 καρδίας
1256 3664 1269 3677 ·
1323 3647 1566 3715 Βιάζεται
1616 3651 1742 3722 γὰρ,
1775 3650 1938 3725 φησὶν

283 3733 312 3787 ὁ
384 3730 628 3806 ἀψευδὴς
701 3735 918 3808 Κύριος,
971 3737 1006 3804 ἡ
1067 3736 1315 3810 βασιλεία
1361 3742 1466 3791 τῶν
1529 3736 1798 3810 οὐρανῶν,
1849 3740 1938 3793 καὶ

285 3823 504 3896 βιασταὶ
582 3823 917 3897 ἁρπάζουσιν
1013 3825 1179 3894 αὐτήν
1248 3845 1260 3858 ’
1343 3826 1696 3898 ἀγωνίζεσθαι
1773 3828 1937 3883 πάλιν

285 3909 446 3964 αὐτὸν
513 3911 770 3965 εἰσελθεῖν
811 3913 897 3965 νιᾶ
952 3919 1051 3980 τῆς
1091 3921 1277 3982 στενῆς
1325 3915 1510 3987 θύρας.
1558 3917 1676 3988 Χρή
1737 3917 1940 3983 τοίνυν,

285 3999 366 4057 ὡς
426 3996 662 4070 εἶ’ρηται,
711 4001 798 4053 καὶ
850 4002 986 4054 κατὰ
1037 4003 1100 4055 τὸ
1156 3998 1468 4070 ἀϐούλητον
1525 4003 1748 4064 ἑαυτοὺς
1805 4006 1940 4078 πρὸς

285 4087 388 4153 τὴν
423 4085 617 4160 ἀρετήν
661 4090 940 4151 συνωθεῖν,
983 4090 1119 4161 πρὸς
1147 4091 1362 4164 ἀγάπην
1407 4093 1482 4163 μὴ
1534 4087 1784 4165 ἔχοντας,
1820 4095 1944 4166 livi-

288 4196 426 4244 πην,
468 4176 601 4248 πρὸς
635 4176 916 4248 πραότητα
964 4176 1165 4246 ταύτης
1214 4177 1373 4238 ὄντας
1428 4179 1478 4233 ἐν
1535 4181 1755 4252 ἀπορίᾳ,
1807 4184 1944 4257 πρὸς

289 4265 352 4318 τὸ
421 4265 696 4335 συμπαθὲς
764 4266 850 4318 καὶ
911 4264 1297 4343 φιλάνθρωπόν
1353 4270 1453 4337 τὴν
1510 4267 1730 4340 καρδίαν
1769 4268 1938 4346 ἔχειν,

291 4355 428 4424 πρὸς
483 4354 547 4407 τὸ
607 4354 890 4429 ἀνέχεσθαι
950 4355 1170 4428 ἀτιμίας
1254 4356 1344 4410 καὶ
1418 4359 1794 4433 παροράσεως,
1851 4363 1938 4416 καὶ

289 4447 408 4503 τοῖς
451 4441 888 4517 ἐξουθενημένοις
926 4443 1265 4520 ἐγκαρτερεῖν
1301 4468 1313 4480 ·
1348 4446 1499 4502 οὔπω
1529 4451 1728 4518 ταύτην
1769 4449 1943 4528 ἐσχη-

291 4533 454 4592 κότας
484 4534 582 4601 τὴν
611 4529 716 4602 ἕξιν
767 4534 902 4608 πρὸς
950 4534 1140 4609 εὐχήν,
1188 4538 1357 4608 μήπω
1419 4538 1731 4610 [Ινεύματος
1768 4539 1937 4614 εὐχὴν

2053 1961 2423 2025 praeceptum,
2459 1962 2520 2010 ut
2557 1957 2832 2012 tollamus
2881 1973 3108 2011 crucem
3158 1961 3415 2010 nostram
3449 1959 3508 2008 et
3541 1969 3749 2024 sequa-

2052 2044 2442 2114 muripsum;
2488 2047 2641 2116 quod
2687 2046 2994 2116 signiﬁcat,
3048 2049 3280 2115 paratos
3332 2059 3438 2098 nos
3486 2058 3614 2097 esse
3645 2044 3750 2096 de-

2051 2135 2182 2189 bere
2239 2135 2311 2188 ad
2371 2136 2754 2189 moriendum.
2815 2136 2871 2188 Si
2939 2135 3022 2188 sic
3082 2133 3270 2189 affecti
3333 2131 3748 2202 praparatique

2051 2225 2246 2279 animo
2291 2225 2593 2291 fuerimus,
2645 2242 2898 2293 omnem,
2942 2233 3003 2280 ut
3051 2226 3272 2280 dictum
3324 2230 3436 2291 est,
3484 2223 3752 2277 alﬂictio-

2051 2331 2186 2368 nem
2237 2314 2528 2369 internam
2577 2320 2632 2370 et
2679 2321 3056 2386 apparentem
3091 2315 3366 2369 facilitate
3400 2314 3756 2384 perferemus

2053 2419 2284 2471 magna.
2318 2403 2460 2458 Mori
2491 2405 2646 2457 enim
2681 2409 2881 2475 utique
2915 2420 3016 2475 pro
3057 2403 3281 2458 Christo
3326 2404 3588 2474 cupiens,
3625 2417 3751 2472 quae

2051 2495 2285 2547 tandem
2318 2510 2467 2565 aegre
2499 2494 2644 2549 ferre
2681 2497 2922 2550 adversa
2960 2495 3048 2550 vel
3095 2495 3340 2550 molesta
3392 2489 3648 2564 poterit?
3680 2493 3751 2547 ob

2052 2579 2160 2634 hoc
2199 2581 2392 2650 ipsum
2443 2583 2598 2637 enim
2643 2599 2846 2653 graves
2893 2599 3021 2638 esse
3062 2589 3336 2654 putamus
3387 2583 3750 2646 at‘ﬂictiones,

2053 2670 2194 2741 quia
2221 2671 2390 2725 nobis
2427 2688 2541 2728 non
2589 2673 2776 2743 placet
2817 2689 2918 2744 pro
2967 2674 3194 2728 Christo
3249 2673 3418 2738 mori,
3468 2687 3574 2726 nec
3622 2685 3756 2737 spes

2054 2775 2119 2815 ac
2179 2761 2433 2815 rationes
2478 2767 2707 2815 nostras
2765 2778 2832 2817 ex
2887 2777 2952 2816 eo
3004 2763 3215 2816 ducere
3262 2777 3598 2830 suspensas.
3648 2757 3758 2823 Qui

2052 2865 2185 2904 vero
2216 2848 2510 2904 Christum
2558 2852 2872 2921 possidere,
2921 2856 2978 2905 et
3007 2859 3120 2906 tam
3166 2851 3420 2918 Opimam
3453 2847 3757 2904 haeredita-

2053 2942 2169 2992 tem
2211 2939 2502 2994 desiderat
2532 2956 2788 3008 cernere,
2829 2943 2959 3009 ejus
3008 2957 3236 3012 quoque
3283 2940 3494 2994 imitari
3529 2939 3754 3011 passio-

2054 3044 2155 3081 nes
2213 3029 2486 3083 similiter
2560 3032 2951 3100 concupiscat.
3028 3034 3212 3096 Quare
3279 3031 3378 3100 qui
3437 3046 3499 3085 se
3556 3031 3758 3083 dicunt

2055 3131 2249 3168 amare
2291 3117 2628 3184 Dominum,
2669 3119 2727 3172 in
2773 3135 2839 3174 eo
2889 3119 3393 3182 demonstrabant,
3428 3134 3500 3171 an
3533 3133 3661 3171 vere
3696 3117 3753 3170 id

2054 3205 2370 3271 al'firment,
2403 3207 2451 3261 si
2483 3223 2717 3262 omnem
2763 3209 2906 3277 ipsis
2954 3210 3460 3280 supervenientem
3492 3207 3758 3262 afﬂictio-

1972 3267 2012 3332 δ
2055 3309 2186 3348 nem
2247 3267 2367 3348 non
2421 3311 2700 3366 generose
2757 3267 2950 3362 modo,
3010 3267 3108 3353 s‘ed
3163 3297 3410 3352 libenter
3467 3296 3645 3351 etiam
3702 3298 3759 3349 et

2055 3390 2339 3450 amanter,
2373 3387 2446 3440 ob
2477 3403 2635 3457 spem
2671 3388 2728 3442 in
2763 3387 2888 3458 ipso
2920 3390 3189 3459 positam,
3227 3387 3537 3457 perferant.

2122 3473 2319 3529 XVIII.
2365 3475 2532 3544 Eum,
2593 3476 2694 3547 qui
2746 3477 2816 3531 ad
2867 3475 3165 3532 Christum
3215 3476 3474 3542 accessit,
3531 3478 3756 3544 Oportet

2049 3569 2182 3617 ante
2213 3580 2493 3632 ommam,
2542 3567 2715 3621 etiam
2750 3583 2850 3636 per
2897 3567 3014 3620 vim
3063 3567 3134 3621 ad
3189 3566 3406 3621 bonum
3439 3565 3666 3619 trahere
3698 3581 3756 3619 se

2050 3651 2265 3722 ipsum,
2307 3657 2569 3722 quamvis
2621 3656 2940 3711 reluctante
2985 3661 3182 3712 nostro
3223 3658 3415 3712 corde.
3461 3655 3577 3710 Vim
3604 3657 3753 3710 enim

2049 3746 2260 3813 patitur
2291 3745 2440 3801 215
2483 3746 2592 3815 (ait
2622 3747 2855 3801 mentiri
2904 3747 3137 3804 nescius
3185 3747 3493 3817 Dominus)
3523 3761 3752 3812 regnum

2050 3834 2331 3900 calorum,
2381 3839 2430 3888 et
2476 3835 2706 3889 violenti
2747 3839 2978 3905 rapiunt
3027 3836 3181 3890 illud
3228 3834 3295 3891 5°.
3328 3839 3485 3902 Opus
3515 3850 3750 3905 quoque

2052 3929 2143 3976 est
2171 3923 2439 3976 eumdem
2481 3925 2828 3978 contendere
2876 3925 3091 3979 intrare
3139 3940 3240 3994 per
3269 3928 3576 3994 angustam
3620 3940 3754 3993 por-

2052 4015 2192 4064 tam.
2227 4011 2464 4080 Oportet
2503 4013 2694 4081 igitur,
2747 4018 2810 4067 ut
2851 4013 3074 4068 dictum
3124 4022 3229 4080 est,
3282 4013 3440 4082 ipsos
3471 4013 3555 4067 vel
3608 4013 3751 4067 invi-

2054 4108 2139 4154 tos
2195 4102 2423 4171 adigere
2480 4117 2543 4155 se
2601 4101 2674 4156 ad
2730 4103 3038 4170 virtutem;
3099 4105 3165 4157 ad
3226 4102 3589 4163 charitatem,
3647 4100 3749 4172 qui

2053 4188 2334 4243 charitate
2379 4197 2615 4259 carent;
2665 4193 2734 4246 ad
2784 4191 3308 4257 mansuetudinem,
3359 4193 3456 4262 qui
3505 4191 3612 4244 hac
3661 4189 3754 4245 in-

2055 4277 2289 4349 digent;
2339 4281 2410 4334 ad
2461 4280 2793 4337 habendum
2857 4298 2957 4338 cor
3005 4282 3329 4336 humanum
3389 4285 3446 4335 et
3504 4279 3755 4334 miseriis

2053 4369 2261 4423 alienis
2316 4372 2700 4441 compatiens,
2778 4363 2918 4441 quin
2995 4371 3169 4425 etiam
3237 4372 3305 4426 ad
3382 4369 3751 4424 sustinendae

2052 4473 2213 4525 aequo
2263 4460 2456 4512 animo
2511 4460 2864 4530 ignominias
2913 4465 2969 4516 et
3018 4462 3345 4531 despectus,
3393 4464 3449 4514 et
3497 4460 3554 4514 in
3615 4473 3753 4528 pace

2054 4547 2389 4602 durandum
2433 4550 2607 4603 etiam
2647 4566 2780 4606 cum
2829 4550 3225 4623 vilipenditur.
3257 4553 3412 4614 Quos
3461 4549 3545 4604 sic
3589 4547 3751 4602 labo-

298 4623 686 4695 κεκτημένους.
724 4629 813 4680 Ἀν
845 4626 1019 4689 οὕτως
1049 4628 1486 4703 ἀγωνιζομένους
1513 4631 1541 4684 ὁ
1573 4631 1702 4694 Θεὸς
1733 4629 1940 4706 iarbam}

2099 4652 2206 4691 ose
2283 4644 2570 4693 certantes
2629 4645 2778 4697 Deus
2834 4642 3061 4710 viderit,
3132 4642 3632 4710 subjugantesque
3690 4643 3752 4690 ut

291 4710 597 4782 ἀναγκαίως
630 4713 874 4778 ἑαυτοὺς,
916 4717 1388 4790 ἀντιπραττούσης
1422 4717 1602 4793 ὥσπερ
1654 4723 1813 4791 ἡμῶν
1842 4729 1943 4791 τῆς

291 4797 538 4869 καρδίας,
560 4801 694 4872 πρὸς
717 4802 778 4855 τὸ
810 4803 1010 4877 ἀγαθὸν
1037 4802 1317 4871 ἕλκοντας,
1353 4805 1572 4863 δίδωσιν
1604 4808 1772 4884 εὐχὴν
1806 4809 1943 4880 ἀλη-

293 4887 472 4955 θινήν,
507 4883 695 4941 δίδωσι
729 4890 1017 4965 σπλάγχνα
1049 4894 1366 4968 οἰκτιρμῶν,
1413 4897 1714 4970 ὑπομονήν,
1743 4920 1942 4974 μακρο-

293 4975 510 5046 θυμίαν,
567 4977 654 5029 καί
714 4979 1047 5050 ἁπαξαπλῶς
1094 4983 1307 5055 πληροῖ
1359 4991 1573 5042 πάντων
1622 4991 1769 5061 ἡμᾶς
1831 4994 1939 5044 τῶν

291 5069 513 5137 καρπῶν
555 5069 652 5118 τοῦ
690 5068 1020 5139 [Ινεύματος.
1048 5071 1108 5125 Ε’ί
1141 5070 1197 5126 δέ
1217 5094 1299 5135 τις
1331 5076 1420 5129 καὶ
1451 5081 1556 5130 τῶν
1591 5075 1780 5133 ἄλλων
1818 5081 1943 5155 ἀρε-

288 5159 398 5209 τῶν
427 5152 644 5222 ἐπιδεὴς
679 5154 771 5225 ὥν,
804 5159 939 5230 πρὸς
973 5160 1068 5228 μὲν
1111 5159 1279 5235 εὖχήν
1317 5164 1487 5234 μόνην
1541 5165 1585 5220 εἰ
1642 5168 1805 5242 τύχοι
1852 5152 1941 5226 καὶ

289 5239 685 5315 παραϐιάζοιτο
717 5245 928 5314 ἑαυτὸν,
961 5245 1100 5302 ὥστε
1131 5256 1282 5324 σχεῖν
1315 5252 1484 5330 εὐχῆς
1516 5239 1944 5331 χάρισμα,πρὸς

295 5331 353 5386 δέ
387 5353 446 5405 γε
503 5333 806 5404 πραότητα,
864 5334 1003 5408 πρὸς
1032 5339 1530 5416 ταπεινοφροσύνην
1581 5363 1637 5396 τε
1687 5343 1777 5396 καὶ
1812 5344 1941 5416 ἀγά-

293 5441 426 5488 πην,
483 5421 573 5475 καὶ
634 5427 738 5476 πᾶν
795 5424 856 5478 τὸ
915 5424 1119 5499 εὐγενὲς
1169 5425 1341 5502 φῦλον
1388 5433 1495 5482 τῶν
1555 5431 1781 5506 ἀρετῶν.
1813 5435 1936 5490 "En

295 5506 386 5560 καὶ
416 5509 552 5580 πρὸς
572 5507 634 5562 τὸ
678 5504 894 5583 βέϐαιον
928 5510 1058 5566 εἶναι
1100 5513 1199 5582 τὴν
1240 5513 1414 5568 πίστιν
1466 5516 1553 5571 καὶ
1595 5504 1700 5587 ’τήν
1746 5519 1934 5576 πεποί-

311 5686 357 5723 ⁵⁶
392 5685 599 5744 Matth.
631 5705 710 5759 ιι,
742 5690 832 5748 12.

2058 4727 2244 4782 multa
2276 4728 2651 4785 rebellantem
2701 4730 2980 4786 inutiliter
3013 4737 3304 4797 naturam,
3337 4733 3393 4784 et
3424 4729 3753 4798 frangentes

2053 4819 2486 4873 contumaciam
2540 4821 2730 4875 cordis
2786 4821 2933 4875 trahi
2995 4822 3063 4876 ad
3122 4822 3338 4876 bonum
3401 4819 3752 4888 recusantis,

2051 4922 2150 4962 eos
2198 4907 2303 4961 etsi
2356 4910 2614 4964 nondum
2648 4911 2896 4965 orationi
2947 4911 3350 4975 assueverint;
3404 4914 3460 4963 et
3492 4908 3752 4964 nondum

2053 4997 2326 5066 precandi
2378 4999 2597 5053 donum
2642 5000 2892 5071 Spiritus
2946 5001 3136 5070 adepti
3189 5000 3439 5065 fuerint;
3489 4998 3602 5052 illis
3652 4998 3751 5052 dat

2053 5087 2371 5141 orationem
2404 5104 2618 5154 veram,
2653 5091 2751 5144 dat
2798 5091 3020 5145 viscera
3060 5090 3492 5150 misericordiae,
3527 5087 3753 5158 patien-

2055 5174 2216 5241 tiam,
2261 5175 2780 5249 longanimitatem,
2831 5185 2905 5247 et,
2960 5184 3023 5234 ut
3075 5178 3253 5235 semel
3311 5181 3521 5246 dicam,
3576 5176 3756 5246 replet

2055 5280 2160 5319 nos
2191 5268 2465 5322 omnibus
2517 5269 2799 5324 fructibus
2850 5269 3121 5340 Spiritus.
3177 5269 3236 5325 Si
3287 5285 3417 5324 vero
3449 5267 3580 5339 quis
3608 5265 3750 5321 alia-

2054 5367 2181 5405 rum
2225 5355 2456 5423 quidem
2490 5372 2666 5428 egens
2699 5358 2978 5413 virtutum
3029 5359 3137 5425 sit;
3188 5359 3260 5414 ad
3309 5358 3630 5414 orationem
3663 5358 3750 5406 ta-

2054 5455 2185 5496 men
2220 5443 2405 5499 solam
2439 5447 2631 5518 ipsum
2663 5450 2983 5521 contingat,
3026 5449 3078 5504 vi
3129 5449 3296 5504 etiam
3331 5446 3442 5502 sibi
3475 5445 3624 5500 facta
3654 5441 3745 5496 in-

2053 5531 2360 5602 cumbere;
2394 5535 2474 5592 ita
2505 5543 2566 5592 ut
2597 5538 2816 5595 donum
2855 5537 3132 5596 orationis
3181 5534 3414 5606 aliquod
3447 5535 3751 5590 assecutus
