4076 6280
342 366 460 428 051

1685 352 1723 411 S
1737 397 1750 410 .
1799 350 2008 410 MACA
2022 350 2130 409 RII
2168 352 2509 413 JEGYPTII

3690 360 3820 421 952

342 504 461 571 sit;
497 501 564 558 ad
596 497 915 572 parandam
960 496 1156 548 autem
1207 487 1745 547 mansuetudinem,
1809 483 2035 539 humili-

2164 483 2322 552 θησιν
2372 485 2446 545 εἰς
2486 487 2578 540 τὸν
2639 488 2892 561 Χριστὸν,
2947 487 3238 565 ὀλιγώρως
3294 487 3411 565 ἔχει
3469 493 3559 547 καὶ
3620 493 3818 566 ἀμερές-

338 594 542 657 tatem,
576 570 948 649 charitatem,
979 585 1036 636 et
1087 584 1265 633 totam
1316 577 1603 631 illustrem
1656 574 1815 628 illam
1875 570 2039 625 fami-

340 680 478 734 liam
511 679 829 737 virtutum;
873 677 1265 742 praetereaque
1297 666 1369 721 ad
1400 666 1628 719 ﬁrmam
1669 662 2040 718 obtinendam

339 767 513 822 ﬁdem
564 762 961 830 fiduciamque
1012 758 1070 810 in
1129 756 1448 820 Christum,
1510 753 1795 807 remissus
1852 750 1928 805 sit
1977 766 2043 804 ac

342 857 682 928 negligens;
733 850 838 907 tali
883 847 1199 919 aliquando
1250 846 1422 898 datur
1468 842 1650 897 oratio
1699 842 1799 895 illa
1846 840 2040 913 gratias

341 960 410 1001 ex
461 949 622 1017 parte
669 943 727 995 in
779 938 992 1011 gaudio
1036 942 1092 991 et
1122 933 1336 1005 quiete,
1382 935 1550 1002 juxta
1604 931 1759 985 illius
1812 930 2042 983 deside-

340 1034 491 1090 rium
524 1050 557 1087 a
587 1033 737 1085 bono
770 1028 1030 1099 Spiritu;
1079 1025 1175 1079 sed
1220 1022 1469 1077 aliorum
1503 1021 1652 1075 idem
1689 1035 1892 1089 expers
1924 1034 2043 1072 ma-

340 1127 439 1179 net
485 1123 745 1177 omnium
793 1118 1115 1183 bonorum;
1160 1129 1224 1168 eo
1270 1112 1423 1183 quod
1475 1111 1542 1164 ad
1584 1125 1783 1165 eorum
1818 1124 2043 1179 quoque

338 1211 791 1284 acquisitionem
849 1206 965 1259 vim
1028 1202 1138 1257 sibi
1198 1218 1309 1256 non
1368 1200 1594 1266 inferat,
1654 1199 1874 1253 dictum
1935 1209 2037 1265 est,

340 1315 500 1354 nsca
531 1298 759 1353 Christo
800 1312 863 1350 ea
915 1290 1186 1364 postulet.
1238 1290 1471 1359 Oportet
1516 1288 1672 1341 enim
1706 1303 1818 1341 non
1852 1284 2041 1341 solum

341 1391 413 1443 ad
461 1388 731 1459 praedicta
782 1398 984 1453 urgere
1029 1396 1090 1435 se
1138 1379 1327 1447 ipsum
1374 1375 1550 1430 etiam
1604 1375 1893 1443 invitum;
1927 1383 1981 1428 et
2012 1390 2044 1428 a

342 1479 455 1532 Dco
504 1478 703 1531 eadem
743 1489 808 1528 eo
855 1486 1062 1541 usque,
1114 1469 1303 1539 quoad
1359 1481 1761 1536 assequamur,
1808 1468 2041 1535 petere;

341 1569 445 1624 sed
503 1571 559 1622 et
615 1564 931 1635 dijudicare
990 1577 1105 1615 non
1174 1557 1340 1612 utilia
1398 1560 1497 1610 aut
1568 1570 1801 1625 prorsus
1859 1553 2044 1608 otiosa

339 1658 557 1724 verba;
592 1653 861 1711 meditari
891 1655 1082 1707 autem
1135 1664 1364 1720 semper
1393 1662 1490 1702 ore
1521 1651 1577 1701 et
1625 1646 1796 1701 corde
1846 1645 2044 1699 divina

342 1746 614 1815 oracula;
668 1760 772 1800 nec
825 1758 992 1815 porro
1051 1742 1247 1808 irasci,
1293 1743 1350 1792 et
1401 1737 1650 1791 clamore
1699 1736 1803 1789 uti.
1856 1734 2043 1789 Omnis

339 1840 507 1903 enim,
562 1835 664 1901 ait,
721 1832 1031 1889 amaritudo
1082 1838 1133 1886 et
1177 1832 1285 1893 ira,
1337 1834 1387 1883 et
1452 1828 1664 1882 clamor
1718 1824 1952 1880 tollatur
2009 1841 2041 1879 a

341 1929 492 1984 vobis
540 1927 603 1978 ⁵⁷.
655 1924 933 1980 Similiter
988 1920 1127 1975 vitet
1177 1933 1545 1973 murmurare
1594 1917 1664 1970 de
1723 1930 2041 1984 quoquam,

336 2019 469 2075 vitet
516 2017 772 2088 judicare
816 2018 1057 2077 temere,
1108 2011 1244 2064 vitet
1287 2007 1479 2062 inflari
1524 2005 1896 2075 despicienda
1946 2020 2041 2059 su-

337 2108 512 2179 perbe
560 2105 725 2161 alios.
776 2102 869 2158 Sic
926 2100 1079 2155 enim
1137 2115 1195 2153 se
1253 2113 1459 2168 gerens
1518 2099 1931 2164 consequetur,
1980 2098 2045 2148 ut

338 2196 621 2252 Dominus
679 2194 871 2261 ipsum
928 2189 1042 2245 sibi
1094 2188 1303 2243 acriter
1352 2186 1735 2256 imperantem
1778 2198 2041 2247 cernens,

338 2302 403 2341 ac
436 2284 762 2339 trahentem
796 2298 860 2336 se
893 2281 963 2335 ad
996 2280 1211 2334 bonum
1266 2274 1445 2331 multo
1477 2276 1630 2340 nisu,
1681 2274 1851 2344 vique
1882 2271 2044 2327 adhi-

337 2377 475 2439 bita,
526 2375 754 2428 tribuat
799 2371 879 2426 illi
924 2370 1161 2424 omnino
1202 2368 1446 2439 gratiam
1495 2364 1657 2419 facile
1705 2380 1770 2419 ac
1809 2363 1933 2417 sine
1963 2362 2044 2416 1a-

336 2466 475 2520 bore
534 2463 768 2534 agendi,
826 2476 953 2531 quae
1012 2459 1173 2529 prius
1244 2458 1336 2512 vix
1390 2460 1597 2512 conatu
1675 2452 1905 2519 anhelo,
1978 2468 2043 2507 ac

336 2570 574 2609 summa
621 2554 1014 2616 contentione,
1075 2552 1309 2618 propter
1350 2548 1730 2602 reluctantem
1783 2544 2041 2598 innatam

2158 594 2305 644 μνως
2338 591 2350 603 ·
2385 579 2465 646 τῷ
2493 575 2726 648 τοιούτῳ
2776 574 2947 632 ἐνιοτε
2993 579 3086 650 μὲν
3139 578 3278 653 εύχή
3320 577 3530 636 δίδοται
3583 582 3815 657 χάριτος

2157 660 2219 714 ἐκ
2250 665 2446 736 μέρους
2497 663 2550 718 ἐν
2608 666 2909 740 εὐφροσύνῃ
2970 667 3059 721 καὶ
3118 668 3429 739 ἀναπαύσει,
3500 672 3617 725 κατ’
3669 670 3813 727 ἐκεί-

2153 771 2247 804 νου
2298 755 2523 822 ζήτησιν
2576 754 2721 827 παρά
2775 760 2871 810 τοῦ
2927 758 3131 829 ἀγαθοῦ
3190 758 3499 831 Πνεύματος
3535 781 3547 795 ·
3600 756 3810 834 ἔρημος

2155 837 2210 894 δὲ
2239 846 2345 895 τῶν
2374 840 2561 898 ἄλλων
2604 845 2815 899 πάντων
2851 846 2998 917 μένει
3048 846 3255 913 καλῶν,
3286 853 3363 919 τῷ
3414 851 3490 923 μή
3542 852 3678 925 πρὸς
3708 852 3811 919 τήν

2155 929 2371 985 ἐκείνων
2416 940 2602 1001 κτῆσιν
2654 930 3053 989 ἀποϐιάσασθαι
3102 937 3309 1007 ἑαυτὸν,
3342 937 3523 1015 ὥσπερ
3569 937 3785 1013 εἴρηται

2159 1019 2297 1092 μηδὲ
2329 1000 2585 1092 δεηθῆναι
2615 1024 2874 1097 Χριστόν.
2918 1027 3040 1099 Χρὴ
3074 1027 3177 1100 γὰρ
3222 1000 3306 1099 μὴ,
3350 1000 3503 1103 πρὸς.
3542 1000 3629 1084 τὰ.
3657 1000 3809 1098 sign:

2161 1112 2293 1183 μένα
2339 1115 2502 1185 μόνον
2552 1115 2735 1169 ἑαυτὸν
2788 1116 2878 1170 καὶ
2938 1114 3135 1171 ἄκοντα
3194 1120 3471 1191 συνωθεῖν,
3530 1122 3615 1175 καὶ
3665 1120 3811 1194 παρὰ

2157 1206 2290 1257 Θεοῦ
2346 1202 2511 1258 αἶ’τεῖν
2565 1206 2661 1259 τοῦ
2720 1202 2929 1278 λαϐεῖν,
2992 1207 3137 1262 ἀλλά
3196 1210 3286 1263 καὶ
3343 1212 3480 1283 πρὸς
3539 1211 3697 1265 τὸτά
3731 1212 3807 1283 μὴ

2155 1293 2409 1365 χρήσιμα
2439 1298 2543 1347 τῶν
2576 1293 2828 1369 ῥημάτων
2862 1298 2951 1351 καὶ
2996 1296 3141 1359 ὅλως
3174 1298 3332 1373 ὰργά,
3369 1297 3511 1372 μηδέ
3554 1299 3809 1373 γλώττης

2154 1378 2274 1450 ἄξια
2304 1381 2499 1455 κρίνειν
2534 1402 2544 1414 ·
2578 1381 2900 1457 διαμελετᾷν
2936 1382 2992 1441 δὲ
3021 1386 3103 1440 ἀεὶ
3132 1388 3219 1441 καὶ
3271 1387 3499 1460 στόματι
3545 1390 3635 1442 καὶ
3674 1409 3810 1462 καρ-

2157 1466 2245 1539 δίᾳ
2275 1470 2340 1524 τὰ
2368 1469 2465 1524 τοῦ
2496 1476 2628 1528 Θεοῦ
2670 1471 2833 1547 λόγια
2865 1493 2877 1506 ⁸
2921 1472 2997 1529 ἔτι
3037 1476 3171 1550 πρὸς
3230 1478 3290 1531 τὸ
3352 1478 3429 1549 μή
3503 1479 3808 1549 θυμοῦσθαι

2158 1557 2297 1632 μηδέ
2351 1565 2563 1636 κραυγῇ
2622 1566 2920 1637 χρῆσθαι·
2992 1569 3142 1620 Πᾶσα
3207 1566 3334 1640 γὰρ,
3396 1568 3557 1640 φησὶ,
3613 1568 3805 1641 πικρία

2154 1648 2241 1702 καὶ
2301 1648 2439 1724 ὀργὴ
2499 1650 2587 1704 καὶ
2646 1655 2851 1727 κραυγὴ
2914 1653 3135 1726 ἀρθήτω
3193 1654 3283 1731 ἀφ’
3324 1656 3502 1727 ὑμῶν.
3556 1658 3699 1730 Πρὸς
3742 1658 3805 1712 τὸ

2157 1740 2232 1810 μὴ
2292 1739 2619 1796 καταλαλεῖν
2672 1764 2837 1811 τινος,
2901 1746 2975 1817 μή
3035 1746 3259 1816 κρίνειν,
3322 1747 3397 1818 μή
3457 1748 3805 1824 φυσιοῦσθαι,

2150 1826 2223 1883 ἵν’
2256 1830 2428 1893 οὕτως
2456 1829 2583 1887 ἰδὼν
2619 1834 2646 1888 6
2683 1834 2885 1912 Κύφιος
2934 1835 3146 1903 ἑαυτὸν,
3181 1836 3255 1899 ὡς
3297 1835 3532 1910 εἴρηται,
3566 1837 3806 1915 ἄρχοντα

2152 1920 2241 1974 καὶ
2276 1922 2410 1995 πρὸς
2448 1921 2565 1997 βίαν
2612 1923 2964 1996 συνέλκοντα,
2996 1928 3252 2005 παράσχῃ
3294 1927 3511 1991 πάντως
3552 1930 3615 1984 τὸ
3668 1930 3804 1985 ἀπο-

2150 2010 2272 2078 νητὶ
2315 2011 2403 2063 καὶ
2458 2009 2661 2084 ῥᾳδίως
2692 2020 2868 2067 ποιεῖν
2909 2013 2941 2067 ἃ
2985 2016 3250 2088 πρότερον
3297 2014 3421 2072 οὐδὲ
3482 2018 3618 2091 μετά
3658 2018 3802 2092 βίας,

2154 2096 2241 2151 διὰ
2287 2100 2387 2166 τὴν
2443 2100 2692 2155 σύνοικον
2744 2104 3028 2176 πονηρίαν,
3061 2104 3293 2180 ἐνεργεῖν
3329 2104 3449 2175 ἐνῆν
3487 2123 3500 2137 ’
3543 2108 3633 2161 καὶ
3680 2111 3805 2164 τότε

2152 2187 2358 2263 γίνεται
2391 2188 2538 2260 αὐτῷ
2586 2192 2759 2245 πάντα
2802 2197 2968 2247 ταῦτα
3014 2195 3079 2248 τὰ
3126 2201 3225 2263 τῆς
3277 2194 3473 2269 ἀρετῆς
3514 2196 3802 2267 ἐπιτηδεύ-

2157 2292 2299 2343 ματα
2331 2271 2510 2346 ὥσπερ
2544 2275 2701 2349 φύσις
2736 2293 2748 2306 ⁸
2811 2276 2927 2331 ἐπεὶ
2987 2278 3075 2332 καί
3132 2279 3192 2332 τὸ
3253 2277 3447 2334 λοιπὸν
3510 2283 3537 2335 6
3603 2282 3799 2357 Κύριος

2152 2360 2286 2415 κατᾶ
2329 2363 2426 2430 τὴν
2470 2362 2789 2437 ἐπαγγελίαν
2851 2364 3022 2421 ἐλθὼν
3064 2368 3151 2421 καὶ
3193 2368 3488 2443 γενόμενος
3526 2370 3579 2424 ἐν
3630 2372 3799 2443 αὐτῷ,

2156 2450 2317 2511 αὐτὸς
2348 2450 2557 2523 ὁμοίως
2590 2450 2640 2505 ἐν
2701 2458 2777 2525 τῷ
2824 2454 3024 2528 Κυρίῳ,
3078 2455 3235 2518 αὐτὸς
3295 2456 3345 2510 ἐν
3406 2454 3595 2531 ἐκείνῳ
3665 2462 3797 2533 μετὰ

2154 2538 2375 2609 πολλῆς
2416 2540 2690 2604 εὐπετείας
2729 2544 2827 2604 τὰς
2858 2542 3081 2606 ἐντολὰς
3120 2544 3414 2621 ἐκπληροῖ.

335 2644 794 2714 corruptionem,
844 2644 1065 2710 poterat
1109 2638 1381 2708 exsequi;
1432 2641 1487 2692 et
1528 2647 1664 2689 tunc
1722 2633 2046 2688 redduntur
2094 2631 2201 2704 ipsi
2250 2639 2462 2689 cuncta
2502 2634 2621 2689 hinc
2666 2636 2856 2693 ofticia
2894 2638 3151 2703 virtutis,
3184 2642 3355 2711 quasi
3398 2658 3484 2711 ea,
3514 2660 3638 2715 qua!
3677 2664 3791 2704 na—

338 2734 604 2788 turaliter
654 2738 944 2800 operatur,
988 2728 1261 2798 quoniam
1307 2726 1377 2779 de
1417 2730 1619 2780 caetero
1660 2722 1963 2787 Dominus,
2000 2723 2171 2791 juxta
2211 2724 2675 2793 promissionem,
2721 2726 3023 2799 ingressus
3074 2729 3130 2783 in
3171 2729 3361 2800 ipsum
3408 2738 3511 2801 est,
3535 2739 3589 2789 et
3610 2734 3666 2790 in
3721 2754 3793 2795 eo

330 2824 574 2889 residet,
625 2822 710 2874 uti
758 2817 1011 2873 vicissim
1056 2821 1113 2870 et
1160 2817 1283 2885 ipse
1328 2813 1387 2867 in
1441 2813 1716 2879 Domino;
1769 2812 1922 2865 unde
1953 2811 2010 2865 in
2063 2811 2189 2882 ipso
2240 2811 2521 2868 Dominus
2571 2814 2775 2872 intime
2825 2817 3117 2884 habitans,
3169 2835 3274 2875 sua
3305 2822 3420 2893 ipse
3458 2821 3606 2879 intra
3628 2840 3767 2881 eum

331 2922 382 2970 et
416 2929 516 2984 per
544 2927 676 2967 eum
711 2908 983 2963 mandata
1013 2907 1195 2962 multa
1228 2903 1494 2959 facilitate
1524 2902 1749 2973 implet.

404 3002 543 3060 XIX.
603 3000 712 3069 Qui
767 3000 835 3053 ad
885 2999 1202 3053 orationem
1248 2996 1531 3050 duntaxat
1570 2993 1621 3048 vi
1667 3009 1728 3047 se
1777 2990 2035 3047 adhibita

332 3096 508 3164 cogit,
543 3091 626 3146 uti
668 3090 831 3161 prius
875 3087 1156 3160 exposui;
1207 3092 1481 3157 praeterea
1517 3099 1649 3138 vero
1696 3082 1766 3137 ad
1799 3079 2037 3135 humili-

328 3188 526 3249 tatem,
558 3183 629 3237 ad
663 3181 1022 3240 charitatem.
1068 3179 1135 3232 ad
1183 3174 1713 3234 mansuetudinem,
1759 3172 2033 3228 aliarum-

329 3289 441 3342 que
471 3272 752 3326 virtutum
800 3270 1064 3323 ordinem
1110 3267 1169 3321 in
1216 3283 1277 3321 se
1326 3267 1735 3319 accersendum
1770 3278 1884 3317 non
1914 3260 2033 3315 ela-

330 3361 521 3428 borat,
556 3377 659 3414 nec
712 3376 774 3413 se
821 3359 878 3413 in
923 3358 981 3412 id
1032 3357 1305 3412 violentia
1353 3356 1568 3425 adigit;
1604 3354 1673 3407 ad
1723 3353 1874 3406 hunc
1904 3355 2033 3406 tan-

330 3448 634 3503 tummodo
688 3448 981 3517 profectus
1054 3446 1368 3499 terminum
1424 3446 1611 3513 potest
1682 3440 2028 3511 pertingere,

329 3541 395 3591 ut
446 3536 737 3590 interdum
796 3536 846 3589 ei
909 3533 1159 3603 poscenti
1222 3530 1416 3585 divina
1471 3530 1655 3603 gratia
1713 3528 2029 3595 adveniat;

331 3626 609 3698 quoniam
643 3641 745 3695 pro
784 3623 989 3676 innata
1038 3620 1150 3674 sibi
1201 3619 1456 3675 bonitate
1504 3618 1653 3672 Deus
1701 3617 2029 3688 petentibus

330 3718 597 3772 amanter
624 3711 814 3768 innuit
844 3727 971 3781 quas
1002 3710 1226 3765 volunt.
1277 3707 1420 3763 Cum
1466 3712 1660 3763 autem
1702 3708 1747 3761 is
1796 3722 1911 3761 non
1943 3723 2032 3762 as-

330 3804 636 3859 suefecerit
665 3802 946 3873 seipsum,
980 3815 1085 3855 nec
1135 3816 1242 3855 usu
1275 3798 1475 3852 tritum
1508 3796 1875 3852 exercitando
1906 3812 2031 3852 sese

328 3893 527 3949 fecerit
571 3892 631 3948 in
681 3891 927 3956 ceteris,
977 3906 1125 3961 quas
1176 3887 1654 3954 memoravimus,
1695 3886 2027 3954 virtutibus,

328 3989 426 4041 aut
457 3984 666 4040 excidit
695 3983 884 4055 gratia
932 3998 1106 4052 quam
1156 3989 1450 4051 acceperat
1476 3996 1491 4047 ;
1546 3984 1603 4034 et
1633 3978 1819 4033 elatus
1851 3978 1907 4032 in
1936 3994 2033 4033 su-

328 4076 589 4148 perbiam
639 4073 893 4128 labitur:
946 4076 1047 4127 aut
1089 4072 1148 4126 in
1193 4070 1315 4137 illo,
1367 4085 1538 4140 quem
1588 4068 1780 4139 attigit
1827 4070 2029 4138 gradu,

329 4181 444 4219 non
479 4164 725 4235 proficit,
758 4177 863 4216 nec
895 4160 1123 4216 crescit.
1162 4160 1295 4215 Fere
1323 4161 1478 4213 enim
1512 4158 1675 4213 sedes
1706 4174 1771 4211 ao
1801 4157 2030 4227 requies

324 4259 409 4310 est
448 4254 582 4309 boni
613 4252 866 4324 Spiritus
898 4250 1222 4316 humilitas,
1265 4247 1633 4318 charitasque
1666 4263 1731 4301 ac
1764 4262 2032 4302 mansue-

326 4343 490 4409 tudo,
560 4349 614 4397 et
670 4358 796 4412 quin
846 4346 1169 4412 sequuntur
1218 4347 1422 4394 sancta
1469 4336 1679 4392 Christi
1733 4336 2025 4391 mandata.

324 4432 432 4496 Qui
490 4448 624 4504 ergo
681 4430 928 4486 voluerit
988 4433 1197 4485 harum
1263 4429 1569 4501 complexu
1627 4443 2029 4499 concursuque

326 4523 543 4595 pariter
573 4522 837 4576 omnium
874 4537 973 4589 per
1018 4520 1325 4576 assiduum
1377 4522 1752 4588 augmentum
1800 4518 1868 4570 ad
1903 4532 2027 4587 per-

320 4614 628 4669 fectionem
676 4612 910 4667 tandem
950 4612 1297 4682 pertingere,
1348 4612 1605 4681 primum
1639 4605 1874 4679 quidem
1904 4605 2023 4659 vim

2218 2993 2314 3048 16'.
2350 2997 2406 3048 Ὀ
2436 2992 2512 3057 εἷς
2559 2994 2728 3070 εὐχήν
2771 2993 3211 3071 ἀποϐιασάμενος
3262 3002 3473 3069 ἑαυτὸν,
3506 3002 3575 3064 ὡς
3618 3003 3643 3056 6
3684 3001 3795 3057 λό-

2144 3101 2238 3153 γος
2298 3083 2502 3158 φθάσας
2552 3082 2819 3155 ἐδήλωσε,
2852 3088 2989 3162 πρὸς
3018 3092 3185 3143 ταῦτα
3239 3086 3298 3144 δὲ
3352 3091 3489 3166 πρὸς
3543 3112 3792 3147 ταπεινο-

2147 3172 2442 3247 φροσύνην,
2502 3176 2635 3249 πρὸς
2696 3176 2933 3252 ἀγάπην,
2993 3180 3128 3253 πρὸς
3185 3179 3469 3253 πραότητα
3542 3181 3630 3235 καὶ
3701 3183 3794 3237 τὸν

2147 3262 2252 3315 τῶν
2287 3258 2473 3318 ἄλλων
2532 3264 2735 3337 ἀρετῶν
2789 3267 3025 3340 ὁρμαθὸν
3086 3270 3162 3340 μή
3198 3268 3437 3323 ἐκπονῶν
3471 3271 3654 3326 ἑαυτὸν
3690 3293 3798 3343 μη-

2150 3347 2204 3405 δὲ
2244 3354 2588 3425 βιαζόμενος,
2622 3354 2858 3427 τοιούτῳ
2897 3359 3086 3430 πέρατι
3137 3358 3369 3430 καταντᾷ
3409 3377 3423 3392 ⁶
3475 3359 3640 3414 ἐνίοτε
3688 3361 3791 3436 γὰρ

2142 3438 2288 3513 αῦτῷ
2347 3440 2590 3515 δεομένῳ
2647 3446 2738 3499 καὶ
2797 3446 2909 3500 θεία
2980 3447 3139 3521 χάρις
3199 3450 3494 3525 ἐπιφοιτᾷ·
3531 3449 3642 3504 ἐπεὶ
3696 3458 3790 3509 καὶ

2142 3532 2341 3605 ἀγαθὸς
2374 3530 2447 3586 ὢν
2502 3534 2529 3587 ὁ
2589 3535 2716 3595 Θεὸς
2765 3534 2937 3610 ὀρέγει
2976 3542 3093 3597 τοῖς
3139 3536 3352 3593 αῗτοῦσι
3403 3538 3794 3615 φιλανθρωπό-

2141 3639 2295 3693 τερον
2348 3622 2414 3675 τὰ
2475 3620 2768 3695 αἰτήματα.
2829 3626 2919 3693 Μὴ
2965 3626 3242 3688 συνεθίσας
3289 3625 3347 3680 δὲ
3403 3626 3611 3695 ἑαυτὸν,
3648 3624 3791 3698 μηδὲ

2141 3705 2361 3783 ἐντριϐἤ
2418 3711 2507 3765 καὶ
2562 3714 3006 3787 γεγυμνασμένον
3061 3716 3197 3786 πρὸς
3260 3714 3356 3777 τὰς
3423 3716 3639 3790 ἀρετὰς,
3722 3715 3788 3777 ἃς

2142 3795 2366 3875 ἔφημεν,
2432 3804 2790 3872 καταστήσας,
2850 3803 2883 3871 ἢ
2943 3802 3189 3859 ἐκπίπτει
3254 3811 3354 3874 τῆς
3415 3806 3644 3879 χάριτος
3721 3807 3789 3873 ἧς

2141 3884 2323 3958 ἔλαϐε,
2363 3890 2451 3943 καὶ
2504 3889 2996 3967 ὑψηλοφορονήσας
3044 3893 3251 3957 πίπτει,
3284 3893 3319 3962 ἢ
3352 3894 3404 3949 ἐν
3447 3894 3585 3968 αὐτῇ
3616 3894 3789 3967 ταύτῇ

2142 3978 2243 4032 οὐκ
2272 3976 2607 4048 ἐπιδίδωσιν,
2650 3979 2774 4036 οὐδὲ
2814 3979 2979 4051 αὔξει.
3024 3986 3112 4045 Ὠς
3159 3984 3256 4057 γὰρ
3314 3983 3493 4062 φάναι,
3547 3986 3610 4039 τὸ
3662 4004 3789 4038 κατ-

2142 4069 2456 4141 οικητήριόν
2516 4090 2573 4123 τε
2611 4070 2699 4124 καὶ
2770 4071 3067 4134 ἀνάπαυσις
3116 4076 3212 4127 τοῦ
3270 4073 3477 4147 ἀγαθοῦ
3538 4072 3789 4145 Πνεύμα-

2139 4177 2257 4223 τος,
2288 4160 2322 4225 ἡ
2355 4159 2819 4234 ταπεινοφροσύνη
2855 4160 3017 4229 ἐστὶν,
3059 4163 3093 4229 ἡ
3147 4160 3324 4235 ἀγάπη
3364 4183 3423 4217 τε
3470 4164 3560 4217 καὶ
3610 4163 3791 4236 πραό-

2140 4267 2259 4317 της,
2291 4246 2380 4301 καὶ
2431 4245 2750 4310 ἀκολούθως
2792 4251 2848 4303 αἱ
2907 4252 3057 4322 ἅγιαι
3114 4254 3211 4305 τοῦ
3259 4253 3491 4325 Χριστοῦ
3549 4250 3785 4306 ἐντολαί.

2142 4339 2197 4389 '0
2253 4336 2429 4390 τοίνυν
2465 4334 2806 4410 βουλόμενος
2859 4335 2947 4392 διὰ
2987 4344 3172 4394 πασῶν
3231 4340 3437 4395 τούτων
3493 4340 3568 4402 εἰς
3617 4336 3784 4411 αῦξη-

2140 4444 2243 4492 σιν,
2320 4425 2410 4479 καὶ
2476 4422 2760 4479 τελείωσιν
2826 4425 3135 4499 προελθεῖν,
3200 4429 3299 4497 τήν
3376 4431 3594 4503 πρώτην
3648 4430 3781 4500 βια-

2142 4514 2310 4584 ζέσθω
2368 4512 2574 4582 ἑαυτὸν,
2635 4513 2814 4587 ὥσπερ
2905 4513 3142 4591 εἶ’ρηται,
3200 4516 3290 4572 καὶ
3371 4519 3775 4594 φιλονεικοῦσαν

2138 4604 2327 4658 ἑαυτοῦ
2358 4604 2456 4671 τὴν
2513 4601 2734 4677 καρδίαν
2775 4604 2862 4658 καὶ
2924 4604 3303 4681 ἀντερίζουσαν
3360 4604 3659 4677 ἐνδοτικήν,
3689 4605 3780 4661 καὶ

317 4702 531 4758 inferat
579 4703 714 4771 sibi,
766 4706 828 4757 ut
871 4703 1094 4757 dictum
1145 4706 1253 4769 est,
1304 4706 1361 4755 et
1404 4698 1827 4755 contumaciter
1874 4694 2027 4750 relu-

2147 4696 2416 4762 πειθήνιον
2457 4697 2537 4765 τῷ
2566 4698 2681 4765 Θεῷ
2712 4699 2886 4748 ποιεῖν
2937 4692 3306 4764 σπουδαζέτω.
3346 4701 3433 4769 Τῷ
3483 4698 3587 4770 γὰρ
3639 4696 3779 4751 οὕτω

318 4797 480 4846 ctans
532 4810 629 4848 eor
679 4809 848 4848 suum
907 4792 1094 4848 docile
1143 4794 1202 4847 et
1244 4791 1597 4861 morigerum
1646 4788 1762 4843 Deo
1794 4786 2022 4841 efficere

318 4881 490 4937 2I6
520 4881 768 4938 studeat.
819 4882 1041 4938 Etenim
1083 4880 1180 4952 qui
1229 4882 1314 4935 sic
1356 4880 1465 4934 sibi
1498 4879 1613 4933 vim
1662 4877 1820 4947 prius
1870 4876 2022 4929 intu-

316 4970 486 5036 lerit;
537 4975 594 5024 et
641 4970 920 5041 quidquid
962 4978 1049 5026 est
1095 4970 1155 5024 in
1201 4970 1398 5025 anima
1448 4969 1677 5035 rebelle,
1719 4970 1909 5022 totum
1937 4964 2018 5033 id,

315 5060 472 5116 velut
519 5059 832 5115 cicuratam
880 5060 1154 5127 belluam,
1208 5062 1435 5130 patiens
1487 5060 1611 5131 jam
1661 5058 1914 5129 imperii,
1963 5060 2021 5112 et

313 5148 591 5205 obediens
621 5151 691 5203 ad
744 5158 951 5203 nutum
998 5158 1165 5204 rectas
1211 5148 1440 5215 rationi,
1492 5166 1557 5203 ac
1604 5154 1818 5203 sanctas
1852 5146 2019 5202 disci-

312 5240 507 5314 plinae,
560 5239 912 5307 reddiderit;
962 5241 1179 5311 quique
1227 5258 1359 5296 cum
1410 5242 1553 5296 adeo
1600 5242 1719 5310 jam
1772 5239 1917 5293 bene
1957 5252 2018 5293 se

311 5330 559 5388 habente
592 5332 809 5397 anima,
857 5330 1103 5397 petierit,
1145 5337 1200 5386 et
1246 5332 1427 5386 Deum
1469 5332 1737 5395 oraverit,
1792 5337 1851 5383 ut
1883 5345 2016 5398 pro-

311 5428 538 5477 moveat
592 5424 746 5495 quod
795 5422 991 5490 ccepit,
1055 5421 1345 5476 obtinebit
1387 5422 1683 5476 cumulate
1732 5425 2015 5491 quantum

312 5512 613 5582 postulat;
672 5511 1096 5584 benignissimo
1138 5509 1383 5567 Domino
1433 5510 1593 5583 large
1641 5509 1724 5566 illi
1779 5525 2014 5566 conces-

382 5684 427 5721 ⁵⁷
460 5685 672 5758 Ephes.
708 5704 785 5759 1v,
816 5689 907 5745 3t.

2135 4783 2447 4857 βιασαμένῳ
2505 4783 2789 4858 πρότερον,
2833 4784 2922 4838 καὶ
2970 4786 3033 4839 τὸ
3092 4784 3386 4841 ἀντιτεῖνον
3440 4790 3541 4851 τῆς
3599 4791 3782 4862 ψυχῆς

2132 4870 2261 4927 ὅλον
2291 4873 2456 4927 οἱονεὶ
2486 4872 2776 4948 χειρόηθες
2815 4876 3210 4945 καταστήσαντι
3241 4873 3348 4930 ἔθει
3400 4880 3477 4947 τῷ
3526 4880 3779 4950 χρηστῷ,

2128 4964 2399 5032 κατήκοον
2446 4961 2633 5035 ἐκείνῳ
2672 4962 3047 5037 ποιησαμένῳ,
3076 4965 3167 5021 καὶ
3211 4965 3328 5039 μεθ’
3386 4962 3558 5027 οὕτως
3619 4964 3779 5041 ἐχού-

2130 5075 2228 5125 σης
2283 5058 2469 5133 ψυχῇς
2515 5054 2753 5109 αἰτοῦντι
2805 5056 2893 5109 καὶ
2946 5052 3205 5129 δεομένῳ,
3261 5054 3404 5125 αὔξει
3455 5058 3545 5112 καὶ
3590 5054 3780 5111 θάλλει

2130 5142 2181 5197 ἐν
2234 5141 2378 5214 αὐτῷ
2434 5142 2496 5197 τὸ
2555 5140 2705 5199 δοθὲν
2764 5144 2866 5197 ὑπὸ
2919 5148 3015 5199 τοῦ
3077 5143 3387 5217 Πνεύματος
3453 5152 3554 5214 τῆς
3613 5144 3781 5219 εὐχῆς

2129 5235 2483 5313 χάρισματῷ
2542 5235 2747 5308 μετρίῳ
2800 5238 2903 5289 τοῦ
2964 5236 3317 5311 φρονήματος
3370 5234 3786 5309 ἐπαναπαυόμε-

2128 5345 2216 5378 νον
2252 5370 2263 5381 .
2328 5324 2496 5396 ’ὀπρὸς
2537 5326 2605 5396 τῇ
2648 5322 2847 5396 ἀγάπῃ,
2878 5323 2969 5377 καὶ
3024 5327 3091 5388 τῆ
3141 5324 3455 5399 ἀγαπητικῇ
3514 5329 3785 5400 πραότητι

2128 5413 2427 5483 ἐπεζήτησε
2458 5432 2471 5445 ⁸
2505 5412 2593 5466 καὶ
2630 5412 2747 5467 τότε
2779 5412 3061 5488 χαρίζεται
3104 5414 3252 5488 αὑτῷ
3278 5418 3448 5472 ταῦτα
3493 5416 3559 5471 τὸ
3615 5419 3787 5471 [Iasii-

2132 5525 2224 5575 μα,
2282 5503 2371 5557 καὶ
2445 5500 2684 5558 διδάσκει
2753 5503 3245 5579 ταπεινοφροσύνην
3312 5525 3369 5558 τε
3446 5502 3627 5575 ἀληθῆ
3693 5504 3787 5562 καὶ
