4076 6280
272 382 389 443 953

1358 368 1582 428 LIBER
1626 368 1723 428 DE
1770 366 2213 427 LIBERTATE
2262 366 2570 426 MENTIS.

3618 377 3736 435 954

268 513 483 590 ἀγάπην
539 506 747 583 ἀψευδῆ
798 507 888 561 καὶ
936 504 1241 578 πραότητα,
1276 501 1307 555 ἃ
1337 503 1427 555 καὶ
1476 495 1912 574 προϐιασάμενος

2105 516 2186 567 ro,
2224 503 2286 555 ut
2316 505 2539 556 crescat
2585 505 2641 556 et
2672 502 2870 556 ﬂoreat
2929 502 3223 559 indultum
3258 506 3368 575 ipsi
3425 525 3457 562 a
3512 508 3732 577 Spiritu

266 588 585 672 ἐπεζήτησε.
632 596 816 658 Οὕτως
868 594 958 650 οὖν
1010 591 1242 664 αὖξήσας
1287 591 1378 645 καὶ
1425 588 1736 651 τελειωθεὶς
1781 589 1915 643 κατά

271 693 467 765 Κύριον
526 695 625 757 τῆς
688 684 966 761 βασιλείας
1021 682 1166 753 ἄξιος
1240 677 1640 734 ἀποδείκνυται.
1703 679 1758 731 Ὀ
1817 678 1916 753 γὰρ

269 782 516 843 ταπεινὸς
571 775 834 834 οὐδέποτε
890 775 1077 830 πίπτει
1112 791 1123 803 '
1156 778 1266 827 ποῦ
1324 772 1427 846 γὰρ
1473 777 1563 825 καῖ
1619 769 1918 824 πεσεῖταιό

273 870 526 927 ὑποκάτω
574 868 788 923 πάντων
839 866 901 920 τό
932 886 994 938 γε
1024 864 1217 918 ἑαυτοῦ
1262 859 1371 930 ὥν;
1425 858 1563 914 ὥστε
1609 859 1822 932 μεγάλη
1858 877 1920 931 γε

268 959 580 1015 τούναντίον
628 957 835 1031 ὕψωσις
880 955 967 1009 καὶ
1022 950 1259 1029 ἀσφαλὲς
1320 950 1535 1021 ἀξίωμα
1584 952 1618 1016 ἡ
1675 967 1925 1002 ταπεινο-

272 1072 305 1129 φ
315 1048 509 1125 ροσύνη
520 1093 533 1107 .

2029 589 2307 658 orationis
2329 592 2583 657 donum;
2628 589 2784 660 quod
2816 590 2873 645 in
2912 591 2981 646 de
3016 609 3078 648 se
3111 594 3336 649 modice
3366 596 3732 664 sapientibus

2029 678 2273 734 libenter
2303 683 2359 734 et
2391 686 2795 749 permanenter
2815 681 3149 752 acquiescit.
3171 683 3287 739 Hoc
3319 686 3472 739 enim
3508 688 3724 756 ipsum,

2032 784 2163 823 cum
2197 769 2478 825 charitate
2509 776 2562 825 et
2611 771 2906 825 charitatis
2937 774 3096 842 prole
3142 778 3595 832 mansuetudine
3634 794 3726 831 ex-

2032 858 2293 928 petierat.
2337 862 2403 914 Et
2461 865 2594 915 tunc
2644 860 3001 930 gratiﬁcatur
3062 862 3183 918 haec
3226 864 3310 918 illi
3365 865 3641 936 Spiritus,
3676 871 3735 922 et

2034 950 2208 1004 ducet
2237 966 2368 1005 eum
2418 966 2613 1005 veram
2674 951 3085 1020 humilitatem,
3118 954 3573 1027 charitatemque
3617 974 3729 1013 non

2034 1038 2255 1103 fictam,
2282 1057 2429 1110 quas
2479 1040 2574 1095 illa
2608 1040 2718 1095 sibi
2750 1040 2803 1094 vi
2848 1042 3129 1112 poposcit.
3174 1042 3266 1097 Sic
3298 1043 3476 1114 igitur
3525 1047 3593 1100 de
3634 1063 3736 1102 caa-

273 1128 394 1198 tero
426 1140 731 1212 proficiens
760 1142 816 1194 et
848 1136 1135 1207 perfectus
1164 1134 1222 1188 in
1257 1130 1504 1188 Domino
1539 1146 1712 1202 regno
1744 1129 1957 1200 dignus
1989 1128 2333 1183 declaratur.
2362 1130 2609 1185 Humilis
2642 1130 2857 1202 quippe
2889 1147 3188 1202 nunquam
3209 1133 3401 1204 cadit;
3433 1151 3549 1206 quo
3580 1136 3736 1192 enim

273 1233 484 1299 aderet,
516 1230 636 1300 qui,
671 1234 955 1300 quantum
989 1227 1049 1280 in
1079 1224 1204 1292 ipso
1244 1227 1357 1288 est,
1390 1221 1509 1275 imo
1543 1235 1777 1289 semper
1826 1217 1955 1273 loco
2014 1217 2126 1272 sub
2172 1218 2346 1273 rebus
2392 1219 2669 1275 omnibus
2705 1220 2910 1290 jacet?
2958 1237 3140 1291 quare
3197 1238 3406 1295 magna
3466 1224 3733 1296 quaedam

274 1322 550 1393 superbia
580 1318 921 1386 humilitas;
956 1331 1171 1387 magna
1192 1318 1396 1369 contra
1426 1310 1735 1367 humilitas
1765 1306 2037 1365 exaltatio
2068 1313 2125 1363 et
2157 1324 2357 1364 secura
2383 1310 2659 1381 dignitas.

345 1411 421 1469 K'.
456 1410 519 1464 Οἱ
539 1409 673 1482 πρὸς
724 1404 983 1477 ἀλήθειαν
1028 1404 1120 1459 τὸν
1171 1402 1297 1458 Θεὸν
1352 1400 1749 1475 ἀγαπήσαντες,
1801 1393 1927 1451 οὔτε

275 1495 363 1553 διὰ
392 1498 490 1565 τὴν
528 1494 806 1571 βασιλείαν
835 1493 983 1565 αὖτῷ
1024 1490 1300 1547 δουλεύειν
1345 1487 1721 1565 προείρηνται,
1756 1486 1923 1539 καθά-

274 1607 373 1661 περ
440 1584 708 1660 ἐμπορίας
778 1584 941 1659 χάριν
1003 1581 1095 1637 καὶ
1161 1577 1432 1654 κέρδουςο
1475 1575 1598 1632 οὔτε
1668 1576 1774 1648 μὴν
1836 1571 1925 1627 διὰ

269 1676 372 1745 τὴν
421 1676 786 1747 ἀποκειμένην
826 1678 942 1733 τοῖς
980 1668 1336 1746 ἁμαρτωλοῖς
1374 1668 1599 1722 κόλασιν
1634 1684 1644 1697 ·
1675 1663 1801 1718 ἀλλ’
1832 1664 1923 1717 ἅτε

276 1766 402 1820 Θεὸν
437 1764 601 1837 μόνον
644 1764 802 1819 αὐτὸν
857 1762 947 1817 καὶ
980 1760 1315 1833 δημιουργὸν
1359 1755 1501 1812 ’ίδιον
1550 1751 1921 1828 ἠγαπηκότες,

275 1854 365 1908 καὶ
424 1852 724 1924 ἀκολουθίᾳ
770 1852 970 1922 τάξεως
1020 1849 1355 1924 ἐπιγνόντες,
1409 1847 1490 1901 ὅτι
1542 1844 1782 1916 Δεσπότῃ
1834 1840 1925 1895 καὶ

275 1944 475 2015 Κτίστῃ
507 1941 738 2004 δούλους
791 1941 1090 2016 εὐαρεστεῖν
1138 1937 1497 2011 ὀφειλόμενον
1540 1954 1551 1966 '
1589 1933 1641 1987 οἲ
1671 1933 1759 1987 καὶ
1791 1929 1929 1984 πολ-

277 2031 350 2105 λῇ
408 2036 477 2105 τῇ
537 2030 740 2086 συνέσει
798 2032 932 2106 πρὸς
996 2031 1064 2084 τὰ
1127 2026 1541 2101 παραπίπτοντα
1626 2025 1921 2097 χρῶνται.
1956 2051 2000 2115 Β

279 2119 473 2176 Πολλά
502 2121 607 2196 γάρ
635 2121 700 2176 τὰ
732 2118 971 2192 ἐμπόδια
1000 2125 1102 2187 τῆς
1149 2116 1284 2190 πρὸς
1335 2115 1466 2169 Θεὸν
1512 2112 1770 2187 τυγχάνει
1821 2108 1923 2162 αύ-

279 2211 617 2282 αρεστήσεως
651 2226 663 2240 ’
711 2207 825 2263 ἐπεὶ
899 2204 1037 2279 μηδέ
1096 2206 1254 2260 πενία
1322 2203 1482 2276 μόνον
1547 2200 1635 2255 καὶ
1695 2196 1919 2267 ἀδοξία,

278 2299 424 2354 ἀλλά
455 2300 544 2353 καὶ
588 2296 828 2359 πλοῦτος
875 2297 965 2353 καὶ
1016 2297 1153 2368 τιμή
1205 2294 1413 2368 ὁμοίως
1462 2288 1755 2365 πειρασμοὶ
1801 2288 1925 2341 καθ-

273 2386 517 2442 ’ίστανται
547 2391 616 2459 τῇ
660 2389 816 2463 χυχῇ
845 2406 855 2417 ·
890 2383 942 2439 ἐν
992 2386 1140 2458 μέρει
1183 2381 1239 2438 δέ
1268 2403 1387 2443 πως
1430 2381 1522 2436 καὶ
1562 2382 1597 2449 ἡ
1640 2375 1924 2450 παράκλη-

282 2497 362 2538 σις
394 2474 529 2545 αὐτή
564 2476 654 2529 καὶ
686 2477 720 2544 ἡ
771 2472 949 2535 ἄνεσις
992 2471 1166 2541 ἐκείνη
1202 2474 1237 2541 ἡ
1273 2471 1374 2526 ὑπὸ
1408 2477 1509 2537 τῆς
1559 2467 1785 2543 χάριτος
1830 2484 1923 2518 κα-

278 2548 702 2636 ταλαμϐάνουσα
744 2566 846 2631 τὴν
895 2564 1100 2638 ψυχὴν,
1133 2561 1177 2615 εἰ
1232 2562 1306 2634 μὴ
1357 2557 1604 2627 αῗσθηται
1652 2554 1853 2625 ταύτης
1886 2555 1921 2622 ἡ

281 2654 702 2724 καταξιωθεῖσα,
757 2654 845 2707 καὶ
896 2650 1093 2723 πολλῷ
1150 2655 1230 2723 τῷ
1292 2648 1492 2722 μετρίῳ
1556 2647 1645 2701 καὶ
1722 2648 1924 2715 συνετῷ

281 2746 579 2819 χρήσηται,
608 2743 751 2799 πολὺ
782 2745 842 2799 τὸ
874 2740 1101 2798 εὔκολον
1141 2736 1259 2816 ἔχει
1299 2741 1434 2814 πρὸς
1481 2738 1544 2792 τὸ
1578 2738 1926 2811 πειρατήριον

283 2835 419 2908 αὐτῇ
486 2834 698 2907 μᾶλλον
756 2836 847 2890 καὶ
905 2832 1139 2906 κώλυμα
1196 2837 1568 2900 καταστῆναι·
1605 2830 1698 2882 ἅτε
1738 2827 1927 2888 κακίας

284 2927 548 3002 προφάσει
586 2924 754 2993 τῆσδε
792 2932 894 2993 τῆς
936 2925 1165 3002 χάριτος
1214 2922 1470 2978 ὑπολύειν
1513 2919 1648 2992 αὐτῇ
1690 2919 1781 2973 τὸν
1830 2916 1924 2971 τό-

285 3033 403 3083 νον,
453 3014 729 3086 χαύνωσίν
770 3033 829 3067 τε
865 3014 955 3067 καὶ
997 3011 1297 3086 ὀλιγωρίαν
1339 3009 1526 3064 ἐνιέναι
1581 3004 1929 3085 μηχανωμὲ-

282 3121 404 3171 νης.
464 3102 556 3155 Διὸ
614 3102 702 3155 καὶ
761 3100 897 3168 αύτὴ
952 3103 986 3169 ἡ
1039 3101 1199 3173 χάρις
1252 3093 1517 3158 εὐλαϐοὖς
1569 3094 1737 3150 δεῖται
1790 3095 1926 3166 πρὸς

285 3190 592 3262 μετάληψιν
625 3190 713 3245 καὶ
764 3191 1043 3245 εύσυνέτου
1100 3192 1293 3264 ψυχῆς
1328 3184 1504 3239 ’ὥστε
1554 3184 1643 3239 καὶ
1696 3190 1925 3256 τιμῆσαι

278 3280 501 3347 ταύτην,
551 3280 643 3333 καὶ
695 3280 875 3349 ἀξίους
914 3280 1040 3339 τοὺς
1088 3277 1327 3349 καρποὺς
1376 3273 1758 3342 ἐπιδείξασθαι.
1813 3278 1928 3326 Κιν-

281 3367 487 3423 δυνεύει
527 3367 704 3423 τοίνυν
757 3368 819 3422 οὐ
866 3374 960 3429 τας
1008 3367 1220 3440 θλίψεις
1269 3367 1455 3437 μόνον,
1500 3362 1645 3419 ἀλλά
1693 3362 1781 3417 καὶ
1831 3362 1925 3421 τὰς

283 3458 484 3519 ἀνέσεις
540 3460 892 3533 πειρατήριον
948 3457 1184 3532 γίνεσθαι
1235 3460 1303 3530 τῇ
1353 3454 1507 3530 ψυχῇ
1540 3453 1665 3507 ’καὶ
1712 3450 1781 3506 δι’
1828 3451 1926 3523 ἆμ-

284 3548 530 3622 φοτέρων
587 3548 691 3622 γὰρ
742 3550 795 3601 αἱ
853 3548 1027 3622 ψυχαὶ
1078 3551 1156 3619 τῷ
1208 3546 1446 3601 κτίσαντι
1504 3541 1928 3616 δοκιμάζονται,

280 3634 374 3690 ’ίνα
407 3634 567 3705 δῆλοι
601 3641 782 3712 σαφῶς
811 3635 1051 3712 γένονται
1077 3635 1217 3697 τίνες
1260 3637 1310 3690 οἱ
1359 3635 1436 3707 μή
1486 3631 1711 3708 κέρδους
1759 3631 1932 3687 αἰτίαν

285 3727 500 3801 θέμενοι
530 3729 627 3796 τήν
659 3728 795 3803 πρὸς
844 3726 1048 3782 ἐκεῖνον
1106 3726 1321 3801 ἀγάπην
1350 3746 1362 3759 ο
1398 3724 1524 3780 ἀλλ’
1555 3722 1713 3778 αυτὸν
1767 3723 1927 3795 μόνον

288 3818 378 3871 τὸν
428 3814 649 3883 πολλῆς
693 3822 772 3889 τῷ
830 3816 942 3871 ὅντι
1002 3817 1091 3870 καὶ
1147 3814 1334 3892 φιλίας
1391 3815 1483 3869 καὶ
1539 3816 1706 3887 τιμῆς
1761 3809 1928 3885 ἄξιον.

288 3907 490 3977 Ὥσπερ
541 3902 596 3959 δὲ
639 3910 719 3977 τῷ
769 3906 984 3977 ἀμελεῖ,
1034 3904 1121 3958 καὶ
1170 3904 1291 3977 περὶ
1348 3906 1445 3969 τήν
1504 3903 1679 3956 πίστιν
1742 3899 1930 3970 ἐνδεεῖ,

288 3992 497 4064 καὶτῷ
555 3995 867 4068 φρονήματι
925 3994 1261 4062 νηπιάζοντι,
1321 3989 1580 4063 ἐμπόδιον
1639 3990 1773 4062 πρὸς
1831 3991 1929 4057 τὴν

288 4079 512 4135 αἶ’ωνίαν
567 4082 713 4151 ζωὴν
767 4086 935 4135 ταῦτα
988 4082 1219 4154 γίνεται’
1266 4081 1390 4148 ἢτοι
1443 4080 1507 4134 τὰ
1564 4079 1787 4150 λυπηρά
1840 4076 1930 4131 καὶ

286 4168 558 4239 ἐπίπονα,
623 4170 820 4236 νόσοι,
899 4170 1073 4224 πενίαι
1147 4169 1237 4223 καὶ
1312 4166 1566 4240 ἀδοξίαι·
1634 4166 1927 4233 τάναντία,

284 4258 547 4326 πλοῦτος,
603 4257 751 4330 δόξα,
810 4258 899 4314 καὶ
966 4258 1022 4312 οἱ
1072 4257 1122 4330 ἐξ
1209 4258 1507 4333 ἀνθρώπων
1571 4256 1928 4331 μακαρισμοὶ,

280 4352 418 4425 πρὸς
459 4348 517 4405 δὲ
566 4351 655 4405 καὶ
687 4351 714 4405 ὁ
746 4348 796 4404 ἐν
842 4353 923 4421 τῷ
980 4351 1170 4426 ἀφανεῖ
1216 4347 1476 4419 πλήττων
1530 4353 1627 4401 τοῦ
1684 4348 1929 4421 πονηροῦ

280 4440 530 4515 πόλεμος
561 4459 572 4473 ·
618 4441 762 4495 οὕτω
792 4438 958 4495 πάλιν
1002 4437 1360 4517 ἀντιστρέφων
1398 4438 1667 4512 εὑρήσεις,
1717 4435 1798 4490 ὅτι
1849 4439 1928 4508 τῷ

278 4535 458 4601 πιστῷ
524 4530 615 4584 καὶ
683 4534 888 4603 συνετῷ
953 4530 1042 4584 καὶ
1107 4528 1334 4602 γενναίῳ
1411 4527 1632 4602 συνεργά
1709 4524 1925 4598 μᾶλλον

278 4620 412 4693 πρὸς
459 4622 559 4689 τήν
609 4624 706 4674 τοῦ
762 4624 896 4675 Θεοῦ
934 4619 1245 4674 καθίσταται
1305 4616 1581 4692 βασιλείαν
1617 4620 1777 4677 ’Τοῖς
1825 4614 1927 4691 γάρ

275 4709 367 4761 τὸν
436 4709 564 4763 Θεὸν
620 4709 909 4783 ἀγαπῶσι,
979 4711 1116 4764 κατά
1179 4709 1270 4763 τὸν
1338 4710 1478 4762 θεῖον
1548 4703 1924 4775 Ἀπόστολον,

276 4815 451 4849 παντα
509 4803 746 4870 συνεργεῖ
802 4797 876 4857 είς
942 4799 1004 4852 τὸ
1062 4797 1280 4873 ἀγαθόν.
1337 4798 1611 4851 Δείκνυται
1682 4792 1773 4848 οὖν
1836 4792 1924 4848 ἐν-
1959 4782 2003 4845 D

278 4886 481 4950 τεῦθεν,
516 4884 600 4939 ὅτι
653 4886 720 4939 τά
764 4886 817 4939 ἐν
875 4890 952 4956 τῷ
1008 4886 1201 4959 κόσμῳ
1240 4888 1410 4941 πάντα
1467 4882 1731 4958 ἐμπόδιον
1794 4885 1924 4940 εἶναι

273 4973 607 5046 νομιζόμενα
665 4971 975 5049 διαρρήξας,
1033 4975 1123 5030 καὶ
1179 4978 1423 5047 νικήσας,
1473 4976 1561 5030 καὶ
1616 4970 1850 5049 ὑπερϐάς
1896 4975 1923 5027 ὁ

277 5062 501 5133 ἀληθῶς
560 5062 815 5140 φιλόθεος
868 5069 964 5118 τοῦ
1018 5064 1163 5120 θείου
1216 5066 1380 5138 μόνου
1425 5067 1739 5140 περιέχεται
1794 5063 1923 5143 φίλ-

272 5175 404 5226 τρου
436 5171 450 5186 ο
484 5152 716 5228 Σχοινία
746 5153 848 5229 γὰρ
877 5153 1221 5227 ἁμαρτωλῶν
1255 5156 1696 5230 περιεπλάκησάν
1743 5176 1858 5228 μοι,
1896 5155 1923 5209 ὁ

274 5244 419 5304 θεῖός
450 5265 581 5322 φησι
605 5245 920 5322 Προφήτης,
953 5243 1040 5298 καὶ
1088 5248 1184 5299 τοῦ
1221 5247 1392 5319 νόμου
1440 5266 1533 5299 σου
1576 5244 1674 5299 οὐκ
1721 5243 1923 5299 ἐπελα-

275 5336 476 5407 θόμην.

2104 1397 2215 1453 ΧΧ.
2251 1399 2357 1464 Qui
2389 1400 2564 1455 Deum
2621 1416 2752 1455 vere
2783 1410 3139 1468 amaverunt,
3191 1418 3379 1475 neque
3437 1404 3508 1459 oh
3569 1422 3731 1475 spem

2035 1488 2197 1558 regni
2226 1487 2530 1559 elegerunt
2584 1490 2634 1545 ei
2692 1492 2953 1545 servire:
3014 1495 3177 1562 quasi
3224 1500 3593 1561 mercatores,
3630 1495 3728 1550 lu-

2032 1592 2235 1644 crum;
2271 1582 2373 1632 aut
2410 1579 2678 1648 cperarii,
2734 1581 3061 1636 mercedem
3108 1588 3446 1654 captantes;
3481 1584 3583 1640 sed
3630 1601 3732 1641 ne-

2031 1683 2145 1737 que
2167 1667 2817 1742 obmetumprseparataa
2851 1672 3253 1743 peccatoribus
3289 1692 3469 1745 poenas
3493 1696 3507 1744 ;
3528 1691 3728 1731 verum

2031 1755 2089 1809 in
2123 1755 2287 1811 illum
2322 1758 2403 1812 uti
2464 1758 2645 1813 Deum
2691 1759 2884 1815 solum
2942 1765 2999 1815 et
3055 1767 3373 1817 creatorem
3426 1764 3725 1835 proprium

2032 1844 2238 1900 affectu
2295 1846 2583 1913 inclinati,
2630 1864 2698 1902 ex
2744 1854 2896 1904 recte
2954 1850 3229 1906 conclusa
3289 1852 3421 1906 inde
3508 1854 3729 1909 ratione

2036 1946 2458 2006 consequenter
2487 1942 2889 2007 agnoscentes,
2921 1955 3149 2009 equum
3186 1955 3252 1995 ac
3274 1940 3438 2010 juste
3471 1943 3731 1998 debitum

2038 2040 2188 2083 esse.
2222 2030 2288 2079 ut
2344 2031 2623 2081 creaturae
2662 2026 2966 2093 conditori,
3002 2028 3151 2082 servi
3201 2029 3467 2093 Domino,
3507 2036 3737 2102 propter

2032 2113 2216 2184 ipsam
2250 2115 2377 2184 ejus
2408 2116 2830 2183 excellentiam,
2866 2116 3089 2187 placere
3136 2134 3201 2175 ac
3257 2120 3569 2189 gratiﬁcari
3605 2128 3729 2175 stu-

2031 2204 2244 2271 deant;
2273 2204 2380 2259 hoc
2410 2210 2594 2275 agunt
2625 2214 2677 2259 et
2700 2212 2983 2262 conantur
3028 2208 3252 2263 sincero
3311 2210 3419 2278 piae
3467 2210 3731 2265 volunta-

2032 2292 2109 2347 tis
2142 2293 2271 2347 nisu
2310 2308 2322 2346 :
2357 2294 2445 2347 cui
2478 2300 2534 2348 et
2566 2311 2760 2364 parem
2820 2297 3033 2351 mentis
3088 2297 3466 2352 attentionem
3529 2299 3731 2355 merito

2029 2383 2373 2454 adiungunt.
2410 2384 2635 2440 Etenim
2668 2386 2810 2454 ipsis
2862 2386 3042 2441 multa
3086 2392 3171 2441 est
3226 2389 3555 2444 necessaria
3585 2406 3732 2459 pru—

2032 2472 2244 2538 dentia,
2283 2472 2332 2526 si
2387 2490 2708 2544 praecavere
2760 2475 2955 2542 velint,
2990 2492 3061 2531 ne
3093 2478 3437 2546 quotidiana
3467 2495 3591 2548 quae
3639 2496 3736 2533 ac~

2034 2561 2255 2627 cidunt,
2290 2563 2707 2632 impedimenta
2764 2566 2908 2633 ipsis
2959 2567 3079 2621 sint
3138 2566 3401 2635 placendi
3450 2568 3563 2622 Deo
3624 2568 3738 2623 ista

2035 2652 2375 2708 intentionis
2424 2655 2708 2725 puritate;
2772 2656 3063 2727 siquidem
3112 2674 3226 2712 non
3270 2664 3498 2728 egestas
3544 2658 3738 2713 solum

2035 2747 2090 2795 et
2119 2742 2466 2812 ignominia,
2498 2745 2599 2799 sed
2630 2751 2687 2799 et
2715 2762 2852 2815 cpes
2909 2751 2966 2800 et
3021 2746 3208 2801 honor
3240 2747 3589 2803 tentationes
3623 2748 3745 2803 ani-

2037 2847 2145 2886 mae
2179 2833 2361 2898 fiunt;
2396 2836 2533 2903 quin
2566 2844 2617 2888 et
2640 2851 2709 2889 ex
2740 2842 2919 2904 parte,
2956 2836 3078 2906 ipsa
3110 2836 3450 2906 consolatio,
3482 2837 3610 2906 ipsa
3640 2838 3741 2894 illa

2036 2923 2206 2977 beata
2235 2924 2398 2992 quies
2429 2941 2497 2979 ex
2525 2924 3077 2981 inhabitantisdono
3109 2927 3309 2997 gratiae
3341 2927 3737 2997 complectens

2037 3012 2290 3065 animam
2320 3028 2332 3078 ;
2358 3013 2470 3067 nisi
2501 3030 2559 3067 se
2590 3014 2689 3068 illa
2718 3018 2947 3069 tantum
2978 3015 3133 3079 boni,
3171 3032 3332 3071 mera
3369 3018 3459 3071 Dei
3483 3016 3740 3071 liberali-

2036 3103 2175 3165 tate,
2209 3101 2369 3155 nullo
2392 3117 2496 3156 suo
2520 3108 2747 3156 nactam
2777 3104 3005 3165 merito,
3024 3104 3228 3159 intime
3250 3104 3484 3169 sentiat,
3507 3108 3563 3158 et
3584 3104 3736 3160 mul-

2036 3192 2152 3243 tam
2186 3190 2425 3259 insuper
2455 3191 2747 3257 adhibeat,
2784 3208 2917 3246 cum
2951 3193 3179 3247 modica
3207 3193 3298 3247 sui
3333 3194 3737 3263 aestimatione,

2037 3277 2632 3345 circumspectionem.
2693 3282 2833 3333 Nam
2885 3278 3010 3334 sine
3069 3279 3183 3347 his,
3244 3280 3530 3336 excellens
3619 3280 3740 3338 haec

2041 3366 2246 3435 gratia,
2279 3366 2440 3420 valde
2473 3383 2720 3438 pronum
2771 3384 2972 3423 secum
3024 3369 3188 3423 affert
3236 3368 3561 3439 periculum
3598 3387 3743 3440 prte-

2044 3457 2217 3512 bendi
2249 3456 2321 3524 ei,
2357 3474 2527 3528 quam
2560 3464 2749 3527 ornat,
2782 3460 2994 3515 animas
3051 3461 3416 3516 occasionem
3468 3463 3743 3518 tentatio-

2042 3546 2155 3615 nis,
2186 3552 2243 3601 et
2273 3547 2584 3616 objiciendi
2618 3549 2898 3619 profectui
2930 3550 3060 3619 ejus
3100 3551 3489 3606 obstaculum.
3533 3549 3742 3623 Utpote

2041 3636 2381 3692 insidiatore
2433 3638 2583 3694 malo
2616 3642 2905 3706 daemone,
2937 3641 3133 3696 conari
3184 3640 3347 3697 solito
3381 3642 3578 3713 hujus,
3631 3658 3746 3713 qua

2040 3726 2195 3782 videt
2226 3729 2334 3781 frui
2385 3731 2660 3797 animam,
2708 3736 2985 3801 praetextu
3028 3736 3084 3787 et
3140 3732 3356 3787 ﬁducia
3399 3734 3582 3788 nimia
3620 3749 3745 3805 gra-

2042 3814 2151 3882 tiis,
2181 3817 2398 3871 sensim
2448 3818 2705 3873 relaxare
2762 3820 3193 3875 contentionem
3228 3819 3289 3874 in
3348 3820 3626 3877 ulteriora
3657 3821 3746 3875 ni-

2041 3903 2220 3969 tendi,
2257 3905 2710 3974 languoremque
2763 3912 2820 3960 et
2870 3908 3193 3977 neglectum
3246 3908 3504 3977 injicere.
3555 3912 3741 3980 Atque

2041 3990 2184 4043 adeo
2218 3991 2345 4058 ipsa
2375 3990 2579 4059 gratia,
2618 3996 2681 4045 ut
2710 4007 2913 4046 secure
2947 3993 3299 4062 innoxieque
3349 3993 3738 4063 possideatur,

2040 4078 2216 4147 exigit
2247 4078 2306 4132 in
2351 4077 2451 4133 illo
2485 4079 2585 4149 qui
2634 4095 2759 4135 eam
2794 4080 3059 4151 percipit,
3118 4086 3478 4136 reverentem
3529 4100 3741 4153 quam-

2043 4166 2170 4221 dam
2205 4166 2668 4237 trepidationem,
2713 4185 2831 4239 qua
2858 4170 2913 4224 in
2938 4170 3196 4240 vigiliam
3221 4174 3467 4226 acuetur
3495 4171 3741 4227 circum-

2039 4257 2330 4325 spectandi
2389 4273 2456 4315 ac
2506 4260 2854 4329 disponendi
2914 4260 3285 4330 providenter
3316 4264 3562 4326 cuncta;
3598 4269 3736 4317 utet

2041 4345 2258 4402 donum
2290 4352 2518 4403 tantum
2552 4349 2755 4418 quanti
2785 4350 2934 4404 valet
2964 4349 3246 4417 aestimet;
3280 4353 3338 4405 et
3368 4350 3576 4421 dignos
3608 4352 3736 4422 ejus

2039 4436 2263 4492 fructus
2322 4444 2733 4508 repraesentare
2779 4439 3030 4494 studeat.
3067 4440 3271 4511 Igitur,
3312 4456 3430 4496 non
3460 4441 3534 4495 ab
3588 4440 3735 4496 afﬂi-

2039 4526 2329 4581 ctionibus
2361 4526 2572 4594 solum,
2624 4528 2726 4583 sed
2758 4533 2814 4583 et
2836 4546 2869 4585 a
2920 4528 3415 4587 consolationibus
3445 4530 3737 4602 periclita-

2038 4617 2134 4669 tur
2162 4616 2362 4671 anima
2391 4618 2618 4672 tentari.
2679 4617 2749 4672 Et
2779 4634 2879 4688 per
2924 4618 3127 4674 ambas
3159 4619 3295 4674 istas
3338 4634 3431 4673 res
3460 4636 3490 4671 a
3532 4618 3733 4673 condi-

2037 4713 2158 4763 tore
2189 4705 2392 4761 animta
2451 4707 2805 4776 probantur;
2843 4711 2906 4761 ut
2937 4706 3027 4762 his
3085 4707 3580 4777 explorationibus
3616 4724 3737 4764 ma-

2035 4796 2244 4851 nifesto
2275 4801 2550 4865 appareat
2576 4796 2779 4866 quales
2810 4796 2971 4851 sint?
3002 4796 3372 4851 mercenaries
3414 4813 3484 4852 ne
3517 4798 3733 4852 nundi-

2038 4887 2285 4941 natriccs
2315 4886 2634 4954 charitatis,
2668 4891 2927 4957 quaestus
2970 4887 3058 4942 sui
3091 4902 3264 4941 causa
3296 4886 3479 4942 Deum
3527 4904 3737 4943 aman-

2034 4981 2155 5042 tes;
2190 4991 2262 5029 an
2290 4975 2480 5030 solum
2514 4981 2746 5046 propter
2774 4992 2835 5031 se
2868 4976 3061 5047 ipsum
3084 4992 3219 5031 eum
3250 4977 3535 5047 diligant;
3573 4981 3730 5049 quod

2033 5065 2221 5133 illum,
2254 5070 2320 5120 ut
2347 5069 2437 5120 est
2469 5066 2525 5120 in
2559 5083 2666 5121 sua
2697 5071 2904 5122 natura
2936 5068 3189 5138 propria,
3223 5067 3365 5123 citra
3398 5074 3727 5139 respectum

2033 5156 2104 5211 ad
2134 5172 2256 5219 nos,
2316 5155 2476 5210 omni
2507 5156 2746 5226 dignum
2809 5172 3005 5212 amore
3037 5157 3369 5228 honoreque
3426 5158 3593 5212 sciat.
3656 5156 3728 5213 Ut

2032 5250 2223 5302 autem
2256 5245 2589 5316 negligenti,
2628 5246 2915 5302 modicam
2974 5246 3213 5303 habenti
3274 5248 3467 5308 fidem,
3502 5256 3554 5303 et
3596 5263 3730 5318 pue-

2032 5336 2215 5390 riliter
2261 5336 2452 5390 adhuc
2500 5337 2767 5405 sapienti,
2828 5337 3244 5405 impedimento
3299 5336 3419 5391 haec
3478 5340 3614 5390 sunt
3653 5337 3724 5391 ad

276 5432 550 5481 mternam
608 5427 833 5482 vitam:
876 5425 1143 5482 videlicet
1182 5430 1300 5482 tam
1360 5428 1580 5482 acerbae
1611 5443 1678 5482 ac
1740 5425 2033 5480 laboriosae
2093 5441 2205 5490 res,
2264 5430 2329 5481 ut
2385 5425 2592 5492 morbi,
2645 5427 2919 5496 penuriae.
2976 5426 3359 5497 ignominiae;
3413 5440 3585 5493 quam
3639 5423 3730 5479 his

274 5517 597 5585 contrarias,
646 5518 879 5581 divitias,
936 5515 1141 5586 gloria,
1197 5515 1400 5573 laudes
1456 5521 1513 5571 et
1571 5517 1886 5588 applausus
1942 5513 2286 5581 hominum;

276 5606 665 5677 impugnatio,
698 5607 782 5662 sic
806 5624 1035 5675 rursus,
1099 5607 1269 5662 aliter
1324 5607 1659 5679 dispositos,
1718 5606 1777 5661 in
1837 5605 1960 5660 loco
2028 5608 2484 5659 memoratorum
2538 5604 2731 5672 modo,
2802 5620 3048 5676 ponens,

2340 5520 2728 5585 praetereaque
2764 5531 3035 5587 pungens
3094 5516 3151 5569 in
3211 5512 3438 5568 occulto
3497 5512 3727 5567 Satante

3132 5602 3385 5672 reperies
3436 5618 3450 5657 :
3512 5601 3730 5658 fervido

269 5697 329 5753 in
364 5695 494 5763 ﬁde,
527 5696 817 5767 prudenti,
849 5701 905 5752 et
932 5712 1210 5769 generose
1241 5697 1367 5753 forti
1417 5697 1678 5753 subsidia
1726 5694 1921 5768 potius
1950 5698 2008 5751 et
2039 5693 2376 5765 adjumenta
2407 5710 2497 5749 res
2545 5694 2675 5750 illas
2704 5695 2938 5749 easdem
2990 5706 3117 5747 esse
3149 5692 3218 5746 ad
3250 5692 3723 5747 consecutionem
