4076 6280
420 378 538 440 955
1723 371 1790 431 S.
1836 367 2030 430 MACA

2274 367 2546 430 :GYPTlI
3471 346 3473 348 ’
3755 379 3884 439 956

425 510 588 578 regni
642 508 792 564 Dei:
851 505 1210 577 Diligentibus
1261 503 1415 558 enim
1464 503 1632 558 Deum
1661 503 1766 574 (ait
1813 502 2047 557 divinus
2102 501 2440 573 Apostolus)
2500 505 2690 558 omnia
2750 511 3114 575 cooperantur
3169 507 3226 558 in
3287 505 3484 561 bonum
3536 507 3604 564 ⁵⁸.
3659 509 3738 564 Ex
3797 511 3887 568 bis

414 601 598 672 igitur
648 605 910 669 apparet,
973 596 1105 666 quis
1163 595 1395 648 demum
1451 592 1525 647 sit
1607 609 1778 647 verus
1863 592 1961 645 Dei
2027 601 2285 657 amator;
2341 591 2390 646 is
2440 593 2590 648 217
2659 594 2959 659 nimirum,
3009 593 3108 665 qui
3169 610 3268 666 per
3348 604 3575 666 cuncta,
3628 615 3754 670 quae
3826 601 3887 657 in

415 689 527 745 hoc
561 688 777 743 mundo
809 689 1090 756 putantur
1119 683 1374 747 obstare,
1440 688 1734 752 perrupta,
1785 682 1954 747 victa,
1989 680 2234 744 calcata,
2268 686 2493 736 tantum
2546 698 2752 737 versus
2809 683 2989 738 Deum
3024 700 3221 738 amore
3276 685 3561 754 feruntur,
3622 691 3884 746 dicentes

415 795 551 835 cum
588 777 866 848 propheta
899 792 911 828 :
949 776 1122 829 Funes
1156 777 1498 842 peccatorum
1527 771 1889 840 circumplexi
1919 779 2175 835 suntme,
2197 780 2249 824 et
2273 772 2440 840 legem
2473 779 2626 825 tuam
2647 791 2757 826 non
2790 791 2909 828 sum
2934 773 3136 828 oblitus
3159 773 3223 828 5’.

492 869 643 924 XXI.
706 867 946 922 Divinus
1004 863 1301 936 apostolus
1350 863 1563 916 Paulus
1622 863 1876 917 exactius
1906 871 1958 916 et
2006 861 2102 915 cla'

2311 862 2425 914 KA’.
2461 864 2520 916 '0
2561 861 2704 922 θεῖος
2756 861 3062 922 ἀπόστολος
3120 862 3336 924 Παῦλος
3387 861 3767 939 ἀκριϐέστερόν
3821 890 3879 924 τε

413 961 537 1016 rius
577 961 832 1013 demonr'
868 971 976 1010 -are
1034 954 1252 1020 volens,
1307 953 1444 1024 quid
1500 968 1630 1008 vere
1679 953 1751 1006 sit
1804 951 2017 1022 perfect

2269 948 2318 1004 αὶ
2380 949 2807 1023 τηλαυγέστερον
2883 952 2946 1005 τὸ
3013 949 3226 1013 ἐντελὲς
3289 956 3386 1006 105
3450 954 3879 1030 Χριστιανισμοῖι

411 1044 851 1105 Christianismi
886 1043 1230 1115 mysterium
1293 1042 1348 1095 in
1385 1057 1740 1111 unaquaque
1771 1041 1969 1095 anima
1999 1056 2021 1092 c

2277 1043 2533 1112 υστήριον
2591 1043 2786 1114 ἑκαστῃ
2845 1041 3171 1115 πιστευούσῃ
3238 1046 3391 1116 ψυχῇ
3441 1041 3741 1115 δεδήλωκε,
3812 1045 3882 1102 δι’

413 1138 602 1196 deme.
641 1137 839 1190 venire
871 1136 1043 1189 talem
1069 1134 1324 1187 animam
1360 1132 1416 1185 in
1448 1131 1625 1200 hujus
1656 1130 2018 1200 experiment

2273 1128 2470 1204 νεργίας
2504 1128 2648 1191 θείας
2695 1130 2771 1192 εἷς
2822 1136 3012 1202 πεῖραν
3063 1130 3196 1184 ἰέναι
3230 1149 3241 1162 ·
3269 1130 3401 1205 ὅπερ
3451 1132 3614 1203 ἐστὶν,
3648 1137 3682 1203 ἡ
3716 1135 3883 1191 ἐπου-

413 1226 601 1294 docet,
639 1241 738 1295 per
795 1223 1051 1277 divinam
1103 1220 1517 1290 operationem.
1551 1221 1685 1284 Quae
1730 1218 1950 1272 scilicet
1980 1234 2023 1287 ο]

2270 1218 2418 1272 ανίου
2461 1219 2642 1293 φωτὸς
2679 1219 2730 1273 ἐν
2760 1218 3106 1293 ἀποκαλύψει
3149 1220 3238 1273 καὶ
3289 1217 3512 1292 δυνάμει
3567 1228 3662 1276 105
3712 1227 3879 1280 Πνεό-

409 1317 554 1370 ratio
615 1318 703 1369 est
767 1310 1200 1382 supercoelestis
1254 1309 1492 1363 luminis
1535 1309 1592 1363 in
1648 1307 1994 1362 revelatione

2263 1328 2400 1369 ιατος
2477 1304 2753 1381 ἔλλαμψις
2791 1328 2804 1342 ⁸
2841 1307 2937 1363 ἵνα
2998 1311 3074 1380 μὴ
3163 1331 3245 1370 τις
3303 1311 3393 1364 τὸν
3463 1310 3551 1366 διὰ
3614 1315 3873 1387 γνώσεως

410 1403 622 1458 virtute
663 1401 918 1471 Spiritus
972 1398 1288 1453 irradiatio.
1347 1397 1429 1450 Ne
1486 1398 1626 1450 forte
1687 1398 1840 1465 quis,
1889 1396 1948 1448 in
2013 1393 2020 1446 l

2268 1398 2520 1468 σημάτων
2589 1399 2871 1473 φωτισμὸν
2947 1402 3042 1452 105
3144 1399 3452 1472 Πνεύματος
3516 1401 3680 1472 μόνον
3743 1403 3878 1457 εἶναι

411 1507 634 1557 errans,
679 1493 838 1559 putet
869 1485 1015 1541 nihil
1075 1486 1228 1540 aliud
1269 1500 1396 1539 esse
1441 1483 1933 1538 illuminationem
1987 1483 2021 1537 S

2267 1488 2478 1557 )μίσας,
2524 1485 2838 1559 κινδυνεύσῃ
2887 1483 2955 1539 δι’
3007 1485 3220 1559 ἄγνοιαν
3253 1509 3308 1541 τε
3342 1488 3430 1541 καὶ
3481 1487 3747 1564 ῥᾳθυμίαν
3783 1495 3877 1544 105

411 1581 584 1645 ritus,
619 1579 728 1633 nisi
777 1576 1145 1647 cognitiones
1193 1576 1244 1628 vi
1303 1573 1544 1628 humani
1606 1573 1914 1641 productas
1957 1572 2014 1625 in

2268 1575 2439 1630 ελείου
2469 1580 2568 1639 τῆς
2599 1576 2826 1649 χάριτος
2855 1575 3150 1650 ἀποτυχεῖν
3190 1579 3519 1648 μυστηρίου.
3571 1579 3670 1634 Διά
3712 1584 3878 1636 10510

412 1670 637 1735 lectus;
671 1675 725 1722 et
765 1672 1001 1738 propter
1059 1665 1229 1718 istam
1279 1661 1690 1732 ignorantiam,
1737 1666 1796 1716 et
1827 1661 2022 1716 desidi.

2270 1665 2313 1717 αἱ
2348 1665 2410 1718 τὸ
2453 1662 2754 1738 ὑπόδειγμα
2811 1672 2911 1733 τῆς
2960 1670 3038 1734 τῷ
3097 1665 3378 1739 προσώπῳ
3435 1667 3675 1729 Μωσὲως
3720 1689 3880 1743 περι-

414 1757 789 1829 periclitetur,
851 1771 884 1809 a
943 1753 1191 1824 perfecto
1250 1755 1441 1822 gratiis
1497 1749 1757 1806 excidere
1825 1759 2024 1820 myslei

2267 1753 2476 1825 ειμένης
2507 1759 2604 1808 105
2657 1753 2968 1822 Πνεύματος
3012 1750 3170 1826 δόξης
3215 1755 3290 1816 εἰς
3343 1756 3671 1828 παράστασιν
3718 1758 3877 1830 ὡμοο

414 1847 719 1914 PrOpterea
748 1841 1072 1914 exemplum
1116 1839 1652 1896 circumambientis
1702 1839 1905 1893 faciem
1940 1838 2024 1892 Mc

2267 1845 2537 1917 ογημένην
2583 1851 2683 1912 τῆς
2730 1846 2984 1916 γνώσεως
3028 1845 3249 1917 ἤνεγκεν
3285 1845 3451 1923 ’φησὶ
3499 1845 3631 1922 γοῧν
3666 1847 3767 1902 Ἐἰ
3819 1846 3876 1903 δὲ

412 1936 664 2008 Spiritus
725 1933 942 2005 gloriae,
1017 1933 1086 1986 ad
1141 1929 1488 2001 cognitionis
1549 1929 2018 1999 repraasentation

2331 1933 2578 1988 διακονία
2653 1938 2750 1988 105
2835 1934 3065 1988 θανάτου
3131 1931 3182 1986 ἐν
3256 1936 3570 2007 γράμμασιν
3663 1935 3879 1992 ἐντετυ-

410 2028 565 2084 haud
612 2025 788 2080 dubie
847 2023 1202 2078 conformem
1237 2022 1427 2076 refert.
1486 2022 1555 2073 At
1613 2020 1833 2090 igitur:
1871 2017 2020 2085 Quod

2269 2025 2450 2096 ωμὲνη
2512 2023 2562 2076 ἐν
2627 2021 2804 2084 λίθοις
2887 2020 3114 2098 ἐγενηθη
3201 2020 3252 2076 ἐν
3323 2020 3501 2097 δόξῃ,
3579 2024 3714 2080 ὣστε
3797 2030 3873 2098 μη

409 2117 757 2172 ministratio
814 2114 1009 2168 mortis
1065 2111 1266 2166 litteris
1320 2109 1620 2177 defermata
1676 2110 1736 2162 in
1820 2107 2019 2171 lapidib

2268 2113 2477 2166 ὗνασθαι
2537 2112 2663 2172 τοὺς
2721 2109 2871 2172 υἱοὺς
2936 2109 3157 2184 Ἰσραὴλ
3231 2111 3466 2166 ἀτενίσαι
3553 2113 3628 2176 εἷς
3701 2115 3878 2186 πρόσ-

406 2205 516 2269 fuit
547 2204 607 2259 in
638 2202 840 2271 gloria,
877 2203 963 2256 ita
993 2208 1051 2254 ut
1081 2215 1188 2254 non
1238 2204 1451 2268 possent
1481 2195 1764 2249 intendere
1791 2194 1900 2262 ﬁlii
1949 2197 2016 2249 lsr

2267 2223 2363 2256 υτον
2407 2201 2645 2262 Μωσέως
2689 2198 2777 2254 διὰ
2838 2202 2937 2269 τήν
2996 2198 3150 2270 δόξαν
3209 2205 3306 2254 105
3367 2203 3664 2276 προσώπου
3705 2205 3877 2259 αὐτοῦ

407 2295 466 2349 in
489 2294 690 2364 [aciem
747 2291 937 2363 Moysi,
993 2297 1212 2360 prapter
1265 2288 1504 2358 gloriam
1559 2285 1736 2339 vultus
1791 2285 1928 2348 eius,
1985 2301 2014 2355 q

2266 2292 2319 2358 ἦν
2378 2289 2823 2363 καταργουμένην
2859 2309 2871 2320 ·
2909 2288 3064 2360 πόσῳ
3132 2288 3344 2361 μᾶλλον
3385 2292 3420 2360 ἡ
3471 2288 3718 2346 διακονία
3774 2298 3876 2347 105

405 2391 749 2450 evacuatur;
779 2380 1043 2453 quomodo
1091 2397 1200 2435 non
1258 2380 1435 2447 magis
1476 2377 1814 2430 ministratio
1872 2373 2015 2444 Spiri

2273 2381 2534 2452 νεύματος
2593 2373 2740 2432 ἔσται
2784 2377 2834 2432 ἐν
2897 2375 3074 2452 δοξῃί
3141 2377 3201 2432 Εἰ
3258 2380 3358 2452 γὰρ
3403 2381 3437 2447 ἡ
3474 2377 3715 2435 διακονία
3773 2389 3874 2450 τῆς

407 2475 510 2526 erit
555 2462 910 2539 in'gloria.’
957 2469 1093 2523 Nam
1141 2468 1190 2521 si
1245 2467 1577 2520 ministratio
1634 2465 2003 2517 damnationis

2264 2469 2585 2541 ατακρίσεως
2643 2465 2815 2536 δόξα·
2902 2467 3102 2539 πολλῷ
3164 2466 3379 2540 μᾶλλον
3446 2469 3785 2542 περισσεόσει
3839 2473 3874 2538 ἡ

405 2561 593 2628 gloria
622 2563 719 2626 est,
774 2559 947 2610 multo
999 2558 1180 2622 magis
1201 2555 1443 2608 abundat
1475 2551 1850 2607 ministerium
1871 2553 2015 2621 justi.

2264 2559 2464 2613 ιακονία
2527 2565 2628 2626 τῆς
2701 2555 3050 2626 δικαιοσύνης
3116 2554 3167 2610 ἓν
3227 2554 3355 2631 δόξῃ
3393 2575 3404 2587 ·
3480 2557 3569 2612 καὶ
3645 2560 3748 2631 γὰρ
3809 2559 3874 2613 o5

409 2647 472 2702 in
519 2648 716 2716 gloria.
749 2645 887 2699 Nam
915 2660 1016 2698 nec
1057 2644 1424 2712 glori/iculum
1481 2645 1557 2696 est
1604 2641 1744 2710 quod
1790 2641 1993 2694 claruit

2261 2645 2529 2716 εδὸξασται
2570 2649 2630 2700 τὸ
2671 2644 3080 2717 δεδοξασμένον,
3141 2645 3191 2698 ἐν
3233 2647 3411 2718 τούτῳ
3478 2647 3621 2720 μέρει
3687 2647 3871 2703 ἕνεκεν

407 2738 510 2791 hac
541 2746 694 2806 parte
713 2739 930 2805 prapter
952 2733 1311 2788 excellentem
1367 2732 1621 2799 gloriam.
1658 2730 1719 2784 Si
1771 2729 1917 2783 enim
1973 2745 2017 2798 qi

2259 2744 2315 2804 ἧς
2358 2731 2812 2809 ὑπερϐαλλούσης
2855 2733 3033 2804 δόξης.
3081 2736 3138 2789 Εἰ
3189 2735 3292 2810 γὰρ
3333 2737 3394 2790 τὸ
3430 2735 3869 2809 καταργούμενον

406 2833 704 2882 evacuatur
751 2840 845 2894 per
884 2823 1118 2891 gloriam
1170 2827 1291 2885 est;
1322 2820 1492 2873 multo
1521 2820 1701 2887 magis
1733 2819 1874 2888 quod
1928 2835 2016 2871 ma

2260 2826 2310 2878 ια
2349 2823 2530 2894 δόξης.
2573 2823 2770 2894 πολλῷ
2813 2823 3025 2896 μᾶλλον
3057 2823 3118 2877 τὸ
3151 2821 3308 2896 μένον
3363 2825 3409 2878 ἐν
3459 2821 3602 2896 δόξῃ.
3651 2830 3863 2898 Καταρ-

404 2918 465 2972 in
494 2917 674 2987 gloria
719 2923 798 2970 est
827 2913 891 2967 ⁸ο.
927 2913 1075 2981 Quod
1104 2914 1424 2974 evacuatur,
1477 2909 1623 2963 dixit
1682 2907 1894 2964 idcirco
1953 2925 2014 2979 qi

2260 2913 2488 2984 σύμενον
2523 2912 2704 2986 εἷ’ρηκε
2737 2912 2825 2967 δια
2853 2914 2914 2967 τὸ
2945 2915 3126 2984 θνητῷ
3152 2914 3372 2989 ,σώματι
3400 2914 3662 2972 Μωυσεως
3701 2933 3868 2987 περιο

403 3005 635 3062 mortali
687 3004 913 3076 corpori
973 3003 1149 3057 Moeis
1195 3000 1717 3069 circumali'ulgeret
1787 2999 1890 3053 illa
1960 2999 2013 3053 lu

2257 3005 2426 3057 εῖσθαι
2456 3005 2552 3070 τὴν
2599 3007 2696 3057 105
2732 3005 2910 3078 φωτὸς
2953 3001 3126 3074 δόξαν.
3180 3002 3402 3076 Ἐπάγει
3440 3023 3450 3032 ·
3476 3005 3735 3076 ’Ἔχοντες
3771 3001 3867 3055 οὖν

401 3097 604 3168 gloria.
641 3095 959 3166 Subjungit
993 3111 1006 3149 :
1049 3093 1311 3147 Habentes
1341 3093 1517 3161 igitur
1537 3090 1708 3144 talem
1737 3104 1905 3158 spem,
1935 3105 2011 3143 mi

2258 3090 2418 3146 λπίδα
2484 3090 2671 3164 πολλῇ
2748 3091 3023 3166 παρῥησιᾳ
3081 3093 3396 3165 χρώμεθα.
3480 3091 3578 3146 Καὶ
3653 3087 3868 3164 προϐάς

402 3187 606 3256 ﬁducia
635 3187 855 3240 utimur
882 3184 950 3240 δί.
1014 3184 1078 3237 Et
1137 3197 1474 3252 progressus
1530 3181 1787 3252 paulum,
1857 3186 2012 3234 oeten

2260 3183 2414 3255 ,ικρὸν
2466 3177 2632 3250 ἔδειξε
2678 3182 2774 3248 την
2824 3181 3080 3235 ἀθάνατον
3135 3181 3344 3250 ἐκείνην
3402 3185 3497 3234 105
3557 3180 3870 3254 Πνεύματος

402 3277 788 3331 immortalem
841 3274 1001 3328 illam
1074 3274 1326 3344 Spiritus
1379 3273 1436 3325 in
1469 3271 1800 3341 apocalypsi
1837 3271 2012 3340 gloria

2259 3272 2651 3344 κάποκαλυψει
2703 3269 2878 3341 δόξαν,
2923 3276 3012 3324 νῦν
3065 3271 3116 3325 ἐν
3168 3277 3247 3342 τῷ
3302 3271 3553 3343 ἀθανάτῳ
3609 3275 3706 3326 105
3764 3269 3869 3326 ἔσω

402 3365 640 3419 nuncin
675 3362 1008 3428 immortali,
1058 3365 1152 3432 qui
1186 3363 1332 3416 latet
1383 3361 1562 3426 intus,
1624 3360 1881 3424 homine,
1916 3358 2012 3422 dig

2257 3362 2508 3435 νθρώπου
2539 3367 2656 3422 τοῖς
2700 3361 2870 3430 ἀξίοις
2913 3361 3190 3416 ἀθανάτως
3230 3381 3288 3414 τε
3337 3361 3423 3414 καὶ
3474 3359 3867 3435 ἀκαταργητως

401 3450 814 3504 immortaliter
888 3453 944 3504 ct
1003 3448 1473 3502 inevacuabiliter
1551 3447 1934 3517 resplendere.

2258 3451 2597 3523 λλάμπεσθαι
2627 3497 2638 3507 .
2694 3449 2839 3520 Φησὶ
2897 3454 3024 3524 γοῦν
3064 3469 3074 3480 ·
3104 3453 3292 3521 Ἡμεῖς
3345 3446 3401 3502 δὲ
3448 3448 3663 3517 πάντες,
3721 3452 3868 3504 τοῦτ’

400 3555 540 3610 ergo
577 3555 588 3591 :
624 3539 732 3592 Nos
765 3553 889 3591 vero
919 3552 1102 3590 omnes
1125 3537 1254 3603 (hoc
1283 3541 1391 3597 est,
1427 3552 1527 3604 per
1558 3536 1733 3589 ﬁdem
1792 3536 2010 3605 perfect.

2258 3563 2358 3594 ττιν
2397 3585 2412 3610 ,
2472 3541 2522 3594 οἱ
2580 3541 2713 3594 κατά
2771 3538 2980 3594 τελείαν
3041 3541 3218 3593 πίστιν
3278 3538 3337 3592 ἐκ
3399 3539 3496 3592 105
3555 3538 3868 3611 Πνεύματος

398 3598 498 3682 θχν
526 3626 742 3694 Spiritu
805 3625 1006 3695 geniti)
1067 3598 1301 3679 reuelata
1357 3598 1498 3693 facie
1566 3598 1810 3693 gloriani
1891 3624 2008 3676 Dom

2253 3629 2528 3700 ενηθέντες
2563 3672 2577 3698 ,
2637 3628 3134 3701 ἀνακεκαλυμμένῳ
3205 3629 3485 3700 προσώπῳ
3542 3629 3640 3696 τήν
3707 3625 3863 3698 δόξαν

392 3716 752 3786 speculantes,
807 3715 865 3768 in
926 3713 1168 3768 eamdem
1255 3714 1560 3780 imaginem
1632 3713 2002 3781 trans/armati

2252 3721 2422 3792 Συρίου
2507 3718 2978 3793 ἐναπτριζόμεθα,
3041 3717 3115 3780 εἰς
3183 3716 3348 3786 αὒτὴν
3431 3718 3611 3773 εἰκόνα
3697 3739 3862 3790 μετα-

390 3823 424 3860 α
453 3804 712 3860 claritate
749 3807 806 3858 in
829 3805 1172 3866 claritatem,
1198 3809 1464 3872 tanquam
1494 3819 1524 3855 a
1551 3802 1765 3856 Domini
1795 3802 2000 3871 Spiritu

2249 3809 2587 3884 μορφούμενοι
2660 3811 2764 3863 ἀπὸ
2841 3806 2994 3878 δόξας
3055 3809 3128 3870 εἰς
3207 3808 3360 3876 δόξαν
3439 3809 3679 3881 καθάπερ
3753 3807 3859 3862 ἀπὸ

394 3895 662 3952 Bevalata
694 3897 864 3964 facie,
897 3897 1107 3950 animm
1157 3892 1408 3958 scilicel;
1442 3897 1498 3945 et
1547 3893 1782 3963 quando
1835 3909 2004 3946 rever:

2249 3897 2415 3970 Lupiou
2459 3897 2789 3969 [Ινεόματος.
2851 3897 3382 3968 Ἀνακεκαλυμμὲνῳ
3429 3901 3730 3970 προσώπῳ,
3780 3901 3859 3967 τῷ

395 3987 530 4057 quis
565 3986 738 4040 fuerit
768 3985 838 4040 ad
886 3984 1222 4048 Dominum,
1283 3982 1518 4037 tolletur
1573 3982 1856 4036 velamen.
1922 3983 2005 4037 Πολ

2250 3994 2313 4056 ἧς
2347 3991 2530 4062 ψυχῆς
2565 3985 2802 4056 δηλαδή
2834 3987 2921 4040 καὶ
2954 3987 3113 4055 ἡνίκα
3154 3983 3210 4040 δὲ
3258 3984 3552 4060 ἐπιστρέψῃ
3594 4007 3676 4047 τις
3727 3986 3860 4060 πρὸς

391 4093 498 4130 nus
528 4083 718 4130 autem
783 4075 1021 4146 Spiritus
1043 4077 1114 4128 est
1146 4071 1214 4128 ⁵³,
1249 4072 1548 4126 Manifesta
1607 4073 1785 4142 igitur
1817 4089 1918 4142 per
1976 4071 2001 4125 h

2248 4075 2436 4150 .59tov,
2489 4081 2850 4150 περιαιρεῖται
2894 4077 2954 4129 τὸ
3003 4073 3287 4146 κάλυμμα.
3333 4078 3394 4131 Ὀ
3445 4073 3500 4128 δὲ
3555 4075 3751 4144 Κύριος
3801 4075 3858 4127 τὸ

394 4167 740 4220 monstravit
822 4163 1080 4219 velamen
1168 4163 1538 4216 tenebrarum
1626 4162 2004 4231 superinject‘

2251 4168 2434 4236 lvs5pu'
2465 4164 2595 4224 ἐστι.
2631 4169 2884 4238 Φανερῶς
2931 4163 3021 4219 05v
3074 4162 3162 4220 διὰ
3206 4164 3413 4219 τούτων
3464 4161 3724 4236 ἀπέδειξε,
3769 4163 3861 4217 κά-

397 4255 586 4309 fuisse
619 4255 849 4321 animae,
885 4253 1038 4324 quod
1081 4252 1152 4306 ab
1205 4252 1408 4304 Adami
1469 4251 1923 4321 transgressione
1955 4268 2007 4303 ca

2255 4276 2412 4326 υμμα
2473 4255 2698 4315 σκότους
2758 4249 3145 4322 ἐπιϐεϐκῆσθαι
3201 4258 3268 4327 τῇ
3331 4258 3506 4327 ψυχῇ,
3567 4255 3697 4318 ὅπερ
3753 4253 3857 4306 ἀπὸ

397 4359 537 4413 pum
575 4343 781 4396 habuit
840 4348 1106 4396 naturam
1169 4341 1481 4396 humanam
1534 4341 1907 4409 pervadendi.
1942 4339 2007 4394 Νι

2246 4351 2308 4410 ἧς
2341 4347 2436 4396 105
2486 4342 2667 4414 Ἀδὰμ
2707 4338 3060 4414 παραϐάσεως
3101 4343 3290 4416 χώραν
3331 4340 3460 4416 ἔσχε
3509 4340 3581 4401 εἷς
3632 4342 3725 4407 τήν
3767 4341 3856 4394 ἀν·

393 4437 590 4486 autem
624 4448 724 4500 per
778 4431 1223 4485 illustrationem
1279 4431 1532 4500 Spiritus
1567 4429 1621 4483 id
1663 4430 1871 4484 auferri
1906 4447 1936 4484 e
1969 4432 2000 4483 li

2245 4433 2544 4504 ρωπότητα
2576 4430 2898 4504 παραδῦναι.
2933 4433 3066 4487 Νυνὶ
3101 4429 3157 4484 δὲ
3192 4431 3294 4484 ὑπο
3324 4437 3423 4499 τῆς
3467 4435 3561 4486 105
3609 4429 3855 4499 Ιῐνεὺμα-

393 4521 554 4576 libus
585 4525 642 4575 et
671 4536 800 4575 vere
831 4521 1024 4592 dignis
1055 4520 1364 4574 animabus
1397 4536 1408 4573 :
1444 4537 1571 4589 qua:
1603 4525 1660 4574 et
1689 4536 1863 4574 causa
1885 4519 1996 4574 Chr

2237 4521 2303 4582 ’ὸς
2337 4519 2666 4593 ἐλλάμψεως
2713 4521 3106 4594 περιαιρεῖσθαι
3157 4524 3320 4574 τοῦτο
3359 4524 3465 4573 τῶν
3513 4521 3706 4571 πιστῶν
3752 4515 3847 4569 καὶ

392 4610 680 4666 adventus
733 4612 861 4666 fuit.
898 4611 1040 4666 Nam
1081 4611 1194 4666 Deo
1228 4610 1568 4682 complacuit
1606 4611 1675 4664 ad
1708 4610 1880 4664 talem
1940 4627 1992 4664 m

2248 4612 2371 4682 ξίιυν
2412 4617 2490 4683 τῷ
2523 4608 2634 4665 ὄντι
2669 4612 2864 4686 ψυχῶν
2896 4633 2906 4645 ·
2953 4609 3021 4666 δι’
3054 4613 3120 4679 ἤν
3167 4609 3342 4665 αἰτίαν
3394 4613 3483 4665 καί
3514 4611 3547 4676 ἡ
3579 4606 3786 4668 ἓλευσις
3818 4611 3852 4677 ἡ

391 4719 593 4759 suram
627 4704 956 4759 sanctitatis
988 4702 1316 4773 pertingere
1375 4717 1493 4766 eos,
1528 4702 1624 4771 qui
1657 4717 1786 4756 vere
1819 4701 1875 4754 in
1910 4701 1996 4772 ips

2246 4707 2306 4757 05
2339 4704 2574 4776 Χριστοῦ
2602 4704 2884 4777 γεγένηται
2920 4721 2931 4732 ·
2977 4701 3050 4762 είς
3080 4721 3180 4776 γνρ
3225 4706 3452 4756 τοιαῦτα
3488 4698 3651 4773 μέτρα
3701 4699 3849 4773 ἀγιὸ-

392 4793 663 4850 credunt.
2208 4813 2372 4862 τητος
2406 4792 2600 4871 φθάσαι
2631 4791 2756 4853 τοὺς
2785 4791 2866 4845 ἐπ’
2897 4790 3156 4861 ἀληθείας
3177 4790 3526 4850 πιστεύοντας
3552 4786 3848 4859 ηὐδόκησεν

2211 4885 2238 4937 ὁ
2270 4884 2420 4945 Θεός.

466 4966 633 5022 XXII.
669 4967 762 5035 Ea,
796 4969 868 5024 de
917 4986 1036 5040 qua
1083 4969 1307 5024 dictum
1339 4974 1446 5036 est,
1479 4969 1720 5040 Spiritus
1779 4969 2074 5025 irradiatio

2279 4979 2397 5030 KB'.
2434 4977 2495 5028 Ἠ
2545 4974 2792 5044 τοιαύτη,
2835 4994 2988 5050 φησι,
3036 4977 3132 5028 105
3182 4974 3496 5044 Πνεόματος
3551 4968 3847 5043 ἕλλαμψις,

392 5073 505 5113 non
539 5056 728 5112 solum
753 5058 1238 5114 intellectualium
1274 5076 1556 5114 sensuum
1591 5059 1861 5115 revelatio
1891 5064 2001 5122 est,

2239 5063 2313 5138 ὖχ
2345 5065 2458 5117 οἷον
2493 5071 2783 5136 νοημάτων
2820 5063 2979 5134 μόνον
3030 5061 3394 5135 ἀποκάλυψίς,
3437 5060 3550 5116 ἐατι
3599 5060 3691 5115 καὶ
3740 5081 3846 5135 φω-

391 5146 744 5202 illuminatio
801 5148 1036 5218 gratiae;
1069 5148 1167 5204 sed
1219 5149 1641 5218 substantialis,
1685 5162 1734 5204 et
1767 5149 2001 5204 BUbSlSU

2241 5153 2396 5224 ισμέις
2457 5153 2703 5226 χάριτος,
2761 5149 2942 5224 ὥσπερ
2998 5150 3230 5222 εἶ’ρηται,
3289 5148 3418 5205 ἄλλ’
3488 5151 3849 5204 ὑποστατικοῦ

397 5239 474 5294 tis
505 5235 647 5292 lucis
676 5235 774 5292 ina
791 5238 1064 5308 nimabus
1081 5239 1337 5294 emissio.
1362 5239 1504 5296 Nam
1531 5239 1711 5295 illud:
1741 5240 2005 5307 Quidixit

2244 5243 2379 5302 ωτὸς
2431 5239 2481 5295 ἐν
2531 5246 2650 5302 ταῖς
2691 5244 2896 5314 ψυχαῖς
2950 5236 3141 5313 βεϐαία
3186 5240 3273 5294 καὶ
3335 5238 3593 5308 διηνεκής
3645 5235 3854 5308 ἕλλαμ·

389 5331 628 5386 tenebris
686 5330 870 5386 lumen
926 5329 1312 5399 splendescere,
1352 5335 1466 5400 ipse
1506 5333 1701 5387 illuxit
1729 5336 1784 5386 in
1843 5334 1999 5388 cordi.

2247 5357 2312 5396 ις.
2361 5333 2430 5388 Τὸ
2477 5330 2622 5406 γάρ·
2683 5331 2860 5386 ΕῩπὼν
2915 5330 2974 5385 ἐκ
3029 5331 3255 5392 σκότους
3314 5331 3375 5385 τὸ
3425 5334 3539 5396 φῶς
3598 5329 3852 5401 λάμψαι,

382 5423 590 5477 nostris
618 5420 689 5477 ad
745 5421 1215 5478 illuminationem
1243 5425 1486 5477 scientiae
1534 5424 1818 5480 claritatis
1871 5423 1967 5480 Dei

2281 5418 2522 5495 ἔλαμψεν
2575 5419 2625 5474 ἐν
2685 5418 2930 5493 καρδίαις
2987 5423 3148 5493 ἡμῶν
3206 5421 3341 5494 πρὸς
3401 5418 3682 5497 φωτισμὸν
3754 5423 3855 5485 τῆς

385 5617 502 5750 19⁸⁸
534 5622 696 5677 Rom.
732 5638 853 5692 νιιι,
894 5624 985 5678 28.
1061 5623 1106 5658 ⁵⁸
1155 5619 1303 5679 Psal.
1376 5640 1566 5684 cxvrn,
1627 5623 1716 5679 61.
1792 5621 1908 5678 ⁶⁰ΙΙ
1943 5622 1995 5677 οι

2246 5623 2302 5680 7.
2379 5621 2426 5657 ⁶¹
2459 5623 2507 5678 ΙΙ
2551 5621 2677 5679 Cor.
2708 5637 2762 5692 ν,
2827 5620 2914 5676 12.
2989 5621 3035 5656 ⁶²
3069 5621 3212 5676 Ibid.
3250 5621 3335 5675 18.
3412 5619 3458 5654 ⁸³
3492 5618 3539 5674 ΙΙ
3595 5617 3725 5674 Cor.
3761 5633 3847 5686 ηπ,
