4076 6280
334 372 450 433 957

332 505 582 580 γνώσεως
635 506 734 570 τῆς
781 497 942 572 δόξης
999 502 1096 553 τοῦ
1155 499 1408 573 Χριστοῦ.
1471 501 1573 556 Καὶ
1617 502 1679 556 τὸ
1723 521 1734 533 ·

335 617 422 649 σον
477 594 603 654 τοὺς
678 589 999 667 ὀφθαλμούς
1084 610 1210 661 μου,
1270 592 1484 662 μήποτε
1579 591 1810 646 ὑπνώσω
1907 590 1982 655 εἷς

332 685 556 740 θάνατον
604 702 617 715 ·
661 684 936 738 τουτέστιν
979 701 991 713 ·
1059 678 1154 734 ’ίνα
1215 683 1290 753 μή
1352 681 1593 754 λυομένη
1647 690 1744 752 τῆς
1786 685 1981 758 σαρκὸς

332 776 366 842 ἡ
412 773 566 847 ψυχὴ
609 772 984 838 ἀποσκοτῆται
1042 774 1120 842 τῷ
1180 775 1278 824 τοῦ
1339 771 1568 825 Θανάτου
1627 779 1725 840 τῆς
1792 773 1982 833 κακίας

332 859 654 934 καλύμματι
716 882 728 894 ·
789 861 927 932 πρὸς
987 857 1043 914 δὲ
1099 860 1188 913 καὶ
1247 857 1363 914 τό·
1421 860 1797 934 Ἀποκάλυψον
1855 862 1982 922 τοὺς

333 950 655 1028 ὀφθαλμούς
719 971 822 1024 μου
897 948 996 1022 ἔτι,
1054 949 1144 1004 καί
1200 953 1522 1020 κατανοήσω
1589 951 1655 1005 τὰ
1713 950 1983 1024 θαυμάσια

332 1039 392 1095 ἐκ
444 1045 545 1095 τοῦ
607 1041 778 1113 νόμου
820 1061 914 1094 σου
972 1058 985 1072 °
1047 1039 1151 1095 Καὶ
1204 1040 1266 1094 τό
1321 1060 1333 1072 ·
1396 1039 1809 1109 Ἐξαπόστειλον
1870 1042 1982 1116 φῶς

335 1149 430 1184 σου
480 1132 570 1184 καὶ
626 1131 724 1198 τήν
785 1129 1042 1198 ἀλήθειάν
1108 1150 1202 1182 σου
1246 1134 1261 1160 ‘
1323 1131 1456 1183 αὑτά
1525 1151 1590 1202 με
1647 1127 1982 1202 ὁδηγήσουσι

333 1219 425 1274 καὶ
474 1218 688 1290 ἄξουσιν
747 1217 823 1282 εἷς
878 1218 1006 1292 ὅρος
1061 1219 1216 1294 ἅγιόν
1273 1240 1392 1287 σου,
1451 1219 1540 1274 καὶ
1599 1219 1674 1280 εἰς
1732 1218 1798 1272 τὰ
1855 1239 1982 1286 σκη-

333 1309 560 1383 νώματά
611 1330 705 1363 σου
740 1325 754 1342 ⁶
822 1307 969 1363 ἀλλὰ
1027 1311 1134 1382 μὴν
1195 1309 1283 1364 καὶ
1334 1311 1396 1366 τό
1430 1328 1443 1341 ’
1497 1309 1850 1383 Ἐσημειώθη
1902 1307 1982 1385 ἐφ’

332 1401 482 1472 ἡμᾶς
539 1399 600 1454 τὸ
653 1402 767 1475 φῶς
814 1401 912 1452 τοῦ
971 1400 1267 1473 προσώπου
1326 1420 1445 1469 σου,
1505 1397 1594 1452 καὶ
1649 1397 1718 1452 τὰ
1790 1394 1982 1463 λοιπὰ,

331 1489 430 1557 τήν
462 1489 629 1557 αὐτὴν
657 1485 985 1544 ἀκολουθίαν
1018 1493 1115 1544 τοῦ
1148 1493 1356 1544 σκοποῖ’)
1388 1488 1740 1563 παρίστησιν.

404 1583 521 1633 KI".
565 1577 660 1631 Καὶ
717 1583 798 1649 τῷ
852 1576 1102 1651 μακαρίῳ
1160 1576 1217 1632 δὲ
1264 1577 1464 1651 Παύλῳ
1495 1577 1626 1651 φησὶ
1675 1577 1738 1631 τὸ
1770 1572 1976 1647 ἐλλάμ·

333 1671 435 1740 ψαν
495 1665 545 1720 ἐν
577 1670 646 1740 τῇ
705 1663 817 1738 ὁδῷ
847 1672 982 1746 φῶς,
1017 1665 1084 1722 δι’
1145 1668 1207 1721 οὗ
1250 1668 1336 1722 καὶ
1393 1667 1468 1728 εἰς
1513 1668 1696 1741 τρίτον
1758 1663 1980 1737 οὐρανὸν

330 1755 514 1828 ἦρται,
581 1755 668 1810 καὶ
723 1757 1022 1828 μυστήριον
1087 1756 1381 1826 ἀλαλήτων
1441 1757 1715 1823 ἀκουστὴς
1775 1753 1981 1826 γίνεται

332 1845 392 1898 οὐ
434 1846 724 1914 νοημάτων
770 1865 854 1906 τις
911 1845 1002 1900 καὶ
1053 1845 1306 1918 γνώσεως
1347 1846 1632 1925 φωτισμὸς
1701 1843 1792 1912 ἦν,
1833 1841 1979 1897 ἀλλὰ

333 1930 613 2005 δυνάμεως
643 1938 740 1988 τοῦ
798 1935 1002 2010 ἀγαθοῦ
1062 1935 1376 2006 Πνεύματος
1424 1935 1545 1989 καθ’
1601 1934 1890 1988 ὑπόστασιν
1924 1928 1975 1985 ἒν

330 2025 397 2095 τῇ
430 2025 584 2101 ψυχῇ
618 2019 918 2097 ἕλλαμψις,
953 2023 1014 2078 οὗ
1039 2026 1138 2092 τήν
1183 2019 1499 2100 ὑπερϐολὴν
1529 2030 1628 2091 τῆς
1659 2020 1981 2095 λαμπρότη-

329 2131 423 2174 τος
461 2113 514 2164 oi.
551 2115 649 2177 τῆς
700 2111 896 2182 σαρκὸς
936 2109 1212 2190 ὀφθαλμοὶ
1270 2115 1345 2184 μὴ
1398 2110 1754 2185 διενεγκόντες
1791 2111 1982 2164 ἀπετυ-

334 2199 652 2276 φλώθησαν,
708 2198 778 2255 δι’
827 2199 889 2256 οὗ
945 2203 1089 2256 πᾶσά
1145 2223 1204 2256 τε
1259 2205 1454 2275 γνῶσις
1513 2200 1978 2268 ἀποκαλύπτεται,

331 2291 418 2344 καὶ
460 2290 596 2362 πρὸς
628 2289 885 2361 ἀληθειαν
930 2291 1058 2353 Θεὸς
1109 2295 1179 2365 τῇ
1211 2292 1332 2362 ἀξίᾳ
1369 2290 1458 2346 καὶ
1491 2289 1796 2366 φιλουμένῃ
1824 2291 1978 2362 ψυχῇ

331 2379 672 2452 γνωρίζεται.

405 2485 534 2544 ΚΔ’.
574 2489 720 2538 Πᾶσα
758 2486 912 2559 ψυχή
947 2482 1036 2539 Sta
1072 2482 1316 2550 σπουδῆς
1373 2485 1463 2539 καὶ
1504 2483 1738 2544 πίστεως
1797 2481 1980 2538 τέλεον

333 2569 650 2627 ἐνδύσασθαι
707 2575 796 2628 τὸν
839 2575 1070 2647 Χριστὸν
1129 2571 1366 2628 ἐντεῦθεν
1435 2573 1572 2628 κατὰ
1640 2570 1863 2643 δύναμίν
1925 2590 1984 2624 τε

331 2665 418 2716 καὶ
471 2661 852 2740 πληροφορίαν
910 2663 1140 2739 χάριτος
1190 2665 1602 2732 καταξιωθεῖσα,
1633 2661 1722 2715 καὶ
1761 2666 1841 2733 τῷ
1882 2661 1974 2715 ἐπ-

333 2751 570 2826 ουρανίῳ
625 2759 724 2821 τῆς
791 2752 1066 2828 ἀφθάρτου
1132 2754 1341 2816 εἰκόνος
1389 2753 1529 2827 φῶτί
1579 2751 1852 2818 ὲνωθεῖσα,
1884 2747 1980 2804 καὶ

331 2847 423 2897 νῦν
472 2843 567 2914 μὲν
620 2845 934 2916 μυστηρίων
1001 2844 1270 2919 οὐρανίων
1335 2847 1535 2919 γνῶσιν
1586 2838 1638 2894 ἒν
1689 2841 1976 2894 ὑποστᾶσει

337 2937 547 3004 μυεῖται
578 2933 788 2986 πάντων
823 2949 837 2963 ⁸
888 2931 938 2985 ἐν
1001 2929 1055 2986 δὲ
1105 2953 1169 3006 γε
1219 2935 1287 3005 τῇ
1341 2932 1561 3006 μεγάλῃ
1614 2932 1708 2998 τῆς
1760 2928 1983 2982 ἀναστά-

333 3040 465 3080 σεως
519 3021 702 3089 ἡμέρᾳ
755 3024 823 3092 τῇ
874 3021 1010 3092 αὖτῇ
1081 3020 1384 3094 ἐπουρανίῳ
1443 3026 1544 3088 τῆς
1610 3016 1768 3089 δόξης
1815 3016 1982 3070 εῗκόνι

331 3110 419 3162 καὶ
457 3111 519 3162 τὸ
553 3112 710 3180 σῶμα
741 3107 940 3177 ταύτης
996 3105 1324 3178 ἐνδοξασθέν,
1366 3109 1455 3161 καὶ
1492 3108 1598 3160 ὑπὸ
1645 3104 1981 3177 Πνεύματος,

331 3199 470 3252 κατα
524 3199 586 3251 τὸ
653 3198 1034 3272 γεγραμμένον
1114 3197 1191 3258 εἷς
1261 3195 1524 3268 οὐρανοὺς
1581 3195 1838 3266 ἁρπαγὶν,
1886 3193 1976 3246 καὶ

333 3288 654 3368 σύμμορφον
713 3290 955 3365 γενέσφαι
1013 3294 1092 3360 τῷ
1151 3288 1363 3360 σώματι
1419 3289 1518 3356 τὴς
1600 3284 1760 3354 δόξης·
1812 3284 1974 3339 αὐτού

333 3400 345 3410 .
600 3380 620 3410 λ
775 3378 787 3395 ε
865 3381 878 3396 κ
1181 3378 1191 3396 ι
1394 3377 1405 3396 ν
1755 3374 1769 3394 κ
1831 3372 1884 3390 η
1930 3374 1940 3390 ν

336 3381 651 3451 καταξιωθεν
702 3399 791 3432 και
820 3400 918 3448 την
979 3376 1254 3452 βασιλειαν
1314 3376 1531 3431 αἰώνιόν
1586 3396 1643 3428 τε
1682 3395 1771 3428 και
1821 3389 1977 3428 αοια-

333 3464 500 3542 δοχον
529 3468 616 3522 καὶ
655 3472 735 3540 τῷ
765 3471 990 3543 Χριστῷ
1022 3467 1328 3543 σύγκληρον
1367 3463 1495 3536 ἕξει.

401 3649 521 3703 ΚΕ’.
565 3647 792 3701 Ὁπόσον
843 3667 923 3708 τις
967 3644 1077 3716 ἰδίᾳ
1125 3642 1336 3718 σπουδῇ
1390 3645 1479 3698 καὶ
1511 3644 1686 3698 πίστει
1727 3640 1975 3713 Πνεύμα-

326 3757 416 3798 τος
477 3737 633 3810 ἁγίου
692 3735 851 3806 δόξης
919 3736 1308 3805 κεκοινώνηκεν
1350 3734 1626 3808 οὐρανίου,
1687 3727 1867 3807 ἔργοις
1918 3751 1976 3786 τε

328 3825 548 3900 ἀγαθοῖς
600 3828 698 3896 την
757 3828 943 3902 ψυχὴν
1012 3823 1360 3896 διεκόσμησε,
1426 3826 1686 3878 τοσοῦτον
1765 3819 1976 3888 ἐκείνης

327 3921 427 3980 τῆς
465 3912 674 3987 ἡμέρας
708 3913 853 3982 ἄξιον
893 3913 1056 3967 αὐτοῦ
1088 3915 1370 3987 γενήσεται
1411 3911 1499 3964 καὶ
1538 3911 1600 3964 τὸ
1643 3913 1801 3978 σῶμα
1849 3928 1974 3960 συν-

329 3997 670 4069 δοξασθῆναι.
728 4002 797 4056 "0
884 4001 983 4076 γάρ
1046 4021 1128 4060 τις
1187 3995 1335 4052 ἔνδον
1407 3995 1800 4068 ἀπεθησαύρισε
1857 3998 1971 4058 νῦν,

323 4093 482 4142 τοῦτο
505 4088 744 4160 πρόεισιν
778 4085 878 4157 ἔξω
908 4088 1030 4142 τότε
1063 4107 1075 4119 ·
1117 4089 1356 4159 καθάπερ
1384 4087 1410 4138 ὁ
1460 4082 1590 4138 εἶ’σω
1646 4087 1753 4137 τῶν
1793 4081 1969 4150 ξύλων

323 4179 374 4232 ἐν
428 4183 666 4253 χειμῶνι
715 4179 944 4250 καρπὸς,
1004 4174 1103 4248 ἔξω
1160 4178 1296 4253 κατα
1361 4175 1452 4229 τὸν
1532 4171 1690 4248 ἔαρος
1781 4170 1970 4244 καιρὸν

317 4269 518 4342 γίνεται
561 4289 573 4300 ο
621 4265 800 4339 ὥσπερ
835 4265 900 4335 δὴ
945 4267 1033 4321 καὶ
1083 4267 1346 4341 πρότερον
1407 4262 1687 4334 ἐδηλώθη.
1721 4265 1834 4316 Τὼν
1869 4259 1969 4332 μὶν

319 4356 411 4412 οὖν
445 4358 607 4433 ἁγίων
637 4359 670 4426 ἡ
717 4354 960 4424 θεοειδὴς
1001 4360 1096 4410 τοῦ
1157 4355 1470 4426 Πνεύματος
1528 4353 1686 4408 εἰκὼν
1736 4349 1970 4404 ἀπὸτοῦ

317 4453 409 4504 τῦν
441 4445 589 4504 ἔνδον
634 4446 812 4519 ὥσπερ
861 4444 1242 4512 ἓντυπωθεῖσα,
1274 4445 1362 4499 καὶ
1406 4444 1468 4498 τὸ
1522 4447 1680 4514 σῶμα
1740 4435 1971 4498 Θεοειδὲς

315 4539 415 4607 ἔξω
468 4537 557 4591 καὶ
615 4535 869 4610 ούρανιον
929 4533 1285 4610 ἀπεργάσεται
1332 4555 1343 4566 ·
1403 4536 1507 4586 τῶν
1563 4525 1822 4606 βεϐήλων
1911 4524 1971 4580 δὲ

317 4629 403 4681 καὶ
450 4624 794 4698 ἁμαρτωλῶν
849 4627 911 4680 τὸ
967 4629 1063 4680 τοῦ
1119 4626 1388 4697 κοσμικοῦ

316 4714 509 4785 λυμμα
565 4708 859 4786 περιϐαλὸν
915 4715 1014 4782 τήν
1075 4715 1282 4787 ψυχὴν,
1339 4713 1429 4766 καὶ
1485 4714 1552 4784 τῇ
1602 4713 1708 4763 τῶν
1769 4707 1952 4761 παθῶν

316 4800 584 4875 εἶ’δεχθείᾳ
605 4802 896 4869 σκοτεινὸν,
928 4800 986 4856 οἷ’
1016 4823 1131 4874 μοι,
1154 4803 1246 4856 τὸν
1275 4799 1399 4854 νοῦν
1429 4799 1517 4853 καὶ
1549 4800 1840 4872 ἀσχήμονα
1868 4815 1959 4850 κα-

313 4897 602 4958 ταστῆσαν,
637 4891 907 4944 σκοτεινὸν
951 4891 1063 4962 ἅμα
1111 4890 1199 4943 καὶ
1257 4895 1317 4944 τὸ
1360 4893 1538 4960 σῶμα,
1608 4888 1696 4942 καὶ
1761 4883 1950 4960 αἰσχύ·

315 5001 412 5051 νης
445 4974 668 5051 ἔμπλεω
707 4980 883 5049 πάσης
912 4973 1099 5048 ἔξωθεν
1133 4976 1490 5048 ἀποδείξεται.

386 5247 528 5324 κς.
559 5250 762 5320 Ὥσπερ
823 5247 956 5302 κατὰ
1011 5248 1109 5316 τὴν
1169 5242 1596 5320 παράϐασιντοῦ
1651 5243 1826 5318 Ἀδὰμ
1858 5245 1952 5298 θα-

311 5362 466 5396 νατον
496 5338 659 5394 αὐτοῦ
708 5335 1225 5414 καταψηφισαμένης
1268 5343 1366 5404 τῆς
1421 5340 1518 5390 τοῦ
1571 5339 1706 5390 Θεοῦ
1749 5334 1957 5410 ἀγαθό-

309 5450 498 5499 τητος,
535 5434 694 5484 τοῦτο
751 5431 967 5500 πρῶτον
1031 5427 1123 5498 μὲν
1163 5423 1360 5496 ὑπέστη
1412 5425 1548 5478 κατα
1594 5425 1800 5498 ψυχήν,
1848 5429 1955 5480 τῶν

307 5523 505 5592 νοερῶν
533 5518 699 5586 αὐτῆς
746 5515 1113 5592 αἶ’σθητηρίων
1143 5519 1212 5590 τῇ
1267 5515 1515 5588 στερήσει
1565 5519 1666 5581 τῆς
1716 5512 1952 5589 ἐπουρα-

385 5627 434 5664 ⁶⁶
466 5630 512 5684 ΙΙ
550 5629 658 5685 Cor
707 5646 782 5699 ιν,
829 5631 884 5684 6.
961 5629 1006 5665 ⁸⁸
1057 5627 1202 5683 Psal.
1239 5642 1334 5694 xu,
1381 5626 1432 5699 4.

1422 369 1651 430 LIBER
1695 371 1798 430 DE
1840 367 2285 430 LIBEBTATE
2329 368 2648 430 MENTIS.

1789 502 1978 556 Φώτι-
2011 509 2056 574 Α
2088 506 2229 574 facie
2269 503 2475 558 Christi
2522 504 2650 560 Jesu
2691 501 2760 557 ⁶⁴.
2795 503 2862 559 Et
2893 504 3075 562 illud:
3105 507 3368 562 litamina
3395 511 3581 566 oculos
3610 529 3790 578 meos;

2013 3250 2062 3317 C

1509 5623 1556 5699 ξφ
1593 5625 1753 5699 Ρεοιν.
1801 5641 1996 5696 cxvm,
2048 5627 2134 5682 18.
2209 5624 2258 5660 ⁸⁷
2315 5626 2464 5684 Psal.
2522 5644 2644 5699 xm,
2692 5631 2744 5684 3.

3673 380 3792 439 9'58

2091 611 2158 648 ne
2185 611 2427 665 unquam
2465 594 2804 648 obdormiam
2836 596 2891 649 in
2940 602 3112 651 morte
3150 595 3215 650 ⁸⁵.
3251 597 3365 653 Hoc
3397 605 3509 664 est,
3555 618 3625 656 ne
3656 618 3788 657 cum

2092 682 2346 738 solvetur
2393 698 2564 737 carne
2603 684 2820 748 anima,
2853 685 3266 740 obtenebretur
3308 689 3508 744 mortis
3557 691 3789 746 malitia

2091 773 2238 827 velo.
2292 771 2437 826 Illud
2490 784 2780 843 praeterea.
2825 775 3017 829 Revela
3066 776 3253 831 oculos
3301 794 3464 846 meos,
3508 787 3564 834 et
3609 784 3792 836 consi-

2090 862 2287 917 derabo
2337 861 2625 916 mirabilia
2683 863 2747 917 de
2813 863 2926 933 tege
2977 867 3074 918 tua
3138 864 3204 918 °°.
3282 866 3427 921 Illud
3496 885 3725 940 quoque
3776 888 3789 926 :

2090 953 2292 1006 Emitte
2327 951 2504 1006 lucem
2543 957 2693 1006 tuam
2732 959 2784 1007 et
2818 955 3100 1008 veritatem
3129 962 3276 1009 tuam
3308 973 3326 1008 :
3359 957 3477 1023 ipsa
3515 975 3600 1013 me
3629 960 3794 1015 dedu-

2091 1048 2212 1095 cent
2246 1046 2295 1096 et
2335 1041 2610 1096 adducent
2652 1044 2712 1096 in
2766 1049 3006 1096 montem
3060 1051 3311 1098 sanctum
3361 1049 3521 1100 tuum
3550 1054 3684 1102 etin
3714 1053 3797 1106 ta-

2094 1131 2391 1184 bernacula
2441 1135 2536 1185 tua
2575 1131 2638 1184 ⁸⁷.
2692 1130 2805 1185 Sed
2855 1138 2910 1186 et
2941 1131 3078 1186 illud
3123 1133 3293 1187 etiam
3331 1151 3343 1186 :
3377 1134 3674 1203 Signatum
3714 1145 3794 1193 est

2091 1235 2256 1290 super
2286 1236 2380 1275 nos
2418 1221 2608 1275 lumen
2654 1221 2835 1275 uultus
2868 1219 2973 1288 tui,
3027 1223 3254 1277 Domine
3283 1221 3349 1276 ⁸⁸.
3385 1224 3452 1278 Et
3481 1226 3706 1298 reliqua
3735 1229 3792 1283 in

2094 1324 2269 1362 unam
2303 1310 2685 1380 eamdemque
2733 1326 2910 1380 quam
2947 1309 3222 1380 proposui
3272 1312 3619 1369 sententiam
3654 1331 3796 1371 con-

2095 1398 2342 1469 spirant.

2163 1578 2315 1634 2I8
2358 1578 2557 1633 XXIII.
2613 1578 2717 1635 Illa
2764 1579 2903 1634 item
2965 1596 3096 1652 quae
3136 1581 3303 1638 beato
3354 1583 3531 1639 Paulo
3560 1587 3791 1642 circum-

2088 1669 2304 1736 fulsisse
2331 1669 2432 1722 tua:
2459 1666 2508 1702 σθ
2555 1669 2765 1724 dicitur
2797 1671 2856 1725 in
2892 1669 3000 1737 via,
3039 1688 3138 1738 per
3168 1688 3344 1742 quam
3377 1678 3434 1728 et
3467 1674 3523 1728 in
3560 1675 3792 1732 tertium

2090 1759 2300 1812 ccelum
2339 1760 2598 1812 elevatus
2636 1763 2726 1813 est
2761 1757 2829 1825 7°,
2876 1764 2932 1813 et
2964 1763 3372 1830 mysteriorum
3413 1763 3793 1822 inetfabilium

2091 1847 2323 1900 auditor
2363 1849 2570 1911 factus,
2613 1863 2726 1902 non
2760 1847 3248 1902 intellectualium
3298 1865 3580 1906 sensuum
3613 1857 3670 1907 et
3701 1869 3796 1908 c0-

2090 1936 2372 2004 gnitionis
2405 1936 2752 1991 illuminatio
2784 1944 2937 2002 erat;
2972 1939 3072 1991 sed
3105 1939 3332 1991 virtutis
3373 1939 3508 1993 boni
3541 1941 3794 2010 Spiritus

2091 2023 2151 2077 in
2217 2026 2549 2080 substantia
2613 2025 2671 2079 in
2728 2028 2926 2080 anima
2991 2027 3140 2080 facta
3201 2025 3503 2082 irradiatio
3554 2043 3568 2082 :
3622 2029 3794 2098 cujus

2091 2127 2392 2168 excessum
2443 2114 2772 2184 splendoris
2822 2132 2936 2170 non
2971 2115 3220 2170 ferentes
3253 2115 3445 2169 carnis
3477 2114 3651 2185 oculi,
3704 2134 3793 2173 ex-

2091 2204 2284 2257 caecati
2317 2210 2484 2271 sunt;
2521 2221 2620 2275 per
2676 2222 2847 2276 quam
2897 2211 2954 2260 et
2987 2206 3179 2260 omnis
3212 2206 3452 2261 scientia
3483 2208 3791 2274 revelatur,

2091 2298 2147 2348 et
2175 2295 2246 2349 ad
2281 2296 2577 2351 veritatem
2619 2302 2776 2352 Deus
2825 2296 3014 2366 dignas
3061 2302 3116 2352 et
3146 2303 3352 2352 amatas
3386 2297 3592 2352 animae
3624 2298 3795 2353 inno-

2090 2385 2275 2438 tescit.

2163 2472 2365 2528 XXIV.
2396 2473 2600 2529 Omnis
2651 2474 2866 2540 anima,
2921 2491 3050 2546 quae
3087 2491 3185 2546 per
3222 2475 3487 2531 studium
3518 2479 3574 2530 et
3617 2475 3793 2531 {idem

2093 2564 2404 2630 perfectam
2441 2562 2500 2616 in
2550 2562 2760 2618 virtute
2806 2569 2862 2618 et
2933 2565 3104 2633 plena
3171 2564 3522 2619 certitudine
3571 2564 3791 2635 gratiae,

2093 2649 2270 2720 digna
2323 2652 2471 2706 facta
2512 2657 2602 2707 est
2644 2669 2771 2722 qua
2821 2651 3117 2706 Christum
3159 2652 3425 2706 indueret
3463 2653 3587 2722 jam
3632 2653 3790 2721 hinc,

2091 2743 2148 2792 et
2178 2741 2574 2810 superccslesti
2617 2741 3087 2809 incorruptibiles
3119 2741 3394 2812 imaginis
3435 2741 3549 2796 luci
3601 2741 3791 2798 unirc-

2097 2834 2214 2896 tur;
2245 2846 2312 2883 ea
2352 2847 2507 2884 nunc
2538 2832 2771 2900 quidem
2814 2831 3141 2901 cognitione
3197 2831 3522 2886 cmlestium
3576 2836 3792 2903 myste-

2093 2917 2312 2973 riorum
2360 2919 2417 2974 in
2487 2923 2836 2980 substantia.
2880 2928 2936 2974 et
2991 2930 3156 2989 prout
3205 2925 3365 2988 sunt,
3429 2921 3787 2990 impertitur;

2092 3007 2150 3061 in
2199 3025 2407 3072 magna
2441 3025 2570 3063 vero
2636 3010 3078 3064 resurrectionis
3127 3010 3239 3074 die,
3289 3011 3489 3063 eadem
3539 3009 3641 3064 illa
3691 3027 3790 3064 su-

2094 3097 2444 3166 perccelestis
2477 3099 2762 3152 claritatis
2815 3099 3069 3167 imagine
3100 3114 3309 3167 corpus
3343 3113 3576 3168 quoque
3605 3098 3790 3166 ipsius

2092 3185 2498 3253 glorilicatum,
2545 3192 2602 3240 et
2631 3204 2664 3242 a
2711 3187 2954 3257 Spiritu,
3005 3188 3155 3240 sicut
3202 3187 3483 3256 scriptum
3514 3191 3603 3241 est
3630 3185 3697 3253 τί,
3731 3188 3790 3242 in

2095 3273 2270 3329 cmlos
2321 3285 2584 3342 raptum:
2640 3282 2696 3331 et
2735 3282 2896 3330 tanta
2943 3275 3278 3344 dignatione
3327 3276 3696 3343 honoratum,
3733 3280 3792 3331 ut

2085 3365 2481 3435 conﬁguretur
2529 3366 2752 3434 corpori
2804 3365 3061 3420 claritate
3112 3366 3262 3435 ejus,
3333 3381 3579 3436 regnum
3629 3377 3793 3420 aeter-

2086 3471 2226 3510 num
2294 3455 2701 3511 vicissitudine
2763 3457 3200 3511 successionum
3258 3471 3484 3523 carens,
3560 3454 3788 3512 Christo

2083 3544 2194 3616 ipsi
2227 3543 2446 3613 collega
2473 3550 2529 3599 et
2558 3561 2763 3600 consor
2804 3544 3038 3599 habebit
3068 3543 3134 3597 ’¹².

2154 3641 2319 3699 XXV.
2412 3644 2702 3708 Quantum
2754 3643 2884 3712 quis
2934 3643 3157 3714 proprio
3198 3643 3390 3698 studio
3455 3646 3512 3698 et
3559 3642 3671 3698 ﬁde
3719 3642 3788 3698 de

2083 3733 2302 3789 caelesti
2391 3733 2654 3789 claritate
2741 3732 2993 3802 Spiritus
3075 3733 3263 3786 sancti
3333 3730 3785 3803 participaverit,

2082 3825 2454 3893 animamque
2483 3824 2654 3877 bonis
2683 3823 2961 3891 operibus
2989 3821 3316 3887 ornaverit;
3353 3826 3510 3874 tanto
3543 3821 3784 3890 dignius

2082 3914 2296 3967 efﬁciet
2361 3928 2571 3979 corpus
2629 3926 2800 3964 suum
2863 3909 3300 3979 gloriﬁcatione,
3362 3924 3494 3977 quae
3563 3908 3643 3961 illi
3723 3908 3784 3962 in

2083 4001 2244 4054 illam
2284 3997 2731 4054 resurrectionis
2802 3998 2956 4051 diem
3010 4002 3355 4052 reservatur.
3405 3997 3565 4061 Quod
3627 3997 3782 4052 enim

2082 4091 2329 4158 quisque
2367 4088 2524 4141 intus
2591 4101 2745 4140 nunc
2811 4085 3091 4152 condidit,
3142 4091 3284 4140 tunc
3320 4084 3572 4154 prodibit
3628 4089 3782 4141 exte-

2081 4178 2236 4244 rius;
2286 4177 2780 4246 quemadmodum
2837 4190 2962 4245 qua
3014 4191 3114 4245 per
3165 4174 3400 4228 hiemen
3431 4172 3490 4228 in
3522 4173 3652 4228 sinu
3687 4189 3782 4228 ar-

2082 4267 2287 4321 borum
2336 4268 2478 4319 latet
2523 4264 2610 4320 vis
2657 4264 2990 4334 generativa
3041 4265 3366 4328 fructuum,
3425 4277 3602 4317 verna
3651 4268 3784 4316 tem-

2082 4356 2238 4426 perie
2277 4371 2335 4409 se
2385 4355 2541 4409 foras
2588 4353 2827 4419 exserit;
2890 4358 2953 4406 ut
2994 4357 3052 4407 et
3097 4353 3563 4406 demonstratum
3615 4366 3784 4421 supe-

2080 4445 2206 4498 rius
2237 4448 2338 4498 est.
2390 4443 2679 4512 Impressa
2723 4457 2861 4511 ergo
2913 4441 3202 4496 mentibus
3271 4450 3605 4496 sanctorum
3656 4440 3786 4494 dei-

2081 4532 2281 4587 formis
2323 4532 2513 4602 imago
2551 4531 2824 4600 Spiritus,
2881 4547 3009 4601 qua
3063 4531 3120 4586 in
3155 4533 3386 4588 occulto
3436 4547 3592 4586 nunc
3625 4531 3780 4598 latet,

1477 4619 1786 4693 [Ινεύματος
1857 4616 1957 4669 κα-

2152 4640 2278 4692 rpus
2324 4637 2552 4694 quoque
2605 4621 2800 4678 divina
2867 4623 3059 4694 specie
3125 4623 3351 4690 induet,
3419 4626 3475 4677 et
3547 4621 3781 4676 caeleste

2068 4713 2316 4780 efﬁciet;
2379 4711 2756 4783 profanorum
2832 4729 2963 4768 vero
3032 4729 3099 4767 ac
3166 4712 3567 4780 scelestarum,
3623 4711 3777 4782 quod

2068 4819 2223 4859 nunc
2279 4801 2559 4857 mundani
2626 4802 2867 4872 spiritus
2936 4802 3198 4858 velamen
3275 4799 3772 4862 circuminvolvit,

2065 4891 2350 4947 deformes
2413 4889 2790 4962 stigmatibus
2831 4879 3168 4952 criminum,
3238 4895 3611 4961 mentesque,
3660 4889 3774 4945 heu

2067 4979 2197 5036 me!
2249 4981 2534 5051 ipsorum,
2601 4984 2938 5036 tenebrosas
3004 4987 3060 5036 et
3117 4981 3301 5036 fcedas
3371 4979 3586 5049 reddit,
3634 4983 3776 5036 tunc

2065 5070 2236 5126 etiam
2264 5086 2503 5141 corpora
2537 5070 2856 5136 maculosa,
2891 5071 2950 5126 in
3009 5087 3310 5126 summum
3365 5070 3558 5141 palam
3596 5070 3775 5126 dede-

2065 5174 2168 5214 cus
2190 5161 2456 5214 omnium
2488 5159 2670 5214 oculis
2701 5160 2990 5216 ostendet.

2131 5248 2323 5304 XXVI.
2357 5250 2857 5312 Quemadmodum
2899 5254 3026 5320 post
3049 5252 3582 5316 transgressionem
3620 5249 3770 5303 Ada-

2065 5341 2167 5404 mi,
2211 5342 2324 5392 lata
2381 5339 2438 5392 in
2470 5355 2603 5394 eum
2651 5341 2936 5394 sententia
2980 5340 3181 5394 mortis
3209 5341 3373 5410 justo
3430 5339 3527 5395 Dei
3561 5337 3771 5406 optimi

2058 5428 2298 5499 judicio,
2342 5429 2595 5498 primum
2638 5432 2995 5486 exsecutioni
3047 5431 3319 5487 mandata
3375 5434 3465 5484 est
3518 5428 3574 5482 in
3629 5430 3760 5496 ejus

2064 5518 2281 5585 anima,
2313 5533 2442 5573 vere
2473 5534 2572 5589 per
2637 5526 2938 5590 peccatum
2980 5521 3105 5590 jam
3139 5523 3260 5574 tum
3294 5520 3551 5584 mortua,
3588 5515 3770 5572 intel-

2821 5629 2866 5665 ⁸⁸
2899 5629 3052 5686 Psal.
3086 5644 3159 5695 ιν,
3201 5631 3256 5682 7.
3333 5626 3380 5662 ‘°
3425 5627 3533 5683 Act
3585 5643 3665 5695 IX,
3707 5626 3767 5682 3.

315 5701 442 5760 7°11
477 5700 604 5759 Cor.
636 5717 735 5770 xu,
757 5695 813 5759 2.
889 5701 932 5738 ⁷³
969 5700 1212 5758 IThess.
1237 5715 1315 5769 vr,
1351 5698 1438 5754 16.
1514 5695 1561 5732 ⁷³
1592 5696 1841 5773 Philipp.
1880 5695 2090 5770 111,721.
