4076 6280
357 353 474 411 959

360 581 416 632 et
448 571 773 644 spiritualis
826 569 1045 640 gratiis,
1095 565 1417 631 exstinctis,
1467 567 1524 618 et
1568 565 1639 618 ad
1691 568 2054 619 mortuorum

360 665 813 723 similitudinem
858 659 1145 714 redactis:
1200 655 1488 727 posterius
1536 670 1670 709 vero
1718 656 1788 709 ad
1849 671 2058 724 corpus

366 771 600 829 quoque
644 768 804 806 mors
850 747 1126 821 pervenit,
1175 744 1417 815 expletis
1446 743 1725 798 trahendo
1759 748 2058 800 mortalem

359 849 538 903 vitam
572 843 739 897 annis
789 839 1029 910 triginta
1083 852 1260 905 supra
1292 845 1613 904 nongentos
1643 851 1656 887 :
1690 834 1773 888 sic
1803 843 1855 888 et
1905 850 2059 890 nunc

363 954 462 1010 per
504 947 733 991 crucem
772 935 830 985 et
887 933 1127 982 mortem
1179 923 1492 979 Salvatoris
1539 922 1794 977 humano
1860 922 2055 993 generi

363 1022 767 1082 reconciliatus
816 1017 991 1084 Deus,
1045 1014 1300 1070 restituit
1344 1028 1477 1067 vere
1541 1013 1870 1067 credentem
1929 1011 2058 1066 ani-

359 1132 511 1172 mam
562 1112 756 1168 adhuc
805 1106 964 1164 carni
1016 1106 1336 1160 devinctam
1382 1103 1442 1156 in
1488 1102 1819 1157 fruitionem
1873 1099 2055 1172 spiri-

356 1205 601 1262 tualium
651 1201 946 1256 luminum
997 1204 1050 1251 et
1081 1192 1513 1265 mysteriorum,
1547 1200 1600 1246 et
1642 1190 2056 1246 intellectuales

357 1298 486 1367 ejus
538 1307 748 1350 sensus
787 1289 986 1344 divina
1051 1285 1179 1340 luce
1244 1285 1439 1354 gratiae
1508 1282 1766 1337 oculatos
1823 1281 2045 1349 reddit;

357 1388 605 1454 denique
653 1383 848 1451 ipsum
892 1377 1067 1430 etiam
1131 1389 1340 1442 corpus
1402 1371 1713 1426 immortali
1757 1375 1815 1426 et
1862 1371 2054 1426 incor-

354 1469 610 1542 ruptibili
641 1463 1072 1522 circumvestiet
1101 1459 1378 1514 claritate.

423 1558 644 1614 XXVII.
674 1554 781 1619 Qui
809 1569 871 1608 se
919 1553 991 1605 ab
1031 1549 1139 1605 hoc
1171 1549 1387 1603 mundo
1419 1547 1620 1617 procul
1663 1551 1884 1613 tenent,
1916 1564 2050 1602 san-

354 1655 444 1707 cte
490 1653 548 1705 et
615 1663 683 1702 ex
747 1645 1029 1699 virtutum
1096 1637 1445 1710 praescriptis
1509 1638 1819 1705 viventes;
1861 1638 2052 1692 adhuc

353 1746 548 1797 tamen
615 1735 938 1791 velamento
1007 1727 1479 1801 pertubationum
1544 1727 1890 1792 inumbrati;
1958 1727 2049 1781 cui

1709 337 1769 396 S.
1818 338 2150 402 MACARII
2196 344 2540 408 IEGYPTII

364 482 706 542 lectualibus
761 481 888 550 ejus
928 476 1219 540 sensibus,
1253 489 1350 544 per
1382 471 1763 544 privationem
1808 472 2058 530 caelestis
2089 480 2140 544 Α
2172 476 2286 531 νίου
2371 480 2460 534 καὶ

3700 364 3819 423 960

2541 494 2913 557 πνευματικῆς
2989 491 3344 555 ἀπολαύσεως
3430 491 3821 564 ἆπεσϐηκότων

2171 566 2340 638 αὐτῷ,
2373 569 2462 624 καὶ
2510 578 2712 646 νεκρῶν
2770 577 2951 651 ὥσπερ
3007 580 3379 654 γεγενημένων
3413 599 3426 613 ⁸
3487 581 3709 656 ὕστερον
3765 578 3820 636 δὲ

2169 657 2443 713 καὶὸτοῦ
2495 664 2749 733 σώματος
2806 667 3033 731 θάνατος
3091 670 3226 740 μετά
3283 691 3346 745 γε
3399 673 3688 745 τριάκοντα
3720 669 3815 743 ἔτη

2167 747 2304 817 πρὸς
2361 754 2476 810 τοῖς
2531 749 2884 815 ἐννεακοσίοις
2943 754 3218 831 ἐπεγένετο
3280 777 3294 792 ·
3344 757 3486 814 οὓτω
3559 764 3651 812 νῦν
3730 758 3821 815 διὰ

2169 842 2400 909 σταυροῦ
2445 838 2532 892 καὶ
2583 842 2812 896 θανάτου
2856 849 2952 898 τοῦ
3005 847 3264 918 Σωτῆρος
3315 850 3382 919 τῇ
3435 848 3819 921 ἁνθρωπότητι

2168 922 2530 998 καταλλαγεῖς
2589 929 2616 981 ὁ
2668 931 2818 998 Θεὸς,
2866 931 3261 1004 ἀποκαθίστησι
3309 937 3406 1002 τὴν
3459 936 3815 991 πιστεύσασαν

2167 1014 2217 1068 ἐν
2277 1013 2504 1089 ἀληθείᾳ
2535 1020 2720 1092 ψυχήν
2771 1016 2847 1074 ἔτι
2909 1021 2960 1076 ἐν
3022 1023 3177 1096 σαρκὶ
3212 1022 3374 1078 οὖσαν
3407 1026 3482 1086 εἰς
3537 1027 3638 1094 τήν
3706 1031 3814 1081 τῶν

2168 1106 2429 1176 οὐρανίων
2483 1109 2676 1184 φώτων
2731 1111 2820 1164 καὶ
2874 1113 3188 1187 μυστηρίων
3253 1115 3579 1188 ἀπόλαυσιν,
3619 1119 3709 1171 καί
3751 1119 3817 1172 τὰ

2165 1196 2324 1268 νοερᾶ
2363 1197 2532 1266 αὐτῆς
2585 1198 2913 1275 αἰσθητήρια
2968 1207 3048 1274 τῷ
3104 1204 3235 1276 θείῳ
3292 1202 3457 1260 πάλιν
3519 1205 3657 1283 φωτὶ
3714 1211 3816 1280 τῇς

2166 1286 2395 1359 χάριτος
2435 1286 2715 1360 ὀμματοῖ·
2751 1289 2968 1365 ὕστερον
3014 1289 3070 1346 δὲ
3116 1293 3203 1347 καὶ
3267 1293 3413 1364 αὐτῷ
3461 1296 3540 1367 τῷ
3601 1297 3815 1369 σώματι

2166 1375 2424 1430 ἀθάνατόν
2462 1397 2518 1430 τε
2557 1378 2646 1432 καὶ
2687 1376 2952 1455 ἄφθαρτον
2997 1377 3288 1456 περιϐαλεῖ
3327 1379 3500 1452 δόξαν.

2240 1557 2351 1608 κζ’.
2387 1556 2449 1608 Oi
2482 1561 2577 1609 τοῦ
2626 1556 2835 1631 κόσμου
2888 1557 3046 1614 τοῦδε
3105 1561 3314 1635 μακρὰν
3367 1561 3674 1638 γενόμενοι,
3723 1567 3813 1619 καὶ

2163 1647 2374 1716 σεμνῶς
2417 1645 2509 1716 μὲν
2563 1645 2653 1700 καὶ
2712 1644 3019 1725 φιλαρέτως
3083 1649 3549 1723 πολιτευόμενοι*
3608 1649 3685 1706 ἔτι
3757 1652 3815 1708 δὲ

2161 1731 2482 1805 καλύμματι
2517 1739 2623 1789 τῶν
2669 1739 2852 1790 παθῶν
2907 1737 3277 1810 ὑποκείμενοι,
3309 1741 3384 1802 ὡς
3430 1738 3518 1794 διὰ
3565 1744 3662 1810 τῆς
3713 1748 3813 1797 τοῦ

349 1828 611 1895 miserias,
644 1827 882 1896 propter
929 1817 1379 1876 inobedientiam
1429 1817 1762 1887 protoplasti
1815 1815 2040 1871 obnoxii

2161 1822 2594 1894 πρωτοπλάστου
2645 1833 2928 1900 παρακοῆς
2979 1825 3161 1901 ἔνοχοι
3207 1828 3541 1903 κατέστημεν
3590 1830 3811 1899 πάντες,

349 1935 553 1977 omnes
620 1930 850 1979 sumus,
902 1909 1144 1975 carnali,
1212 1909 1474 1978 inquam,
1542 1906 1790 1976 subjecti
1831 1906 2046 1972 sensui,

349 2025 520 2082 quem
560 2001 874 2076 Apostolus
917 2003 1149 2053 mortem
1198 1997 1401 2051 merito
1447 1994 1697 2065 appellat
1744 1995 1824 2062 73;
1881 1994 1936 2048 hi
1970 1994 2046 2050 si-

350 2100 518 2155 miles
582 2098 720 2150 sunt
784 2089 1127 2145 hominibus
1185 2091 1357 2141 noctu
1423 2085 1532 2138 iter
1600 2084 1930 2154 agentibus,
1977 2085 2045 2137 ad

351 2188 540 2244 lucem
575 2191 888 2247 astrorum,
941 2194 1063 2248 quas
1097 2180 1232 2230 sunt
1273 2173 1372 2227 Dei
1427 2179 1729 2243 praecepta.
1777 2172 2043 2235 Quandiu

346 2281 504 2336 enim
555 2275 813 2330 nondum
885 2269 1131 2340 perfecte
1193 2265 1419 2321 liberati
1482 2282 1516 2319 a
1582 2265 1841 2320 tenebris
1891 2270 2044 2333 sunt,

348 2371 502 2426 clare
531 2366 729 2422 omnia
766 2362 1091 2434 perspicere
1125 2375 1238 2413 non
1271 2361 1540 2428 possunt.
1573 2355 1795 2421 Quibus
1826 2360 1880 2412 et
1909 2373 2043 2411 con-

349 2459 526 2524 venit,
587 2455 782 2509 labore
851 2467 914 2505 ac
982 2450 1116 2514 ﬁde,
1184 2446 1383 2502 virtuti
1445 2446 1819 2511 attendendo,
1882 2462 2045 2500 orare

344 2547 642 2600 Christum
693 2538 854 2595 2‘I9
905 2537 1086 2591 solem
1119 2535 1384 2604 justitite,
1438 2539 1502 2588 ut
1544 2533 1836 2588 illuminat
1876 2532 2047 2587 corda

346 2635 636 2705 ipsorum,
700 2645 814 2700 quo
883 2627 1106 2697 possint
1164 2630 1362 2679 exacte
1447 2624 1743 2693 pervidere
1819 2630 2043 2691 cuneta,

347 2729 403 2780 et
450 2721 848 2794 spiritualium
891 2715 1214 2770 bestiarum
1263 2713 1561 2767 incursum
1593 2712 1652 2767 in
1687 2727 1791 2766 nos
1821 2712 2044 2766 varium

346 2818 520 2884 atque
577 2806 956 2878 multiplicem
1003 2821 1017 2872 ;
1063 2808 1118 2857 et
1165 2800 1618 2870 incorruptibilis
1670 2801 1872 2855 mundi
1920 2801 2048 2871 pul-

346 2900 706 2958 chritudines
761 2911 1002 2952 arcanas
1057 2891 1372 2947 ineﬂ‘abilis
1405 2895 1464 2945 et
1506 2890 1730 2946 decoris
1777 2895 1833 2944 et
1880 2891 2044 2945 volu—

343 2993 544 3066 ptatis,
574 3007 689 3062 quo
721 2987 944 3044 scilicet
975 2984 1146 3039 modo
1184 2982 1348 3038 valde
1407 2982 1690 3052 provectis
1720 2981 1779 3036 in
1812 2980 2042 3048 virtute,

341 3090 397 3141 et
457 3097 701 3155 quorum
762 3076 1036 3135 cordibus
1100 3074 1298 3128 lumen
1371 3071 1760 3128 intellectuale
1847 3072 2042 3128 radios

340 3173 604 3242 immisit,
669 3170 806 3226 talia
869 3167 1066 3224 omnia
1114 3164 1420 3220 manifesta
1463 3167 1520 3218 et
1561 3162 1730 3233 plane
1788 3164 2038 3233 perfecta
2070 3216 2109 3242 η

341 3269 499 3321 sunt.
553 3264 933 3329 Perfectorum
986 3259 1141 3311 enim
1189 3263 1289 3324 est,
1325 3259 1389 3308 ut
1435 3254 1642 3308 beatus
1675 3256 1756 3308 ait
1801 3253 2035 3322 Paulus,

339 3353 543 3409 solidus
575 3353 746 3415 cibus,
779 3364 971 3402 eorum
1001 3361 1217 3417 nempe,
1260 3347 1356 3415 qui
1402 3346 1553 3398 bonis
1592 3343 1863 3398 habilibus
1892 3359 2045 3397 exer-

340 3446 542 3497 citatos
574 3438 772 3492 habent
809 3453 1017 3501 sensus,
1041 3435 1107 3489 ad
1136 3435 1516 3488 discretionem
1569 3434 1695 3487 boni
1722 3440 1771 3487 et
1809 3433 1956 3487 mali
1974 3431 2039 3485 ⁷⁸.

338 3531 451 3588 Sed
482 3536 535 3584 et
585 3527 817 3580 divinus
864 3525 1067 3578 Petrus
1099 3521 1176 3575 ait
1213 3539 1225 3574 :
1258 3524 1318 3575 Et
1348 3537 1434 3575 vos
1481 3523 1734 3575 habentes
1768 3521 2043 3590 prapheli-

340 3636 463 3675 cum
503 3631 834 3680 sermonem,
893 3628 980 3667 ειη
1033 3611 1356 3678 benefacitts
1407 3613 1760 3673 attendentes,
1791 3612 1932 3664 sicut
1965 3611 2046 3664 lu-

343 3722 521 3764 cerna:
557 3705 766 3758 lucenti
795 3701 857 3757 in
901 3699 1204 3769 caliginoso
1251 3699 1386 3768 loco,
1445 3703 1614 3754 donec
1641 3698 1752 3754 dies
1782 3699 2044 3754 etucescat

346 3806 395 3854 et
423 3795 628 3863 lucifer
657 3791 870 3847 oriatur
899 3791 960 3845 in
990 3789 1239 3845 cordibus
1268 3790 1458 3843 vestris
1487 3785 1552 3840 ⁷⁵.
1592 3787 1815 3858 Vulgus
1847 3794 2039 3844 autem

346 3885 490 3942 nihil
531 3885 701 3957 plane
742 3881 932 3937 dill‘ert
981 3879 1052 3934 ab
1103 3877 1240 3943 illis,
1273 3878 1366 3948 qui
1420 3892 1516 3947 per
1564 3885 1814 3943 noctem,
1882 3877 2038 3931 omni

343 3985 631 4033 carentem
694 3971 939 4036 lumine,
1002 3968 1326 4032 ambulant,
1393 3982 1496 4021 nec
1554 3966 1797 4022 minimo
1845 3965 2039 4037 splen-

335 4069 474 4124 dore
522 4066 828 4129 fruuntur;
879 4061 936 4115 id
989 4059 1145 4131 quod
1206 4063 1296 4113 est
1344 4058 1596 4112 Verbum
1647 4057 1771 4123 Dei,
1812 4058 2038 4112 animas

337 4173 540 4214 eorum
591 4152 928 4209 illuminare
978 4148 1224 4213 valens;
1277 4152 1342 4201 ut
1397 4147 1511 4200 fere
1559 4163 1672 4200 non
1719 4143 2038 4201 dissimiles

334 4249 502 4305 caecis
549 4245 690 4301 sint.
735 4239 1077 4311 Hujusmodi
1125 4237 1388 4294 homines
1432 4240 1574 4291 sunt
1636 4235 2036 4292 materialibus

331 4335 614 4409 implicati
668 4333 848 4402 curis,
879 4336 936 4387 et
966 4329 1335 4384 secularium
1390 4326 1636 4382 nexibus
1668 4326 2033 4397 negotiorum

330 4425 530 4492 vincti,
580 4428 638 4479 et
687 4437 875 4492 neque
925 4419 1118 4474 divino
1164 4418 1371 4473 timore
1404 4416 1643 4484 ﬁrmati,
1696 4432 1800 4471 nec
1851 4414 2034 4470 ullum

327 4519 593 4572 curantes
640 4525 903 4568 exercere
955 4507 1346 4563 beneﬁcentia:
1400 4511 1501 4561 aut
1557 4505 1784 4560 virtutis
1839 4506 2034 4575 cujus-

2158 1911 2220 1964 τὸ
2263 1913 2516 1986 σαρκικόν
2564 1935 2710 1989 φημι
2775 1916 3051 1989 φρόνημα,
3111 1916 3139 1970 ’ὀ
3201 1917 3289 1971 καὶ
3346 1923 3426 1990 τῷ
3489 1918 3812 1993 Ἀποστόλῳ

2160 2001 2380 2062 θάνατος
2435 2001 2654 2065 οἰκείως
2703 2001 2911 2074 ἐκλήθη
2962 2021 2976 2034 ·
3045 2005 3196 2059 οὗτοι
3245 2007 3624 2082 παραπλησιοί
3671 2009 3810 2064 εἰσιν

2158 2090 2468 2163 ἀνθρώποις
2534 2094 2726 2154 νυκτὸς
2801 2094 2893 2166 μὲν
2965 2091 3296 2167 βαδίζουσιν,
3376 2097 3478 2152 ὑπὸ
3556 2096 3612 2152 δὲ
3695 2105 3808 2154 τῶν

2161 2183 2386 2255 ἄστρων,
2422 2181 2555 2254 ἅπερ
2586 2181 2720 2236 εἰσὶν
2753 2183 2807 2236 αἱ
2848 2187 2946 2237 τοῦ
2995 2187 3128 2238 Θεοῦ
3178 2182 3417 2255 ἐντολαὶ,
3469 2195 3811 2262 καταυγαζο-

2161 2270 2362 2341 μένοις.
2421 2266 2585 2324 Οὔπω
2642 2272 2744 2344 γὰρ
2793 2271 2868 2334 εἰς
2917 2272 3075 2334 τέλος
3112 2277 3208 2328 τοῦ
3267 2275 3493 2335 σκότους
3551 2275 3803 2332 ἀπαλλα-

2157 2364 2320 2434 γεῖσι,
2373 2357 2558 2422 καλῶς
2599 2358 2808 2415 ἅπαντα
2865 2364 3212 2417 κατοπτεύειν
3274 2363 3456 2426 αὐτοῖς
3517 2364 3805 2425 ἀδύνατον.

2155 2450 2253 2509 Οἷς
2287 2450 2373 2503 καὶ
2411 2451 2690 2524 προσῆκόν
2735 2449 2866 2519 ἐστι,
2900 2449 3052 2523 πόνῳ
3104 2453 3192 2506 καὶ
3241 2451 3418 2508 πίστει
3471 2453 3658 2526 πολλῇ
3708 2463 3810 2524 τῆς

2157 2536 2350 2608 ἀρετῆς
2400 2535 2853 2612 ἐπιμελουμένοις
2909 2537 3171 2610 δεηθῆναι
3211 2541 3443 2616 Χριστὸν
3491 2546 3581 2600 τὸν
3640 2543 3809 2614 ἥλιον

2157 2621 2504 2696 δικαιοσύνης
2558 2626 2867 2702 ἐπιλάμψαι
2926 2633 3044 2691 ταῖς
3103 2626 3352 2703 καρδίαις
3418 2631 3612 2700 αὐτῶν,
3663 2631 3806 2688 ὥστε

2158 2711 2450 2784 δυνηθῆναι
2483 2719 2655 2771 πάντα
2696 2717 2828 2791 πρὸς
2861 2712 3139 2791 ἀκρίϐειαν
3171 2717 3396 2789 ἐπιδεῖν,
3437 2723 3532 2790 τὴν
3581 2742 3637 2775 τε
3683 2726 3797 2775 τῶν

2156 2809 2368 2872 νοητῶν
2446 2806 2650 2876 θηρίων
2711 2807 2828 2860 καθ’
2886 2807 3046 2878 ἡμῶν
3107 2805 3344 2863 ἐπίθεσιν
3395 2809 3638 2878 ποικίλην
3693 2812 3784 2864 καί

2156 2892 2502 2964 παντοδαπὴν
2541 2893 2723 2965 οὖσαν,
2755 2895 2846 2950 καὶ
2885 2898 2953 2952 τὰ
2999 2901 3095 2952 τοῦ
3139 2897 3414 2974 ἀφθάρτου
3458 2901 3660 2972 κόσμου
3691 2898 3792 2974 ἄῤ-

2156 2985 2292 3060 ρητα
2358 2985 2457 3053 τήν
2512 2983 2652 3057 ὄψιν,
2706 2985 2794 3038 καὶ
2851 2987 2951 3054 τὴν
3002 2983 3206 3056 ἡδονὴν
3262 2987 3544 3063 ἀπόρρητα
3590 2987 3802 3060 κάλλη,

2153 3075 2209 3128 ὃν
2241 3095 2303 3150 γε
2344 3072 2408 3142 δή
2441 3074 2644 3148 τρόπον
2677 3075 2765 3128 καὶ
2815 3078 2932 3135 τοῖς
2981 3073 3170 3148 ἄκροις
3216 3077 3318 3144 τὴν
3359 3077 3572 3148 ἀρετ-ἡν,
3604 3079 3694 3132 καὶ
3727 3079 3805 3132 ὢν

2153 3163 2393 3236 ἐνεργοῦν
2429 3162 2478 3217 έν
2523 3168 2642 3224 ταῖς
2693 3159 2940 3237 καρδίαις
2985 3165 3169 3237 νοερὸν
3221 3169 3335 3244 φῶς
3385 3161 3648 3240 ἔλαμψεν,
3683 3166 3806 3221 ἐπί-

2154 3251 2297 3322 δηλοι
2365 3257 2531 3307 ταῦτα
2587 3252 2676 3305 καὶ
2732 3256 3013 3323 καταφανῆ
3065 3253 3313 3329 γίνεται·
3377 3255 3620 3313 Τελείων
3677 3261 3803 3331 γὰρ,

2154 3343 2226 3404 ὡς
2277 3343 2303 3396 6
2355 3341 2618 3414 μακάριός
2669 3363 2801 3417 φησι
2861 3342 3098 3405 Παῦλος,
3150 3346 3184 3412 ἡ
3247 3346 3435 3419 στερεὰ
3462 3347 3662 3422 τροφὴ,
3697 3351 3804 3400 τῶν

2155 3433 2242 3487 διὰ
2297 3433 2395 3500 τὴν
2453 3428 2558 3499 ἕξιν
2607 3432 2672 3485 τὰ
2748 3431 3079 3506 αἰσθητήρια
3137 3436 3592 3508 γεγυμνασμένων
3665 3435 3809 3509 πρὸς

2149 3525 2250 3590 τὴν
2307 3525 2407 3574 τοῦ
2482 3518 2654 3575 καλοῦ
2731 3523 2820 3576 καὶ
2894 3526 3062 3576 κακοῦ
3125 3519 3437 3596 διάκρισιν”
3507 3524 3652 3580 ἀλλὰ
3711 3525 3803 3579 καὶ

2151 3614 2178 3666 6
2211 3614 2350 3671 θεῖος
2386 3610 2586 3684 Πέτρος
2629 3611 2792 3688 φησίν
2829 3629 2841 3642 ·
2898 3611 2996 3665 Καὶ
3058 3611 3212 3684 ὑμεῖς
3259 3607 3480 3690 ἔχοντες
3530 3616 3621 3669 τὸν
3663 3635 3804 3688 προ-

2150 3699 2378 3779 φητικὸν
2449 3698 2633 3774 λόγον,
2716 3699 2761 3770 ᾧ
2845 3698 3030 3763 καλῶς
3125 3707 3331 3757 ποιεῖτε
3416 3707 3804 3779 προσέχοντες,

2151 3791 2223 3849 ὡς
2285 3787 2473 3862 λύχνῳ
2531 3789 2776 3865 φαίνοντι
2855 3787 2906 3843 ἐν
2965 3789 3244 3864 αὐχμηρῷ
3310 3789 3485 3864 τόπῳ,
3560 3791 3665 3854 ἓως
3738 3793 3803 3848 οὗ

2150 3879 2330 3953 ἡμέρα
2387 3875 2650 3953 διαυγάσῃ
2717 3877 2806 3932 καὶ
2893 3879 3182 3956 φωσφόρος
3251 3879 3508 3956 ἀνατείλῃ
3567 3881 3621 3936 ἐν
3678 3888 3800 3944 ταῖς

2149 3966 2396 4041 καρδίαις
2465 3969 2639 4038 ὑμῶν.
2683 3968 2745 4022 Οἳ
2799 3964 2856 4022 δὲ
2914 3966 3142 4040 πολλοὶ,
3203 3966 3356 4025 οὐδὲν
3414 3968 3798 4047 διενηνόχασιν

2151 4057 2364 4113 ἐκείνων
2433 4061 2539 4112 τῶν
2605 4057 2656 4110 έν
2711 4057 2861 4111 νυκτὶ
2919 4057 3097 4130 φωτὸς
3165 4057 3500 4114 παντάπασιν
3574 4060 3797 4135 ἀπόρων

2149 4146 2606 4222 περιπατούντων,
2639 4145 2730 4198 καὶ
2774 4143 2914 4219 μηδὲ
2968 4146 3226 4220 βραχείας
3279 4146 3661 4204 ἀπολαυόντων
3696 4151 3796 4205 αὐ-

2147 4243 2274 4311 γῆς,
2309 4235 2440 4308 ὅπερ
2471 4233 2583 4289 ἐστὶ
2624 4236 2766 4296 θεῖος
2808 4232 2975 4310 λόγος
3023 4241 3142 4298 ταῖς
3196 4237 3399 4310 ψυχαῖς
3449 4237 3619 4292 αὐτῶν
3673 4237 3796 4293 ἐπι-

2147 4326 2385 4397 λάμπειν
2440 4320 2761 4395 δυνάμενος,
2825 4322 2900 4385 ὡς
2949 4321 3144 4398 σχεδὸν
3193 4325 3268 4396 μὴ
3319 4322 3608 4399 ἀνομοίους
3658 4327 3791 4381 εἶναι

2144 4413 2396 4494 τυφλοῖς.
2433 4413 2590 4468 Οὗτοί
2626 4413 2727 4467 εἶσι
2760 4413 2812 4466 οἱ
2842 4418 2958 4474 ταῖς
2988 4414 3204 4477 ὑλικαῖς
3233 4416 3294 4470 τὸ
3352 4415 3482 4472 ὅλον
3531 4416 3788 4489 περιπλο-

2143 4509 2262 4565 καῖς
2308 4502 2397 4557 καὶ
2445 4508 2560 4562 τοῖς
2613 4502 2893 4576 βιωτικοῖς
2945 4503 3160 4576 ἅμμασι
3213 4502 3641 4578 καταδεδεμένοι,
3685 4504 3780 4559 καὶ

325 4606 458 4662 dam
508 4619 678 4676 opus.
730 4598 960 4656 Etenim
1012 4601 1291 4669 quotquot
1339 4595 1678 4650 saecularem
1735 4597 2029 4664 utcunque

2156 4595 2280 4662 ιήτε
2330 4591 2456 4664 θείῳ
2515 4587 2671 4664 φόϐῳ
2726 4588 3202 4665 διακρατούμενοι,
3267 4596 3406 4666 μήτε
3457 4595 3603 4656 τινας
3674 4598 3788 4650 τῶν

323 4696 597 4767 degentes
627 4693 830 4761 vitam,
872 4693 1090 4753 tamen,
1124 4686 1205 4741 uti
1261 4685 1481 4741 dictum
1532 4690 1641 4751 est,
1677 4701 1709 4738 a
1741 4685 2028 4738 mandatis

324 4785 568 4851 sanctis,
619 4781 778 4837 velut
827 4796 861 4834 a
924 4777 1281 4848 quibusdam
1357 4774 1770 4830 illuminantur
1817 4771 2022 4841 stellis,

324 4873 456 4927 fidei
485 4881 539 4925 et
569 4871 671 4925 Dei
710 4868 907 4924 timori
945 4868 1346 4933 attendentes;
1398 4865 1453 4920 hi
1513 4880 1654 4920 sane
1703 4881 1818 4920 non
1861 4881 2030 4936 pror-

321 4974 424 5013 sus
451 4954 858 5026 comprehensi
900 4958 1037 5009 sunt
1087 4954 1370 5019 tenebris,
1434 4953 1588 5008 unde
1637 4956 1694 5007 et
1733 4967 1893 5023 spem
1930 4968 2028 5007 sa-

321 5048 462 5104 lutis
494 5046 706 5102 habere
737 5048 1006 5116 possunt.

389 5225 648 5285 XXVIII.
709 5223 782 5280 Ut
831 5221 1078 5276 multum
1131 5221 1282 5277 inter
1339 5237 1401 5276 se
1446 5219 1776 5276 ditfercntes
1826 5219 1924 5274 viae
1959 5235 2025 5274 ac

318 5321 576 5377 rationes
608 5324 760 5382 sunt,
797 5313 1014 5384 quibus
1064 5311 1136 5366 ab
1179 5311 1518 5366 hominibus
1549 5310 1901 5382 colliguntur
1939 5311 2023 5365 di-

315 5412 504 5476 vitiae;
540 5408 740 5478 utique
778 5418 914 5461 cum
973 5400 1072 5456 alii
1104 5417 1168 5456 ex
1205 5399 1614 5456 {unctionibus
1647 5399 2017 5471 publicorum

318 5500 800 5570 magistratuum,
835 5492 934 5549 alii
979 5509 1046 5550 ex
1079 5489 1596 5547 mercimoniorum
1628 5492 2022 5562 negotiatione

1476 5669 1521 5707 ⁷⁸
1549 5671 1596 5727 Il
1634 5670 1779 5725 Petr.
1809 5687 1851 5741 ι,
1887 5672 1951 5724 l6

381 5675 428 5712 7'
461 5675 626 5731 Rom.
659 5692 758 5742 vn,
786 5675 877 5732 24.
953 5673 999 5710 ⁷⁴
1027 5673 1201 5742 Hebr,
1233 5687 1286 5735 v,
1313 5671 1398 5728 lli.

2138 4683 2512 4757 ἀγαθοεργιῶν
2553 4681 2970 4754 μετερχόμενοι.
3005 4681 3104 4736 Καὶ
3147 4684 3252 4758 γὰρ
3301 4683 3421 4739 ὅσοι
3459 4689 3564 4740 τῶν
3607 4685 3792 4760 βιωτι-

2137 4777 2246 4826 κῶν
2297 4769 2526 4846 ἀνδρῶν,
2562 4770 2742 4844 ὥσπερ
2793 4768 3068 4842 λέλεκται,
3133 4773 3236 4826 ὑπὸ
3295 4772 3527 4830 ἐντολῶν
3597 4775 3788 4850 ἁγίων,

2137 4860 2211 4922 ὡς
2243 4859 2344 4913 ὑπὸ
2385 4856 2594 4931 ἄστρων
2636 4861 2799 4911 τινῶν
2851 4854 3254 4931 διαυγάζονται,
3287 4861 3464 4917 πίστει
3493 4862 3584 4917 καὶ
3633 4858 3788 4942 φόϐῳ

2135 4953 2213 5022 τῷ
2259 4952 2355 5002 τοῦ
2412 4951 2545 5001 Θεοῦ
2603 4948 2966 5022 προσέχοντες
3002 4965 3016 4979 ⁸
3049 4949 3205 5005 οὗτοι
3252 4950 3380 5026 οὐχὶ
3437 4953 3678 5022 καθάπαξ
3709 4957 3789 5024 τῷ

2135 5035 2312 5090 σκότει
2367 5029 2865 5108 περιλαμϐάνονται
2903 5055 2914 5068 ·
2968 5037 3093 5111 παρ’
3140 5037 3168 5090 ὃ
3216 5037 3306 5092 καὶ
3357 5037 3556 5093 ἐλπίδα
3615 5060 3788 5110 σωτη-

2134 5131 2250 5202 ρίας
2275 5121 2423 5203 ἔχειν
2466 5121 2743 5184 δύνανται.

2207 5222 2325 5272 KH'.
2356 5215 2556 5289 Ὥσπερ
2598 5212 2657 5268 ἐκ
2707 5212 2979 5293 διαφόρων
3036 5215 3301 5293 ἀφορμῶν
3350 5239 3408 5273 τε
3447 5219 3536 5274 καὶ
3596 5219 3787 5289 ἐπιτη-

2133 5306 2414 5378 δευμάτων
2449 5306 2477 5359 ὁ
2507 5303 2558 5358 ἐν
2588 5307 2666 5376 τῷ
2715 5304 2907 5378 κόσμῳ
2947 5311 3064 5368 τοῖς
3105 5306 3412 5382 ἀνθρώποις
3453 5308 3788 5386 συλλέγεται

2129 5396 2408 5457 πλοῦτος·
2459 5396 2485 5449 6
2537 5394 2628 5465 μὲν
2685 5393 2735 5464 ἐξ
2790 5395 3130 5469 ἀρχοντικῶν
3191 5397 3541 5469 ἀξιωμάτων,
3583 5399 3609 5453 6
3643 5397 3701 5454 δὲ
3736 5399 3790 5470 ἐξ

2131 5486 2426 5561 ἐμπορίας,
2461 5485 2487 5538 ὁ
2540 5481 2596 5539 δὲ
2628 5481 2688 5539 ἐκ
2731 5482 3057 5562 φιλοπονίας
3100 5482 3299 5556 δήπου,
3349 5487 3439 5542 καὶ
3496 5488 3784 5564 γεωργίας,
