4076 6280
270 401 386 465 961
1500 393 1600 450 DE
1623 391 2080 462 ,LIBEBTATE
2104 390 2439 456 MENTIS.
3616 389 3736 452 962

269 537 360 592 καὶ
391 533 560 598 ἄλλος
590 529 776 592 ἄλλως
809 549 821 563 ·
854 528 953 596 τήν
985 526 1155 596 αὐτὴν
1192 522 1312 581 οἷόυ
1353 546 1447 598 μοι
1479 524 1567 579 καὶ
1598 528 1717 586 τοῖς
1749 544 1914 579 πνευ-
1943 584 1947 594 ι

2154 541 2223 582 ex
2251 523 2514 594 diligenti
2555 523 2753 580 labore
2810 526 2868 579 et
2923 521 3282 594 agricultura
3311 537 3431 579 rem
3471 521 3686 578 faciant
3723 564 3736 589 ,

277 628 526 701 ματικοῖς
583 621 718 677 εἶναι
778 615 1042 690 διάταξεν.
1094 616 1155 671 Oi
1218 615 1314 688 μὲν
1372 612 1475 701 γάρ
1531 611 1591 668 ἔκ
1641 611 1914 691 διαφόρων

276 700 656 790 χαρισμάτων,
690 709 763 770 ὡς
794 707 857 762 τὸ
885 710 983 761 τοῦ
1017 702 1357 762 Ἀποστόλου
1399 700 1568 772 δηλοῖ
1598 721 1610 736 ⁶
1655 704 1916 778 Ἔχοντες

275 803 333 860 δε
390 801 708 876 χαρίσματα
764 797 902 851 κατά
955 795 1055 863 τὴν
1113 795 1278 868 χάριν
1333 793 1429 847 τοῦ
1487 796 1620 847 Θεοῦ
1678 793 1776 860 τὴν
1826 791 1918 846 δο-

274 896 449 948 θεῖσαν
494 893 630 962 ἡμῖν
674 885 924 963 διάφορα,
959 885 1023 938 Οἳ
1065 881 1121 938 δὲ
1177 883 1235 936 ἐκ
1280 879 1556 958 διαφόρων
1600 903 1658 936 τε
1703 879 1920 935 δικαιω·

279 985 462 1056 μάτων
501 980 587 1033 καὶ
647 979 852 1051 ἀρετῶν
919 971 1008 1027 διά
1069 971 1235 1045 μόνον
1277 973 1406 1026 Θεὸν
1460 970 1783 1045 γενομένων,
1827 969 1919 1025 τὸν

275 1069 596 1144 ἐπουράνιον
671 1063 982 1140 ἀθροίζουσι
1053 1059 1289 1117 πλοῦτον
1329 1080 1340 1091 ·
1405 1060 1554 1128 πλὴν
1630 1058 1752 1116 ἀλλ’
1825 1059 1926 1114 οὐκ

275 1155 478 1226 ἄδηλοι
508 1153 597 1210 καὶ
640 1153 692 1207 οἱ
742 1152 834 1206 τὸν
865 1150 1068 1228 χρυσὸν
1113 1147 1491 1222 ἀνορύττοντες
1531 1166 1541 1176 ·
1592 1147 1644 1200 οἱ
1686 1144 1773 1200 διά
1815 1167 1926 1220 μα-

277 1243 575 1319 κροθυμίας
607 1242 693 1296 καὶ
735 1241 1018 1312 ὑπομονῆς
1071 1234 1288 1308 δηλαδή
1321 1237 1628 1310 τρέχοντες,
1661 1235 1749 1288 καὶ
1791 1235 1927 1290 κατᾶ

285 1335 450 1410 μέρος
481 1332 754 1387 πλουτοῦν
781 1330 918 1392 τέως
946 1330 1043 1393 τῆς
1086 1327 1296 1402 ἀγαθῆς
1348 1323 1571 1385 ἐλπίδος
1617 1321 1925 1399 ὑπερηδού-

284 1446 382 1495 σης
415 1445 426 1458 ·
472 1422 570 1477 οὐκ
599 1418 801 1488 ἄδηλοι
833 1416 889 1472 δὲ
918 1418 1008 1472 καὶ
1052 1417 1102 1471 οἱ
1133 1415 1426 1490 καθαπερεὶ
1463 1415 1692 1487 μίσθιοι,
1728 1412 1929 1488 βλάκες

285 1511 431 1576 ὅντες
476 1512 568 1568 καὶ
601 1509 869 1585 νωχελεῖς
904 1527 916 1540 ο
971 1508 1020 1561 οἱ
1070 1505 1266 1568 εὐθέως
1316 1504 1378 1559 τὸ
1424 1503 1697 1576 ἐμπίπτον
1749 1504 1927 1578 ὥσπερ

290 1603 578 1670 ἐσθίοντες,
629 1599 718 1654 καὶ
784 1599 859 1672 μὴ
921 1597 1037 1672 μεθ’
1089 1596 1375 1669 ὑπομονῆς
1428 1594 1495 1649 τά
1556 1593 1690 1667 μετά
1741 1599 1930 1668 χεῖρας

291 1691 564 1756 ἀνύοντες,
613 1689 696 1744 ἀεὶ
751 1686 954 1763 γυμνοί
1010 1707 1068 1740 τε
1115 1686 1204 1740 καὶ
1255 1683 1480 1752 πένητες
1527 1682 1930 1758 περιέρχονται.

295 1781 393 1837 Καὶ
426 1782 529 1858 γάρ
581 1779 731 1833 οῦτοι
763 1779 899 1853 πρὸς
945 1777 1040 1848 μὲν
1088 1776 1151 1830 τὸ
1202 1769 1389 1828 λαϐεῖν
1439 1774 1540 1841 τὴν
1581 1771 1744 1847 χάριν
1794 1771 1933 1827 ετοί-

298 1891 414 1943 μως
474 1866 600 1944 ἄγαν
653 1867 742 1922 καὶ
803 1868 1020 1940 θερμῶς
1078 1862 1317 1938 ἔχοντες,
1381 1858 1790 1934 εὐμετάϐλητοι
1847 1860 1937 1916 καὶ

296 1960 409 2032 ἅμα
464 1963 560 2012 τοῦ
621 1957 865 2030 ἅψασθαι
922 1953 1322 2028 κορεννύμενοι,
1390 1951 1642 2026 ἁψίκοροι
1713 1947 1770 2004 δὲ
1825 1971 1948 2026 ναρ-

295 2045 494 2109 κώδεις
536 2045 662 2120 περὶ
701 2045 763 2100 τὸ
813 2049 995 2098 πονεῖν
1056 2043 1473 2119 γνωριζόμενοι,
1505 2040 1599 2094 καὶ
1643 2043 1708 2108 ἧς
1749 2039 1944 2116 ἔτυχον

298 2137 615 2209 ἀξιωθέντες
673 2135 900 2212 χάριτος
957 2129 1332 2208 ἀφαιροῦνται·
1395 2131 1504 2186 Ἀεί
1561 2149 1692 2183 ποτε
1739 2130 1842 2203 γὰρ
1911 2132 1945 2198 ἦ

301 2226 518 2295 νωθεία,
585 2223 674 2280 καί
732 2218 995 2297 ἀμϐλεία,
1055 2221 1145 2277 καὶ
1210 2219 1543 2293 ἠμελημένῃ
1613 2216 1944 2292 προαίρεσις,

301 2316 630 2394 ἀσύμφωνος
689 2313 741 2368 ἐν
792 2314 1006 2388 χάριτι,
1038 2308 1246 2386 ἔρημος
1299 2307 1354 2364 δὲ
1404 2309 1620 2386 ἀγαθῶν
1679 2307 1943 2382 πράξεων.

303 2393 598 2478 Ἀδόκιμος
632 2401 687 2458 δὲ
717 2401 862 2478 παρὰ
906 2405 1022 2472 Θεῷ
1052 2400 1140 2454 καὶ
1189 2398 1379 2472 ἄδοξος
1411 2398 1500 2452 καὶ
1541 2401 1631 2451 νῦν
1665 2393 1946 2468 ἔγνωσται,

303 2497 392 2551 καὶ
427 2493 478 2550 ἐν
513 2493 698 2564 ἐκείνῳ
726 2513 805 2564 τῳ
829 2490 987 2545 αἷωνι
1019 2490 1385 2565 εὑρεθήσεται.

2025 615 2122 672 alii
2155 614 2422 670 aliunde:
2448 627 2649 684 parem
2689 611 2836 668 mihi
2910 616 2971 666 tu
3024 628 3259 685 quoque
3288 616 3424 684 puta
3445 611 3737 668 observari

2027 720 2197 776 posse
2262 703 2322 758 in
2371 703 2546 758 rebus
2596 700 3000 773 spiritualibus
3057 703 3338 758 rationem
3386 706 3445 758 et
3475 703 3738 757 modum.

2029 795 2109 846 Ex
2138 791 2230 847 his
2261 791 2438 863 aliqui
2492 789 2924 862 locupletantur
2971 807 3086 845 uxu
3139 791 3525 863 exercitioque
3554 790 3744 846 chari-

2029 887 2287 937 smatum
2336 881 2653 947 variorum,
2706 885 2769 935 ut
2823 880 3120 952 significat
3176 881 3490 952 Apostolus
3545 881 3742 938 verbis

2031 971 2113 1026 illi
2151 988 2163 1026 :
2201 971 2463 1026 Habentes
2519 971 2837 1026 donationes
2923 970 3218 1025 secundum
3283 973 3550 1042 gratiam,
3628 987 3745 1041 quae

2031 1061 2164 1116 data
2218 1066 2298 1116 est
2353 1061 2531 1126 nobis,
2589 1059 2902 1132 differentes
2935 1061 2998 1113 76.
3029 1059 3142 1115 Alii
3191 1060 3498 1131 multiplici
3532 1061 3746 1116 exerci-

2033 1149 2252 1205 tatione
2285 1149 2683 1221 religiosorum
2713 1149 2864 1205 varii
2911 1150 3140 1221 generis
3173 1165 3438 1221 operum,
3473 1151 3749 1222 praxique

2034 1239 2316 1296 virtutum
2377 1256 2442 1294 ac
2492 1239 2956 1310 frequentatione
3004 1239 3396 1295 laudabilium
3431 1240 3487 1294 in
3523 1241 3752 1296 diversa

2035 1327 2226 1400 specie
2275 1328 2622 1395 officiorum,
2662 1328 2762 1384 Dei
2821 1345 2995 1385 causa
3052 1329 3228 1384 unius
3286 1329 3600 1397 obitorum,
3635 1347 3752 1385 cce-

2036 1417 2212 1473 lestes
2262 1417 2482 1487 ingenti
2541 1419 2708 1489 copia
2764 1422 3082 1488 congerunt
3111 1435 3269 1488 opes.
3309 1419 3388 1476 Ne
3447 1419 3486 1474 ii
3517 1419 3753 1490 quidem

2039 1507 2097 1561 in
2132 1505 2241 1562 hac
2301 1511 2462 1576 parte
2518 1524 2632 1562 non
2691 1507 2953 1578 insignes
2985 1512 3144 1570 sunt,
3179 1509 3280 1579 qui
3339 1524 3546 1563 aurum
3603 1508 3755 1563 info-

2041 1595 2236 1664 diunt;
2269 1595 2711 1667 longanimitate
2779 1596 3042 1652 videlicet
3100 1601 3155 1652 et
3202 1597 3482 1669 patientia
3513 1614 3755 1653 curren-

2043 1686 2211 1742 tesin
2243 1685 2495 1758 singulis
2526 1685 2670 1742 lucri
2715 1686 3018 1758 particulis
3072 1687 3396 1757 captandis,
3432 1704 3500 1744 ex
3548 1687 3761 1759 quibus

2046 1775 2247 1846 magni
2303 1775 2442 1831 olim
2488 1775 2781 1830 conﬂandi
2850 1775 3068 1831 cumuli
3129 1791 3232 1846 spe
3300 1776 3530 1832 interim
3605 1777 3759 1833 bona

2050 1864 2328 1936 gaudent.
2370 1864 2572 1935 Neque
2637 1863 2820 1919 latent
2865 1863 3134 1920 nonnulli
3201 1866 3369 1935 quasi
3421 1865 3763 1922 mercenarii

2057 1949 2263 2006 molles
2325 1951 2496 2006 iidem
2558 1951 2889 2022 ignavique,
2922 1951 3022 2022 qui
3054 1951 3255 2006 statim
3281 1952 3460 2009 veluti
3487 1953 3767 2008 devorant

2059 2041 2445 2113 quodcunque
2502 2042 2720 2096 bonum
2778 2041 2925 2113 ipsis
2984 2041 3042 2096 in
3111 2057 3324 2097 manus
3367 2042 3594 2110 incidit,
3628 2058 3762 2098 cum

2059 2129 2242 2185 multa
2271 2130 2481 2185 exinde
2511 2131 2791 2186 deberent
2811 2129 2871 2186 in
2931 2147 3105 2186 usum
3154 2131 3410 2186 secuturi
3458 2132 3770 2202 temporis,

2058 2219 2258 2275 solerti
2309 2235 2438 2274 cum
2495 2220 2775 2290 patientia
2835 2220 3176 2277 tractatione
3235 2225 3565 2289 maturare;
3628 2222 3766 2277 hinc

2057 2310 2154 2380 sit,
2190 2313 2252 2365 ut
2283 2309 2426 2365 nudi
2455 2326 2686 2381 semper
2742 2315 3094 2383 agentesque
3125 2311 3503 2368 circumeant.
3537 2311 3767 2366 Etenim

2058 2399 2202 2454 tales
2251 2399 2320 2455 ad
2383 2399 2724 2470 capiendam
2777 2399 3014 2471 quidem
3074 2401 3322 2472 gratiam
3379 2400 3564 2471 parati
3595 2408 3648 2456 et
3679 2417 3769 2456 ar-

2058 2489 2262 2543 denter
2313 2491 2451 2542 sunt
2497 2487 2728 2558 cupidi;
2790 2504 2922 2544 mox
2977 2492 3175 2544 tamen
3236 2489 3401 2545 facile
3432 2489 3769 2556 mutabiles,

305 2593 361 2645 et
399 2605 433 2643 a
473 2587 659 2660 primo
699 2583 898 2640 statim
939 2586 1177 2654 gustatu
1218 2580 1422 2649 saturi,
1455 2579 1819 2652 pigritiaque
1850 2577 2145 2650 comperti,
2177 2594 2243 2633 ac
2268 2577 2416 2650 fugae
2448 2579 2682 2646 laboris,
2719 2579 2820 2650 qui
2860 2578 3106 2635 debebat
3137 2579 3424 2650 adhiberi,
3455 2580 3773 2635 exercendo

307 2679 456 2750 quod
501 2681 847 2748 acceperunt
886 2673 1061 2739 dono,
1102 2688 1168 2728 eo
1209 2671 1414 2726 merito
1455 2670 1776 2741 privantur,
1822 2667 2018 2723 ablata
2055 2666 2223 2740 ipsis,
2266 2684 2375 2740 qua
2407 2668 2635 2724 fuerant
2675 2668 2852 2736 beati,
2891 2668 3093 2740 gratia.
3128 2669 3440 2739 Nunquam
3463 2669 3619 2725 enim
3662 2685 3778 2725 non

304 2767 590 2834 socordia,
621 2763 950 2832 oscitantia,
992 2761 1170 2818 hebes
1197 2759 1442 2815 tarditas
1475 2759 1686 2830 supine
1717 2773 1922 2814 secura
1953 2757 2269 2830 propositi;
2303 2757 2553 2814 dissona;
2587 2773 2678 2813 res
2717 2761 2773 2814 et
2804 2757 3273 2814 inconsentaneae
3303 2759 3500 2830 gratiae
3529 2759 3778 2814 fuerunt.

301 2863 487 2924 Quare
523 2857 621 2929 qui
659 2858 844 2912 scatet
882 2853 1042 2910 hisce
1080 2851 1259 2921 vitiis,
1309 2866 1512 2923 expers
1551 2865 1792 2920 operum
1832 2849 2137 2917 bonorum,
2170 2849 2322 2919 apud
2353 2848 2539 2906 Deum
2581 2849 2860 2921 reprobus
2898 2852 2954 2905 et
2985 2848 3291 2921 inglorius,
3335 2849 3420 2906 uti
3456 2851 3580 2921 jam
3624 2865 3780 2906 nunc

307 2946 657 3019 agnoscitur,
701 2944 784 2998 sic
823 2947 880 2998 et
919 2943 977 2997 in
1017 2943 1212 2997 futuro
1253 2939 1462 2996 saeculo
1505 2938 1845 3010 reperietur.

382 3033 482 3091 16'.
546 3025 854 3104 Παραὸάντι
909 3034 989 3099 τῷ
1067 3027 1332 3103 ἀνθρώπῳ
1385 3029 1485 3096 τὴν
1556 3025 1784 3093 ἐντολήν
1852 3028 1949 3078 τοῦ

315 3126 468 3190 Θεοῦ,
509 3120 598 3175 καὶ
647 3125 744 3188 τῆς
787 3121 883 3171 τοῦ
922 3114 1255 3189 παραδείσου
1315 3113 1598 3190 διαγωγῆς
1655 3113 1953 3181 ἐκπεσόντι,

316 3211 462 3268 δυοῖν
508 3209 687 3282 ὥσπερ
743 3205 964 3262 ἀλύσεσι
1016 3202 1258 3259 δεδέσθαι
1300 3201 1746 3272 συνηκολούθησε
1779 3221 1792 3235 ο
1857 3204 1954 3274 μιᾷ

319 3302 411 3376 μὲν
462 3305 570 3354 τῶν
620 3300 893 3373 βιωτικῶν
953 3292 1311 3370 πραγμάτων,
1370 3291 1462 3346 καὶ
1503 3293 1769 3363 σαρκικῶν
1817 3286 1954 3359 ἡδο-

313 3395 442 3460 νῶν,
473 3387 741 3456 πλούτου,
785 3383 967 3454 δόξης,
1017 3381 1228 3463 φιλίας,
1259 3380 1528 3457 γυναικὸς,
1572 3377 1796 3449 τέκνων,
1840 3399 1960 3452 συγ-

316 3476 544 3555 γενείας,
604 3472 885 3550 πατρίδος,
946 3470 1266 3546 κτημάτων,
1327 3470 1415 3524 καὶ
1484 3467 1676 3530 ἁπλῶς
1742 3469 1960 3524 πάντων

314 3570 422 3622 τῶν
456 3563 817 3645 φαινομένων,
860 3563 947 3638 ἀφ’
997 3562 1068 3614 ὧν
1114 3562 1141 3614 ὁ
1186 3562 1282 3614 τοῦ
1328 3562 1460 3613 Θεοῦ
1507 3556 1674 3634 λόγος
1720 3561 1837 3612 κατ’
1883 3558 1963 3610 οἱ-

315 3656 462 3711 κείαν
516 3658 663 3729 ἡμᾶς
721 3653 1036 3728 προαίρεσιν
1095 3647 1426 3704 ἀπολύεσθαι
1484 3647 1717 3705 κελεύει.
1775 3645 1962 3721 Ἐτέρᾷ

315 3744 372 3802 δὲ
400 3744 618 3817 ἀδήλῳ,
649 3744 739 3798 καὶ
771 3743 874 3820 γὰρ
908 3738 1243 3796 δέδεταίτινι
1277 3736 1462 3812 δεσμῳ
1497 3739 1706 3794 σκόπου
1738 3741 1772 3807 ἡ
1805 3736 1959 3812 ψυχὴ

314 3835 448 3912 πρὸς
518 3838 628 3889 τῶν
689 3840 788 3902 τῆς
851 3830 1119 3906 πονηρίας
1186 3829 1510 3903 πνευμάτων
1581 3828 1779 3897 αὐτῶν,
1835 3830 1960 3902 παρ’

314 3927 343 3980 ’ὀ
406 3921 546 3996 μηδὲ
604 3921 826 3977 δυνατὸν
890 3919 1026 3993 αὐτῇ
1091 3921 1220 3992 μήτ’
1279 3919 1555 3991 ἀγαπῆσαι
1617 3918 1766 3986 Θεὸν,
1824 3917 1964 3988 μήτε

315 4016 595 4066 πιστεῦσαι
660 4012 800 4082 μήτε
855 4011 1140 4082 προσευχῇ
1191 4007 1502 4081 χρήσασθαι
1554 4006 1797 4078 καθάπερ
1845 4003 1963 4078 ἔχει

317 4099 652 4173 θελήματος.
714 4097 932 4152 Πάντων
993 4094 1096 4171 γὰρ
1160 4097 1194 4162 ἡ
1256 4094 1566 4164 ἐναντιότης
1621 4088 1673 4147 ἕν
1732 4113 1790 4148 τε
1845 4097 1962 4153 τοῖς

317 4193 569 4266 φανεροῖς
623 4183 674 4242 ἔν
719 4207 777 4241 τε
824 4190 941 4246 τοῖς
984 4182 1235 4254 ἀδήλοις,
1302 4182 1409 4238 ἀπὸ
1457 4189 1558 4252 τῆς
1608 4176 1964 4254 παραϐάσεως

315 4283 412 4335 τοῦ
506 4277 728 4352 πρώτου
826 4274 1115 4348 ἀνθρώπου
1207 4272 1413 4333 πάντας
1498 4273 1648 4344 ἡμᾶς
1710 4271 1959 4343 μέτεισι·

320 4367 569 4426 Ἐπειδὰν
601 4364 692 4422 οῦν
722 4385 804 4426 τις
851 4364 1093 4434 ὑπήκοον
1127 4360 1220 4423 οῦς
1247 4367 1326 4432 τῷ
1376 4359 1524 4435 λόγῳ
1552 4365 1649 4416 τοῦ
1690 4365 1828 4416 Θεοῦ
1859 4375 1960 4417 πα-

321 4459 685 4536 ρασχόμενος,
722 4455 936 4528 ἀποστῇ
971 4453 1065 4526 μὲν
1114 4456 1222 4506 τῶν
1275 4452 1545 4524 βιωτικῶν
1599 4451 1960 4526 πραγμάτων,

321 4548 643 4618 ἀποτάξεται
676 4542 733 4600 δὲ
777 4543 974 4604 πάσαις
1007 4547 1126 4603 ταῖς
1178 4545 1461 4616 σαρκικαῖς
1509 4537 1739 4610 ἡδοναῖς
1776 4561 1790 4612 ;
1839 4542 1963 4596 τότε

326 4635 392 4707 δὴ
443 4641 522 4709 τῷ
579 4641 696 4707 Θεῴ
744 4629 1142 4709 προσεδρεύων,
1191 4630 1282 4684 καὶ
1348 4630 1485 4684 κατᾶ
1543 4628 1752 4705 σχολὴν
1817 4630 1963 4700 αὐτῷ

2134 3025 2332 3081 XXIX.
2365 3027 2758 3097 Transgresso
2800 3027 2902 3082 Dei
2953 3027 3293 3082 mandatum
3343 3026 3588 3094 homini,
3629 3034 3680 3083 et
3713 3042 3780 3081 ex

2063 3115 2232 3169 beata
2299 3114 2556 3185 paradisi
2615 3115 2837 3186 deiecto
2897 3115 3168 3183 statione,
3232 3115 3460 3172 duabus
3523 3132 3593 3172 ex
3668 3116 3779 3172 hoc

2064 3202 2306 3275 contigit
2335 3202 2507 3274 quasi
2550 3203 2774 3260 catenis
2805 3203 2996 3276 ligari.
3047 3203 3208 3258 Prior
3265 3207 3375 3274 est,
3417 3220 3534 3276 qua
3573 3204 3781 3261 devin—

2069 3292 2221 3348 citur
2251 3308 2401 3348 nexu
2433 3290 2698 3348 sensibili
2733 3307 2866 3348 cum
2923 3291 3174 3364 negotiis
3215 3292 3621 3362 saecularibus,
3654 3310 3780 3351 car-

2071 3381 2300 3439 nalibus
2356 3379 2774 3454 voluptatibus,
2833 3381 3072 3450 divitiis,
3131 3383 3584 3452 existimatione,
3631 3384 3779 3440 ami-

2071 3470 2225 3536 citia,
2286 3485 2486 3539 uxore,
2547 3470 2767 3531 liberis,
2845 3470 3205 3541 cognatione,
3275 3470 3483 3544 patria,
3555 3487 3782 3542 posses-

2069 3559 2358 3628 sionibus,
2391 3563 2447 3616 et
2504 3565 2568 3614 ut
2624 3577 2739 3616 uno
2791 3571 3003 3617 cuncta
3031 3561 3387 3634 complectar
3415 3562 3613 3630 verbo,
3648 3577 3783 3618 cum

2071 3650 2345 3706 omnibus
2405 3665 2536 3721 quas
2593 3649 2765 3707 220
2798 3651 2892 3706 hic
2940 3658 3296 3720 cernuntur;
3347 3669 3381 3708 a
3440 3653 3652 3724 quibus
3683 3652 3786 3708 Dei

2070 3757 2264 3798 sermo
2321 3741 2643 3810 nos-juxta
2710 3741 3006 3812 propriam
3066 3742 3482 3812 professionem
3549 3742 3786 3812 abjungi

2073 3830 2350 3902 praecipit.
2401 3829 2593 3886 Altera
2649 3832 2734 3884 est
2787 3833 2990 3886 catena
3039 3831 3097 3886 in
3161 3847 3370 3887 arcano
3429 3831 3791 3901 astringens.

2072 3919 2299 3977 Etenim
2331 3918 2560 3975 vinculo
2601 3919 2860 3989 quodam
2909 3920 3284 3976 tenebrarum
3345 3919 3544 3976 anima
3572 3919 3788 3991 ligatur

2073 4009 2143 4064 ab
2173 4008 2318 4078 ipsis
2358 4006 2664 4077 spiritibus
2723 4007 3172 4079 nequitiae;quo
3223 4009 3308 4076 fit,
3343 4015 3402 4064 ut
3451 4025 3564 4064 non
3600 4011 3792 4079 possit

2073 4113 2261 4166 neque
2307 4111 2500 4151 amare
2556 4095 2762 4164 Deum,
2797 4112 2902 4154 nec
2955 4099 3208 4165 credere,
3237 4114 3341 4154 nec
3373 4098 3635 4154 oratione
3683 4101 3787 4168 uti,

2073 4185 2566 4258 quemadmodum
2590 4186 2780 4244 vellet.
2821 4186 3072 4243 Omnino
3101 4188 3258 4243 enim
3293 4187 3436 4259 haec,
3477 4204 3653 4260 quam
3685 4203 3787 4244 ex-

2074 4276 2354 4348 perimur,
2387 4275 2823 4333 adversantium
2850 4276 3161 4348 oppositio,
3181 4281 3298 4333 tam
3323 4277 3381 4334 in
3405 4278 3596 4350 palam
3611 4295 3787 4352 appa-

2073 4364 2356 4432 rentibus,
2399 4381 2578 4436 quam
2605 4364 2664 4420 in
2689 4363 2848 4420 intus
2881 4365 3194 4433 abstrusis,
3219 4382 3287 4422 ex
3328 4367 3792 4438 transgressione

2073 4454 2244 4527 primi
2301 4453 2558 4510 hominis
2586 4453 2645 4509 in
2680 4470 2786 4510 nos
2844 4470 3050 4512 omnes
3099 4457 3353 4514 transiit.
3414 4458 3656 4524 Quando
3687 4458 3794 4529 igi-

2072 4549 2169 4602 tur
2225 4543 2356 4616 quis
2415 4543 2788 4600 obedientem
2848 4561 3050 4602 aurem
3109 4547 3284 4603 verbo
3344 4547 3441 4605 Dei
3501 4549 3790 4618 praebens,

2074 4633 2402 4706 abjunxerit
2458 4633 2695 4704 quidem
2743 4648 2806 4691 se
2862 4651 2895 4690 a
2944 4635 3319 4692 saecularibus
3371 4637 3643 4708 negotiis,
3699 4653 3792 4694 re-

327 4726 735 4800 συγγινόμενος,
787 4721 1016 4794 δύναμιν
1075 4715 1343 4794 λαμϐάνει
1404 4720 1542 4792 πρὸς
1606 4719 1668 4774 τὸ
1729 4720 1912 4792 μαθεῖν

2134 4723 2428 4780 intiaverit
2509 4726 2704 4779 autem
2769 4723 2990 4780 cunctis
3077 4724 3402 4782 carnalibus
3476 4725 3792 4798 voluptati-

330 4813 412 4868 ὅτι
457 4811 752 4885 κέκρυπταί
806 4833 888 4873 τις
941 4810 993 4866 ἐν
1052 4807 1271 4871 ἀδύτοις
1318 4805 1542 4883 καρδίας
1592 4807 1738 4879 ἄλλη
1790 4806 1962 4878 πάλη,

327 4901 418 4955 καὶ
449 4898 619 4961 ἄλλος
669 4899 948 4974 λογισμῶν
987 4897 1234 4971 πόλεμος
1271 4915 1283 4929 ·
1335 4897 1428 4952 καὶ
1473 4895 1614 4952 οὕτω
1643 4898 1967 4974 παραμένων

329 4990 417 5047 καὶ
465 4993 570 5044 τῶν
620 4993 717 5042 τοῦ
762 4993 997 5062 Χριστοῦ
1049 4985 1306 5060 δεόμενος
1364 4986 1692 5061 οἰκτιρμῶν,
1741 4987 1971 5052 πίστεως

329 5079 474 5151 αὐτῷ
515 5075 736 5140 πολλῆς
779 5076 913 5149 μετά
961 5096 1023 5152 γε
1063 5080 1160 5131 τοῦ
1214 5076 1500 5151 ὑπομένειν
1554 5076 1922 5150 συνεπομένης
1954 5095 1968 5110 ·

329 5170 391 5224 οὐ
434 5169 542 5244 μὴν
585 5163 732 5220 ἀλλὰ
770 5164 990 5232 καὶτῆς
1039 5169 1134 5219 τοῦ
1166 5170 1299 5221 Θεοῦ
1340 5164 1516 5240 ῥοπῆς
1563 5168 1976 5241 συνεφαπτομέ-

331 5279 452 5330 νης,
486 5256 710 5312 δύναται
751 5258 857 5309 τῶν
904 5247 1054 5308 ἔνδον
1092 5252 1483 5327 ἀπαλλαγῆναι
1536 5252 1747 5329 δεσμῶν
1788 5276 1845 5310 τε
1883 5257 1971 5311 καὶ

331 5351 596 5426 φραγμῶν
641 5342 882 5410 ἐκείνων,
933 5346 1027 5396 καῖ
1077 5345 1172 5396 τοῦ
1220 5343 1443 5405 σκότους
1502 5349 1608 5398 τῶν
1656 5345 1976 5417 πνευμάτων

331 5443 430 5504 τῆς
477 5435 762 5510 πονηρίας,
814 5429 950 5508 άπερ
993 5430 1125 5486 είσίν
1183 5431 1237 5486 αἱ
1291 5436 1398 5486 τῶν
1445 5431 1833 5508 κεκρυμμένων
1875 5455 1980 5491 πα-

338 5527 444 5579 θῶν
480 5523 738 5600 ἐνέργειαι
775 5542 786 5556 ·
819 5526 1009 5578 τοῦτον
1044 5517 1100 5576 δὲ
1130 5520 1224 5576 τὸν
1255 5518 1502 5594 πόλεμον
1547 5518 1636 5577 διὰ
1671 5523 1766 5598 μὲν
1811 5523 1981 5600 χάρι-

358 5706 402 5742 ⁷⁸
442 5705 608 5764 Rom.
640 5719 742 5773 χιι,
773 5704 829 5758 ὃ.
1411 5729 1418 5736 ·

608 5807 875 5868 ΡΑτιιιοι.
922 5806 1038 5867 Gn.
1085 5802 1360 5866 XXXIV.

2075 4813 2215 4880 bus;
2248 4813 2384 4867 tunc
2439 4809 2536 4867 ille
2566 4810 2683 4868 Dec
2744 4810 3069 4880 adhaerens,
3101 4816 3158 4868 et
3204 4828 3308 4884 per
3338 4811 3520 4870 otium
3553 4829 3688 4871 cum
3723 4829 3793 4870 eo

2077 4917 2449 4971 conversans,
2480 4901 2760 4957 virtutem
2818 4900 3030 4973 accipit
3074 4902 3147 4958 ad
3197 4902 3566 4972 discendum,
3597 4904 3783 4961 latere

2078 4993 2137 5047 in
2166 4989 2354 5063 adytis
2384 4991 2576 5047 cordis
2606 4989 2780 5047 aliam
2804 4990 3042 5061 luctam,
3067 4996 3124 5048 et
3179 4992 3338 5049 aliud
3387 4994 3798 5066 cogitationum

2082 5079 2327 5148 bellum;
2361 5083 2418 5137 et
2455 5080 2540 5138 sic
2589 5095 2962 5152 permanens,
2995 5098 3059 5138 ac
3113 5081 3328 5140 Christi
3387 5085 3792 5143 miserationes

2082 5170 2426 5244 implorans,
2460 5170 2574 5226 ﬁde
2604 5171 2799 5242 ipsum
2847 5173 3052 5242 multa,
3076 5178 3389 5246 postquam
3422 5176 3790 5243 sustinuerit,

2085 5267 2382 5332 sequente,
2417 5261 2557 5332 quin
2601 5267 2653 5317 et
2702 5260 2804 5318 Dei
2853 5263 3114 5334 impulsu
3176 5271 3542 5337 cooperante,
3608 5270 3795 5335 potest

2086 5349 2465 5406 interioribus
2521 5349 2760 5407 liberari
2815 5352 3088 5422 vinculis,
3115 5358 3171 5410 et
3229 5355 3480 5412 maceria
3509 5353 3610 5410 illa
3641 5357 3802 5408 tene-

2086 5439 2351 5507 brarum,
2383 5453 2559 5509 quam
2612 5439 3015 5499 obmoliuntur
3073 5441 3185 5514 ipsi
3230 5441 3472 5513 spiritus
3507 5440 3799 5510 nequitiae,

2090 5528 2191 5601 qui
2223 5533 2360 5586 sunt
2388 5528 2618 5587 occulte
2648 5529 3059 5590 rebellantium
3117 5531 3178 5588 in
3227 5530 3394 5587 nobis
3439 5530 3802 5604 appetituum

3403 5810 3478 5868 31
