4076 6280
367 392 483 453 963
1673 385 1738 445 S.
1787 384 1977 446 MAG!

2229 382 2575 446 EGYPTII.
3715 383 3839 444 964

366 529 558 581 motus
589 526 646 580 et
674 524 937 580 conatus.
998 522 1115 578 Hoc
1170 523 1361 577 autem
1417 520 1653 587 bellum,
1686 536 1788 591 per
1826 519 1972 591 grati

2230 539 2279 580 ος
2311 520 2545 592 Χριστοῦ
2583 516 2672 571 καὶ
2723 513 3004 589 δυνάμεως
3057 512 3273 570 δυνατοὶ
3327 515 3592 589 γινόμεθα
3638 535 3840 590 καταρ-

361 615 575 672 Christi
609 622 662 670 et
711 614 1009 681 virtutem,
1044 627 1357 683 possumus
1399 610 1681 665 vincendo
1726 609 1912 664 finire.
1947 610 1971 664 Ε

2237 614 2329 666 εῖν.
2382 607 2551 663 Ἀθεεὶ
2594 604 2649 660 δὲ
2692 606 2781 660 καὶ
2828 602 2897 658 δι’
2928 606 3119 659 ἑαυτοῦ
3176 605 3433 679 ῥύσασθαί
3485 626 3602 659 τινα
3648 606 3840 660 ἑαυτὸν

359 705 473 761 Deo
505 720 638 759 vero
705 705 1047 774 adjuvante,
1080 706 1136 757 et
1186 718 1285 771 per
1329 717 1390 756 se
1438 702 1656 771 ipsum,
1720 700 1961 755 liberare

2236 699 2369 771 ,ἐχρι
2398 701 2494 750 106
2524 697 2611 750 καὶ
2642 700 2750 749 τῶν
2783 694 2841 749 ἐκ
2868 699 2975 748 τῶν
3007 692 3290 768 λογισμῶν
3319 693 3681 768 ἀπηλλάχθαι
3726 695 3846 748 πά-

359 810 740 867 quemquam,
778 794 963 863 quoad
1014 790 1190 855 lucta,
1219 807 1349 861 quae
1388 791 1502 860 ipsi
1549 795 1638 846 est
1686 805 1817 844 cum
1864 806 1964 858 cog

2228 807 2327 854 .ης,
2359 785 2617 841 ἀδύνατον
2651 802 2663 817 ·
2707 786 2767 838 τὸ
2814 782 2871 837 δὲ
2902 780 3198 859 ἀντιλέγειν
3227 784 3317 837 καὶ
3372 784 3447 857 μὴ
3492 780 3838 852 συνήδεσθαι,

363 884 625 961 tionibus
672 882 975 952 expeditus
1015 881 1207 948 fuerit,
1242 889 1323 935 est
1358 879 1773 951 impossibile;
1843 894 2088 934 renuere
2200 874 2445 932 δυνατόν.

361 989 569 1042 tamen
605 976 662 1026 et
691 987 804 1025 non
839 968 1249 1037 condelectari,
1284 969 1598 1041 possibile.

429 1062 600 1117 ΧΧΧ.
661 1061 719 1115 Si
780 1059 913 1131 quis
947 1062 1123 1115 rebus
1187 1060 1389 1114 mundi
1449 1060 1626 1130 hujus
1682 1063 1738 1113 et
1797 1059 1973 1115 variis
2004 1062 2039 1114 tt

2272 1058 2347 1115 A'.
2381 1055 2447 1111 Εἷ¹
2489 1078 2571 1118 τις
2615 1060 2731 1117 τοῖς
2763 1055 3044 1130 πράγμασι
3097 1060 3192 1108 106
3237 1054 3447 1127 κόσμου
3495 1055 3711 1122 τούτου,
3752 1058 3845 1109 καὶ

356 1155 564 1207 neatur
608 1150 891 1216 vinculis,
926 1150 1203 1221 idemque
1262 1151 1482 1205 feratur
1543 1149 1800 1205 motibus
1870 1166 1966 1220 ap;

2236 1151 2316 1209 οἷς
2344 1145 2619 1206 ποικίλοις
2668 1136 2911 1219 ἐνέχοιτο
2964 1142 3209 1216 δεσμοῖς,
3250 1149 3366 1205 τοῖς
3412 1151 3511 1212 τῆς
3549 1145 3735 1205 κακίας
3786 1165 3846 1198 τε

361 1249 524 1296 tuum
608 1240 1115 1307 inordinatorum,
1178 1238 1379 1310 procul
1437 1240 1485 1294 is
1544 1256 1684 1294 sane
1752 1239 1961 1305 aberit,

2228 1239 2563 1311 ‘uva111'70t1o
2622 1236 2835 1307 πάθεσι,
2872 1233 3089 1291 πολλοῦ
3139 1256 3199 1309 γε
3257 1233 3348 1289 καί
3406 1232 3489 1288 δεῖ
3534 1237 3838 1308 γινώσκειν,

361 1337 673 1400 cognoscat
718 1330 873 1399 quod
932 1329 1216 1397 diximus,
1248 1344 1377 1384 esse
1425 1330 1739 1399 quamdam
1798 1328 1971 1383 occuli

2231 1347 2272 1387 ›ς
2330 1326 2623 1405 φθάσαντες
2673 1322 2899 1400 ἔφημεν,
2934 1324 3065 1378 εἶναί
3112 1345 3232 1378 τινα
3281 1323 3462 1394 πάλην
3514 1324 3691 1394 ἄλλην
3749 1324 3841 1378 καὶ

366 1417 540 1471 aliam
568 1417 812 1483 luctam,
842 1424 894 1471 et
941 1415 1154 1471 bellum
1202 1416 1262 1470 in
1310 1432 1519 1470 arcano
1555 1416 1736 1470 aliud.
1772 1416 1873 1470 Sat
1929 1432 1976 1470 ei

2233 1416 2441 1489 λόλεμον
2487 1415 2537 1469 ἐν
2585 1419 2663 1485 τῷ
2722 1416 2908 1490 ἀφανεῖ
2962 1412 3169 1489 ἕτερον.
3231 1416 3541 1489 Ἀγαπητὸν
3600 1415 3703 1489 γὰρ
3748 1413 3843 1468 ’ἕνα

371 1510 428 1560 et
453 1506 687 1560 abunde
718 1504 1131 1575 gratulandum
1179 1506 1371 1573 fuerit,
1406 1506 1454 1559 si
1497 1505 1627 1575 quis
1659 1522 1721 1559 se
1760 1506 1981 1573 adjunxi

2238 1505 2365 1567 ύσας
2404 1526 2486 1566 τις
2528 1506 2716 1559 ἑαυτὸν
2758 1506 2973 1557 πάντων
3017 1506 3378 1581 φαινομένων,
3432 1505 3519 1557 καὶ
3569 1508 3673 1557 τῶν
3718 1524 3842 1577 σαρ-

373 1596 447 1649 ab
483 1596 900 1666 apparentibus
958 1594 1206 1659 cunctis,
1246 1600 1301 1649 et
1350 1594 1612 1650 carnales
1659 1611 1896 1664 prorsus
1926 1611 1983 1647 vo

2235 1599 2361 1648 ικῶν
2395 1592 2603 1663 ἡδονῶν
2652 1595 2986 1664 ἀποστήσας,
3016 1599 3095 1665 τῷ
3146 1594 3334 1667 Κυρίῳ
3363 1615 3420 1647 τε
3468 1590 3844 1667 προσεδρεύειν

367 1690 551 1755 ptates
618 1684 991 1750 abdicaverit,
1049 1685 1407 1754 Dominoque
1500 1684 1791 1739 adhaerere
1821 1700 1977 1755 cmpe

2235 1684 2515 1757 ρξάμενος,
2568 1683 2863 1760 ἐπιγνῶναι
2917 1681 3146 1753 δυνηθῇ,
3197 1685 3295 1750 τὴν
3356 1680 3505 1736 ἔνδον
3559 1680 3842 1756 οἰκουροῦ-

368 1790 434 1829 ac
484 1773 807 1843 intelligere
864 1779 1041 1843 queat
1105 1775 1337 1845 penitus
1398 1776 1550 1829 intra
1590 1791 1691 1829 nos
1723 1774 1978 1828 habitant

2234 1797 2291 1829 αν
2344 1780 2453 1830 τῶν
2532 1778 2712 1829 παθῶν
2791 1774 2996 1846 πάλην,
3058 1774 3291 1828 καὶτὸν
3372 1774 3422 1828 ἐν
3501 1776 3634 1845 ἡμῖν
3712 1794 3844 1847 κρυ-

370 1863 873 1933 perturbationum
936 1879 1003 1917 ex
1065 1864 1254 1933 pravis
1304 1865 1611 1919 affectibus
1645 1864 1965 1931 luctam,et

2237 1866 2329 1919 τὸν
2368 1864 2636 1937 πόλεμον,
2684 1863 2752 1919 Εἴ
2794 1866 2897 1938 γὰρ
2944 1867 3042 1935 μὴ,
3087 1865 3159 1924 ὡς
3208 1861 3437 1939 ἔψημεν,
3482 1867 3647 1917 ταῦτα
3686 1864 3847 1937 γένη-

2393 1956 2404 1966 .
2782 1956 2796 1966 .
2865 1959 2892 1966 _
3007 1961 3032 1966 _
3110 1957 3121 1966 .
3224 1960 3249 1966 _
3398 1951 3496 1966 ..η
3631 1950 3761 1966 ...α

370 1952 595 2005 cultum
666 1951 724 2005 in
786 1952 955 2006 nobis
1009 1951 1244 2005 bellum.
1280 1951 1403 2005 Nisi
1435 1954 1588 2007 enim
1625 1952 1681 2006 in
1715 1970 1869 2019 eum,
1912 1970 1980 2023 qu

2233 1976 2304 2025 αι,
2350 1956 2411 2008 ού
2446 1956 2571 2028 παρ’
2604 1953 2740 2024 ὅλης
2773 1956 2932 2026 ἡμῶν
2966 1961 3064 2022 τῆς
3098 1957 3282 2028 ψυχῆς
3322 1954 3412 2006 καὶ
3444 1951 3577 2015 ὅλος
3627 1952 3676 2023 ἐξ
3711 1950 3843 2006 ὅλου

371 2041 626 2095 diximus
674 2040 937 2107 modum,
974 2047 1183 2096 cuncta
1229 2048 1563 2111 comparata
1605 2042 1739 2107 sint,
1774 2042 1923 2095 haud
1970 2059 1981 2095 ι

2236 2067 2274 2105 ις
2339 2042 2718 2117 προσεδρεύειν
2778 2048 2855 2113 τῷ
2914 2048 3029 2113 Θεῷ
3086 2045 3365 2115 στέρξειεν,
3428 2040 3539 2095 οὐδ’
3596 2041 3846 2115 ἐπιγινώ-

370 2147 481 2202 que
541 2147 607 2185 ex
668 2131 938 2185 omnibus
999 2130 1207 2183 animm
1260 2131 1503 2199 viribus,
1537 2137 1593 2185 et
1650 2136 1808 2185 totus
1846 2149 1913 2186 ex
1962 2138 1980 2185 t

2234 2155 2307 2187 κει
2341 2134 2404 2187 τά
2450 2133 2736 2208 ἀπόρρητα
2783 2137 2950 2187 ταῦτα
2990 2140 3089 2201 τῆς
3139 2132 3329 2193 κακίας
3372 2133 3545 2202 πάθη,
3584 2132 3673 2185 καὶ
3716 2132 3844 2192 τοὺς

375 2222 506 2291 quis
556 2220 849 2275 adhesrere
880 2220 1018 2289 Deo,
1050 2220 1271 2275 sincero
1323 2221 1529 2275 alfectu
1563 2223 1851 2276 decernet.
1887 2221 1985 2276 Net

2234 2226 2300 2275 τῶ
2353 2219 2583 2294 δεσμούς
2620 2241 2632 2253 ⁸
2685 2220 2830 2275 ἀλλά
2878 2219 3173 2275 κινδυνεύει
3224 2221 3512 2295 τραύματα
3560 2216 3701 2293 ἔχων
3754 2223 3844 2273 καὶ

375 2316 684 2383 cognoscet
714 2328 957 2367 arcanos
1016 2312 1155 2367 istos
1203 2311 1262 2365 in
1311 2328 1479 2382 prava
1516 2313 1879 2367 tendentium
1910 2329 1980 2381 ap

2234 2318 2369 2390 φανῆ
2450 2312 2591 2381 πάθη
2673 2312 3051 2385 περιθάλπων,
3116 2310 3373 2384 ὑγιαίνειν
3451 2310 3682 2376 οἴεσθαι,
3754 2310 3844 2364 καὶ

372 2404 584 2458 tituum
646 2403 929 2469 insultus,
970 2407 1027 2457 ct
1080 2402 1307 2457 vincula
1364 2419 1490 2472 quae
1546 2403 1697 2457 intra
1780 2408 1950 2469 sunt;

2232 2407 2333 2455 οεῖν
2372 2421 2383 2432 ·
2435 2402 2513 2473 τῷ
2569 2398 2625 2455 δέ
2676 2422 2737 2474 γε
2796 2399 3086 2468 ἐπιθυμίας
3138 2401 3225 2453 καὶ
3289 2398 3450 2472 δόξης
3515 2396 3842 2471 ὑπεριδόντι,

372 2495 727 2562 periclitatur
785 2510 851 2549 eo
910 2493 1123 2547 erroris
1183 2492 1402 2557 labore,
1436 2498 1500 2545 ut
1528 2491 1867 2547 vulneribus
1902 2498 1982 2546 tra

2239 2497 2411 2566 ρῶτον
2448 2494 2539 2564 μὲν
2589 2491 2879 2566 ἐπιγνῶναι
2927 2496 3096 2545 ταῦτα
3130 2487 3346 2545 δυνατὸν
3391 2490 3617 2566 γίνεται,
3661 2486 3845 2543 ἔπειτα

376 2584 548 2649 ﬁxus,
583 2589 638 2637 et
669 2583 892 2637 morbis
950 2583 1214 2649 affectus,
1247 2600 1393 2653 quos
1449 2582 1599 2635 ultro
1633 2584 1803 2649 fovet,
1838 2584 1986 2651 perte

2234 2584 2252 2635 ὲ
2285 2580 2529 2651 δεηθέντι
2564 2586 2797 2655 Χριστοῦ
2833 2581 2969 2653 μετά
3012 2580 3272 2647 πίστεως,
3308 2579 3397 2633 καὶ
3430 2577 3575 2633 ὅπλα
3620 2574 3844 2633 λάϐοντι

374 2677 567 2725 tamen
604 2676 768 2740 putet
816 2687 880 2725 se
938 2672 1144 2724 valere.
1178 2672 1239 2724 Ei
1302 2676 1496 2724 autem
1531 2672 1628 2740 qui
1661 2672 1984 2739 concupiscu

2228 2672 2242 2740 Ξ
2291 2670 2516 2745 ούρανοῦ
2567 2670 2633 2724 τά
2678 2674 2774 2724 106
2830 2668 3169 2742 Πνεύματος,
3200 2670 3290 2723 τὸν
3343 2670 3557 2743 θώρακα
3605 2676 3701 2735 τῆς
3745 2666 3838 2721 δι-

375 2761 485 2814 tias
515 2765 568 2814 et
600 2759 843 2830 gloriam
869 2760 1305 2830 contempserit,
1342 2761 1591 2830 primum
1626 2761 1862 2830 quidem
1915 2778 1985 2831 po

2221 2760 2509 2829 ιαιοσύνης,
2540 2761 2638 2827 τὴν
2686 2758 3109 2835 περικεφαλαίαν
3144 2763 3239 2813 106
3289 2759 3571 2832 σωτηρίου,
3604 2758 3690 2810 τὸν
3737 2759 3831 2811 θυ-

375 2850 549 2905 datur
598 2866 665 2905 ea
719 2866 844 2920 quas
901 2849 1157 2904 diximus
1227 2865 1605 2919 cognoscere;
1677 2852 1884 2905 deinde
1954 2868 1985 2921 p

2210 2850 2314 2903 >εὸν
2377 2856 2477 2917 τῆς
2533 2850 2787 2917 πίστεως,
2846 2849 2935 2902 καὶ
2986 2850 3084 2917 τὴν
3148 2850 3452 2921 Πνεύματος
3526 2848 3820 2919 μάχαιραν,

374 2944 503 2995 cato
551 2938 846 2994 Christum
895 2956 1027 2994 eum
1091 2941 1219 3006 ﬁde,
1253 2946 1311 2994 et
1368 2956 1531 2996 arma
1588 2940 1833 3009 Spiritus
1864 2956 1893 2995 e
1924 2957 1984 2995 co

1209 2982 1219 3006 ,
1253 2946 1311 2994 et
1368 2956 1531 2996 arma
1588 2940 1833 3009 Spiritus
1864 2956 1893 2995 e
1924 2940 2085 2996 cmlis
2194 2944 2365 2992 ταῦτα
2395 2939 2819 2994 καταπαλαῖσαι.

374 3030 601 3100 adepto,
642 3028 884 3085 loricam
925 3028 1145 3084 scilicet
1177 3029 1443 3099 justitias,
1478 3029 1702 3100 galeam
1744 3028 1968 3099 salutis,
2010 3034 2244 3086 scutum
2288 3030 2439 3098 tidei,
2466 3038 2519 3085 et
2558 3031 2817 3103 gladium
2860 3030 3130 3101 Spiritus,
3179 3029 3343 3085 facile
3384 3030 3469 3096 fit,
3512 3035 3654 3084 totas
3692 3025 3833 3082 illas

377 3120 648 3174 adversas
690 3118 981 3174 debellare
1020 3119 1196 3174 acies.

442 3210 639 3265 XXXI.
676 3210 1137 3266 Innumerabiles
1169 3210 1324 3265 hosti
1359 3213 1559 3265 nostro
1608 3211 1807 3265 insunt
1840 3212 2052 3265 nocend

2276 3217 2398 3266 AA'.
2464 3210 2664 3284 Μυρίαι
2724 3216 2803 3281 τῷ
2877 3210 3226 3283 ἄντικειμένῳ
3286 3212 3336 3263 αἱ
3418 3209 3667 3283 μηχαναὶ
3733 3207 3849 3261 καθ’

372 3307 542 3364 artes,
577 3299 820 3354 avellere
852 3316 959 3354 nos
990 3316 1021 3353 a
1053 3301 1337 3353 charitate
1395 3300 1455 3353 in
1495 3300 1789 3355 Cbrislum
1824 3316 1982 3355 cona1

2248 3302 2382 3369 μῶν,
2415 3302 2513 3361 τῆς
2562 3298 2635 3359 εἰς
2680 3299 2770 3351 τὸν
2818 3298 3044 3367 Χριστὸν
3098 3298 3313 3373 ἀγάπης
3352 3296 3598 3365 ἀποσπᾷν
3647 3315 3853 3365 πειρω-

375 3390 491 3441 Aut
533 3388 689 3441 enim
740 3389 899 3442 intus
950 3389 1317 3453 afﬂictiones,
1350 3405 1451 3459 per
1507 3390 1756 3460 Spiritus
1818 3392 1985 3461 nequi

2241 3388 2366 3459 ,ἑνῳ.
2412 3394 2477 3443 Ἠ
2527 3389 2630 3462 γὰρ
2674 3386 2822 3441 ἔνδον
2874 3387 3086 3461 θλίψεις
3137 3384 3224 3440 διά
3271 3390 3380 3440 τῶν
3428 3389 3527 3453 τῆς
3578 3386 3851 3457 πονηρίας

376 3476 435 3529 in
468 3476 726 3531 animam
760 3477 1065 3543 immittit;
1105 3482 1207 3531 aut
1263 3477 1642 3547 cogitationes
1700 3479 1986 3533 obscoenas

2244 3478 2519 3548 νευμάτων
2581 3480 2649 3549 τῇ
2706 3480 2861 3554 ψυχῇ
2914 3474 3124 3550 ἐπάγει,
3174 3476 3207 3543 ἢ
3269 3474 3576 3549 λογισμοὺς
3622 3476 3852 3548 μιαροὺς

376 3564 655 3619 nefandas
722 3564 1004 3633 producit,
1074 3570 1435 3634 patratorum
1505 3565 1645 3619 olim
1736 3566 1986 3637 ﬂagitior

2247 3586 2258 3618 ε
2310 3566 2399 3619 καὶ
2446 3564 2735 3637 ἀθεμίτους
2786 3566 2988 3635 ταύτης
3048 3564 3452 3633 κατασκευάζει,
3503 3568 3610 3617 τῶν
3652 3563 3857 3639 προτέ-

378 3651 721 3707 memoriam
756 3651 1379 3718 ret‘ricans;interdum
1433 3659 1490 3707 et
1548 3658 1822 3723 satagens
1856 3655 1988 3724 injic

2246 3674 2309 3707 ιον
2362 3655 2774 3727 ἁμαρτημάτων
2832 3655 2929 3721 τὴν
3006 3656 3230 3727 μνήμην
3295 3652 3703 3721 ἀνασκαλεύων,
3763 3649 3856 3707 ἅτε

377 3739 643 3804 ῐωάὶιιω,
676 3739 1193 3812 suggestionesque
1229 3740 1649 3811 desperationis
1678 3742 1966 3808 inserens,

2248 3740 2477 3795 αύνωσιν
2526 3742 2664 3815 αὐτῇ
2716 3742 2937 3797 ἐνθεῖναι
2990 3740 3350 3816 βουλόμενος,
3405 3742 3494 3795 καὶ
3546 3742 3854 3816 λογισμοὺς

379 3830 502 3885 lute
559 3845 686 3885 eam
740 3829 910 3900 potiri
970 3846 1087 3886 non
1145 3846 1348 3900 posse;
1384 3831 1465 3886 ita
1518 3830 1751 3901 quidem
1784 3836 1848 3887 ut
1877 3848 1983 3905 cog

2244 3833 2562 3906 πογνώσεως
2614 3827 2936 3905 ἐμϐάλλειν,
2970 3834 3051 3887 ὅτι
3101 3832 3155 3886 δὲ
3197 3832 3256 3887 ού
3311 3830 3534 3887 δυνατὸν
3570 3832 3709 3906 αύτῇ
3752 3854 3854 3887 σω-

378 3920 568 3975 tiones
625 3919 765 3973 istas
820 3934 889 3973 ex
953 3918 1149 3975 anima
1206 3935 1305 3990 per
1356 3935 1417 3975 se
1458 3920 1589 3991 ipsa
1620 3920 1770 3976 ultro
1794 3927 1973 3977 enata:

2246 3917 2391 3992 ηρίας
2419 3924 2607 3992 τυχεῖν
2643 3938 2654 3950 °
2686 3920 2783 3973 παὶ
2830 3920 2904 3983 ὡς
2931 3920 3059 3981 τοὺς
3112 3920 3416 3993 λογισμοὺς
3465 3922 3695 3982 τούτους
3729 3922 3856 3994 παρ’

377 4010 661 4078 deantur;
697 4026 811 4065 non
844 4012 1039 4065 autem
1075 4010 1145 4064 ab
1178 4009 1366 4065 alieno
1416 4010 1622 4079 spiritu
1640 4011 1922 4083 fmaligne
1954 4030 1980 4068 s

2247 4015 2392 4077 ιυτῆς
2425 4007 2572 4072 ὅλως
2614 4015 2717 4077 τῆς
2758 4012 2947 4083 ψυχῆς
2992 4009 3405 4085 γεννώσης,καί
3452 4010 3581 4085 οὐχὶ
3621 4010 3857 4083 πνεύμα-

373 4100 697 4167 seminatae,
732 4104 930 4172 utpote
988 4102 1089 4170 qui
1148 4099 1309 4170 cupit
1364 4102 1561 4155 latere.
1595 4104 1703 4155 Aut
1735 4102 1917 4172 igitur
1968 4102 1983 4156 Ι

2241 4119 2289 4159 τις
2344 4095 2647 4171 ἀλλοτρίου
2716 4102 2896 4159 κακῶς
2966 4097 3160 4161 αὐτοὺς
3250 4099 3700 4171 ὑποσπείραντος,
3762 4101 3851 4154 καὶ

374 4191 514 4262 agit,
548 4192 647 4244 aut
677 4189 901 4245 labores
942 4205 1246 4260 corporeos
1305 4189 1605 4257 immittit;
1640 4195 1740 4244 aut
1771 4190 1945 4246 variis

2240 4187 2546 4260 ουλομὲνου
2602 4188 2905 4245 λανθάνειν.
2958 4190 3024 4243 Ἢ
3084 4190 3262 4244 τοίνυν
3327 4187 3502 4243 ἐκεῖνα
3588 4196 3755 4259 ποιεῖ,

375 4280 643 4348 cogitatis
702 4280 889 4334 modls
946 4285 1233 4349 procurat,
1266 4278 1642 4334 contumeliis
1691 4281 1872 4335 bonos
1932 4282 1985 4335 al

2242 4278 2393 4339 όνους
2445 4279 2791 4351 σωματικοὺς
2822 4277 3032 4353 ἐπάγει.
3074 4280 3143 4334 Ἢ
3197 4278 3539 4352 ὀνειδισμοὺς
3590 4280 3677 4333 καὶ
3729 4280 3847 4334 θλί-

374 4369 446 4422 ab
482 4368 829 4422 hominibus.
870 4368 942 4421 At
990 4374 1204 4437 quanto
1238 4369 1506 4423 acerbius
1538 4367 1844 4439 malignus
1898 4368 1984 4423 ho:

2242 4386 2317 4428 εις
2349 4369 2445 4429 τὰς
2493 4367 2542 4441 ἐξ
2595 4369 2893 4442 ἀνθρώπων
2953 4368 3163 4423 ἐπινοεῖ
3194 4388 3207 4401 ·
3256 4368 3384 4425 ἀλλ’
3432 4370 3555 4423 ὅσον
3610 4370 3635 4423 ὁ
3680 4390 3849 4438 πονη-

374 4457 496 4511 haec
528 4457 587 4510 in
622 4472 724 4511 nos
782 4456 953 4528 ignea
986 4456 1277 4525 jaculatur
1333 4456 1491 4525 tela;
1526 4462 1685 4513 tanto
1736 4475 1839 4514 nos
1877 4458 1984 4513 inst

2227 4456 2291 4515 ec
2322 4458 2388 4511 τὰ
2435 4456 2800 4531 πεπυρωμένα
2850 4462 3020 4512 ταῦτα
3065 4458 3198 4534 βέλη
3250 4461 3367 4513 καθ’
3418 4462 3573 4531 ἡμῶν
3621 4458 3837 4529 ἀφίησι,

374 4548 494 4605 tius
524 4548 795 4603 convenit
816 4548 935 4619 spei
955 4565 1274 4620 suspensas
1308 4566 1376 4603 ex
1406 4550 1520 4605 Deo
1554 4550 1737 4621 magis
1785 4551 1984 4621 magisr

2222 4551 2458 4601 τοσοῦτον
2521 4550 2669 4620 ἡμᾶς
2728 4550 2994 4623 προσήκει
3054 4556 3153 4618 τῆς
3214 4550 3352 4621 πρὸς
3426 4551 3544 4605 Θεὸν
3610 4543 3832 4606 ἐλπίδος

370 4639 585 4694 habere
644 4638 1135 4707 rationes;certo
1222 4639 1424 4710 utique
1513 4655 1838 4709 persuasos,
1899 4640 1980 4695 dii

2225 4634 2418 4690 ιᾶλλον
2467 4636 2712 4713 ἐξῆφθαι,
2766 4633 3005 4711 ἀκριϐῶς
3065 4635 3297 4707 εἰδότας,
3351 4637 3435 4692 ὅτι
3482 4640 3634 4691 10610
3688 4634 3835 4705 αὐτῷ

370 4730 538 4784 nobis
563 4730 695 4783 talia
758 4729 1017 4800 permitti
1077 4727 1397 4795 voluntate,
1431 4745 1559 4799 qua:
1613 4744 1793 4783 unum
1825 4727 1881 4782 id
1925 4745 1980 4800 sp

2238 4724 2461 4798 έλημα³
2503 4725 2566 4779 τὸ
2603 4725 2697 4787 τὰς
2745 4724 3019 4799 ἐρωτικῶς
3074 4726 3308 4803 ἐχούσας
3359 4728 3523 4782 αὐτοῦ
3575 4725 3647 4787 εἷς
3697 4721 3845 4779 δοκί-

371 4822 471 4884 tat,
524 4822 588 4872 ut
642 4823 905 4874 amantes
964 4818 1063 4873 Dei
1122 4818 1330 4873 animae
1387 4821 1472 4874 tot
1529 4818 1832 4887 exploratis
1884 4834 1981 4889 pro

2231 4835 2327 4868 ιιον
2390 4812 2573 4869 δοῦναι
2626 4814 2828 4891 ψυχὰς,
2882 4817 2927 4869 εἰ
2978 4814 3028 4885 ἐξ
3077 4816 3339 4887 ἀληθείας
3400 4818 3560 4872 αὐτὸν
3620 4817 3841 4892 ἠγαπή-

366 4906 646 4973 tionibus,
701 4907 1008 4962 manifesto
1060 4910 1387 4963 monstrent
1431 4922 1494 4962 se
1552 4922 1684 4962 eum
1730 4906 1791 4961 in
1848 4906 2086 4963 veritate
2196 4922 2341 4957 κασι-

368 4994 628 5064 diligere.

437 5084 585 5139 22!
642 5084 872 5139 XXXII.
898 5086 1047 5140 Anni
1096 5086 1251 5141 mille
1312 5087 1487 5157 hujus
1546 5088 1668 5154 aevi,
1730 5088 1951 5143 mundo
1981 5085 2043 5141 in

2267 5082 2387 5138 AB'.
2422 5081 2585 5137 Χίλια
2632 5078 2723 5153 ἔτη
2778 5088 2875 5138 τοῦ
2922 5087 3120 5147 αἰῶνος
3168 5087 3387 5155 τούτου,
3440 5086 3702 5163 ἀφθάρτῳ
3752 5084 3839 5138 κό-

364 5172 730 5244 corruptibili
756 5177 813 5229 et
842 5174 1151 5229 mternitati
1208 5177 1544 5246 comparati,
1580 5192 1645 5232 ea
1677 5175 1759 5229 illi
1796 5180 1909 5231 fere
1941 5193 1974 5246 p

2231 5192 2315 5243 μῳ
2357 5171 2445 5225 καὶ
2497 5173 2647 5226 αἰῶνι
2698 5171 3164 5249 παραϐαλλόμενα
3208 5178 3426 5231 τοιοῦτό
3477 5177 3530 5231 τί
3574 5175 3731 5243 εἰσιν,
3768 5176 3841 5235 ὡς

362 5265 627 5337 portione
685 5264 1059 5335 respondent,
1095 5282 1210 5335 qua
1268 5270 1334 5320 ut
1390 5266 1439 5321 si
1500 5267 1631 5337 quis
1689 5282 1755 5320 ex
1807 5266 1972 5320 unive

2232 5258 2237 5312 ἶ
2270 5281 2351 5321 τις
2381 5263 2608 5334 ψάμμον
2645 5262 2768 5333 μίαν
2816 5271 2915 5332 τῆς
2949 5263 3085 5334 ὅλης
3137 5266 3371 5337 ψάμμου
3415 5271 3516 5332 τῆς
3560 5263 3842 5332 θαλάσσης

359 5372 533 5412 arena
576 5371 758 5410 unum
817 5368 1069 5425 granum
1129 5355 1397 5426 accipiat.
1425 5354 1960 5411 Considerationem

2231 5344 2349 5403 άϐοι
2384 5391 2395 5403 .
2426 5349 2627 5424 Σκέψαι
2673 5348 2728 5405 δέ
2764 5373 2856 5423 μοι
2908 5354 2998 5407 καὶ
3047 5355 3137 5407 τὸν
3172 5353 3375 5427 τρόπον
3405 5356 3596 5407 τοῦτον
3634 5370 3646 5384 ·
3701 5349 3841 5407 ἔστω

357 5445 509 5501 hanc
565 5444 831 5511 institue;
867 5456 1207 5499 concessum
1260 5443 1367 5498 tibi
1427 5460 1554 5500 esse
1614 5460 1956 5516 supremum

2229 5441 2283 5514 ὶρ
2332 5439 2523 5510 ἐξεῖναί
2572 5461 2654 5495 σοι
2711 5442 2857 5514 μόνῳ
2914 5443 3007 5516 μὲν
3066 5445 3301 5518 γενέσθαι
3366 5443 3589 5517 βασιλεῖ
3644 5444 3839 5512 πάσης

358 5549 561 5589 omnes
616 5537 800 5590 terras
850 5533 1161 5605 imperium
1227 5549 1361 5588 cum
1412 5534 1583 5605 plena
1610 5539 1667 5590 et
1697 5550 1902 5590 secura
1933 5552 1967 5605 p

2225 5536 2275 5599 ῆς
2327 5536 2425 5603 γῆς
2462 5547 2474 5560 ·
2536 5529 2688 5603 μόνῳ
2733 5534 2840 5585 τῶν
2903 5533 3184 5605 θησαυρῶν
3253 5532 3503 5587 ἀπάντων
3562 5529 3835 5588 δεσπόσαι

358 5623 619 5680 sessione
675 5625 937 5681 omnium
996 5625 1420 5684 thesaurorum.
1458 5625 1761 5682 Faciamus
1793 5628 1964 5695 praete

2220 5622 2270 5684 ig
2303 5616 2651 5691 οἰκουμένης.
2700 5624 2889 5693 Θῶμεν
2938 5618 2993 5674 δὲ
3038 5623 3136 5689 τὴν
3190 5623 3369 5697 ἀρχὴν
3420 5628 3518 5690 τῆς
3567 5625 3674 5673 τῶν
3728 5621 3830 5674 ἀν-

356 5729 517 5809 ,ιιιιω
550 5712 691 5769 illud
725 5730 970 5786 regnum
1011 5715 1315 5787 inccspisse
1355 5715 1551 5773 statim
1584 5732 1616 5771 a
1643 5714 1829 5785 primo
1860 5729 1966 5769 reri

2224 5708 2402 5761 nban
2451 5706 2524 5769 εἰς
2558 5708 2619 5763 τὸ
2654 5709 2789 5764 εἶναι
2842 5717 3203 5788 παραγωγῆς,
3239 5712 3418 5786 ἀρχὴν
3472 5708 3560 5765 καί
3604 5730 3690 5764 σοι
3732 5731 3834 5783 γε·
