4076 6280
323 455 440 517 965

1568 456 1666 515 DE
1711 453 2154 518 LIBERTATE
2199 452 2489 514 MENTIS
2502 497 2516 511 .

3677 457 3796 522 966

335 579 514 634 νὲσθαι
545 583 642 647 τῆς
681 575 957 652 βασιλείας
993 597 1006 610 ·
1030 580 1155 654 ὅρον
1209 577 1265 634 δὲ
1294 579 1494 650 ταύτης
1547 581 1676 634 εἶναι
1723 581 1822 648 τὴν
1866 582 1965 633 τῶι

2133 583 2240 644 rtu,
2289 593 2355 632 ac
2401 577 2720 634 terminum
2771 581 2898 652 ejus
2942 581 3062 636 fore
3110 582 3678 640 consummationem
3709 586 3801 640 ul-

338 666 678 748 φαινομένων
717 669 926 722 τούτων
958 667 1048 722 καὶ
1087 671 1184 722 106
1226 669 1438 741 κόσμου
1484 669 1684 732 παντὸς
1731 665 1978 723 ἀλλοίω-

375 757 390 812 ί
623 755 638 774 \
917 756 928 775 ι
1176 757 1186 778 r
1277 755 1302 774 1-
1367 777 1377 789 .
1470 757 1483 778 ν
1527 760 1546 790 ,ι
1636 759 1646 776 1
1887 755 1910 773 λ

338 780 416 813 σν
448 779 504 811 τε
551 777 640 811 και
695 777 1077 830 μεταποιησιν.
1128 765 1186 811 T'.
1245 779 1333 812 ουν
1368 803 1380 826 ,
1433 777 1689 831 αιρεσεως
1739 778 1822 811 σοι
1883 771 1978 810 00·-

335 844 538 916 θείσης,
598 845 839 920 ἧμειψας
895 847 1064 915 αὐτὴν
1118 853 1220 914 τῆς
1271 846 1538 916 ἀληθινῆς
1587 847 1677 901 καὶ
1738 841 1976 920 βεϐαίας,

328 937 414 989 καὶ
453 932 607 989 οὐδὲν
635 933 882 997 οὐδόλως
916 934 1154 1010 ἐχούσης
1200 933 1496 1006 παροδικὸν
1546 937 1632 990 καὶ
1667 933 1933 1007 λυόμενον
1962 953 1976 1004 ;

329 1024 438 1079 Οὐκ
486 1023 547 1078 ἂν
597 1019 765 1098 ἔγωγε
803 1023 986 1102 φαίην,
1023 1023 1074 1078 εἷ’
1125 1046 1208 1078 σοι
1256 1026 1317 1079 τὸ
1365 1025 1547 1099 κρίνον
1581 1025 1694 1098 εἶχε
1741 1045 1832 1077 και
1878 1043 1978 1077 κα-

331 1111 441 1175 λῶς
477 1113 735 1168 ἐσκέπτου
780 1113 901 1188 περὶ
947 1119 1052 1169 τῶν
1113 1118 1216 1167 σῶν
1251 1114 1346 1168 ’Τί
1394 1116 1493 1189 γὰρ
1552 1113 1763 1188 κέρδος,
1820 1113 1974 1191 φησὶ,

328 1207 408 1274 τῷ
465 1202 760 1278 ἀνθρώπῳ,
817 1203 864 1256 εἷ’
918 1204 1008 1256 τὸν
1065 1202 1266 1276 κόσμον
1329 1203 1457 1257 ὅλον
1533 1200 1824 1276 κερδήσας,
1884 1207 1978 1271 ζη-

335 1293 466 1364 μιθῇ
525 1293 622 1360 τὴν
684 1292 868 1365 ψυχήν
930 1293 1118 1361 αὐτοῦ,
1175 1294 1242 1361 ἧς
1301 1291 1409 1346 οὐδ’
1471 1291 1607 1346 εἶναί
1663 1313 1715 1345 τι
1774 1290 1978 1345 ἀντάλ-

330 1377 522 1457 λαγμα
581 1381 1016 1453 μεμαθήκαμεν;
1073 1382 1186 1436 ἐπεὶ
1243 1383 1330 1436 καὶ
1379 1382 1573 1444 παντὸς
1619 1386 1716 1436 τοῦ
1764 1381 1976 1453 κόσμου

327 1470 420 1524 καὶ
475 1476 576 1538 τῆς
640 1471 774 1523 κατὰ
839 1469 1043 1540 κόσμον
1110 1471 1387 1545 βασιλείας
1445 1471 1582 1540 αὐτὴ
1646 1473 1784 1544 μόνη
1859 1471 1976 1525 καθ’

330 1559 523 1628 ἑαυτὴν
575 1561 608 1628 ἡ
657 1561 810 1633 ψυχὴ
868 1561 1168 1636 τιμιωτέρα
1222 1559 1442 1632 πολλῷ,
1493 1562 1660 1632 μήτοι
1707 1581 1766 1634 γε
1795 1563 1830 1630 ἡ
1865 1565 1973 1615 τῶν

331 1648 566 1722 οὐρανῶν
628 1649 877 1722 βασιλεία
912 1671 924 1682 ·
956 1651 1283 1726 τιμιωτέραν
1343 1649 1400 1706 δὲ
1457 1653 1591 1706 κατὰ
1655 1655 1816 1706 τοῦτο
1872 1653 1971 1721 τὴν

329 1739 512 1811 ψυχὴν
567 1738 718 1801 εἶναι,
772 1741 965 1818 φαμὲν,
1017 1742 1132 1794 καθ’
1162 1741 1190 1794 ὃ
1226 1743 1300 1814 μή
1353 1739 1438 1794 ἐπ’
1485 1739 1634 1794 οὐδὲν
1675 1738 1815 1794 ἄλλο
1866 1745 1974 1795 τῶν

331 1831 495 1884 ὅντων
553 1830 850 1899 ηὐδόκησεν
891 1832 917 1885 ὁ
959 1831 1088 1892 Θεὸς
1143 1836 1238 1886 106
1297 1831 1606 1904 Πνεύματος
1675 1838 1772 1900 τῆς
1835 1829 1975 1895 ἰδίας

330 1922 538 1998 φύσεως
569 1918 758 1976 ἕνωσιν
807 1925 986 1976 θεσθαι
1043 1923 1132 1977 καὶ
1199 1923 1484 1977 κοινωνίαν
1521 1946 1532 1956 ·
1579 1923 1675 1978 οὐκ
1734 1923 1970 1998 οὐρανῷ,
2011 1965 2054 2028 Β

373 2011 386 2028 3
481 2014 492 2028 Ι
512 2009 531 2028 Ἰ
556 2011 566 2028 1
717 2011 729 2028 ⁷
811 2011 836 2028 Ἰ
1121 2013 1132 2028 1
1174 2015 1198 2028 Α
1242 2013 1260 2028 κ
1297 2014 1307 2028 1
1507 2015 1519 2028 9
1605 2019 1632 2028 ευ
1756 2013 1768 2028 3
1863 2013 1876 2028 ο
1929 2011 1938 2028 Ι

329 2011 440 2088 οὐχ
470 2009 641 2083 ἡλίῳ,
675 2011 773 2066 οὐκ
802 2011 1044 2085 ἄστροις,
1079 2013 1140 2066 οὐ
1173 2013 1431 2085 θαλάττῃ,
1466 2015 1526 2068 οὐ
1566 2019 1660 2087 γῇ,
1713 2013 1825 2086 οὐχ
1863 2011 1978 2066 ἑτέ-

331 2121 396 2170 ρᾳ
437 2102 543 2154 τινὶ
593 2101 761 2156 κτίσει
801 2105 907 2158 τῶν
947 2103 1264 2177 ὁρωμένων,
1313 2101 1396 2158 ὅτι
1451 2104 1526 2175 μή
1578 2107 1656 2173 τῷ
1705 2102 1974 2176 ἀνθρώπῳ

334 2190 506 2264 μόνῳ·
569 2192 614 2262 ᾦ
672 2193 760 2245 καὶ
813 2195 920 2246 τῶν
967 2193 1278 2266 κτισμάτων
1336 2191 1496 2252 αὐτὸς
1557 2194 1810 2265 ἠγάπησε
1866 2197 1975 2248 τῶν

331 2278 562 2338 οἶκείων.
599 2280 656 2335 Εἴ
691 2279 780 2335 οὐν
807 2282 872 2335 τὰ
924 2281 1138 2356 μεγάλα
1177 2281 1329 2336 ταυτὶ
1371 2285 1468 2336 106
1517 2281 1748 2354 κόσμου,
1803 2279 1974 2336 πλοῦ-

327 2372 419 2423 τόν
479 2391 624 2444 φημι
685 2368 904 2425 τοσόνδε
961 2372 1048 2424 καὶ
1111 2370 1386 2444 βασιλείαν
1443 2379 1543 2440 τῆς
1602 2375 1708 2443 γῆς
1761 2370 1974 2441 ἀπάσης

330 2459 414 2537 ὑφ’
447 2459 524 2512 ἒνὶ
558 2459 708 2532 μόνῳ
751 2459 1028 2532 κειμένην,
1079 2459 1176 2514 οὐκ
1225 2462 1282 2513 ἂν
1334 2461 1508 2534 ὀρθῶς
1555 2461 1830 2532 κρίναντες
1873 2467 1973 2529 τῆς

325 2548 548 2602 αἰωνίου
582 2548 896 2620 ἠλλάξαμεν
931 2547 1232 2624 βασιλείας,
1266 2549 1316 2604 τί
1347 2549 1611 2610 παθόντες
1661 2550 1713 2602 οἱ
1752 2549 1976 2610 πλείους

326 2635 547 2713 φαύλων
578 2636 742 2706 αὐτὴν
795 2639 886 2691 καὶ
925 2643 1032 2692 τῶν
1081 2637 1364 2716 τυχόντων
1409 2643 1674 2710 τιμῶνται
1715 2659 1975 2712 πραγμα-

323 2743 452 2780 των’
507 2725 618 2780 οἷον
679 2725 970 2800 ἐπιθυμίας
1029 2728 1196 2798 τινὸς,
1255 2725 1414 2796 δόξης
1473 2726 1691 2801 ὀλίγης,
1750 2725 1971 2800 κέρδους

329 2817 571 2890 μετρίου,
603 2817 694 2870 καὶ
725 2821 830 2870 τῶν
872 2817 1172 2885 τοιούτωνς
1206 2816 1335 2889 ὅπερ
1369 2817 1467 2892 γάρ
1508 2838 1590 2878 τις
1634 2821 1730 2871 106
1779 2817 1974 2877 αἰῶνος

321 2905 518 2958 τούτου
567 2904 738 2979 φιλεῖ,
781 2906 870 2960 καὶ
903 2908 947 2976 ᾧ
981 2901 1208 2976 δέδεται,
1252 2905 1424 2960 ἐκεῖνο
1473 2906 1690 2969 πάντως
1736 2907 1824 2960 καὶ
1873 2911 1973 2970 τῆς

322 2997 432 3047 τῶν
466 2992 704 3064 οὐρανῶν
737 2993 1062 3048 ἀλλάττεται
1096 2995 1378 3068 βασιλείας
1401 3015 1412 3026 ’
1461 2995 1551 3048 καὶ
1598 2996 1660 3049 τὸ
1709 2993 1970 3068 χαλεπώ-

319 3101 501 3148 τατον,
541 3079 622 3135 ὅτι
671 3081 762 3134 καὶ
815 3084 943 3136 Θεὸν
998 3085 1215 3157 ἡγεῖται
1263 3088 1445 3136 τοῦτο·
1497 3084 1677 3143 καθώς
1723 3103 1827 3136 που
1889 3081 1974 3136 λέ-

321 3171 532 3237 λεκται,
580 3170 661 3224 ὅτι
708 3171 752 3242 ᾦ
790 3190 872 3230 τις
923 3172 1172 3241 ἣττηται,
1225 3170 1402 3242 τούτῳ
1463 3172 1554 3225 καὶ
1609 3169 1970 3226 δεδούλωται.

318 3262 438 3334 Χρή
491 3258 580 3314 οὖν
632 3259 761 3314 ὅλον
814 3258 929 3331 ὅλῳ
976 3256 1043 3312 ’δι’
1094 3257 1228 3313 ὅλου
1271 3281 1350 3330 τῳ
1397 3258 1514 3330 Θεῷ
1571 3257 1964 3333 προσδραμεῖν,

2089 666 2293 722 timam
2352 665 2568 736 seaculi,
2627 671 2684 722 et
2736 683 2932 724 rerum
2992 671 3164 726 modo
3234 673 3639 744 apparentium
3697 691 3792 730 ex-

2089 760 2407 828 spectatam
2439 756 2755 830 aliquando
2797 760 3205 817 mutationem.
3260 763 3408 827 Quid
3441 779 3574 837 ergo
3594 765 3621 819 ?
3652 781 3794 822 num

2089 845 2363 918 opinione
2408 845 2512 901 tibi
2565 848 2696 902 data
2746 847 3032 918 eligendi,
3086 854 3284 907 utrum
3322 851 3530 909 malles
3569 869 3638 910 ex
3673 854 3800 910 isti

2088 936 2315 992 duobus
2359 937 2571 1010 regnis,
2613 943 2964 1008 praoptares
3007 938 3116 996 hoc
3165 945 3462 998 terrenum
3493 946 3552 999 in
3587 945 3792 1000 mundi

2088 1026 2202 1080 ﬁne
2258 1025 2603 1096 desiturum,
2665 1027 2982 1098 praeferens
3045 1029 3102 1084 id
3179 1029 3265 1086 illi
3323 1031 3539 1088 omlesti
3607 1032 3797 1102 alteri,

2087 1131 2238 1182 vero,
2293 1115 2476 1170 solido
2517 1120 2572 1171 et
2611 1117 2973 1186 permanenti
3023 1135 3199 1191 regns
3233 1119 3260 1174 Ἰ
3309 1121 3474 1175 Haud
3523 1123 3796 1192 equidem

2087 1204 2456 1272 crediderim,
2511 1205 2562 1262 si
2613 1206 2812 1277 utique
2844 1208 3061 1278 sapias,
3113 1212 3170 1263 et
3199 1225 3359 1278 aequo
3399 1210 3796 1281 rectoqueju-

2086 1293 2236 1349 dicio
2267 1295 2338 1349 de
2365 1311 2425 1350 re
2457 1301 2554 1349 tua
2581 1298 2746 1350 tanta
2785 1299 3033 1352 statuas.
3068 1297 3207 1365 Quid
3236 1301 3382 1352 enim
3411 1299 3520 1370 (ait
3547 1299 3798 1364 Veritas)

2083 1387 2296 1454 prodest
2371 1382 2604 1453 homini,
2657 1386 2711 1438 si
2783 1385 3056 1440 mundum
3129 1389 3446 1443 universum
3526 1387 3795 1460 lucretur,

2085 1475 2294 1531 anima:
2351 1481 2536 1529 autem
2595 1488 2714 1530 suae
2781 1476 3174 1531 detrimentum
3242 1479 3494 1548 patiatur
3548 1480 3619 1534 7".
3687 1484 3797 1536 Pro

2085 1581 2202 1636 qua
2233 1564 2380 1618 nihil
2423 1579 2533 1634 par
2580 1565 2640 1618 in
2691 1566 3208 1622 commutationem
3251 1568 3376 1622 dari
3427 1585 3598 1640 posse
3647 1570 3798 1626 didi-

2085 1655 2298 1723 cimus,
2332 1652 2804 1725 quandoquidem
2847 1657 2902 1708 et
2949 1656 3166 1710 mundo
3215 1655 3342 1727 ipso
3375 1661 3516 1726 toto,
3558 1663 3615 1714 et
3644 1674 3795 1729 qua—

2086 1743 2361 1814 licunque
2403 1743 2698 1798 mundano
2731 1759 2928 1815 regno,
2964 1744 3086 1800 sola
3136 1761 3231 1815 per
3284 1762 3346 1801 se
3377 1747 3566 1818 ipsam
3599 1749 3795 1806 anima

2085 1833 2370 1903 pretiosor
2407 1833 2590 1888 multo
2643 1837 2731 1888 est
2763 1851 2776 1901 ;
2812 1835 3026 1888 nedum
3075 1839 3138 1889 ut
3184 1837 3508 1906 comparari
3556 1853 3689 1892 cum
3721 1838 3794 1894 iis

2085 1923 2266 1992 possit
2308 1922 2587 1976 ccelorum
2639 1938 2905 1992 regnum.
2957 1923 3096 1979 Inde
3145 1928 3336 1979 autem
3384 1927 3790 1996 pretiosiorem

2081 2011 2308 2067 cunctis
2367 2011 2618 2066 dicimus
2666 2011 2949 2082 animam,
2993 2015 3144 2083 quod
3195 2015 3381 2069 solam
3429 2013 3587 2069 illam
3632 2016 3788 2070 inter

2082 2117 2286 2156 omnes
2319 2102 2622 2156 inferiores
2663 2107 2960 2157 creaturas
2999 2103 3234 2174 dignam
3287 2105 3438 2159 Deus
3479 2104 3786 2174 judicavit,

2082 2192 2172 2246 cui
2207 2207 2376 2246 suum
2425 2192 2666 2262 proprias
2717 2195 2936 2246 naturae
2983 2193 3262 2264 Spiritum
3311 2193 3505 2248 intime
3553 2194 3786 2248 unitum

2081 2281 2314 2350 penitus
2343 2280 2568 2336 inderet
2607 2285 2664 2336 et
2713 2281 3206 2350 communicaret;
3257 2285 3407 2354 quod
3459 2300 3574 2339 non
3622 2285 3786 2352 ccelo,

2079 2386 2196 2424 non
2229 2371 2356 2435 soli,
2388 2387 2501 2424 non
2536 2373 2734 2435 astris,
2767 2387 2882 2424 non
2917 2371 3084 2440 mari,
3118 2387 3235 2426 non
3267 2380 3428 2428 terra:
3459 2374 3784 2442 concessit;

2081 2475 2192 2512 non
2254 2458 2350 2513 alii
2400 2459 2652 2530 denique
2699 2459 3014 2514 visibilium
3070 2465 3344 2516 creaturas
3392 2461 3495 2516 ulli
3544 2468 3784 2534 praeter-

2081 2563 2254 2616 quam
2294 2546 2394 2600 uni
2427 2545 2653 2600 homini
2682 2571 2696 2614 ;
2737 2562 2909 2617 quem
2942 2547 3068 2602 vice
3116 2549 3381 2604 omnium
3413 2567 3446 2605 a
3485 2566 3545 2605 se
3576 2551 3787 2606 condi—

2081 2643 2270 2692 torum
2329 2635 2388 2690 in
2448 2639 2668 2706 partem
2723 2637 2894 2706 quasi
2951 2637 3245 2708 propriam
3319 2639 3431 2694 sibi
3507 2641 3784 2710 seposuit,

2080 2725 2306 2793 sibique
2357 2725 2654 2795 applicuit,
2705 2741 2772 2780 eo
2821 2731 3153 2780 contentus.
3207 2727 3264 2782 Si
3315 2743 3449 2799 ergo
3495 2729 3616 2784 hac
3660 2747 3786 2800 quas

2081 2814 2318 2869 maximi
2367 2813 2514 2868 ﬁunt
2557 2813 2616 2867 in
2676 2814 2918 2883 mundo,
2969 2815 3208 2880 divitias,
3260 2817 3412 2884 dico,
3456 2817 3684 2888 amplas,
3731 2826 3788 2874 et

2081 2907 2243 2957 terrm
2293 2901 2473 2956 totius
2521 2901 2833 2972 imperium
2887 2903 2943 2955 in
2996 2903 3326 2958 monarchas
3388 2905 3562 2960 unius
3612 2907 3786 2975 pleno

2079 2991 2318 3046 arbitrio
2379 2990 2628 3060 positum
2697 2991 3176 3062 haudquaquam,
3237 2997 3392 3050 recte
3435 2995 3786 3065 iudicantes,

2081 3097 2213 3134 cum
2263 3085 2476 3134 esterno
2527 3087 3024 3136 commutaremus
3077 3098 3256 3152 regno
3289 3099 3303 3149 ;
3337 3100 3462 3153 quas
3493 3087 3786 3140 dementia

2081 3167 2472 3238 plurimorum
2549 3171 2658 3237 est,
2719 3185 2863 3236 quos
2935 3171 3195 3239 quotidie
3248 3170 3514 3226 videmus
3572 3173 3785 3229 vilibus

2081 3257 2226 3311 illud
2292 3263 2350 3311 et
2423 3257 2754 3322 mediocris,
2827 3257 3006 3314 etiam
3082 3258 3309 3330 vulgari
3380 3260 3783 3332 aestimatione,

318 3349 612 3424 ἀναρτῆσαί
666 3370 724 3404 τε
772 3350 958 3403 ἑαυτὸν
1007 3351 1098 3402 καὶ
1160 3353 1463 3423 σταυρῶσαι
1513 3352 1668 3426 ψυχῇ
1721 3349 1808 3403 καὶ
1861 3351 1965 3402 σώ-

2133 3346 2256 3401 retii
2315 3346 2490 3402 rebus
2535 3320 2904 3418 posthabere,
2945 3351 3105 3418 puta,
3157 3320 3461 3420 cupiditati
3505 3320 3783 3421 cuipiam;

321 3459 448 3512 ματι
477 3435 566 3492 διὰ
593 3443 779 3493 πασῶν
813 3437 1179 3511 πορευόμενον
1222 3443 1327 3492 τῶν
1365 3437 1600 3493 ἐντολῶν
1642 3437 1806 3492 αὐτοῦ
1851 3443 1958 3492 τῶν

315 3527 501 3604 ἁγίων.

2072 3436 2293 3507 exiguae
2325 3437 2502 3504 laudi,
2535 3435 2695 3490 lucra
2724 3453 2838 3491 non
2871 3453 3107 3508 magno,
3139 3445 3194 3493 et
3223 3437 3564 3496 similibus?
3593 3440 3786 3496 Enim-

2072 3543 2204 3583 vero
2235 3527 2391 3598 quod
2423 3527 2556 3598 quis
2578 3527 2638 3582 in
2679 3527 2788 3582 hoc
2822 3528 3036 3583 mundo
3073 3527 3289 3600 diligit,
3321 3529 3531 3600 cuique
3560 3531 3773 3603 defigi-

313 3622 430 3684 tur,
461 3619 522 3673 id
551 3619 812 3690 omnino,
859 3624 1144 3690 quantum
1193 3621 1254 3676 in
1286 3620 1412 3691 ipso
1461 3626 1566 3687 est,
1615 3635 1748 3675 cum
1783 3619 2060 3675 calorum
2109 3633 2286 3688 regno
2316 3619 2676 3684 commutat;
2717 3616 2884 3688 quin,
2916 3617 3070 3688 quod
3103 3616 3268 3690 longe
3299 3623 3389 3675 est
3445 3619 3783 3691 capitalius,

317 3711 374 3763 et
402 3707 458 3762 id
491 3708 674 3764 Deum
707 3725 882 3764 suum
915 3709 1069 3765 facit.
1105 3709 1269 3765 Sicut
1299 3709 1511 3764 alicubi
1544 3710 1822 3780 scriptum
1856 3711 1982 3764 est:
2013 3709 2060 3763 Α
2094 3721 2200 3778 quo
2229 3708 2348 3778 quis
2386 3707 2558 3761 victus
2606 3713 2705 3767 est,
2755 3706 2807 3761 ei
2834 3707 3191 3777 mancipatur
3219 3707 3285 3762 ⁵³⁸.
3333 3707 3564 3778 Oportet
3601 3708 3784 3782 igitur

295 3801 486 3854 totum
543 3813 613 3854 ex
658 3803 778 3855 toto
827 3801 1124 3856 hominem
1175 3802 1242 3856 ad
1293 3805 1468 3856 Deum
1545 3803 1728 3857 totum
1777 3799 2106 3868 confugere,
2151 3797 2317 3852 illum
2367 3797 2660 3867 amplecti,
2711 3813 2778 3851 ex
2836 3814 2900 3851 eo
2951 3800 3220 3868 pendere,
3271 3799 3384 3872 ipsi
3422 3801 3679 3856 animum
3724 3806 3782 3858 et

329 3905 560 3960 corpus,
591 3890 760 3960 quasi
791 3889 969 3946 clavis
1001 3893 1158 3946 cruci
1190 3892 1500 3962 conﬁgere,
1534 3891 1898 3946 incedentem
1932 3903 2036 3960 per
2065 3887 2266 3944 omnia
2295 3891 2494 3942 sancta
2524 3887 2651 3956 ejus
2683 3887 2977 3942 mandata.

383 3977 502 4030 AI".
536 3977 658 4030 Εἶεν
687 3995 698 4008 ·
734 3973 836 4048 ἆρα
869 3975 924 4030 δέ
974 3999 1056 4031 σοι
1089 3977 1178 4031 καὶ
1221 3975 1428 4032 δίκαιον
1481 3977 1612 4030 εἶναι
1643 3974 1812 4044 δοκεῖ,
1859 3977 1958 4044 τὴν

315 4065 408 4136 μὲν
453 4065 694 4136 φθαρτὴν
744 4062 910 4130 αὐτὴν
955 4060 1134 4132 δόξαν,
1183 4063 1272 4116 καὶ
1319 4065 1418 4130 τὴν
1471 4062 1750 4139 ἐφήμερον
1806 4061 1960 4136 βασι-

311 4151 482 4220 λείαν,
532 4151 618 4205 καί
661 4151 808 4206 ἄλλα
855 4150 955 4204 ὅσα
1002 4155 1220 4205 τοιαῦτα
1270 4155 1376 4205 τῶν
1409 4150 1729 4226 ἐπικαίρων,
1779 4149 1956 4204 πόνων

309 4241 399 4297 καὶ
449 4238 694 4314 ἱδρώτων
737 4239 988 4312 πολλῶν,
1027 4244 1144 4301 τοῖς
1195 4239 1540 4315 ὀρεγομένοις
1581 4241 1760 4294 αὐτῶν
1808 4259 1958 4314 περι-

309 4331 546 4406 γίνεσθαι
586 4331 696 4384 οτὸ
757 4329 814 4384 δὲ
864 4329 956 4384 σὺν
1022 4334 1240 4404 Χριστῷ
1297 4329 1570 4404 ἀπέραντα
1627 4327 1955 4404 βασιλεύειν,

309 4420 492 4475 καὶτὸ
521 4423 628 4474 τῶν
675 4419 1059 4491 ἀνεκλαλήτων
1111 4419 1326 4474 ἐκείνων
1379 4418 1656 4492 ἐπιτυχεῖν
1707 4419 1946 4494 ἀγαθῶν,

305 4515 466 4567 τοῦτο
500 4509 556 4566 δὲ
585 4511 759 4576 οὕτως
797 4513 885 4566 καὶ
918 4509 1102 4586 ῥᾴδιον
1133 4511 1288 4580 εἶναι,
1332 4511 1406 4570 ὡς
1435 4509 1612 4564 πόνων
1662 4508 1812 4572 ἐκτὸς
1861 4508 1950 4564 καὶ

303 4601 560 4674 καμάτων
590 4603 981 4678 κατορθοῦσθαι
1008 4605 1086 4672 τῷ
1117 4599 1438 4675 βουλομένῳ
1471 4619 1485 4668 ;

375 4869 492 4925 ΑΔ’.
526 4869 614 4931 Τίς
647 4872 680 4938 ἡ
716 4869 1004 4942 οἰκονομία
1039 4872 1139 4938 τῆς
1185 4873 1286 4923 τοῦ
1335 4871 1568 4944 Χριστοῦ
1623 4868 1946 4941 παρουσίας,

301 4960 336 5029 ἢ
368 4959 450 5022 τίς
477 4959 636 5030 ἡμῶν
689 4957 896 5034 φύσεως
941 4959 1078 5032 πρὸς
1123 4959 1316 5026 ἑαυτὴν
1367 4954 1628 5019 ἐπάνοδος
1676 4955 1767 5011 καὶ
1815 4956 1950 5012 ἀπο-

299 5049 669 5114 κατάστασις;
731 5043 1004 5102 Ἀπέδωκε
1050 5047 1150 5122 γὰρ
1197 5051 1270 5120 τῇ
1313 5045 1622 5122 ἀνθρωπίνῃ
1673 5047 1826 5126 φύσει
1883 5045 1946 5100 τὸ

297 5141 395 5194 106
424 5134 860 5212 πρωτοπλάστου
899 5132 1082 5208 ³Αδὰμ
1120 5135 1354 5208 ἀξίωμα,
1395 5139 1532 5209 πρὸς
1583 5135 1640 5190 δὲ
1671 5138 1761 5191 καὶ
1799 5133 1948 5205 κλη-

299 5227 565 5304 ρονομίαν
613 5223 762 5296 αὐτῷ
806 5221 1080 5297 οὐρανίαν,
1115 5223 1172 5292 ¹(23
1223 5224 1364 5284 θείας
1422 5224 1512 5278 καὶ
1567 5226 1814 5298 μεγάλης
1867 5227 1946 5294 τῷ

297 5320 412 5373 δντι
467 5315 696 5390 χάριτος
771 5319 868 5369 106
945 5313 1148 5387 ἀγαθοῦ
1209 5313 1516 5385 Πνεύματος
1589 5311 1943 5386 ἐδωρήσατο·

295 5405 572 5479 ἐξαγαγών
600 5425 658 5459 τε
687 5403 855 5472 αὐτὴν
885 5402 943 5458 ἐκ
983 5409 1084 5472 τῆς
1135 5400 1383 5478 φυλακῆς
1432 5408 1529 5458 τοῦ
1577 5402 1830 5474 σκότους,
1875 5397 1948 5459 δι’

295 5497 361 5562 ἧς
411 5494 648 5561 ἐλθόντι,
698 5495 788 5548 καὶ
827 5496 882 5547 ἓν
988 5491 1280 5566 κρούσαντι
1327 5489 1550 5546 δυνατὸν
1597 5491 1744 5554 ἐντὸς
1793 5495 1947 5568 γενέ-

302 5586 422 5639 σθαι
472 5590 570 5654 τῆς
633 5581 907 5659 βασιλείας
941 5598 956 5614 ⁰
989 5581 1218 5654 Αἰτεῖτε,
1269 5579 1370 5657 γάρ
1421 5602 1576 5660 φησι,
1634 5583 1724 5637 καὶ
1781 5579 1946 5656 δοθή-

308 5773 352 5809 "
383 5771 582 5830 Matth.
617 5786 730 5840 XVI,
764 5771 852 5826 26.
931 5769 976 5806 ⁷³
1009 5769 1062 5825 ΙΙ
1096 5769 1246 5826 Petr.
1279 5786 1344 5841 ιι,
1377 5770 1462 5827 19.

2139 3973 2394 4030 XXXIII.
2440 3974 2572 4029 Haec
2603 3973 2723 4028 sint
2761 3975 2860 4028 ita.
2911 3975 3192 4031 Cancrum
3243 3975 3398 4032 idem
3452 3977 3654 4050 utique
3679 3981 3780 4051 ju-

2069 4067 2227 4119 stum
2278 4061 2604 4125 arbitraris,
2663 4061 3102 4132 corruptibilem
3159 4063 3334 4120 istam
3391 4065 3661 4138 gloriam,
3725 4076 3781 4124 et

2068 4153 2396 4208 desiturum
2475 4169 2740 4224 regnum,
2796 4151 3049 4224 aliaque,
3109 4159 3396 4226 quotquot
3450 4163 3586 4212 sunt
3644 4159 3774 4228 eius

2059 4242 2296 4315 generis
2352 4241 2704 4298 caducarum
2765 4258 2982 4312 rerum,
3045 4243 3146 4299 illa
3226 4246 3774 4317 concupiscentibus

2067 4331 2406 4405 contingere
2463 4331 2666 4388 multis
2718 4337 2909 4403 empta
2967 4331 3269 4389 laboribus
3318 4339 3374 4390 et
3421 4335 3767 4409 sudoribus;

2057 4437 2368 4493 equumne
2399 4425 2592 4478 tamen
2627 4437 2845 4488 censes,
2868 4423 3152 4478 aeternum
3184 4425 3544 4481 consortium
3602 4430 3768 4500 regni

2057 4509 2292 4577 Christi,
2351 4513 2408 4566 et
2463 4508 2949 4566 inenarrabilium
2979 4509 3215 4568 illorum
3247 4513 3616 4584 adeptionem
3663 4518 3770 4572 bo-

2059 4615 2290 4669 norum,
2324 4600 2506 4672 gratis
2554 4599 2837 4670 quiddam
2885 4615 3016 4656 esse
3061 4602 3354 4674 parabile;
3389 4620 3456 4658 ac
3487 4603 3767 4662 facilitate

2059 4706 2312 4760 summa,
2359 4691 2504 4747 citra
2547 4688 2807 4746 laborem
2839 4691 3342 4749 contentionemve
3373 4691 3552 4749 ullam
3582 4695 3766 4752 cuivis

2057 4779 2270 4836 volenti
2302 4779 2529 4836 evenire
2550 4779 2577 4833 ?

2128 4867 2366 4924 XXXIV.
2399 4869 2560 4935 Quod
2608 4867 2920 4925 consilium
2970 4884 3169 4940 quaave
3217 4871 3364 4928 ratio
3413 4875 3499 4928 est
3540 4874 3763 4930 adven-

2055 4962 2151 5015 tus
2198 4957 2448 5013 Christi:
2501 4958 2706 5029 quisve
2764 4961 2988 5014 naturas
3045 4961 3259 5016 nostris
3320 4961 3390 5016 ad
3451 4978 3514 5018 se
3568 4961 3759 5035 ipsam

2057 5048 2301 5114 reditus,
2345 5051 2401 5104 et
2444 5047 2504 5102 in
2553 5047 2847 5119 integrum
2890 5047 3183 5104 restitutio
3211 5049 3238 5104 ?
3287 5049 3566 5109 Reddidit
3605 5057 3763 5111 enim

2055 5137 2321 5194 Christus
2353 5136 2621 5193 humdnm
2653 5146 2870 5192 naturae
2911 5137 3166 5194 ablatam
3217 5137 3328 5210 ipsi
3369 5140 3535 5212 prius
3565 5143 3762 5216 digni-

2055 5231 2234 5284 tatem
2264 5227 2472 5283 Adami
2527 5226 2908 5299 protoplasti;
2959 5232 3350 5302 praetereaque
3377 5232 3617 5288 donavit
3647 5234 3764 5290 has-

2055 5317 2357 5374 reditatem
2389 5315 2498 5386 ipsi
2529 5316 2824 5372 ccelestern
2853 5333 2866 5372 :
2907 5333 2939 5373 ο
2959 5333 3092 5374 vere
3121 5318 3376 5376 divinam
3401 5329 3454 5376 et
3484 5336 3759 5392 magnam

2057 5406 2192 5463 boni
2221 5406 2477 5477 Spiritus
2523 5405 2764 5478 gratiam
2799 5405 2812 5460 l
2852 5407 3112 5465 Educens
3154 5425 3283 5464 vero
3317 5409 3502 5482 ipsam
3535 5425 3604 5464 ex
3635 5425 3762 5464 car-

2057 5509 2184 5550 cere
2221 5493 2596 5550 tenebrarum
2649 5493 2799 5550 viam
2852 5495 3028 5552 etiam
3071 5498 3199 5556 vitae
3229 5503 3283 5552 et
3319 5497 3566 5568 januam
3599 5511 3760 5553 mon-

2057 5584 2284 5654 stravit,
2335 5599 2438 5655 per
2480 5599 2654 5656 quam
2707 5599 2838 5642 cum
2878 5587 3106 5655 transit,
3161 5589 3220 5641 et
3267 5586 3340 5642 ad
3400 5601 3572 5657 quam
3625 5602 3759 5644 cum
