4076 6280
344 402 460 465 967

1684 393 1749 455 S.
1793 393 2120 455 MAGARII
2163 394 2503 457 zEGYPTlI

3683 392 3801 452 968

339 535 554 609 pulsat,
605 536 795 607 potest
841 532 899 587 in
950 529 1223 586 interiora
1262 526 1423 600 regni
1468 529 1816 597 penetrare:
1861 528 2034 583 Potite

2188 548 2300 584 εται
2356 528 2483 599 ὑμῖν
2518 545 2530 559 ⁶
2565 525 2806 601 κρούετε,
2866 524 2955 578 καὶ
3014 521 3377 598 ἂνοιγήσεται.
3447 522 3545 576 Διὰ
3598 521 3804 593 ταύτης

340 627 519 692 enim,
553 625 652 693 ait,
692 630 745 679 et
788 622 1012 677 dabitur
1055 619 1204 675 vobis
1227 639 1247 686 ;
1276 618 1489 689 pulsate
1533 624 1585 671 et
1624 617 1903 689 aperietur
1945 634 2039 673 vo-

344 716 425 771 bis
451 713 521 772 ⁷⁸.
553 714 658 769 Per
688 712 845 768 illam
896 714 1118 782 portam
1155 706 1373 763 nemini
1418 723 1645 773 eorum,
1686 708 1786 778 qui
1818 706 2037 772 volunt,

340 805 700 874 impossibile
730 808 838 869 est,
872 818 986 857 suae
1026 800 1212 871 ipsius
1268 798 1477 854 animae
1510 798 1768 852 invenire
1800 797 2037 853 liberta-

340 900 480 963 tem,
527 895 679 951 222
713 909 815 947 nec
845 907 971 946 eam
1022 888 1439 945 convenientes
1490 886 1604 957 ipsi
1646 886 1899 957 recipere
1948 903 2041 942 co-

336 984 666 1055 gitationes,
712 987 768 1037 et
809 996 942 1036 cum
983 979 1274 1035 Christum
1326 992 1525 1033 secum
1572 976 1831 1048 possidet
1878 976 2039 1032 habi-

334 1080 570 1142 tantem,
602 1073 948 1144 locupletem
999 1086 1149 1135 esse,
1202 1084 1379 1140 eoque
1428 1066 1606 1122 veluti
1668 1083 1884 1138 sponso
1922 1066 2038 1121 frui

335 1181 434 1237 per
474 1162 1058 1221 communicationem
1110 1158 1246 1215 boni
1293 1156 1561 1228 Spiritus.
1610 1155 1753 1211 Vide
1780 1155 2040 1212 ineffabi-

333 1254 448 1310 lem
502 1254 841 1310 charitatem
892 1250 1123 1307 Domini
1162 1249 1438 1305 adversus
1484 1246 1801 1312 hominem,
1852 1247 1921 1302 ad
1951 1246 2040 1302 sui

332 1344 523 1415 ipsius
552 1344 867 1413 imaginem
899 1340 1223 1399 conditum.

408 1494 458 1531 7°
486 1493 691 1550 Matth.
724 1510 822 1564 v11,
852 1495 907 1547 7.

2146 625 2245 686 τῆς
2278 618 2438 692 θύρας
2473 615 2651 671 οὐδενῖ
2691 619 2800 670 τῶν
2856 613 3207 689 βουλομένων
3259 607 3463 681 ἄπορον
3502 612 3603 681 τὴν
3654 611 3806 667 ἐλευ-

2149 706 2329 780 θερίαν
2359 708 2459 774 τὴν
2507 706 2703 759 ἑαυτοῦ
2753 708 2940 777 ψυχῆς
2992 703 3258 780 ἐφευρεῖν,
3312 699 3521 770 ἐκείνην
3572 721 3630 755 τε
3674 700 3804 761 τοὺς

2148 793 2321 856 ’ἰδίους
2370 790 2668 850 ἀπολαϐεῖν
2723 791 3045 865 λογισμοὺς,
3096 791 3185 845 καὶ
3219 788 3525 858 πλουτῆσαι
3573 791 3802 864 Χριστὸν

2150 883 2420 953 σύνοικον,
2468 885 2558 938 καὶ
2608 883 2681 944 ὡς
2731 882 2953 958 νυμφίῳ
3006 882 3152 951 αὐτῷ
3202 878 3336 934 κατὰ
3374 880 3471 947 τὴν
3521 880 3801 934 κοινωνίαν

2146 979 2241 1029 τοῦ
2301 975 2498 1048 ἀγαθοῦ
2568 968 2878 1047 Πνεύματος
2953 972 3263 1048 χρήσασθαι
3297 1013 3308 1026 .
3405 967 3517 1024 Ἴδε
3584 970 3797 1043 ἀγάπην

2148 1063 2382 1141 ἅρῥητον
2454 1064 2726 1119 Δεσπότου
2798 1062 2939 1135 πρὸς
2994 1061 3085 1115 τὸν
3142 1059 3230 1113 ὑπ’
3281 1058 3452 1113 αὐτοῦ
3504 1057 3795 1133 γενόμενον

2150 1155 2283 1208 κατὰ
2312 1154 2410 1222 τὴν
2440 1152 2620 1208 εἰκόνα
2651 1154 2750 1222 τὴν
2784 1152 2975 1209 ἑαυτοῦ
3007 1149 3316 1225 ἄνθρωπον.

342 1662 3857 1691 Mm

1362 1801 1443 1889 S.
1521 1799 1977 1889 MACABII
2056 1795 2817 1886 ALEXANDBINI

1805 2036 2032 2079 ABBATIS
2074 2035 2374 2077 NITRIBNSIS

1083 2194 1742 2356 REGULA
1819 2192 2043 2346 AD
2122 2189 2976 2350 MONACHOS
3023 2178 3114 2259 (¹)

404 2617 445 2669 Ι.
508 2614 720 2669 Milites
779 2627 913 2683 ergo
968 2610 1180 2667 Christi
1239 2610 1320 2664 sic
1369 2608 1561 2665 taliter
1627 2625 1764 2664 suos
1820 2608 2108 2681 debentB
2208 2602 2360 2659 Vlll.
2444 2603 2561 2659 Non
2631 2602 2806 2659 oderis
2858 2601 3192 2657 laboriosam
3257 2604 3534 2673 operam3
3579 2620 3600 2660 .'

334 2718 679 2774 componere
727 2716 983 2771 gressus,
1042 2697 1387 2753 charitatem
1440 2699 1499 2752 in
1550 2714 1613 2752 se
1684 2695 2030 2766 perfectissi-

333 2811 488 2849 mam
547 2791 911 2847 continentes
956 2804 968 2841 :
1023 2789 1189 2841 Deum
1254 2803 1322 2841 ex
1369 2789 1480 2842 tota
1536 2787 1725 2841 anima
1779 2785 2026 2855 diligere,

332 2891 385 2939 et
414 2898 482 2937 ea:
511 2887 617 2937 toto
646 2877 828 2944 corde,
861 2884 915 2931 et
944 2893 1014 2932 ea:
1045 2881 1152 2931 tota
1182 2876 1393 2931 virtute
1422 2892 1523 2931 sua
1550 2878 1591 2931 ί.

401 2974 469 3028 ΙΙ.
533 2970 785 3026 Invicem
843 2967 995 3023 inter
1064 2982 1127 3022 se
1200 2966 1684 3037 perfectissimam
1743 2968 2029 3020 sectantes

329 3060 729 3127 obedientiam,
806 3056 1050 3128 pacifici,
1126 3057 1315 3121 mites,
1373 3056 1680 3125 moderati,
1754 3071 1867 3111 non
1937 3071 2028 3109 su-

328 3153 509 3224 perbi,
570 3166 688 3205 non
745 3146 1035 3217 iniuriosi,
1092 3162 1206 3202 non
1257 3162 1624 3213 susurrones,
1676 3162 1791 3201 non
1837 3145 2031 3200 irriso-

328 3259 437 3305 res,
504 3257 618 3294 non
676 3237 923 3299 verbosi,
1003 3252 1117 3291 non
1196 3236 1668 3306 praesumptuosi,
1737 3250 1859 3291 non
1918 3232 2029 3289 sibi

328 3331 640 3400 placentes,
694 3328 793 3382 sed
843 3326 957 3381 Deo
1005 3329 1099 3382 cui
1149 3328 1402 3383 militant
1450 3327 1679 3383 Christo
1712 3347 1725 3395 ;
1761 3342 1875 3381 non
1908 3324 2027 3380 bla-

329 3418 656 3491 sphemiam
690 3419 997 3480 sectantes,
1038 3432 1143 3471 nec
1189 3418 1441 3472 dicentes
1472 3418 1794 3487 quidquam
1829 3423 2033 3487 prater

331 3509 481 3580 quod
542 3509 761 3561 bonum
814 3507 899 3557 est
946 3518 959 3557 :
1017 3505 1087 3558 ad
1153 3506 1494 3575 obsequium
1566 3522 1680 3559 non
1735 3506 1905 3576 pigri,
1961 3504 2030 3558 ad

332 3597 651 3654 orationem
713 3590 923 3661 parati,
985 3592 1046 3646 in
1095 3593 1430 3647 humilitate
1479 3595 1740 3663 perfecti,
1790 3596 1848 3649 in
1898 3594 2034 3649 obe-

336 3687 554 3743 dientia
603 3679 918 3752 praecincti,
962 3680 1021 3736 in
1072 3681 1291 3753 vigiliis
1349 3683 1656 3748 instantes,
1706 3682 1767 3739 in
1806 3684 2034 3755 jejunio

336 3774 573 3832 hilares.

415 3866 510 3921 IIl.
569 3863 776 3921 Nullus
832 3880 894 3920 se
942 3863 1054 3920 alio
1115 3861 1423 3933 justiorem
1492 3862 1807 3918 arbitretur
1856 3880 1870 3923 :
1935 3865 2035 3919 sed

342 3956 747 4028 unusquisque
795 3955 1071 4011 omnibus
1127 3970 1187 4009 se
1258 3953 1586 4008 inferiorem
1650 3959 2034 4011 contemnet:

340 4050 481 4117 Quia
501 4050 595 4120 qui
620 4063 673 4102 se
704 4047 941 4113 exultat,
975 4043 1403 4107 humiliabitur;
1443 4048 1498 4098 et
1529 4046 1624 4115 qui
1651 4060 1707 4099 se
1746 4043 2033 4111 humiliat,

336 4138 667 4196 exaltabitur
696 4138 737 4192 ³.

406 4229 500 4283 1V.
551 4230 908 4298 Praeceptum
965 4223 1211 4282 senioris
1270 4227 1335 4278 ut
1391 4223 1643 4279 salutem
1702 4224 2034 4294 suscipias:

332 4336 447 4374 non
496 4318 909 4372 murmurando
968 4315 1148 4369 ullam
1202 4329 1437 4385 operam
1489 4314 1711 4368 facias:
1757 4329 1868 4369 non
1916 4329 2037 4368 res-

333 4406 679 4479 ponsionem
713 4410 913 4461 contra
932 4390 1291 4474 praeceptum
1323 4418 1585 4472 usurpes.

401 4496 467 4550 V.
502 4497 630 4552 Non
678 4500 732 4551 te
783 4494 1045 4563 extollas,
1098 4500 1198 4548 aut
1247 4494 1587 4566 magnilices
1637 4493 1893 4565 aliquam
1927 4496 2039 4549 uti.

329 4587 440 4643 lcm
489 4602 724 4659 operam
779 4583 987 4641 fecisse
1042 4599 1053 4638 :
1121 4599 1236 4637 non
1288 4582 1349 4637 in
1408 4584 1759 4654 acquirendo
1819 4582 2037 4653 aliquid

324 4677 469 4732 lucri
502 4676 891 4748 congaudeas,
927 4677 1025 4729 aut
1059 4674 1116 4728 in
1152 4673 1367 4727 damno
1401 4671 1787 4727 contristeris.

396 4766 485 4820 VI.
536 4770 662 4821 Non
719 4769 771 4821 te
832 4765 1197 4820 familiaritas
1258 4762 1377 4817 ulla
1433 4761 1729 4817 saecularis
1786 4762 2036 4831 trahat;

321 4854 421 4908 sed
470 4858 589 4908 tota
640 4854 944 4909 delectatio
987 4859 1084 4909 tua
1135 4854 1190 4907 in
1240 4851 1447 4908 cellula
1496 4852 1852 4909 demoretur.
1899 4851 2030 4907 Cel-

322 4943 437 4996 lam
485 4946 547 4995 ut
585 4942 921 5010 paradisum
970 4942 1225 5009 habeas;
1262 4943 1470 4996 fratres
1523 4950 1646 4996 tuos
1698 4940 2034 5011 spirituales

323 5041 383 5087 ut
417 5040 662 5086 mternos
688 5032 947 5086 confidas
980 5032 1195 5087 habere
1230 5039 1519 5102 parentes.

397 5120 520 5176 VII.
555 5119 941 5191 Praepositum
976 5121 1312 5175 monasterii
1364 5123 1572 5175 timeas
1620 5127 1681 5175 ut
1711 5122 2036 5189 dominum,

322 5211 530 5282 diligas
564 5213 626 5263 ut
674 5212 997 5280 parentem.
1051 5209 1332 5266 Similiter
1382 5226 1609 5281 quoque
1639 5226 1842 5264 omnes
1873 5226 2037 5280 opor-

318 5306 399 5358 tet
449 5299 694 5371 diligere
745 5298 974 5363 fratres,
1026 5315 1148 5353 cum
1197 5300 1411 5371 quibus
1460 5300 1631 5355 etiam
1681 5302 1735 5355 te
1790 5300 2036 5356 conﬁdis

316 5391 522 5459 videre
552 5388 799 5462 gloriam
835 5387 1073 5443 Christi.

385 5522 403 5555 ⁸
434 5519 610 5577 Marc.
643 5535 745 5587 xu,
775 5519 865 5577 30.
944 5517 964 5551 ²
999 5517 1134 5572 Luc.
1167 5532 1284 5582 xw,
1322 5518 1404 5572 11.

3657 2606 3851 2661 otium

2139 2706 2369 2764 quoque
2428 2708 2501 2748 ne
2558 2698 2812 2749 sectatus
2872 2692 3071 2748 fueris.
3130 2691 3193 2747 In
3255 2691 3470 2765 vigiliis
3525 2694 3843 2773 confectus,

2136 2783 2197 2838 in
2230 2798 2402 2853 opere
2425 2782 2585 2852 justo
2636 2784 2896 2849 affectus,
2947 2780 3255 2837 ambulans
3309 2782 3462 2854 quasi
3509 2783 3839 2839 dormitans

2136 2872 2329 2928 lassus
2360 2873 2431 2928 ad
2474 2875 2721 2927 stratum
2755 2876 2923 2927 tuum
2970 2871 3186 2941 venias,
3240 2877 3297 2928 et
3332 2888 3458 2927 cum
3484 2871 3700 2927 Christo
3732 2890 3833 2927 re-

2139 2961 2439 3032 quiescere
2468 2965 2525 3016 te
2555 2961 2778 3018 credas.

2212 3051 2301 3107 IX.
2362 3050 2724 3122 Cursumque
2768 3051 3104 3107 monasterii
3163 3068 3332 3121 super
3380 3051 3571 3108 omnia
3615 3051 3846 3123 diligas-

2140 3143 2247 3209 Qui
2278 3159 2408 3199 vero
2448 3145 2659 3215 sapius
2709 3160 2873 3199 orare
2916 3143 3184 3209 voluerit,
3229 3144 3552 3200 uberiorem
3595 3144 3852 3201 inveniet

2141 3232 2604 3289 misericordiam
2636 3233 2871 3291 Christi.

2213 3328 2281 3381 X.
2324 3324 2728 3395 Matutinoque
2778 3324 2928 3379 dicto
2974 3324 3055 3379 ita
3104 3324 3542 3382 meditationem
3598 3325 3853 3382 habeant

2141 3413 2345 3469 fratres
2379 3431 2564 3485 usque
2593 3416 2662 3470 ad
2716 3414 2916 3470 horam
2965 3415 3323 3469 secundum:
3371 3415 3421 3471 si
3460 3420 3656 3472 tamen
3696 3416 3853 3473 nulla

2143 3520 2317 3559 causa
2348 3504 2647 3572 exstiterit,
2683 3520 2796 3575 qua
2845 3520 3075 3559 necesse
3122 3505 3199 3558 sit
3229 3505 3404 3561 etiam
3462 3507 3855 3577 praetermissa

2144 3594 2511 3652 meditatione
2542 3594 2761 3665 aliquid
2796 3594 2916 3651 fieri
2949 3595 3008 3649 in
3039 3610 3371 3651 commune.

2213 3684 2303 3738 XI.
2355 3683 2491 3739 Post
2536 3683 2742 3740 horam
2792 3701 2925 3740 vero
2975 3684 3290 3741 secundam
3344 3687 3753 3759 unusquisque
3785 3689 3855 3743 ad

2146 3789 2287 3845 opus
2348 3790 2523 3829 suum
2573 3777 2812 3844 paratus
2864 3774 2942 3828 sit
2993 3790 3178 3845 usque
3234 3775 3305 3829 ad
3354 3774 3561 3831 horam
3618 3794 3853 3847 nonam,

2147 3866 2211 3918 ut
2267 3863 2553 3935 quidquid
2602 3863 2934 3934 injunctum
2991 3864 3179 3931 fuerit,
3229 3865 3351 3918 sine
3405 3871 3856 3924 murmuratione

2142 3953 2395 4024 perﬁciat
2424 3954 2465 4019 ‘,
2497 3955 2651 4010 sicut
2677 3954 2819 4009 dicit
2849 3960 3087 4010 sanctus
3107 3955 3438 4023 Apostolus.

2215 4045 2336 4099 XII.
2390 4045 2448 4099 Si
2496 4045 2626 4116 quis
2676 4050 2873 4102 autem
2937 4045 3411 4113 murmuraverit,
3472 4046 3557 4103 vel
3608 4052 3854 4103 conten—

2143 4134 2329 4190 tiosus
2377 4136 2683 4206 exstiterit,
2736 4142 2837 4191 aut
2881 4138 3136 4192 referens
3187 4136 3245 4191 in
3279 4136 3473 4207 aliquo
3505 4139 3853 4195 contrariam

2146 4224 2501 4281 voluntatem
2556 4228 2854 4297 praeceptis
2899 4245 2913 4294 ;
2965 4228 3135 4295 digne
3183 4232 3480 4297 correptus
3528 4229 3853 4285 secundum

2147 4313 2453 4370 arbitrium
2485 4316 2733 4370 senioris
2766 4316 2851 4371 vel
2909 4315 3147 4370 modum
3198 4314 3404 4387 culpae,
3437 4318 3637 4372 tandiu
3672 4319 3857 4373 obsti-

2150 4408 2305 4473 neat,
2364 4404 2628 4474 quandiu
2686 4404 2771 4459 vel
2831 4404 3012 4474 culpae
3063 4404 3312 4476 qualitas
3359 4408 3704 4477 popoScerit,
3765 4408 3856 4464 vel

2150 4510 2212 4549 se
2272 4494 2602 4563 paenitendo
2656 4493 3070 4564 humiliaverit,
3119 4494 3207 4550 vel
3269 4493 3647 4553 emendaverit
3698 4518 3713 4561 ;
3768 4496 3852 4551 ita

2152 4589 2216 4639 ut
2252 4589 2549 4654 correptus
2583 4601 2695 4639 non
2730 4585 2941 4640 audeat
2972 4602 3225 4656 usquam
3258 4588 3526 4643 recidere.

2220 4674 2369 4729 Xlll.
2405 4674 2463 4728 Si
2495 4672 2622 4744 quis
2656 4675 2854 4742 frater,
2906 4674 2989 4730 vel
3021 4676 3121 4745 qui
3169 4677 3226 4730 in
3277 4678 3525 4732 oratorio
3575 4680 3733 4745 sunt,
3763 4675 3860 4732 vel

2150 4764 2247 4832 qui
2290 4780 2391 4831 per
2429 4763 2669 4818 cellulas
2718 4763 3069 4832 consistunt,
3122 4764 3458 4838 quicunque
3498 4768 3625 4839 ejus
3677 4768 3858 4824 errori

2148 4852 2531 4921 consenserit,
2564 4852 2875 4924 culpabilis
2907 4853 3040 4908 erit.

2220 4942 2371 4997 XIV.
2431 4944 2512 4997 Ad
2575 4942 2778 4998 horam
2829 4959 2961 4999 vero
3009 4944 3292 5002 orationis
3344 4946 3479 5003 dato
3529 4948 3704 5020 signo
3750 4966 3859 5005 non

2150 5032 2341 5087 statim
2385 5034 2769 5099 praetermisso
2794 5035 3148 5106 omniopere
3199 5037 3354 5107 quod
3417 5038 3557 5109 agit,
3616 5046 3855 5110 paratus

2150 5122 2345 5189 fuerit,
2396 5121 2549 5178 foras
2601 5123 2971 5193 excludatur,
3027 5128 3092 5180 ut
3121 5126 3430 5185 erubescat
3471 5149 3485 5198 ;
3535 5131 3673 5200 quia
3723 5130 3865 5185 nihil

2150 5213 2395 5267 orationi
2426 5215 2881 5284 praeponendum.
2920 5220 3026 5273 est.

2220 5302 2340 5355 XV.
2377 5302 2624 5373 Operam
2675 5303 2789 5361 Deo
2837 5305 3057 5361 dabunt
3107 5305 3318 5377 singuli
3368 5307 3577 5363 fratres
3609 5313 3876 5381 tempore

2076 5370 2268 5460 uno
2319 5370 2510 5447 Missae
2559 5392 2617 5446 in
2676 5392 2889 5463 vigiliis
2952 5370 3325 5452 observandis
3403 5395 3576 5464 ﬁunt,
3637 5370 3880 5470 quando

1488 5520 1508 5553 ³
1542 5518 1712 5576 Eccli.
1747 5534 1848 5587 vn,
1874 5520 1963 5576 l6.
2042 5519 2064 5551 ‘
2102 5518 2376 5591 Philipp.
2416 5522 2481 5587 ιι,
2522 5521 2609 5575 14.

376 5644 456 5714 (1)
514 5642 651 5698 Post
705 5644 857 5699 hanc
906 5642 1347 5714 inscriptionem
1407 5644 1669 5714 sequitur
1718 5644 1902 5698 altera
1952 5643 2013 5699 in
2114 5645 2277 5711 aerii,
2310 5646 2631 5771 qui/tabuit
2675 5648 2773 5703 sub
2828 5647 3189 5706 ordinatione
3237 5666 3340 5706 sua
3394 5653 3634 5723 quinque
3684 5655 3889 5710 millia

380 5717 461 5771 ito
512 5714 903 5771 Holsteniano.
950 5731 1017 5771 ex
1068 5731 1174 5771 ms.
1226 5715 1442 5771 codice.
1496 5720 1558 5769 ut
1607 5715 1854 5771 videtur.
1905 5716 2014 5770 de-
2112 5732 2311 5771 monac
2354 5733 2563 5771 orum.

2286 5734 2311 5773 0

305 5716 461 5773 edito
512 5714 903 5782 Holsteniano,
950 5731 1017 5771 ex
1068 5731 1174 5771 ms.
1226 5715 1442 5782 codice,
1496 5720 1558 5769 ut
1607 5715 1854 5782 videtur,
1905 5716 2014 5770 de-
2112 5732 2279 5771 mena

310 5790 565 5859 sumpta,
625 5804 751 5858 quas
800 5788 885 5845 sic
930 5804 988 5843 se
1037 5788 1258 5845 habet:
1320 5787 1520 5858 Incipit
1564 5787 1754 5857 regula
1785 5786 1840 5842 S.
1886 5786 2007 5844 Ma-

2354 5733 2563 5772 orum.
