4076 6280
270 383 387 443 969

1555 381 1864 444 REGULA
1907 384 2015 443 AD
2064 382 2504 445 MONACHOS.

3671 382 3790 443 970

268 534 472 574 omnes
531 515 904 581 conveniunt,
966 528 1038 569 ne
1090 512 1381 569 deﬁciant.
1435 512 1780 584 Quicunque
1829 516 2385 586 gra-Afratribus,
2450 513 2605 570 velut
2661 513 2861 583 regula
2927 512 3207 570 Continet.
3283 512 3392 579 Qui
3475 519 3791 587 susceptus

266 610 439 662 vatur
460 621 681 675 somno,
717 608 881 661 exeat
930 604 1083 659 foras
1127 620 1140 658 :
1193 620 1308 659 non
1362 619 1424 659 se
1474 604 1683 659 fabulis
1729 612 1974 676 occupet

274 697 373 753 sed
396 698 592 754 statim
623 697 821 752 redeat
852 695 923 750 ad
965 710 1132 764 opus,
1165 711 1279 765 quo
1321 694 1680 749 convenitur.
1723 695 1784 750 In
1834 711 1975 751 con-

269 786 603 857 gregatione
624 790 819 841 autem
854 785 981 855 ipsa
1011 783 1112 838 ubi
1148 782 1382 854 legitur,
1427 799 1597 839 aures
1629 800 1862 855 semper
1899 784 1971 839 ad

268 873 595 943 Scripturas
624 874 900 940 habeant,
923 873 1219 928 silentium
1253 872 1577 929 observent.

337 960 480 1016 XVI.
533 961 652 1017 IIoc
686 963 861 1017 etiam
911 962 1333 1016 attendendum
1373 961 1503 1031 fuit,
1557 964 1622 1015 ut
1655 961 1832 1015 frater
1871 962 1973 1032 qui

268 1065 373 1121 pro
405 1051 667 1122 qualibet
696 1051 861 1121 culpa
893 1050 1155 1121 arguitur
1203 1049 1288 1105 vel
1331 1049 1683 1121 increpatur,
1741 1050 1975 1122 patien-

266 1140 411 1195 tiam
473 1140 702 1209 habeat,
744 1144 800 1195 et
849 1156 962 1196 non
1014 1138 1358 1210 respondeat
1416 1140 1687 1211 arguenti
1735 1156 1819 1209 se,
1871 1141 1973 1197 sed

272 1228 543 1285 humiliet
599 1245 661 1285 se
725 1229 784 1283 in
865 1229 1162 1297 omnibus,
1229 1228 1553 1285 secundum
1628 1237 1973 1301 praeceptum

271 1320 502 1376 Domini
549 1319 798 1375 dicentis
832 1336 845 1375 :
897 1321 1038 1387 Quia
1091 1321 1228 1375 Deus
1259 1318 1566 1374 humilibus
1594 1319 1686 1375 dat
1710 1320 1973 1390 gratiam,

272 1410 519 1481 superbis
548 1419 728 1465 autem
750 1409 960 1466 resistit
1004 1410 1045 1466 ‘.
1086 1409 1202 1465 Et:
1244 1409 1351 1476 Qui
1377 1424 1435 1464 se
1483 1409 1763 1476 humiliat,
1810 1406 1974 1465 exat-

264 1498 484 1554 tabitur
510 1499 554 1554 ⁸.

342 1590 520 1646 XVII.
557 1591 660 1656 Qui
696 1606 827 1647 vero
858 1589 1073 1662 saepius
1104 1591 1435 1661 corripitur,
1458 1595 1515 1646 et
1535 1606 1650 1646 non
1682 1607 1742 1645 se
1784 1605 1977 1645 emen-

268 1679 521 1746 daverit,
579 1680 936 1738 novissimus
978 1682 1038 1737 in
1083 1680 1286 1736 ordine
1329 1684 1484 1736 stare
1524 1680 1818 1750 jubeatur.
1867 1678 1975 1742 Qui

262 1770 317 1825 si
366 1785 473 1827 nec
521 1771 603 1828 sic
652 1772 887 1842 quidem
937 1787 1000 1827 se
1046 1772 1463 1838 emendaverit,
1522 1776 1831 1827 extraneus
1870 1769 1977 1825 ha-

2084 605 2281 672 fuerit,
2315 621 2433 659 non
2465 602 2657 660 solum
2692 602 2762 657 de
2811 602 3147 658 substantia
3194 617 3371 674 quam
3418 601 3639 671 intulit,
3684 606 3787 661 sed

2086 696 2263 751 etiam
2312 712 2418 752 nec
2468 696 2539 750 de
2587 709 2648 750 se
2687 694 2814 765 ipso
2856 693 2926 748 ab
2971 692 3073 748 illa
3108 693 3396 764 judicabit
3432 693 3594 750 hora.
3644 695 3791 751 Nam

2087 786 2137 840 si
2181 786 2403 856 aliquid
2449 786 2609 856 prius
2674 784 2926 854 erogavit
2978 783 3351 854 pauperibus,
3406 792 3504 840 aut
3553 786 3791 842 veniens

2085 876 2146 930 in
2178 875 2452 931 cellulam
2484 874 2707 946 aliquid
2741 873 2941 928 intulit
2974 873 3268 943 fratribus,
3299 874 3411 943 ipsi
3444 879 3641 932 tamen
3672 892 3787 933 non

2086 970 2175 1019 est
2204 964 2455 1033 licitum,
2489 968 2551 1018 ut
2582 963 2803 1033 aliquid
2839 962 3049 1017 habeat
3081 962 3139 1016 in
3172 979 3276 1018 sua
3304 967 3610 1033 potestate.

2156 1053 2322 1108 XXV.
2357 1054 2427 1109 Et
2457 1054 2504 1108 si
2536 1069 2605 1108 ex
2659 1051 2917 1124 qualibet
2962 1068 3137 1107 causa
3188 1052 3448 1108 scandali
3494 1059 3625 1123 post
3674 1061 3795 1110 ter-

2083 1143 2230 1200 tium
2264 1143 2416 1198 diem
2448 1141 2584 1197 inde
2628 1142 2782 1197 exire
2822 1140 3093 1211 voluerit,
3148 1140 3293 1196 nihil
3345 1142 3579 1211 penitus
3632 1143 3793 1197 acci-

2085 1237 2226 1308 piat,
2278 1233 2389 1289 nisi
2436 1234 2492 1288 in
2542 1240 2697 1289 veste
2742 1248 2858 1303 qua
2903 1232 3079 1287 venit.
3124 1232 3285 1297 Quod
3332 1230 3381 1286 si
3413 1248 3552 1288 casu
3594 1236 3787 1288 trans-

2083 1324 2235 1395 ierit,
2270 1324 2469 1379 nullus
2500 1323 2821 1378 haeredium
2863 1322 2940 1393 (2)
2984 1322 3112 1392 ejus
3157 1321 3315 1376 adire
3354 1321 3579 1377 debeat.
3624 1323 3791 1389 Quod

2084 1415 2134 1471 si
2182 1413 2501 1486 impulsare
2565 1412 2645 1483 (3)
2712 1410 2978 1479 voluerit,
3050 1410 3245 1481 regula
3303 1410 3353 1466 ei
3420 1410 3666 1482 legatur,
3736 1416 3794 1466 et

2083 1504 2477 1561 confundatur
2508 1501 2771 1573 turpiter,
2805 1505 2861 1556 et
2893 1500 3152 1556 discedat
3198 1500 3477 1556 confusus
3514 1516 3526 1555 :
3561 1501 3699 1571 quia
3739 1506 3796 1557 et

2082 1594 2167 1649 illi
2196 1611 2228 1649 a
2249 1611 2361 1665 quo
2391 1591 2599 1663 repetit
2628 1593 2816 1647 fuerat
2837 1591 3099 1647 recitata.

2156 1684 2363 1741 XXVI.
2424 1684 2572 1755 Ergo
2630 1699 2699 1739 ex
2755 1681 3008 1753 qualibet
3066 1698 3239 1738 causa
3290 1681 3420 1753 quis
3470 1683 3796 1753 peccaverit

2087 1775 2281 1843 frater,
2315 1774 2386 1829 ab
2418 1772 2676 1829 oratione
2719 1772 3130 1842 suspendatur,
3176 1775 3232 1826 et
3266 1771 3508 1843 jejuniis
3548 1773 3792 1829 distrin-

258 1859 488 1928 beatur,
520 1840 684 1917 sicut
716 1861 995 1918 Dominus
1023 1861 1202 1917 dixit:
1263 1862 1347 1916 Sit
1392 1861 1498 1917 tibi
1543 1862 1684 1918 sicut
1730 1860 1975 1917 ethnicus
2004 1840 2050 1907 Β
2080 1840 2276 1936 gatur.
2303 1863 2463 1927 Quod
2496 1863 2544 1918 si
2577 1879 2773 1918 coram
2824 1840 3099 1917 omnibus
3139 1840 3418 1917 fratribus
3463 1867 3791 1933 prostratus

256 1955 316 2002 et
344 1948 673 2018 publicanus
702 1946 746 2006 ’⁷.

337 2037 537 2094 XVIII.
569 2039 651 2095 Ad
707 2054 970 2096 mensam
1015 2042 1211 2097 autem
1261 2039 1591 2111 specialiter
1637 2041 1837 2098 nullus
1884 2040 1981 2096 lo-r

252 2137 499 2200 quatur,
534 2129 647 2186 nisi
687 2130 789 2201 qui
833 2135 1043 2202 prmest
1101 2132 1186 2186 vel
1219 2132 1321 2203 qui
1368 2132 1757 2204 interrogatus
1776 2131 1972 2187 fuerit.

337 2220 494 2275 XIX.
554 2218 764 2275 Nullus
821 2237 884 2276 se
932 2222 989 2276 in
1050 2236 1159 2277 sua
1216 2220 1425 2292 peritia
1482 2238 1669 2293 neque
1718 2222 1775 2276 in
1835 2235 1975 2276 voce

245 2308 477 2367 exultet
522 2311 626 2366 sed
677 2327 775 2381 per
823 2310 1212 2367 humilitatem
1264 2314 1321 2367 et
1374 2311 1765 2368 obedientiam
1813 2311 1972 2367 laete-

251 2405 366 2455 tur
388 2399 447 2453 in
478 2398 750 2454 Domino.

332 2487 444 2544 XX.
497 2488 932 2560 Hospitalitatem
981 2495 1246 2546 sectantes
1305 2506 1408 2562 per
1454 2490 1649 2547 omnia
1698 2490 1740 2555 ⁸,
1797 2494 1853 2548 et
1899 2503 1974 2546 ne

261 2582 500 2635 avertas
538 2577 798 2649 oculum,
853 2585 955 2635 aut
1006 2579 1242 2635 inanem
1298 2580 1561 2635 dimittas
1607 2594 1971 2652 pauperem;

264 2684 341 2723 ne
367 2668 511 2724 forte
544 2668 831 2726 Dominus
862 2670 920 2724 in
970 2668 1201 2740 hospite
1252 2673 1354 2726 aut
1398 2671 1456 2726 in
1504 2686 1755 2741 paupere
1803 2670 1875 2726 ad
1919 2673 1973 2725 te

263 2758 484 2825 veniat,
521 2763 577 2814 et
627 2759 819 2815 videat
864 2765 921 2816 te
975 2760 1383 2817 haesitantem:
1430 2765 1486 2816 et
1533 2759 1972 2827 contemnaris;

260 2848 366 2903 sed
417 2847 691 2903 omnibus
741 2848 982 2905 hilarem
1017 2858 1068 2906 te
1117 2850 1380 2917 ostende,
1438 2854 1496 2906 et
1551 2849 1797 2905 ﬁdeliter
1844 2865 1969 2921 age.

342 2936 494 2991 XXI.
528 2941 739 2993 Passus
769 2939 1044 3008 injuriam
1076 2944 1291 2996 taceas.
1327 2939 1609 3009 Iniuriam
1640 2940 1827 2995 facere
1856 2954 1971 2996 non

266 3039 461 3092 nosse,
516 3025 725 3080 factam
758 3042 925 3095 posse
976 3026 1233 3083 tolerare.
1284 3027 1406 3082 Non
1459 3031 1515 3082 te
1561 3027 1758 3082 inania
1800 3028 1973 3082 sedu-

2084 1955 2311 2010 veniam
2336 1952 2735 2025 postulaverit,
2772 1950 3106 2007 dimittatur
3135 1950 3239 2006 illi.

2156 2043 2376 2099 XXVII.
2418 2042 2564 2098 Nam
2617 2041 2667 2097 si
2712 2042 2768 2095 in
2820 2057 2928 2097 sua
2978 2040 3220 2095 voluerit
3267 2055 3635 2111 perseverare
3683 2058 3791 2097 ne-

2082 2134 2261 2205 quitia
2290 2141 2344 2188 et
2375 2132 2650 2203 superbia
2698 2135 2753 2187 et
2801 2131 2957 2187 dicat
3007 2147 3020 2186 :
3071 2130 3176 2185 Hic
3232 2147 3365 2200 ergo
3412 2132 3624 2188 durare
3672 2148 3789 2188 non

2082 2239 2342 2295 possum,
2392 2220 2492 2276 sed
2533 2220 2815 2292 accipiam
2861 2218 3123 2276 casulam
3165 2236 3378 2287 meam,
3422 2227 3477 2278 et.
3516 2236 3641 2276 eam
3689 2221 3793 2276 ubi

2082 2314 2324 2369 voluerit
2370 2311 2696 2367 Dominus:
2759 2310 3025 2382 quisquis
3074 2311 3144 2365 de
3193 2310 3470 2366 fratribus
3511 2326 3645 2365 eum
3679 2310 3790 2366 hoc

2082 2402 2298 2458 dixisse
2355 2400 2520 2473 prius
2560 2399 2831 2470 audierit,
2881 2400 3089 2456 referat
3137 2400 3467 2472 praeposito,
3529 2403 3586 2455 et
3641 2416 3791 2472 prae-

2082 2492 2309 2563 positus
2373 2490 2587 2547 abbati.
2662 2490 2856 2545 Abbas
2906 2505 3101 2545 coram
3172 2489 3442 2545 omnibus
3509 2489 3791 2546 fratribus

2084 2581 2355 2650 resideat,
2387 2584 2443 2636 et
2473 2595 2605 2635 eum
2654 2578 2912 2635 exhiberi
2935 2579 3141 2649 jubeat
3172 2581 3226 2632 et
3252 2578 3429 2649 virgis
3470 2582 3747 2648 purgetur
3775 2595 3787 2632 :

2083 2679 2137 2728 et
2167 2671 2348 2727 oratio
2398 2670 2518 2737 ﬁat,
2567 2674 2623 2724 et
2673 2668 2756 2724 sic
2800 2669 2872 2724 ad
2918 2667 3389 2723 communionem
3454 2666 3786 2737 recipiatur.

2083 2760 2158 2817 Ut
2214 2759 2263 2817 si
2297 2759 2429 2829 quis
2487 2774 2629 2814 sane
2687 2773 2805 2814 non
2864 2757 3207 2813 emendatur
3265 2756 3552 2823 doctrina,
3612 2755 3790 2827 virgis

2085 2854 2381 2922 purgetur.

2154 2940 2415 2996 XXVIII.
2447 2939 2608 3003 Quod
2654 2937 2702 2994 si
2744 2953 2877 2994 casu
2918 2937 3050 3008 quis
3103 2938 3281 2991 frater
3328 2938 3397 2991 de
3438 2935 3788 2993 monasterio

2080 3029 2236 3085 exire
2286 3027 2549 3092 voluerit,
2601 3026 2747 3081 nihil
2795 3026 3030 3097 penitus
3081 3024 3347 3095 accipiat,
3400 3024 3513 3078 nisi
3564 3023 3623 3077 in
3683 3040 3791 3078 no-

269 3116 410 3169 cant
454 3112 719 3178 consilia,
778 3116 877 3170 sed
930 3116 1116 3185 magis
1165 3122 1222 3171 te
1270 3115 1596 3184 specialiter
1643 3115 1700 3169 in
1748 3115 1973 3170 Christo
2004 3108 2047 3175 C
2085 3117 2375 3173 tatissimo
2431 3115 2515 3187 (4)
2568 3114 2935 3180 vestimento,
2985 3117 3042 3168 et
3100 3117 3261 3169 extra
3320 3112 3788 3167 communionem

270 3204 573 3259 conﬁrma.
619 3203 743 3261 Non
795 3203 901 3258 tibi
941 3205 1192 3261 aestimes
1241 3204 1393 3260 ullos
1442 3204 1826 3275 proximiores
1876 3219 1976 3275 pa-

262 3300 480 3361 rentes,
517 3309 692 3363 quam
722 3294 821 3364 qui
844 3297 1038 3350 tecum
1070 3299 1207 3350 sunt
1236 3293 1298 3349 in
1329 3293 1536 3350 cellula
1567 3295 1795 3349 fratres.

338 3382 515 3437 XXII.
552 3383 608 3437 Si
650 3384 721 3438 ad
772 3385 1103 3440 necessaria
1149 3384 1498 3455 requirenda
1545 3400 1575 3439 e
1623 3383 1973 3439 monasterio

261 3472 387 3528 bini
419 3472 788 3544 egrediantur
818 3473 906 3529 vel
939 3475 1084 3530 terni
1119 3475 1345 3542 fratres,
1379 3475 1525 3531 tales
1574 3475 1717 3529 ﬁant
1756 3473 1972 3545 quibus

257 3562 540 3627 creditur,
589 3562 686 3633 qui
730 3564 1000 3620 timorem
1055 3564 1149 3619 Dei
1204 3566 1261 3620 in
1311 3579 1370 3619 se
1419 3564 1631 3619 habere
1682 3563 1967 3635 videntur,

257 3668 375 3708 non
403 3653 501 3724 qui
529 3654 936 3710 verbositatem
969 3659 1069 3710 aut
1100 3654 1288 3726 gulam
1318 3659 1636 3711 sectantur.

330 3742 528 3799 XXIII.
561 3743 708 3814 Ergo
759 3745 808 3799 si
857 3744 992 3815 quis
1043 3744 1115 3801 de
1163 3745 1375 3802 saeculo
1419 3747 1490 3801 ad
1544 3744 1968 3802 monasterium

253 3833 513 3889 converti
583 3832 848 3900 voluerit,
899 3833 1100 3905 regula
1152 3835 1202 3891 ei
1251 3836 1569 3891 introeunti
1619 3835 1868 3907 legatur,
1916 3842 1969 3892 et

257 3936 469 3977 omnes
499 3924 661 3975 actus
694 3923 1031 3977 monasterii
1062 3923 1148 3978 illi
1188 3924 1484 3994 patefiant.
1526 3923 1634 3985 Qui
1682 3925 1731 3977 si
1772 3923 1970 3978 omnia

256 4015 394 4081 apte
444 4010 813 4079 sustinuerit,
866 4010 948 4065 sic
997 4010 1173 4081 digne
1216 4028 1248 4067 a
1281 4012 1559 4067 fratribus
1609 4010 1969 4082 suscipiatur

254 4101 319 4155 in
354 4098 728 4155 monasterio.

328 4186 518 4243 XXIV.
562 4186 708 4242 Nam
749 4187 798 4243 si
848 4187 1103 4260 aliquam
1147 4188 1207 4244 in
1240 4189 1452 4246 cellula
1472 4189 1718 4247 voluerit
1748 4190 1961 4247 inferre

2086 3205 2342 3263 inﬁdelis
2391 3205 2671 3261 discedat.
2721 3204 2864 3259 Nam
2916 3202 3097 3275 quieti
3137 3206 3194 3257 et
3238 3202 3463 3273 paciﬁci
3495 3202 3791 3256 excelsum

2085 3296 2370 3368 diripiunt
2426 3310 2621 3365 regum
2670 3292 2714 3358 θ,
2765 3297 2821 3349 et
2871 3293 2974 3347 ﬁlii
3024 3295 3437 3360 computantur
3486 3289 3792 3360 Altissimi,

2084 3391 2141 3442 et
2189 3385 2474 3458 pretiosas
2522 3382 2971 3455 splendidasque
3017 3382 3301 3452 accipient
3346 3397 3632 3448 coronas;
3685 3379 3791 3433 ﬁlii

2083 3480 2277 3531 autem
2345 3475 2687 3530 tenebarum
2760 3473 2818 3528 in
2882 3473 3165 3528 exteriora
3233 3472 3403 3526 ibunt
3470 3473 3785 3537 tormenta,

2080 3566 2254 3635 Super
2300 3580 2457 3636 quem
2510 3563 2883 3634 requiescam,
2933 3562 3065 3616 dicit
3127 3562 3400 3629 Dominus,
3454 3560 3595 3616 nisis
3632 3575 3799 3630 super

2079 3654 2366 3714 humilem,
2399 3658 2447 3709 et
2477 3655 2723 3725 quietum
2752 3658 2804 3708 et
2836 3660 3159 3708 trementem
3199 3666 3471 3707 sermones
3501 3666 3646 3706 meos
3688 3648 3734 3685 ¹⁰
3761 3652 3786 3703 .9

2148 3744 2344 3800 XXIX.
2389 3745 2604 3809 Quarta
2647 3747 2703 3799 et
2748 3747 2908 3799 sexta
2958 3742 3099 3798 feria
3148 3742 3246 3814 qui
3294 3741 3635 3811 infrangunt
3685 3739 3784 3809 je-

2072 3834 2326 3905 junium,
2378 3834 2537 3891 Judze
2582 3833 2948 3888 aestimantur
2990 3830 3305 3901 participes
3344 3830 3445 3900 qui
3494 3829 3787 3884 Christum

2076 3924 2330 3979 tradidit.

2146 4011 2313 4066 XXX.
2392 4010 2542 4065 Illud
2601 4010 2774 4065 etiam
2835 4008 3245 4065 attendendum
3306 4008 3432 4075 fuit,
3504 4011 3566 4061 ut
3630 4007 3785 4063 intra

2074 4101 2499 4156 monasterium
2546 4098 2856 4155 artiﬁcium
2903 4115 3018 4153 non
3067 4098 3241 4153 faciat
3288 4096 3463 4163 ullus,
3518 4096 3630 4150 nisi
3686 4096 3785 4151 ille

2074 4191 2243 4260 cujus
2276 4189 2419 4246 ﬁdes
2452 4190 2693 4261 probata
2723 4188 2918 4255 fuerit,
2948 4186 3084 4258 quid
3116 4186 3183 4240 ad
3236 4184 3546 4240 utilitatem
3593 4192 3647 4239 et
3688 4200 3793 4239 ne-

253 4279 672 4348 substantiam,
731 4279 791 4335 in
852 4295 1054 4337 mensa
1109 4289 1363 4353 ponatur
1426 4298 1623 4339 coram
1685 4281 1962 4338 omnibus
1995 4267 2040 4331 D
2073 4283 2407 4339 cessitatem
2465 4280 2798 4337 monasterii
2858 4279 3030 4334 faciat
3088 4277 3243 4349 quod
3304 4275 3514 4347 poterit
3571 4275 3778 4331 facere.

325 4452 349 4489 ⁸
422 4456 545 4512 Jac.
606 4458 682 4523 iv,
741 4453 797 4510 6.
873 4454 895 4488 ⁸
950 4455 1154 4512 Matth.
1213 4471 1375 4526 χχιιι,
1436 4454 1524 4512 12.
1601 4454 1624 4489 ⁷
1680 4455 1887 4513 Matth.
1948 4473 1955 4512 ε

2168 4455 2256 4512 17.
2334 4454 2554 4512 8Rom.
2609 4470 2710 4521 xu,
2772 4453 2859 4508 13.
2936 4449 3191 4508 9Matth.
3256 4466 3308 4518 v,
3343 4448 3397 4518 4,
3427 4450 3482 4505 9.
3561 4448 3606 4483 ¹⁰
3652 4450 3763 4505 Isa.

254 4543 372 4597 va,
403 4526 459 4584 2.

324 4709 409 4783 (ἓ)
444 4708 777 4783 Haeredium.
836 4709 991 4783 Idem
1036 4710 1106 4766 ad
1153 4711 1443 4783 pradium.
1494 4709 1636 4768 Vide
1664 4708 1947 4782 Cangium
2060 4710 2186 4767 dam
2216 4708 2428 4766 ordinis
2464 4710 2641 4765 nostri
2670 4723 2877 4765 nos.....
2928 4701 3752 4783 multipliciter_impulsarunt,

251 4780 315 4834 in
337 4777 584 4844 'Glossar,
616 4797 667 4833 ν.
703 4781 1029 4837 Ηκνεάὶωη.

453 4849 1105 4939 Impulsare.'1.3a§citge.
1157 4855 1326 4939 ᾼριιεί
1375 4854 1861 4939 Marculfu'm‘l‘ib.
1911 4872 1957 4936 ,ιι

251 4922 434 4993 Form.
466 4921 660 4993 52,791
706 4923 951 4992 epistola
996 4921 1228 4981 Henrici
1262 4929 1333 4993 V,
1384 4928 1616 4983 abbatis
1649 4927 1956 4983 Fuldensis

249 4995 324 5050 ad
358 4992 501 5050 alios
531 4992 770 5051 abbates
801 4993 1036 5052 Ordinis
1080 4998 1140 5055 S.
1186 4997 1524 5056 Benedicti:
1563 5001 1795 5055 Abbates
1825 4999 1942 5071 qui-

2063 4789 2396 4854 quatenus...
2430 4795 2708 4854 assumere
2744 4774 3100 4846 curaremus,’
3132 4783 3241 4834 etc.
3296 4774 3422 4831 Vid.
3474 4774 3758 4845 Cangium

2071 4851 2130 4909 in
2165 4854 2399 4910 Gl‘ossar.
2424 4871 2478 4909 v.
2506 4851 2843 4925 Imputsare.

2139 4927 2219 4999 (4)
2241 4916 2610 4999 Notatissimd
2632 4933 2760 4981 aest.
2789 4922 2947 4999 _Vide
2994 4922 3146 4999 infra
3184 4936 3316 4992 quas
3359 4916 3770 4999 adnotavimus

2067 4992 2296 5070 ad'c'ap.
2331 4998 2418 5067 10,
2453 4996 2667 5069 regulas
2693 5012 2755 5051 ιιι
2787 4996 3021 5052 Patrum
3055 4995 3124 5050 ad
3149 4992 3483 5050 monachos.

334 5314 552 5377 Sancti
620 5313 893 5400 Macarii
956 5317 1533 5399 Apophthegmata,
1615 5338 1839 5381 necnon
1915 5324 2208 5400 excerpta
2282 5318 2458 5381 varia
2506 5337 2559 5400 Ae
2647 5328 2848 5400 sancto
2923 5318 3216 5392 Macario,
3294 5334 3612 5400 sermonem
3687 5314 3764 5372 de

256 5400 557 5483 Excessu_
608 5398 961 5483 laetorum,
988 5395 1191 5483 istc.“
1225 5395 1663 5483 et'Epistolas
1737 5418 1867 5482 quae
1940 5395 2267 5483 sequuntur
2325 5402 2389 5461 in
2445 5398 2708 5461 editione
2778 5399 3229 5464 Gallandiana.
3297 5406 3427 5470 jam
3501 5395 3768 5457 dedimus

243 5495 436 5559 supra
462 5476 574 5539 col.
608 5480 903 5552 235-265,
936 5480 1231 5559 385-392,
1262 5476 1547 5544 406-147.
