  <div class='ocr_page' id='page_1' title='image "/cluster/home/n/w/nwhite01/storage/ocr_20150623/34/mdp.39015041165401/553.png"; bbox 0 0 4076 6280; ppageno 0'>
   <div class='ocr_carea' id='block_1_1' title="bbox 349 340 463 399">
    <p class='ocr_par' dir='ltr' id='par_1_1' title="bbox 349 340 463 399">
     <span class='ocr_line' id='line_1_1' title="bbox 349 340 463 399; baseline 0.009 -1"><span class='ocrx_word' id='word_1_1' title='bbox 349 340 463 399; x_wconf 83' lang='grc'>971</span> 
     </span>
    </p>
   </div>
   <div class='ocr_carea' id='block_1_2' title="bbox 1427 328 2772 398">
    <p class='ocr_par' dir='ltr' id='par_1_2' title="bbox 1427 328 2772 398">
     <span class='ocr_line' id='line_1_2' title="bbox 1427 328 2772 398; baseline 0.007 -9"><span class='ocrx_word' id='word_1_2' title='bbox 1427 331 1537 390; x_wconf 92' lang='lat' dir='ltr'>SS.</span> <span class='ocrx_word' id='word_1_3' title='bbox 1592 328 2118 391; x_wconf 81' lang='lat' dir='ltr'>MACARIORUM</span> <span class='ocrx_word' id='word_1_4' title='bbox 2165 328 2262 392; x_wconf 88' lang='lat' dir='ltr'><strong>ET</strong></span> <span class='ocrx_word' id='word_1_5' title='bbox 2306 333 2772 398; x_wconf 81' lang='lat' dir='ltr'>PAPHNUTII.</span> 
     </span>
    </p>
   </div>
   <div class='ocr_carea' id='block_1_3' title="bbox 3741 338 3868 397">
    <p class='ocr_par' dir='ltr' id='par_1_3' title="bbox 3741 338 3868 397">
     <span class='ocr_line' id='line_1_3' title="bbox 3741 338 3868 397; baseline 0 -1"><span class='ocrx_word' id='word_1_6' title='bbox 3741 338 3868 397; x_wconf 73' lang='grc'>972</span> 
     </span>
    </p>
   </div>
   <div class='ocr_carea' id='block_1_4' title="bbox 1077 621 3123 786">
    <p class='ocr_par' dir='ltr' id='par_1_4' title="bbox 1077 621 3123 786">
     <span class='ocr_line' id='line_1_4' title="bbox 1077 621 3123 786; baseline 0.006 -29"><span class='ocrx_word' id='word_1_7' title='bbox 1077 625 1189 761; x_wconf 92' lang='lat' dir='ltr'>S.</span> <span class='ocrx_word' id='word_1_8' title='bbox 1288 621 2301 786; x_wconf 81' lang='lat' dir='ltr'>SEBAPIONIS,</span> <span class='ocrx_word' id='word_1_9' title='bbox 2398 624 3123 775; x_wconf 81' lang='lat' dir='ltr'>MACARH,</span> 
     </span>
    </p>
   </div>
   <div class='ocr_carea' id='block_1_5' title="bbox 874 853 3339 954">
    <p class='ocr_par' dir='ltr' id='par_1_5' title="bbox 874 853 3339 954">
     <span class='ocr_line' id='line_1_5' title="bbox 874 853 3339 954; baseline -0.007 -4"><span class='ocrx_word' id='word_1_10' title='bbox 874 860 1577 953; x_wconf 89' lang='lat' dir='ltr'>PAPHNUTII</span> <span class='ocrx_word' id='word_1_11' title='bbox 1676 862 1835 947; x_wconf 90' lang='lat' dir='ltr'>ET</span> <span class='ocrx_word' id='word_1_12' title='bbox 1924 862 2574 949; x_wconf 75' lang='lat' dir='ltr'>ALTEllIUS</span> <span class='ocrx_word' id='word_1_13' title='bbox 2665 862 3192 954; x_wconf 79' lang='lat' dir='ltr'>MACARII</span> <span class='ocrx_word' id='word_1_14' title='bbox 3252 853 3339 933; x_wconf 84' lang='grc'>(1)</span> 
     </span>
    </p>
   </div>
   <div class='ocr_carea' id='block_1_6' title="bbox 1129 1056 2074 1307">
    <p class='ocr_par' dir='ltr' id='par_1_6' title="bbox 1129 1059 2074 1306">
     <span class='ocr_line' id='line_1_6' title="bbox 1129 1059 2074 1306; baseline -0.001 -91"><span class='ocrx_word' id='word_1_15' title='bbox 1129 1059 1787 1218; x_wconf 83' lang='lat' dir='ltr'>REGULA</span> <span class='ocrx_word' id='word_1_16' title='bbox 1884 1060 2074 1214; x_wconf 88' lang='grc' dir='ltr'>ΑΙ</span> 
     </span>
    </p>
   </div>
   <div class='ocr_carea' id='block_1_7' title="bbox 2245 1056 3086 1307">
    <p class='ocr_par' dir='ltr' id='par_1_7' title="bbox 2245 1056 3086 1215">
     <span class='ocr_line' id='line_1_7' title="bbox 2245 1056 3086 1215; baseline 0.004 -4"><span class='ocrx_word' id='word_1_17' title='bbox 2245 1056 3086 1215; x_wconf 77' lang='lat' dir='ltr'>lIONAOHOS.</span> 
     </span>
    </p>
   </div>
   <div class='ocr_carea' id='block_1_8' title="bbox 1044 1397 1353 1453">
    <p class='ocr_par' dir='ltr' id='par_1_8' title="bbox 1044 1397 1353 1453">
     <span class='ocr_line' id='line_1_8' title="bbox 1044 1397 1353 1453; baseline -0.003 0"><span class='ocrx_word' id='word_1_18' title='bbox 1044 1397 1272 1453; x_wconf 87' lang='lat' dir='ltr'>CAPUT</span> <span class='ocrx_word' id='word_1_19' title='bbox 1313 1401 1353 1452; x_wconf 92' lang='grc' dir='ltr'>Ι.</span> 
     </span>
    </p>
   </div>
   <div class='ocr_carea' id='block_1_9' title="bbox 1082 1489 1346 1556">
    <p class='ocr_par' dir='ltr' id='par_1_9' title="bbox 1082 1489 1346 1556">
     <span class='ocr_line' id='line_1_9' title="bbox 1082 1489 1346 1556; baseline 0.004 -15"><span class='ocrx_word' id='word_1_20' title='bbox 1082 1489 1346 1556; x_wconf 64' lang='grc' dir='ltr'>Ρνείαῑίο</span> 
     </span>
    </p>
   </div>
   <div class='ocr_carea' id='block_1_10' title="bbox 424 1574 2056 1645">
    <p class='ocr_par' dir='ltr' id='par_1_10' title="bbox 424 1574 2056 1645">
     <span class='ocr_line' id='line_1_10' title="bbox 424 1574 2056 1645; baseline -0.004 -10"><span class='ocrx_word' id='word_1_21' title='bbox 424 1578 773 1635; x_wconf 69' lang='lat'>228-248</span> <span class='ocrx_word' id='word_1_22' title='bbox 825 1575 1174 1632; x_wconf 87' lang='lat' dir='ltr'>Sedenlibus</span> <span class='ocrx_word' id='word_1_23' title='bbox 1224 1577 1299 1645; x_wconf 84' lang='lat'>(2)</span> <span class='ocrx_word' id='word_1_24' title='bbox 1346 1574 1513 1630; x_wconf 86' lang='lat' dir='ltr'>nobis</span> <span class='ocrx_word' id='word_1_25' title='bbox 1562 1575 1621 1629; x_wconf 88' lang='lat' dir='ltr'>in</span> <span class='ocrx_word' id='word_1_26' title='bbox 1673 1591 1857 1630; x_wconf 91' lang='lat' dir='ltr'>unum</span> <span class='ocrx_word' id='word_1_27' title='bbox 1910 1590 2056 1631; x_wconf 89' lang='lat' dir='ltr'>con—</span> 
     </span>
    </p>
   </div>
   <div class='ocr_carea' id='block_1_11' title="bbox 351 1665 2053 1735">
    <p class='ocr_par' dir='ltr' id='par_1_11' title="bbox 351 1665 2053 1735">
     <span class='ocr_line' id='line_1_11' title="bbox 351 1665 2053 1735; baseline -0.004 -10"><span class='ocrx_word' id='word_1_28' title='bbox 351 1669 484 1725; x_wconf 86' lang='lat' dir='ltr'>silio</span> <span class='ocrx_word' id='word_1_29' title='bbox 544 1666 949 1731; x_wconf 80' lang='lat' dir='ltr'>saluberrimo,</span> <span class='ocrx_word' id='word_1_30' title='bbox 1009 1681 1141 1721; x_wconf 91' lang='lat' dir='ltr'>cum</span> <span class='ocrx_word' id='word_1_31' title='bbox 1201 1681 1365 1735; x_wconf 90' lang='lat' dir='ltr'>prece</span> <span class='ocrx_word' id='word_1_32' title='bbox 1426 1665 1733 1721; x_wconf 90' lang='lat' dir='ltr'>Dominum</span> <span class='ocrx_word' id='word_1_33' title='bbox 1786 1670 2053 1721; x_wconf 90' lang='lat' dir='ltr'>nostrum</span> 
     </span>
    </p>
   </div>
   <div class='ocr_carea' id='block_1_12' title="bbox 353 1755 2054 1830">
    <p class='ocr_par' dir='ltr' id='par_1_12' title="bbox 353 1755 2054 1830">
     <span class='ocr_line' id='line_1_12' title="bbox 353 1755 2054 1830; baseline -0.001 -17"><span class='ocrx_word' id='word_1_34' title='bbox 353 1759 706 1830; x_wconf 79' lang='lat' dir='ltr'>rogavimus,</span> <span class='ocrx_word' id='word_1_35' title='bbox 741 1761 805 1812; x_wconf 87' lang='lat' dir='ltr'>ut</span> <span class='ocrx_word' id='word_1_36' title='bbox 836 1756 1002 1811; x_wconf 90' lang='lat' dir='ltr'>nobis</span> <span class='ocrx_word' id='word_1_37' title='bbox 1044 1755 1413 1811; x_wconf 85' lang='lat' dir='ltr'>distribueret</span> <span class='ocrx_word' id='word_1_38' title='bbox 1454 1756 1733 1826; x_wconf 84' lang='lat' dir='ltr'>Spiritum</span> <span class='ocrx_word' id='word_1_39' title='bbox 1767 1763 2054 1825; x_wconf 87' lang='lat' dir='ltr'>sanctum,</span> 
     </span>
    </p>
   </div>
   <div class='ocr_carea' id='block_1_13' title="bbox 353 1846 2057 1919">
    <p class='ocr_par' dir='ltr' id='par_1_13' title="bbox 353 1846 2057 1919">
     <span class='ocr_line' id='line_1_13' title="bbox 353 1846 2057 1919; baseline -0.001 -15"><span class='ocrx_word' id='word_1_40' title='bbox 353 1850 450 1919; x_wconf 89' lang='lat' dir='ltr'>qui</span> <span class='ocrx_word' id='word_1_41' title='bbox 509 1865 615 1903; x_wconf 87' lang='lat' dir='ltr'>nos</span> <span class='ocrx_word' id='word_1_42' title='bbox 672 1848 986 1903; x_wconf 84' lang='lat' dir='ltr'>instrueret</span> <span class='ocrx_word' id='word_1_43' title='bbox 1046 1846 1295 1917; x_wconf 84' lang='lat' dir='ltr'>qualiter</span> <span class='ocrx_word' id='word_1_44' title='bbox 1356 1846 1599 1901; x_wconf 83' lang='lat' dir='ltr'>fratrum</span> <span class='ocrx_word' id='word_1_45' title='bbox 1658 1847 2057 1904; x_wconf 84' lang='lat' dir='ltr'>conversatio-</span> 
     </span>
    </p>
   </div>
   <div class='ocr_carea' id='block_1_14' title="bbox 353 1937 1722 2010">
    <p class='ocr_par' dir='ltr' id='par_1_14' title="bbox 353 1937 1722 2010">
     <span class='ocr_line' id='line_1_14' title="bbox 353 1937 1722 2010; baseline -0.001 -14"><span class='ocrx_word' id='word_1_46' title='bbox 353 1957 487 1996; x_wconf 86' lang='lat' dir='ltr'>nem</span> <span class='ocrx_word' id='word_1_47' title='bbox 516 1938 604 1995; x_wconf 87' lang='lat' dir='ltr'>vel</span> <span class='ocrx_word' id='word_1_48' title='bbox 638 1938 899 2010; x_wconf 82' lang='lat' dir='ltr'>regulam</span> <span class='ocrx_word' id='word_1_49' title='bbox 935 1937 1061 1992; x_wconf 63' lang='lat' dir='ltr'>vita;</span> <span class='ocrx_word' id='word_1_50' title='bbox 1102 1938 1371 1993; x_wconf 90' lang='lat' dir='ltr'>ordinare</span> <span class='ocrx_word' id='word_1_51' title='bbox 1404 1940 1722 2010; x_wconf 84' lang='lat' dir='ltr'>possimus.</span> 
     </span>
    </p>
   </div>
   <div class='ocr_carea' id='block_1_15' title="bbox 1032 2045 1370 2101">
    <p class='ocr_par' dir='ltr' id='par_1_15' title="bbox 1032 2045 1370 2101">
     <span class='ocr_line' id='line_1_15' title="bbox 1032 2045 1370 2101; baseline 0.003 -1"><span class='ocrx_word' id='word_1_52' title='bbox 1032 2045 1259 2101; x_wconf 84' lang='lat' dir='ltr'>CAPUT</span> <span class='ocrx_word' id='word_1_53' title='bbox 1300 2048 1370 2101; x_wconf 86' lang='lat' dir='ltr'>Il.</span> 
     </span>
    </p>
   </div>
   <div class='ocr_carea' id='block_1_16' title="bbox 650 2136 1760 2210">
    <p class='ocr_par' dir='ltr' id='par_1_16' title="bbox 650 2136 1760 2210">
     <span class='ocr_line' id='line_1_16' title="bbox 650 2136 1760 2210; baseline -0.002 -17"><span class='ocrx_word' id='word_1_54' title='bbox 650 2140 719 2193; x_wconf 86' lang='lat' dir='ltr'>De</span> <span class='ocrx_word' id='word_1_55' title='bbox 747 2140 930 2210; x_wconf 88' lang='lat' dir='ltr'>prima</span> <span class='ocrx_word' id='word_1_56' title='bbox 959 2138 1342 2210; x_wconf 85' lang='lat' dir='ltr'>conjugatione</span> <span class='ocrx_word' id='word_1_57' title='bbox 1368 2136 1760 2193; x_wconf 72' lang='lat' dir='ltr'>caenobitarum</span> 
     </span>
    </p>
   </div>
   <div class='ocr_carea' id='block_1_17' title="bbox 974 2209 1433 2279">
    <p class='ocr_par' dir='ltr' id='par_1_17' title="bbox 974 2209 1433 2279">
     <span class='ocr_line' id='line_1_17' title="bbox 974 2209 1433 2279; baseline -0.007 -16"><span class='ocrx_word' id='word_1_58' title='bbox 974 2209 1240 2279; x_wconf 79' lang='lat' dir='ltr'>Serapion</span> <span class='ocrx_word' id='word_1_59' title='bbox 1271 2209 1433 2263; x_wconf 76' lang='lat' dir='ltr'>dixit.</span> 
     </span>
    </p>
   </div>
   <div class='ocr_carea' id='block_1_18' title="bbox 424 2299 2059 2370">
    <p class='ocr_par' dir='ltr' id='par_1_18' title="bbox 424 2299 2059 2370">
     <span class='ocr_line' id='line_1_18' title="bbox 424 2299 2059 2370; baseline -0.001 -15"><span class='ocrx_word' id='word_1_60' title='bbox 424 2300 704 2363; x_wconf 84' lang='lat' dir='ltr'>Quoniam</span> <span class='ocrx_word' id='word_1_61' title='bbox 736 2301 1111 2355; x_wconf 77' lang='lat' dir='ltr'>misericordia</span> <span class='ocrx_word' id='word_1_62' title='bbox 1152 2299 1369 2354; x_wconf 79' lang='lat' dir='ltr'>Domini</span> <span class='ocrx_word' id='word_1_63' title='bbox 1415 2301 1581 2370; x_wconf 89' lang='lat' dir='ltr'>plena</span> <span class='ocrx_word' id='word_1_64' title='bbox 1629 2308 1705 2355; x_wconf 90' lang='lat' dir='ltr'>est</span> <span class='ocrx_word' id='word_1_65' title='bbox 1758 2306 1904 2355; x_wconf 84' lang='lat' dir='ltr'>terra</span> <span class='ocrx_word' id='word_1_66' title='bbox 1938 2302 1954 2335; x_wconf 80' lang='grc'>¹</span> <span class='ocrx_word' id='word_1_67' title='bbox 2005 2307 2059 2355; x_wconf 90' lang='lat' dir='ltr'>et</span> 
     </span>
    </p>
   </div>
   <div class='ocr_carea' id='block_1_19' title="bbox 354 2390 2057 2461">
    <p class='ocr_par' dir='ltr' id='par_1_19' title="bbox 354 2390 2057 2461">
     <span class='ocr_line' id='line_1_19' title="bbox 354 2390 2057 2461; baseline -0.001 -16"><span class='ocrx_word' id='word_1_68' title='bbox 354 2390 671 2445; x_wconf 93' lang='lat' dir='ltr'>multorum</span> <span class='ocrx_word' id='word_1_69' title='bbox 718 2390 792 2460; x_wconf 83' lang='lat'>(3)</span> <span class='ocrx_word' id='word_1_70' title='bbox 838 2390 1073 2461; x_wconf 80' lang='lat' dir='ltr'>agmina</span> <span class='ocrx_word' id='word_1_71' title='bbox 1112 2390 1181 2444; x_wconf 89' lang='lat' dir='ltr'>ad</span> <span class='ocrx_word' id='word_1_72' title='bbox 1214 2390 1339 2444; x_wconf 70' lang='lat' dir='ltr'>vitae</span> <span class='ocrx_word' id='word_1_73' title='bbox 1372 2390 1667 2459; x_wconf 81' lang='lat' dir='ltr'>fastigium</span> <span class='ocrx_word' id='word_1_74' title='bbox 1701 2392 1968 2459; x_wconf 90' lang='lat' dir='ltr'>tendunt,</span> <span class='ocrx_word' id='word_1_75' title='bbox 2003 2396 2057 2444; x_wconf 90' lang='lat' dir='ltr'>et</span> 
     </span>
    </p>
   </div>
   <div class='ocr_carea' id='block_1_20' title="bbox 354 2479 2056 2549">
    <p class='ocr_par' dir='ltr' id='par_1_20' title="bbox 354 2479 2056 2549">
     <span class='ocr_line' id='line_1_20' title="bbox 354 2479 2056 2549; baseline 0 -16"><span class='ocrx_word' id='word_1_76' title='bbox 354 2480 489 2549; x_wconf 88' lang='lat' dir='ltr'>quia</span> <span class='ocrx_word' id='word_1_77' title='bbox 521 2480 701 2534; x_wconf 87' lang='lat' dir='ltr'>eremi</span> <span class='ocrx_word' id='word_1_78' title='bbox 734 2480 973 2535; x_wconf 81' lang='lat' dir='ltr'>vastitas</span> <span class='ocrx_word' id='word_1_79' title='bbox 1005 2485 1061 2534; x_wconf 89' lang='lat' dir='ltr'>et</span> <span class='ocrx_word' id='word_1_80' title='bbox 1101 2479 1457 2534; x_wconf 91' lang='lat' dir='ltr'>diversorum</span> <span class='ocrx_word' id='word_1_81' title='bbox 1508 2483 1897 2534; x_wconf 88' lang='lat' dir='ltr'>monstrorum</span> <span class='ocrx_word' id='word_1_82' title='bbox 1929 2484 2056 2534; x_wconf 90' lang='lat' dir='ltr'>ter-</span> 
     </span>
    </p>
   </div>
   <div class='ocr_carea' id='block_1_21' title="bbox 357 2567 2057 2640">
    <p class='ocr_par' dir='ltr' id='par_1_21' title="bbox 357 2567 2057 2640">
     <span class='ocr_line' id='line_1_21' title="bbox 357 2567 2057 2640; baseline 0.001 -19"><span class='ocrx_word' id='word_1_83' title='bbox 357 2584 453 2621; x_wconf 94' lang='lat' dir='ltr'>ror</span> <span class='ocrx_word' id='word_1_84' title='bbox 484 2567 827 2639; x_wconf 80' lang='lat' dir='ltr'>singillatim</span> <span class='ocrx_word' id='word_1_85' title='bbox 864 2568 1127 2622; x_wconf 85' lang='lat' dir='ltr'>habitare</span> <span class='ocrx_word' id='word_1_86' title='bbox 1162 2570 1364 2623; x_wconf 81' lang='lat' dir='ltr'>fratres</span> <span class='ocrx_word' id='word_1_87' title='bbox 1408 2585 1521 2623; x_wconf 92' lang='lat' dir='ltr'>non</span> <span class='ocrx_word' id='word_1_88' title='bbox 1550 2569 1833 2639; x_wconf 86' lang='lat' dir='ltr'>permittit</span> <span class='ocrx_word' id='word_1_89' title='bbox 1867 2586 1879 2623; x_wconf 90' lang='lat'><strong>:</strong></span> <span class='ocrx_word' id='word_1_90' title='bbox 1914 2570 2057 2640; x_wconf 90' lang='lat' dir='ltr'>opti-</span> 
     </span>
    </p>
   </div>
   <div class='ocr_carea' id='block_1_22' title="bbox 357 2656 2055 2728">
    <p class='ocr_par' dir='ltr' id='par_1_22' title="bbox 357 2656 2055 2728">
     <span class='ocr_line' id='line_1_22' title="bbox 357 2656 2055 2728; baseline 0.002 -17"><span class='ocrx_word' id='word_1_91' title='bbox 357 2674 518 2711; x_wconf 90' lang='lat' dir='ltr'>mum</span> <span class='ocrx_word' id='word_1_92' title='bbox 577 2658 800 2711; x_wconf 89' lang='lat' dir='ltr'>videtur</span> <span class='ocrx_word' id='word_1_93' title='bbox 858 2656 1114 2727; x_wconf 88' lang='lat' dir='ltr'>Spiritus</span> <span class='ocrx_word' id='word_1_94' title='bbox 1172 2658 1356 2711; x_wconf 85' lang='lat' dir='ltr'>sancti</span> <span class='ocrx_word' id='word_1_95' title='bbox 1430 2659 1730 2728; x_wconf 82' lang='lat' dir='ltr'>praeceptis</span> <span class='ocrx_word' id='word_1_96' title='bbox 1800 2659 2055 2714; x_wconf 88' lang='lat' dir='ltr'>obedire.</span> 
     </span>
    </p>
   </div>
   <div class='ocr_carea' id='block_1_23' title="bbox 2082 1396 3870 1469">
    <p class='ocr_par' dir='ltr' id='par_1_23' title="bbox 2082 1396 3870 1469">
     <span class='ocr_line' id='line_1_23' title="bbox 2082 1396 3870 1469; baseline 0.001 -17"><span class='ocrx_word' id='word_1_97' title='bbox 2082 1404 2139 1468; x_wconf 84' lang='grc' dir='ltr'><strong>Α</strong></span> <span class='ocrx_word' id='word_1_98' title='bbox 2167 1412 2396 1469; x_wconf 87' lang='lat' dir='ltr'>quoque</span> <span class='ocrx_word' id='word_1_99' title='bbox 2440 1396 2510 1453; x_wconf 88' lang='lat' dir='ltr'>ab</span> <span class='ocrx_word' id='word_1_100' title='bbox 2555 1397 2644 1451; x_wconf 90' lang='lat' dir='ltr'>his</span> <span class='ocrx_word' id='word_1_101' title='bbox 2692 1398 2791 1468; x_wconf 87' lang='lat' dir='ltr'>qui</span> <span class='ocrx_word' id='word_1_102' title='bbox 2829 1411 2887 1453; x_wconf 88' lang='lat' dir='ltr'>se</span> <span class='ocrx_word' id='word_1_103' title='bbox 2916 1396 3019 1453; x_wconf 88' lang='lat' dir='ltr'>tali</span> <span class='ocrx_word' id='word_1_104' title='bbox 3051 1413 3224 1469; x_wconf 88' lang='lat' dir='ltr'>opere</span> <span class='ocrx_word' id='word_1_105' title='bbox 3255 1397 3563 1453; x_wconf 86' lang='lat' dir='ltr'>unanimes</span> <span class='ocrx_word' id='word_1_106' title='bbox 3594 1414 3724 1454; x_wconf 84' lang='lat' dir='ltr'>esse</span> <span class='ocrx_word' id='word_1_107' title='bbox 3754 1413 3870 1454; x_wconf 86' lang='lat' dir='ltr'>cu-</span> 
     </span>
    </p>
   </div>
   <div class='ocr_carea' id='block_1_24' title="bbox 2164 1486 3867 1558">
    <p class='ocr_par' dir='ltr' id='par_1_24' title="bbox 2164 1486 3867 1558">
     <span class='ocr_line' id='line_1_24' title="bbox 2164 1486 3867 1558; baseline 0.002 -18"><span class='ocrx_word' id='word_1_108' title='bbox 2164 1487 2353 1558; x_wconf 89' lang='lat' dir='ltr'>piunt,</span> <span class='ocrx_word' id='word_1_109' title='bbox 2387 1487 2526 1557; x_wconf 88' lang='lat' dir='ltr'>quia</span> <span class='ocrx_word' id='word_1_110' title='bbox 2557 1502 2658 1557; x_wconf 91' lang='lat' dir='ltr'>per</span> <span class='ocrx_word' id='word_1_111' title='bbox 2687 1486 3077 1542; x_wconf 85' lang='lat' dir='ltr'>obedientiam</span> <span class='ocrx_word' id='word_1_112' title='bbox 3124 1486 3417 1543; x_wconf 85' lang='lat' dir='ltr'>Abraham</span> <span class='ocrx_word' id='word_1_113' title='bbox 3460 1486 3677 1557; x_wconf 87' lang='lat' dir='ltr'>placuit</span> <span class='ocrx_word' id='word_1_114' title='bbox 3723 1488 3867 1551; x_wconf 86' lang='lat' dir='ltr'>Deo.</span> 
     </span>
    </p>
   </div>
   <div class='ocr_carea' id='block_1_25' title="bbox 2164 1575 3875 1648">
    <p class='ocr_par' dir='ltr' id='par_1_25' title="bbox 2164 1575 3875 1648">
     <span class='ocr_line' id='line_1_25' title="bbox 2164 1575 3875 1648; baseline 0 -17"><span class='ocrx_word' id='word_1_115' title='bbox 2164 1580 2214 1631; x_wconf 89' lang='lat' dir='ltr'>et</span> <span class='ocrx_word' id='word_1_116' title='bbox 2250 1575 2461 1631; x_wconf 88' lang='lat' dir='ltr'>amicus</span> <span class='ocrx_word' id='word_1_117' title='bbox 2508 1578 2607 1631; x_wconf 89' lang='lat' dir='ltr'>Dei</span> <span class='ocrx_word' id='word_1_118' title='bbox 2642 1577 2946 1647; x_wconf 87' lang='lat' dir='ltr'>appellatus</span> <span class='ocrx_word' id='word_1_119' title='bbox 2994 1585 3071 1633; x_wconf 89' lang='lat' dir='ltr'>est</span> <span class='ocrx_word' id='word_1_120' title='bbox 3098 1577 3138 1629; x_wconf 74' lang='grc'><strong>⁵.</strong></span> <span class='ocrx_word' id='word_1_121' title='bbox 3173 1578 3281 1633; x_wconf 88' lang='lat' dir='ltr'>Per</span> <span class='ocrx_word' id='word_1_122' title='bbox 3328 1576 3721 1632; x_wconf 82' lang='lat' dir='ltr'>obedientiam</span> <span class='ocrx_word' id='word_1_123' title='bbox 3757 1577 3875 1648; x_wconf 88' lang='lat' dir='ltr'>ipsi</span> 
     </span>
    </p>
   </div>
   <div class='ocr_carea' id='block_1_26' title="bbox 2165 1664 3876 1737">
    <p class='ocr_par' dir='ltr' id='par_1_26' title="bbox 2165 1664 3876 1737">
     <span class='ocr_line' id='line_1_26' title="bbox 2165 1664 3876 1737; baseline 0.002 -18"><span class='ocrx_word' id='word_1_124' title='bbox 2165 1664 2414 1737; x_wconf 80' lang='lat' dir='ltr'>apostoli</span> <span class='ocrx_word' id='word_1_125' title='bbox 2473 1671 2814 1721; x_wconf 88' lang='lat' dir='ltr'>meruerunt</span> <span class='ocrx_word' id='word_1_126' title='bbox 2870 1671 3044 1721; x_wconf 88' lang='lat' dir='ltr'>testes</span> <span class='ocrx_word' id='word_1_127' title='bbox 3104 1665 3354 1722; x_wconf 92' lang='lat' dir='ltr'>Domino</span> <span class='ocrx_word' id='word_1_128' title='bbox 3400 1667 3460 1721; x_wconf 89' lang='lat' dir='ltr'>in</span> <span class='ocrx_word' id='word_1_129' title='bbox 3507 1666 3786 1722; x_wconf 87' lang='lat' dir='ltr'>tribubus</span> <span class='ocrx_word' id='word_1_130' title='bbox 3816 1672 3876 1723; x_wconf 89' lang='lat' dir='ltr'>et</span> 
     </span>
    </p>
   </div>
   <div class='ocr_carea' id='block_1_27' title="bbox 2166 1754 3875 1827">
    <p class='ocr_par' dir='ltr' id='par_1_27' title="bbox 2166 1754 3875 1827">
     <span class='ocr_line' id='line_1_27' title="bbox 2166 1754 3875 1827; baseline 0.002 -18"><span class='ocrx_word' id='word_1_131' title='bbox 2166 1754 2395 1826; x_wconf 80' lang='lat' dir='ltr'>populis</span> <span class='ocrx_word' id='word_1_132' title='bbox 2442 1770 2589 1811; x_wconf 88' lang='lat' dir='ltr'>esse.</span> <span class='ocrx_word' id='word_1_133' title='bbox 2640 1756 2767 1826; x_wconf 84' lang='lat' dir='ltr'>Ipse</span> <span class='ocrx_word' id='word_1_134' title='bbox 2816 1772 3044 1827; x_wconf 90' lang='lat' dir='ltr'>quoque</span> <span class='ocrx_word' id='word_1_135' title='bbox 3094 1756 3377 1811; x_wconf 89' lang='lat' dir='ltr'>Dominus</span> <span class='ocrx_word' id='word_1_136' title='bbox 3436 1761 3637 1812; x_wconf 88' lang='lat' dir='ltr'>noster</span> <span class='ocrx_word' id='word_1_137' title='bbox 3668 1758 3738 1812; x_wconf 85' lang='lat' dir='ltr'>de</span> <span class='ocrx_word' id='word_1_138' title='bbox 3773 1775 3875 1813; x_wconf 87' lang='lat' dir='ltr'>su-</span> 
     </span>
    </p>
   </div>
   <div class='ocr_carea' id='block_1_28' title="bbox 2166 1844 3878 1917">
    <p class='ocr_par' dir='ltr' id='par_1_28' title="bbox 2166 1844 3878 1917">
     <span class='ocr_line' id='line_1_28' title="bbox 2166 1844 3878 1917; baseline 0.003 -18"><span class='ocrx_word' id='word_1_139' title='bbox 2166 1844 2363 1915; x_wconf 85' lang='lat' dir='ltr'>pernis</span> <span class='ocrx_word' id='word_1_140' title='bbox 2392 1845 2461 1899; x_wconf 93' lang='lat' dir='ltr'>ad</span> <span class='ocrx_word' id='word_1_141' title='bbox 2493 1846 2764 1901; x_wconf 90' lang='lat' dir='ltr'>inferiora</span> <span class='ocrx_word' id='word_1_142' title='bbox 2803 1846 3161 1901; x_wconf 85' lang='lat' dir='ltr'>descendens</span> <span class='ocrx_word' id='word_1_143' title='bbox 3211 1847 3331 1901; x_wconf 87' lang='lat' dir='ltr'>ait:</span> <span class='ocrx_word' id='word_1_144' title='bbox 3364 1846 3481 1901; x_wconf 85' lang='lat' dir='ltr'>Non</span> <span class='ocrx_word' id='word_1_145' title='bbox 3523 1849 3651 1902; x_wconf 82' lang='lat' dir='ltr'>veni</span> <span class='ocrx_word' id='word_1_146' title='bbox 3690 1849 3878 1917; x_wconf 81' lang='lat' dir='ltr'>facere</span> 
     </span>
    </p>
   </div>
   <div class='ocr_carea' id='block_1_29' title="bbox 2162 1935 3876 2010">
    <p class='ocr_par' dir='ltr' id='par_1_29' title="bbox 2162 1935 3876 2010">
     <span class='ocr_line' id='line_1_29' title="bbox 2162 1935 3876 2010; baseline 0.002 -21"><span class='ocrx_word' id='word_1_147' title='bbox 2162 1935 2499 1989; x_wconf 81' lang='lat' dir='ltr'>voluntatem</span> <span class='ocrx_word' id='word_1_148' title='bbox 2529 1952 2730 2001; x_wconf 85' lang='lat' dir='ltr'>meam,</span> <span class='ocrx_word' id='word_1_149' title='bbox 2761 1935 2852 1989; x_wconf 90' lang='lat' dir='ltr'>sed</span> <span class='ocrx_word' id='word_1_150' title='bbox 2881 1938 2995 2007; x_wconf 88' lang='lat' dir='ltr'>ejus</span> <span class='ocrx_word' id='word_1_151' title='bbox 3036 1937 3132 2007; x_wconf 90' lang='lat' dir='ltr'>qui</span> <span class='ocrx_word' id='word_1_152' title='bbox 3182 1953 3264 1991; x_wconf 90' lang='lat' dir='ltr'>me</span> <span class='ocrx_word' id='word_1_153' title='bbox 3302 1935 3521 1990; x_wconf 78' lang='lat' dir='ltr'>misit&quot;.</span> <span class='ocrx_word' id='word_1_154' title='bbox 3582 1937 3682 1992; x_wconf 86' lang='lat' dir='ltr'>His</span> <span class='ocrx_word' id='word_1_155' title='bbox 3735 1953 3876 2010; x_wconf 86' lang='lat' dir='ltr'>ergo</span> 
     </span>
    </p>
   </div>
   <div class='ocr_carea' id='block_1_30' title="bbox 2164 2025 3881 2099">
    <p class='ocr_par' dir='ltr' id='par_1_30' title="bbox 2164 2025 3881 2099">
     <span class='ocr_line' id='line_1_30' title="bbox 2164 2025 3881 2099; baseline 0.002 -20"><span class='ocrx_word' id='word_1_156' title='bbox 2164 2026 2343 2080; x_wconf 84' lang='lat' dir='ltr'>tantis</span> <span class='ocrx_word' id='word_1_157' title='bbox 2373 2025 2688 2081; x_wconf 88' lang='lat' dir='ltr'>virtutibus</span> <span class='ocrx_word' id='word_1_158' title='bbox 2720 2026 2948 2081; x_wconf 81' lang='lat' dir='ltr'>firmata</span> <span class='ocrx_word' id='word_1_159' title='bbox 2979 2026 3309 2083; x_wconf 88' lang='lat' dir='ltr'>obedientia</span> <span class='ocrx_word' id='word_1_160' title='bbox 3339 2042 3691 2099; x_wconf 80' lang='lat' dir='ltr'>magnopere</span> <span class='ocrx_word' id='word_1_161' title='bbox 3746 2043 3881 2083; x_wconf 85' lang='lat' dir='ltr'>ma-</span> 
     </span>
    </p>
   </div>
   <div class='ocr_carea' id='block_1_31' title="bbox 2165 2116 2933 2185">
    <p class='ocr_par' dir='ltr' id='par_1_31' title="bbox 2165 2116 2933 2185">
     <span class='ocr_line' id='line_1_31' title="bbox 2165 2116 2933 2185; baseline 0.003 -16"><span class='ocrx_word' id='word_1_162' title='bbox 2165 2130 2394 2185; x_wconf 82' lang='lat' dir='ltr'>gnoque</span> <span class='ocrx_word' id='word_1_163' title='bbox 2426 2116 2618 2170; x_wconf 89' lang='lat' dir='ltr'>studio</span> <span class='ocrx_word' id='word_1_164' title='bbox 2650 2120 2933 2171; x_wconf 88' lang='lat' dir='ltr'>teneatur.</span> 
     </span>
    </p>
   </div>
   <div class='ocr_carea' id='block_1_32' title="bbox 2839 2222 3184 2280">
    <p class='ocr_par' dir='ltr' id='par_1_32' title="bbox 2839 2222 3184 2280">
     <span class='ocr_line' id='line_1_32' title="bbox 2839 2222 3184 2280; baseline 0.006 -3"><span class='ocrx_word' id='word_1_165' title='bbox 2839 2222 3075 2278; x_wconf 85' lang='lat' dir='ltr'>CAPUT</span> <span class='ocrx_word' id='word_1_166' title='bbox 3115 2223 3184 2280; x_wconf 90' lang='lat' dir='ltr'>V.</span> 
     </span>
    </p>
   </div>
   <div class='ocr_carea' id='block_1_33' title="bbox 2166 2310 3884 2383">
    <p class='ocr_par' dir='ltr' id='par_1_33' title="bbox 2166 2310 3884 2383">
     <span class='ocr_line' id='line_1_33' title="bbox 2166 2310 3884 2383; baseline 0.005 -19"><span class='ocrx_word' id='word_1_167' title='bbox 2166 2310 2431 2366; x_wconf 81' lang='lat' dir='ltr'>Macarius</span> <span class='ocrx_word' id='word_1_168' title='bbox 2461 2311 2607 2366; x_wconf 73' lang='lat' dir='ltr'>dixit</span> <span class='ocrx_word' id='word_1_169' title='bbox 2633 2330 2653 2365; x_wconf 83' lang='lat'><em>:</em></span> <span class='ocrx_word' id='word_1_170' title='bbox 2693 2312 2942 2379; x_wconf 83' lang='lat' dir='ltr'>Qualiter</span> <span class='ocrx_word' id='word_1_171' title='bbox 2981 2314 3273 2383; x_wconf 87' lang='lat' dir='ltr'>spirituale</span> <span class='ocrx_word' id='word_1_172' title='bbox 3318 2317 3647 2370; x_wconf 72' lang='lat' dir='ltr'>exercitium</span> <span class='ocrx_word' id='word_1_173' title='bbox 3697 2316 3769 2371; x_wconf 88' lang='lat' dir='ltr'>ab</span> <span class='ocrx_word' id='word_1_174' title='bbox 3799 2320 3884 2373; x_wconf 82' lang='lat' dir='ltr'>his</span> 
     </span>
    </p>
   </div>
   <div class='ocr_carea' id='block_1_34' title="bbox 2555 2386 3494 2455">
    <p class='ocr_par' dir='ltr' id='par_1_34' title="bbox 2555 2386 3494 2455">
     <span class='ocr_line' id='line_1_34' title="bbox 2555 2386 3494 2455; baseline 0.005 -18"><span class='ocrx_word' id='word_1_175' title='bbox 2555 2387 2649 2455; x_wconf 86' lang='lat' dir='ltr'>qui</span> <span class='ocrx_word' id='word_1_176' title='bbox 2671 2388 2910 2449; x_wconf 63' lang='lat' dir='ltr'>prasunt</span> <span class='ocrx_word' id='word_1_177' title='bbox 2932 2386 3190 2439; x_wconf 87' lang='lat' dir='ltr'>Patribus</span> <span class='ocrx_word' id='word_1_178' title='bbox 3220 2392 3494 2442; x_wconf 83' lang='lat' dir='ltr'>teneatur.</span> 
     </span>
    </p>
   </div>
   <div class='ocr_carea' id='block_1_35' title="bbox 2240 2474 3883 2547">
    <p class='ocr_par' dir='ltr' id='par_1_35' title="bbox 2240 2474 3883 2547">
     <span class='ocr_line' id='line_1_35' title="bbox 2240 2474 3883 2547; baseline 0.004 -19"><span class='ocrx_word' id='word_1_179' title='bbox 2240 2474 2525 2536; x_wconf 87' lang='lat' dir='ltr'>Quoniam</span> <span class='ocrx_word' id='word_1_180' title='bbox 2560 2474 2798 2528; x_wconf 86' lang='lat' dir='ltr'>fratrum</span> <span class='ocrx_word' id='word_1_181' title='bbox 2843 2474 3095 2544; x_wconf 86' lang='lat' dir='ltr'>insignia</span> <span class='ocrx_word' id='word_1_182' title='bbox 3138 2475 3445 2547; x_wconf 90' lang='lat' dir='ltr'>virtutum,</span> <span class='ocrx_word' id='word_1_183' title='bbox 3491 2477 3883 2535; x_wconf 87' lang='lat' dir='ltr'>habitationes</span> 
     </span>
    </p>
   </div>
   <div class='ocr_carea' id='block_1_36' title="bbox 2173 2563 3878 2640">
    <p class='ocr_par' dir='ltr' id='par_1_36' title="bbox 2173 2563 3878 2640">
     <span class='ocr_line' id='line_1_36' title="bbox 2173 2563 3878 2640; baseline 0.003 -22"><span class='ocrx_word' id='word_1_184' title='bbox 2173 2579 2424 2634; x_wconf 90' lang='lat' dir='ltr'>quoque,</span> <span class='ocrx_word' id='word_1_185' title='bbox 2457 2563 2542 2618; x_wconf 91' lang='lat' dir='ltr'>vel</span> <span class='ocrx_word' id='word_1_186' title='bbox 2574 2563 2877 2619; x_wconf 80' lang='lat' dir='ltr'>obedentia</span> <span class='ocrx_word' id='word_1_187' title='bbox 2926 2566 3197 2635; x_wconf 88' lang='lat' dir='ltr'>superius</span> <span class='ocrx_word' id='word_1_188' title='bbox 3240 2566 3564 2637; x_wconf 85' lang='lat' dir='ltr'>conscripta</span> <span class='ocrx_word' id='word_1_189' title='bbox 3608 2574 3750 2623; x_wconf 88' lang='lat' dir='ltr'>sunt</span> <span class='ocrx_word' id='word_1_190' title='bbox 3774 2568 3878 2640; x_wconf 89' lang='lat'>(5),</span> 
     </span>
    </p>
   </div>
   <div class='ocr_carea' id='block_1_37' title="bbox 2168 2652 3880 2726">
    <p class='ocr_par' dir='ltr' id='par_1_37' title="bbox 2168 2652 3880 2726">
     <span class='ocr_line' id='line_1_37' title="bbox 2168 2652 3880 2726; baseline 0.002 -18"><span class='ocrx_word' id='word_1_191' title='bbox 2168 2670 2326 2708; x_wconf 89' lang='lat' dir='ltr'>nunc</span> <span class='ocrx_word' id='word_1_192' title='bbox 2358 2652 2609 2724; x_wconf 88' lang='lat' dir='ltr'>qualiter</span> <span class='ocrx_word' id='word_1_193' title='bbox 2639 2652 2939 2722; x_wconf 87' lang='lat' dir='ltr'>spirituale</span> <span class='ocrx_word' id='word_1_194' title='bbox 2971 2654 3309 2709; x_wconf 80' lang='lat' dir='ltr'>exercitium</span> <span class='ocrx_word' id='word_1_195' title='bbox 3358 2654 3429 2710; x_wconf 88' lang='lat' dir='ltr'>ab</span> <span class='ocrx_word' id='word_1_196' title='bbox 3480 2656 3570 2711; x_wconf 81' lang='lat' dir='ltr'>his</span> <span class='ocrx_word' id='word_1_197' title='bbox 3600 2657 3691 2726; x_wconf 92' lang='lat' dir='ltr'>qui</span> <span class='ocrx_word' id='word_1_198' title='bbox 3727 2674 3880 2726; x_wconf 67' lang='lat' dir='ltr'>prae-</span> 
     </span>
    </p>
   </div>
   <div class='ocr_carea' id='block_1_38' title="bbox 359 2743 3874 2853">
    <p class='ocr_par' dir='ltr' id='par_1_38' title="bbox 359 2743 3874 2853">
     <span class='ocr_line' id='line_1_38' title="bbox 359 2743 3874 2853; baseline -0.001 -49"><span class='ocrx_word' id='word_1_199' title='bbox 359 2752 475 2803; x_wconf 79' lang='lat' dir='ltr'>Nec</span> <span class='ocrx_word' id='word_1_200' title='bbox 507 2747 586 2818; x_wconf 83' lang='grc'>(4)</span> <span class='ocrx_word' id='word_1_201' title='bbox 618 2752 813 2801; x_wconf 85' lang='lat' dir='ltr'>nostra</span> <span class='ocrx_word' id='word_1_202' title='bbox 858 2746 1089 2817; x_wconf 88' lang='lat' dir='ltr'>propria</span> <span class='ocrx_word' id='word_1_203' title='bbox 1128 2749 1303 2802; x_wconf 88' lang='lat' dir='ltr'>verba</span> <span class='ocrx_word' id='word_1_204' title='bbox 1348 2754 1594 2818; x_wconf 88' lang='lat' dir='ltr'>possunt</span> <span class='ocrx_word' id='word_1_205' title='bbox 1638 2749 1809 2803; x_wconf 85' lang='lat' dir='ltr'>ﬁrma</span> <span class='ocrx_word' id='word_1_206' title='bbox 1860 2766 2063 2819; x_wconf 89' lang='lat' dir='ltr'>perse-</span> <span class='ocrx_word' id='word_1_207' title='bbox 2096 2790 2139 2853; x_wconf 79' lang='grc' dir='ltr'><strong>Β</strong></span> <span class='ocrx_word' id='word_1_208' title='bbox 2171 2746 2310 2797; x_wconf 87' lang='lat' dir='ltr'>sunt</span> <span class='ocrx_word' id='word_1_209' title='bbox 2370 2743 2635 2844; x_wconf 78' lang='lat' dir='ltr'>Patrihus</span> <span class='ocrx_word' id='word_1_210' title='bbox 2675 2746 2959 2810; x_wconf 88' lang='lat' dir='ltr'>teneatur,</span> <span class='ocrx_word' id='word_1_211' title='bbox 3019 2743 3133 2798; x_wconf 90' lang='lat' dir='ltr'>Deo</span> <span class='ocrx_word' id='word_1_212' title='bbox 3178 2745 3421 2853; x_wconf 71' lang='lat' dir='ltr'>juvante</span> <span class='ocrx_word' id='word_1_213' title='bbox 3469 2745 3874 2853; x_wconf 61' lang='lat' dir='ltr'>ostendamus.</span> 
     </span>
    </p>
   </div>
   <div class='ocr_carea' id='block_1_39' title="bbox 359 2832 3871 2909">
    <p class='ocr_par' dir='ltr' id='par_1_39' title="bbox 359 2832 3871 2909">
     <span class='ocr_line' id='line_1_39' title="bbox 359 2832 3871 2909; baseline 0.003 -17"><span class='ocrx_word' id='word_1_214' title='bbox 359 2854 577 2906; x_wconf 90' lang='lat' dir='ltr'>verare,</span> <span class='ocrx_word' id='word_1_215' title='bbox 612 2837 724 2891; x_wconf 89' lang='lat' dir='ltr'>nisi</span> <span class='ocrx_word' id='word_1_216' title='bbox 779 2838 1020 2892; x_wconf 84' lang='lat' dir='ltr'>firmitas</span> <span class='ocrx_word' id='word_1_217' title='bbox 1072 2838 1470 2909; x_wconf 89' lang='lat' dir='ltr'>Scriptuarum</span> <span class='ocrx_word' id='word_1_218' title='bbox 1520 2855 1551 2894; x_wconf 90' lang='lat' dir='ltr'>e</span> <span class='ocrx_word' id='word_1_219' title='bbox 1591 2841 1908 2895; x_wconf 90' lang='lat' dir='ltr'>centesimo</span> <span class='ocrx_word' id='word_1_220' title='bbox 1954 2841 2063 2895; x_wconf 89' lang='lat' dir='ltr'>tri-</span> <span class='ocrx_word' id='word_1_221' title='bbox 2097 2832 2139 2853; x_wconf 74' lang='grc' dir='ltr'><strong>ν</strong></span> <span class='ocrx_word' id='word_1_222' title='bbox 2174 2832 2428 2897; x_wconf 70' lang='grc' dir='ltr'>Βθὺθιίεν</span> <span class='ocrx_word' id='word_1_223' title='bbox 2463 2832 2562 2903; x_wconf 84' lang='lat' dir='ltr'>qui</span> <span class='ocrx_word' id='word_1_224' title='bbox 2597 2833 2855 2903; x_wconf 69' lang='grc' dir='ltr'>ρτεθθείίε</span> <span class='ocrx_word' id='word_1_225' title='bbox 2898 2838 3115 2901; x_wconf 62' lang='lat' dir='ltr'>Patres.</span> <span class='ocrx_word' id='word_1_226' title='bbox 3163 2833 3307 2889; x_wconf 57' lang='lat'>£8188</span> <span class='ocrx_word' id='word_1_227' title='bbox 3346 2850 3434 2888; x_wconf 79' lang='lat' dir='ltr'><strong>V05</strong></span> <span class='ocrx_word' id='word_1_228' title='bbox 3470 2833 3747 2901; x_wconf 57' lang='lat' dir='ltr'>“bibere.</span> <span class='ocrx_word' id='word_1_229' title='bbox 3798 2840 3871 2889; x_wconf 69' lang='lat' dir='ltr'>Ut</span> 
     </span>
    </p>
   </div>
   <div class='ocr_carea' id='block_1_40' title="bbox 360 2927 2061 2999">
    <p class='ocr_par' dir='ltr' id='par_1_40' title="bbox 360 2927 2061 2999">
     <span class='ocr_line' id='line_1_40' title="bbox 360 2927 2061 2999; baseline 0.002 -17"><span class='ocrx_word' id='word_1_230' title='bbox 360 2930 576 2983; x_wconf 84' lang='lat' dir='ltr'>cesimo</span> <span class='ocrx_word' id='word_1_231' title='bbox 630 2927 891 2981; x_wconf 89' lang='lat' dir='ltr'>secundo</span> <span class='ocrx_word' id='word_1_232' title='bbox 945 2929 1171 2997; x_wconf 89' lang='lat' dir='ltr'>psalmo</span> <span class='ocrx_word' id='word_1_233' title='bbox 1223 2939 1485 2983; x_wconf 91' lang='lat' dir='ltr'>nostrum</span> <span class='ocrx_word' id='word_1_234' title='bbox 1535 2928 1799 2984; x_wconf 89' lang='lat' dir='ltr'>ordinem</span> <span class='ocrx_word' id='word_1_235' title='bbox 1849 2930 2061 2999; x_wconf 82' lang='lat' dir='ltr'>ﬁrmet,</span> 
     </span>
    </p>
   </div>
   <div class='ocr_carea' id='block_1_41' title="bbox 363 3014 2063 3100">
    <p class='ocr_par' dir='ltr' id='par_1_41' title="bbox 363 3014 2063 3100">
     <span class='ocr_line' id='line_1_41' title="bbox 363 3014 2063 3100; baseline 0.001 -29"><span class='ocrx_word' id='word_1_236' title='bbox 363 3033 478 3089; x_wconf 90' lang='lat' dir='ltr'>quo</span> <span class='ocrx_word' id='word_1_237' title='bbox 532 3014 672 3069; x_wconf 84' lang='lat' dir='ltr'>dicit</span> <span class='ocrx_word' id='word_1_238' title='bbox 722 3032 735 3069; x_wconf 93' lang='lat'>:</span> <span class='ocrx_word' id='word_1_239' title='bbox 786 3018 919 3070; x_wconf 87' lang='lat' dir='ltr'>Ecce</span> <span class='ocrx_word' id='word_1_240' title='bbox 970 3034 1133 3087; x_wconf 91' lang='lat' dir='ltr'>quam</span> <span class='ocrx_word' id='word_1_241' title='bbox 1183 3017 1377 3072; x_wconf 89' lang='lat' dir='ltr'>bonum</span> <span class='ocrx_word' id='word_1_242' title='bbox 1426 3024 1478 3073; x_wconf 88' lang='lat' dir='ltr'>et</span> <span class='ocrx_word' id='word_1_243' title='bbox 1524 3034 1688 3089; x_wconf 89' lang='lat' dir='ltr'>quam</span> <span class='ocrx_word' id='word_1_244' title='bbox 1734 3018 2063 3100; x_wconf 60' lang='lat' dir='ltr'>iucundum,</span> 
     </span>
    </p>
   </div>
   <div class='ocr_carea' id='block_1_42' title="bbox 362 3105 2063 3176">
    <p class='ocr_par' dir='ltr' id='par_1_42' title="bbox 362 3105 2063 3176">
     <span class='ocr_line' id='line_1_42' title="bbox 362 3105 2063 3176; baseline 0.002 -14"><span class='ocrx_word' id='word_1_245' title='bbox 362 3106 619 3163; x_wconf 83' lang='lat' dir='ltr'>habitare</span> <span class='ocrx_word' id='word_1_246' title='bbox 645 3109 848 3176; x_wconf 76' lang='lat' dir='ltr'>fratres</span> <span class='ocrx_word' id='word_1_247' title='bbox 881 3105 939 3161; x_wconf 89' lang='lat' dir='ltr'>in</span> <span class='ocrx_word' id='word_1_248' title='bbox 972 3124 1142 3162; x_wconf 91' lang='lat' dir='ltr'>unum</span> <span class='ocrx_word' id='word_1_249' title='bbox 1175 3109 1213 3162; x_wconf 71' lang='grc'><strong>³.</strong></span> <span class='ocrx_word' id='word_1_250' title='bbox 1258 3108 1325 3161; x_wconf 91' lang='lat' dir='ltr'>Et</span> <span class='ocrx_word' id='word_1_251' title='bbox 1364 3109 1574 3163; x_wconf 88' lang='lat' dir='ltr'>iterum</span> <span class='ocrx_word' id='word_1_252' title='bbox 1612 3125 1626 3163; x_wconf 88' lang='lat'><strong><em>:</em></strong></span> <span class='ocrx_word' id='word_1_253' title='bbox 1670 3110 1771 3176; x_wconf 85' lang='lat' dir='ltr'>Qui</span> <span class='ocrx_word' id='word_1_254' title='bbox 1810 3110 2063 3166; x_wconf 86' lang='lat' dir='ltr'>habitare</span> 
     </span>
    </p>
   </div>
   <div class='ocr_carea' id='block_1_43' title="bbox 355 3200 2063 3273">
    <p class='ocr_par' dir='ltr' id='par_1_43' title="bbox 355 3200 2063 3273">
     <span class='ocr_line' id='line_1_43' title="bbox 355 3200 2063 3273; baseline 0.002 -20"><span class='ocrx_word' id='word_1_255' title='bbox 355 3202 489 3269; x_wconf 87' lang='lat' dir='ltr'>facit</span> <span class='ocrx_word' id='word_1_256' title='bbox 514 3202 800 3256; x_wconf 83' lang='lat' dir='ltr'>unanimes</span> <span class='ocrx_word' id='word_1_257' title='bbox 831 3201 889 3254; x_wconf 88' lang='lat' dir='ltr'>in</span> <span class='ocrx_word' id='word_1_258' title='bbox 920 3200 1073 3256; x_wconf 90' lang='lat' dir='ltr'>domo</span> <span class='ocrx_word' id='word_1_259' title='bbox 1105 3201 1125 3233; x_wconf 89' lang='grc'><em>³</em></span> <span class='ocrx_word' id='word_1_260' title='bbox 1154 3225 1167 3268; x_wconf 86' lang='lat'><strong>;</strong></span> <span class='ocrx_word' id='word_1_261' title='bbox 1194 3200 1419 3255; x_wconf 83' lang='lat' dir='ltr'>firmam</span> <span class='ocrx_word' id='word_1_262' title='bbox 1455 3203 1571 3271; x_wconf 76' lang='lat' dir='ltr'>iam</span> <span class='ocrx_word' id='word_1_263' title='bbox 1606 3217 1759 3256; x_wconf 89' lang='lat' dir='ltr'>nunc</span> <span class='ocrx_word' id='word_1_264' title='bbox 1800 3202 2063 3273; x_wconf 87' lang='lat' dir='ltr'>regulam</span> 
     </span>
    </p>
   </div>
   <div class='ocr_carea' id='block_1_44' title="bbox 360 3290 2067 3361">
    <p class='ocr_par' dir='ltr' id='par_1_44' title="bbox 360 3290 2067 3361">
     <span class='ocr_line' id='line_1_44' title="bbox 360 3290 2067 3361; baseline 0.004 -19"><span class='ocrx_word' id='word_1_265' title='bbox 360 3290 593 3361; x_wconf 84' lang='lat' dir='ltr'>pietatis</span> <span class='ocrx_word' id='word_1_266' title='bbox 654 3306 757 3361; x_wconf 91' lang='lat' dir='ltr'>per</span> <span class='ocrx_word' id='word_1_267' title='bbox 813 3290 1067 3361; x_wconf 89' lang='lat' dir='ltr'>Spiritus</span> <span class='ocrx_word' id='word_1_268' title='bbox 1125 3292 1314 3347; x_wconf 88' lang='lat' dir='ltr'>sancti</span> <span class='ocrx_word' id='word_1_269' title='bbox 1355 3292 1744 3347; x_wconf 88' lang='lat' dir='ltr'>ostensionem</span> <span class='ocrx_word' id='word_1_270' title='bbox 1791 3293 2067 3348; x_wconf 80' lang='lat' dir='ltr'>fratribus</span> 
     </span>
    </p>
   </div>
   <div class='ocr_carea' id='block_1_45' title="bbox 361 3379 1125 3449">
    <p class='ocr_par' dir='ltr' id='par_1_45' title="bbox 361 3379 1125 3449">
     <span class='ocr_line' id='line_1_45' title="bbox 361 3379 1125 3449; baseline 0 -16"><span class='ocrx_word' id='word_1_271' title='bbox 361 3379 657 3447; x_wconf 90' lang='lat' dir='ltr'>ordinare,</span> <span class='ocrx_word' id='word_1_272' title='bbox 692 3396 1125 3449; x_wconf 87' lang='lat' dir='ltr'>prosequamur.</span> 
     </span>
    </p>
   </div>
   <div class='ocr_carea' id='block_1_46' title="bbox 1032 3488 1403 3544">
    <p class='ocr_par' dir='ltr' id='par_1_46' title="bbox 1032 3488 1403 3544">
     <span class='ocr_line' id='line_1_46' title="bbox 1032 3488 1403 3544; baseline 0.005 -2"><span class='ocrx_word' id='word_1_273' title='bbox 1032 3488 1263 3543; x_wconf 89' lang='lat' dir='ltr'>CAPUT</span> <span class='ocrx_word' id='word_1_274' title='bbox 1306 3490 1403 3544; x_wconf 85' lang='lat' dir='ltr'>III.</span> 
     </span>
    </p>
   </div>
   <div class='ocr_carea' id='block_1_47' title="bbox 573 3574 1855 3716">
    <p class='ocr_par' dir='ltr' id='par_1_47' title="bbox 573 3574 1855 3716">
     <span class='ocr_line' id='line_1_47' title="bbox 573 3574 1855 3716; baseline 0.007 -89"><span class='ocrx_word' id='word_1_275' title='bbox 573 3574 727 3631; x_wconf 89' lang='lat' dir='ltr'>Idem</span> <span class='ocrx_word' id='word_1_276' title='bbox 758 3576 890 3646; x_wconf 89' lang='lat' dir='ltr'>ipse,</span> <span class='ocrx_word' id='word_1_277' title='bbox 919 3576 991 3631; x_wconf 89' lang='lat' dir='ltr'>De</span> <span class='ocrx_word' id='word_1_278' title='bbox 1022 3578 1400 3716; x_wconf 50' lang='lat' dir='ltr'>uqanimitate</span> <span class='ocrx_word' id='word_1_279' title='bbox 1438 3586 1488 3634; x_wconf 89' lang='lat' dir='ltr'>et</span> <span class='ocrx_word' id='word_1_280' title='bbox 1507 3581 1855 3651; x_wconf 86' lang='lat' dir='ltr'>jucunditate</span> 
     </span>
     <span class='ocr_line' id='line_1_48' title="bbox 1106 3658 1339 3704; baseline 0.009 -2"><span class='ocrx_word' id='word_1_281' title='bbox 1106 3658 1339 3704; x_wconf 87' lang='lat' dir='ltr'>ratrum.</span> 
     </span>
    </p>
   </div>
   <div class='ocr_carea' id='block_1_48' title="bbox 1106 3658 1339 3704">
    <p class='ocr_par' dir='ltr' id='par_1_48' title="bbox 1106 3658 1339 3704">
     <span class='ocr_line' id='line_1_49' title="bbox 1106 3658 1339 3704; baseline 0.009 -2"><span class='ocrx_word' id='word_1_282' title='bbox 1106 3658 1339 3704; x_wconf 86' lang='lat' dir='ltr'>ratrum.</span> 
     </span>
    </p>
   </div>
   <div class='ocr_carea' id='block_1_49' title="bbox 371 3734 2068 3808">
    <p class='ocr_par' dir='ltr' id='par_1_49' title="bbox 371 3734 2068 3808">
     <span class='ocr_line' id='line_1_50' title="bbox 371 3734 2068 3808; baseline 0.005 -18"><span class='ocrx_word' id='word_1_283' title='bbox 371 3734 659 3793; x_wconf 86' lang='lat' dir='ltr'>Volumus</span> <span class='ocrx_word' id='word_1_284' title='bbox 722 3751 856 3808; x_wconf 88' lang='lat' dir='ltr'>ergo</span> <span class='ocrx_word' id='word_1_285' title='bbox 914 3738 1118 3794; x_wconf 86' lang='lat' dir='ltr'>fratres</span> <span class='ocrx_word' id='word_1_286' title='bbox 1190 3738 1497 3797; x_wconf 87' lang='lat' dir='ltr'>unanimes</span> <span class='ocrx_word' id='word_1_287' title='bbox 1554 3740 1613 3795; x_wconf 91' lang='lat' dir='ltr'>in</span> <span class='ocrx_word' id='word_1_288' title='bbox 1687 3741 1859 3797; x_wconf 91' lang='lat' dir='ltr'>domo</span> <span class='ocrx_word' id='word_1_289' title='bbox 1935 3759 2068 3798; x_wconf 91' lang='lat' dir='ltr'>cum</span> 
     </span>
    </p>
   </div>
   <div class='ocr_carea' id='block_1_50' title="bbox 358 3824 2071 3901">
    <p class='ocr_par' dir='ltr' id='par_1_50' title="bbox 358 3824 2071 3901">
     <span class='ocr_line' id='line_1_51' title="bbox 358 3824 2071 3901; baseline 0.004 -21"><span class='ocrx_word' id='word_1_290' title='bbox 358 3825 731 3896; x_wconf 90' lang='lat' dir='ltr'>jucunditate</span> <span class='ocrx_word' id='word_1_291' title='bbox 772 3824 1080 3883; x_wconf 88' lang='lat' dir='ltr'>habitare:</span> <span class='ocrx_word' id='word_1_292' title='bbox 1114 3829 1209 3883; x_wconf 91' lang='lat' dir='ltr'>sed</span> <span class='ocrx_word' id='word_1_293' title='bbox 1256 3828 1503 3900; x_wconf 86' lang='lat' dir='ltr'>qualiter</span> <span class='ocrx_word' id='word_1_294' title='bbox 1547 3830 1903 3887; x_wconf 89' lang='lat' dir='ltr'>unanimitas</span> <span class='ocrx_word' id='word_1_295' title='bbox 1943 3831 2071 3901; x_wconf 87' lang='lat' dir='ltr'>ipsa</span> 
     </span>
    </p>
   </div>
   <div class='ocr_carea' id='block_1_51' title="bbox 362 3915 2069 3993">
    <p class='ocr_par' dir='ltr' id='par_1_51' title="bbox 362 3915 2069 3993">
     <span class='ocr_line' id='line_1_52' title="bbox 362 3915 2069 3993; baseline 0.004 -23"><span class='ocrx_word' id='word_1_296' title='bbox 362 3915 455 3970; x_wconf 92' lang='lat' dir='ltr'>vel</span> <span class='ocrx_word' id='word_1_297' title='bbox 483 3916 819 3986; x_wconf 70' lang='lat' dir='ltr'>iucunditas</span> <span class='ocrx_word' id='word_1_298' title='bbox 851 3921 1007 3974; x_wconf 90' lang='lat' dir='ltr'>recto</span> <span class='ocrx_word' id='word_1_299' title='bbox 1039 3918 1239 3974; x_wconf 90' lang='lat' dir='ltr'>ordine</span> <span class='ocrx_word' id='word_1_300' title='bbox 1288 3923 1569 3989; x_wconf 88' lang='lat' dir='ltr'>teneatur,</span> <span class='ocrx_word' id='word_1_301' title='bbox 1617 3920 2069 3993; x_wconf 44' lang='lat' dir='ltr'>Deoiadjuvante</span> 
     </span>
    </p>
   </div>
   <div class='ocr_carea' id='block_1_52' title="bbox 368 4006 737 4063">
    <p class='ocr_par' dir='ltr' id='par_1_52' title="bbox 368 4006 737 4063">
     <span class='ocr_line' id='line_1_53' title="bbox 368 4006 737 4063; baseline 0.005 -2"><span class='ocrx_word' id='word_1_302' title='bbox 368 4006 737 4063; x_wconf 89' lang='lat' dir='ltr'>mandamus.</span> 
     </span>
    </p>
   </div>
   <div class='ocr_carea' id='block_1_53' title="bbox 1049 4116 1405 4175">
    <p class='ocr_par' dir='ltr' id='par_1_53' title="bbox 1049 4116 1405 4175">
     <span class='ocr_line' id='line_1_54' title="bbox 1049 4116 1405 4175; baseline 0.006 -3"><span class='ocrx_word' id='word_1_303' title='bbox 1049 4116 1277 4173; x_wconf 87' lang='lat' dir='ltr'>CAPUT</span> <span class='ocrx_word' id='word_1_304' title='bbox 1314 4117 1405 4175; x_wconf 91' lang='lat' dir='ltr'>IV.</span> 
     </span>
    </p>
   </div>
   <div class='ocr_carea' id='block_1_54' title="bbox 525 4205 1922 4280">
    <p class='ocr_par' dir='ltr' id='par_1_54' title="bbox 525 4205 1922 4280">
     <span class='ocr_line' id='line_1_55' title="bbox 525 4205 1922 4280; baseline 0.003 -19"><span class='ocrx_word' id='word_1_305' title='bbox 525 4205 629 4275; x_wconf 85' lang='lat' dir='ltr'>Qui</span> <span class='ocrx_word' id='word_1_306' title='bbox 647 4222 836 4278; x_wconf 83' lang='lat' dir='ltr'>supra,</span> <span class='ocrx_word' id='word_1_307' title='bbox 874 4206 946 4264; x_wconf 88' lang='lat' dir='ltr'>De</span> <span class='ocrx_word' id='word_1_308' title='bbox 976 4208 1177 4264; x_wconf 84' lang='lat' dir='ltr'>abbate</span> <span class='ocrx_word' id='word_1_309' title='bbox 1204 4213 1255 4263; x_wconf 87' lang='lat' dir='ltr'>et</span> <span class='ocrx_word' id='word_1_310' title='bbox 1294 4209 1556 4280; x_wconf 89' lang='lat' dir='ltr'>quomodo</span> <span class='ocrx_word' id='word_1_311' title='bbox 1586 4208 1639 4264; x_wconf 88' lang='lat' dir='ltr'>ei</span> <span class='ocrx_word' id='word_1_312' title='bbox 1668 4210 1922 4267; x_wconf 87' lang='lat' dir='ltr'>obediant</span> 
     </span>
    </p>
   </div>
   <div class='ocr_carea' id='block_1_55' title="bbox 1088 4283 1363 4337">
    <p class='ocr_par' dir='ltr' id='par_1_55' title="bbox 1088 4283 1363 4337">
     <span class='ocr_line' id='line_1_56' title="bbox 1088 4283 1363 4337; baseline -0.004 0"><span class='ocrx_word' id='word_1_313' title='bbox 1088 4283 1363 4337; x_wconf 84' lang='lat' dir='ltr'>monachi.</span> 
     </span>
    </p>
   </div>
   <div class='ocr_carea' id='block_1_56' title="bbox 434 4366 2076 4445">
    <p class='ocr_par' dir='ltr' id='par_1_56' title="bbox 434 4366 2076 4445">
     <span class='ocr_line' id='line_1_57' title="bbox 434 4366 2076 4445; baseline 0.005 -24"><span class='ocrx_word' id='word_1_314' title='bbox 434 4366 722 4424; x_wconf 85' lang='lat' dir='ltr'>Volumus</span> <span class='ocrx_word' id='word_1_315' title='bbox 781 4384 917 4441; x_wconf 86' lang='lat' dir='ltr'>ergo</span> <span class='ocrx_word' id='word_1_316' title='bbox 978 4386 1160 4427; x_wconf 89' lang='lat' dir='ltr'>unum</span> <span class='ocrx_word' id='word_1_317' title='bbox 1231 4388 1479 4442; x_wconf 71' lang='lat' dir='ltr'>praeesse</span> <span class='ocrx_word' id='word_1_318' title='bbox 1550 4372 1837 4428; x_wconf 88' lang='lat' dir='ltr'>seniorem</span> <span class='ocrx_word' id='word_1_319' title='bbox 1905 4389 2076 4445; x_wconf 82' lang='lat' dir='ltr'>super</span> 
     </span>
    </p>
   </div>
   <div class='ocr_carea' id='block_1_57' title="bbox 364 4457 2074 4535">
    <p class='ocr_par' dir='ltr' id='par_1_57' title="bbox 364 4457 2074 4535">
     <span class='ocr_line' id='line_1_58' title="bbox 364 4457 2074 4535; baseline 0.004 -22"><span class='ocrx_word' id='word_1_320' title='bbox 364 4470 571 4513; x_wconf 88' lang='lat' dir='ltr'>omnes</span> <span class='ocrx_word' id='word_1_321' title='bbox 628 4457 856 4521; x_wconf 88' lang='lat' dir='ltr'>fratres,</span> <span class='ocrx_word' id='word_1_322' title='bbox 909 4474 1014 4514; x_wconf 88' lang='lat' dir='ltr'>nec</span> <span class='ocrx_word' id='word_1_323' title='bbox 1062 4462 1133 4517; x_wconf 90' lang='lat' dir='ltr'>ab</span> <span class='ocrx_word' id='word_1_324' title='bbox 1199 4462 1324 4531; x_wconf 90' lang='lat' dir='ltr'>ejus</span> <span class='ocrx_word' id='word_1_325' title='bbox 1384 4460 1627 4519; x_wconf 90' lang='lat' dir='ltr'>consilio</span> <span class='ocrx_word' id='word_1_326' title='bbox 1688 4462 1774 4517; x_wconf 85' lang='lat' dir='ltr'>vel</span> <span class='ocrx_word' id='word_1_327' title='bbox 1831 4462 2074 4535; x_wconf 90' lang='lat' dir='ltr'>imperio</span> 
     </span>
    </p>
   </div>
   <div class='ocr_carea' id='block_1_58' title="bbox 368 4548 2077 4624">
    <p class='ocr_par' dir='ltr' id='par_1_58' title="bbox 368 4548 2077 4624">
     <span class='ocr_line' id='line_1_59' title="bbox 368 4548 2077 4624; baseline 0.004 -21"><span class='ocrx_word' id='word_1_328' title='bbox 368 4564 728 4621; x_wconf 89' lang='lat' dir='ltr'>quemquam</span> <span class='ocrx_word' id='word_1_329' title='bbox 770 4548 1079 4605; x_wconf 89' lang='lat' dir='ltr'>sinistrum</span> <span class='ocrx_word' id='word_1_330' title='bbox 1128 4552 1436 4621; x_wconf 85' lang='lat' dir='ltr'>declinare,</span> <span class='ocrx_word' id='word_1_331' title='bbox 1486 4555 1585 4609; x_wconf 88' lang='lat' dir='ltr'>sed</span> <span class='ocrx_word' id='word_1_332' title='bbox 1630 4553 1785 4610; x_wconf 89' lang='lat' dir='ltr'>sicut</span> <span class='ocrx_word' id='word_1_333' title='bbox 1833 4553 2077 4624; x_wconf 91' lang='lat' dir='ltr'>imperio</span> 
     </span>
    </p>
   </div>
   <div class='ocr_carea' id='block_1_59' title="bbox 364 4638 2076 4713">
    <p class='ocr_par' dir='ltr' id='par_1_59' title="bbox 364 4638 2076 4713">
     <span class='ocr_line' id='line_1_60' title="bbox 364 4638 2076 4713; baseline 0.004 -20"><span class='ocrx_word' id='word_1_334' title='bbox 364 4638 597 4695; x_wconf 90' lang='lat' dir='ltr'>Domini</span> <span class='ocrx_word' id='word_1_335' title='bbox 651 4655 786 4696; x_wconf 91' lang='lat' dir='ltr'>cum</span> <span class='ocrx_word' id='word_1_336' title='bbox 838 4639 999 4697; x_wconf 91' lang='lat' dir='ltr'>omni</span> <span class='ocrx_word' id='word_1_337' title='bbox 1050 4641 1256 4697; x_wconf 60' lang='lat' dir='ltr'>latitia</span> <span class='ocrx_word' id='word_1_338' title='bbox 1306 4642 1577 4712; x_wconf 88' lang='lat' dir='ltr'>obedire;</span> <span class='ocrx_word' id='word_1_339' title='bbox 1646 4642 1873 4697; x_wconf 89' lang='lat' dir='ltr'>dicente</span> <span class='ocrx_word' id='word_1_340' title='bbox 1920 4643 2076 4713; x_wconf 87' lang='lat' dir='ltr'>Apo-</span> 
     </span>
    </p>
   </div>
   <div class='ocr_carea' id='block_1_60' title="bbox 364 4728 2078 4804">
    <p class='ocr_par' dir='ltr' id='par_1_60' title="bbox 364 4728 2078 4804">
     <span class='ocr_line' id='line_1_61' title="bbox 364 4728 2078 4804; baseline 0.002 -21"><span class='ocrx_word' id='word_1_341' title='bbox 364 4728 516 4784; x_wconf 87' lang='lat' dir='ltr'>stolo</span> <span class='ocrx_word' id='word_1_342' title='bbox 555 4730 625 4785; x_wconf 90' lang='lat' dir='ltr'>ad</span> <span class='ocrx_word' id='word_1_343' title='bbox 684 4730 999 4787; x_wconf 70' lang='lat' dir='ltr'>Hebraeos:</span> <span class='ocrx_word' id='word_1_344' title='bbox 1054 4730 1272 4788; x_wconf 88' lang='lat' dir='ltr'>Obedite</span> <span class='ocrx_word' id='word_1_345' title='bbox 1314 4732 1631 4804; x_wconf 65' lang='lat' dir='ltr'>praepositis</span> <span class='ocrx_word' id='word_1_346' title='bbox 1678 4732 1887 4799; x_wconf 86' lang='lat' dir='ltr'>vestris,</span> <span class='ocrx_word' id='word_1_347' title='bbox 1948 4733 2078 4802; x_wconf 86' lang='lat' dir='ltr'>quia</span> 
     </span>
    </p>
   </div>
   <div class='ocr_carea' id='block_1_61' title="bbox 362 4819 2076 4891">
    <p class='ocr_par' dir='ltr' id='par_1_61' title="bbox 362 4819 2076 4891">
     <span class='ocr_line' id='line_1_62' title="bbox 362 4819 2076 4891; baseline 0.005 -23"><span class='ocrx_word' id='word_1_348' title='bbox 362 4819 473 4886; x_wconf 84' lang='lat' dir='ltr'>ipsi</span> <span class='ocrx_word' id='word_1_349' title='bbox 520 4819 755 4889; x_wconf 83' lang='lat' dir='ltr'>vigilant</span> <span class='ocrx_word' id='word_1_350' title='bbox 794 4837 902 4891; x_wconf 83' lang='lat' dir='ltr'>pro</span> <span class='ocrx_word' id='word_1_351' title='bbox 950 4822 1104 4878; x_wconf 87' lang='lat' dir='ltr'>vobis</span> <span class='ocrx_word' id='word_1_352' title='bbox 1136 4823 1174 4878; x_wconf 73' lang='lat'>‘.</span> <span class='ocrx_word' id='word_1_353' title='bbox 1230 4822 1293 4877; x_wconf 86' lang='lat' dir='ltr'>Et</span> <span class='ocrx_word' id='word_1_354' title='bbox 1340 4821 1625 4878; x_wconf 91' lang='lat' dir='ltr'>Dominus</span> <span class='ocrx_word' id='word_1_355' title='bbox 1674 4820 1817 4877; x_wconf 85' lang='lat' dir='ltr'>dixit</span> <span class='ocrx_word' id='word_1_356' title='bbox 1869 4838 1884 4878; x_wconf 87' lang='lat'><strong>:</strong></span> <span class='ocrx_word' id='word_1_357' title='bbox 1944 4821 2076 4877; x_wconf 87' lang='lat' dir='ltr'>Nolo</span> 
     </span>
    </p>
   </div>
   <div class='ocr_carea' id='block_1_62' title="bbox 364 4907 2075 4976">
    <p class='ocr_par' dir='ltr' id='par_1_62' title="bbox 364 4907 2075 4976">
     <span class='ocr_line' id='line_1_63' title="bbox 364 4907 2075 4976; baseline 0.004 -18"><span class='ocrx_word' id='word_1_358' title='bbox 364 4907 720 4976; x_wconf 83' lang='lat' dir='ltr'>sacriﬁcium,</span> <span class='ocrx_word' id='word_1_359' title='bbox 778 4910 871 4964; x_wconf 89' lang='lat' dir='ltr'>sed</span> <span class='ocrx_word' id='word_1_360' title='bbox 928 4912 1291 4967; x_wconf 84' lang='lat' dir='ltr'>obedientiam</span> <span class='ocrx_word' id='word_1_361' title='bbox 1336 4912 1376 4966; x_wconf 74' lang='grc'><strong>⁸.</strong></span> <span class='ocrx_word' id='word_1_362' title='bbox 1428 4911 1929 4968; x_wconf 84' lang='lat' dir='ltr'>Considerandum</span> <span class='ocrx_word' id='word_1_363' title='bbox 1984 4914 2075 4967; x_wconf 89' lang='lat' dir='ltr'>est</span> 
     </span>
    </p>
   </div>
   <div class='ocr_carea' id='block_1_63' title="bbox 2172 2924 3875 2995">
    <p class='ocr_par' dir='ltr' id='par_1_63' title="bbox 2172 2924 3875 2995">
     <span class='ocr_line' id='line_1_64' title="bbox 2172 2924 3875 2995; baseline 0.002 -17"><span class='ocrx_word' id='word_1_364' title='bbox 2172 2925 2487 2995; x_wconf 85' lang='lat' dir='ltr'>Apostolus</span> <span class='ocrx_word' id='word_1_365' title='bbox 2518 2924 2643 2978; x_wconf 89' lang='lat' dir='ltr'>ait:</span> <span class='ocrx_word' id='word_1_366' title='bbox 2685 2928 2864 2980; x_wconf 82' lang='lat' dir='ltr'>Estote</span> <span class='ocrx_word' id='word_1_367' title='bbox 2908 2929 3089 2995; x_wconf 77' lang='lat' dir='ltr'>forma</span> <span class='ocrx_word' id='word_1_368' title='bbox 3133 2926 3473 2981; x_wconf 86' lang='lat' dir='ltr'>credentibus</span> <span class='ocrx_word' id='word_1_369' title='bbox 3502 2926 3547 2993; x_wconf 74' lang='grc'>⁸,</span> <span class='ocrx_word' id='word_1_370' title='bbox 3595 2926 3705 2981; x_wconf 84' lang='lat' dir='ltr'>hoc.</span> <span class='ocrx_word' id='word_1_371' title='bbox 3756 2932 3875 2995; x_wconf 81' lang='lat' dir='ltr'>est,</span> 
     </span>
    </p>
   </div>
   <div class='ocr_carea' id='block_1_64' title="bbox 2175 3014 3878 3088">
    <p class='ocr_par' dir='ltr' id='par_1_64' title="bbox 2175 3014 3878 3088">
     <span class='ocr_line' id='line_1_65' title="bbox 2175 3014 3878 3088; baseline 0.003 -20"><span class='ocrx_word' id='word_1_372' title='bbox 2175 3020 2241 3069; x_wconf 92' lang='lat' dir='ltr'>ut</span> <span class='ocrx_word' id='word_1_373' title='bbox 2299 3032 2398 3083; x_wconf 91' lang='lat' dir='ltr'>per</span> <span class='ocrx_word' id='word_1_374' title='bbox 2450 3014 2785 3086; x_wconf 88' lang='lat' dir='ltr'>qualitatem</span> <span class='ocrx_word' id='word_1_375' title='bbox 2846 3017 3105 3085; x_wconf 70' lang='lat' dir='ltr'>mysticae</span> <span class='ocrx_word' id='word_1_376' title='bbox 3168 3017 3402 3088; x_wconf 86' lang='lat' dir='ltr'>pietatis</span> <span class='ocrx_word' id='word_1_377' title='bbox 3450 3027 3501 3073; x_wconf 87' lang='lat' dir='ltr'>et</span> <span class='ocrx_word' id='word_1_378' title='bbox 3532 3017 3878 3086; x_wconf 85' lang='lat' dir='ltr'>severitatis,</span> 
     </span>
    </p>
   </div>
   <div class='ocr_carea' id='block_1_65' title="bbox 2176 3105 3875 3180">
    <p class='ocr_par' dir='ltr' id='par_1_65' title="bbox 2176 3105 3875 3180">
     <span class='ocr_line' id='line_1_66' title="bbox 2176 3105 3875 3180; baseline 0.002 -22"><span class='ocrx_word' id='word_1_379' title='bbox 2176 3105 2421 3159; x_wconf 82' lang='lat' dir='ltr'>fratrum</span> <span class='ocrx_word' id='word_1_380' title='bbox 2483 3105 2709 3161; x_wconf 90' lang='lat' dir='ltr'>animos</span> <span class='ocrx_word' id='word_1_381' title='bbox 2761 3107 2829 3161; x_wconf 91' lang='lat' dir='ltr'>ad</span> <span class='ocrx_word' id='word_1_382' title='bbox 2890 3106 3145 3162; x_wconf 67' lang='lat' dir='ltr'>caelestia</span> <span class='ocrx_word' id='word_1_383' title='bbox 3198 3107 3269 3162; x_wconf 90' lang='lat' dir='ltr'>de</span> <span class='ocrx_word' id='word_1_384' title='bbox 3319 3108 3567 3163; x_wconf 90' lang='lat' dir='ltr'>terrenis</span> <span class='ocrx_word' id='word_1_385' title='bbox 3615 3108 3875 3180; x_wconf 83' lang='lat' dir='ltr'>erigatis,</span> 
     </span>
    </p>
   </div>
   <div class='ocr_carea' id='block_1_66' title="bbox 2177 3194 3878 3269">
    <p class='ocr_par' dir='ltr' id='par_1_66' title="bbox 2177 3194 3878 3269">
     <span class='ocr_line' id='line_1_67' title="bbox 2177 3194 3878 3269; baseline 0.003 -22"><span class='ocrx_word' id='word_1_386' title='bbox 2177 3194 2405 3249; x_wconf 90' lang='lat' dir='ltr'>dicente</span> <span class='ocrx_word' id='word_1_387' title='bbox 2465 3195 2734 3263; x_wconf 85' lang='lat' dir='ltr'>Apostolo</span> <span class='ocrx_word' id='word_1_388' title='bbox 2797 3212 2809 3250; x_wconf 92' lang='lat'><strong>:</strong></span> <span class='ocrx_word' id='word_1_389' title='bbox 2869 3196 3067 3267; x_wconf 87' lang='lat' dir='ltr'>Argue,</span> <span class='ocrx_word' id='word_1_390' title='bbox 3138 3198 3381 3265; x_wconf 86' lang='lat' dir='ltr'>obsecra,</span> <span class='ocrx_word' id='word_1_391' title='bbox 3443 3201 3686 3269; x_wconf 83' lang='lat' dir='ltr'>increpa,</span> <span class='ocrx_word' id='word_1_392' title='bbox 3754 3215 3878 3253; x_wconf 78' lang='lat' dir='ltr'>cum</span> 
     </span>
    </p>
   </div>
   <div class='ocr_carea' id='block_1_67' title="bbox 2178 3285 3881 3360">
    <p class='ocr_par' dir='ltr' id='par_1_67' title="bbox 2178 3285 3881 3360">
     <span class='ocr_line' id='line_1_68' title="bbox 2178 3285 3881 3360; baseline 0.002 -22"><span class='ocrx_word' id='word_1_393' title='bbox 2178 3288 2332 3340; x_wconf 90' lang='lat' dir='ltr'>omni</span> <span class='ocrx_word' id='word_1_394' title='bbox 2367 3288 2633 3356; x_wconf 85' lang='lat' dir='ltr'>patientia</span> <span class='ocrx_word' id='word_1_395' title='bbox 2675 3290 2725 3341; x_wconf 89' lang='lat' dir='ltr'>et</span> <span class='ocrx_word' id='word_1_396' title='bbox 2778 3285 3035 3341; x_wconf 84' lang='lat' dir='ltr'>doctrina</span> <span class='ocrx_word' id='word_1_397' title='bbox 3083 3286 3125 3341; x_wconf 76' lang='lat'>9.</span> <span class='ocrx_word' id='word_1_398' title='bbox 3177 3291 3247 3342; x_wconf 85' lang='lat' dir='ltr'>Et</span> <span class='ocrx_word' id='word_1_399' title='bbox 3295 3288 3409 3343; x_wconf 90' lang='lat' dir='ltr'>alio</span> <span class='ocrx_word' id='word_1_400' title='bbox 3460 3288 3583 3345; x_wconf 90' lang='lat' dir='ltr'>loco</span> <span class='ocrx_word' id='word_1_401' title='bbox 3626 3289 3819 3360; x_wconf 89' lang='lat' dir='ltr'>inquit</span> <span class='ocrx_word' id='word_1_402' title='bbox 3869 3304 3881 3342; x_wconf 87' lang='lat'><strong>:</strong></span> 
     </span>
    </p>
   </div>
   <div class='ocr_carea' id='block_1_68' title="bbox 2178 3375 3885 3450">
    <p class='ocr_par' dir='ltr' id='par_1_68' title="bbox 2178 3375 3885 3450">
     <span class='ocr_line' id='line_1_69' title="bbox 2178 3375 3885 3450; baseline 0.003 -22"><span class='ocrx_word' id='word_1_403' title='bbox 2178 3375 2319 3440; x_wconf 83' lang='lat' dir='ltr'>Quid</span> <span class='ocrx_word' id='word_1_404' title='bbox 2356 3376 2568 3430; x_wconf 84' lang='lat' dir='ltr'>vultis?</span> <span class='ocrx_word' id='word_1_405' title='bbox 2602 3378 2661 3430; x_wconf 85' lang='lat' dir='ltr'>in</span> <span class='ocrx_word' id='word_1_406' title='bbox 2700 3378 2855 3447; x_wconf 87' lang='lat' dir='ltr'>virga</span> <span class='ocrx_word' id='word_1_407' title='bbox 2893 3378 3114 3431; x_wconf 84' lang='lat' dir='ltr'>veniam</span> <span class='ocrx_word' id='word_1_408' title='bbox 3162 3376 3232 3432; x_wconf 87' lang='lat' dir='ltr'>ad</span> <span class='ocrx_word' id='word_1_409' title='bbox 3278 3394 3393 3447; x_wconf 88' lang='lat' dir='ltr'>vos,</span> <span class='ocrx_word' id='word_1_410' title='bbox 3448 3396 3520 3434; x_wconf 91' lang='lat' dir='ltr'>an</span> <span class='ocrx_word' id='word_1_411' title='bbox 3574 3381 3634 3434; x_wconf 86' lang='lat' dir='ltr'>in</span> <span class='ocrx_word' id='word_1_412' title='bbox 3688 3380 3885 3450; x_wconf 83' lang='lat' dir='ltr'>spiritu</span> 
     </span>
    </p>
   </div>
   <div class='ocr_carea' id='block_1_69' title="bbox 2179 3465 3888 3541">
    <p class='ocr_par' dir='ltr' id='par_1_69' title="bbox 2179 3465 3888 3541">
     <span class='ocr_line' id='line_1_70' title="bbox 2179 3465 3888 3541; baseline 0.004 -23"><span class='ocrx_word' id='word_1_413' title='bbox 2179 3465 2628 3520; x_wconf 85' lang='lat' dir='ltr'>mansuetudinis</span> <span class='ocrx_word' id='word_1_414' title='bbox 2662 3466 2704 3501; x_wconf 79' lang='grc' dir='ltr'>ιο</span> <span class='ocrx_word' id='word_1_415' title='bbox 2734 3466 2760 3519; x_wconf 83' lang='lat' dir='ltr'>‘l</span> <span class='ocrx_word' id='word_1_416' title='bbox 2790 3468 3222 3522; x_wconf 89' lang='lat' dir='ltr'>Decernendum</span> <span class='ocrx_word' id='word_1_417' title='bbox 3258 3473 3344 3523; x_wconf 87' lang='lat' dir='ltr'>eat</span> <span class='ocrx_word' id='word_1_418' title='bbox 3373 3469 3447 3523; x_wconf 88' lang='lat' dir='ltr'>ab</span> <span class='ocrx_word' id='word_1_419' title='bbox 3480 3468 3581 3525; x_wconf 92' lang='lat' dir='ltr'>illo</span> <span class='ocrx_word' id='word_1_420' title='bbox 3612 3469 3714 3541; x_wconf 90' lang='lat' dir='ltr'>qui</span> <span class='ocrx_word' id='word_1_421' title='bbox 3744 3486 3888 3541; x_wconf 70' lang='lat' dir='ltr'>prae-</span> 
     </span>
    </p>
   </div>
   <div class='ocr_carea' id='block_1_70' title="bbox 2180 3554 3886 3628">
    <p class='ocr_par' dir='ltr' id='par_1_70' title="bbox 2180 3554 3886 3628">
     <span class='ocr_line' id='line_1_71' title="bbox 2180 3554 3886 3628; baseline 0.005 -21"><span class='ocrx_word' id='word_1_422' title='bbox 2180 3559 2291 3621; x_wconf 88' lang='lat' dir='ltr'>est,</span> <span class='ocrx_word' id='word_1_423' title='bbox 2325 3554 2575 3624; x_wconf 90' lang='lat' dir='ltr'>qualiter</span> <span class='ocrx_word' id='word_1_424' title='bbox 2619 3556 2771 3610; x_wconf 85' lang='lat' dir='ltr'>circa</span> <span class='ocrx_word' id='word_1_425' title='bbox 2811 3554 3075 3627; x_wconf 85' lang='lat' dir='ltr'>singulos</span> <span class='ocrx_word' id='word_1_426' title='bbox 3108 3555 3313 3613; x_wconf 89' lang='lat' dir='ltr'>debeat</span> <span class='ocrx_word' id='word_1_427' title='bbox 3352 3557 3584 3628; x_wconf 81' lang='lat' dir='ltr'>pietatis</span> <span class='ocrx_word' id='word_1_428' title='bbox 3616 3558 3886 3615; x_wconf 72' lang='lat' dir='ltr'>allectum</span> 
     </span>
    </p>
   </div>
   <div class='ocr_carea' id='block_1_71' title="bbox 2182 3644 3885 3720">
    <p class='ocr_par' dir='ltr' id='par_1_71' title="bbox 2182 3644 3885 3720">
     <span class='ocr_line' id='line_1_72' title="bbox 2182 3644 3885 3720; baseline 0.004 -22"><span class='ocrx_word' id='word_1_429' title='bbox 2182 3651 2550 3710; x_wconf 89' lang='lat' dir='ltr'>monstrare;</span> <span class='ocrx_word' id='word_1_430' title='bbox 2602 3651 2654 3699; x_wconf 89' lang='lat' dir='ltr'>et</span> <span class='ocrx_word' id='word_1_431' title='bbox 2696 3644 2944 3715; x_wconf 87' lang='lat' dir='ltr'>qualiter</span> <span class='ocrx_word' id='word_1_432' title='bbox 2992 3650 3187 3701; x_wconf 88' lang='lat' dir='ltr'>tenere</span> <span class='ocrx_word' id='word_1_433' title='bbox 3235 3648 3439 3703; x_wconf 90' lang='lat' dir='ltr'>debeat</span> <span class='ocrx_word' id='word_1_434' title='bbox 3487 3648 3885 3720; x_wconf 88' lang='lat' dir='ltr'>disciplinam,</span> 
     </span>
    </p>
   </div>
   <div class='ocr_carea' id='block_1_72' title="bbox 2180 3731 3885 3809">
    <p class='ocr_par' dir='ltr' id='par_1_72' title="bbox 2180 3731 3885 3809">
     <span class='ocr_line' id='line_1_73' title="bbox 2180 3731 3885 3809; baseline 0.004 -22"><span class='ocrx_word' id='word_1_435' title='bbox 2180 3748 2297 3788; x_wconf 91' lang='lat' dir='ltr'>non</span> <span class='ocrx_word' id='word_1_436' title='bbox 2352 3731 2663 3788; x_wconf 90' lang='lat' dir='ltr'>immemor</span> <span class='ocrx_word' id='word_1_437' title='bbox 2717 3733 2948 3789; x_wconf 89' lang='lat' dir='ltr'>Domini</span> <span class='ocrx_word' id='word_1_438' title='bbox 2997 3735 3241 3791; x_wconf 89' lang='lat' dir='ltr'>dicentis</span> <span class='ocrx_word' id='word_1_439' title='bbox 3288 3753 3301 3793; x_wconf 91' lang='lat'><strong>:</strong></span> <span class='ocrx_word' id='word_1_440' title='bbox 3358 3737 3427 3792; x_wconf 91' lang='lat' dir='ltr'>In</span> <span class='ocrx_word' id='word_1_441' title='bbox 3474 3754 3585 3809; x_wconf 91' lang='lat' dir='ltr'>qua</span> <span class='ocrx_word' id='word_1_442' title='bbox 3626 3755 3885 3795; x_wconf 78' lang='lat' dir='ltr'>mensura</span> 
     </span>
    </p>
   </div>
   <div class='ocr_carea' id='block_1_73' title="bbox 2179 3823 3225 3893">
    <p class='ocr_par' dir='ltr' id='par_1_73' title="bbox 2179 3823 3225 3893">
     <span class='ocr_line' id='line_1_74' title="bbox 2179 3823 3225 3893; baseline 0.002 -13"><span class='ocrx_word' id='word_1_443' title='bbox 2179 3824 2357 3880; x_wconf 80' lang='lat' dir='ltr'>mensi</span> <span class='ocrx_word' id='word_1_444' title='bbox 2383 3823 2611 3893; x_wconf 82' lang='lat' dir='ltr'>fueritis</span> <span class='ocrx_word' id='word_1_445' title='bbox 2639 3826 2958 3881; x_wconf 84' lang='lat' dir='ltr'>remetietur</span> <span class='ocrx_word' id='word_1_446' title='bbox 2986 3824 3129 3881; x_wconf 87' lang='lat' dir='ltr'>vobis</span> <span class='ocrx_word' id='word_1_447' title='bbox 3163 3827 3225 3882; x_wconf 75' lang='grc' dir='ltr'><strong>υ.</strong></span> 
     </span>
    </p>
   </div>
   <div class='ocr_carea' id='block_1_74' title="bbox 2859 3935 3209 3991">
    <p class='ocr_par' dir='ltr' id='par_1_74' title="bbox 2859 3935 3209 3991">
     <span class='ocr_line' id='line_1_75' title="bbox 2859 3935 3209 3991; baseline -0.003 0"><span class='ocrx_word' id='word_1_448' title='bbox 2859 3935 3087 3991; x_wconf 86' lang='lat' dir='ltr'>CAPUT</span> <span class='ocrx_word' id='word_1_449' title='bbox 3136 3936 3209 3990; x_wconf 87' lang='lat' dir='ltr'>Vl</span> 
     </span>
    </p>
   </div>
   <div class='ocr_carea' id='block_1_75' title="bbox 2296 4025 3775 4097">
    <p class='ocr_par' dir='ltr' id='par_1_75' title="bbox 2296 4025 3775 4097">
     <span class='ocr_line' id='line_1_76' title="bbox 2296 4025 3775 4097; baseline 0.003 -16"><span class='ocrx_word' id='word_1_450' title='bbox 2296 4026 2441 4081; x_wconf 85' lang='lat' dir='ltr'>Idem</span> <span class='ocrx_word' id='word_1_451' title='bbox 2470 4025 2609 4097; x_wconf 88' lang='lat' dir='ltr'>ipse,</span> <span class='ocrx_word' id='word_1_452' title='bbox 2636 4026 2697 4081; x_wconf 91' lang='lat' dir='ltr'>Ut</span> <span class='ocrx_word' id='word_1_453' title='bbox 2732 4026 2790 4079; x_wconf 89' lang='lat' dir='ltr'>in</span> <span class='ocrx_word' id='word_1_454' title='bbox 2820 4027 3069 4080; x_wconf 85' lang='lat' dir='ltr'>oratione</span> <span class='ocrx_word' id='word_1_455' title='bbox 3098 4026 3403 4082; x_wconf 86' lang='lat' dir='ltr'>astantibus</span> <span class='ocrx_word' id='word_1_456' title='bbox 3428 4028 3623 4083; x_wconf 87' lang='lat' dir='ltr'>nullus</span> <span class='ocrx_word' id='word_1_457' title='bbox 3653 4030 3775 4088; x_wconf 86' lang='lat' dir='ltr'>sine</span> 
     </span>
    </p>
   </div>
   <div class='ocr_carea' id='block_1_76' title="bbox 2492 4097 3600 4171">
    <p class='ocr_par' dir='ltr' id='par_1_76' title="bbox 2492 4097 3600 4171">
     <span class='ocr_line' id='line_1_77' title="bbox 2492 4097 3600 4171; baseline 0.005 -20"><span class='ocrx_word' id='word_1_458' title='bbox 2492 4106 2767 4169; x_wconf 66' lang='lat' dir='ltr'>praecepto</span> <span class='ocrx_word' id='word_1_459' title='bbox 2797 4097 3005 4152; x_wconf 86' lang='lat' dir='ltr'>abbatis</span> <span class='ocrx_word' id='word_1_460' title='bbox 3027 4099 3301 4169; x_wconf 87' lang='lat' dir='ltr'>psalmum</span> <span class='ocrx_word' id='word_1_461' title='bbox 3330 4101 3600 4171; x_wconf 86' lang='lat' dir='ltr'>imponat.</span> 
     </span>
    </p>
   </div>
   <div class='ocr_carea' id='block_1_77' title="bbox 2105 4164 3893 4264">
    <p class='ocr_par' dir='ltr' id='par_1_77' title="bbox 2105 4164 3893 4264">
     <span class='ocr_line' id='line_1_78' title="bbox 2105 4164 3893 4264; baseline 0.002 -21"><span class='ocrx_word' id='word_1_462' title='bbox 2105 4164 2148 4231; x_wconf 77' lang='lat' dir='ltr'>C</span> <span class='ocrx_word' id='word_1_463' title='bbox 2258 4164 2603 4244; x_wconf 84' lang='lat' dir='ltr'>Astantibus</span> <span class='ocrx_word' id='word_1_464' title='bbox 2652 4164 2785 4259; x_wconf 81' lang='lat' dir='ltr'>ergo</span> <span class='ocrx_word' id='word_1_465' title='bbox 2834 4189 2903 4243; x_wconf 89' lang='lat' dir='ltr'>ad</span> <span class='ocrx_word' id='word_1_466' title='bbox 2954 4164 3273 4245; x_wconf 78' lang='lat' dir='ltr'>orationem</span> <span class='ocrx_word' id='word_1_467' title='bbox 3323 4164 3522 4246; x_wconf 83' lang='lat' dir='ltr'>nullus</span> <span class='ocrx_word' id='word_1_468' title='bbox 3572 4197 3893 4264; x_wconf 70' lang='lat' dir='ltr'>praesumat</span> 
     </span>
    </p>
   </div>
   <div class='ocr_carea' id='block_1_78' title="bbox 2187 4280 3887 4354">
    <p class='ocr_par' dir='ltr' id='par_1_78' title="bbox 2187 4280 3887 4354">
     <span class='ocr_line' id='line_1_79' title="bbox 2187 4280 3887 4354; baseline 0.002 -18"><span class='ocrx_word' id='word_1_469' title='bbox 2187 4282 2315 4337; x_wconf 85' lang='lat' dir='ltr'>sine</span> <span class='ocrx_word' id='word_1_470' title='bbox 2366 4285 2649 4352; x_wconf 74' lang='lat' dir='ltr'>praecepto</span> <span class='ocrx_word' id='word_1_471' title='bbox 2705 4280 2808 4351; x_wconf 92' lang='lat' dir='ltr'>qui</span> <span class='ocrx_word' id='word_1_472' title='bbox 2868 4284 3072 4351; x_wconf 63' lang='lat' dir='ltr'>praeest</span> <span class='ocrx_word' id='word_1_473' title='bbox 3120 4281 3325 4351; x_wconf 85' lang='lat' dir='ltr'>Patris,</span> <span class='ocrx_word' id='word_1_474' title='bbox 3374 4283 3589 4354; x_wconf 88' lang='lat' dir='ltr'>psalmi</span> <span class='ocrx_word' id='word_1_475' title='bbox 3653 4284 3887 4340; x_wconf 85' lang='lat' dir='ltr'>laudem</span> 
     </span>
    </p>
   </div>
   <div class='ocr_carea' id='block_1_79' title="bbox 2187 4370 3889 4444">
    <p class='ocr_par' dir='ltr' id='par_1_79' title="bbox 2187 4370 3889 4444">
     <span class='ocr_line' id='line_1_80' title="bbox 2187 4370 3889 4444; baseline 0.003 -19"><span class='ocrx_word' id='word_1_476' title='bbox 2187 4370 2472 4426; x_wconf 89' lang='lat' dir='ltr'>emittere.</span> <span class='ocrx_word' id='word_1_477' title='bbox 2504 4370 2667 4441; x_wconf 64' lang='lat' dir='ltr'>,Ordo</span> <span class='ocrx_word' id='word_1_478' title='bbox 2713 4370 2821 4424; x_wconf 90' lang='lat' dir='ltr'>iste</span> <span class='ocrx_word' id='word_1_479' title='bbox 2862 4373 3147 4439; x_wconf 91' lang='lat' dir='ltr'>teneatur,</span> <span class='ocrx_word' id='word_1_480' title='bbox 3203 4374 3265 4427; x_wconf 91' lang='lat' dir='ltr'>ut</span> <span class='ocrx_word' id='word_1_481' title='bbox 3310 4371 3508 4428; x_wconf 87' lang='lat' dir='ltr'>nullus</span> <span class='ocrx_word' id='word_1_482' title='bbox 3540 4373 3792 4444; x_wconf 90' lang='lat' dir='ltr'>priorem</span> <span class='ocrx_word' id='word_1_483' title='bbox 3828 4374 3889 4430; x_wconf 90' lang='lat' dir='ltr'>in</span> 
     </span>
    </p>
   </div>
   <div class='ocr_carea' id='block_1_80' title="bbox 2189 4461 3887 4533">
    <p class='ocr_par' dir='ltr' id='par_1_80' title="bbox 2189 4461 3887 4533">
     <span class='ocr_line' id='line_1_81' title="bbox 2189 4461 3887 4533; baseline 0.002 -17"><span class='ocrx_word' id='word_1_484' title='bbox 2189 4462 2542 4518; x_wconf 87' lang='lat' dir='ltr'>monasterio</span> <span class='ocrx_word' id='word_1_485' title='bbox 2574 4463 2643 4516; x_wconf 87' lang='lat' dir='ltr'>ad</span> <span class='ocrx_word' id='word_1_486' title='bbox 2676 4462 2952 4517; x_wconf 87' lang='lat' dir='ltr'>standum</span> <span class='ocrx_word' id='word_1_487' title='bbox 2982 4461 3071 4517; x_wconf 92' lang='lat' dir='ltr'>vel</span> <span class='ocrx_word' id='word_1_488' title='bbox 3105 4462 3473 4533; x_wconf 89' lang='lat' dir='ltr'>psallendum</span> <span class='ocrx_word' id='word_1_489' title='bbox 3502 4464 3688 4520; x_wconf 89' lang='lat' dir='ltr'>ordine</span> <span class='ocrx_word' id='word_1_490' title='bbox 3717 4481 3887 4533; x_wconf 76' lang='lat' dir='ltr'>pras-</span> 
     </span>
    </p>
   </div>
   <div class='ocr_carea' id='block_1_81' title="bbox 2188 4550 3885 4623">
    <p class='ocr_par' dir='ltr' id='par_1_81' title="bbox 2188 4550 3885 4623">
     <span class='ocr_line' id='line_1_82' title="bbox 2188 4550 3885 4623; baseline 0.001 -17"><span class='ocrx_word' id='word_1_491' title='bbox 2188 4557 2384 4608; x_wconf 88' lang='lat' dir='ltr'>sumat</span> <span class='ocrx_word' id='word_1_492' title='bbox 2433 4552 2769 4623; x_wconf 66' lang='lat' dir='ltr'>praecedere,</span> <span class='ocrx_word' id='word_1_493' title='bbox 2820 4550 3045 4608; x_wconf 90' lang='lat' dir='ltr'>dicente</span> <span class='ocrx_word' id='word_1_494' title='bbox 3090 4552 3397 4611; x_wconf 90' lang='lat' dir='ltr'>Salomone</span> <span class='ocrx_word' id='word_1_495' title='bbox 3438 4570 3451 4610; x_wconf 90' lang='lat'><strong>:</strong></span> <span class='ocrx_word' id='word_1_496' title='bbox 3494 4552 3617 4619; x_wconf 83' lang='lat' dir='ltr'>Fili,</span> <span class='ocrx_word' id='word_1_497' title='bbox 3664 4552 3885 4623; x_wconf 87' lang='lat' dir='ltr'>prima-</span> 
     </span>
    </p>
   </div>
   <div class='ocr_carea' id='block_1_82' title="bbox 2188 4641 3886 4714">
    <p class='ocr_par' dir='ltr' id='par_1_82' title="bbox 2188 4641 3886 4714">
     <span class='ocr_line' id='line_1_83' title="bbox 2188 4641 3886 4714; baseline 0.001 -19"><span class='ocrx_word' id='word_1_498' title='bbox 2188 4644 2301 4696; x_wconf 90' lang='lat' dir='ltr'>tum</span> <span class='ocrx_word' id='word_1_499' title='bbox 2332 4642 2711 4713; x_wconf 88' lang='lat' dir='ltr'>concupiscere</span> <span class='ocrx_word' id='word_1_500' title='bbox 2740 4641 2859 4695; x_wconf 89' lang='lat' dir='ltr'>noli</span> <span class='ocrx_word' id='word_1_501' title='bbox 2892 4642 2956 4707; x_wconf 87' lang='grc'>¹²,</span> <span class='ocrx_word' id='word_1_502' title='bbox 2990 4672 3056 4683; x_wconf 84' lang='grc'><strong><em>-</em></strong></span> <span class='ocrx_word' id='word_1_503' title='bbox 3086 4658 3261 4714; x_wconf 85' lang='lat' dir='ltr'>neque</span> <span class='ocrx_word' id='word_1_504' title='bbox 3292 4644 3603 4701; x_wconf 82' lang='lat' dir='ltr'>aceubueris</span> <span class='ocrx_word' id='word_1_505' title='bbox 3631 4643 3787 4714; x_wconf 87' lang='lat' dir='ltr'>prior</span> <span class='ocrx_word' id='word_1_506' title='bbox 3818 4642 3886 4698; x_wconf 86' lang='lat' dir='ltr'>in</span> 
     </span>
    </p>
   </div>
   <div class='ocr_carea' id='block_1_83' title="bbox 2186 4730 3887 4804">
    <p class='ocr_par' dir='ltr' id='par_1_83' title="bbox 2186 4730 3887 4804">
     <span class='ocr_line' id='line_1_84' title="bbox 2186 4730 3887 4804; baseline 0.003 -19"><span class='ocrx_word' id='word_1_507' title='bbox 2186 4732 2432 4787; x_wconf 86' lang='lat' dir='ltr'>convivio</span> <span class='ocrx_word' id='word_1_508' title='bbox 2461 4748 2483 4794; x_wconf 85' lang='lat'><em>;</em></span> <span class='ocrx_word' id='word_1_509' title='bbox 2512 4747 2581 4787; x_wconf 85' lang='lat' dir='ltr'>ne</span> <span class='ocrx_word' id='word_1_510' title='bbox 2602 4731 2676 4802; x_wconf 85' lang='lat'>(6)</span> <span class='ocrx_word' id='word_1_511' title='bbox 2708 4730 2897 4787; x_wconf 87' lang='lat' dir='ltr'>veniat</span> <span class='ocrx_word' id='word_1_512' title='bbox 2926 4732 3125 4788; x_wconf 87' lang='lat' dir='ltr'>melior</span> <span class='ocrx_word' id='word_1_513' title='bbox 3153 4737 3229 4801; x_wconf 87' lang='lat' dir='ltr'>te,</span> <span class='ocrx_word' id='word_1_514' title='bbox 3262 4738 3311 4790; x_wconf 88' lang='lat' dir='ltr'>et</span> <span class='ocrx_word' id='word_1_515' title='bbox 3341 4734 3485 4790; x_wconf 87' lang='lat' dir='ltr'>dicat</span> <span class='ocrx_word' id='word_1_516' title='bbox 3517 4734 3615 4789; x_wconf 88' lang='lat' dir='ltr'>tibi</span> <span class='ocrx_word' id='word_1_517' title='bbox 3646 4750 3662 4789; x_wconf 94' lang='lat'><em>:</em></span> <span class='ocrx_word' id='word_1_518' title='bbox 3693 4732 3887 4804; x_wconf 87' lang='lat' dir='ltr'>Surge,</span> 
     </span>
    </p>
   </div>
   <div class='ocr_carea' id='block_1_84' title="bbox 2187 4820 3881 4891">
    <p class='ocr_par' dir='ltr' id='par_1_84' title="bbox 2187 4820 3881 4891">
     <span class='ocr_line' id='line_1_85' title="bbox 2187 4820 3881 4891; baseline 0.001 -15"><span class='ocrx_word' id='word_1_519' title='bbox 2187 4825 2239 4876; x_wconf 88' lang='lat' dir='ltr'>et</span> <span class='ocrx_word' id='word_1_520' title='bbox 2268 4821 2639 4890; x_wconf 76' lang='lat' dir='ltr'>confusionem</span> <span class='ocrx_word' id='word_1_521' title='bbox 2667 4822 2903 4891; x_wconf 85' lang='lat' dir='ltr'>patiaris</span> <span class='ocrx_word' id='word_1_522' title='bbox 2942 4820 3001 4875; x_wconf 89' lang='lat' dir='ltr'>in</span> <span class='ocrx_word' id='word_1_523' title='bbox 3030 4820 3120 4876; x_wconf 89' lang='lat' dir='ltr'>die</span> <span class='ocrx_word' id='word_1_524' title='bbox 3148 4821 3251 4877; x_wconf 80' lang='lat' dir='ltr'>illa</span> <span class='ocrx_word' id='word_1_525' title='bbox 3280 4821 3345 4876; x_wconf 67' lang='grc' dir='ltr'><strong>η.</strong></span> <span class='ocrx_word' id='word_1_526' title='bbox 3395 4822 3465 4878; x_wconf 88' lang='lat' dir='ltr'>Et</span> <span class='ocrx_word' id='word_1_527' title='bbox 3495 4822 3712 4878; x_wconf 91' lang='lat' dir='ltr'>iterum</span> <span class='ocrx_word' id='word_1_528' title='bbox 3745 4822 3881 4878; x_wconf 87' lang='lat' dir='ltr'>dici—</span> 
     </span>
    </p>
   </div>
   <div class='ocr_carea' id='block_1_85' title="bbox 2185 4909 3891 4982">
    <p class='ocr_par' dir='ltr' id='par_1_85' title="bbox 2185 4909 3891 4982">
     <span class='ocr_line' id='line_1_86' title="bbox 2185 4909 3891 4982; baseline 0.001 -17"><span class='ocrx_word' id='word_1_529' title='bbox 2185 4912 2282 4965; x_wconf 91' lang='lat' dir='ltr'>tur</span> <span class='ocrx_word' id='word_1_530' title='bbox 2314 4927 2328 4964; x_wconf 92' lang='lat'><strong>:</strong></span> <span class='ocrx_word' id='word_1_531' title='bbox 2360 4910 2485 4966; x_wconf 86' lang='lat' dir='ltr'>Noli</span> <span class='ocrx_word' id='word_1_532' title='bbox 2522 4910 2702 4966; x_wconf 87' lang='lat' dir='ltr'>altum</span> <span class='ocrx_word' id='word_1_533' title='bbox 2754 4924 2963 4982; x_wconf 88' lang='lat' dir='ltr'>sapere,</span> <span class='ocrx_word' id='word_1_534' title='bbox 3006 4909 3097 4966; x_wconf 84' lang='lat' dir='ltr'>sed</span> <span class='ocrx_word' id='word_1_535' title='bbox 3126 4911 3257 4968; x_wconf 89' lang='lat' dir='ltr'>time</span> <span class='ocrx_word' id='word_1_536' title='bbox 3301 4911 3366 4966; x_wconf 84' lang='grc'>¹⁴.</span> <span class='ocrx_word' id='word_1_537' title='bbox 3409 4913 3573 4978; x_wconf 89' lang='lat' dir='ltr'>Quod</span> <span class='ocrx_word' id='word_1_538' title='bbox 3618 4913 3670 4969; x_wconf 86' lang='lat' dir='ltr'>si</span> <span class='ocrx_word' id='word_1_539' title='bbox 3703 4911 3891 4969; x_wconf 82' lang='lat' dir='ltr'>tardat</span> 
     </span>
    </p>
   </div>
   <div class='ocr_carea' id='block_1_86' title="bbox 438 5047 3897 5123">
    <p class='ocr_par' dir='ltr' id='par_1_86' title="bbox 438 5047 3897 5123">
     <span class='ocr_line' id='line_1_87' title="bbox 438 5047 3897 5123; baseline 0.003 -21"><span class='ocrx_word' id='word_1_540' title='bbox 438 5047 638 5123; x_wconf 62' lang='lat' dir='ltr'>fPsal.</span> <span class='ocrx_word' id='word_1_541' title='bbox 696 5067 872 5123; x_wconf 76' lang='lat' dir='ltr'>xxxii,</span> <span class='ocrx_word' id='word_1_542' title='bbox 902 5055 955 5109; x_wconf 88' lang='lat'>5.</span> <span class='ocrx_word' id='word_1_543' title='bbox 1034 5057 1055 5088; x_wconf 86' lang='grc'><strong><em>²</em></strong></span> <span class='ocrx_word' id='word_1_544' title='bbox 1086 5056 1237 5111; x_wconf 88' lang='lat' dir='ltr'>Psal.</span> <span class='ocrx_word' id='word_1_545' title='bbox 1270 5070 1482 5123; x_wconf 83' lang='lat' dir='ltr'>cxxxn,</span> <span class='ocrx_word' id='word_1_546' title='bbox 1517 5059 1567 5111; x_wconf 83' lang='lat'>1.</span> <span class='ocrx_word' id='word_1_547' title='bbox 1645 5056 1667 5090; x_wconf 82' lang='grc'><strong>³</strong></span> <span class='ocrx_word' id='word_1_548' title='bbox 1741 5054 1893 5113; x_wconf 87' lang='lat' dir='ltr'>Psal.</span> <span class='ocrx_word' id='word_1_549' title='bbox 1951 5070 2126 5122; x_wconf 81' lang='lat' dir='ltr'>van,</span> <span class='ocrx_word' id='word_1_550' title='bbox 2176 5054 2231 5111; x_wconf 93' lang='lat'>7.</span> <span class='ocrx_word' id='word_1_551' title='bbox 2309 5054 2331 5088; x_wconf 79' lang='lat'><strong>‘</strong></span> <span class='ocrx_word' id='word_1_552' title='bbox 2362 5054 2531 5111; x_wconf 82' lang='lat' dir='ltr'>Hebr.</span> <span class='ocrx_word' id='word_1_553' title='bbox 2579 5071 2702 5122; x_wconf 87' lang='lat' dir='ltr'>xm,</span> <span class='ocrx_word' id='word_1_554' title='bbox 2757 5055 2843 5109; x_wconf 90' lang='grc'>13.</span> <span class='ocrx_word' id='word_1_555' title='bbox 2921 5055 3171 5111; x_wconf 77' lang='lat' dir='ltr'>‘Matth.</span> <span class='ocrx_word' id='word_1_556' title='bbox 3203 5072 3279 5117; x_wconf 83' lang='lat' dir='ltr'>IX,</span> <span class='ocrx_word' id='word_1_557' title='bbox 3314 5056 3399 5112; x_wconf 90' lang='grc'><strong>13.</strong></span> <span class='ocrx_word' id='word_1_558' title='bbox 3475 5053 3496 5093; x_wconf 74' lang='grc'>⁸</span> <span class='ocrx_word' id='word_1_559' title='bbox 3531 5057 3659 5115; x_wconf 87' lang='lat' dir='ltr'>Jac.</span> <span class='ocrx_word' id='word_1_560' title='bbox 3714 5054 3897 5123; x_wconf 76' lang='lat'>11,23.</span> 
     </span>
    </p>
   </div>
   <div class='ocr_carea' id='block_1_87' title="bbox 374 5119 2074 5201">
    <p class='ocr_par' dir='ltr' id='par_1_87' title="bbox 374 5119 2059 5201">
     <span class='ocr_line' id='line_1_88' title="bbox 374 5119 2059 5201; baseline 0.007 -27"><span class='ocrx_word' id='word_1_561' title='bbox 374 5119 395 5152; x_wconf 92' lang='grc'>⁷</span> <span class='ocrx_word' id='word_1_562' title='bbox 424 5120 590 5201; x_wconf 69' lang='lat' dir='ltr'>Joap.</span> <span class='ocrx_word' id='word_1_563' title='bbox 626 5137 703 5201; x_wconf 64' lang='lat' dir='ltr'>iv,</span> <span class='ocrx_word' id='word_1_564' title='bbox 728 5122 826 5201; x_wconf 51' lang='lat' dir='ltr'>E38.</span> <span class='ocrx_word' id='word_1_565' title='bbox 902 5124 926 5157; x_wconf 79' lang='grc'><strong>⁸</strong></span> <span class='ocrx_word' id='word_1_566' title='bbox 956 5127 977 5180; x_wconf 88' lang='grc' dir='ltr'>Ι</span> <span class='ocrx_word' id='word_1_567' title='bbox 1006 5126 1214 5201; x_wconf 85' lang='lat' dir='ltr'>Thess.</span> <span class='ocrx_word' id='word_1_568' title='bbox 1248 5144 1287 5197; x_wconf 82' lang='grc' dir='ltr'>ι,</span> <span class='ocrx_word' id='word_1_569' title='bbox 1319 5128 1373 5184; x_wconf 89' lang='grc'>7.</span> <span class='ocrx_word' id='word_1_570' title='bbox 1451 5119 1476 5163; x_wconf 59' lang='grc' dir='ltr'><strong><em>σ</em></strong></span> <span class='ocrx_word' id='word_1_571' title='bbox 1502 5128 1552 5185; x_wconf 86' lang='lat' dir='ltr'><strong>II</strong></span> <span class='ocrx_word' id='word_1_572' title='bbox 1581 5128 1734 5185; x_wconf 91' lang='lat' dir='ltr'>Tim.</span> <span class='ocrx_word' id='word_1_573' title='bbox 1766 5145 1847 5198; x_wconf 78' lang='grc' dir='ltr'>ιν,</span> <span class='ocrx_word' id='word_1_574' title='bbox 1876 5130 1931 5184; x_wconf 88' lang='lat'>2.</span> <span class='ocrx_word' id='word_1_575' title='bbox 2012 5126 2059 5165; x_wconf 81' lang='grc'>¹⁰</span> 
     </span>
    </p>
   </div>
   <div class='ocr_carea' id='block_1_88' title="bbox 2245 5119 3899 5201">
    <p class='ocr_par' dir='ltr' id='par_1_88' title="bbox 2245 5119 3899 5201">
     <span class='ocr_line' id='line_1_89' title="bbox 2245 5119 3899 5201; baseline 0.002 -20"><span class='ocrx_word' id='word_1_576' title='bbox 2245 5150 2265 5181; x_wconf 57' lang='grc' dir='ltr'><strong>π.</strong></span> <span class='ocrx_word' id='word_1_577' title='bbox 2299 5141 2374 5193; x_wconf 77' lang='lat' dir='ltr'>iv,</span> <span class='ocrx_word' id='word_1_578' title='bbox 2404 5127 2493 5182; x_wconf 87' lang='grc'>21.</span> <span class='ocrx_word' id='word_1_579' title='bbox 2570 5125 2613 5163; x_wconf 70' lang='grc' dir='ltr'>ίί</span> <span class='ocrx_word' id='word_1_580' title='bbox 2641 5119 2845 5183; x_wconf 86' lang='lat' dir='ltr'>Matth.</span> <span class='ocrx_word' id='word_1_581' title='bbox 2880 5142 2975 5194; x_wconf 81' lang='lat' dir='ltr'>vn,</span> <span class='ocrx_word' id='word_1_582' title='bbox 2998 5128 3052 5183; x_wconf 87' lang='lat'>2.</span> <span class='ocrx_word' id='word_1_583' title='bbox 3133 5127 3372 5185; x_wconf 78' lang='lat' dir='ltr'>“Eccli.</span> <span class='ocrx_word' id='word_1_584' title='bbox 3405 5144 3508 5201; x_wconf 84' lang='lat' dir='ltr'>vn,</span> <span class='ocrx_word' id='word_1_585' title='bbox 3550 5130 3601 5185; x_wconf 77' lang='grc'>4.</span> <span class='ocrx_word' id='word_1_586' title='bbox 3689 5128 3734 5166; x_wconf 82' lang='grc'>¹³</span> <span class='ocrx_word' id='word_1_587' title='bbox 3759 5119 3899 5185; x_wconf 86' lang='lat' dir='ltr'>Luc.</span> 
     </span>
    </p>
   </div>
   <div class='ocr_carea' id='block_1_89' title="bbox 372 5191 1119 5265">
    <p class='ocr_par' dir='ltr' id='par_1_89' title="bbox 372 5191 1119 5265">
     <span class='ocr_line' id='line_1_90' title="bbox 372 5191 1119 5265; baseline 0.009 -19"><span class='ocrx_word' id='word_1_588' title='bbox 372 5207 487 5262; x_wconf 79' lang='lat' dir='ltr'>xxv,</span> <span class='ocrx_word' id='word_1_589' title='bbox 520 5191 573 5247; x_wconf 89' lang='lat'>8.</span> <span class='ocrx_word' id='word_1_590' title='bbox 654 5192 695 5226; x_wconf 79' lang='lat'>“&#39;</span> <span class='ocrx_word' id='word_1_591' title='bbox 727 5194 888 5250; x_wconf 81' lang='lat' dir='ltr'>Rom.</span> <span class='ocrx_word' id='word_1_592' title='bbox 921 5213 997 5265; x_wconf 82' lang='lat' dir='ltr'>x1,</span> <span class='ocrx_word' id='word_1_593' title='bbox 1029 5200 1119 5253; x_wconf 90' lang='lat'>20.</span> 
     </span>
    </p>
   </div>
   <div class='ocr_carea' id='block_1_90' title="bbox 435 5337 2066 5418">
    <p class='ocr_par' dir='ltr' id='par_1_90' title="bbox 435 5337 2066 5418">
     <span class='ocr_line' id='line_1_91' title="bbox 435 5337 2066 5418; baseline 0.005 -25"><span class='ocrx_word' id='word_1_594' title='bbox 435 5338 512 5411; x_wconf 84' lang='grc'>(1)</span> <span class='ocrx_word' id='word_1_595' title='bbox 546 5337 884 5418; x_wconf 80' lang='lat' dir='ltr'>Holstenius</span> <span class='ocrx_word' id='word_1_596' title='bbox 915 5341 1235 5418; x_wconf 85' lang='lat' dir='ltr'>ad_ca_l_cem</span> <span class='ocrx_word' id='word_1_597' title='bbox 1268 5344 1398 5400; x_wconf 85' lang='lat' dir='ltr'>Cod.</span> <span class='ocrx_word' id='word_1_598' title='bbox 1430 5346 1629 5418; x_wconf 31' lang='lat' dir='ltr'>LRegul.</span> <span class='ocrx_word' id='word_1_599' title='bbox 1672 5360 1740 5403; x_wconf 83' lang='lat' dir='ltr'>ex</span> <span class='ocrx_word' id='word_1_600' title='bbox 1778 5344 2066 5417; x_wconf 89' lang='lat' dir='ltr'>antiquis-</span> 
     </span>
    </p>
   </div>
   <div class='ocr_carea' id='block_1_91' title="bbox 363 5411 2069 5489">
    <p class='ocr_par' dir='ltr' id='par_1_91' title="bbox 363 5411 2069 5489">
     <span class='ocr_line' id='line_1_92' title="bbox 363 5411 2069 5489; baseline 0.006 -23"><span class='ocrx_word' id='word_1_601' title='bbox 363 5411 513 5489; x_wconf 75' lang='lat' dir='ltr'>simo</span> <span class='ocrx_word' id='word_1_602' title='bbox 548 5413 863 5489; x_wconf 79' lang='lat' dir='ltr'>exemplari</span> <span class='ocrx_word' id='word_1_603' title='bbox 907 5415 1035 5489; x_wconf 90' lang='lat' dir='ltr'>cod.</span> <span class='ocrx_word' id='word_1_604' title='bbox 1073 5416 1193 5489; x_wconf 87' lang='lat' dir='ltr'>Vat.</span> <span class='ocrx_word' id='word_1_605' title='bbox 1242 5418 1399 5489; x_wconf 83' lang='grc'>3542.</span> <span class='ocrx_word' id='word_1_606' title='bbox 1430 5411 1669 5489; x_wconf 68' lang='grc' dir='ltr'>ἀιῖᾳυοι</span> <span class='ocrx_word' id='word_1_607' title='bbox 1709 5411 2069 5476; x_wconf 49' lang='lat' dir='ltr'>varias-lec—</span> 
     </span>
    </p>
   </div>
   <div class='ocr_carea' id='block_1_92' title="bbox 364 5482 2068 5563">
    <p class='ocr_par' dir='ltr' id='par_1_92' title="bbox 364 5482 2068 5563">
     <span class='ocr_line' id='line_1_93' title="bbox 364 5482 2068 5563; baseline 0.006 -28"><span class='ocrx_word' id='word_1_608' title='bbox 364 5482 557 5538; x_wconf 87' lang='lat' dir='ltr'>tiones</span> <span class='ocrx_word' id='word_1_609' title='bbox 589 5482 815 5563; x_wconf 66' lang='lat' dir='ltr'>profert</span> <span class='ocrx_word' id='word_1_610' title='bbox 840 5486 1087 5557; x_wconf 85' lang='lat' dir='ltr'>hujusce</span> <span class='ocrx_word' id='word_1_611' title='bbox 1120 5488 1340 5557; x_wconf 58' lang='lat' dir='ltr'>Regula</span> <span class='ocrx_word' id='word_1_612' title='bbox 1367 5482 1711 5563; x_wconf 79' lang='lat' dir='ltr'>sanctorum,</span> <span class='ocrx_word' id='word_1_613' title='bbox 1754 5494 1863 5546; x_wconf 90' lang='lat' dir='ltr'>etc.</span> <span class='ocrx_word' id='word_1_614' title='bbox 1897 5496 2068 5563; x_wconf 88' lang='lat' dir='ltr'>prout</span> 
     </span>
    </p>
   </div>
   <div class='ocr_carea' id='block_1_93' title="bbox 364 5558 2063 5687">
    <p class='ocr_par' dir='ltr' id='par_1_93' title="bbox 364 5558 2063 5687">
     <span class='ocr_line' id='line_1_94' title="bbox 364 5558 2063 5643; baseline 0.006 -38"><span class='ocrx_word' id='word_1_615' title='bbox 364 5561 709 5637; x_wconf 80' lang='lat' dir='ltr'>sequuntur.</span> <span class='ocrx_word' id='word_1_616' title='bbox 751 5558 854 5613; x_wconf 89' lang='lat' dir='ltr'>Hic</span> <span class='ocrx_word' id='word_1_617' title='bbox 886 5563 1244 5643; x_wconf 61' lang='lat' dir='ltr'>autempost</span> <span class='ocrx_word' id='word_1_618' title='bbox 1275 5561 1515 5617; x_wconf 90' lang='lat' dir='ltr'>nomina</span> <span class='ocrx_word' id='word_1_619' title='bbox 1547 5558 2063 5635; x_wconf 59' lang='lat' dir='ltr'>quatuorﬁPatrum</span> 
     </span>
     <span class='ocr_line' id='line_1_95' title="bbox 364 5624 1506 5687; baseline 0.01 -11"><span class='ocrx_word' id='word_1_620' title='bbox 364 5624 598 5679; x_wconf 80' lang='lat' dir='ltr'>additur</span> <span class='ocrx_word' id='word_1_621' title='bbox 628 5644 687 5681; x_wconf 84' lang='lat' dir='ltr'>1n</span> <span class='ocrx_word' id='word_1_622' title='bbox 722 5629 956 5687; x_wconf 89' lang='lat' dir='ltr'>laudato</span> <span class='ocrx_word' id='word_1_623' title='bbox 982 5632 1196 5687; x_wconf 79' lang='lat' dir='ltr'>codice.</span> <span class='ocrx_word' id='word_1_624' title='bbox 1227 5633 1506 5687; x_wconf 86' lang='lat' dir='ltr'>abbatum.</span> 
     </span>
    </p>
   </div>
   <div class='ocr_carea' id='block_1_94' title="bbox 747 5647 1506 5700">
    <p class='ocr_par' dir='ltr' id='par_1_94' title="bbox 747 5647 1506 5700">
     <span class='ocr_line' id='line_1_96' title="bbox 747 5647 1506 5700; baseline 0.008 -16"><span class='ocrx_word' id='word_1_625' title='bbox 747 5647 956 5687; x_wconf 70' lang='grc' dir='ltr'>81108ῐο</span> <span class='ocrx_word' id='word_1_626' title='bbox 982 5647 1196 5700; x_wconf 77' lang='lat'>000108,</span> <span class='ocrx_word' id='word_1_627' title='bbox 1227 5647 1506 5690; x_wconf 80' lang='lat' dir='ltr'>abbatum.</span> 
     </span>
    </p>
   </div>
   <div class='ocr_carea' id='block_1_95' title="bbox 433 5694 2117 5776">
    <p class='ocr_par' dir='ltr' id='par_1_95' title="bbox 433 5694 2117 5776">
     <span class='ocr_line' id='line_1_97' title="bbox 433 5694 2117 5776; baseline -0.005 -7"><span class='ocrx_word' id='word_1_628' title='bbox 433 5694 513 5769; x_wconf 77' lang='lat'>(2)</span> <span class='ocrx_word' id='word_1_629' title='bbox 545 5696 881 5759; x_wconf 87' lang='lat' dir='ltr'>Sedentibus.</span> <span class='ocrx_word' id='word_1_630' title='bbox 916 5703 999 5759; x_wconf 91' lang='lat' dir='ltr'>Id.</span> <span class='ocrx_word' id='word_1_631' title='bbox 1034 5704 1159 5763; x_wconf 91' lang='lat' dir='ltr'>cod.</span> <span class='ocrx_word' id='word_1_632' title='bbox 1183 5694 1582 5762; x_wconf 69' lang='lat' dir='ltr'>residentibus.</span> <span class='ocrx_word' id='word_1_633' title='bbox 1616 5706 1687 5760; x_wconf 88' lang='lat' dir='ltr'>Et</span> <span class='ocrx_word' id='word_1_634' title='bbox 1717 5720 1869 5776; x_wconf 86' lang='lat' dir='ltr'>mox,</span> <span class='ocrx_word' id='word_1_635' title='bbox 1890 5708 1950 5763; x_wconf 87' lang='lat' dir='ltr'>ut</span> <span class='ocrx_word' id='word_1_636' title='bbox 1972 5708 2067 5761; x_wconf 55' lang='lat' dir='ltr'>no:</span> <span class='ocrx_word' id='word_1_637' title='bbox 2106 5708 2117 5715; x_wconf 76' lang='lat'><strong>‘</strong></span> 
     </span>
    </p>
   </div>
   <div class='ocr_carea' id='block_1_96' title="bbox 2182 5342 3243 5411">
    <p class='ocr_par' dir='ltr' id='par_1_96' title="bbox 2182 5342 3243 5411">
     <span class='ocr_line' id='line_1_98' title="bbox 2182 5342 3243 5411; baseline 0.003 -12"><span class='ocrx_word' id='word_1_638' title='bbox 2182 5344 2264 5399; x_wconf 87' lang='lat' dir='ltr'>bis</span> <span class='ocrx_word' id='word_1_639' title='bbox 2294 5342 2580 5400; x_wconf 86' lang='lat' dir='ltr'>tribueret.</span> <span class='ocrx_word' id='word_1_640' title='bbox 2613 5342 2867 5411; x_wconf 84' lang='lat' dir='ltr'>Rectius,</span> <span class='ocrx_word' id='word_1_641' title='bbox 2903 5350 2963 5399; x_wconf 91' lang='lat' dir='ltr'>ut</span> <span class='ocrx_word' id='word_1_642' title='bbox 2994 5343 3243 5402; x_wconf 89' lang='lat' dir='ltr'>videtur.</span> 
     </span>
    </p>
   </div>
   <div class='ocr_carea' id='block_1_97' title="bbox 2248 5416 3480 5487">
    <p class='ocr_par' dir='ltr' id='par_1_97' title="bbox 2248 5416 3480 5487">
     <span class='ocr_line' id='line_1_99' title="bbox 2248 5416 3480 5487; baseline 0.006 -18"><span class='ocrx_word' id='word_1_643' title='bbox 2248 5416 2328 5487; x_wconf 95' lang='lat'>(3)</span> <span class='ocrx_word' id='word_1_644' title='bbox 2358 5416 2668 5473; x_wconf 84' lang='lat' dir='ltr'>Multorum.</span> <span class='ocrx_word' id='word_1_645' title='bbox 2703 5418 2788 5471; x_wconf 93' lang='lat' dir='ltr'>Id.</span> <span class='ocrx_word' id='word_1_646' title='bbox 2817 5417 2945 5471; x_wconf 90' lang='lat' dir='ltr'>cod.</span> <span class='ocrx_word' id='word_1_647' title='bbox 2982 5418 3145 5474; x_wconf 90' lang='lat' dir='ltr'>addit</span> <span class='ocrx_word' id='word_1_648' title='bbox 3174 5420 3480 5476; x_wconf 85' lang='lat' dir='ltr'>hominum.</span> 
     </span>
    </p>
   </div>
   <div class='ocr_carea' id='block_1_98' title="bbox 2251 5488 3901 5563">
    <p class='ocr_par' dir='ltr' id='par_1_98' title="bbox 2251 5488 3901 5563">
     <span class='ocr_line' id='line_1_100' title="bbox 2251 5488 3901 5563; baseline 0.005 -22"><span class='ocrx_word' id='word_1_649' title='bbox 2251 5488 2329 5559; x_wconf 88' lang='grc'>(4)</span> <span class='ocrx_word' id='word_1_650' title='bbox 2356 5489 2479 5563; x_wconf 75' lang='lat' dir='ltr'>Nec.</span> <span class='ocrx_word' id='word_1_651' title='bbox 2516 5488 2621 5563; x_wconf 86' lang='lat' dir='ltr'>Ms.</span> <span class='ocrx_word' id='word_1_652' title='bbox 2656 5488 2761 5543; x_wconf 88' lang='lat' dir='ltr'>Nec</span> <span class='ocrx_word' id='word_1_653' title='bbox 2789 5493 2991 5563; x_wconf 72' lang='lat' dir='ltr'>tamen.</span> <span class='ocrx_word' id='word_1_654' title='bbox 3024 5489 3303 5563; x_wconf 88' lang='lat' dir='ltr'>Idemque</span> <span class='ocrx_word' id='word_1_655' title='bbox 3334 5495 3508 5563; x_wconf 88' lang='lat' dir='ltr'>caput</span> <span class='ocrx_word' id='word_1_656' title='bbox 3555 5492 3901 5549; x_wconf 85' lang='lat' dir='ltr'>secundum</span> 
     </span>
    </p>
   </div>
   <div class='ocr_carea' id='block_1_99' title="bbox 2179 5560 3187 5632">
    <p class='ocr_par' dir='ltr' id='par_1_99' title="bbox 2179 5560 3187 5632">
     <span class='ocr_line' id='line_1_101' title="bbox 2179 5560 3187 5632; baseline 0.002 -19"><span class='ocrx_word' id='word_1_657' title='bbox 2179 5574 2313 5632; x_wconf 92' lang='lat' dir='ltr'>cum</span> <span class='ocrx_word' id='word_1_658' title='bbox 2346 5560 2511 5632; x_wconf 88' lang='lat' dir='ltr'>tertio</span> <span class='ocrx_word' id='word_1_659' title='bbox 2552 5561 2611 5615; x_wconf 93' lang='lat' dir='ltr'>in</span> <span class='ocrx_word' id='word_1_660' title='bbox 2644 5576 2830 5615; x_wconf 91' lang='lat' dir='ltr'>unum</span> <span class='ocrx_word' id='word_1_661' title='bbox 2864 5561 3187 5632; x_wconf 85' lang='lat' dir='ltr'>conjungit.</span> 
     </span>
    </p>
   </div>
   <div class='ocr_carea' id='block_1_100' title="bbox 2248 5631 3733 5708">
    <p class='ocr_par' dir='ltr' id='par_1_100' title="bbox 2248 5631 3733 5708">
     <span class='ocr_line' id='line_1_102' title="bbox 2248 5631 3733 5708; baseline 0.005 -23"><span class='ocrx_word' id='word_1_662' title='bbox 2248 5631 2320 5708; x_wconf 63' lang='grc' dir='ltr'>(ξ)</span> <span class='ocrx_word' id='word_1_663' title='bbox 2346 5631 2849 5708; x_wconf 62' lang='lat' dir='ltr'>Conscriptajsunt.</span> <span class='ocrx_word' id='word_1_664' title='bbox 2883 5632 2989 5688; x_wconf 91' lang='lat' dir='ltr'>Ms.</span> <span class='ocrx_word' id='word_1_665' title='bbox 3029 5631 3345 5707; x_wconf 73' lang='lat' dir='ltr'>conscripta</span> <span class='ocrx_word' id='word_1_666' title='bbox 3370 5635 3733 5708; x_wconf 84' lang='lat' dir='ltr'>placuerunt.</span> 
     </span>
    </p>
   </div>
   <div class='ocr_carea' id='block_1_101' title="bbox 2247 5703 2899 5773">
    <p class='ocr_par' dir='ltr' id='par_1_101' title="bbox 2247 5703 2899 5773">
     <span class='ocr_line' id='line_1_103' title="bbox 2247 5703 2899 5773; baseline 0.002 -16"><span class='ocrx_word' id='word_1_667' title='bbox 2247 5703 2327 5773; x_wconf 86' lang='lat'>(6)</span> <span class='ocrx_word' id='word_1_668' title='bbox 2360 5708 2458 5761; x_wconf 85' lang='lat' dir='ltr'>Ne.</span> <span class='ocrx_word' id='word_1_669' title='bbox 2493 5703 2603 5761; x_wconf 88' lang='lat' dir='ltr'>Me.</span> <span class='ocrx_word' id='word_1_670' title='bbox 2634 5705 2710 5760; x_wconf 84' lang='lat' dir='ltr'>Ne</span> <span class='ocrx_word' id='word_1_671' title='bbox 2735 5707 2899 5773; x_wconf 86' lang='lat' dir='ltr'>forte.</span> 
     </span>
    </p>
   </div>
  </div>
