4076 6280
291 376 414 434 973

296 599 550 663 differre,
584 601 639 652 et
669 596 992 652 secundum
1025 597 1150 665 ejus
1202 595 1519 667 imperium
1576 595 1809 650 obedire
1862 611 1998 649 con-

295 689 457 745 venit
487 689 713 743 fratres.

956 813 1187 869 CAPUT
1215 813 1336 868 VII.

362 942 517 998 Idem
579 944 721 1015 ipse,
774 942 1049 1011 Quomodo
1105 943 1519 1009 examinattur,
1553 942 1649 1012 qui
1700 957 1769 996 eeo
1809 942 2005 997 saeculo

944 1020 1365 1069 convertuntur.

363 1139 621 1207 Qualiter
650 1157 782 1196 vero
814 1141 1168 1196 examinatio
1210 1155 1345 1211 erga
1393 1155 1492 1195 eos
1550 1140 1651 1211 qui
1691 1141 1760 1194 de
1792 1138 2001 1194 saeculo

286 1236 715 1287 convertuntur
790 1230 972 1285 teneri
1075 1230 1303 1295 debeat,
1370 1230 1749 1284 ostendamus
1842 1229 2002 1283 vobis

289 1320 675 1390 Amputandae
707 1326 842 1374 sunt
900 1320 1084 1388 primo
1117 1321 1189 1375 ab
1247 1320 1584 1389 hujusmodi
1634 1319 1846 1373 divitia:
1904 1336 2004 1372 saa-

288 1410 431 1465 culi.
467 1410 533 1464 Et
562 1411 608 1464 si
642 1409 771 1479 quis
808 1426 1031 1480 pauper
1070 1410 1326 1464 converti
1396 1410 1680 1475 videatur,
1716 1409 1887 1462 habet
1943 1412 1999 1461 et

289 1501 421 1570 ipse
450 1499 683 1554 divitias
731 1516 879 1570 quas
921 1509 1220 1569 amputare
1271 1500 1501 1565 debeat,
1554 1516 1699 1569 quas
1748 1498 1999 1567 Spiritus

289 1594 537 1643 sanctus
566 1590 824 1643 ostendit
856 1605 958 1660 per
987 1589 1365 1643 Salomonem
1425 1589 1627 1643 dicens
1663 1604 1674 1640 :
1711 1588 1835 1642 Odit
1872 1589 1999 1641 ani.

284 1695 381 1734 ma
408 1695 538 1734 mea
564 1696 865 1749 pauperem
905 1680 1200 1750 superbum
1220 1683 1273 1733 et
1324 1678 1551 1733 divitem
1608 1678 1923 1733 mendacem
1957 1676 2002 1713 ¹⁵

291 1770 361 1823 Et
419 1768 532 1823 alio
593 1770 714 1824 loco
772 1769 957 1824 dicit:
1019 1769 1167 1824 Sicut
1223 1769 1577 1823 vulneratum
1631 1768 1927 1837 superbum
1958 1768 2001 1803 ¹⁶

1620 370 1937 431 REGULA
1979 369 2080 429 AD
2128 368 2568 433 MONACHOS.

294 510 346 564 is
400 509 499 579 qui
548 510 774 577 praeest,
834 508 1055 576 oportet
1109 503 1361 574 primum
1421 504 1481 560 in
1545 506 1813 559 notitiam
1880 505 2009 573 ejus
2040 508 2093 573 Α

3710 378 3826 438 9'74-

2761 509 2992 566 CAPUT
3038 510 3184 565 VIII.

2118 599 2388 671 Idemque,
2445 601 2692 668 Qualiter
2762 602 3045 671 peregrini
3128 602 3360 672 hospites
3443 604 3819 673 suspicantur.

2191 710 2563 766 Venientibus
2593 712 2674 767 eis
2705 709 2898 766 nullus
2943 711 3054 767 nisi
3086 728 3260 779 unus,
3319 712 3411 767 cui
3470 729 3611 768 cura
3670 713 3822 769 circa

2116 797 2403 869 hospitale
2463 800 2633 856 fuerit
2718 800 2977 871 injunota
3055 805 3341 871 occurrat,
3433 806 3489 857 et
3575 819 3819 872 respon-

2117 909 2247 948 sum
2270 894 2383 964 (11)
2414 894 2508 950 det
2536 894 2922 961 venientibus,
2973 894 3171 960 Orare,
3204 895 3293 949 vel
3354 911 3555 967 pacem
3614 896 3819 953 offerre

2117 998 2234 1039 non
2267 984 2436 1039 liceat
2468 984 2590 1051 ulli,
2621 983 2733 1037 nisi
2765 984 2952 1055 primo
3008 984 3275 1039 videatur
3306 985 3378 1039 ab
3435 1002 3500 1041 eo
3543 986 3643 1057 qui
3676 1003 3823 1057 prie-

2116 1078 2202 1128 est
2230 1075 2433 1140 Patre;
2466 1082 2519 1129 et
2551 1075 2814 1129 oratione
2870 1073 3046 1128 simul
3105 1081 3357 1144 peracta,
3393 1079 3674 1145 sequatur
3729 1092 3815 1131 or-

2115 1164 2248 1219 dine
2280 1181 2385 1218 suo
2419 1166 2577 1235 pacis
2622 1164 2877 1219 ofﬁcium
2913 1165 3168 1219 reddere.
3221 1164 3335 1217 Nec
3396 1164 3586 1219 licebit
3644 1164 3820 1219 alicui

2117 1253 2280 1308 fratri
2328 1271 2458 1309 eum
2518 1256 2962 1323 superveniente
3012 1254 3429 1321 sermocinari;
3458 1271 3569 1308 non
3605 1254 3682 1308 sit
3720 1255 3821 1309 ulli

2113 1359 2251 1398 cura
2282 1344 2685 1414 interroganti,
2720 1346 2873 1398 unde
2930 1344 3172 1407 venerit,
3232 1344 3372 1412 quid
3435 1343 3678 1407 venerit,
3735 1344 3821 1397 vel

2114 1435 2343 1503 quando
2374 1434 2781 1488 ambulaturus
2813 1433 2911 1501 sit,
2954 1432 3066 1487 nisi
3091 1432 3194 1486 soli
3229 1433 3327 1501 qui
3386 1442 3590 1501 praest
3650 1434 3822 1498 Patri,

2115 1528 2216 1575 aut
2246 1522 2460 1591 quibus
2492 1524 2612 1591 ipse
2636 1522 2899 1591 jusserit.
2936 1521 3313 1573 Venientibus
3344 1536 3477 1573 vero
3531 1518 3812 1573 fratribus

2114 1612 2185 1666 ad
2219 1611 2417 1666 horam
2471 1611 2821 1677 refectionis,
2882 1626 2997 1664 non
3053 1609 3251 1664 licebit
3302 1608 3604 1679 peregrino
3657 1610 3823 1664 fratri

2114 1717 2242 1757 cum
2278 1702 2551 1756 fratribus
2602 1703 2973 1764 manducare,
3009 1700 3120 1756 nisi
3172 1713 3302 1754 cum
3336 1714 3401 1753 eo
3435 1699 3535 1770 qui
3587 1716 3699 1770 prie
3732 1704 3821 1753 est

2114 1792 2300 1859 Patre,
2336 1797 2397 1846 ut
2452 1792 2635 1861 possit
2666 1791 2958 1846 aedificari.
2996 1789 3162 1846 Nullo
3221 1790 3414 1843 licebit
3444 1806 3576 1843 cum
3610 1806 3674 1843 eo
3726 1789 3813 1843 lo-

289 1858 478 1957 Debet
506 1874 640 1929 ergo
673 1860 723 1913 is
754 1860 851 1928 qui
911 1864 1117 1957 presset
1148 1859 1332 1923 Pater,
1362 1875 1569 1930 magno
1626 1858 1820 1957 studio
1852 1858 2001 1957 hanc
2040 1892 2087 1957 Β
2114 1880 2213 1950 qui

2179 1880 2213 1934 ii
2247 1899 2260 1947 ;
2293 1896 2397 1935 nec
2426 1880 2673 1950 alicujus
2703 1880 2813 1947 (12)
2848 1879 3124 1933 audiatur
3155 1894 3367 1942 sermo,
3406 1877 3519 1932 nisi
3560 1879 3818 1944 divinus,

290 1946 558 2018 regulam
590 1952 824 2012 tenere;
885 1952 946 2001 ut
1005 1948 1050 2001 si
1106 1963 1328 2019 pauper
1384 1948 1758 2014 convertitur,
1819 1947 2004 2017 primo

287 2040 547 2105 exponat
575 2036 865 2090 sarcinam
894 2036 1215 2105 superbia:
1262 2040 1319 2091 et
1378 2037 1462 2091 sic
1492 2036 1859 2091 examinatus
1883 2051 2010 2090 sus-

288 2124 568 2194 cipiatur.
622 2124 799 2179 Debet
855 2128 990 2179 ante
1050 2125 1249 2179 omnia
1306 2124 1609 2179 humiliter
1668 2124 1747 2195 (7)
1794 2122 2007 2187 imbui,

289 2217 357 2268 ut
389 2214 544 2284 quod
579 2230 856 2283 magnum
890 2218 946 2268 et
977 2215 1091 2269 Deo
1122 2218 1421 2284 acceptum
1482 2213 1839 2268 sacrificium
1898 2215 2005 2266 est‘

289 2319 466 2358 suam
497 2303 848 2359 voluntatem
884 2321 998 2358 non
1050 2305 1223 2358 faciat
1267 2304 1676 2375 unusquisque
1727 2316 2006 2367 vestrum,

293 2394 547 2459 fratres;
581 2395 680 2448 sed
731 2393 807 2447 ad
866 2409 1023 2448 omne
1078 2410 1213 2463 opus
1271 2394 1468 2449 bonum
1522 2397 1705 2464 parati
1755 2398 1920 2448 estote
1942 2394 2008 2446 ¹“¹.

294 2484 590 2554 Quidquid
652 2482 948 2549 acciderit,
984 2489 1086 2537 aut
1111 2484 1334 2552 justum
1375 2484 1515 2554 quid
1551 2484 1743 2549 fuerit,
1780 2499 2011 2537 memo-

294 2590 385 2628 res
456 2590 584 2628 esse
643 2574 911 2629 debetis:
983 2575 1045 2628 In
1094 2574 1453 2629 tribulatione
1510 2577 1778 2643 patientes
1808 2573 1887 2640 Is;
1950 2573 2008 2626 in

297 2662 579 2733 operibus
629 2663 879 2717 honesti.
906 2662 1079 2717 Nolite
1136 2681 1227 2719 vos
1266 2662 1499 2717 invicem
1547 2664 1617 2718 ad
1657 2663 2009 2718 iracundiam

290 2768 592 2823 provocare
626 2754 669 2788 ¹⁹
726 2752 827 2807 Sed
868 2768 1080 2823 semper
1128 2754 1271 2808 bona
1322 2755 1616 2808 sectamini
1663 2754 1728 2807 πο.
1767 2754 1811 2807 li
1899 2744 2003 2823 qui

298 2843 443 2898 tales
475 2849 630 2911 sunt,
663 2861 797 2898 eum
830 2845 901 2899 de
933 2843 1130 2898 saeculi
1174 2844 1347 2913 hujus
1392 2843 1488 2899 ille
1520 2843 1708 2898 cebris
1770 2842 2003 2899 liberari

300 2933 613 2997 voluerint,
665 2936 1074 3004 appropiantes
1124 2934 1487 2995 monasterio,
1524 2936 1890 2990 hebdomade
1934 2935 2011 3007 (8)

300 3038 406 3093 pro
448 3022 666 3077 foribus
712 3024 994 3091 jaceant:
1059 3024 1206 3078 nulli
1261 3041 1397 3079 cum
1458 3024 1540 3079 eis
1598 3024 1669 3077 de
1737 3025 2011 3080 fratribus

295 3111 649 3182 jungantur,
685 3119 738 3164 et
790 3126 1023 3180 semper
1052 3112 1200 3166 dura
1253 3120 1305 3166 et
1365 3110 1653 3166 laboriosa
1684 3111 1767 3166 eis
1801 3128 2008 3182 propo-

300 3204 539 3255 nantur.
573 3200 631 3254 Si
664 3215 795 3255 vero
856 3200 1350 3271 perseveraverint
1396 3200 1717 3270 pulsantes,
1751 3203 1835 3255 eis
1894 3218 2009 3256 non

301 3294 552 3358 negetur
579 3289 920 3360 ingressus;
955 3290 1057 3343 sed
1089 3288 1140 3343 is
1181 3289 1282 3359 qui
1343 3293 1549 3359 praeest
1607 3290 1777 3344 Pater
1808 3289 2015 3360 hujus-

304 3379 465 3432 modi
487 3379 758 3434 homines
789 3378 1031 3434 introire
1061 3380 1384 3449 permittat,
1417 3382 1473 3433 et
1532 3377 1781 3450 qualiter
1836 3379 2016 3437 vitam

305 3466 577 3533 fratrum,
616 3466 701 3522 vel
732 3465 992 3538 regulam
1026 3472 1224 3523 tenere
1255 3466 1501 3538 possint,
1536 3468 1820 3523 ostendat.
1854 3468 2016 3531 Quod

303 3555 354 3610 si
386 3556 548 3612 dives
576 3561 686 3625 est,
724 3560 779 3612 et
811 3555 1031 3612 habens
1066 3556 1283 3612 multas
1312 3556 1544 3611 divitias
1575 3557 1634 3611 in
1694 3556 1906 3612 saeculo
1960 3562 2017 3613 et

299 3647 558 3702 converti
588 3647 853 3714 voluerit,
908 3648 1077 3703 debet
1125 3648 1310 3718 primo
1362 3648 1439 3718 (9)
1490 3646 1592 3702 Dei
1650 3647 2013 3704 voluntatem

301 3734 569 3808 implere,
601 3742 657 3794 et
687 3740 969 3810 consequi
1002 3744 1354 3810 praeceptum
1415 3739 1558 3794 illud
1620 3755 2010 3811 praecepuum,

302 3829 458 3896 quod
490 3828 842 3883 adolescenti
901 3829 1063 3884 diviti
1106 3829 1316 3884 dicitur
1352 3845 1367 3883 :
1430 3829 1601 3884 Vende
1628 3831 1819 3886 omnia
1876 3830 2015 3883 bona

302 3919 420 3979 tua,
446 3924 500 3969 et
527 3916 596 3970 da
652 3918 1007 3986 pauperibus,
1058 3925 1115 3971 et
1158 3919 1287 3972 tolle
1345 3933 1558 3972 crucem
1603 3921 1779 3985 tuam,
1815 3925 1870 3973 et
1926 3932 2011 3971 se-

300 4016 469 4071 quere
498 4019 585 4057 me
632 4004 698 4055 ²¹.
733 4004 951 4058 Deinde
981 4004 1360 4059 instruendus
1400 4009 1487 4059 est
1518 4006 1589 4059 ab
1634 4022 1700 4060 eo
1732 4008 1829 4076 qui
1862 4023 2012 4075 prae-

301 4096 391 4144 est
425 4094 607 4154 Patre,
643 4096 704 4146 ut
738 4091 880 4145 nihil
903 4092 1017 4147 sibi
1050 4092 1363 4163 relinquat,
1394 4094 1505 4148 nisi
1538 4110 1765 4149 crucem
1792 4094 2009 4151 Christi

302 4196 481 4250 quam
539 4184 717 4245 tenet,
776 4186 834 4235 et
884 4185 1162 4250 sequatur
1220 4182 1559 4237 Dominum.
1621 4183 1818 4237 Crucis
1874 4200 2009 4240 vero

302 4268 529 4340 fastigia
557 4286 679 4339 quis
711 4269 968 4324 tenenda
998 4274 1173 4339 sunt;
1228 4270 1415 4340 primo
1472 4272 1628 4326 omni
1672 4272 2003 4328 obedientia

305 4374 425 4415 non
456 4375 619 4414 suam
652 4359 1013 4414 voluntatem
1046 4359 1251 4427 facere,
1287 4359 1385 4415 sed
1447 4360 1706 4417 alterius.
1741 4362 1902 4426 Quod
1960 4364 2009 4417 si

302 4448 555 4505 voluerit
613 4449 962 4505 monasterio
1014 4452 1234 4519 partem
1288 4451 1572 4515 conferre,
1616 4450 1840 4505 noverit
1898 4467 2010 4520 quo

306 4540 510 4594 ordine
548 4538 667 4593 sive
698 4539 843 4610 ipse,
904 4538 1027 4594 sive
1082 4540 1207 4608 ejus
1261 4537 1474 4594 oblatio
1533 4539 1908 4608 suscipiatur.
1943 4541 2011 4593 Et

2122 1971 2219 2040 qui
2253 1986 2320 2025 ex
2350 1970 2560 2042 pagina
2591 1971 2939 2041 proferatur,
2973 1974 3029 2023 et
3058 1970 3183 2038 ejus
3215 1967 3312 2038 qui
3348 1972 3554 2037 praeest
3612 1968 3821 2031 Patris,

2118 2060 2205 2115 vel
2238 2060 2452 2131 quibus
2484 2060 2609 2132 ipse
2661 2059 2901 2130 jusserit
2952 2058 3134 2129 loqui,
3196 2063 3260 2112 ut
3309 2056 3529 2128 aliquid
3592 2058 3662 2111 de
3710 2057 3824 2112 Deo

2120 2151 2450 2205 conveniat.

2702 2259 2856 2313 244
2887 2238 3123 2313 CAPUT“
3144 2256 3243 2311 IX.

2432 2348 2675 2415 Qualiter
2692 2350 3038 2417 jejuniomm
3076 2348 3204 2399 ordo
3236 2350 3513 2400 teneatur.

2678 2421 3021 2489 Paphnutius
3060 2418 3207 2473 dixit
3243 2434 3263 2472 .°

2193 2529 2397 2599 Magna
2437 2532 2493 2583 et
2544 2529 2710 2583 utilia
2759 2529 2832 2583 ad
2882 2530 3088 2583 animae
3149 2526 3393 2582 salutem
3449 2526 3601 2579 dicta
3658 2530 3817 2591 sunt,

2120 2619 2363 2673 fratres:
2400 2635 2504 2674 nec
2538 2621 2641 2674 hoc
2672 2620 2980 2674 tacendum
3014 2622 3123 2685 est,
3185 2616 3434 2687 qualiter
3465 2615 3820 2685 jejuniorum

2120 2712 2260 2765 ordo
2282 2711 2571 2766 tenendus
2603 2710 2693 2764 sit.
2728 2709 2842 2765 Nec
2876 2709 3034 2763 aliud
3088 2708 3222 2762 huic
3259 2706 3524 2761 ﬁrmitati
3558 2705 3821 2759 testimo-

2122 2801 2280 2856 nium
2336 2801 2621 2868 convenit,
2677 2800 3001 2855 dulcissimi
3054 2799 3281 2861 fratres,
3315 2796 3424 2851 nisi
3473 2795 3619 2850 illud
3671 2800 3823 2866 quod

2120 2892 2303 2946 dicit:
2375 2894 2568 2946 Petrus
2636 2897 2817 2945 autem
2886 2898 2935 2945 et
3015 2890 3247 2944 Joannes
3313 2886 3678 2942 ascendebant
3766 2887 3825 2939 in

2119 2981 2389 3050 templum
2443 2984 2589 3035 circa
2673 2981 2859 3034 horam
2944 2979 3215 3034 orationis
3279 2994 3482 3032 nonam
3511 2976 3575 3029 “.
3647 2974 3828 3028 Debet

2119 3086 2253 3141 ergo
2312 3070 2420 3124 iste
2479 3070 2618 3123 ordo
2673 3072 2877 3136 teneri,
2931 3068 3132 3121 fratres
3194 3069 3255 3119 ut
3342 3064 3505 3119 nullo
3564 3064 3655 3117 die
3712 3062 3825 3117 nisi

2122 3158 2262 3212 hora
2341 3174 2495 3213 nona
2551 3158 2877 3212 reficiantur
2944 3157 3147 3210 fratres
3227 3152 3582 3208 monasterio
3661 3168 3822 3207 exce-

2044 3258 2090 3323 B
2124 3257 2216 3318 pta
2269 3250 2563 3304 Dominica
2606 3250 2697 3303 die
2748 3253 2803 3303 et
2878 3245 3371 3316 Quinquagesima
3430 3246 3821 3298 Pentecostes.

2126 3338 2226 3393 Die
2280 3343 2473 3394 autem
2518 3338 2822 3393 Dominica
2872 3336 3016 3391 nihil
3075 3334 3231 3389 aliud
3282 3337 3480 3405 agant,
3542 3332 3657 3386 nisi
3712 3331 3828 3386 Deo

2126 3434 2349 3496 vacent,
2385 3444 2453 3484 ne
2486 3446 2586 3500 pro
2628 3427 2822 3499 aliqua
2880 3426 3181 3482 occasione
3238 3440 3297 3480 se
3326 3423 3507 3479 velint
3552 3426 3654 3477 aut
3686 3420 3831 3475 alios

2124 3535 2413 3575 excusare.
2492 3519 2710 3575 Tamen
2788 3520 3079 3573 contestor
3137 3515 3368 3582 fratres,
3421 3512 3575 3583 quod
3666 3509 3831 3565 nulla

2122 3608 2376 3681 operatio
2424 3608 2483 3662 in
2514 3608 2606 3663 die
2637 3608 2738 3663 illa
2782 3611 2982 3663 sancta
3040 3605 3451 3675 comperiatur,
3516 3601 3631 3657 nisi
3690 3603 3829 3654 tan-

2122 3702 2249 3753 tum
2300 3697 2531 3770 hymnis
2580 3702 2635 3754 et
2691 3697 2952 3769 psalmis,
3006 3699 3064 3752 et
3120 3694 3364 3752 canticis
3423 3689 3830 3762 spiritualibus

2122 3790 2246 3845 dies
2278 3788 2377 3844 illa
2416 3789 2794 3860 transigatur.

2806 3894 3040 3950 CAPUT
3073 3893 3138 3947 X.

2309 3987 2452 4041 Idem
2475 3986 2608 4054 ipse,
2644 3984 2901 4052 Qualiter
2933 3985 3139 4050 fratres
3161 3981 3355 4035 debent
3392 3981 3630 4050 operari.

2191 4096 2465 4164 Idemque
2528 4094 2644 4166 (13)
2697 4094 3078 4164 praecipimus.
3140 4090 3363 4145 Debent
3422 4106 3556 4159 ergo
3616 4088 3827 4143 fratres

2116 4184 2292 4239 istum
2324 4184 2588 4239 ordinem
2638 4192 2853 4240 tenere.
2891 4188 2933 4238 A
2968 4184 3155 4254 prima
3224 4181 3369 4236 hora
3401 4196 3582 4250 usque
3614 4180 3685 4234 ad
3728 4180 3827 4234 b0'

2120 4290 2241 4329 ram
2302 4277 2525 4329 tertiam
2575 4277 2688 4328 Deo
2720 4278 2922 4329 vacent
2957 4274 3191 4337 fratres;
3220 4288 3253 4326 a
3312 4271 3477 4324 tertia
3536 4285 3667 4323 vero
3716 4284 3820 4323 us-

2120 4381 2230 4436 que
2260 4366 2330 4418 ad
2365 4381 2600 4431 nonam,
2633 4362 2918 4435 quidquid
2976 4362 3305 4431 iniunctum
3356 4359 3529 4413 fuerit
3560 4377 3590 4412 ιι
3640 4358 3825 4424 Patre,

2117 4455 2243 4508 sine
2272 4454 2466 4525 aliqua
2486 4453 2949 4508 murmuratione
2973 4452 3203 4505 faciant.
3249 4449 3585 4504 Meminisse
3618 4449 3831 4503 debent

2123 4542 2177 4596 hi
2210 4543 2421 4615 quibus
2469 4544 2815 4612 injungitur,
2876 4542 3098 4596 dictum
3146 4539 3397 4610 Apostoli
3426 4556 3437 4593 :
3471 4538 3675 4593 Omnia
3705 4552 3828 4606 quae

307 4628 355 4682 si
405 4628 649 4683 voluerit
712 4630 781 4683 de
846 4628 970 4684 suis
1029 4630 1212 4685 servis
1273 4645 1474 4685 secum
1535 4630 1598 4684 in
1657 4628 2314 4702 monasterionacitis,
2373 4635 2489 4688 sine
2525 4634 2968 4688 murmuratione
3023 4633 3191 4700 facile
3222 4629 3289 4681 ’3.
3325 4630 3555 4683 Timere
3616 4626 3830 4682 debent

304 4718 652 4785 conducere,
686 4718 909 4772 noverit
938 4718 1199 4790 (10)jam
1260 4736 1377 4773 non
1428 4734 1562 4773 eum
1623 4734 1852 4773 servum
1912 4718 2012 4775 ha-

305 4802 464 4870 bere,
497 4806 596 4860 sed
629 4806 865 4863 fratrem
892 4827 905 4876 ;
943 4812 1002 4865 ut
1032 4808 1092 4863 in
1125 4810 1401 4865 omnibus
1431 4810 1725 4880 perfectus
1758 4809 2012 4866 invenia-

306 4895 401 4948 tur
427 4893 599 4949 homo
632 4893 748 4950 ille.

382 5070 618 5129 “Eccli.
671 5090 823 5143 xxiv,
883 5076 932 5129 4.

1014 5077 1238 5133 “Psal.
1294 5094 1560 5145 Lxxxvni,
1622 5079 1710 5135 11.

310 5143 520 5201 Thess.
554 5160 606 5214 v,
632 5144 716 5198 15.

816 5145 861 5179 ²¹
893 5147 1142 5217 Marc.x,
1166 5150 1255 5204 2t.

386 5330 462 5401 (7)
492 5330 801 5405 Humiliter.
861 5330 968 5386 Ms.
1029 5332 1364 5405 Humilitate.
1426 5332 1494 5388 Et
1548 5332 1717 5403 paulo
1750 5336 1883 5404 post
1912 5350 2009 5405 pa-

312 5407 467 5474 ratus
485 5404 555 5457 sit
587 5420 688 5474 pro
718 5406 898 5472 parati
929 5410 1111 5458 estote.
1140 5403 1330 5460 Recte.

384 5471 462 5614 £8)
496 5471 859 5531 Hebdomada.
886 5475 991 5531 Ms.
1031 5475 1150 5531 heb.
1185 5478 1463 5532 continua.

408 5544 465 5614 9)
498 5546 702 5604 Primo.
737 5547 930 5603 Addit.
967 5564 1073 5603 ms.
1125 5551 1251 5603 ante
1279 5550 1460 5603 omnia

315 5544 702 5670 te'ggtPrimo.
737 5547 930 5603 Addit.
967 5564 1073 5603 ms.
1125 5551 1251 5603 ante
1279 5550 1479 5605 omnia.
1531 5547 1611 5603 Ex
1665 5562 1817 5617 mox,
1849 5564 2015 5621 quam

365 5631 514 5672 neat.

386 5687 502 5760 (10)
533 5688 767 5748 Noverit.
804 5691 959 5751 Idem
994 5694 1117 5751 cod.
1154 5694 1367 5751 noverit
1396 5708 1468 5750 se.

2124 4722 2267 4777 illud
2321 4724 2540 4779 dictum
2584 4723 2840 4779 terribile
2871 4740 2883 4776 :
2911 4723 3081 4777 Nolite
3139 4733 3510 4777 murmurare,
3540 4718 3682 4770 sicut
3714 4716 3831 4786 qui-

2122 4812 2248 4867 dam
2313 4828 2503 4869 eorum
2566 4822 3075 4879 murmuraverunt,
3144 4817 3197 4865 et
3261 4809 3326 4863 ab
3403 4810 3829 4863 exterminatore

2120 4903 2403 4975 perierunt
2456 4905 2525 4963 ".
2576 4903 2755 4961 Debet
2784 4904 2958 4961 etiam
3014 4900 3111 4973 qui
3162 4902 3371 4971 praest
3426 4898 3615 4965 Pater,
3683 4912 3828 4968 opus

1794 5077 2125 5153 "IIVTim.
2202 5098 2264 5151 ιι,
2286 5084 2375 5137 21.
2456 5082 2693 5141 “Rom.
2749 5100 2847 5151 xu,
2900 5084 2986 5138 12.
3067 5082 3111 5121 ¹⁰
3158 5082 3371 5153 Ephes.
3430 5099 3505 5151 v1,
3567 5083 3618 5138 lt.
3697 5078 3743 5114 ²⁰
3803 5079 3824 5133 Ι

1354 5150 1402 5184 ’ί
1428 5152 1553 5206 Act.
1588 5166 1674 5219 ui,
1709 5152 1759 5205 1.
1841 5149 1889 5185 ³³
1920 5151 2152 5224 Phillip.
2188 5149 2257 5225 ii,
2284 5155 2370 5209 14.
2448 5155 2494 5190 ²⁴
2524 5154 2547 5210 Ι
2579 5154 2703 5211 Cor.
2738 5172 2795 5224 Χ,
2834 5149 2918 5211 10.

2191 5338 2306 5409 (11)
2338 5340 2400 5395 Et
2429 5357 2568 5411 resp.
2624 5339 2730 5396 Ms.
2764 5346 2825 5396 ut
2854 5357 2995 5411 resp.
3059 5340 3188 5395 Mox
3218 5338 3370 5394 idem
3404 5338 3681 5411 ms._post
3738 5348 3826 5388 ve-

2118 5412 2389 5465 nientibus
2420 5409 2596 5467 addit.
2630 5430 2727 5467 nec
2754 5415 2864 5481 ipse
2893 5409 3099 5467 audent
3128 5428 3252 5466 cum
3284 5409 3650 5467 venientibus.

2190 5481 2586 5552 (12)Alicuius.
2619 5478 2807 5539 Addit.
2846 5501 2955 5541 ms.
3011 5486 3105 5540 ibi.
3139 5482 3315 5537 Paulo
3368 5487 3497 5550 post
3553 5478 3824 5538 recttitur,

2123 5552 2249 5610 loco
2280 5557 2616 5624 proferatur.

2198 5625 2312 5698 (13)
2345 5628 2615 5699 Idemque.
2651 5630 2733 5686 An
2768 5631 3048 5701 Itemque?
