4076 6280
302 333 418 391 975

1378 329 1485 391 SS.
1536 328 2067 393 MACARIORUM
2116 330 2215 391 ET
2260 330 2723 392 PAPHNUTII.

3694 329 3823 388 9'76

300 464 453 533 quod
488 464 817 520 faciendum
854 468 941 520 est
979 464 1077 519 uni
1128 464 1457 536 injungere,
1512 468 1577 520 ut
1623 466 1810 523 caeteri
1874 467 2000 537 ejus
2031 466 2085 532 Α
2114 465 2431 521 obtineant.
2484 466 2608 521 Non
2656 465 2853 521 licebit
2883 466 2953 520 de
2983 464 3093 520 alio
3134 463 3511 525 monasterio,
3562 462 3685 517 sine
3726 478 3828 517 vo-

298 558 582 625 praecepto
614 554 708 610 cui
740 553 1068 625 injunctum
1105 553 1293 621 fuerit,
1330 554 1535 611 fratres
1572 554 1852 612 ‘obediant
1872 554 1997 611 sine

298 640 557 711 querela.

970 749 1203 805 CAPUT
1230 750 1321 807 XI.

299 840 555 907 Qualiter
611 840 902 910 inﬁrmitas
958 842 1045 895 vel
1091 841 1429 911 passibilitas
1484 856 1774 912 corporum
1812 843 1880 897 ab
1936 856 1994 897 eo

641 914 732 983 qui
759 919 959 982 praeest
978 914 1145 968 Patre
1175 913 1537 983 cognoscenda
1566 917 1653 970 sit.

366 1000 425 1055 Si
485 999 616 1070 quis
675 1014 745 1053 ex
804 998 1077 1054 fratribus
1137 1016 1239 1069 pro
1294 1000 1533 1069 jejunio,
1578 999 1664 1055 vel
1725 1000 1995 1071 operibus

294 1105 575 1145 manuum
644 1105 906 1158 suarum,
980 1104 1105 1159 quae
1173 1089 1484 1159 Apostolus
1562 1091 1833 1161 praecepit
1879 1090 1996 1162 (14)

292 1182 587 1252 Operantes
616 1180 870 1235 manibus
901 1184 1126 1247 nostris,
1186 1196 1255 1235 ne
1287 1197 1447 1251 quem
1496 1190 1736 1237 vestrum
1790 1198 1996 1252 grava-

287 1284 475 1323 remus
508 1268 554 1302 ²⁵
581 1288 595 1337 ;
629 1268 678 1324 si
719 1269 768 1324 is
798 1268 898 1339 qui
933 1268 1064 1323 talis
1095 1272 1183 1323 est
1218 1269 1394 1323 fuerit
1424 1268 1765 1325 inﬁrmitate
1793 1270 1996 1325 obses-

283 1374 399 1424 sus,
422 1358 832 1429 providentum
881 1362 973 1413 est
1028 1358 1099 1413 ab
1160 1374 1226 1412 eo
1288 1358 1386 1429 qui
1448 1363 1680 1429 praeest,
1743 1358 1993 1428 qualiter

278 1447 740 1518 ipsainﬁrmitas
800 1450 1178 1503 sustentetur.
1238 1448 1401 1511 Quod
1460 1448 1507 1503 si
1583 1448 1857 1503 inﬁrmus
1908 1449 1994 1503 est

279 1538 475 1593 animo
510 1537 622 1606 (15)
656 1536 1001 1606 hujusmodi
1036 1536 1229 1604 frater,
1264 1539 1491 1607 oportet
1530 1552 1661 1592 eum
1726 1538 1992 1609 frequen-

2104 553 2327 610 luntate
2396 556 2521 624 ejus
2571 558 2777 625 praeest
2828 553 3039 622 Patris,
3097 552 3305 609 fratres
3365 551 3618 622 recipere
3669 551 3821 622 (22),

2104 645 2205 699 sed
2237 660 2342 699 nec
2371 644 2560 700 videre
2592 647 2852 716 'oportet,
2907 644 3131 699 dicente
3160 642 3428 714 Apostolo
3462 658 3476 697 :
3510 643 3666 715 Quia
3714 642 3831 712 qui

2099 733 2343 804 primam
2382 734 2541 803 ﬁdem
2598 733 2825 788 irritam
2879 734 3028 803 /ecit,
3088 739 3166 788 est
3212 731 3422 800 inﬁdeli
3452 731 3697 787 deterior
3740 728 3825 787 ⁸ο.

2105 823 2263 888 Quod
2296 824 2343 879 si
2378 827 2646 896 precatus
2675 824 2843 879 fuerit
2902 822 2971 877 ab
3021 838 3087 878 eo
3118 821 3220 894 qui
3272 829 3472 893 praeest
3524 821 3716 891 Patre,
3746 822 3823 875 ut

2102 912 2162 966 in
2193 912 2304 967 alio
2338 914 2688 969 monasterio
2730 912 3115 985 ingrediatur,
3146 912 3584 969 commendetur
3617 911 3687 966 ab
3740 926 3819 966 eo

2103 1000 2153 1056 ei
2178 1003 2277 1072 qui
2316 1011 2539 1072 praeest,
2574 1002 2672 1058 ubi
2722 1018 2849 1058 esse
2909 1002 3322 1069 desiderat;et
3370 1001 3454 1057 sic
3510 1000 3818 1072 suscipia-

2103 1094 2215 1146 tur.
2251 1092 2394 1148 Nam
2445 1093 2570 1148 sine
2605 1091 2905 1148 voluntate
2935 1092 3047 1163 (25)
3080 1091 3182 1163 qui
3231 1107 3478 1162 praeesse
3526 1091 3697 1147 debet
3744 1090 3815 1145 in

2104 1182 2454 1238 monasterio
2504 1182 2714 1247 Patris,
2768 1181 3102 1238 nullatenus
3155 1180 3292 1236 alibi
3342 1180 3653 1251 recipiatur
3693 1181 3825 1235 fra-’

2099 1276 2204 1328 ter.
2237 1271 2398 1335 Quod
2430 1272 2478 1328 si
2513 1272 2945 1344 praesumpserit
2979 1271 3118 1327 talia
3146 1271 3353 1340 facere,
3400 1271 3623 1327 noverit
3655 1286 3719 1327 so
3751 1270 3824 1326 in

2102 1365 2321 1435 synodo
2353 1364 2779 1435 episcoporum,
2814 1370 2909 1419 aut
2940 1362 2999 1418 in
3043 1367 3328 1418 conventu
3390 1361 3627 1417 fratrum
3671 1378 3825 1416 suo-

2103 1469 2231 1507 rum
2284 1454 2341 1507 in
2392 1453 2750 1509 audientiam
2810 1453 3047 1508 venire:
3098 1459 3153 1507 et
3211 1456 3353 1509 tunc
3416 1451 3637 1507 recedet
3687 1456 3829 1507 tan-

2100 1559 2279 1611 quam
2321 1543 2526 1612 junior
2574 1559 2737 1609 suus,
2792 1543 2974 1599 donec
3017 1541 3088 1597 ab
3119 1557 3185 1597 eo
3232 1540 3326 1597 cui
3366 1540 3641 1611 injuriam
3683 1542 3829 1597 fecit

281 1626 399 1682 tius
455 1626 706 1699 operari,
757 1626 1178 1682 considerando
1246 1626 1587 1697 Apostolum
1621 1626 1689 1696 π,
1743 1626 1991 1697 qualiter
2098 1632 2327 1687 veniam
2362 1636 2556 1703 petat;
2590 1635 2653 1688 ut
2701 1648 2814 1687 non
2859 1646 2958 1701 per
2995 1630 3182 1703 ipsius
3212 1630 3417 1686 vitium
3450 1629 3546 1685 alii
3608 1630 3819 1701 despi-

280 1732 492 1787 corpus
551 1731 720 1772 suum
764 1715 1027 1772 servituti
1087 1716 1316 1787 redigit.
1377 1716 1493 1772 I-loc
1536 1720 1728 1772 autem
1791 1716 1989 1773 obser-

2095 1723 2327 1779 ciantur
2357 1722 2581 1777 Patres.
2616 1722 2718 1778 Ille
2748 1738 2884 1778 vero
2942 1720 3264 1777 monachus
3305 1729 3551 1792 quantos
3599 1721 3813 1777 fratres

278 1806 534 1861 vandum
594 1808 701 1873 est,
737 1810 803 1862 ut
855 1806 913 1861 in
963 1805 1123 1862 nullo
1183 1805 1537 1863 voluntatem
1584 1823 1748 1862 suam
1787 1806 1983 1863 facita.

2180 1813 2290 1869 alio
2327 1812 2682 1869 monasterio
2733 1812 3043 1878 invenerit,
3077 1814 3269 1868 tantos
3309 1827 3370 1867 se
3420 1812 3644 1867 noverit
3710 1812 3824 1867 ha-

288 1896 404 1953 ille.

984 1987 1131 2043 CAP.
1167 1986 1288 2043 XII.

283 2080 532 2148 Qualiter
583 2077 781 2149 ofﬁciis
838 2079 1041 2131 mutuis
1086 2093 1141 2131 se
1194 2080 1396 2146 fratres
1462 2078 1806 2148 praeveniunt
1849 2076 1987 2147 (16).

359 2170 416 2223 Si
440 2168 804 2239 congregatio
852 2167 1032 2223 multa
1077 2170 1185 2235 est,
1220 2166 1389 2223 debet
1433 2168 1481 2222 is
1523 2167 1621 2239 qui
1656 2174 1861 2238 praeest
1892 2165 1994 2221 Pa-

294 2262 404 2327 ter,
460 2257 766 2328 disponere
820 2256 1319 2323 hebdomadarios,
1378 2260 1434 2312 et
1492 2257 1753 2312 ordinem
1817 2254 1991 2312 ofﬁcii

297 2362 411 2418 quo
459 2346 570 2402 sibi
623 2347 870 2403 invicem
918 2348 1235 2403 succedant
1273 2349 1343 2402 ad
1404 2347 1858 2403 ministrandum
1896 2363 1909 2401 :
1941 2350 1998 2403 et

297 2438 604 2493 decernere
627 2436 795 2492 debet
819 2436 917 2493 ille
964 2438 1103 2507 (17),
1136 2438 1430 2510 quomodo
1463 2437 1669 2493 debeat
1711 2454 1858 2507 esse,
1898 2439 1997 2509 qui

300 2526 600 2582 cellarium
661 2526 909 2580 fratrum
970 2528 1283 2584 contineat.
1324 2527 1503 2583 Debet
1562 2526 1697 2582 talis
1747 2534 1997 2583 lautum-

300 2616 475 2669 modo
534 2613 687 2684 eligi,
723 2614 823 2683 qui
858 2613 1040 2683 possit
1089 2615 1147 2668 in
1178 2616 1453 2670 omnibus
1486 2614 1632 2685 gula:
1682 2631 1804 2670 suae
1852 2631 2001 2687 aug-

299 2703 664 2775 gestionibus
712 2701 1025 2767 dominari,
1067 2706 1124 2756 et
1179 2703 1505 2773 evangelico
1555 2704 1759 2760 ordine
1821 2704 2005 2759 fratri-

299 2795 410 2848 bus
439 2792 560 2848 suis
606 2791 825 2849 victum
866 2790 1193 2861 gubernare
1227 2808 1240 2845 :
1275 2792 1369 2863 qui
1404 2792 1608 2849 timeat
1648 2793 1811 2849 Judaa
1867 2811 2004 2850 sen—

298 2885 563 2952 tentiam,
625 2882 726 2954 qui
773 2883 845 2939 ab
901 2881 1069 2937 initio
1118 2881 1211 2937 fur
1261 2882 1371 2938 fuit
1430 2884 1493 2939 ’7.
1539 2884 1781 2941 Studere
1837 2885 2007 2942 debet

298 2978 399 3049 qui
432 2976 568 3032 huic
598 2975 788 3031 ofﬁcio
820 2976 1176 3045 deputatur,,
1212 2979 1275 3029 ut
1314 2976 1550 3031 audiat:
1585 2977 1724 3044 Quia
1750 2978 1847 3048 qui
1878 2979 2009 3033 bene

299 3066 728 3134 ministraverit,
779 3063 977 3120 bonum
1052 3061 1283 3133 gradum
1338 3064 1451 3137 (18)
1523 3066 1763 3136 acquirit
1793 3065 1874 3135 ἐς
1952 3070 2009 3121 et

301 3156 507 3212 animae
535 3172 653 3212 suae
716 3155 945 3209 lucrum
980 3154 1138 3209 facit.
1172 3152 1356 3209 Nosse
1405 3154 1621 3209 debent
1659 3156 1838 3210 etiam
1897 3155 2003 3211 fra-

299 3252 438 3312 tres,
474 3248 613 3317 quia
661 3244 948 3315 quidquid
1009 3243 1069 3298 in
1131 3244 1477 3299 monasterio
1526 3249 1825 3313 tractatur,
1886 3246 2003 3301 sive

299 3337 358 3389 in
387 3338 557 3399 vasis,
589 3334 705 3389 sive
750 3335 808 3388 in
844 3335 1229 3403 ferramentis,
1262 3335 1349 3390 vel
1383 3341 1583 3391 caetera
1625 3336 1843 3404 omnia,
1878 3352 2004 3392 esse

305 3422 687 3477 sanctiﬁcata.
720 3423 777 3474 Si
836 3421 963 3491 quis
1008 3424 1076 3477 de
1121 3424 1396 3477 fratribus
1451 3422 1673 3493 aliquid
1706 3424 2008 3495 negligen-

307 3517 391 3567 ter
423 3511 765 3575 tractaverit,
826 3517 1046 3578 partem
1078 3528 1139 3566 se
1191 3512 1401 3565 habere
1450 3512 1674 3566 noverit
1721 3529 1854 3567 cum
1908 3515 2007 3570 illo

309 3617 460 3669 rege,
491 3600 587 3669 qui
617 3599 676 3653 in
711 3598 865 3653 vasis
897 3600 1103 3653 domus
1163 3598 1263 3653 Dei
1295 3599 1670 3655 sanctiﬁcatis
1720 3616 1851 3656 cum
1884 3602 2007 3658 suis

308 3690 545 3743 bibebat
575 3687 932 3753 concubinis,
960 3692 1015 3742 et
1044 3687 1270 3757 qualem
1305 3690 1515 3743 meruit
1543 3689 2007 3764 vindictam(19).

308 3778 696 3833 Custodienda
725 3786 861 3832 sunt
891 3777 1001 3832 ista
1034 3786 1340 3849 praecepta,
1369 3786 1421 3833 el
1453 3794 1555 3850 per
1597 3779 1854 3851 singulos
1886 3782 2009 3837 dies

310 3870 366 3923 in
398 3885 566 3924 aures
599 3870 836 3925 fratrum
872 3868 1164 3923 recitanda
1195 3874 1355 3937 sunt,
1391 3878 1451 3924 ut
1483 3885 1596 3925 non
1621 3871 2008 3929 condemnen-

317 3972 409 4016 tur
438 3962 495 4015 in
529 3962 781 4032 peccatis
811 3960 956 4017 suis.

994 4069 1148 4125 CAP.
1183 4068 1331 4125 XIII.

312 4162 563 4230 Qualiter
595 4161 738 4217 inter
767 4177 824 4215 se
870 4162 1204 4214 monasteria
1242 4175 1427 4227 pacem
1456 4158 1677 4228 ﬁrmam
1707 4160 2012 4217 obtineant.

748 4234 897 4288 Alius
918 4234 1029 4302 (20)
1063 4234 1348 4286 Macarius
1378 4232 1522 4287 dixit
1553 4249 1566 4286 :

382 4323 665 4386 Quoniam
725 4325 933 4377 veritas
992 4327 1356 4393 protestetur,
1415 4338 1541 4393 qua:
1601 4322 1867 4378 dicitzln
1926 4338 2016 4379 ore

313 4415 547 4469 duorum
577 4415 660 4467 vel
692 4414 856 4466 trium
915 4414 1143 4465 testium
1170 4413 1335 4467 stabit
1381 4428 1538 4467 omne
1561 4413 1786 4468 verbum
1818 4414 1883 4481 9‘,
1917 4414 2012 4468 ﬁr-

316 4504 533 4560 manda
562 4520 697 4575 ergo
717 4507 806 4559 est
838 4503 1038 4573 regula
1058 4503 1324 4572 pietatis;
1388 4518 1490 4559 nec
1521 4504 1638 4575 (21)
1698 4505 2012 4560 tacendum

2100 1902 2232 1958 here
2264 1902 2505 1973 priores.
2553 1901 2669 1958 Nec
2702 1902 3124 1958 attendendum
3156 1904 3262 1968 est,
3296 1900 3395 1972 qui
3443 1900 3555 1956 fuit
3602 1908 3770 1957 antea
3799 1921 3817 1969 ;

2100 1994 2200 2049 sed
2226 1993 2591 2065 probandum
2626 1995 2733 2059 est,
2787 1991 2979 2063 qualis
3009 2006 3137 2047 esse
3192 1988 3453 2062 cmperit.
3483 1991 3815 2063 Susceptus

2101 2082 2259 2139 245
2294 2098 2424 2137 vero
2456 2082 2503 2137 si
2556 2081 2767 2136 habere
2798 2081 3029 2137 videtur
3058 2079 3299 2152 aliquid,
3333 2080 3454 2136 sive
3503 2082 3563 2137 in
3614 2080 3813 2149 rebus,

2104 2174 2222 2229 sive
2254 2172 2310 2227 in
2343 2172 2663 2239 codicibus,
2707 2172 2858 2227 ultra
2888 2172 2940 2227 ei
2998 2170 3291 2242 possidere
3340 2187 3455 2227 non
3490 2170 3709 2238 licebit,
3746 2178 3817 2227 ut

2108 2265 2294 2337 possit
2323 2279 2451 2319 esse
2483 2263 2795 2334 perfectus,
2828 2263 2982 2334 quod
3044 2262 3184 2317 alibi
3239 2278 3355 2317 non
3406 2262 3615 2334 potuit.
3646 2261 3815 2319 Resi-

2109 2355 2389 2412 dentibus
2420 2370 2551 2411 vero
2583 2354 2879 2419 fratribus,
2903 2352 2953 2409 si
3003 2352 3177 2407 fuerit
3202 2351 3401 2425 aliqua
3438 2353 3508 2409 de
3562 2353 3824 2425 Scriptu-

2110 2445 2192 2501 ris
2224 2444 2476 2512 collatio,
2522 2448 2579 2501 et
2627 2443 2798 2499 fuerit
2828 2458 2897 2498 ex
2927 2442 3019 2498 his
3045 2442 3159 2516 (24)
3189 2441 3325 2498 talis
3381 2443 3565 2499 scitus
3613 2460 3727 2498 non
3760 2444 3816 2499 ei

2119 2534 2313 2590 licebit
2363 2534 2587 2605 aliquid
2637 2534 2849 2602 dicere,
2909 2532 3023 2589 nisi
3083 2535 3434 2605 praceptum
3482 2542 3534 2589 et
3576 2532 3750 2590 fuerit
3784 2549 3820 2587 a

2112 2624 2278 2681 Patre
2303 2624 2442 2696 (25).

2825 2713 2975 2766 CAP.
2999 2709 3143 2768 XIV.

2114 2805 2364 2875 Idemque
2392 2821 2410 2859 .·
2466 2803 2718 2875 Qualiter
2774 2802 2961 2859 clerici
3017 2802 3248 2871 hospites
3304 2800 3615 2874 suscipiendi
3667 2809 3801 2857 sunt

2751 2877 2810 2927 in
2833 2877 3191 2927 monasterio.

2751 2892 2810 2929 ιη
2833 2890 3191 2930 ητοηαδτενιο.

2186 2966 2330 3022 Cum
2362 2965 2523 3022 omni
2582 2964 2904 3020 reverentia
2960 2968 3025 3018 ut
3083 2962 3341 3018 ministri
3400 2963 3638 3019 altaris:
3699 2979 3819 3019 non

2118 3055 2313 3112 licebit
2378 3055 2492 3110 nisi
2550 3056 2691 3126 ipsrs
2759 3054 3080 3108 orationem
3142 3052 3455 3124 complere,
3517 3054 3634 3109 sive
3676 3054 3831 3109 ostia

2120 3147 2261 3210 rius,
2311 3146 2431 3201 sive
2477 3146 2742 3201 minister
2776 3152 2862 3199 est
2895 3142 3097 3214 templi
3129 3142 3252 3199 Dei.
3301 3145 3464 3207 Quod
3525 3144 3573 3199 si
3632 3143 3824 3215 aliquo

2116 3252 2253 3290 casu
2285 3235 2486 3307 lapsus
2515 3240 2622 3303 est,
2656 3238 2712 3289 et
2742 3234 2799 3287 in
2832 3249 2897 3288 eo
2929 3232 3083 3304 quod
3115 3232 3330 3287 dicitur
3389 3233 3669 3304 probatus
3709 3234 3829 3289 cri-

2118 3327 2294 3391 mine,
2354 3341 2470 3379 non
2530 3324 2704 3380 liceat
2745 3323 2796 3379 ei
2845 3326 2977 3377 ante
3031 3337 3157 3377 eum
3194 3321 3293 3393 qui
3344 3326 3550 3392 praest
3602 3321 3829 3379 Patrem

2118 3415 2201 3470 vel
2239 3416 2567 3470 secundum
2627 3412 2937 3483 complere.
2973 3410 3128 3466 Nulli
3179 3412 3556 3483 permittatur
3616 3411 3833 3469 clerico

2120 3505 2177 3560 in
2208 3505 2561 3559 monasterio
2603 3502 2885 3569 habitare,
2921 3500 3033 3556 nisi
3092 3500 3142 3555 ei
3196 3502 3611 3557 tantummodo
3662 3519 3835 3573 quem

2120 3595 2319 3664 lapsus
2354 3593 2571 3664 peccati
2604 3592 2675 3647 ad
2719 3591 3102 3647 humilitatem
3162 3591 3422 3660 deduxit,
3455 3595 3512 3647 et
3564 3600 3648 3646 est
3705 3594 3839 3648 vul-

2121 3689 2398 3751 neratus;
2450 3689 2509 3736 ut
2567 3682 2625 3735 in
2687 3680 3039 3736 monasterio
3118 3679 3464 3734 humilitatis
3543 3681 3838 3738 medicina

2122 3781 2380 3830 sanetur.
2407 3771 2536 3826 Haec
2556 3770 2720 3826 vobis
2748 3770 3002 3825 tenenda
3023 3768 3336 3835 sufﬁciant,
3372 3770 3607 3835 fratres,
3643 3775 3843 3827 custo-

2123 3865 2337 3920 dienda
2366 3862 2733 3931 conveniant,
2760 3865 2815 3916 et
2845 3859 3004 3915 eritis
3037 3858 3582 3929 irreprehensibiles
3622 3860 3682 3917 in
3719 3878 3834 3933 po-

2123 3955 2259 4026 pulo
2294 3953 2414 4009 Dei.

2831 4039 2988 4096 CAP.
3022 4039 3135 4096 XV.

2356 4133 2608 4202 Qualiter
2634 4131 2805 4202 culpa
2834 4131 3179 4202 singulorum
3224 4128 3602 4187 emendentur.

2196 4224 2309 4282 Nec
2343 4226 2451 4279 hoc
2495 4223 2807 4279 tacendum
2854 4227 2962 4291 est,
3010 4220 3263 4292 qualiter
3318 4222 3506 4291 culpas
3564 4219 3835 4291 singulo-

2125 4334 2253 4374 rum
2308 4316 2731 4373 emendentur:
2764 4329 2863 4382 pro
2911 4310 3186 4381 qualitate
3218 4309 3403 4382 culpas
3450 4310 3561 4366 erit
3612 4326 3837 4366 excom-

2128 4407 2465 4465 municatio.
2535 4404 2677 4475 Ergo
2739 4403 2849 4457 iste
2925 4402 3067 4456 ordo
3129 4406 3414 4455 teneatur.
3475 4399 3530 4455 Si
3576 4399 3707 4467 quis
3754 4414 3828 4451 ex

2128 4499 2402 4554 fratribus
2433 4507 2762 4551 sermonem
2823 4490 3075 4547 otiosum
3124 4490 3405 4552 emiserit,
3445 4505 3510 4544 ne
3574 4502 3701 4541 reus
3744 4485 3823 4545 sit

311 4604 419 4667 est,
462 4598 708 4669 qualiter
763 4596 912 4651 inter
968 4611 1030 4650 se
1086 4595 1435 4651 monasteria
1493 4611 1693 4666 pacem
1783 4594 2011 4652 ﬁrmam
2044 4580 2090 4644 D
2124 4590 2379 4657 concilii,
2414 4580 2789 4661 praecipimus
2820 4598 2954 4639 eum
2996 4582 3241 4639 triduoa
3303 4582 3545 4639 fratrum
3589 4593 3828 4651 congre-

384 4744 481 4798 ²⁶Ι
541 4744 667 4800 Cor.
759 4759 834 4809 ιν,
898 4745 981 4799 12.
1062 4741 1160 4800 2“I
1217 4745 1351 4801 Cor.
1436 4757 1514 4809 1x,
1599 4741 1692 4797 27.
1767 4741 2006 4799 "Joan.

2183 4783 2197 4811 ,
2256 4737 2312 4793 6.
2390 4735 2434 4771 ³⁸
2467 4736 2510 4791 Ι.
2584 4731 2735 4789 Tim.
2817 4745 2902 4800 ut,

317 4814 366 4851 εο
400 4815 421 4869 1
452 4816 601 4873 Tim.
633 4834 686 4883 ν,
726 4817 811 4872 12.

390 4941 505 5011 (14)
539 4945 829 5015 Ρνιῑισϐμίε.
864 4944 966 4997 Ms.
994 4945 1257 5015 Priveepit
1287 4942 1488 4999 dicens.

2993 4729 3080 4785 13.
3159 4728 3205 4766 ’9
3251 4730 3462 4796 Matth,
3521 4743 3683 4794 xvut,
3744 4728 3832 4783 16.

2197 4934 2593 5010 (22)Rec_ipere.
2636 4932 2768 4988 Post
2796 4931 3057 5010 _verbum
3116 4931 3454 5010 huju_s_modi
3500 4930 3679 5010 _addit
3721 4944 3836 5010 _ms.

388 5002 504 5083 (15)
553 5002 779 5081 Quodsi
808 5015 1062 5084 inﬁrmus
1093 5002 1188 5070 est.
1227 5018 1430 5070 animo.
1493 5014 1596 5069 Ms.
1648 5013 1796 5081 Quod
1825 5016 1875 5069 si
1920 5012 2021 5083 ﬁr—
2128 5016 2178 5066 et
2206 5002 2317 5084 non
2348 5007 2520 5084 solum
2551 5020 2659 5084 non
2692 5006 2937 5084 recipere
2964 5019 3135 5084 {quas
3168 5005 3406 5084 quidem
3458 5002 3532 5084 ob
3566 5003 3834 5073 ejusdem

316 5102 439 5141 mus
456 5092 533 5139 est
567 5101 811 5155 corpore.

2129 5083 2289 5139 verbi
2337 5079 2740 5150 repetitionem
2791 5076 3030 5132 librario
3080 5076 3425 5144 exciderint,
3460 5082 3523 5131 ut
3580 5090 3650 5130 ex
3708 5089 3842 5130 con-

390 5138 506 5230 (16)
536 5138 1073 5214 Pra’heniant.'Post
1103 5159 1253 5215 hanc
1305 5174 1503 5214 vocem
1562 5157 1720 5213 addit
1751 5174 1861 5213 ms.
1922 5159 2022 5212 iste
2129 5159 2291 5230 textu
2342 5138 2543 5230 liquet.

320 5230 453 5287 ordo
486 5238 760 5286 teneatur.

390 5304 504 5374 (17)
535 5306 599 5359 Et
629 5305 918 5359 decernere
973 5301 1126 5358 debet
1182 5301 1303 5357 ille.
1330 5302 1461 5358 Haec
1517 5302 1759 5374 desunt,
1788 5302 1845 5357 in
1908 5317 2019 5359 ms.

320 5378 380 5429 Et
399 5373 604 5431 statim
639 5378 791 5431 idem
825 5375 950 5431 cod.
988 5376 1163 5446 qualis
1195 5376 1365 5429 habet
1398 5389 1500 5445 pro
1534 5373 1815 5445 quomodo.

358 5484 361 5487 λ
390 5449 502 5517 (18)
554 5449 815 5503 Gradum.
851 5448 952 5502 Ms.
984 5448 1221 5517 gradum
1250 5446 1358 5501 sibi
1386 5462 1505 5502 aea.
1753 5469 1755 5471 ί

420 5520 507 5590 19)
530 5520 746 5575 Meruit.
780 5522 882 5575 Ms.
914 5519 1205 5575 meruerit.

415 5591 505 5661 20)
534 5591 712 5648 Alius.
747 5592 853 5647 Ms.
877 5593 1019 5648 Item
1050 5594 1219 5653 alius.

390 5662 479 5736 (21
512 5662 637 5720 Nec.
670 5663 778 5722 Ms.
810 5665 916 5722 Nec
947 5664 1045 5721 hoc
1072 5673 1181 5722 tae.

2204 5226 2312 5297 (23)
2345 5216 2489 5278 Nam
2542 5221 2663 5297 sine
2727 5221 3013 5277 voluntate
3045 5219 3398 5297 _cset._IIaec_
3435 5221 3493 5297 et
3544 5216 3854 5287 sequentia

2134 5290 2314 5366 usque
2340 5296 2410 5349 ad
2434 5311 2517 5366 ea.
2551 5292 2803 5366 I_lle_vero
2835 5291 3155 5354 monachus,
3193 5292 3406 5366 desunt
3436 5290 3496 5344 in
3527 5304 3638 5343 ms.

2201 5358 2317 5455 (2'4)
2349 5368 2428 5421 Ea:
2459 5364 2610 5436 his].
2655 5364 2826 5421 Deest
2854 5366 3186 5438 praepositio
3236 5365 3295 5418 in
3329 5379 3440 5420 ms.
3501 5366 3556 5417 et
3603 5358 3852 5430 quidem

2133 5447 2398 5586 1.823215%:
2430 5511 2604 5586 Patre
2625 5508 2670 5579 ].
2705 5508 2815 5566 Ms.
2836 5508 2922 5586 (ab
2951 5508 3127 5586 eo_q_ui
3152 5510 3377 5586 prazest.
3412 5503 3511 5560 Hic
3539 5515 3679 5586 vero
3702 5500 3857 5559 desi-

2134 5571 2224 5642 nit
2250 5571 2430 5643 codex
2448 5582 2580 5639 Vat.
2605 5571 2796 5652 neque
2828 5582 2942 5639 tria
2972 5571 3177 5638 ultima
3207 5578 3396 5652 capita
3424 5571 3709 5648 agnoscit.
