4076 6280
236 406 348 463 977

237 641 302 682 eo
340 626 651 697 jungatur.
702 622 758 676 Si
806 636 939 676 vero
988 619 1198 691 aliquis
1232 618 1628 691 deprehensus
1674 620 1847 676 fuerit
1881 623 1938 676 in

237 714 380 782 risu,
408 713 497 769 vel
544 713 608 767 in
630 711 972 768 scurrilitate
1000 708 1310 775 sermonis,
1364 708 1515 765 sicut
1563 708 1643 764 ait
1690 711 1941 782 Aposto-

234 804 346 872 lus,
384 820 501 875 quz
536 802 605 858 ad
634 818 748 857 rem
780 817 891 857 non
936 800 1179 871 pertinet
1209 798 1566 869 3‘,jubemus
1596 799 1943 869 hujusmodi

234 896 476 949 duaram
516 892 1021 948 hebdomadarum
1072 890 1261 963 spatio
1317 890 1375 945 in
1424 891 1662 947 nomine
1716 891 1941 947 Domini

236 984 397 1040 omni
465 982 691 1055 ﬂagello
758 980 1109 1037 humilitatis
1176 980 1443 1049 coerceri,
1505 979 1731 1036 dicente
1786 984 1946 1053 Apo-

238 1073 384 1129 stolo
420 1090 433 1127 :
469 1074 529 1128 Si
567 1075 685 1145 quis
729 1074 911 1144 frater
959 1072 1278 1127 nominatur
1335 1069 1655 1132 iracundus,
1703 1074 1807 1126 aut
1844 1087 1941 1125 su-

236 1164 456 1235 perbus,
500 1170 599 1218 aut
636 1161 952 1227 maledicus,
994 1160 1140 1216 hunc
1179 1166 1375 1216 notate
1406 1160 1473 1216 ³³.
1509 1161 1577 1215 Et
1612 1177 1625 1217 :
1661 1160 1777 1217 Non
1807 1160 1947 1216 odite

237 1254 298 1305 ut
346 1252 661 1317 inimicum,
702 1250 792 1305 sed
841 1250 1102 1320 corripite
1142 1254 1205 1303 ut
1247 1250 1493 1317 fratrem
1544 1248 1606 1303 ³³.
1639 1248 1712 1303 Et
1740 1248 1800 1303 in
1832 1248 1945 1303 alio

244 1338 418 1396 colo:
452 1340 514 1395 Si
558 1340 680 1412 quis
714 1340 894 1410 frater
946 1340 1126 1409 fuerit
1169 1343 1482 1409 praeventus
1532 1339 1591 1393 in
1637 1338 1825 1410 aliqua
1853 1338 1946 1394 de-

240 1429 390 1496 licto,
430 1446 520 1486 vos
566 1431 668 1500 qui
706 1428 994 1499 spiritales
1013 1430 1158 1497 estis,
1208 1428 1471 1483 instruite
1520 1427 1839 1499 huiusmodi
1876 1428 1944 1499 3‘,

241 1523 299 1574 et
327 1519 599 1591 corripite
619 1520 887 1583 fratrem;
915 1519 998 1573 ita
1046 1523 1111 1573 ut
1143 1534 1244 1590 per
1282 1517 1627 1573 humilitatis
1667 1519 1948 1589 frequen-

247 1610 385 1665 tiam
420 1626 536 1666 non
587 1610 892 1682 reprobus,
943 1608 1046 1665 sed
1095 1608 1370 1680 probatus
1409 1609 1469 1665 in
1502 1610 1948 1682 congregatione

244 1703 597 1771 perseveret.

1516 397 1826 459 REGULA
1870 399 1978 460 AD
2025 372 2474 465 MONACHOS.

236 536 464 607 gatione
496 533 578 590 vel
638 531 926 602 colloquio
978 543 1108 585 esse
1157 527 1443 599 alienum,
1476 534 1541 583 ut
1571 529 1768 586 nullus
1801 546 1936 588 cum
1970 536 2024 602 Α

3629 384 3749 453 9'78

2727 532 2877 587 CAP.
2926 530 3071 585 XVI.

2277 649 2338 704 Ut
2376 648 2498 702 sine
2526 660 2884 718 personarum
2911 642 3215 712 acceptione
3244 638 3532 710 aequaliter

2746 716 3050 785 judicetur.

2124 809 2241 865 Hoc
2286 813 2419 865 ante
2472 808 2670 865 omnia
2710 804 3076 879 praecipimus
3124 801 3285 858 vobis
3343 800 3444 872 qui
3486 797 3624 854 huic
3666 797 3754 853 cf-

2054 899 2184 955 ﬁcio
2226 899 2505 971 praeestis,
2556 901 2623 953 ut
2670 910 2926 968 personas
2958 910 2991 949 a
3020 892 3185 947 vobis
3217 908 3333 947 non
3365 888 3751 960 accipiantur,

2054 988 2154 1043 sed
2204 987 2405 1060 aequali
2458 988 2667 1042 affectu
2734 999 2938 1041 omnes
2990 980 3331 1053 diligantur,
3379 982 3435 1032 et
3482 992 3582 1047 per
3639 990 3759 1030 cor-

2054 1076 2375 1146 reptionem
2415 1092 2620 1131 omnes
2671 1080 2986 1130 sanentur:
3029 1068 3168 1142 quia
3230 1066 3527 1139 aequalitas
3570 1064 3760 1136 placet

2055 1167 2210 1236 apud
2242 1166 2447 1235 Deum,
2481 1165 2711 1220 dicente
2740 1161 3029 1235 Propheta
3062 1175 3075 1215 :
3120 1159 3179 1213 Si
3210 1173 3331 1213 vere
3367 1155 3556 1227 utique
3596 1149 3761 1207 246

2045 1255 2333 1325 justitiam
2358 1254 2676 1327 loquimini,
2690 1253 2837 1325 juste
2850 1252 3101 1323 judicate
3122 1248 3233 1319 ﬁlii
3251 1247 3537 1303 hominum
3557 1242 3621 1296 ³⁸.
3644 1242 3761 1296 Nec

2055 1345 2233 1401 latere
2284 1362 2385 1401 vos
2432 1344 2722 1411 volumus,
2775 1342 2914 1413 quia
2958 1340 3058 1411 qui
3110 1355 3224 1393 non
3275 1333 3516 1405 corripit
3564 1347 3761 1388 erran-

2058 1440 2199 1503 tem,
2282 1436 2499 1490 noverit
2569 1448 2630 1489 se
2709 1448 2810 1503 pro
2878 1447 2943 1485 eo
3030 1427 3308 1484 rationem
3371 1423 3758 1480 redditurum.

2056 1526 2252 1581 Estote
2284 1523 2483 1579 fideles
2515 1526 2569 1578 et
2618 1520 2757 1577 boni
2804 1520 3065 1575 doctores
3096 1517 3166 1571 ad
3200 1528 3442 1571 omnes:
3489 1510 3760 1582 corripite

2056 1614 2354 1686 inquietos
2389 1629 2403 1669 :
2440 1612 2714 1684 suscipite
2763 1610 3045 1665 informos
3083 1624 3095 1662 :
3140 1606 3429 1678 patientes
3476 1604 3657 1658 estote
3685 1599 3754 1655 ad

2058 1720 2259 1761 omnes
2292 1718 2305 1758 :
2339 1707 2397 1758 et
2449 1706 2701 1774 quantos
2734 1698 2956 1755 fueritis
2999 1695 3228 1765 lucrati,
3265 1711 3364 1766 pro
3396 1692 3574 1747 tantis
3609 1706 3757 1745 mer-

2058 1794 2258 1850 cedem
2310 1792 2627 1865 accipietis,
2666 1793 2725 1847 in
2776 1789 3008 1846 nomine
3058 1786 3249 1842 Patris
3294 1788 3350 1841 et
3379 1784 3506 1838 Filii
3539 1784 3596 1838 et
3627 1780 3757 1851 Spi-

2060 1882 2205 1938 ritus
2235 1880 2445 1937 sancti.

314 2063 357 2098 ⁸¹
396 2061 602 2135 Ephes.
636 2080 689 2133 v,
726 2063 778 2118 4.
853 2062 901 2098 ³³
935 2063 957 2119 Ι
986 2063 1112 2120 Cor.
1146 2078 1201 2130 v,
1236 2064 1322 2118 11.
1398 2062 1445 2096 ³³
1479 2062 1527 2119 II
1558 2061 1758 2119 Thess.
1794 2079 1879 2132 in,
1914 2063 2001 2120 15.
2078 2060 2127 2097 3‘
2154 2062 2280 2118 Gal.
2313 2079 2390 2129 vr,
2426 2062 2475 2116 1.
2552 2059 2601 2093 ³⁵
2631 2058 2847 2116 Psalm.
2875 2073 3006 2125 Lvn,
3036 2059 3090 2110 2.

251 2243 3771 2271 Μ

1192 2376 1660 2463 REGULA
1722 2375 1969 2462 ALIA
2039 2377 2183 2465 AD
2263 2373 2844 2463 MONACOS-

908 2743 1299 2798 PREFATIO.

324 2833 470 2886 Cum
537 2831 926 2888 resideremus
981 2832 1040 2886 in
1088 2848 1268 2888 unum
1337 2831 1397 2886 in
1450 2831 1681 2887 nomine
1730 2830 1960 2888 Domini

252 2922 443 2976 nostri
481 2922 621 2976 Jesu
675 2921 905 2984 Christi,
961 2922 1279 2976 secundum
1319 2920 1693 2977 traditionem
1722 2922 1962 2978 Patrum

251 3012 599 3065 sanctorum
648 3011 928 3075 virorum,
978 3009 1166 3063 visum
1227 3013 1310 3063 est
1372 3009 1541 3063 nobis
1599 3010 1966 3066 conscribere

250 3099 344 3154 vel
407 3097 670 3169 regulam
712 3096 1003 3163 ordinare,
1037 3113 1160 3166 qua
1193 3097 1253 3151 in
1301 3098 1655 3153 monasterio
1698 3102 1965 3154 teneatur

253 3189 327 3245 ad
384 3189 700 3258 profectum
770 3188 1049 3253 fratrum;
1104 3192 1167 3241 ut
1218 3202 1405 3258 neque
1455 3204 1559 3242 nos
1609 3187 1963 3260 laboremus,

252 3294 451 3347 neque
499 3285 740 3333 sanctus
798 3277 1146 3348 praepositus
1225 3276 1325 3348 qui
1376 3277 1729 3332 constitutus
1778 3282 1863 3332 est
1907 3278 1966 3332 in

256 3370 387 3424 loco
439 3367 858 3423 dubitationem
902 3367 1159 3437 aliquam
1210 3367 1328 3438 pati
1379 3368 1555 3439 possit
1602 3384 1615 3422 :
1659 3371 1723 3422 ut
1767 3384 1970 3424 omnes

254 3456 578 3523 unanimes,
609 3457 764 3511 sicut
805 3456 1091 3527 scriptum
1138 3460 1245 3517 est,
1288 3460 1336 3511 et
1380 3472 1555 3511 unum
1579 3460 1873 3512 sentientes
1901 3458 1969 3529 ³⁸,

257 3548 515 3604 invicem
549 3547 925 3615 honorantes,
957 3563 1025 3603 ea
1056 3563 1183 3617 qua
1235 3552 1455 3603 statuta
1487 3552 1626 3603 sunt
1654 3566 1687 3604 a
1724 3548 1970 3605 Domino

243 3637 386 3708 jugi
422 3636 827 3692 observatione
856 3636 1214 3692 custodiant.

256 3745 418 3803 CAP.
453 3744 495 3800 Ι.
532 3776 599 3787 -
629 3746 703 3801 De
729 3744 1100 3819 unanimitate
1138 3745 1452 3814 charitatis,
1486 3750 1539 3803 et
1590 3744 1665 3803 de
1693 3745 1973 3819 diligendo

740 3833 804 3873 ac
832 3818 1261 3889 obtemperando
1295 3819 1499 3876 abbati.

335 3912 491 3964 Ante
540 3907 740 3963 omnia
788 3907 1071 3963 habentes
1139 3908 1505 3973 charitatem,
1557 3908 1974 3975 humilitatem,

260 3996 634 4070 patientiam,
678 3994 1211 4063 mansuetudinem,
1259 3995 1349 4049 vel
1399 4000 1603 4051 castera
1652 4014 1779 4067 quas
1813 3998 1977 4052 docet

1993 2746 2041 2811 B
2072 2742 2279 2799 Deum.
2314 2742 2374 2797 In
2394 2746 2678 2797 conventu
2702 2741 2963 2797 omnium
2997 2739 3197 2795 nullus
3222 2737 3423 2809 junior
3452 2732 3771 2806 quidquam

2073 2830 2189 2886 nisi
2238 2828 2631 2901 interrogatus
2679 2828 2972 2900 loquatur.
3032 2828 3311 2881 Caeterum
3365 2823 3414 2878 si
3464 2821 3596 2891 quis
3652 2815 3775 2871 vult

2075 2920 2533 2976 consolationem
2567 2921 2825 2989 accipere
2854 2917 2944 2973 vel
2974 2917 3213 2973 verbum
3237 2912 3456 2979 audire,
3483 2911 3774 2966 secretum

2076 3014 2132 3064 et
2161 3013 2557 3081 opportunum
2589 3012 2823 3078 tempus
2854 3008 3133 3079 requirat.

2074 3119 2229 3173 CAP.
2300 3119 2401 3173 III.
2461 3149 2527 3159 —
2607 3118 2669 3173 Ut
2721 3116 3031 3172 advenienti
3096 3113 3406 3185 peregrino,
3462 3106 3606 3161 nihil
3653 3102 3777 3173 plus

2147 3188 2405 3245 exhibeat
2437 3191 2579 3259 quis,
2621 3205 2787 3260 quam
2817 3203 3099 3243 occursum
3129 3184 3397 3239 humilem
3424 3189 3474 3236 et
3502 3193 3706 3249 pacem.

2148 3278 2492 3334 Advenienti
2556 3278 2859 3349 peregrino
2920 3275 3067 3331 nihil
3135 3273 3264 3345 plus
3327 3271 3552 3325 exibeat
3602 3279 3781 3337 quam

2080 3385 2330 3440 pacem:
2378 3368 2667 3439 reliquum
2720 3383 2835 3423 non
2887 3366 2965 3421 sit
3011 3364 3095 3419 illi
3141 3379 3277 3418 cura
3338 3360 3488 3414 unde
3536 3354 3780 3421 venerit,

2078 3476 2183 3531 pro
2222 3475 2335 3529 quo
2378 3460 2617 3525 venerit,
2664 3456 2753 3512 vel
2802 3456 3035 3528 quando
3085 3452 3489 3509 ambulaturus
3542 3445 3641 3510 sit,
3675 3458 3782 3498 nec

2082 3564 2145 3603 se
2171 3550 2380 3619 jungat
2412 3548 2485 3603 ad
2520 3546 2751 3602 fabulas
2782 3562 2914 3602 cum
2940 3545 3061 3600 illo.

2081 3656 2233 3712 CAP.
2266 3657 2360 3713 IV.
2394 3686 2462 3697 —-
2498 3657 2559 3713 Ut
2595 3662 2865 3726 praesente
2918 3655 3131 3726 seniore
3166 3648 3439 3721 psallendi
3464 3644 3784 3718 loquendive

2578 3724 2687 3782 non
2728 3727 2922 3781 habeat
2951 3724 3303 3793 facultatem.

2156 3818 2309 3874 Illud
2364 3832 2590 3888 quoque
2639 3814 3061 3871 observandum
3112 3816 3219 3878 est,
3264 3815 3328 3867 ut
3376 3813 3654 3881 praesente
3694 3822 3787 3863 se—

2084 3909 2250 3963 niore
2301 3921 2675 3977 quocunque,
2725 3904 2813 3959 vel
2878 3904 3236 3974 prmoedente
3287 3900 3347 3954 in
3387 3899 3589 3953 ordine
3631 3895 3785 3966 psal-

2086 3997 2267 4064 lendi,
2310 4012 2559 4067 sequens
2591 4010 2705 4049 non
2757 3993 2968 4049 habeat
3020 3991 3346 4045 facultatem
3396 3985 3672 4058 loquendi
3700 3983 3786 4039 vel

260 4089 515 4144 sanctus
553 4086 863 4155 Apostolus
885 4086 957 4151 ³⁷;
1011 4086 1087 4138 ita
1134 4090 1200 4139 ut
1240 4101 1409 4141 nemo
1439 4086 1759 4157 quidquam
1808 4102 1975 4143 suum
2006 4118 2057 4184 Ο
2087 4088 2311 4159 aliquid
2352 4084 2768 4158 praesumendi,
2801 4084 2915 4140 nisi
2949 4091 3171 4138 tantum
3213 4083 3260 4136 is
3311 4079 3413 4150 qui
3466 4078 3523 4132 in
3567 4076 3788 4142 ordino,

257 4176 548 4242 vindicet,
584 4175 708 4242 sed,
758 4174 911 4230 sicut
942 4175 1223 4244 scriptum
1256 4180 1346 4229 est
1376 4177 1435 4231 in
1466 4177 1707 4232 Actibus
1747 4182 1979 4248 aposto-

258 4268 485 4331 lorum,
520 4264 773 4319 habeant
826 4263 1022 4319 omnia
1072 4263 1405 4319 communia
1443 4264 1510 4319 ’3.
1563 4264 1662 4323 Ille
1717 4283 1849 4323 vero
1880 4267 1978 4338 qui

262 4355 625 4431 praepositus
655 4359 766 4421 est,
791 4353 892 4409 Dei
921 4352 1209 4423 judicium
1243 4358 1299 4409 et
1328 4354 1751 4411 ordinationem
1794 4373 1981 4412 sacer-

262 4449 429 4505 dotis
464 4447 523 4502 in
572 4446 843 4503 omnibus
874 4446 1100 4516 timere,
1147 4445 1387 4517 diligere
1418 4450 1475 4502 et
1503 4446 1778 4503 obaudire
1811 4448 1981 4504 debet

261 4537 601 4596 secundum
650 4535 991 4591 veritatem:
1049 4534 1183 4606 quia
1214 4535 1262 4589 si
1297 4534 1429 4607 quis
1479 4535 1645 4591 illum
1700 4540 1871 4607 putat
1918 4552 1982 4592 se

262 4642 571 4700 spernere,
603 4626 787 4681 Deum
833 4624 1075 4696 spernit,
1152 4624 1305 4680 sicut
1361 4625 1642 4695 scriptum
1692 4630 1781 4681 est
1824 4642 1837 4681 :
1881 4626 1984 4693 Qui

262 4734 364 4774 vos
396 4716 583 4783 audit,
633 4732 722 4771 me
758 4716 916 4772 audit
948 4733 968 4773 :
991 4722 1043 4772 et
1070 4718 1165 4788 qui
1196 4732 1281 4772 vos
1330 4717 1560 4787 spernit,
1596 4732 1684 4771 me
1720 4718 1931 4787 spernit
1963 4734 1983 4774 :

264 4809 319 4864 et
352 4805 457 4877 qui
481 4821 569 4858 me
596 4805 824 4875 spernit,
854 4807 1067 4876 spernit
1096 4822 1219 4861 eum
1266 4805 1363 4877 qni
1393 4822 1479 4862 me
1508 4807 1660 4861 misit
1688 4805 1757 4862 39.
1792 4806 1878 4861 Ita
1921 4811 1985 4862 ut

266 4897 407 4954 sine
439 4892 624 4965 ipsius
672 4895 971 4951 voluntate
1021 4895 1216 4950 nullus
1249 4896 1424 4951 frater
1463 4896 1787 4967 quidquam
1829 4904 1984 4968 agat,

265 4997 471 5056 neque
519 4982 765 5053 accipiat
813 4984 883 5039 ab
930 4982 1123 5054 aliquo
1173 4985 1416 5055 aliquid,
1461 5001 1649 5057 neque
1699 4988 1813 5056 det,
1880 5002 1987 5042 nec

267 5087 533 5146 usquam
564 5087 804 5143 prorsus
835 5074 1062 5128 recedat
1095 5075 1223 5131 sine
1253 5076 1453 5131 verbo.

2090 4182 2155 4235 ut
2212 4178 2433 4233 dictum
2493 4182 2602 4245 est,
2654 4176 2975 4248 praecedere
3016 4173 3266 4228 videtur.
3330 4169 3444 4224 Hoc
3490 4182 3673 4237 usque
3721 4165 3790 4219 ad

2090 4270 2279 4324 imum
2312 4273 2446 4324 ante
2493 4266 2691 4323 omnia
2739 4266 2795 4320 in
2824 4265 3103 4331 oratione,
3136 4277 3235 4317 seu
3270 4259 3330 4315 in
3360 4273 3550 4330 opere,
3580 4258 3699 4310 sive
3730 4254 3789 4308 in

2089 4374 2374 4431 responso
2405 4358 2597 4412 dando
2646 4356 2754 4412 erit
2804 4352 3174 4411 servandum.
3211 4350 3273 4407 Si
3302 4364 3436 4405 vero
3468 4344 3794 4416 simplicior

2090 4448 2290 4515 fuerit,
2335 4448 2422 4501 vel
2463 4445 2797 4518 impeditior
2851 4454 3138 4510 sermone,
3189 4443 3245 4497 et
3303 4437 3527 4495 dederit
3575 4435 3790 4499 locum,

2089 4537 2173 4593 ita
2237 4539 2476 4593 demum
2555 4551 2809 4607 sequens
2874 4534 3168 4607 loquatur.
3221 4532 3420 4587 Omnia
3484 4531 3677 4582 tamen
3733 4525 3794 4576 in

2090 4628 2360 4682 charitate
2387 4626 2528 4696 ﬁant
2558 4626 2624 4693 ιο,
2659 4641 2774 4680 non
2806 4638 2908 4696 per
2947 4621 3377 4680 contentionem
3410 4616 3497 4673 vel
3536 4614 3792 4685 aliquam

2093 4716 2629 4788 praesumptionem.

2094 4824 2246 4880 CAP.
2292 4823 2361 4882 V.
2400 4852 2462 4864 --
2502 4824 2575 4879 De
2612 4838 2778 4877 cursu
2834 4820 3124 4883 orationis,
3175 4826 3227 4873 et
3299 4814 3449 4871 horis
3504 4809 3793 4884 operandi,

2443 4910 2507 4950 ac
2532 4896 2601 4951 de
2629 4896 2965 4950 correctione
2991 4888 3447 4963 delinquentium.

2168 4990 2384 5041 Cursus
2448 5000 2583 5041 vero
2642 4984 2978 5041 orationum
3044 4980 3131 5038 vel
3190 4978 3576 5051 psalmorum,
3645 4971 3800 5028 sicut

2098 5074 2320 5129 dudum
2366 5076 2652 5129 statutum
2690 5078 2803 5141 est,
2851 5072 3005 5128 ultra
3034 5074 3267 5142 tempus
3292 5066 3449 5124 istud
3485 5060 3801 5120 meditandi

267 5185 442 5243 CAP.
476 5180 549 5236 II.
591 5210 660 5222 -α
714 5180 777 5237 Ut
803 5196 913 5236 non
942 5196 996 5235 se
1023 5180 1246 5247 fabellis
1276 5184 1437 5237 vanis
1488 5182 1797 5252 destruant,
1839 5190 1889 5240 et
1930 5192 1991 5242 ut
2100 5163 2492 5236 operandique
2532 5162 2875 5218 sonabit-ur.
2946 5164 3029 5217 Ῑΐει
3078 5156 3513 5252 ωθάξῐᾶῑίορθω
3549 5152 3805 5252 Ραδρεψῑ

463 5255 523 5309 in
553 5258 815 5308 conventu
852 5252 964 5307 nisi
990 5241 1364 5323 interrogatus
1386 5254 1508 5325 quis
1534 5241 1812 5327 loquatur.
1955 5241 1958 5242 ν
2101 5254 2332 5321 fratres,
2360 5257 2425 5309 ut
2455 5268 2640 5325 usque
2671 5254 2743 5308 ad
2776 5252 2976 5308 horam
3023 5248 3345 5307 secundam
3377 5245 3595 5315 legant;
3628 5241 3676 5296 si
3718 5242 3806 5293 ta-

350 5347 747 5403 Observantes
778 5341 954 5398 etiam
996 5342 1125 5407 hoc,
1161 5346 1225 5398 ut
1254 5360 1369 5398 non
1403 5360 1464 5399 se
1495 5344 1743 5400 invicem
1775 5345 1993 5402 fabulis
2103 5359 2235 5398 men
2287 5342 2452 5398 nulla
2500 5358 2674 5397 causa
2718 5340 3023 5409 exstiterit,
3064 5355 3180 5412 qua
3230 5349 3462 5393 necesse
3506 5331 3585 5386 sit
3626 5328 3803 5384 etiam

276 5437 455 5496 vanis
485 5434 813 5500 destruant,
846 5433 947 5488 sed
979 5432 1389 5503 unusquisque
1422 5449 1569 5503 opus
1603 5450 1773 5489 suum
1809 5434 1995 5490 medi-
2102 5434 2251 5489 247
2304 5433 2694 5505 printermissa
2742 5433 3119 5490 meditatione
3148 5426 3370 5500 aliquid
3402 5423 3524 5479 ﬁeri
3557 5422 3615 5476 in
3647 5434 3806 5476 com-

277 5534 443 5587 tetur
494 5527 550 5579 et
612 5522 919 5592 custodiat,
980 5527 1037 5578 et
1110 5523 1484 5594 cogitationes
1551 5523 1766 5581 habeat
1837 5527 1991 5597 apud
2026 5509 2075 5576 D
2106 5538 2308 5581 mune.
2336 5523 2474 5581 Post
2502 5526 2703 5583 horam
2746 5540 2877 5583 vero
2927 5523 3246 5583 secundam
3295 5512 3702 5585 unusquisque
3734 5508 3805 5567 ad

363 5709 415 5749 ³⁸
446 5704 699 5779 Philipp.
728 5720 794 5781 ιι,
822 5707 879 5769 2.
952 5703 1000 5741 ⁸⁷
1024 5704 1355 5775 Coloss.1u,
1388 5704 1577 5762 12-14.
1654 5704 1705 5743 ³⁸
1729 5708 1856 5766 Act.
1888 5724 1968 5779 iv,
1997 5709 2086 5766 32.
2165 5711 2212 5749 ³⁸
2238 5709 2259 5767 l

2165 5711 2212 5749 ³⁸
2238 5709 2375 5770 Luc.
2408 5724 2466 5780 ι,
2500 5708 2587 5770 16.
2666 5709 2712 5747 ⁴⁰
2752 5711 2776 5767 Ι
2807 5710 2934 5769 Cor.
2966 5721 3080 5778 nn,
3113 5704 3203 5765 14.
