4076 6280
322 341 438 400 979
1424 341 1534 400 SS.
1583 339 2115 403 MACARIOBUM
2158 341 2259 401 ET
2303 339 2738 403 PAPHNUTII
3710 335 3840 396 980

322 489 471 544 opus
493 487 666 528 suum
724 475 959 543 paratus
1001 473 1076 527 sit
1106 489 1118 526 :
1155 480 1208 528 et
1240 490 1425 543 usque
1457 474 1527 528 ad
1560 473 1761 530 horam
1804 493 2013 531 nonam
2053 476 2103 541 Α
2135 478 2498 540 necessitate,
2524 476 2621 531 sed
2651 474 2833 545 magis
2880 473 3015 529 vitio
3050 471 3485 544 procedendum
3520 470 3841 542 putaverit,

322 562 603 634 quidquid
646 563 972 633 injunctum
1021 564 1213 632 fuerit,
1280 566 1397 619 sine
1443 565 1889 622 murmuratione
1934 570 2017 624 vet
2128 565 2273 620 sciat
2303 583 2381 635 se,
2417 583 2546 620 cum
2598 566 2999 635 deprehensus
3034 564 3228 630 fuerit,
3278 561 3625 631 culpabilem
3662 560 3843 632 judi—

322 654 671 711 haesitatione
710 655 753 689 “
807 654 1083 723 perﬁciat,
1110 655 1259 709 sicut
1288 655 1455 709 docet
1493 662 1727 711 sanctus
1765 658 2017 729 Aposto-
2128 658 2396 724 candum,
2440 658 2577 726 quia
2628 673 2727 727 per
2777 672 2941 711 suam
2989 655 3405 726 negligentiam
3456 664 3507 709 et
3560 653 3705 708 alios
3772 652 3840 706 in

321 742 437 799 lus.
471 744 530 798 Si
561 744 688 813 quis
736 749 927 800 autem
978 747 1444 815 murmuraverit,
1478 746 1563 801 vel
1613 750 2017 805 contentiosus
2124 747 2333 800 vitium
2374 746 2570 801 mittit.
2613 747 2673 800 In
2708 745 2922 815 vigiliis
2971 745 3400 801 observandum
3455 748 3563 812 est,
3596 742 3839 812 quando

321 834 626 901 exstiterit,
659 839 757 889 aut
782 850 1077 905 opponens
1118 835 1173 889 in
1205 836 1396 906 aliquo
1428 838 1779 892 contrariam
1806 838 2019 908 {volun-

321 928 500 978 tatem
534 926 854 995 przeceptis,
886 925 1059 995 digne
1091 930 1383 981 correctus
1434 931 1548 982 tam
1584 927 1681 982 diu
1713 929 2018 998 abstineat,

320 1030 493 1084 quam
526 1013 622 1068 diu
672 1014 757 1068 vel
801 1013 984 1085 culpae
1016 1015 1266 1085 qualitas
1298 1018 1643 1087 poposcerit,
1676 1018 1763 1073 vel
1806 1036 1865 1074 se
1898 1038 2021 1090 poe-

320 1105 561 1159 nitendo
594 1104 982 1161 bumiliaverit
1037 1114 1207 1177 atque
1254 1108 1664 1163 emendaverit.
1717 1109 2019 1165 Correctus

322 1198 519 1249 autem
566 1210 681 1249 non
732 1196 944 1250 audeat
1004 1212 1253 1267 usquam
1304 1200 1583 1253 recedere.
1632 1198 1690 1253 Si
1726 1198 1855 1268 quis
1887 1216 2020 1255 vero

324 1283 393 1338 de
465 1283 759 1348 fratribus,
811 1284 899 1339 vel
951 1286 1048 1354 qui
1083 1287 1141 1339 in
1184 1289 1432 1341 oratorio
1464 1293 1621 1356 sunt,
1666 1288 1751 1343 vel
1800 1290 1897 1359 qui
1963 1290 2019 1344 in

324 1372 486 1426 cellis
526 1374 875 1439 consistunt,
927 1375 1051 1443 ejus
1101 1376 1281 1429 errori
1313 1378 1683 1443 consenserit,
1718 1377 2021 1449 culpabilis

325 1462 433 1517 erit
464 1466 634 1531 atque
666 1464 1258 1519 excommunicatione
1289 1466 1686 1536 dignissimus.

325 1550 475 1605 CAP.
508 1549 602 1603 VI.
627 1580 696 1590 —-
726 1553 804 1604 De
842 1552 923 1604 his
954 1551 1049 1621 qui
1078 1552 1147 1606 ad
1199 1570 1331 1623 opus
1364 1555 1457 1607 Dei
1504 1557 1662 1609 tarde
1709 1568 2018 1613 occurrunt.

394 1640 478 1694 Ad
547 1640 751 1695 horam
811 1657 941 1695 vero
1008 1642 1286 1697 orationis
1348 1644 1482 1698 dato
1550 1645 1717 1715 signo
1798 1649 1843 1702 si
1889 1648 2021 1719 quis

323 1748 437 1785 non
470 1730 667 1785 statim
715 1731 1103 1801 praetermisso
1134 1732 1292 1787 omni
1324 1750 1491 1803 Opere
1523 1736 1678 1805 quod
1712 1737 1831 1807 agit
1862 1737 2025 1808 (quia

324 1820 470 1875 nihil
528 1820 773 1876 orationi
832 1824 1283 1891 praeponendum
1353 1826 1463 1894 est)
1532 1833 1763 1894 paratus
1830 1828 2021 1895 fuerit,

322 1911 478 1966 foras
508 1912 848 1967 excludatur
870 1913 1337 1969 confundendus.
1369 1915 1611 1986 Operam
1646 1932 1775 1971 vero
1804 1918 2023 1973 dabunt

323 2000 539 2073 singuli
598 2004 823 2069 fratres,
886 2008 948 2057 ut
988 2010 1244 2075 tempore
1286 2020 1400 2074 quo
1452 2006 1639 2060 missas
1681 2006 1794 2077 (26)
1852 2009 2022 2075 ﬁunt,

323 2091 441 2148 sive
499 2094 612 2159 die,
664 2092 782 2147 sive
831 2098 1017 2159 nocte,
1070 2096 1304 2165 quando
1341 2095 1563 2148 diutius
1597 2096 1666 2149 ad
1700 2096 2023 2152 orationem

322 2183 597 2236 standum
629 2186 719 2236 est
766 2199 881 2237 non
933 2183 1222 2250 deﬁciant,
1273 2183 1359 2238 vel
1412 2186 1706 2254 superfluo
1740 2186 1891 2241 foras
1937 2203 2023 2241 re-

323 2271 567 2337 cedant;
618 2272 753 2340 quia
801 2272 1085 2342 scriptum
1133 2277 1221 2326 est
1271 2272 1327 2325 in
1380 2272 1687 2335 Evangelio
1741 2290 1752 2327 :
1803 2273 2024 2344 Oportet

323 2366 507 2415 autem
537 2376 747 2431 semper
775 2376 956 2429 orare,
1007 2369 1059 2416 et
1112 2378 1221 2415 non
1252 2361 1479 2432 deﬁcere
1510 2361 1573 2416 4’.
1609 2363 1675 2417 Et
1706 2363 1817 2419 alio
1850 2364 1972 2420 loco
2008 2381 2021 2420 :

320 2449 437 2504 Non
485 2451 805 2521 impediaris
852 2467 1013 2507 orare
1049 2468 1265 2523 semper
1314 2451 1381 2507 ‘3.
1416 2454 1470 2507 Si
1508 2455 1638 2523 quis
1672 2458 1863 2511 autem
1906 2473 2019 2510 non

2129 853 2333 891 omnes
2382 836 2755 905 conveniunt,
2806 836 3143 907 quicunque
3193 838 3465 906 gravatur
3516 848 3745 899 somno,
3778 834 3843 887 et

2129 927 2244 981 exit
2292 927 2467 993 foras,
2521 944 2635 982 non
2688 944 2749 983 se
2782 927 2990 982 fabulis
3035 930 3299 996 occupet,
3347 925 3445 980 sed
3496 923 3692 978 statim
3748 939 3843 977 re-

2127 1014 2261 1070 deat
2308 1016 2376 1069 ad
2430 1033 2578 1087 opus
2646 1018 2717 1071 ad
2784 1016 2937 1087 quod
2991 1016 3350 1070 convenitur.
3402 1014 3464 1068 1n
3514 1028 3839 1084 congrega-

2129 1104 2285 1160 tione
2317 1109 2509 1159 autem
2542 1106 2669 1176 ipsa
2698 1106 2794 1159 ubi
2828 1104 3061 1175 legitur,
3100 1120 3299 1159 aurem
3323 1119 3551 1174 semper
3579 1101 3652 1156 ad
3687 1099 3840 1156 Scri-

2133 1199 2327 1264 pturas
2359 1195 2633 1264 habeant,
2670 1200 2721 1249 et
2753 1195 3046 1250 silentium
3081 1196 3389 1250 observent
3421 1207 3640 1248 omnes.

2131 1304 2284 1358 CAP.
2327 1305 2448 1358 VII.
2506 1334 2571 1343 —-
2626 1305 2687 1359 Ut
2719 1303 2896 1373 frater
2946 1304 3043 1373 qui
3091 1319 3188 1369 pro
3230 1302 3479 1374 qualibet
3534 1303 3693 1367 culpa
3748 1317 3843 1354 ar-

2200 1378 2418 1447 guitur,
2448 1375 2775 1447 patientiam
2814 1376 3038 1435 habeat;
3068 1378 3120 1431 et
3150 1381 3210 1430 ut
3234 1375 3302 1429 ad
3343 1388 3587 1429 mensam
3616 1374 3842 1427 nemoto

2130 1459 2348 1519 quatur.

2204 1560 2317 1611 Hoc
2387 1557 2558 1611 etiam
2606 1557 2937 1613 addendum
3006 1556 3135 1622 fuit,
3207 1568 3266 1611 ut
3334 1556 3509 1611 frater
3564 1553 3663 1626 qui
3734 1570 3841 1625 pro

2133 1647 2390 1717 qualibet
2456 1647 2628 1717 culpa
2693 1649 2955 1716 arguitur
3031 1647 3121 1701 vel
3187 1646 3542 1717 increpatur,
3610 1645 3841 1714 patien-

2132 1739 2270 1791 tiam
2324 1737 2554 1804 baheat,
2597 1745 2654 1792 et
2686 1754 2799 1792 non
2850 1739 3196 1806 respondeat
3246 1736 3505 1806 arguenti
3541 1752 3553 1800 ;
3587 1736 3686 1789 sed
3721 1734 3842 1788 hu-

2058 1866 2102 1930 B
2134 1827 2319 1883 miliat
2366 1844 2427 1882 se
2478 1827 2533 1880 in
2594 1828 2869 1883 omnibus
2920 1829 3237 1883 secundum
3299 1832 3651 1898 preceptum
3727 1825 3844 1879 Do-

2137 1917 2281 1973 mini
2342 1916 2589 1972 dicentis
2632 1933 2645 1974 :
2708 1918 2846 1985 Quia
2918 1919 3056 1973 Deus
3097 1917 3403 1974 humilibus
3441 1917 3532 1972 dat
3570 1918 3843 1988 gratiam,

2133 2007 2377 2078 superbis
2420 2011 2601 2063 autem
2646 2006 2947 2062 resistit“.
3006 2011 3094 2074 Et,
3143 2008 3247 2076 Qui
3277 2024 3332 2063 se
3382 2006 3842 2061 humiliatexal-

2133 2099 2345 2152 tabitur
2396 2097 2459 2151 ιδ.
2506 2098 2613 2161 Qui
2648 2115 2781 2153 vero
2810 2098 3021 2169 saepius
3053 2103 3351 2167 correptus
3385 2114 3501 2153 non
3536 2114 3596 2153 se
3628 2113 3842 2151 emen-

2135 2186 2375 2254 daverit,
2414 2186 2770 2243 novissimus
2801 2187 2859 2241 in
2911 2190 3110 2245 ordine
3161 2188 3646 2259 starejubeatur;
3680 2187 3840 2242 sicut

2134 2276 2419 2331 Dominus
2473 2275 2660 2331 dixit:
2721 2276 2803 2331 Sit
2847 2277 2953 2331 tibi
3010 2278 3151 2333 sicut
3192 2279 3442 2332 ethnicus
3483 2282 3529 2332 et
3596 2277 3843 2348 publica-

2133 2383 2238 2419 nus
2266 2366 2330 2419 “.
2364 2366 2443 2420 Ad
2481 2381 2737 2420 mensam
2787 2373 2978 2422 autem
3023 2368 3353 2439 specialiter
3388 2366 3589 2422 nullus
3626 2367 3840 2437 loqua-

2135 2462 2241 2523 tur,
2278 2456 2387 2510 nisi
2412 2455 2508 2526 qui
2542 2460 2771 2526 praeest,
2805 2458 2887 2512 vel
2912 2458 3012 2528 qui
3042 2458 3432 2528 interrogatus
3462 2456 3652 2513 fuerit.

390 2594 434 2628 “
485 2595 730 2672 Philipp.
774 2602 839 2663 ‘n,
878 2597 963 2651 14.
1040 2595 1087 2630 ⁸²
1136 2596 1271 2652 Luc.
1324 2614 1487 2665 xvm,
1542 2601 1589 2653 1.
1666 2599 1712 2634 ⁸³
1760 2600 1933 2655 Eccli.
1982 2618 2020 2655 x

2179 2603 2261 2658 22.
2339 2604 2385 2637 “
2416 2603 2437 2657 Ι
2474 2609 2620 2660 Petr.
2668 2620 2723 2665 v,
2772 2604 2826 2659 5.
2905 2602 2950 2636 ⁴⁸
3001 2602 3138 2657 Luc.
3187 2618 3303 2672 xiv,
3356 2603 3443 2657 11.
3520 2602 3562 2637 ⁸⁸
3625 2601 3834 2657 Matth.

321 2682 484 2732 xvm,
512 2668 603 2722 27.

389 2792 503 2863 (26)
570 2792 756 2847 Missae.
828 2794 1241 2866 Orationesget
1296 2792 1549 2849 collectae
1599 2811 1724 2866 quae
1784 2796 1840 2850 in
1906 2796 2020 2853 ﬁne

318 2880 519 2919 versus
583 2883 612 2918 τι
676 2865 972 2919 sacerdote
1033 2864 1370 2919 dicebantur
1438 2864 1629 2920 dictae'
1686 2867 1884 2936 Missae,
1954 2886 2018 2924 eo

317 2937 471 3009 quod
527 2938 637 2992 Deo
695 2937 891 2993 missas
929 2936 1065 2992 sint.
1116 2937 1446 3008 Aliquando
1496 2939 1859 3009 accipiuntur
1910 2956 2014 3009 pro

316 3006 476 3066 horis
516 3008 813 3065 canonicis
861 3017 914 3065 et
961 3006 1246 3065 cursibus
1278 3006 1636 3079 nocturnisf
1671 3016 1839 3082 prout
1900 3006 2011 3068 hic.

2131 2801 2271 2857 Vide
2320 2804 2653 2857 Menardum
2706 2803 2775 2856 ad
2816 2802 3095 2857 Concord.
3144 2803 3343 2872 regut.,
3375 2816 3495 2872 pag.
3526 2801 3644 2866 331,
3686 2800 3822 2866 376,

2129 2872 2253 2940 377,
2294 2874 2387 2940 qui
2420 2874 2564 2928 alias
2608 2872 3024 2929 declarationes
3083 2874 3267 2930 affert.
3318 2873 3607 2937 Horarum,
3639 2873 3699 2927 in
3730 2873 3823 2926 ιη-

2129 2942 2254 2998 dict.
2289 2945 2494 3001 declar.
2526 2963 2579 3001 v.
2616 2946 2830 3001 MISSIE.

1152 3314 1634 3401 REGULA
1714 3315 2123 3402 TERTIA
2211 3317 2351 3404 AD
2435 3316 3004 3408 MONACOS-

804 3709 1035 3766 CAPUT
1054 3711 1100 3765 Ι.
1132 3739 1202 3750 -
1232 3710 1303 3766 De
1331 3710 1619 3766 conversis.

392 3803 536 3857 Cum
568 3800 628 3855 in
651 3799 885 3856 nomine
914 3800 1143 3857 Domini
1189 3816 1307 3856 una
1336 3816 1471 3855 cum
1504 3800 1776 3857 fratribus
1805 3803 2027 3858 nostris

319 3890 1116 3961 convenissemus,imprimis
1138 3890 1353 3961 placuit
1375 3894 1439 3945 ut
1462 3891 1661 3962 regula
1682 3895 1738 3947 et
1758 3891 2029 3948 instituta

321 3982 557 4038 Patrum
592 3997 693 4053 per
722 3982 987 4037 ordinem
1038 3981 1372 4052 legerentur
1404 3997 1417 4034 :
1453 3982 1668 4052 quibus
1699 3982 1864 4037 lectis
1899 3985 2023 4053 pla—

321 4073 462 4142 cuit,
485 4073 535 4129 si
566 4074 635 4128 de
666 4072 876 4128 saeculo
917 4071 1049 4143 quis
1080 4071 1140 4126 in
1174 4073 1526 4127 monasterio
1547 4073 1798 4129 converti
1831 4073 2027 4130 volue-

320 4162 418 4227 rit,
452 4161 651 4233 regula
680 4162 730 4216 ei
760 4160 1078 4217 introeunti
1103 4160 1353 4231 legatur,
1385 4164 1442 4215 et
1473 4176 1678 4217 omnes
1710 4166 1873 4219 actus
1905 4179 2029 4219 mo-

320 4250 560 4307 nasterii
591 4250 673 4305 illi
702 4250 997 4321 pateﬁant.
1032 4249 1193 4315 Quod
1225 4249 1271 4305 si
1298 4250 1498 4305 omnia
1520 4254 1651 4321 apte
1682 4253 2023 4323 susceperit,

323 4340 409 4395 sic
450 4340 626 4410 digne
672 4356 705 4394 a
752 4340 1028 4394 fratribus
1066 4339 1124 4393 in
1157 4339 1366 4395 cellula
1387 4339 1740 4409 suscipiatur
1770 4359 1784 4394 :
1818 4344 1945 4396 tum
1975 4342 2027 4397 si

324 4428 584 4498 aliquam
617 4426 677 4481 in
709 4427 981 4484 cellulam
1011 4428 1249 4485 voluerit
1281 4428 1490 4484 inferre
1522 4429 1931 4499 substantiam,
1966 4430 2025 4485 in

325 4534 528 4574 mensa
554 4521 809 4590 ponatur
851 4534 1045 4573 coram
1092 4517 1366 4574 omnibus
1418 4518 1708 4588 fratribus,
1750 4519 1910 4575 velut
1940 4536 2027 4575 re-

324 4609 457 4683 gula
498 4610 777 4667 continet.
832 4609 992 4673 Quod
1042 4609 1092 4666 si
1124 4614 1430 4681 susceptus
1462 4610 1650 4679 fuerit,
1687 4625 1800 4665 non
1833 4609 2026 4665 solum

324 4701 395 4756 de
451 4701 782 4757 substantia
838 4716 1012 4773 quam
1063 4700 1285 4768 intulit,
1332 4701 1432 4757 sed
1481 4701 1653 4757 etiam
1704 4715 1809 4756 nec
1849 4701 1918 4756 de
1966 4716 2029 4756 se

323 4789 449 4859 ipso
471 4791 541 4846 ab
574 4790 980 4861 illajudicabit
1011 4790 1171 4847 hora.

324 4881 476 4935 CAP.
520 4882 592 4936 II.
642 4912 711 4922 --
769 4884 834 4939 Ut
880 4882 1043 4938 abbas
1081 4883 1226 4938 nihil
1272 4884 1379 4939 sibi
1422 4886 1713 4955 proprium
1769 4883 2008 4939 vindicet

397 4969 609 5025 Abbati
652 4986 786 5026 vero
853 4971 1000 5027 nulli
1050 4972 1218 5028 liceat
1256 4972 1369 5027 sibi
1431 4973 1751 5044 quidquam
1798 4972 2028 5044 proprie

324 5059 641 5125 vindicare,
692 5074 825 5114 cum
869 5061 1065 5117 omnia
1120 5061 1237 5117 Deo
1282 5061 1533 5134 propitio
1579 5064 1639 5117 in
1689 5063 1847 5119 illius
1902 5080 2030 5118 ma-

326 5155 505 5206 neant
551 5150 856 5219 potestate.
906 5149 966 5203 Si
1015 5150 1150 5221 quis
1182 5166 1333 5219 vero,
1385 5152 1539 5221 quod
1590 5151 1647 5205 in
1690 5152 1892 5221 regula
1925 5152 2027 5221 ju-

324 5239 590 5297 nioribus
621 5236 979 5310 prohibetur,
1030 5238 1144 5294 sibi
1176 5239 1397 5312 aliquid
1430 5256 1500 5296 ex
1530 5240 1900 5297 successione
1930 5257 2031 5311 pa-

323 5336 579 5400 rentum,
613 5346 715 5387 seu
748 5329 1005 5401 quolibet
1035 5330 1249 5385 donato
1290 5330 1541 5387 retinere
1571 5329 2027 5403 praesumpserit,

323 5428 379 5479 et
432 5438 548 5479 non
596 5420 793 5478 omnia
837 5419 898 5474 in
938 5434 1249 5475 commune
1320 5422 1600 5490 posuerit,
1655 5438 1689 5476 a
1744 5420 2028 5477 fratribus

320 5517 616 5581 arguatur.
667 5511 723 5567 Si
770 5510 828 5566 in
877 5508 1014 5565 vitio
1047 5508 1389 5583 perstiterit,
1456 5510 1515 5567 in
1576 5510 1842 5573 notitiam
1890 5512 2013 5581 epi-

326 5603 485 5674 scopi
520 5603 804 5661 deferatur
839 5622 851 5661 :
886 5597 985 5672 qui
1034 5603 1086 5659 si
1133 5604 1204 5661 ab
1253 5603 1524 5678 episeopo
1574 5607 1871 5675 correptus
1917 5617 2022 5659 nec

325 5692 409 5751 sic
440 5695 860 5767 emendaverit,
892 5697 1236 5767 deponatur.

2350 3716 2502 3772 CAP.
2538 3717 2632 3772 ΙΙΙ.
2666 3748 2735 3757 -
2758 3719 2832 3774 De
2856 3719 3183 3775 vestimentis
3209 3724 3629 3775 monachorum.

2208 3804 2576 3862 Vestimenta
2599 3824 2730 3864 vero
2754 3808 3035 3864 fratribus
3061 3809 3482 3865 necessariaita
3504 3810 3687 3883 abbas
3712 3826 3839 3865 om-

2138 3893 2309 3950 nibus
2334 3895 2603 3951 ordinare
2633 3898 2820 3964 debet,
2855 3914 2981 3969 qum
3014 3898 3312 3955 monachis
3334 3900 3579 3954 deceant
3611 3915 3727 3954 non
3759 3899 3845 3953 di-

2137 3985 2312 4040 versis
2346 3985 2637 4041 coloribus
2668 3987 2869 4056 tincta,
2903 3990 3156 4058 exceptis
3191 3990 3413 4044 cuculis
3442 4006 3571 4061 qua:
3604 4006 3839 4059 compa-

2138 4079 2361 4142 rantur,
2410 4076 2455 4130 si
2494 4076 2705 4131 fuerint
2736 4079 2931 4149 nigrae,
2983 4079 3064 4133 uti
3096 4094 3194 4134 eas
3245 4080 3452 4133 debere
3500 4095 3838 4135 censemus.

2276 4173 2431 4229 CAP.
2468 4173 2561 4230 IV.
2594 4205 2657 4214 —
2693 4176 2756 4230 Ut
2786 4176 2945 4231 nulla
2974 4177 3175 4232 mulier
3204 4177 3270 4231 ad
3301 4179 3697 4233 monasterium

2480 4245 2564 4299 vel
2592 4262 2787 4316 agrum
2821 4249 3211 4304 monachorum
3251 4250 3487 4304 accedat.

2208 4331 2685 4389 Familiaritatem
2738 4336 3072 4405 mulierum,
3124 4342 3241 4393 tam
3290 4342 3621 4409 parentum,
3656 4353 3833 4407 quam

2136 4426 2541 4480 extranearum
2576 4442 2677 4495 pro
2726 4427 3105 4483 custodienda
3141 4430 3274 4495 vita,
3311 4429 3464 4486 248
3509 4427 3588 4483 vel
3621 4442 3833 4482 caven-

2136 4512 2225 4568 dis
2244 4512 2468 4584 laqueis
2498 4514 2811 4581 diaboli,ab
2829 4517 3102 4573 omnibus
3134 4519 3495 4575 monasteriis
3523 4515 3602 4571 vel
3632 4512 3824 4569 cultu-

2138 4602 2217 4657 ris
2241 4604 2656 4660 monachorum
2676 4623 2688 4673 ;
2709 4621 2805 4661 seu
2820 4606 3343 4678 frequentationem
3368 4605 3766 4665 monachorum
3789 4618 3825 4657 θ.

2138 4694 2508 4750 monasteriis
2530 4696 2879 4765 puellarum,
2902 4697 3057 4753 sicut
3077 4699 3277 4770 regula
3300 4700 3488 4763 docet,
3507 4694 3832 4768 prohibere.

2139 4796 2467 4840 censemus.
2517 4784 2713 4856 Neque
2755 4784 2875 4841 ulla
2925 4787 3137 4843 mulier
3178 4790 3426 4845 interius
3459 4787 3675 4843 atrium
3712 4798 3835 4838 mo-

2140 4872 2379 4927 nasterii
2436 4872 2660 4945 ingredi
2717 4874 2946 4931 audeat.
2991 4878 3151 4943 Quod
3190 4879 3240 4933 si
3289 4893 3422 4933 cum
3469 4874 3712 4932 consilio
3750 4870 3835 4927 vel

2138 4959 2434 5018 voluntate
2490 4963 2714 5021 abbatis
2770 4967 3188 5023 monasterium
3238 4966 3328 5023 vel
3373 4965 3611 5023 cellulas
3646 4979 3842 5019 mona-

2139 5049 2381 5107 chorum
2415 5055 2676 5123 quaadam
2710 5056 2885 5111 fuerit
2916 5057 3199 5129 ingressa,
3237 5056 3444 5112 merito
3477 5055 3623 5127 ipsis
3659 5054 3837 5110 abbas

2141 5146 2198 5197 et
2231 5158 2443 5199 nomen
2492 5145 2722 5202 abbatis
2772 5157 3031 5221 reponat,
3085 5153 3143 5205 et
3173 5149 3508 5205 inferiorem
3542 5164 3604 5205 se
3642 5145 3843 5203 omni-

2139 5230 2251 5287 bus
2282 5234 2636 5305 presbyteris
2667 5242 3035 5310 recognoscat
3077 5257 3091 5295 :
3124 5239 3260 5311 quia
3292 5238 3423 5295 talis
3447 5242 3655 5295 sancto
3684 5235 3847 5307 gregi

2140 5324 2398 5395 praeponi
2455 5325 2642 5395 debet,
2692 5329 2792 5398 qui
2842 5346 2940 5385 eos
2986 5330 3399 5386 immaculatos
3459 5330 3576 5386 Deo
3635 5327 3848 5383 offerre

2141 5417 2447 5484 procuret;
2495 5432 2609 5470 non
2648 5432 2753 5487 per
2798 5418 3089 5489 quaslibet
3133 5418 3560 5477 familiaritates
3607 5415 3845 5473 diabolo

2137 5503 2357 5560 sociare
2385 5505 2639 5565 festinet.

2134 5602 2290 5660 CAP.
2321 5603 2388 5660 V.
2437 5636 2506 5652 -—
2554 5609 2631 5663 De
2685 5606 2916 5665 lectione
2964 5619 3018 5667 et
3062 5614 3375 5683 operatione
3416 5608 3844 5668 monachorum.

2210 5691 2495 5754 Matutino
2559 5698 2709 5755 dicto
2793 5700 2997 5757 fratres
3068 5700 3306 5760 lectioni
3372 5703 3578 5759 vacent
3649 5716 3848 5770 usque
