4076 6280
268 298 391 359 981

1572 305 1888 367 REGULA
1930 305 2034 365 AD
2080 306 2537 368 MONACHOS.

3701 304 3822 361 982

263 434 340 488 ad
375 434 589 492 horam
624 436 949 492 secundum
977 451 990 491 :
1025 436 1073 492 si
1104 443 1291 493 tamen
1361 438 1523 494 nulla
1566 456 1747 495 causa
1766 440 2000 495 exstite-
2030 440 2082 505 A
2184 439 2340 493 CAP.
2371 440 2471 494 XI.
2500 470 2563 480 ——
2594 440 2656 495 Ut
2689 438 2854 492 abbas
2884 453 3007 491 cum
3038 437 3311 505 fratribus
3345 434 3561 504 reﬁciat
3590 437 3743 489 omni

261 520 367 590 rit,
400 540 522 596 qua
555 540 796 582 necesse
844 528 915 582 sit
972 527 1148 583 etiam
1207 528 1592 600 prastermissa
1620 528 1867 586 lectione
1892 530 1997 585 ali-

263 612 416 683 quid
451 615 584 671 fieri
618 616 678 671 in
710 632 1038 673 commune.
1076 619 1213 673 Post
1242 618 1448 675 horam
1472 620 1789 675 secundam
1815 636 1997 675 unus-

270 702 539 775 quisque
562 706 633 761 ad
684 722 828 778 opus
876 723 1044 763 suum
1092 712 1332 781 paratus
1364 709 1441 764 sit
1479 726 1659 780 usque
1690 711 1758 765 ad
1794 709 1994 765 horam

266 807 554 850 nonam:
624 796 778 867 quod
836 795 1169 867 injunctum
1215 797 1403 868 fuerit,
1469 798 1598 853 Sine
1676 816 1995 855 murmura-

266 880 429 938 tione
462 886 730 955 perficiet
760 885 824 942 ‘7.

266 989 428 1045 CAP.
466 992 568 1049 VI.
604 1025 669 1034 —
701 996 773 1051 De
806 995 888 1051 his
917 997 1018 1067 qui
1046 997 1114 1051 ad
1152 1012 1284 1069 Opus
1340 999 1437 1053 Dei
1469 998 1632 1054 tarde
1680 1003 1992 1054 occurrunt.

339 1102 432 1155 Ad
502 1102 704 1159 horam
762 1120 891 1158 vere
959 1106 1239 1163 orationis
1289 1107 1422 1161 dato
1491 1107 1677 1178 signo,
1720 1108 1821 1178 qui
1880 1124 1994 1163 non

258 1190 475 1245 statim
531 1193 922 1263 praetermisso
981 1195 1138 1249 omni
1207 1212 1381 1266 opere
1450 1198 1600 1266 quod
1646 1197 1767 1268 agit
1834 1196 1994 1267 (quia

268 1278 425 1332 nihil
493 1282 738 1337 orationi
796 1285 1246 1353 praeponendum
1297 1287 1405 1355 est)
1438 1290 1672 1356 paratus
1706 1286 1893 1353 fuerit,
1924 1287 1994 1339 ab

267 1367 497 1424 abbate
522 1369 608 1425 vel
642 1372 952 1442 praeposito
986 1374 1369 1444 corripiatur;
1401 1380 1458 1430 et
1511 1375 1625 1430 nisi
1695 1379 1993 1446 prostratu

265 1458 519 1513 veniam
552 1460 797 1529 petierit,
830 1463 1386 1518 excommunicetur.

568 1566 722 1620 CAP.
759 1566 875 1623 VIl.
910 1600 977 1607 --
1008 1570 1079 1624 De
1108 1569 1325 1625 silentio
1352 1571 1421 1625 ad
1451 1588 1719 1627 mensam.

342 1655 433 1707 Ad
494 1671 755 1711 mensam
818 1662 1013 1713 autem
1074 1659 1401 1729 specialiter
1453 1660 1650 1717 nullus
1705 1661 1998 1733 loquatur,

268 1743 389 1798 nisi
426 1745 533 1814 qui
567 1756 788 1817 praeest,
820 1748 905 1803 vel
938 1748 1037 1819 qui
1071 1748 1453 1821 interrogatus
1487 1752 1676 1808 fuerit.

389 1854 545 1909 CAP.
581 1855 728 1910 VIII.
754 1887 823 1898 -—
856 1859 917 1914 Ut
938 1858 1009 1912 ad
1031 1861 1335 1915 necessaria
1366 1863 1665 1931 quaerenda
1698 1862 1815 1917 bini
1850 1863 1932 1917 vel

892 1932 1035 1985 terni
1065 1933 1381 1986 mittantur.

352 2016 444 2069 Ad
482 2016 811 2072 necessaria
842 2020 1155 2089 quaerenda
1214 2020 1271 2074 in
1302 2022 1529 2087 cellula,
1554 2023 1675 2077 bini
1697 2024 2007 2095 egredian-

279 2108 384 2159 tur
437 2105 528 2160 vel
586 2108 734 2162 terni
796 2108 1137 2164 fratreszet
1192 2109 1271 2165 ita
1327 2109 1434 2180 illi,
1467 2111 1682 2182 quibus
1727 2113 2003 2179 creditur,

275 2210 397 2250 non
436 2195 541 2265 qui
573 2197 977 2254 verbositatem
1009 2207 1105 2253 aut
1136 2199 1333 2271 gulam
1365 2205 1682 2257 sectantur.

398 2303 559 2358 CAP.
601 2306 689 2359 IX.
725 2338 792 2345 —
828 2308 889 2362 Ut
916 2323 1189 2381 nusquam
1218 2310 1335 2362 sine
1362 2318 1634 2381 pracepto
1655 2313 1889 2367 senioris

965 2379 1341 2447 egrediantur.

358 2483 417 2537 Si
462 2481 597 2558 quis
644 2498 777 2539 vero
827 2487 989 2539 extra
1048 2484 1460 2541 conscientiam
1492 2487 1717 2541 abbatis
1746 2488 1831 2542 vel
1856 2505 2009 2559 prae-

290 2578 497 2648 positi,
547 2572 1017 2647 qualemcunque
1078 2574 1269 2631 locum
1349 2577 1669 2649 ingressus,
1716 2581 1863 2649 gulae
1922 2578 2010 2633 vel

290 2666 565 2724 ebrietati
624 2683 685 2721 se
743 2664 1085 2731 sociaverit;
1121 2670 1221 2721 aut
1266 2666 1311 2721 si
1372 2667 1429 2720 in
1502 2668 1765 2737 proximo
1826 2674 2015 2726 traus’

291 2759 538 2823 missus,
566 2773 667 2827 pro
722 2774 823 2813 sua
860 2756 1092 2812 levitate
1136 2756 1221 2811 vel
1293 2757 1453 2829 gula,
1494 2775 1609 2813 non
1671 2762 1867 2815 statim
1928 2777 2013 2816 ex-

291 2848 494 2916 pedita
542 2846 884 2900 necessitate
941 2847 1011 2900 ad
1069 2845 1273 2901 cellam
1332 2847 1601 2911 redierit;
1658 2865 1791 2905 cum
1850 2850 1909 2905 in
1954 2851 2011 2905 id

291 2934 527 2989 facinus
559 2934 731 2988 fuerit
798 2935 1079 3001 detectus,
1116 2939 1178 2988 ut
1212 2950 1463 2991 canones
1522 2936 1750 3005 docent,
1780 2944 1881 2993 aut
1914 2940 2017 2993 tri-

291 3025 464 3094 ginta
510 3022 717 3077 diebus
764 3038 798 3075 a
845 3024 1257 3079 communione
1314 3030 1635 3095 separetur,
1687 3032 1787 3081 aut
1843 3029 2019 3099 virgis

295 3130 489 3169 casus
510 3114 866 3169 emendetur.

2834 516 3093 580 tempore.

2184 601 2327 656 Illud
2370 616 2603 673 quoque
2650 598 2987 665 statuimus,
3040 603 3104 654 ut
3160 598 3399 653 abbates
3456 596 3615 653 omni
3672 600 3819 651 tem-

2107 706 2245 762 pore
2294 708 2428 747 cum
2479 690 2754 746 fratribus
2813 688 3128 745 reficiant:
3188 688 3328 759 quia
3393 703 3457 743 eo
3538 693 3818 757 tempore,

2106 796 2218 850 quo
2252 779 2455 833 fratres
2514 783 2615 833 aut
2655 795 2755 848 pro
2807 777 3161 849 negligentia
3209 792 3473 847 arguere,
3519 778 3618 830 aut
3650 773 3819 844 spiri-

2106 868 2249 923 tuali
2282 868 2493 923 debent
2540 884 2807 923 sermone
2864 868 3149 935 imbuere,
3175 865 3395 935 absque
3433 869 3587 919 certa
3618 877 3817 918 neces-

2107 958 2275 1014 sitate
2306 974 2367 1013 se
2401 974 2690 1013 removere
2722 974 2836 1013 non
2871 957 3101 1012 debent.

2211 1067 2364 1123 CAP.
2398 1066 2517 1121 XII.
2551 1096 2618 1106 —
2646 1067 2706 1121 Ut
2736 1066 2924 1119 nullus
2954 1064 3250 1120 monachus
3282 1065 3339 1119 in
3372 1064 3698 1131 inﬁrmitate

2355 1141 2563 1208 positus
2592 1143 2890 1208 parentum
2910 1137 3090 1191 studio
3121 1134 3551 1191 commendetur.

2177 1228 2236 1282 Id
2270 1227 2442 1282 etiam
2471 1244 2570 1294 pro
2603 1226 2981 1281 custodienda
3030 1226 3185 1280 fama
3231 1222 3562 1295 specialiter
3593 1220 3812 1276 statui-

2105 1334 2256 1383 mus,
2282 1322 2345 1371 ut
2375 1316 2572 1371 nullus
2607 1314 2927 1370 monachus
2978 1315 3039 1369 in
3088 1314 3429 1368 infirmitate
3478 1310 3704 1382 positus
3735 1326 3823 1365 re-

2106 1408 2242 1463 licto
2277 1407 2630 1461 monasterio
2664 1410 2967 1476 parentum
3025 1420 3265 1459 suorum
3300 1402 3495 1457 studio
3528 1416 3823 1455 commen‘

2108 1497 2316 1553 detur:
2350 1497 2488 1567 quia
2520 1496 2709 1567 magis
2742 1511 2875 1550 eum
2945 1493 3311 1549 saecularium
3353 1490 3819 1563 spectaculorum

2106 1588 2232 1643 visu
2267 1593 2367 1642 aut
2398 1588 2596 1641 auditu
2660 1585 2841 1657 pollui
2897 1600 3220 1653 censemus,
3254 1600 3430 1655 quam
3482 1582 3555 1637 ab
3586 1580 3820 1651 aegritu-

2108 1678 2242 1733 dine
2276 1692 2441 1748 posse
2476 1676 2731 1747 purgari.

2324 1787 2479 1842 CAP.
2509 1787 2664 1842 XIII.
2697 1818 2767 1825 —
2798 1787 2870 1839 De
2901 1786 2985 1839 his
3006 1786 3100 1854 qui
3127 1786 3342 1851 furtum
3369 1782 3605 1852 faciunt.

2185 1877 2245 1931 Si
2276 1878 2399 1945 quis
2428 1891 2563 1931 vero
2598 1874 2916 1929 monachus
2947 1874 3165 1927 furtum
3191 1872 3407 1938 fecerit,
3442 1871 3595 1941 quod
3630 1869 3821 1940 potius

2114 1966 2481 2037 sacrilegium
2501 1966 2612 2019 dici
2648 1969 2857 2036 potest,
2890 1963 2949 2018 id
3003 1962 3341 2017 censuimus
3382 1960 3771 2014 ordinandum
3809 1974 3823 2025 ;

2117 2065 2177 2111 ut
2202 2055 2399 2125 junior
2432 2055 2609 2124 virgis
2642 2070 2824 2108 caesus
2859 2052 3000 2106 tanti
3051 2050 3316 2105 criminis
3358 2065 3490 2103 reus
3523 2062 3824 2115 nunquam

2118 2146 2373 2202 officium
2408 2144 2711 2199 cleriCatus
2752 2142 3002 2212 excipiat
3036 2158 3050 2209 ;
3082 2141 3129 2196 si
3162 2158 3293 2195 vero
3333 2141 3457 2209 jam
3490 2138 3734 2193 clericus
3765 2138 3823 2191 in

2118 2237 2172 2291 id
2198 2237 2418 2290 facinus
2468 2235 2636 2289 fuerit
2669 2233 3092 2305 deprehensus,
3124 2230 3378 2286 nominis
3410 2229 3598 2299 ipsius
3631 2227 3832 2299 digni—

2120 2330 2233 2381 tate
2262 2326 2511 2396 privetur
2553 2341 2565 2378 :
2602 2324 2693 2378 cui
2728 2325 2992 2378 sufficere
3025 2326 3212 2393 potest
3245 2338 3344 2390 pro
3378 2324 3542 2373 actus
3566 2317 3657 2372 sui
3699 2315 3835 2371 levi-

2119 2420 2261 2481 tate,
2287 2414 2527 2486 impleta
2560 2412 2907 2484 paenitentiae
2949 2410 3361 2477 satisfactione,
3402 2406 3757 2463 communio.

2120 2526 2273 2584 CAP.
2308 2524 2455 2581 XIV.
2486 2555 2556 2565 —
2589 2526 2651 2580 Ut
2682 2523 2870 2577 nullus
2900 2520 3134 2576 alterius
3157 2518 3487 2574 monasterii
3512 2515 3840 2571 monachum

2514 2596 2636 2651 sine
2656 2597 2927 2663 permissu
2948 2592 3164 2647 abbatis
3196 2590 3481 2660 suscipiat.

2196 2688 2543 2745 Monachum
2596 2686 2709 2741 nisi
2771 2683 2998 2739 abbatis
3030 2683 3120 2738 sui
3169 2686 3269 2736 aut
3302 2680 3587 2752 permissu
3626 2682 3839 2733 autvo-

2125 2781 2347 2837 luutate
2377 2778 2450 2833 ad
2481 2776 2635 2831 aliud
2671 2776 3088 2831 monasterium
3120 2772 3619 2842 commigrautem,
3642 2768 3842 2823 nullus

2126 2872 2307 2926 abbas
2330 2872 2431 2923 aut
2461 2866 2753 2937 suscipere
2784 2869 2882 2919 aut
2932 2866 3177 2919 retinere
3224 2865 3554 2933 priesumat.
3587 2857 3753 2921 Quod
3785 2857 3838 2911 si

2129 2961 2200 3014 ad
2223 2958 2638 3012 districtiorem
2673 2954 2934 3025 regulam
2968 2969 3084 3007 non
3136 2968 3236 3022 pro
3281 2960 3446 3004 actus
3478 2949 3566 3003 sui
3599 2947 3841 3001 levitate

2131 3047 2461 3101 tendentem
2522 3044 2700 3099 abbas
2747 3060 2889 3098 suus
2947 3042 3139 3110 ipsum
3174 3039 3247 3093 ad
3270 3040 3519 3093 alterum
3554 3040 3844 3091 monaste-

2133 3135 2283 3190 rium
2324 3134 2569 3188 transire
2600 3131 2946 3203 permiserit,
2969 3133 3034 3185 ut
3065 3129 3195 3183 inde
3230 3132 3427 3198 postea
3474 3126 3585 3180 sub
3645 3124 3842 3194 aliqua

428 3221 583 3276 CAP.
616 3222 690 3279 Χ.
721 3252 792 3261 —
812 3222 883 3277 De
905 3220 989 3275 his
1015 3225 1109 3293 qui
1135 3222 1198 3277 de
1227 3224 1561 3281 monasterio
1582 3228 1735 3281 exire
1762 3228 2017 3285 voluerit.
2056 3210 2107 3275 (ἶ
2137 3226 2438 3284 occasione
2467 3223 2699 3295 aggredi
2733 3223 3070 3294 praesumat,
3102 3218 3265 3274 nulla
3295 3217 3514 3272 ratione
3547 3215 3843 3287 permitti—-

377 3312 542 3374 Quod
577 3312 625 3367 si
676 3328 816 3367 casu
876 3313 1009 3383 quis
1067 3314 1238 3369 frater
1304 3316 1374 3370 de
1420 3314 1629 3371 cellula
1660 3333 1726 3372 ex
1760 3319 2022 3389 qualibet

301 3400 569 3457 scandali
639 3417 816 3457 causa
854 3402 1010 3457 exire
1057 3402 1323 3471 voluerit,
1380 3405 1528 3460 nihil
1601 3408 1832 3478 penitus
1897 3409 2013 3464 nisi

302 3489 694 3561 nugalissimo
768 3491 877 3559 (27)
944 3492 1223 3548 induatur
1286 3496 1650 3565 vestimento,
1728 3501 1785 3553 et
1857 3502 2017 3555 extra

308 3580 786 3637 communionem
818 3580 1072 3638 inﬁdelis
1095 3582 1376 3640 discedat.

386 3752 429 3785 ‘7
468 3751 717 3824 Philipp.
759 3769 822 3820 ιι,
866 3752 951 3807 14.

391 3925 503 3995 (27)
533 3925 915 3995 Nugalissimo.
968 3925 1028 3978 td
1078 3928 1167 3980 est
1223 3925 1379 3995 quod
1436 3925 1614 3980 risum
1671 3934 1892 3983 moveat
1924 3944 2020 3981 oc-

304 3997 698 4069 currentibus,
750 3995 1103 4069 interprete_._
1143 3995 1379 4066 Canglo,
1442 3997 1539 4067 qui
1568 3997 1751 4069 ﬁhunc
1821 3999 2017 4069 ipsum

302 4069 511 4123 recitat
542 4068 599 4122 in
652 4067 886 4121 Glossar.
947 4083 999 4138 v.
1056 4064 1512 4138 Nugalissimus.
1565 4068 1775 4123 Eodem
1842 4064 2017 4125 sensu

302 4139 712 4212 accipiendum
741 4137 1154 4195 notatissimum
1204 4140 1608 4210 vestimentum,
1640 4142 1810 4211 cujus
1847 4157 2017 4196 men-

2134 3332 2288 3372 mus.
2312 3320 2460 3371 Sane
2477 3314 2528 3370 si
2559 3315 2691 3384 quis
2723 3316 2853 3385 post
2881 3312 3033 3367 hanc
3054 3308 3563 3381 diligentissimam
3588 3304 3841 3361 sanctio-

2126 3421 2258 3460 nem
2291 3421 2406 3460 non
2436 3405 2739 3459 observare
2769 3419 2896 3473 quae
2926 3403 3067 3457 sunt
3118 3395 3384 3469 superius
3422 3394 3843 3467 comprehensa

2130 3494 2587 3567 praesumpserit,
2648 3510 2808 3551 reum
2867 3508 2929 3549 se
2973 3489 3299 3547 divinitatis
3357 3489 3575 3560 pariter
3624 3494 3679 3543 et
3726 3485 3843 3541 fra-

2132 3562 2422 3642 ternitatis
2446 3562 2673 3656 judicio
2704 3584 2967 3640 futurum
3001 3596 3133 3639 esse
3161 3584 3498 3653 cognoscat.

2129 3927 2209 3981 tio
2266 3928 2324 3980 in
2379 3925 2678 3994 superiore
2727 3924 2924 3989 regula
2985 3925 3042 3979 S.
3080 3924 3314 3979 Macarii
3366 3940 3491 3994 cap.
3552 3922 3643 3990 28,
3689 3923 3839 3992 quod

2128 3996 2461 4121 Halstenius
2511 3996 2951 4066 interpretatur,
2983 3998 3144 4067 parvi
3198 3997 3462 4051 momenti
3513 4009 3575 4048 ac
3630 3994 3844 4047 nullius

2128 4084 2194 4123 va
2220 4084 2348 4124 om.
