4076 6280
301 373 418 433 983

1633 373 1937 435 BEGULA
1986 371 2484 434 ORIENTALIS.

3701 371 3828 429 984

1192 664 1848 824 REGULA.
1947 663 2934 822 ORIENTALIS
3011 801 3032 820 .

1075 919 1175 978 EX
1248 919 1571 980 PATRUM
1648 918 2162 980 ORIENTALUM
2238 917 2565 978 REGULIS

2639 915 3040 976 COLLECTA

1452 1095 1508 1172 Λ
1593 1086 2037 1176 VIGILIO
2119 1085 2663 1173 DIACONO.

361 1466 511 1520 249
555 1467 594 1521 Ι.
630 1466 701 1520 Ut
731 1481 917 1536 neque
961 1466 1214 1521 seniores
1265 1467 1324 1520 in
1405 1467 1674 1535 regendis
1733 1465 2012 1520 fratribus
2043 1472 2092 1533 Α
2125 1466 2329 1521 fratres
2361 1464 2807 1536 intemperantia
2847 1464 3005 1519 illius
3047 1464 3328 1519 laborent.
3365 1462 3490 1518 Haec
3547 1464 3827 1520 observa-

292 1556 539 1610 inaniter
589 1555 873 1624 laborent,
925 1573 1108 1627 neque
1167 1555 1475 1626 disciplina
1536 1557 1843 1626 juniorum
1902 1572 1998 1608 va-

289 1644 466 1710 cillet,
499 1661 623 1717 quas
657 1646 887 1701 abbatis
937 1647 1372 1701 conversatione
1400 1646 1658 1701 stabilita
1691 1647 1861 1700 firma
1902 1644 1997 1709 sit,

287 1740 510 1806 oportet
560 1737 828 1792 abbatem
890 1737 1458 1809 irreprehensibilem
1529 1753 1676 1806 esse,
1709 1751 1997 1801 severum,

283 1825 622 1897 patientem,
657 1827 945 1898 jejunum,
977 1828 1163 1900 pium,
1188 1828 1471 1883 humilem
1507 1843 1520 1884 :
1555 1838 1619 1883 ut
1659 1827 1912 1885 doctoris
1944 1829 2001 1880 et

282 1918 462 1985 patris
520 1917 712 1974 locum
767 1918 1027 1990 impleat,
1053 1937 1114 1975 se
1179 1920 1369 1990 ipsum
1429 1920 1674 1975 formam
1735 1919 1999 1990 praebens

280 2005 564 2063 bonorum
595 2025 839 2081 operum
873 2009 940 2064 ιδ.
982 2011 1066 2066 Ad
1118 2011 1288 2080 cujus
1338 2011 1766 2066 ordinationem
1799 2025 2002 2064 omnes

281 2096 486 2153 fratres
535 2100 869 2170 respiciant,
905 2099 1048 2154 nihil
1119 2099 1244 2155 sine
1292 2101 1535 2155 consilio
1586 2099 2001 2155 etauctoritate

279 2184 468 2255 ipsius
526 2188 821 2244 facientes.
872 2189 978 2253 Qui
1024 2190 1323 2244 sustinens
1354 2189 1709 2245 'monasterii
1749 2188 1999 2244 necessi-

282 2280 452 2341 tates,
504 2278 573 2332 dc
617 2280 893 2334 omnibus
953 2297 1081 2349 quae
1132 2281 1189 2332 in
1251 2281 1604 2334 monasterio
1637 2283 1776 2334 sunt
1822 2279 2002 2333 libere

280 2363 604 2435 iudicabit;
647 2368 866 2423 nullius
899 2384 1206 2440 personam
1251 2369 1564 2439 accipiens,
1599 2385 1703 2424 nec
1734 2369 1836 2423 ulli
1866 2385 1999 2440 gra-

284 2452 420 2508 tiam
447 2461 769 2526 praastans;
805 2458 902 2512 sed
963 2475 1447 2530 unumquemque
1496 2459 1816 2514 secundum
1878 2473 1999 2512 me-

278 2542 386 2596 rita
410 2546 761 2614 quotidianae
809 2548 1266 2603 conversationis
1316 2549 1374 2604 in
1424 2549 1661 2604 veritate
1701 2547 1998 2616 judicans,

279 2633 609 2702 admoneat,
643 2636 930 2706 hortetur,
975 2637 1235 2708 castiget,
1299 2640 1644 2692 condemnet
1680 2653 1692 2690 :
1728 2636 1815 2692 vel
1875 2652 2000 2689 sus-

283 2723 478 2793 cipiat,
514 2729 569 2778 et
613 2727 693 2779 ita
759 2727 899 2780 utile
953 2728 1201 2791 videtur,
1226 2729 1521 2782 venientes
1571 2727 1641 2780 ad
1711 2730 1998 2780 monaste-
2029 2744 2073 2807 Β

277 2814 468 2880 rium;
505 2814 589 2868 vel
640 2815 852 2884 ejiciat,
888 2815 934 2870 si
991 2815 1074 2872 ita
1132 2816 1438 2870 necessitas
1489 2816 1680 2882 fuerit,
1717 2815 1867 2870 male
1891 2815 1990 2871 ha-

278 2903 556 2960 bitantes.

351 3048 424 3106 II.
459 3049 520 3105 In
555 3049 925 3118 monasterio,
967 3052 1226 3107 seniores
1277 3051 1395 3105 sint
1454 3052 1589 3120 duo,
1625 3052 1693 3106 ad
1726 3066 1871 3121 quos
1903 3049 1991 3105 vel

279 3144 564 3207 praesente
621 3139 828 3194 abbate
876 3139 961 3194 vel
1029 3140 1270 3196 absente
1315 3140 1574 3194 omnium
1623 3140 1864 3193 fratrum
1899 3137 1987 3192 di-

277 3230 547 3299 sciplina,
582 3235 637 3284 et
667 3231 859 3286 omnis
911 3248 1051 3287 cura
1099 3230 1435 3288 monasterii
1480 3231 1764 3301 pertineat
1796 3246 1808 3284 ε
1845 3229 1988 3283 dan-

276 3322 363 3373 tes
393 3320 501 3374 sibi
524 3320 678 3376 vices
712 3338 813 3391 per
842 3322 988 3389 dies,
1024 3327 1080 3377 et
1123 3322 1445 3377 dividentes
1487 3320 1639 3375 inter
1669 3336 1729 3375 se
1762 3322 1988 3390 pondus

278 3423 342 3462 ac
367 3411 769 3464 necessitatem
830 3413 1168 3467 monasterii
1203 3432 1216 3480 ;
1279 3427 1345 3466 ex
1404 3411 1621 3483 quibus
1663 3427 1813 3464 unus
1847 3415 1987 3464 tem-

277 3512 416 3566 pore
474 3515 579 3552 suo
631 3516 887 3567 praesens
939 3501 996 3553 in
1057 3501 1410 3556 monasterio
1467 3516 1696 3572 semper
1754 3500 1878 3565 erit,
1915 3499 1984 3553 ad

279 3588 672 3654 prestandum
741 3588 939 3642 abbati
989 3588 1285 3654 solatium,
1311 3589 1398 3643 vel
1429 3589 1776 3658 obsequium
1809 3588 1989 3642 adve—

275 3676 572 3730 nientibus
607 3677 883 3730 fratribus
915 3691 928 3743 ;
962 3681 1017 3731 et
1049 3677 1120 3731 ad
1169 3679 1593 3747 procedendum
1638 3678 1734 3731 ubi
1787 3694 1987 3732 neces-

276 3765 420 3820 sitas
480 3769 808 3824 communis
859 3769 1126 3838 exegerit,
1178 3775 1352 3839 atque
1418 3768 1776 3840 diligentiam
1837 3769 1988 3824 circa

269 3855 463 3911 omnia
523 3874 648 3928 quas
702 3859 771 3912 ad
807 3859 1208 3929 quotidianam
1250 3859 1576 3913 custodiam
1599 3863 1654 3913 et
1683 3875 1986 3914 conversa-

273 3946 487 4003 tionem
521 3951 855 4005 monasterii
917 3954 1208 4020 pertinent
1269 3951 1661 4008 adhibendam
1697 3969 1709 4008 :
1747 3957 1986 4021 utquae-

2107 1556 2191 1609 bit
2221 1555 2413 1610 senior
2463 1554 2806 1609 monasterii
2841 1555 2941 1625 qui
2995 1553 3273 1608 fratribus
3306 1554 3652 1625 praepositus
3701 1559 3824 1623 est,

2107 1647 2362 1701 referens
2423 1645 2495 1700 ad
2545 1646 2812 1700 abbatem
2869 1645 3084 1712 omnia,
3117 1643 3206 1700 vel
3259 1644 3544 1716 praecipue
3565 1645 3665 1701 illa
3695 1662 3828 1716 quas

2107 1753 2206 1806 per
2236 1753 2296 1792 se
2330 1753 2444 1791 non
2474 1735 2718 1791 valuerit
2745 1735 3053 1806 explicare.

2182 1869 2274 1924 IV.
2298 1870 2769 1925 Commendatum
2811 1868 3045 1939 aliquod
3087 1867 3259 1924 etiam
3290 1885 3322 1923 a
3351 1883 3628 1940 germano
3655 1870 3834 1925 fratre

2110 1959 2305 2014 nullus
2332 1960 2578 2030 accipiat
2610 1976 2622 2015 :
2659 1958 2804 2012 nihil
2838 1959 2898 2014 in
2927 1957 3069 2013 cella
3118 1975 3225 2013 sua
3273 1959 3491 2029 absque
3523 1959 3827 2030 praepositi

2103 2049 2367 2119 jussione
2389 2048 2683 2119 quispiam
2708 2047 2937 2117 habeat,
2964 2062 3036 2102 ne
3059 2063 3230 2120 poma
3254 2047 3491 2119 quidem
3515 2048 3830 2116 vilissima,

2109 2143 2164 2196 et
2196 2147 2396 2194 caetera
2430 2139 2859 2208 hujuscemodi.

2179 2265 2248 2323 V.
2278 2267 2595 2336 Operantes
2617 2281 2749 2320 vero
2768 2266 2978 2321 fratres
2999 2265 3145 2321 nihil
3171 2264 3493 2336 loquantur
3509 2266 3790 2322 saeculare
3814 2282 3829 2322 :

2109 2358 2210 2412 sed
2269 2361 2368 2412 aut
2418 2357 2767 2413 meditantur
2816 2373 2883 2412 ea
2931 2372 3058 2428 quas
3119 2360 3322 2412 sancta
3347 2361 3508 2425 sunt,
3541 2362 3642 2414 aut
3672 2363 3830 2415 certe

2110 2447 2391 2503 silebunt.

2180 2575 2271 2629 VI.
2307 2574 2414 2640 Qui
2439 2578 2633 2630 autem
2657 2574 2952 2645 coquinat,
2969 2576 3279 2646 antequam
3305 2574 3509 2630 fratres
3531 2575 3823 2644 reﬁciant,

2111 2681 2224 2718 non
2255 2664 2514 2735 gustabit
2545 2664 2891 2736 quidquam.

2176 2790 2296 2844 VII.
2330 2791 2508 2845 Nemo
2539 2791 2597 2845 in
2632 2792 2778 2847 cella
2820 2796 2919 2846 aut
2959 2791 3017 2845 in
3049 2792 3220 2848 domo
3254 2809 3360 2848 sua
3387 2793 3586 2847 habeat
3615 2791 3803 2863 quid-

2102 2896 2277 2951 quam
2321 2887 2526 2952 praater
2558 2898 2624 2938 ea
2663 2898 2786 2952 quae
2834 2882 2895 2938 in
2947 2883 3247 2939 communi
3297 2881 3624 2938 monasterii
3666 2881 3800 2952 lege

2104 2975 2394 3042 praecepta
2427 2973 2586 3030 sunt.

2169 3099 2318 3155 VIII.
2379 3101 2640 3171 Cumque
2697 3102 2767 3156 ad
2811 3102 3216 3157 dormiendum
3272 3117 3335 3157 se
3385 3100 3812 3169 collocaverint,

2097 3188 2240 3243 alter
2263 3190 2425 3243 alteri
2468 3207 2581 3244 non
2639 3189 2926 3260 loquatur.
2959 3192 3177 3247 Cellam
3215 3191 3479 3259 alterius,
3514 3191 3628 3247 nisi
3654 3191 3813 3262 prius

2094 3281 2164 3337 ad
2196 3282 2410 3335 ostium
2437 3281 2738 3352 percutiat,
2783 3281 3021 3336 introire
3053 3299 3166 3337 non
3199 3283 3430 3337 audeat.

2169 3407 2256 3461 IX.
2319 3406 2544 3462 Mutare
2601 3406 2670 3460 de
2734 3406 2822 3460 bis
2872 3424 2998 3478 quae
3059 3424 3092 3461 a
3150 3407 3452 3478 praeposito
3520 3405 3807 3477 acceperit

2095 3511 2226 3549 cum
2286 3497 2464 3550 altero
2525 3512 2640 3549 non
2702 3495 2954 3550 audebit.
3011 3495 3125 3550 Nec
3173 3496 3430 3566 accipiut
3486 3493 3719 3559 melius,
3753 3497 3812 3548 et

2096 3584 2259 3638 dabit
2290 3585 2582 3650 deterius;
2617 3589 2772 3639 aute
2805 3586 3092 3640 contrario
3152 3587 3298 3640 dans
3358 3585 3571 3639 melius
3618 3589 3676 3638 et
3707 3585 3811 3638 de-

2095 3673 2278 3727 terius
2302 3674 2619 3744 acciptens.
2652 3675 2832 3730 Nemo
2865 3676 2936 3731 ab
2971 3675 3150 3730 altero
3193 3675 3444 3745 accipiat
3475 3673 3811 3746 quidpiam,

2095 3761 2207 3816 nisi
2244 3765 2586 3833 praepositus
2622 3763 2880 3832 jusserit.

2168 3887 2234 3942 Χ.
2267 3886 2474 3942 Clausa
2523 3888 2670 3943 cella
2716 3889 2913 3944 nullus
2970 3889 3264 3957 dormiat;
3326 3905 3429 3946 nec
3469 3889 3688 3945 habeat
3718 3905 3812 3944 cu-

2097 3976 2357 4031 biculum
2381 3979 2531 4048 quod
2559 3977 2746 4032 claudi
2780 3979 2964 4049 possit
2997 3995 3011 4034 :
3043 3979 3151 4035 nisi
3194 3981 3337 4035 forte
3370 3981 3524 4035 aetati
3558 3979 3811 4051 alicujus

270 4053 499 4111 cunque
531 4041 599 4094 ad
633 4043 983 4113 obsequium
1017 4061 1306 4118 usumque
1347 4047 1683 4103 monasterii
1721 4045 1982 4101 facienda

2171 4064 2186 4118 l
2218 4066 2546 4121 inﬁrmitati
2566 4066 2733 4121 Pater
2765 4068 3104 4124 monasterii
3137 4071 3446 4125 concessit.

269 4137 425 4196 sunt,
456 4130 581 4186 sine
613 4132 959 4204 negligentia
992 4140 1049 4190 et
1095 4137 1331 4206 querela
1375 4138 1607 4192 faciant.
1654 4136 1816 4191 Alius
1847 4152 1981 4190 cum

269 4218 548 4276 fratribus
592 4224 721 4286 erit,
760 4231 1019 4296 tempore
1090 4243 1196 4282 suo
1236 4227 1493 4283 exiturus
1549 4244 1680 4284 cum
1723 4227 1867 4298 ipsis
1909 4229 1978 4281 ad

269 4311 466 4365 omnia
489 4329 663 4382 opera
694 4318 750 4368 et
799 4332 1031 4370 omnem
1087 4318 1515 4383 necessitatem,
1571 4319 1878 4389 providens
1911 4333 1981 4371 ne

267 4401 408 4470 quid
467 4407 668 4458 contra
715 4405 1087 4476 disciplinam
1149 4408 1382 4463 faciant.
1443 4409 1547 4472 Qui
1610 4408 1980 4463 considerans

265 4504 470 4545 omnes
546 4499 706 4547 actus
770 4494 1164 4566 singulorum,
1235 4499 1283 4551 si
1361 4514 1476 4568 qua
1542 4502 1742 4553 contra
1790 4499 1978 4552 ratio-

262 4595 395 4635 nem
461 4581 613 4638 facta
669 4581 897 4652 viderit,
932 4584 1018 4639 vel
1061 4602 1163 4656 per
1221 4602 1281 4642 se
1338 4589 1624 4656 emendet,
1659 4585 1748 4645 vel
1781 4587 1977 4642 abbati

258 4668 495 4728 indicet.

329 4797 428 4851 III.
464 4799 562 4854 Ille
613 4815 746 4857 vero
792 4805 893 4873 qui
946 4806 1270 4861 secundum
1311 4805 1576 4861 ordinem
1654 4804 1973 4874 disciplinis

265 4886 630 4944 ordinatione
660 4892 890 4947 abbatis
916 4910 985 4950 ex
1014 4896 1257 4951 consilio
1297 4900 1353 4950 et
1382 4896 1678 4952 voluntate
1709 4895 1973 4950 omnium

259 4976 504 5030 fratrum
564 4978 841 5036 fratribus
905 4985 1253 5055 praepositus
1313 4989 1422 5051 est,
1483 5001 1715 5040 omnem
1783 4985 1853 5038 ad
1914 5000 1974 5038 se

253 5082 452 5121 curam
509 5067 578 5121 de
637 5068 947 5140 disciplina
991 5075 1233 5130 fratrum
1289 5080 1344 5130 et
1375 5076 1736 5148 diligentiam
1771 5091 1974 5131 mona-

253 5155 412 5211 sterii
442 5156 762 5227 revocabit;
801 5159 1018 5216 habens
1051 5168 1396 5233 potestatem
1465 5166 1673 5220 abbate
1731 5166 1970 5219 absente

249 5244 719 5303 faciendiomnia
752 5264 877 5318 quas
919 5250 1099 5305 abbas
1150 5269 1408 5323 praesens
1446 5255 1603 5311 facit.
1641 5254 1740 5309 ille
1772 5258 1964 5308 autem

250 5339 610 5407 patientiam,
663 5340 1194 5407 mansuetudinem,
1260 5344 1674 5414 humilitatem,
1720 5345 1972 5400 charita-

247 5427 386 5494 tem,
419 5430 770 5501 aequitatem,
797 5431 923 5487 sine
980 5446 1357 5502 personarum
1408 5437 1744 5507 acceptione
1767 5452 1963 5492 serva—

2170 4195 2267 4249 Xl.
2302 4193 2482 4249 Nemo
2514 4213 2547 4250 a
2583 4198 2737 4250 terra
2769 4200 2954 4251 solvat
3012 4196 3338 4252 funiculum
3409 4197 3628 4267 absque
3682 4201 3813 4266 jus-

2096 4283 2258 4338 sione
2303 4287 2508 4354 patris.
2560 4285 2665 4348 Qui
2716 4286 2774 4340 in
2836 4287 3190 4341 monasterio
3228 4288 3472 4342 fratrum
3521 4288 3811 4342 invenerit

2096 4373 2438 4444 quidquam,
2466 4376 2806 4445 suspendat,
2833 4381 2892 4430 ut
2924 4376 3081 4431 tollat
3114 4377 3213 4447 qui
3244 4377 3588 4449 cognoverit.

2163 4499 2289 4554 XII.
2324 4500 2407 4553 Ad
2468 4499 2763 4556 collectam
2825 4505 2881 4558 et
2920 4503 2991 4556 ad
3043 4502 3411 4573 psallendum
3466 4500 3654 4556 nullus
3675 4501 3789 4554 sibi

2091 4591 2460 4645 occasionem
2521 4591 2802 4660 inveniat,
2863 4592 3076 4662 quibus
3134 4609 3192 4648 se
3252 4594 3407 4648 dicat
3452 4595 3786 4662 occupatum

2089 4679 2253 4749 quasi
2313 4680 2398 4734 ire
2459 4697 2574 4734 non
2625 4682 2825 4751 possit.
2860 4682 2928 4736 Et
2979 4682 3024 4736 si
3077 4682 3135 4736 in
3195 4683 3566 4748 monasterio,
3601 4679 3688 4735 vel
3735 4682 3797 4734 in

2088 4782 2246 4836 agro,
2308 4771 2409 4822 aut
2462 4767 2520 4822 in
2586 4766 2814 4834 itinere,
2873 4772 2974 4822 aut
3033 4769 3092 4823 in
3171 4770 3433 4840 quolibet
3479 4768 3801 4824 ministerio

2088 4856 2276 4923 fuerit,
2369 4857 2574 4911 orandi
2635 4862 2692 4912 et
2757 4858 3044 4929 psallendi
3113 4863 3348 4931 tempus
3403 4876 3518 4915 non
3570 4865 3801 4931 praeter-

2091 4946 2308 5001 mittat.

2154 5075 2309 5130 XIII.
2342 5074 2448 5138 Qui
2500 5075 2760 5132 minister
2818 5081 2922 5146 est,
2959 5078 3175 5136 habeat
3215 5081 3479 5136 studium
3548 5095 3622 5136 ne
3661 5079 3798 5151 quid

2083 5164 2275 5235 operis
2334 5169 2532 5235 pereat
2589 5165 2648 5220 in
2682 5168 3046 5224 monasterio.
3074 5169 3135 5225 In
3169 5169 3570 5242 qualicunque
3603 5169 3803 5225 omni-

2080 5271 2150 5310 no
2186 5262 2304 5309 arle
2365 5269 2489 5323 quae
2541 5261 2837 5312 exercetur
2868 5275 2900 5312 a
2941 5259 3245 5327 fratribus,
3281 5260 3326 5314 si
3358 5259 3498 5330 quid
3534 5258 3801 5330 perierit,

2082 5350 2136 5400 et
2194 5361 2293 5414 per
2337 5343 2744 5415 negligentiam
2823 5348 2995 5403 fuerit
3061 5350 3436 5420 dissipatum,
3469 5349 3804 5420 increpetur

2084 5453 2116 5489 a
2147 5434 2313 5489 Patre
2363 5434 2631 5488 minister
2689 5451 2923 5506 Operum
2960 5453 2974 5494 :
3008 5443 3064 5494 et
3113 5439 3234 5509 ipse
3295 5439 3504 5493 iterum
3536 5437 3802 5506 increpet

247 5516 462 5587 bit;ita
483 5537 680 5592 agens,
717 5526 782 5579 ut
837 5537 944 5579 nec
1002 5521 1192 5581 abbati
1250 5523 1493 5583 taedium
1553 5530 1806 5598 generet,
1861 5543 1964 5582 nec
2075 5524 2277 5591 alium,
2329 5523 2430 5594 qui
2475 5540 2621 5595 opus
2666 5527 3011 5596 perdiderit;
3048 5528 3333 5586 duntaxat
3383 5529 3553 5599 juxta
3583 5524 3805 5584 volun-

336 5696 384 5734 “
420 5697 535 5757 Tit.
578 5714 646 5774 ιι,
684 5699 739 5756 7.
