4076 6280
284 393 401 452 985

1617 375 1935 436 REGULA
1981 373 2470 436 OBIENTALIS.

3691 370 3811 432 986

287 527 462 580 tatem
495 524 552 576 et
583 513 1010 590 praescientiam
1061 510 1359 582 principis,
1383 509 1601 580 absque
1633 524 1749 579 quo
1795 507 1997 563 nullus
2030 514 2080 578 Α
2113 523 2278 562 suam
2308 509 2540 577 propter
2579 499 2986 556 verecundiam
3021 519 3032 551 :
3060 515 3132 554 ne
3180 499 3449 570 respiciat
3482 501 3660 572 dapes
3691 501 3814 557 lau-

284 609 620 683 increpandi
653 608 890 662 fratrem
922 601 1158 657 habebit
1188 603 1547 673 potestatem.

355 740 504 795 XIV.
538 736 594 789 Si
653 735 920 788 inventus
980 728 1153 783 fuerit
1202 743 1356 781 unus
1459 741 1487 779 e
1587 724 1862 778 fratribus
1886 723 1990 778 ali-

284 829 424 901 quid
452 841 549 898 per
581 820 1008 879 contentionem
1067 833 1265 885 agens,
1293 815 1381 870 vel
1426 812 1831 869 contradicens
1866 829 1989 866 ma-

277 917 425 988 joris
456 913 726 984 imperio,
752 907 1144 979 increpabitur
1186 908 1353 976 juxta
1413 920 1748 959 mensuram
1775 902 1991 973 peccati

286 1006 398 1062 sui.

356 1130 481 1187 XV.
528 1128 636 1194 Qui
674 1124 971 1191 mentitur,
1022 1125 1123 1178 aut
1181 1121 1314 1176 odio
1373 1135 1723 1192 quemquam
1783 1118 1996 1172 habere

286 1223 464 1278 fuerit
522 1218 948 1291 deprehensus,
981 1217 1083 1269 aut
1140 1211 1504 1277 inobedicns,
1537 1217 1633 1264 aut
1694 1209 1826 1281 plus
1864 1210 1997 1278 joco

289 1329 466 1384 quam
508 1312 822 1366 honestum
860 1309 949 1361 est
1006 1303 1258 1367 deditus,
1295 1308 1395 1357 aut
1443 1302 1686 1367 otiosus,
1724 1303 1825 1354 aut
1856 1299 1998 1352 dure

288 1401 674 1473 respondens,
719 1400 820 1453 aut
875 1394 1098 1450 habens
1157 1391 1643 1447 consuetudinem
1721 1390 1998 1443 fratribus

287 1489 651 1554 detrahendi,
685 1486 772 1542 vel
825 1485 918 1539 his
967 1485 1067 1554 qui
1101 1482 1239 1538 foris
1272 1491 1407 1535 sunt
1433 1497 1446 1548 ;
1472 1485 1528 1535 et
1551 1481 1789 1534 omnino
1821 1479 2000 1549 quid—

288 1581 429 1652 quid
485 1583 682 1634 contra
713 1574 970 1647 regulam
1020 1573 1452 1644 Scripturarum
1507 1574 1591 1625 est
1621 1574 1678 1624 et
1707 1573 1997 1623 monaste-

289 1671 362 1725 rii
392 1668 793 1740 disciplinam,
826 1668 881 1720 et
940 1662 1190 1718 audierit
1249 1662 1416 1716 Pater
1473 1657 1835 1726 monasterii,
1867 1658 1999 1712 vin-

287 1759 691 1828 dicabitjuxta
717 1769 1054 1812 mensuram
1086 1767 1349 1824 opusque
1382 1749 1623 1822 peccati.

362 1902 516 1958 250
542 1900 686 1956 XVI.
719 1899 775 1952 Si
803 1913 1006 1952 omnes
1060 1897 1266 1951 fratres
1314 1894 1568 1950 viderint
1620 1892 1994 1965 praepositum
2027 1890 2073 1955 B

290 1991 541 2049 nimium
572 1988 986 2060 negligentem,
1021 1994 1117 2041 aut
1150 1987 1296 2041 dure
1341 1986 1733 2055 increpantem
1767 1985 2000 2050 fratres,

291 2087 348 2140 et
379 2096 711 2137 mensuram
763 2076 1104 2134 monasterii
1162 2075 1834 2144 excedentem,referant
1891 2071 2000 2128 hoc

291 2173 551 2240 Patri,et
581 2173 651 2226 ab
702 2186 768 2225 eo
818 2169 1168 2238 increpetur.
1223 2167 1350 2237 Ipse
1407 2174 1594 2220 autem
1656 2164 1999 2235 praepositus

291 2263 440 2319 nihil
471 2262 666 2330 faciat,
701 2259 813 2314 nisi
845 2259 1000 2328 quod
1045 2257 1212 2312 Pater
1256 2257 1535 2326 jusserit;
1572 2256 1821 2310 maxime
1851 2254 1908 2308 in
1941 2270 2003 2308 re

292 2369 461 2409 nova.
533 2352 667 2414 Quae
723 2366 788 2404 ex
834 2364 992 2404 more
1049 2347 1370 2416 descendit,
1428 2346 1680 2403 servabit
1745 2345 2002 2418 regulam

292 2440 656 2499 monasterii.

365 2585 532 2642 XVII.
567 2583 923 2654 Praepositus
979 2598 1113 2637 vero
1145 2598 1259 2636 non
1293 2580 1628 2645 inebrietur,
1666 2596 1767 2636 nec
1810 2581 2007 2636 sedeat

293 2677 355 2733 in
388 2675 805 2731 humilioribus
859 2671 1020 2729 locis.
1055 2672 1136 2726 Ne
1169 2674 1395 2740 rumpat
1427 2670 1656 2725 vincula
1687 2687 1811 2740 quae
1852 2670 2005 2725 Deus

294 2768 356 2823 in
415 2765 556 2822 ccelo
614 2763 894 2830 condidit,
920 2770 978 2818 ut
1035 2762 1414 2817 observentur
1480 2762 1536 2814 in
1587 2760 1774 2815 terris.
1811 2759 1890 2816 Ne
1921 2758 2007 2813 lu—

297 2863 428 2929 geat
482 2857 540 2912 in
592 2855 684 2911 die
744 2857 888 2911 festo
970 2855 1198 2910 Domini
1263 2853 1622 2908 Salvatoris:
1677 2852 2010 2907 dominetur

300 2947 460 3002 carni
494 2963 636 3010 suae,
691 2947 852 3015 juxta
909 2961 1242 3000 mensuram
1297 2953 1652 2999 sanctorum.
1685 2945 1808 2997 Non
1850 2943 2008 2996 inve-

301 3037 499 3092 niatur
530 3036 586 3088 in
620 3033 861 3088 excelsis
909 3033 1220 3096 cubilibus,
1254 3034 1486 3086 imitans
1541 3048 1758 3085 morem
1818 3029 2006 3099 genti-

301 3126 467 3180 lium.
503 3126 624 3178 Non
657 3122 731 3177 sit
762 3121 1013 3192 duplicis
1046 3122 1200 3176 ﬁdei.
1225 3121 1348 3174 Non
1389 3125 1666 3190 sequatur
1697 3120 1887 3174 cordis
1920 3117 2007 3172 sui

298 3215 697 3289 cogitationes,
722 3211 822 3267 sed
862 3211 1049 3282 legem
1085 3210 1197 3265 Dei.
1249 3209 1370 3266 Non
1421 3209 1655 3264 resistat
1714 3207 2007 3262 sublimio-

300 3307 464 3360 ribus
516 3301 758 3357 tumenti
809 3300 1002 3354 aninio
1069 3299 1473 3368 potestatibus.
1507 3298 1588 3353 Ne
1638 3298 1865 3365 fremat,
1902 3314 2006 3353 nec

303 3393 512 3449 hirriat
560 3392 742 3445 iratus
791 3406 966 3460 super
1021 3389 1401 3454 humiliores;
1432 3403 1535 3443 nec
1567 3388 1876 3442 transferat
1907 3392 2013 3442 ter-

305 3485 497 3538 minos
529 3481 758 3552 regulze.
794 3484 916 3533 Non
975 3481 1050 3533 sit
1099 3479 1526 3543 fraudulentus,
1579 3493 1765 3547 neque
1823 3478 1881 3530 in
1924 3493 2015 3530 co-

307 3572 685 3644 gitationibus
741 3572 929 3625 verset
986 3567 1197 3633 dolos;
1249 3584 1352 3622 nec
1409 3567 1665 3637 negligat
1716 3570 2012 3636 peccatum

307 3665 513 3718 anima
545 3679 702 3727 suae;
739 3677 842 3714 nec
889 3659 1156 3714 vincatur
1213 3657 1403 3713 carnis
1460 3657 1707 3712 luxuria.
1745 3661 1867 3712 Non
1896 3672 2015 3710 am-

311 3754 469 3808 bulet
523 3754 902 3824 negligenter.
936 3749 1060 3803 Non
1111 3748 1381 3819 loquatur
1438 3749 1676 3802 verbum
1737 3748 2012 3802 otiosum.

311 3845 431 3898 Non
467 3847 645 3912 ponat
701 3838 1043 3894 scandalum
1095 3845 1224 3892 ante
1284 3839 1454 3907 pedes
1476 3838 1628 3892 caeci.
1660 3837 1786 3892 Non
1816 3837 2017 3892 doceat

309 3932 661 3986 voluntatem
696 3929 951 3983 animam
985 3943 1176 3980 suam.
1210 3926 1332 3980 Non
1366 3926 1689 3980 resolvatur
1720 3928 1840 3980 risu
1875 3927 2019 3980 stul-

296 4024 490 4074 torum
541 4035 604 4072 ac
659 4018 809 4086 joco.
863 4016 988 4069 Non
1052 4016 1311 4084 capiatur
1368 4031 1461 4069 cor
1492 4016 1619 4083 eius
1663 4015 1734 4067 ab
1795 4015 1884 4069 his
1918 4014 2016 4085 qui

299 4109 497 4176 inepta
555 4106 873 4177 loquuntur
939 4108 996 4157 et
1052 4103 1261 4157 dulcia.
1299 4103 1422 4159 Non
1455 4103 1721 4158 vincatur
1754 4105 2019 4159 muneri-

303 4201 448 4255 bus:
488 4214 599 4251 non
662 4193 1037 4266 parvulorum
1087 4209 1357 4248 sermone
1405 4194 1672 4251 ducatur.
1713 4199 1836 4249 Non
1870 4195 2014 4248 defi-

301 4288 494 4345 ciatin
520 4284 916 4342 tribulatione.
951 4288 1077 4338 Non
1121 4287 1369 4338 mortem
1404 4284 1625 4351 timeat,
1659 4285 1758 4339 sed
1790 4285 2014 4354 Deum:

301 4396 417 4435 non
451 4376 855 4450 praevaricator
876 4373 950 4429 sit
983 4377 1214 4444 prepter
1262 4374 1665 4429 imminentem
1721 4377 2014 4429 timorem.

299 4468 426 4524 Non
477 4467 768 4538 relinquat
826 4481 1031 4519 verum
1091 4463 1289 4518 lumen
1342 4467 1576 4535 prepter
1626 4463 1883 4518 modicos
1941 4464 2020 4518 ci-

304 4560 427 4615 bos.
480 4560 602 4612 Non
662 4560 825 4610 nutet
867 4571 930 4610 ac
985 4555 1227 4609 ﬂuctuet
1281 4555 1338 4608 in
1399 4553 1668 4623 cperibus
1711 4554 1855 4610 suis.
1888 4554 2014 4608 Non

2103 598 2263 651 tioris
2307 609 2567 648 mensae:
2629 608 2732 644 nec
2785 590 3029 662 pulchra
3086 591 3431 645 vestimenta
3482 591 3815 675 desideret;

2101 703 2205 741 nec
2239 702 2299 740 se
2350 682 2622 754 negligat,
2667 681 2766 735 sed
2827 697 3057 750 semper
3104 681 3379 750 dijudicet
3435 681 3814 752 cogitationes

2103 792 2254 829 suas.
2287 772 2413 827 Non
2461 769 2778 824 inebrietur
2827 768 2996 836 vino;
3033 769 3133 822 sed
3195 768 3513 823 humilitati
3547 771 3810 839 junctam

2101 864 2313 919 habeat
2370 860 2693 915 veritatem.
2729 858 2970 921 Quando
3016 857 3265 927 judicat,
3331 863 3609 927 sequatur
3664 875 3809 930 prae-

2103 960 2272 1025 cepta
2305 953 2597 1022 majorum
2629 957 2682 1004 et
2711 948 2899 1019 legem
2930 947 3052 1016 Dei,
3088 963 3214 1016 quae
3264 948 3321 1002 in
3344 953 3462 1004 toto
3497 950 3633 1005 orbe
3667 967 3816 1020 prae-

2104 1045 2300 1100 dicata
2323 1051 2426 1099 est.

2176 1170 2369 1224 XVIII.
2402 1168 2458 1223 Si
2508 1166 2908 1237 deprehensus
2968 1163 3140 1219 fuerit
3200 1163 3409 1234 aliquis
3460 1181 3490 1220 e
3541 1165 3820 1222 fratribus

2108 1260 2354 1316 libenter
2385 1275 2520 1314 cum
2553 1258 2747 1327 pueris
2769 1255 2956 1310 ridere
2988 1258 3043 1308 et
3079 1254 3298 1322 ludere,
3325 1258 3382 1308 et
3428 1254 3642 1310 habere
3672 1258 3822 1310 ami-

2107 1351 2275 1406 citias
2326 1349 2508 1404 aetatis
2569 1348 2835 1413 inﬁrmae,
2869 1346 3036 1401 tertio
3083 1349 3543 1416 commoneatur,
3577 1351 3641 1401 ut
3672 1363 3825 1403 rece-

2107 1443 2203 1496 dat
2226 1440 2298 1494 ab
2345 1455 2544 1494 eorum
2595 1435 3043 1494 necessitudine,
3079 1441 3131 1489 et
3180 1451 3403 1490 memor
3432 1436 3510 1490 sit
3557 1436 3822 1492 honesta-

2107 1531 2206 1597 tis,
2239 1533 2294 1584 et
2348 1528 2576 1583 timoris
2635 1524 2734 1580 Dei
2769 1541 2782 1580 :
2817 1525 2863 1578 si
2922 1541 3036 1578 non
3087 1525 3414 1593 cessaverit,
3471 1524 3824 1596 corripiatur

2111 1624 2176 1675 ut
2207 1620 2415 1691 dignus
2445 1622 2531 1673 est
2563 1615 2924 1686 correptione
2947 1614 3338 1670 severissima.

2181 1746 2333 1800 XIX.
2360 1744 2467 1811 Qui
2527 1745 2913 1799 contemnunt
2969 1745 3253 1812 praecepta
3304 1742 3596 1813 majorum
3639 1748 3694 1800 et
3726 1762 3816 1801 re-

2112 1835 2277 1907 gulas
2335 1832 2675 1888 monasterii
2699 1848 2820 1901 quae
2854 1829 2955 1885 Dei
2982 1840 3261 1902 praecepto
3310 1833 3636 1886 constitutas
3661 1841 3822 1901 sunt,

2105 1931 2161 1982 et
2190 1921 2927 1996 parvipenduntseniorum
2954 1920 3220 1990 consilia,
3253 1922 3822 1995 corripianturjuxta

2108 2016 2368 2071 ordinem
2399 2012 2804 2079 constitutum,
2840 2013 3020 2066 donec
3053 2010 3439 2082 corrigantur.

2181 2142 2302 2196 XX.
2329 2141 2578 2210 Majores
2611 2140 2708 2210 qui
2767 2155 2897 2194 cum
2951 2138 3227 2194 fratribus
3278 2139 3588 2196 mittuntur
3643 2142 3818 2213 foras,

2113 2233 2373 2303 quandiu
2405 2230 2484 2284 ibi
2519 2230 2750 2294 fuerint,
2790 2230 3082 2284 habebunt
3127 2232 3220 2299 jus
3280 2231 3726 2301 praepositorum
3761 2249 3816 2304 et

2112 2338 2313 2378 eorum
2363 2323 2572 2374 cuncta
2621 2325 2896 2390 regentur
2947 2319 3207 2374 arbitrio.
3258 2320 3554 2376 Docebunt
3615 2322 3817 2378 fratres

2113 2430 2215 2486 per
2265 2412 2612 2466 constitutos
2668 2410 2829 2475 dies;
2863 2413 2918 2465 et
2969 2409 3018 2465 si
3068 2410 3211 2465 forte
3267 2409 3417 2465 inter
3478 2427 3576 2466 eos
3626 2417 3818 2467 ortum

2115 2502 2291 2557 fuerit
2349 2500 2568 2570 aliquid
2630 2500 2968 2568 simultatis,
3004 2500 3239 2554 audient
3296 2501 3408 2570 ipsi
3469 2502 3736 2570 majores,
3770 2507 3826 2556 et

2116 2593 2521 2664 dijudicabunt
2544 2607 2806 2658 causam,
2838 2597 2894 2646 et
2919 2592 3157 2662 dignum
3192 2592 3362 2662 culpa
3409 2593 3823 2663 increpabunt;

2119 2692 2178 2738 ut
2228 2684 2298 2738 ad
2345 2683 2653 2754 imperium
2687 2698 2881 2737 eorum
2931 2683 3127 2738 statim
3176 2698 3371 2753 pacem
3431 2683 3599 2754 pleno
3661 2685 3826 2739 corde

2118 2774 2470 2830 consocient.

2186 2901 2325 2955 XXI.
2353 2901 2410 2954 Si
2467 2899 2597 2970 quis
2655 2899 2832 2953 frater
2874 2905 3072 2954 contra
3113 2901 3482 2971 praepositum
3516 2918 3688 2956 suum
3723 2903 3828 2956 ha-

2120 2993 2311 3045 buerit
2340 2989 2653 3052 tristitiam,
2690 2997 2785 3042 aut
2818 2989 2940 3058 ipse
2987 2991 3330 3058 praepositus
3361 2996 3556 3045 contra
3589 2993 3826 3046 fratrem

2120 3078 2370 3147 aliquam
2407 3075 2830 3146 querimoniam
2858 3092 2870 3140 ;
2899 3077 3149 3145 probatae
3197 3078 3399 3131 fratres
3431 3080 3827 3135 conversatio—

2122 3169 2211 3223 nis
2242 3172 2295 3223 et
2327 3166 2458 3220 fidei
2511 3182 2607 3220 eos
2636 3166 2838 3220 audire
2871 3165 3101 3232 debent,
3137 3170 3195 3220 et
3219 3166 3628 3235 dijudicabunt
3653 3171 3829 3223 inter-

2038 3269 2079 3334 (ζ
2119 3276 2238 3315 eos.
2269 3258 2329 3313 Si
2380 3261 2572 3311 tamen
2632 3257 2839 3310 absens
2889 3259 2977 3311 est
3026 3255 3194 3310 Pater
3233 3259 3568 3313 monasterii
3601 3260 3686 3313 vel
3718 3261 3829 3315 ali—

2123 3348 2254 3404 cubi
2289 3347 2601 3418 profectus,
2635 3346 2890 3417 primum
2946 3345 3178 3416 quidem
3229 3349 3612 3418 expectabunt
3644 3366 3777 3404 eum
3815 3367 3826 3405 :

2124 3442 2213 3495 sin
2250 3443 2441 3493 autem
2483 3437 2707 3491 diutius
2745 3437 2937 3490 vident
2971 3437 3109 3491 foris
3169 3439 3474 3508 demorari,
3538 3444 3677 3495 tunc
3728 3457 3832 3495 au—

2125 3530 2284 3585 dient
2313 3529 2460 3583 inter
2492 3526 2867 3597 praepositum
2900 3532 2955 3581 et
2987 3527 3222 3582 fratrem
3251 3543 3264 3596 ;
3300 3544 3370 3582 ne
3421 3530 3518 3584 diu
3553 3545 3832 3601 suspenso

2125 3618 2342 3706 judicio
2393 3616 2630 3672 tristitia
2715 3617 2899 3686 major
2964 3617 3229 3686 oriatur;
3288 3623 3352 3672 ut
3445 3623 3500 3675 et
3566 3619 3665 3675 ille
3736 3622 3834 3691 qui

2119 3693 2469 3781 praepositus
2505 3711 2614 3774 est,
2649 3711 2706 3761 et
2765 3706 2861 3762 ille
2902 3708 2998 3778 qui
3050 3709 3350 3779 subjectus
3395 3714 3504 3778 est,
3530 3717 3582 3766 et
3625 3710 3836 3782 illiqui

2127 3801 2393 3867 audiunt,
2421 3800 2593 3868 juxta
2627 3798 2888 3853 timorem
2947 3798 3047 3852 Dei
3103 3805 3313 3855 cuncta
3360 3800 3597 3870 faciant,
3630 3805 3686 3857 et
3719 3818 3834 3856 non

2125 3892 2260 3945 dent
2291 3891 2349 3944 in
2375 3888 2493 3942 ullo
2528 3886 2890 3942 occasionem
2921 3887 3240 3943 discordiae.

2199 4012 2371 4066 XXII.
2405 4011 2616 4065 Nullus
2647 4011 2916 4065 mittatur
2948 4011 3103 4066 foras
3136 4014 3206 4068 ad
3253 4013 3486 4085 aliquod
3540 4017 3836 4088 negotium

2127 4101 2303 4156 solus.
2343 4100 2506 4155 Missi
2563 4116 2694 4156 vero
2745 4117 2859 4156 non
2911 4101 3146 4171 singuli,
3204 4104 3303 4159 scd
3365 4105 3486 4159 bini
3549 4106 3631 4159 vel
3690 4107 3838 4161 terni

2127 4190 2422 4246 ambulent
2452 4208 2464 4246 :
2501 4195 2566 4246 ut
2622 4191 2752 4245 dum
2809 4207 2870 4247 se
2903 4192 3148 4249 invicem
3180 4194 3518 4249 custodiunt
3548 4200 3602 4251 et
3634 4213 3839 4251 conso-

2127 4282 2340 4347 lantur,
2385 4285 2438 4335 et
2488 4281 2747 4337 seniores
2804 4297 3004 4337 eorum
3060 4285 3128 4337 de
3187 4283 3428 4339 honesta
3469 4301 3669 4340 eorum
3709 4303 3842 4341 con-

2125 4369 2449 4424 versatione
2506 4370 2692 4423 securi
2744 4369 2881 4435 sint,
2915 4373 2971 4424 et
2999 4370 3081 4423 illi
3113 4387 3227 4426 non
3264 4372 3676 4442 periclitentur.
3729 4375 3844 4429 Ob-

2130 4465 2429 4513 servantes
2480 4462 2673 4512 tamen
2725 4459 2854 4524 hoc,
2917 4464 2980 4513 ut
3049 4477 3163 4515 non
3205 4476 3266 4516 se
3323 4462 3570 4518 invicem
3631 4463 3842 4519 fabulis

2130 4548 2412 4603 inanibus
2445 4549 2769 4616 destruant,
2804 4564 2991 4619 neque
3046 4550 3410 4622 negligentiae
3481 4554 3618 4608 dent
3648 4552 3842 4607 locum

310 4650 501 4701 mutet
533 4645 909 4711 sententiam,
944 4643 1047 4699 sed
1079 4644 1284 4698 firmus
1323 4644 1399 4698 sit
1431 4642 1719 4713 solidique
1752 4643 1965 4698 decreti
2003 4659 2014 4696 :
2052 4642 2094 4706 D
2129 4638 2583 4705 destructionis;
2617 4640 2715 4693 sed
2749 4640 3150 4711 unusquisque
3174 4641 3232 4696 in
3276 4647 3406 4696 actu
3439 4659 3541 4697 suo
3591 4646 3846 4697 attentus

303 4735 524 4804 justus,
558 4739 764 4787 cuncta
793 4734 1172 4789 considerans
1197 4751 1208 4789 :
1232 4735 1499 4804 judicans
1527 4734 1582 4786 in
1615 4734 1855 4789 veritate
1887 4733 2024 4788 abs-

315 4839 427 4894 que
459 4823 718 4893 appetitu
753 4823 986 4893 gloriae;
1024 4823 1370 4879 manifestus
1400 4824 1517 4878 Deo
1545 4828 1600 4878 et
1659 4822 2018 4887 hominibus,

315 4917 372 4968 et
430 4929 462 4967 a
519 4911 721 4965 fraude
779 4912 1000 4981 procul.
1064 4912 1176 4968 Nec
1235 4914 1463 4983 ignoret
1532 4914 2024 4968 conversationem

324 5017 586 5067 suorum,
621 5015 726 5055 nec
776 5004 842 5055 ad
903 5017 1104 5056 eorum
1165 5003 1466 5057 scientiam
1537 5019 1720 5058 caecus
1771 5004 2027 5059 exsistat.

326 5092 480 5149 Nulli
505 5096 707 5146 noceat
739 5106 839 5161 per
870 5092 1238 5160 superbiam;
1285 5109 1386 5147 nec
1427 5099 1709 5163 sequatur
1748 5093 2030 5164 concupi—

328 5183 578 5240 scentiae
626 5180 942 5236 oculorum.
977 5179 1288 5235 Veritatem
1339 5199 1639 5254 nunquam
1688 5187 2027 5253 praetereat:

330 5276 517 5330 oderit
567 5270 941 5341 injustitiam.
993 5269 1319 5326 Secundum
1371 5289 1671 5340 personam
1733 5289 2033 5342 nunquam

327 5365 542 5435 judicet
600 5378 702 5432 pro
763 5359 1124 5426 muneribus,
1158 5376 1262 5416 nec
1288 5362 1634 5418 condemnet
1666 5362 1921 5417 animam
1953 5363 2038 5417 in-

332 5457 634 5510 nocentem
667 5467 769 5522 per
819 5450 1170 5522 superbiam.
1208 5450 1333 5508 Non
1368 5451 1554 5508 rideat
1584 5453 1733 5508 inter
1778 5470 1989 5524 pueros
2022 5469 2034 5509 :

337 5559 451 5599 non
475 5543 705 5598 deserat
743 5540 1042 5597 veritatem
1083 5541 1292 5597 timore
1335 5545 1651 5613 separatus.
1688 5543 1812 5598 Non
1845 5544 2040 5615 despi-

335 5632 448 5689 ciat
477 5647 575 5687 eos
605 5632 702 5701 qui
735 5631 1003 5704 indigent
1063 5632 1477 5689 misericordia.
1511 5633 1634 5691 Non
1694 5636 1922 5691 deserat
1946 5636 2046 5706 ju-

339 5722 561 5791 stitiam
620 5726 856 5794 propter
904 5724 1352 5796 lassitudinem;
1414 5741 1484 5783 ne
1534 5727 1738 5798 perdat
1786 5727 2044 5784 animam

2135 4728 2228 4796 sit,
2264 4731 2435 4798 prout
2470 4735 2695 4796 tempus
2730 4728 2920 4782 fuerit.

2206 4854 2416 4910 XXIII.
2446 4855 2682 4918 Quando
2744 4858 2937 4911 autem
2996 4856 3209 4912 reversi
3267 4858 3484 4914 fuerint
3537 4859 3598 4914 in
3649 4876 3850 4916 mona-

2137 4947 2403 5006 sterium,
2440 4947 2486 5000 si
2538 4951 2670 5002 ante
2729 4946 2940 5003 ostium
2991 4948 3238 5004 viderint
3277 4950 3531 5022 aliquem
3583 4968 3848 5022 quaeren-

2139 5032 2255 5092 tem
2315 5051 2554 5090 suorum
2612 5036 2875 5092 affinium
2934 5037 3004 5093 de
3061 5037 3153 5094 bis
3211 5040 3311 5110 qui
3367 5040 3425 5095 in
3497 5043 3850 5098 monasterio

2142 5130 2586 5195 commorantur,
2646 5143 2758 5182 non
2818 5127 3091 5184 valebunt
3147 5129 3229 5186 ire
3287 5131 3357 5186 ad
3417 5149 3572 5202 eum,
3608 5136 3664 5188 et
3704 5150 3852 5187 nun-

2145 5218 2310 5288 tiare,
2341 5216 2428 5272 vel
2460 5233 2714 5273 evocare.
2751 5222 2817 5272 Et
2874 5219 3112 5276 omnino
3181 5222 3464 5293 quidquid
3498 5224 3633 5278 foris
3663 5239 3854 5293 gesse»

2145 5309 2279 5376 rint,
2315 5308 2371 5362 in
2405 5308 2757 5363 monasterio
2791 5325 3024 5365 narrare
3047 5328 3160 5367 non
3194 5318 3566 5383 praesumant.

2217 5453 2413 5508 XXIV.
2448 5452 2731 5510 Omnibus
2783 5457 2888 5510 erit
2946 5460 3202 5529 potestas
3262 5458 3490 5530 legendi
3558 5473 3736 5528 usque
3785 5461 3853 5515 ad

2151 5545 2355 5599 horam
2415 5544 2695 5599 tertiam:
2756 5543 2806 5600 si
2863 5549 3061 5602 tamen
3123 5545 3283 5601 nulla
3338 5562 3513 5601 causa
3552 5546 3853 5614 exstiterit,

2153 5653 2269 5708 qua
2325 5650 2561 5691 necesse
2586 5635 2659 5691 sit
2689 5637 2864 5693 etiam
2885 5637 3107 5710 aliquid
3132 5635 3273 5691 ﬁeri.
3310 5635 3446 5692 Post
3479 5637 3679 5694 horam
3726 5653 3856 5692 vero

2153 5727 2387 5786 tertiam
2447 5726 2496 5782 si
2555 5744 2679 5798 quae
2741 5733 2957 5786 statuta
3015 5727 3354 5798 sunt,siout
3409 5730 3689 5803 scriptum
3748 5733 3860 5798 est,
