4076 6280
336 421 452 478 987

1854 412 1960 472 SS.
2007 411 2329 474 PATRUM

3729 415 3858 475 988

331 568 433 622 per
499 548 857 620 superbiam,
926 548 1009 601 vel
1064 544 1493 618 negligentiam,
1563 544 1650 599 vel
1720 545 2223 613 desidiam,Abil
2278 553 2469 602 custos
2519 547 2728 617 ianuae,
2791 548 3041 601 referens
3101 546 3319 613 omnia,
3380 547 3526 602 sicut
3585 548 3864 618 superius

329 640 782 695 intercedentem
853 654 967 691 non
1052 635 1406 704 custodierit,
1440 636 1583 689 sciat
1649 651 1705 690 se
1773 650 1908 690 cum
1975 634 2034 689 in

330 731 437 786 hoc
504 745 695 785 errore
762 727 1158 799 deprehensus
1236 725 1424 792 fuerit,
1494 724 1837 795 culpabilem
1882 725 2037 796 judi-

328 823 617 888 candum;
654 822 789 893 quia
820 835 919 889 per
976 834 1150 873 suum
1200 832 1450 873 errorem
1492 824 1545 871 et
1576 816 1718 872 alios
1747 817 1804 871 in
1837 816 2035 871 vitium

331 910 531 966 mittit.

400 1055 564 1110 XXV.
625 1052 851 1109 Cellarii
909 1068 1044 1107 vero
1121 1068 1260 1106 cura
1355 1050 1452 1118 sit,
1485 1053 1548 1104 ut
1622 1049 2035 1105 abstinentiam

326 1148 381 1200 et
438 1144 809 1199 sobrietatem
843 1144 1110 1203 studens,
1143 1141 1303 1195 illata
1326 1142 1382 1193 in
1404 1139 1754 1195 monasterio
1780 1140 1849 1193 ad
1872 1155 2033 1193 sum-

331 1236 465 1306 plus
522 1235 769 1289 fratrum
822 1234 1127 1303 diligenter
1184 1235 1240 1285 et
1296 1230 1545 1285 fideliter
1602 1234 1833 1285 servet:
1893 1228 2037 1283 nihil

328 1323 677 1394 suscipiens,
713 1338 818 1377 nec
868 1323 1178 1392 quidquam
1230 1320 1461 1375 tradens
1521 1319 1642 1373 sine
1697 1318 2039 1373 auctoritate

327 1413 417 1469 vel
450 1414 747 1467 seniorum
776 1411 1039 1465 consilio.
1063 1410 1360 1474 Quietiam
1391 1408 1587 1462 omnia
1620 1408 1891 1461 utensilia
1913 1423 2037 1478 quae

330 1504 389 1559 in
425 1502 805 1557 monasterito
838 1506 997 1567 sunt,
1025 1501 1077 1553 id
1138 1503 1245 1564 est,
1280 1506 1515 1563 vestem,
1549 1515 1667 1566 vas,
1723 1499 2036 1552 ferramen-

328 1598 479 1658 tum,
512 1596 569 1646 et
627 1590 910 1662 quidquid
968 1589 1172 1643 usibus
1232 1588 1586 1658 quotidianis
1645 1588 2036 1642 necessarium

326 1688 433 1746 est,
496 1680 822 1747 custodiat;
886 1687 936 1733 et
982 1694 1456 1748 unamquamque
1540 1694 1659 1733 rem
1721 1678 2037 1749 proferens,

328 1789 461 1827 cum
498 1771 671 1826 fuerit
702 1770 1120 1836 necessarium,
1156 1769 1225 1822 ab
1275 1784 1339 1822 eo
1400 1768 1610 1822 iterum
1659 1768 1726 1822 ad
1764 1785 2036 1837 reponen-

328 1865 466 1918 dum
518 1863 609 1917 cui
662 1862 878 1915 utendo
938 1859 1361 1929 consignaverit
1419 1863 1774 1927 recepturus.
1836 1860 1919 1912 Ad
1954 1858 2039 1912 vi-

326 1959 480 2010 ctum
517 1969 653 2007 vero
687 1953 923 2006 fratrum
963 1950 1217 2020 proferat
1248 1964 1314 2003 ac
1346 1948 1537 2002 tradat
1565 1949 2036 2019 septimanariis;

324 2045 393 2099 ad
436 2043 795 2098 condiendos
825 2040 985 2095 cibos
1017 2040 1113 2093 det
1172 2039 1499 2093 necessaria
1530 2040 1851 2093 secundum
1886 2056 2039 2110 quo-

322 2134 558 2189 tidianae
614 2147 875 2201 expensas
907 2129 1417 2201 consuetudinem,
1453 2144 1637 2198 neque
1672 2130 1905 2199 profuse
1937 2147 2034 2185 ne-

326 2240 437 2295 que
470 2239 637 2279 avare
665 2240 677 2289 ;
715 2224 785 2277 de
817 2220 947 2275 vitio
980 2221 1160 2291 ipsius
1191 2218 1276 2272 vel
1321 2220 1659 2275 monasterii
1704 2221 2037 2275 substantia

322 2318 614 2382 gravetur,
646 2313 731 2367 vel
784 2313 990 2367 fratres
1041 2310 1335 2381 patiantur
1376 2308 1674 2379 injuriam.
1710 2310 1818 2363 Sed
1850 2317 1903 2363 et
1936 2324 2036 2364 ne-

326 2402 654 2457 cessitatem
689 2402 1052 2457 inﬁrmorum
1098 2401 1337 2454 fratrum
1372 2415 1437 2452 ac
1469 2398 1523 2453 la
1546 2399 1742 2453 borem
1775 2399 2037 2453 conside-

320 2509 479 2557 rans,
515 2492 655 2545 nihil
690 2491 1099 2561 aegrotantium
1133 2488 1437 2544 desideriis
1491 2494 1661 2559 neget
1692 2506 1758 2544 ex
1792 2490 1879 2545 his
1910 2505 2035 2559 quae

324 2581 601 2645 habuerit,
638 2586 925 2649 quantum
979 2578 1093 2631 illis
1153 2592 1389 2632 necesse
1450 2578 1642 2631 fuerit.
1678 2577 2042 2631 Advenienti-

324 2670 432 2724 bus
467 2670 711 2722 diversis
772 2667 1047 2721 fratribus
1104 2681 1265 2720 escas
1317 2666 1565 2736 parabit.
1602 2667 1729 2719 Haec
1760 2668 1866 2721 erit
1898 2682 2033 2720 cura

325 2757 581 2812 custodis
627 2756 868 2819 cellarii,
940 2770 1245 2808 recurrens
1308 2768 1540 2823 semper
1597 2755 1667 2808 ad
1728 2754 2024 2810 seniorum

326 2845 661 2913 consilium,
695 2850 751 2899 et
801 2843 1103 2913 requirens
1161 2845 1231 2896 de
1284 2844 1581 2910 omnibus,
1618 2843 1702 2897 vel
1755 2845 2038 2915 precipue

325 2940 394 2992 de
452 2937 543 2992 his
601 2954 727 3009 quas
785 2934 1012 3008 preprio
1071 2950 1178 2989 suo
1238 2934 1532 2990 intellectu
1603 2952 1716 2991 non
1785 2938 2039 3007 potuerit

322 3026 666 3100 adimplere.

396 3193 602 3248 XXVI.
636 3192 870 3247 Ostiarii
926 3206 1065 3247 cura
1125 3189 1220 3256 sit,
1279 3194 1344 3244 ut
1402 3204 1605 3245 omnes
1663 3190 2038 3246 advenientes

327 3286 479 3339 intra
503 3286 718 3353 juanus
752 3280 1024 3350 recipiat;
1050 3281 1196 3334 dans
1244 3281 1325 3335 eis
1359 3297 1702 3351 responsum
1738 3280 2043 3336 honestum
2069 3290 2119 3358 ί]
2439 3280 2577 3374 ν”ῖᾶ
2606 3280 2900 3287 ””””’““’
2962 3280 3121 3350 ’ξ’””
3174 3280 3227 3289 ”’

327 3372 469 3393 nx.
515 3387 637 3393 ---μ
677 3370 1007 3393 1...-.312ι,1,.
1069 3375 1119 3393 ΛΔ.
1180 3371 1491 3393 ---.,...-..ι;-
1556 3386 1617 3393 _-
1654 3370 1846 3393 ..ι-ΔΖ..
1883 3386 1999 3393 ...-..
2983 3363 2995 3376 ⁸

326 3372 473 3426 251
510 3387 641 3425 cum
677 3370 1009 3424 humilitate
1067 3375 1123 3423 et
1180 3371 1518 3436 reverentia,
1554 3386 1619 3424 ac
1652 3370 1849 3424 statim
1883 3386 2027 3425 nun-

320 3459 476 3512 tians
505 3458 593 3511 vel
626 3458 817 3512 abbati
850 3455 935 3510 vel
978 3457 1331 3522 senioribus,
1363 3457 1495 3527 quis
1546 3459 1763 3513 venerit
1794 3464 1851 3513 et
1885 3458 2024 3529 quid

318 3547 569 3619 petierit.
605 3545 717 3599 Nec
750 3545 907 3599 ullus
938 3550 1345 3598 extraneorum
1410 3546 1662 3614 patiatur
1698 3547 1973 3615 injuriam
2009 3562 2023 3602 :

317 3652 509 3709 neque
540 3635 751 3689 habeat
796 3649 928 3688 cum
980 3634 1175 3703 aliquo
1207 3634 1277 3686 de
1317 3635 1591 3688 fratribus
1627 3636 2026 3691 necessitatem

318 3742 382 3780 ac
414 3723 751 3779 facultatem
781 3722 1081 3792 loquendi,
1126 3722 1350 3793 absque
1404 3722 1759 3778 conscientia
1799 3724 2027 3780 abbatis

317 3815 405 3870 vel
439 3812 735 3868 seniorum
788 3812 1115 3883 praesentia.
1150 3812 1208 3867 Si
1263 3810 1400 3882 quid
1442 3827 1572 3867 vero
1604 3813 1929 3884 cuicunque
1960 3816 2028 3871 de

317 3903 598 3961 fratribus
650 3902 895 3957 missum
969 3902 1433 3973 mandatumque
1493 3901 1687 3967 fuerit,
1750 3902 1895 3957 nihil
1953 3904 2024 3958 ad

316 3997 511 4066 ipsum
572 3993 867 4065 perveniat
935 3992 1277 4065 priusquam
1338 3992 1530 4047 abbati
1581 3992 1665 4048 vel
1698 3995 2027 4050 senioribus

313 4086 625 4141 indicetur.
659 4086 801 4139 Ante
848 4082 1045 4138 omnia
1092 4082 1369 4138 ostiarius
1404 4083 1738 4138 monasterii
1771 4084 1892 4138 haec
1922 4085 2023 4139 ob-

312 4175 582 4244 servabit,
617 4190 687 4229 ne
746 4187 1100 4245 quemquam
1159 4172 1230 4226 de
1288 4171 1565 4227 fratribus
1595 4172 1735 4227 foris
1782 4173 2024 4242 januam

314 4267 467 4322 exire
499 4264 812 4336 permittat.

386 4408 609 4465 XXVII.
640 4408 699 4462 Si
731 4408 863 4478 quis
919 4406 1227 4463 accesserit
1275 4407 1345 4461 ad
1378 4405 1590 4463 ostium
1624 4405 1821 4461 volens
1854 4422 2025 4463 saecu.

314 4500 369 4555 lo
428 4496 784 4564 renuntiare,
828 4500 884 4551 et
942 4497 1186 4551 fratrum
1228 4497 1520 4568 aggregari
1583 4513 1846 4565 numero,
1908 4514 2023 4553 non

309 4590 519 4647 habeat
543 4587 872 4643 libertatem
906 4586 1159 4642 intrandi
1194 4601 1207 4639 :
1247 4588 1344 4642 sed
1397 4587 1557 4658 prius
1590 4588 1892 4641 nuntietur
1923 4587 2026 4642 Pa-

309 4682 384 4737 tri
420 4679 775 4749 monasterii,
809 4683 865 4734 et
925 4679 1183 4734 manebit
1241 4678 1443 4749 paucis
1475 4679 1681 4733 diebus
1713 4678 1852 4734 foris
1885 4683 2018 4735 ante
2049 4669 2095 4733 D

306 4772 576 4842 januam,
638 4788 701 4827 ac
760 4770 1064 4827 docebitur
1121 4768 1441 4826 orationem
1520 4769 1903 4835 Dominicam,
1965 4776 2018 4825 et

312 4862 588 4932 psalmos,
621 4867 876 4933 quantos
924 4861 1179 4933 potuerit
1210 4860 1463 4927 discere;
1491 4862 1547 4915 et
1595 4859 1901 4930 diligenter
1930 4861 2017 4916 sui

311 4951 776 5023 experimentum
808 4951 993 5019 dabit,
1027 4966 1098 5005 ne
1154 4951 1301 5006 forte
1361 4948 1499 5005 mali
1531 4948 1835 5020 quidpiam
1869 4950 2021 5006 fece-

304 5042 401 5107 rit,
433 5044 498 5095 ut
554 5039 825 5095 turbatus
883 5040 953 5094 ad
1012 5040 1215 5095 horam
1274 5040 1482 5095 timore
1542 5038 1893 5108 discesserit,
1916 5057 2018 5095 au-

310 5130 419 5187 sub
450 5128 650 5199 aliqua
680 5132 959 5199 potestate
990 5130 1104 5199 sit;
1139 5134 1195 5185 et
1228 5135 1421 5186 utrum
1463 5130 1651 5201 possit
1682 5130 2019 5186 renuntiare

308 5219 649 5294 parentibus
680 5218 825 5291 suis,
858 5228 911 5274 et
943 5221 1231 5291 propriam
1264 5225 1635 5278 contemnere
1681 5220 2016 5276 facultatem

311 5312 365 5367 Si
388 5328 522 5368 eum
547 5308 798 5368 viderint
856 5312 1058 5381 aptum
1112 5310 1183 5365 ad
1242 5311 1462 5379 omnia,
1520 5314 1657 5366 tunc
1720 5310 2019 5366 docebitur

307 5407 363 5458 et
393 5402 651 5475 reliquas
713 5398 1053 5456 monasterii
1115 5398 1493 5470 disciplinas;
1547 5417 1675 5472 quae
1708 5400 1893 5457 facere
1923 5400 2019 5458 de-

311 5493 461 5563 beat,
496 5493 828 5565 quibusque
887 5489 1121 5559 servire,
1155 5490 1277 5546 sive
1337 5491 1395 5546 in
1465 5490 1700 5548 collecta
1750 5493 2014 5550 omnium

308 5583 573 5650 fratrum,
610 5582 729 5639 sive
786 5581 846 5636 in
906 5582 1077 5638 domo
1136 5580 1229 5636 cui
1288 5581 1609 5637 tradendus
1666 5586 1776 5651 est,
1809 5582 1927 5638 sive
1957 5583 2015 5637 in

308 5672 575 5728 vescendi
634 5672 835 5728 ordine
869 5688 882 5727 :
913 5677 977 5727 ut
1023 5671 1346 5729 instructus
1388 5675 1563 5743 atque
1622 5671 1911 5741 perfectus
1956 5674 2015 5730 in

311 5760 470 5817 omni
502 5777 671 5833 opere
703 5762 854 5820 bono
885 5761 1163 5822 fratribus
1213 5761 1542 5835 copuletur.
1598 5761 1728 5819 Hac
1749 5761 2018 5821 observa-

2145 634 2425 705 scriptum
2456 639 2563 703 est,
2590 642 2643 690 et
2676 637 3031 691 annuntians
3065 637 3410 693 senioribus.

2216 778 2461 833 XXVIII.
2496 781 2906 851 Septimanarii
2939 783 3009 836 ad
3075 784 3235 838 cibos
3292 783 3604 854 parandos,
3638 783 3727 837 vel
3788 783 3871 839 ad

2144 868 2459 924 luminaria
2490 871 2916 939 concinnanda,
2951 871 3037 925 vel
3079 872 3149 926 ad
3192 872 3407 927 nitores
3440 872 3756 938 faciendos,
3804 892 3871 941 et

2145 976 2267 1029 quae
2334 958 2402 1013 ad
2435 959 2778 1030 obsequium
2833 978 3093 1031 ususque
3153 962 3491 1016 monasterii
3545 964 3868 1034 pertinent.

2145 1065 2375 1119 semper
2406 1050 2590 1121 parati
2622 1049 2760 1104 sint.
2800 1051 2908 1104 [los
2949 1050 3108 1107 nulla
3167 1050 3281 1105 alia
3338 1052 3659 1108 necessitas
3687 1070 3865 1111 occu-

2146 1144 2262 1210 pet,
2296 1140 2394 1193 sed
2422 1140 2480 1193 in
2542 1139 2649 1193 hoc
2698 1140 2959 1194 studium
3022 1140 3388 1211 impendant,
3414 1146 3476 1195 ut
3506 1158 3626 1197 rem
3652 1160 3868 1199 susce—

2146 1235 2305 1301 plam
2339 1228 2558 1283 utiliter
2590 1233 2643 1283 et
2678 1229 2985 1300 diligenter
3010 1229 3309 1299 impleant.
3346 1231 3413 1285 Et
3444 1232 3495 1286 si
3526 1233 3663 1301 quid
3712 1234 3867 1291 forte

2146 1319 2418 1374 nesciunt
2448 1321 2515 1372 de
2567 1320 2655 1373 his
2705 1337 2833 1389 quae
2882 1336 3046 1389 agere
3095 1320 3325 1386 debent,
3360 1322 3485 1378 sine
3516 1324 3864 1380 dissimula—

2147 1413 2305 1466 tione
2335 1411 2586 1465 seniores
2616 1428 2750 1466 suos
2784 1427 3009 1480 semper
3040 1412 3413 1483 interrogent.

2218 1540 2416 1596 XXIX.
2453 1541 2517 1594 Hi
2578 1541 2773 1611 itaque
2823 1539 3039 1611 quibus
3095 1540 3426 1611 disciplina,
3459 1543 3545 1597 vel
3610 1542 3871 1609 utilitas,

2147 1630 2236 1684 vel
2268 1631 2486 1701 opinio,
2520 1631 2599 1686 vel
2654 1631 2999 1701 obsequium
3059 1632 3391 1685 monasterii
3448 1633 3724 1700 creditur,
3776 1635 3877 1689 of-

2151 1719 2280 1774 ficia
2338 1720 2449 1774 sibi
2510 1721 2773 1790 injuncta
2832 1720 3077 1775 ﬁdeliter
3107 1722 3440 1776 custodiant
3466 1729 3524 1777 et
3557 1721 3871 1793 impleant.

2150 1813 2264 1862 Hos
2294 1809 2447 1863 enim
2500 1825 2690 1863 errare
2739 1826 2850 1863 non
2910 1811 3092 1876 decet,
3128 1812 3221 1879 qui
3284 1812 3355 1865 ad
3405 1828 3608 1866 omnes
3638 1829 3872 1869 errores

2074 1926 2118 1991 Β
2150 1899 2545 1954 emendandos
2597 1899 2889 1969 prapositi
2938 1907 3095 1953 sunt.
3149 1899 3255 1961 Qui
3307 1899 3356 1953 si
3433 1900 3523 1956 vel
3567 1904 3868 1971 superbia,

2149 1991 2234 2045 vel
2268 1988 2636 2061 negligentia,
2660 1989 2746 2043 vel
2806 1989 3026 2043 desidia
3084 1988 3280 2059 aliqua
3305 2006 3371 2044 ex
3407 1990 3500 2045 his
3541 1995 3873 2064 praetermi-

2144 2081 2321 2135 serinl
2356 2096 2484 2149 quae
2517 2079 2573 2133 iu
2634 2077 2836 2147 regula
2895 2078 3281 2145 continentur,
3322 2095 3419 2149 per
3452 2081 3726 2151 ipsosque
3759 2084 3866 2137 de-

2145 2169 2386 2225 structio
2418 2185 2547 2223 esse
2577 2168 2813 2238 cceperit
2845 2184 2947 2238 per
2991 2183 3139 2237 quos
3169 2168 3341 2223 debet
3388 2170 3695 2227 aediﬁcatio
3730 2188 3867 2227 cre-

2146 2274 2325 2326 scere,
2361 2259 2636 2313 omnibus
2684 2258 3272 2314 condemnationibus
3304 2276 3453 2329 quas
3496 2262 3692 2333 regula
3722 2280 3871 2318 con-

2144 2353 2309 2418 tinet,
2341 2348 2748 2419 subjacebunt.

2215 2474 2387 2529 XXX.
2432 2477 2586 2527 Inter
2637 2488 2839 2528 omnes
2897 2472 3101 2528 fratres
3152 2473 3259 2529 hoc
3317 2473 3739 2544 observabitur,
3803 2489 3874 2535 ut

2145 2564 2482 2620 obedientes
2531 2562 2858 2618 senioribus
2906 2563 3048 2631 suis,
3090 2568 3146 2619 et
3195 2564 3517 2620 deferentes
3567 2568 3673 2622 sibi
3718 2569 3870 2625 invi-

2146 2670 2294 2722 cem,
2330 2653 2576 2707 habeant
2637 2653 2999 2723 patientiam,
3054 2653 3871 2722 moderationem,humilita-

2146 2748 2260 2798 tem
2286 2743 2648 2807 charitatem,
2684 2758 2882 2812 pacem
2919 2742 3045 2797 sine
3094 2743 3370 2813 figmento
3425 2750 3478 2799 et
3523 2747 3857 2816 mendacio,

2143 2837 2197 2889 et
2232 2832 2661 2899 maledictione,
2721 2838 2778 2887 et
2826 2832 3195 2899 verbositate,
3230 2840 3288 2888 et
3330 2834 3553 2904 jurandi
3602 2853 3853 2893 consue-

2147 2923 2347 2977 tudine
2380 2938 2393 2974 :
2428 2924 2507 2977 ita
2538 2928 2599 2975 ut
2655 2938 2825 2977 nemo
2867 2939 3035 2977 suum
3068 2924 3387 2995 quidquam
3434 2926 3700 2991 vindicet,
3730 2944 3855 2983 ne-

2147 3031 2256 3085 que
2286 3013 2440 3068 ullus
2474 3013 2694 3084 aliquid
2737 3014 3106 3083 peculiariter
3155 3020 3437 3087 usurpet;
3472 3018 3570 3072 sed
3602 3016 3861 3075 habeant

2147 3104 2341 3161 omnia
2363 3103 2719 3161 communia.

2219 3233 2407 3289 XXXI.
2438 3234 2573 3289 Sine
2606 3232 2900 3287 seniorum
2950 3234 3123 3288 verbo
3172 3238 3227 3289 et
3272 3236 3618 3292 auctoritate
3665 3237 3863 3295 nullus

3306 3324 3551 3391 accipiat
3619 3327 3864 3397 aliquid,

2139 3428 2329 3483 neque
2351 3412 2476 3477 det;
2508 3427 2696 3481 neque
2728 3426 2979 3482 usquam
3014 3427 3251 3481 prorsus
3281 3414 3577 3482 procedat.

2208 3536 2422 3591 XXXII.
2458 3536 2596 3591 Cum
2655 3552 2788 3591 vero
2839 3535 3075 3591 inventa
3124 3537 3293 3592 fuerit
3358 3538 3551 3610 culpa,
3613 3540 3708 3597 ille
3766 3562 3865 3621 qui

2138 3626 2449 3697 culpabilis
2482 3626 2797 3693 invenitur,
2832 3626 3177 3698 corripiatur
3215 3628 3287 3683 ab
3320 3628 3531 3684 abbate
3560 3636 3863 3704 secretius.

2138 3716 2298 3781 Quod
2333 3715 2379 3771 si
2433 3730 2546 3769 non
2580 3714 2799 3769 sufficit
2848 3716 2919 3771 ad
2980 3718 3471 3785 emendationem,
3502 3720 3858 3791 corripiatur

2138 3823 2171 3861 a
2204 3804 2403 3875 paucie
2464 3805 2810 3859 senioribus.
2845 3805 3008 3869 Quod
3068 3805 3116 3860 si
3147 3821 3250 3861 nec
3300 3807 3382 3861 sic
3436 3809 3857 3879 emendaverit,

2137 3894 2706 3961 excommunicetur;
2741 3899 2797 3950 et
2842 3912 2954 3950 non
3007 3896 3319 3951 manducet
3366 3898 3714 3969 quidquam.
3747 3902 3855 3957 Cui

2138 3987 2185 4043 si
2220 4002 2289 4041 ne
2353 3986 2458 4043 hoc
2500 3985 2735 4055 quidem
2788 3985 3089 4055 profuerit,
3139 3986 3197 4040 in
3251 3986 3508 4056 quolibet
3547 3990 3675 4045 loco
3727 3992 3852 4046 fue-

2137 4077 2231 4143 rit,
2278 4080 2605 4146 postremus
2656 4073 2804 4129 inter
2836 4089 3039 4128 omnes
3099 4074 3157 4129 in
3194 4074 3479 4145 psallendi
3511 4079 3717 4134 ordine
3748 4096 3851 4151 po-

2136 4169 2323 4221 natur.
2394 4164 2558 4229 Quod
2621 4162 2669 4218 si
2748 4163 2806 4217 in
2893 4164 3174 4234 pravitate
3260 4172 3609 4234 perseverat,
3678 4169 3853 4225 etiam

2136 4255 2421 4326 psallendi
2461 4255 2514 4309 ei
2564 4253 2807 4309 facultas
2862 4254 3184 4309 auferatur.
3240 4256 3424 4319 Quem
3474 4256 3525 4311 si
3584 4257 3672 4313 vel
3728 4258 3851 4314 haec

2136 4346 2400 4401 confusio
2451 4362 2564 4399 non
2618 4344 3015 4412 commoverit,
3072 4346 3433 4402 abstineatur
3488 4365 3521 4403 a
3570 4354 3854 4405 conventu

2137 4436 2413 4504 fratrum;
2450 4436 2528 4491 ita
2561 4439 2619 4489 ut
2650 4451 2754 4490 nec
2802 4450 3033 4502 mensae,
3069 4450 3175 4491 nec
3222 4437 3411 4492 Missae
3469 4437 3714 4502 intersit,
3744 4455 3855 4494 ne-

2136 4541 2244 4594 que
2267 4540 2401 4580 cum
2433 4541 2498 4580 eo
2533 4522 2687 4578 ullus
2747 4524 2920 4578 frater
2967 4523 3037 4578 de
3089 4525 3427 4594 junioribus
3470 4524 3845 4594 colloquatur.

2137 4613 2536 4669 Abstinebitur
2561 4616 2753 4668 autem
2814 4616 2931 4667 tam
2965 4613 3086 4679 diu,
3113 4630 3289 4685 quam
3342 4616 3444 4671 diu
3479 4614 3561 4669 vel
3590 4614 3843 4685 qualitas

2129 4705 2312 4776 culpae
2370 4702 2720 4775 poposcerit,
2746 4703 3070 4758 secundum
3131 4703 3360 4759 abbatis
3419 4721 3484 4759 ac
3547 4702 3843 4759 seniorum

2128 4792 2473 4857 arbitrium;
2535 4790 2621 4845 vel
2681 4806 2743 4846 se
2809 4807 2876 4845 ex
2934 4791 3106 4846 corde
3163 4807 3266 4863 pro
3334 4791 3508 4864 culpa
3565 4791 3849 4863 pcenilens

2130 4882 2547 4948 humiliaverit,
2577 4886 2634 4937 et
2690 4883 2914 4938 veniam
2967 4882 3177 4938 erroris
3232 4882 3323 4938 sui
3374 4882 3655 4939 omnibus
3705 4900 3845 4955 prae-

2130 4973 2395 5030 sentibus
2459 4972 2709 5043 petierit.
2779 4971 2941 5036 Quod
3009 4971 3057 5027 si
3124 4971 3181 5026 in
3250 4973 3487 5028 fratrem
3572 4974 3847 5045 peccavit,

2130 5063 2306 5119 etiam
2374 5060 2543 5117 abeo
2612 5062 2787 5117 fratre
2845 5060 3071 5117 veniam
3140 5066 3317 5132 petat,
3385 5063 3479 5119 cui
3571 5062 3847 5133 injuriam

2131 5152 2288 5209 fecit.

2199 5277 2449 5334 XXXIII.
2484 5278 2543 5333 Si
2602 5279 2736 5350 quis
2796 5278 2974 5335 errori
3024 5279 3152 5349 ejus
3213 5279 3595 5346 consenserit,
3655 5283 3711 5334 et
3758 5294 3853 5335 se-

2128 5368 2384 5425 cundum
2444 5367 2718 5423 duritiam
2776 5368 2938 5425 illius
2998 5370 3182 5441 magis
3241 5368 3556 5424 consilium
3599 5369 3849 5435 dederit,

2130 5466 2191 5514 ut
2221 5475 2283 5515 se
2314 5458 2539 5515 tardius
2572 5458 2867 5528 humiliet,
2901 5459 3047 5515 sciat
3095 5476 3156 5515 se
3203 5475 3337 5515 cum
3397 5460 3455 5515 in
3515 5460 3624 5515 hoc
3650 5475 3849 5517 errore

2129 5549 2304 5604 fuerit
2356 5549 2780 5620 deprehensus,
2812 5548 2993 5605 simili
3050 5549 3217 5605 modo
3277 5548 3632 5621 culpabilem
3688 5549 3848 5614 iudi-

2128 5640 2403 5696 candum.

2199 5766 2451 5825 XXXIV.
2486 5768 2601 5824 Hoc
2646 5767 2818 5824 etiam
2880 5767 3210 5825 addendum
3261 5767 3405 5835 fuit;
3442 5772 3504 5822 ut
3534 5766 3715 5823 frater
3746 5782 3865 5848 qui
