4076 6280
313 335 437 395 989

1658 327 1965 389 REGULA
2009 326 2503 389 ORIENTALIS.

3723 334 3840 395 990

315 483 426 540 pro
462 464 724 538 qualibet
754 464 925 536 culpa
966 464 1230 535 arguitur
1275 463 1362 519 vel
1410 464 1763 534 increpatur,
1798 463 2022 533 patien-
2057 465 2110 529 Α
2211 462 2505 534 Evangelii
2537 466 2908 534 praeceptum,
2936 467 2993 518 et
3022 464 3359 534 prabebunt
3380 465 3462 522 eis
3485 466 3683 524 omnia
3712 485 3835 539 quae

313 558 463 612 tiam
516 554 740 620 habeat,
790 559 846 610 et
894 572 1007 610 non
1058 554 1407 625 respondeat
1454 554 1715 626 arguenti
1755 568 1814 607 se
1856 569 1869 607 :
1921 552 2021 607 sed

313 644 588 701 humiliet
618 659 678 699 se
708 644 767 700 in
799 645 1096 713 omnibus,
1128 649 1186 699 et
1216 644 1504 700 emendet.

385 768 601 825 XXXV.
638 770 695 824 Si
738 785 868 824 vero
918 768 1091 824 fuerit
1141 768 1355 839 aliquis
1399 773 1519 822 tam
1569 768 1751 822 durus
1799 771 1857 822 et
1905 769 2023 820 tam

310 860 548 916 alienus
594 877 625 914 a
672 859 881 915 timore
933 858 1175 924 Domini,
1229 867 1289 913 ut
1330 862 1410 913 tot
1460 857 1936 927 castigationibus
1969 858 2026 910 et

309 956 399 1007 tot
442 949 887 1006 remissionibus
937 966 1049 1004 non
1101 950 1387 1014 emendet,
1424 948 1759 1019 projiciatur
1809 948 1877 1001 de
1910 962 2022 1000 mo-

309 1040 591 1109 nasterio,
652 1046 704 1095 et
757 1040 917 1093 velut
982 1044 1291 1095 extraneus
1360 1038 1637 1093 habeatur
1686 1052 1699 1091 :
1760 1052 1831 1090 ne
1889 1035 2024 1091 vitio

310 1130 509 1201 ipsius
538 1129 633 1183 alii
667 1128 1082 1199 periclitentur,

386 1256 644 1312 XXXVI.
708 1257 870 1322 Quod
920 1256 970 1311 si
1024 1254 1235 1325 aliquis
1281 1253 1512 1309 locutus
1564 1251 1757 1320 fuerit,
1809 1250 1895 1306 vel
1946 1249 2025 1303 ri-

310 1347 463 1403 serit
520 1348 579 1402 in
652 1346 958 1417 vescendo,
1029 1345 1380 1416 increpetur,
1441 1349 1497 1399 et
1552 1348 1684 1414 agat
1741 1342 2024 1413 paeniten-

308 1436 482 1492 tiam.

384 1543 662 1599 XXXVII.
698 1544 755 1599 Si
791 1545 924 1616 quis
956 1545 1027 1598 ad
1077 1543 1547 1598 manducandum
1600 1540 1820 1596 tardius
1852 1557 2023 1596 vene-

310 1634 391 1689 rit
422 1635 637 1704 absque
683 1636 923 1705 majoris
972 1633 1239 1704 imperio,
1273 1633 1539 1690 similiter
1581 1639 1715 1703 agat
1744 1633 2022 1702 poeniten-

309 1722 485 1789 tiam,
512 1728 610 1777 aut
640 1724 710 1778 ad
744 1723 947 1779 cellam
979 1740 1146 1779 suam
1180 1725 1410 1794 jejunus
1442 1727 1785 1779 revertatur.

2140 556 2272 622 apta
2300 556 2437 607 sunt
2466 553 2601 608 usui
2634 553 3072 610 monachorum.

2205 694 2337 749 XLI.
2390 696 2448 749 Si
2496 697 2625 764 quis
2672 698 2741 751 ad
2800 697 3016 751 ostium
3078 698 3414 753 monasterii
3462 700 3703 765 venerit,
3735 702 3829 757 div

2135 800 2273 841 cens
2304 785 2445 840 velle
2480 802 2541 841 se
2572 786 2766 842 videre
2804 788 3035 842 fratrem
3083 803 3257 842 suum
3302 787 3387 843 vel
3420 789 3831 881 pr0pinquum’

2128 874 2351 945 janitor
2382 876 2672 931 nuutiabit
2712 876 2925 943 abbati,
2977 881 3032 931 et
3079 875 3447 947 permittente
3493 892 3559 933 eo
3591 874 3836 951 accipiet

2134 965 2405 1019 comitem
2446 965 2614 1034 cujus
2646 966 2788 1019 fides
2820 965 3061 1035 probata
3105 973 3191 1020 est
3222 982 3235 1033 ;
3269 973 3323 1021 et
3364 968 3445 1021 sic
3477 966 3740 1024 mittetur
3765 972 3834 1025 ad

2138 1056 2370 1110 fratrem
2403 1055 2717 1110 videndum
2750 1056 2836 1110 vel
2868 1056 3211 1126 proximum.

2205 1184 2361 1239 XLII.
2423 1183 2481 1237 Si
2551 1184 2918 1255 propinquus
2989 1186 3236 1255 alicujus
3313 1192 3579 1243 mortuus
3638 1189 3833 1258 fuerit,

2134 1274 2523 1343 prosequendi
2556 1274 2729 1328 funus
2779 1290 2892 1328 non
2944 1275 3183 1330 habebit
3230 1275 3550 1348 licentiam,
3584 1278 3697 1333 nisi
3729 1279 3835 1333 Pa-

2138 1365 2222 1417 ter
2251 1362 2591 1418 monasterii
2622 1364 2973 1434 praeceperit.

2204 1500 2391 1556 XLIII.
2440 1499 2645 1556 Nullus
2695 1501 2763 1555 de
2812 1500 2980 1557 horto
3029 1500 3193 1558 tollat
3240 1502 3415 1572 olera,
3462 1503 3575 1559 nisi
3606 1503 3676 1559 ab
3707 1504 3837 1560 hor-

2132 1592 2336 1648 tulano
2368 1591 2666 1663 acceperit.

2202 1738 2389 1793 XLIV.
2423 1738 2591 1793 Nemo
2624 1736 2789 1793 alteri
2839 1737 3109 1808 loquatur
3160 1737 3216 1791 in
3268 1739 3526 1795 tenebris
3569 1757 3582 1796 :
3630 1740 3830 1799 nullus

388 1846 693 1902 XXXVIII.
745 1847 801 1901 Si
852 1847 1071 1918 aliquid
1119 1848 1517 1903 necessarium
1569 1848 1738 1902 fuerit
1767 1848 1825 1902 in
1859 1863 2006 1901 men.

2223 1827 2450 1898 psiatho
2479 1828 2591 1898 (28)
2625 1844 2753 1882 cum
2787 1825 2963 1882 altero
2995 1828 3245 1881 dormiat
3277 1844 3289 1881 :
3327 1844 3564 1884 manum
3597 1831 3833 1887 alterius

307 1955 393 2004 sa,
433 1954 603 1992 nemo
634 1940 865 1994 audebit
907 1938 1087 2009 loqui,
1138 1940 1237 1993 sed
1288 1938 1758 1993 ministrantibus
1791 1939 2022 2008 signum

308 2028 445 2082 soni
496 2027 674 2083 dabit.
730 2028 978 2083 Ministri
1028 2045 1159 2083 vero
1210 2029 1427 2099 absque
1479 2030 1569 2084 bis
1617 2045 1739 2097 qua:
1774 2030 1833 2082 in
1866 2043 2022 2081 com-

312 2132 494 2173 mune
528 2118 804 2173 fratribus
856 2124 1175 2190 praaparata
1223 2123 1382 2187 sunt,
1434 2118 1579 2173 nihil
1629 2118 1780 2172 aliud
1828 2132 2023 2172 come-

310 2206 479 2273 dant,
516 2222 617 2262 nec
650 2213 912 2264 mutatos
943 2209 1099 2263 cibos
1139 2208 1250 2264 sibi
1282 2209 1531 2263 audeant
1556 2223 1899 2278 praeparare.

386 2315 638 2371 XXXIX.
672 2315 852 2370 Nemo
886 2316 1018 2386 plus
1068 2316 1233 2371 alteri
1284 2317 1445 2371 dabit
1478 2333 1651 2387 quam
1684 2316 1828 2371 alter
1858 2332 2023 2372 acce-

311 2406 442 2476 pit:
487 2407 640 2476 quod
672 2407 723 2461 si
775 2408 1118 2462 obtenditur
1169 2408 1501 2476 infirmitas,
1555 2407 1892 2479 praepositus
1923 2408 2027 2463 do-

314 2514 452 2553 mus
486 2502 682 2569 perget
713 2499 783 2553 ad
816 2499 1120 2555 ministros
1143 2500 1571 2569 aagrotantium,
1605 2505 1662 2555 et
1693 2499 1763 2554 ab
1786 2499 1875 2554 his
1901 2514 2023 2571 quas

312 2590 649 2645 necessaria
683 2592 818 2645 sunt
843 2589 1107 2662 accipiet.

388 2716 502 2772 XL.
565 2718 802 2783 Quando
852 2722 922 2775 ad
970 2718 1186 2774 ostium
1229 2718 1568 2774 monasterii
1618 2718 1795 2789 aliqui
1852 2733 2023 2772 vene-

315 2806 462 2875 rint,
494 2808 543 2863 si
575 2808 769 2866 clerici
808 2811 1018 2866 fuerint
1063 2816 1163 2865 aut
1213 2810 1502 2878 monachi,
1556 2809 1760 2879 majori
1812 2809 2027 2864 honore

318 2896 718 2967 suscipiantur
779 2915 792 2954 :
861 2898 1254 2969 lavabuntqne
1311 2902 1485 2970 pedes
1562 2915 1782 2965 eorum,
1854 2899 2028 2969 juxta

391 3093 509 3163 (28)
576 3091 818 3147 Psiatho.
878 3093 1165 3162 Psiatpum
1215 3092 1335 3147 sive
1384 3092 1689 3160 Psathium,
1740 3098 1821 3145 est
1870 3096 2029 3162 teges

321 3165 444 3219 sive
472 3171 680 3229 storea,
715 3180 781 3218 ex
824 3165 1003 3234 junco
1035 3164 1153 3218 sive
1204 3180 1419 3235 papyro
1472 3165 1753 3235 confecta,
1792 3180 1902 3233 qua
1934 3180 2030 3231 pro

318 3235 471 3292 lecto
502 3244 558 3292 et
590 3236 851 3308 stragulo
892 3234 1219 3292 utebantur
1255 3235 1543 3303 monachi,
1578 3235 1704 3288 Vid.
1744 3234 2027 3305 Roswcy-

2137 1934 2306 1973 nemo
2356 1922 2605 1972 teneat:
2659 1919 2759 1972 sed
2800 1917 2917 1972 sive
2967 1918 3210 1981 steterit,
3265 1918 3383 1972 sive
3425 1920 3834 1989 ambulaverit,

2132 2009 2249 2063 sive
2280 2009 2514 2076 sederit,
2543 2024 2655 2063 uno
2688 2008 2880 2063 cubito
2902 2008 3081 2062 distet
3112 2009 3181 2062 ab
3215 2008 3416 2064 altero.

2202 2151 2361 2206 XLV.
2396 2152 2454 2205 Si
2487 2151 2613 2223 quis
2648 2151 2847 2205 tulerit
2896 2166 3015 2205 rem
3068 2165 3180 2205 non
3222 2166 3407 2220 suam,
3462 2156 3709 2223 ponetur
3738 2169 3834 2208 su-

2131 2256 2229 2311 per
2260 2240 2536 2295 humeros
2569 2242 2727 2310 ejus;
2762 2244 2817 2295 et
2856 2241 2937 2295 sic
2970 2246 3100 2312 agat
3148 2242 3548 2312 paenitentiam
3600 2242 3831 2313 publice

2130 2331 2190 2385 in
2222 2330 2485 2387 collecta.

2202 2475 2397 2531 XLVI.
2443 2476 2503 2530 Si
2548 2476 2892 2547 praepositus
2941 2477 3161 2547 injuste
3204 2478 3571 2549 judicaverit,
3602 2478 3838 2549 injusti-

2133 2568 2225 2623 tits
2256 2569 2326 2623 ab
2358 2567 2487 2622 aliis
2519 2568 3023 2623 condemnabitur.

2204 2711 2423 2767 XLVII.
2460 2712 2564 2778 Qui
2597 2712 2890 2767 consentit
2934 2717 3203 2783 peccatis,
3257 2716 3313 2767 et
3358 2712 3617 2769 defendit
3646 2712 3839 2769 alium

2136 2804 2587 2875 delinquentem,
2623 2805 2965 2860 maledictus
2995 2806 3103 2860 erit
3149 2806 3303 2875 apud
3352 2804 3535 2860 Deum
3566 2808 3623 2860 et
3649 2804 3846 2859 homi-

2137 2911 2258 2962 nes,
2288 2898 2345 2949 et
2373 2894 2715 2965 corripiatur
2746 2895 3143 2966 increpatione
3175 2895 3571 2951 severissima.

2139 3094 2279 3146 dum
2324 3091 2383 3144 in
2427 3094 2703 3149 Onomast.
2757 3093 2826 3145 ad
2877 3090 2991 3145 Vit.
3044 3091 3149 3145 PP.
3200 3092 3355 3158 1035,
3403 3096 3459 3146 et
3503 3092 3843 3148 Menardum

2141 3166 2210 3218 ad
2245 3162 2607 3219 Concordiam
2636 3164 2848 3231 Regul.,
2894 3179 3019 3233 pag.
3068 3163 3192 3216 758.
3242 3163 3521 3219 Hons'ran.
3568 3194 3637 3204 —
3666 3164 3846 3220 Vide-

2140 3236 2221 3290 sis
2254 3235 2536 3307 Cangium
2568 3234 2626 3288 in
2660 3235 2952 3302 Gtossario,
2984 3251 3037 3288 v.
3073 3235 3375 3289 Psiatium.
