  <div class='ocr_page' id='page_1' title='image "/cluster/home/n/w/nwhite01/storage/ocr_20150623/34/mdp.39015041165401/563.png"; bbox 0 0 4076 6280; ppageno 0'>
   <div class='ocr_carea' id='block_1_1' title="bbox 336 333 3863 410">
    <p class='ocr_par' dir='ltr' id='par_1_1' title="bbox 336 333 3863 410">
     <span class='ocr_line' id='line_1_1' title="bbox 336 333 3863 410; baseline -0.002 -9"><span class='ocrx_word' id='word_1_1' title='bbox 336 340 449 403; x_wconf 81' lang='grc'>991</span> <span class='ocrx_word' id='word_1_2' title='bbox 1592 342 1695 399; x_wconf 84' lang='lat' dir='ltr'>AD</span> <span class='ocrx_word' id='word_1_3' title='bbox 1720 337 2105 401; x_wconf 22' lang='lat' dir='ltr'>.PALLADII</span> <span class='ocrx_word' id='word_1_4' title='bbox 2150 333 2592 397; x_wconf 83' lang='lat' dir='ltr'>LAUSIACAM</span> <span class='ocrx_word' id='word_1_5' title='bbox 3729 349 3863 410; x_wconf 75' lang='lat'>992</span> 
     </span>
    </p>
   </div>
   <div class='ocr_carea' id='block_1_2' title="bbox 1534 725 2647 927">
    <p class='ocr_par' dir='ltr' id='par_1_2' title="bbox 1534 725 2647 927">
     <span class='ocr_line' id='line_1_2' title="bbox 1534 725 2647 927; baseline 0.002 -3"><span class='ocrx_word' id='word_1_6' title='bbox 1534 725 2647 927; x_wconf 87' lang='lat' dir='ltr'>PALLADII</span> 
     </span>
    </p>
   </div>
   <div class='ocr_carea' id='block_1_3' title="bbox 1246 1050 2919 1168">
    <p class='ocr_par' dir='ltr' id='par_1_3' title="bbox 1246 1050 2919 1168">
     <span class='ocr_line' id='line_1_3' title="bbox 1246 1050 2919 1168; baseline -0.004 -1"><span class='ocrx_word' id='word_1_7' title='bbox 1246 1052 2313 1168; x_wconf 81' lang='lat' dir='ltr'>HELENOPOLlTANI</span> <span class='ocrx_word' id='word_1_8' title='bbox 2394 1050 2919 1165; x_wconf 77' lang='lat' dir='ltr'>EPISCOPI</span> 
     </span>
    </p>
   </div>
   <div class='ocr_carea' id='block_1_4' title="bbox 1025 1288 3163 1466">
    <p class='ocr_par' dir='ltr' id='par_1_4' title="bbox 1025 1288 3163 1466">
     <span class='ocr_line' id='line_1_4' title="bbox 1025 1288 3163 1466; baseline 0.006 -13"><span class='ocrx_word' id='word_1_9' title='bbox 1025 1288 2001 1457; x_wconf 81' lang='lat' dir='ltr'>HISTORIA</span> <span class='ocrx_word' id='word_1_10' title='bbox 2114 1288 3163 1466; x_wconf 80' lang='lat' dir='ltr'>LAUSIACA.</span> 
     </span>
    </p>
   </div>
   <div class='ocr_carea' id='block_1_5' title="bbox 1200 1764 3001 1855">
    <p class='ocr_par' dir='ltr' id='par_1_5' title="bbox 1200 1764 3001 1855">
     <span class='ocr_line' id='line_1_5' title="bbox 1200 1764 3001 1855; baseline -0.007 0"><span class='ocrx_word' id='word_1_11' title='bbox 1200 1766 1812 1855; x_wconf 64' lang='lat' dir='ltr'>PHEFATIO</span> <span class='ocrx_word' id='word_1_12' title='bbox 1872 1764 2407 1853; x_wconf 80' lang='lat' dir='ltr'>GENTIANI</span> <span class='ocrx_word' id='word_1_13' title='bbox 2467 1765 2697 1851; x_wconf 77' lang='grc' dir='ltr'>ΗΕΒ</span> <span class='ocrx_word' id='word_1_14' title='bbox 2720 1767 3001 1853; x_wconf 83' lang='lat' dir='ltr'>VETI.</span> 
     </span>
    </p>
   </div>
   <div class='ocr_carea' id='block_1_6' title="bbox 428 2126 3866 2219">
    <p class='ocr_par' dir='ltr' id='par_1_6' title="bbox 428 2126 3866 2219">
     <span class='ocr_line' id='line_1_6' title="bbox 428 2126 3866 2219; baseline -0.002 -11"><span class='ocrx_word' id='word_1_15' title='bbox 428 2145 521 2211; x_wconf 94' lang='lat' dir='ltr'>De</span> <span class='ocrx_word' id='word_1_16' title='bbox 538 2138 1077 2209; x_wconf 82' lang='lat' dir='ltr'>monachorum</span> <span class='ocrx_word' id='word_1_17' title='bbox 1094 2136 1267 2212; x_wconf 90' lang='lat' dir='ltr'>vita,</span> <span class='ocrx_word' id='word_1_18' title='bbox 1290 2134 1613 2202; x_wconf 89' lang='lat' dir='ltr'>moribus</span> <span class='ocrx_word' id='word_1_19' title='bbox 1627 2135 1691 2201; x_wconf 89' lang='lat' dir='ltr'>et</span> <span class='ocrx_word' id='word_1_20' title='bbox 1706 2129 2084 2203; x_wconf 90' lang='lat' dir='ltr'>institutis,</span> <span class='ocrx_word' id='word_1_21' title='bbox 2104 2149 2273 2196; x_wconf 89' lang='lat' dir='ltr'>cum</span> <span class='ocrx_word' id='word_1_22' title='bbox 2295 2149 2361 2195; x_wconf 90' lang='lat' dir='ltr'>m</span> <span class='ocrx_word' id='word_1_23' title='bbox 2376 2126 2505 2196; x_wconf 89' lang='lat' dir='ltr'>ulti</span> <span class='ocrx_word' id='word_1_24' title='bbox 2527 2127 2758 2195; x_wconf 92' lang='lat' dir='ltr'>multa</span> <span class='ocrx_word' id='word_1_25' title='bbox 2772 2127 3084 2217; x_wconf 81' lang='lat' dir='ltr'>sparsim</span> <span class='ocrx_word' id='word_1_26' title='bbox 3104 2128 3556 2219; x_wconf 83' lang='lat' dir='ltr'>scripserint.</span> <span class='ocrx_word' id='word_1_27' title='bbox 3577 2134 3866 2201; x_wconf 83' lang='lat' dir='ltr'>Lausus</span> 
     </span>
    </p>
   </div>
   <div class='ocr_carea' id='block_1_7' title="bbox 336 2236 3852 2339">
    <p class='ocr_par' dir='ltr' id='par_1_7' title="bbox 336 2236 3852 2339">
     <span class='ocr_line' id='line_1_7' title="bbox 336 2236 3852 2339; baseline -0.002 -24"><span class='ocrx_word' id='word_1_28' title='bbox 336 2250 762 2339; x_wconf 58' lang='lat' dir='ltr'>prtepositus</span> <span class='ocrx_word' id='word_1_29' title='bbox 848 2245 1101 2315; x_wconf 84' lang='lat' dir='ltr'>utilem</span> <span class='ocrx_word' id='word_1_30' title='bbox 1162 2242 1547 2311; x_wconf 87' lang='lat' dir='ltr'>historiam</span> <span class='ocrx_word' id='word_1_31' title='bbox 1612 2262 1625 2305; x_wconf 92' lang='lat'>:</span> <span class='ocrx_word' id='word_1_32' title='bbox 1685 2238 2073 2307; x_wconf 89' lang='lat' dir='ltr'>Cassianus</span> <span class='ocrx_word' id='word_1_33' title='bbox 2132 2236 2557 2304; x_wconf 91' lang='lat' dir='ltr'>collationes</span> <span class='ocrx_word' id='word_1_34' title='bbox 2594 2258 2607 2301; x_wconf 90' lang='lat'>:</span> <span class='ocrx_word' id='word_1_35' title='bbox 2644 2236 3101 2325; x_wconf 89' lang='lat' dir='ltr'>Sophronius</span> <span class='ocrx_word' id='word_1_36' title='bbox 3140 2237 3852 2329; x_wconf 84' lang='lat' dir='ltr'>Hierosolymitanus</span> 
     </span>
    </p>
   </div>
   <div class='ocr_carea' id='block_1_8' title="bbox 336 2343 3849 2446">
    <p class='ocr_par' dir='ltr' id='par_1_8' title="bbox 336 2343 3849 2446">
     <span class='ocr_line' id='line_1_8' title="bbox 336 2343 3849 2446; baseline -0.003 -21"><span class='ocrx_word' id='word_1_37' title='bbox 336 2360 671 2446; x_wconf 89' lang='lat' dir='ltr'>paratum</span> <span class='ocrx_word' id='word_1_38' title='bbox 706 2359 774 2423; x_wconf 92' lang='lat' dir='ltr'>et</span> <span class='ocrx_word' id='word_1_39' title='bbox 806 2375 1073 2422; x_wconf 88' lang='lat' dir='ltr'>novum</span> <span class='ocrx_word' id='word_1_40' title='bbox 1112 2351 1534 2439; x_wconf 89' lang='lat' dir='ltr'>paradisum</span> <span class='ocrx_word' id='word_1_41' title='bbox 1571 2346 1779 2416; x_wconf 89' lang='lat' dir='ltr'>titulo</span> <span class='ocrx_word' id='word_1_42' title='bbox 1813 2344 2155 2414; x_wconf 86' lang='lat' dir='ltr'>ediderit:</span> <span class='ocrx_word' id='word_1_43' title='bbox 2196 2344 2685 2433; x_wconf 82' lang='lat' dir='ltr'>Hieronymus</span> <span class='ocrx_word' id='word_1_44' title='bbox 2724 2343 3136 2432; x_wconf 89' lang='lat' dir='ltr'>aliquorum</span> <span class='ocrx_word' id='word_1_45' title='bbox 3160 2345 3389 2413; x_wconf 88' lang='lat' dir='ltr'>vitas:</span> <span class='ocrx_word' id='word_1_46' title='bbox 3429 2347 3735 2414; x_wconf 87' lang='lat' dir='ltr'>Basilius</span> <span class='ocrx_word' id='word_1_47' title='bbox 3767 2347 3849 2414; x_wconf 89' lang='lat' dir='ltr'>in</span> 
     </span>
    </p>
   </div>
   <div class='ocr_carea' id='block_1_9' title="bbox 335 2451 3855 2549">
    <p class='ocr_par' dir='ltr' id='par_1_9' title="bbox 335 2451 3855 2549">
     <span class='ocr_line' id='line_1_9' title="bbox 335 2451 3855 2549; baseline -0.003 -18"><span class='ocrx_word' id='word_1_48' title='bbox 335 2465 648 2532; x_wconf 88' lang='lat' dir='ltr'>ascetico</span> <span class='ocrx_word' id='word_1_49' title='bbox 680 2461 971 2549; x_wconf 87' lang='lat' dir='ltr'>regulas</span> <span class='ocrx_word' id='word_1_50' title='bbox 1000 2484 1013 2526; x_wconf 93' lang='lat'>:</span> <span class='ocrx_word' id='word_1_51' title='bbox 1052 2459 1449 2527; x_wconf 90' lang='lat' dir='ltr'>Damianus</span> <span class='ocrx_word' id='word_1_52' title='bbox 1475 2460 1544 2523; x_wconf 89' lang='lat' dir='ltr'>et</span> <span class='ocrx_word' id='word_1_53' title='bbox 1575 2454 1724 2522; x_wconf 93' lang='lat' dir='ltr'>Odo</span> <span class='ocrx_word' id='word_1_54' title='bbox 1759 2475 1870 2521; x_wconf 90' lang='lat' dir='ltr'>res</span> <span class='ocrx_word' id='word_1_55' title='bbox 1903 2454 2183 2539; x_wconf 85' lang='lat' dir='ltr'>gestas:</span> <span class='ocrx_word' id='word_1_56' title='bbox 2220 2451 2363 2519; x_wconf 93' lang='lat' dir='ltr'>duo</span> <span class='ocrx_word' id='word_1_57' title='bbox 2386 2454 2637 2519; x_wconf 91' lang='lat' dir='ltr'>tamen</span> <span class='ocrx_word' id='word_1_58' title='bbox 2657 2451 3115 2520; x_wconf 89' lang='lat' dir='ltr'>celeberrimi</span> <span class='ocrx_word' id='word_1_59' title='bbox 3145 2457 3212 2520; x_wconf 89' lang='lat' dir='ltr'>et</span> <span class='ocrx_word' id='word_1_60' title='bbox 3249 2454 3506 2540; x_wconf 85' lang='lat' dir='ltr'>magni</span> <span class='ocrx_word' id='word_1_61' title='bbox 3532 2455 3855 2523; x_wconf 90' lang='lat' dir='ltr'>nominis</span> 
     </span>
    </p>
   </div>
   <div class='ocr_carea' id='block_1_10' title="bbox 335 2558 3853 2651">
    <p class='ocr_par' dir='ltr' id='par_1_10' title="bbox 335 2558 3853 2651">
     <span class='ocr_line' id='line_1_10' title="bbox 335 2558 3853 2651; baseline -0.003 -14"><span class='ocrx_word' id='word_1_62' title='bbox 335 2575 691 2649; x_wconf 90' lang='lat' dir='ltr'>auctores,</span> <span class='ocrx_word' id='word_1_63' title='bbox 732 2568 1095 2635; x_wconf 88' lang='lat' dir='ltr'>Palladius</span> <span class='ocrx_word' id='word_1_64' title='bbox 1128 2571 1194 2634; x_wconf 84' lang='lat' dir='ltr'>et</span> <span class='ocrx_word' id='word_1_65' title='bbox 1216 2563 1732 2643; x_wconf 88' lang='lat' dir='ltr'>Theodoretus,</span> <span class='ocrx_word' id='word_1_66' title='bbox 1758 2560 2271 2628; x_wconf 90' lang='lat' dir='ltr'>ealitterarum</span> <span class='ocrx_word' id='word_1_67' title='bbox 2302 2559 2777 2626; x_wconf 86' lang='lat' dir='ltr'>monimentis</span> <span class='ocrx_word' id='word_1_68' title='bbox 2802 2558 3369 2642; x_wconf 89' lang='lat' dir='ltr'>mandaverunt,</span> <span class='ocrx_word' id='word_1_69' title='bbox 3394 2581 3557 2648; x_wconf 78' lang='lat' dir='ltr'>quae</span> <span class='ocrx_word' id='word_1_70' title='bbox 3585 2562 3773 2651; x_wconf 90' lang='lat' dir='ltr'>(cum</span> <span class='ocrx_word' id='word_1_71' title='bbox 3800 2562 3853 2628; x_wconf 90' lang='lat' dir='ltr'>ii</span> 
     </span>
    </p>
   </div>
   <div class='ocr_carea' id='block_1_11' title="bbox 337 2666 3846 2766">
    <p class='ocr_par' dir='ltr' id='par_1_11' title="bbox 337 2666 3846 2766">
     <span class='ocr_line' id='line_1_11' title="bbox 337 2666 3846 2766; baseline -0.002 -21"><span class='ocrx_word' id='word_1_72' title='bbox 337 2679 423 2745; x_wconf 91' lang='lat' dir='ltr'>de</span> <span class='ocrx_word' id='word_1_73' title='bbox 455 2677 719 2766; x_wconf 89' lang='lat' dir='ltr'>quibus</span> <span class='ocrx_word' id='word_1_74' title='bbox 753 2675 1107 2753; x_wconf 90' lang='lat' dir='ltr'>scribunt,</span> <span class='ocrx_word' id='word_1_75' title='bbox 1145 2674 1437 2761; x_wconf 74' lang='lat' dir='ltr'>Sytiotae</span> <span class='ocrx_word' id='word_1_76' title='bbox 1480 2675 1548 2737; x_wconf 91' lang='lat' dir='ltr'>et</span> <span class='ocrx_word' id='word_1_77' title='bbox 1576 2668 2023 2737; x_wconf 66' lang='lat' dir='ltr'>Tabensiota)</span> <span class='ocrx_word' id='word_1_78' title='bbox 2058 2667 2421 2745; x_wconf 90' lang='lat' dir='ltr'>videlicet,</span> <span class='ocrx_word' id='word_1_79' title='bbox 2470 2666 2583 2735; x_wconf 91' lang='lat' dir='ltr'>vel</span> <span class='ocrx_word' id='word_1_80' title='bbox 2622 2667 2916 2735; x_wconf 92' lang='lat' dir='ltr'>illorum</span> <span class='ocrx_word' id='word_1_81' title='bbox 2960 2668 3436 2756; x_wconf 85' lang='lat' dir='ltr'>temporibus,</span> <span class='ocrx_word' id='word_1_82' title='bbox 3473 2669 3581 2738; x_wconf 90' lang='lat' dir='ltr'>vel</span> <span class='ocrx_word' id='word_1_83' title='bbox 3626 2671 3846 2759; x_wconf 86' lang='lat' dir='ltr'>paulo</span> 
     </span>
    </p>
   </div>
   <div class='ocr_carea' id='block_1_12' title="bbox 337 2774 3834 2867">
    <p class='ocr_par' dir='ltr' id='par_1_12' title="bbox 337 2774 3834 2867">
     <span class='ocr_line' id='line_1_12' title="bbox 337 2774 3834 2867; baseline -0.002 -14"><span class='ocrx_word' id='word_1_84' title='bbox 337 2787 505 2853; x_wconf 86' lang='lat' dir='ltr'>ante</span> <span class='ocrx_word' id='word_1_85' title='bbox 538 2804 790 2851; x_wconf 91' lang='lat' dir='ltr'>eorum</span> <span class='ocrx_word' id='word_1_86' title='bbox 826 2784 1153 2867; x_wconf 88' lang='lat' dir='ltr'>tempora</span> <span class='ocrx_word' id='word_1_87' title='bbox 1186 2778 1526 2862; x_wconf 84' lang='lat' dir='ltr'>vixerint)</span> <span class='ocrx_word' id='word_1_88' title='bbox 1557 2778 1683 2843; x_wconf 90' lang='lat' dir='ltr'>aut</span> <span class='ocrx_word' id='word_1_89' title='bbox 1715 2796 1756 2841; x_wconf 93' lang='lat' dir='ltr'>a</span> <span class='ocrx_word' id='word_1_90' title='bbox 1785 2774 1963 2841; x_wconf 93' lang='lat' dir='ltr'>viris</span> <span class='ocrx_word' id='word_1_91' title='bbox 1999 2774 2137 2842; x_wconf 80' lang='lat' dir='ltr'>fide</span> <span class='ocrx_word' id='word_1_92' title='bbox 2167 2774 2412 2861; x_wconf 81' lang='lat' dir='ltr'>dignis</span> <span class='ocrx_word' id='word_1_93' title='bbox 2455 2774 2580 2863; x_wconf 90' lang='lat' dir='ltr'>qui</span> <span class='ocrx_word' id='word_1_94' title='bbox 2610 2795 2696 2842; x_wconf 92' lang='lat' dir='ltr'>ea</span> <span class='ocrx_word' id='word_1_95' title='bbox 2725 2774 3089 2857; x_wconf 89' lang='lat' dir='ltr'>viderant,</span> <span class='ocrx_word' id='word_1_96' title='bbox 3122 2796 3489 2866; x_wconf 84' lang='lat' dir='ltr'>accepere,</span> <span class='ocrx_word' id='word_1_97' title='bbox 3524 2782 3643 2845; x_wconf 86' lang='lat' dir='ltr'>aut</span> <span class='ocrx_word' id='word_1_98' title='bbox 3689 2778 3834 2866; x_wconf 90' lang='lat' dir='ltr'>ipsi</span> 
     </span>
    </p>
   </div>
   <div class='ocr_carea' id='block_1_13' title="bbox 335 2880 3838 2978">
    <p class='ocr_par' dir='ltr' id='par_1_13' title="bbox 335 2880 3838 2978">
     <span class='ocr_line' id='line_1_13' title="bbox 335 2880 3838 2978; baseline -0.001 -19"><span class='ocrx_word' id='word_1_99' title='bbox 335 2892 487 2959; x_wconf 89' lang='lat' dir='ltr'>suis</span> <span class='ocrx_word' id='word_1_100' title='bbox 519 2889 748 2959; x_wconf 91' lang='lat' dir='ltr'>oculis</span> <span class='ocrx_word' id='word_1_101' title='bbox 784 2889 1176 2978; x_wconf 65' lang='lat' dir='ltr'>praesentes</span> <span class='ocrx_word' id='word_1_102' title='bbox 1219 2904 1669 2975; x_wconf 83' lang='lat' dir='ltr'>perspexere.</span> <span class='ocrx_word' id='word_1_103' title='bbox 1707 2884 2025 2961; x_wconf 89' lang='lat' dir='ltr'>Quorum</span> <span class='ocrx_word' id='word_1_104' title='bbox 2072 2880 2253 2948; x_wconf 90' lang='lat' dir='ltr'>alter</span> <span class='ocrx_word' id='word_1_105' title='bbox 2283 2881 2606 2970; x_wconf 88' lang='lat' dir='ltr'>quidem,</span> <span class='ocrx_word' id='word_1_106' title='bbox 2635 2903 2899 2971; x_wconf 90' lang='lat' dir='ltr'>nempe</span> <span class='ocrx_word' id='word_1_107' title='bbox 2928 2882 3322 2968; x_wconf 87' lang='lat' dir='ltr'>Palladius,</span> <span class='ocrx_word' id='word_1_108' title='bbox 3360 2888 3565 2953; x_wconf 88' lang='lat' dir='ltr'>antea</span> <span class='ocrx_word' id='word_1_109' title='bbox 3584 2885 3838 2955; x_wconf 89' lang='lat' dir='ltr'>Latine</span> 
     </span>
    </p>
   </div>
   <div class='ocr_carea' id='block_1_14' title="bbox 331 2987 3840 3080">
    <p class='ocr_par' dir='ltr' id='par_1_14' title="bbox 331 2987 3840 3080">
     <span class='ocr_line' id='line_1_14' title="bbox 331 2987 3840 3080; baseline -0.002 -13"><span class='ocrx_word' id='word_1_110' title='bbox 331 3019 613 3080; x_wconf 90' lang='lat' dir='ltr'>versus,</span> <span class='ocrx_word' id='word_1_111' title='bbox 660 2998 793 3065; x_wconf 88' lang='lat' dir='ltr'>sub</span> <span class='ocrx_word' id='word_1_112' title='bbox 828 2993 1228 3062; x_wconf 88' lang='lat' dir='ltr'>Heraclidis</span> <span class='ocrx_word' id='word_1_113' title='bbox 1261 2991 1563 3060; x_wconf 83' lang='lat' dir='ltr'>nomine</span> <span class='ocrx_word' id='word_1_114' title='bbox 1605 2990 1679 3057; x_wconf 91' lang='lat' dir='ltr'>in</span> <span class='ocrx_word' id='word_1_115' title='bbox 1714 2987 1955 3056; x_wconf 90' lang='lat' dir='ltr'>lucem</span> <span class='ocrx_word' id='word_1_116' title='bbox 2007 2988 2203 3071; x_wconf 87' lang='lat' dir='ltr'>exiit,</span> <span class='ocrx_word' id='word_1_117' title='bbox 2261 2987 2383 3055; x_wconf 90' lang='lat' dir='ltr'>sed</span> <span class='ocrx_word' id='word_1_118' title='bbox 2430 3010 2578 3055; x_wconf 92' lang='lat' dir='ltr'>non</span> <span class='ocrx_word' id='word_1_119' title='bbox 2634 2989 2941 3076; x_wconf 89' lang='lat' dir='ltr'>integer,</span> <span class='ocrx_word' id='word_1_120' title='bbox 2978 3012 3148 3057; x_wconf 91' lang='lat' dir='ltr'>cum</span> <span class='ocrx_word' id='word_1_121' title='bbox 3182 2991 3258 3057; x_wconf 94' lang='lat' dir='ltr'>in</span> <span class='ocrx_word' id='word_1_122' title='bbox 3302 3012 3384 3059; x_wconf 95' lang='lat' dir='ltr'>eo</span> <span class='ocrx_word' id='word_1_123' title='bbox 3417 2990 3578 3080; x_wconf 90' lang='lat' dir='ltr'>plus</span> <span class='ocrx_word' id='word_1_124' title='bbox 3617 3012 3840 3080; x_wconf 88' lang='lat' dir='ltr'>quam</span> 
     </span>
    </p>
   </div>
   <div class='ocr_carea' id='block_1_15' title="bbox 329 3094 3839 3195">
    <p class='ocr_par' dir='ltr' id='par_1_15' title="bbox 329 3094 3839 3195">
     <span class='ocr_line' id='line_1_15' title="bbox 329 3094 3839 3195; baseline -0.003 -19"><span class='ocrx_word' id='word_1_125' title='bbox 329 3106 634 3195; x_wconf 87' lang='lat' dir='ltr'>triginta</span> <span class='ocrx_word' id='word_1_126' title='bbox 674 3106 840 3175; x_wconf 66' lang='lat' dir='ltr'>vitae</span> <span class='ocrx_word' id='word_1_127' title='bbox 875 3102 1401 3171; x_wconf 90' lang='lat' dir='ltr'>desiderentur.</span> <span class='ocrx_word' id='word_1_128' title='bbox 1439 3102 1687 3187; x_wconf 90' lang='lat' dir='ltr'>Itaque</span> <span class='ocrx_word' id='word_1_129' title='bbox 1710 3116 1857 3165; x_wconf 92' lang='lat' dir='ltr'>non</span> <span class='ocrx_word' id='word_1_130' title='bbox 1892 3096 2065 3163; x_wconf 88' lang='lat' dir='ltr'>satis</span> <span class='ocrx_word' id='word_1_131' title='bbox 2098 3094 2316 3163; x_wconf 94' lang='lat' dir='ltr'>habui</span> <span class='ocrx_word' id='word_1_132' title='bbox 2358 3095 2429 3162; x_wconf 94' lang='lat' dir='ltr'>id</span> <span class='ocrx_word' id='word_1_133' title='bbox 2482 3096 2669 3184; x_wconf 91' lang='lat' dir='ltr'>quod</span> <span class='ocrx_word' id='word_1_134' title='bbox 2705 3096 2768 3164; x_wconf 89' lang='lat' dir='ltr'>ei</span> <span class='ocrx_word' id='word_1_135' title='bbox 2801 3095 3069 3173; x_wconf 89' lang='lat' dir='ltr'>deerat,</span> <span class='ocrx_word' id='word_1_136' title='bbox 3103 3097 3463 3187; x_wconf 88' lang='lat' dir='ltr'>supplere,</span> <span class='ocrx_word' id='word_1_137' title='bbox 3502 3098 3642 3165; x_wconf 90' lang='lat' dir='ltr'>nisi</span> <span class='ocrx_word' id='word_1_138' title='bbox 3672 3120 3839 3167; x_wconf 91' lang='lat' dir='ltr'>eum</span> 
     </span>
    </p>
   </div>
   <div class='ocr_carea' id='block_1_16' title="bbox 327 3201 3845 3302">
    <p class='ocr_par' dir='ltr' id='par_1_16' title="bbox 327 3201 3845 3302">
     <span class='ocr_line' id='line_1_16' title="bbox 327 3201 3845 3302; baseline -0.002 -21"><span class='ocrx_word' id='word_1_139' title='bbox 327 3214 567 3282; x_wconf 90' lang='lat' dir='ltr'>denuo</span> <span class='ocrx_word' id='word_1_140' title='bbox 600 3233 642 3279; x_wconf 92' lang='lat' dir='ltr'>a</span> <span class='ocrx_word' id='word_1_141' title='bbox 681 3211 919 3302; x_wconf 88' lang='lat' dir='ltr'>capite</span> <span class='ocrx_word' id='word_1_142' title='bbox 959 3214 1344 3277; x_wconf 89' lang='lat' dir='ltr'>verterem.</span> <span class='ocrx_word' id='word_1_143' title='bbox 1396 3209 1544 3274; x_wconf 91' lang='lat' dir='ltr'>Hoc</span> <span class='ocrx_word' id='word_1_144' title='bbox 1577 3210 1822 3273; x_wconf 90' lang='lat' dir='ltr'>autem</span> <span class='ocrx_word' id='word_1_145' title='bbox 1858 3224 2013 3270; x_wconf 91' lang='lat' dir='ltr'>esse</span> <span class='ocrx_word' id='word_1_146' title='bbox 2064 3221 2244 3289; x_wconf 86' lang='lat' dir='ltr'>Opus</span> <span class='ocrx_word' id='word_1_147' title='bbox 2297 3201 2629 3285; x_wconf 90' lang='lat' dir='ltr'>Palladii,</span> <span class='ocrx_word' id='word_1_148' title='bbox 2684 3224 2901 3271; x_wconf 90' lang='lat' dir='ltr'>nemo</span> <span class='ocrx_word' id='word_1_149' title='bbox 2958 3204 3400 3273; x_wconf 87' lang='lat' dir='ltr'>dubitaverit</span> <span class='ocrx_word' id='word_1_150' title='bbox 3430 3206 3557 3294; x_wconf 91' lang='lat' dir='ltr'>qui</span> <span class='ocrx_word' id='word_1_151' title='bbox 3587 3205 3845 3294; x_wconf 85' lang='lat' dir='ltr'>legerit</span> 
     </span>
    </p>
   </div>
   <div class='ocr_carea' id='block_1_17' title="bbox 328 3308 3835 3408">
    <p class='ocr_par' dir='ltr' id='par_1_17' title="bbox 328 3308 3835 3408">
     <span class='ocr_line' id='line_1_17' title="bbox 328 3308 3835 3408; baseline -0.002 -21"><span class='ocrx_word' id='word_1_152' title='bbox 328 3323 549 3408; x_wconf 90' lang='lat' dir='ltr'>caput</span> <span class='ocrx_word' id='word_1_153' title='bbox 576 3323 686 3394; x_wconf 81' lang='grc'>44,</span> <span class='ocrx_word' id='word_1_154' title='bbox 724 3320 847 3386; x_wconf 91' lang='lat' dir='ltr'>lib.</span> <span class='ocrx_word' id='word_1_155' title='bbox 882 3338 934 3385; x_wconf 96' lang='lat' dir='ltr'>II</span> <span class='ocrx_word' id='word_1_156' title='bbox 965 3318 1446 3385; x_wconf 66' lang='lat' dir='ltr'>ecclesiasticae</span> <span class='ocrx_word' id='word_1_157' title='bbox 1488 3314 1812 3381; x_wconf 66' lang='lat' dir='ltr'>Historiae</span> <span class='ocrx_word' id='word_1_158' title='bbox 1861 3308 2296 3397; x_wconf 89' lang='lat' dir='ltr'>Nicephori:</span> <span class='ocrx_word' id='word_1_159' title='bbox 2356 3309 2752 3394; x_wconf 86' lang='lat' dir='ltr'>Palladius,</span> <span class='ocrx_word' id='word_1_160' title='bbox 2789 3310 3051 3399; x_wconf 91' lang='lat' dir='ltr'>inquit.</span> <span class='ocrx_word' id='word_1_161' title='bbox 3089 3315 3389 3399; x_wconf 73' lang='lat' dir='ltr'>Evagrii</span> <span class='ocrx_word' id='word_1_162' title='bbox 3426 3314 3835 3402; x_wconf 77' lang='lat' dir='ltr'>discipulus,</span> 
     </span>
    </p>
   </div>
   <div class='ocr_carea' id='block_1_18' title="bbox 329 3416 3844 3509">
    <p class='ocr_par' dir='ltr' id='par_1_18' title="bbox 329 3416 3844 3509">
     <span class='ocr_line' id='line_1_18' title="bbox 329 3416 3844 3509; baseline -0.001 -16"><span class='ocrx_word' id='word_1_163' title='bbox 329 3429 504 3493; x_wconf 88' lang='lat' dir='ltr'>vitas</span> <span class='ocrx_word' id='word_1_164' title='bbox 535 3434 933 3492; x_wconf 87' lang='lat' dir='ltr'>sanctorum</span> <span class='ocrx_word' id='word_1_165' title='bbox 966 3427 1221 3509; x_wconf 88' lang='lat' dir='ltr'>optime</span> <span class='ocrx_word' id='word_1_166' title='bbox 1264 3423 1610 3507; x_wconf 64' lang='lat' dir='ltr'>exposuit.</span> <span class='ocrx_word' id='word_1_167' title='bbox 1650 3421 1807 3486; x_wconf 94' lang='lat' dir='ltr'>Non</span> <span class='ocrx_word' id='word_1_168' title='bbox 1859 3416 2301 3484; x_wconf 90' lang='lat' dir='ltr'>dubitaverit</span> <span class='ocrx_word' id='word_1_169' title='bbox 2349 3416 2570 3483; x_wconf 89' lang='lat' dir='ltr'>etiam</span> <span class='ocrx_word' id='word_1_170' title='bbox 2623 3416 2747 3505; x_wconf 92' lang='lat' dir='ltr'>qui</span> <span class='ocrx_word' id='word_1_171' title='bbox 2782 3416 3039 3505; x_wconf 90' lang='lat' dir='ltr'>legerit</span> <span class='ocrx_word' id='word_1_172' title='bbox 3077 3439 3240 3507; x_wconf 90' lang='lat' dir='ltr'>cap.</span> <span class='ocrx_word' id='word_1_173' title='bbox 3279 3419 3447 3488; x_wconf 92' lang='lat' dir='ltr'>libri</span> <span class='ocrx_word' id='word_1_174' title='bbox 3488 3441 3639 3490; x_wconf 81' lang='lat' dir='ltr'><strong>VIII.</strong></span> <span class='ocrx_word' id='word_1_175' title='bbox 3686 3424 3844 3491; x_wconf 86' lang='lat' dir='ltr'>Hist</span> 
     </span>
    </p>
   </div>
   <div class='ocr_carea' id='block_1_19' title="bbox 334 3523 3844 3619">
    <p class='ocr_par' dir='ltr' id='par_1_19' title="bbox 334 3523 3844 3619">
     <span class='ocr_line' id='line_1_19' title="bbox 334 3523 3844 3619; baseline 0.001 -20"><span class='ocrx_word' id='word_1_176' title='bbox 334 3534 522 3618; x_wconf 81' lang='lat' dir='ltr'>Trip.</span> <span class='ocrx_word' id='word_1_177' title='bbox 558 3535 752 3598; x_wconf 86' lang='lat' dir='ltr'>Cass.</span> <span class='ocrx_word' id='word_1_178' title='bbox 798 3534 868 3596; x_wconf 90' lang='lat' dir='ltr'>et</span> <span class='ocrx_word' id='word_1_179' title='bbox 896 3534 983 3596; x_wconf 85' lang='lat'>23</span> <span class='ocrx_word' id='word_1_180' title='bbox 1042 3529 1363 3596; x_wconf 77' lang='lat' dir='ltr'>Socratis</span> <span class='ocrx_word' id='word_1_181' title='bbox 1415 3526 1839 3595; x_wconf 90' lang='lat' dir='ltr'>scholastici</span> <span class='ocrx_word' id='word_1_182' title='bbox 1885 3547 1899 3592; x_wconf 92' lang='lat'>:</span> <span class='ocrx_word' id='word_1_183' title='bbox 1964 3524 2088 3614; x_wconf 90' lang='lat' dir='ltr'>qui</span> <span class='ocrx_word' id='word_1_184' title='bbox 2142 3523 2447 3613; x_wconf 91' lang='lat' dir='ltr'>loquens</span> <span class='ocrx_word' id='word_1_185' title='bbox 2497 3526 2583 3592; x_wconf 91' lang='lat' dir='ltr'>de</span> <span class='ocrx_word' id='word_1_186' title='bbox 2636 3527 2912 3594; x_wconf 90' lang='lat' dir='ltr'>sanctis</span> <span class='ocrx_word' id='word_1_187' title='bbox 2961 3527 3046 3596; x_wconf 92' lang='lat' dir='ltr'>de</span> <span class='ocrx_word' id='word_1_188' title='bbox 3099 3529 3364 3617; x_wconf 90' lang='lat' dir='ltr'>quibus</span> <span class='ocrx_word' id='word_1_189' title='bbox 3410 3531 3625 3619; x_wconf 90' lang='lat' dir='ltr'>paulo</span> <span class='ocrx_word' id='word_1_190' title='bbox 3674 3536 3844 3601; x_wconf 88' lang='lat' dir='ltr'>ante</span> 
     </span>
    </p>
   </div>
   <div class='ocr_carea' id='block_1_20' title="bbox 328 3632 3847 3728">
    <p class='ocr_par' dir='ltr' id='par_1_20' title="bbox 328 3632 3847 3728">
     <span class='ocr_line' id='line_1_20' title="bbox 328 3632 3847 3728; baseline 0.001 -22"><span class='ocrx_word' id='word_1_191' title='bbox 328 3638 749 3727; x_wconf 90' lang='lat' dir='ltr'>scripserat,</span> <span class='ocrx_word' id='word_1_192' title='bbox 784 3636 938 3702; x_wconf 84' lang='lat' dir='ltr'>haec</span> <span class='ocrx_word' id='word_1_193' title='bbox 971 3634 1149 3701; x_wconf 88' lang='lat' dir='ltr'>dicit</span> <span class='ocrx_word' id='word_1_194' title='bbox 1186 3659 1197 3699; x_wconf 91' lang='lat'>:</span> <span class='ocrx_word' id='word_1_195' title='bbox 1236 3637 1313 3703; x_wconf 88' lang='lat' dir='ltr'>Si</span> <span class='ocrx_word' id='word_1_196' title='bbox 1350 3637 1505 3721; x_wconf 88' lang='lat' dir='ltr'>quis</span> <span class='ocrx_word' id='word_1_197' title='bbox 1545 3645 1779 3700; x_wconf 86' lang='lat' dir='ltr'>autem</span> <span class='ocrx_word' id='word_1_198' title='bbox 1816 3633 1974 3699; x_wconf 81' lang='lat' dir='ltr'>velit</span> <span class='ocrx_word' id='word_1_199' title='bbox 2002 3634 2177 3699; x_wconf 84' lang='lat' dir='ltr'>scire</span> <span class='ocrx_word' id='word_1_200' title='bbox 2236 3651 2314 3698; x_wconf 88' lang='lat' dir='ltr'>ea</span> <span class='ocrx_word' id='word_1_201' title='bbox 2346 3653 2496 3719; x_wconf 65' lang='lat' dir='ltr'>quae</span> <span class='ocrx_word' id='word_1_202' title='bbox 2524 3632 2663 3720; x_wconf 82' lang='lat' dir='ltr'>ipsi</span> <span class='ocrx_word' id='word_1_203' title='bbox 2692 3636 2963 3720; x_wconf 87' lang='lat' dir='ltr'>egerint</span> <span class='ocrx_word' id='word_1_204' title='bbox 2994 3644 3058 3704; x_wconf 90' lang='lat' dir='ltr'>et</span> <span class='ocrx_word' id='word_1_205' title='bbox 3086 3639 3414 3722; x_wconf 81' lang='lat' dir='ltr'>fecerint,</span> <span class='ocrx_word' id='word_1_206' title='bbox 3450 3650 3514 3707; x_wconf 84' lang='lat' dir='ltr'>et</span> <span class='ocrx_word' id='word_1_207' title='bbox 3553 3660 3705 3728; x_wconf 71' lang='lat' dir='ltr'>quae</span> <span class='ocrx_word' id='word_1_208' title='bbox 3752 3642 3847 3709; x_wconf 87' lang='lat' dir='ltr'>ad</span> 
     </span>
    </p>
   </div>
   <div class='ocr_carea' id='block_1_21' title="bbox 324 3738 3840 3833">
    <p class='ocr_par' dir='ltr' id='par_1_21' title="bbox 324 3738 3840 3833">
     <span class='ocr_line' id='line_1_21' title="bbox 324 3738 3840 3833; baseline 0.002 -23"><span class='ocrx_word' id='word_1_209' title='bbox 324 3765 566 3816; x_wconf 82' lang='lat' dir='ltr'>eorum</span> <span class='ocrx_word' id='word_1_210' title='bbox 622 3746 749 3833; x_wconf 85' lang='lat' dir='ltr'>qui</span> <span class='ocrx_word' id='word_1_211' title='bbox 804 3744 1208 3824; x_wconf 86' lang='lat' dir='ltr'>audierunt,</span> <span class='ocrx_word' id='word_1_212' title='bbox 1263 3743 1481 3809; x_wconf 89' lang='lat' dir='ltr'>locuti</span> <span class='ocrx_word' id='word_1_213' title='bbox 1524 3741 1671 3808; x_wconf 84' lang='lat' dir='ltr'>sint</span> <span class='ocrx_word' id='word_1_214' title='bbox 1710 3738 2110 3819; x_wconf 78' lang='lat' dir='ltr'>utilitatem,</span> <span class='ocrx_word' id='word_1_215' title='bbox 2165 3748 2231 3806; x_wconf 87' lang='lat' dir='ltr'>et</span> <span class='ocrx_word' id='word_1_216' title='bbox 2276 3741 2864 3827; x_wconf 81' lang='lat' dir='ltr'>quemadmodum</span> <span class='ocrx_word' id='word_1_217' title='bbox 2913 3746 3011 3810; x_wconf 88' lang='lat' dir='ltr'>eis</span> <span class='ocrx_word' id='word_1_218' title='bbox 3058 3742 3413 3812; x_wconf 73' lang='lat' dir='ltr'>obedirent</span> <span class='ocrx_word' id='word_1_219' title='bbox 3460 3749 3691 3815; x_wconf 76' lang='lat' dir='ltr'>vestiae</span> <span class='ocrx_word' id='word_1_220' title='bbox 3726 3773 3750 3825; x_wconf 89' lang='grc'>,·</span> <span class='ocrx_word' id='word_1_221' title='bbox 3800 3769 3840 3815; x_wconf 90' lang='lat' dir='ltr'>a</span> 
     </span>
    </p>
   </div>
   <div class='ocr_carea' id='block_1_22' title="bbox 324 3844 3842 3936">
    <p class='ocr_par' dir='ltr' id='par_1_22' title="bbox 324 3844 3842 3936">
     <span class='ocr_line' id='line_1_22' title="bbox 324 3844 3842 3936; baseline -0 -14"><span class='ocrx_word' id='word_1_222' title='bbox 324 3853 653 3921; x_wconf 85' lang='lat' dir='ltr'>Palladio</span> <span class='ocrx_word' id='word_1_223' title='bbox 696 3852 1035 3919; x_wconf 81' lang='lat' dir='ltr'>monacho</span> <span class='ocrx_word' id='word_1_224' title='bbox 1092 3850 1394 3934; x_wconf 82' lang='lat' dir='ltr'>scriptus</span> <span class='ocrx_word' id='word_1_225' title='bbox 1446 3854 1547 3914; x_wconf 88' lang='lat' dir='ltr'>est</span> <span class='ocrx_word' id='word_1_226' title='bbox 1594 3844 1768 3913; x_wconf 83' lang='lat' dir='ltr'>liber</span> <span class='ocrx_word' id='word_1_227' title='bbox 1817 3865 2027 3924; x_wconf 86' lang='lat' dir='ltr'>unus,</span> <span class='ocrx_word' id='word_1_228' title='bbox 2082 3844 2205 3932; x_wconf 87' lang='lat' dir='ltr'>qui</span> <span class='ocrx_word' id='word_1_229' title='bbox 2248 3847 2551 3931; x_wconf 80' lang='lat' dir='ltr'>Evagrii</span> <span class='ocrx_word' id='word_1_230' title='bbox 2595 3849 2876 3934; x_wconf 88' lang='lat' dir='ltr'>quidem</span> <span class='ocrx_word' id='word_1_231' title='bbox 2930 3858 3075 3917; x_wconf 86' lang='lat' dir='ltr'>erat</span> <span class='ocrx_word' id='word_1_232' title='bbox 3126 3851 3517 3936; x_wconf 83' lang='lat' dir='ltr'>discipulus</span> <span class='ocrx_word' id='word_1_233' title='bbox 3565 3875 3589 3918; x_wconf 90' lang='lat'>:</span> <span class='ocrx_word' id='word_1_234' title='bbox 3622 3853 3709 3921; x_wconf 89' lang='lat' dir='ltr'>de</span> <span class='ocrx_word' id='word_1_235' title='bbox 3758 3855 3842 3921; x_wconf 82' lang='lat' dir='ltr'>iis</span> 
     </span>
    </p>
   </div>
   <div class='ocr_carea' id='block_1_23' title="bbox 319 3955 3838 4045">
    <p class='ocr_par' dir='ltr' id='par_1_23' title="bbox 319 3955 3838 4045">
     <span class='ocr_line' id='line_1_23' title="bbox 319 3955 3838 4045; baseline 0 -17"><span class='ocrx_word' id='word_1_236' title='bbox 319 3969 553 4029; x_wconf 88' lang='lat' dir='ltr'>autem</span> <span class='ocrx_word' id='word_1_237' title='bbox 578 3960 813 4029; x_wconf 87' lang='lat' dir='ltr'>omnia</span> <span class='ocrx_word' id='word_1_238' title='bbox 838 3967 1169 4027; x_wconf 83' lang='lat' dir='ltr'>accurate</span> <span class='ocrx_word' id='word_1_239' title='bbox 1186 3955 1642 4043; x_wconf 84' lang='lat' dir='ltr'>pertractavit</span> <span class='ocrx_word' id='word_1_240' title='bbox 1667 3979 1687 4021; x_wconf 87' lang='lat'>:</span> <span class='ocrx_word' id='word_1_241' title='bbox 1708 3957 1781 4021; x_wconf 87' lang='lat' dir='ltr'>in</span> <span class='ocrx_word' id='word_1_242' title='bbox 1807 3974 1941 4041; x_wconf 88' lang='lat' dir='ltr'>quo</span> <span class='ocrx_word' id='word_1_243' title='bbox 1964 3955 2173 4021; x_wconf 86' lang='lat' dir='ltr'>etiam</span> <span class='ocrx_word' id='word_1_244' title='bbox 2198 3955 2519 4020; x_wconf 80' lang='lat' dir='ltr'>meminit</span> <span class='ocrx_word' id='word_1_245' title='bbox 2541 3957 2915 4023; x_wconf 82' lang='lat' dir='ltr'>mulierum</span> <span class='ocrx_word' id='word_1_246' title='bbox 2938 3978 3088 4045; x_wconf 70' lang='lat' dir='ltr'>quae</span> <span class='ocrx_word' id='word_1_247' title='bbox 3104 3978 3240 4044; x_wconf 86' lang='lat' dir='ltr'>par</span> <span class='ocrx_word' id='word_1_248' title='bbox 3264 3959 3413 4026; x_wconf 72' lang='lat' dir='ltr'>vitae</span> <span class='ocrx_word' id='word_1_249' title='bbox 3435 3959 3838 4029; x_wconf 81' lang='lat' dir='ltr'>institutum</span> 
     </span>
    </p>
   </div>
   <div class='ocr_carea' id='block_1_24' title="bbox 320 4059 3841 4154">
    <p class='ocr_par' dir='ltr' id='par_1_24' title="bbox 320 4059 3841 4154">
     <span class='ocr_line' id='line_1_24' title="bbox 320 4059 3841 4154; baseline -0 -17"><span class='ocrx_word' id='word_1_250' title='bbox 320 4089 478 4138; x_wconf 89' lang='lat' dir='ltr'>cum</span> <span class='ocrx_word' id='word_1_251' title='bbox 510 4070 679 4135; x_wconf 87' lang='lat' dir='ltr'>viris</span> <span class='ocrx_word' id='word_1_252' title='bbox 704 4068 911 4153; x_wconf 84' lang='lat' dir='ltr'>prius</span> <span class='ocrx_word' id='word_1_253' title='bbox 936 4067 1140 4133; x_wconf 86' lang='lat' dir='ltr'>dictis</span> <span class='ocrx_word' id='word_1_254' title='bbox 1172 4074 1635 4150; x_wconf 85' lang='lat' dir='ltr'>susceperunt.</span> <span class='ocrx_word' id='word_1_255' title='bbox 1676 4060 1873 4139; x_wconf 88' lang='lat' dir='ltr'>Quod</span> <span class='ocrx_word' id='word_1_256' title='bbox 1909 4064 2151 4128; x_wconf 82' lang='lat' dir='ltr'>autem</span> <span class='ocrx_word' id='word_1_257' title='bbox 2187 4059 2309 4127; x_wconf 92' lang='lat' dir='ltr'>hic</span> <span class='ocrx_word' id='word_1_258' title='bbox 2340 4060 2522 4128; x_wconf 90' lang='lat' dir='ltr'>liber</span> <span class='ocrx_word' id='word_1_259' title='bbox 2544 4061 2859 4149; x_wconf 89' lang='lat' dir='ltr'>scriptus</span> <span class='ocrx_word' id='word_1_260' title='bbox 2893 4063 2985 4131; x_wconf 89' lang='lat' dir='ltr'>sit</span> <span class='ocrx_word' id='word_1_261' title='bbox 3006 4063 3097 4132; x_wconf 91' lang='lat' dir='ltr'>ad</span> <span class='ocrx_word' id='word_1_262' title='bbox 3126 4069 3461 4141; x_wconf 87' lang='lat' dir='ltr'>Lausum,</span> <span class='ocrx_word' id='word_1_263' title='bbox 3493 4066 3841 4154; x_wconf 90' lang='lat' dir='ltr'>probatur</span> 
     </span>
    </p>
   </div>
   <div class='ocr_carea' id='block_1_25' title="bbox 316 4166 3835 4258">
    <p class='ocr_par' dir='ltr' id='par_1_25' title="bbox 316 4166 3835 4258">
     <span class='ocr_line' id='line_1_25' title="bbox 316 4166 3835 4258; baseline -0.001 -13"><span class='ocrx_word' id='word_1_264' title='bbox 316 4174 735 4245; x_wconf 89' lang='lat' dir='ltr'>testimonio</span> <span class='ocrx_word' id='word_1_265' title='bbox 756 4172 1063 4240; x_wconf 90' lang='lat' dir='ltr'>Joannis</span> <span class='ocrx_word' id='word_1_266' title='bbox 1086 4169 1524 4238; x_wconf 89' lang='lat' dir='ltr'>Damasceni</span> <span class='ocrx_word' id='word_1_267' title='bbox 1555 4169 1631 4235; x_wconf 92' lang='lat' dir='ltr'>in</span> <span class='ocrx_word' id='word_1_268' title='bbox 1654 4168 1837 4238; x_wconf 92' lang='lat' dir='ltr'>libro</span> <span class='ocrx_word' id='word_1_269' title='bbox 1863 4168 1988 4255; x_wconf 91' lang='lat' dir='ltr'>qui</span> <span class='ocrx_word' id='word_1_270' title='bbox 2012 4166 2441 4235; x_wconf 89' lang='lat' dir='ltr'>inscribitur</span> <span class='ocrx_word' id='word_1_271' title='bbox 2468 4190 2481 4233; x_wconf 94' lang='lat'>:</span> <span class='ocrx_word' id='word_1_272' title='bbox 2518 4174 2613 4237; x_wconf 87' lang='lat' dir='ltr'>De</span> <span class='ocrx_word' id='word_1_273' title='bbox 2637 4171 2723 4235; x_wconf 87' lang='lat' dir='ltr'>iis</span> <span class='ocrx_word' id='word_1_274' title='bbox 2746 4172 2963 4258; x_wconf 85' lang='lat' dir='ltr'>quiin</span> <span class='ocrx_word' id='word_1_275' title='bbox 2980 4173 3121 4257; x_wconf 75' lang='lat' dir='ltr'>[ide</span> <span class='ocrx_word' id='word_1_276' title='bbox 3145 4174 3600 4243; x_wconf 89' lang='lat' dir='ltr'>dormierunt.</span> <span class='ocrx_word' id='word_1_277' title='bbox 3636 4174 3835 4254; x_wconf 87' lang='lat' dir='ltr'>Quod</span> 
     </span>
    </p>
   </div>
   <div class='ocr_carea' id='block_1_26' title="bbox 316 4274 3831 4370">
    <p class='ocr_par' dir='ltr' id='par_1_26' title="bbox 316 4274 3831 4370">
     <span class='ocr_line' id='line_1_26' title="bbox 316 4274 3831 4370; baseline -0 -19"><span class='ocrx_word' id='word_1_278' title='bbox 316 4282 375 4351; x_wconf 92' lang='lat' dir='ltr'>si</span> <span class='ocrx_word' id='word_1_279' title='bbox 406 4282 569 4370; x_wconf 91' lang='lat' dir='ltr'>quis</span> <span class='ocrx_word' id='word_1_280' title='bbox 609 4280 895 4360; x_wconf 85' lang='lat' dir='ltr'>dixerit,</span> <span class='ocrx_word' id='word_1_281' title='bbox 944 4278 1016 4346; x_wconf 92' lang='lat' dir='ltr'>id</span> <span class='ocrx_word' id='word_1_282' title='bbox 1067 4276 1258 4367; x_wconf 90' lang='lat' dir='ltr'>quod</span> <span class='ocrx_word' id='word_1_283' title='bbox 1320 4275 1641 4344; x_wconf 90' lang='lat' dir='ltr'>Macario</span> <span class='ocrx_word' id='word_1_284' title='bbox 1701 4275 1791 4343; x_wconf 91' lang='lat' dir='ltr'>ab</span> <span class='ocrx_word' id='word_1_285' title='bbox 1842 4296 1923 4341; x_wconf 92' lang='lat' dir='ltr'>eo</span> <span class='ocrx_word' id='word_1_286' title='bbox 1964 4274 2382 4356; x_wconf 90' lang='lat' dir='ltr'>ascribitur,</span> <span class='ocrx_word' id='word_1_287' title='bbox 2440 4295 2584 4341; x_wconf 92' lang='lat' dir='ltr'>non</span> <span class='ocrx_word' id='word_1_288' title='bbox 2630 4275 2947 4344; x_wconf 89' lang='lat' dir='ltr'>inveniri</span> <span class='ocrx_word' id='word_1_289' title='bbox 2990 4278 3065 4345; x_wconf 90' lang='lat' dir='ltr'>in</span> <span class='ocrx_word' id='word_1_290' title='bbox 3108 4278 3245 4347; x_wconf 92' lang='lat' dir='ltr'>hoc</span> <span class='ocrx_word' id='word_1_291' title='bbox 3281 4283 3525 4349; x_wconf 92' lang='lat' dir='ltr'>nostro</span> <span class='ocrx_word' id='word_1_292' title='bbox 3559 4282 3831 4370; x_wconf 91' lang='lat' dir='ltr'>Opere:</span> 
     </span>
    </p>
   </div>
   <div class='ocr_carea' id='block_1_27' title="bbox 315 4380 3828 4472">
    <p class='ocr_par' dir='ltr' id='par_1_27' title="bbox 315 4380 3828 4472">
     <span class='ocr_line' id='line_1_27' title="bbox 315 4380 3828 4472; baseline -0 -16"><span class='ocrx_word' id='word_1_293' title='bbox 315 4389 631 4457; x_wconf 88' lang='lat' dir='ltr'>duorum</span> <span class='ocrx_word' id='word_1_294' title='bbox 665 4386 979 4455; x_wconf 89' lang='lat' dir='ltr'>alterum</span> <span class='ocrx_word' id='word_1_295' title='bbox 1023 4406 1319 4453; x_wconf 90' lang='lat' dir='ltr'>necesse</span> <span class='ocrx_word' id='word_1_296' title='bbox 1361 4386 1491 4467; x_wconf 90' lang='lat' dir='ltr'>est,</span> <span class='ocrx_word' id='word_1_297' title='bbox 1528 4381 1641 4450; x_wconf 89' lang='lat' dir='ltr'>vel</span> <span class='ocrx_word' id='word_1_298' title='bbox 1677 4382 1746 4449; x_wconf 89' lang='lat' dir='ltr'>id</span> <span class='ocrx_word' id='word_1_299' title='bbox 1790 4381 2007 4448; x_wconf 82' lang='lat' dir='ltr'>fuisse</span> <span class='ocrx_word' id='word_1_300' title='bbox 2062 4381 2139 4447; x_wconf 93' lang='lat' dir='ltr'>in</span> <span class='ocrx_word' id='word_1_301' title='bbox 2188 4380 2323 4447; x_wconf 87' lang='lat' dir='ltr'>hoc</span> <span class='ocrx_word' id='word_1_302' title='bbox 2374 4402 2587 4469; x_wconf 91' lang='lat' dir='ltr'>opere</span> <span class='ocrx_word' id='word_1_303' title='bbox 2634 4386 2959 4472; x_wconf 91' lang='lat' dir='ltr'>tempore</span> <span class='ocrx_word' id='word_1_304' title='bbox 3010 4388 3474 4471; x_wconf 84' lang='lat' dir='ltr'>Damasceni,</span> <span class='ocrx_word' id='word_1_305' title='bbox 3510 4392 3577 4455; x_wconf 90' lang='lat' dir='ltr'>et</span> <span class='ocrx_word' id='word_1_306' title='bbox 3608 4388 3828 4455; x_wconf 85' lang='lat' dir='ltr'>fuisse</span> 
     </span>
    </p>
   </div>
   <div class='ocr_carea' id='block_1_28' title="bbox 315 4490 3829 4587">
    <p class='ocr_par' dir='ltr' id='par_1_28' title="bbox 315 4490 3829 4587">
     <span class='ocr_line' id='line_1_28' title="bbox 315 4490 3829 4587; baseline -0.001 -21"><span class='ocrx_word' id='word_1_307' title='bbox 315 4496 1029 4587; x_wconf 77' lang='lat' dir='ltr'>posteaabhaeretico</span> <span class='ocrx_word' id='word_1_308' title='bbox 1056 4494 1298 4584; x_wconf 90' lang='lat' dir='ltr'>aliquo</span> <span class='ocrx_word' id='word_1_309' title='bbox 1322 4493 1681 4562; x_wconf 86' lang='lat' dir='ltr'>malitiose</span> <span class='ocrx_word' id='word_1_310' title='bbox 1706 4490 2079 4559; x_wconf 83' lang='lat' dir='ltr'>sublatum</span> <span class='ocrx_word' id='word_1_311' title='bbox 2111 4514 2124 4556; x_wconf 92' lang='lat'>:</span> <span class='ocrx_word' id='word_1_312' title='bbox 2154 4490 2266 4558; x_wconf 91' lang='lat' dir='ltr'>vel</span> <span class='ocrx_word' id='word_1_313' title='bbox 2292 4511 2459 4557; x_wconf 85' lang='lat' dir='ltr'>eum</span> <span class='ocrx_word' id='word_1_314' title='bbox 2481 4490 2750 4558; x_wconf 92' lang='lat' dir='ltr'>librum</span> <span class='ocrx_word' id='word_1_315' title='bbox 2776 4493 2901 4581; x_wconf 92' lang='lat' dir='ltr'>qui</span> <span class='ocrx_word' id='word_1_316' title='bbox 2921 4494 3383 4564; x_wconf 86' lang='lat' dir='ltr'>inscribitur:</span> <span class='ocrx_word' id='word_1_317' title='bbox 3410 4503 3503 4566; x_wconf 90' lang='lat' dir='ltr'>De</span> <span class='ocrx_word' id='word_1_318' title='bbox 3523 4498 3829 4564; x_wconf 82' lang='lat' dir='ltr'>doctrina</span> 
     </span>
    </p>
   </div>
   <div class='ocr_carea' id='block_1_29' title="bbox 311 4598 3817 4690">
    <p class='ocr_par' dir='ltr' id='par_1_29' title="bbox 311 4598 3817 4690">
     <span class='ocr_line' id='line_1_29' title="bbox 311 4598 3817 4690; baseline -0.002 -14"><span class='ocrx_word' id='word_1_319' title='bbox 311 4612 629 4690; x_wconf 86' lang='lat' dir='ltr'>Patrum,</span> <span class='ocrx_word' id='word_1_320' title='bbox 686 4604 911 4672; x_wconf 89' lang='lat' dir='ltr'>fuisse</span> <span class='ocrx_word' id='word_1_321' title='bbox 944 4602 1165 4671; x_wconf 91' lang='lat' dir='ltr'>etiam</span> <span class='ocrx_word' id='word_1_322' title='bbox 1198 4601 1522 4670; x_wconf 91' lang='lat' dir='ltr'>Palladio</span> <span class='ocrx_word' id='word_1_323' title='bbox 1564 4598 2109 4686; x_wconf 89' lang='lat' dir='ltr'>conscriptum:</span> <span class='ocrx_word' id='word_1_324' title='bbox 2163 4618 2382 4685; x_wconf 91' lang='lat' dir='ltr'>quem</span> <span class='ocrx_word' id='word_1_325' title='bbox 2425 4602 2713 4666; x_wconf 89' lang='lat' dir='ltr'>constat</span> <span class='ocrx_word' id='word_1_326' title='bbox 2742 4599 2961 4668; x_wconf 91' lang='lat' dir='ltr'>fuisse</span> <span class='ocrx_word' id='word_1_327' title='bbox 2995 4622 3030 4667; x_wconf 89' lang='lat' dir='ltr'>e</span> <span class='ocrx_word' id='word_1_328' title='bbox 3065 4605 3317 4671; x_wconf 68' lang='lat' dir='ltr'>Graeco</span> <span class='ocrx_word' id='word_1_329' title='bbox 3350 4621 3772 4673; x_wconf 89' lang='lat' dir='ltr'>conversum</span> <span class='ocrx_word' id='word_1_330' title='bbox 3802 4624 3817 4679; x_wconf 85' lang='lat'><strong>;</strong></span> 
     </span>
    </p>
   </div>
   <div class='ocr_carea' id='block_1_30' title="bbox 316 4704 3830 4802">
    <p class='ocr_par' dir='ltr' id='par_1_30' title="bbox 316 4704 3830 4802">
     <span class='ocr_line' id='line_1_30' title="bbox 316 4704 3830 4802; baseline -0.001 -20"><span class='ocrx_word' id='word_1_331' title='bbox 316 4734 515 4797; x_wconf 90' lang='lat' dir='ltr'>cum,</span> <span class='ocrx_word' id='word_1_332' title='bbox 543 4713 631 4781; x_wconf 93' lang='lat' dir='ltr'>de</span> <span class='ocrx_word' id='word_1_333' title='bbox 649 4712 889 4802; x_wconf 88' lang='lat' dir='ltr'>capite</span> <span class='ocrx_word' id='word_1_334' title='bbox 906 4709 1202 4792; x_wconf 89' lang='lat' dir='ltr'>mortui,</span> <span class='ocrx_word' id='word_1_335' title='bbox 1231 4707 1671 4777; x_wconf 90' lang='lat' dir='ltr'>miraculum</span> <span class='ocrx_word' id='word_1_336' title='bbox 1691 4705 1879 4795; x_wconf 92' lang='lat' dir='ltr'>quod</span> <span class='ocrx_word' id='word_1_337' title='bbox 1898 4705 2217 4772; x_wconf 88' lang='lat' dir='ltr'>Macario</span> <span class='ocrx_word' id='word_1_338' title='bbox 2238 4704 2540 4774; x_wconf 87' lang='lat' dir='ltr'>ascribit</span> <span class='ocrx_word' id='word_1_339' title='bbox 2562 4710 2965 4775; x_wconf 88' lang='lat' dir='ltr'>Damasceu</span> <span class='ocrx_word' id='word_1_340' title='bbox 2981 4730 3087 4785; x_wconf 92' lang='lat' dir='ltr'>us,</span> <span class='ocrx_word' id='word_1_341' title='bbox 3115 4710 3374 4778; x_wconf 89' lang='lat' dir='ltr'>iisdem</span> <span class='ocrx_word' id='word_1_342' title='bbox 3400 4710 3634 4779; x_wconf 87' lang='lat' dir='ltr'>verbis</span> <span class='ocrx_word' id='word_1_343' title='bbox 3657 4709 3734 4776; x_wconf 90' lang='lat' dir='ltr'>in</span> <span class='ocrx_word' id='word_1_344' title='bbox 3747 4731 3830 4779; x_wconf 92' lang='lat' dir='ltr'>eo</span> 
     </span>
    </p>
   </div>
   <div class='ocr_carea' id='block_1_31' title="bbox 315 4813 3835 4911">
    <p class='ocr_par' dir='ltr' id='par_1_31' title="bbox 315 4813 3835 4911">
     <span class='ocr_line' id='line_1_31' title="bbox 315 4813 3835 4911; baseline -0 -22"><span class='ocrx_word' id='word_1_345' title='bbox 315 4844 531 4911; x_wconf 90' lang='lat' dir='ltr'>opere</span> <span class='ocrx_word' id='word_1_346' title='bbox 561 4823 939 4901; x_wconf 86' lang='lat' dir='ltr'>referatur,</span> <span class='ocrx_word' id='word_1_347' title='bbox 976 4821 1161 4891; x_wconf 91' lang='lat' dir='ltr'>libro</span> <span class='ocrx_word' id='word_1_348' title='bbox 1194 4822 1479 4909; x_wconf 90' lang='lat' dir='ltr'>quarto,</span> <span class='ocrx_word' id='word_1_349' title='bbox 1526 4816 1765 4906; x_wconf 90' lang='lat' dir='ltr'>capite</span> <span class='ocrx_word' id='word_1_350' title='bbox 1806 4814 1893 4883; x_wconf 92' lang='lat' dir='ltr'>de</span> <span class='ocrx_word' id='word_1_351' title='bbox 1944 4813 2295 4901; x_wconf 89' lang='lat' dir='ltr'>exemplis</span> <span class='ocrx_word' id='word_1_352' title='bbox 2345 4815 2413 4881; x_wconf 89' lang='lat' dir='ltr'>et</span> <span class='ocrx_word' id='word_1_353' title='bbox 2462 4814 2817 4882; x_wconf 88' lang='lat' dir='ltr'>doctrinis</span> <span class='ocrx_word' id='word_1_354' title='bbox 2850 4816 3016 4884; x_wconf 59' lang='lat' dir='ltr'>vita!</span> <span class='ocrx_word' id='word_1_355' title='bbox 3060 4818 3487 4906; x_wconf 91' lang='lat' dir='ltr'>spiritualis.</span> <span class='ocrx_word' id='word_1_356' title='bbox 3536 4820 3696 4886; x_wconf 92' lang='lat' dir='ltr'>Non</span> <span class='ocrx_word' id='word_1_357' title='bbox 3729 4825 3835 4888; x_wconf 89' lang='lat' dir='ltr'>est</span> 
     </span>
    </p>
   </div>
   <div class='ocr_carea' id='block_1_32' title="bbox 320 4923 3830 5020">
    <p class='ocr_par' dir='ltr' id='par_1_32' title="bbox 320 4923 3830 5020">
     <span class='ocr_line' id='line_1_32' title="bbox 320 4923 3830 5020; baseline -0.001 -21"><span class='ocrx_word' id='word_1_358' title='bbox 320 4934 564 4999; x_wconf 90' lang='lat' dir='ltr'>autem</span> <span class='ocrx_word' id='word_1_359' title='bbox 598 4931 789 5020; x_wconf 92' lang='lat' dir='ltr'>quod</span> <span class='ocrx_word' id='word_1_360' title='bbox 831 4952 873 4998; x_wconf 89' lang='lat' dir='ltr'>a</span> <span class='ocrx_word' id='word_1_361' title='bbox 904 4929 1226 4999; x_wconf 90' lang='lat' dir='ltr'>Palladio</span> <span class='ocrx_word' id='word_1_362' title='bbox 1269 4931 1517 4996; x_wconf 89' lang='lat' dir='ltr'>nostro</span> <span class='ocrx_word' id='word_1_363' title='bbox 1552 4924 2030 4994; x_wconf 87' lang='lat' dir='ltr'>Ciceroniana</span> <span class='ocrx_word' id='word_1_364' title='bbox 2061 4925 2518 5011; x_wconf 85' lang='lat' dir='ltr'>exspectetur</span> <span class='ocrx_word' id='word_1_365' title='bbox 2548 4923 2986 5013; x_wconf 88' lang='lat' dir='ltr'>eloquentia.</span> <span class='ocrx_word' id='word_1_366' title='bbox 3024 4929 3208 4995; x_wconf 88' lang='lat' dir='ltr'>Nam</span> <span class='ocrx_word' id='word_1_367' title='bbox 3234 4948 3402 4995; x_wconf 91' lang='lat' dir='ltr'>cum</span> <span class='ocrx_word' id='word_1_368' title='bbox 3440 4928 3593 5017; x_wconf 92' lang='lat' dir='ltr'>ipse</span> <span class='ocrx_word' id='word_1_369' title='bbox 3627 4927 3830 4996; x_wconf 91' lang='lat' dir='ltr'>nullo</span> 
     </span>
    </p>
   </div>
   <div class='ocr_carea' id='block_1_33' title="bbox 315 5029 3831 5120">
    <p class='ocr_par' dir='ltr' id='par_1_33' title="bbox 315 5029 3831 5120">
     <span class='ocr_line' id='line_1_33' title="bbox 315 5029 3831 5120; baseline -0.001 -12"><span class='ocrx_word' id='word_1_370' title='bbox 315 5036 638 5108; x_wconf 88' lang='lat' dir='ltr'>adhibito</span> <span class='ocrx_word' id='word_1_371' title='bbox 679 5037 1027 5105; x_wconf 89' lang='lat' dir='ltr'>orationis</span> <span class='ocrx_word' id='word_1_372' title='bbox 1058 5038 1520 5118; x_wconf 87' lang='lat' dir='ltr'>ornamento,</span> <span class='ocrx_word' id='word_1_373' title='bbox 1558 5032 1970 5120; x_wconf 90' lang='lat' dir='ltr'>humilique</span> <span class='ocrx_word' id='word_1_374' title='bbox 1999 5050 2085 5098; x_wconf 91' lang='lat' dir='ltr'>ac</span> <span class='ocrx_word' id='word_1_375' title='bbox 2118 5029 2333 5118; x_wconf 88' lang='lat' dir='ltr'>plane</span> <span class='ocrx_word' id='word_1_376' title='bbox 2359 5029 2638 5118; x_wconf 91' lang='lat' dir='ltr'>plebeio</span> <span class='ocrx_word' id='word_1_377' title='bbox 2671 5032 2853 5120; x_wconf 85' lang='lat' dir='ltr'>stylo</span> <span class='ocrx_word' id='word_1_378' title='bbox 2890 5054 2903 5114; x_wconf 91' lang='lat'>;</span> <span class='ocrx_word' id='word_1_379' title='bbox 2942 5033 3143 5101; x_wconf 91' lang='lat' dir='ltr'>visus</span> <span class='ocrx_word' id='word_1_380' title='bbox 3175 5056 3336 5103; x_wconf 90' lang='lat' dir='ltr'>sum</span> <span class='ocrx_word' id='word_1_381' title='bbox 3376 5036 3564 5103; x_wconf 93' lang='lat' dir='ltr'>mihi</span> <span class='ocrx_word' id='word_1_382' title='bbox 3602 5034 3831 5104; x_wconf 86' lang='lat' dir='ltr'>ﬁdelis</span> 
     </span>
    </p>
   </div>
   <div class='ocr_carea' id='block_1_34' title="bbox 244 5130 3837 5235">
    <p class='ocr_par' dir='ltr' id='par_1_34' title="bbox 244 5130 3837 5235">
     <span class='ocr_line' id='line_1_34' title="bbox 244 5130 3837 5235; baseline -0.001 -22"><span class='ocrx_word' id='word_1_383' title='bbox 244 5130 257 5140; x_wconf 62' lang='grc'>’</span> <span class='ocrx_word' id='word_1_384' title='bbox 316 5144 735 5235; x_wconf 88' lang='lat' dir='ltr'>interpretis</span> <span class='ocrx_word' id='word_1_385' title='bbox 768 5163 917 5211; x_wconf 93' lang='lat' dir='ltr'>non</span> <span class='ocrx_word' id='word_1_386' title='bbox 937 5144 1322 5212; x_wconf 91' lang='lat' dir='ltr'>functurus</span> <span class='ocrx_word' id='word_1_387' title='bbox 1344 5141 1607 5219; x_wconf 84' lang='lat' dir='ltr'>ofﬁcio,</span> <span class='ocrx_word' id='word_1_388' title='bbox 1638 5139 1922 5207; x_wconf 86' lang='lat' dir='ltr'>sialiter</span> <span class='ocrx_word' id='word_1_389' title='bbox 1942 5136 2319 5205; x_wconf 90' lang='lat' dir='ltr'>vertissem</span> <span class='ocrx_word' id='word_1_390' title='bbox 2347 5158 2569 5225; x_wconf 90' lang='lat' dir='ltr'>quam</span> <span class='ocrx_word' id='word_1_391' title='bbox 2595 5139 3031 5228; x_wconf 89' lang='lat' dir='ltr'>scripsisset.</span> <span class='ocrx_word' id='word_1_392' title='bbox 3064 5143 3247 5230; x_wconf 88' lang='lat' dir='ltr'>Lege</span> <span class='ocrx_word' id='word_1_393' title='bbox 3271 5164 3444 5233; x_wconf 87' lang='lat' dir='ltr'>ergo</span> <span class='ocrx_word' id='word_1_394' title='bbox 3468 5165 3619 5212; x_wconf 93' lang='lat' dir='ltr'>non</span> <span class='ocrx_word' id='word_1_395' title='bbox 3654 5147 3731 5212; x_wconf 89' lang='lat' dir='ltr'>ut</span> <span class='ocrx_word' id='word_1_396' title='bbox 3751 5164 3837 5211; x_wconf 87' lang='lat' dir='ltr'>ex</span> 
     </span>
    </p>
   </div>
   <div class='ocr_carea' id='block_1_35' title="bbox 317 5244 3837 5346">
    <p class='ocr_par' dir='ltr' id='par_1_35' title="bbox 317 5244 3837 5346">
     <span class='ocr_line' id='line_1_35' title="bbox 317 5244 3837 5346; baseline -0.001 -21"><span class='ocrx_word' id='word_1_397' title='bbox 317 5256 473 5346; x_wconf 87' lang='lat' dir='ltr'>ejus</span> <span class='ocrx_word' id='word_1_398' title='bbox 508 5251 824 5323; x_wconf 88' lang='lat' dir='ltr'>lectione</span> <span class='ocrx_word' id='word_1_399' title='bbox 859 5251 958 5319; x_wconf 93' lang='lat' dir='ltr'>sis</span> <span class='ocrx_word' id='word_1_400' title='bbox 997 5251 1476 5341; x_wconf 88' lang='lat' dir='ltr'>eloquentior,</span> <span class='ocrx_word' id='word_1_401' title='bbox 1512 5248 1634 5318; x_wconf 91' lang='lat' dir='ltr'>sed</span> <span class='ocrx_word' id='word_1_402' title='bbox 1670 5251 1747 5317; x_wconf 93' lang='lat' dir='ltr'>ut</span> <span class='ocrx_word' id='word_1_403' title='bbox 1780 5245 2062 5329; x_wconf 84' lang='lat' dir='ltr'>melior,</span> <span class='ocrx_word' id='word_1_404' title='bbox 2118 5249 2188 5312; x_wconf 89' lang='lat' dir='ltr'>et</span> <span class='ocrx_word' id='word_1_405' title='bbox 2227 5245 2304 5311; x_wconf 91' lang='lat' dir='ltr'>in</span> <span class='ocrx_word' id='word_1_406' title='bbox 2348 5244 2436 5313; x_wconf 92' lang='lat' dir='ltr'>iis</span> <span class='ocrx_word' id='word_1_407' title='bbox 2486 5266 2649 5335; x_wconf 64' lang='lat' dir='ltr'>quae</span> <span class='ocrx_word' id='word_1_408' title='bbox 2704 5249 2792 5316; x_wconf 92' lang='lat' dir='ltr'>ad</span> <span class='ocrx_word' id='word_1_409' title='bbox 2835 5247 3177 5337; x_wconf 87' lang='lat' dir='ltr'>pietatem</span> <span class='ocrx_word' id='word_1_410' title='bbox 3211 5255 3281 5318; x_wconf 91' lang='lat' dir='ltr'>et</span> <span class='ocrx_word' id='word_1_411' title='bbox 3313 5251 3837 5340; x_wconf 69' lang='lat' dir='ltr'>pulcherrimae</span> 
     </span>
    </p>
   </div>
   <div class='ocr_carea' id='block_1_36' title="bbox 322 5355 3838 5451">
    <p class='ocr_par' dir='ltr' id='par_1_36' title="bbox 322 5355 3838 5451">
     <span class='ocr_line' id='line_1_36' title="bbox 322 5355 3838 5451; baseline -0.002 -15"><span class='ocrx_word' id='word_1_412' title='bbox 322 5365 647 5436; x_wconf 72' lang='lat' dir='ltr'>historiae</span> <span class='ocrx_word' id='word_1_413' title='bbox 707 5360 1209 5451; x_wconf 87' lang='lat' dir='ltr'>cognitionem</span> <span class='ocrx_word' id='word_1_414' title='bbox 1258 5360 1653 5451; x_wconf 79' lang='lat' dir='ltr'>pertinent,</span> <span class='ocrx_word' id='word_1_415' title='bbox 1714 5355 2088 5438; x_wconf 87' lang='lat' dir='ltr'>eruditior,</span> <span class='ocrx_word' id='word_1_416' title='bbox 2123 5355 2454 5423; x_wconf 89' lang='lat' dir='ltr'>imitatus</span> <span class='ocrx_word' id='word_1_417' title='bbox 2485 5355 2827 5425; x_wconf 89' lang='lat' dir='ltr'>videlicet</span> <span class='ocrx_word' id='word_1_418' title='bbox 2855 5357 3083 5427; x_wconf 92' lang='lat' dir='ltr'>vitam</span> <span class='ocrx_word' id='word_1_419' title='bbox 3119 5361 3537 5447; x_wconf 89' lang='lat' dir='ltr'>angelicam</span> <span class='ocrx_word' id='word_1_420' title='bbox 3582 5381 3838 5429; x_wconf 91' lang='lat' dir='ltr'>eorum</span> 
     </span>
    </p>
   </div>
   <div class='ocr_carea' id='block_1_37' title="bbox 310 5462 3840 5563">
    <p class='ocr_par' dir='ltr' id='par_1_37' title="bbox 310 5462 3840 5563">
     <span class='ocr_line' id='line_1_37' title="bbox 310 5462 3840 5563; baseline -0.001 -22"><span class='ocrx_word' id='word_1_421' title='bbox 310 5474 664 5553; x_wconf 90' lang='lat' dir='ltr'>virorum,</span> <span class='ocrx_word' id='word_1_422' title='bbox 702 5471 827 5563; x_wconf 91' lang='lat' dir='ltr'>qui</span> <span class='ocrx_word' id='word_1_423' title='bbox 860 5471 937 5538; x_wconf 94' lang='lat' dir='ltr'>in</span> <span class='ocrx_word' id='word_1_424' title='bbox 960 5489 1183 5537; x_wconf 90' lang='lat' dir='ltr'>carne</span> <span class='ocrx_word' id='word_1_425' title='bbox 1214 5469 1460 5536; x_wconf 90' lang='lat' dir='ltr'>minus</span> <span class='ocrx_word' id='word_1_426' title='bbox 1482 5466 1856 5535; x_wconf 90' lang='lat' dir='ltr'>carnalem</span> <span class='ocrx_word' id='word_1_427' title='bbox 1882 5465 2137 5547; x_wconf 86' lang='lat' dir='ltr'>vitam,</span> <span class='ocrx_word' id='word_1_428' title='bbox 2166 5462 2289 5530; x_wconf 89' lang='lat' dir='ltr'>sed</span> <span class='ocrx_word' id='word_1_429' title='bbox 2313 5462 2735 5549; x_wconf 89' lang='lat' dir='ltr'>angelicam</span> <span class='ocrx_word' id='word_1_430' title='bbox 2760 5464 3118 5552; x_wconf 87' lang='lat' dir='ltr'>degerunt</span> <span class='ocrx_word' id='word_1_431' title='bbox 3143 5488 3156 5534; x_wconf 92' lang='lat'>:</span> <span class='ocrx_word' id='word_1_432' title='bbox 3181 5466 3392 5555; x_wconf 85' lang='lat' dir='ltr'>juxta</span> <span class='ocrx_word' id='word_1_433' title='bbox 3412 5468 3840 5557; x_wconf 87' lang='lat' dir='ltr'>exemplum</span> 
     </span>
    </p>
   </div>
   <div class='ocr_carea' id='block_1_38' title="bbox 312 5570 3839 5671">
    <p class='ocr_par' dir='ltr' id='par_1_38' title="bbox 312 5570 3839 5671">
     <span class='ocr_line' id='line_1_38' title="bbox 312 5570 3839 5671; baseline -0.002 -23"><span class='ocrx_word' id='word_1_434' title='bbox 312 5582 505 5671; x_wconf 92' lang='lat' dir='ltr'>quod</span> <span class='ocrx_word' id='word_1_435' title='bbox 539 5584 609 5649; x_wconf 90' lang='lat' dir='ltr'>et</span> <span class='ocrx_word' id='word_1_436' title='bbox 647 5580 777 5649; x_wconf 92' lang='lat' dir='ltr'>tibi</span> <span class='ocrx_word' id='word_1_437' title='bbox 812 5576 1188 5669; x_wconf 90' lang='lat' dir='ltr'>proposuit</span> <span class='ocrx_word' id='word_1_438' title='bbox 1206 5575 1647 5643; x_wconf 89' lang='lat' dir='ltr'>Theodosius</span> <span class='ocrx_word' id='word_1_439' title='bbox 1678 5573 2023 5661; x_wconf 87' lang='lat' dir='ltr'>princeps</span> <span class='ocrx_word' id='word_1_440' title='bbox 2054 5570 2397 5658; x_wconf 90' lang='lat' dir='ltr'>optimus,</span> <span class='ocrx_word' id='word_1_441' title='bbox 2428 5570 2553 5661; x_wconf 92' lang='lat' dir='ltr'>qui</span> <span class='ocrx_word' id='word_1_442' title='bbox 2587 5576 2843 5660; x_wconf 91' lang='lat' dir='ltr'>quarto</span> <span class='ocrx_word' id='word_1_443' title='bbox 2867 5574 3192 5663; x_wconf 86' lang='lat' dir='ltr'>cujusvis</span> <span class='ocrx_word' id='word_1_444' title='bbox 3216 5574 3698 5646; x_wconf 89' lang='lat' dir='ltr'>hebdomadis</span> <span class='ocrx_word' id='word_1_445' title='bbox 3721 5576 3839 5643; x_wconf 90' lang='lat' dir='ltr'>die</span> 
     </span>
    </p>
   </div>
   <div class='ocr_carea' id='block_1_39' title="bbox 302 5676 3837 5779">
    <p class='ocr_par' dir='ltr' id='par_1_39' title="bbox 302 5676 3837 5779">
     <span class='ocr_line' id='line_1_39' title="bbox 302 5676 3837 5779; baseline -0.002 -22"><span class='ocrx_word' id='word_1_446' title='bbox 302 5688 397 5779; x_wconf 86' lang='lat' dir='ltr'>jej</span> <span class='ocrx_word' id='word_1_447' title='bbox 414 5685 1033 5776; x_wconf 84' lang='lat' dir='ltr'>unabat,hymnos</span> <span class='ocrx_word' id='word_1_448' title='bbox 1050 5687 1378 5754; x_wconf 90' lang='lat' dir='ltr'>Deocum</span> <span class='ocrx_word' id='word_1_449' title='bbox 1395 5680 1761 5750; x_wconf 90' lang='lat' dir='ltr'>sororibus</span> <span class='ocrx_word' id='word_1_450' title='bbox 1777 5676 2075 5746; x_wconf 88' lang='lat' dir='ltr'>alternis</span> <span class='ocrx_word' id='word_1_451' title='bbox 2090 5676 2424 5755; x_wconf 90' lang='lat' dir='ltr'>canebat,</span> <span class='ocrx_word' id='word_1_452' title='bbox 2444 5682 2617 5748; x_wconf 91' lang='lat' dir='ltr'>etne</span> <span class='ocrx_word' id='word_1_453' title='bbox 2635 5679 3089 5750; x_wconf 89' lang='lat' dir='ltr'>abasceterio</span> <span class='ocrx_word' id='word_1_454' title='bbox 3106 5683 3643 5753; x_wconf 87' lang='lat' dir='ltr'>monachorum</span> <span class='ocrx_word' id='word_1_455' title='bbox 3660 5681 3837 5751; x_wconf 87' lang='lat' dir='ltr'>aula</span> 
     </span>
    </p>
   </div>
  </div>
