4076 6280
306 415 422 474 993
1452 407 1822 468 GEN'I‘IANI
1868 405 2208 466 HERVETI
2256 405 2698 468 PREFATIO.
3701 408 3818 470 994

315 538 1347 628 δυαόἱΠρνιιρῐ,ςρὶι·ἰ1υενριιὶ)θ
1369 540 1738 626 semperin
1759 561 1878 606 ore
1895 535 2173 619 habuit,
2197 558 2362 604 cum
2383 537 2744 626 episcopis
2761 538 3813 625 etsacerdotibuscongressus,

313 651 660 718 obscuros
688 648 909 734 locos,
941 652 1208 733 tpt9a,et
1242 647 1466 714 nodos
1489 649 1774 734 Scrith
1791 667 2030 712 rarum
2048 694 2062 721 ,
2083 644 2276 712 haud
2294 646 2506 715 aliter
2526 669 2744 734 quam
2765 646 2819 713 si
2842 649 3070 714 sacris
3093 647 3811 738 ipseinitiatusesset,

313 757 688 845 explicuit,
714 763 930 823 noctu
962 755 1165 823 libris
1201 755 1523 840 legendis
1547 764 1853 835 αὐτόματον
1883 751 1923 818 lu

2202 776 2254 819 ΓΙ]
2293 756 2756 842 excogitavit,
2781 754 3098 829 ἀοργησίαν,
3126 755 3190 822 id
3218 763 3348 840 est,
3377 756 3637 848 injuria
3656 779 3812 826 rum

307 866 852 940 remissionem,
877 865 1174 930 invexit.
1203 865 2110 948 Sacerdotesadeodilexit,
2142 874 2215 935 ut
2237 863 3105 956 episcopiChebronensis
3127 864 3451 932 defuncti
3472 864 3814 952 sagulum

300 975 436 1042 sub
469 975 565 1041 im
585 973 776 1062 peria
795 973 838 1038 li
867 971 1257 1062 chlamyde
1277 974 1713 1060 gestaverit:
1754 978 1928 1042 tanti
1955 977 2122 1044 fecit
2148 973 2577 1049 monachos,
2607 978 2737 1040 uta
2761 971 3076 1061 quodam
3104 973 3811 1051 excommunicatus,

304 1083 427 1151 cui
462 1082 839 1171 quidpiam
874 1081 1385 1169 denegaverat,
1424 1103 1567 1149 non
1606 1085 1806 1172 prius
1836 1087 2081 1154 cibum
2118 1083 2514 1174 sumpserit
2544 1103 2763 1171 quam
2797 1081 2887 1149 ab
2921 1081 3173 1150 eodem
3203 1082 3325 1150 diu
3355 1082 3815 1171 multumque

307 1193 639 1282 quaesito,
675 1190 992 1260 vinculis
1023 1191 1301 1258 solutus
1333 1194 1541 1258 esset.
1577 1193 1770 1260 Vixit
1798 1200 2041 1262 autem
2090 1193 2459 1261 Palladius
2491 1192 2896 1280 imperante
2927 1189 3346 1260 Theodosio.
3389 1190 3592 1259 Vale.

399 1302 487 1368 Ut
516 1298 732 1388 probe
768 1319 1052 1382 noscas,
1112 1298 1362 1381 lector,
1416 1299 1758 1386 quisnam
1805 1300 2175 1370 Palladius
2222 1300 2459 1381 fuerit,
2511 1298 2764 1387 accipe
2814 1297 3094 1386 judicia
3145 1301 3444 1366 Patrum
3502 1298 3589 1366 de
3631 1297 3809 1388 ipso.

304 1409 619 1475 Sanctus
654 1405 1166 1495 Hieronymus,
1203 1406 1414 1493 cujus
1447 1406 1524 1472 in
1560 1405 1701 1474 hac
1745 1408 2202 1496 rejudicium
2244 1406 2503 1497 probat
2533 1410 2832 1473 sanctus
2865 1403 3191 1473 Gelasius
3215 1407 3268 1481 Ι,
3297 1405 3716 1493 praefatione
3740 1406 3815 1473 in

304 1515 490 1583 libro
523 1514 872 1582 adversus
896 1513 1353 1602 Pelagianos,
1400 1515 1499 1582 ait
1526 1535 1540 1578 :
1567 1516 1940 1584 Pal/adius
1965 1519 2236 1585 servilis
2257 1514 2912 1604 nequitz’whzeresim
2933 1514 3398 1601 Pelagianam
3419 1516 3818 1584 instaurare

304 1635 594 1693 conatus
619 1637 740 1693 est.
768 1627 1080 1692 Sanctus
1104 1623 1556 1712 Epiphanius
1589 1626 1794 1712 epist.
1823 1625 1910 1692 ad
1935 1630 2290 1693 Joannem
2319 1623 2952 1712 Hierosolymitan,
2981 1623 3083 1690 sic
3102 1622 3343 1710 inquit
3366 1643 3382 1688 ε
3409 1625 3818 1692 Pal/adium

303 1752 462 1800 vero
497 1734 849 1815 Galatam,
885 1733 1012 1820 qui
1039 1733 1413 1819 quamdam
1444 1735 1643 1800 nobis
1668 1734 1916 1800 Charus
1943 1734 2113 1820 fuit,
2149 1743 2214 1800 ei
2234 1753 2428 1801 nimo
2456 1733 2938 1798 misericordia
2970 1732 3101 1798 Dei
3121 1732 3408 1818 indigel,
3442 1754 3628 1810 cave,
3652 1736 3820 1821 quia

305 1841 427 1907 Ori
429 1843 631 1925 genis
663 1843 975 1908 haeresim
1005 1840 1342 1924 praedicat
1379 1849 1445 1906 et
1483 1843 1699 1919 docet,
1733 1862 1822 1909 ne
1839 1846 2022 1927 forte
2053 1844 2321 1930 aliquos
2345 1843 2430 1908 de
2454 1841 2715 1927 populo
2745 1840 2877 1908 tibi
2895 1840 3152 1906 credito
3182 1841 3278 1906 ad
3296 1844 3819 1932 perversitatem

299 1953 420 2016 sui
444 1949 730 2016 inducat
761 1951 1039 2015 erroris.
1069 1950 1240 2015 Haec
1273 1956 1572 2016 sanctus
1609 1951 2079 2037 Epiphanius.
2114 1957 2202 2019 At
2228 1972 2336 2017 res
2368 1949 2666 2016 Palladii
2693 1954 2957 2036 gestas,
2994 1947 3350 2016 vafritiem
3380 1951 3717 2017 etodium
3743 1951 3818 2018 in

301 2061 644 2122 sanctum
673 2055 1198 2143 Hieronymum
1226 2053 1552 2141 pluribus
1577 2057 2220 2144 eXponuntAnnal.
2248 2056 2739 2124 Ecclesiastici
2762 2061 2928 2122 tom.
2957 2057 3042 2124 V.
3071 2057 3170 2123 Ex
3196 2056 3456 2144 quibus
3477 2056 3822 2124 omnibus

301 2164 568 2238 disces,
594 2181 754 2250 quae
783 2160 958 2227 ﬁdes
985 2160 1393 2228 adhibenda
1415 2163 1506 2230 sit
1529 2162 1868 2230 haeretico
1888 2165 2162 2230 homini
2192 2161 2619 2251 Origenislaa
2639 2168 2706 2228 et
2734 2163 3150 2249 Pelagiano,
3179 2163 3249 2228 in
3282 2163 3392 2230 his
3417 2164 3822 2252 praesertim

301 2290 468 2358 qum
502 2270 588 2336 de
620 2269 1054 2357 quibusdam
1080 2270 1188 2335 sui
1215 2269 1580 2336 similibus
1610 2273 1992 2340 monachis
2017 2270 2268 2338 eadem
2299 2269 2611 2355 fuligine
2637 2269 2887 2336 tinctis
2920 2271 2991 2335 in
3023 2270 3157 2337 hoc
3192 2292 3404 2358 Opere
3431 2271 3703 2358 prodit:
3734 2291 3820 2340 ac

307 2376 631 2442 maxime
652 2376 1049 2443 verendum
1080 2397 1166 2441 ne
1192 2375 1472 2462 aliquos
1499 2399 1623 2463 pro
1648 2380 1925 2444 sanctis
1949 2380 2293 2458 venditet,
2322 2378 2444 2464 qui
2473 2379 2764 2444 fuerunt
2785 2378 3243 2462 Origenistaa,
3278 2379 3384 2445 vel
3416 2377 3815 2465 Pelagiani.

303 2486 388 2552 Sa
403 2487 568 2570 gaci
594 2483 1180 2570 conjecturasuis
1204 2483 1470 2550 locisin
1499 2505 1713 2570 opere
1737 2486 2085 2574 quosdam
2115 2486 2319 2552 istius
2345 2487 2412 2550 fu
2427 2487 2531 2551 rl'u
2546 2484 2640 2550 ris
2663 2484 2906 2551 indica
2922 2485 3183 2552 bimus.
3215 2489 3299 2553 Ut
3327 2486 3814 2572 magisautem

302 2593 565 2661 faciem
617 2598 686 2660 et
737 2593 999 2660 intima
1039 2592 1338 2659 Palladii
1373 2594 1868 2679 introspicias,
1915 2597 2096 2663 scito
2149 2596 2390 2682 ipsum
2444 2593 2663 2661 fuisse
2703 2593 3143 2682 discipulum
3187 2595 3470 2682 Evagrii
3505 2596 3814 2674 Pontici,

302 2703 736 2789 Origenislae
773 2702 1099 2770 haeretici
1129 2703 1335 2770 toties
1366 2701 1456 2770 ab
1488 2704 1804 2771 Ecclesia
1827 2703 2184 2788 damnati,
2212 2703 2300 2771 de
2333 2725 2474 2792 quo
2502 2703 2704 2791 plura
2731 2724 2821 2770 an
2840 2705 3252 2771 notavimus
3278 2709 3470 2771 tomo
3493 2707 3578 2780 V,
3610 2704 3817 2772 initio

295 2809 457 2877 libri
507 2812 818 2899 Evagrii.
870 2813 1018 2878 Hoc
1052 2810 1139 2876 de
1172 2831 1245 2876 se
1282 2815 1584 2878 testatur
1621 2811 1986 2878 Palladius
2030 2812 2103 2878 in
2142 2811 2283 2878 hac
2321 2811 2692 2893 Lausiaca,
2729 2831 2896 2878 cum
2933 2811 3069 2878 ait:
3118 2810 3486 2900 Respondi
3515 2833 3632 2879 me
3664 2833 3817 2879 esse

298 2919 797 3002 peregrinum,
815 2918 988 2985 etde
1012 2917 1308 2986 Galatiae
1330 2919 1942 3005 partibusvenire,
1962 2923 2032 2986 et
2050 2940 2277 2984 unum
2301 2939 2382 2985 ex
2407 2918 2694 3004 Evagrii
2713 2917 3052 2986 fratribus
3067 2919 3609 2986 esseconfessus
3625 2940 3811 2987 sum.

299 3022 497 3089 Idem
531 3023 1351 3090 afﬁrmaruntSocrates
1385 3024 1506 3090 lib.
1545 3044 1641 3100 1v,
1679 3046 1838 3112 cap.
1885 3029 1994 3107 18,
2030 3029 2098 3090 et
2130 3024 2582 3110 Nicephorus
2613 3022 2735 3090 lib.
2771 3043 2848 3100 II,
2892 3045 3054 3110 cap.
3081 3029 3190 3101 44,
3228 3027 3307 3090 ut
3330 3025 3512 3091 nihil
3541 3024 3808 3092 mirum

296 3129 416 3212 sit,
460 3130 521 3196 si
553 3128 804 3198 eodem
842 3129 987 3197 luto
1030 3149 1385 3205 errorum,
1414 3149 1555 3217 quo
1601 3131 1968 3216 magister,
2008 3130 2280 3197 tinctus
2305 3127 2674 3196 Palladius
2698 3128 2933 3195 fuerit.
2973 3129 3333 3206 Quocirca
3366 3133 3443 3196 ut
3475 3129 3611 3197 hoc
3633 3151 3813 3218 opus

294 3234 598 3304 laudant
636 3239 971 3305 Socrates
1001 3234 1573 3323 etNicephorus,
1610 3243 1688 3302 ut
1720 3257 1867 3303 non
1910 3236 2102 3304 imus
2143 3234 2438 3302 inficias
2473 3233 2702 3301 multa
2735 3233 2841 3300 illi
2875 3233 3113 3301 inesse
3139 3234 3345 3302 utilia
3369 3238 3438 3303 et
3463 3238 3684 3312 recta,
3714 3235 3811 3303 ita

299 3346 588 3412 certum
631 3347 742 3413 est
774 3345 957 3428 illos,
998 3343 1232 3433 qualis
1268 3342 1632 3410 Palladius
1662 3343 1900 3424 fuerit,
1940 3365 2082 3412 non
2120 3343 2407 3431 penitus
2438 3345 2900 3431 perspectum
2934 3342 3300 3412 habuisse.

616 5765 889 5825 PATROL.
939 5761 1047 5823 Gn.
1091 5757 1359 5822 XXXIV.
3411 5753 3490 5816 32
