  <div class='ocr_page' id='page_1' title='image "/cluster/home/n/w/nwhite01/storage/ocr_20150623/34/mdp.39015041165401/565.png"; bbox 0 0 4076 6280; ppageno 0'>
   <div class='ocr_carea' id='block_1_1' title="bbox 334 320 3739 438">
    <p class='ocr_par' dir='ltr' id='par_1_1' title="bbox 334 320 3739 438">
     <span class='ocr_line' id='line_1_1' title="bbox 334 320 3739 438; baseline -0.004 0"><span class='ocrx_word' id='word_1_1' title='bbox 334 376 450 438; x_wconf 72' lang='lat'>995</span> <span class='ocrx_word' id='word_1_2' title='bbox 1871 366 2244 430; x_wconf 79' lang='lat' dir='ltr'>PALLADII</span> <span class='ocrx_word' id='word_1_3' title='bbox 3135 320 3173 338; x_wconf 76' lang='grc'>”</span> <span class='ocrx_word' id='word_1_4' title='bbox 3629 361 3739 423; x_wconf 80' lang='lat'>996</span> 
     </span>
    </p>
   </div>
   <div class='ocr_carea' id='block_1_2' title="bbox 340 519 2810 544">
    <p class='ocr_par' dir='ltr' id='par_1_2' title="bbox 340 519 2810 544">
     <span class='ocr_line' id='line_1_2' title="bbox 340 519 2810 544; baseline -0.002 -4"><span class='ocrx_word' id='word_1_5' title='bbox 340 519 2810 544; x_wconf 53' lang='grc' dir='ltr'><em>Μ</em></span> 
     </span>
    </p>
   </div>
   <div class='ocr_carea' id='block_1_3' title="bbox 717 641 3361 751">
    <p class='ocr_par' dir='ltr' id='par_1_3' title="bbox 717 641 3361 751">
     <span class='ocr_line' id='line_1_3' title="bbox 717 641 3361 751; baseline -0.005 0"><span class='ocrx_word' id='word_1_6' title='bbox 717 649 1448 751; x_wconf 81' lang='grc' dir='ltr'>ΠΑΛΛΑΔΙΟΥ</span> <span class='ocrx_word' id='word_1_7' title='bbox 1526 645 2264 745; x_wconf 88' lang='grc' dir='ltr'>ΕΠΙΣΚΟΠΟΥ</span> <span class='ocrx_word' id='word_1_8' title='bbox 2342 641 3361 743; x_wconf 83' lang='grc' dir='ltr'>ΕΛΕΝΟΥΠΟΛΕΩΣ</span> 
     </span>
    </p>
   </div>
   <div class='ocr_carea' id='block_1_4' title="bbox 890 888 3189 1029">
    <p class='ocr_par' dir='ltr' id='par_1_4' title="bbox 890 888 3189 1029">
     <span class='ocr_line' id='line_1_4' title="bbox 890 888 3189 1029; baseline -0.004 0"><span class='ocrx_word' id='word_1_9' title='bbox 890 901 1008 1029; x_wconf 92' lang='grc' dir='ltr'>Η</span> <span class='ocrx_word' id='word_1_10' title='bbox 1095 896 1568 1028; x_wconf 90' lang='grc' dir='ltr'>ΠΡΟΣ</span> <span class='ocrx_word' id='word_1_11' title='bbox 1661 893 2361 1025; x_wconf 88' lang='grc' dir='ltr'>ΛΑΥΣΟΝ</span> <span class='ocrx_word' id='word_1_12' title='bbox 2465 888 3189 1022; x_wconf 88' lang='grc' dir='ltr'>ΙΣΤΟΡΙΑ</span> 
     </span>
    </p>
   </div>
   <div class='ocr_carea' id='block_1_5' title="bbox 1389 1160 2684 1219">
    <p class='ocr_par' dir='ltr' id='par_1_5' title="bbox 1389 1160 2684 1219">
     <span class='ocr_line' id='line_1_5' title="bbox 1389 1160 2684 1219; baseline -0.005 -2"><span class='ocrx_word' id='word_1_13' title='bbox 1389 1164 1825 1219; x_wconf 82' lang='grc' dir='ltr'>ΠΕΡΙΕΧΟΥΣΔ</span> <span class='ocrx_word' id='word_1_14' title='bbox 1864 1161 2059 1216; x_wconf 79' lang='grc' dir='ltr'>ΒΙΟΥΣ</span> <span class='ocrx_word' id='word_1_15' title='bbox 2101 1162 2305 1213; x_wconf 83' lang='grc' dir='ltr'>ΟΣΙΩΝ</span> <span class='ocrx_word' id='word_1_16' title='bbox 2347 1160 2684 1214; x_wconf 82' lang='grc' dir='ltr'>ΠΑΤΕΡΩΝ.</span> 
     </span>
    </p>
   </div>
   <div class='ocr_carea' id='block_1_6' title="bbox 1576 1420 2504 1492">
    <p class='ocr_par' dir='ltr' id='par_1_6' title="bbox 1576 1420 2504 1492">
     <span class='ocr_line' id='line_1_6' title="bbox 1576 1420 2504 1492; baseline -0.002 -15"><span class='ocrx_word' id='word_1_17' title='bbox 1576 1421 1863 1479; x_wconf 74' lang='lat' dir='ltr'>Gentiano</span> <span class='ocrx_word' id='word_1_18' title='bbox 1892 1420 2136 1478; x_wconf 72' lang='lat' dir='ltr'>Horveto</span> <span class='ocrx_word' id='word_1_19' title='bbox 2167 1421 2504 1492; x_wconf 81' lang='lat' dir='ltr'>interprete.</span> 
     </span>
    </p>
   </div>
   <div class='ocr_carea' id='block_1_7' title="bbox 841 1563 3238 1641">
    <p class='ocr_par' dir='ltr' id='par_1_7' title="bbox 841 1563 3238 1641">
     <span class='ocr_line' id='line_1_7' title="bbox 841 1563 3238 1641; baseline -0.003 -14"><span class='ocrx_word' id='word_1_20' title='bbox 841 1569 1114 1641; x_wconf 65' lang='lat' dir='ltr'>Domus,</span> <span class='ocrx_word' id='word_1_21' title='bbox 1148 1566 1592 1641; x_wconf 66' lang='lat' dir='ltr'>Supplementa»:</span> <span class='ocrx_word' id='word_1_22' title='bbox 1621 1567 1880 1625; x_wconf 77' lang='lat' dir='ltr'>Bibliolh.</span> <span class='ocrx_word' id='word_1_23' title='bbox 1910 1567 2141 1623; x_wconf 78' lang='lat' dir='ltr'>Patrum</span> <span class='ocrx_word' id='word_1_24' title='bbox 2169 1565 2261 1622; x_wconf 84' lang='lat' dir='ltr'>ed.</span> <span class='ocrx_word' id='word_1_25' title='bbox 2298 1563 2478 1622; x_wconf 81' lang='lat' dir='ltr'>Paris.</span> <span class='ocrx_word' id='word_1_26' title='bbox 2514 1564 2671 1633; x_wconf 80' lang='grc'>1624,</span> <span class='ocrx_word' id='word_1_27' title='bbox 2706 1564 2803 1621; x_wconf 87' lang='lat' dir='ltr'>fol.</span> <span class='ocrx_word' id='word_1_28' title='bbox 2837 1572 2876 1621; x_wconf 79' lang='grc' dir='ltr'>ι.</span> <span class='ocrx_word' id='word_1_29' title='bbox 2913 1564 2983 1633; x_wconf 85' lang='grc' dir='ltr'>ΙΙ,</span> <span class='ocrx_word' id='word_1_30' title='bbox 3019 1580 3078 1637; x_wconf 91' lang='lat' dir='ltr'><strong>p.</strong></span> <span class='ocrx_word' id='word_1_31' title='bbox 3110 1564 3238 1621; x_wconf 81' lang='lat'>893.</span> 
     </span>
    </p>
   </div>
   <div class='ocr_carea' id='block_1_8' title="bbox 1681 1848 2382 1939">
    <p class='ocr_par' dir='ltr' id='par_1_8' title="bbox 1681 1848 2382 1939">
     <span class='ocr_line' id='line_1_8' title="bbox 1681 1848 2382 1939; baseline 0.001 -3"><span class='ocrx_word' id='word_1_32' title='bbox 1681 1848 2382 1939; x_wconf 86' lang='grc' dir='ltr'>ΠΡΟΟΙΜΙΟΝ-</span> 
     </span>
    </p>
   </div>
   <div class='ocr_carea' id='block_1_9' title="bbox 398 2015 3737 2102">
    <p class='ocr_par' dir='ltr' id='par_1_9' title="bbox 398 2015 3737 2102">
     <span class='ocr_line' id='line_1_9' title="bbox 398 2015 3737 2102; baseline -0.002 -18"><span class='ocrx_word' id='word_1_33' title='bbox 398 2029 486 2085; x_wconf 87' lang='grc' dir='ltr'>Ἐν</span> <span class='ocrx_word' id='word_1_34' title='bbox 528 2024 696 2102; x_wconf 75' lang='grc' dir='ltr'>ταύτῃ</span> <span class='ocrx_word' id='word_1_35' title='bbox 734 2027 805 2100; x_wconf 80' lang='grc' dir='ltr'>τῇ</span> <span class='ocrx_word' id='word_1_36' title='bbox 867 2019 1047 2100; x_wconf 87' lang='grc' dir='ltr'>βίϐλῳ</span> <span class='ocrx_word' id='word_1_37' title='bbox 1097 2022 1488 2101; x_wconf 72' lang='grc' dir='ltr'>ἀναγέγραπται</span> <span class='ocrx_word' id='word_1_38' title='bbox 1537 2019 1785 2095; x_wconf 84' lang='grc' dir='ltr'>ἐναρετος</span> <span class='ocrx_word' id='word_1_39' title='bbox 1843 2016 2094 2092; x_wconf 72' lang='grc' dir='ltr'>ἄσκησις,</span> <span class='ocrx_word' id='word_1_40' title='bbox 2148 2017 2238 2076; x_wconf 78' lang='grc' dir='ltr'>καὶ</span> <span class='ocrx_word' id='word_1_41' title='bbox 2297 2019 2580 2091; x_wconf 84' lang='grc' dir='ltr'>θαυμαστή</span> <span class='ocrx_word' id='word_1_42' title='bbox 2642 2017 2763 2094; x_wconf 90' lang='grc' dir='ltr'>βίου</span> <span class='ocrx_word' id='word_1_43' title='bbox 2823 2015 3089 2093; x_wconf 79' lang='grc' dir='ltr'>διαγωγὴ,</span> <span class='ocrx_word' id='word_1_44' title='bbox 3144 2022 3254 2075; x_wconf 90' lang='grc' dir='ltr'>τῶν</span> <span class='ocrx_word' id='word_1_45' title='bbox 3308 2018 3588 2094; x_wconf 75' lang='grc' dir='ltr'>μακαρίων</span> <span class='ocrx_word' id='word_1_46' title='bbox 3644 2022 3737 2079; x_wconf 82' lang='grc' dir='ltr'>καὶ</span> 
     </span>
    </p>
   </div>
   <div class='ocr_carea' id='block_1_10' title="bbox 325 2106 3741 2195">
    <p class='ocr_par' dir='ltr' id='par_1_10' title="bbox 325 2106 3741 2195">
     <span class='ocr_line' id='line_1_10' title="bbox 325 2106 3741 2195; baseline -0.002 -23"><span class='ocrx_word' id='word_1_47' title='bbox 325 2118 498 2195; x_wconf 76' lang='grc' dir='ltr'>ἁγίων</span> <span class='ocrx_word' id='word_1_48' title='bbox 534 2113 788 2190; x_wconf 80' lang='grc' dir='ltr'>Πατέρων</span> <span class='ocrx_word' id='word_1_49' title='bbox 835 2117 1121 2190; x_wconf 87' lang='grc' dir='ltr'>μοναχῶν,</span> <span class='ocrx_word' id='word_1_50' title='bbox 1171 2114 1261 2185; x_wconf 78' lang='grc' dir='ltr'>ᾳαὶ</span> <span class='ocrx_word' id='word_1_51' title='bbox 1308 2112 1684 2187; x_wconf 86' lang='grc' dir='ltr'>ἀναχωρητῶν</span> <span class='ocrx_word' id='word_1_52' title='bbox 1715 2113 1822 2164; x_wconf 90' lang='grc' dir='ltr'>τῶν</span> <span class='ocrx_word' id='word_1_53' title='bbox 1882 2107 1933 2164; x_wconf 88' lang='grc' dir='ltr'>ἐν</span> <span class='ocrx_word' id='word_1_54' title='bbox 1974 2112 2041 2183; x_wconf 78' lang='grc' dir='ltr'>τῇ</span> <span class='ocrx_word' id='word_1_55' title='bbox 2074 2109 2288 2185; x_wconf 73' lang='grc' dir='ltr'>ἐρήμῳ,</span> <span class='ocrx_word' id='word_1_56' title='bbox 2329 2109 2463 2183; x_wconf 84' lang='grc' dir='ltr'>πρὸς</span> <span class='ocrx_word' id='word_1_57' title='bbox 2504 2106 2674 2178; x_wconf 84' lang='grc' dir='ltr'>ζῆλον</span> <span class='ocrx_word' id='word_1_58' title='bbox 2731 2106 2821 2164; x_wconf 87' lang='grc' dir='ltr'>καὶ</span> <span class='ocrx_word' id='word_1_59' title='bbox 2855 2107 3088 2181; x_wconf 79' lang='grc' dir='ltr'>μίμησιν</span> <span class='ocrx_word' id='word_1_60' title='bbox 3138 2113 3245 2165; x_wconf 89' lang='grc' dir='ltr'>τῶν</span> <span class='ocrx_word' id='word_1_61' title='bbox 3304 2110 3403 2195; x_wconf 69' lang='grc' dir='ltr'>τὴν</span> <span class='ocrx_word' id='word_1_62' title='bbox 3470 2108 3741 2186; x_wconf 73' lang='grc' dir='ltr'>οὐρανίων</span> 
     </span>
    </p>
   </div>
   <div class='ocr_carea' id='block_1_11' title="bbox 337 2193 3742 2277">
    <p class='ocr_par' dir='ltr' id='par_1_11' title="bbox 337 2193 3742 2277">
     <span class='ocr_line' id='line_1_11' title="bbox 337 2193 3742 2277; baseline -0.001 -17"><span class='ocrx_word' id='word_1_63' title='bbox 337 2193 618 2261; x_wconf 85' lang='grc' dir='ltr'>πολιτείαν</span> <span class='ocrx_word' id='word_1_64' title='bbox 650 2204 942 2259; x_wconf 84' lang='grc' dir='ltr'>ἐθελόντων</span> <span class='ocrx_word' id='word_1_65' title='bbox 975 2204 1295 2277; x_wconf 71' lang='grc' dir='ltr'>κατορθοῦν,</span> <span class='ocrx_word' id='word_1_66' title='bbox 1328 2203 1417 2256; x_wconf 81' lang='grc' dir='ltr'>καὶ</span> <span class='ocrx_word' id='word_1_67' title='bbox 1446 2202 1547 2269; x_wconf 82' lang='grc' dir='ltr'>τήν</span> <span class='ocrx_word' id='word_1_68' title='bbox 1588 2198 1664 2261; x_wconf 84' lang='grc' dir='ltr'>είς</span> <span class='ocrx_word' id='word_1_69' title='bbox 1709 2196 1986 2272; x_wconf 85' lang='grc' dir='ltr'>βασιλείαν</span> <span class='ocrx_word' id='word_1_70' title='bbox 2019 2198 2256 2271; x_wconf 81' lang='grc' dir='ltr'>οὐρανῶν</span> <span class='ocrx_word' id='word_1_71' title='bbox 2302 2194 2536 2272; x_wconf 77' lang='grc' dir='ltr'>ἄγουσαν</span> <span class='ocrx_word' id='word_1_72' title='bbox 2587 2195 2938 2273; x_wconf 66' lang='grc' dir='ltr'>βουλομένων</span> <span class='ocrx_word' id='word_1_73' title='bbox 2991 2195 3190 2253; x_wconf 87' lang='grc' dir='ltr'>ὁδεύειν</span> <span class='ocrx_word' id='word_1_74' title='bbox 3252 2193 3378 2254; x_wconf 85' lang='grc' dir='ltr'>ὁδόν</span> <span class='ocrx_word' id='word_1_75' title='bbox 3415 2217 3429 2232; x_wconf 78' lang='grc'><strong>⁸</strong></span> <span class='ocrx_word' id='word_1_76' title='bbox 3489 2200 3580 2255; x_wconf 78' lang='grc' dir='ltr'>καὶ</span> <span class='ocrx_word' id='word_1_77' title='bbox 3644 2222 3742 2275; x_wconf 82' lang='grc' dir='ltr'>γυ-</span> 
     </span>
    </p>
   </div>
   <div class='ocr_carea' id='block_1_12' title="bbox 338 2284 3742 2369">
    <p class='ocr_par' dir='ltr' id='par_1_12' title="bbox 338 2284 3742 2369">
     <span class='ocr_line' id='line_1_12' title="bbox 338 2284 3742 2369; baseline -0 -18"><span class='ocrx_word' id='word_1_78' title='bbox 338 2298 540 2351; x_wconf 89' lang='grc' dir='ltr'>ναικῶν</span> <span class='ocrx_word' id='word_1_79' title='bbox 567 2288 939 2369; x_wconf 80' lang='grc' dir='ltr'>πρεσϐυτίδων</span> <span class='ocrx_word' id='word_1_80' title='bbox 969 2293 1061 2349; x_wconf 83' lang='grc' dir='ltr'>καὶ</span> <span class='ocrx_word' id='word_1_81' title='bbox 1090 2289 1358 2365; x_wconf 81' lang='grc' dir='ltr'>ἀοιδίμων</span> <span class='ocrx_word' id='word_1_82' title='bbox 1397 2288 1765 2346; x_wconf 80' lang='grc' dir='ltr'>θεοπνεύστων</span> <span class='ocrx_word' id='word_1_83' title='bbox 1816 2287 2065 2362; x_wconf 84' lang='grc' dir='ltr'>μητέρων</span> <span class='ocrx_word' id='word_1_84' title='bbox 2119 2294 2354 2360; x_wconf 86' lang='grc' dir='ltr'>μνῆμαι,</span> <span class='ocrx_word' id='word_1_85' title='bbox 2387 2291 2494 2342; x_wconf 93' lang='grc' dir='ltr'>τῶν</span> <span class='ocrx_word' id='word_1_86' title='bbox 2552 2284 2783 2361; x_wconf 76' lang='grc' dir='ltr'>ἀνδρείῳ</span> <span class='ocrx_word' id='word_1_87' title='bbox 2838 2287 2927 2342; x_wconf 81' lang='grc' dir='ltr'>καὶ</span> <span class='ocrx_word' id='word_1_88' title='bbox 2992 2287 3189 2361; x_wconf 78' lang='grc' dir='ltr'>τελείῳ</span> <span class='ocrx_word' id='word_1_89' title='bbox 3248 2291 3562 2367; x_wconf 71' lang='grc' dir='ltr'>φρονήματι</span> <span class='ocrx_word' id='word_1_90' title='bbox 3612 2290 3742 2350; x_wconf 71' lang='grc' dir='ltr'>τοὺς</span> 
     </span>
    </p>
   </div>
   <div class='ocr_carea' id='block_1_13' title="bbox 335 2370 3734 2457">
    <p class='ocr_par' dir='ltr' id='par_1_13' title="bbox 335 2370 3734 2457">
     <span class='ocr_line' id='line_1_13' title="bbox 335 2370 3734 2457; baseline -0.001 -19"><span class='ocrx_word' id='word_1_91' title='bbox 335 2391 437 2456; x_wconf 80' lang='grc' dir='ltr'>τῆς</span> <span class='ocrx_word' id='word_1_92' title='bbox 496 2382 744 2457; x_wconf 72' lang='grc' dir='ltr'>ἐναρέτου</span> <span class='ocrx_word' id='word_1_93' title='bbox 802 2384 1081 2455; x_wconf 77' lang='grc' dir='ltr'>ἀσκήσεως</span> <span class='ocrx_word' id='word_1_94' title='bbox 1141 2379 1340 2445; x_wconf 76' lang='grc' dir='ltr'>ἄθλους</span> <span class='ocrx_word' id='word_1_95' title='bbox 1379 2380 1733 2453; x_wconf 76' lang='grc' dir='ltr'>ἐξανυσασῶν,</span> <span class='ocrx_word' id='word_1_96' title='bbox 1775 2379 1911 2453; x_wconf 86' lang='grc' dir='ltr'>πρὸς</span> <span class='ocrx_word' id='word_1_97' title='bbox 1974 2376 2334 2452; x_wconf 81' lang='grc' dir='ltr'>ὑπογραμμὸν</span> <span class='ocrx_word' id='word_1_98' title='bbox 2371 2370 2477 2431; x_wconf 31' lang='grc' dir='ltr'>ίκαὶ</span> <span class='ocrx_word' id='word_1_99' title='bbox 2527 2370 2701 2450; x_wconf 76' lang='grc' dir='ltr'>ἔρωτα</span> <span class='ocrx_word' id='word_1_100' title='bbox 2748 2378 2914 2443; x_wconf 79' lang='grc' dir='ltr'>θεῖον,</span> <span class='ocrx_word' id='word_1_101' title='bbox 2953 2380 3060 2432; x_wconf 88' lang='grc' dir='ltr'>τῶν</span> <span class='ocrx_word' id='word_1_102' title='bbox 3120 2376 3425 2434; x_wconf 80' lang='grc' dir='ltr'>ἐθελουσῶν</span> <span class='ocrx_word' id='word_1_103' title='bbox 3483 2380 3576 2435; x_wconf 85' lang='grc' dir='ltr'>τὸν</span> <span class='ocrx_word' id='word_1_104' title='bbox 3633 2388 3734 2452; x_wconf 80' lang='grc' dir='ltr'>τῆς</span> 
     </span>
    </p>
   </div>
   <div class='ocr_carea' id='block_1_14' title="bbox 336 2463 3743 2549">
    <p class='ocr_par' dir='ltr' id='par_1_14' title="bbox 336 2463 3743 2549">
     <span class='ocr_line' id='line_1_14' title="bbox 336 2463 3743 2549; baseline 0 -22"><span class='ocrx_word' id='word_1_105' title='bbox 336 2472 646 2549; x_wconf 72' lang='grc' dir='ltr'>ἐγκρατείας</span> <span class='ocrx_word' id='word_1_106' title='bbox 686 2473 776 2529; x_wconf 81' lang='grc' dir='ltr'>καὶ</span> <span class='ocrx_word' id='word_1_107' title='bbox 835 2471 1045 2547; x_wconf 82' lang='grc' dir='ltr'>ἁγνείας</span> <span class='ocrx_word' id='word_1_108' title='bbox 1105 2469 1469 2542; x_wconf 73' lang='grc' dir='ltr'>ἀναδήσασθαι</span> <span class='ocrx_word' id='word_1_109' title='bbox 1539 2471 1795 2548; x_wconf 69' lang='grc' dir='ltr'>στέφανον</span> <span class='ocrx_word' id='word_1_110' title='bbox 1831 2486 1844 2501; x_wconf 78' lang='grc' dir='ltr'><strong><em>ο</em></strong></span> <span class='ocrx_word' id='word_1_111' title='bbox 1899 2464 1986 2522; x_wconf 84' lang='grc' dir='ltr'>διὰ</span> <span class='ocrx_word' id='word_1_112' title='bbox 2052 2467 2114 2522; x_wconf 90' lang='grc' dir='ltr'>τὸ</span> <span class='ocrx_word' id='word_1_113' title='bbox 2157 2467 2260 2522; x_wconf 87' lang='grc' dir='ltr'>ὑπὸ</span> <span class='ocrx_word' id='word_1_114' title='bbox 2300 2463 2491 2537; x_wconf 84' lang='grc' dir='ltr'>ἀνδρός</span> <span class='ocrx_word' id='word_1_115' title='bbox 2520 2486 2666 2529; x_wconf 91' lang='grc' dir='ltr'>τινος</span> <span class='ocrx_word' id='word_1_116' title='bbox 2696 2466 3118 2542; x_wconf 87' lang='grc' dir='ltr'>παγκρατίστου,</span> <span class='ocrx_word' id='word_1_117' title='bbox 3159 2468 3251 2524; x_wconf 80' lang='grc' dir='ltr'>καὶ</span> <span class='ocrx_word' id='word_1_118' title='bbox 3289 2473 3359 2543; x_wconf 80' lang='grc' dir='ltr'>τῇ</span> <span class='ocrx_word' id='word_1_119' title='bbox 3390 2471 3584 2546; x_wconf 72' lang='grc' dir='ltr'>γνώμη</span> <span class='ocrx_word' id='word_1_120' title='bbox 3642 2492 3743 2527; x_wconf 79' lang='grc' dir='ltr'>πο-</span> 
     </span>
    </p>
   </div>
   <div class='ocr_carea' id='block_1_15' title="bbox 338 2552 3739 2636">
    <p class='ocr_par' dir='ltr' id='par_1_15' title="bbox 338 2552 3739 2636">
     <span class='ocr_line' id='line_1_15' title="bbox 338 2552 3739 2636; baseline 0 -21"><span class='ocrx_word' id='word_1_121' title='bbox 338 2563 639 2634; x_wconf 83' lang='grc' dir='ltr'>λυμαθοῦς,</span> <span class='ocrx_word' id='word_1_122' title='bbox 662 2560 754 2616; x_wconf 82' lang='grc' dir='ltr'>καὶ</span> <span class='ocrx_word' id='word_1_123' title='bbox 783 2564 861 2630; x_wconf 78' lang='grc' dir='ltr'>τῷ</span> <span class='ocrx_word' id='word_1_124' title='bbox 892 2558 1013 2629; x_wconf 74' lang='grc' dir='ltr'>ἤθει</span> <span class='ocrx_word' id='word_1_125' title='bbox 1048 2561 1342 2636; x_wconf 74' lang='grc' dir='ltr'>εἰρηνικοῦ,</span> <span class='ocrx_word' id='word_1_126' title='bbox 1373 2559 1463 2615; x_wconf 81' lang='grc' dir='ltr'>καὶ</span> <span class='ocrx_word' id='word_1_127' title='bbox 1500 2562 1569 2633; x_wconf 73' lang='grc' dir='ltr'>τῇ</span> <span class='ocrx_word' id='word_1_128' title='bbox 1591 2555 1785 2634; x_wconf 81' lang='grc' dir='ltr'>καρδίᾳ</span> <span class='ocrx_word' id='word_1_129' title='bbox 1814 2552 2086 2625; x_wconf 75' lang='grc' dir='ltr'>εὐσεϐοῦς,</span> <span class='ocrx_word' id='word_1_130' title='bbox 2127 2556 2218 2611; x_wconf 82' lang='grc' dir='ltr'>καὶ</span> <span class='ocrx_word' id='word_1_131' title='bbox 2245 2562 2311 2627; x_wconf 86' lang='grc' dir='ltr'>τῆ</span> <span class='ocrx_word' id='word_1_132' title='bbox 2370 2554 2582 2628; x_wconf 80' lang='grc' dir='ltr'>διανοίᾳ</span> <span class='ocrx_word' id='word_1_133' title='bbox 2624 2555 2934 2636; x_wconf 75' lang='grc' dir='ltr'>θεοφιλοῦς,</span> <span class='ocrx_word' id='word_1_134' title='bbox 2987 2559 3074 2613; x_wconf 78' lang='grc' dir='ltr'>καὶ</span> <span class='ocrx_word' id='word_1_135' title='bbox 3108 2563 3205 2613; x_wconf 90' lang='grc' dir='ltr'>τοῦ</span> <span class='ocrx_word' id='word_1_136' title='bbox 3250 2561 3385 2632; x_wconf 83' lang='grc' dir='ltr'>πρὸς</span> <span class='ocrx_word' id='word_1_137' title='bbox 3445 2558 3739 2634; x_wconf 71' lang='grc' dir='ltr'>δεομένους</span> 
     </span>
    </p>
   </div>
   <div class='ocr_carea' id='block_1_16' title="bbox 335 2642 3735 2727">
    <p class='ocr_par' dir='ltr' id='par_1_16' title="bbox 335 2642 3735 2727">
     <span class='ocr_line' id='line_1_16' title="bbox 335 2642 3735 2727; baseline 0.001 -24"><span class='ocrx_word' id='word_1_138' title='bbox 335 2654 443 2703; x_wconf 82' lang='grc' dir='ltr'>τῶν</span> <span class='ocrx_word' id='word_1_139' title='bbox 468 2654 667 2724; x_wconf 76' lang='grc' dir='ltr'>χρειῶν</span> <span class='ocrx_word' id='word_1_140' title='bbox 697 2653 1035 2716; x_wconf 77' lang='grc' dir='ltr'>κοινωνικοῦ,</span> <span class='ocrx_word' id='word_1_141' title='bbox 1062 2650 1152 2704; x_wconf 84' lang='grc' dir='ltr'>καὶ</span> <span class='ocrx_word' id='word_1_142' title='bbox 1192 2650 1332 2722; x_wconf 78' lang='grc' dir='ltr'>αὐτῇ</span> <span class='ocrx_word' id='word_1_143' title='bbox 1382 2651 1595 2727; x_wconf 80' lang='grc' dir='ltr'>κορυφῇ</span> <span class='ocrx_word' id='word_1_144' title='bbox 1654 2651 1759 2701; x_wconf 90' lang='grc' dir='ltr'>τῶν</span> <span class='ocrx_word' id='word_1_145' title='bbox 1799 2646 2120 2715; x_wconf 77' lang='grc' dir='ltr'>ἀξιωμάτων</span> <span class='ocrx_word' id='word_1_146' title='bbox 2178 2642 2266 2700; x_wconf 67' lang='grc' dir='ltr'>διὰ</span> <span class='ocrx_word' id='word_1_147' title='bbox 2297 2648 2652 2721; x_wconf 75' lang='grc' dir='ltr'>χρηστότητα</span> <span class='ocrx_word' id='word_1_148' title='bbox 2680 2646 2895 2721; x_wconf 89' lang='grc' dir='ltr'>τρόπων</span> <span class='ocrx_word' id='word_1_149' title='bbox 2942 2647 3170 2703; x_wconf 79' lang='grc' dir='ltr'>πολλῶν</span> <span class='ocrx_word' id='word_1_150' title='bbox 3223 2647 3476 2725; x_wconf 75' lang='grc' dir='ltr'>λογάδων</span> <span class='ocrx_word' id='word_1_151' title='bbox 3529 2648 3735 2725; x_wconf 79' lang='grc' dir='ltr'>ἀνδρῶν</span> 
     </span>
    </p>
   </div>
   <div class='ocr_carea' id='block_1_17' title="bbox 336 2734 3731 2813">
    <p class='ocr_par' dir='ltr' id='par_1_17' title="bbox 336 2734 3731 2813">
     <span class='ocr_line' id='line_1_17' title="bbox 336 2734 3731 2813; baseline 0.001 -21"><span class='ocrx_word' id='word_1_152' title='bbox 336 2739 838 2813; x_wconf 82' lang='grc' dir='ltr'>προτετιμημένου,</span> <span class='ocrx_word' id='word_1_153' title='bbox 870 2736 960 2791; x_wconf 86' lang='grc' dir='ltr'>καὶ</span> <span class='ocrx_word' id='word_1_154' title='bbox 989 2738 1050 2791; x_wconf 84' lang='grc' dir='ltr'>τὸ</span> <span class='ocrx_word' id='word_1_155' title='bbox 1082 2736 1210 2791; x_wconf 78' lang='grc' dir='ltr'>ὅλον</span> <span class='ocrx_word' id='word_1_156' title='bbox 1241 2736 1311 2810; x_wconf 77' lang='grc' dir='ltr'>τῇ</span> <span class='ocrx_word' id='word_1_157' title='bbox 1344 2735 1569 2808; x_wconf 77' lang='grc' dir='ltr'>δυνάμει</span> <span class='ocrx_word' id='word_1_158' title='bbox 1597 2740 1694 2790; x_wconf 90' lang='grc' dir='ltr'>τοῦ</span> <span class='ocrx_word' id='word_1_159' title='bbox 1742 2734 1887 2789; x_wconf 91' lang='grc' dir='ltr'>θείου</span> <span class='ocrx_word' id='word_1_160' title='bbox 1946 2736 2263 2807; x_wconf 84' lang='grc' dir='ltr'>Πνεύματος</span> <span class='ocrx_word' id='word_1_161' title='bbox 2307 2734 2738 2812; x_wconf 67' lang='grc' dir='ltr'>φρουρουμένου,</span> <span class='ocrx_word' id='word_1_162' title='bbox 2794 2734 3140 2806; x_wconf 73' lang='grc' dir='ltr'>ἐπιτάξαντος</span> <span class='ocrx_word' id='word_1_163' title='bbox 3187 2739 3350 2811; x_wconf 69' lang='grc' dir='ltr'>ἡμῖν,</span> <span class='ocrx_word' id='word_1_164' title='bbox 3397 2737 3599 2812; x_wconf 74' lang='grc' dir='ltr'>μᾶλλον</span> <span class='ocrx_word' id='word_1_165' title='bbox 3651 2737 3731 2811; x_wconf 83' lang='grc' dir='ltr'>δὲ,</span> 
     </span>
    </p>
   </div>
   <div class='ocr_carea' id='block_1_18' title="bbox 340 2823 3728 2904">
    <p class='ocr_par' dir='ltr' id='par_1_18' title="bbox 340 2823 3728 2904">
     <span class='ocr_line' id='line_1_18' title="bbox 340 2823 3728 2904; baseline 0 -23"><span class='ocrx_word' id='word_1_166' title='bbox 340 2827 384 2881; x_wconf 75' lang='grc' dir='ltr'>εἰ</span> <span class='ocrx_word' id='word_1_167' title='bbox 427 2827 540 2904; x_wconf 79' lang='grc' dir='ltr'>χρὴ</span> <span class='ocrx_word' id='word_1_168' title='bbox 573 2826 636 2881; x_wconf 87' lang='grc' dir='ltr'>τὸ</span> <span class='ocrx_word' id='word_1_169' title='bbox 666 2825 869 2894; x_wconf 78' lang='grc' dir='ltr'>ἀληθὲς</span> <span class='ocrx_word' id='word_1_170' title='bbox 903 2824 1092 2893; x_wconf 78' lang='grc' dir='ltr'>εἰπεῖν,</span> <span class='ocrx_word' id='word_1_171' title='bbox 1125 2825 1260 2898; x_wconf 86' lang='grc' dir='ltr'>πρὸς</span> <span class='ocrx_word' id='word_1_172' title='bbox 1290 2827 1390 2894; x_wconf 63' lang='grc' dir='ltr'>τήν</span> <span class='ocrx_word' id='word_1_173' title='bbox 1423 2833 1523 2893; x_wconf 81' lang='grc' dir='ltr'>τῆς</span> <span class='ocrx_word' id='word_1_174' title='bbox 1549 2828 1656 2878; x_wconf 93' lang='grc' dir='ltr'>τῶν</span> <span class='ocrx_word' id='word_1_175' title='bbox 1688 2824 2003 2899; x_wconf 80' lang='grc' dir='ltr'>κρειττόνων</span> <span class='ocrx_word' id='word_1_176' title='bbox 2038 2823 2265 2898; x_wconf 80' lang='grc' dir='ltr'>θεωρίας</span> <span class='ocrx_word' id='word_1_177' title='bbox 2299 2824 2392 2878; x_wconf 82' lang='grc' dir='ltr'>τὸν</span> <span class='ocrx_word' id='word_1_178' title='bbox 2425 2827 2632 2899; x_wconf 81' lang='grc' dir='ltr'>νωθρὸν</span> <span class='ocrx_word' id='word_1_179' title='bbox 2659 2827 2819 2898; x_wconf 78' lang='grc' dir='ltr'>ἡμῶν</span> <span class='ocrx_word' id='word_1_180' title='bbox 2866 2828 2991 2880; x_wconf 92' lang='grc' dir='ltr'>νοῦν</span> <span class='ocrx_word' id='word_1_181' title='bbox 3037 2823 3408 2902; x_wconf 76' lang='grc' dir='ltr'>διεγείραντος</span> <span class='ocrx_word' id='word_1_182' title='bbox 3447 2830 3577 2903; x_wconf 87' lang='grc' dir='ltr'>πρὸς</span> <span class='ocrx_word' id='word_1_183' title='bbox 3630 2829 3728 2903; x_wconf 89' lang='grc' dir='ltr'>μί-</span> 
     </span>
    </p>
   </div>
   <div class='ocr_carea' id='block_1_19' title="bbox 343 2910 3733 2994">
    <p class='ocr_par' dir='ltr' id='par_1_19' title="bbox 343 2910 3733 2994">
     <span class='ocr_line' id='line_1_19' title="bbox 343 2910 3733 2994; baseline 0 -23"><span class='ocrx_word' id='word_1_184' title='bbox 343 2937 509 2989; x_wconf 84' lang='grc' dir='ltr'>μησιν</span> <span class='ocrx_word' id='word_1_185' title='bbox 538 2916 627 2972; x_wconf 85' lang='grc' dir='ltr'>καὶ</span> <span class='ocrx_word' id='word_1_186' title='bbox 658 2912 902 2990; x_wconf 77' lang='grc' dir='ltr'>ἅμιλλαν</span> <span class='ocrx_word' id='word_1_187' title='bbox 930 2920 1039 2972; x_wconf 89' lang='grc' dir='ltr'>τῶν</span> <span class='ocrx_word' id='word_1_188' title='bbox 1072 2915 1277 2990; x_wconf 82' lang='grc' dir='ltr'>ἀρετῶν</span> <span class='ocrx_word' id='word_1_189' title='bbox 1316 2916 1417 2986; x_wconf 78' lang='grc' dir='ltr'>τῆς</span> <span class='ocrx_word' id='word_1_190' title='bbox 1458 2912 1735 2984; x_wconf 68' lang='grc' dir='ltr'>ἀσκήσεως</span> <span class='ocrx_word' id='word_1_191' title='bbox 1765 2917 1873 2968; x_wconf 91' lang='grc' dir='ltr'>τῶν</span> <span class='ocrx_word' id='word_1_192' title='bbox 1921 2914 2082 2969; x_wconf 83' lang='grc' dir='ltr'>ὁσίων</span> <span class='ocrx_word' id='word_1_193' title='bbox 2118 2910 2210 2968; x_wconf 71' lang='grc' dir='ltr'>καί</span> <span class='ocrx_word' id='word_1_194' title='bbox 2257 2913 2531 2968; x_wconf 77' lang='grc' dir='ltr'>ἀθανάτων</span> <span class='ocrx_word' id='word_1_195' title='bbox 2572 2919 2949 2987; x_wconf 79' lang='grc' dir='ltr'>πνευματικῶν</span> <span class='ocrx_word' id='word_1_196' title='bbox 2999 2917 3160 2989; x_wconf 76' lang='grc' dir='ltr'>ἡμῶν</span> <span class='ocrx_word' id='word_1_197' title='bbox 3207 2918 3484 2994; x_wconf 72' lang='grc' dir='ltr'>Πατὲρων,</span> <span class='ocrx_word' id='word_1_198' title='bbox 3517 2923 3623 2974; x_wconf 90' lang='grc' dir='ltr'>τῶν</span> <span class='ocrx_word' id='word_1_199' title='bbox 3681 2918 3733 2974; x_wconf 79' lang='grc' dir='ltr'>ἐν</span> 
     </span>
    </p>
   </div>
   <div class='ocr_carea' id='block_1_20' title="bbox 336 2998 3737 3082">
    <p class='ocr_par' dir='ltr' id='par_1_20' title="bbox 336 2998 3737 3082">
     <span class='ocr_line' id='line_1_20' title="bbox 336 2998 3737 3082; baseline 0.001 -20"><span class='ocrx_word' id='word_1_200' title='bbox 336 3006 586 3081; x_wconf 77' lang='grc' dir='ltr'>ἀρεσκείᾳ</span> <span class='ocrx_word' id='word_1_201' title='bbox 617 3010 773 3079; x_wconf 84' lang='grc' dir='ltr'>Θεοῦ,</span> <span class='ocrx_word' id='word_1_202' title='bbox 806 3004 856 3061; x_wconf 88' lang='grc' dir='ltr'>ἐν</span> <span class='ocrx_word' id='word_1_203' title='bbox 885 3005 1274 3082; x_wconf 81' lang='grc' dir='ltr'>σκληραγωγίᾳ</span> <span class='ocrx_word' id='word_1_204' title='bbox 1302 3003 1492 3077; x_wconf 85' lang='grc' dir='ltr'>πολλῇ</span> <span class='ocrx_word' id='word_1_205' title='bbox 1531 3009 1628 3061; x_wconf 90' lang='grc' dir='ltr'>τοῦ</span> <span class='ocrx_word' id='word_1_206' title='bbox 1675 3003 1935 3075; x_wconf 84' lang='grc' dir='ltr'>σώματος</span> <span class='ocrx_word' id='word_1_207' title='bbox 1982 2998 2330 3078; x_wconf 81' lang='grc' dir='ltr'>βεϐἐωκότων</span> <span class='ocrx_word' id='word_1_208' title='bbox 2366 3022 2378 3034; x_wconf 85' lang='grc'>·</span> <span class='ocrx_word' id='word_1_209' title='bbox 2432 3005 2505 3065; x_wconf 81' lang='grc' dir='ltr'>ὡς</span> <span class='ocrx_word' id='word_1_210' title='bbox 2565 3005 3047 3079; x_wconf 75' lang='grc' dir='ltr'>ἀναγραψαμένους</span> <span class='ocrx_word' id='word_1_211' title='bbox 3101 3008 3250 3080; x_wconf 79' lang='grc' dir='ltr'>ἡμᾶς</span> <span class='ocrx_word' id='word_1_212' title='bbox 3281 3010 3408 3071; x_wconf 80' lang='grc' dir='ltr'>τοὺς</span> <span class='ocrx_word' id='word_1_213' title='bbox 3469 3012 3577 3064; x_wconf 89' lang='grc' dir='ltr'>τῶν</span> <span class='ocrx_word' id='word_1_214' title='bbox 3628 3009 3737 3064; x_wconf 84' lang='grc' dir='ltr'>ἀνι-</span> 
     </span>
    </p>
   </div>
   <div class='ocr_carea' id='block_1_21' title="bbox 335 3092 3745 3176">
    <p class='ocr_par' dir='ltr' id='par_1_21' title="bbox 335 3092 3745 3176">
     <span class='ocr_line' id='line_1_21' title="bbox 335 3092 3745 3176; baseline 0.001 -25"><span class='ocrx_word' id='word_1_215' title='bbox 335 3098 519 3168; x_wconf 72' lang='grc' dir='ltr'>κήτων</span> <span class='ocrx_word' id='word_1_216' title='bbox 570 3096 821 3169; x_wconf 83' lang='grc' dir='ltr'>ἀθλητῶν</span> <span class='ocrx_word' id='word_1_217' title='bbox 872 3097 1026 3172; x_wconf 89' lang='grc' dir='ltr'>βίους</span> <span class='ocrx_word' id='word_1_218' title='bbox 1073 3093 1477 3170; x_wconf 67' lang='grc' dir='ltr'>διαπέμψασθαι</span> <span class='ocrx_word' id='word_1_219' title='bbox 1527 3095 1729 3168; x_wconf 87' lang='grc' dir='ltr'>τούτῳ,</span> <span class='ocrx_word' id='word_1_220' title='bbox 1768 3092 2235 3164; x_wconf 73' lang='grc' dir='ltr'>ἀνακηρύττοντας</span> <span class='ocrx_word' id='word_1_221' title='bbox 2274 3092 2389 3155; x_wconf 78' lang='grc' dir='ltr'>ἐνὸς</span> <span class='ocrx_word' id='word_1_222' title='bbox 2435 3094 2658 3148; x_wconf 71' lang='grc' dir='ltr'>ἑκάστου</span> <span class='ocrx_word' id='word_1_223' title='bbox 2709 3099 2816 3149; x_wconf 90' lang='grc' dir='ltr'>τῶν</span> <span class='ocrx_word' id='word_1_224' title='bbox 2870 3092 3122 3169; x_wconf 76' lang='grc' dir='ltr'>μεγάλων</span> <span class='ocrx_word' id='word_1_225' title='bbox 3182 3098 3281 3160; x_wconf 76' lang='grc' dir='ltr'>τὰς</span> <span class='ocrx_word' id='word_1_226' title='bbox 3338 3096 3568 3176; x_wconf 81' lang='grc' dir='ltr'>ἐνεργεῖς</span> <span class='ocrx_word' id='word_1_227' title='bbox 3630 3101 3745 3175; x_wconf 77' lang='grc' dir='ltr'>ἀρεο</span> 
     </span>
    </p>
   </div>
   <div class='ocr_carea' id='block_1_22' title="bbox 334 3179 3741 3262">
    <p class='ocr_par' dir='ltr' id='par_1_22' title="bbox 334 3179 3741 3262">
     <span class='ocr_line' id='line_1_22' title="bbox 334 3179 3741 3262; baseline 0.001 -22"><span class='ocrx_word' id='word_1_228' title='bbox 334 3190 449 3248; x_wconf 85' lang='grc' dir='ltr'>τάς.</span> <span class='ocrx_word' id='word_1_229' title='bbox 475 3187 627 3244; x_wconf 83' lang='grc' dir='ltr'>Ἐστι</span> <span class='ocrx_word' id='word_1_230' title='bbox 668 3183 725 3241; x_wconf 81' lang='grc' dir='ltr'>δὲ</span> <span class='ocrx_word' id='word_1_231' title='bbox 753 3186 903 3241; x_wconf 87' lang='grc' dir='ltr'>ὁτου</span> <span class='ocrx_word' id='word_1_232' title='bbox 945 3183 1092 3240; x_wconf 85' lang='grc' dir='ltr'>θείου</span> <span class='ocrx_word' id='word_1_233' title='bbox 1120 3186 1321 3240; x_wconf 86' lang='grc' dir='ltr'>τούτου</span> <span class='ocrx_word' id='word_1_234' title='bbox 1359 3183 1447 3239; x_wconf 88' lang='grc' dir='ltr'>καὶ</span> <span class='ocrx_word' id='word_1_235' title='bbox 1479 3187 1849 3259; x_wconf 84' lang='grc' dir='ltr'>πνευματικοῦ</span> <span class='ocrx_word' id='word_1_236' title='bbox 1889 3181 2058 3237; x_wconf 88' lang='grc' dir='ltr'>πόθου</span> <span class='ocrx_word' id='word_1_237' title='bbox 2097 3180 2326 3255; x_wconf 74' lang='grc' dir='ltr'>ἐραστὴς</span> <span class='ocrx_word' id='word_1_238' title='bbox 2357 3182 2385 3235; x_wconf 87' lang='grc' dir='ltr'>ὁ</span> <span class='ocrx_word' id='word_1_239' title='bbox 2425 3179 2641 3257; x_wconf 77' lang='grc' dir='ltr'>ἄριστος</span> <span class='ocrx_word' id='word_1_240' title='bbox 2698 3187 2806 3238; x_wconf 91' lang='grc' dir='ltr'>τῶν</span> <span class='ocrx_word' id='word_1_241' title='bbox 2845 3179 3050 3258; x_wconf 87' lang='grc' dir='ltr'>ἀνδρῶν</span> <span class='ocrx_word' id='word_1_242' title='bbox 3107 3192 3319 3248; x_wconf 81' lang='grc' dir='ltr'>Λαῦσος</span> <span class='ocrx_word' id='word_1_243' title='bbox 3387 3188 3416 3241; x_wconf 82' lang='grc' dir='ltr'>ὁ</span> <span class='ocrx_word' id='word_1_244' title='bbox 3454 3189 3591 3262; x_wconf 73' lang='grc' dir='ltr'>μετά</span> <span class='ocrx_word' id='word_1_245' title='bbox 3646 3190 3741 3259; x_wconf 71' lang='grc' dir='ltr'>τήν</span> 
     </span>
    </p>
   </div>
   <div class='ocr_carea' id='block_1_23' title="bbox 333 3266 2461 3354">
    <p class='ocr_par' dir='ltr' id='par_1_23' title="bbox 333 3266 2461 3354">
     <span class='ocr_line' id='line_1_23' title="bbox 333 3266 2461 3354; baseline -0.001 -27"><span class='ocrx_word' id='word_1_246' title='bbox 333 3278 431 3330; x_wconf 89' lang='grc' dir='ltr'>τοῦ</span> <span class='ocrx_word' id='word_1_247' title='bbox 462 3281 594 3331; x_wconf 86' lang='grc' dir='ltr'>Θεοῦ</span> <span class='ocrx_word' id='word_1_248' title='bbox 626 3276 801 3350; x_wconf 74' lang='grc' dir='ltr'>ῥοπὴν</span> <span class='ocrx_word' id='word_1_249' title='bbox 836 3275 1008 3354; x_wconf 77' lang='grc' dir='ltr'>φύλαξ</span> <span class='ocrx_word' id='word_1_250' title='bbox 1037 3276 1368 3350; x_wconf 71' lang='grc' dir='ltr'>τεταγμένος</span> <span class='ocrx_word' id='word_1_251' title='bbox 1408 3282 1508 3345; x_wconf 81' lang='grc' dir='ltr'>τῆς</span> <span class='ocrx_word' id='word_1_252' title='bbox 1537 3273 1719 3328; x_wconf 84' lang='grc' dir='ltr'>ἐνθέου</span> <span class='ocrx_word' id='word_1_253' title='bbox 1754 3272 1840 3327; x_wconf 83' lang='grc' dir='ltr'>καὶ</span> <span class='ocrx_word' id='word_1_254' title='bbox 1873 3266 2124 3333; x_wconf 73' lang='grc' dir='ltr'>εὐσεϐοῦς</span> <span class='ocrx_word' id='word_1_255' title='bbox 2158 3270 2461 3345; x_wconf 89' lang='grc' dir='ltr'>βασιλείας.</span> 
     </span>
    </p>
   </div>
   <div class='ocr_carea' id='block_1_24' title="bbox 414 3388 3737 3467">
    <p class='ocr_par' dir='ltr' id='par_1_24' title="bbox 414 3388 3737 3467">
     <span class='ocr_line' id='line_1_24' title="bbox 414 3388 3737 3467; baseline 0.001 -20"><span class='ocrx_word' id='word_1_256' title='bbox 414 3393 558 3466; x_wconf 86' lang='grc' dir='ltr'>Ἐγὼ</span> <span class='ocrx_word' id='word_1_257' title='bbox 587 3392 765 3448; x_wconf 87' lang='grc' dir='ltr'>τοίνυν</span> <span class='ocrx_word' id='word_1_258' title='bbox 793 3393 821 3446; x_wconf 75' lang='grc' dir='ltr'><strong>ὅ</strong></span> <span class='ocrx_word' id='word_1_259' title='bbox 850 3393 939 3447; x_wconf 80' lang='grc' dir='ltr'>καὶ</span> <span class='ocrx_word' id='word_1_260' title='bbox 970 3397 1038 3466; x_wconf 82' lang='grc' dir='ltr'>τῇ</span> <span class='ocrx_word' id='word_1_261' title='bbox 1069 3392 1288 3466; x_wconf 83' lang='grc' dir='ltr'>γλώττῃ</span> <span class='ocrx_word' id='word_1_262' title='bbox 1335 3390 1677 3461; x_wconf 84' lang='grc' dir='ltr'>ἀπαίδευτος,</span> <span class='ocrx_word' id='word_1_263' title='bbox 1734 3389 1824 3444; x_wconf 87' lang='grc' dir='ltr'>καὶ</span> <span class='ocrx_word' id='word_1_264' title='bbox 1880 3394 2252 3461; x_wconf 83' lang='grc' dir='ltr'>πνευματικῆς</span> <span class='ocrx_word' id='word_1_265' title='bbox 2295 3388 2546 3464; x_wconf 87' lang='grc' dir='ltr'>γνώσεως</span> <span class='ocrx_word' id='word_1_266' title='bbox 2596 3389 2902 3466; x_wconf 89' lang='grc' dir='ltr'>ἀκροθιγῶς</span> <span class='ocrx_word' id='word_1_267' title='bbox 2941 3398 3058 3455; x_wconf 85' lang='grc' dir='ltr'>πως</span> <span class='ocrx_word' id='word_1_268' title='bbox 3105 3394 3457 3467; x_wconf 74' lang='grc' dir='ltr'>γευσάμενος,</span> <span class='ocrx_word' id='word_1_269' title='bbox 3506 3396 3598 3451; x_wconf 77' lang='grc' dir='ltr'>καὶ</span> <span class='ocrx_word' id='word_1_270' title='bbox 3643 3399 3737 3454; x_wconf 87' lang='grc' dir='ltr'>τοῦ</span> 
     </span>
    </p>
   </div>
   <div class='ocr_carea' id='block_1_25' title="bbox 341 3475 3740 3560">
    <p class='ocr_par' dir='ltr' id='par_1_25' title="bbox 341 3475 3740 3560">
     <span class='ocr_line' id='line_1_25' title="bbox 341 3475 3740 3560; baseline 0.001 -26"><span class='ocrx_word' id='word_1_271' title='bbox 341 3479 651 3556; x_wconf 84' lang='grc' dir='ltr'>καταλόγου</span> <span class='ocrx_word' id='word_1_272' title='bbox 682 3485 787 3535; x_wconf 85' lang='grc' dir='ltr'>τῶν</span> <span class='ocrx_word' id='word_1_273' title='bbox 838 3481 1007 3554; x_wconf 81' lang='grc' dir='ltr'>ἁγίων</span> <span class='ocrx_word' id='word_1_274' title='bbox 1062 3480 1314 3553; x_wconf 77' lang='grc' dir='ltr'>[Ιατὲρων</span> <span class='ocrx_word' id='word_1_275' title='bbox 1369 3483 1739 3553; x_wconf 84' lang='grc' dir='ltr'>πνευματικοῦ</span> <span class='ocrx_word' id='word_1_276' title='bbox 1799 3478 1923 3551; x_wconf 87' lang='grc' dir='ltr'>βίου</span> <span class='ocrx_word' id='word_1_277' title='bbox 1975 3478 2206 3550; x_wconf 80' lang='grc' dir='ltr'>ἀνάξιος,</span> <span class='ocrx_word' id='word_1_278' title='bbox 2258 3475 2516 3540; x_wconf 77' lang='grc' dir='ltr'>δεδοικὼς</span> <span class='ocrx_word' id='word_1_279' title='bbox 2565 3479 2626 3533; x_wconf 85' lang='grc' dir='ltr'>τὸ</span> <span class='ocrx_word' id='word_1_280' title='bbox 2683 3479 2815 3553; x_wconf 72' lang='grc' dir='ltr'>ὑπὲρ</span> <span class='ocrx_word' id='word_1_281' title='bbox 2880 3478 2977 3552; x_wconf 78' lang='grc' dir='ltr'>ἐμὶ</span> <span class='ocrx_word' id='word_1_282' title='bbox 3030 3477 3265 3555; x_wconf 78' lang='grc' dir='ltr'>ἄμετρον</span> <span class='ocrx_word' id='word_1_283' title='bbox 3324 3487 3425 3548; x_wconf 80' lang='grc' dir='ltr'>τῆς</span> <span class='ocrx_word' id='word_1_284' title='bbox 3481 3482 3740 3560; x_wconf 70' lang='grc' dir='ltr'>ἐπιταγῆς</span> 
     </span>
    </p>
   </div>
   <div class='ocr_carea' id='block_1_26' title="bbox 346 3563 3741 3644">
    <p class='ocr_par' dir='ltr' id='par_1_26' title="bbox 346 3563 3741 3644">
     <span class='ocr_line' id='line_1_26' title="bbox 346 3563 3741 3644; baseline 0.002 -23"><span class='ocrx_word' id='word_1_285' title='bbox 346 3564 594 3639; x_wconf 79' lang='grc' dir='ltr'>μέγεθος,</span> <span class='ocrx_word' id='word_1_286' title='bbox 649 3563 1086 3644; x_wconf 82' lang='grc' dir='ltr'>δυσανησχὲτουν</span> <span class='ocrx_word' id='word_1_287' title='bbox 1142 3567 1461 3640; x_wconf 80' lang='grc' dir='ltr'>ἐγχειρῆσαι</span> <span class='ocrx_word' id='word_1_288' title='bbox 1516 3567 1694 3639; x_wconf 87' lang='grc' dir='ltr'>τούτῳ</span> <span class='ocrx_word' id='word_1_289' title='bbox 1751 3569 1831 3637; x_wconf 75' lang='grc' dir='ltr'>τῷ</span> <span class='ocrx_word' id='word_1_290' title='bbox 1890 3564 2211 3641; x_wconf 85' lang='grc' dir='ltr'>ἐπιτάγματι</span> <span class='ocrx_word' id='word_1_291' title='bbox 2268 3563 2487 3634; x_wconf 79' lang='grc' dir='ltr'>πολλῆς</span> <span class='ocrx_word' id='word_1_292' title='bbox 2549 3563 2789 3640; x_wconf 82' lang='grc' dir='ltr'>δεομένῳ</span> <span class='ocrx_word' id='word_1_293' title='bbox 2846 3569 2936 3623; x_wconf 83' lang='grc' dir='ltr'>καὶ</span> <span class='ocrx_word' id='word_1_294' title='bbox 2969 3569 3160 3642; x_wconf 81' lang='grc' dir='ltr'>σοφίας</span> <span class='ocrx_word' id='word_1_295' title='bbox 3206 3572 3305 3640; x_wconf 69' lang='grc' dir='ltr'>τῆς</span> <span class='ocrx_word' id='word_1_296' title='bbox 3363 3567 3584 3644; x_wconf 77' lang='grc' dir='ltr'>ἔξωθεν,</span> <span class='ocrx_word' id='word_1_297' title='bbox 3650 3574 3741 3629; x_wconf 82' lang='grc' dir='ltr'>καὶ</span> 
     </span>
    </p>
   </div>
   <div class='ocr_carea' id='block_1_27' title="bbox 335 3651 3738 3730">
    <p class='ocr_par' dir='ltr' id='par_1_27' title="bbox 335 3651 3738 3730">
     <span class='ocr_line' id='line_1_27' title="bbox 335 3651 3738 3730; baseline 0.003 -21"><span class='ocrx_word' id='word_1_298' title='bbox 335 3661 712 3726; x_wconf 76' lang='grc' dir='ltr'>πνευματικῆς</span> <span class='ocrx_word' id='word_1_299' title='bbox 754 3653 1029 3716; x_wconf 72' lang='grc' dir='ltr'>συνέσεως.</span> <span class='ocrx_word' id='word_1_300' title='bbox 1062 3656 1250 3727; x_wconf 84' lang='grc' dir='ltr'>Ὃμῶς</span> <span class='ocrx_word' id='word_1_301' title='bbox 1305 3652 1670 3715; x_wconf 77' lang='grc' dir='ltr'>καταιδεσθεὶς</span> <span class='ocrx_word' id='word_1_302' title='bbox 1711 3657 1930 3727; x_wconf 87' lang='grc' dir='ltr'>πρῶτον</span> <span class='ocrx_word' id='word_1_303' title='bbox 1989 3653 2051 3708; x_wconf 82' lang='grc' dir='ltr'>τὸ</span> <span class='ocrx_word' id='word_1_304' title='bbox 2120 3651 2411 3708; x_wconf 86' lang='grc' dir='ltr'>σπουδαῖον</span> <span class='ocrx_word' id='word_1_305' title='bbox 2468 3657 2567 3719; x_wconf 80' lang='grc' dir='ltr'>τῆς</span> <span class='ocrx_word' id='word_1_306' title='bbox 2625 3654 2825 3729; x_wconf 83' lang='grc' dir='ltr'>ἀρετῆς</span> <span class='ocrx_word' id='word_1_307' title='bbox 2874 3661 2974 3712; x_wconf 89' lang='grc' dir='ltr'>τοῦ</span> <span class='ocrx_word' id='word_1_308' title='bbox 3007 3656 3082 3720; x_wconf 83' lang='grc' dir='ltr'>είς</span> <span class='ocrx_word' id='word_1_309' title='bbox 3130 3657 3333 3729; x_wconf 87' lang='grc' dir='ltr'>ταύτην</span> <span class='ocrx_word' id='word_1_310' title='bbox 3366 3662 3468 3730; x_wconf 72' lang='grc' dir='ltr'>τὴν</span> <span class='ocrx_word' id='word_1_311' title='bbox 3503 3659 3738 3730; x_wconf 68' lang='grc' dir='ltr'>σπουδῆν</span> 
     </span>
    </p>
   </div>
   <div class='ocr_carea' id='block_1_28' title="bbox 344 3737 3741 3824">
    <p class='ocr_par' dir='ltr' id='par_1_28' title="bbox 344 3737 3741 3824">
     <span class='ocr_line' id='line_1_28' title="bbox 344 3737 3741 3824; baseline 0.004 -33"><span class='ocrx_word' id='word_1_312' title='bbox 344 3744 492 3816; x_wconf 79' lang='grc' dir='ltr'>ἡμᾶς</span> <span class='ocrx_word' id='word_1_313' title='bbox 523 3738 905 3820; x_wconf 84' lang='grc' dir='ltr'>διεγείραντος,</span> <span class='ocrx_word' id='word_1_314' title='bbox 937 3741 1398 3817; x_wconf 71' lang='grc' dir='ltr'>ἀναλογισάμενος</span> <span class='ocrx_word' id='word_1_315' title='bbox 1440 3739 1496 3796; x_wconf 77' lang='grc' dir='ltr'>δὲ</span> <span class='ocrx_word' id='word_1_316' title='bbox 1552 3741 1643 3796; x_wconf 83' lang='grc' dir='ltr'>καὶ</span> <span class='ocrx_word' id='word_1_317' title='bbox 1699 3745 1806 3795; x_wconf 87' lang='grc' dir='ltr'>τῶν</span> <span class='ocrx_word' id='word_1_318' title='bbox 1846 3737 2283 3816; x_wconf 72' lang='grc' dir='ltr'>ἐντυγχανόντων</span> <span class='ocrx_word' id='word_1_319' title='bbox 2337 3742 2436 3809; x_wconf 77' lang='grc' dir='ltr'>τὴν</span> <span class='ocrx_word' id='word_1_320' title='bbox 2492 3739 2778 3820; x_wconf 80' lang='grc' dir='ltr'>ὼφέλειαν,</span> <span class='ocrx_word' id='word_1_321' title='bbox 2811 3741 3004 3807; x_wconf 88' lang='grc' dir='ltr'>δεδιὼς</span> <span class='ocrx_word' id='word_1_322' title='bbox 3037 3742 3094 3800; x_wconf 77' lang='grc' dir='ltr'>δὲ</span> <span class='ocrx_word' id='word_1_323' title='bbox 3135 3745 3347 3802; x_wconf 75' lang='grc' dir='ltr'>καὶτὸν</span> <span class='ocrx_word' id='word_1_324' title='bbox 3404 3746 3494 3803; x_wconf 73' lang='grc' dir='ltr'>ἐπὶ</span> <span class='ocrx_word' id='word_1_325' title='bbox 3524 3754 3594 3824; x_wconf 75' lang='grc' dir='ltr'>τῇ</span> <span class='ocrx_word' id='word_1_326' title='bbox 3652 3751 3741 3806; x_wconf 75' lang='grc' dir='ltr'>εὖ·</span> 
     </span>
    </p>
   </div>
   <div class='ocr_carea' id='block_1_29' title="bbox 335 3829 3741 3916">
    <p class='ocr_par' dir='ltr' id='par_1_29' title="bbox 335 3829 3741 3916">
     <span class='ocr_line' id='line_1_29' title="bbox 335 3829 3741 3916; baseline 0.003 -30"><span class='ocrx_word' id='word_1_327' title='bbox 335 3831 490 3906; x_wconf 89' lang='grc' dir='ltr'>λόγῳ</span> <span class='ocrx_word' id='word_1_328' title='bbox 527 3834 781 3909; x_wconf 83' lang='grc' dir='ltr'>παρακοῇ</span> <span class='ocrx_word' id='word_1_329' title='bbox 826 3830 1089 3897; x_wconf 85' lang='grc' dir='ltr'>κίνδυνον,</span> <span class='ocrx_word' id='word_1_330' title='bbox 1123 3836 1256 3888; x_wconf 88' lang='grc' dir='ltr'>Θεοῦ</span> <span class='ocrx_word' id='word_1_331' title='bbox 1313 3831 1539 3906; x_wconf 74' lang='grc' dir='ltr'>προνοίᾳ</span> <span class='ocrx_word' id='word_1_332' title='bbox 1598 3835 1812 3903; x_wconf 87' lang='grc' dir='ltr'>πρῶτον</span> <span class='ocrx_word' id='word_1_333' title='bbox 1869 3829 2221 3892; x_wconf 86' lang='grc' dir='ltr'>ἀνατεθειχὼς</span> <span class='ocrx_word' id='word_1_334' title='bbox 2275 3830 2337 3885; x_wconf 86' lang='grc' dir='ltr'>τὸ</span> <span class='ocrx_word' id='word_1_335' title='bbox 2395 3836 2634 3905; x_wconf 84' lang='grc' dir='ltr'>γενναῖον</span> <span class='ocrx_word' id='word_1_336' title='bbox 2694 3830 2989 3911; x_wconf 81' lang='grc' dir='ltr'>ἐπίταγμα,</span> <span class='ocrx_word' id='word_1_337' title='bbox 3046 3833 3137 3890; x_wconf 81' lang='grc' dir='ltr'>καὶ</span> <span class='ocrx_word' id='word_1_338' title='bbox 3194 3833 3385 3910; x_wconf 80' lang='grc' dir='ltr'>πολλῇ</span> <span class='ocrx_word' id='word_1_339' title='bbox 3439 3840 3741 3916; x_wconf 74' lang='grc' dir='ltr'>προσεχείᾳ</span> 
     </span>
    </p>
   </div>
   <div class='ocr_carea' id='block_1_30' title="bbox 337 3914 3737 4000">
    <p class='ocr_par' dir='ltr' id='par_1_30' title="bbox 337 3914 3737 4000">
     <span class='ocr_line' id='line_1_30' title="bbox 337 3914 3737 4000; baseline 0.002 -24"><span class='ocrx_word' id='word_1_340' title='bbox 337 3922 695 3999; x_wconf 80' lang='grc' dir='ltr'>χρησάμενος</span> <span class='ocrx_word' id='word_1_341' title='bbox 739 3926 806 3998; x_wconf 78' lang='grc' dir='ltr'>τῇ</span> <span class='ocrx_word' id='word_1_342' title='bbox 862 3927 971 3979; x_wconf 88' lang='grc' dir='ltr'>τῶν</span> <span class='ocrx_word' id='word_1_343' title='bbox 1029 3922 1190 3997; x_wconf 85' lang='grc' dir='ltr'>ἁγίων</span> <span class='ocrx_word' id='word_1_344' title='bbox 1221 3923 1475 3996; x_wconf 76' lang='grc' dir='ltr'>Πατὲρων</span> <span class='ocrx_word' id='word_1_345' title='bbox 1513 3918 1793 3996; x_wconf 80' lang='grc' dir='ltr'>πρεσϐείᾳ,</span> <span class='ocrx_word' id='word_1_346' title='bbox 1837 3918 2199 3992; x_wconf 87' lang='grc' dir='ltr'>πτερούμενος</span> <span class='ocrx_word' id='word_1_347' title='bbox 2248 3914 2442 3991; x_wconf 76' lang='grc' dir='ltr'>ἀνέϐην</span> <span class='ocrx_word' id='word_1_348' title='bbox 2474 3920 2548 3982; x_wconf 84' lang='grc' dir='ltr'>εἷς</span> <span class='ocrx_word' id='word_1_349' title='bbox 2577 3920 2704 3984; x_wconf 69' lang='grc' dir='ltr'>τοὺς</span> <span class='ocrx_word' id='word_1_350' title='bbox 2763 3922 2975 3998; x_wconf 85' lang='grc' dir='ltr'>ἀγῶνας</span> <span class='ocrx_word' id='word_1_351' title='bbox 3020 3929 3118 3979; x_wconf 91' lang='grc' dir='ltr'>τοῦ</span> <span class='ocrx_word' id='word_1_352' title='bbox 3149 3925 3497 4000; x_wconf 86' lang='grc' dir='ltr'>σκάμματος,</span> <span class='ocrx_word' id='word_1_353' title='bbox 3543 3914 3737 3992; x_wconf 22' lang='grc' dir='ltr'>καίνὼς</span> 
     </span>
    </p>
   </div>
   <div class='ocr_carea' id='block_1_31' title="bbox 336 4007 3386 4091">
    <p class='ocr_par' dir='ltr' id='par_1_31' title="bbox 336 4007 3386 4091">
     <span class='ocr_line' id='line_1_31' title="bbox 336 4007 3386 4091; baseline 0.003 -28"><span class='ocrx_word' id='word_1_354' title='bbox 336 4010 388 4063; x_wconf 80' lang='grc' dir='ltr'>ἐν</span> <span class='ocrx_word' id='word_1_355' title='bbox 418 4009 654 4086; x_wconf 79' lang='grc' dir='ltr'>ἐπιτομῇ</span> <span class='ocrx_word' id='word_1_356' title='bbox 676 4016 782 4068; x_wconf 86' lang='grc' dir='ltr'>τῶν</span> <span class='ocrx_word' id='word_1_357' title='bbox 813 4012 1072 4089; x_wconf 84' lang='grc' dir='ltr'>γενναίων</span> <span class='ocrx_word' id='word_1_358' title='bbox 1105 4011 1359 4081; x_wconf 77' lang='grc' dir='ltr'>ἀθλητῶν</span> <span class='ocrx_word' id='word_1_359' title='bbox 1389 4011 1477 4066; x_wconf 79' lang='grc' dir='ltr'>καὶ</span> <span class='ocrx_word' id='word_1_360' title='bbox 1513 4009 1764 4086; x_wconf 88' lang='grc' dir='ltr'>μεγάλων</span> <span class='ocrx_word' id='word_1_361' title='bbox 1796 4007 2005 4085; x_wconf 83' lang='grc' dir='ltr'>ἀνδρῶν</span> <span class='ocrx_word' id='word_1_362' title='bbox 2037 4009 2102 4064; x_wconf 78' lang='grc' dir='ltr'>τὰ</span> <span class='ocrx_word' id='word_1_363' title='bbox 2131 4007 2337 4083; x_wconf 82' lang='grc' dir='ltr'>ἔπακρα</span> <span class='ocrx_word' id='word_1_364' title='bbox 2368 4009 2533 4083; x_wconf 88' lang='grc' dir='ltr'>μόνον</span> <span class='ocrx_word' id='word_1_365' title='bbox 2565 4013 2654 4066; x_wconf 82' lang='grc' dir='ltr'>καὶ</span> <span class='ocrx_word' id='word_1_366' title='bbox 2683 4016 2886 4085; x_wconf 83' lang='grc' dir='ltr'>σημεῖα</span> <span class='ocrx_word' id='word_1_367' title='bbox 2915 4012 3386 4091; x_wconf 73' lang='grc' dir='ltr'>ἀναγραψάμενος.</span> 
     </span>
    </p>
   </div>
   <div class='ocr_carea' id='block_1_32' title="bbox 404 4123 3743 4212">
    <p class='ocr_par' dir='ltr' id='par_1_32' title="bbox 404 4123 3743 4212">
     <span class='ocr_line' id='line_1_32' title="bbox 404 4123 3743 4212; baseline 0.001 -27"><span class='ocrx_word' id='word_1_368' title='bbox 404 4127 481 4185; x_wconf 77' lang='grc' dir='ltr'>Οὐ</span> <span class='ocrx_word' id='word_1_369' title='bbox 516 4128 680 4201; x_wconf 88' lang='grc' dir='ltr'>μόνον</span> <span class='ocrx_word' id='word_1_370' title='bbox 715 4125 919 4203; x_wconf 83' lang='grc' dir='ltr'>ἀνδρῶν</span> <span class='ocrx_word' id='word_1_371' title='bbox 952 4125 1220 4200; x_wconf 88' lang='grc' dir='ltr'>ἀοιδίμων</span> <span class='ocrx_word' id='word_1_372' title='bbox 1252 4128 1676 4202; x_wconf 82' lang='grc' dir='ltr'>κατορθωκότων</span> <span class='ocrx_word' id='word_1_373' title='bbox 1710 4125 1996 4182; x_wconf 79' lang='grc' dir='ltr'>πολιτείαν</span> <span class='ocrx_word' id='word_1_374' title='bbox 2047 4126 2295 4199; x_wconf 76' lang='grc' dir='ltr'>ἀρίστην,</span> <span class='ocrx_word' id='word_1_375' title='bbox 2329 4123 2474 4180; x_wconf 74' lang='grc' dir='ltr'>ἀλλά</span> <span class='ocrx_word' id='word_1_376' title='bbox 2519 4126 2609 4183; x_wconf 81' lang='grc' dir='ltr'>καὶ</span> <span class='ocrx_word' id='word_1_377' title='bbox 2651 4133 2919 4202; x_wconf 84' lang='grc' dir='ltr'>γυναικῶν</span> <span class='ocrx_word' id='word_1_378' title='bbox 2973 4130 3253 4205; x_wconf 87' lang='grc' dir='ltr'>μακαρίων</span> <span class='ocrx_word' id='word_1_379' title='bbox 3301 4132 3393 4187; x_wconf 79' lang='grc' dir='ltr'>καὶ</span> <span class='ocrx_word' id='word_1_380' title='bbox 3456 4134 3743 4212; x_wconf 68' lang='grc' dir='ltr'>εύσχημόυ</span> 
     </span>
    </p>
   </div>
   <div class='ocr_carea' id='block_1_33' title="bbox 330 4214 3739 4297">
    <p class='ocr_par' dir='ltr' id='par_1_33' title="bbox 330 4214 3739 4297">
     <span class='ocr_line' id='line_1_33' title="bbox 330 4214 3739 4297; baseline 0.003 -26"><span class='ocrx_word' id='word_1_381' title='bbox 330 4240 437 4272; x_wconf 82' lang='grc' dir='ltr'>νων</span> <span class='ocrx_word' id='word_1_382' title='bbox 469 4214 632 4290; x_wconf 71' lang='grc' dir='ltr'>ἄκραν</span> <span class='ocrx_word' id='word_1_383' title='bbox 665 4216 950 4274; x_wconf 83' lang='grc' dir='ltr'>πολιτείαν</span> <span class='ocrx_word' id='word_1_384' title='bbox 984 4216 1383 4289; x_wconf 80' lang='grc' dir='ltr'>ἐξασκησασῶν.</span> <span class='ocrx_word' id='word_1_385' title='bbox 1420 4216 1518 4271; x_wconf 75' lang='grc' dir='ltr'>Καὶ</span> <span class='ocrx_word' id='word_1_386' title='bbox 1548 4220 1657 4271; x_wconf 88' lang='grc' dir='ltr'>τῶν</span> <span class='ocrx_word' id='word_1_387' title='bbox 1690 4216 1784 4288; x_wconf 71' lang='grc' dir='ltr'>μὲν</span> <span class='ocrx_word' id='word_1_388' title='bbox 1824 4216 1890 4270; x_wconf 82' lang='grc' dir='ltr'>τά</span> <span class='ocrx_word' id='word_1_389' title='bbox 1921 4215 2221 4289; x_wconf 76' lang='grc' dir='ltr'>ἱεροπρεπῆ</span> <span class='ocrx_word' id='word_1_390' title='bbox 2254 4215 2521 4289; x_wconf 87' lang='grc' dir='ltr'>πρόσωπα</span> <span class='ocrx_word' id='word_1_391' title='bbox 2550 4216 2966 4292; x_wconf 81' lang='grc' dir='ltr'>αῦτοπροσώπῳ</span> <span class='ocrx_word' id='word_1_392' title='bbox 2995 4219 3089 4291; x_wconf 68' lang='grc' dir='ltr'>θέᾳ</span> <span class='ocrx_word' id='word_1_393' title='bbox 3143 4218 3275 4275; x_wconf 83' lang='grc' dir='ltr'>ίδεῖν</span> <span class='ocrx_word' id='word_1_394' title='bbox 3334 4224 3687 4297; x_wconf 81' lang='grc' dir='ltr'>κατηξιώθην</span> <span class='ocrx_word' id='word_1_395' title='bbox 3724 4245 3739 4262; x_wconf 90' lang='grc'><strong>·</strong></span> 
     </span>
    </p>
   </div>
   <div class='ocr_carea' id='block_1_34' title="bbox 326 4298 3732 4388">
    <p class='ocr_par' dir='ltr' id='par_1_34' title="bbox 326 4298 3732 4388">
     <span class='ocr_line' id='line_1_34' title="bbox 326 4298 3732 4388; baseline 0.003 -28"><span class='ocrx_word' id='word_1_396' title='bbox 326 4311 435 4360; x_wconf 87' lang='grc' dir='ltr'>τῶν</span> <span class='ocrx_word' id='word_1_397' title='bbox 470 4304 526 4361; x_wconf 79' lang='grc' dir='ltr'>δὲ</span> <span class='ocrx_word' id='word_1_398' title='bbox 556 4305 665 4376; x_wconf 75' lang='grc' dir='ltr'>ἤδη</span> <span class='ocrx_word' id='word_1_399' title='bbox 700 4306 1093 4363; x_wconf 65' lang='grc' dir='ltr'>τελειωθέντων</span> <span class='ocrx_word' id='word_1_400' title='bbox 1138 4307 1188 4362; x_wconf 83' lang='grc' dir='ltr'>ἐν</span> <span class='ocrx_word' id='word_1_401' title='bbox 1220 4311 1300 4378; x_wconf 80' lang='grc' dir='ltr'>τῷ</span> <span class='ocrx_word' id='word_1_402' title='bbox 1343 4304 1619 4378; x_wconf 76' lang='grc' dir='ltr'>σκάμματι</span> <span class='ocrx_word' id='word_1_403' title='bbox 1650 4311 1750 4374; x_wconf 82' lang='grc' dir='ltr'>τῆς</span> <span class='ocrx_word' id='word_1_404' title='bbox 1792 4298 2058 4366; x_wconf 71' lang='grc' dir='ltr'>εὐσεϐείας</span> <span class='ocrx_word' id='word_1_405' title='bbox 2089 4303 2235 4378; x_wconf 70' lang='grc' dir='ltr'>παρά</span> <span class='ocrx_word' id='word_1_406' title='bbox 2282 4305 2558 4381; x_wconf 84' lang='grc' dir='ltr'>θεοφόρων</span> <span class='ocrx_word' id='word_1_407' title='bbox 2591 4306 2848 4376; x_wconf 82' lang='grc' dir='ltr'>ἀθλητῶν</span> <span class='ocrx_word' id='word_1_408' title='bbox 2895 4312 2991 4362; x_wconf 90' lang='grc' dir='ltr'>τοῦ</span> <span class='ocrx_word' id='word_1_409' title='bbox 3036 4310 3275 4384; x_wconf 86' lang='grc' dir='ltr'>Χριστοῦ</span> <span class='ocrx_word' id='word_1_410' title='bbox 3319 4313 3420 4382; x_wconf 72' lang='grc' dir='ltr'>τὴν</span> <span class='ocrx_word' id='word_1_411' title='bbox 3480 4312 3732 4388; x_wconf 81' lang='grc' dir='ltr'>οὐράνιον</span> 
     </span>
    </p>
   </div>
   <div class='ocr_carea' id='block_1_35' title="bbox 338 4391 3736 4475">
    <p class='ocr_par' dir='ltr' id='par_1_35' title="bbox 338 4391 3736 4475">
     <span class='ocr_line' id='line_1_35' title="bbox 338 4391 3736 4475; baseline 0.003 -27"><span class='ocrx_word' id='word_1_412' title='bbox 338 4395 546 4449; x_wconf 79' lang='grc' dir='ltr'>τούτων</span> <span class='ocrx_word' id='word_1_413' title='bbox 582 4395 726 4464; x_wconf 75' lang='grc' dir='ltr'>ζωὴν</span> <span class='ocrx_word' id='word_1_414' title='bbox 759 4395 1132 4469; x_wconf 85' lang='grc' dir='ltr'>ἐκμεμάθηκα.</span> <span class='ocrx_word' id='word_1_415' title='bbox 1169 4393 1391 4458; x_wconf 69' lang='grc' dir='ltr'>Πολλὰς</span> <span class='ocrx_word' id='word_1_416' title='bbox 1432 4391 1488 4450; x_wconf 78' lang='grc' dir='ltr'>δὲ</span> <span class='ocrx_word' id='word_1_417' title='bbox 1516 4392 1731 4465; x_wconf 84' lang='grc' dir='ltr'>πόλεις,</span> <span class='ocrx_word' id='word_1_418' title='bbox 1762 4394 1851 4448; x_wconf 80' lang='grc' dir='ltr'>καὶ</span> <span class='ocrx_word' id='word_1_419' title='bbox 1890 4392 2149 4455; x_wconf 87' lang='grc' dir='ltr'>πλείστας</span> <span class='ocrx_word' id='word_1_420' title='bbox 2190 4395 2404 4468; x_wconf 81' lang='grc' dir='ltr'>κώμας,</span> <span class='ocrx_word' id='word_1_421' title='bbox 2461 4396 2709 4466; x_wconf 75' lang='grc' dir='ltr'>σπήλαιά</span> <span class='ocrx_word' id='word_1_422' title='bbox 2758 4418 2818 4451; x_wconf 89' lang='grc' dir='ltr'>τε</span> <span class='ocrx_word' id='word_1_423' title='bbox 2864 4397 2978 4471; x_wconf 72' lang='grc' dir='ltr'>ἅμα</span> <span class='ocrx_word' id='word_1_424' title='bbox 3022 4400 3112 4454; x_wconf 80' lang='grc' dir='ltr'>καὶ</span> <span class='ocrx_word' id='word_1_425' title='bbox 3161 4401 3335 4463; x_wconf 88' lang='grc' dir='ltr'>πάσας</span> <span class='ocrx_word' id='word_1_426' title='bbox 3366 4404 3569 4475; x_wconf 72' lang='grc' dir='ltr'>σκηνάς</span> <span class='ocrx_word' id='word_1_427' title='bbox 3632 4412 3736 4475; x_wconf 74' lang='grc' dir='ltr'>τῆς</span> 
     </span>
    </p>
   </div>
   <div class='ocr_carea' id='block_1_36' title="bbox 336 4478 3717 4566">
    <p class='ocr_par' dir='ltr' id='par_1_36' title="bbox 336 4478 3717 4566">
     <span class='ocr_line' id='line_1_36' title="bbox 336 4478 3717 4566; baseline 0.002 -28"><span class='ocrx_word' id='word_1_428' title='bbox 336 4483 547 4559; x_wconf 78' lang='grc' dir='ltr'>ἐρήμου</span> <span class='ocrx_word' id='word_1_429' title='bbox 600 4487 710 4540; x_wconf 88' lang='grc' dir='ltr'>τῶν</span> <span class='ocrx_word' id='word_1_430' title='bbox 772 4490 1029 4563; x_wconf 83' lang='grc' dir='ltr'>μοναχῶν</span> <span class='ocrx_word' id='word_1_431' title='bbox 1084 4484 1271 4559; x_wconf 85' lang='grc' dir='ltr'>πολλῇ</span> <span class='ocrx_word' id='word_1_432' title='bbox 1327 4487 1397 4558; x_wconf 80' lang='grc' dir='ltr'>τῇ</span> <span class='ocrx_word' id='word_1_433' title='bbox 1449 4485 1643 4558; x_wconf 78' lang='grc' dir='ltr'>πορείᾳ</span> <span class='ocrx_word' id='word_1_434' title='bbox 1706 4486 2098 4559; x_wconf 73' lang='grc' dir='ltr'>περινοστήσας</span> <span class='ocrx_word' id='word_1_435' title='bbox 2147 4478 2446 4547; x_wconf 86' lang='grc' dir='ltr'>θεοσεϐείας</span> <span class='ocrx_word' id='word_1_436' title='bbox 2497 4488 2704 4558; x_wconf 76' lang='grc' dir='ltr'>σκοπῶ,</span> <span class='ocrx_word' id='word_1_437' title='bbox 2768 4487 2901 4559; x_wconf 84' lang='grc' dir='ltr'>μετά</span> <span class='ocrx_word' id='word_1_438' title='bbox 2955 4493 3133 4557; x_wconf 81' lang='grc' dir='ltr'>πάσης</span> <span class='ocrx_word' id='word_1_439' title='bbox 3192 4485 3490 4565; x_wconf 74' lang='grc' dir='ltr'>ἀκριϐείας,</span> <span class='ocrx_word' id='word_1_440' title='bbox 3544 4492 3577 4546; x_wconf 85' lang='grc' dir='ltr'>ἃ</span> <span class='ocrx_word' id='word_1_441' title='bbox 3620 4494 3717 4566; x_wconf 78' lang='grc' dir='ltr'>μὲν</span> 
     </span>
    </p>
   </div>
   <div class='ocr_carea' id='block_1_37' title="bbox 324 4571 3719 4656">
    <p class='ocr_par' dir='ltr' id='par_1_37' title="bbox 324 4571 3719 4656">
     <span class='ocr_line' id='line_1_37' title="bbox 324 4571 3719 4656; baseline -0.001 -26"><span class='ocrx_word' id='word_1_442' title='bbox 324 4572 488 4637; x_wconf 82' lang='grc' dir='ltr'>αὐτὸς</span> <span class='ocrx_word' id='word_1_443' title='bbox 520 4575 813 4650; x_wconf 74' lang='grc' dir='ltr'>ἱστορήσας</span> <span class='ocrx_word' id='word_1_444' title='bbox 848 4575 1261 4650; x_wconf 82' lang='grc' dir='ltr'>ἀνεγραψάμην,</span> <span class='ocrx_word' id='word_1_445' title='bbox 1293 4574 1327 4628; x_wconf 78' lang='grc' dir='ltr'><strong>ἆ</strong></span> <span class='ocrx_word' id='word_1_446' title='bbox 1360 4572 1415 4629; x_wconf 70' lang='grc' dir='ltr'>δὲ</span> <span class='ocrx_word' id='word_1_447' title='bbox 1458 4575 1601 4650; x_wconf 80' lang='grc' dir='ltr'>παρὰ</span> <span class='ocrx_word' id='word_1_448' title='bbox 1657 4578 1785 4652; x_wconf 47' lang='grc' dir='ltr'>τῶν.</span> <span class='ocrx_word' id='word_1_449' title='bbox 1824 4573 1992 4648; x_wconf 82' lang='grc' dir='ltr'>ἁγίων</span> <span class='ocrx_word' id='word_1_450' title='bbox 2052 4571 2302 4647; x_wconf 83' lang='grc' dir='ltr'>Πατέρων</span> <span class='ocrx_word' id='word_1_451' title='bbox 2362 4573 2593 4645; x_wconf 75' lang='grc' dir='ltr'>ἀκήκοα,</span> <span class='ocrx_word' id='word_1_452' title='bbox 2650 4574 2853 4640; x_wconf 81' lang='grc' dir='ltr'>ἄθλους</span> <span class='ocrx_word' id='word_1_453' title='bbox 2913 4578 3167 4653; x_wconf 75' lang='grc' dir='ltr'>μεγάλων</span> <span class='ocrx_word' id='word_1_454' title='bbox 3226 4577 3431 4656; x_wconf 76' lang='grc' dir='ltr'>ἀνδρῶν</span> <span class='ocrx_word' id='word_1_455' title='bbox 3481 4581 3566 4636; x_wconf 73' lang='grc' dir='ltr'>καὶ</span> <span class='ocrx_word' id='word_1_456' title='bbox 3620 4581 3719 4636; x_wconf 82' lang='grc' dir='ltr'>ἀν.</span> 
     </span>
    </p>
   </div>
   <div class='ocr_carea' id='block_1_38' title="bbox 325 4660 3717 4746">
    <p class='ocr_par' dir='ltr' id='par_1_38' title="bbox 325 4660 3717 4746">
     <span class='ocr_line' id='line_1_38' title="bbox 325 4660 3717 4746; baseline 0.002 -28"><span class='ocrx_word' id='word_1_457' title='bbox 325 4661 646 4741; x_wconf 81' lang='grc' dir='ltr'>δρειοτέρων</span> <span class='ocrx_word' id='word_1_458' title='bbox 703 4670 803 4734; x_wconf 77' lang='grc' dir='ltr'>τῆς</span> <span class='ocrx_word' id='word_1_459' title='bbox 853 4665 1063 4745; x_wconf 86' lang='grc' dir='ltr'>φύσεως</span> <span class='ocrx_word' id='word_1_460' title='bbox 1103 4669 1374 4742; x_wconf 81' lang='grc' dir='ltr'>γυναικῶν</span> <span class='ocrx_word' id='word_1_461' title='bbox 1432 4660 1521 4718; x_wconf 83' lang='grc' dir='ltr'>διά</span> <span class='ocrx_word' id='word_1_462' title='bbox 1572 4665 1671 4734; x_wconf 74' lang='grc' dir='ltr'>τήν</span> <span class='ocrx_word' id='word_1_463' title='bbox 1705 4660 1781 4726; x_wconf 81' lang='grc' dir='ltr'>εἷς</span> <span class='ocrx_word' id='word_1_464' title='bbox 1838 4663 2070 4735; x_wconf 87' lang='grc' dir='ltr'>Χριστὸν</span> <span class='ocrx_word' id='word_1_465' title='bbox 2118 4660 2339 4732; x_wconf 85' lang='grc' dir='ltr'>ἐλπίδα,</span> <span class='ocrx_word' id='word_1_466' title='bbox 2396 4661 2706 4736; x_wconf 75' lang='grc' dir='ltr'>ἐνσημήνας</span> <span class='ocrx_word' id='word_1_467' title='bbox 2765 4665 2816 4720; x_wconf 87' lang='grc' dir='ltr'>ἐν</span> <span class='ocrx_word' id='word_1_468' title='bbox 2874 4670 2953 4740; x_wconf 78' lang='grc' dir='ltr'>τῷ</span> <span class='ocrx_word' id='word_1_469' title='bbox 3000 4665 3205 4742; x_wconf 89' lang='grc' dir='ltr'>βιϐλίῳ</span> <span class='ocrx_word' id='word_1_470' title='bbox 3278 4670 3583 4728; x_wconf 69' lang='grc' dir='ltr'>ἀπέσταλκα</span> <span class='ocrx_word' id='word_1_471' title='bbox 3644 4675 3717 4746; x_wconf 73' lang='grc' dir='ltr'>τῇ</span> 
     </span>
    </p>
   </div>
   <div class='ocr_carea' id='block_1_39' title="bbox 327 4750 3723 4832">
    <p class='ocr_par' dir='ltr' id='par_1_39' title="bbox 327 4750 3723 4832">
     <span class='ocr_line' id='line_1_39' title="bbox 327 4750 3723 4832; baseline 0.001 -22"><span class='ocrx_word' id='word_1_472' title='bbox 327 4758 435 4810; x_wconf 85' lang='grc' dir='ltr'>τῶν</span> <span class='ocrx_word' id='word_1_473' title='bbox 469 4754 625 4810; x_wconf 80' lang='grc' dir='ltr'>θείων</span> <span class='ocrx_word' id='word_1_474' title='bbox 661 4753 865 4831; x_wconf 92' lang='grc' dir='ltr'>λογίων</span> <span class='ocrx_word' id='word_1_475' title='bbox 904 4755 1040 4831; x_wconf 77' lang='grc' dir='ltr'>φίλῃ</span> <span class='ocrx_word' id='word_1_476' title='bbox 1075 4756 1210 4830; x_wconf 82' lang='grc' dir='ltr'>ἀκοῇ</span> <span class='ocrx_word' id='word_1_477' title='bbox 1254 4765 1372 4824; x_wconf 84' lang='grc' dir='ltr'>σοὺ,</span> <span class='ocrx_word' id='word_1_478' title='bbox 1411 4752 1617 4829; x_wconf 87' lang='grc' dir='ltr'>ἀνδρῶν</span> <span class='ocrx_word' id='word_1_479' title='bbox 1662 4751 1892 4829; x_wconf 86' lang='grc' dir='ltr'>ἀρίστων</span> <span class='ocrx_word' id='word_1_480' title='bbox 1938 4750 2028 4807; x_wconf 85' lang='grc' dir='ltr'>καὶ</span> <span class='ocrx_word' id='word_1_481' title='bbox 2086 4751 2354 4829; x_wconf 78' lang='grc' dir='ltr'>θεοφιλῶν</span> <span class='ocrx_word' id='word_1_482' title='bbox 2410 4750 2872 4830; x_wconf 84' lang='grc' dir='ltr'>ἐγκαλλώπισμα,</span> <span class='ocrx_word' id='word_1_483' title='bbox 2931 4759 3023 4811; x_wconf 74' lang='grc' dir='ltr'>καὶ</span> <span class='ocrx_word' id='word_1_484' title='bbox 3090 4765 3192 4827; x_wconf 82' lang='grc' dir='ltr'>τῆς</span> <span class='ocrx_word' id='word_1_485' title='bbox 3243 4764 3575 4832; x_wconf 81' lang='grc' dir='ltr'>πιστοτάτης</span> <span class='ocrx_word' id='word_1_486' title='bbox 3631 4762 3723 4817; x_wconf 85' lang='grc' dir='ltr'>καὶ</span> 
     </span>
    </p>
   </div>
   <div class='ocr_carea' id='block_1_40' title="bbox 327 4839 3727 4924">
    <p class='ocr_par' dir='ltr' id='par_1_40' title="bbox 327 4839 3727 4924">
     <span class='ocr_line' id='line_1_40' title="bbox 327 4839 3727 4924; baseline 0.002 -28"><span class='ocrx_word' id='word_1_487' title='bbox 327 4843 585 4920; x_wconf 81' lang='grc' dir='ltr'>θεοφιλοῦ</span> <span class='ocrx_word' id='word_1_488' title='bbox 638 4844 915 4921; x_wconf 86' lang='grc' dir='ltr'>βασιλείας</span> <span class='ocrx_word' id='word_1_489' title='bbox 964 4844 1263 4921; x_wconf 73' lang='grc' dir='ltr'>ἀγλάϊσμα,</span> <span class='ocrx_word' id='word_1_490' title='bbox 1321 4845 1511 4918; x_wconf 72' lang='grc' dir='ltr'>γνήσιε</span> <span class='ocrx_word' id='word_1_491' title='bbox 1564 4843 1656 4897; x_wconf 82' lang='grc' dir='ltr'>καὶ</span> <span class='ocrx_word' id='word_1_492' title='bbox 1695 4840 2022 4920; x_wconf 86' lang='grc' dir='ltr'>φιλόχριστε</span> <span class='ocrx_word' id='word_1_493' title='bbox 2079 4839 2240 4896; x_wconf 88' lang='grc' dir='ltr'>δοῦλε</span> <span class='ocrx_word' id='word_1_494' title='bbox 2286 4845 2420 4896; x_wconf 90' lang='grc' dir='ltr'>Θεοῦ</span> <span class='ocrx_word' id='word_1_495' title='bbox 2469 4846 2665 4911; x_wconf 87' lang='grc' dir='ltr'>Λαῦσε,</span> <span class='ocrx_word' id='word_1_496' title='bbox 2723 4843 3022 4921; x_wconf 76' lang='grc' dir='ltr'>ἐγχαράξας</span> <span class='ocrx_word' id='word_1_497' title='bbox 3070 4848 3205 4903; x_wconf 86' lang='grc' dir='ltr'>κατά</span> <span class='ocrx_word' id='word_1_498' title='bbox 3269 4850 3367 4919; x_wconf 79' lang='grc' dir='ltr'>τήν</span> <span class='ocrx_word' id='word_1_499' title='bbox 3418 4855 3727 4924; x_wconf 78' lang='grc' dir='ltr'>προσοῦσαν</span> 
     </span>
    </p>
   </div>
   <div class='ocr_carea' id='block_1_41' title="bbox 323 4929 3733 5017">
    <p class='ocr_par' dir='ltr' id='par_1_41' title="bbox 323 4929 3733 5017">
     <span class='ocr_line' id='line_1_41' title="bbox 323 4929 3733 5017; baseline 0.001 -33"><span class='ocrx_word' id='word_1_500' title='bbox 323 4930 452 5004; x_wconf 83' lang='grc' dir='ltr'>ἐμοὶ</span> <span class='ocrx_word' id='word_1_501' title='bbox 496 4933 817 5007; x_wconf 88' lang='grc' dir='ltr'>βραχύτητα</span> <span class='ocrx_word' id='word_1_502' title='bbox 856 4935 1086 4990; x_wconf 71' lang='grc' dir='ltr'>ίεκάστου</span> <span class='ocrx_word' id='word_1_503' title='bbox 1121 4938 1227 4989; x_wconf 91' lang='grc' dir='ltr'>τῶν</span> <span class='ocrx_word' id='word_1_504' title='bbox 1268 4938 1365 4989; x_wconf 87' lang='grc' dir='ltr'>τοῦ</span> <span class='ocrx_word' id='word_1_505' title='bbox 1413 4934 1649 5008; x_wconf 84' lang='grc' dir='ltr'>Χριστοῦ</span> <span class='ocrx_word' id='word_1_506' title='bbox 1700 4931 1953 5002; x_wconf 77' lang='grc' dir='ltr'>ἀθλητῶν</span> <span class='ocrx_word' id='word_1_507' title='bbox 2002 4929 2240 5005; x_wconf 74' lang='grc' dir='ltr'>ἀρρένων</span> <span class='ocrx_word' id='word_1_508' title='bbox 2279 4951 2336 4985; x_wconf 90' lang='grc' dir='ltr'>τε</span> <span class='ocrx_word' id='word_1_509' title='bbox 2382 4930 2471 4985; x_wconf 86' lang='grc' dir='ltr'>καὶ</span> <span class='ocrx_word' id='word_1_510' title='bbox 2517 4931 2754 5003; x_wconf 88' lang='grc' dir='ltr'>θηλειῶν</span> <span class='ocrx_word' id='word_1_511' title='bbox 2786 4935 2848 4989; x_wconf 89' lang='grc' dir='ltr'>τὸ</span> <span class='ocrx_word' id='word_1_512' title='bbox 2892 4933 3144 5010; x_wconf 85' lang='grc' dir='ltr'>ἀοίδιμον</span> <span class='ocrx_word' id='word_1_513' title='bbox 3174 4938 3347 5012; x_wconf 72' lang='grc' dir='ltr'>ὄνομα</span> <span class='ocrx_word' id='word_1_514' title='bbox 3380 4961 3394 4975; x_wconf 89' lang='grc'><strong>·</strong></span> <span class='ocrx_word' id='word_1_515' title='bbox 3457 4938 3733 5017; x_wconf 80' lang='grc' dir='ltr'>ἐξηγησά.</span> 
     </span>
    </p>
   </div>
   <div class='ocr_carea' id='block_1_42' title="bbox 337 5018 3723 5102">
    <p class='ocr_par' dir='ltr' id='par_1_42' title="bbox 337 5018 3723 5102">
     <span class='ocr_line' id='line_1_42' title="bbox 337 5018 3723 5102; baseline 0.003 -27"><span class='ocrx_word' id='word_1_516' title='bbox 337 5022 498 5095; x_wconf 69' lang='grc' dir='ltr'>μενος</span> <span class='ocrx_word' id='word_1_517' title='bbox 527 5021 709 5076; x_wconf 79' lang='grc' dir='ltr'>τεαπὸ</span> <span class='ocrx_word' id='word_1_518' title='bbox 737 5023 967 5079; x_wconf 86' lang='grc' dir='ltr'>πολλῶν</span> <span class='ocrx_word' id='word_1_519' title='bbox 995 5025 1082 5080; x_wconf 79' lang='grc' dir='ltr'>καὶ</span> <span class='ocrx_word' id='word_1_520' title='bbox 1118 5023 1255 5078; x_wconf 86' lang='grc' dir='ltr'>πάνυ</span> <span class='ocrx_word' id='word_1_521' title='bbox 1325 5022 1579 5098; x_wconf 77' lang='grc' dir='ltr'>μεγάλων</span> <span class='ocrx_word' id='word_1_522' title='bbox 1640 5020 1825 5077; x_wconf 74' lang='grc' dir='ltr'>ἄθλων</span> <span class='ocrx_word' id='word_1_523' title='bbox 1884 5020 2110 5077; x_wconf 74' lang='grc' dir='ltr'>ἑκάστου</span> <span class='ocrx_word' id='word_1_524' title='bbox 2159 5018 2384 5095; x_wconf 82' lang='grc' dir='ltr'>ὀλίγους</span> <span class='ocrx_word' id='word_1_525' title='bbox 2439 5020 2529 5076; x_wconf 78' lang='grc' dir='ltr'>καὶ</span> <span class='ocrx_word' id='word_1_526' title='bbox 2588 5020 2793 5102; x_wconf 84' lang='grc' dir='ltr'>σφόδρα</span> <span class='ocrx_word' id='word_1_527' title='bbox 2851 5025 3101 5100; x_wconf 85' lang='grc' dir='ltr'>βραχεῖς,</span> <span class='ocrx_word' id='word_1_528' title='bbox 3157 5029 3562 5101; x_wconf 81' lang='grc' dir='ltr'>προστεθεικὼς</span> <span class='ocrx_word' id='word_1_529' title='bbox 3615 5034 3723 5087; x_wconf 86' lang='grc' dir='ltr'>τῶν</span> 
     </span>
    </p>
   </div>
   <div class='ocr_carea' id='block_1_43' title="bbox 329 5110 2298 5188">
    <p class='ocr_par' dir='ltr' id='par_1_43' title="bbox 329 5110 2298 5188">
     <span class='ocr_line' id='line_1_43' title="bbox 329 5110 2298 5188; baseline -0.001 -21"><span class='ocrx_word' id='word_1_530' title='bbox 329 5110 601 5167; x_wconf 87' lang='grc' dir='ltr'>πλείστων</span> <span class='ocrx_word' id='word_1_531' title='bbox 632 5113 719 5167; x_wconf 85' lang='grc' dir='ltr'>καὶ</span> <span class='ocrx_word' id='word_1_532' title='bbox 752 5114 815 5168; x_wconf 84' lang='grc' dir='ltr'>τὸ</span> <span class='ocrx_word' id='word_1_533' title='bbox 843 5112 1018 5188; x_wconf 75' lang='grc' dir='ltr'>γένος,</span> <span class='ocrx_word' id='word_1_534' title='bbox 1050 5115 1141 5169; x_wconf 82' lang='grc' dir='ltr'>καὶ</span> <span class='ocrx_word' id='word_1_535' title='bbox 1170 5116 1269 5183; x_wconf 79' lang='grc' dir='ltr'>τήν</span> <span class='ocrx_word' id='word_1_536' title='bbox 1290 5114 1477 5184; x_wconf 88' lang='grc' dir='ltr'>πόλιν,</span> <span class='ocrx_word' id='word_1_537' title='bbox 1508 5112 1600 5167; x_wconf 79' lang='grc' dir='ltr'>καὶ</span> <span class='ocrx_word' id='word_1_538' title='bbox 1630 5114 1722 5167; x_wconf 85' lang='grc' dir='ltr'>τὸν</span> <span class='ocrx_word' id='word_1_539' title='bbox 1746 5110 1948 5182; x_wconf 88' lang='grc' dir='ltr'>τρόπον</span> <span class='ocrx_word' id='word_1_540' title='bbox 1976 5117 2075 5179; x_wconf 79' lang='grc' dir='ltr'>τῆς</span> <span class='ocrx_word' id='word_1_541' title='bbox 2100 5116 2298 5183; x_wconf 78' lang='grc' dir='ltr'>μονῆς.</span> 
     </span>
    </p>
   </div>
   <div class='ocr_carea' id='block_1_44' title="bbox 399 5234 3722 5321">
    <p class='ocr_par' dir='ltr' id='par_1_44' title="bbox 399 5234 3722 5321">
     <span class='ocr_line' id='line_1_44' title="bbox 399 5234 3722 5321; baseline 0.002 -26"><span class='ocrx_word' id='word_1_542' title='bbox 399 5237 912 5313; x_wconf 82' lang='grc' dir='ltr'>Ἐμνημονεύσαμεν</span> <span class='ocrx_word' id='word_1_543' title='bbox 955 5236 1013 5294; x_wconf 71' lang='grc' dir='ltr'>δὲ</span> <span class='ocrx_word' id='word_1_544' title='bbox 1044 5237 1247 5309; x_wconf 86' lang='grc' dir='ltr'>ἀνδρῶν</span> <span class='ocrx_word' id='word_1_545' title='bbox 1278 5239 1368 5295; x_wconf 78' lang='grc' dir='ltr'>καὶ</span> <span class='ocrx_word' id='word_1_546' title='bbox 1415 5242 1679 5316; x_wconf 86' lang='grc' dir='ltr'>γυναικῶν</span> <span class='ocrx_word' id='word_1_547' title='bbox 1725 5234 2169 5310; x_wconf 87' lang='grc' dir='ltr'>κατωρθωκότων</span> <span class='ocrx_word' id='word_1_548' title='bbox 2206 5236 2298 5307; x_wconf 74' lang='grc' dir='ltr'>μὲν</span> <span class='ocrx_word' id='word_1_549' title='bbox 2355 5235 2431 5299; x_wconf 83' lang='grc' dir='ltr'>εἷς</span> <span class='ocrx_word' id='word_1_550' title='bbox 2485 5234 2647 5311; x_wconf 80' lang='grc' dir='ltr'>ἄκρον</span> <span class='ocrx_word' id='word_1_551' title='bbox 2708 5240 2806 5310; x_wconf 79' lang='grc' dir='ltr'>τήν</span> <span class='ocrx_word' id='word_1_552' title='bbox 2847 5238 3065 5314; x_wconf 76' lang='grc' dir='ltr'>ἀρετὴν,</span> <span class='ocrx_word' id='word_1_553' title='bbox 3098 5240 3186 5298; x_wconf 75' lang='grc' dir='ltr'>διὰ</span> <span class='ocrx_word' id='word_1_554' title='bbox 3246 5242 3303 5299; x_wconf 66' lang='grc' dir='ltr'>δὲ</span> <span class='ocrx_word' id='word_1_555' title='bbox 3349 5245 3450 5315; x_wconf 67' lang='grc' dir='ltr'>τὴν</span> <span class='ocrx_word' id='word_1_556' title='bbox 3510 5246 3722 5321; x_wconf 69' lang='grc' dir='ltr'>μητερα</span> 
     </span>
    </p>
   </div>
   <div class='ocr_carea' id='block_1_45' title="bbox 324 5323 3723 5408">
    <p class='ocr_par' dir='ltr' id='par_1_45' title="bbox 324 5323 3723 5408">
     <span class='ocr_line' id='line_1_45' title="bbox 324 5323 3723 5408; baseline 0.001 -23"><span class='ocrx_word' id='word_1_557' title='bbox 324 5336 425 5399; x_wconf 75' lang='grc' dir='ltr'>τῆς</span> <span class='ocrx_word' id='word_1_558' title='bbox 457 5327 847 5404; x_wconf 80' lang='grc' dir='ltr'>ὑπερηφανίας,</span> <span class='ocrx_word' id='word_1_559' title='bbox 877 5327 977 5397; x_wconf 73' lang='grc' dir='ltr'>τήν</span> <span class='ocrx_word' id='word_1_560' title='bbox 1027 5327 1374 5399; x_wconf 68' lang='grc' dir='ltr'>καλουμένην</span> <span class='ocrx_word' id='word_1_561' title='bbox 1404 5325 1734 5400; x_wconf 78' lang='grc' dir='ltr'>κενοδοξίαν,</span> <span class='ocrx_word' id='word_1_562' title='bbox 1795 5324 1873 5386; x_wconf 75' lang='grc' dir='ltr'>εἷς</span> <span class='ocrx_word' id='word_1_563' title='bbox 1913 5323 2142 5400; x_wconf 78' lang='grc' dir='ltr'>ἔσχατον</span> <span class='ocrx_word' id='word_1_564' title='bbox 2202 5324 2466 5400; x_wconf 86' lang='grc' dir='ltr'>βάραθρον</span> <span class='ocrx_word' id='word_1_565' title='bbox 2508 5325 2597 5380; x_wconf 86' lang='grc' dir='ltr'>καὶ</span> <span class='ocrx_word' id='word_1_566' title='bbox 2656 5329 2898 5401; x_wconf 70' lang='grc' dir='ltr'>πυθμένα</span> <span class='ocrx_word' id='word_1_567' title='bbox 2955 5324 3087 5399; x_wconf 77' lang='grc' dir='ltr'>ᾅδου</span> <span class='ocrx_word' id='word_1_568' title='bbox 3144 5335 3597 5408; x_wconf 79' lang='grc' dir='ltr'>κατενεχθέντων,</span> <span class='ocrx_word' id='word_1_569' title='bbox 3631 5334 3723 5390; x_wconf 70' lang='grc' dir='ltr'>καὶ</span> 
     </span>
    </p>
   </div>
   <div class='ocr_carea' id='block_1_46' title="bbox 324 5412 3736 5497">
    <p class='ocr_par' dir='ltr' id='par_1_46' title="bbox 324 5412 3736 5497">
     <span class='ocr_line' id='line_1_46' title="bbox 324 5412 3736 5497; baseline 0.004 -28"><span class='ocrx_word' id='word_1_570' title='bbox 324 5421 389 5474; x_wconf 69' lang='grc' dir='ltr'>τὰ</span> <span class='ocrx_word' id='word_1_571' title='bbox 420 5419 478 5476; x_wconf 79' lang='grc' dir='ltr'>ἐκ</span> <span class='ocrx_word' id='word_1_572' title='bbox 511 5424 734 5495; x_wconf 82' lang='grc' dir='ltr'>μακρῶν</span> <span class='ocrx_word' id='word_1_573' title='bbox 759 5414 974 5496; x_wconf 76' lang='grc' dir='ltr'>χρόνων</span> <span class='ocrx_word' id='word_1_574' title='bbox 1028 5417 1119 5472; x_wconf 81' lang='grc' dir='ltr'>καὶ</span> <span class='ocrx_word' id='word_1_575' title='bbox 1171 5416 1400 5473; x_wconf 91' lang='grc' dir='ltr'>πολλῶν</span> <span class='ocrx_word' id='word_1_576' title='bbox 1448 5416 1632 5472; x_wconf 81' lang='grc' dir='ltr'>κόπων</span> <span class='ocrx_word' id='word_1_577' title='bbox 1690 5412 1950 5487; x_wconf 76' lang='grc' dir='ltr'>κτηθέντα</span> <span class='ocrx_word' id='word_1_578' title='bbox 1998 5413 2179 5476; x_wconf 81' lang='grc' dir='ltr'>αὐτοῖς</span> <span class='ocrx_word' id='word_1_579' title='bbox 2235 5413 2501 5488; x_wconf 74' lang='grc' dir='ltr'>ἐπέραστα</span> <span class='ocrx_word' id='word_1_580' title='bbox 2547 5415 2633 5470; x_wconf 84' lang='grc' dir='ltr'>καὶ</span> <span class='ocrx_word' id='word_1_581' title='bbox 2687 5417 3043 5497; x_wconf 87' lang='grc' dir='ltr'>περιμάχητα</span> <span class='ocrx_word' id='word_1_582' title='bbox 3096 5427 3197 5489; x_wconf 78' lang='grc' dir='ltr'>τῆς</span> <span class='ocrx_word' id='word_1_583' title='bbox 3258 5422 3538 5491; x_wconf 74' lang='grc' dir='ltr'>ἀσκήσεως</span> <span class='ocrx_word' id='word_1_584' title='bbox 3596 5445 3736 5480; x_wconf 80' lang='grc' dir='ltr'>κατ-</span> 
     </span>
    </p>
   </div>
   <div class='ocr_carea' id='block_1_47' title="bbox 329 5501 3733 5586">
    <p class='ocr_par' dir='ltr' id='par_1_47' title="bbox 329 5501 3733 5586">
     <span class='ocr_line' id='line_1_47' title="bbox 329 5501 3733 5586; baseline 0.001 -24"><span class='ocrx_word' id='word_1_585' title='bbox 329 5510 644 5582; x_wconf 86' lang='grc' dir='ltr'>ορθώματα,</span> <span class='ocrx_word' id='word_1_586' title='bbox 678 5508 729 5564; x_wconf 81' lang='grc' dir='ltr'>ἐν</span> <span class='ocrx_word' id='word_1_587' title='bbox 767 5514 866 5583; x_wconf 80' lang='grc' dir='ltr'>μιᾷ</span> <span class='ocrx_word' id='word_1_588' title='bbox 913 5511 1103 5582; x_wconf 67' lang='grc' dir='ltr'>καιροῦ</span> <span class='ocrx_word' id='word_1_589' title='bbox 1135 5507 1276 5582; x_wconf 76' lang='grc' dir='ltr'>ῥοπᾷ</span> <span class='ocrx_word' id='word_1_590' title='bbox 1310 5506 1413 5563; x_wconf 83' lang='grc' dir='ltr'>ὑπὸ</span> <span class='ocrx_word' id='word_1_591' title='bbox 1456 5512 1553 5562; x_wconf 89' lang='grc' dir='ltr'>τοῦ</span> <span class='ocrx_word' id='word_1_592' title='bbox 1591 5507 1762 5583; x_wconf 71' lang='grc' dir='ltr'>τύφου</span> <span class='ocrx_word' id='word_1_593' title='bbox 1807 5505 1896 5560; x_wconf 79' lang='grc' dir='ltr'>καὶ</span> <span class='ocrx_word' id='word_1_594' title='bbox 1944 5510 2045 5573; x_wconf 75' lang='grc' dir='ltr'>τῆς</span> <span class='ocrx_word' id='word_1_595' title='bbox 2100 5504 2331 5575; x_wconf 74' lang='grc' dir='ltr'>οἷήσεῶς</span> <span class='ocrx_word' id='word_1_596' title='bbox 2372 5501 2689 5579; x_wconf 74' lang='grc' dir='ltr'>διαρῥυέντα</span> <span class='ocrx_word' id='word_1_597' title='bbox 2721 5526 2734 5538; x_wconf 88' lang='grc'><strong>·</strong></span> <span class='ocrx_word' id='word_1_598' title='bbox 2770 5506 2958 5582; x_wconf 84' lang='grc' dir='ltr'>χάριτι</span> <span class='ocrx_word' id='word_1_599' title='bbox 2990 5506 3046 5564; x_wconf 73' lang='grc' dir='ltr'>δὲ</span> <span class='ocrx_word' id='word_1_600' title='bbox 3083 5514 3178 5565; x_wconf 89' lang='grc' dir='ltr'>τοῦ</span> <span class='ocrx_word' id='word_1_601' title='bbox 3208 5517 3471 5586; x_wconf 81' lang='grc' dir='ltr'>Σωτῆρος</span> <span class='ocrx_word' id='word_1_602' title='bbox 3538 5515 3733 5586; x_wconf 75' lang='grc' dir='ltr'>ἡμῶν,</span> 
     </span>
    </p>
   </div>
   <div class='ocr_carea' id='block_1_48' title="bbox 320 5592 3729 5675">
    <p class='ocr_par' dir='ltr' id='par_1_48' title="bbox 320 5592 3729 5675">
     <span class='ocr_line' id='line_1_48' title="bbox 320 5592 3729 5675; baseline 0.005 -34"><span class='ocrx_word' id='word_1_603' title='bbox 320 5599 408 5652; x_wconf 66' lang='grc' dir='ltr'>καὶ</span> <span class='ocrx_word' id='word_1_604' title='bbox 464 5599 695 5671; x_wconf 72' lang='grc' dir='ltr'>προνοίᾳ</span> <span class='ocrx_word' id='word_1_605' title='bbox 748 5604 857 5656; x_wconf 78' lang='grc' dir='ltr'>τῶν</span> <span class='ocrx_word' id='word_1_606' title='bbox 907 5599 1075 5675; x_wconf 81' lang='grc' dir='ltr'>ἁγίων</span> <span class='ocrx_word' id='word_1_607' title='bbox 1130 5596 1403 5673; x_wconf 79' lang='grc' dir='ltr'>Πατέρων,</span> <span class='ocrx_word' id='word_1_608' title='bbox 1452 5599 1541 5652; x_wconf 78' lang='grc' dir='ltr'>καὶ</span> <span class='ocrx_word' id='word_1_609' title='bbox 1590 5595 1896 5670; x_wconf 79' lang='grc' dir='ltr'>συμπαθείᾳ</span> <span class='ocrx_word' id='word_1_610' title='bbox 1944 5592 2279 5669; x_wconf 86' lang='grc' dir='ltr'>σπλάγχνων</span> <span class='ocrx_word' id='word_1_611' title='bbox 2347 5598 2748 5666; x_wconf 80' lang='grc' dir='ltr'>πνευματικῶν,</span> <span class='ocrx_word' id='word_1_612' title='bbox 2798 5596 3226 5673; x_wconf 66' lang='grc' dir='ltr'>ἐξαρπασθέντων</span> <span class='ocrx_word' id='word_1_613' title='bbox 3284 5605 3391 5659; x_wconf 86' lang='grc' dir='ltr'>τῶν</span> <span class='ocrx_word' id='word_1_614' title='bbox 3440 5606 3541 5658; x_wconf 91' lang='grc' dir='ltr'>τοῦ</span> <span class='ocrx_word' id='word_1_615' title='bbox 3607 5599 3729 5658; x_wconf 86' lang='grc' dir='ltr'>δια-</span> 
     </span>
    </p>
   </div>
   <div class='ocr_carea' id='block_1_49' title="bbox 330 5682 2852 5766">
    <p class='ocr_par' dir='ltr' id='par_1_49' title="bbox 330 5682 2852 5766">
     <span class='ocr_line' id='line_1_49' title="bbox 330 5682 2852 5766; baseline 0.001 -24"><span class='ocrx_word' id='word_1_616' title='bbox 330 5682 504 5743; x_wconf 84' lang='grc' dir='ltr'>ϐόλου</span> <span class='ocrx_word' id='word_1_617' title='bbox 529 5685 787 5763; x_wconf 86' lang='grc' dir='ltr'>δικτύων,</span> <span class='ocrx_word' id='word_1_618' title='bbox 817 5690 906 5745; x_wconf 84' lang='grc' dir='ltr'>καὶ</span> <span class='ocrx_word' id='word_1_619' title='bbox 938 5688 1129 5766; x_wconf 78' lang='grc' dir='ltr'>εὐχαῖς</span> <span class='ocrx_word' id='word_1_620' title='bbox 1150 5691 1260 5743; x_wconf 87' lang='grc' dir='ltr'>τῶν</span> <span class='ocrx_word' id='word_1_621' title='bbox 1291 5686 1458 5764; x_wconf 90' lang='grc' dir='ltr'>ἁγίων</span> <span class='ocrx_word' id='word_1_622' title='bbox 1488 5690 1598 5743; x_wconf 89' lang='grc' dir='ltr'>τῶν</span> <span class='ocrx_word' id='word_1_623' title='bbox 1630 5684 1895 5763; x_wconf 86' lang='grc' dir='ltr'>πρότερον</span> <span class='ocrx_word' id='word_1_624' title='bbox 1926 5682 2380 5759; x_wconf 77' lang='grc' dir='ltr'>ἀνακτησαμένων</span> <span class='ocrx_word' id='word_1_625' title='bbox 2414 5683 2663 5762; x_wconf 68' lang='grc' dir='ltr'>ἐνάρετον</span> <span class='ocrx_word' id='word_1_626' title='bbox 2706 5686 2852 5762; x_wconf 89' lang='grc' dir='ltr'>βίον.</span> 
     </span>
    </p>
   </div>
  </div>
