4076 6280
272 399 411 459 997
1847 400 2329 466 PROOEMIUM.
3705 426 3824 486 993

1026 1001 1546 1090 PALLADII
1633 999 2121 1092 EPISCOPI
2226 1002 3140 1096 HELENOPOLEOS

1134 1309 1944 1433 HISTORIA
2006 1311 2233 1434 AD
2310 1312 3007 1439 LAUSUM

1081 1640 1606 1702 CONTINENS
1691 1641 1962 1703 VITAS
2024 1643 2575 1705 SANCTORUM
2655 1646 3051 1708 PATRUM.

1727 1948 2429 2037 PROOEMIUM-

387 2256 455 2311 In
490 2254 600 2310 hoc
634 2253 783 2309 libro
829 2254 1048 2325 scripta
1077 2262 1184 2316 est,
1217 2270 1326 2325 qua
1360 2253 1413 2307 in
1448 2253 1657 2308 virtute
1689 2254 2022 2321 utebantur,
2055 2255 2385 2309 exercitatio
2416 2262 2470 2309 et
2503 2254 2871 2311 admirabilis
2894 2257 3020 2311 vita:
3043 2258 3273 2326 agendas
3297 2259 3437 2313 ratio
3462 2259 3760 2316 beatorum
3784 2266 3840 2317 et

319 2350 671 2400 sanctorum
709 2344 940 2397 Patrum
994 2343 1093 2413 qui
1142 2344 1425 2414 degebant
1457 2346 1511 2397 in
1560 2344 2000 2409 solitudinegut
2042 2360 2138 2399 eos
2169 2346 2517 2398 aemulentur
2542 2361 2607 2399 ac
2631 2346 2934 2401 imitentur
2956 2348 3055 2417 qui
3090 2348 3379 2403 caelestem
3414 2349 3615 2405 volunt
3663 2354 3835 2407 vitam

316 2450 524 2507 agere,
573 2443 623 2485 et
676 2450 799 2499 qua:
851 2433 921 2486 ad
968 2449 1201 2500 regnum
1246 2433 1519 2487 caelorum
1564 2434 1818 2497 deducit,
1860 2434 2007 2486 viam
2055 2434 2316 2503 ingredi;
2352 2451 2691 2505 annumque
2736 2436 3045 2491 mulierum
3083 2438 3381 2507 memoria,
3412 2445 3468 2495 et
3498 2439 3838 2512 inclytarum

315 2535 585 2578 matrum
620 2540 651 2575 a
686 2524 796 2576 Deo
819 2524 1255 2592 inspiratarum,
1278 2539 1402 2593 quae
1428 2538 1637 2592 magno
1660 2529 1715 2575 et
1738 2522 1865 2577 furti
1890 2524 2084 2576 animo
2105 2526 2336 2577 virtutis
2359 2526 2790 2580 exercitationis
2816 2544 3076 2597 peregere
3100 2529 3433 2597 certamina,
3464 2539 3519 2584 ut
3543 2533 3841 2602 exemplar

309 2620 706 2684 preponatur,
732 2620 783 2666 et
808 2628 971 2665 amur
992 2612 1269 2666 excitetur
1290 2612 1361 2664 iis
1381 2628 1505 2681 quas
1530 2611 1898 2665 continentiae
1918 2630 1981 2666 ac
2005 2613 2286 2666 castitatis
2311 2612 2505 2666 volunt
2531 2630 2739 2668 corona
2765 2615 3045 2682 redimiri,
3075 2633 3139 2670 ex
3166 2620 3451 2672 sententia
3472 2626 3527 2673 et
3548 2621 3840 2675 voluntate

314 2703 458 2769 viii,
492 2703 587 2772 qui
623 2709 711 2757 est
735 2702 891 2756 varia
922 2718 986 2756 ac
1021 2701 1330 2773 multiplici
1362 2701 1626 2756 doctrina
1653 2704 1947 2771 praeditus,
1984 2703 2243 2756 moribus
2268 2702 2562 2771 paciﬁcus,
2584 2710 2638 2757 et
2661 2706 2829 2759 corde
2855 2707 3000 2773 pius,
3028 2713 3335 2779 menteque
3356 2708 3680 2776 religiosus,
3706 2711 3837 2766 etin

314 2793 390 2847 iis
423 2809 549 2864 quae
584 2799 886 2861 suntopus
918 2792 1225 2862 egentibus
1257 2791 1758 2845 communicandis
1789 2790 2065 2858 liberalis,
2090 2797 2146 2845 et
2181 2798 2414 2862 propter
2446 2809 2671 2846 morum
2699 2794 3005 2849 bonitatem
3036 2798 3238 2851 multis
3262 2797 3398 2852 viris
3418 2798 3647 2854 eximiis
3667 2803 3756 2854 est
3779 2800 3839 2855 in

314 2882 577 2939 summis
610 2883 928 2937 honoribus
960 2882 1327 2952 praepositus,
1358 2888 1416 2936 et
1444 2881 1683 2936 omnino
1714 2882 2039 2936 custoditur
2063 2883 2272 2935 virtute
2304 2882 2481 2935 divini
2506 2882 2775 2952 Spiritus.
2811 2885 2915 2947 Qui
2945 2886 3178 2956 quidem
3212 2886 3379 2943 nobis
3402 2887 3602 2957 jussit,
3634 2889 3742 2956 vel,
3788 2889 3837 2943 si

316 2990 517 3028 verum
546 2974 736 3042 potius
769 2974 958 3027 dicere
992 2979 1274 3043 oporteat,
1305 2973 1372 3026 ad
1406 2988 1607 3027 eorum
1643 2988 1768 3042 qua:
1801 2977 1938 3025 sunt
1966 2971 2207 3026 meliora
2233 2972 2780 3042 contemplationem
2817 2975 2993 3029 hebes
3024 2981 3289 3032 nostrum
3314 2980 3665 3034 etobtusum
3687 2981 3837 3034 exci-

309 3061 457 3116 tavit
490 3061 816 3130 ingenium,
848 3067 913 3114 ut
942 3062 1013 3114 ad
1050 3062 1483 3131 proponendam
1516 3061 1585 3114 ad
1611 3060 1960 3113 imitandum
1996 3061 2273 3113 virtutum
2307 3060 2737 3115 exercitationis
2769 3062 3219 3118 decertationem
3265 3072 3595 3121 sanctorum
3628 3072 3685 3124 et
3721 3071 3835 3124 im-

312 3150 654 3206 mortalium
681 3155 737 3203 et
762 3149 1112 3220 spiritalium
1141 3156 1362 3218 patrum
1391 3155 1745 3216 nostrorum,
1776 3149 1896 3219 qui,
1925 3153 1987 3203 ut
2009 3148 2123 3204 Deo
2151 3149 2458 3218 placerent,
2480 3150 2536 3203 in
2558 3150 2705 3205 dura
2729 3156 2783 3206 et
2807 3168 3012 3221 aspera
3033 3154 3376 3209 tractatione
3395 3159 3653 3227 corporis
3667 3159 3839 3214 vitam

310 3247 585 3313 egerunt,
620 3239 1025 3311 praeclarorum
1060 3238 1407 3294 athletarum
1441 3240 1618 3293 vitam
1654 3257 1685 3293 a
1716 3239 1885 3293 nobis
1918 3238 2263 3308 descriptam
2300 3239 2369 3291 ad
2403 3254 2535 3292 eum
2572 3241 2958 3309 mitteremus,
2996 3242 3464 3315 uniuscujusque
3503 3261 3570 3300 ex
3605 3249 3833 3319 magnis

312 3339 588 3387 strenuas
623 3330 987 3401 praedicando
1015 3334 1271 3383 Virtutes.
1300 3328 1487 3383 Divini
1519 3334 1711 3383 autem
1748 3326 1925 3397 hujus
1955 3332 2010 3382 et
2039 3327 2317 3396 spiritalis
2349 3327 2624 3382 desiderii
2647 3334 2875 3384 amator
2898 3339 2981 3384 cst
3015 3330 3262 3400 Lausus,
3297 3333 3385 3387 cui
3421 3338 3551 3403 post
3590 3334 3843 3392 divinum

313 3420 599 3476 auxilium
638 3420 914 3474 mandata
945 3430 1030 3473 est
1069 3418 1328 3474 custodia
1358 3418 1640 3473 divinitus
1670 3416 1849 3472 alﬂati
1881 3426 1932 3472 et
1966 3417 2219 3487 religiosi
2256 3417 2503 3487 imperii.

390 3511 507 3580 Ego
538 3509 714 3573 igitur
746 3511 841 3581 qui
872 3519 923 3563 et
947 3508 1148 3580 lingua
1178 3525 1305 3563 sum
1338 3509 1689 3577 ineruditus,
1720 3514 1775 3561 et
1797 3506 2112 3576 spiritalem
2143 3507 2529 3575 cognitionem
2565 3510 2817 3563 summis
2853 3510 3281 3580 quodammodo
3321 3511 3501 3568 labris
3545 3514 3734 3586 attigi,
3783 3522 3839 3571 et

315 3599 605 3671 indignus
638 3617 767 3653 sum
806 3600 905 3670 qui
929 3615 1257 3653 recenseam
1284 3597 1602 3668 catalogum
1628 3597 1946 3667 spiritalem
1971 3597 2143 3650 vitam
2170 3598 2466 3666 agentium
2494 3606 2834 3652 sanctorum
2862 3603 3118 3666 Patrum,
3145 3606 3201 3655 et
3222 3602 3271 3655 si
3300 3604 3668 3658 reformidem
3694 3621 3839 3676 prai-

321 3691 470 3760 cepti
506 3688 973 3759 magnitudinem
1007 3689 1161 3759 quod
1191 3704 1349 3743 meas
1370 3688 1519 3742 vires
1539 3693 1794 3755 superat,
1819 3688 2119 3755 etjussum
2139 3702 2286 3756 aegre
2313 3687 2515 3754 feram,
2542 3690 2690 3756 quod
2716 3698 2767 3742 et
2793 3705 3060 3758 magnam
3087 3697 3376 3746 externam
3398 3693 3839 3764 sapientiam,et

321 3780 645 3852 spiritalem
682 3780 923 3851 requirit
954 3777 1423 3849 intelligentiam;
1461 3778 1735 3832 reveritus
1766 3781 1959 3830 tamen
1993 3776 2247 3846 primum
2288 3781 2344 3830 et
2369 3777 2492 3845 ejus
2526 3776 2625 3845 qui
2669 3778 2737 3831 ad
2784 3776 2891 3831 hoc
2933 3781 3370 3850 exsequendum
3424 3798 3529 3837 nos
3568 3784 3837 3838 excitavit

319 3870 622 3932 virtutem,
656 3879 707 3923 et
746 3878 1020 3938 reputans
1051 3884 1251 3922 eorum
1286 3869 1383 3937 qui
1421 3868 1539 3921 haac
1571 3868 1757 3935 legent
1790 3868 2121 3930 utilitatem,
2152 3871 2206 3919 et
2237 3866 2618 3919 extimescens
2650 3866 2969 3933 periculum
3010 3869 3162 3937 quod
3194 3885 3381 3923 essem
3425 3870 3711 3940 aditurus,
3742 3877 3835 3927 et-

317 3959 363 4013 si
392 3961 525 4028 jure
560 3975 754 4028 parere
786 3974 1132 4020 recusarem,
1164 3974 1292 4010 cuin
1328 3957 1621 4026 egregium
1659 3955 1910 4023 primum
1936 3955 2169 4023 jussum
2204 3955 2409 4007 divinae
2444 3952 2842 4022 ascripsissem
2879 3955 3279 4023 Providentiae,
3325 3975 3645 4029 magnaque
3685 3976 3827 4016 usus

316 4062 509 4102 essem
541 4047 867 4118 diligentia,
901 4052 1234 4099 sanctorum
1269 4045 1502 4099 Patrum
1544 4043 1953 4098 intercessione
1984 4048 2229 4106 erectus,
2262 4042 2331 4094 ad
2365 4058 2430 4094 ea
2462 4057 2592 4095 sum
2626 4057 2958 4112 aggressus,
2993 4045 3164 4098 veluti
3200 4047 3447 4113 quodam
3490 4050 3832 4117 compendio

316 4134 735 4206 prteclarorum
771 4133 1121 4187 athletarum
1156 4140 1213 4187 et
1248 4149 1586 4203 magnorum
1623 4133 1876 4186 virorum
1913 4146 2143 4184 summa
2172 4129 2362 4183 solum
2398 4134 2717 4185 certamina
2755 4142 2807 4185 et
2838 4134 3008 4203 signa
3037 4133 3391 4189 describens.

384 4224 497 4279 Nec
554 4223 927 4279 solummodo
987 4222 1273 4277 clarorum
1335 4223 1609 4281 virorum,
1672 4222 1771 4291 qui
1831 4218 2104 4290 optimam
2156 4234 2222 4274 ac
2277 4220 2820 4290 praestantissimam
2879 4239 2949 4276 ex
3006 4224 3215 4279 virtute
3273 4226 3449 4279 vitam
3502 4242 3691 4297 egere,
3720 4229 3821 4284 sed

316 4315 490 4370 etiam
530 4315 831 4369 beatarum
883 4311 1196 4366 mulierum
1231 4328 1358 4383 quae
1390 4311 1449 4366 in
1490 4310 1985 4366 excellentissimis
2017 4310 2141 4363 vitae
2172 4325 2379 4379 genere
2412 4326 2473 4364 se
2505 4309 2746 4365 honeste
2778 4328 3099 4368 exercuere.
3132 4313 3197 4367 Et
3231 4316 3560 4384 aliquorum
3596 4317 3829 4387 quidem

312 4421 383 4460 ex
412 4404 483 4460 iis
522 4420 715 4460 sacros
747 4402 941 4457 vultus
974 4409 1037 4457 ut
1058 4403 1181 4474 ipse
1203 4419 1396 4457 coram
1423 4402 1670 4455 viderem
1697 4417 1827 4455 sum
1852 4401 2142 4469 dignatus,
2169 4399 2264 4469 qui
2286 4401 2406 4468 jam
2430 4404 2563 4454 ante
2581 4405 2717 4453 sunt
2736 4401 3119 4457 consummati
3144 4403 3201 4457 in
3225 4408 3544 4461 certamine
3568 4406 3827 4475 pietatis;

311 4495 648 4567 aliquorum
685 4505 876 4550 autem
907 4492 1201 4549 caelestem
1237 4500 1362 4547 Vitae
1392 4491 1818 4547 institutionem
1852 4489 2027 4544 didici
2059 4506 2088 4542 a
2112 4489 2325 4543 divinis
2359 4488 2610 4545 athletis.
2643 4489 2853 4545 Multas
2882 4498 3073 4548 autem
3109 4496 3303 4559 urbes,
3330 4501 3384 4550 et
3408 4496 3621 4551 multos
3649 4496 3828 4565 vicos,

312 4591 369 4641 et
399 4586 727 4658 speluncas,
762 4591 819 4641 et
858 4584 1057 4640 omnia
1089 4584 1467 4640 tabernacula
1497 4580 1707 4638 deserti
1739 4578 2156 4635 monachorum
2191 4579 2442 4648 pedestri
2471 4578 2675 4634 itinere
2706 4581 2930 4645 obiens,
2971 4583 3419 4653 diligentissime
3464 4586 3823 4642 consideravi

312 4693 511 4732 eorum
549 4678 819 4747 pietatem
848 4693 911 4731 ac
946 4675 1309 4746 religionem.
1335 4677 1520 4746 Atque
1550 4689 1681 4728 cum
1726 4688 1849 4742 qua:
1882 4669 2091 4741 partim
2135 4670 2370 4740 quidem
2402 4668 2527 4738 ipse
2569 4669 2685 4724 vidi
2722 4671 3113 4741 scripsissem,
3149 4675 3358 4743 partim
3395 4680 3592 4729 autem
3632 4691 3758 4747 quae
3793 4691 3827 4729 a

311 4765 528 4819 sanctis
561 4764 828 4819 Patribus
859 4764 1076 4832 audivi,
1110 4781 1451 4837 magnorum
1484 4764 1737 4817 virorum
1770 4759 2111 4829 certamina,
2144 4764 2201 4814 et
2230 4757 2564 4824 mulierum,
2599 4776 2725 4831 quae
2755 4772 2987 4833 prOpIer
3017 4779 3180 4832 spem
3219 4764 3277 4816 in
3310 4763 3605 4819 Christum
3637 4770 3823 4821 erant

310 4853 574 4908 fortiores
606 4870 782 4924 quam
814 4870 1015 4909 earum
1042 4856 1261 4910 ferebat
1285 4861 1511 4916 natura,
1545 4852 1723 4919 huius
1756 4849 1888 4905 libri
1920 4850 2152 4919 scriptis
2185 4850 2582 4916 mandassem,
2618 4849 2749 4905 misi
2771 4853 2840 4905 ad
2865 4861 2991 4905 tuas
3017 4868 3185 4907 aures
3220 4853 3441 4909 amicas
3482 4854 3813 4912 divinorum

310 4941 700 5013 eloquiorum,
732 4945 1086 5013 optimorum
1119 4945 1365 4999 virorum
1387 4952 1440 5000 et
1472 4942 1874 5011 religiosorum
1908 4939 2105 5005 decus,
2141 4937 2582 5011 fidelissimique
2614 4949 2670 4994 et
2692 4940 2946 5011 religiosi
2978 4940 3203 5012 imperii
3230 4942 3523 5015 splendor,
3554 4959 3828 5015 germane

310 5037 365 5087 et
392 5032 603 5087 Christi
626 5032 811 5087 amice
842 5049 1004 5089 serve
1038 5033 1140 5090 Dei
1177 5037 1377 5099 Lauso,
1412 5052 1511 5105 pro
1543 5050 1609 5088 ea
1642 5049 1768 5105 quas
1803 5030 1946 5085 mihi
1979 5030 2134 5085 inest
2162 5028 2498 5097 exiguitate,
2543 5028 3001 5102 uniuscujusque
3050 5046 3118 5085 ex
3160 5030 3372 5086 Christi
3419 5032 3657 5089 athletis
3706 5038 3826 5089 tam

313 5122 591 5177 masculis
623 5138 794 5192 quam
830 5123 1060 5179 feminis
1093 5126 1319 5197 insigne
1349 5142 1581 5189 nomen,
1608 5124 1960 5195 exprimens,
1986 5124 2044 5175 et
2066 5135 2134 5174 ex
2160 5117 2359 5173 multis
2386 5124 2441 5173 et
2464 5120 2689 5191 magnis
2713 5120 3177 5193 uniuscuiusque
3202 5123 3623 5180 certaminibus
3647 5140 3830 5195 pauca

318 5213 565 5268 breviter
592 5228 917 5280 exponens;
953 5213 1328 5283 plurimorum
1362 5231 1585 5284 quoque
1614 5231 1797 5282 genus
1827 5214 1997 5266 etiam
2035 5209 2332 5278 adjiciens,
2366 5213 2421 5264 et
2448 5211 2673 5277 urbem,
2707 5216 2762 5265 et
2794 5211 2982 5266 locum
3017 5212 3361 5271 mansionis.

386 5302 753 5357 Meminimus
786 5309 977 5357 autem
1012 5304 1259 5358 virorum
1292 5311 1347 5358 et
1380 5305 1711 5366 mulierum,
1745 5302 1841 5371 qui
1877 5318 1945 5355 ex
1982 5300 2191 5354 virtute
2223 5300 2455 5369 quidem
2489 5300 2663 5354 vitam
2701 5301 2946 5369 perfecte
2979 5301 3381 5373 instituerunt,
3416 5308 3646 5375 propter
3664 5319 3822 5357 arro-

313 5393 520 5460 gantiae
553 5398 745 5447 autem
778 5400 1017 5447 matrem
1055 5394 1285 5447 inanem
1321 5409 1447 5462 quae
1479 5398 1715 5447 vocatur
1735 5390 2004 5461 gloriam,
2043 5389 2098 5442 in
2130 5389 2399 5441 intimum
2435 5388 2750 5445 inferorum
2787 5391 3152 5458 barathrum,
3183 5406 3237 5448 et
3270 5394 3515 5448 fundum
3560 5392 3820 5459 praecipi-

313 5483 412 5534 tati
448 5484 692 5548 fuerant,
726 5492 783 5537 et
814 5501 943 5553 quae
976 5486 1145 5553 longo
1180 5489 1438 5551 tempore
1463 5489 1515 5537 et
1551 5483 1799 5553 plurimo
1829 5480 2021 5534 labore
2053 5477 2163 5531 sibi
2205 5488 2567 5547 pepererant,
2592 5480 3021 5551 amplectenda,
3052 5489 3109 5536 et
3135 5484 3417 5537 acerrimo
3440 5480 3631 5535 studio
3662 5496 3828 5535 com-

309 5573 568 5642 paranda
600 5573 1081 5628 exercitatitionis
1106 5574 1428 5639 benefacta,
1462 5590 1578 5627 uno
1611 5571 1886 5641 temporis
1919 5572 2213 5623 momento
2250 5569 2577 5638 arrogantia
2606 5577 2663 5624 et
2692 5587 2834 5626 vana
2883 5573 2954 5627 de
2984 5590 3045 5627 se
3080 5571 3455 5641 persuasione
3483 5569 3825 5627 amiserant.

311 5660 505 5717 Gratia
536 5668 725 5717 autem
765 5664 946 5719 nostri
984 5663 1328 5734 Servatoris,
1361 5671 1417 5720 ei.
1452 5674 1787 5720 sanctorum
1847 5662 2081 5717 Patrum
2117 5659 2498 5730 providentia,
2543 5665 2599 5715 et
2626 5662 2912 5717 visceru'n
2948 5663 3339 5722 miseratione.
3393 5661 3575 5733 erepti
3624 5665 3763 5716 sunt
3794 5677 3827 5715 a

312 5753 670 5826 spiritalibus
702 5755 922 5811 diaboli
965 5756 1212 5827 laqueis,
1243 5760 1299 5812 et
1330 5760 1662 5815 sanctorum
1697 5753 1964 5826 precibus
1996 5756 2486 5822 recuperaverant
2518 5751 2767 5823 priorem
2799 5752 2976 5808 vitam
3012 5767 3188 5821 quam
3221 5753 3471 5825 agebant
3491 5768 3562 5807 ex
3591 5750 3822 5807 virtute.
