4076 6280
284 407 401 468 999
1862 393 2229 454 PALLADII
3353 446 3364 455 ,
3632 382 3797 442 {000

278 526 3779 566 Ww.m_

838 637 1277 697 EXEMPLAR
1316 633 1724 695 EPISTOLJE
1768 628 2120 692 SCIthT/E
2162 627 2263 687 AD
2310 623 2629 686 LAUSUM
2675 621 3227 693 PHIEPOSITUM,

1393 750 1470 793 an
1512 747 1847 793 neascune
1894 743 2171 789 EPISCOPO
2212 734 2239 761 ⁸
2281 739 2678 786 carpanucm.

352 867 549 923 Laudo
581 877 929 936 magnopere
962 866 1127 916 tuum
1161 859 1518 915 institutum.
1556 858 1663 913 Par
1693 860 1782 911 est
1811 856 1965 911 enim
2001 862 2057 907 ut
2089 850 2331 922 incipiat
2361 848 2606 918 epistola
2628 864 2660 901 a
2682 846 3042 901 laudatione:
3068 844 3220 916 quod
3244 860 3376 936 cum
3400 860 3603 899 omnes
3624 846 3802 901 vanis

279 958 450 1013 rebus
475 932 719 1019 inhient,
751 932 808 1006 et
837 951 1057 1021 lapides
1083 948 1388 1018 aediﬁcent,
1421 965 1486 1003 ex
1520 947 1735 1019 quibus
1768 944 1985 1000 nullam
2020 941 2247 1009 capient
2279 940 2607 1003 utilitatem,
2632 936 2809 991 libros
2832 936 3106 1002 aediﬁces,
3129 939 3187 989 et
3215 932 3353 989 velis
3370 934 3583 988 doceri.
3611 934 3798 990 Solus

276 1047 432 1104 enim
463 1055 549 1102 est
580 1044 982 1101 universorum
1015 1040 1167 1095 Deus
1190 1041 1287 1111 qui
1318 1040 1514 1109 nequit
1553 1037 1765 1101 doceri,
1796 1032 2262 1107 quandoquidem
2296 1035 2353 1084 et
2385 1030 2506 1099 ipse
2538 1043 2635 1096 per
2664 1043 2725 1079 se
2753 1032 2864 1093 est,
2898 1031 2955 1080 et
2980 1031 3116 1080 ante
3146 1039 3207 1078 se
3235 1040 3345 1078 non
3382 1023 3556 1077 habet
3579 1024 3795 1083 alium.

275 1135 403 1191 Alia
434 1141 624 1190 autem
657 1131 848 1189 omnia
881 1130 1071 1187 doceri
1105 1138 1368 1199 possunt,
1402 1129 1677 1198 quoniam
1722 1131 1856 1179 sunt.
1895 1131 1952 1177 et
1985 1123 2131 1177 facta
2165 1129 2216 1175 et
2247 1126 2457 1174 creata.
2491 1120 2675 1187 Atque
2708 1116 2874 1184 primi
2908 1114 3140 1182 quidem
3174 1113 3407 1168 ordines
3440 1114 3793 1184 magistram

281 1223 498 1279 habent
535 1238 829 1278 summam
863 1221 1230 1284 Trinitatem,
1255 1218 1491 1273 secundi
1526 1222 1718 1271 autem
1754 1214 1983 1269 disCunt
2016 1230 2048 1267 a
2093 1212 2314 1282 primis,
2339 1207 2488 1262 tertii
2511 1214 2702 1260 autem
2724 1222 2755 1259 a
2777 1204 3080 1270 secundis;
3106 1210 3157 1258 et
3181 1204 3265 1258 sic
3288 1203 3579 1273 deinceps,
3602 1209 3660 1258 et
3687 1220 3799 1274 per

274 1315 564 1379 ordinem,
598 1328 783 1383 usque
814 1311 883 1365 ad
916 1316 1225 1365 extremos.
1248 1307 1354 1371 Qui
1385 1307 1538 1362 enim
1572 1310 1709 1360 sunt
1742 1304 2166 1375 praestantiores
2197 1300 2412 1354 honore
2442 1304 2500 1351 et
2530 1295 2755 1360 virtute,
2787 1296 2995 1348 docent
3022 1308 3121 1347 eos
3164 1292 3263 1364 qui
3304 1299 3447 1346 sunt
3487 1292 3797 1349 inferiores

273 1404 621 1476 cognitione.
655 1381 762 1466 Qui
793 1416 928 1472 ergo
959 1398 1293 1456 existimant
1323 1414 1381 1451 se
1414 1413 1528 1452 non
1559 1410 1724 1466 egere
1756 1392 2074 1463 magistris,
2104 1395 2204 1444 aut
2236 1404 2348 1443 non
2387 1390 2588 1457 parent
2621 1386 2690 1438 iis
2723 1384 2824 1456 qui
2854 1384 3063 1438 docent
3094 1385 3150 1436 in
3183 1381 3490 1449 charitate,
3524 1381 3799 1440 laborant

273 1473 480 1549 morbo
510 1490 911 1562 ignorationis,
945 1505 1073 1560 quas
1101 1494 1189 1543 est
1219 1497 1404 1542 mater
1432 1484 1793 1557 arrogantiae.
1830 1482 1983 1537 inter
2014 1497 2162 1552 quos
2188 1478 2403 1549 primas
2428 1486 2617 1548 partes
2636 1476 2918 1530 tenentad
2946 1474 3270 1539 interitum,
3295 1473 3393 1543 qui
3419 1476 3615 1527 eodem
3644 1474 3791 1529 vitio

274 1582 614 1639 exciderunt
641 1597 674 1635 a
704 1579 915 1634 cmlesti
945 1576 1302 1632 habitatione
1334 1576 1392 1630 in
1424 1590 1556 1630 aere
1586 1574 1845 1628 volantes
1877 1570 2193 1634 daemones,
2230 1574 2291 1621 ut
2314 1567 2413 1637 qui
2446 1564 2774 1634 aufugerim
2805 1565 2878 1618 ab
2911 1563 2983 1618 iis
3005 1562 3104 1632 qui
3137 1571 3301 1616 erant
3333 1562 3391 1616 in
3424 1562 3564 1617 coelo
3592 1563 3795 1633 magi-

274 1670 431 1729 stris.
462 1670 589 1727 Non
620 1669 777 1725 enim
808 1668 1093 1723 dictiones
1124 1672 1227 1722 aut
1255 1664 1509 1733 syllabis,
1534 1669 1675 1719 sunt
1704 1661 1979 1716 doctrinae
2004 1675 2151 1730 quas
2180 1672 2599 1726 nonnunquam
2634 1654 2853 1707 habent
2883 1653 3059 1707 etiam
3092 1653 3191 1723 qui
3225 1656 3365 1706 sunt
3387 1652 3653 1721 pessimi;
3680 1652 3789 1708 sed

272 1776 465 1818 mores
496 1764 645 1815 recte
673 1758 999 1827 compositi,
1027 1761 1083 1812 et
1115 1755 1390 1810 molestiis
1420 1764 1473 1809 et
1501 1753 1759 1817 terroris,
1794 1755 1979 1807 metus
2010 1755 2067 1804 et
2099 1749 2192 1802 ira;
2224 1748 2505 1811 vacuitas,
2528 1752 2581 1798 et
2612 1743 2670 1797 in
2693 1744 2867 1797 rebus
2890 1741 3164 1797 omnibus
3200 1739 3414 1795 ﬁducia
3449 1756 3514 1795 ac
3553 1740 3794 1795 dicendi

272 1851 534 1917 libertas,
566 1853 625 1904 et
654 1864 779 1920 qua:
811 1863 1108 1903 sermones
1140 1862 1253 1900 non
1278 1860 1445 1900 secus
1474 1843 1662 1915 gignit
1690 1858 1868 1914 quam
1903 1840 2051 1912 ignis
2081 1838 2403 1903 ﬂammam,
2446 1835 2852 1890 mansuetudo.
2898 1836 3045 1888 Nam
3077 1830 3126 1886 si
3175 1831 3257 1885 ita
3279 1847 3392 1886 non
3444 1838 3609 1899 esset,
3665 1847 3790 1886 non

270 1940 488 1999 diceret
513 1954 747 2010 magnus
778 1939 1052 2011 magister
1072 1936 1199 1993 suis
1230 1935 1531 2005 discipulis
1557 1949 1570 1987 :
1602 1932 1813 1988 Discite
1847 1949 1880 1988 a
1914 1946 2027 1999 me,
2052 1927 2326 2001 quoniam
2354 1925 2507 1980 mitis
2540 1939 2667 1979 sum
2700 1928 2756 1977 et
2787 1921 3236 2011 humiliscorde
3261 1921 3469 1991 (Matth.
3509 1923 3612 1993 ιι),
3666 1938 3792 1977 non

271 2029 578 2087 verborum
610 2035 816 2085 ornatu
846 2027 1156 2083 instituens
1178 2030 1235 2081 et
1268 2024 1526 2096 dirigens
1553 2021 1869 2094 apostolos,
1905 2020 2006 2076 sed
2045 2033 2273 2073 morum
2317 2016 2569 2071 bonitate
2600 2012 2895 2068 neminem
2943 2010 3209 2068 molestia
3240 2011 3524 2079 afﬁciens,
3574 2016 3793 2082 praeter

271 2137 368 2177 eos
398 2119 497 2192 qui
519 2118 758 2175 verbum
787 2117 1005 2173 habent
1033 2115 1187 2184 odio,
1220 2124 1274 2170 et
1303 2114 1550 2171 oderunt
1583 2112 1909 2182 magistros.
1945 2108 2182 2179 Oportet
2207 2105 2361 2160 enim
2403 2106 2681 2172 animam,
2715 2118 2839 2172 quas
2892 2100 3122 2192 Christo
3171 2101 3579 2192 convenienter
3618 2115 3793 2156 exer-

271 2190 454 2275 cetur,
507 2207 593 2265 vel
637 2206 879 2263 ﬁdeliter
927 2207 1148 2261 discere
1185 2222 1253 2261 ea
1300 2220 1424 2274 quis
1475 2219 1589 2258 non
1636 2202 1813 2266 novit,
1867 2198 1951 2255 vel
2002 2200 2197 2268 aperte
2242 2196 2448 2250 docere
2495 2210 2559 2249 ea
2588 2210 2710 2263 quas
2743 2195 2872 2248 scit.
2908 2191 2966 2247 Si
2999 2190 3155 2246 enim
3184 2190 3531 2247 alterutrum
3574 2190 3789 2246 horum

272 2298 434 2365 nolit,
466 2297 694 2353 laborat
722 2296 969 2353 insania.
1018 2294 1367 2350 Defectionis
1414 2292 1570 2349 enim
1620 2288 1972 2361 principium
2026 2291 2113 2343 est
2135 2284 2410 2340 doctrina:
2434 2284 2697 2349 satietas,
2730 2286 2787 2336 et
2827 2281 2981 2336 verbi
3010 2280 3333 2345 fastidium,
3367 2280 3520 2351 quod
3554 2296 3790 2351 semper

271 2387 456 2446 esurit
486 2386 683 2442 anima
713 2386 840 2456 ejus
871 2386 971 2457 qui
1005 2386 1184 2441 Deum
1218 2382 1426 2455 diligit.
1461 2380 1598 2437 Vale
1628 2396 1786 2452 ergo,
1819 2383 1878 2435 et
1909 2379 1988 2435 sis
2010 2393 2185 2434 sanus
2208 2381 2265 2431 et
2285 2374 2470 2441 fortis,
2494 2378 2549 2428 et
2572 2371 2747 2443 (quod
2776 2387 3048 2443 magnum
3074 2370 3186 2439 est)
3213 2370 3315 2425 tibi
3337 2368 3483 2426 Deus
3506 2373 3791 2426 concedat

273 2474 663 2550 cognitionem
696 2473 936 2531 Christi.

283 2578 3781 2611 Μ

840 2662 1267 2725 EXEMPLAR
1310 2662 1706 2723 EPISTOL/E
1751 2659 2103 2721 SCliIPT/E
2143 2661 2240 2717 AD
2290 2654 2607 2717 LAUSUM
2654 2652 3211 2725 Ptt/EPOSI'I‘UM,

1446 2778 1484 2817 Α
1529 2774 1828 2818 PALLADIO
1872 2772 2148 2817 EPISCOPO
2192 2770 2609 2815 CAPPADOCUE.

349 2876 491 2931 Cum
525 2874 692 2931 multi
730 2875 910 2930 multa
941 2879 997 2929 et
1027 2874 1186 2928 varia
1215 2874 1452 2928 diversis
1489 2872 1846 2943 temporibus
1879 2873 2096 2940 scripta
2136 2868 2270 2923 huic
2310 2868 2519 2922 saeculo
2565 2866 2927 2938 reliquerint,
2969 2882 3220 2936 quorum
3264 2866 3378 2921 alia
3414 2866 3662 2936 quidem,
3704 2882 3783 2921 ex

278 2964 377 3021 Dei
410 2982 669 3038 superum
700 2965 899 3036 gratias
933 2963 1333 3030 inspiratione,
1367 2972 1500 3017 sunt
1534 2967 1599 3016 ad
1633 2962 2067 3015 aediﬁcationem
2101 2964 2155 3012 et
2186 2960 2554 3013 securitatem
2586 2972 2783 3011 eorum
2811 2957 2907 3027 qui
2939 2955 3089 3010 fideli
3127 2958 3420 3027 proposito
3460 2962 3794 3025 sequuntur

278 3056 548 3127 dogmata
580 3056 926 3122 Servatoris;
963 3054 1075 3110 alia
1106 3060 1324 3118 autem,
1349 3069 1413 3107 ex
1450 3059 1725 3121 corrupto
1757 3050 1983 3121 etquod
2007 3050 2343 3103 hominibus
2379 3049 2599 3115 placere
2632 3048 2787 3114 cupit
2822 3046 3132 3115 preposito,
3171 3047 3465 3100 luxuriant
3490 3046 3556 3099 ad
3586 3061 3793 3099 eorum

279 3147 733 3203 consolationem
767 3147 865 3217 qui
897 3146 1093 3200 inanis
1122 3145 1313 3211 gloriae
1349 3144 1547 3197 morbo
1579 3144 1873 3205 laborant;
1907 3139 2020 3194 alia
2051 3150 2268 3208 autem,
2299 3138 2719 3204 eximportuna
2742 3136 2988 3204 quadam
3016 3136 3261 3199 insania,
3286 3136 3667 3203 etdemonis,
3692 3136 3795 3206 qui

281 3253 406 3306 quin
437 3244 573 3293 sunt
602 3237 848 3293 honesta
880 3235 1052 3291 habet
1076 3235 1228 3299 odio,
1262 3232 1633 3304 impulsione,
1666 3232 1736 3285 ad
1769 3230 1980 3285 levium
2014 3228 2318 3284 hominum
2355 3225 2690 3297 perniciem,
2724 3232 2782 3279 et
2814 3227 3165 3280 intemeratae
3196 3225 3493 3280 catholica
3534 3223 3796 3280 Ecclesia

280 3326 492 3392 labem,
536 3326 617 3379 ira
648 3332 706 3381 et
736 3327 1078 3395 arrogantiae
1112 3327 1446 3393 irruperunt
1468 3323 1523 3375 in
1558 3326 1781 3377 mentes
1814 3321 2150 3386 stultorum,
2174 3324 2235 3372 ut
2254 3318 2430 3371 vitam
2456 3316 2760 3370 honestam
2784 3324 2833 3369 et
2861 3330 3061 3385 puram
3086 3315 3468 3369 obscurarent
3492 3332 3506 3380 ;
3533 3316 3722 3369 visum
3739 3321 3799 3369 et

280 3413 420 3467 mihi
464 3430 695 3483 quoque
726 3414 932 3467 humili
969 3421 1205 3484 propter
1236 3428 1395 3481 spem
1430 3412 1486 3465 in
1520 3411 1840 3477 Christum,
1883 3414 1939 3463 et
1990 3407 2430 3479 magnificentia
2466 3416 2571 3461 tua:
2612 3405 2847 3475 jussum
2889 3404 3193 3471 reverenti,
3239 3406 3322 3458 vir
3362 3404 3793 3460 studiosissime

279 3502 531 3571 primum
566 3502 828 3555 omnium
866 3518 1097 3555 narrare
1127 3517 1192 3554 ea
1224 3502 1419 3556 omnia
1451 3517 1574 3570 quas
1607 3499 1679 3553 ad
1712 3499 2023 3569 pertinent,
2057 3503 2112 3551 et
2141 3502 2363 3552 aetatem
2396 3503 2453 3551 et
2482 3495 2693 3550 mentis
2727 3510 2869 3549 meas
2908 3496 2975 3548 ad
3019 3495 3283 3549 virtutem
3330 3493 3390 3548 in
3433 3493 3613 3549 Deum
3657 3508 3795 3564 pro—

286 3590 520 3653 fectum,
556 3587 887 3659 incipiendo
920 3606 947 3642 a
976 3589 1220 3653 juvenili
1253 3594 1438 3641 astate.

358 3676 499 3731 Cum
533 3676 901 3746 trigesimum
935 3676 1169 3747 quidem
1200 3682 1257 3731 et
1290 3676 1522 3730 tertium
1557 3691 1774 3730 annum
1810 3692 2034 3745 agerem
2068 3676 2123 3729 in
2159 3674 2585 3729 conversatione
2616 3689 2749 3729 cum
2784 3673 3051 3729 fratribus
3081 3678 3135 3728 et
3166 3672 3278 3727 vita
3309 3672 3591 3739 solitaria,
3626 3672 3791 3744 vige-

272 3767 489 3819 simum
522 3769 716 3819 autem
750 3765 1140 3836 episcopatus,
1173 3766 1351 3820 totius
1372 3770 1563 3819 autem
1597 3769 1727 3818 vitae
1760 3780 1893 3818 mea:
1925 3766 2065 3835 quin
2098 3763 2503 3834 quagesimum
2534 3765 2794 3829 tertium,
2830 3765 3220 3819 necessarium
3246 3761 3593 3825 existimavi,
3617 3761 3792 3833 spiri-

271 3855 405 3909 talis
429 3854 696 3910 utilitatis
727 3855 931 3925 gratia,
967 3856 1066 3908 tibi
1100 3855 1354 3923 cupienti
1386 3853 1445 3908 in
1478 3853 1711 3925 scriptis
1747 3870 1974 3908 narrare
2005 3869 2130 3923 quae
2164 3870 2197 3906 a
2228 3853 2447 3906 sanctis
2481 3852 2741 3906 Palribus
2784 3858 2936 3907 recte
2967 3858 3025 3907 et
3060 3868 3128 3907 ex
3168 3852 3378 3906 virtute
3417 3856 3579 3922 gesta
3624 3855 3788 3920 sunt,

270 3948 389 3999 tam
425 3944 699 3999 masculis
730 3960 903 4016 quam
940 3944 1189 4013 feminis,
1225 3961 1371 4016 quos
1404 3954 1453 3998 et
1480 3944 1603 4013 ipse
1630 3942 1768 4005 Vidi,
1791 3949 1846 3996 et
1867 3943 1937 3997 de
1960 3944 2167 4013 quibus
2190 3942 2376 3996 audivi
2403 3942 2472 3996 ab
2495 3943 2707 3996 animis
2730 3941 3110 4009 ﬁdelissimis,
3137 3957 3267 3995 cum
3289 3941 3499 4011 quibus
3523 3946 3786 3997 versatus

268 4049 398 4087 sum
432 4033 489 4087 in
522 4032 749 4105 [Egypti
784 4033 1120 4102 solitudine,
1151 4039 1207 4088 et
1238 4035 1294 4087 in
1331 4033 1525 4105 Libya,
1561 4039 1617 4087 et
1649 4033 1964 4099 Thebaide,
1997 4040 2049 4086 et
2077 4031 2284 4103 Syene,
2317 4034 2425 4085 sub
2458 4048 2571 4102 qua
2602 4039 2737 4084 sunt
2776 4031 2949 4085 etiam
2993 4030 3093 4101 qui
3134 4031 3410 4085 dicuntur
3465 4029 3780 4085 Tahenne-

269 4121 458 4189 siotae;
493 4123 700 4178 deinde
744 4124 799 4178 in
834 4123 1263 4194 Mesopotamia,
1298 4123 1621 4186 Palaestina,
1654 4128 1709 4176 et
1738 4121 1921 4192 Syria,
1953 4128 2009 4177 et
2041 4122 2093 4175 in
2131 4122 2392 4192 partibus
2431 4120 2783 4185 Occidentis,
2815 4127 2871 4175 et
2912 4120 3128 4188 Romaa,
3161 4125 3216 4176 et
3255 4120 3313 4175 in
3351 4119 3693 4191 Campania,
3730 4128 3785 4176 et

264 4212 320 4266 in
357 4212 426 4266 iis
455 4228 580 4282 quae
607 4217 746 4267 sunt
777 4212 931 4268 circa
960 4230 1056 4267 eas
1090 4212 1378 4282 partibus;
1412 4216 1477 4266 ut
1509 4212 1607 4265 tibi
1642 4211 1711 4265 ab
1746 4211 1910 4265 initio
1939 4212 2404 4265 accurratissime
2435 4212 2491 4265 in
2526 4209 2632 4264 hoc
2664 4208 2808 4264 libro
2849 4226 3132 4278 eXponam
3165 4210 3349 4264 instar
3394 4210 3779 4277 narrationis;

265 4307 324 4357 ut
348 4317 480 4357 cum
514 4301 727 4356 habeas
759 4302 1062 4359 honestum
1098 4307 1154 4357 et
1183 4302 1390 4357 animae
1423 4302 1566 4356 utile
1600 4310 2064 4366 monumentum,
2098 4306 2434 4370 perpetuum
2466 4306 2523 4355 et
2556 4315 2669 4355 non
2705 4300 3204 4355 intermittendum
3233 4301 3460 4370 pietatis
3478 4310 3533 4354 et
3555 4299 3776 4369 religio.

266 4392 356 4447 nis
389 4390 900 4459 medicamentum,
933 4409 1161 4449 omnem
1195 4394 1429 4465 quidem
1464 4392 1774 4447 oblivionis
1813 4391 2310 4458 dormitationem,
2344 4406 2469 4461 quae
2501 4407 2567 4444 ex
2607 4390 2925 4461 cupiditate
2956 4389 3198 4444 rationis
3218 4395 3449 4461 experte
3482 4389 3539 4443 in
3576 4389 3772 4443 anima

262 4482 659 4552 ingeneratur,
692 4496 921 4536 omnem
948 4489 1138 4538 autem
1174 4485 1231 4536 in
1265 4484 1377 4537 ﬁde
1407 4482 1853 4547 dubitationem,
1889 4496 2208 4551 omnesque
2242 4480 2297 4533 in
2332 4496 2525 4535 rerum
2570 4496 2676 4535 usu
2706 4482 2900 4534 sordes
2932 4485 2988 4535 et
3027 4481 3390 4550 parcitatem,
3425 4493 3765 4547 omnemque

260 4570 682 4625 dubitationem
719 4571 1028 4641 pusilliqtte
1060 4577 1114 4625 et
1137 4572 1344 4641 abjecti
1391 4570 1571 4627 animi
1603 4571 1825 4637 vitium,
1875 4579 1927 4624 et
1978 4570 2217 4624 nimiam
2252 4570 2323 4624 ad
2375 4571 2518 4625 iram
2564 4570 3032 4641 propensionem,
3064 4569 3677 4639 perturbationemque,
3702 4572 3759 4622 et

259 4660 657 4731 aegritudinem
692 4661 931 4716 rationis
960 4668 1279 4731 expertem,
1311 4667 1367 4716 et
1400 4662 1871 4732 intempestivum
1904 4659 2175 4714 timorem
2213 4677 2313 4728 per
2340 4660 2397 4713 id
2430 4660 2719 4729 expellas;
2756 4671 2804 4715 et
2841 4676 2911 4714 ne
2944 4662 3254 4730 acorrupti
3282 4661 3642 4716 mundivana
3660 4674 3763 4728 spe

258 4753 533 4821 pendeas,
567 4751 840 4819 eli'ugias;
879 4758 1152 4824 perpetuo
1181 4758 1373 4807 autern
1407 4752 1689 4807 desiderio
1721 4751 1781 4805 in
1814 4767 1912 4819 spe
1944 4753 2009 4804 ad
2044 4750 2224 4805 Deum
2262 4751 2548 4821 proﬁcias,
2578 4759 2630 4804 et
2662 4750 2717 4804 in
2753 4750 3049 4821 proposito
3094 4751 3330 4821 pietatis
3358 4770 3372 4817 ;
3400 4750 3480 4805 sis
3512 4754 3569 4803 et
3598 4748 3658 4803 in
3681 4746 3771 4804 via

258 4840 375 4893 dux
406 4845 564 4902 tuus,
596 4847 881 4897 eteorum
916 4843 1012 4912 qui
1032 4849 1223 4899 tecum
1253 4848 1411 4911 sunt,
1434 4850 1487 4897 et
1508 4857 1706 4897 eorum
1731 4840 1827 4911 qui
1854 4840 1955 4894 tibi
1975 4840 2389 4907 subjiciuntur,
2418 4849 2475 4893 et
2505 4840 2749 4894 maxime
2773 4840 3001 4909 piorum
3026 4840 3463 4908 imperatorum.
3490 4841 3599 4894 Per
3644 4854 3771 4910 que

256 4927 492 4996 quidem
528 4928 671 4983 bene
704 4931 852 4985 facta
882 4948 1086 4987 omnes
1118 4934 1217 5003 qui
1248 4933 1541 4989 Christum
1571 4932 1840 4997 diligunt,
1874 4930 1986 4984 Deo
2020 4929 2172 4983 uniri
2207 4940 2531 4999 properant,
2563 4935 2965 5000 exspectantes
2996 4930 3216 4985 scilicet
3245 4929 3500 4999 quotidie
3545 4928 3776 4983 resolu-

254 5015 468 5070 tionem
493 5017 698 5071 animas
730 5036 762 5073 a
792 5036 1045 5090 corpore,
1082 5029 1248 5088 prout
1279 5024 1560 5092 scriptum
1594 5027 1680 5075 est
1708 5036 1720 5074 :
1754 5020 2042 5084 Coarctor,
2078 5020 2321 5090 cupiens
2353 5018 2587 5073 dissolvi
2619 5026 2676 5074 et
2705 5036 2829 5075 esse
2851 5036 2984 5074 cum
3012 5019 3267 5085 Christo;
3288 5024 3378 5074 est
3398 5018 3555 5073 enim
3584 5018 3774 5073 multo

255 5105 461 5161 melius
491 5105 723 5175 (Philip.
757 5110 817 5179 ι).
852 5110 917 5164 Et
948 5110 1090 5166 illud
1119 5129 1132 5166 :
1168 5112 1310 5167 Para
1344 5113 1397 5166 in
1430 5112 1653 5166 exitum
1684 5128 1856 5181 opera
1890 5116 2007 5178 tua,
2041 5120 2086 5164 et
2114 5125 2372 5180 praepara
2394 5110 2527 5163 tein
2552 5126 2753 5179 agrum
2787 5113 2973 5178 (Prov.
3000 5110 3172 5179 xxu).
3206 5109 3314 5174 Qui
3345 5110 3499 5164 enim
3533 5122 3776 5179 semper

161 5254 170 5262 ,
255 5196 456 5250 mortis
489 5196 773 5263 meminit,
809 5215 931 5266 quas
964 5202 1286 5257 necessario
1316 5201 1553 5256 omnino
1584 5203 1793 5266 veniet,
1828 5204 1885 5254 et
1908 5216 2020 5252 non
2055 5200 2325 5267 tardabit,
2355 5200 2412 5253 in
2449 5201 2675 5269 magnis
2707 5216 2819 5254 non
2852 5200 3122 5267 oﬁ'endel,
3156 5200 3309 5254 sicut
3339 5198 3623 5268 scriptum
3654 5202 3773 5253 est:

251 5287 310 5341 In
346 5287 623 5341 omnibus
656 5288 932 5358 operibus
964 5291 1073 5344 tuis
1108 5301 1394 5347 memento
1430 5292 1765 5351 novissima,
1798 5299 1847 5344 et
1884 5292 1939 5342 in
1965 5294 2247 5344 aeternum
2283 5307 2394 5343 non
2431 5291 2695 5359 peccabis
2722 5291 2943 5361 (Eccles.
2978 5291 3096 5360 vn).
3141 5288 3336 5360 Neque
3380 5304 3514 5343 vero
3556 5294 3771 5359 praeter

247 5375 361 5430 alia
393 5378 591 5432 omnia
625 5377 743 5432 haec
777 5384 831 5433 te
876 5378 1032 5434 fallat
1077 5381 1268 5436 brevis
1317 5384 1636 5437 admonitio
1692 5381 2118 5445 narrationum;
2168 5397 2357 5451 neque
2410 5396 2652 5450 respuas
2706 5381 2907 5435 rudem
2943 5386 3000 5435 et
3046 5381 3366 5434 inornatam
3420 5378 3768 5434 dictionem.

251 5464 372 5521 Non
395 5474 483 5522 est
514 5467 668 5522 enim
704 5468 912 5523 divinas
940 5470 1228 5537 doctrinae,
1261 5478 1466 5526 ornata
1488 5480 1541 5526 et
1571 5474 1638 5525 ad
1672 5471 2091 5526 ostendendam
2130 5470 2480 5540 sapientiam
2514 5470 2835 5538 composita
2869 5470 2951 5524 uti
2984 5470 3261 5535 oratione,
3295 5468 3394 5522 sed
3432 5468 3609 5522 menti
3647 5483 3784 5537 per-

244 5554 487 5609 suadere
520 5572 620 5626 per
647 5559 1099 5631 intelligentiam
1135 5560 1412 5622 veritatis.
1451 5567 1514 5615 ut
1546 5562 1820 5632 scriptum
1854 5567 1982 5615 est:
2015 5560 2189 5629 Aperi
2221 5576 2285 5615 os
2311 5567 2473 5615 tuum
2505 5563 2673 5615 verbo
2712 5562 2825 5627 Dei,
2861 5566 2917 5615 et
2942 5560 3139 5629 judica
3168 5557 3367 5614 omnia
3397 5572 3539 5612 sane
3574 5556 3769 5625 (Prov.

244 5643 419 5716 xxxi).
454 5644 521 5699 Et
553 5662 796 5705 rursus:
828 5650 908 5707 Ne
939 5650 1194 5708 declines
1225 5668 1258 5709 a
1289 5652 1619 5708 narratione
1650 5665 1859 5706 senum
1885 5667 1900 5719 ;
1931 5648 2045 5720 ipsi
2076 5649 2233 5706 enim
2262 5650 2590 5708 didicerunt
2610 5668 2643 5707 a
2675 5651 2938 5723 patribus
2969 5666 3168 5707 eorum
3199 5645 3427 5721 (Eccies.
3461 5647 3615 5716 vni).

314 5745 333 5767 ⁸
358 5733 556 5793 Grues
584 5742 693 5808 est,
724 5738 871 5816 παρὶ
898 5738 1220 5799 Παλλαδίου
1253 5740 1576 5811 ἐπισκόπου,
1612 5757 1646 5797 a
1677 5738 1924 5797 Palladia

645 5742 693 5808 ιι,
724 5738 871 5816 napi
898 5738 1220 5799 Παλλαδίου
1253 5740 1576 5811 ἐπισκόπου,
1612 5757 1646 5797 a
1677 5738 1933 5797 Palladio
1958 5740 2255 5813 episcopo.
