4076 6280
363 364 509 428 1001
1602 363 1973 425 EPISTULA

2186 362 2500 429 LAUSUM
2516 410 2530 426 .
3621 381 3773 444 i002

2034 519 3751 549 _.._.______________________

721 665 1158 718 ΑΝΤΙΓΡΑΦΟΝ
1199 664 1597 720 ΕΠΙΣΤΟΛΗΣ
1639 667 2042 720 ΓΡΑΦΕΙΣΗΣ
2086 669 2314 742 ΛΑΥΣῼ
2355 670 2769 745 ΠΡΑΙΙΙΟΣΙΤῼ
2811 674 2988 725 ΠΔΡΔ
3035 675 3427 731 ΠΑΛΛΑΔΙΟΥ

1864 758 2280 811 ΕΠΙΣΚΟΠΟΥ.

433 908 731 982 Μακαρίζω
766 927 860 961 σου
900 907 999 975 τήν
1033 907 1353 982 προαίρεσιν
1386 925 1399 938 ·
1451 906 1599 977 ἄξιος
1641 907 1746 980 γάρ
1800 906 1905 961 ἀπὸ
1958 912 2305 981 μακαρισμοῦ
2352 906 2606 983 ἄρξασθαι
2648 914 2749 974 τῆς
2797 909 3094 981 ἐπιπολῆς
3127 931 3142 947 ⁸
3196 913 3278 969 ὅτι
3323 915 3540 971 πάντων
3591 917 3669 980 είς
3710 918 3777 973 τὰ

370 998 573 1073 μάταια
602 996 941 1073 κεχηνότων,
975 996 1026 1067 ἐξ
1078 998 1151 1052 ὧν
1187 998 1288 1052 οὐκ
1332 996 1816 1073 ὠφεληθήσονται,
1849 996 2008 1057 αὐτὸς
2057 996 2258 1074 λόγους
2292 995 2627 1069 οίκοδομεῖς,
2673 999 2762 1053 καὶ
2812 996 3157 1055 διδάσκεσθαι
3210 1002 3406 1065 θέλεις.
3457 1003 3778 1069 Ἀδίδακτος

360 1090 466 1163 γὰρ
500 1088 666 1162 μόνος
697 1086 837 1141 ἐστίν
870 1089 898 1142 ὁ
928 1091 1036 1142 τῶν
1082 1086 1229 1143 ὅλων
1262 1089 1392 1151 Θεός
1424 1105 1438 1121 ⁸
1490 1085 1679 1153 ἐπειδὴ
1711 1085 1799 1140 καὶ
1828 1085 2128 1163 αὐτοφυὴς,
2161 1086 2250 1140 καὶ
2299 1087 2405 1159 πρὸ
2450 1086 2613 1142 αὐτοῦ
2652 1087 2824 1144 ἄλλον
2876 1090 2977 1145 οὐκ
3006 1089 3151 1167 ἔχων
3184 1111 3198 1125 ·
3239 1093 3304 1147 τὰ
3336 1091 3381 1148 δ’
3430 1093 3575 1149 ἄλλα
3604 1097 3777 1152 πάντα

365 1178 506 1234 ἐστὶν
568 1175 836 1231 διδακτά·
899 1174 1084 1245 ἐπειδὴ
1140 1176 1345 1246 ποιητά
1402 1177 1492 1230 καὶ
1545 1176 1733 1229 κτιστά
1766 1195 1779 1209 ο
1838 1175 1925 1229 καί
1981 1177 2047 1230 τὰ
2099 1177 2195 1248 μὶν
2252 1181 2443 1250 πρῶτα
2499 1178 2746 1252 τάγματα
2800 1176 3127 1235 διδάσκαλον
3187 1178 3302 1256 ἔχει
3355 1183 3454 1251 τῆν
3518 1183 3775 1239 ἀνωτάτω

366 1264 566 1342 Τριάδα
599 1285 613 1299 ⁶
657 1267 723 1321 τὰ
772 1264 831 1321 δὲ
862 1263 1105 1340 δεύτερα,
1137 1268 1283 1340 παρὰ
1334 1271 1441 1321 τῶν
1482 1266 1714 1339 πρώτων
1770 1266 2018 1337 μανθάνει
2054 1284 2068 1297 ⁸
2098 1266 2165 1319 τὰ
2214 1263 2271 1320 δέ
2300 1266 2478 1339 τρίτα,
2504 1268 2649 1341 παρᾶ
2695 1273 2802 1322 τῶν
2828 1265 3088 1335 δευτέρων
3125 1288 3140 1303 ο
3190 1272 3277 1325 καὶ
3311 1270 3454 1328 οὕτω
3502 1274 3621 1328 καθ’
3651 1274 3774 1344 ἑξῆς

363 1357 500 1412 κατά
545 1357 716 1426 τάξιν,
754 1354 921 1430 μέχρι
971 1356 1060 1410 καὶ
1106 1360 1213 1412 τῶν
1262 1354 1523 1431 ἐσχάτων.
1558 1356 1620 1409 Οἱ
1669 1356 1771 1430 γὰρ
1814 1354 2092 1429 κρείττους
2139 1354 2190 1409 ἐν
2233 1356 2431 1430 γνώμῃ
2481 1357 2571 1410 καὶ
2622 1357 2785 1431 ἀρετῇ
2833 1360 2961 1421 τοὺς
3009 1357 3432 1431 ἠλαττωμένους
3480 1361 3531 1417 ἐν
3576 1364 3773 1437 γνώσει

368 1444 738 1502 διδάσκουσιν.
773 1447 836 1499 Οἳ
881 1444 1063 1501 τοίνυν
1115 1446 1359 1518 οἰόμενοι
1408 1442 1748 1499 διδασκάλων
1797 1446 1873 1517 μή
1925 1444 2176 1520 χρῄζειν,
2227 1442 2443 1517 ἄγνοιαν
2484 1449 2755 1513 νοσοῦσιν,
2798 1448 2897 1515 τῆν
2948 1449 3157 1522 μητέρα
3201 1457 3301 1518 τῆς
3351 1450 3770 1528 ὑπερηφανείας,

365 1537 415 1589 οἱ
452 1538 528 1610 μὴ
582 1531 886 1609 ρειθὸμενοι
932 1542 1051 1599 τοῖς
1088 1534 1139 1589 ἐν
1191 1537 1373 1611 ἀγάπῃ
1427 1531 1791 1590 διδάσκουσιν.
1826 1536 1918 1588 Ὧν
1971 1533 2341 1607 πρωτεύουσιν
2395 1534 2471 1597 εἰς
2518 1534 2818 1603 ἀπώλειαν,
2852 1537 2905 1591 οἱ
2952 1542 3030 1609 τω
3076 1537 3222 1609 αὐτῷ
3268 1540 3427 1594 πάθει
3463 1547 3563 1609 τῆς
3614 1540 3772 1617 οὐρα-

357 1626 479 1680 νίου
520 1622 804 1703 διαγωγῆς
854 1624 1187 1693 ἐκπεσόντες,
1221 1624 1277 1677 οἳ
1325 1622 1379 1678 ἐν
1411 1624 1525 1696 ἂὲρι
1572 1624 1863 1695 πετόμενοι
1912 1621 2187 1695 δαίμονες,
2223 1627 2332 1677 τῶν
2382 1621 2433 1678 ἐν
2474 1629 2589 1686 τοῖς
2639 1627 2893 1699 οὐρανοῖς
2951 1625 3351 1702 ἀποδράσαντες
3399 1626 3763 1687 διδασκάλων.

360 1714 432 1769 Οὐ
467 1715 570 1789 γὰρ
602 1715 657 1768 αἱ
690 1712 861 1783 λέξεις
899 1712 934 1780 ἧ
971 1716 1025 1768 αἱ
1084 1711 1357 1770 συλλαϐαί
1390 1713 1523 1768 εἰσιν
1556 1710 1924 1783 διδασκαλίαι,
1958 1712 2019 1775 ἃς
2078 1710 2300 1786 ἔχουσιν
2330 1711 2504 1768 ἐνίοτε
2532 1714 2621 1768 καὶ
2681 1715 2732 1768 οἱ
2764 1714 2851 1769 ἐπὶ
2884 1714 3142 1772 πλεῖστον
3200 1717 3399 1796 φαῦλοι
3434 1737 3447 1752 ·
3488 1716 3638 1773 ἀλλὰ
3667 1723 3767 1774 τοῦ

360 1800 531 1871 ἤθους
563 1802 629 1857 τά
660 1804 1079 1878 κατορθώματα,
1113 1802 1148 1872 ἥ
1179 1824 1237 1857 τε
1274 1803 1499 1873 ἀλυπία,
1534 1802 1624 1873 κᾳὶ
1663 1804 1956 1872 ἀπτοησία,
1988 1801 2077 1856 καὶ
2117 1805 2151 1870 ἠ
2205 1799 2444 1873 ἀδειλία,
2485 1802 2575 1856 καὶ
2632 1804 2695 1857 τὸ
2737 1802 3034 1880 ἀόργητον,
3065 1805 3154 1859 καὶ
3186 1808 3220 1876 ἡ
3276 1806 3363 1863 ἐπὶ
3394 1807 3605 1863 πάντων
3638 1809 3774 1887 παῤ-

361 1892 543 1966 ῥησία,
572 1893 665 1945 καὶ
723 1892 853 1955 τοὺς
906 1892 1103 1968 λόγους
1132 1895 1208 1953 ὡς
1238 1893 1410 1967 πυρὸς
1468 1890 1645 1972 φλόγα
1701 1896 1949 1966 γεννῶσα.
1982 1891 2042 1947 Εἰ
2080 1892 2182 1966 γὰρ
2245 1891 2320 1963 μῆ
2353 1891 2419 1959 ἦν
2456 1895 2637 1960 τοῦτο,
2672 1893 2780 1947 οὐκ
2839 1892 2898 1947 ἂν
2928 1891 3113 1969 ἔλεγεν
3169 1896 3197 1950 ὁ
3231 1895 3393 1971 μέγας
3442 1894 3771 1960 διδάσκαλος

358 1986 475 2043 τοῖς
506 1981 698 2037 ἑαυτοῦ
759 1983 1033 2054 μαθηταῖς
1071 2002 1082 2015 '
1114 1982 1323 2039 Μάθετε
1380 1982 1472 2036 ἀπ’
1500 1980 1635 2055 ἐμοῦ
1665 1981 1751 2036 ὅτι
1802 1981 1975 2055 πρᾶός
2006 1981 2121 2053 εἰμι
2178 1981 2267 2035 καὶ
2299 2002 2551 2042 ταπεινος
2582 1984 2648 2053 τῇ
2707 1979 2905 2056 καρδίᾳ
2937 2002 2951 2016 ⁸
3013 1984 3075 2038 οὐ
3105 1989 3173 2058 τῇ
3234 1983 3448 2057 εὐλεξίᾳ
3491 1986 3771 2060 ῥυθμίζων

359 2070 488 2134 τοὺς
528 2070 894 2140 ἀποστόλους,
926 2070 1076 2127 ἀλλά
1128 2076 1196 2144 τῇ
1239 2067 1488 2143 εὐσεϐείᾳ
1515 2069 1610 2125 τοῦ
1641 2071 1831 2139 ἤθους,
1870 2067 2076 2143 μηδένα
2124 2068 2313 2124 λυπῶν
2344 2068 2490 2137 πλὴν
2521 2075 2629 2124 τῶν
2679 2071 2988 2145 μισολόγων
3022 2073 3110 2126 καὶ
3161 2071 3503 2129 διδασκάλων
3544 2096 3772 2148 μισουν-

358 2180 490 2217 των.
552 2165 644 2217 Δεῖ
680 2160 860 2216 τοίνυν
894 2162 993 2229 τήν
1034 2161 1172 2215 κατὰ
1229 2162 1458 2235 Χριστὸν
1490 2160 1832 2231 ἀσκουμένην
1866 2159 2077 2237 ψυχὴν,
2109 2157 2144 2226 ἢ
2207 2161 2493 2231 μανθάνειν
2527 2180 2735 2219 πιστως
2767 2159 2801 2214 ἃ
2856 2161 2959 2215 οὐκ
2988 2158 3152 2229 οἶδεν,
3193 2164 3229 2232 ἢ
3289 2160 3558 2220 διδάσκειν
3588 2170 3771 2235 σαφῶς

360 2248 396 2305 ἃ
449 2250 672 2326 ἐπέγνω.
737 2249 798 2307 Εἰ
837 2251 942 2325 γὰρ
1002 2251 1263 2324 ὁπότερον
1306 2252 1383 2323 μῆ
1445 2249 1735 2324 βούληται,
1789 2247 1976 2321 μανίαν
2035 2252 2202 2304 νοσεῖ.
2259 2249 2438 2322 Ἀρχή
2496 2249 2596 2323 γάρ
2656 2248 3008 2320 ἀποστασίας,
3069 2246 3420 2313 διδασκαλίας
3474 2252 3641 2328 κόρος
3680 2253 3771 2309 καὶ

360 2338 605 2414 ἀνορεξία
660 2337 854 2415 λόγου,
884 2340 943 2395 ’ὀν
980 2340 1062 2395 ἀεὶ
1119 2344 1277 2411 πεινᾷ
1305 2341 1340 2411 ἡ
1373 2341 1527 2415 ψυχή
1575 2342 1673 2394 τοῦ
1722 2336 2000 2417 φιλοθέου.
2044 2337 2229 2393 Ἴσχυε
2284 2334 2398 2407 οῦν,
2429 2338 2518 2392 καὶ
2579 2336 2805 2413 ὑγίαινε,
2839 2337 2929 2392 καὶ
2987 2359 3049 2395 το
3107 2341 3239 2417 μέγα
3280 2340 3574 2417 χαρίσηταί
3625 2345 3771 2398 σοιὸ

367 2430 522 2497 Θεὸς,
550 2429 649 2497 τῆν
680 2434 883 2505 γνῶσιν
920 2434 1018 2485 τοῦ
1050 2433 1311 2504 Χριστοῦ.

1327 2763 1655 2816 ΔΙΗΓΗΣΙΣ
1692 2762 1816 2815 ΤΟΥ
1854 2762 2008 2814 ΒΙοΥ
2043 2763 2172 2812 ΤΩΝ
2212 2762 2419 2813 ΑΓΙΩΝ
2458 2762 2797 2815 ΠΑΤΕΡΩΝ.

430 2918 668 2976 Πολλῶν
700 2919 888 2977 πολλά
942 2922 1032 2977 καὶ
1063 2920 1294 2978 ποικίλα
1346 2920 1483 2976 κατὰ
1522 2918 1814 2995 διαφόρους
1866 2920 2090 2992 καιροὺς
2138 2920 2546 2993 συγγράμματα
2604 2925 2682 2992 τῷ
2718 2919 2820 2995 βίῳ
2875 2919 3383 2994 καταλελοιπότων,
3412 2926 3521 2977 τῶν
3585 2925 3679 2996 μὲν
3719 2923 3772 2995 ἐξ

359 3008 602 3064 ἐπινοίας
631 3015 731 3079 τῆς
789 3011 990 3065 ἄνωθεν
1022 3010 1113 3065 καὶ
1165 3012 1395 3085 χάριτος
1421 3008 1680 3066 θεοδότου
1737 3009 1817 3071 εἰς
1846 3005 2150 3080 οἰκοδομὴν
2202 3009 2289 3063 καὶ
2350 3008 2647 3085 ἀσφάλειαν
2678 3014 2787 3065 τῶν
2847 3013 3015 3083 πιστῇ
3051 3012 3303 3085 προθέσει
3350 3009 3627 3085 ἑπομένων
3657 3018 3774 3077 τοῖς

358 3098 595 3173 δόγμασι
622 3103 725 3153 τοῦ
780 3105 1043 3171 Σωτῆρος
1076 3116 1091 3131 ⁶
1148 3104 1255 3154 τῶν
1312 3097 1448 3169 δέἐξ
1483 3099 1937 3173 ἀνθρωπαρέσκου
1996 3098 2087 3151 καὶ
2139 3095 2535 3177 διεφθαρμένης
2573 3100 2882 3172 προθέσεως
2944 3099 3410 3171 ὐλομανησάντων
3468 3101 3546 3164 είς
3601 3122 3775 3177 παρα-

363 3189 554 3258 μυθίαν
591 3186 698 3244 τῶν
753 3186 1063 3259 κενοδοξίαν
1093 3190 1401 3243 κισσώντων
1432 3206 1445 3222 '
1505 3189 1701 3261 ἐτέρων
1761 3186 1820 3242 δὲ
1848 3183 1908 3242 ἔκ
1964 3207 2107 3248 τινος
2158 3187 2352 3258 μανίας
2407 3186 2636 3261 ἀκαίρου
2664 3186 2755 3241 καὶ
2815 3188 3083 3264 ἐνεργείας
3140 3194 3237 3243 τοῦ
3296 3188 3604 3262 μισοκάλου
3661 3189 3773 3246 δαί-

368 3299 532 3352 μονος
558 3280 711 3356 τύφῳ
758 3279 850 3334 καὶ
911 3277 1100 3353 μήνιδι
1140 3276 1227 3333 ἐπὶ
1285 3277 1438 3352 λύμῃ
1478 3282 1585 3332 τῶν
1632 3278 2040 3346 εὐεξαπατήτων
2101 3276 2419 3348 ἀνθρώπων,
2451 3276 2541 3330 καὶ
2599 3275 2783 3349 σπίλῳ
2838 3284 2938 3345 τῆς
2993 3277 3268 3352 ἀχράντου
3320 3280 3411 3333 καὶ
3468 3279 3769 3349 κατολικῆς

364 3365 716 3435 Ἐκκλησίας,
757 3366 1235 3446 ἐπεισφρησάντων
1291 3373 1410 3429 ταῖς
1444 3366 1706 3428 διανοίαις
1742 3370 1850 3421 τῶν
1910 3366 2186 3435 ἀνονήτων
2218 3365 2305 3419 ἐπὶ
2362 3364 2570 3439 ἐγκότῳ
2594 3373 2696 3435 τῆς
2757 3374 2960 3439 σεμνῆς
2987 3369 3076 3423 καὶ
3138 3370 3375 3442 καθαρᾶς
3432 3368 3714 3433 πολιτείας
3749 3388 3762 3405 ·

361 3454 510 3530 ἔδοξε
537 3458 706 3530 κάμοὶ
766 3463 845 3531 τῷ
891 3463 1125 3529 ταπεινῷ
1183 3455 1272 3513 διά
1326 3459 1426 3525 τὴν
1486 3458 1562 3518 εἷς
1601 3455 1829 3531 Χριστὸν
1879 3454 2075 3510 ἐλπίδα
2126 3452 2438 3509 αἰδεσθέντα
2496 3476 2564 3527 με
2591 3458 2691 3525 τήν
2747 3455 3008 3531 ἐπιταγήν
3057 3463 3156 3526 τῆς
3215 3464 3314 3525 σῆς
3376 3459 3763 3535 μεγαλονοίας,

363 3545 795 3624 φιλομαθέστατε
824 3552 931 3603 τῶν
990 3545 1222 3624 ἀνδρῶν,
1254 3554 1469 3621 πρῶτον
1524 3546 1697 3603 πάντα
1742 3546 1811 3600 τά
1848 3546 1966 3599 κατ’
2021 3543 2256 3618 ἐμαυτὸν
2317 3542 2727 3618 διηγήσασθαι·
2765 3547 2834 3600 τά
2868 3566 2927 3600 τε
2980 3554 3083 3617 τῆς
3141 3547 3382 3618 ἡλικίας,
3412 3550 3505 3603 καὶ
3559 3549 3627 3605 τά
3676 3551 3763 3607 ἐπὶ

360 3639 428 3710 τῇ
461 3641 715 3710 προκοπῇ
744 3645 845 3707 τῆς
878 3636 1115 3693 διανοίας
1146 3645 1245 3705 τῆς
1278 3636 1354 3695 εἷς
1387 3637 1515 3693 Θεὸν
1549 3638 1743 3711 ἀρετῆς
1776 3633 1836 3689 ἐκ
1862 3639 2052 3707 νεαρᾶς
2091 3635 2316 3703 ἡλικίας
2343 3633 2663 3709 ἀρξάμενον.

428 3728 753 3798 Τριακοστὸν
780 3728 871 3782 καὶ
916 3726 1099 3803 τρίτον
1131 3721 1250 3788 ἔτος
1275 3725 1461 3802 ἄγοντί
1508 3747 1605 3799 μοι
1634 3723 1685 3780 ἐν
1728 3729 1796 3799 τῇ
1843 3722 2089 3800 ἀδελφῶν
2140 3722 2392 3794 πολιτείᾳ
2424 3720 2582 3789 δῆθεν
2633 3724 2723 3779 καὶ
2760 3729 2840 3792 τῷ
2874 3726 3101 3798 μονήρει
3156 3727 3262 3802 βίῳ
3296 3746 3309 3761 ⁸
3353 3726 3523 3784 εἶ’κοσι
3574 3726 3631 3785 δὶ
3659 3737 3760 3800 τῆς

359 3814 684 3887 ἐπισκοπῆς,
725 3820 1061 3887 πεντήκοντα
1118 3815 1176 3873 δὲ
1204 3817 1295 3872 καὶ
1325 3816 1449 3891 τρία
1502 3824 1603 3885 τῆς
1641 3816 1818 3884 πάσης
1860 3816 2002 3883 ζωῆς
2066 3833 2197 3886 μου,
2230 3811 2513 3888 ἀναγκαῖον
2559 3815 2859 3888 ἡγησάμην
2904 3813 3161 3870 ποθοῦντί
3200 3836 3285 3870 σοι
3332 3817 3400 3871 τὰ
3444 3823 3551 3873 τῶν
3592 3819 3760 3893 ἁγίων

362 3908 614 3980 Πατέρων
660 3908 1062 3979 κατορθώματα
1099 3905 1369 3986 ὠφελείας
1422 3906 1584 3983 χάριν
1627 3909 2000 3977 πνευματικῆς
2057 3900 2108 3956 ἐν
2169 3905 2351 3979 γραφῇ
2412 3898 2783 3977 διηγήσασθαί
2840 3924 2925 3957 σοι
2986 3902 3221 3978 ἀρῥένων
3260 3926 3317 3960 τε
3355 3906 3443 3961 καὶ
3500 3904 3757 3976 θηλειῶν,

358 3994 433 4047 ὤν
480 4015 539 4049 τε
585 3994 746 4057 αὐτὸς
806 3996 1050 4068 ἱώμακα,
1082 3996 1171 4049 καὶ
1230 3995 1353 4069 περὶ
1385 3996 1459 4050 ὤν
1490 3995 1700 4063 ἀκήκοα
1754 3993 1900 4065 παρά
1946 3992 2287 4045 πιστοτάτων
2327 3994 2541 4065 ψυχῶν,
2576 3992 2663 4053 οἷς
2704 4010 2761 4045 τε
2811 3993 3241 4069 συνανεστράφην
3283 3992 3337 4047 ἐν
3384 3998 3453 4067 τῇ
3504 3998 3618 4050 κατ’
3661 3995 3760 4053 Αἴ-

356 4102 559 4156 γυπτον
594 4081 808 4156 ἐρήμῳ,
840 4083 931 4137 καὶ
980 4078 1181 4157 Λιϐύῃ,
1210 4084 1297 4138 καὶ
1348 4077 1606 4151 Θηϐαΐδι,
1634 4080 1723 4135 καὶ
1784 4081 1989 4153 Συήνῃ,
2023 4079 2110 4155 ὑφ’
2136 4079 2196 4146 ἣν
2228 4077 2318 4131 καὶ
2373 4079 2423 4132 οἱ
2458 4079 2747 4154 λεγόμενοι
2805 4073 3239 4150 Ταϐεννησιῶται
3269 4101 3283 4115 ο
3338 4079 3523 4138 ἔπειτα
3578 4090 3758 4141 Μεσο-

356 4170 624 4242 ποταμίᾳ,
657 4170 990 4245 Παλαιστίνῃ
1024 4191 1082 4225 τε
1110 4171 1200 4225 καὶ
1254 4172 1445 4245 Συρίᾳ,
1475 4170 1566 4224 καὶ
1595 4174 1709 4231 τοῖς
1769 4167 1951 4241 πέρεσι
1978 4169 2078 4231 τῆς
2111 4164 2347 4236 Δύσεως,
2382 4166 2572 4241 Ῥώμῃ
2626 4188 2684 4222 τε
2713 4167 2802 4222 καὶ
2837 4169 3150 4242 Καμπανίᾳ,
3192 4171 3279 4225 καὶ
3329 4175 3447 4235 τοῖς
3473 4173 3598 4248 περὶ
3626 4173 3756 4229 ταύ-

353 4279 449 4322 τας
480 4258 719 4334 μέρεσιν,
766 4254 1125 4325 ἀκριϐέστατα
1176 4259 1266 4313 ἀπ’
1316 4260 1495 4333 ἀρχῆς
1544 4256 1786 4313 ἐκθέσθαι
1821 4276 1906 4310 σοι
1946 4255 1998 4310 ἐν
2050 4251 2400 4330 διηγήματος
2441 4252 2574 4311 εἷ’δει
2622 4254 2675 4310 ἐν
2727 4260 2805 4328 τῷ
2853 4251 3058 4331 βιϐλίῳ
3093 4257 3273 4329 τούτῳ
3306 4276 3319 4290 ·
3372 4259 3522 4323 ὅπως
3561 4262 3757 4335 σεμνὸν

351 4348 441 4403 καὶ
480 4346 809 4427 ψυχωφελὶς
866 4348 1274 4420 ὑπομνηστικὸν
1320 4342 1465 4422 ἔχων
1524 4345 1874 4402 ἀδιάλειπτον
1922 4345 2207 4417 φάρμακον
2267 4342 2550 4414 ἀληθείας,
2607 4343 2779 4399 πάντα
2839 4346 2934 4417 μὶν
2986 4347 3294 4420 νυσταγμὸν
3341 4346 3520 4419 λήθης
3570 4351 3663 4407 τὸν
3701 4349 3753 4424 ἐξ

350 4436 560 4511 ἀλόγου
610 4436 904 4512 ἐπιθυμίας
961 4438 1311 4513 ἐγγινόμενον
1370 4441 1438 4511 τῇ
1493 4439 1669 4508 ψυγῆ,
1728 4438 1899 4489 πᾶσαν
1957 4429 2015 4487 δε
2055 4429 2315 4507 διψυχίαν
2369 4434 2470 4501 τήν
2512 4432 2563 4488 ἐν
2623 4433 2826 4502 πίστει,
2884 4435 2975 4489 καὶ
3030 4431 3316 4507 κιμϐικίαν
3370 4439 3469 4505 τήν
3525 4438 3578 4495 ἐν
3632 4446 3751 4503 ταῖς

348 4526 581 4601 χρείαις,
613 4527 788 4583 πάντα
823 4548 884 4582 τε
940 4525 1094 4583 ὄκνον
1134 4526 1224 4580 καί
1284 4524 1656 4601 μικροψυχίαν
1712 4525 1811 4593 τὴν
1866 4521 1918 4578 ἐν
1977 4525 2057 4592 τῷ
2109 4521 2253 4589 ἠθει,
2286 4521 2581 4594 ὀξυθυμίαν
2639 4544 2696 4578 τε
2746 4523 2837 4577 καὶ
2891 4524 3134 4600 τάραχον
3191 4525 3415 4602 ἄλογον,
3447 4530 3535 4583 καὶ
3583 4525 3753 4607 φόϐον

346 4614 567 4689 ἄκαιρον
609 4612 699 4669 διὰ
753 4615 951 4671 τούτου
991 4614 1518 4688 ἀποσκευαζόμενος,
1550 4612 1638 4668 καὶ
1698 4612 1789 4667 τὸν
1849 4612 2076 4683 μάταιον
2136 4609 2509 4683 μετεωρισμὸν
2565 4615 2661 4665 τοῦ
2720 4609 3113 4690 διεφθαρμένου
3153 4616 3365 4686 κόσμου
3404 4617 3748 4693 ἀποφεύγων,

348 4701 684 4776 ἀδιαλείπτῳ
714 4704 876 4781 πόφῳ
934 4704 1268 4778 προκόπτοις
1326 4702 1379 4759 ἐν
1410 4707 1478 4777 τῇ
1509 4702 1647 4777 πρὸς
1706 4701 1800 4755 τὸν
1858 4700 1987 4756 Θεὸν
2024 4696 2326 4771 ἐλπίδι,τῇ
2385 4699 2638 4773 προθέσει
2675 4704 2774 4765 τῆς
2835 4698 3104 4764 εὐσεϐείας
3162 4701 3367 4778 ὁδηγὸς
3403 4705 3491 4760 καὶ
3548 4713 3746 4765 σαυτοῦ

344 4791 433 4845 καὶ
464 4796 571 4845 τῶν
608 4792 741 4862 μετά
781 4796 899 4859 σοῦ,
949 4792 1038 4847 καὶ
1069 4797 1174 4847 τῶν
1208 4792 1312 4847 ὑπὸ
1369 4793 1447 4860 σε,
1479 4791 1705 4845 καὶτῶν
1766 4782 2160 4843 εὐσεϐεστάτων
2203 4786 2487 4860 γινόμενος
2552 4787 2842 4861 βασιλέων.
2878 4790 2957 4843 Δι’
2989 4791 3062 4844 ὢν
3117 4794 3557 4865 κατορθωμάτων
3613 4797 3747 4850 πάνυ

345 4901 432 4943 τες
463 4881 514 4933 οἳ
547 4878 901 4957 φιλόχριστοι
934 4882 1203 4952 ὲνωθῆναι
1245 4886 1361 4953 Θεῷ
1406 4881 1735 4954 ἐπείγονται,
1764 4874 2217 4951 συνεκδεχόμενοι
2246 4876 2336 4930 καὶ
2392 4878 2492 4945 τήν
2525 4876 2780 4931 ἀνάλυσιν
2828 4885 2927 4947 τῆς
2958 4882 3144 4957 ψυχῆς
3189 4880 3294 4935 ἀπὸ
3324 4886 3421 4936 τοῦ
3471 4884 3746 4955 σώματος,

345 4967 608 5039 δηλονότι
636 4970 699 5024 τὸ
756 4973 875 5026 καθ’
905 4972 1137 5044 ἡμέραν,
1168 4972 1307 5027 κατά
1360 4972 1422 5026 τὸ
1446 4967 1822 5046 γεγραμμένον
1856 4989 1870 5004 ·
1931 4967 2242 5039 Συνέχομαι
2293 4964 2497 5038 ἀγαθὴν
2540 4966 2828 5039 ἐπιθυμίαν
2878 4965 3025 5043 ἔχων
3055 4973 3152 5023 τοῦ
3200 4970 3483 5038 ἀναλῦσαι,
3517 4973 3607 5028 καὶ
3653 4975 3745 5029 σὺν

342 5065 559 5134 Χριστῷ
589 5061 767 5116 εἶναι’
810 5060 1011 5133 πολλῷ
1067 5061 1283 5135 μᾶλλον
1340 5067 1611 5135 κρεῖσσον.
1642 5061 1740 5116 Καὶ
1803 5059 1887 5127 τὸ,
1921 5055 2208 5127 Ἑτοίμαζε
2261 5053 2336 5116 εῗλς
2364 5056 2462 5122 τῆν
2522 5050 2706 5125 ἔξοδον
2737 5057 2805 5111 τὰ
2862 5055 3013 5132 ἔργα,
3054 5060 3143 5113 καὶ
3209 5063 3612 5133 παρασκευάζου
3672 5065 3749 5128 εἰς

341 5151 431 5206 τὸν
493 5150 680 5227 ἀγρόν.
722 5151 779 5207 ’0
810 5150 910 5222 γάρ
955 5154 1311 5224 μνημονεύων
1366 5152 1447 5207 ἀεὶ
1479 5156 1574 5206 τοῦ
1633 5148 1859 5203 θανάτου
1890 5147 1964 5208 ὡς
2014 5142 2065 5217 ἐξ
2126 5144 2363 5220 ἀνάγκης
2407 5142 2524 5215 ἤξει
2564 5146 2803 5215 πάντως,
2835 5146 2922 5201 καὶ
2983 5146 3044 5201 οὐ
3088 5146 3379 5222 μελλήσει,
3416 5150 3477 5206 οὐ
3534 5153 3743 5208 πταίσει

346 5238 559 5315 μεγάλα
590 5258 604 5272 ·
663 5239 800 5294 κατά
822 5240 885 5295 τὸ
943 5241 1318 5316 γεγραμμένον
1355 5259 1367 5272 ’
1426 5243 1513 5297 Ἐν
1560 5244 1691 5293 πᾶσι
1737 5241 1853 5298 τοῖς
1912 5234 2102 5306 λόγοις
2162 5254 2257 5288 σου
2302 5236 2617 5305 μιμνήσκου
2673 5236 2740 5289 τά
2792 5233 3013 5310 ἔσχατα,
3054 5237 3145 5291 καὶ
3176 5238 3231 5299 ἐς
3287 5240 3381 5294 τὸν
3439 5240 3607 5295 αἰῶνα
3636 5243 3747 5316 οὐχ

343 5330 696 5403 ἀμαρτήσεις.
739 5330 839 5387 Καὶ
897 5331 1033 5405 πρὸς
1092 5335 1212 5392 τοῖς
1270 5329 1466 5388 ἄλλοις
1504 5332 1658 5397 πᾶσι,
1722 5326 1796 5398 μή
1854 5323 2356 5398 παραλογιζόμενος
2412 5326 2547 5395 ἡμῖν
2606 5325 2704 5391 τήν
2764 5326 3025 5401 βραχεῖαν
3077 5325 3277 5398 ταύτην
3332 5329 3578 5384 ὑπόθεσιν
3638 5334 3746 5385 τῶν

341 5416 675 5495 ἐξηγήσεων,
720 5422 862 5492 μήτε
919 5416 1191 5475 διαπτύων
1221 5421 1320 5488 τήν
1381 5416 1653 5474 ἰδιωτείαν
1685 5414 1773 5471 καὶ
1830 5415 1893 5469 τὸ
1924 5410 2159 5474 ἀκαλλὲς
2213 5415 2319 5467 τῶν
2361 5412 2579 5485 λέξεων.
2613 5414 2685 5468 Οὐ
2745 5415 2847 5490 γὰρ
2876 5416 3022 5470 τοῦτ’
3076 5412 3233 5493 ἔργον
3295 5416 3409 5473 ἐστὶ
3447 5419 3629 5483 θεϊκῆς
3660 5416 3744 5472 δι-

342 5505 640 5571 δασκαλίας
693 5511 759 5565 κὸ
816 5509 1219 5583 σεσοφισμένως
1280 5508 1519 5587 φράζειν,
1576 5506 1724 5563 ἀλλά
1777 5503 1977 5560 πείθειν
2017 5503 2116 5569 τὴν
2174 5501 2402 5576 γνώμην
2443 5504 2713 5575 νοήμασιν
2773 5503 3033 5574 ἀληθείας
3088 5506 3225 5560 κατά
3277 5506 3340 5560 τὸ
3401 5503 3691 5579 εἰρημένον
3724 5523 3740 5541 ·

340 5598 563 5672 Ἀνοιγε
593 5599 684 5655 σὸν
742 5600 915 5674 στόμα
945 5600 1098 5676 λόγῳ
1154 5603 1313 5669 Θεοῦ,
1342 5599 1430 5654 καὶ
1463 5596 1613 5672 κρίνε
1667 5596 1841 5651 πάντα
1879 5594 2067 5669 ὑγιῶς.
2112 5591 2209 5651 Καὶ
2264 5589 2429 5647 πάλιν
2466 5609 2481 5623 '
2515 5593 2604 5660 Μὴ
2658 5592 2885 5668 ἁστόχει
2916 5592 3266 5667 διηγήματος
3312 5595 3605 5667 γερόντων.
3640 5596 3739 5653 Καὶ

342 5688 445 5763 γὰρ
476 5688 629 5745 αὐτοὶ
660 5687 859 5765 ἔμαθον
894 5693 1039 5767 παρὰ
1068 5695 1176 5747 τῶν
1208 5689 1454 5766 πατέρων
1484 5688 1679 5745 αὐτῶν.
