4076 6280
363 322 512 396 1005
1663 329 2037 392 EPISTOLA
2079 331 2182 390 AD
2228 329 2542 394 LAUSUM
2555 377 2567 390 .
3714 327 3868 390 1006

427 468 547 540 Ego
610 466 824 537 itaque,
857 464 943 521 vir
971 463 1319 536 cognitionis
1349 463 1452 523 Dei
1484 464 1930 533 studiosissime,
1964 465 2160 539 aliqua
2183 482 2251 521 ex
2286 469 2445 537 parte
2476 479 2726 536 sequens
2756 464 2867 522 hoc
2899 465 3141 535 dictum,
3183 464 3397 520 multos
3449 460 3690 519 conveni
3722 477 3862 517 san-

359 562 508 616 ctos.
544 557 744 628 Neque
766 572 898 611 vero
936 571 999 610 ea
1033 555 1307 627 cogitatio
1340 555 1480 610 mihi
1513 554 1666 610 aliud
1704 557 1895 627 agenti
1928 559 1984 611 in
2015 562 2266 611 mentem
2302 557 2477 625 venit,
2509 557 2606 611 sed
2650 572 2783 611 cum
2820 557 3056 627 triginta
3086 559 3259 628 atque
3301 556 3442 610 adeo
3485 554 3576 608 his
3622 551 3867 607 totidem

362 648 585 703 dierum
620 647 770 701 viam
805 646 1209 713 confecissem,
1243 651 1300 699 et
1329 645 1428 700 Dei
1461 645 1648 716 gratia
1671 646 1919 717 pedestri
1945 647 2166 715 itinere,
2200 663 2429 702 omnem
2464 647 2854 701 Romanorum
2873 646 3159 714 regionem
3187 645 3594 716 pervasissem,
3616 645 3720 698 viae
3753 657 3874 695 mo-

361 736 589 794 lestiam
627 736 794 791 nihili
827 735 931 790 feci
965 734 1012 789 si
1045 735 1351 790 convenire
1386 752 1614 805 possem
1649 736 1835 790 virum
1872 737 2026 808 pium
2055 753 2119 792 ac
2155 736 2247 792 Dei
2272 738 2548 802 amicum,
2577 743 2638 790 ut
2694 737 3093 791 lucrifacerem
3127 737 3279 808 quod
3315 753 3426 791 non
3478 734 3783 788 habebam.
3813 731 3872 784 Si

363 828 518 885 enim
557 828 654 899 qui
693 842 783 880 me
815 831 902 882 est
934 826 1099 896 longe
1129 826 1514 896 praestantior,
1557 833 1731 897 atque
1762 831 1900 880 adeo
1934 828 2076 881 forte
2115 826 2286 881 etiam
2353 832 2620 881 universo
2674 828 2917 893 mundo,
2956 828 3284 898 multosque
3333 825 3629 894 superavit
3659 829 3714 877 et
3743 822 3871 875 vita:

364 921 602 988 agendas
639 921 883 980 ratione,
916 916 1268 985 cognitione,
1301 925 1353 970 et
1386 915 1634 986 spiritali
1669 917 2066 984 intelligentia,
2093 924 2149 971 et
2181 918 2290 972 fide
2321 918 2379 971 in
2437 919 2751 982 Christum,
2799 919 2999 971 beatus
3055 916 3353 986 apostolus
3403 916 3639 982 Paulus,
3693 914 3870 968 Tarso

364 1008 424 1063 in
455 1009 719 1063 Judaram
759 1008 1049 1078 profectus
1082 1013 1189 1068 est,
1226 1011 1286 1060 ut
1318 1009 1648 1060 conveniret
1682 1011 1908 1060 Petrum
1945 1015 2000 1061 et
2039 1009 2318 1062 Joannem
2351 1015 2406 1062 et
2435 1008 2708 1063 Jacobum
2739 1026 2751 1074 ;
2785 1021 2837 1062 et
2889 1008 3013 1063 ideo
3046 1010 3218 1061 veluti
3253 1006 3511 1077 glorians
3543 1007 3595 1059 id
3657 1008 3871 1068 narrat,

366 1100 624 1153 referens
647 1114 785 1152 suos
819 1097 1065 1164 labores,
1103 1099 1170 1151 ad
1207 1113 1304 1151 eos
1339 1097 1666 1151 incitandos
1690 1097 1787 1168 qui
1817 1098 1872 1150 in
1902 1099 2158 1152 socordia
2191 1107 2247 1152 et
2277 1100 2391 1152 otio
2424 1101 2596 1153 vitam
2642 1099 2995 1169 transigunt,
3029 1097 3271 1151 dicendo
3304 1112 3317 1150 :
3353 1093 3600 1150 Ascendi
3631 1094 3867 1148 Jerustt-

362 1187 473 1245 lem
511 1195 570 1243 ut
597 1189 848 1242 viderem
883 1186 1157 1258 Cepham,
1193 1203 1305 1242 non
1339 1192 1646 1241 contentus
1680 1189 1803 1242 sola
1827 1188 1974 1241 fama
2005 1187 2163 1242 illius
2187 1189 2437 1254 virtutis,
2471 1190 2568 1242 sed
2602 1188 2937 1242 desiderans
2987 1191 3113 1256 ejus
3144 1201 3375 1258 quoque
3415 1184 3623 1239 intueri
3669 1184 3869 1237 faciem

364 1277 516 1348 (Gal.
542 1279 644 1349 11):
679 1283 894 1348 quanto
929 1279 1111 1348 magis
1141 1293 1245 1347 ego
1278 1278 1370 1348 qui
1406 1294 1533 1331 sum
1569 1277 2076 1331 innumerabilium
2109 1278 2448 1332 talentorum
2510 1278 2753 1342 debitor,
2787 1279 2956 1331 debui
2993 1278 3099 1330 hoc
3151 1278 3354 1340 facere,
3401 1291 3511 1328 non
3557 1272 3688 1327 illos
3740 1288 3867 1326 san-

362 1373 488 1423 ctos
522 1367 801 1422 beneflcio
834 1367 1120 1434 afficiens,
1154 1369 1251 1422 sed
1290 1367 1426 1421 mihi
1464 1368 1746 1438 peccatori
1782 1366 2089 1422 utilitatem
2116 1369 2382 1421 efferens.
2417 1367 2556 1421 Nam
2591 1368 2631 1422 ii
2666 1384 2897 1438 quoque
2921 1368 3019 1439 qui
3053 1369 3287 1420 Patrum
3322 1367 3485 1419 Vitas
3517 1362 3873 1431 conscripse-

365 1465 522 1523 runt,
556 1456 821 1525 Abrahaa,
857 1461 912 1510 et
942 1459 1124 1526 Isaac,
1157 1465 1208 1510 et
1239 1457 1437 1522 Jacob,
1473 1462 1527 1511 et
1559 1459 1792 1527 Moysis,
1823 1462 1880 1511 et
1923 1457 2076 1522 Elim,
2100 1462 2158 1512 et
2193 1457 2461 1521 Joannis,
2491 1461 2547 1511 et
2578 1474 2771 1512 eorum
2809 1457 2907 1527 qui
2939 1458 3208 1528 deinceps
3267 1459 3725 1526 consequuntur,
3761 1467 3873 1507 non

365 1552 682 1602 narrarunt
706 1551 773 1602 ut
801 1562 997 1602 eorum
1030 1546 1422 1602 illustraretur
1450 1545 1650 1619 gloria,
1684 1548 1784 1602 sed
1818 1551 1880 1600 ut
1911 1547 2250 1619 prodessent
2281 1546 2352 1602 iis
2384 1547 2484 1619 qui
2520 1564 2616 1603 eas
2647 1547 2922 1618 legerent.

433 1684 566 1740 Hinc
597 1699 733 1755 ergo
759 1699 890 1739 cum
918 1683 1091 1750 scias,
1125 1683 1468 1739 fidelissime
1498 1687 1552 1739 et
1577 1684 1840 1754 inprimis
1872 1685 2197 1740 venerande
2236 1685 2447 1740 Christi
2483 1703 2643 1741 serve
2663 1687 2860 1752 Lause,
2887 1686 3139 1758 teipsum
3173 1700 3323 1756 saepe
3353 1685 3698 1747 admonens,
3724 1681 3873 1736 feras

363 1777 653 1846 patienter
685 1779 916 1828 nostras
940 1773 1204 1843 ineptias,
1237 1778 1302 1827 ut
1335 1775 1487 1842 piam
1516 1779 1673 1828 tuam
1712 1779 1964 1830 mentem
1999 1776 2313 1835 custodias,
2350 1775 2662 1830 cuinatura
2692 1781 2780 1830 est
2803 1777 3041 1830 insitum
3077 1784 3136 1829 ut
3167 1774 3409 1830 diversis
3435 1770 3869 1844 vitiis,quaasub

365 1869 663 1931 aspectum
703 1863 923 1918 cadunt
953 1868 1010 1916 et
1045 1879 1168 1934 qua
1203 1879 1312 1917 non
1347 1863 1585 1929 cadunt,
1612 1869 1887 1932 tanquam
1926 1865 2098 1918 undis
2123 1865 2396 1934 agitetur,
2433 1868 2615 1934 potest
2647 1872 2835 1920 autem
2870 1866 3059 1919 sedari
3089 1863 3210 1919 sola
3242 1870 3517 1934 perpetua
3537 1863 3796 1917 oratione
3819 1863 3876 1913 et

365 1953 594 2024 propria
639 1952 722 2006 tui
756 1953 941 2023 ipsius
967 1969 1125 2006 cura.
1170 1951 1333 2007 Multi
1367 1953 1520 2006 enim
1546 1951 1716 2007 etiam
1752 1970 1820 2008 ex
1855 1955 2130 2007 fratribus
2161 1955 2328 2024 paulo
2353 1953 2829 2021 religiosinribus,
2863 1955 2959 2024 qui
2994 1961 3050 2008 et
3080 1956 3151 2008 de
3183 1951 3613 2007 exercitationis
3645 1955 3702 2004 et
3731 1949 3879 2004 elae-

364 2058 616 2114 mosynaa
652 2040 950 2096 laboribus
985 2042 1094 2096 sibi
1131 2042 1458 2113 placebant,
1481 2048 1538 2096 et
1560 2043 1629 2096 de
1660 2043 1932 2098 cmlibatu
1969 2045 2326 2114 perfectaque
2370 2050 2426 2098 et
2456 2044 2724 2119 absoluta
2758 2044 3088 2114 virginitate
3120 2060 3179 2097 se
3208 2043 3520 2113 iactabant,
3555 2046 3610 2094 et
3640 2041 3698 2094 in
3731 2038 3874 2092 divi-

365 2147 573 2187 norum
607 2131 970 2203 eloquiorum
1007 2132 1383 2186 meditatione
1405 2133 1664 2186 animum
1697 2135 2067 2187 vehementer
2095 2135 2494 2194 intendebant.
2529 2146 2580 2189 et
2616 2151 2805 2188 rerum
2843 2135 3121 2189 bonarum
3155 2133 3464 2203 disciplina
3497 2131 3622 2185 freti
3689 2134 3876 2198 erant,

366 2221 712 2276 aberrarunt
742 2221 814 2275 ab
846 2221 1276 2291 impetibilitate
1304 2222 1496 2292 (Caute
1528 2221 1684 2293 lege),
1720 2229 2034 2277 temeraria:
2067 2240 2188 2278 suae
2219 2224 2518 2278 sententiae
2549 2225 2908 2292 servientes;
2945 2230 3008 2279 ut
3038 2225 3132 2293 qui
3176 2224 3420 2294 alicujus
3451 2222 3670 2276 scilicet
3703 2221 3879 2292 pieta-

365 2311 438 2367 tis
471 2322 743 2382 praatexm
779 2311 993 2381 negotii
1028 2311 1265 2381 gerendi
1289 2311 1606 2380 cupiditate
1640 2313 1985 2382 laborarent,
2011 2330 2079 2369 ex
2102 2332 2215 2386 qua
2238 2314 2506 2369 oriuntur
2535 2322 2590 2369 et
2621 2315 2857 2386 gerendi
2890 2315 3100 2383 negotii
3128 2313 3319 2367 nimia:
3351 2311 3798 2376 sollicitudines,
3821 2313 3878 2366 et

364 2401 434 2455 ad
470 2401 624 2455 mala
643 2402 872 2472 negotia
895 2400 1533 2471 animiapplicationes,
1557 2419 1700 2473 quas.
1718 2410 2153 2474 consequuntur
2176 2421 2323 2458 curae
2344 2405 2666 2459 alienorum
2692 2405 3055 2476 negotiorum
3072 2421 3197 2476 quae
3219 2403 3598 2459 honestorum
3620 2399 3876 2472 negotio-

367 2506 492 2545 rum
529 2506 728 2545 curam
762 2489 1018 2545 evellunt
1049 2490 1354 2557 radicitus,
1389 2507 1512 2561 quae
1536 2497 1623 2546 est
1656 2501 1836 2547 mater
1868 2494 2107 2564 propriae
2132 2495 2220 2548 sui
2255 2495 2441 2564 ipsius
2474 2511 2646 2551 curas.

440 2628 576 2685 Esto
607 2643 765 2700 ergo,
800 2645 936 2700 rogo
968 2632 1044 2692 te,
1082 2628 1241 2683 fortis
1271 2627 1328 2682 in
1362 2630 1520 2682 omni
1555 2628 1958 2700 intelligentia,
1992 2648 2104 2685 non
2138 2630 2378 2702 pingues
2407 2633 2688 2686 etnitidas
2718 2632 2977 2687 efficiens
3010 2631 3261 2699 divitias,
3285 2629 3440 2702 quod
3473 2628 3704 2700 quidem
3730 2629 3882 2682 certe

365 2717 577 2786 fecisti,
610 2733 707 2774 eas
740 2720 882 2774 satis
907 2719 1198 2786 minuens,
1232 2719 1617 2790 impertiendo
1649 2721 1720 2774 iis
1743 2722 1840 2790 qui
1874 2720 2175 2790 indigent:
2212 2739 2408 2791 eaeque
2430 2724 2498 2776 ad
2533 2723 2908 2777 exercendam
2941 2723 3209 2776 virtutem
3237 2721 3336 2775 tibi
3363 2722 3516 2774 fuere
3538 2716 3883 2782 ministerio,

366 2825 498 2865 cum
535 2825 639 2865 nec
669 2810 886 2879 impetu
917 2809 1134 2878 aliquo,
1167 2824 1273 2864 nec
1307 2809 1424 2863 ulla
1454 2826 1574 2879 qua
1608 2810 1826 2863 ratione
1848 2816 2065 2864 careret
2095 2811 2531 2882 anticipatione,
2566 2828 2752 2883 neque
2787 2812 2903 2865 ullo
2938 2817 3210 2880 praetextu
3269 2827 3378 2879 quo
3414 2809 3670 2880 placeres
3696 2806 3882 2860 homi-

365 2899 958 2967 nibus.jurejurandn
981 2897 1300 2968 obligasses
1332 2904 1488 2952 tuam
1523 2898 1763 2953 liberam
1796 2899 2046 2969 eligendi
2074 2900 2444 2965 voluntatem,
2477 2902 2625 2955 sicut
2660 2901 2855 2956 multis
2883 2901 3073 2956 evenit
3099 2899 3572 2970 hominibus,qui
3607 2912 3740 2952 cum
3768 2912 3881 2950 non

366 2986 691 3042 comedenti
723 2987 806 3040 vel
843 2988 1074 3041 bibendi
1111 2989 1486 3042 contentiosa:
1513 3005 1668 3042 vanae
1700 2988 1896 3059 gloriae
1917 2990 2131 3044 servire
2164 2992 2441 3046 fecissent
2470 2992 2714 3044 liberum
2745 2993 3072 3053 arbitrium,
3107 2989 3450 3044 necessitate
3473 2984 3881 3056 jurisjurandi,

364 3077 414 3133 ei
449 3093 655 3132 rursus
688 3076 1098 3130 miserabiliter
1129 3077 1586 3144 succubuerunt,
1609 3076 1693 3130 vel
1729 3086 1852 3130 Vitae
1885 3093 2079 3131 amore
2109 3085 2164 3133 et
2185 3080 2434 3148 ignavia,
2457 3079 2544 3132 vel
2579 3080 2977 3134 imbecillitate
3007 3083 3290 3149 corporis,
3323 3078 3405 3131 vel
3438 3077 3755 3146 cupiditate
3785 3072 3883 3127 ali-

367 3169 536 3237 cujus
571 3165 885 3238 voluptatis
918 3166 1235 3236 perjurium
1270 3167 1573 3234 patientes.
1604 3166 1657 3218 Si
1679 3182 1813 3236 ergo
1862 3172 1919 3220 et
1968 3167 2184 3222 ratione
2247 3168 2579 3236 participes,
2643 3174 2700 3222 et
2746 3169 2964 3223 ratione
3014 3168 3329 3234 abstineas,
3389 3181 3688 3232 nunquam
3748 3179 3882 3232 pee-

365 3258 548 3313 cabis.
587 3257 787 3311 Divina
817 3261 905 3310 est
961 3254 1113 3310 enim
1149 3255 1207 3309 in
1259 3255 1428 3309 nobis
1473 3257 1640 3319 ratio,
1674 3271 1802 3324 quas
1841 3257 1912 3310 ab
1956 3256 2026 3311 iis
2059 3273 2183 3326 qnee
2217 3262 2351 3311 sunt
2408 3259 2466 3310 in
2528 3258 2695 3312 nobis
2760 3257 3183 3311 monitionibus
3242 3254 3588 3310 exterminat
3643 3253 3879 3323 quidem

368 3363 431 3402 ea
463 3364 589 3415 qua;
621 3353 759 3400 sunt
783 3345 974 3407 noxia,
1007 3344 1258 3398 assumit
1293 3348 1482 3399 autem
1517 3361 1583 3399 ea
1604 3361 1730 3415 quas
1764 3346 2108 3399 suntutilia.
2133 3346 2292 3401 Justo
2309 3347 2486 3408 enim,
2514 3346 2723 3417 inquit,
2761 3348 2848 3402 lex
2880 3363 2993 3401 non
3017 3356 3096 3401 est
3134 3347 3318 3414 posita
3352 3345 3397 3414 (1
3427 3344 3559 3398 Tim.
3585 3345 3648 3413 ).
3673 3341 3881 3396 Melius

373 3441 460 3491 est
485 3452 620 3504 ergo
651 3435 851 3489 vinum
887 3434 1081 3488 bibere
1113 3450 1242 3488 cum
1279 3436 1520 3495 ratione,
1554 3451 1716 3503 quum
1762 3451 1972 3506 aquam
2029 3451 2160 3489 cum
2203 3436 2353 3490 fastu
2409 3447 2460 3490 et
2499 3436 2792 3507 superbia.
2828 3441 3016 3507 Atque
3061 3435 3202 3490 mihi
3236 3434 3463 3504 quidem
3522 3434 3738 3504 aspice,
3771 3448 3870 3487 eos

368 3525 468 3597 qui
501 3541 636 3581 cum
673 3524 892 3579 ratione
925 3524 1155 3594 pietatis
1212 3539 1276 3577 ac
1310 3523 1608 3591 religionis
1658 3524 1856 3578 vinum
1919 3523 2128 3578 bibunt
2181 3541 2307 3580 esse
2338 3526 2490 3581 viros
2549 3532 2820 3594 sanctos;
2855 3542 2952 3580 eos
2992 3532 3183 3581 autem
3219 3525 3314 3594 qui
3363 3523 3790 3579 inconsiderate
3817 3524 3875 3577 et

367 3617 508 3671 citra
538 3616 820 3670 rationem
854 3631 983 3668 cum
1017 3614 1349 3685 arrogantia
1378 3629 1585 3680 aquam
1611 3612 1900 3680 biberunt,
1935 3630 2062 3669 esse
2094 3614 2361 3670 homines
2395 3621 2662 3684 profanos
2691 3621 2746 3671 et
2768 3621 3091 3683 corruptos.
3127 3615 3194 3669 Et
3225 3631 3328 3670 nec
3361 3613 3612 3685 amplius
3649 3612 3877 3681 vitupe-

369 3722 461 3762 res
494 3711 595 3761 aut
619 3705 818 3760 laudes
852 3706 1153 3759 materiam
1188 3703 1298 3758 cibi
1331 3709 1431 3758 aut
1460 3708 1652 3773 potus,
1685 3705 1783 3757 sed
1820 3703 2046 3759 beatam
2081 3703 2166 3759 vel
2202 3706 2476 3759 miseram
2505 3706 2735 3776 judices
2769 3711 3020 3762 mentem
3046 3722 3245 3761 eorum
3280 3703 3379 3777 qui
3412 3715 3562 3760 recte
3613 3701 3700 3757 vel
3734 3700 3885 3756 male

368 3801 620 3852 utuntur
650 3793 911 3849 materia.
944 3793 1097 3848 Bibit
1126 3793 1438 3864 aliquando
1465 3792 1680 3861 Joseph
1713 3793 1911 3847 vinum
1941 3794 2091 3863 apud
2127 3795 2442 3863 Egyptios,
2479 3798 2572 3851 sed
2607 3813 2720 3851 non
2756 3797 2859 3851 fuit
2893 3801 3083 3850 mente
3124 3795 3331 3862 laesus;
3366 3800 3486 3848 erat
3515 3793 3667 3849 enim
3693 3792 3884 3846 animo

373 3885 656 3940 munitus.
691 3886 915 3955 Aquam
952 3892 1142 3938 autem
1180 3884 1451 3937 biberunt
1495 3881 1846 3952 Pythagoras
1877 3887 1931 3937 et
1979 3883 2264 3953 Diogenes
2314 3891 2370 3939 et
2401 3885 2579 3951 Plato,
2633 3885 2777 3940 inter
2808 3902 2954 3956 quos
2989 3885 3159 3938 etiam
3194 3883 3494 3938 Manichrei
3535 3887 3592 3937 et
3623 3883 3880 3950 reliquus

371 3980 554 4029 castus
587 3972 981 4035 theologorum
1013 3970 1517 4042 philosophorum,
1551 3976 1606 4023 et
1637 3986 1700 4024 eo
1732 3987 1892 4025 vanae
1924 3988 2021 4026 eos
2054 3973 2321 4040 perduxit
2351 3973 2641 4043 opinionis
2673 3975 3138 4043 intemperantia,
3174 3978 3237 4029 ut
3284 3973 3472 4044 ipsum
3508 3974 3690 4028 Deum
3741 3970 3880 4026 uni-

371 4077 674 4116 versorum
707 4060 1031 4114 effectorem
1066 4060 1418 4127 ignorarent,
1450 4058 1786 4113 etinanima
1816 4059 2126 4114 simulacra
2159 4062 2482 4116 adorarent.
2523 4066 2700 4117 Usum
2725 4064 2837 4117 vini
2872 4064 3188 4135 tetigerunt
3235 4064 3273 4116 ii
3305 4078 3557 4134 quoque,
3609 4061 3709 4132 qui
3743 4075 3877 4115 cum

377 4151 544 4206 beato
569 4149 737 4205 Petro
771 4147 1037 4218 apostolo
1068 4154 1234 4201 erant
1263 4147 1560 4217 discipuli,
1592 4147 1734 4202 adeo
1767 4158 1823 4202 ut
1856 4149 1962 4218 ipsi
1999 4149 2242 4204 Domino
2271 4155 2325 4205 et
2345 4168 2543 4207 eorum
2601 4155 2897 4224 magistro,
2959 4154 3222 4209 omnium
3283 4159 3475 4208 autem
3508 4151 3790 4207 Servatori
3824 4151 3883 4206 id

375 4241 586 4313 probro
619 4240 852 4295 daretur
877 4238 1107 4306 (Matth.
1152 4240 1255 4307 xx).
1290 4238 1361 4292 ob
1399 4237 1903 4308 participationem
1939 4238 2371 4309 increpantibus
2402 4242 2644 4310 Judaeis,
2668 4244 3066 4299 etdicentibus
3102 4259 3114 4297 :
3148 4247 3335 4308 Quare
3365 4241 3636 4310 discipuli
3659 4241 3743 4295 tui
3767 4257 3881 4296 non

364 4332 658 4403 jejunant,
694 4329 847 4384 sicut
874 4327 1117 4384 Joannis
1149 4327 1418 4398 discipuli
1451 4328 1630 4396 (.llarc.
1668 4328 1772 4397 Ii)?
1806 4329 1867 4384 Et
1899 4345 2098 4384 rursus
2134 4331 2496 4387 insultabaut
2527 4333 2850 4402 discipulis,
2882 4339 2938 4388 et
2959 4332 3374 4402 exprobrantes
3408 4330 3881 4386 dicebantinere-

372 4421 495 4476 duli
530 4436 544 4475 :
581 4420 849 4490 Magister
883 4425 1070 4474 vester
1098 4435 1227 4473 cum
1265 4419 1591 4488 publicanis
1622 4423 1676 4472 et
1705 4419 2102 4486 peccatoribus
2134 4422 2382 4476 comedit
2412 4429 2468 4478 et
2492 4423 2635 4478 bibit
2668 4425 2844 4493 (Luca
2874 4423 2926 4495 )
2986 4425 3061 4479 De
3095 4440 3241 4494 pane
3270 4429 3459 4477 autem
3493 4431 3545 4478 et
3577 4439 3730 4493 aqua
3765 4437 3880 4477 non

372 4509 912 4581 reprehendissent,
947 4509 1057 4564 nisi
1090 4510 1159 4564 de
1180 4508 1419 4564 obsonio
1451 4513 1506 4562 et
1533 4508 1665 4562 vino
1699 4508 1938 4574 scilicet,
1973 4510 2009 4564 ii
2044 4511 2142 4580 qui
2166 4511 2283 4565 vini
2317 4513 2547 4580 quidem
2583 4515 2872 4584 potionem
2907 4515 3255 4582 vituperant,
3281 4530 3442 4584 aquas
3476 4529 3607 4569 vero
3641 4511 3880 4567 laudant

370 4606 428 4656 et
456 4601 840 4657 admirantur.
862 4600 1185 4670 Respondet
1216 4601 1410 4654 autem
1443 4598 1712 4653 Servator
1737 4598 1993 4668 pulchre,
2029 4600 2228 4655 dicens
2263 4618 2276 4656 :
2315 4601 2482 4656 Venit
2529 4603 2782 4658 Joannes
2817 4605 2874 4658 in
2916 4605 3004 4659 via
3027 4605 3292 4674 justitiaa,
3329 4618 3516 4673 neque
3548 4603 3884 4665 comedens,

373 4705 477 4744 nec
508 4689 732 4756 bibens,
765 4704 999 4744 carnem
1035 4688 1255 4743 scilicet
1282 4694 1338 4742 et
1368 4689 1590 4749 vinum,
1627 4704 1759 4742 nam
1794 4691 2017 4758 absque
2048 4689 2178 4744 aliis
2213 4707 2324 4745 non
2360 4692 2644 4762 potuisset
2677 4693 2883 4759 vivere,
2914 4700 2969 4749 et
3017 4694 3219 4749 dicunt
3250 4710 3263 4748 :
3299 4695 3656 4748 Dasmonium
3691 4692 3881 4751 habet.

370 4777 542 4834 Venit
574 4777 754 4832 Filius
787 4778 1041 4832 hominis
1072 4777 1383 4833 comedens
1414 4783 1469 4833 et
1503 4778 1724 4845 bibens,
1759 4784 1816 4832 et
1846 4777 2048 4833 dicunt
2083 4795 2094 4833 :
2133 4784 2270 4834 Ecce
2305 4782 2474 4836 homo
2507 4799 2678 4837 vorax
2712 4791 2763 4837 et
2794 4783 2913 4838 vini
2948 4789 3133 4853 potor,
3168 4784 3394 4838 amicus
3445 4781 3884 4853 publicanorum

373 4871 432 4922 et
463 4872 829 4939 peccatorum
861 4867 1064 4937 (Matth.
1097 4867 1200 4937 x1),
1229 4875 1529 4938 propterea
1559 4868 1710 4937 quod
1744 4869 2006 4922 comedat
2039 4876 2091 4922 et
2127 4869 2302 4925 bibat.
2349 4871 2495 4937 Quid
2532 4889 2634 4927 nos
2675 4889 2812 4943 ergo
2866 4873 3187 4928 faciemus?
3236 4873 3349 4927 Nec
3378 4888 3476 4927 eos
3525 4871 3620 4942 qui
3657 4872 3888 4943 vitupe-

372 4967 493 5012 rant
520 4971 858 5026 sequamur,
890 4972 991 5012 nec
1023 4972 1120 5011 eas
1152 4958 1248 5028 qui
1279 4957 1539 5011 laudant.
1577 4956 1686 5011 Sed
1725 4956 1810 5011 vel
1839 4973 1972 5012 cum
2003 4959 2222 5012 Joanne
2256 4960 2476 5015 ratione
2498 4961 2862 5030 jejunemus,
2897 4964 3069 5017 etiam
3106 4963 3149 5016 si
3180 4963 3349 5018 nobis
3415 4962 3612 5016 dicant
3649 4961 3834 5016 Judaei
3874 4981 3887 5017 :

369 5046 731 5102 Damonium
768 5046 991 5101 habetis
1016 5089 1031 5114 ,
1064 5046 1149 5102 vel
1184 5064 1319 5102 cum
1349 5047 1489 5102 Jesu
1522 5048 1815 5116 sapienter
1836 5050 2030 5102 vinum
2062 5048 2349 5116 bibamus,
2382 5051 2430 5106 si
2463 5068 2674 5121 corpus
2735 5053 3004 5122 indigeat,
3039 5054 3215 5108 etiam
3275 5053 3323 5107 si
3356 5054 3521 5107 nobis
3587 5052 3835 5109 dixerint
3866 5069 3879 5107 :

375 5137 516 5194 Ecce
548 5134 815 5191 homines
847 5152 1080 5191 voraces
1112 5143 1168 5190 et
1198 5138 1312 5191 vini
1351 5143 1598 5200 potores.
1634 5141 1834 5208 Neque
1866 5137 2018 5191 enim
2056 5153 2246 5194 revera
2279 5157 2406 5194 esca
2456 5147 2542 5195 est
2587 5142 2831 5214 aliquid,
2884 5159 2987 5197 nec
3025 5153 3212 5213 potus,
3273 5143 3368 5198 sed
3433 5143 3574 5199 fides
3632 5159 3754 5214 qua
3789 5158 3886 5213 per

374 5228 717 5283 oharitatem
751 5227 1080 5281 extenditur
1111 5228 1405 5296 operibus.
1441 5227 1583 5282 Cum
1620 5229 1774 5282 enim
1809 5244 2042 5282 omnem
2069 5230 2351 5285 actionem
2389 5231 2528 5286 fides
2555 5234 2721 5288 fuerit
2753 5241 3084 5297 consecuta,
3120 5235 3496 5290 condemnari
3543 5252 3654 5290 non
3705 5237 3885 5302 potest

369 5319 468 5390 qui
497 5317 750 5374 comedit
778 5325 835 5371 et
865 5317 1029 5383 bibit,
1067 5330 1296 5386 propter
1325 5317 1519 5371 fidem.
1554 5317 1843 5388 Quidquid
1877 5315 2032 5372 enim
2071 5336 2180 5374 non
2205 5327 2292 5374 est
2322 5337 2389 5376 ex
2424 5322 2553 5384 fide.
2592 5329 2890 5391 peccatum
2926 5332 3012 5378 est
3035 5325 3209 5394 (Rom.
3238 5326 3370 5396 xvr).
3406 5325 3508 5380 Sed
3535 5322 3886 5395 quandoali-

370 5409 503 5479 quis
531 5426 597 5464 ex
622 5407 1020 5477 voluptuariis,
1065 5407 1146 5462 vel
1176 5424 1243 5461 ex
1276 5408 1346 5461 iis
1379 5409 1476 5477 qui
1509 5408 1809 5478 quodlbet
1840 5406 1994 5460 aliud
2033 5417 2289 5477 peccant,
2325 5410 2491 5466 dicit:
2530 5412 2662 5466 Fide
2697 5413 2997 5484 participe,
3031 5414 3119 5469 vel
3151 5414 3369 5486 aliquid
3393 5413 3549 5467 aliud
3582 5427 3704 5477 ago.
3730 5427 3762 5464 a
3793 5428 3880 5466 ra-

369 5498 526 5552 tione
553 5497 743 5555 aliena
774 5498 1109 5569 cupiditate,
1146 5497 1228 5552 vel
1264 5501 1540 5567 corrupta
1589 5495 1948 5550 conscientia
1978 5495 2238 5553 innitens
2272 5500 2423 5568 dei,
2485 5500 2716 5558 labitur.
2753 5503 3024 5560 Servator
3055 5504 3208 5559 enim
3233 5501 3520 5570 distinxit,
3554 5500 3753 5557 dicens
3787 5518 3799 5556 :
3842 5504 3888 5556 A

367 5585 658 5643 fructibus
697 5589 957 5660 ipsorum
991 5587 1353 5658 cognoscetis
1385 5603 1482 5642 eos
1515 5587 1725 5658 (.lfatth.
1761 5591 1882 5652 vn).
1924 5586 2084 5651 Quod
2121 5601 2310 5645 autem
2365 5591 2585 5649 fructus
2613 5610 2813 5649 eorum
2866 5595 2963 5666 qui
3025 5595 3218 5650 divina
3269 5593 3485 5647 ratione
3516 5592 3687 5646 vitam
3723 5589 3885 5646 insti-

371 5683 520 5736 uuut
545 5683 601 5734 et
631 5679 882 5751 spiritali
906 5679 1309 5751 intelligentia,
1342 5677 1440 5744 sit,
1471 5693 1539 5734 ex
1568 5677 1748 5734 divini
1779 5677 2037 5749 Apostoli
2088 5681 2400 5753 sententia,
2434 5684 2713 5754 charitas,
2760 5689 2819 5741 et
2849 5685 3147 5755 gaudium,
3176 5686 3231 5740 et
3262 5699 3393 5754 pax,
3444 5692 3501 5740 et
3539 5680 3885 5750 longanimi-
