4076 6280
263 216 418 278 1007

1838 218 2205 282 PALLADII

3614 206 3792 282 reos

257 352 371 418 tas,
403 348 757 423 benignitas.
790 350 1039 417 bonitas,
1074 351 1661 422 ﬂdes,mansuetudo,
1694 352 2328 417 continentia,eastitas
2360 351 2509 423 (Gal.
2542 352 2621 423 v).
2655 356 2742 409 est
2772 354 2931 407 extra
2960 349 3439 407 controversiam.
3465 352 3781 423 Ipseenim

254 439 398 495 dixit
424 440 629 495 beatus
664 440 918 497 Paulus:
958 443 1201 497 Fructus
1228 454 1420 498 autem
1452 445 1702 513 Spiritus
1732 450 1821 499 est
1852 443 1958 498 hoc
1989 449 2044 496 et
2077 443 2205 498 hoc.
2239 444 2397 506 Quod
2433 448 2627 496 autem
2670 442 2769 512 qui
2824 442 3022 495 studet
3077 440 3225 495 tales
3260 442 3471 497 habere
3532 444 3792 511 fructus,

257 529 401 586 citra
429 530 711 585 rationem
754 537 854 586 aut
884 532 1329 597 inconsiderate,
1363 546 1459 587 aut
1491 534 1887 599 intempestive
1921 550 2032 586 non
2066 532 2330 587 comedet
2373 548 2598 599 carnes,
2634 548 2739 585 nec
2768 531 2925 585 bibet
2984 530 3205 593 vinum,
3240 547 3429 599 neque
3486 549 3617 588 cum
3652 531 3789 590 ulla

254 619 778 677 malacohabitabit
796 622 1165 678 conscientia.
1191 622 1413 676 Rursus
1430 624 1736 678 dixitidem
1756 624 1957 677 beatus
1990 622 2199 676 Paulus
2220 639 2231 675 :
2250 622 2450 677 Omnis
2471 622 2569 691 qui
2594 627 2773 675 certat
2801 620 2872 673 ab
2888 620 3158 675 omnibus
3182 620 3437 675 abstinet
3456 623 3503 691 (l
3530 623 3651 677 Cor.
3678 626 3789 693 Ix).

254 710 389 765 Cum
424 726 565 764 sana
596 712 830 782 quidem
864 716 952 765 est
982 728 1135 777 caro,
1171 712 1473 768 obstinens
1504 714 1574 767 ab
1607 714 1677 768 iis
1719 730 1844 782 quae
1880 712 2349 783 pinguet'aciunt;
2388 712 2537 778 quod
2574 710 2621 763 si
2655 712 2729 763 sit
2759 727 2909 781 aegra
2940 710 3029 764 vel
3066 726 3308 765 mcerore
3357 714 3634 779 confecta,
3684 714 3786 768 vel

256 801 451 874 aliquo
479 818 620 856 casu
643 802 877 864 afﬂicta,
910 807 1049 857 tunc
1072 808 1269 856 utetur
1294 804 1525 873 quidem
1550 802 1635 857 vel
1668 803 1795 857 cibo
1830 802 1915 872 pel
1947 804 2175 873 potione
2209 808 2484 867 tantuam
2516 801 2962 865 medicamento,
2990 801 3056 853 ad
3080 816 3146 853 ea
3192 800 3446 855 curanda
3468 818 3591 865 quae
3640 820 3790 858 mo-

258 890 487 946 lestiam
521 891 790 947 afferunt.
823 892 1150 947 Abstinebit
1180 897 1373 947 autem
1406 893 1477 946 ab
1505 894 1576 947 iis
1608 910 1726 964 quae
1760 897 1898 947 sunt
1920 893 2126 947 animm
2152 891 2341 959 noxia,
2375 891 2459 945 ira
2488 896 2546 946 et
2586 890 2821 956 invidia,
2855 906 3001 944 vana
3048 888 3252 960 gloria,
3316 892 3552 948 tristitia
3584 898 3639 948 et
3673 897 3785 949 dc-

265 980 565 1048 tractione,
599 981 866 1049 superbia
898 985 953 1035 et
982 981 1249 1048 elatione,
1291 982 1399 1037 Deo
1429 998 1609 1053 agens
1641 982 1877 1053 gratias.

327 1071 470 1124 Cum
503 1070 575 1123 de
607 1069 696 1124 his
726 1069 920 1139 itaque
951 1069 1090 1124 satis
1120 1069 1523 1135 disseruerim,
1558 1077 1667 1125 tuae
1699 1087 1900 1125 rursus
1930 1069 2207 1124 docilitati
2257 1069 2432 1123 aliam
2466 1070 2640 1123 affero
2674 1068 3159 1123 adhortationem.
3198 1067 3359 1140 Fuge
3395 1086 3493 1139 pro
3546 1071 3788 1127 viribus

251 1172 450 1212 eorum
486 1156 741 1212 virorum
774 1160 1215 1228 congressiones
1248 1160 1342 1227 qui
1380 1158 1600 1213 nullam
1638 1160 1855 1214 habent
1912 1159 2246 1219 utilitatem,
2298 1164 2353 1212 et
2415 1159 2622 1229 pellem
2668 1164 2953 1212 exornant
3013 1157 3178 1212 aliter
3236 1174 3413 1229 quam
3456 1162 3781 1216 conveniat

248 1247 472 1302 etiamsi
505 1248 623 1301 sint
653 1246 974 1314 orthodoxi,
1009 1264 1122 1302 non
1157 1247 1349 1302 solum
1378 1248 1647 1317 haeretici,
1680 1255 1732 1303 et
1766 1249 1985 1303 laedunt
2018 1247 2327 1318 hypocrisi,
2365 1248 2593 1302 etiamsi
2625 1264 2770 1302 cano
2802 1249 2988 1317 capite
3021 1257 3074 1301 et
3105 1255 3408 1313 corrugata
3433 1249 3617 1304 fronte
3648 1269 3771 1319 prae

247 1352 309 1391 se
339 1335 529 1391 ferant
559 1335 982 1406 longitudinem
1017 1337 1472 1406 temporis.Nam
1507 1343 1571 1391 ut
1603 1343 1835 1408 propter
1868 1353 2056 1391 mores
2089 1354 2401 1408 generosos
2434 1339 2503 1391 ab
2537 1337 2617 1392 eis
2650 1337 2795 1391 nihil
2826 1337 3076 1405 laedaris,
3101 1337 3156 1391 id
3174 1345 3329 1393 certe
3357 1340 3503 1408 quod
3542 1339 3782 1396 videtur

249 1440 375 1480 esse
407 1425 716 1479 minimum
748 1430 803 1478 te
820 1424 1120 1479 sauciabit.
1156 1426 1420 1480 Insolens
1452 1427 1607 1480 enim
1642 1428 1924 1492 redditus,
1956 1431 2150 1480 animo
2180 1426 2454 1493 etfereris,
2490 1444 2586 1482 eos
2629 1427 2896 1481 irridens.
2959 1426 3117 1489 Quod
3153 1428 3395 1497 quidem
3446 1429 3549 1483 tibi
3582 1430 3781 1484 detri-

250 1518 514 1570 mentum
549 1514 766 1583 all‘eret,
800 1513 982 1585 utqui
1013 1514 1069 1567 in
1103 1516 1438 1585 superbiam
1497 1516 1791 1571 incideris.
1849 1516 2033 1587 Super
2066 1516 2319 1570 lucidam
2380 1522 2574 1571 autem
2636 1517 2944 1571 fenestram
2982 1534 3333 1588 persequere
3393 1523 3447 1573 et
3504 1520 3773 1575 virorum

248 1609 307 1660 et
336 1603 649 1660 mulierum
681 1608 916 1659 sanctas
944 1604 1409 1674 congressiones,
1443 1610 1508 1659 ut
1540 1622 1635 1675 per
1668 1622 1868 1661 eorum
1900 1606 2072 1661 veluti
2107 1606 2396 1660 subtiliter
2426 1608 2705 1676 scriptum
2742 1607 2957 1661 librum
2995 1609 3184 1675 possis
3217 1617 3386 1664 tuum
3419 1625 3515 1664 cor
3570 1615 3775 1679 aperte

246 1694 458 1763 videre,
480 1699 536 1749 et
558 1709 657 1765 per
687 1692 1051 1749 collationem
1086 1695 1328 1764 probare
1358 1696 1685 1750 socordiam
1720 1700 1878 1750 tuam
1898 1696 1982 1751 vel
2015 1695 2402 1766 diligentiam.
2441 1696 2624 1751 Multa
2654 1696 2810 1750 enim
2841 1702 2975 1751 sunt
3012 1713 3143 1767 quae
3178 1698 3446 1765 probitati
3474 1698 3665 1753 ferunt
3694 1706 3780 1754 te-

247 1785 589 1840 stimonium
624 1799 638 1839 :
672 1781 831 1838 color
860 1782 1053 1838 vultus
1085 1783 1185 1854 qui
1216 1783 1275 1838 in
1306 1798 1369 1837 ea
1400 1785 1514 1838 vita
1544 1800 1673 1854 quae
1704 1785 1935 1855 degitur
1965 1784 2298 1853 el'florescit,
2350 1792 2408 1838 et
2440 1794 2686 1839 vestium
2720 1797 2980 1851 ornatus,
3036 1795 3088 1839 et
3123 1802 3312 1841 mores
3344 1789 3677 1858 compositi,
3713 1794 3778 1843 et

244 1873 531 1928 modestia
560 1872 858 1941 orationis,
889 1880 941 1926 et
971 1873 1145 1927 verba
1178 1888 1289 1926 non
1349 1874 1639 1942 exquisita
1669 1874 2008 1940 etatt‘ectata,
2060 1877 2291 1937 elegans
2324 1873 2632 1934 sententia,
2669 1876 2911 1943 cogitata
2972 1890 3253 1946 sensaque
3307 1876 3614 1945 sapientia.
3651 1877 3774 1931 Do-

243 1962 435 2017 minus
464 1969 655 2015 autem
688 1964 842 2016 vires
873 1962 1032 2015 dabit
1062 1968 1173 2015 tua;
1202 1964 1658 2025 mansuetudini,
1691 1973 1743 2016 et
1776 1962 2040 2018 omnibus
2069 1964 2164 2033 qui
2200 1974 2527 2033 sequuntur
2559 1980 2801 2032 scopum
2851 1964 3102 2033 pietatis,
3136 1964 3364 2018 etiamsi
3413 1965 3499 2018 vel
3534 1966 3769 2021 desidia

241 2052 326 2105 vel
358 2067 492 2106 casu
524 2050 745 2116 aliquid
779 2049 1071 2105 acciderit.
1107 2050 1374 2105 Amictus
1404 2052 1656 2116 enim,et
1684 2067 1920 2122 gressus
1952 2051 2136 2121 pedis,
2167 2058 2223 2105 et
2254 2054 2407 2107 risus
2441 2054 2702 2107 dentium
2736 2054 3114 2107 annuntiabit
3143 2057 3211 2106 de
3242 2054 3387 2122 ipso,
3426 2059 3489 2107 ut
3520 2056 3599 2109 ait
3631 2056 3776 2110 Pro-

240 2143 504 2198 verbium
535 2140 751 2211 (Eccles.
791 2142 877 2212 x).

315 2232 605 2303 Incipiens
632 2232 830 2304 itaque
874 2231 974 2285 tibi
1009 2247 1242 2286 narrare
1265 2232 1441 2286 vitam
1475 2235 1775 2285 santorum
1822 2231 2073 2298 Patrum,
2110 2247 2295 2301 neque
2347 2247 2443 2285 eos
2490 2231 2589 2303 qui
2616 2236 2751 2286 sunt
2783 2232 2836 2286 in
2872 2231 3132 2298 urbibus,
3158 2230 3245 2285 vel
3280 2232 3444 2301 vicis,
3479 2232 3567 2288 vel
3622 2252 3769 2305 spe-

246 2320 452 2381 luncis.
486 2320 572 2376 vel
602 2320 1017 2375 solitudinibus
1050 2320 1146 2375 tibi
1180 2320 1380 2389 ignoti,
1415 2319 1845 2389 praetermittam
1879 2321 2165 2387 oratione;
2198 2320 2475 2388 adjiciens
2497 2336 2595 2375 eos
2627 2328 2800 2375 etiam
2834 2322 2930 2392 qui
2964 2327 3104 2375 sunt
3134 2321 3193 2375 in
3224 2323 3521 2377 coenobiis.
3558 2322 3774 2396 Neque

242 2411 395 2467 enim
426 2410 588 2466 locus
610 2410 890 2482 quaeritur
918 2408 976 2464 in
1008 2426 1122 2482 quo
1153 2426 1215 2465 se
1238 2415 1387 2466 recte
1417 2414 1474 2464 et
1501 2425 1569 2465 ex
1597 2410 1812 2465 virtute
1842 2417 2165 2480 gesserunt,
2196 2410 2298 2465 sed
2333 2409 2538 2465 modus
2568 2416 2735 2466 recte
2769 2424 2971 2465 eorum
3004 2411 3421 2479 institutionis,
3446 2426 3548 2482 per
3577 2428 3766 2483 quam

244 2498 459 2556 Christi
491 2499 704 2556 auxilio
734 2499 909 2555 vitam
941 2503 1185 2569 egerunt
1216 2497 1564 2570 angelicam.

805 3122 1041 3182 CAPUT
1061 3122 1371 3182 PRIMUM.

468 3254 593 3307 Vita
620 3252 827 3309 [sideri
854 3251 931 3323 (t)
972 3252 1275 3325 presbyteri
1310 3254 1361 3307 et
1388 3252 1705 3308 xenodochi.

306 3396 446 3452 Cum
478 3412 613 3467 ergo
647 3397 900 3463 primum
932 3398 1205 3451 venissem
1241 3397 1298 3451 in
1335 3397 1773 3452 Alexandrinam
1808 3397 1940 3452 civi-

235 3489 437 3549 tatem,
470 3486 728 3539 secundo
759 3488 1063 3538 consulatu
1080 3484 1387 3540 Theodosii
1411 3489 1601 3553 magni
1626 3490 1934 3555 imperato-

236 3575 335 3642 ris,
360 3577 460 3644 qui
494 3582 726 3642 propter
747 3590 908 3626 suam
937 3586 1145 3628 rectam
1177 3574 1233 3626 in
1269 3574 1563 3629 Christum
1592 3576 1757 3629 {idem
1787 3592 1938 3630 nunc

231 3671 321 3719 est
358 3680 490 3716 cum
517 3662 760 3731 angelis,
797 3676 851 3714 lu
888 3664 1015 3731 ipsa
1053 3663 1289 3718 civitate
1326 3663 1501 3718 lDCldl
1532 3664 1588 3718 in
1613 3665 1930 3734 quemdam

232 3755 421 3808 virum
455 3751 889 3821 admirandum,
922 3759 979 3806 et
1010 3754 1166 3807 omni
1199 3769 1268 3807 ex
1310 3758 1466 3822 parte
1497 3762 1788 3815 ornatum.
1812 3771 1938 3809 ser-

235 3857 407 3896 mone
450 3842 732 3903 moribus,
767 3849 820 3896 et
877 3841 1141 3911 scientia,
1204 3858 1411 3912 nempe
1469 3842 1771 3906 Isidorum,
1835 3845 1936 3915 qui

232 3939 350 3987 erat
380 3937 436 3987 et
468 3931 766 4004 presbyter
821 3937 877 3987 et
910 3931 1276 3987 xenodochus
1315 3931 1718 3987 Alexandrina
1751 3936 1935 3988 eccle-

234 4022 352 4077 εἰδὲ.
389 4022 439 4078 Is
468 4024 771 4077 dicebatur
801 4022 988 4093 prima
1018 4024 1254 4092 quidem
1281 4024 1587 4092 juventute
1620 4040 1850 4080 versans
1876 4027 1930 4079 in

234 4114 568 4182 solitudine,
604 4116 895 4187 peregisse
926 4115 1245 4169 certamina
1276 4114 1725 4170 exercitationis.
1757 4119 1934 4185 Cujus

234 4206 405 4263 etiam
428 4206 631 4261 cellam
659 4206 773 4259 vidi
795 4223 899 4276 ego
932 4206 986 4259 in
1017 4212 1210 4261 monte
1238 4204 1432 4260 Nitriae
1466 4205 1715 4259 :otfendi
1743 4218 1932 4261 autem

234 4314 366 4353 eum
400 4312 588 4351 senem
623 4297 989 4363 septuaginta
1036 4313 1221 4350 annos
1253 4302 1494 4363 natum;
1530 4296 1629 4366 qui
1671 4312 1797 4350 cum
1853 4297 1934 4351 vi-

232 4386 415 4443 xisset
441 4387 583 4440 alios
614 4386 946 4456 quindecim
981 4403 1187 4451 annos,
1220 4387 1275 4439 in
1313 4402 1450 4453 pace
1476 4387 1636 4441 obiit.
1675 4388 1774 4440 Hic
1800 4404 1934 4440 san-

1969 3126 2020 3191 Α
2054 3126 2300 3188 metum,
2332 3127 2397 3180 ut
2424 3123 2599 3179 etiam
2631 3125 2691 3180 in
2716 3125 2843 3195 ipso
2873 3125 3132 3183 convivio
3148 3126 3289 3183 hora
3321 3125 3491 3183 solita
3510 3126 3764 3183 refectio-

2051 3213 2141 3268 nis
2164 3214 2407 3268 fratrum
2424 3214 2605 3269 sancti
2622 3214 2802 3281 huius
2818 3215 2980 3270 fleret
2995 3218 3207 3271 mentis
3226 3232 3521 3281 excessus,
3538 3224 3696 3271 mutu
3708 3233 3766 3271 s-

2050 3318 2161 3373 qua.
2192 3305 2456 3359 evaderet
2487 3305 2608 3373 ipse
2638 3309 2693 3359 et
2714 3307 3180 3376 obstupesceret;
3214 3312 3271 3360 et
3292 3322 3422 3361 cum
3450 3314 3753 3376 rogaretur

2049 3399 2113 3448 ut
2137 3398 2333 3466 quaein
2366 3413 2601 3451 excessu
2634 3401 2941 3450 evenerant
2974 3406 3248 3463 narraret,
3275 3398 3526 3452 diceret:
3564 3397 3753 3453 Mente

2048 3502 2174 3539 sum
2207 3489 2601 3558 peregrinatus
2631 3488 2703 3540 ab
2735 3487 2934 3559 aliqua
2993 3498 3192 3558 raptus
3225 3487 3745 3555 contemplatione.

2047 3575 2175 3629 Scio
2214 3592 2318 3645 ego
2349 3593 2475 3628 eum
2497 3593 2647 3645 saepe
2677 3576 2735 3629 in
2773 3593 2970 3629 mensa
3002 3576 3182 3630 fuisse
3238 3575 3624 3647 lacrymatum
3652 3595 3666 3643 ;
3691 3583 3753 3633 et

2047 3682 2176 3719 cum
2217 3672 2516 3734 rogaretur
2546 3683 2778 3720 causam
2813 3682 2916 3720 cur
2946 3672 3092 3720 esset
3144 3666 3515 3738 lacrymatus,
3550 3669 3747 3723 audivi

2045 3770 2177 3810 eum
2211 3755 2494 3808 dicentem
2532 3758 2756 3809 :Pudet
2810 3772 2900 3809 me
2932 3757 3081 3808 vesci
3115 3758 3241 3811 cibo
3273 3773 3305 3808 a
3339 3756 3560 3811 ratione
3610 3757 3748 3811 alie-

2048 3860 2139 3910 no,
2188 3859 2315 3897 cum
2347 3844 2456 3897 sim
2499 3845 2717 3898 ratione
2751 3846 3045 3915 praeditus,
3097 3850 3151 3899 et
3204 3846 3422 3898 versari
3471 3845 3742 3900 deberem

2042 3934 2100 3989 in
2136 3933 2405 4002 paradiso
2463 3933 2825 3997 deliciarum,
2856 3933 3167 4001 replendus
3199 3934 3507 3989 ambrosias
3561 3934 3745 3989 nutri-

2047 4027 2259 4086 mento,
2293 4029 2520 4091 propter
2549 4038 2674 4077 eam
2711 4040 2835 4094 quas
2860 4023 3027 4077 nobis
3061 4023 3352 4078 aDomino
3373 4022 3502 4077 data
3528 4028 3618 4077 est
3650 4039 3745 4091 po.

2045 4117 2331 4167 testatem.
2371 4115 2421 4167 Is
2442 4121 2566 4197 eqat
2601 4113 2792 4168 Roma:
2825 4120 2999 4168 notus
3025 4121 3232 4168 cuncto
3264 4115 3487 4168 senatui
3519 4118 3577 4168 et
3610 4128 3744 4181 pro-

2044 4218 2239 4256 cerum
2276 4203 2573 4268 uxoribus,
2606 4219 2719 4272 quo
2765 4210 3021 4273 tempore
3060 4220 3192 4257 cum
3227 4204 3392 4257 beato
3424 4203 3740 4259 Athanasio

2044 4293 2314 4361 episcopo
2349 4292 2505 4361 prius
2537 4299 2868 4357 recesserat,
2902 4292 3109 4347 deinde
3141 4310 3272 4346 cum
3305 4302 3505 4347 sancto
3532 4298 3741 4346 Deme-

2045 4381 2157 4434 trio
2180 4381 2469 4450 episcopo.
2509 4381 2559 4434 is
2605 4397 2735 4434 cum
2777 4382 3099 4435 abundaret
3130 4381 3357 4449 Opibus,
3388 4387 3447 4436 et
3495 4382 3566 4434 iis
3610 4396 3733 4450 quae

235 4476 636 4546 ctususquead
666 4474 865 4528 horam
882 4473 1232 4527 obitusnihil
1263 4476 1477 4528 lineum
1498 4475 1741 4544 gestavit
1771 4484 1933 4529 extra
1964 4486 2009 4551 Β
2046 4477 2181 4525 sunt
2210 4471 2277 4524 ad
2316 4486 2485 4524 usum
2531 4474 2875 4538 necessaria,
2909 4488 3023 4526 non
3057 4470 3293 4541 scripsit
3325 4477 3726 4525 testamentum

234 4567 432 4621 vittam
456 4564 557 4637 (2),
589 4580 702 4619 non
764 4562 966 4618 balneo
998 4570 1082 4618 est
1141 4580 1305 4629 usus,
1340 4582 1450 4619 non
1486 4566 1677 4636 tetigit
1708 4582 1931 4631 carnes,

236 4673 309 4711 nu
352 4673 523 4727 quam
543 4672 575 4711 a
593 4671 797 4710 mensa
821 4656 1054 4709 recessit
1073 4656 1325 4725 repletus
1347 4655 1415 4708 ad
1438 4654 1781 4710 satietatem.
1803 4659 1937 4711 Erat

235 4752 427 4802 autem
461 4763 701 4817 corpore
731 4763 765 4800 a
795 4745 892 4802 Dei
916 4746 1099 4817 gratia
1131 4752 1242 4801 tam
1275 4746 1414 4800 bene
1464 4752 1933 4817 comtemperato,

237 4841 300 4891 ut
329 4853 530 4891 omnes
561 4837 661 4906 qui
687 4837 1029 4903 ignorabant
1060 4838 1189 4906 ejus
1233 4838 1415 4892 victus
1464 4838 1769 4899 rationem,
1804 4854 1937 4903 per-

236 4942 479 4981 suasum
512 4926 793 4980 haberent
822 4942 952 4981 eum
997 4926 1149 4981 laute
1180 4927 1367 4980 vivere
1393 4922 1449 4981 et
1478 4926 1935 4997 opipare.Huius

234 5015 477 5069 virtutes
498 5015 705 5069 animae
728 5015 774 5067 si
806 5015 976 5070 velim
994 5018 1290 5088 sigillatim
1318 5034 1568 5084 narrare,
1600 5024 1934 5071 narrantem

238 5121 327 5159 me
357 5108 589 5172 tempus
620 5102 868 5158 deficiet.
918 5106 1021 5168 Qui
1054 5110 1175 5159 erat
1205 5107 1346 5159 adeo
1406 5106 1586 5173 mitis,
1625 5108 1936 5175 benignus,

236 5198 291 5249 et
323 5192 623 5265 pacificus,
659 5196 721 5245 ut
750 5192 923 5245 etiam
958 5194 1221 5248 infideles
1254 5195 1379 5263 eius
1426 5194 1668 5260 inimici,
1707 5207 1939 5263 propter

237 5295 447 5342 rectam
482 5284 538 5338 in
571 5282 865 5338 Christum
903 5283 1205 5347 ﬁdem,vel
1240 5286 1366 5354 ejus
1414 5286 1675 5340 umbram
1712 5301 1938 5340 revere-

234 5383 458 5437 rentur,
490 5380 560 5430 oh
590 5374 882 5445 insignem
933 5373 1039 5427 viri
1096 5374 1430 5429 bonitatem.
1464 5375 1705 5431 Tantam
1742 5381 1935 5430 autem

236 5466 787 5539 habuitspiritalem
822 5466 1060 5538 gratiam
1096 5471 1150 5521 et
1183 5466 1569 5536 cognitionem
1605 5472 1933 5522 sanctarum

236 5556 692 5629 Scripturarum,
714 5567 768 5616 et
797 5556 1377 5631 comprehensionem
1427 5556 1755 5613 divinorum
1786 5559 1936 5630 dog-

2045 4561 2351 4626 decedens,
2388 4574 2500 4613 non
2535 4562 2836 4629 pecuniam
2857 4561 3234 4631 reliquit,non
3262 4578 3381 4615 rem
3415 4562 3583 4614 ullam
3605 4556 3730 4611 suis

2044 4652 2337 4704 sororibus
2369 4666 2494 4721 quae
2525 4659 2687 4704 erant
2721 4652 2991 4721 virgines,
3035 4652 3130 4705 sed
3166 4668 3262 4705 eas
3296 4650 3524 4707 Christo
3571 4664 3735 4705 com-

2044 4740 2360 4803 mandavit,
2394 4741 2593 4794 dicens
2626 4756 2639 4793 :
2670 4742 2822 4796 Deus
2854 4742 2953 4811 qui
2985 4758 3083 4796 vos
3113 4743 3345 4807 creavit,
3380 4743 3542 4797 vobis
3590 4756 3738 4813 quo-

2044 4846 2157 4900 que
2190 4829 2401 4884 victum
2433 4832 2752 4900 providebit
2783 4832 2926 4885 sicut
2948 4838 3037 4886 est
3058 4832 3218 4885 mihi.
3247 4832 3375 4886 Erat
3403 4838 3598 4886 autem
3616 4847 3749 4886 con-

2044 4925 2249 4974 ventus
2273 4920 2560 4988 virginum
2596 4937 2722 4991 quae
2772 4927 2939 4976 erant
2969 4938 3100 4976 cum
3137 4922 3436 4976 sororibus
3466 4923 3616 4989 ejus,
3651 4936 3744 4975 se—

2046 5012 2369 5079 ptuaginta.
2412 5010 2485 5078 Is,
2519 5027 2649 5065 cum
2682 5014 2748 5066 ad
2783 5030 2915 5067 eum
2955 5012 3245 5067 venissem
3297 5014 3658 5075 adolescens,
3686 5016 3741 5067 et

2045 5117 2301 5169 rogarem
2333 5106 2395 5154 ut
2433 5102 2502 5155 ad
2554 5101 2726 5155 vitam
2803 5109 3099 5170 coeptarer
3156 5104 3560 5167 monasticam,
3620 5117 3746 5156 mea

2045 5192 2237 5245 adhuc
2266 5198 2432 5245 astate
2463 5190 2817 5257 lasciviente,
2851 5199 2906 5247 et
2939 5211 3048 5247 non
3079 5210 3225 5263 opus
3258 5193 3505 5247 habente
3527 5207 3743 5246 sermo-

2046 5280 2242 5344 nibus,
2268 5281 2363 5334 sed
2400 5281 2693 5335 laboribus
2727 5284 2825 5352 qui
2848 5301 3077 5339 carnem
3100 5283 3457 5353 subigerent,
3483 5282 3741 5351 duraque

2046 5378 2101 5426 et
2129 5388 2331 5441 aspera
2363 5371 2584 5425 vivendi
2629 5371 2847 5427 ratione
2881 5391 3007 5445 quae
3065 5388 3273 5443 corpus
3312 5378 3735 5441 compesceret:

2046 5461 2118 5523 is,
2180 5460 2440 5531 inquam,
2514 5467 2791 5532 tanquam
2858 5466 3042 5519 bonus
3117 5462 3363 5517 domitor
3424 5460 3743 5531 pullorum,

2049 5551 2211 5608 duxit
2269 5568 2361 5610 me
2425 5562 2587 5609 extra
2643 5553 2935 5611 civitatem
2998 5556 3067 5612 ad
3113 5569 3212 5610 eas
3268 5567 3395 5624 qua
3463 5551 3743 5607 dicuntur
