4076 6280
428 382 580 443 1000
1699 377 2028 440 HISTORL

2142 377 2517 441 .AUSIACA.
3680 371 3834 434 1010

417 511 544 569 ούδὶ
574 513 885 581 συνοικήσει
919 510 1022 566 τινὶ
1050 515 1276 584 πονηρῷ
1307 506 1596 580 συνειδότι,
1629 508 1794 564 πάλιν
1826 503 2004 584 ἔλεγεν
2041 507 2068 562 6
2099 508 2262 568 αὑτὸς
2315 509 2578 582 μακάριος
2616 504 2927 567 ἀπόστολος
2981 503 3220 572 Παῦλος,
3271 501 3355 559 δτι
3387 507 3497 565 Πᾶς
3547 504 3575 558 6
3630 502 3830 579 ἀγωνι-

416 602 642 676 ζόμενος
676 601 850 657 πάντα
881 600 1282 677 ἐγκρατεύεται,
1318 598 1677 676 ὑγιαινούσης
1733 599 1828 670 μὶν
1878 605 1978 666 τῆς
2027 598 2244 671 σαρκὸς,
2295 597 2642 672 ἀπεχόμενος
2690 600 2796 652 τῶν
2843 595 3168 649 πιαινόντων
3199 639 3213 653 ,
3270 591 3688 669 Ἀῤῥωστούσης
3745 591 3824 664 δὲ,

411 693 446 760 ἤ
483 688 853 762 ὀδυνωμένης,
953 689 1044 744 καὶ
1097 689 1320 758 λύπαις,
1456 689 1800 759 περιστάσεσι
1856 687 2250 756 κοινωνούσης,
2300 690 2563 762 χρήσεται
2619 687 2711 757 μὲν
2761 685 2883 741 τότε
3014 683 3316 758 βρώμασιν,
3434 684 3700 756 πόμασιν,
3751 684 3827 748 ὡς

410 781 719 854 φαρμάκοις
767 779 1136 853 ἀλεξιτηρίοις
1184 779 1260 840 εἰς
1313 776 1453 833 ἴασιν
1500 778 1702 848 αὐτῶν,
1753 779 1998 854 ἀφέξεται
2050 776 2107 832 δὲ
2155 781 2262 830 τῶν
2312 776 2449 831 κατά
2495 777 2593 844 τήν
2641 777 2825 851 ψυχὴν
2881 770 3192 848 βλαϐερῶν,
3240 775 3436 849 ὀργῆς,
3477 772 3564 827 καὶ
3609 773 3824 851 φθόνοι»

408 869 731 944 κενοδοξίας,
773 870 861 925 καὶ
895 867 1146 940 ἀκηδίας,
1178 871 1267 924 καὶ
1298 868 1662 934 καταλαλιᾶς,
1696 869 1786 923 καὶ
1819 868 2080 931 ὑπονοίας
2109 867 2334 942 ἀλόγου,
2368 867 2705 942 εὐχαριστῶν
2734 871 2811 937 τῷ
2842 864 3046 938 Κυρίῳ.

481 979 776 1054 Αὑτάρκως
823 978 1000 1033 τοίνυν
1054 979 1187 1053 ὑπὲρ
1235 977 1442 1033 τούτων
1494 973 1771 1032 διαλαϐὼν
1818 976 1984 1032 πάλιν
2016 974 2194 1046 ἀλλην
2233 976 2576 1052 παρακλησιν
2627 977 2884 1051 προσάγω
2930 996 3025 1029 σου
3072 978 3140 1047 τῇ
3189 973 3523 1050 φιλομαθείᾳ
3556 1018 3571 1033 .
3623 979 3822 1049 Φεῦγε,

407 1070 507 1138 ὅση
543 1090 629 1124 σοι
664 1066 916 1140 δύναμις,
950 1069 1244 1141 συντυχίας
1277 1065 1487 1142 ἀνδρῶν
1521 1066 1672 1121 οὐδὲν
1703 1066 1901 1144 ὄφελος
1934 1065 2199 1142 ἐχόντων,
2247 1066 2334 1120 καὶ
2385 1067 2738 1137 κοσμούντων
2786 1065 2879 1138 μὶν
2911 1067 2973 1119 τὸ
3023 1064 3195 1138 δέρμα
3242 1063 3672 1135 ἀκαταλλήλως,
3723 1063 3820 1119 κέίν

408 1156 690 1232 ὀρθόδοξοι
750 1156 879 1222 εἶεν,
934 1159 1008 1229 μή
1068 1178 1123 1212 τι
1170 1177 1230 1233 γε
1278 1153 1346 1224 δὴ
1399 1156 1686 1232 αἱρετικόὶ,
1739 1155 2069 1230 βλάπτοντες
2116 1161 2183 1230 τῇ
2235 1156 2534 1226 ὑποκρίσει,
2582 1154 2677 1210 κᾶν
2722 1153 2917 1225 δόξωσι
2968 1153 3193 1214 πολιαῖς
3243 1152 3507 1224 κεφαλῆς,
3552 1154 3586 1223 ἦ
3639 1153 3815 1227 ῥυτίσι

407 1249 704 1320 προσώπου
751 1246 1098 1320 ἐπισύρεσθαι
1152 1253 1328 1321 μῆκος
1383 1246 1624 1321 χρόνου.
1678 1245 1781 1299 Κᾶν
1814 1249 1918 1322 γὰρ
1971 1242 2138 1319 μηδὲν
2185 1241 2396 1320 βλαϐῇς
2442 1246 2567 1319 παρ’
2619 1245 2794 1301 αὑτῶν
2850 1242 2918 1299 δι’
2965 1243 3229 1319 εύγένειαν
3279 1244 3520 1317 τρόπων,
3573 1243 3637 1298 τὸ
3685 1247 3815 1319 γοῦν

405 1333 697 1412 ἐλάχιστον
732 1333 923 1391 δοκοῦν
955 1339 1064 1411 [τα]
1097 1337 1296 1408 τρώσει
1327 1357 1384 1390 σε
1410 1379 1423 1393 .
1459 1337 1560 1393 Καὶ
1595 1335 1897 1409 χαυνωθεὶς
1926 1336 2042 1391 κατ’
2074 1334 2248 1389 αὑτῶν
2275 1337 2375 1404 τήν
2409 1333 2647 1390 διάνοιαν
2701 1335 2982 1408 ἐπαρθήσῃ
3033 1333 3348 1408 καταγελῶν
3397 1333 3630 1404 τούτων,
3681 1332 3818 1406 ὅπερ

406 1423 514 1479 ἐστί
548 1447 631 1480 σοι
677 1421 858 1500 βλάϐη
893 1424 969 1489 εἷς
1004 1425 1369 1502 ὑπερηφανίαν
1404 1425 1787 1498 έμπεπτωκότι
1813 1465 1828 1482 .
1871 1425 2027 1498 Ὑπὲρ
2059 1421 2116 1479 δὲ
2147 1422 2338 1498 θυρίδα
2377 1425 2644 1502 φωτεινὴν
2697 1421 3003 1498 μεταδίωκε
3051 1421 3258 1498 ἀνδρῶν
3298 1445 3356 1478 τε
3405 1424 3495 1478 καὶ
3536 1427 3812 1500 γυναικῶν

404 1514 555 1576 ὁσίας
599 1513 909 1590 συντυχίας,
947 1511 1038 1568 ’ίνα
1070 1512 1158 1569 διά
1204 1516 1412 1570 τούτων
1460 1517 1698 1588 καθάπερ
1747 1511 2138 1588 λεπτόγραφην
2189 1509 2408 1588 βιϐλίον
2459 1511 2664 1588 δυνηθῇ
2715 1510 2847 1568 ἰδεῖν
2900 1516 3083 1592 σαφῶς
3130 1514 3219 1567 καὶ
3266 1513 3368 1582 τήν
3417 1513 3514 1581 σὴν
3561 1509 3814 1586 καρδίαν,

403 1605 491 1662 διὰ
529 1613 628 1676 τῆς
671 1607 1158 1682 ἀντιπαραθέσεως,
1200 1607 1299 1674 τὴν
1347 1605 1636 1682 ῥᾳθυμίαν,
1677 1606 1712 1675 ἢ
1757 1603 2053 1677 ἐμμέλειαν
2095 1601 2385 1678 δυνάμενος
2425 1606 2523 1674 τήν
2567 1607 2664 1672 σὴν
2709 1601 3067 1676 δοκιμάζειν.
3110 1600 3309 1660 Πολλά
3338 1605 3442 1677 γάρ
3479 1600 3590 1657 ἐστι
3637 1605 3702 1656 τά
3740 1610 3808 1679 τῇ

402 1697 742 1774 χρηστότητι
781 1700 1158 1770 μαρτυροῦντα
1182 1716 1194 1729 ·
1237 1696 1272 1766 ἢ
1313 1717 1370 1751 τε
1413 1695 1553 1770 χρόα
1591 1699 1697 1750 τῶν
1737 1695 2042 1766 προσώπων
2073 1696 2106 1764 ἡ
2141 1694 2441 1749 ἐπανθοῦσα
2471 1697 2538 1768 τῇ
2571 1691 2842 1764 πολιτείᾳ,
2883 1693 2972 1748 καὶ
3007 1694 3034 1747 ὁ
3067 1692 3368 1767 στολισμδς
3415 1699 3515 1762 τῆς
3560 1690 3807 1764 ἐσθῆτος,

399 1789 488 1842 καὶ
528 1787 589 1840 τὸ
627 1787 928 1862 ἀπέρπερον
969 1787 1129 1856 ἦθος,
1172 1786 1262 1842 καὶ
1303 1788 1336 1855 ἡ
1380 1784 1577 1861 ἀτυφία
1613 1788 1720 1839 τῶν
1758 1783 1964 1857 λόγων,
2005 1784 2094 1837 καὶ
2135 1785 2167 1852 ἡ
2210 1778 2466 1838 εὐλάϐεια
2501 1788 2609 1838 τῶν
2648 1782 2891 1855 τρόπων,
2933 1783 3024 1837 καὶ
3070 1783 3131 1838 τὸ
3189 1782 3514 1857 ἀπερίεργον
3569 1785 3681 1836 τῶν
3728 1781 3812 1837 λέ.

400 1875 553 1945 ξεων,
600 1877 688 1929 καὶ
735 1877 797 1930 τὸ
838 1875 1026 1950 χαρίεν
1069 1883 1169 1944 τῆς
1207 1875 1460 1951 γνώμης,
1501 1874 1591 1928 καί
1650 1875 1713 1930 τὸ
1761 1873 1974 1927 συνετὸν
2011 1876 2117 1927 τῶν
2163 1872 2493 1944 νοημάτων.
2537 1869 2936 1942 Ἐνδυναμώσει
2976 1873 3063 1926 καὶ
3107 1873 3204 1940 τήν
3245 1873 3342 1939 σὴν
3387 1872 3734 1942 κοσμιότητα
3780 1873 3807 1927 ὁ

401 1964 620 2036 Κύριος,
652 1965 742 2020 καὶ
772 1966 975 2027 πέντας
1026 1966 1151 2027 τοὺς
1201 1962 1496 2036 ἑπομένους
1545 1968 1624 2036 τῷ
1671 1969 1770 2031 τῆς
1818 1958 2119 2024 θεοσεϐείας
2167 1966 2392 2034 σκοπῷ·
2446 1960 2539 2017 κᾶν
2583 1962 2634 2016 ἐν
2674 1959 2876 2034 ἀκηδίᾳ
2905 1961 2940 2031 ἢ
2973 1962 3128 2032 ἑτέρᾳ
3171 1961 3274 2014 τινὶ
3325 1960 3630 2034 περιστάσει
3675 1982 3804 2036 τυγ·

397 2055 659 2126 χάνοιτε.
697 2055 1002 2125 Στολισμὸς
1031 2057 1152 2129 γὰρ,
1187 2055 1374 2133 φησὶν,
1406 2053 1620 2130 ἀνδρὸς,
1670 2056 1759 2111 καὶ
1811 2057 1964 2130 βῆμα
2012 2051 2204 2122 ποδὸς,
2237 2056 2325 2110 καὶ
2363 2055 2537 2130 γέλως
2575 2052 2810 2110 ὀδόντων
2853 2053 3141 2132 ἀναγγελεῖ
3178 2057 3244 2109 τΞι
3291 2056 3416 2130 περὶ
3457 2054 3653 2123 αὑτοῦ,
3703 2074 3809 2108 κα-

396 2143 502 2203 θὼς
535 2145 568 2212 ἡ
614 2143 887 2217 Παροιμία
920 2142 1092 2218 λέγει.

464 2253 786 2324 Ἀρξπὶμενος
826 2251 1002 2308 τοίνυν
1034 2251 1143 2326 ἐγώ
1176 2274 1261 2308 σοι
1291 2256 1398 2307 τῶν
1431 2251 1742 2327 ἐξηγήσεων
1782 2254 1880 2306 τοῦ
1931 2250 2051 2326 βίου
2100 2255 2206 2308 τῶν
2253 2251 2421 2326 ἁγίων
2463 2252 2740 2320 Πατέσων,
2781 2247 2903 2308 ούτε
2941 2257 3058 2314 τοῖς
3108 2251 3158 2308 ἦν
3192 2257 3308 2315 ταῖς
3352 2250 3579 2309 πόλεσιν
3612 2250 3646 2323 ἢ
3685 2251 3801 2308 κώ-

392 2363 522 2413 μαις
625 2341 919 2412 σπηλαίοις
948 2346 982 2415 ἢ
1028 2344 1283 2418 ἐρημίαις
1322 2345 1627 2418 ἀγνώστους
1665 2365 1748 2399 σοι
1778 2343 2096 2416 καταλείψω
2137 2348 2216 2416 τῷ
2254 2343 2426 2418 λόγῳ,
2469 2344 2726 2418 προσθεὶς
2764 2344 2854 2399 καὶ
2892 2344 3020 2407 τοῦς
3063 2343 3112 2399 ἐν
3158 2349 3275 2408 τοῖς
3324 2338 3628 2418 κρινοϐίοις
3657 2361 3670 2376 ·
3722 2343 3794 2399 Οὑ

389 2430 494 2506 γὰρ
523 2433 551 2486 6
580 2431 748 2494 τόπος
787 2431 928 2488 ἐστὶν
961 2435 989 2489 6
1021 2433 1376 2507 ζητούμενος,
1408 2433 1527 2491 ἔνθα
1555 2438 1928 2495 κατοικοῦντες
1959 2433 2112 2488 οὑτοι
2159 2434 2524 2507 κατώρθωσαν
2566 2435 2665 2501 τὴν
2711 2433 2926 2507 ἀρετὴν,
2975 2432 3102 2490 ἀλλ’
3145 2435 3172 2489 ὁ
3221 2434 3422 2509 τρύπος
3476 2441 3576 2503 τῆς
3623 2433 3796 2507 ὀρθῆς

391 2522 780 2596 προαιρέσεως,
814 2521 884 2580 δι’
921 2527 988 2593 ἧς
1014 2527 1114 2595 τὴν
1143 2524 1440 2601 ἀγγελικὴν
1465 2523 1746 2582 πολιτείαν
1774 2527 1842 2598 τῇ
1872 2528 1971 2580 ταῦ
2002 2528 2243 2599 Χριστοῦ
2275 2525 2565 2601 συμμαχίᾳ
2596 2524 2918 2595 έξήσκησαν.

835 3212 1258 3266 ΧΕΦΑΛΔΙΟΝ
1297 3210 1589 3265 ΗΡΩΤΟΝ.
2063 3203 2272 3276 Απαρ’
2302 3203 2436 3259 αὑτὰ
2464 3202 2530 3260 τὰ
2577 3207 2853 3276 συμπόσια
2898 3211 2997 3276 τῆς
3051 3207 3303 3273 εἰωθυίας
3358 3205 3503 3280 ὥρας
3547 3217 3648 3280 τῆς
3700 3232 3797 3284 με.

811 3300 940 3372 Περὶ
972 3296 1255 3373 Ἰσιδώρου
1287 3295 1584 3373 ξενοδόχου
1611 3340 1622 3352 .

469 3392 692 3463 Πρῶτον
748 3389 932 3443 τοίνυν
1008 3390 1252 3458 πατήσας
1310 3387 1421 3464 ἐγὼ
1485 3389 1584 3456 τὴν
1640 3383 2037 3459 Ἀλεξανδρέων

392 3475 580 3545 πόλιν,
613 3479 664 3532 έν
691 3482 760 3552 τῇ
808 3475 1026 3552 δευτέρᾳ
1079 3477 1274 3549 ὑπατίᾳ
1322 3476 1608 3532 Θεσὸοσίου
1655 3480 1748 3530 τοῦ
1800 3473 2039 3551 μεγάλου

397 3563 690 3639 βασιλέως,
719 3566 778 3627 ὃς
808 3570 899 3620 νῦν
948 3566 1000 3620 ἐν
1041 3564 1288 3639 ἀγγέλοις
1341 3565 1571 3639 ὑπάρχει
1623 3562 1711 3618 διὰ
1740 3566 1840 3633 τήν
1873 3564 2038 3637 ὀρθὴν

393 3654 560 3710 αὑτοῦ
590 3654 767 3710 πίστιν
800 3657 898 3723 τῆν
938 3654 1012 3717 εἷς
1063 3657 1316 3730 Χριστὸν,
1350 3656 1670 3730 περιέτυχον
1718 3651 1769 3708 ἐν
1801 3654 1936 3726 αὑτῇ
1968 3655 2036 3727 τῇ

393 3743 552 3800 πόλει
612 3742 764 3818 ἀνδρὶ
814 3745 1117 3818 θαυμασίῳ,
1157 3745 1249 3800 τὸν
1301 3744 1501 3817 τρόπον
1557 3744 1896 3818 πανταχόθεν
1943 3762 2038 3797 κε-

392 3834 749 3906 κοσμημένῳ,
781 3831 833 3888 ἔν
865 3855 923 3889 τε
956 3835 1130 3910 λόγῳ,
1170 3834 1259 3888 καὶ
1309 3833 1450 3904 ἤθει,
1501 3833 1590 3887 καὶ
1641 3834 1861 3910 γνώσει,
1909 3835 2039 3888 Ἰσι-

396 3919 556 3993 δώρῳ
598 3919 946 3997 πρεσϐυτέρῳ
995 3922 1110 3978 ὄντι
1160 3921 1430 3998 Εενοδόχῳ
1489 3930 1589 3990 τῆς
1640 3920 2034 3993 Ἀλεξανδρέων

391 4010 718 4078 Ἐκκλησίας
756 4053 770 4068 .
820 4013 916 4072 Ὃς
949 4012 1015 4065 τὰ
1048 4013 1140 4082 μὲν
1169 4017 1359 4084 πρῶτα
1386 4014 1483 4077 τῆς
1514 4009 1770 4077 νεότητος
1812 4009 2033 4082 ἐλέγετο

390 4092 443 4148 ἐν
481 4099 547 4168 τῇ
597 4095 789 4168 ἐρήμῳ
842 4093 1130 4170 διατρίψας
1182 4095 1429 4165 ἠνυκέναι
1487 4097 1552 4150 τὰ
1600 4103 1702 4163 τῆς
1750 4095 2032 4165 ἀσκήσεως

389 4182 550 4249 ἆθλα,
585 4182 647 4238 οὗ
687 4185 776 4237 καὶ
823 4185 921 4250 τήν
972 4183 1176 4255 κέλλην
1223 4182 1524 4254 ἐθεασάμην
1561 4184 1670 4262 ἐγὼ
1709 4183 1759 4238 ἐν
1792 4183 1870 4254 τῷ
1918 4183 2032 4256 ὄρει

384 4280 484 4341 τῆς
527 4273 788 4347 Νηρίας.
831 4268 1142 4330 Κατέλαϐον
1196 4271 1253 4329 δὲ
1298 4278 1490 4328 τοῦτον
1542 4272 1651 4350 ἐγὼ
1701 4273 1832 4328 ἐτῶν
1881 4268 2029 4328 ἑϐδο-

387 4364 628 4434 μήκοντα
682 4361 928 4436 γέροντα,
983 4363 1043 4424 ’ὸς
1100 4361 1360 4433 έπζήσας
1440 4359 1822 4419 πεντεκαίδεκα
1886 4360 2030 4416 ἀλλα

381 4449 472 4523 ἔτη
506 4450 733 4523 τελευτᾷ
762 4451 813 4507 ἐν
854 4452 1045 4527 εἰρήνῃ
1085 4497 1095 4509 .
1143 4453 1312 4515 Οὗτος
1345 4453 1372 4508 6
1407 4453 1562 4530 ἅγιος
1617 4452 1813 4528 μέχρις
1863 4451 2031 4520 αὑτῆς

382 4549 480 4610 τῆς
511 4540 773 4610 τελευτῆς
819 4541 920 4596 οὐκ
949 4541 1142 4612 ὀθόνην
1195 4540 1454 4621 ἐφορησεν
1506 4541 1655 4602 ἐκτὸς
1703 4538 2023 4619 φακιαλίου,

383 4631 451 4685 οὑ
485 4629 701 4702 λουτρῷ
731 4629 1028 4706 ἐχρήσατο,
1071 4630 1135 4684 οὐ
1181 4635 1351 4699 κρεῶν
1385 4632 1588 4704 ⁴ἥψατο,
1641 4629 1702 4684 ού
1753 4629 2025 4703 τραπέζης

382 4719 517 4773 ποτε
565 4719 700 4792 πρὸς
749 4721 912 4794 κόρον
981 4720 1280 4797 ἐνεφορήθη
1318 4741 1331 4754 ⁸
1382 4721 1441 4784 ’ὸς
1484 4723 1731 4775 τοιοῦτον
1777 4720 1926 4797 εἶχεν
1965 4718 2026 4774 τὸ

383 4808 543 4880 σῶμα
574 4807 677 4862 ὑπό
723 4815 823 4877 τῆς
853 4809 1080 4884 χάριτος
1112 4814 1210 4866 τοῦ
1254 4815 1386 4866 Θεοῦ
1426 4809 1912 4886 συγκροτούμενον,
1952 4810 2025 4872 ὡς

379 4895 904 4974 πεπληροφορῆσθαι
943 4898 1143 4961 πάντας
1184 4898 1315 4961 τοὺς
1348 4899 1672 4976 ἀγνοοῦντας
1718 4900 1884 4954 αὑτοῦ
1929 4899 2028 4966 τήν

381 4981 610 5054 δίαιταν,
659 4985 742 5039 δτι
797 4985 849 5041 ἐν
912 4987 1121 5063 μεγάλῃ
1180 4993 1357 5069 τρυφῇ
1411 4987 1583 5064 διάγει
1619 5034 1632 5047 .
1681 4989 1884 5044 Τούτου
1931 4987 2025 5050 τὰς

378 5073 568 5149 ἀρετᾶς
600 5076 697 5142 τῆς
730 5078 915 5150 ψυχῆς
946 5075 1035 5131 ἐὰν
1075 5075 1220 5133 θέλω
1251 5077 1614 5153 διηγήσασθαι
1663 5078 1798 5134 κατά
1841 5077 2022 5149 μέρος.

379 5161 648 5238 ἐπιλείψει
679 5183 743 5234 με
783 5161 1146 5240 διηγούμενον
1182 5168 1210 5221 ὀ
1239 5168 1442 5243 χρόνος
1468 5189 1480 5202 ·
1517 5169 1616 5232 "Oc
1668 5171 1926 5223 τοσοῦτον
1959 5169 2024 5236 ἦν

377 5259 570 5325 πρᾶος,
603 5252 691 5306 καὶ
733 5253 1138 5328 φιλάνθρωπος,
1187 5257 1275 5310 καὶ
1326 5257 1622 5329 εἰρηνικος,
1660 5257 1733 5319 ὡς
1782 5256 1869 5311 καὶ
1919 5256 2024 5312 αὑ-

375 5342 502 5397 τοὺς
534 5343 660 5400 τοὺς
691 5342 948 5404 ἀπίστους
977 5342 1208 5418 ἐχθροὺς
1243 5344 1403 5399 αὑτοῦ
1434 5342 1522 5400 διά
1542 5349 1639 5415 τὴν
1674 5346 1749 5408 εἰς
1786 5346 2020 5420 Χριστὸν

377 5431 542 5504 ὀρθὴν
574 5429 737 5484 αὑτοῦ
767 5431 941 5486 πίστιν
975 5429 1241 5487 α’δεῖσθαι
1290 5433 1377 5487 καὶ
1410 5435 1509 5504 τὴν
1563 5435 1713 5489 σκιὰν
1755 5431 1824 5488 δι’
1857 5434 2020 5506 ὑπερ-

377 5513 552 5587 ϐολήν
599 5524 698 5587 τῆς
743 5523 838 5574 τοῦ
888 5517 1075 5596 ἀνδρὸς
1127 5523 1507 5598 χρηστότητος
1544 5567 1558 5582 .
1621 5523 1904 5592 Τοσαύτην
1961 5519 2017 5578 δὲ

375 5605 532 5689 ἴσχεν
593 5612 756 5687 χάριν
813 5618 1206 5688 πνευματικὴν,
1266 5619 1356 5671 καί
1411 5622 1608 5691 γνῶσιν
1678 5621 1784 5672 τῶν
1843 5616 2015 5694 ἁγίων

377 5704 625 5779 Γραφῶν,
656 5702 747 5758 καὶ
776 5707 883 5759 τῶν
914 5706 1072 5761 θείων
1103 5703 1394 5784 δογμάτων
1435 5705 1767 5784 κατάληψιν,
1807 5709 1882 5774 ὡς
1928 5706 2016 5763 καὶ

2149 3293 2438 3369 ταλήψεως
2468 3298 2578 3349 τῶν
2629 3292 2879 3368 ἀδελφῶν
2925 3296 3225 3367 ἐξίστασθαι
3262 3300 3362 3368 τὴν
3415 3296 3654 3356 διάνοιαν
3701 3307 3797 3358 τοῦ

2151 3383 2329 3457 ἀγίου,
2386 3382 2477 3437 καὶ
2535 3381 2764 3454 ἐνεαζειν
2813 3385 2997 3456 αὑτὸν,
3043 3385 3134 3441 καὶ
3185 3387 3672 3464 παρακαλούμενον
3722 3389 3800 3446 δι-

2150 3474 2396 3545 ηγεῖσθαι
2427 3474 2495 3527 τὲι
2521 3479 2620 3542 τῆς
2651 3474 2969 3539 ἐκστάσεως,
2994 3477 3083 3531 καὶ
3110 3475 3310 3554 λέγειν,
3335 3479 3418 3532 ὅτι
3437 3476 3797 3552 Ἀπεδήμησα

2148 3564 2216 3634 τῇ
2272 3560 2485 3636 διανοίᾳ
2538 3564 2798 3638 ἁρπαγεῖς
2859 3566 2960 3621 ὑπὸ
3019 3567 3247 3639 θεωρίας
3321 3568 3516 3631 τινός.
3583 3572 3797 3646 ’Ἐγνων

2148 3651 2297 3726 κάγὼ
2325 3655 2516 3707 τοῦτον
2545 3652 2816 3716 πολλάκις
2850 3652 3188 3727 δακρύσαντα
3227 3655 3314 3712 ἐπὶ
3344 3664 3446 3728 τῆς
3475 3658 3745 3732 τραπέζης
3779 3677 3794 3694 ο

2147 3741 2374 3795 καὶτῶν
2420 3737 2663 3814 δακρύων
2708 3744 2807 3812 τήν
2849 3744 3025 3799 αἰτίαν
3076 3747 3407 3819 πυθόμενος,
3456 3748 3667 3817 ἤκουσα
3697 3747 3795 3803 αὑ-

2145 3834 2242 3885 τοῦ
2293 3829 2575 3904 λέγοντος,
2634 3831 2717 3886 ὅτι
2777 3831 3045 3905 Αἰδοῦμαι
3106 3834 3313 3910 ἀλόγου
3365 3832 3791 3909 μεταλαμϐάνων

2144 3923 2353 3994 τροφῆς
2386 3915 2606 3989 λογικὸς
2654 3917 2939 3992 ὑπάρχων,
2986 3919 3078 3973 καὶ
3110 3919 3345 3996 ὀφείλων
3391 3921 3442 3975 ἐν
3488 3919 3796 3994 παραδείσῳ

2144 4011 2352 4081 τρυφῆς
2416 4004 2698 4076 ὑπάρχειν,
2757 4005 2845 4060 καὶ
2902 4005 3252 4083 ἐμφορεῖσθαι
3310 4005 3612 4083 ἀμϐροσίας
3667 4030 3795 4086 τρο-

2146 4099 2270 4170 φῆς,
2295 4089 2384 4148 διά
2421 4095 2518 4160 τήν
2553 4090 2799 4148 δοθεῖσαν
2845 4097 2982 4169 ἡμῖν
3032 4099 3176 4171 παρά
3227 4103 3463 4169 Χριστοῦ
3507 4097 3746 4171 ἐξουσίαν
3778 4144 3790 4156 .

2145 4178 2318 4242 Οὗτος
2375 4183 2648 4255 γνώριμος
2705 4183 2772 4253 ἦν
2829 4185 2971 4258 πάσῃ
3025 4191 3094 4259 τῇ
3156 4191 3292 4241 κατά
3365 4187 3585 4254 Ῥώμην
3661 4207 3792 4263 συγ-

2141 4269 2352 4343 κλήτῳ,
2386 4277 2506 4332 ταῖς
2536 4294 2598 4346 γε
2627 4273 2837 4345 γυναιξὶ
2867 4279 2972 4328 τῶν
3025 4277 3384 4348 μεγιστάνων,
3430 4275 3666 4347 ὁπηνίκα
3696 4278 3788 4332 σὺν

2141 4363 2219 4429 τῷ
2281 4361 2533 4433 μακαρίῳ
2601 4363 2903 4436 Ἀθανασίῳ
2949 4363 3293 4432 ἀπεληλύθει
3361 4365 3424 4420 τὸ
3473 4365 3734 4439 πρότερον
3771 4413 3785 4438 ,

2141 4445 2321 4502 ἔπειτα
2355 4450 2448 4502 σὺν
2485 4455 2564 4521 τῷ
2597 4450 2730 4523 ἁγίῳ
2783 4453 3086 4527 Δημητρίῳ
3116 4458 3194 4524 τῷ
3239 4452 3523 4524 ἐπισκόπῳ
3554 4497 3566 4510 .
3612 4455 3786 4516 Οὗτος

2138 4537 2464 4612 περιττεύων
2493 4537 2718 4613 πλούτῳ
2747 4542 2835 4596 καὶ
2871 4543 3100 4621 ἀφθονίᾳ
3127 4548 3354 4619 χρειῶν,
3406 4542 3467 4598 οὐ
3515 4541 3782 4615 διαθήκην

2132 4621 2333 4701 ἔγραψε
2383 4627 2651 4683 τελευτῶν
2685 4673 2703 4699 ,
2769 4631 2831 4686 οὑ
2896 4633 3142 4703 νόμισμα
3197 4633 3597 4688 καταλέλοιπεν
3634 4676 3648 4701 ,
3719 4633 3783 4688 οὑ

2136 4724 2361 4792 πρᾶγμα
2413 4725 2532 4780 ταῖς
2593 4721 2784 4776 ἑαυτοῦ
2861 4720 3123 4801 ἀδελφαῖς
3203 4725 3490 4796 παρθένοις
3550 4720 3734 4784 οὔσαις
3771 4766 3783 4779 .

2133 4805 2282 4863 ἀλλά
2311 4810 2571 4881 παρέθετο
2601 4809 2764 4872 αὑτὰς
2812 4815 2893 4883 τῷ
2946 4817 3184 4885 Χριστῷ,
3229 4811 3430 4887 λέγων,
3491 4816 3547 4868 Ὁ
3595 4813 3782 4867 κτίσας

2138 4896 2276 4971 ὑμᾶς
2305 4897 2434 4958 Θεὸς
2480 4897 2641 4960 αὑτὸς
2680 4898 3031 4973 οἰκονομήσει
3081 4902 3209 4973 ὑμῖν
3259 4903 3350 4957 καὶ
3393 4903 3461 4956 τά
3496 4902 3635 4975 πρὸς
3683 4904 3781 4971 τὴν

2138 4986 2307 5054 ζωὴν,
2337 4985 2410 5048 ὡς
2438 4986 2528 5041 καὶ
2563 4987 2653 5060 μοί
2690 4991 2765 5062 [Μ
2800 5032 2813 5046 .
2849 4989 2938 5064 μέ]
2965 5033 2978 5046 .
3009 4991 3110 5048 Ἦν
3145 4987 3202 5045 δὲ
3231 4989 3324 5044 σὺν
3355 4995 3473 5052 ταῖς
3515 4988 3780 5070 ἀδελφαῖς

2133 5075 2301 5130 αὐτοῦ
2331 5076 2584 5148 σύστημα
2622 5080 2899 5152 παρθένων
2929 5075 3310 5152 ἑϐδομήκοντα
3339 5125 3351 5138 .

2205 5165 2378 5228 Οὗτος
2425 5169 2737 5243 φοιτήσαντί
2788 5189 2882 5241 μοι
2930 5168 3036 5242 νέῳ
3087 5168 3199 5225 ὄντι
3265 5172 3403 5247 πρὸς
3455 5171 3637 5239 αὑτὸν,
3687 5171 3778 5225 καὶ

2132 5254 2534 5325 παρακαλοῦντι
2591 5261 3012 5333 στοιχειωθῆναι
3071 5257 3124 5314 ἐν
3191 5264 3268 5331 τῷ
3331 5262 3558 5334 μονήρει
3628 5260 3772 5333 βίῳ,

2131 5343 2447 5420 σφριγώσης
2482 5364 2578 5417 μοι
2609 5338 2686 5400 ἔτι
2714 5353 2813 5414 τῆς
2845 5345 3088 5415 ἡλικίας,
3119 5347 3208 5404 καὶ
3249 5346 3430 5425 λόγων
3464 5349 3539 5421 μὴ
3573 5343 3773 5417 δεομέ-

2128 5452 2247 5501 νης,
2280 5429 2426 5487 ἀλλα
2456 5433 2635 5489 πόνων
2673 5441 2780 5490 τῶν
2810 5438 2948 5492 κατά
2977 5438 3166 5512 σαρκα,
3200 5438 3288 5491 καὶ
3341 5434 3769 5508 σκληραγωγίας

2126 5529 2226 5591 τῆς
2258 5523 2391 5577 κατά
2422 5529 2580 5598 σῶμα
2605 5545 2618 5560 ⁸
2653 5527 2831 5593 οὗτος,
2858 5529 2930 5591 ὡς
2963 5528 3132 5591 καλὸς
3161 5524 3558 5598 πωλοδάμνης,
3598 5523 3772 5598 ἐξάγει

2131 5631 2199 5686 με
2235 5609 2336 5684 ἔξω
2383 5617 2482 5679 τῆς
2529 5615 2746 5681 πόλεως
2801 5617 2878 5682 εἰς
2925 5618 2991 5674 τὰ
3047 5615 3317 5694 λεγόμενα
3374 5613 3613 5690 ὶρημικά
3666 5613 3770 5668 ἀπὸ

2128 5703 2284 5768 πέντε
2315 5704 2558 5778 σημείων
2587 5751 2598 5764 .
