4076 6280
303 343 453 416 1011

944 487 1202 540 ΚΕΦΛΛ.
1245 479 1317 539 Β’.

903 627 1031 702 Περὶ
1073 624 1375 700 Δωροθέου.

378 750 478 810 Καὶ
519 748 857 827 παραδίδωσί
902 773 966 815 με
1005 753 1268 826 Δωροθέῳ
1315 753 1420 808 τινὶ
1461 754 1670 830 ἀσκητῇ
1722 749 1946 828 Θηϐαίῳ

306 841 598 914 ἑξηκοστὸν
647 839 830 915 ἄγοντι
879 838 997 902 ἔτος
1057 840 1109 896 ἐν
1149 847 1226 913 τῷ
1274 841 1551 916 σπηλαίῳ,
1601 845 1689 900 καὶ
1735 842 1944 900 κελεύει

313 952 379 1004 με
419 930 711 1002 πληρῶσαι
759 936 885 1005 παρ’
935 931 1102 986 αὐτοῦ
1145 933 1269 1007 τρία
1328 929 1423 1004 ἔτη
1474 934 1609 1008 πρὸς
1659 932 1944 1008 δαμασμὸν

308 1024 412 1074 τῶν
446 1021 628 1073 παθῶν
659 1039 670 1051 ·
705 1018 1096 1095 ἠπίστατογὰρ
1118 1023 1206 1075 τὸν
1238 1023 1468 1098 γέροντα
1502 1023 1708 1098 μεγάλῃ
1740 1023 1948 1094 σκληρ-

309 1110 526 1184 αγωγίᾳ
587 1113 849 1178 συζῶντα.
903 1111 1004 1166 Καὶ
1069 1111 1202 1184 μετά
1272 1113 1332 1166 τὸ
1389 1112 1682 1188 πληρῶσαί
1743 1135 1808 1189 με
1853 1116 1945 1170 τὸν

306 1198 534 1272 ἀριθμὸν
567 1203 674 1252 τῶν
717 1199 869 1266 ἐτῶν,
911 1199 1072 1256 πάλιν
1124 1202 1259 1274 πρὸς
1310 1203 1468 1258 αὐτὸν
1514 1204 1947 1280 ἐπανακάμπτειν

312 1309 378 1359 με
421 1285 818 1360 ἐντειλάμενος,
868 1289 1071 1359 λοιπῆς
1112 1289 1462 1355 διδασκαλίας
1500 1293 1670 1350 ἕνεκεν
1711 1317 1946 1369 πνευμα·

310 1382 485 1444 τικῆς.
524 1377 620 1431 Καὶ
657 1378 732 1449 μή
768 1375 1014 1448 δυνηθεὶς
1047 1385 1157 1435 τῶν
1186 1386 1352 1454 τριῶν
1395 1380 1530 1439 ἐτῶν
1573 1386 1662 1439 τὸν
1715 1386 1943 1458 ἀριθμὸν

308 1464 434 1538 παρ’
491 1463 639 1536 αύτῷ
697 1463 1076 1540 ἐκπληρῶσαι,
1134 1465 1222 1524 διὰ
1287 1471 1348 1526 τὸ
1397 1477 1623 1544 κραταιᾷ
1679 1473 1950 1548 ἀρρωστίᾳ

307 1559 615 1628 περιπεσεῖν
658 1575 744 1627 με,
777 1554 949 1617 οὕτως
979 1557 1154 1630 ἤρθην
1188 1559 1279 1615 ἀπ’
1311 1559 1479 1615 αὑτοῦ
1517 1563 1622 1636 πρὸ
1662 1566 1758 1617 τοῦ
1806 1562 1950 1636 χρό-

307 1663 400 1697 νου
455 1649 552 1712 τῆς
611 1645 963 1718 προθεσμίας.
1015 1649 1111 1704 Ἦν
1163 1648 1266 1724 γάρ
1314 1652 1543 1722 αὐτοῦὴ
1589 1650 1767 1708 δίαιτα
1815 1651 1946 1707 πάνυ

310 1731 686 1806 σκληροτάτη,
715 1734 1027 1814 αὐχμώδης
1061 1735 1203 1807 λίαν,
1242 1741 1332 1795 καὶ
1365 1741 1656 1812 ξηροτάτη.
1703 1745 1800 1798 Διά
1846 1745 1947 1799 πά-

309 1843 409 1890 σης
446 1823 538 1895 μὲν
573 1823 693 1927 γάρ,
714 1827 816 1889 τῆς
860 1827 1094 1901 ἡμέρας,
1143 1829 1232 1883 καὶ
1282 1828 1333 1884 ἐν
1388 1832 1535 1904 αὐτῷ
1583 1837 1662 1905 τῷ
1711 1833 1949 1908 καύματι
1983 1863 2026 1927 Β

309 1916 409 1978 τῆς
471 1907 838 1986 μεσημϐρίας,
887 1913 938 1968 ἐν
996 1919 1063 1989 τῇ
1113 1915 1306 1991 ἐρήμῳ
1355 1919 1424 1993 τῇ
1481 1922 1617 1976 κατά
1679 1907 1948 1979 θάλασσαν

310 2005 534 2074 συνῆγεν
579 1998 789 2062 λίθους·
823 2002 912 2056 καὶ
944 2005 1167 2067 τούτους
1197 2003 1277 2061 ἀεὶ
1328 2005 1658 2084 οἰκοδομῶν,
1690 2012 1778 2066 καὶ
1821 2011 1952 2068 κέλ-

310 2084 411 2149 λας
443 2094 636 2158 ποιῶν,
668 2089 980 2165 παρεχώρει
1020 2098 1136 2155 τοῖς
1180 2097 1254 2167 μή
1291 2093 1604 2168 δυναμένοις
1653 2097 1952 2174 οἶκοδομῆ-

311 2199 419 2247 σαι,
446 2180 562 2232 κατ’
611 2177 726 2242 ἔτος
773 2179 975 2236 κέλλαν
1026 2183 1308 2243 τελίσκων.
1367 2190 1539 2260 Ἐμοῦ
1589 2186 1644 2244 δέ
1691 2210 1825 2246 ποτε
1869 2196 1947 2264 τῷ

310 2266 451 2341 ἁγίῳ
507 2267 684 2342 τούτῳ
733 2269 1043 2344 εἰρηκότος.
1093 2275 1160 2331 Τί
1207 2282 1403 2347 ποιεῖς,
1451 2279 1647 2352 Πάτερ,
1703 2277 1754 2334 ἐν
1789 2281 1947 2354 γήρει

309 2355 544 2429 τοιούτῳ
574 2356 903 2415 ἀποκτείνων
934 2381 1028 2416 σου
1058 2363 1120 2418 τὸ
1167 2365 1445 2438 σωμάτιον
1489 2366 1540 2422 ἐν
1588 2372 1665 2440 τῷ
1712 2368 1949 2442 καύματι

305 2448 422 2508 τοῖς
484 2446 802 2521 χαλεποῖς;
863 2448 1188 2526 ἀπεκρίνατό
1252 2476 1385 2529 μοι,
1457 2456 1630 2531 λέγων
1664 2479 1678 2492 ·
1736 2461 1945 2516 Ἐκεῖνο

305 2530 609 2591 ἀποκτείνει
668 2559 756 2610 με,
815 2539 1095 2594 ἀποκτενῶ
1152 2542 1284 2599 αὐτὸ
1341 2545 1512 2619 κάγώ.
1571 2549 1788 2604 ’Ἡσθιεν
1850 2549 1942 2621 μὲν

306 2623 408 2695 γὰρ
467 2622 685 2696 ούγκίας
737 2625 792 2696 ’ἐξ
857 2626 1020 2702 ἄρτου
1077 2633 1196 2686 καθ’
1250 2632 1480 2704 ἑκάστην
1553 2637 1781 2710 ἡμέραν,
1857 2636 1946 2691 καί

310 2709 743 2790 λεπτολαχάνων
774 2712 928 2786 δέμα·
965 2715 1135 2772 ἔπινεν
1178 2716 1233 2774 δέ
1270 2718 1463 2782 ὕδατος
1508 2723 1569 2777 τὸ
1617 2709 1769 2781 ὅσον.
1825 2725 1945 2782 Ἐπὶ

307 2802 440 2853 Θεοῦ
475 2800 771 2876 μάρτυρος,
821 2803 920 2859 οὐκ
958 2801 1127 2878 ἔγνων
1168 2805 1357 2864 τοῦτον
1401 2807 1726 2866 ἁπλώσαντα
1773 2811 1943 2876 πόδας

305 2887 366 2942 οὐ
423 2889 828 2961 καθευδήσαντα
886 2895 1190 2967 ἐξεπίτηδες
1249 2899 1284 2969 ἢ
1343 2899 1430 2956 ἐπὶ
1491 2903 1712 2976 ψιαθίου
1768 2906 1803 2973 ’ἤ
1855 2904 1940 2962 ἐπὶ

302 2976 492 3049 κλίνης
527 2999 538 3010 '
572 2979 717 3037 ἀλλά
767 2981 853 3038 διὰ
901 2985 1080 3056 πάσης
1133 2991 1320 3050 νυκτὸς
1369 2993 1675 3062 καθήμενος
1719 2989 1941 3050 ἔπλεκεν

302 3069 480 3143 σεῖράν
517 3070 615 3139 τήν
661 3071 721 3127 ἐκ
767 3072 985 3130 θαλλῶν
1037 3077 1296 3150 φοινίκων
1353 3079 1428 3141 εἷς
1487 3079 1657 3159 λόγον
1711 3092 1939 3162 τροφῆς.

299 3161 632 3231 Ὑπονοήσας
667 3160 724 3218 δὲ
755 3163 835 3218 ὅτι
880 3164 966 3221 ἐπὶ
999 3164 1136 3241 ἐμοῦ
1190 3169 1358 3241 μόνου
1405 3171 1638 3246 τοσαύτῃ
1681 3160 1940 3248 ἀκρότητι

299 3244 580 3336 ἀσκήσεως
627 3251 920 3326 κέχρηται,
967 3254 1402 3331 ἐφιλοπεύστησα
1479 3244 1626 3336 παρά
1672 3244 1941 3320 πλειόνων

297 3334 463 3392 αὐτοῦ
499 3341 760 3410 μαθητῶν
791 3340 1054 3416 ἀκριϐῶς,
1098 3346 1143 3400 εἰ
1190 3349 1389 3417 ταύτην
1429 3343 1553 3424 ἔχοι
1607 3348 1696 3407 διά
1744 3355 1943 3417 παντὸς

296 3427 393 3478 τοῦ
447 3424 568 3498 βίου
615 3429 714 3496 τήν
763 3428 1014 3501 ἄσκησιν·
1067 3432 1268 3500 οἵτινες
1325 3436 1516 3493 λοιπὸν
1568 3438 1780 3510 ἔμεινον
1826 3445 1942 3499 κατ’

301 3509 464 3580 ἰδίαν,
516 3515 607 3568 καὶ
649 3516 812 3571 αὐτοὶ
866 3521 966 3587 τήν
1025 3521 1223 3595 ἀρετήν
1285 3524 1474 3581 λοιπὸν
1533 3533 1938 3602 κατορθοῦντες·

299 3600 454 3656 αὐτοί
499 3623 592 3673 μοι
627 3600 841 3681 ἔλεγον,
877 3609 958 3662 δτι
987 3606 1047 3662 ἐκ
1075 3616 1264 3684 νεαρᾶς
1293 3612 1515 3681 ἡλικίας
1543 3600 1742 3686 ταύτην
1782 3613 1940 3699 ἔσχεν

299 3691 398 3758 τήν
438 3689 740 3763 πολιτείαν,
794 3693 935 3768 μηδέ
981 3718 1118 3753 ποτε
1165 3703 1455 3773 κοιμηθεὶς
1516 3689 1941 3780 ἐξεπίτηδες,“εἶ

421 3799 474 3834 τι
534 3779 584 3834 ἐν
643 3786 723 3855 τῷ
769 3781 1078 3858 ἐργάζεσθαι
1137 3788 1172 3856 ἤ
1231 3788 1425 3847 ἐσθίειν
1476 3793 1784 3869 ἐκάμμυσέν
1837 3821 1941 3855 που

297 3868 391 3922 τὸν
432 3869 713 3946 ὀφθαλμὸν
760 3878 1124 3951 κατενεχθεὶς,
1184 3878 1322 3935 ὥστε
1376 3868 1652 3948 πολλάκις
1707 3890 1797 3944 καὶ
1853 3890 1944 3946 τὸν

301 3958 497 4031 ψωμὸν
556 3959 836 4018 ἐκπίπτειν
891 3968 988 4021 τοῦ
1047 3967 1317 4038 στόματος
1377 3973 1542 4029 αὐτοῦ
1577 4019 1590 4044 ,
1658 3979 1796 4034 κατά
1849 3981 1941 4034 τὸν

302 4047 487 4142 καιρὸν
522 4054 648 4142 -τοῦ
696 4058 912 4142 φαγεῖν,
967 4051 1247 4132 ὑπερϐολῇ
1295 4069 1631 4137 νυσταγμοῦ,
1687 4068 1944 4142 Ἀναγκά-

303 4141 485 4206 ζοντος
518 4137 573 4194 δε
607 4141 712 4213 μού
743 4163 876 4199 ποτε
901 4148 1093 4200 τοῦτον
1133 4149 1223 4203 τὸν
1265 4149 1416 4225 ἅγιον
1463 4155 1660 4226 μικρὸν
1706 4155 1792 4211 ἐπὶ
1831 4137 1942 4228 τῆς

299 4227 496 4299 ψιάθου
550 4237 753 4298 πεσεῖν,
812 4231 1263 4310 ὑπολυπούμενος
1319 4239 1479 4302 οὗτός
1561 4237 1746 4318 ἔλεγέν
1807 4266 1940 4320 μοι·

298 4319 424 4374 ΡΕάν
458 4319 645 4395 πείσῃς
676 4321 802 4385 τοὺς
849 4323 1115 4400 ἀγγέλους
1163 4332 1502 4404 κοιμηθῆναί
1549 4355 1700 4402 ποτε,
1742 4337 1944 4402 πείσεις

302 4406 353 4462 ἐν
381 4407 559 4481 τούτῳ
588 4411 677 4464 καὶ
707 4412 800 4468 τὸν
827 4413 1144 4474 σπουδαῖον.

375 4501 487 4595 Μιᾷ
525 4497 583 4556 δὲ
786 4507 1010 4579 ἡμερῶν
1056 4507 1367 4568 ἀπέστειλέν
1417 4535 1484 4588 με
1531 4513 1584 4571 ἐν
1632 4522 1710 4589 τῷ
1757 4519 1946 4595 φρέατι

299 4588 465 4645 αὐτοῦ
522 4592 643 4666 περί
696 4591 840 4666 ὥραν
891 4595 1119 4666 ἐννάτην
1167 4599 1460 4675 πληρῶσαι
1515 4605 1606 4660 τὸν
1663 4588 1825 4664 κάδδν
1876 4609 2028 4678 είςΙ)

301 4678 467 4775 λόγον
521 4685 621 4746 τῆς
682 4685 1070 4760 μεταλήψεως,
1131 4686 1399 4762 ἐνστάσης
1462 4695 1560 4761 τῆς
1615 4695 1712 4752 τοῦ
1764 4705 1952 4775 φαγεῖν

301 4769 466 4843 ὥρας.
502 4772 728 4847 Ἔτυχεν
781 4771 840 4830 δέ
899 4797 966 4849 με
1022 4777 1350 4850 ἀπελθόντα,
1409 4782 1609 4839 ἀσπίδα
1660 4769 1945 4843 θεάσασθαι

241 4851 251 4869 ⁶
302 4857 355 4948 ἐν
392 4864 472 4931 τῷ
525 4862 712 4936 φρέατι
760 4863 929 4935 κάτω,
980 4866 1070 4920 καὶ
1117 4869 1312 4940 μηκέτι
1362 4869 1521 4948 φόϐῳ
1565 4872 1832 4944 ἀντλῆσαι
1885 4877 1947 4931 τὸ

299 4944 468 5023 ὕδωρ,
518 4947 663 5006 ἀλλὰ
711 4952 1015 5010 ἀπελθόντα
1066 4953 1332 5031 δρομαῖον
1374 4944 1722 5039 ἀπαγγεῖλαι
1775 4967 1946 5038 αὐτῷ,

299 5035 391 5130 ὅτιΔ
442 5039 828 5130 Ἀπεθάνομεν,
881 5038 1049 5102 assa.
1109 5046 1338 5104 Ἀσπίδα
1390 5035 1708 5125 γάρνεῖδον
1763 5054 1819 5110 ἐν
1869 5035 1948 5130 τῷ

299 5126 487 5204 φρέατι
560 5129 728 5189 κάτω.
805 5133 1223 5205 ’Υπομειδιάσας
1291 5136 1349 5195 δέ
1431 5141 1634 5205 ἐκεῖνος
1700 5147 1892 5217 σεμνὸν
1920 5126 1947 5217 ’,

295 5215 384 5273 ἐπὶ
417 5216 561 5274 πολύ
596 5240 690 5293 μοι
741 5224 1051 5298 προσέχων,
1101 5227 1192 5282 καὶ
1240 5229 1398 5284 σείων
1446 5233 1690 5310 κεφαλήν
1719 5215 1942 5306 ἕλεγενέ

299 5305 419 5363 Ἐάν
479 5305 609 5384 δόξῃ
677 5315 758 5383 τῷ
817 5307 1063 5386 διαϐόλῳ
1122 5317 1259 5371 κατὰ
1313 5325 1416 5374 πᾶν
1490 5305 1656 5398 φρέαρ
1715 5324 1943 5390 ἀσπίδας

294 5392 579 5470 ἐμϐαλεῖν,
627 5399 663 5470 ἢ
709 5400 862 5479 ὄφεις
907 5402 941 5473 ἢ
991 5398 1144 5476 ἕτερα
1195 5402 1392 5464 ἶοϐόλα
1443 5392 1599 5488 θηρία
1628 5392 1722 5478 ἐἷς
1769 5417 1944 5482 πάσας

294 5487 388 5549 τὰς
421 5490 603 5565 πηγάς
648 5496 756 5548 τῶν
802 5490 1034 5563 ὑδάτων,
1076 5494 1141 5552 σὺ
1185 5497 1363 5569 μένεις
1415 5499 1694 5574 μηδέποτε
1739 5508 1942 5578 πίνων;

291 5576 381 5674 καὶ
430 5577 660 5651 ἐξελθὼν
711 5591 811 5652 τῆς
847 5583 1059 5658 κέλλης
1104 5586 1289 5656 αὐτοῦ,
1343 5593 1434 5648 καὶ
1494 5591 1565 5648 δι’
1622 5595 1816 5652 ἑαυτοῦ
1863 5576 1947 5674 γελ

294 5664 456 5738 μίσας
505 5668 596 5724 τὸν
655 5670 840 5744 κάδον,
892 5681 1080 5747 νῆστις
1125 5683 1344 5755 πρῶτος
1385 5682 1546 5746 αὐτὸς
1594 5689 1690 5740 τοῦ
1747 5664 1943 5749 ὕδατος

1817 344 2185 410 PALLADII

1976 486 2029 550 Α
2061 475 2458 553 ἆπεῤῥόφησεν,
2510 468 2902 548 ἐπισφραγίσας
2961 466 3024 522 τὸ
3071 463 3240 541 ὕδωρ,
3292 461 3480 535 εἰπὼν,
3532 463 3705 518 Ὅπου

3551 324 3699 384 1012

2061 567 2292 644 σταυρὸς
2324 563 2600 643 ἐπιφοιτᾷ,
2635 562 2738 618 οὐκ
2766 559 2948 639 ἰσχύει
2975 554 3137 612 κακία
3165 558 3261 610 τοῦ
3295 557 3523 610 Σατανᾶ.

2698 673 2951 726 ΚΕΦΑΛ.
2993 668 3072 722 Γ’.

2533 753 2540 761 1
2598 777 2730 853 Περὶ
2770 773 3165 850 Ποταμιαίνης.

2127 893 2184 944 '0
2243 887 2506 962 μακάριος
2555 883 2830 961 Ἰσίδωρος
2863 885 2890 940 6
2936 880 3228 957 ξενοδόχος
3280 881 3702 956 συντετυχηκὼς

2055 979 2330 1053 Ἀντωνίῳ
2385 977 2464 1050 τῷ
2514 977 2653 1052 ἁγίῳ
2696 976 2787 1030 καὶ
2839 974 3104 1048 μεκαρίῳ,
3162 975 3373 1052 γραφῆς
3423 967 3570 1044 ἄξιον
3621 967 3701 1024 δι-

2055 1071 2305 1147 ηγήσατο
2336 1072 2564 1145 πρᾶγμα
2592 1065 2846 1136 ἀκηκοὼς
2878 1065 3004 1140 παρ’
3034 1062 3221 1120 αὐτοῦ.

2127 1160 2244 1215 Ὀτι
2287 1156 2626 1229 Ποταμιαίνα
2682 1177 2765 1217 τις
2826 1154 3136 1228 ὡραιοτάτη
3197 1150 3335 1220 κύρη
3397 1151 3515 1224 (l2)
3567 1151 3704 1206 κατὰ

2054 1250 2146 1305 τὸν
2195 1249 2378 1315 καιρὸν
2437 1248 2742 1320 Μαξιμίνου
2788 1249 2885 1300 τοῦ
2935 1242 3192 1312 διώκτου,
3235 1239 3495 1309 παιδίσκη
3555 1241 3703 1301 τινὸς

2057 1339 2365 1395 ἀκολάστου
2401 1339 2669 1412 ὑπῆρχεν.
2711 1338 2814 1391 "Hv
2865 1333 3051 1390 πολλά
3099 1333 3410 1407 λιπαρήσας
3442 1332 3471 1385 6
3499 1330 3702 1397 ταύτης

2058 1427 2329 1498 δεσπότης
2387 1427 2711 1502 ὑποσχέσεσι
2769 1423 3048 1501 διαφόροις
3082 1468 3096 1488 ,
3161 1421 3436 1490 ἀπατῆσαι
3497 1419 3700 1490 ταύτην

2058 1521 2160 1576 οὐκ
2209 1519 2448 1594 ἴσχυσεν.
2495 1519 2582 1574 Ἐν
2631 1518 2714 1578 οἷς
2763 1517 2825 1571 τὸ
2875 1511 3186 1570 τελευταῖον
3240 1511 3422 1584 μανεὶς
3470 1507 3704 1582 παραδί-

2061 1607 2192 1664 δωσι
2259 1607 2459 1678 ταύτην
2529 1608 2608 1679 τῷ
2665 1605 2781 1659 κατ’
2841 1603 3012 1658 έκεῖνο
3069 1604 3262 1675 καιροῦ
3318 1599 3548 1674 ἐπάρχῳ
3598 1605 3701 1668 τῆς

2061 1696 2490 1772 Ἀλεξανδρείας,
2543 1689 2762 1751 ἔκδοτον
2808 1692 2974 1762 αὐτήν
3021 1689 3274 1752 δεδωκὼς
3326 1689 3399 1750 ὡς
3445 1691 3703 1764 Χριστια-

2060 1789 2180 1858 νήν,
2230 1787 2319 1842 καὶ
2375 1785 2805 1860 βλασφημοῦσαν
2856 1780 2943 1836 καὶ
2991 1779 3118 1842 τοὺς
3171 1780 3393 1852 καιροὺς
3440 1779 3527 1833 καὶ
3574 1777 3703 1838 τοὺς

2062 1877 2306 1954 βασιλεῖς
2371 1874 2461 1931 ἐπὶ
2526 1880 2642 1936 τοῖς
2711 1871 3026 1946 διωγμοῖς,
3107 1869 3488 1946 ὑποσχύμενος
3555 1867 3704 1940 αὐτῷ

2057 1969 2322 2042 χρήματα
2379 1964 2534 2019 ἱκανά
2583 1962 2669 2018 ἐπὶ
2713 1965 2781 2036 τῇ
2834 1959 3034 2028 ταύτης
3085 1962 3357 2036 συμφορᾷ,
3411 1959 3535 2014 Ἐάν
3585 1955 3702 2012 πεί-

2057 2078 2155 2132 σῃς
2219 2054 2468 2124 ταύτην,
2527 2055 2748 2131 φήσας,
2809 2052 3087 2106 συνθέσθαι
3156 2069 3261 2121 μου
3318 2051 3400 2120 τῷ
3465 2051 3701 2118 σκοπῷ,

2057 2144 2295 2222 φύλαξον
2343 2141 2508 2212 αὐτὴν
2554 2141 2932 2213 ἀτιμώρητον.
2983 2139 3108 2194 Ἐὰν
3160 2133 3218 2192 δὶ
3256 2137 3483 2209 ἐμμείνῃ
3533 2139 3600 2210 τῇ
3652 2135 3703 2206 ἐξ

2053 2233 2236 2308 ἀρχῆς
2294 2230 2462 2301 αῦτῆς
2517 2230 2835 2304 αὐστηρίᾳ,
2929 2226 3291 2299 παρεκάλεσεν
3349 2224 3702 2298 τιμωρουμέ-

2051 2344 2148 2394 νην
2216 2321 2381 2392 αύτήν
2428 2320 2732 2376 ἀποθανεῖν·
2782 2320 2897 2376 Ἵνα
2946 2319 3022 2390 μὴ
3079 2323 3242 2386 ζῶσα,
3292 2314 3496 2390 λέγων,
3543 2336 3702 2370 κατα-

2052 2411 2260 2489 γελάσῃ
2318 2431 2424 2484 μου
2482 2416 2580 2476 τῆς
2637 2407 2892 2471 ἀσωτίας.
2945 2407 3294 2484 Προαχθεῖσα
3343 2403 3402 2460 δὲ
3450 2404 3555 2478 πρὸ
3603 2408 3701 2460 τοῦ

2056 2502 2309 2576 βήματος
2370 2501 2404 2568 ἡ
2463 2495 2703 2571 ἀνδρεία,
2749 2493 3036 2573 διαφόροις
3085 2494 3340 2570 ὀργάνοις
3387 2513 3695 2568 τιμωρητι-

2051 2597 2168 2651 κοῖς
2196 2590 2258 2644 τὸ
2299 2593 2461 2660 σῶμα
2502 2582 2863 2655 ἐϐασανίζετο.
2914 2585 3012 2639 Καὶ
3059 2585 3196 2658 πρὸς
3244 2581 3490 2646 πολλοὺς
3542 2582 3694 2658 λογι-

2051 2678 2222 2752 σμοὺς
2271 2677 2360 2732 καὶ
2414 2674 2709 2756 διαφόρους
2758 2674 3138 2750 ἐπυργομάχει
3185 2677 3253 2746 τῇ
3280 2674 3491 2748 γνώμῃ,
3523 2670 3575 2728 ἐν
3607 2672 3689 2733 οἷς

2051 2767 2304 2844 ὀργάνοις
2352 2769 2460 2820 τῶν
2507 2768 2795 2839 τιμωριῶν
2845 2763 3126 2836 ὡμότερός
3187 2782 3271 2824 τις
3315 2759 3686 2834 κολαστηρίων

2055 2857 2286 2932 βάσανος
2316 2855 2461 2926 παρὰ
2510 2857 2606 2908 τοῦ
2649 2852 2772 2907 τότε
2821 2849 3133 2921 δικάζοντος
3180 2849 3420 2924 εὕρηται.
3468 2848 3685 2904 Κελεύει

2055 2940 2260 3016 λέϐητα
2321 2945 2484 3017 μέγαν
2532 2943 2698 3018 πίσσῃ
2759 2938 3071 3011 πλησθέντα
3113 2940 3459 2996 ύποκαίεσθαι
3501 2943 3694 2994 τοῦτον

2053 3032 2429 3107 λαμπροτάτῳ
2478 3032 2628 3105 πυρί.
2682 3029 2993 3103 Βραζούσης
3043 3027 3134 3085 οῦν
3183 3036 3282 3098 τῆς
3340 3031 3558 3100 πίσσης,
3605 3027 3698 3083 καὶ

2054 3123 2261 3201 σφόδρα
2316 3121 2671 3196 ἐκκαιομένης
2699 3166 2712 3191 ,
2763 3120 3065 3196 προέτεινεν
3115 3121 3141 3175 ὁ
3189 3119 3468 3195 ἀνήμερος
3510 3118 3697 3196 ἄρχων

2049 3215 2119 3283 τῇ
2152 3211 2390 3287 μακαρίᾳ
2419 3209 2620 3285 ἐκείνῃ,
2643 3209 2840 3286 λέγων,
2874 3209 2957 3264 ὅτι
2999 3210 3066 3266 Ἦ
3117 3207 3334 3278 ἄπελθε,
3391 3209 3701 3284 ὑποτάγηθι

2049 3309 2167 3366 τοῖς
2224 3302 2497 3374 θελήμασι
2554 3299 2821 3357 δεσπότου
2867 3320 3002 3355 σου·
3035 3299 3094 3369 ἢ,
3141 3298 3236 3353 ’ίνα
3287 3295 3477 3354 εἰδέναι
3524 3296 3704 3374 ἔχοις,

2052 3393 2103 3448 ἐν
2152 3397 2229 3464 τῷ
2278 3389 2473 3462 λέϐητί
2534 3410 2592 3446 σε
2634 3389 3062 3465 καταγγισθῆναι
3113 3387 3340 3446 κελεύω.
3391 3389 3453 3444 Ἠ
3503 3384 3560 3442 δέ
3606 3386 3706 3441 ἀπ-

2053 3482 2295 3557 εκρίνατο
2364 3481 2597 3556 λέγουσα
2631 3501 2643 3514 ·
2717 3480 2806 3548 Μὴ
2879 3482 3089 3554 γένοιτο
3154 3482 3406 3540 τοιοῦτος
3481 3477 3708 3532 πώποτε

2051 3573 2240 3637 ἄδικος
2273 3571 2555 3643 δικαστής,
2587 3573 2615 3628 6
2644 3570 2886 3628 κελεύων
2935 3570 3321 3628 ὑποτάττεσθαί
3355 3592 3423 3644 με
3471 3570 3703 3640 ἀσωτίᾳ.

2051 3667 2385 3737 Ἀπομανείς
2443 3663 2533 3720 οῦν
2589 3664 2790 3725 ἐκεῖνος
2825 3709 2837 3733 ,
2900 3660 3110 3719 κελεύει
3167 3662 3338 3731 αὐτήν
3395 3659 3705 3717 ἐκδοθεῖσαν

2051 3751 2402 3830 ἐμϐληθῆναι
2457 3757 2535 3823 τῷ
2582 3750 2799 3822 λέϐητι.
2865 3757 2927 3809 Ἥ
2990 3749 3047 3807 δὲ
3103 3751 3288 3829 ἀφίησι
3347 3753 3555 3830 φωνὴν,
3623 3750 3709 3806 εἷ·-

2051 3849 2249 3903 ποῦσα.
2279 3844 2387 3913 Τὴν
2419 3842 2662 3919 κεφαλὴν
2711 3847 2809 3898 τοῦ
2857 3839 3127 3918 βασιλέως
3160 3863 3277 3910 σου,
3327 3842 3386 3896 ’ὸν
3434 3843 3495 3896 σὺ
3536 3836 3708 3916 φοϐῇ,

2052 3934 2103 3990 εἷ’
2159 3933 2404 4009 κέκριταί
2463 3954 2548 3989 σοι
2616 3933 2679 3990 τὸ
2747 3931 2920 3996 οὕτως
2979 3952 3045 4004 με
3095 3933 3510 4006 τιμωρήσασται
3545 3974 3559 4000 ,
3631 3931 3708 4001 μή

2051 4023 2316 4098 κελεύσῃς
2385 4044 2452 4098 με
2527 4019 2816 4091 ἐκδυθῆναι
2869 4066 2884 4089 ,
2962 4019 3111 4076 ἀλλὰ
3184 4023 3298 4077 κατ’
3375 4021 3565 4096 ὀλίγον
3645 4042 3711 4094 με

2052 4115 2361 4187 πρόσταξον
2420 4112 2470 4168 ἐν
2539 4117 2608 4188 τῇ
2682 4110 2957 4186 βραζούσῃ
3032 4113 3205 4186 πίσσῃ
3259 4111 3712 4187 καταχαλᾶσθαι,

2047 4201 2140 4258 ’ίνα
2209 4201 2331 4278 ἴδῃς
2380 4203 2558 4272 πόσην
2609 4201 2888 4274 ὑπομονήν
2944 4221 3039 4273 μοι
3093 4198 3388 4280 ἐχαρίσατο
3421 4201 3449 4254 6
3479 4199 3713 4274 Χριστὸς

2053 4293 2113 4348 ’ὸν
2145 4291 2206 4347 σὺ
2245 4291 2482 4367 ἀγνοεῖς..
2532 4291 2633 4349 Καὶ
2684 4291 3027 4369 χαλασθεῖσα
3075 4291 3209 4345 κατὰ
3252 4291 3468 4362 μικρὸν,
3502 4291 3575 4350 ὡς
3620 4286 3707 4343 ἐπὶ

2054 4381 2350 4457 παρατάσει
2409 4380 2565 4452 ὡρῶν
2625 4386 2837 4454 τριῶν,
2899 4379 3082 4442 οὕτως
3147 4380 3385 4454 ἐξέψυξεν
3431 4379 3710 4460 φθασάσης

2055 4477 2157 4542 τῆς
2189 4472 2390 4542 πίσσης
2422 4469 2544 4546 περῖ
2577 4469 2665 4524 τὸν
2697 4469 3001 4544 τράχηλον.
3028 4523 3033 4538 ε

2697 4584 2956 4635 ΚΕΦΑΛ.
3000 4580 3072 4637 Δ’.

2665 4669 2796 4742 Περὶ
2837 4666 3098 4741 Διδύμου.

2127 4778 2392 4836 Πλεῖστον
2455 4777 2548 4850 μὲν
2607 4775 2702 4832 οῦν
2762 4778 3015 4850 σύστημα
3074 4797 3250 4854 χορου
3297 4776 3452 4854 ἁγίου
3503 4775 3707 4852 ἀνδρῶν

2054 4890 2116 4926 τε
2161 4868 2250 4923 καὶ
2303 4871 2568 4939 γυναικῶν
2620 4866 3016 4938 ἐτελειώθησαν
3065 4869 3188 4922 τότε
3237 4865 3289 4924 ἐν
3341 4873 3409 4943 τῇ
3461 4867 3714 4938 Ἀλεξαν-

2057 4956 2224 5033 δρέων
2295 4954 2630 5027 Ἐκκλησία,
2687 4955 2828 5027 ἄξιοι
2904 4957 3204 5030 εὑρεθέντες
3275 4964 3374 5027 τῆς
3451 4964 3555 5033 γῆς
3603 4960 3713 5011 τῶν

2053 5049 2287 5121 πραέων.
2334 5048 2422 5102 ’Ev
2470 5047 2562 5108 οἷς
2606 5045 2914 5101 τελειοῦται
2955 5046 3044 5101 καὶ
3086 5048 3113 5102 ὁ
3148 5047 3414 5122 μακάριος
3467 5044 3709 5118 Δίδυμος

2054 5141 2083 5194 6
2141 5133 2477 5215 συγγραφεὺς
2533 5134 2561 5189 6
2619 5134 2726 5190 ἀπὸ
2780 5135 3047 5209 ὀμμάτων
3104 5137 3414 5212 γενόμενος,
3487 5136 3550 5190 0'5
3617 5135 3712 5190 καὶ

2052 5226 2342 5301 συντυχίας
2396 5219 2612 5300 ἔσχηκα
2656 5224 2935 5300 τέσσαρας,
2981 5226 3040 5281 ἐκ
3078 5223 3491 5301 διαλειμμάτων
3538 5225 3710 5298 ἀπερ-

2053 5318 2289 5394 χόμενος
2349 5315 2484 5390 πρὸς
2543 5313 2702 5370 αὐτὸν
2762 5314 2852 5370 ἐπὶ
2911 5313 3036 5372 δέκα
3091 5311 3208 5388 ἔτη.
3275 5315 3590 5372 Τελειοῦται
3649 5313 3714 5370 δὲ

2051 5409 2228 5472 οὗτος,
2280 5405 2417 5462 ἐτῶν
2450 5401 2792 5480 ὀγδοήκοντα
2840 5404 3018 5462 πέντε.
3069 5407 3236 5469 Οὗτος
3292 5405 3384 5461 ἀπ’
3434 5404 3706 5479 ὀμμάτων

2051 5499 2321 5573 ὑπῆρχεν,
2371 5495 2447 5556 ὡς
2505 5493 2670 5558 αὐτός
2733 5516 2828 5568 μοι
2892 5493 3221 5571 διηγήσατο,
3276 5497 3568 5570 τετραέτης
3608 5495 3708 5558 τὰς

2049 5587 2200 5662 ὄψεις
2266 5578 2559 5640 ἀποϐαλὼν
2593 5629 2608 5650 ,
2712 5587 2853 5657 μήτε
2915 5586 3252 5661 γραμμάτων
3322 5586 3660 5659 μεμαθηκῶς
3697 5625 3714 5651 ,

2051 5680 2193 5755 μήτε
2221 5674 2368 5751 παρὰ
2422 5672 2781 5740 διδασκάλοις
2810 5680 3076 5756 φοιτήσας
3097 5695 3110 5710 ·
3144 5677 3263 5757 εἶχε
3289 5678 3392 5755 γὰρ
3440 5676 3532 5732 τὸν
3575 5675 3714 5730 κατᾶ
