4076 6280
355 378 516 441 1013

1714 370 2081 434 HISTORIA
2123 367 2534 431 LAUSIACA.

3730 370 3884 433 1014

351 504 531 568 Cellae
580 507 905 577 eremiticm,
966 506 1193 563 circiter
1250 503 1457 576 quinto
1515 502 1586 560 ab
1643 502 1785 559 urbe
1849 501 2062 575 lapide.
2097 506 2142 569 Α
2178 505 2235 555 tu
2263 497 2525 554 manebis
2567 512 2860 567 nunquam
2913 497 3167 554 bibens?
3224 498 3353 568 Ipse
3400 503 3594 557 autem
3653 516 3685 557 e
3739 503 3885 560 cella

1034 627 1268 685 CAPUT
1320 629 1390 685 II.

845 738 1141 795 Dorotheus
1163 738 1239 809 (3)
1277 736 1573 794 Thebanus.

425 870 496 925 Et
530 867 823 922 metradit
858 865 1032 941 enim
1080 864 1362 919 Dorotheu
1420 862 1785 917 exercitatori
1843 861 2065 917 Theba-

347 976 428 1014 no
461 958 887 1028 sexagesimum
922 972 1144 1011 annum
1177 954 1365 1026 agenti
1407 953 1464 1008 in
1497 952 1794 1023 spelunca,
1817 957 1873 1005 et
1896 952 2067 1021 jubet

346 1066 445 1105 me
476 1048 718 1119 implere
749 1050 899 1117 apud
934 1047 1123 1114 ipsum
1153 1051 1271 1100 tres
1295 1044 1562 1100 annosad
1594 1042 1914 1097 domandus
1936 1042 2067 1095 ani-

348 1140 433 1193 mi
468 1136 929 1209 perturbationes
964 1136 1209 1207 (sciebat
1249 1136 1405 1189 enim
1457 1149 1653 1188 senem
1686 1148 1856 1202 agere
1885 1132 2063 1186 vitam

344 1229 664 1284 admodum
698 1229 904 1281 duram
939 1232 995 1280 et
1015 1225 1328 1297 asperam),
1354 1230 1410 1279 et
1442 1228 1742 1293 postquam
1777 1237 2063 1276 annorum

346 1334 652 1373 numerum
670 1315 1026 1387 implessem,
1053 1332 1117 1369 ru
1132 1330 1259 1369 rsns
1286 1315 1355 1369 ad
1375 1330 1508 1367 eum
1530 1316 1863 1377 revcrterer,
1890 1327 1942 1363 in
1956 1328 2066 1365 an—

349 1408 593 1463 davitob
618 1406 898 1478 reliquam
946 1405 1277 1461 doctrinam
1314 1403 1658 1474 spiritalem.
1692 1402 1832 1457 Cum
1868 1405 2062 1455 autem

342 1515 460 1554 non
498 1497 815 1569 potuissem
848 1498 1000 1565 apud
1047 1512 1179 1550 eum
1230 1493 1471 1565 implere
1520 1508 1820 1547 numerum
1890 1490 2063 1545 trium

340 1603 653 1653 annorum,
720 1602 786 1641 eo
861 1587 1017 1657 quod
1095 1585 1153 1639 in
1224 1585 1492 1640 morbum
1558 1582 1894 1637 incidissem
1962 1596 2067 1636 ve-

339 1677 695 1742 hementem,
757 1676 828 1731 ab
869 1693 934 1731 eo
986 1675 1192 1730 recessi
1218 1679 1354 1729 ante
1385 1680 1616 1744 tempus
1649 1674 2062 1743 praestitutum.

344 1769 480 1842 Erat
511 1772 667 1823 enim
702 1771 825 1835 ejus
861 1768 987 1821 vita
1036 1766 1180 1821 ratio
1222 1766 1394 1835 longe
1424 1766 1766 1835 asperrima,
1797 1762 2066 1835 squalida

2173 604 2463 660 egressus,
2492 602 2621 641 cum
2658 602 2759 657 per
2806 603 2866 641 se
2917 588 3231 651 hausisset,
3264 590 3411 645 bibit
3456 592 3720 661 jejunus,
3747 608 3881 648 cum

2174 679 2337 751 prius
2386 676 2686 739 signaculo
2738 675 2929 730 crucis
2982 678 3310 745 muniisset,
3345 684 3402 734 et
3458 679 3742 736 dixisset:
3778 680 3883 737 Ubi

2175 784 2315 823 crux
2346 766 2509 822 adest
2538 766 2636 836 (7),
2669 765 2786 819 illic
2818 766 3038 821 viribus
3080 774 3235 822 caret
3270 768 3482 824 diaboli
3516 769 3882 841 improbitas.

2848 855 3080 912 CAPUT
3122 857 3216 913 Ill.

2468 947 2602 1001 Acta
2626 953 2675 1000 et
2695 947 3058 1015 temperantia
3091 948 3449 1005 Potamiamae
3480 948 3582 1019 (8).

2247 1037 2457 1090 Beatus
2485 1051 2621 1106 ergo
2654 1035 2907 1089 Isidorus
2939 1037 3334 1101 xenodocbus,
3370 1041 3469 1108 qui
3505 1040 3738 1094 beatum
3771 1041 3885 1096 An-

2174 1125 2401 1181 tonium
2443 1129 2805 1188 convenerat,
2840 1126 3091 1179 narravit
3139 1126 3300 1190 mibi,
3332 1142 3394 1183 se
3424 1127 3495 1181 ab
3525 1144 3591 1183 eo
3623 1128 3885 1184 audivisr

2176 1231 2237 1271 se
2270 1231 2390 1270 rem
2423 1215 2659 1283 dignam
2693 1231 2821 1285 quas
2856 1216 3163 1270 mandetur
3194 1214 3425 1272 litteris.

2247 1304 2602 1360 Potamimna
2626 1305 2888 1375 quzedam
2936 1304 3122 1372 puella
3155 1307 3595 1374 formosissima,
3630 1310 3889 1378 tempore

2176 1394 2473 1451 Maximinl
2501 1396 2877 1465 persecutoris
2908 1395 3018 1449 fuit
3045 1395 3258 1450 ancilla
3288 1397 3591 1465 cujusdam
3614 1397 3891 1469 intempe‘

2175 1483 2359 1539 rantis
2389 1488 2447 1538 et
2501 1482 2821 1540 libidinosi.
2854 1486 2997 1549 Qam
3046 1500 3179 1540 cum
3223 1483 3471 1540 multum
3522 1495 3798 1558 rogasset,
3832 1492 3889 1543 et

2175 1573 2225 1628 ei
2256 1572 2413 1627 varia
2450 1571 2815 1643 promisisset
2838 1573 2963 1641 ejus
2985 1573 3283 1642 dominus,
3310 1590 3436 1629 eam
3463 1591 3574 1629 non
3595 1576 3889 1645 potuitde-

2176 1663 2387 1734 cipere.
2420 1665 2543 1725 Quo
2576 1663 2791 1717 factum
2824 1668 2913 1718 est
2944 1668 3008 1717 ut
3037 1664 3086 1717 is
3119 1662 3354 1718 tandem
3390 1664 3580 1721 furore
3611 1667 3887 1737 percitus,

2177 1770 2300 1810 eam
2406 1754 2657 1809 traderet
2748 1755 3011 1824 praefecto
3102 1754 3490 1810 Alexandrino
3592 1756 3690 1827 (9),
3788 1758 3886 1827 qui

353 1862 415 1913 et
450 1858 616 1927 plane
645 1858 826 1911 arida.
861 1857 1003 1912 Toto
1063 1855 1216 1910 enim
1272 1854 1387 1919 die,
1420 1863 1590 1924 atque
1646 1854 1788 1909 adeo
1836 1853 1893 1906 in
1938 1853 2064 1923 ipso
2103 1878 2145 1941 Β
2177 1847 2298 1898 erat
2344 1860 2408 1897 eo
2465 1847 2747 1941 temppw.
2800 1848 3106 1941 tanquam_
3153 1842 3570 1914 Christianam,
3640 1850 3697 1901 et
3762 1863 3887 1918 quae

346 1950 494 2000 metu
558 1945 837 2011 meridiei,
871 1945 927 1997 in
961 1943 1272 1999 solitudine
1321 1959 1451 2013 quae
1507 1952 1589 1997 est
1633 1950 1856 2010 pr0pter
1889 1957 2064 2009 mare,

339 2034 650 2105 colligebat
681 2034 923 2105 lapides,
956 2040 1014 2088 et
1038 2050 1104 2088 ex
1140 2033 1221 2087 eis
1251 2048 1483 2102 semper
1525 2031 1836 2097 aedilicius,
1860 2036 1915 2084 et
1946 2031 2063 2084 cel-

346 2125 439 2179 las
473 2126 710 2187 faciens,
744 2141 843 2179 eos
890 2123 1129 2178 cedebat
1164 2123 1233 2176 iis
1292 2122 1389 2190 qui
1421 2138 1535 2176 non
1588 2128 1849 2191 poterant
1878 2119 2068 2174 rediti-

337 2230 499 2281 care,
533 2213 777 2279 singulis
801 2213 969 2268 annis
1018 2212 1219 2267 cellam
1274 2211 1509 2265 faciens.
1544 2209 1683 2264 Cum
1728 2214 1921 2265 autem
1954 2226 2060 2279 ego

337 2303 665 2375 aliquando
717 2302 851 2357 huic
911 2307 1115 2357 sancto
1159 2301 1437 2357 dixissem
1468 2317 1480 2355 :
1515 2299 1660 2362 Quid
1693 2300 1836 2366 agis,
1872 2298 2060 2365 Pater,

331 2391 394 2446 in
436 2396 597 2444 tanta
629 2397 921 2444 senectute
951 2389 1361 2459 corpusculum
1395 2393 1563 2441 tuum
1609 2386 1876 2442 occidens
1899 2388 2061 2440 calo-

334 2480 508 2536 ribus
531 2478 1037 2534 intolerabilibus?
1069 2478 1389 2548 Respondit
1438 2476 1603 2542 mibi,
1636 2477 1875 2531 dicens:
1907 2475 2054 2531 Illud

327 2585 433 2625 me
467 2569 695 2636 occidit,
725 2585 830 2638 ego
864 2583 1098 2640 quoque
1158 2567 1351 2635 ipsum
1383 2566 1666 2621 occidam.
1711 2565 2059 2620 Comedebat

324 2662 535 2715 autem
564 2658 1034 2729 singulisdiebus
1057 2672 1155 2711 sex
1184 2658 1384 2710 uncias
1416 2656 1603 2727 panis,
1624 2663 1674 2709 et
1700 2655 2055 2708 minutorum

323 2750 558 2804 olerum
624 2747 965 2802 fasciculum
999 2748 1080 2818 (4)
1105 2766 1118 2813 ;
1145 2763 1311 2818 aquae
1369 2751 1561 2799 autem
1596 2745 1832 2799 bibebat
1863 2744 2054 2797 modi-

322 2854 472 2893 cum
505 2836 665 2907 quid.
702 2835 884 2892 Deum
946 2844 1140 2891 autem
1190 2842 1373 2890 testor
1430 2849 1521 2888 me
1576 2848 1877 2903 nunquam
1922 2847 2053 2887 eum

327 2927 675 2991 cognOvisse
726 2929 896 2995 pedes
954 2926 1304 2988 extendisse,
1330 2941 1444 2979 non
1496 2924 1689 2978 dedita
1718 2939 1893 2990 Opera
1924 2923 2055 2977 dor-

330 3016 532 3070 miisse
563 3015 622 3069 in
657 3022 803 3078 toro,
836 3022 936 3070 ant
958 3032 1134 3085 super
1162 3015 1377 3069 lectum
1406 3031 1420 3081 ;
1454 3015 1550 3068 sed
1603 3030 1703 3083 per
1730 3018 1909 3066 totam
1946 3030 2052 3066 no-

333 3110 485 3159 ctem
520 3104 730 3157 sedens
775 3104 1117 3158 contexebat
1174 3104 1369 3157 funem
1421 3119 1490 3156 ex
1523 3102 1698 3155 ramis
1728 3100 1806 3172 (5)
1842 3102 2053 3167 palma-

332 3209 489 3257 rum,
512 3199 572 3247 ut
601 3208 669 3248 ex
698 3209 764 3247 eo
792 3192 903 3246 sibi
940 3192 1155 3245 victum
1184 3196 1427 3257 pararet.
1452 3190 1596 3245 Cum
1644 3198 1828 3244 autem
1850 3190 2043 3258 suspi-

332 3299 496 3338 carer
534 3300 690 3349 eum,
726 3299 855 3337 cum
892 3280 1157 3336 adessem
1209 3280 1594 3346 solummodo,
1628 3285 1745 3333 tam
1787 3286 2046 3333 extrema

334 3387 504 3426 usum
537 3387 662 3426 esse
692 3370 1120 3432 exercitatione,
1154 3370 1495 3424 sciscitatus
1527 3385 1654 3422 sum
1692 3372 1755 3422 ut
1776 3373 1980 3421 scirem
2016 3386 2047 3422 a

331 3460 735 3530 compluribus
749 3461 1215 3533 ejusdiscipulie,
1234 3469 1333 3516 aut
1350 3465 1625 3531 perpetuo
1653 3465 1911 3513 uteretur
1927 3463 2047 3514 tam

332 3558 599 3608 accurata
649 3559 955 3622 exiictaque
1008 3551 1428 3606 exercitatione
1463 3549 1605 3620 :qui
1654 3549 1892 3619 quidem
1929 3564 2046 3602 ma-

330 3641 551 3697 nebant
574 3641 687 3711 ipsi
747 3658 978 3713 quoque
1000 3642 1272 3710 deinceps
1304 3656 1590 3707 seorsum,
1622 3655 1683 3693 se
1716 3647 1867 3695 recte
1896 3648 1947 3696 et
1981 3655 2050 3695 ex

332 3731 546 3785 virtute
577 3739 857 3797 gerentes.
903 3733 968 3787 Hi
1014 3732 1156 3787 mihi
1197 3733 1466 3787 dixerunt
1494 3732 1648 3799 quod
1683 3747 1715 3784 a
1739 3731 2047 3799 juventute

328 3820 508 3874 vitam
543 3836 710 3874 suam
744 3821 825 3875 ita
854 3822 1127 3888 instituit,
1164 3836 1463 3890 nunquam
1498 3820 1693 3873 dedita
1725 3835 1902 3889 Opera
1922 3820 2049 3873 dor-

330 3910 521 3963 miens
556 3909 662 3963 nisi
697 3912 849 3980 quod
877 3912 1025 3965 inter
1053 3910 1413 3980 operandam
1470 3909 1557 3962 vel
1617 3909 2041 3964 comedendum

329 3994 645 4065 aliquando
677 3999 1015 4051 convivebat
1061 3998 1243 4051 oculis
1293 3997 1535 4064 dejectis
1572 4015 1585 4063 ;
1622 3996 1764 4049 adeo
1806 4002 1871 4049 ut
1900 4011 2046 4065 saepe

330 4085 500 4155 panis
531 4100 759 4155 quoque
783 4086 861 4155 (6)
900 4102 966 4138 ex
1005 4086 1131 4155 ejus
1159 4101 1258 4138 ore
1289 4083 1577 4137 excideret
1623 4099 1760 4137 esus
1787 4090 2046 4152 tempore

329 4185 566 4244 propter
605 4175 845 4227 nimiam
877 4173 1370 4227 dormitattonem.
1405 4172 1545 4226 Cum
1573 4177 1766 4227 autem
1800 4188 1906 4240 ego
1937 4174 2044 4228 ali-

328 4263 563 4333 quando
595 4278 856 4333 cogerem
899 4262 1055 4317 bnnc
1086 4276 1346 4317 sanctum
1393 4261 1693 4332 paululum
1720 4263 1913 4331 jacere
1944 4281 2046 4318 su-

326 4368 430 4423 per
458 4361 731 4419 stoream,
755 4369 904 4425 aegre
937 4354 1126 4409 ferens
1160 4353 1469 4407 mihidixit
1501 4370 1513 4408 :
1546 4354 1601 4406 Si
1651 4353 1884 4423 quando
1918 4370 2042 4423 per-

323 4445 584 4498 suaseris
616 4443 841 4514 angelis
875 4450 938 4499 ut
983 4444 1278 4499 dormiant
1333 4450 1455 4497 tum
1513 4442 1741 4498 virtutis
1778 4443 2043 4500 studioso

321 4547 556 4604 quoque
589 4536 972 4604 persuaseris.

392 4623 653 4686 Quodam
687 4631 879 4680 autem
910 4624 1002 4679 die
1032 4623 1102 4678 ad
1140 4626 1373 4692 puteum
1402 4636 1571 4676 suum
1597 4636 1689 4675 me
1722 4619 1879 4677 misit
1932 4621 2039 4676 cir-
2067 4611 2114 4677 D

320 4722 388 4761 ca
419 4708 617 4765 horam
648 4729 883 4777 nonam,
917 4719 981 4767 ut
1012 4713 1315 4784 implerem
1353 4712 1587 4777 cadum,
1615 4726 1733 4782 quo
1774 4726 1839 4765 eo
1873 4711 1929 4765 in
1964 4728 2046 4768 re-

320 4794 567 4853 fectione
624 4810 879 4856 uteretur
938 4818 1072 4856 cum
1133 4801 1380 4855 instaret
1438 4800 1575 4855 hora
1639 4800 1749 4854 cibi
1802 4802 2042 4870 capien-

316 4886 397 4941 di.
463 4889 688 4943 Accidit
761 4894 955 4945 autem
1026 4894 1093 4945 ut
1159 4906 1290 4946 cum
1351 4889 1753 4957 accessissem,
1789 4890 1941 4945 infra
1978 4892 2035 4947 in

318 4979 487 5047 puteo
545 4977 796 5033 viderem
855 4979 1137 5048 aspidem,
1172 4984 1230 5035 et
1287 4995 1399 5048 prie
1459 4984 1621 5034 metu
1681 4995 1894 5050 aquam
1928 4980 2037 5034 mi-

316 5065 476 5121 nime
530 5065 843 5135 baurirem,
876 5072 971 5124 sed
1024 5068 1309 5124 currendo
1374 5085 1639 5123 reversus
1698 5070 1746 5122 ei
1800 5071 2037 5125 nuntia-

318 5171 463 5220 rem,
497 5156 696 5212 dicens
730 5176 743 5214 :
780 5159 1081 5223 Periimus,
1116 5161 1284 5222 abba,
1318 5159 1437 5213 vidi
1486 5160 1642 5214 enim
1679 5160 1926 5228 aspidem
1954 5160 2037 5216 in-

316 5245 497 5301 terius
527 5246 584 5300 in
631 5258 820 5317 puteo.
853 5247 953 5302 Ille
1003 5255 1194 5302 autem
1245 5250 1479 5301 honeste
1525 5248 1854 5316 subridens,
1889 5267 2030 5319 quo-

312 5335 470 5392 niam
508 5339 615 5391 mei
652 5354 925 5408 magnam
959 5337 1206 5392 habebat
1258 5339 1563 5403 rationem,
1600 5344 1657 5392 et
1690 5345 1864 5408 caput
1894 5357 2033 5411 qua-

308 5426 480 5496 tiens,
508 5429 651 5483 dixit
692 5429 791 5485 :Si
817 5430 1006 5485 visum
1072 5428 1244 5485 fuerit
1292 5428 1525 5483 diabolo
1570 5428 1629 5483 in
1663 5445 1896 5485 omnem
1933 5448 2032 5502 pu-

308 5520 464 5570 teum
518 5518 756 5587 injicere
812 5526 1133 5592 serpentes,
1166 5527 1223 5575 et
1253 5519 1507 5589 aspidas,
1541 5518 1628 5573 vel
1688 5521 2026 5592 testudines,

309 5610 411 5663 aut
439 5605 1229 5678 aliavenenataanimalia,in
1262 5625 1466 5665 omnes
1502 5611 1692 5665 fontes
1717 5626 2028 5681 aquarum,

2179 1939 2440 2001 tempora
2506 1936 2561 1985 et
2625 1931 3008 2000 imperatores
3093 1931 3476 1988 insectaretur
3570 1935 3889 1991 maledictis

2178 2028 2412 2093 propter
2478 2020 2943 2090 persecutiones;
2989 2020 3283 2091 pollicitus
3370 2037 3432 2076 se
3504 2022 3551 2077 ei
3612 2012 3888 2095 magnam

2178 2112 2434 2183 pecunias
2474 2112 2587 2166 vim
2621 2111 2895 2165 daturum
2918 2112 2989 2165 ob
3028 2112 3157 2181 ejus
3192 2111 3603 2182 calamitatem,
3636 2114 3837 2171 dicens
3869 2132 3885 2173 :

2173 2202 2228 2258 Si
2251 2204 2300 2257 ei
2336 2202 2691 2272 persuaseris
2724 2208 2788 2256 ut
2819 2217 2946 2257 meo
2991 2202 3281 2258 desiderio
3337 2205 3709 2270 assentiatur,
3761 2220 3887 2263 eam

2171 2291 2580 2348 custodinullo
2623 2291 2883 2347 affectam
2935 2291 3242 2362 supplicio.
3276 2292 3439 2359 Quod
3482 2293 3530 2347 si
3578 2295 3889 2352 mansisset

2170 2383 2229 2438 in
2263 2401 2330 2439 ea
2361 2400 2533 2455 quam
2566 2384 2637 2437 ab
2670 2383 2834 2437 initio
2897 2385 3225 2439 ostenderat
3284 2384 3639 2449 austeritate,
3665 2387 3890 2458 rogavit

2172 2479 2237 2528 ut
2259 2489 2326 2528 ea
2377 2472 2665 2542 supplicio
2722 2472 2928 2528 affecta
2980 2483 3321 2537 moreretur,
3365 2490 3459 2538 ne,
3491 2475 3715 2540 dicens,
3758 2476 3888 2532 viva

2171 2580 2360 2618 meam
2393 2562 3175 2634 irrideatintemperantiam.
3208 2562 3497 2620 Producta
3524 2569 3719 2621 autem
3744 2569 3881 2621 ante

2166 2653 2424 2710 tribunal
2481 2654 2639 2719 virgo
2683 2654 2865 2723 fortis,
2898 2653 3141 2709 diversis
3198 2655 3267 2709 ad
3316 2670 3518 2725 pascas
3562 2657 3881 2713 sumendas

2166 2742 2514 2811 comparatis
2548 2742 2983 2810 instrumentis,
3015 2760 3257 2816 corpore
3303 2742 3415 2799 fuit
3443 2744 3792 2813 excruciata,
3823 2764 3878 2821 et

2164 2835 2446 2891 adversus
2481 2831 2693 2887 multas
2725 2850 2790 2889 ac
2813 2834 3000 2889 varias
3058 2834 3315 2890 rationes
3369 2841 3561 2890 mente
3591 2850 3874 2907 tanquam

2161 2928 2342 2980 turris
2374 2925 2540 2981 ﬁrma
2571 2944 2637 2981 ac
2685 2925 2907 2980 stabilis
2950 2927 3271 2980 resistebat.
3309 2929 3466 2981 inter
3494 2925 3881 2983 instrumenta

2160 3023 2357 3070 autem
2390 3014 2832 3085 suppliciorum,
2862 3013 3153 3069 crudelius
3186 3016 3481 3084 quoddam
3506 3015 3726 3070 caeteris
3758 3021 3881 3070 tor-

2159 3108 2422 3157 mentum
2456 3104 2527 3157 ab
2558 3119 2623 3157 eo
2646 3103 2745 3174 qui
2768 3109 2907 3158 tunc
2928 3104 3245 3173 eratjudex
3274 3102 3573 3158 inventum
3620 3109 3730 3160 est.
3764 3104 3871 3160 Ju-

2158 3192 2256 3246 bet
2275 3193 2430 3248 enim
2457 3210 2727 3262 magnum
2750 3192 2991 3248 lebetem
3032 3193 3153 3260 pice
3177 3192 3457 3260 repletum
3486 3193 3876 3251 vehementis-

2158 3281 2307 3335 simo
2331 3283 2463 3351 igne
2483 3281 2741 3336 accendi.
2776 3280 2915 3335 Cum
2952 3279 3183 3336 bulliret
3212 3297 3349 3353 ergo
3383 3281 3477 3352 pix
3507 3289 3563 3338 et
3589 3282 3754 3339 valde
3776 3300 3875 3339 ar-

2157 3370 2337 3439 deret,
2370 3386 2677 3425 conversus
2708 3371 2777 3425 ad
2813 3368 2969 3424 illam
3007 3372 3229 3423 beatam
3281 3387 3470 3424 saevus
3505 3388 3738 3441 praeses,
3773 3372 3863 3427 di-

2157 3462 2240 3516 xit
2269 3477 2282 3514 :
2308 3462 2435 3527 Abi,
2489 3478 2622 3530 pare
2668 3460 2948 3515 voluntati
2997 3459 3219 3515 domini
3260 3459 3386 3528 tui;
3422 3461 3662 3532 alioqui,
3697 3462 3878 3519 utin‘

2156 3552 2408 3622 telligas.
2438 3553 2610 3616 jubeo
2642 3556 2696 3606 te
2727 3550 3018 3605 devolviin
3054 3550 3316 3607 lebetem.
3340 3552 3443 3608 Illa
3476 3568 3608 3608 vero
3642 3569 3873 3624 respon-

2158 3644 2264 3709 dit,
2299 3644 2538 3697 dicens:
2571 3643 2737 3696 Absit
2769 3642 2930 3695 utsit
2961 3641 3134 3711 iudex
3193 3645 3335 3697 adeo
3384 3642 3625 3713 iniquus
3651 3642 3744 3713 qui
3781 3659 3872 3698 me

2152 3735 2357 3805 jubeat
2389 3750 2587 3803 parere
2619 3732 2843 3787 libidini
2875 3732 3868 3806 etintemperantiaa.Illeitaquefu-

2159 3841 2285 3880 rore
2334 3822 2604 3893 percitus.
2646 3824 2816 3891 jubet
2869 3838 2993 3878 eam
3053 3825 3211 3886 exui,
3240 3832 3294 3877 et
3324 3823 3383 3877 in
3415 3823 3659 3880 lebetem
3688 3825 3865 3893 injici.

2158 3915 2264 3971 Illa
2293 3932 2425 3969 vero
2455 3930 2649 3968 vocem
2699 3915 2929 3976 emittit,
2962 3913 3202 3969 dicens:
3236 3918 3341 3968 Per
3387 3923 3561 3982 caput
3609 3915 3867 3985 impera-

2155 4004 2301 4057 toris
2330 4003 2443 4073 (10)
2473 4018 2649 4073 quem
2682 4006 2743 4056 tu
2777 4003 2965 4066 times,
2999 4001 3048 4055 si
3079 4002 3330 4055 statuisti
3356 4004 3442 4057 sic
3466 4018 3553 4057 me
3583 4002 3868 4071 supplicio

2155 4093 2403 4154 allicere,
2438 4109 2507 4145 ne
2532 4092 2783 4159 jusseris
2815 4106 2905 4145 me
2936 4091 3098 4157 exui;
3134 4092 3229 4145 sed
3257 4092 3398 4160 jube
3444 4106 3532 4146 me
3590 4093 3865 4161 paulatim

2154 4182 2213 4236 in
2248 4181 2428 4252 picem
2459 4181 2768 4236 ferventem
2802 4182 3048 4248 demitti,
3074 4190 3133 4235 ut
3164 4181 3362 4237 videas
3410 4186 3692 4253 quantam
3720 4183 3862 4238 mihi

2153 4270 2394 4341 largitus
2450 4277 2540 4326 est
2590 4271 2928 4339 patientiam
2979 4269 3247 4325 Christus
3306 4285 3478 4343 quem
3512 4274 3571 4323 tu
3607 4270 3859 4340 ignoras.

2151 4362 2289 4427 Quae
2319 4364 2399 4417 sic
2460 4363 2738 4433 paulatim
2786 4361 3040 4417 demissa
3097 4360 3284 4431 spatio
3342 4361 3521 4416 trium
3556 4360 3857 4429 horarum,

2151 4452 2343 4508 emisit
2371 4452 2637 4524 spiritum
2672 4467 2805 4507 cum
2838 4451 2931 4519 pix
2964 4455 3316 4519 pervenisset
3351 4451 3422 4505 ad
3475 4452 3603 4522 ejus
3625 4449 3859 4507 collum.

2813 4539 3047 4597 CAPUT
3091 4539 3180 4596 IV.

2648 4633 2763 4686 Vita
2796 4633 2813 4669 ί
2848 4630 3196 4703 Dilymi(ll)
3226 4630 3370 4686 orbi.

2224 4719 2519 4778 Plurimus
2548 4738 2682 4789 ergo
2704 4725 2887 4777 coetus
2927 4734 3258 4776 sanctorum
3288 4719 3538 4775 virorum
3570 4721 3627 4774 et
3657 4719 3860 4774 mulie-

2151 4827 2278 4865 rum
2315 4816 2450 4866 tunc
2482 4811 2591 4866 fuit
2620 4816 3068 4866 consummatus
3088 4808 3148 4864 in
3172 4809 3414 4864 ecclesia
3442 4807 3852 4877 Alexandrina,

2150 4901 2249 4973 qui
2282 4905 2421 4956 sunt
2449 4900 2664 4956 inventi
2696 4899 2855 4972 digni
2888 4907 3038 4955 terra
3062 4898 3311 4954 mitium.
3346 4898 3500 4954 Inter
3528 4914 3679 4969 quos
3711 4886 3855 4954 con;

2146 4996 2481 5048 summatur
2544 4992 2715 5046 etiam
2789 4992 2987 5044 beatus
3076 4988 3320 5060 scriptor
3403 4987 3676 5060 Didymus
3756 4991 3853 5059 qui

2147 5081 2255 5135 fuit
2285 5084 2463 5137 orbus
2492 5083 2626 5153 (12).
2647 5081 2788 5136 Cum
2816 5097 2931 5152 quo
2956 5078 3060 5133 fuit
3091 5080 3231 5134 mihi
3264 5084 3471 5149 quater
3493 5079 3849 5151 congressio,

2143 5186 2276 5226 cum
2312 5174 2506 5227 decem
2568 5188 2854 5227 annorum
2894 5170 3190 5239 interjecto
3234 5170 3541 5225 intervallo
3600 5172 3671 5226 ad
3714 5186 3848 5227 eum

2145 5261 2559 5331 proﬁciscerer.
2596 5265 2649 5319 Is
2702 5268 2895 5317 autem
2951 5267 3398 5316 consummatur
3447 5270 3617 5315 natus
3660 5275 3845 5313 annos

2141 5351 2433 5422 octoginta
2466 5356 2740 5425 quinque.
2780 5351 2907 5407 Fuit
2929 5359 3121 5407 autem
3172 5352 3217 5406 is
3250 5354 3443 5412 orbus,
3478 5348 3668 5419 utqui
3709 5362 3843 5401 cum

2140 5446 2293 5494 esset
2323 5446 2571 5511 quatuor
2599 5457 2782 5497 annos
2825 5454 3014 5508 natus,
3046 5440 3241 5497 oculos
3294 5437 3570 5503 amiserit,
3605 5442 3665 5489 ut
3720 5434 3845 5504 ipse

2140 5528 2282 5584 mibi
2309 5535 2591 5601 narravit;
2624 5538 2679 5588 et
2703 5549 2888 5605 neque
2911 5532 3134 5588 litteras
3155 5529 3375 5595 didicit,
3394 5542 3579 5597 neque
3601 5525 3843 5579 ventita-

2135 5620 2217 5675 vit
2236 5622 2305 5676 ad
2342 5630 2741 5697 praeceptores.
2768 5625 3025 5684 Habebat
3045 5624 3199 5682 enim
3222 5620 3541 5679 secundum
3574 5624 3842 5675 naturam

382 5696 397 5731 ¹
428 5695 532 5753 Hic
560 5697 841 5771 Didymus
873 5700 1042 5757 initio
1074 5699 1386 5758 sanctitate
1415 5707 1469 5756 et
1501 5699 1771 5757 doctrina
1801 5700 2017 5775 clarus,
2050 5707 2120 5763 ad
2154 5716 2502 5784 extremum,
2533 5695 2886 5788 Origenista.
