4076 6280
260 324 415 388 1015

1835 307 2197 371 PALLADII

3626 297 3786 359 1016

252 458 590 528 magistram
641 455 866 512 firmam
919 473 983 512 ac
1007 456 1277 516 validam,
1322 447 1615 522 propriam
1657 444 1957 502 eonscien-
1992 448 2043 511 Α
2078 460 2242 499 mens
2276 443 2457 499 linum
2488 458 2503 508 ;
2530 435 2774 508 reliquis
2807 441 2997 491 autem
3040 433 3202 528 horis
3235 436 3426 528 mente
3448 432 3673 488 revolvo
3701 431 3791 486 vi-

245 547 812 603 tiam.Tantaautem
835 546 1119 615 spiritalis
1147 540 1493 609 cognitionis
1562 536 1676 591 fuit
1733 550 1967 589 exorna-

249 643 347 693 tus
407 639 614 709 gratia,
645 642 704 691 ut
764 652 957 691 revera
992 631 1424 705 implereturin
1493 644 1558 683 eo
1616 629 1769 697 quod
1825 625 1967 678 scri-

250 732 411 799 ptum
474 736 613 781 est:
664 725 940 781 Dominus
1000 723 1295 779 illuminat
1364 719 1476 787 (l3)
1542 733 1721 771 caecos
1786 714 1963 787 (Paul.

252 819 433 885 CXLV).
468 815 647 870 Vetus
679 814 827 869 enim
862 821 918 866 et
950 829 1159 866 nevum
1215 812 1651 866 Testamentum
1686 805 1964 871 interpre-

252 908 488 961 tabatur
537 907 607 959 ad
674 905 911 957 verbum
950 918 962 956 :
996 904 1277 972 dogmata
1334 905 1525 952 autem
1587 895 1881 950 subtiliter
1911 894 1965 947 et

249 1003 363 1051 tam
394 1001 624 1049 strenue
654 995 1002 1064 exponebat,
1037 1000 1097 1047 ut
1120 1007 1325 1047 omnes
1358 1004 1575 1044 veteres
1607 986 1847 1039 scientia
1872 1000 1967 1038 su-

258 1086 489 1156 perarit.

320 1178 373 1231 Is
405 1190 531 1228 cum
572 1172 885 1244 aliquando
920 1189 1011 1227 me
1053 1175 1280 1242 cogeret
1340 1170 1397 1224 in
1455 1166 1599 1222 cella
1642 1167 1822 1221 facere
1843 1181 1968 1219 orn-

249 1265 487 1329 tionem,
522 1280 626 1333 ego
675 1270 867 1317 autem
907 1262 1145 1328 nollem,
1180 1260 1320 1314 mihi
1367 1259 1510 1312 dixit
1544 1271 1827 1311 narrans:
1859 1253 1966 1308 Ter

248 1355 307 1409 in
336 1354 486 1408 hanc
516 1352 723 1408 cellam
758 1353 1060 1423 ingressus
1094 1356 1183 1406 est
1218 1352 1424 1405 beatus
1446 1348 1750 1413 Antonius,
1776 1350 1835 1398 ut
1877 1359 1965 1398 nte

251 1444 497 1508 viseret;
534 1441 633 1514 qui
666 1458 696 1494 a
730 1458 819 1495 me
850 1449 1087 1512 rogatus
1118 1445 1182 1493 ut
1227 1440 1437 1493 faceret
1468 1436 1814 1499 orationem,
1843 1440 1966 1488 sta-

247 1533 354 1588 tim
387 1549 536 1603 genu
573 1532 726 1586 ﬂexit
759 1532 817 1586 in
849 1532 957 1586 hac
989 1530 1153 1599 cella,
1186 1546 1373 1601 neque
1394 1526 1685 1583 commisit
1717 1530 1780 1579 ut
1810 1524 1962 1595 quod

252 1622 506 1677 dixeram
556 1623 767 1676 iterutn
820 1626 1167 1691 repeterem,
1200 1636 1261 1673 re
1306 1620 1433 1689 ipsa
1480 1616 1713 1687 quidem
1749 1616 1964 1669 docens

250 1713 309 1767 in
341 1711 690 1768 obedientia.
726 1714 912 1776 Quare
943 1711 988 1765 si
1021 1717 1077 1765 tu
1130 1725 1357 1780 quoque
1403 1709 1532 1775 ejus
1564 1708 1685 1759 vitae
1719 1705 1963 1773 vestigia

2080 539 2197 589 tam
2230 542 2564 589 sanctorum
2598 532 2859 591 Patrum,
2894 531 2950 578 et
2995 523 3475 595 patriarcharum,
3508 532 3562 578 et
3600 528 3791 578 certa-

2079 626 2238 680 mina
2296 625 2595 679 beatorum
2657 620 3075 688 apostolorum,
3128 619 3184 669 et
3240 614 3677 685 prophetarum,
3737 618 3796 669 et

2080 721 2420 785 martyrum.
2457 713 2768 779 Postquam
2804 711 2996 759 autem
3020 705 3342 759 adventant
3374 720 3633 773 vespera,
3656 718 3792 758 cum

2082 805 2389 859 Dominum
2446 816 2641 855 meum
2676 798 3097 868 glortlicavero,
3147 794 3341 847 cibum
3394 793 3562 863 panis
3605 796 3797 862 capio,

2078 893 2366 966 plurimas
2398 892 2571 946 horas
2624 887 2808 943 noctis
2869 900 3240 955 perseverans
3299 884 3355 937 in
3423 885 3704 950 oratione,
3740 889 3797 939 et

2076 984 2251 1039 finem
2308 987 2674 1050 exspectans,
2711 978 2944 1047 quando
3004 974 3138 1028 hinc
3182 972 3471 1027 dissolvar
3512 989 3646 1026 eum
3690 988 3794 1042 spe

2081 1072 2253 1139 bona,
2284 1082 2329 1125 et
2369 1070 2660 1141 apparebo
2692 1074 2825 1121 ante
2858 1065 3058 1119 faciem
3094 1063 3307 1120 Christi
3342 1064 3463 1117 Dei.

2145 1164 2265 1218 Non
2298 1160 2734 1232 praetermittam
2798 1168 2990 1210 autem
3048 1156 3105 1209 in
3152 1156 3486 1209 narratione
3518 1169 3612 1209 eos
3646 1170 3792 1225 quo-

2075 1268 2188 1324 que
2218 1250 2314 1322 qui
2347 1252 2419 1304 ita
2452 1250 2739 1309 vixerunt,
2776 1252 2837 1300 ut
2869 1244 3119 1316 speciem
3172 1243 3405 1315 quidem
3454 1260 3563 1312 prae
3589 1259 3650 1296 se
3683 1242 3795 1297 fer-

2076 1348 2204 1397 rent
2252 1340 2471 1411 pictatis
2512 1354 2576 1393 ac
2635 1334 3103 1407 religionis;sed
3152 1350 3274 1388 eam
3336 1337 3793 1396 contemnerent,

2071 1434 2139 1486 ad
2176 1430 2403 1485 laudem
2464 1429 2702 1500 quidem
2757 1443 2958 1481 eorum
2994 1425 3095 1497 qui
3130 1431 3283 1479 recte
3314 1428 3369 1479 et
3401 1439 3468 1478 ex
3490 1424 3700 1478 virtute
3735 1439 3799 1477 se

2072 1526 2299 1593 gerunt,
2340 1523 2397 1574 et
2439 1525 2501 1573 ut
2534 1517 2681 1573 cauti
2716 1516 2833 1571 sint
2862 1521 2918 1570 et
2950 1515 3151 1569 attenti
3184 1514 3285 1585 qui
3318 1513 3537 1585 legunt.

2800 1605 2983 1659 APUT
3033 1604 3119 1659 Vl.

2800 1606 2884 1659 AP
2941 1605 2983 1659 T
3033 1605 3119 1659 Vl.

2109 1703 2181 1756 De
2210 1700 2442 1772 qundam
2479 1698 2698 1767 Virgine
2725 1607 2844 1767 qia:
2876 1605 3165 1750 laborabat
3187 1709 3383 1749 amore
3406 1692 3762 1749 divitiarum.

250 1802 620 1873 sequeris,ut
660 1803 759 1871 qui
792 1803 873 1855 sis
909 1798 1227 1855 monachus
1252 1806 1307 1852 et
1330 1798 1545 1868 hospes
1566 1796 1637 1851 ob
1670 1794 1962 1861 virtutem,
1998 1823 2042 1887 Β
2147 1792 2283 1846 Erat
2315 1790 2574 1862 quaedam
2636 1787 2993 1887 Alexandri-te
3025 1788 3215 1887 .virgo
3282 1784 3473 1887 solum
3538 1787 3799 1849 nomine,

250 1908 482 1949 omnem
514 1892 739 1961 depone
771 1892 1228 1945 contentionem.

322 1982 427 2037 Hic
460 1982 583 2051 ispe
611 1982 713 2035 hoc
747 1998 977 2053 quoque
1011 1982 1150 2035 mihi
1199 1978 1493 2034 narravit:
1538 1979 1675 2031 Cum
1706 1976 1959 2045 quodam

250 2073 364 2139 die,
400 2072 607 2136 aiebat,
641 2071 709 2123 de
733 2071 849 2125 vita
882 2069 1078 2125 miseri
1100 2069 1317 2123 Juliani
1341 2068 1729 2137 imperatoris.
1767 2070 1963 2131 utpote

255 2161 670 2231 persecutoris,
720 2176 907 2215 essem
970 2160 1279 2226 sollicitus,
1345 2168 1398 2212 et.
1454 2158 1643 2210 omine
1701 2171 1964 2224 angerer,

252 2252 459 2306 accidit
489 2256 549 2305 ut
584 2260 811 2321 prepter
860 2250 1011 2305 hanc
1060 2250 1511 2305 sollicitudinem
1554 2248 1623 2302 ad
1666 2261 1964 2314 vesperam

253 2356 435 2410 usque
466 2356 651 2395 seram
690 2339 835 2395 nihil
866 2342 1231 2396 comederem
1256 2357 1269 2405 ;
1296 2345 1351 2393 et
1380 2354 1511 2392 cum
1560 2337 1617 2391 in
1674 2335 1838 2390 sedili
1871 2350 1968 2388 se-

253 2430 475 2498 derem,
509 2445 600 2484 me
632 2446 871 2486 somnus
922 2430 1296 2500 Opprimeret,
1330 2434 1385 2483 et
1412 2429 1669 2483 viderem
1702 2426 1760 2479 in
1786 2423 1967 2479 extasi

254 2536 437 2592 equos
460 2521 622 2575 albos
670 2536 806 2576 cum
866 2521 1255 2577 insessoribus
1306 2523 1727 2590 percurrentes,
1767 2521 1823 2571 et
1861 2531 1968 2569 an-

254 2610 586 2665 nuntiantes
612 2627 623 2664 :
656 2610 842 2666 Dicite
874 2610 1137 2683 Didyme,
1171 2611 1342 2667 hodie
1370 2611 1514 2665 hora
1544 2608 1789 2677 septima
1814 2621 1972 2661 mor—

256 2702 395 2754 tuus
425 2704 517 2753 est
559 2698 1067 2771 Julianus;surge
1123 2716 1258 2770 ergo
1316 2704 1372 2754 et
1414 2700 1651 2753 comede
1683 2712 1696 2762 ;
1729 2694 1970 2766 etquod

256 2792 320 2843 tu
351 2786 489 2853 scis,
521 2788 763 2843 domum
798 2788 963 2844 mitte
992 2790 1064 2843 ad
1113 2788 1450 2859 episcopum
1472 2784 1874 2849 Athanasium,
1910 2785 1975 2838 ut

256 2874 354 2931 ille
386 2890 618 2947 quoque
646 2874 756 2932 hoc
808 2876 974 2932 sciat.
1034 2876 1238 2932 Notavi
1295 2882 1512 2942 autem,
1545 2874 1748 2943 inquit,
1779 2878 1836 2929 et
1866 2873 1971 2927 ho-

258 2970 488 3031 ram,et
537 2966 715 3035 diem,
748 2970 805 3023 et
863 2965 1309 3034 hebdomadem,
1341 2970 1398 3020 et
1456 2979 1736 3030 mensem,
1769 2966 1825 3019 et
1890 2961 1974 3019 sic

262 3056 478 3114 inveni

958 3147 1188 3206 CAPUT
1228 3147 1295 3200 V.

858 3238 895 3291 Α
907 3238 1189 3293 laxandrae
1234 3238 1372 3294 Vua.

332 3326 599 3382 Narravit
630 3332 824 3382 autem
860 3328 999 3382 mihi
1033 3344 1258 3399 quoque
1284 3327 1376 3382 hic
1409 3328 1613 3382 beatus
1635 3325 1705 3381 de
1729 3324 1984 3398 quadam

261 3414 486 3481 ancilla,
540 3416 774 3470 nomine
823 3417 1165 3485 Alexandra,
1218 3434 1342 3484 quas
1400 3418 1598 3470 relicta
1656 3416 1889 3470 civitate
1928 3415 1986 3467 in

272 3506 634 3561 monimento
668 3521 725 3557 se
777 3506 1034 3573 inclusit,
1072 3523 1173 3577 per
1224 3507 1478 3560 foramen
1539 3505 1828 3571 accipiens
1859 3520 1986 3575 quas

264 3599 437 3649 erant
472 3593 820 3657 necessaria,
855 3609 1042 3663 neque
1074 3596 1132 3648 in
1164 3595 1420 3647 virorum
1474 3610 1663 3663 neque
1695 3595 1751 3647 in
1786 3593 1993 3649 mulie-

270 3699 397 3740 rum
463 3686 841 3752 conspectum
901 3683 1136 3737 veniens
1192 3682 1379 3753 spatio
1432 3682 1632 3737 decem
1678 3699 1989 3737 annorum.

267 3774 511 3829 Decimo
544 3778 735 3827 autem
790 3788 942 3827 anno
999 3772 1164 3827 aiunt
1223 3777 1469 3839 beatam,
1501 3790 1630 3828 cum
1656 3774 1991 3838 dormisset,

276 3862 565 3931 secipsam
600 3862 1017 3930 composuisse,
1035 3864 1177 3919 adeo
1198 3870 1263 3919 ut
1289 3881 1411 3931 quae
1434 3864 1604 3918 solita
1625 3876 1739 3919 erat
1773 3866 1839 3919 ad
1864 3880 1989 3919 eam

282 3952 496 4019 venire,
532 3967 664 4006 cum
698 3951 781 4006 illi
816 3968 929 4006 non
976 3954 1389 4023 respondisset,
1425 3954 1594 4009 nobis
1625 3954 1994 4009 renuntiave-

282 4040 376 4096 rit.
446 4045 585 4096 Cum
656 4058 760 4096 nos
807 4058 943 4112 ergo
1000 4046 1470 4107 accessissemus,
1538 4049 1593 4097 et
1650 4042 1995 4098 munimenti

281 4131 492 4187 ostium
536 4131 982 4200 amovissemus,
1016 4131 1267 4206 ingressi
1319 4148 1527 4187 sumus
1572 4136 1628 4187 et
1665 4132 1995 4188 invenimus

278 4237 404 4275 eam
436 4220 820 4278 obdormisse.

356 4311 429 4364 De
463 4326 528 4366 ea
560 4316 755 4366 autem
784 4310 1012 4366 dicebat
1040 4309 1214 4365 etiam
1251 4310 1587 4365 beatissima
1611 4309 1852 4365 Melania
1876 4310 1993 4364 Ro-

281 4400 674 4466 mana,cujus
714 4401 888 4453 vitam
934 4400 1177 4454 narrabo
1236 4406 1490 4470 tempore
1529 4406 1585 4453 et
1635 4400 1755 4453 loco
1786 4414 1996 4453 conve-

281 4487 459 4542 nienli
512 4488 708 4555 (Infra,
742 4489 847 4550 hic,
908 4504 1031 4558 cup.
1076 4490 1219 4560 117).
1280 4488 1487 4558 Hujus,
1547 4489 1755 4560 inquit,
1817 4489 1997 4541 beatae

2077 1883 2281 1937 habitu
2306 1880 2541 1953 quidem
2578 1878 2837 1941 humilis,
2861 1876 3041 1930 animi
3072 1880 3262 1930 autem
3299 1874 3567 1930 instituto
3603 1890 3797 1945 parca,

2077 1973 2329 2042 superba
2359 1976 2414 2025 et
2448 1968 2727 2031 insolens,
2762 1974 2817 2020 et
2846 1965 3120 2020 laborans
3143 1966 3407 2026 avaritia,
3438 1964 3563 2019 auri
3600 1964 3797 2035 potius

2075 2078 2251 2132 quam
2285 2060 2497 2115 Christi
2542 2072 2786 2111 amans:
2819 2072 2885 2110 ex
2948 2057 3117 2109 rebus
3166 2053 3281 2110 suis
3335 2055 3478 2108 nulli
3536 2069 3801 2126 unquam

2076 2151 2379 2212 exhibens,
2416 2165 2529 2204 non
2578 2147 2817 2216 hospiti,
2844 2162 2957 2200 non
3009 2147 3243 2216 pauperi
3278 2150 3381 2199 aut
3410 2143 3649 2208 afﬂicto,
3684 2161 3800 2199 non

2080 2240 2385 2304 monacho,
2448 2254 2561 2293 non
2631 2235 2861 2307 virgini,
2932 2250 3044 2289 non
3114 2234 3368 2290 ecclesias
3437 2233 3524 2288 vel
3564 2235 3799 2290 obolum

2080 2346 2283 2385 unum.
2311 2327 2386 2383 Ea
2422 2325 2622 2381 multis
2656 2330 2986 2380 sanctorum
3022 2323 3248 2378 Patrum
3292 2323 3799 2378 admonitionibus

2078 2421 2339 2483 incitata,
2392 2433 2504 2472 non
2558 2418 2847 2485 repetebat
2906 2428 3081 2485 grave
3143 2414 3371 2485 pondus
3432 2413 3794 2469 divitiarum.

2081 2516 2211 2567 Erat
2239 2516 2430 2563 autem
2456 2508 2505 2563 ei
2541 2522 2774 2578 quoque
2805 2521 3010 2576 genus,
3047 2521 3115 2559 eu
3146 2521 3261 2575 quo
3309 2506 3528 2560 sororis
3577 2522 3696 2559 suae
3733 2504 3802 2558 ﬁ-

2082 2602 2219 2656 liam
2251 2601 2311 2655 in
2345 2597 2525 2653 ﬁliam
2561 2598 2955 2667 adeptaverat.
2984 2595 3087 2651 Cui
3122 2600 3297 2649 noctu
3329 2604 3381 2649 et
3406 2595 3502 2649 diu
3533 2611 3640 2651 sua
3670 2592 3800 2665 pol-

2082 2690 2385 2754 licebatur,
2420 2702 2557 2743 cum
2593 2686 2721 2757 ipsa
2751 2684 3060 2741 excidisset
3080 2684 3153 2740 ab
3196 2684 3411 2756 opibus
3447 2683 3802 2740 cmlestibus.

2081 2780 2225 2835 Nam
2258 2778 2377 2833 haec
2407 2792 2637 2849 quoque
2666 2780 2758 2831 est
2779 2791 2896 2829 una
2925 2774 3148 2845 species
3179 2773 3403 2829 fraudis
3435 2772 3664 2841 diaboli,
3688 2771 3803 2845 qui

2080 2872 2360 2942 pretextu
2421 2864 2636 2922 amoris
2694 2864 2752 2920 in
2814 2869 3111 2933 cognatos,
3160 2862 3339 2919 efﬁcit
3404 2867 3467 2917 ut
3524 2870 3808 2919 nascatur

2085 2956 2349 3015 avaritia.
2384 2960 2527 3011 Nam
2570 2955 2725 3024 quod
2753 2954 2807 3010 ei
2844 2952 3007 3009 nulla
3046 2953 3122 3008 sit
3160 2969 3301 3008 cura
3360 2951 3617 3025 generis,
3665 2952 3807 3009 hinc

2087 3051 2265 3121 patet.
2314 3045 2444 3115 Ipse
2499 3043 2656 3099 enim
2696 3045 2891 3099 docuit
2945 3047 3001 3099 et
3052 3042 3305 3107 fratrem,
3346 3050 3400 3096 et
3438 3047 3707 3110 matrem,
3747 3045 3807 3097 et

2093 3142 2312 3211 patrem
2371 3134 2650 3192 occidere.
2689 3133 2868 3206 quue
2941 3140 3028 3189 est
3103 3148 3173 3189 ex
3247 3132 3571 3202 Scripturis
3645 3136 3808 3187 extra

2098 3229 2573 3287 controversiam.
2609 3226 2715 3281 Sed
2748 3227 2854 3281 etsi
2911 3226 3180 3281 videatur
3251 3224 3549 3279 nonnullis
3605 3240 3805 3279 curam

2097 3326 2482 3392 cognatorum
2542 3319 2798 3373 inserere
2855 3317 3035 3388 (Deut.
3068 3318 3191 3387 χιι),
3225 3332 3337 3371 non
3365 3316 3471 3369 hoc
3495 3315 3634 3370 facit
3652 3315 3805 3383 quod

2098 3412 2214 3467 illis
2250 3415 2389 3465 bene
2411 3408 2566 3474 velit,
2603 3410 2700 3463 sed
2736 3414 2798 3462 ut
2828 3423 3026 3462 eorum
3070 3408 3165 3475 qui
3206 3408 3254 3461 ei
3315 3412 3519 3476 parent
3548 3408 3803 3462 animam

2097 3511 2291 3572 aperte
2323 3506 2580 3555 exerceat
2614 3501 2680 3553 ad
2718 3499 3090 3567 injustitiam,
3123 3514 3250 3553 cum
3288 3498 3413 3567 ipse
3458 3497 3606 3552 sciat
3628 3498 3805 3552 latam

2098 3594 2472 3654 sententiam,
2516 3607 2639 3659 quae
2688 3589 2874 3644 dicit:
2935 3588 3143 3657 Injusti
3212 3603 3451 3659 regnum
3522 3587 3619 3641 Dei
3690 3604 3805 3643 non

2102 3681 2483 3752 possidebunt
2512 3680 2559 3743 (Ι
2589 3679 2712 3735 Cor.
2746 3680 2841 3749 v1).
2879 3680 3061 3735 Potest
3093 3683 3283 3734 autem
3339 3678 3569 3750 aliquis,
3602 3682 3657 3734 et
3688 3677 3809 3748 epi-

2102 3770 2252 3827 ritali
2288 3776 2480 3825 motus
2511 3770 2911 3841 intelligentia,
2944 3778 3000 3825 et
3042 3770 3235 3825 divino
3262 3770 3579 3840 Ldesiderio.
3615 3783 3805 3841 neque

2103 3878 2269 3915 suam
2297 3860 2587 3932 negligere
2619 3861 2899 3927 animam,
2936 3864 2992 3915 et
3046 3860 3309 3931 cognatis
3370 3875 3539 3931 opem
3577 3861 3740 3927 ferre,
3774 3859 3823 3913 si

2104 3952 2243 4023 quid
2275 3951 2358 4005 eis
2391 3950 2654 4005 defuerit.
2678 3950 2918 4015 Quando
2951 3955 3143 4005 autem
3173 3951 3304 4021 quis
3328 3950 3408 4004 ita
3436 3955 3617 4005 totam
3644 3965 3815 4005 suam

2106 4040 2367 4095 instituit
2399 4040 2683 4106 animam,
2708 4048 2770 4093 ut
2792 4056 2857 4093 ea
2889 4039 3245 4111 despiciatur
3274 4046 3328 4095 et
3385 4040 3672 4096 obruatur
3704 4054 3817 4110 pre

2108 4145 2252 4186 cura
2283 4138 2656 4195 cognatorum
2708 4130 2846 4201 (14),
2878 4129 2929 4185 is
2987 4130 3191 4184 incidit
3238 4129 3297 4184 in
3356 4128 3568 4200 legem,
3603 4137 3663 4183 ut
3720 4131 3819 4199 qui

2106 4236 2273 4275 suam
2311 4236 2412 4289 pro
2449 4236 2590 4273 vano
2621 4220 2867 4274 aestimet
2917 4219 3195 4274 animam.
3221 4218 3387 4275 Canit
3416 4225 3609 4274 autem
3640 4217 3819 4273 David

2108 4326 2335 4383 quoque
2362 4326 2525 4364 sacer
2557 4308 3044 4380 psalmographus
3066 4309 3137 4363 dc
3168 4309 3237 4363 iis
3266 4304 3361 4376 qui
3394 4308 3814 4363 animaecuram

2108 4405 2340 4469 gerunt,
2384 4399 2441 4453 in
2472 4399 2678 4453 timore
2708 4397 2803 4453 Dei
2828 4400 3027 4453 dicens
3061 4415 3074 4454 :
3109 4398 3247 4461 Quis
3270 4398 3537 4453 ascendet
3570 4396 3624 4450 in
3647 4412 3819 4450 mon-

2107 4493 2220 4543 tem
2256 4487 2482 4543 Domini
2506 4491 2654 4559 ?pro
2685 4504 2750 4543 eo
2783 4489 2931 4560 quod
2965 4494 3073 4554 est,
3117 4504 3297 4543 rarus.
3340 4490 3453 4542 Aut
3479 4486 3607 4558 quis
3631 4483 3817 4540 stabit

279 4577 484 4631 faciem
522 4594 634 4631 non
672 4578 828 4649 potui
862 4577 1076 4633 intueri
1116 4589 1311 4632 :stans
1339 4587 1530 4633 autem
1564 4595 1700 4649 ergo
1731 4579 1883 4632 circa
1916 4577 1990 4630 fo-
2023 4567 2064 4630 D
2092 4580 2151 4634 in
2188 4578 2313 4634 loco
2371 4588 2573 4635 sancto
2626 4580 2755 4648 ejus
2785 4580 2811 4634 ?
2870 4579 3148 4634 Innocens
3184 4580 3469 4644 manibus,
3499 4586 3551 4632 et
3585 4573 3811 4634 mundo

279 4683 497 4735 ramen,
526 4684 650 4722 eam
691 4667 884 4734 rogavi
919 4674 983 4722 ut
1051 4667 1190 4723 mihi
1242 4670 1451 4723 diceret
1484 4684 1717 4722 causam
1754 4673 1986 4739 propter

280 4773 453 4826 qnam
489 4758 728 4813 secessit
759 4759 993 4830 quidem
1030 4777 1056 4810 a
1088 4758 1340 4820 civitate,
1374 4757 1621 4828 seipsam
1665 4764 1858 4811 autem
1894 4757 1986 4809 in-

279 4845 449 4899 clusit
492 4848 870 4903 monimento.
905 4847 1013 4901 llla
1054 4847 1508 4916 autem,inquit,
1568 4862 1669 4917 per
1727 4846 1986 4899 foramen

279 4949 370 4987 me
422 4938 510 4987 est
561 4936 828 5003 allocuta,
875 4938 1076 4991 dicens
1111 4953 1123 4991 :
1164 4936 1436 5003 Quidam,
1498 4936 1709 5007 inquit,
1779 4937 1986 4989 insano

276 5023 390 5077 mei
422 5038 619 5076 amore
664 5025 991 5088 tenebatur,
1023 5032 1081 5079 et
1134 5042 1206 5081 ne
1252 5043 1385 5081 eum
1443 5025 1668 5080 viderer
1726 5025 1990 5079 molestia

276 5111 526 5171 afﬁcere.
561 5110 644 5165 vel
680 5112 735 5166 in
770 5114 1046 5167 invidiam
1105 5131 1331 5184 vocare,
1380 5114 1559 5170 malui
1595 5131 1685 5169 me
1719 5115 1903 5169 vivam
1927 5114 1984 5169 in

274 5202 383 5259 hoc
418 5202 841 5258 monimentum
886 5204 1114 5270 inferre,
1149 5222 1327 5277 quam
1377 5207 1669 5261 offendere
1721 5205 1978 5261 animam

274 5312 398 5369 quas
433 5295 574 5351 facta
606 5300 693 5349 est
723 5296 792 5347 ad
830 5294 925 5349 Dei
985 5296 1320 5367 imaginem.
1355 5298 1498 5352 Cum
1554 5308 1749 5352 autem
1804 5311 1907 5365 ego
1930 5295 1977 5349 ei

273 5387 551 5442 dixissem
587 5402 600 5441 :
637 5386 938 5450 Quomodo
1000 5386 1145 5440 ferre
1182 5394 1357 5457 potes.
1392 5404 1553 5442 serva
1600 5386 1811 5441 Christi
1868 5385 1988 5452 Dei,

271 5490 403 5531 eum
452 5476 611 5531 nullo
667 5476 905 5530 omnino
957 5474 1231 5545 colloqui,
1262 5478 1354 5529 sed
1405 5476 1531 5532 sola
1564 5492 1822 5547 pugnare
1852 5491 1988 5530 cum

284 5563 505 5620 desidia
560 5572 618 5620 et
665 5566 1115 5637 cogitationibus
1142 5563 1169 5619 ?
1201 5565 1340 5620 mihi
1393 5567 1710 5638 PeBPOIIdlt,
1744 5567 1943 5620 dicens
1979 5576 1993 5615 :

272 5656 318 5710 Α
356 5670 525 5710 mane
575 5671 762 5725 usque
815 5656 883 5710 ad
944 5655 1148 5711 horam
1203 5672 1414 5712 nonam
1473 5672 1593 5721 oro,
1628 5670 1727 5724 per
1786 5654 1986 5708 horam

2093 4670 2283 4736 corde,
2317 4670 2416 4739 qui
2451 4686 2563 4724 non
2594 4670 2815 4740 accepit
2845 4669 2901 4724 in
2936 4686 3081 4723 vano
3139 4670 3397 4725 animam
3438 4686 3604 4725 suam
3624 4669 3811 4737 (Psal.

2094 4761 2287 4828 xxm).
2324 4760 2411 4813 Illi
2469 4760 2622 4814 enim
2679 4759 2939 4814 animam
2998 4776 3163 4814 suam
3218 4759 3275 4813 in
3316 4776 3465 4815 vano
3493 4760 3809 4830 accipiunt,

2097 4849 2199 4920 qui
2226 4848 2559 4903 existimant
2585 4864 2710 4902 eam
2736 4847 2971 4902 dissolvi
3014 4863 3127 4901 una
3161 4864 3291 4903 eum
3334 4848 3441 4905 hac
3472 4849 3810 4915 caruncula,

2099 4939 2201 5009 qui
2234 4939 2472 4991 virtutes
2502 4939 2792 5005 spiritales
2826 4936 3149 5009 negligant.

2172 5026 2310 5081 Huic
2342 5025 2564 5095 virgini,
2600 5043 2728 5095 quae
2761 5026 2881 5081 solo
2943 5027 3177 5082 nomine
3224 5026 3336 5081 sibi
3387 5031 3690 5097 paraverat
3717 5044 3814 5099 ap-

2102 5116 2489 5189 pellationem,
2524 5118 2784 5171 moribus
2811 5122 2999 5172 autem
3046 5122 3169 5172 erat
3218 5116 3409 5172 aliena
3437 5118 3510 5172 ab
3535 5118 3811 5173 exercita-

2101 5208 2280 5267 tione,
2312 5221 2442 5259 cum
2478 5222 2701 5275 venam,
2737 5210 2798 5259 ut
2851 5204 3087 5271 dicitur,
3120 5205 3291 5260 vellet
3337 5205 3593 5261 incidere
3626 5206 3700 5262 ad
3730 5204 3815 5260 le-

2102 5295 2347 5349 vandam
2382 5297 2709 5358 avaritiam,
2742 5296 3151 5351 sanctissimus
3202 5296 3492 5352 Macarius
3514 5296 3628 5368 (15)
3660 5311 3816 5366 pres-

2102 5386 2268 5454 byter
2296 5390 2353 5439 et
2412 5384 2715 5455 praefectus
2776 5383 3197 5456 ptochotrophii
3254 5401 3457 5439 eorum
3518 5384 3618 5454 qui
3676 5387 3815 5438 sunt

2104 5490 2340 5545 corpore
2408 5474 2880 5539 mutilati,talem
2941 5482 3133 5530 actum
3194 5475 3429 5547 cogitat.
3493 5475 3627 5530 Erat
3656 5474 3811 5530 enim

2104 5565 2153 5619 is
2184 5564 2546 5635 ajuvcntute
2588 5565 2903 5633 lapidarius
2944 5566 3078 5632 (l6).
3115 5564 3203 5621 Ad
3249 5580 3377 5621 eam
3422 5574 3620 5621 autem
3652 5580 3812 5620 acce-

2106 5660 2273 5722 dens,
2331 5654 2518 5710 dieit:
2580 5655 2645 5710 In
2718 5671 2810 5711 me
2865 5655 3198 5712 inciderunt
3234 5655 3490 5727 pulchra
3541 5670 3809 5727 gemmas,
