4076 6280
400 359 566 428 1017

396 499 565 578 φύσιν
616 491 1302 578 διδάααλονᾼέῤῥωμένον
1351 494 1413 549 τὸ
1443 492 1598 578 ,ἴδιον
1647 492 1891 558 συνειδός
1938 511 1953 526 ⁸

390 574 638 654 τοσαύτῃ
691 577 879 654 χάριτι
956 574 1291 648 ἐκεκόσμητο
1353 576 1603 650 γνώσεως
1667 581 2062 657 πνευματικῆς,

397 671 482 734 ὡς
545 671 663 725 καθ’
721 667 962 742 ἱστορίαν
1009 666 1352 740 πληροῦσθαι
1395 667 1457 722 τὸ
1498 669 1896 745 γεγραμμένον,
1948 666 2061 724 Κύ-

401 772 522 826 ριος
557 755 717 828 σοφοῖ
755 749 1017 828 τυφλούς.
1061 747 1304 804 Παλαιὰν
1339 749 1554 824 μὲνγὰρ
1574 751 1664 805 καὶ
1697 751 1896 820 Καινὴν
1927 755 2060 822 Γρα-

398 842 512 920 φήν
547 842 860 910 ηρμήνευσε
897 839 1034 892 καίὶὰ
1066 837 1208 907 λέξιν
1245 855 1258 869 ⁶
1306 841 1416 892 τῶν
1458 834 1515 892 δὲ
1556 834 1842 913 δογμάτων
1886 837 2063 898 οὕτως

396 916 751 993 ἐπεμελήθη,
786 917 1002 981 λεπτῶς
1057 919 1149 973 καί
1189 916 1324 972 πάνυ
1358 917 1601 992 ἰσχυρῶς
1652 917 1932 990 ἐκθέμενος
1972 916 2064 971 τὸν

397 1007 532 1078 περὶ
589 1007 769 1061 αὐτῶν
827 1003 1013 1083 λόγον,
1070 1006 1146 1068 ὡς
1199 1012 1398 1068 πάντας
1459 1001 1881 1080 ὑπερϐεϐηκέναι
1935 1002 2062 1066 τοὺς

393 1103 674 1178 ἀρχαίους
706 1102 758 1156 ἐν
785 1124 844 1175 γν
858 1102 1010 1157 ώσει.

472 1189 674 1245 Τούτου
743 1189 873 1243 ποτε
948 1183 1347 1262 ἀναγκάζοντὸς
1426 1208 1494 1262 με
1574 1196 1801 1257 ποιῆσαι
1887 1186 2062 1261 εὐχὴν

389 1272 454 1328 ἐν
487 1274 568 1342 τῷ
609 1266 751 1341 αἶ’κῳ
799 1269 992 1336 αὑτοῦ,
1037 1270 1127 1323 καὶ
1179 1271 1252 1340 μή
1311 1267 1653 1342 βουλομένου
1715 1291 1841 1341 μου,
1884 1265 2061 1340 ἔλεγέν

394 1383 500 1437 μοι
535 1359 626 1432 διη
661 1361 951 1435 ρούμενος,
984 1361 1067 1418 ὅτι
1121 1361 1217 1422 Εἰς
1246 1363 1345 1430 τὴν
1386 1359 1589 1416 κέλλαν
1629 1361 1828 1430 ταύτην
1875 1361 2058 1434 τρίτον

389 1442 651 1512 εἰσῆλθεν
701 1443 729 1495 ὁ
783 1442 1046 1515 μακάριος
1106 1441 1394 1502 Ἀντώνιος
1466 1438 1894 1516 ἐπισκεψόμενός
1972 1460 2059 1512 με,

389 1535 492 1588 καί
550 1531 922 1606 παρακληθεὶς
976 1533 1101 1607 παρ’
1160 1530 1297 1603 ἐμοῦ
1356 1538 1586 1599 ποιῆσαι
1653 1531 1841 1606 εὑχην,
1903 1530 2060 1594 εὐθὺς

390 1607 612 1667 ἔκλινεν
650 1612 777 1686 γόνυ
810 1611 860 1666 ἐν
899 1612 1078 1684 τούτῳ
1133 1615 1212 1682 τῷ
1250 1609 1481 1684 κελλίῳ,
1521 1611 1610 1666 καί
1661 1611 1722 1665 οὑ
1771 1611 2060 1684 παρεσκεύ-

391 1701 494 1757 ασέ
558 1722 623 1773 με
682 1697 1004 1775 δευτερῶσαι
1061 1700 1152 1756 τὸν
1218 1697 1409 1776 λόγον,
1471 1698 1617 1776 ἔργῳ
1692 1722 1757 1773 με
1831 1698 2061 1756 παιδεύ-

395 1801 500 1843 σας
533 1782 686 1853 ἐντῇ
722 1782 957 1854 ὑπακοῇ.
991 1783 1151 1836 ’Ὠστε
1207 1777 1300 1834 οῦν
1356 1780 1402 1835 εἰ
1459 1782 1579 1835 κατ’
1637 1779 1790 1856 ἴχνος
1854 1783 2061 1854 βαίνεις

392 1870 491 1925 καί
527 1869 590 1924 σὺ
627 1876 728 1938 τῆς
779 1869 980 1925 ἐκείνου
1028 1869 1334 1936 πολιτείας,
1367 1869 1468 1924 ὅσα
1522 1891 1580 1924 τε
1643 1871 1911 1942 μονάζων,

395 1948 474 2004 δι’
521 1951 716 2024 ἀρετὴν
761 1951 1060 2023 ξενιτεύων,
1124 1951 1333 2005 ἀπόθου
1388 1955 1561 2005 πᾶσαν
1619 1951 1972 2027 φιλονεικίαν,
2004 1952 2062 2006 Ὀ

397 2039 564 2100 αὐτὸς
614 2035 917 2114 διηγήσατό
991 2061 1081 2111 μοι
1143 2039 1235 2094 καὶ
1285 2043 1468 2104 τοῦτο,
1520 2041 1604 2093 ὅτι
1656 2042 1745 2095 Ἐν
1801 2045 1898 2111 μιᾷ
1953 2045 2058 2095 τῶν

394 2122 624 2193 ἡμερῶν
655 2119 1037 2194 φροντίζοντός
1090 2140 1199 2191 μου
1240 2118 1362 2192 περί
1411 2126 1514 2186 τῆς
1561 2123 1708 2189 ζωῆς
1757 2118 2062 2176 Ἰουλιανοῦ

392 2202 497 2253 τοῦ
553 2199 748 2254 ἀθλίου
800 2197 1094 2272 βασιλέως,
1150 2199 1224 2260 ὡς
1269 2196 1526 2265 διώκτου,
1574 2198 1664 2252 καὶ
1721 2195 2064 2271 ἀδημονοῦν-

393 2279 496 2340 τός
525 2300 653 2354 μου,
679 2275 840 2357 ἔτυχέ
876 2300 1008 2335 ποτε
1060 2279 1223 2354 ἄχρις
1288 2278 1511 2351 ἑσπέρας
1563 2279 1783 2354 βαθείας
1833 2278 2062 2353 μηδενὸς

387 2367 693 2443 γεύσασθαί
753 2388 821 2440 με
887 2366 1064 2424 ἕνεκεν
1138 2369 1342 2438 ταύτης
1431 2374 1532 2438 τῆς
1600 2367 1911 2442 φροντίδος,
1970 2370 2061 2425 καὶ

381 2449 769 2522 καθεζομένου
820 2469 924 2522 μου
976 2450 1027 2504 ἐν
1091 2452 1170 2519 τῷ
1219 2449 1396 2522 θρόνῳ
1435 2449 1824 2524 κατενεχθῆναι
1885 2449 2058 2525 ὕπνῳ,

384 2539 492 2596 κκί
543 2538 674 2594 ἰδεῖν
725 2539 780 2594 έν
834 2540 1076 2618 ἐκοτάσει
1127 2535 1339 2600 ’ίππους
1389 2537 1615 2603 λευκοὺς
1675 2539 2061 2618 διατρέχοντας

399 2620 543 2695 μετὰ
593 2624 701 2676 τῶν
749 2614 1044 2690 ἐπιϐατῶν,
1102 2621 1192 2676 καὶ
1270 2619 1656 2695 κηρύττοντας,
1719 2614 1918 2677 Εἴπατε
1977 2633 2064 2678 Δι-

397 2709 585 2783 δύμῳ,
646 2711 887 2785 σήμερον
949 2704 1191 2783 ἑϐδόμην
1244 2711 1385 2784 ὥραν
1437 2708 1784 2780 ἐτελεύτησεν
1826 2711 2060 2767 ’ίουλιαο

396 2794 518 2855 νός.
559 2793 816 2855 Ἀναστάς
858 2789 948 2847 οῦν
986 2793 1117 2869 φάγε
1176 2791 1259 2861 σὺ,
1310 2793 1400 2846 καὶ
1467 2798 1664 2867 γνῶσιν
1733 2791 2060 2848 ἀπόστειλον

392 2886 481 2952 τῷ
532 2880 811 2953 ἐπισκόπῳ
871 2881 1172 2954 ’Δθανασίῳ
1227 2879 1280 2936 ἐν
1338 2887 1406 2955 τῇ
1467 2880 1632 2952 οίκίᾳ,
1688 2879 1776 2935 ’ίνα
1815 2882 2060 2944 κάκεῖνος

395 2965 520 3039 γνῷ
595 2961 718 3034 περὶ
777 2961 994 3017 τούτου.
1073 2962 1174 3017 Καὶ
1245 2961 1700 3035 ἐσημειιυσάμην,
1753 2963 1909 3035 φησί,
1968 2963 2058 3017 καὶ

393 3052 502 3117 τήν
532 3044 676 3120 ὥραν
721 3048 812 3104 καί
869 3050 970 3116 τήν
1019 3048 1250 3120 ἡμέεαν,
1308 3049 1398 3102 καὶ
1465 3050 1562 3118 τήν
1629 3044 1925 3122 ἑϐδομάδα,
1967 3051 2057 3104 καί

393 3132 494 3187 τόν
532 3131 676 3202 μῆνα
715 3148 727 3162 ⁸
761 3127 849 3184 καί
881 3127 1104 3204 εὕρηται
1137 3128 1330 3191 οὕτως.

1049 3232 1300 3282 ΚΕΦΑᾹ.
1337 3232 1410 3282 E'.

959 3317 1090 3391 Περί
1124 3313 1505 3389 Ἀλεξάνδρας.

480 3416 802 3492 Διηγήσατο
864 3435 956 3488 μοι
1008 3411 1246 3487 Δίδυμος
1305 3415 1331 3469 ό
1391 3415 1725 3490 συγγραφεὺς
1771 3415 1893 3490 περὶ
1933 3435 2061 3470 παι-

397 3503 602 3576 δίσκης
661 3506 807 3565 τινὸς
867 3504 1094 3576 ὀνόματι
1155 3501 1514 3578 Ἀλεξάνδρας
1563 3524 1577 3538 ’
1634 3503 1756 3574 ἥτις
1813 3504 2062 3560 καταλείο

395 3594 552 3665 ψασα
596 3587 695 3654 τήν
744 3585 931 3654 πόλιν,
965 3586 1016 3640 ἐν
1073 3588 1318 3659 μνήματι
1370 3585 1564 3655 ἑαυτήν
1602 3585 1960 3662 ἐγκαθεῖρξεν,
1992 3582 2066 3641 δι’

396 3679 548 3746 ὀπῆς
607 3670 964 3747 λαμϐάνουσα
1027 3675 1094 3730 τά
1167 3677 1266 3744 τῆς
1323 3693 1532 3750 χοειας,
1630 3678 1769 3748 μήτε
1839 3675 2064 3750 ἀνδράσι

400 3760 548 3834 μήτε
611 3758 821 3835 γυναιεί
875 3757 992 3811 κατ’
1049 3756 1172 3830 ὅψιν
1240 3756 1685 3832 συντυγχάνουσα
1777 3778 1907 3812 ποτε
1974 3757 2063 3814 ἐπὶ

397 3844 499 3916 ἔτη
552 3843 696 3902 δέκα.
742 3849 832 3918 Τῷ
894 3843 953 3900 δὶ
1015 3843 1223 3919 δεκάτῳ
1291 3840 1397 3900 ἔτει
1459 3850 1809 3920 κοιμηθεῖσα,
1879 3852 2062 3926 φασίν,

397 3926 773 4001 ἐσχημάτισεν
821 3926 1016 3992 ἑαυτὴν
1071 3929 1106 3994 ἡ
1161 3931 1448 3999 μακαρῖτις
1492 3946 1504 3958 ·
1550 3928 1625 3990 ὡς
1669 3929 1769 3997 τῆν
1834 3929 1885 3982 ἐν
1939 3952 2062 3984 συν.

402 4014 566 4088 ηθείᾳ
631 4013 994 4081 ἀπελθοῦσαν,
1061 4014 1151 4068 καὶ
1214 4018 1290 4085 μη
1361 4021 1638 4092 τυχοῦσαν
1703 4017 2061 4090 ἀποκρίσεως,

402 4093 728 4169 ἀναγγεῖλαι
778 4096 934 4166 ἡμῖν.
968 4093 1324 4154 Ἀπελθόντες
1359 4093 1531 4148 τοίνυν
1570 4096 1754 4167 ἡμεῖς,
1789 4097 1877 4150 καί
1929 4098 2062 4152 ἀπο-

401 4183 731 4254 κρούσαντες
777 4184 877 4252 τήν
927 4181 1090 4256 θύραν
1147 4187 1240 4236 τοῦ
1288 4184 1596 4255 μνήματος,
1651 4185 1739 4240 καὶ
1790 4183 2064 4243 εἰσελθόν·

404 4285 514 4328 τες.
548 4263 774 4338 εὕρομεν
804 4261 972 4331 αὐτὴν
1001 4265 1383 4335 κοιμηθεῖσαν.

478 4355 703 4429 Ἔλεγεν
743 4350 799 4410 δὲ
829 4353 951 4428 περί
982 4353 1183 4423 ταύτης
1210 4353 1298 4408 καὶ
1343 4355 1377 4422 ἡ
1429 4355 1796 4431 τρισμακαρία
1836 4357 2056 4430 Μελάνη

406 4441 441 4508 ἡ
493 4434 738 4508 Ῥωμαία
792 4435 940 4510 (περὶ
996 4436 1062 4502 ής
1120 4433 1198 4496 εἷς
1236 4437 1326 4488 τὸν
1385 4437 1698 4502 καθήκοντα
1752 4440 1938 4511 καιρὸν
1973 4448 2061 4500 καὶ

407 4527 575 4582 τόπον
605 4526 672 4579 τά
700 4524 822 4597 περί
856 4525 1024 4593 αὐτῆς
1057 4521 1448 4598 διηγήσομαι).
1491 4525 1574 4578 ὅτι
1611 4526 1740 4580 Κατ’
1779 4523 1904 4599 ὄψιν
1941 4528 2058 4599 μὲν,

407 4606 557 4684 φασὶ,
588 4608 688 4674 τὴν
733 4606 998 4680 μακαρίαν
1026 4603 1226 4675 ταύτην
1279 4604 1378 4660 οὐκ
1425 4601 1704 4676 ἠδυνήθην
1752 4607 2060 4681 θεάσασθαι,
2094 4591 2140 4657 Ῑ)

408 4695 532 4768 περί
573 4691 630 4749 δὲ
693 4697 791 4762 τήν
866 4695 1010 4764 ὀπῆν
1076 4699 1240 4749 στᾶσα
1317 4695 1420 4770 ἐγὼ
1496 4695 1839 4770 παρεκάλεσα
1892 4697 2060 4768 αὑτῆν

409 4775 578 4830 εἰπεῖν
629 4795 724 4848 μοι
781 4778 880 4845 την
935 4776 1112 4830 αἰτίαν
1171 4773 1240 4830 δι’
1296 4774 1360 4843 ἢν
1412 4775 1762 4852 ἀνεχῶρησεν
1827 4779 1918 4851 μὲν
1962 4781 2061 4848 τῆς

408 4863 645 4931 πόλεως,
703 4861 1105 4937 ἐγκατέκλεισεν
1185 4860 1230 4916 δ’
1291 4863 1482 4924 ἑαυτὴν
1539 4863 1590 4918 ἐν
1635 4869 1717 4936 τῷ
1786 4869 2056 4939 μνήματι.

407 4939 724 5024 ἹΙμδὲΔδιά
779 4946 878 5024 τῆς
937 4945 1079 5013 ὀπῆς
1139 4965 1234 5016 μοι
1290 4943 1576 5021 ἐφθέγγετο
1650 4943 1912 5024 λέγουσα,
1975 4949 2058 5005 ὅτι

410 5017 654 5093 Ἐϐλάϐη
682 5045 763 5086 τις
793 5023 886 5079 τὸδ
918 5029 1041 5080 νοῦν
1070 5025 1144 5087 εἰς
1187 5025 1305 5097 ἐμὲ.
1330 5017 1548 5081 ’καίόίνα
1582 5029 1657 5099 μή
1694 5017 1834 5099 δόξω
1866 5017 2059 5085 λυπεῖν

408 5103 592 5173 αὑτὸν,
634 5103 668 5173 ἢ
724 5099 1064 5174 διαϐάλλειν,
1116 5107 1411 5180 ᾐρησάμην
1469 5113 1641 5176 ζῶσαν
1693 5107 1931 5181 ἐμαυτὴν
1982 5110 2060 5173 εἰς

409 5194 471 5249 τὸ
521 5201 712 5268 μνῆμα
777 5198 938 5249 τοῦτο
997 5195 1322 5270 είσαλαγεῖν,
1362 5195 1396 5264 ἤ
1463 5194 1816 5252 σκανδαλίσαι
1875 5201 2061 5274 ψυχὴν

408 5277 524 5329 κατ’
586 5275 767 5330 εἰκόνα
825 5279 958 5330 Θεοῦ
1024 5277 1364 5345 ποιηθεῖσαν.
1435 5277 1609 5348 ἐμου
1667 5275 1723 5331 δὲ
1783 5277 2062 5351 εἰρηκυίας

408 5355 568 5428 αὐνῇ,
607 5360 726 5416 Πῶς
772 5353 1157 5428 διακαρτερεῖς,
1189 5353 1359 5424 δούλη
1397 5360 1664 5424 Χριστοῦ,
1696 5358 1759 5411 τὸ
1811 5360 2062 5429 παράπαν

413 5433 600 5506 μηδενί
665 5436 1125 5511 συντυγχάνουσα,
1189 5433 1336 5489 ἀλλὰ
1390 5437 1529 5505 μόνη
1592 5436 1935 5492 πυκτεύουσα
1990 5443 2060 5513 τῇ

408 5513 609 5586 ἅκηδίᾳ
637 5517 725 5570 καί
763 5524 878 5580 τοῖς
928 5520 1218 5588 λογισμοῖς
1252 5533 1266 5583 ;
1318 5517 1354 5583 ἡ
1411 5513 1467 5570 δὲ
1507 5515 1835 5588 ἀπεκρίνατο
1874 5537 1885 5550 °
1921 5521 2061 5576 Ἀπὸ

408 5593 554 5670 πρωί
581 5594 686 5658 ἕως
717 5595 861 5669 ὥρας
905 5597 1125 5668 ἐννάτης
1172 5593 1432 5672 εὔχομαι,
1477 5596 1596 5651 καθ’
1643 5593 1786 5672 ὥραν
1827 5601 2062 5670 νήθουσα

410 5672 560 5732 λίνον
592 5695 605 5708 ·
649 5677 742 5740 τάς
791 5676 837 5733 δ’
877 5675 1215 5740 ὑπολοίπους
1255 5678 1402 5753 ὧρας
1447 5677 1812 5754 περιέρχομαι
1861 5678 1942 5756 τῷ
1986 5686 2062 5757 νῷ

1705 359 2071 424 HISTORIA
2121 358 2526 423 LAUSIACA.

3670 369 3822 429 1018

2005 493 2064 554 ὃς
2092 499 2144 562 Λ
2176 494 2276 560 τήν
2305 493 2490 546 πίστιν
2528 495 2634 546 τῶν
2676 491 2839 566 ἁγίων
2889 494 3140 568 Πατάρων
3185 495 3274 550 καὶ
3325 501 3701 572 πατριαρχῶν,
3732 497 3857 556 καί’

2171 581 2297 644 τοὺς
2337 581 2536 644 ἄθλους
2595 585 2704 636 τῶν
2754 581 3031 654 μακαρίων
3090 582 3435 650 ἀποστόλων,
3481 587 3570 640 καὶ
3613 607 3824 661 προση-

2169 667 2298 732 τῶν,
2342 664 2428 717 καὶ
2495 661 2803 735 μαρτύρων.
2836 668 2941 731 Τῆς
3003 661 3060 718 δὲ
3107 664 3333 741 ἑσπέρας
3382 660 3823 739 καταλαϐούσης,

2174 749 2586 830 δυεολογήσασά
2637 756 2741 822 μοῦ
2797 760 2890 806 τὸν
2947 752 3242 824 Δεσπότην,
3306 751 3468 810 ἐσθίω
3551 777 3655 828 μου
3729 758 3821 813 τὸν

2172 832 2389 903 ψωμὸν,
2449 832 2544 892 τὰς
2602 831 2773 893 πάσας
2843 831 2987 906 ὥρας
3056 841 3157 895 τῆς
3220 837 3411 895 νυκτὸς
3486 854 3824 911 προσκαρτεο

2173 920 2342 993 ρσῦσά
2374 939 2477 998 μου
2514 923 2581 992 τῇ
2623 915 2823 990 δεήσει,
2855 922 2944 974 καί
2992 920 3054 975 τὸ
3099 919 3261 982 τέλος
3313 921 3646 998 ἐκδεχομένη
3693 947 3822 998 μου,

2171 999 2302 1055 πότε
2343 997 2598 1054 ἀναλύσω
2657 1001 2898 1056 ἐντεῦθεν
2951 1003 3066 1075 μετ’
3116 999 3355 1058 ἐλπίδων
3409 997 3702 1079 χρηστῶν,
3733 1008 3823 1062 καί

2171 1089 2484 1164 ὀφθήσομαι
2514 1093 2591 1160 τῷ
2623 1090 2904 1162 προσώπῳ
2933 1089 3034 1144 τοῦ
3067 1096 3330 1163 Χριστοῦ.

2241 1177 2318 1234 Οὑ
2373 1176 2697 1251 παραλείψω
2757 1175 2813 1233 δὲ
2869 1176 2922 1232 ἐν
2980 1184 3058 1250 τῷ
3106 1178 3413 1256 διηγήματι
3463 1181 3553 1256 καί
3603 1181 3730 1244 τοὺς
3765 1183 3818 1237 ἐν

2167 1259 2528 1330 προσχήματι
2560 1253 2866 1320 θεοσεϐείας
2899 1257 2949 1313 ἐν
2995 1253 3398 1338 καταφρονήσει
3450 1255 3820 1333 βεϐιωκότας,

2172 1346 2247 1408 είς
2305 1345 2522 1401 ἔπαινον
2564 1351 2670 1400 τῶν
2735 1350 3162 1421 κατωρθοκότων
3223 1351 3321 1420 τῆν
3375 1351 3592 1426 ἀρετ-ῆν,
3644 1351 3821 1430 ἀσφά-

2171 1426 2321 1482 λειαν
2355 1424 2412 1482 δὲ
2441 1427 2530 1480 καὶ
2562 1428 2959 1504 παραφυλακῆν
2993 1434 3100 1484 τῶν
3134 1424 3590 1506 ἐντυγχανόντων.

2797 1520 3068 1574 manu.
3105 1519 3200 1593 ς’.

2507 1598 2636 1670 Περί
2666 1604 2764 1665 τῆς
2804 1597 3142 1676 φιλαργύρου
3175 1600 3464 1671 παρθένου.

2243 1677 2508 1750 Παρθένος
2557 1699 2638 1736 τις
2697 1680 2914 1752 γέγονεν
2980 1678 3031 1732 ἐν
3101 1677 3169 1753 τῇ
3249 1678 3644 1754 ’Λλεξανδρείᾳ,
3705 1681 3825 1734 δνό-

2173 1777 2297 1829 ματι
2353 1757 2540 1827 μόνον.
2590 1763 2668 1828 τῷ
2721 1758 2813 1829 μὲν
2862 1761 3111 1837 σχήματι
3171 1757 3332 1826 δῆθεν
3382 1763 3630 1831 ταπεινὴ,
3667 1764 3734 1826 τῆ
3769 1760 3825 1816 δὲ

1971 1843 2061 1924 καῖ
2095 1866 2140 1930 Β
2171 1845 2479 1918 προαιρέσει
2525 1843 2832 1922 φειδωλὸς,
2885 1843 3115 1917 σοϐαρή,
3171 1848 3260 1902 καὶ
3325 1848 3698 1924 φιλόπλουτος
3749 1850 3826 1907 εἷς

2173 1924 2305 2004 ἄγαν
2335 1924 2386 1978 ἐν
2417 1927 2525 1999 χρή
2539 1947 2699 1998 μασιν
2725 1945 2738 1957 ·
2770 1925 3109 2004 φιλόχρυσος
3137 1925 3351 2000 μᾶλλον
3431 1928 3819 2004 φιλόχριστος,

2177 2002 2450 2077 μηδέποτε
2512 2006 2810 2079 προϊεμένη
2868 2002 2976 2060 τῶν
3050 2007 3243 2075 ἐαυτῆς
3296 2030 3372 2078 τι,
3554 2002 3704 2080 ξένῳ,
3743 2011 3817 2080 μή

2172 2084 2474 2158 πενομένῳ,
2510 2093 2584 2158 μή
2637 2086 2953 2162 ἀγχομένη).
3003 2090 3075 2161 μὴ
3133 2093 3382 2163 μοναχῷ,
3419 2091 3494 2161 μὴ
3546 2089 3820 2161 παρθένῳ,

2176 2171 2252 2241 μή
2287 2168 2587 2239 Ἐκκλησία
2615 2165 2817 2224 ὀϐολον
2859 2167 2972 2225 ἕνα.
3023 2169 3168 2241 Αὕτη
3221 2171 3458 2231 πολλαῖς
3513 2170 3818 2233 νουθεσίαις

2171 2262 2278 2311 τῶν
2309 2257 2474 2333 άγίων
2517 2257 2768 2328 Ιιατέρων
2819 2257 2917 2314 οὑκ
2963 2259 3354 2329 ἀπεσκευάζετο
3396 2263 3495 2329 τήν
3537 2261 3674 2330 ὕλην
3719 2265 3820 2316 τοῦ

2172 2337 2434 2395 πλούτου.
2497 2343 2740 2414 Ὑπῆρχε
2790 2338 2848 2394 δὲ
2894 2340 3064 2414 ταύτῃ
3122 2342 3211 2396 καὶ
3260 2339 3435 2416 γένος,
3490 2341 3542 2396 ἐν
3592 2344 3673 2404 οἷς
3733 2363 3822 2397 τε-

2171 2433 2502 2482 κνοποιεῖται
2547 2429 2804 2508 θυγατέρα
2863 2426 3101 2508 ἀδελφῆς
3158 2427 3292 2492 ἰδίας
3329 2450 3340 2462 ·
3477 2430 3684 2504 νύκτωρ
3729 2431 3818 2485 καὶ

2177 2508 2293 2580 μεθ’
2353 2509 2560 2580 ἡμέραν
2613 2507 3104 2585 ἐπηγγέλλετοντά
3151 2511 3371 2580 ἑαυτῆς,
3411 2515 3506 2565 τοῦ
3559 2512 3817 2586 ούρανίου

2171 2599 2341 2651 πόθου
2397 2598 2532 2666 αὐτῆ
2582 2596 2898 2655 ἐκπεσοῦσα.
2957 2597 3118 2660 Εἶδος
3185 2599 3284 2674 γάρ
3344 2598 3454 2654 ἐστι
3515 2600 3604 2655 καὶ
3656 2604 3818 2654 τοῦτο

2169 2676 2224 2732 ἓν
2255 2685 2356 2747 τῆς
2403 2677 2617 2748 πλάνης
2668 2683 2766 2733 τοῦ
2807 2675 3096 2742 διαϐόλου,
3158 2681 3207 2734 ἐν
3254 2683 3612 2756 προσχήματι
3659 2679 3820 2760 φιλο-

2172 2767 2474 2842 συγγενείας
2503 2769 2602 2834 τῆν
2654 2766 2970 2840 πλεονεξίαν
3029 2766 3243 2823 ὠδίνειν
3295 2771 3815 2842 παρασκευάζοντος.

2168 2847 2290 2903 ’Ότι
2348 2848 2453 2920 γὰρ
2516 2848 2662 2919 αὑτῷ
2706 2850 2770 2902 οὐ
2833 2848 2988 2920 μέλει
3049 2848 3261 2917 γένους,
3330 2847 3499 2916 δῆλον
3558 2849 3815 2905 ἐντεῦθεν.

2171 2934 2610 3012 ’Δδελφοκτονεῖν
2662 2936 2762 3010 γάρ
2831 2938 2916 2990 καί
2997 2944 3389 3011 μητροκτονεῖν
3455 2940 3541 2993 καί
3612 2959 3817 3012 πατρο-

2169 3021 2374 3070 κτονεῖν
2418 3015 2577 3076 αὑτὸς
2620 3015 2936 3088 ἐξεδίδαξεν.
2968 3019 3065 3073 Καὶ
3099 3022 3260 3072 τοῦτο
3307 3025 3424 3080 ταῖς
3465 3021 3630 3080 θείαις
3680 3025 3815 3089 Γρα-

2171 3109 2296 3178 φαῖς
2339 3105 2722 3180 ὡμολόγηται.
2777 3105 2953 3161 Ἀλλά
3007 3105 3103 3158 κᾶν
3165 3103 3292 3180 δόξῃ
3344 3113 3612 3181 συγγενῶν
3656 3105 3818 3177 κηδε-

2089 3217 2131 3283 C
2175 3183 2367 3256 μονίαν
2425 3183 2680 3239 ἐντιθέναι
2748 3185 2910 3249 τισὶν,
2984 3184 3082 3239 οὐκ
3169 3186 3243 3248 εἰς
3321 3183 3524 3240 εὔνοιαν
3601 3187 3817 3242 ἐκείνων

2172 3278 2332 3328 τοῦτο
2363 3278 2530 3338 ποιεῖ,
2562 3273 2692 3328 ἀλλ’
2725 3274 2858 3348 ὑπὲρ
2887 3277 2983 3328 τοῦ
3013 3276 3110 3344 τήν
3154 3276 3340 3349 ψυχήν
3383 3273 3568 3329 ἄδικον
3601 3276 3820 3348 ἐξασκῆ-

2171 3352 2258 3406 σαί
2308 3373 2491 3415 τινων,
2540 3357 2723 3429 σαφῶς
2767 3354 2931 3414 αὐτὸς
2999 3352 3163 3416 είδὼς
3228 3357 3327 3424 τῆν
3391 3355 3682 3431 ἀπόφασιν,
3734 3357 3817 3410 ὅτι

2170 3439 2348 3495 ἄδικοι
2382 3440 2662 3516 βασιλείαν
2713 3445 2850 3496 Θεοῦ
2899 3440 2960 3496 οὑ
3009 3441 3548 3516 κληρονομήσουσιν.
3591 3446 3816 3499 Δύναται

2173 3519 2230 3576 δέ
2275 3545 2358 3584 τις
2421 3522 2622 3577 συνέσει
2671 3527 3012 3596 πνευματικῇ
3060 3523 3150 3577 καί
3191 3523 3322 3596 θείῳ
3360 3525 3513 3597 πόθῳ
3569 3525 3821 3600 κινούμε-

2171 3632 2286 3681 νος,
2331 3612 2469 3682 μήτε
2511 3619 2612 3680 τῆς
2661 3611 2858 3667 ἑαυτοῦ
2908 3615 3094 3687 ψυχῆς
3139 3612 3382 3684 ἀμελεῖν,
3423 3615 3511 3668 καὶ
3550 3619 3666 3678 τοῖς
3696 3636 3823 3690 συγ-

2171 3694 2373 3768 γενέσιν
2425 3691 2755 3760 ἐπικουρεῖν,
2804 3693 2848 3748 εἰ
2900 3695 3002 3767 ἄρα
3049 3692 3318 3763 λίποιντο,
3372 3696 3462 3749 καὶ
3531 3692 3820 3772 διαφόρους

2171 3783 2432 3856 παρέχειν
2471 3782 2832 3856 παραμυθίας.
2865 3785 3027 3836 Ὅταν
3072 3779 3128 3836 δέ
3173 3801 3256 3843 τις
3306 3781 3444 3852 ὅλην
3492 3785 3592 3852 τήν
3633 3785 3816 3859 ψυχὴν

2173 3862 2364 3918 ἑαυτοῦ
2411 3864 2764 3934 καταπατήσῃ
2831 3859 3136 3936 κηδεμονίᾳ
3185 3868 3472 3937 συγγενῶν,
3525 3865 3819 3920 ὑποπίπτει

2170 3951 2345 4024 νόμῳ,
2394 3949 2480 4028 ἐπὶ
2536 3948 2748 4021 ματαίῳ
2813 3951 2912 4018 τήν
2971 3952 3155 4023 ψυχὴν
3210 3951 3377 4028 αὑτοῦ
3435 3951 3819 4028 λογιζόμενος.

2171 4028 2325 4100 ’ᾼδει
2389 4026 2446 4083 δὲ
2503 4029 2594 4083 καὶ
2653 4029 2680 4082 ὁ
2755 4028 3088 4103 ἱεροψάλτης
3147 4025 3314 4085 Δαϐἱδ
3362 4031 3484 4104 περί
3522 4025 3658 4086 ’τῶν
3716 4039 3817 4102 τῆς

2171 4119 2357 4194 ψυχῆς
2405 4117 2800 4194 φροντιζόντων
2851 4117 2902 4171 ἐν
2954 4112 3107 4194 φόϐῳ
3157 4121 3289 4173 Θεοῦ
3324 4139 3335 4152 ·
3378 4117 3574 4194 λέγων,
3608 4120 3690 4175 ὅτι
3730 4120 3820 4182 Τίς

2171 4192 2494 4267 ἀναϐήσεται
2528 4197 2604 4260 εἷς
2643 4200 2707 4253 τὸ
2750 4195 2876 4273 ὅρος
2906 4192 3002 4253 τοῦ
3053 4199 3302 4273 Κυρίου;
3349 4192 3464 4254 ἀντί
3513 4205 3631 4272 τοῦ,
3682 4222 3821 4256 σπα-

2171 4285 2298 4348 νίως
2361 4288 2430 4343 Ἦ
2459 4286 2542 4349 τίς
2575 4289 2824 4358 στήσεται
2859 4287 2910 4342 ἐν
2959 4287 3113 4361 τόπῳ
3163 4289 3298 4361 άγίῳ
3339 4289 3506 4344 αὐτοῦ
3540 4307 3555 4360 ;
3604 4290 3818 4354 Ἀθῶος

2172 4369 2354 4443 χερσὶ,
2385 4368 2476 4422 καὶ
2507 4370 2737 4440 καθαρος
2767 4371 2835 4440 τῇ
2866 4364 3082 4441 καρδίᾳ,
3111 4369 3171 4430 ’ὀς
3207 4369 3306 4424 ούκ
3336 4363 3526 4424 ἔλαϐεν
3569 4369 3656 4426 ἐπὶ
3711 4392 3820 4444 μα-

2169 4456 2308 4528 ταίῳ
2336 4457 2434 4525 τήν
2467 4458 2652 4532 ψυχὴν
2694 4457 2879 4514 αὑτοῦ.
2914 4460 3145 4513 Ἐκεῖνοι
3176 4459 3279 4534 γάρ
3313 4457 3400 4514 ἐπὶ
3449 4461 3664 4532 ματαίῳ
3717 4461 3820 4530 τῆν

2171 4541 2358 4611 ψυχὴν
2411 4538 2612 4592 ἑαυτῶν
2660 4533 3053 4611 λαμϐάνουσιν,
3090 4539 3140 4594 οἱ
3177 4533 3493 4613 νομίζοντες
3543 4540 3711 4609 αὑτήν
3740 4545 3818 4613 τῷ

2169 4617 2371 4692 σαρκίῳ
2416 4617 2593 4690 τούτῳ
2641 4617 3074 4692 συνδιαλύεσθαι,
3135 4621 3185 4674 οἰ
3242 4625 3349 4674 τῶν
3437 4625 3815 4692 πνευματικῶν

2171 4697 2377 4774 ἀρετῶν
2409 4697 2760 4771 ἀμελοῦντες.

2241 4779 2450 4848 Ταύτην
2502 4782 2600 4846 τήν
2648 4776 2914 4850 παρθένον
2969 4782 3066 4848 τὴν
3116 4785 3196 4853 τῷ
3254 4779 3484 4853 ὀνόματι
3520 4781 3670 4854 μόνῳ
3716 4783 3817 4850 τῆν

2172 4857 2481 4931 ἐπωνυμίαν
2526 4858 2886 4932 κεκτημένην,
2939 4865 3054 4922 τοῖς
3109 4857 3167 4914 δὲ
3209 4860 3434 4934 τρόποις
3493 4867 3595 4930 τῆς
3651 4860 3823 4931 ἀσκή-

2174 4961 2307 5003 σεως
2355 4939 2784 5012 ἀπεξενωμένην,
2825 4941 2888 4996 τὸ
2937 4938 3002 5010 δὴ
3053 4939 3370 5018 λεγόμενον,
3403 4939 3637 5009 θελήσας
3688 4939 3825 5018 φλε·

2173 5015 2480 5093 ϐοτομῆσαι
2521 5021 2596 5084 εἲς
2645 5019 2946 5100 κουφισμδν
3001 5028 3101 5090 τῆς
3132 5015 3466 5092 ’πλεονεξίας
3514 5024 3560 5078 δ’
3592 5015 3824 5099 ἀγιῶτα-

2172 5121 2268 5162 τος
2323 5102 2598 5175 Μακάριος
2647 5102 2674 5156 ὁ
2725 5097 3111 5176 π’ρεσϐύτιρος,
3160 5103 3251 5157 καὶ
3300 5097 3686 5180 ἀφηγούμενος
3725 5107 3822 5158 τοῦ

2174 5181 2452 5254 πτωχείου
2491 5186 2597 5235 τῶν
2639 5177 3068 5254 λελωϐημένων,
3101 5177 3374 5261 σοφίζεται
3421 5183 3602 5258 δρᾶμα
3640 5187 3824 5238 τοιοῦ-

2319 5272 2340 5292 τ
2497 5272 2509 5288 ‘
2604 5269 2618 5290 τ
2985 5273 3037 5306 Ἰ-
3081 5277 3102 5288 ν
3272 5295 3279 5308 1
3310 5293 3330 5308 ρ
3379 5272 3392 5292 \
3487 5275 3507 5288 κ
3637 5273 3655 5302 1
3735 5294 3743 5306 ι

2173 5292 2287 5348 νον.
2346 5273 2419 5326 Ην
2452 5291 2556 5346 γαρ
2600 5291 2651 5325 εν
2695 5270 2907 5342 νεότητι
2941 5294 3107 5327 αυιου
3139 5271 3455 5348 λιθουργος,
3487 5294 3545 5326 ον
3597 5271 3819 5346 λέγουσι

2172 5347 2507 5425 καϐιδάριον.
2545 5351 2640 5405 Καὶ
2671 5351 2919 5407 ἀπελθὼν
2951 5349 3100 5429 λέγει
3124 5354 3263 5426 αὐτῇ
3291 5372 3304 5386 °
3347 5347 3503 5408 Λίθοι
3536 5351 3821 5425 ἀναγκαῖοι

2175 5429 2480 5503 σμάραγδοι
2535 5430 2624 5486 καὶ
2693 5431 2935 5488 ὑάκινθοι
3011 5431 3398 5505 ἐμπεπτώκασί
3491 5451 3584 5504 μοι
3632 5449 3646 5464 ο
3731 5431 3822 5484 καὶ

2175 5509 2281 5565 εἷ’τε
2331 5509 2656 5584 κλεψιμαῖοι
2705 5513 2740 5581 ἤ
2785 5512 3081 5587 ἐμπορικοὶ
3129 5513 3298 5568 εῗπεῖν
3351 5510 3450 5566 ούκ
3506 5507 3644 5586 ἔχω.
3677 5513 3821 5584 Τιμῇ

2175 5600 2284 5680 οὐχ
2325 5596 2778 5680 ὑποϐάλλονται,
2823 5603 2956 5678 ὑπὲρ
3019 5599 3333 5674 διατίμησιν
3361 5679 3368 5680 7
3396 5599 3565 5664 ὅντες.
3618 5599 3826 5680 Πιπρά·

2175 5674 2287 5738 σκεί
2347 5676 2404 5737 δὶ
2474 5680 2633 5750 αὐτὸς
2705 5674 3074 5739 πεντακοσίων
3129 5679 3483 5756 νομισμάτων
3563 5683 3591 5738 ὁ
3679 5674 3822 5752 ἔχων
