4076 6280
363 356 512 416 1021

1709 353 2075 416 HISTORIA
2117 359 2218 417 LA
2233 358 2534 419 USIACA.

3729 368 3880 428 i022

355 487 650 562 smaragdi
707 491 762 543 et
819 486 1136 560 hyacinthi,
1199 504 1306 544 nec
1337 488 1453 544 scio
1485 505 1558 544 an
1590 489 1706 544 sint
1733 489 1949 558 furtivi,
1983 506 2056 545 an
2088 496 2132 560 Α
2170 490 2322 546 diem
2361 509 2538 547 unum
2572 498 2627 548 et
2659 495 2969 552 dimidium
3003 497 3131 553 veni
3159 499 3216 553 in
3253 503 3508 555 montem
3541 501 3611 556 ad
3645 506 3871 572 partem

357 579 602 650 alicujus
643 579 1000 636 mercatoris.
1043 576 1166 635 Non
1201 579 1579 635 constituitur
1621 580 1776 635 enim
1812 581 1896 636 eis
1929 597 2066 652 pre-

356 671 526 733 tium,
561 686 688 725 cum
711 669 1152 724 aestimationem
1179 674 1493 741 superent;
1523 670 1620 740 qui
1645 670 1821 725 habet
1841 675 2059 731 autem,

352 760 550 815 vendit
579 776 674 814 eas
697 759 1036 831 quingentis
1066 757 1292 813 solidis.
1324 759 1383 814 Si
1417 775 1552 830 ergo
1583 759 1687 813 tibi
1718 760 1902 814 visum
1937 759 2058 814 fue-

350 850 428 906 rit
453 866 552 905 eas
584 849 863 919 accipere,
896 851 970 904 da
1001 850 1350 920 quingentos
1382 849 1620 915 solidos,
1650 855 1812 919 potes
1843 866 1910 904 ex
1945 866 2059 904 una

351 955 580 1009 gemma
604 938 860 1008 accipere
910 937 1282 1009 quingentos,
1336 937 1577 1008 reliquis
1625 945 1817 992 autem
1871 937 1953 991 uti
1985 937 2057 992 ad

355 1027 691 1083 variandum
737 1031 1024 1082 mundum
1073 1027 1203 1082 tiliae
1251 1031 1361 1080 tuae
1412 1027 1645 1082 sororis.
1686 1026 1831 1082 Cum
1863 1037 2056 1080 autem

353 1133 476 1188 qua
508 1117 813 1172 dicebatur
843 1116 1002 1187 virgo
1045 1120 1166 1171 tota
1199 1117 1476 1187 penderet
1525 1134 1558 1171 a
1591 1117 1803 1188 puella,
1837 1118 2059 1172 inesca-

348 1211 444 1263 tur
472 1208 598 1278 ejus
629 1207 902 1262 ornandae
933 1207 1250 1279 cupiditate
1278 1231 1292 1274 ;
1324 1213 1380 1261 et
1411 1207 1659 1277 procidit
1690 1207 1757 1261 ad
1793 1209 1920 1275 ejus
1953 1222 2058 1276 pe-

347 1298 468 1365 des,
493 1303 550 1353 et
580 1296 725 1351 dixit
753 1313 767 1352 :
803 1296 958 1366 Rogo
989 1301 1044 1352 te
1069 1313 1139 1352 ne
1161 1297 1294 1368 quis
1325 1297 1475 1353 alius
1507 1313 1604 1352 eas
1625 1296 1891 1366 accipiat.
1917 1296 2054 1350 Eam

349 1403 482 1459 ergo
514 1387 856 1442 adhortatur
887 1395 1140 1455 sanctus,
1181 1386 1419 1442 dicens:
1461 1384 1602 1442 Veni
1635 1401 1818 1456 usque
1849 1385 1918 1440 ad
1950 1385 2054 1439 do-

353 1493 511 1532 mum
548 1493 758 1543 meam,
783 1481 839 1533 et
871 1492 969 1532 eas
1001 1477 1213 1549 aspice.
1251 1475 1357 1532 Illa
1386 1485 1578 1532 autem
1616 1476 1840 1541 noluit;
1874 1477 1973 1532 sed
2005 1473 2056 1531 ei

352 1567 569 1638 praebet
617 1567 967 1639 quingentos
1015 1567 1250 1637 solidos,
1310 1568 1547 1623 dicens:
1596 1571 1752 1638 Rogo
1806 1571 1883 1634 te,
1934 1566 2057 1637 ipse

354 1671 450 1711 eas
480 1661 545 1712 ut
573 1657 662 1712 vis
696 1673 837 1728 cape
869 1673 885 1724 ς
929 1655 1060 1712 nolo
1091 1657 1249 1712 enim
1281 1658 1473 1713 videre
1505 1656 1797 1712 hominem
1829 1655 1927 1727 qui
1956 1672 2053 1712 eas

351 1745 567 1801 vendit.
600 1746 743 1802 Cum
793 1751 990 1802 autem
1040 1747 1390 1819 quingentos
1435 1747 1651 1802 solidos
1701 1746 1772 1802 ab
1805 1762 1870 1800 ea
1900 1762 2056 1802 acce-

2173 581 2632 639 meridionalem.
2671 584 2735 640 In
2767 602 2880 656 quo
2907 593 3100 642 monte
3124 587 3238 644 sita
3259 595 3343 645 est
3367 591 3573 660 ingens
3597 591 3868 658 solitudo,

2170 688 2295 740 quae
2341 674 2586 743 pertinet
2631 692 2816 747 usque
2868 677 2937 731 ad
2988 677 3362 748 Ethiopiam,
3410 685 3463 736 et
3497 681 3767 750 Mazices,
3817 686 3874 737 ct

2168 763 2588 820 Mauritaniam.
2622 764 2684 821 In
2717 782 2783 821 eo
2815 772 3006 821 autem
3042 768 3309 824 habitant
3350 770 3418 824 ad
3453 770 3711 842 quinque
3739 771 3878 827 mil—

2168 850 2248 905 lia
2304 855 2553 909 virorum
2604 856 2732 925 (18),
2785 857 2883 925 qui
2940 862 3183 911 utuntur
3241 858 3396 914 vario
3452 861 3579 914 vita:
3639 877 3872 932 genere,

2171 942 2575 1014 unusquisque
2616 954 2673 998 ut
2705 950 2894 1016 potest
2939 951 2995 1000 et
3037 946 3180 1012 vult,
3214 948 3355 1002 adeo
3389 953 3454 1002 ut
3491 947 3661 1004 liceat
3693 954 3751 1004 et
3781 965 3873 1004 so-

2167 1027 2290 1082 lum
2325 1045 2578 1097 manere,
2614 1039 2830 1088 etcum
2875 1033 3125 1100 duobus,
3176 1039 3232 1089 et
3273 1035 3480 1103 tribus,
3515 1046 3731 1092 etcum
3760 1053 3874 1107 quo

2167 1117 2303 1174 velit
2336 1137 2596 1177 numero.
2649 1124 2710 1177 In
2755 1124 2862 1179 hoc
2909 1129 3105 1179 monte
3157 1131 3288 1179 sunt
3337 1131 3557 1195 septem
3592 1125 3872 1196 pistrina,

2167 1222 2291 1276 quas
2323 1215 2378 1264 et
2408 1210 2522 1267 illis
2555 1214 2832 1282 serviunt,
2867 1218 2922 1269 et
2945 1213 3309 1270 anachoretis
3330 1215 3428 1286 qui
3463 1221 3602 1270 sunt
3634 1215 3689 1270 in
3712 1220 3875 1272 vasta

2165 1302 2500 1370 solitudine,
2553 1301 2692 1356 viris
2744 1303 3036 1373 perfectis,
3086 1319 3324 1359 numero
3369 1304 3675 1359 sexcentis.
3729 1304 3872 1359 Cum

2166 1407 2300 1463 ergo
2329 1397 2448 1446 toto
2478 1408 2630 1446 anno
2661 1391 2718 1446 in
2754 1397 2952 1446 monte
2983 1392 3335 1447 habitassem
3369 1394 3518 1464 apud
3571 1394 3769 1449 beatos
3817 1398 3872 1448 et

2166 1485 2399 1536 sanctos
2468 1481 2686 1547 Patres,
2758 1496 3038 1546 magnum
3106 1482 3395 1537 Arsisium
3460 1486 3516 1537 et
3572 1481 3871 1554 Putupha-

2166 1575 2344 1636 stum,
2379 1575 2435 1624 et
2467 1569 2783 1641 Hegionem
2817 1571 2952 1641 (19),
2977 1575 3031 1625 et
3063 1570 3358 1638 Cronium,
3393 1577 3448 1626 et
3477 1572 3868 1640 Serapionem,

2163 1666 2215 1714 et
2247 1659 2446 1714 multis
2482 1660 2879 1730 antiquiorum
2928 1661 3165 1714 Patrum
3193 1659 3555 1731 spiritalibus
3589 1661 3869 1716 narratio-

2166 1748 2361 1808 nibus,
2391 1748 2462 1802 ab
2496 1748 2635 1818 ipsis
2666 1764 2856 1804 essem
2889 1748 3245 1814 stimulatus,
3293 1750 3425 1805 veni
3478 1751 3537 1804 in
3591 1750 3864 1806 intimam

361 1836 542 1905 pisset
571 1841 811 1891 sanctus
842 1836 1147 1905 Macarius,
1180 1837 1392 1892 dateos
1413 1837 1485 1892 ad
1513 1853 1680 1892 usum
1719 1836 2053 1908 ptochotro-
2088 1863 2132 1926 Β
2167 1837 2562 1892 solitudinem.
2614 1838 2675 1890 In
2710 1837 2818 1892 hoc
2870 1842 3060 1892 monte
3109 1839 3296 1891 Nitriae
3345 1855 3460 1893 una
3500 1844 3588 1894 est
3615 1840 3873 1896 maxima

354 1928 494 1999 phii.
521 1927 667 1984 Cum
700 1933 893 1983 autem
929 1930 1176 1984 multum
1211 1938 1440 2000 tempus
1475 1929 1868 2001 praeteriisset,
1911 1944 2054 1998 quo-

355 2014 512 2070 niam
541 2031 748 2086 magna
794 2025 914 2072 erat
963 2017 1392 2073 existimatione
1437 2019 1584 2087 apud
1633 2017 2055 2072 Alexandrinos

353 2103 436 2158 vir
467 2103 584 2168 ille,
621 2110 816 2174 utpote
851 2121 1080 2160 summe
1121 2107 1250 2176 pius
1298 2123 1362 2160 ac
1396 2106 1726 2162 misericors
1759 2107 1921 2175 (vixit
1951 2124 2054 2160 au-

353 2198 470 2249 tem
496 2195 565 2248 ad
595 2201 827 2249 centum
861 2211 1047 2265 usque
1078 2213 1280 2258 annos,
1314 2196 1482 2266 cujus
1505 2201 1764 2263 tempore
1796 2214 1900 2252 nos
1921 2214 2054 2268 quo-

354 2299 460 2354 que
497 2284 761 2355 fuimus),
797 2287 1093 2339 verebatur
1111 2301 1240 2339 eum
1276 2287 1604 2340 admonere.
1637 2285 1898 2341 Tandem
1921 2303 2051 2342 cum

350 2389 483 2428 eum
525 2372 842 2428 invenisset
891 2375 948 2428 in
989 2376 1251 2440 ecclesia,
1305 2376 1446 2430 dicit
1478 2376 1529 2430 ei
1571 2379 1771 2446 :cho
1805 2384 1878 2442 te,
1916 2377 2055 2445 quid

344 2464 512 2531 jubes
543 2463 611 2517 de
642 2462 950 2532 lapidibus,
981 2481 1080 2534 pro
1112 2466 1328 2536 quibus
1359 2467 1627 2520 dedimus
1650 2467 1866 2520 solidos
1890 2467 2055 2537 quin-

351 2552 599 2619 gentos?
631 2553 728 2608 llle
757 2553 805 2608 ei
842 2555 1157 2624 respondit,
1193 2553 1389 2609 dicens
1416 2572 1427 2610 :
1454 2557 1496 2609 A
1520 2573 1629 2625 quo
1662 2555 1755 2611 die
1788 2556 1928 2609 mihi
1961 2558 2055 2612 de-

351 2641 485 2694 disti
511 2659 741 2708 aurum,
774 2660 873 2698 eos
909 2644 1163 2713 impendi
1198 2645 1253 2698 in
1290 2644 1534 2713 pretium
1570 2661 1961 2715 gemmarum,
1996 2652 2056 2702 et

350 2730 397 2784 si
431 2733 574 2786 velis
617 2749 715 2787 eas
758 2733 974 2798 videre,
1019 2733 1146 2790 veni
1197 2734 1253 2788 in
1307 2733 1626 2804 h03pitium
1683 2751 1896 2789 meum.
1933 2735 2054 2791 Illic

349 2822 501 2875 enim
554 2823 678 2876 sita:
722 2835 850 2877 sunt
892 2841 1155 2895 gemmae,
1189 2830 1246 2878 et
1296 2825 1458 2889 vide;
1513 2827 1664 2894 quod
1722 2828 1767 2878 si
1802 2825 1904 2878 tibi
1940 2842 2052 2880 non

348 2909 635 2978 placeant,
669 2910 804 2964 tolle
835 2928 1042 2966 aurum
1077 2918 1267 2966 tuum.
1307 2914 1464 2966 Venit
1496 2919 1687 2968 autem
1720 2912 1818 2967 illa
1851 2913 2055 2968 luben-

347 2998 594 3052 tissime.
629 2998 890 3053 Habebat
916 3008 1110 3055 autem
1139 3002 1638 3068 ptochotronhium
1675 3001 1731 3055 in
1767 3001 2051 3072 superiori

347 3087 582 3158 quidem
610 3094 768 3158 parte
793 3091 1087 3150 mulieres,
1122 3090 1178 3143 in
1203 3090 1457 3143 inferiori
1485 3097 1675 3144 autem
1705 3092 1876 3145 viros.
1908 3093 2050 3146 Cum

347 3195 413 3233 ea
444 3183 638 3233 autem
657 3179 1007 3245 accessisset,
1029 3179 1343 3233 introducit
1363 3195 1488 3234 eam
1516 3179 1571 3232 in
1595 3180 1969 3247 vestibulum,
1995 3185 2052 3235 et

346 3267 482 3320 dicit
514 3267 562 3321 ei
613 3273 846 3321 sanctus
881 3266 1166 3322 Macarius
1201 3283 1212 3320 :
1247 3268 1391 3329 Quid
1431 3268 1514 3322 vis
1550 3269 1800 3336 primum
1835 3269 2047 3336 videre,

348 3355 713 3426 hyacinthos,
747 3375 818 3411 an
853 3359 1197 3428 smaragdos
1220 3355 1246 3409 ?
1282 3357 1355 3410 Ea
1390 3374 1518 3411 vero
1551 3357 1633 3411 illi
1669 3359 1809 3412 dicit
1841 3375 1853 3411 :
1886 3357 2050 3421 Quod

342 3446 444 3499 tibi
470 3445 711 3499 videtur.
738 3446 836 3501 Ille
856 3462 986 3501 vero
1005 3462 1128 3500 eam
1155 3447 1317 3500 ducit
1353 3447 1406 3499 in
1433 3454 1649 3516 partem
1673 3449 2049 3516 superiorem,

347 3539 403 3588 et
432 3535 687 3589 ostendit
724 3535 773 3588 ei
807 3536 1121 3590 conscissis
1174 3536 1418 3590 feminas
1451 3535 1752 3600 membris,
1783 3547 1837 3591 et
1867 3538 2052 3590 vulti—

346 3622 454 3677 bus
499 3623 637 3677 totis
689 3626 843 3677 varia
895 3625 1277 3680 morbositate
1327 3624 1606 3690 laceratis,
1662 3630 1718 3679 et
1767 3625 1909 3680 dicit
1958 3625 2047 3680 ei:

344 3715 484 3766 Ecce
511 3712 826 3784 hyacinthi.
862 3704 1081 3769 Deinde
1123 3715 1356 3768 deducit
1403 3731 1525 3769 eam
1562 3718 1618 3769 in
1654 3721 1870 3785 partem
1903 3716 2050 3769 inl’e-

344 3802 575 3865 riorem,
610 3809 665 3857 et
696 3804 949 3858 ostendit
980 3803 1030 3857 ei
1057 3804 1228 3871 viros,
1265 3805 1507 3858 dicens:
1543 3804 1684 3859 Ecce
1717 3807 2001 3874 smaragdi
2034 3822 2046 3870 ;

343 3900 395 3943 et
437 3890 706 3945 existimo
752 3909 865 3946 non
909 3892 1151 3945 inveniri
1206 3893 1296 3945 his
1349 3892 1758 3961 pretiosiores;
1811 3894 1961 3962 quod
1999 3893 2048 3948 si

347 3977 452 4030 tibi
486 3995 595 4031 non
641 3979 928 4047 placeant,
963 3978 1155 4047 accipe
1206 3995 1414 4032 aurum
1449 3983 1635 4032 tuum.
1674 3979 1769 4032 llis
1799 3995 1933 4049 ergo
1967 3981 2050 4035 sic

345 4069 544 4138 gestis,
582 4069 800 4138 pudore
832 4068 1034 4122 affecta
1083 4069 1240 4138 virgo
1264 4071 1424 4133 exiit,
1456 4077 1511 4124 et
1542 4071 1779 4124 domum
1825 4087 2052 4126 reversa

347 4172 624 4227 magnum
675 4157 897 4227 accepit
950 4157 1232 4222 dolorem,
1283 4159 1436 4227 quod
1490 4159 1637 4213 hanc
1679 4175 1794 4213 rem
1830 4175 1895 4214 ex
1930 4159 2047 4214 Deo

344 4263 456 4302 non
493 4245 734 4312 fecisset,
771 4249 866 4301 sed
902 4245 1150 4301 adducta
1201 4249 1568 4303 necessitate.
1613 4248 1810 4303 Postea
1849 4254 2046 4304 autem

344 4337 560 4406 gratias
601 4339 717 4407 egit
749 4337 1102 4408 presbytero,
1137 4354 1268 4392 cum
1305 4338 1497 4408 puella
1529 4338 1692 4408 cujus
1722 4355 1921 4394 curam
1954 4355 2046 4410 ge-

341 4428 522 4492 rebat,
560 4432 687 4498 post
717 4427 947 4496 nuptias
996 4435 1225 4482 mortua
1274 4433 1425 4482 esset
1473 4430 1600 4482 sine
1632 4428 1853 4495 liberis,
1890 4430 2044 4500 ipsa-

342 4531 453 4586 que
506 4516 780 4588 deinceps
827 4517 1128 4573 facultates
1189 4535 1324 4573 suas
1388 4518 1693 4574 in-rectos
1755 4535 1895 4573 usus
1952 4535 2049 4574 ex-

343 4606 564 4677 pendit.

999 4733 1230 4789 CAPUT
1268 4735 1385 4790 VII.

347 4859 462 4915 νίια
510 4859 720 4915 abbatis
777 4861 974 4916 Arrisit
1015 4861 1126 4930 (l7)
1157 4869 1206 4916 et
1254 4877 1447 4916 eorum
1495 4863 1590 4935 qui
1639 4879 1764 4919 cum
1794 4878 1852 4919 eo
1883 4868 2046 4920 erant

923 4936 980 4987 in
1015 4944 1194 4988 monte
1222 4937 1446 4990 Nitriae.

412 5059 552 5114 Cum
585 5073 687 5126 ego
719 5076 849 5114 cum
885 5059 1086 5116 multis
1118 5063 1339 5117 sanctis
1368 5079 1556 5118 essem
1590 5079 1966 5135 congressus,
1990 5069 2047 5119 ct

341 5157 597 5206 versatus
647 5156 764 5206 tres
813 5168 997 5205 annos
1049 5152 1105 5205 in
1152 5153 1515 5207 monasteriis
1564 5171 1686 5223 quae
1729 5161 1864 5209 sunt
1895 5156 2046 5210 circa

337 5240 764 5307 Alexandriam,
798 5246 853 5296 et
885 5243 1224 5295 mansissem
1261 5257 1391 5295 cum
1429 5243 1652 5312 magnis
1685 5244 2046 5297 studiosissi-

339 5331 563 5402 misque
595 5337 650 5386 et
680 5331 915 5401 nptimis
951 5331 1086 5384 viris
1140 5331 1371 5386 circiter
1404 5332 1491 5385 bis
1529 5332 1708 5396 mille,
1741 5333 1902 5386 omni
1936 5334 2044 5387 vir-

336 5423 452 5472 tute
484 5421 723 5486 ornatis,
759 5418 915 5472 illinc
949 5419 1224 5472 recedens
1258 5418 1386 5472 veni
1421 5420 1478 5471 in
1535 5427 1788 5472 montem
1825 5418 2044 5474 Nitriae.

336 5507 492 5561 Inter
524 5507 680 5562 hunc
721 5519 970 5564 montem
1023 5513 1220 5562 autem
1271 5513 1327 5562 et
1360 5507 1769 5562 Alexandriam
1824 5509 2044 5576 positus

335 5603 423 5649 est
456 5595 637 5664 lacus,
689 5596 788 5665 qui
841 5596 1055 5652 dicitur
1087 5595 1272 5651 Maria
1310 5613 1322 5652 :
1369 5596 1418 5650 is
1458 5606 1652 5650 autem
1686 5598 1941 5651 continet
1973 5595 2046 5652 ad

339 5681 522 5742 millia
553 5686 946 5758 septuaginta.
1001 5685 1182 5751 Quem
1233 5701 1368 5743 cum
1422 5687 1907 5755 transmisissem,
1950 5703 2049 5759 per

2165 1925 2431 1991 ecclesia,
2461 1931 2517 1980 et
2547 1927 2608 1980 in
2639 1925 2765 1994 ipsa
2796 1926 3043 1981 ecclesia
3072 1932 3209 1980 sunt
3238 1932 3352 1980 tres
3385 1928 3610 1997 palmae,
3645 1944 3712 1983 ex
3745 1930 3872 1999 qui-

2166 2015 2275 2070 bus
2309 2031 2669 2087 unaquaaque
2704 2016 2873 2070 habet
2921 2014 3218 2082 ﬂagellum
3254 2016 3364 2087 (20)
3393 2032 3765 2085 suspensum.
3802 2018 3869 2074 Et

2164 2113 2252 2160 est
2285 2121 2466 2160 unum
2501 2107 2734 2176 quidem
2769 2107 2839 2159 ad
2886 2106 3253 2175 castigandos
3295 2107 3606 2160 monachos
3637 2108 3734 2177 qui
3763 2107 3863 2162 de-

2165 2194 2490 2267 linquunt;
2543 2196 2791 2250 alterum
2841 2212 2972 2250 vero
3021 2196 3091 2249 ad
3145 2195 3467 2264 puniendos
3505 2196 3778 2265 latrones,
3814 2198 3866 2252 si

2166 2287 2400 2356 quando
2431 2285 2734 2340 inciderint
2766 2305 2780 2352 ;
2831 2285 3064 2340 tertium
3117 2301 3242 2340 vero
3271 2287 3340 2340 ad
3375 2288 3744 2357 corrigendos
3771 2303 3869 2343 eos

2166 2376 2265 2445 qui
2302 2376 2443 2429 forte
2467 2375 2723 2442 veniunt,
2755 2384 2809 2429 et
2841 2375 2898 2430 in
2923 2377 3118 2446 aliqua
3150 2375 3359 2430 delicta
3392 2377 3692 2444 incidunt;
3728 2377 3870 2433 adeo

2167 2470 2230 2517 ut
2251 2465 2583 2534 quicunque
2602 2465 2976 2535 delinquunt,
2995 2477 3044 2518 et
3063 2464 3488 2518 convincuntur
3511 2466 3786 2521 meruisse
3810 2471 3874 2520 ut

2167 2554 2305 2608 dent
2340 2568 2554 2618 poenas,
2601 2553 2852 2623 palmam
2899 2553 3343 2622 amplectantur,
3397 2561 3451 2607 et
3484 2563 3641 2624 tergo
3679 2556 3873 2626 plagas

2173 2643 2488 2713 praeﬁnitas
2522 2643 2832 2712 accipiant,
2866 2649 2921 2697 et
2951 2643 3035 2697 sic
3069 2643 3444 2696 dimittantur.
3479 2643 3659 2713 Prope
3690 2644 3872 2700 eccle-

2163 2733 2309 2788 siam
2330 2739 2522 2785 autem
2551 2734 2803 2800 positum
2828 2738 2915 2786 est
2936 2734 3378 2800 xenonlochium,
3415 2733 3471 2786 in
3505 2750 3616 2803 quo
3642 2733 3870 2789 venien-

2163 2829 2278 2876 tem
2315 2821 2602 2890 hospitem
2637 2828 2752 2874 toto
2790 2827 3048 2881 tempore
3081 2823 3392 2890 accipiunt,
3422 2821 3596 2876 etiam
3631 2822 3676 2876 si
3708 2821 3874 2877 bien-

2164 2915 2328 2966 nium
2360 2917 2458 2964 aut
2488 2911 2805 2964 triennium
2837 2910 3082 2965 voluerit
3113 2927 3361 2974 manere,
3388 2912 3568 2965 donec
3601 2911 3734 2966 velit
3763 2928 3873 2967 sua

2165 3007 2371 3070 Sponte
2404 3003 2690 3064 recedere,
2718 3003 3113 3068 permittentes
3145 3000 3194 3055 ei
3221 3018 3334 3054 una
3367 3001 3731 3056 hebdomade
3759 3019 3872 3056 ma-

2166 3106 2297 3144 nere
2324 3089 2382 3142 in
2415 3090 2548 3142 otio.
2581 3089 2728 3143 Aliis
2780 3094 2974 3142 autem
3009 3089 3215 3142 diebus
3267 3088 3538 3157 deinceps
3589 3096 3874 3158 occupant

2163 3194 2297 3232 eum
2326 3179 2383 3231 in
2415 3178 2710 3247 operibus,
2745 3178 2925 3232 autin
2954 3177 3140 3243 horto,
3173 3183 3274 3230 aut
3307 3178 3362 3231 in
3390 3179 3657 3245 pistrino,
3689 3185 3789 3233 aut
3813 3181 3870 3235 in

2164 3267 2432 3338 coquina.
2466 3266 2625 3329 Quod
2660 3268 2708 3321 si
2753 3267 2922 3320 fuerit
2971 3266 3263 3336 quispiam
3298 3267 3465 3335 cujus
3498 3266 3572 3320 sit
3604 3267 3872 3324 habenda

2165 3356 2330 3420 ratio,
2365 3355 2506 3410 dant
2536 3355 2585 3410 ei
2621 3356 2830 3410 librum
2877 3356 3199 3424 legendum,
3237 3372 3349 3410 non
3383 3358 3784 3426 permittentes
3814 3359 3866 3412 ei

2164 3451 2227 3500 ut
2255 3462 2385 3500 cum
2421 3445 2537 3500 ullo
2571 3444 2937 3516 colloquatur
2969 3461 3151 3515 usque
3185 3445 3252 3499 ad
3289 3445 3490 3500 horam
3526 3452 3768 3503 sextam.
3807 3450 3871 3504 In

2164 3533 2272 3589 hoc
2305 3540 2502 3588 monte
2533 3534 2750 3606 degunt
2779 3534 2953 3588 etiam
2983 3533 3190 3587 medici
3215 3540 3270 3588 et
3303 3534 3658 3604 placentarii.
3694 3533 3871 3590 Utun-

2165 3627 2258 3678 tur
2288 3623 2461 3678 etiam
2511 3625 2660 3690 vino,
2697 3627 2752 3678 et
2801 3624 3001 3678 vinum
3053 3622 3171 3678 illic
3222 3625 3503 3678 venditur.
3563 3624 3626 3678 Hi
3678 3630 3868 3680 autem

2160 3729 2363 3768 omnes
2386 3713 2509 3767 suis
2546 3713 2811 3767 manibus
2845 3713 3065 3767 faciunt
3105 3717 3317 3767 vestem
3357 3714 3588 3780 lineam,
3624 3716 3766 3770 adeo
3799 3718 3863 3769 ut

2160 3803 2269 3856 sint
2303 3819 2506 3857 omnes
2540 3801 2780 3856 nimime
2811 3808 3058 3872 egentes.
3107 3802 3272 3856 Circa
3304 3804 3501 3858 horam
3537 3811 3732 3859 autem
3767 3821 3865 3859 no-

2163 3907 2294 3944 nam
2332 3893 2462 3945 licet
2493 3901 2662 3954 stare,
2690 3895 2743 3943 et
2775 3892 2973 3943 audire
3024 3890 3080 3943 in
3115 3905 3465 3961 unoquoque
3519 3893 3867 3948 monasterio

2159 3979 2408 4048 hymnos
2458 3982 2516 4031 et
2569 3979 2818 4048 psalmos
2865 3977 3094 4031 Christo
3137 3988 3428 4045 canentes,
3473 3986 3527 4034 et
3570 3997 3763 4048 preces
3797 3984 3867 4036 ad

2162 4066 2408 4137 hymnos
2437 4066 2780 4133 amittentes,
2841 4067 2982 4120 adeo
3027 4072 3085 4120 ut
3136 4067 3427 4121 existimet
3476 4069 3773 4139 quispiam
3805 4087 3864 4125 se

2159 4155 2410 4211 sublime
2441 4156 2650 4212 elatum
2684 4156 3124 4227 transmigrasse
3175 4157 3230 4211 in
3269 4157 3598 4228 paradisum
3632 4159 3867 4214 delicia-

2160 4263 2328 4314 rum;
2363 4248 2603 4302 veniunt
2633 4252 2825 4302 autem
2859 4248 2928 4301 ad
2978 4246 3280 4302 ecclesiam
3315 4247 3563 4303 Sabbato
3594 4248 3781 4304 solum
3815 4254 3872 4305 et

2161 4336 2480 4391 Dominico.
2515 4337 2666 4391 Sunt
2709 4342 2903 4390 autem
2939 4341 3069 4390 octo
3122 4337 3441 4407 presbyteri
3478 4336 3575 4406 qui
3611 4343 3870 4407 praesunt

2158 4425 2295 4480 huic
2327 4425 2579 4480 ecclesiae
2610 4426 2668 4479 in
2718 4442 2832 4496 qua
2864 4424 3120 4496 quandiu
3156 4425 3291 4480 vivit
3322 4427 3545 4496 primus
3577 4429 3871 4500 presbyter

2161 4516 2337 4585 hujus
2368 4515 2646 4578 ecclesias,
2680 4514 2878 4570 nullus
2932 4515 3084 4570 alius
3132 4515 3320 4583 offert,
3355 4533 3457 4572 nec
3488 4518 3730 4587 iudicat,
3768 4533 3871 4575 nec

2080 4607 2333 4672 Dhabst
2391 4621 2747 4675 sermonem,
2807 4606 2906 4661 sed
2983 4605 3155 4661 tacite
3211 4605 3399 4661 solum
3459 4622 3589 4661 cum
3651 4622 3715 4661 eo
3774 4623 3871 4662 se-

2165 4697 2324 4751 dent.

2233 4784 2335 4840 Hic
2366 4799 2608 4856 magnus
2647 4782 2917 4848 Arsisius,
2951 4787 3005 4836 et
3037 4782 3132 4837 alii
3179 4782 3345 4837 multi
3398 4799 3531 4838 curn
3584 4798 3648 4838 eo
3681 4799 3870 4853 senes,

2160 4891 2307 4945 quos
2341 4892 2444 4930 nos
2476 4873 2748 4940 vidimus,
2803 4875 3034 4927 l'uerunt
3063 4874 3316 4944 aequales
3367 4878 3627 4944 tempore
3659 4891 3869 4947 magno

2160 4965 2431 5020 Antonio.
2469 4969 2649 5034 Atque
2701 4962 2842 5017 mihi
2890 4963 3126 5034 quidem
3182 4964 3436 5018 narravit
3485 4963 3576 5018 hic
3615 4981 3868 5034 magnus

2161 5055 2414 5111 Arsisius
2449 5068 2507 5107 se
2552 5057 2740 5106 Amori
2790 5067 3021 5123 quoque
3069 5052 3286 5107 vidisse
3335 5051 3663 5122 Nitriotem,
3697 5055 3870 5124 cujus

2160 5145 2417 5202 animam
2446 5143 2582 5196 vidit
2613 5141 2834 5195 assumi
2870 5141 3153 5195 Antonius
3194 5141 3267 5196 ab
3299 5143 3544 5212 angelis,
3577 5143 3720 5198 etin
3754 5160 3870 5198 caa-

2158 5236 2283 5290 lum
2313 5233 2516 5289 deduci
2564 5231 2704 5301 (Vita
2757 5230 3000 5295 Antonii,
3034 5247 3079 5286 c.
3112 5231 3221 5297 3‘3;
3271 5231 3434 5304 Ruﬂ.,
3487 5232 3524 5286 ι.
3582 5249 3643 5299 ιι,
3676 5248 3722 5287 c.
3755 5232 3868 5302 30).

2160 5328 2214 5380 Is
2247 5325 2476 5379 dlCCb-tt
2507 5339 2568 5376 se
2603 5323 2774 5376 etiam
2810 5321 3190 5375 Pachomium
3226 5322 3444 5376 vidisse
3476 5319 3868 5374 Tabennesio-

2161 5421 2298 5482 tem,
2335 5415 2522 5468 virum
2559 5411 2892 5482 prephetica
2924 5413 3111 5482 gratia
3139 5412 3381 5473 clarum,
3416 5414 3501 5463 ter
3535 5407 3692 5462 mille
3721 5409 3870 5463 viro-

2161 5520 2288 5558 rum
2323 5499 2885 5569 archimandritam;
2921 5502 3092 5572 cujus
3119 5499 3363 5554 narrabo
3397 5501 3596 5568 postea
3626 5496 3869 5554 virtutes

2159 5595 2362 5666 (Infra,
2396 5609 2442 5647 ε.
2475 5591 2588 5664 33).
