4076 6280
332 361 485 420 1023

961 483 1192 541 CAPUT
1246 483 1394 538 VIII.

605 616 678 672 De
708 618 894 671 sancto
924 613 1095 669 Amen
1127 609 1239 682 (2t)
1270 617 1321 663 et
1354 608 1467 677 eius
1495 607 1751 681 conjuge.

399 760 639 817 Dicebat
669 762 857 811 autem
888 759 1063 809 Amen
1090 754 1196 807 hoc
1226 753 1395 806 modo
1415 751 1640 806 vixisse.
1675 751 1817 805 Cum
1850 755 2025 818 esset,

326 849 545 920 inquit,
588 845 922 917 parentibus
940 845 1179 898 orbatus
1198 841 1537 894 adolescens
1564 841 1793 894 circiter
1821 840 2025 909 viginti

328 941 480 995 duos
513 954 697 991 annos
727 943 923 999 natus,
970 934 1021 986 vi
1072 948 1103 986 a
1151 949 1258 986 suo
1294 939 1497 1000 patruo
1532 930 1755 984 mulieri
1781 929 2026 1000 junctus

328 1037 415 1083 est
448 1026 855 1085 matrimonio:
890 1028 1092 1078 etcum
1128 1038 1239 1075 non
1268 1028 1464 1091 posset
1487 1021 1754 1073 resistere
1786 1018 2027 1073 necessi-

323 1120 428 1173 tati
464 1135 640 1188 quam
675 1116 727 1171 ei
776 1115 1054 1169 afferebat
1100 1120 1361 1182 patruus,
1403 1113 1586 1164 visum
1620 1116 1709 1165 est
1740 1111 1810 1173 ei,
1844 1116 1897 1165 et
1929 1125 2023 1164 co-

323 1223 463 1262 rona
494 1208 750 1261 redimiri
799 1207 942 1274 (2'2),
995 1209 1049 1258 et
1080 1205 1280 1257 sedere
1321 1202 1379 1255 in
1432 1201 1707 1264 thalamo,
1740 1206 1796 1255 et
1827 1199 2025 1254 omnia

321 1297 610 1351 sustinere
643 1312 770 1365 qum
804 1294 945 1347 liunt
980 1292 1031 1346 in
1062 1291 1449 1345 matrimonio.
1487 1290 1794 1360 Postquam
1828 1296 2021 1343 autem

320 1403 522 1441 omnes
555 1391 749 1440 essent
779 1382 1017 1453 egressi,
1053 1383 1151 1450 qui
1184 1381 1240 1434 in
1269 1380 1525 1434 thalamo
1557 1387 1611 1433 et
1633 1379 1775 1433 lecto
1808 1378 2021 1433 dormi-

318 1480 481 1528 turos
513 1472 961 1537 collocaverunt,
1013 1470 1195 1540 surgit
1245 1468 1449 1521 beatus
1480 1470 1686 1532 Amon,
1720 1472 1775 1521 et
1807 1467 2024 1522 claudit

318 1564 512 1629 fores;
547 1568 603 1617 et
646 1564 853 1616 sedens
886 1564 1049 1613 vocat
1102 1560 1328 1612 beatam
1381 1562 1437 1611 et
1484 1573 1817 1624 germanam
1851 1574 2018 1611 suam

317 1654 647 1723 conjugem,
672 1657 726 1706 et
750 1651 799 1706 ei
828 1651 996 1705 dicit:
1025 1650 1342 1713 Adesdum,
1368 1649 1603 1701 domina
1623 1654 1679 1701 et
1700 1664 1861 1702 soror
1887 1648 2019 1718 (23),

316 1744 524 1798 deinde
554 1758 668 1797 rem
701 1742 804 1796 tibi
852 1741 1119 1794 narrabo.
1173 1743 1289 1792 Hoc
1332 1755 1444 1809 quo
1478 1739 1774 1806 conjuncti
1810 1753 2017 1791 sumus

315 1833 775 1892 matrimonium.
823 1831 968 1886 nihil
1016 1830 1191 1883 habet
1234 1829 1533 1883 eximium.
1570 1829 1736 1882 Recte
1770 1844 1899 1896 ergo
1937 1828 2016 1879 fa-
2052 1849 2095 1913 Î’

313 1926 550 1991 ciemus,
589 1922 635 1976 si
661 1922 873 1977 abhinc
897 1920 1304 1989 unusquisque
1324 1923 1586 1971 nostrum
1613 1932 1871 1970 seorsum
1893 1916 2016 1969 dor-

313 2012 523 2075 mierit,
558 2018 621 2066 ut
653 2012 877 2066 Christo
912 2009 1261 2078 placeamus,
1286 2009 1561 2061 intactam
1598 2012 1848 2061 nostram
1886 2007 2014 2060 red-

312 2102 515 2157 dentes
568 2102 984 2171 virginitatem.
1038 2099 1106 2152 Et
1155 2114 1285 2152 cum
1340 2113 1368 2151 e
1417 2098 1547 2151 sinu
1611 2113 1713 2150 suo
1770 2111 2010 2166 parvum

314 2191 572 2247 libellum
611 2191 964 2260 protulisset,
999 2196 1279 2258 tanquam
1314 2203 1375 2241 ex
1399 2203 1641 2257 persona
1675 2184 1929 2255 Apostoii
1958 2193 2012 2238 et

312 2279 649 2343 Scrvatoris,
676 2278 903 2349 legebat
955 2276 1178 2347 puellae,
1229 2292 1351 2345 quae
1384 2282 1508 2328 erat
1558 2274 1759 2343 ignara
1788 2272 2013 2327 littera-

309 2386 461 2437 rum,
518 2367 823 2440 plurimam
876 2367 1142 2420 lectionis
1194 2370 1438 2435 partem,
1486 2365 1767 2430 adjiciens
1806 2379 1874 2416 ex
1905 2379 2012 2417 sua

307 2459 588 2513 divinitus
620 2458 904 2525 inspirata
935 2456 1219 2519 doctrina,
1253 2459 1309 2507 et
1350 2470 1405 2507 in
1431 2454 1566 2511 vita.
1590 2454 1646 2507 in
1681 2452 2011 2521 virginitate

307 2553 362 2600 et
395 2552 653 2601 castitate
686 2544 950 2616 degenda
988 2561 1114 2597 eam
1150 2543 1483 2596 instituens.
1519 2543 1640 2605 Quo
1677 2543 1885 2594 factum
1920 2545 2010 2594 est

312 2640 375 2687 ut
406 2635 503 2687 illa
536 2634 748 2689 Christi
800 2636 988 2703 gratia
1032 2632 1267 2701 repleta,
1318 2632 1573 2684 diceret:
1612 2628 1721 2693 Ego
1754 2645 2005 2698 quoque,

307 2722 539 2775 domine
575 2722 672 2788 mi,
710 2735 1049 2785 persuasum
1102 2718 1284 2771 habeo
1336 2722 1451 2770 l'ore
1486 2723 1549 2769 ut
1578 2723 1795 2769 Castam
1830 2718 2006 2769 vitam

306 2810 555 2864 libenter
584 2824 793 2879 agam;
826 2808 945 2861 etsi
972 2810 1105 2877 quid
1135 2808 1327 2874 jubes,
1354 2806 1457 2857 hoc
1480 2806 1752 2874 deinceps
1779 2806 2004 2859 iaciam.

305 2900 405 2955 Ille
435 2916 587 2966 vero,
623 2899 759 2970 Ego,
793 2898 1001 2966 inquit,
1029 2897 1206 2966 jubeo
1246 2903 1304 2949 et
1341 2912 1477 2965 rogo
1512 2900 1571 2947 ut
1603 2896 2006 2964 unusquisque

305 2995 567 3044 nostrum
602 3004 865 3043 seorsum
902 2991 1154 3040 maneat.
1189 2985 1261 3039 Ea
1293 3002 1422 3039 vero
1457 2984 1563 3037 hoc
1596 3000 1710 3038 non
1741 2986 1893 3045 tulit,
1918 2985 2004 3037 di-

299 3095 480 3135 cens:
532 3080 863 3134 Maneamns
910 3077 967 3131 in
1023 3076 1222 3131 eadem
1274 3075 1465 3143 domo,
1517 3074 1615 3129 sed
1669 3077 1724 3127 in
1759 3074 2003 3129 diversis

302 3170 483 3225 lectis.
520 3171 726 3223 Vivens
757 3184 895 3238 ergo
948 3182 1076 3221 cum
1107 3182 1173 3221 ea
1222 3166 1418 3219 decem
1472 3169 1529 3218 et
1559 3171 1686 3218 octo
1720 3181 1903 3217 annos
1945 3165 2001 3217 in

298 3261 500 3314 iisdem
536 3261 782 3325 aedibus,
816 3264 935 3312 toto
967 3259 1059 3312 die
1097 3258 1343 3311 vacabat
1375 3255 1541 3309 horto
1572 3260 1627 3309 et
1659 3254 1999 3308 balsameto.

298 3349 655 3418 Operabatur
684 3350 838 3402 enim
892 3346 1263 3415 balsamum;
1314 3362 1439 3416 quis
1486 3344 1786 3398 balsamus
1825 3344 2008 3397 instar

294 3436 432 3492 vitis
465 3435 780 3506 plantatur,
815 3440 878 3488 ut
901 3437 956 3488 in
991 3452 1105 3503 qua
1132 3435 1375 3489 colenda
1399 3440 1454 3487 et
1477 3434 1730 3502 putanda
1762 3432 2006 3487 multum

294 3525 509 3579 laboris
541 3530 815 3594 ponatur.
852 3523 1105 3592 Vespere
1137 3540 1273 3593 ergo
1305 3525 1544 3577 domum
1574 3524 1927 3593 ingrediens.
1950 3528 2004 3579 et

296 3614 515 3669 faciens
547 3612 860 3677 orationes,
893 3626 1026 3666 cum
1061 3628 1129 3667 ea
1177 3610 1526 3667 comedebat.
1569 3611 1637 3664 Et
1670 3628 1868 3665 rursus
1900 3627 2004 3666 no-

295 3708 537 3759 cturnas
560 3718 761 3774 preces
786 3702 1055 3770 fundens,
1080 3707 1135 3756 et
1157 3700 1421 3773 synaxim
1449 3717 1743 3770 peragens,
1769 3717 2001 3758 summo

297 3807 467 3848 mane
500 3793 623 3848 ibat
652 3791 711 3847 in
742 3790 994 3847 hortum.
1032 3791 1174 3846 Cum
1211 3789 1334 3845 haec
1356 3790 1438 3845 sic
1462 3789 1683 3859 fierent,
1716 3796 1772 3846 et
1806 3806 2000 3862 perve-

297 3886 483 3938 nisset
515 3887 762 3954 uterque
785 3883 854 3937 ad
881 3880 1372 3953 impatibilitatem
1403 3880 1599 3950 (Cauta
1627 3881 1784 3952 lege),
1808 3881 1922 3935 vim
1944 3885 1998 3937 et

297 3973 613 4029 elï¬caciam
649 3973 910 4028 habuere
942 3988 1138 4042 preces
1184 3970 1445 4027 Amonis.
1480 3971 1774 4027 Postremo
1800 3978 1995 4027 autem

292 4063 343 4118 ei
379 4064 515 4118 dicit
546 4062 647 4118 illa
677 4063 845 4117 beata
879 4077 892 4116 :
928 4061 1024 4116 Est
1071 4061 1287 4131 aliquid
1322 4062 1473 4131 quod
1508 4061 1613 4115 tibi
1645 4061 1855 4129 dicam,
1889 4064 1995 4117 do-

294 4151 450 4207 mine
492 4151 597 4216 mi,
650 4159 708 4206 ut
757 4152 800 4205 si
852 4166 943 4205 me
991 4149 1269 4217 audieris,
1303 4149 1447 4202 mihi
1498 4147 1667 4218 plane
1705 4151 1997 4205 constabit

289 4242 440 4313 quod
475 4256 602 4296 vere
633 4257 699 4296 ex
730 4239 845 4295 Deo
896 4255 988 4294 me
1032 4238 1262 4310 diligas.
1315 4236 1373 4293 Is
1421 4253 1553 4291 vero
1604 4238 1651 4292 ei
1686 4238 1860 4292 dicit:
1896 4238 1996 4293 Dic

291 4330 445 4399 quod
479 4329 639 4383 velis.
680 4330 757 4384 Ea
788 4345 922 4383 vero
956 4329 1096 4383 dicit
1126 4328 1211 4382 illi
1247 4344 1259 4383 :
1292 4331 1545 4398 Equum
1578 4337 1662 4383 est
1694 4337 1753 4382 ut
1801 4334 1862 4384 tu
1895 4330 1995 4399 qui

286 4435 347 4474 es
382 4420 464 4472 vir
498 4418 625 4489 pius
658 4422 714 4471 et
746 4417 1073 4487 religiosus,
1109 4423 1165 4471 et
1194 4433 1420 4472 exerces
1445 4418 1764 4486 justitiam,
1823 4424 1879 4472 et
1907 4419 1994 4473 si-

289 4506 508 4564 militer
538 4523 642 4579 ego
676 4507 772 4578 qui
806 4508 1071 4562 eamdem
1113 4507 1262 4561 viam
1312 4507 1561 4561 instituti
1609 4523 1735 4562 sum
1771 4516 1989 4575 secuta,

285 4613 545 4655 seorsum
568 4613 935 4664 maneamus,
959 4601 1014 4651 et
1039 4595 1204 4650 multi
1228 4612 1296 4651 ex
1313 4612 1378 4651 eo
1396 4597 1629 4666 capiant
1659 4597 1988 4653 utilitatem.

284 4689 404 4744 Non
438 4705 540 4760 par
568 4693 653 4745 est
682 4689 836 4743 enim
875 4692 935 4743 ut
970 4690 1208 4758 propter
1239 4702 1327 4741 me
1358 4691 1519 4741 tanta
1548 4691 1605 4741 et
1632 4687 1764 4741 talis
1797 4688 1991 4743 occul-

283 4783 439 4833 tetur
492 4783 591 4834 tua
642 4779 824 4833 virtus
873 4777 1277 4849 philosophiae,
1329 4776 1429 4847 qui
1487 4791 1710 4832 meeum
1759 4783 1990 4849 propter

283 4868 574 4922 Christum
616 4867 917 4922 cohabitas
948 4868 1004 4921 in
1037 4867 1321 4922 castitate.
1358 4866 1410 4919 Is
1442 4881 1571 4921 vero
1611 4882 1745 4921 cum
1780 4867 1829 4922 ei
1862 4885 1987 4937 gra-

282 4956 392 5011 tias
422 4955 654 5026 egisset,
687 4960 742 5009 et
773 4955 1019 5025 gloriam
1067 4961 1178 5011 Deo
1209 4954 1483 5023 dedisset,
1515 4955 1565 5011 ei
1599 4956 1775 5011 dicit:
1818 4956 1983 5013 Recte

282 5045 387 5100 tibi
418 5046 606 5098 visum
636 5053 742 5107 est,
767 5045 999 5100 domina
1020 5050 1075 5099 et
1096 5060 1294 5112 soror;
1329 5050 1387 5100 et
1416 5046 1464 5099 si
1497 5044 1606 5100 hoc
1637 5046 1743 5100 tibi
1772 5046 1979 5117 placet,

280 5141 336 5189 tu
407 5133 616 5188 habeto
684 5132 835 5187 hanc
907 5134 1212 5201 domum;
1284 5150 1388 5205 ego
1462 5150 1594 5189 vero
1672 5135 1863 5201 abibo,
1925 5140 1983 5191 et

276 5223 451 5279 aliam
500 5222 647 5278 mihi
696 5222 931 5276 domum
987 5224 1213 5278 faciam.
1250 5224 1352 5289 Qui
1404 5240 1536 5278 cum
1590 5224 1660 5279 ab
1709 5241 1775 5279 ea
1832 5230 1980 5281 esset

276 5330 567 5386 egressus,
603 5314 904 5385 ingressus
937 5317 1022 5365 est
1062 5312 1119 5367 in
1172 5315 1446 5369 interiora
1496 5315 1709 5369 montis
1738 5314 1975 5384 Nitriae;

274 5408 535 5460 nondum
570 5404 720 5460 enim
757 5409 893 5458 tunc
924 5401 1041 5456 illic
1071 5408 1237 5457 erant
1261 5402 1583 5472 frequentia
1606 5405 1974 5475 monasteria,

274 5500 330 5548 et
362 5496 471 5549 sibi
505 5495 640 5549 fecit
672 5496 816 5549 duos
862 5492 1143 5547 cellarum
1195 5489 1408 5548 tholos.
1464 5493 1527 5547 Et
1580 5510 1710 5548 cum
1744 5494 1977 5550 vixisset

272 5582 417 5639 alios
444 5584 639 5654 viginti
673 5583 815 5638 duos
846 5599 1053 5650 annos,
1086 5586 1142 5637 et
1178 5588 1332 5638 recte
1364 5599 1651 5639 summam
1686 5586 1971 5641 exercita-

344 5674 359 5711 Â¹
393 5673 495 5735 Hic
526 5672 606 5729 0r
636 5674 741 5729 fuit
770 5672 1117 5747 Origenista.

1903 347 2263 409 PALLADII

2056 484 2107 549 Î‘
2142 477 2318 534 tionis
2350 478 2624 533 virtutem
2677 474 3046 539 exercuisset,
3092 473 3150 527 in
3184 471 3300 525 vita
3330 470 3475 525 obiit
3507 470 3850 538 monastica,

3688 341 3847 400 1024

2141 570 2227 623 vel
2266 570 2457 640 potius
2489 566 2804 640 translatus
2837 570 2926 619 est
2963 570 3202 617 sanctus
3238 564 3445 624 Amori,
3482 570 3651 615 natus
3684 578 3853 617 sexa-

2141 660 2304 729 ginta
2336 660 2481 713 duos
2530 674 2737 719 annos,
2782 656 2869 709 bis
2921 654 2975 707 in
3010 670 3163 708 anno
3213 652 3414 706 videns
3455 653 3681 707 beatam
3716 654 3851 706 vita:

2139 767 2256 803 suae
2287 755 2634 803 consortem.

2209 840 2349 894 Cum
2384 839 2432 891 is
2464 853 2599 906 ergo
2632 835 2793 889 solus
2833 842 2986 887 esset
3030 834 3083 885 in
3120 832 3341 893 Nitriis,
3385 833 3576 886 ferunt
3605 834 3672 885 ad
3707 848 3847 886 eum

2139 944 2380 1000 puerum
2436 926 2594 980 rabie
2656 930 3033 990 exagitatam,
3084 923 3343 977 vinctum
3396 923 3631 976 catenis.
3670 921 3851 974 Canis

2135 1018 2285 1072 enim
2322 1017 2584 1071 rabiosus
2610 1015 2923 1068 mordendo
2949 1013 3028 1066 illi
3055 1012 3271 1066 rabiem
3296 1012 3544 1065 á¼€Ïá½µÎ¾ÎµÎ¹-Î´Î¹.
3578 1010 3849 1078 ÎžÎ¹Î»á½¶ÏÏ‚Ï…Ï„Î·

2135 1123 2269 1175 ergo
2300 1111 2484 1159 totum
2540 1104 2819 1165 laniabat,
2862 1107 2925 1154 ut
2972 1101 3071 1172 qui
3118 1100 3538 1154 intolerabilem
3573 1099 3846 1153 morbum

2135 1195 2280 1250 ferre
2312 1212 2425 1249 non
2459 1201 2671 1264 posset.
2706 1192 3013 1261 Postquam
3056 1207 3188 1253 ergo
3222 1191 3361 1243 vidit
3393 1190 3521 1261 ejus
3556 1197 3845 1259 parentes,

2134 1288 2202 1339 ad
2238 1284 2685 1354 supplicandum
2708 1283 3122 1351 procedentes:
3151 1280 3297 1345 Quid
3326 1280 3486 1343 mihi,
3525 1279 3730 1348 inquit,
3761 1277 3847 1332 Ia-

2134 1376 2303 1430 borcs
2359 1372 2660 1437 exbibeiis,
2694 1387 2725 1425 Î¿
2774 1370 3062 1433 homines,
3109 1385 3175 1422 ea
3222 1372 3485 1439 petentes
3533 1384 3653 1437 quis
3704 1384 3843 1423 mea

2132 1466 2336 1520 merita
2366 1467 2668 1533 superant,
2706 1478 2835 1515 cum
2873 1462 2929 1514 in
2972 1459 3176 1514 vestris
3212 1458 3487 1513 manibus
3523 1463 3725 1527 presle
3758 1459 3843 1513 sit

2132 1554 2407 1608 auxilium
2428 1549 2871 1606 ?Redditeenim
2891 1550 3080 1603 viduae
3094 1550 3291 1602 bovem
3311 1564 3483 1617 quem
3503 1546 3837 1602 clanculum

2130 1642 2443 1709 occidistis,
2468 1648 2523 1695 et
2550 1656 2730 1695 sanus
2753 1640 3028 1693 reddetur
3048 1638 3208 1691 vobis
3234 1653 3382 1707 puer.
3420 1636 3504 1690 Illi
3537 1652 3665 1690 vero
3697 1652 3833 1691 cum

2130 1732 2369 1785 convicti
2402 1738 2617 1797 essent,
2671 1733 2781 1784 laeti
2837 1731 3093 1784 fecerunt
3138 1746 3263 1799 qua:
3298 1729 3465 1799 jussu
3500 1728 3742 1796 fuerant,
3776 1732 3839 1783 et

2128 1836 2194 1874 eo
2221 1828 2418 1875 orante
2452 1836 2592 1889 puer
2622 1837 2798 1873 sanus
2831 1820 3031 1873 evasit.

2196 1911 2574 1963 Accesserant
2598 1916 2788 1961 autem
2812 1908 2905 1961 alii
2944 1907 3071 1977 ejus
3096 1907 3310 1961 visendi
3336 1907 3544 1977 gratia.
3575 1906 3657 1959 Ad
3685 1920 3833 1975 quos

2126 2000 2267 2054 dixit
2300 2002 2379 2053 vir
2413 2005 2675 2061 sanctus,
2710 1998 2967 2052 tentandi
3019 2013 3217 2051 eorum
3262 1998 3438 2050 animi
3472 1997 3696 2066 gratia:
3731 1997 3831 2049 Af-

2132 2089 2271 2143 ferte
2302 2090 2370 2143 ad
2407 2104 2494 2141 me
2524 2088 2746 2141 dolium
2782 2103 2984 2154 unum,
3020 2093 3081 2140 ut
3113 2085 3353 2139 habeam
3392 2087 3534 2139 satis
3568 2101 3723 2154 aqua3
3755 2084 3830 2137 ad

2128 2195 2227 2232 eos
2257 2179 2356 2248 qui
2390 2178 2626 2232 veniunt
2665 2177 3057 2245 excipiendos.
3112 2175 3150 2229 Ii
3200 2185 3390 2230 autem
3434 2177 3833 2246 promiserunt

2124 2269 2344 2337 aeipsos
2395 2270 2695 2321 allaturos.
2731 2266 2871 2320 Cum
2914 2273 3106 2320 autem
3150 2264 3393 2319 alterum
3448 2265 3828 2332 paenituisset,

2122 2357 2217 2411 ubi
2247 2357 2305 2410 in
2340 2357 2523 2411 vicum
2557 2356 2834 2417 venisset.
2868 2356 3011 2408 dicit
3043 2354 3204 2408 alteri
3239 2369 3252 2407 :
3289 2352 3431 2408 Nolo
3453 2354 3716 2408 occidere
3738 2370 3829 2406 ca-

2122 2446 2363 2509 melum,
2400 2462 2583 2515 neque
2612 2446 2659 2499 ei
2696 2444 2916 2499 dolium
2943 2444 3263 2513 imponere,
3297 2460 3367 2497 ne
3400 2445 3699 2497 moriatur.
3729 2443 3829 2499 His

2120 2538 2363 2603 auditis,
2388 2538 2537 2591 alius
2570 2537 2927 2604 suisjunctis
2952 2535 3132 2589 asinis
3158 2551 3362 2604 magno
3386 2534 3582 2589 labore
3603 2535 3824 2590 dolium

2120 2645 2350 2682 sursum
2391 2628 2653 2697 portavit.
2696 2626 3055 2680 Prasveniens
3100 2631 3295 2679 autem
3342 2628 3526 2679 Amon
3559 2625 3606 2679 ei
3640 2626 3823 2679 dixit:

2118 2719 2491 2788 Quid?quod
2546 2719 2682 2772 socii
2726 2720 2805 2771 tui
2855 2718 3111 2772 camelus
3155 2723 3246 2771 est
3278 2724 3536 2771 mortuus
3583 2717 3821 2771 interim

2119 2811 2256 2864 dum
2294 2812 2406 2865 huc
2440 2810 2705 2863 venisti?
2740 2810 2791 2864 Is
2824 2817 3013 2863 autem
3077 2826 3345 2863 reversus
3373 2809 3585 2863 invenit
3615 2824 3749 2863 eum
3788 2824 3822 2863 a

2119 2897 2272 2967 lupis
2304 2900 2639 2953 devoratum
2703 2898 2884 2952 Multa
2914 2914 3147 2968 quoque
3176 2899 3289 2951 alia
3320 2898 3408 2950 hic
3438 2898 3521 2950 vir
3554 2900 3704 2951 fecit.

2191 2989 2306 3043 Hoc
2337 2994 2529 3043 autem
2565 2988 2909 3042 miraculum
2946 2989 3196 3041 narravit
3242 2991 3443 3041 beatus
3478 2986 3822 3041 Athanasius

2117 3079 2475 3133 Alexandriae
2502 3079 2833 3148 episCOpus,
2869 3078 3129 3131 scribens
3160 3077 3218 3129 in
3242 3076 3373 3130 Vita
3391 3076 3645 3142 Antonii,
3674 3076 3818 3146 quod

2116 3183 2246 3222 cum
2295 3169 2607 3237 aliquando
2658 3166 2928 3221 monachi
2972 3167 3039 3219 ad
3085 3166 3277 3236 ipsum
3333 3166 3502 3220 missi
3534 3175 3723 3221 essent
3749 3165 3817 3219 ab

2116 3259 2360 3312 Antonio
2388 3257 2534 3327 (erat
2563 3257 2717 3311 enim
2755 3257 2811 3310 in
2846 3255 3114 3310 interiore
3145 3255 3455 3309 solitudine
3486 3256 3815 3325 Antonius),

2115 3362 2249 3401 cum
2284 3349 2352 3402 ad
2386 3348 2578 3418 ipsum
2613 3345 2926 3410 venissent,
2964 3346 3433 3412 surrexitsenex,
3463 3350 3519 3399 et
3550 3344 3818 3400 ambula~

2116 3436 2213 3491 bat
2234 3453 2365 3491 cum
2392 3437 2493 3494 eis.
2528 3437 2750 3490 Etcum
2775 3440 2931 3491 esset
2952 3436 3304 3490 transiturus
3329 3435 3546 3505 Lycum
3572 3433 3813 3489 ï¬‚uvium

2113 3542 2245 3582 cum
2279 3528 2408 3595 ejus
2440 3527 2729 3595 discipulo
2763 3525 3086 3590 Theodoro,
3118 3527 3421 3581 verebatur
3440 3526 3595 3593 exui,
3629 3542 3701 3581 ne
3731 3540 3817 3581 se-

2112 3616 2303 3685 ipsum
2326 3618 2545 3671 videret
2573 3616 2889 3687 aliquando
2943 3616 3165 3670 nudum
3204 3632 3216 3670 :
3249 3621 3302 3670 et
3333 3615 3549 3671 interea
3579 3618 3715 3669 dum
3748 3616 3815 3670 de

2110 3722 2176 3761 ea
2207 3721 2267 3760 re
2298 3706 2627 3770 dissereret,
2682 3706 2953 3760 inventus
2995 3710 3084 3760 est
3114 3712 3273 3761 trans
3306 3704 3574 3773 ï¬‚uvium,
3608 3710 3671 3760 ut
3716 3706 3814 3776 qui

2108 3794 2322 3864 absque
2352 3796 2555 3866 cymba
2586 3794 2644 3849 in
2680 3796 2862 3851 extasi
2897 3794 3237 3865 trajecisset,
3266 3794 3587 3850 translatus
3616 3796 3686 3849 ab
3716 3812 3812 3849 an-

2107 3884 2235 3955 gelo
2264 3900 2277 3938 :
2312 3884 2517 3938 fratres
2548 3891 2736 3939 autem
2770 3888 2964 3938 natatu
2997 3881 3465 3937 transmiserunt.
3498 3882 3811 3953 Postquam

2107 3978 2300 4029 autem
2334 3973 2578 4029 accessit
2608 3974 2678 4028 ad
2731 3972 3079 4039 Antonium,
3124 3972 3347 4041 primus
3377 3972 3429 4027 ei
3462 3972 3607 4026 dixit
3632 3975 3807 4027 Anto-

2105 4065 2276 4119 nius:
2309 4065 2451 4119 Cum
2485 4063 2638 4118 Deus
2658 4062 2798 4117 mihi
2825 4062 3001 4117 multa
3026 4063 3094 4117 de
3120 4068 3175 4117 te
3206 4061 3533 4127 revelasset,
3565 4066 3621 4117 et
3652 4071 3809 4118 luam

2104 4154 2539 4208 translationem
2577 4152 2717 4207 mihi
2770 4153 3173 4219 signiï¬casset,
3225 4158 3279 4206 te
3310 4150 3382 4206 ad
3414 4167 3503 4206 me
3532 4152 3811 4207 accersivi

2104 4244 2448 4311 necessario,
2482 4252 2543 4297 ut
2591 4258 2721 4297 cum
2756 4241 2924 4297 nobis
2956 4242 3203 4296 invicem
3248 4242 3357 4296 frui
3392 4240 3671 4307 licuisset,
3706 4256 3808 4312 pro

2103 4331 2269 4387 nobis
2297 4334 2540 4387 invicem
2575 4332 3089 4387 intercederemus.
3122 4331 3265 4386 Cum
3297 4337 3488 4386 autem
3519 4347 3654 4385 eum
3686 4329 3804 4386 col-

2102 4422 2345 4477 locasset
2374 4422 2431 4476 in
2467 4423 2720 4492 quodam
2756 4421 2878 4476 loco
2911 4420 3081 4491 longe
3106 4427 3393 4491 separato,
3426 4419 3686 4474 hortatus
3717 4423 3805 4475 est

2102 4527 2173 4567 ne
2211 4511 2505 4567 recederet
2552 4516 2689 4565 ante
2734 4509 3198 4566 translationem.
3251 4510 3395 4565 Cum
3437 4514 3623 4564 autem
3670 4508 3799 4577 ipse

2100 4618 2360 4656 seorsum
2396 4602 2597 4657 fuisset
2642 4605 3110 4663 consummatus,
3164 4600 3311 4657 vidit
3360 4598 3636 4654 Antonius
3666 4597 3799 4667 ejus

2093 4694 2348 4747 animam
2372 4692 2431 4747 in
2456 4693 2661 4747 ccelum
2688 4697 3046 4763 assumptam
3067 4692 3139 4747 ab
3165 4691 3405 4763 angelis.
3430 4690 3531 4747 Hic
3551 4695 3637 4745 est
3660 4704 3800 4762 ergo

2092 4782 2298 4848 Amon,
2334 4783 2540 4852 quisic
2564 4782 2723 4849 vixit,
2756 4787 2813 4837 et
2835 4782 2917 4836 sic
2940 4781 3103 4838 obiit.
3129 4780 3296 4836 Hunc
3316 4780 3525 4853 Lycum
3559 4780 3800 4835 ï¬‚uvium

2093 4887 2197 4943 ego
2216 4887 2345 4925 cum
2366 4876 2519 4926 metu
2547 4877 2795 4942 pontone
2817 4870 3131 4940 aliquando
3162 4870 3462 4927 transmisi
3487 4889 3500 4937 ;
3528 4875 3620 4927 est
3641 4870 3799 4926 enim

2094 4960 2244 5015 fossa
2274 4964 2329 5014 et
2360 4959 2638 5016 derivatio
2672 4959 2864 5031 magni
2897 4958 3030 5014 Nili.

2753 5083 2985 5140 CAPUT
3033 5083 3125 5141 XI.

2597 5193 2717 5247 I'ita
2746 5192 2963 5248 abbatis
2998 5197 3012 5228 Â¹
3046 5192 3122 5248 0r
3149 5194 3283 5265 (24).

2160 5321 2221 5375 In
2257 5318 2364 5373 hoc
2398 5324 2592 5374 monte
2624 5318 2819 5374 Nitriaa
2855 5319 2960 5374 fuit
2978 5319 3062 5374 vir
3093 5318 3457 5373 admirabilis
3488 5319 3695 5383 abbas,
3717 5318 3796 5374 Or

2088 5408 2343 5473 nomine,
2371 5408 2590 5463 habens
2611 5409 2963 5463 monasteria
2988 5408 3144 5463 mille
3169 5408 3432 5478 fratrum,
3466 5408 3667 5463 habitu
3689 5423 3797 5463 an-

2085 5498 2267 5569 gelico
2300 5499 2576 5569 praeditus
2624 5497 2823 5571 (Ruï¬,
2858 5499 2894 5553 Î¹.
2939 5516 2999 5564 Î¹Î¹,
3031 5514 3077 5554 c.
3111 5501 3205 5568 2);
3240 5508 3299 5553 ut
3341 5499 3606 5569 quicum
3637 5503 3797 5556 esset

2086 5588 2407 5659 nonaginta
2439 5604 2622 5645 annos
2654 5595 2849 5657 natus,
2906 5587 3052 5645 nihil
3099 5588 3389 5646 amisisset
3420 5588 3489 5644 de
3524 5603 3789 5660 corpore,
