4076 6280
326 367 486 431 1025

937 503 1175 555 ΚΕΦΔΛ
1201 542 1214 558 .
1256 497 1321 555 ΙΓ
1355 541 1367 555 .

383 578 388 582 ’
430 589 552 651 Βίος
583 589 680 643 τοῦ
719 585 879 660 ἀγίου
910 586 1115 660 Ἀμοῦν
1146 585 1236 642 καὶ
1266 593 1367 657 τῆς
1398 588 1593 645 τούτου
1625 591 1858 670 συζύγου
1892 636 1906 651 ,

403 678 571 740 Οῦτος
621 673 802 750 ἔλεγεν
842 675 930 730 καὶ
977 678 1068 730 τὸν
1121 678 1323 749 Ἀμοῦν
1373 679 1608 754 τοιούτῳ
1651 683 1839 757 τρόπῳ
1891 684 1984 758 βε-

331 764 627 823 ϐιωκέναι·
683 765 964 839 Ὀρφανὸς,
1014 766 1203 843 φησὶν,
1256 766 1521 844 ὑπάρχων
1587 771 1858 833 νεανίσκος
1908 773 1982 834 ὡς

329 857 464 913 ἐτῶν
513 855 686 911 εἷ”κοσι
740 852 858 924 δύο,
917 854 1008 930 βίᾳ
1052 855 1199 930 παρά
1246 861 1342 912 τοῦ
1392 855 1530 913 ἰδίου
1579 859 1724 914 θείου
1768 864 1983 936 γοναικὶ

329 943 687 1018 συνεζεύχθη.
725 941 824 998 Καὶ
859 943 934 1016 μὴ
969 940 1216 1012 δυνηθεὶς
1246 943 1563 1015 ἀντιστῆναι
1592 950 1659 1020 τῇ
1690 948 1786 1003 τοῦ
1837 947 1983 1003 θείου

327 1034 577 1109 ἀνάγκῃ,
644 1030 820 1104 ἔδοξεν
887 1033 978 1088 καὶ
1045 1035 1454 1110 στεφανοῦσθαι,
1530 1038 1622 1092 καὶ
1680 1038 1734 1094 ἐν
1791 1043 1983 1112 παστῷ

327 1124 668 1193 καθέζεσθαι,
699 1124 788 1176 καὶ
829 1121 997 1177 πάντα
1050 1122 1412 1198 μεμενηκέναι
1456 1126 1587 1181 κατά
1628 1128 1719 1182 τὸν
1760 1129 1935 1201 γάμον
1967 1170 1979 1183 .

332 1211 483 1270 Μετά
532 1208 590 1266 δὲ
632 1212 695 1266 τὸ
750 1209 981 1284 ἐξελθεῖν
1032 1213 1234 1274 πάντας
1282 1216 1651 1287 κοιμήσοντας
1697 1216 1891 1278 αὐτοὺς
1930 1217 1984 1271 ἐν

326 1307 408 1374 τῷ
437 1305 626 1374 παπῷ
666 1301 754 1355 καὶ
794 1304 862 1374 τῇ
913 1299 1100 1375 κλίνῃ,
1151 1303 1380 1364 ἀναστὰς
1415 1305 1442 1358 δ
1476 1306 1742 1380 μακάριος
1781 1307 1980 1380 Ἀμοῦν

331 1386 614 1447 ἀποκλείει
662 1389 761 1458 τὴν
803 1389 987 1465 θύραν,
1033 1391 1121 1445 καὶ
1172 1391 1393 1455 καθίσας
1441 1393 1832 1467 προσκαλεῖται
1885 1397 1984 1465 τήν

336 1479 602 1554 μακαρίαν
678 1475 844 1534 αὐτοῦ
918 1481 1008 1534 καί
1072 1479 1295 1555 γνησίαν
1355 1481 1608 1559 σύζυγον,
1675 1485 1764 1538 καὶ
1834 1485 1982 1560 λέγει

335 1568 476 1640 αὐτῇ
501 1613 513 1625 .
547 1571 712 1643 Δεῦρο
745 1566 837 1638 δὴ,
883 1568 1046 1644 κυρία
1088 1569 1177 1623 καὶ
1217 1567 1448 1648 ἀδελφὴ,
1492 1569 1684 1628 λοιπὸν
1715 1570 1986 1650 διηγήσο-

343 1657 440 1729 μαί
484 1677 569 1712 σοι
615 1658 676 1712 τὸ
727 1660 989 1732 πρᾶγμα⁶
1023 1657 1052 1712 6
1093 1658 1271 1734 γάμος
1320 1658 1379 1714 ’ὸν
1423 1658 1777 1735 ἐγαμήσαμεν
1827 1661 1988 1724 οὗτός

335 1745 480 1801 ἐστιν
537 1746 792 1821 περισσὸν
853 1744 1000 1821 ἔχων
1046 1745 1236 1802 οὐδέν*
1287 1747 1486 1812 Καλῶς
1538 1749 1630 1806 οῦν
1680 1754 1983 1825 ποιήσομεν

335 1839 523 1909 ἡμεῖς,
567 1837 654 1892 ἐὰν
716 1837 820 1892 ἀπὸ
869 1839 966 1892 τοῦ
1022 1840 1114 1893 νῦν
1171 1837 1396 1901 ἕκαστος
1452 1841 1616 1914 ἡμῶν
1671 1843 1791 1898 κατ’
1847 1839 1985 1899 ἰδίαν
2023 1881 2066 1946 Β

340 1945 344 1946 ,
412 1927 459 1946 ﬂ,
511 1921 572 1946 δ’
719 1922 744 1946 θ’
942 1926 956 1945 ‘
1050 1931 1077 1942 α
1152 1933 1190 1946 ιο
1331 1933 1359 1946 ευ
1426 1928 1445 1946 ε
1568 1931 1580 1946 \
1697 1930 1711 1946 9
1763 1931 1775 1946 Ι

337 1921 672 2000 καθευδήσῃ,
719 1922 813 1980 ’ίνα
869 1926 959 1981 καὶ
1010 1931 1092 1998 τῷ
1151 1933 1372 2004 Χριστῷ
1426 1928 1620 1986 λοιπὸν
1684 1930 1984 2008 ἀρέσωμεν,

336 2011 710 2075 ἐκτελέσαντες
783 2012 1000 2069 ἄθικτον
1065 2017 1226 2088 ἡμῶν
1301 2019 1403 2087 τήν
1478 2018 1767 2094 παρθενίαν
1803 2066 1817 2081 .
1886 2023 1987 2079 Καὶ

335 2102 626 2179 ἐξενεγκὼν
687 2101 746 2158 ἐκ
791 2108 889 2158 τοῦ
939 2104 1152 2160 κόλπου
1200 2101 1418 2180 βιϐλίον
1465 2109 1864 2184 γεγραμμένον,
1913 2111 1988 2175 ὡς

331 2191 400 2248 ἐκ
429 2193 727 2267 προσώπου
758 2197 854 2248 τοῦ
887 2191 1200 2250 ἀποστόλου
1231 2196 1318 2252 καὶ
1365 2201 1463 2252 τοῦ
1502 2204 1762 2274 Σωτῆρος
1814 2200 1988 2276 ἀνεγί-

327 2304 543 2338 νωσκεν
679 2285 816 2358 κόρη
864 2284 1074 2358 ἀπείρῳ
1123 2286 1256 2360 οὔσῃ
1305 2292 1529 2366 Γραφῶν
1559 2307 1573 2322 °
1622 2291 1685 2345 τὸ
1731 2288 1986 2347 πλεῖστον

329 2375 512 2448 μέρος
567 2381 668 2442 τῆς
732 2373 1086 2449 ἀναγνώσεως
1143 2378 1454 2452 προστιθεὶς
1520 2378 1627 2434 ἀπὸ
1683 2384 1783 2444 τῆς
1846 2379 1988 2446 ἰδίας

321 2463 700 2518 θεοπνεύστου
733 2461 992 2529 διανοίας,
1022 2465 1116 2519 τὸν
1147 2467 1271 2540 περὶ
1310 2467 1598 2542 παρθενίας
1645 2470 1734 2524 καὶ
1777 2470 1988 2545 ἁγνείας

318 2553 737 2627 εἰσηγούμενος
769 2553 905 2625 αύτῇ
940 2553 1094 2628 βίονο
1130 2555 1204 2616 ὡς
1251 2557 1320 2630 τῇ
1375 2556 1563 2631 χάριτι
1604 2561 1701 2612 τοῦ
1750 2561 1988 2633 Χριστοῦ

317 2638 864 2720 πληροφορηθεῖσαν
923 2640 1132 2714 ἐκείνην
1185 2643 1391 2699 εἲπεῖν·
1445 2648 1609 2722 Κάγὼ
1670 2649 1990 2720 πέπεισμαι,

322 2732 493 2808 νύριέ
546 2752 670 2806 μου,
716 2732 809 2786 τὸν
857 2731 1009 2805 ὅγνὸν
1061 2733 1177 2806 βίον
1235 2731 1411 2802 ἡδέως
1465 2735 1677 2809 βιοῦσα,
1719 2738 1810 2792 καὶ
1842 2736 1896 2793 εἷ’
1936 2759 1988 2795 τι

331 2821 601 2885 κελεύεις,
632 2823 793 2875 τοῦτο
824 2822 1044 2890 ποιήσω
1075 2817 1269 2877 λοιπόν
1296 2867 1310 2880 .
1344 2825 1400 2876 ⁸0
1430 2819 1506 2892 δὲ,
1538 2825 1714 2880 Τοῦτο
1757 2825 1988 2899 κελεύω,

339 2909 500 2984 quoi,
533 2909 622 2962 καὶ
653 2907 977 2983 παρακαλῶ,
1027 2909 1113 2964 ἳνα
1142 2908 1364 2974 ἕκαστος
1411 2914 1573 2985 ἡμῶν
1622 2914 1727 2969 ἀπὸ
1773 2918 1871 2970 τοῦ
1901 2920 1991 2970 νῦν

336 3000 456 3055 κατ’
489 2996 629 3054 ῗδίαν
664 2998 816 3073 μένῃ.
849 3001 911 3056 Ἡ
945 2997 1001 3054 δέ
1041 3001 1139 3055 οὒκ
1180 3003 1441 3077 ἠνέσχετο
1491 3003 1747 3059 εἰποῦσα·
1783 3003 1869 3063 Ἐν
1909 3009 1988 3077 τῷ

335 3089 488 3158 αύτῷ
519 3085 654 3159 οἷ’κῳ
690 3087 984 3159 μείνωμεν,
1017 3086 1068 3142 ἐν
1113 3087 1395 3168 διαιρόροις
1436 3089 1493 3144 δὲ
1522 3091 1736 3154 κλίναις
1763 3111 1777 3128 ο
1811 3096 1986 3163 Ζήσας

334 3175 432 3232 οῦν
467 3177 582 3249 μετ’
613 3174 783 3244 αὐτῆς
814 3170 864 3229 ἕν
897 3179 977 3246 τῷ
1009 3174 1153 3247 αὗτῷ
1193 3175 1330 3249 οἷ’κῳ
1379 3175 1470 3248 ἔτη
1506 3177 1631 3233 δέκα
1689 3180 1856 3250 ὀκτὼ,
1899 3177 1986 3234 διὰ

1618 368 1991 433 HISTORIA
2033 369 2443 434 LAUSIAGA.

2006 509 2060 575 Α
2162 504 2347 563 Μόνου
2387 503 2476 558 οῦν
2555 501 2724 558 αὐτοῦ
2775 501 2826 556 ἐν
2884 507 3002 564 ταῖς
3062 501 3306 577 Νιτρίαις
3368 505 3738 580 ὑπάρχοντος,

3579 372 3744 433 1026

2092 593 2345 673 φέρουσιν
2388 587 2556 646 παῖδα
2598 589 2880 646 λυσσῶντα
2920 590 3058 665 πρὸς
3095 590 3284 658 αὐτὸν,
3327 591 3557 648 ἁλύσεσι
3606 590 3751 650 623$-

2096 685 2295 757 μένον·
2344 681 2559 736 λυσσῶν
2605 681 2707 755 γάρ
2750 677 2913 752 δήεας
2951 680 3118 749 κύων,
3156 680 3344 755 ἐκείνῳ
3395 683 3495 752 τὴν
3545 683 3747 741 λύσσαν

2095 769 2429 844 μετέδωκενο
2479 769 2837 845 Ἐσπάρασσεν
2868 767 2961 824 οὖν
3010 770 3199 826 ἑαυτὸν
3251 770 3404 842 ελον,
3457 773 3748 851 ἀφορήτως

2092 859 2236 936 ἔχων
2269 861 2332 915 τὸ
2361 860 2532 924 πάθος
2555 903 2567 917 .
2602 862 2688 920 Ὡς
2717 862 2844 935 γοῦν
2879 855 2992 913 ἷδεν
3022 856 3190 914 αὐτοῦ
3218 860 3346 922 τοὺς
3378 867 3558 937 φονεῖς
3604 864 3744 935 πρὸς

2091 953 2192 1020 τὴν
2249 951 2453 1005 ἱκεσίαν
2507 951 2846 1023 χωροῦντας,
2907 949 2964 1002 Τί
3031 969 3124 1021 μοι
3185 949 3387 1011 κόπους
3457 955 3746 1027 παρέχετε,

2093 1039 2276 1114 φησὶν,
2308 1038 2354 1092 ὦ
2400 1036 2697 1112 ἅνθρωποι,
2745 1036 2812 1091 τά
2857 1036 2988 1112 ὑπέρ
3029 1039 3127 1108 τήν
3171 1035 3310 1111 ἐμὴν
3355 1037 3507 1111 ἀξίαν
3550 1038 3746 1112 ἐπιζη-

2092 1132 2335 1194 τοῦντες,
2367 1121 2587 1203 ἔχοντες
2620 1124 2716 1180 οῦν
2749 1121 2800 1180 ἕν
2845 1134 3005 1200 χερσὶ
3053 1126 3115 1180 τὸ
3160 1126 3462 1202 βοήθημα;
3513 1126 3748 1186 ἀπόδοτε

2095 1217 2199 1294 γὰρ
2227 1220 2296 1290 τῇ
2330 1219 2479 1291 χήρᾳ
2507 1216 2597 1270 τὸν
2649 1207 2784 1289 βοῦν
2825 1215 2883 1269 ὃν
2923 1213 3196 1290 λαθραίως
3244 1215 3610 1279 ἀπεκτείνατε,
3659 1219 3745 1273 καὶ

2096 1309 2252 1384 ὑγιής
2281 1309 2409 1378 ὁμῖν
2441 1306 2469 1359 6
2500 1310 2626 1367 παῖς
2657 1298 3058 1374 ἀποδοθήσεται
3086 1349 3098 1362 .
3132 1306 3199 1362 Οἱ
3228 1301 3290 1360 δὲ
3333 1305 3409 1368 ὡς
3460 1304 3749 1382 ἠλέγχθη-

2095 1418 2210 1464 σαν,
2245 1394 2530 1474 χαίροντες
2576 1393 2793 1448 ἐποίουν
2824 1393 2889 1448 τὰ
2927 1392 3355 1469 προσταχθέντα,
3403 1398 3500 1450 τοῦ
3551 1392 3748 1457 παιδὸς

2097 1484 2410 1560 ύγιάναντος
2439 1480 2734 1556 εὐξαμένου
2768 1480 2956 1539 αὐτοῦ.

2166 1573 2364 1630 ’Δλλοι
2397 1569 2454 1627 δὲ
2500 1567 2749 1647 παρῆσαν
2786 1572 2923 1648 πρὸς
2961 1571 3120 1628 αὐτὸν
3169 1571 3506 1647 ἐπισκέψεως
3550 1569 3704 1629 ἕνεκα
3729 1592 3742 1606 ·

2093 1663 2230 1738 πρὸς
2263 1661 2355 1724 οὕς
2394 1657 2706 1734 δοκιμάζων
2736 1661 2835 1730 τὴν
2886 1661 3118 1736 γνώμην
3172 1660 3348 1718 αύτῶν
3381 1662 3409 1716 6
3441 1662 3578 1738 ἀνὴρ
3625 1659 3746 1720 ἕλε-

2093 1770 2221 1829 γεν·
2257 1750 2423 1808 Πίθον
2467 1770 2561 1824 μοι
2599 1746 2688 1804 ἕνα
2727 1748 3012 1822 κομίσατε,
3060 1746 3152 1806 ἵνα
3196 1746 3315 1826 ἔχω
3364 1747 3512 1827 ὕδωρ
3562 1752 3746 1809 ἱκανὸν

2095 1841 2232 1915 πρὸς
2266 1837 2550 1915 ὑποδοχὴν
2580 1843 2691 1894 τῶν
2725 1837 3038 1914 ἐρχομένων
3071 1882 3084 1895 .
3118 1839 3186 1898 Οἱ
3218 1835 3276 1895 δὲ
3323 1839 3626 1915 ὑπέσχοντο
3675 1837 3745 1896 δι’

2094 1928 2268 1986 αὐτῶν
2325 1928 2598 2006 ἐνεγκεῖν.
2651 1926 3068 2002 Μεταμεληθεῖς
3115 1924 3172 1984 δὲ
3217 1929 3245 1982 6
3283 1924 3464 2004 ἔτερος
3507 1950 3738 2007 παραγε.

2092 2019 2318 2092 νόμενσς
2355 2018 2431 2082 είς
2469 2018 2569 2089 τήν
2607 2016 2826 2092 κώμην,
2877 2015 3027 2092 λέγει
3064 2017 3145 2090 τῷ
3193 2015 3359 2092 ἑτέρῳ
3383 2036 3396 2050 ·
3447 2017 3556 2074 Ούκ
3603 2018 3747 2074 ἀπο-

2094 2113 2265 2164 κτενῶ
2301 2121 2406 2180 μου
2455 2109 2557 2174 τὴν
2605 2105 2886 2180 κάμηλον,
2939 2105 3067 2162 ούδέ
3113 2105 3404 2180 ἐπιτίθημι
3446 2107 3538 2164 τὸν
3587 2108 3747 2163 πίθον

2095 2195 2179 2254 ἐπ’
2237 2197 2435 2266 αὐτὴν,
2488 2195 2582 2252 ’ίνα
2641 2197 2718 2270 μὴ
2773 2195 3067 2272 ἀποθάνῃη
3120 2194 3388 2259 Ἀκούσας
3431 2192 3489 2254 δὲ
3524 2199 3692 2253 ταῦτα
3723 2201 3752 2252 ὁ

2097 2285 2292 2354 ἀλλος,
2323 2287 2419 2349 τάς
2452 2285 2650 2348 οἰκείας
2707 2285 3000 2358 ὑποζεύξας
3051 2280 3231 2354 ὅνους,
3281 2283 3479 2358 πολλῷ
3519 2286 3750 2359 καμάτῳ

2095 2376 2188 2432 τὸν
2236 2374 2399 2431 πῖθον
2442 2373 2742 2448 ἀπήνεγκεν
2770 2415 2782 2428 .
2826 2367 3132 2446 Προλαϐὼν
3185 2369 3243 2429 δὲ
3291 2371 3449 2429 αὐτὸν
3489 2374 3516 2429 6
3547 2375 3748 2447 Ἀμοῦν

2099 2467 2280 2521 εἶπεν·
2330 2464 2389 2520 Τί
2439 2462 2522 2520 ὅτι
2571 2465 2606 2533 ἡ
2658 2460 2918 2536 κάμηλος
2955 2464 3053 2518 τοῦ
3093 2460 3276 2538 ἑτέρου
3328 2473 3425 2518 σου
3475 2462 3750 2534 τέθνηκεν,

2096 2549 2201 2614 ἕως
2241 2550 2371 2608 ὅτου
2424 2549 2486 2605 σὺ
2537 2549 2763 2606 ἐνταῦθα
2810 2550 3221 2627 παραγέγονας;
3253 2550 3316 2608 ‘0
3374 2547 3432 2604 δὲ
3478 2550 3749 2623 ὑποστρέ-

2099 2645 2225 2716 ψας,
2258 2639 2405 2708 εὗρεν
2437 2638 2604 2709 αὐτὴν
2637 2637 2743 2694 ἀπὸ
2776 2636 2959 2694 λύκων
3015 2634 3370 2715 βεϐρωμένην
3395 2684 3406 2696 .
3458 2635 3651 2695 Πολλά
3694 2658 3752 2695 τι

2099 2729 2186 2786 καὶ
2215 2726 2363 2785 ἄλλα
2395 2729 2422 2784 6
2450 2729 2589 2803 ἀνὴρ
2620 2725 2961 2802 διεπράξατο..

2167 2819 2376 2875 Τούτου
2405 2821 2586 2892 θαῦμα
2635 2813 2940 2892 διηγήσατο
2985 2818 3013 2872 6
3067 2814 3331 2892 μακάριος
3372 2818 3685 2880 Ἀθανάσιος
3721 2821 3749 2872 ὁ

2098 2907 2392 2970 ἐπίσκοπος
2466 2904 2925 2982 ’Δλεξανδρείας,
3003 2905 3216 2981 γράψας
3312 2905 3390 2969 είς
3462 2905 3556 2962 τὸν
3627 2909 3753 2980 περί

2099 2996 2392 3056 Ἀντωνίου
2441 2995 2557 3071 βίον
2582 3038 2596 3064 ,
2629 2994 2822 3067 δτιπέρ
2857 3015 2994 3051 ποτε
3038 2997 3296 3071 μοναχῶν
3339 2993 3755 3050 ἀποσταλέντων

2098 3087 2243 3160 παρὰ
2278 3083 2573 3143 Ἀντωνίου
2629 3084 2768 3158 πρὸς
2820 3084 3004 3155 αὐτὸν,
3052 3083 3141 3138 καὶ
3193 3086 3494 3159 φωνοῦντες
3545 3083 3747 3140 αὐτόν.

2099 3177 2201 3232 ἹΙν
2243 3175 2347 3250 γὰρ
2391 3172 2443 3228 ἐν
2495 3177 2562 3248 τῇ
2611 3171 2848 3248 ἐσωτέρᾳ
2896 3172 3149 3246 ἐρήμῳὸ
3180 3173 3501 3236 Ἀντώνιος.
3551 3173 3641 3234 Ὠς
3692 3171 3749 3227 δὲ

335 3271 521 3334 πάσης
553 3265 765 3336 ἡμέρας
798 3262 1096 3342 ἐσχόλαζεν
1130 3264 1183 3318 ἐν
1219 3269 1300 3336 τῷ
1327 3267 1490 3337 κήπῳ
1517 3267 1608 3321 καὶ
1649 3272 1730 3339 τῷ
1782 3266 1986 3343 βαλσα-
2017 3239 2060 3310 C
2098 3263 2320 3317 ἀπίεσαν
2378 3261 2514 3337 πρὸς
2566 3261 2748 3331 αὐτὸν,
2799 3261 3028 3323 ἀναστὰς
3075 3262 3103 3316 ὁ
3133 3259 3308 3335 γέρων
3359 3261 3748 3337 συνεπορεύετο

338 3356 483 3425 μῶνι
512 3372 526 3385 ·
563 3350 990 3427 βαλσαμουργὸς
1014 3354 1117 3428 γάρ
1148 3353 1214 3421 ἦν
1241 3371 1254 3386 ο
1287 3353 1411 3422 ἥτις
1437 3354 1720 3428 βάλσαμος
1740 3356 1990 3429 ἀμπέλου

334 3441 495 3510 δίκην
545 3440 852 3517 φυτεύεται,
883 3442 1270 3516 γεωργουμένη
1316 3442 1407 3496 καὶ
1455 3441 1856 3518 κλαδευομένη,
1889 3467 1992 3502 πο-

335 3529 437 3585 λῦν
475 3523 684 3603 ἔχουσα
714 3528 875 3582 πόνον
902 3571 916 3586 .
946 3529 1206 3602 Ἐσπέρας
1239 3527 1328 3584 οῦν
1371 3527 1754 3606 εἰσερχόμενος
1794 3531 1872 3596 εἰς
1901 3535 1992 3589 τὸν

333 3619 517 3684 οἶκον,
541 3618 632 3673 καὶ
661 3621 840 3672 ποιῶν
875 3618 1065 3698 εύχάς,
1096 3618 1278 3688 ἤσθιεν
1313 3621 1427 3694 μετ’
1457 3618 1647 3692 αὐτῆς,
1685 3623 1774 3677 καὶ
1823 3623 1989 3680 πάλιν

331 3708 652 3783 νυκτερινὰς
721 3711 896 3763 ποιῶν
953 3707 1118 3783 εύχάς
1177 3709 1268 3763 καὶ
1324 3711 1580 3781 συνάξεις,
1661 3711 1764 3768 ὑπὸ
1827 3713 1991 3789 βαθὺν

331 3797 392 3873 ὅρ
407 3799 536 3872 θρον
576 3796 721 3852 ἂπίει
755 3798 830 3862 εἰς
855 3800 948 3853 τὸν
976 3804 1155 3869 κῆπον
1178 3842 1191 3856 .
1243 3799 1456 3856 Τούτων
1488 3800 1660 3864 οὕτως
1709 3798 1989 3860 ἐπιτελου-

335 3889 536 3960 μένων,
605 3886 694 3940 καὶ
747 3883 1072 3963 ἀμφοτέρων
1141 3887 1220 3948 εἷς
1287 3887 1543 3943 ἀπάθειαν
1611 3888 1988 3964 έληλακότων,

331 3975 637 4049 ἒνήργησαν
699 3975 754 4028 αἱ
812 3975 973 4049 εύχαῖ
1020 3978 1118 4029 τοῦ
1176 3975 1337 4049 ἁγίου
1391 3980 1639 4048 Ἀμοῦν,
1696 3980 1784 4032 καὶ
1846 3979 1987 4055 λέγει

331 4065 490 4133 αὐτῷ
523 4063 588 4116 τά
619 4059 907 4116 τελευταῖα
938 4063 972 4130 ἡ
1010 4069 1295 4135 μακαρῖτις
1339 4062 1516 4134 ἐκείνη
1547 4084 1560 4097 ·
1611 4067 1770 4139 ’Έχω
1815 4067 1896 4121 σοί
1935 4088 1988 4121 τι

334 4151 532 4220 εἰπεῖν,
577 4149 730 4221 κύριέ
787 4167 930 4222 μου·
983 4149 1089 4212 ἳνα,
1143 4149 1202 4204 ἅν
1249 4173 1352 4224 μου
1403 4151 1659 4228 ἀκούσῃς,
1708 4152 1990 4233 πληροφο-

335 4242 490 4315 ρηθῶ
521 4238 601 4294 ὅτι
635 4237 804 4300 ὅντως
849 4239 988 4294 κατὰ
1037 4239 1165 4293 Θεὸν
1218 4241 1428 4316 ἀγαπᾷς
1463 4263 1529 4316 με
1554 4260 1566 4274 ·
1620 4243 1769 4317 Λέγει
1811 4244 1944 4319 αὐτῇ
1970 4263 1983 4278 ο

337 4330 466 4386 Εἰπέ
512 4329 541 4383 ’ὀ
593 4328 822 4402 βούλει·
878 4327 1023 4403 λέγει
1078 4329 1266 4402 αὐτῷ·
1327 4331 1538 4386 Δίκαιόν
1597 4332 1707 4388 ἐστι
1764 4338 1988 4410 πρᾶγμα

332 4417 504 4494 ἄνδρα
561 4440 617 4475 σε
673 4417 799 4473 ὄντα
865 4413 1087 4488 θεοσεϐῆ
1148 4421 1234 4474 καὶ
1298 4417 1644 4493 δικαιοσύνην
1703 4423 1985 4494 ἀσκοῦντα,

331 4510 540 4584 ὁμοίως
595 4508 649 4565 δὲ
698 4510 786 4565 καὶ
838 4508 936 4582 ἐμὲ
983 4507 1324 4579 ἐζηλωκυῖαν
1368 4513 1466 4581 τὴν
1527 4513 1693 4584 αὐτήν
1743 4535 1829 4569 σοι
1860 4511 1984 4570 ὁδὸν

2098 3350 2280 3412 αὐτοῖς
2313 3368 2326 3383 ·
2389 3348 2473 3404 ὅτι
2530 3347 2901 3424 παρέρχεσθαί
2955 3361 3089 3405 ποτε
3149 3347 3370 3423 μέλλων
3417 3350 3508 3407 τὸν
3565 3347 3740 3406 Λύκον

2095 3439 2341 3513 ποταμὸν
2403 3440 2516 3513 ἅμα
2592 3436 2860 3514 Θεοδώρῳ
2922 3439 3141 3513 μαθητῇ
3199 3439 3390 3509 αὐτοῦ,
3460 3433 3747 3495 εὐλαϐεῖτο

2096 3527 2488 3598 ἀποδύσασθαι,
2515 3525 2606 3584 τίνα
2641 3530 2716 3600 μή
2758 3528 2960 3604 γυμνὸν
2993 3528 3180 3584 ἑαυτὸν
3227 3525 3319 3602 ἴδῃ
3352 3526 3504 3587 ποτέ.
3559 3527 3655 3585 Καὶ
3693 3527 3748 3584 ἐν

2098 3623 2176 3692 τῷ
2204 3614 2485 3694 διαπορεῖν
2514 3617 2673 3672 αὐτὸν
2703 3617 2780 3679 εἰς
2809 3617 2871 3672 τὸ
2900 3614 3067 3693 πέραν
3109 3616 3297 3692 εὑρέθη
3331 3620 3426 3673 τοῦ
3475 3621 3748 3691 ποταμοῦ,

2099 3708 2173 3772 ὡς
2205 3706 2258 3763 ἐν
2290 3707 2531 3763 ἐκστάσει
2581 3707 2819 3783 περάσας
2869 3703 3001 3782 δίχα
3049 3708 3300 3781 πορθμοῦ
3351 3706 3453 3763 ὑπὸ
3501 3705 3750 3785 ἀγγέλων

2105 3798 2444 3877 μετενεχθείς
2472 3842 2484 3855 .
2519 3797 2581 3852 Οἱ
2613 3795 2669 3852 δὲ
2698 3795 2932 3875 ἀδελφοὶ
2963 3790 3235 3870 κολύμϐῳ
3280 3793 3708 3873 διεπόρθμευσαν
3729 3841 3741 3854 .

2097 3891 2182 3949 Ὠς
2234 3884 2290 3942 δὲ
2331 3886 2656 3960 παρεγένετο
2697 3885 2832 3959 πρὸς
2884 3884 3194 3952 ’Δντώνιον,
3243 3887 3458 3959 πρῶτος
3489 3885 3516 3938 6
3548 3886 3745 3942 Ἀντώ-

2097 3997 2213 4039 νιος
2243 3975 2389 4030 εἶπεν
2418 3974 2553 4048 πρὸς
2583 3972 2744 4028 αὐτόν
2768 3993 2784 4006 ·
2815 3975 2919 4029 Τοῦ
2966 3976 3101 4028 Θεοῦ
3145 3971 3595 4047 ἀποκαλυψαντός
3648 3992 3741 4045 μοι

2098 4059 2283 4119 πολλὰ
2315 4059 2437 4135 περὶ
2473 4064 2595 4131 σοῦ,
2627 4060 2718 4116 καὶ
2759 4060 2860 4129 τήν
2915 4059 3194 4134 μετάθεσίν
3250 4081 3344 4116 σου
3397 4057 3748 4131 δηλώσαντός

2102 4171 2220 4225 μοι,
2279 4149 2588 4228 ἀναγκαίως
2638 4171 2696 4206 σε
2753 4151 2890 4226 πρὸς
2941 4150 3172 4224 ἐμαυτὸν
3215 4148 3749 4225 προσεκαλεσάμην,

2093 4239 2183 4296 τίνα
2217 4237 2485 4310 ἀλλήλων
2519 4238 2947 4310 ἀπολαύσαντες,
3003 4241 3137 4314 ὑπὲρ
3169 4237 3435 4310 αλλήλων
3481 4233 3751 4315 πρεσϐεύ-

2098 4353 2278 4404 σωμεν
2309 4377 2322 4391 .
2374 4332 2543 4401 Τάξας
2593 4327 2638 4384 δ’
2694 4329 2854 4385 αύτὸν
2905 4327 2959 4384 ἐν
3008 4333 3161 4403 τόπῳ
3207 4329 3313 4385 τινὶ
3354 4329 3750 4406 κεχωρισμένῳ

2103 4424 2332 4496 μακρὰν,
2379 4422 2456 4493 μὴ
2511 4422 2820 4494 ἀναχωρεῖν
2879 4419 3078 4476 ἐκεῖθεν
3141 4422 3310 4500 μέχρι
3364 4427 3466 4489 τῆς
3521 4421 3751 4493 μεταθέ-

2096 4531 2231 4572 σεως
2261 4507 2646 4585 προστρέψατο
2673 4553 2686 4567 .
2737 4507 3129 4571 Τελειωθέντος
3187 4507 3243 4564 δὲ
3271 4508 3436 4564 αὐτοῦ
3477 4510 3613 4564 κατᾶ
3656 4509 3754 4582 μό-

330 4603 450 4656 κατ⁹
483 4597 622 4655 ἰδίαν
677 4598 874 4674 μένειν,
905 4599 994 4655 καὶ
1041 4599 1289 4664 πολλοὺς
1331 4600 1656 4681 ὡφελεῖσθαι
1684 4651 1696 4662 .
1748 4611 1986 4660 ’Ἄτοπον
2019 4615 2063 4681 D
2093 4620 2204 4665 νας,
2268 4597 2375 4652 ἴδεν
2432 4596 2597 4651 αὐτοῦ
2653 4598 2752 4665 τὴν
2812 4599 2999 4672 ψυχὴν
3031 4599 3060 4653 6
3091 4599 3382 4659 ’Δντώνιος
3431 4592 3754 4670 ἀναλαμϐα-

332 4690 437 4764 γάρ
484 4687 594 4742 ἐστι
649 4687 719 4743 δι’
768 4687 865 4761 ἐμὲ
913 4690 1240 4762 κρύπτεσθαί
1288 4711 1383 4745 σου
1430 4693 1529 4759 την
1573 4692 1838 4764 τοσαύτην
1894 4693 1983 4749 καὶ

333 4776 593 4847 τοιαύτην
650 4777 846 4850 ἀρετὴν
910 4785 1011 4845 τῆς
1069 4776 1420 4855 φιλοσοφίας,
1484 4782 1830 4837 συνοικοῦντά
1890 4803 1983 4857 μοι

336 4864 425 4920 διὰ
455 4866 545 4919 τὸν
572 4864 764 4939 Κύριον
800 4864 850 4919 ἐν
886 4865 1072 4940 ἁγνείᾳ
1101 4909 1113 4923 .
1166 4869 1228 4924 Ὁ
1279 4865 1334 4923 δὲ
1374 4869 1773 4945 εὐχαριστήσας
1820 4872 1982 4948 αὐτῇ,

332 4953 423 5010 καὶ
457 4950 710 5016 δεδωκὼς
745 4951 900 5023 δόξαν
932 4959 1011 5026 τῷ
1045 4960 1183 5029 Θεῷ,
1234 4954 1378 5034 λέγει
1428 4959 1564 5034 αὐτῇ
1592 4978 1604 4990 ’
1653 4959 1853 5026 Καλῶς
1899 4983 1982 5016 σοι

333 5042 527 5117 ἔδοξεν,
562 5041 722 5114 κυρία
751 5045 841 5098 καὶ
887 5040 1094 5122 ἀδελφή
1122 5089 1135 5101 .
1183 5049 1280 5102 Καὶ
1321 5045 1364 5101 εἰ
1415 5049 1578 5103 τοῦτό
1621 5069 1703 5104 σοι
1748 5049 1982 5125 ἀρέσκει,

331 5131 430 5208 ἔχε
461 5131 523 5188 σὺ
553 5136 743 5187 τοῦτον
771 5133 859 5186 τὸν
896 5133 1068 5201 οἶκον,
1100 5132 1206 5208 ἐγὼ
1240 5133 1295 5189 δὲ
1326 5137 1577 5193 ἀπελθὼν
1616 5142 1834 5210 ποιήσω
1889 5161 1981 5214 μοι

331 5217 514 5298 ἕτερον
545 5222 722 5276 οἶκον.
761 5221 858 5275 Καὶ
891 5219 1119 5291 ἐξελθὼν
1161 5222 1253 5277 ἀπ’
1299 5226 1471 5294 αὐτῆς
1525 5225 1774 5296 εἰσῆλθεν
1829 5226 1984 5284 ἐνδό-

330 5325 485 5386 τερον
513 5316 609 5367 τοῦ
637 5317 739 5381 τῆς
768 5309 996 5381 Νιτρίας
1028 5308 1190 5385 ὅρους
1218 5331 1230 5344 ο
1264 5314 1430 5369 Οῧπω
1460 5314 1562 5389 γὰρ
1591 5317 1657 5384 ἦν
1702 5315 1812 5370 ἐκεῖ
1861 5317 1983 5374 τότε

331 5409 534 5477 συνεχῆ
600 5403 939 5476 μοναστήρια
974 5419 985 5432 ·
1046 5398 1342 5474 Οἰκοδομεῖ
1397 5403 1572 5475 ἑαυτῷ
1631 5402 1726 5459 δύο
1783 5405 1982 5470 θόλους

328 5487 596 5557 κελλίων,
638 5490 726 5546 καὶ
782 5491 986 5565 βιώσας
1032 5487 1179 5545 ἄλλα
1225 5489 1395 5546 εἷ’κοσι
1436 5494 1526 5548 καὶ
1572 5491 1671 5549 δύο
1703 5489 1795 5566 ἔτη
1834 5496 1884 5552 ἐν
1912 5501 1980 5572 τῇ

328 5576 549 5652 ἐρήμῳ,
579 5581 670 5633 καὶ
699 5580 1050 5653 κατορθώσας
1090 5579 1166 5640 εἰς
1216 5581 1378 5655 ἄκρον
1407 5583 1505 5653 την
1554 5587 1655 5649 τῆς
1701 5584 1982 5656 ἀσκήσεως

331 5669 552 5742 ἂρετήν,
602 5667 654 5723 ἐν
686 5673 766 5740 τῷ
811 5669 1036 5744 μονήρει
1089 5669 1195 5744 βίῳ
1231 5669 1548 5741 ἐτελεύτησε
1580 5692 1592 5706 ·
1659 5673 1874 5748 μᾶλλον
1927 5673 1984 5732 δί

326 5756 606 5838 ἐκοιμήθη
665 5759 694 5813 6
750 5753 908 5835 ἅγιος
958 5758 1184 5832 Ἀμοῦν,
1238 5757 1374 5816 -έτῶν
1422 5762 1688 5834 ἑξήκοντα
1732 5763 1851 5840 δύο,
1897 5762 1980 5830 δὶς

333 5853 426 5904 οῦτ
455 5843 611 5914 ἔτους
640 5847 786 5924 ὁρῶν
818 5849 919 5920 τήν
946 5847 1221 5926 ’μακαρίαν
1253 5846 1486 5926 σύμϐιον
1515 5853 1702 5915 αὐτοῦ.

652 5953 910 6014 ΡΑτιιοι.
954 5953 1068 6014 Gn.
1111 5951 1369 6017 XXXIV.

2095 4687 2328 4761 νομένην
2362 4686 2438 4749 εἷς
2469 4687 2560 4741 τὸν
2613 4686 2842 4762 οὐρανὸν
2900 4688 3004 4741 ὑπὸ
3049 4685 3334 4762 ἀγγέλων·
3387 4684 3559 4747 Οὗτός
3608 4685 3750 4741 ἐστιν

2095 4779 2123 4832 6
2155 4778 2381 4850 ³Δμοῦν,
2431 4776 2458 4830 ὁ
2507 4774 2683 4838 οὕτως
2747 4776 2974 4848 βιώσας,
3024 4775 3112 4830 καὶ
3167 4773 3342 4838 οὕτως
3395 4773 3751 4846 τελευτήσας,

2095 4865 2171 4930 ὡς
2207 4866 2301 4921 τόν
2353 4865 2620 4940 μακάριον
2673 4866 2974 4922 Ἀντώνιον
3030 4866 3129 4934 τήν
3173 4867 3358 4940 ψυχὴν
3405 4863 3569 4920 αὐτοῦ
3619 4862 3751 4920 ἰδεῖν

2097 4955 2200 5012 ὑπὸ
2255 4955 2507 5030 ἀγγέλων
2556 4951 2892 5029 ἀναρομένην
2953 4955 3029 5018 εἷς
3078 4955 3170 5011 τὸν
3220 4954 3445 5031 οὐρανόν
3479 4998 3492 5011 .
3543 4955 3748 5011 Τοῦτον

2091 5046 2183 5101 τὸν
2218 5045 2392 5101 Λύκον
2425 5045 2670 5118 ποταμὸν
2721 5047 2856 5118 μετά
2906 5043 3113 5107 δειλίας
3161 5043 3267 5120 ἐγὼ
3315 5045 3553 5122 πορθμῷ
3604 5065 3749 5120 παρ-

2094 5136 2268 5212 ῇλθόν
2298 5142 2451 5192 ποτε.
2487 5137 2701 5211 Διώρυξ
2735 5135 2836 5212 γάρ
2868 5135 2978 5191 ἐστι
3009 5139 3106 5191 τοῦ
3140 5133 3381 5213 μεγάλου
3413 5133 3639 5195 Νείλου,

2715 5266 2949 5320 ΚΕΦΑΛ
2974 5306 2986 5322 .
3029 5264 3082 5320 Θ’
3105 5304 3119 5324 .

2615 5369 2742 5434 Βίυς
2771 5375 2869 5426 τοῦ
2900 5364 3041 5426 ἀϐϐᾶ
3070 5371 3172 5448 Ὥρ
3200 5413 3214 5430 .

2164 5491 2250 5549 Ἐν
2293 5499 2372 5568 τῷ
2421 5491 2534 5571 ὅρει
2572 5495 2751 5569 τούτῳ
2797 5501 2899 5566 τῆς
2938 5496 3162 5570 Νιτρίας
3207 5495 3428 5570 γέγονεν
3476 5490 3611 5564 ἀνήρ
3659 5511 3742 5554 τις

2095 5584 2410 5659 θαυμάσιος,
2443 5583 2589 5641 ἆϐϐἆ
2635 5590 2735 5660 ’Ὡρ
2785 5586 2960 5662 ὄνομα
3013 5589 3125 5660 (30)
3178 5583 3347 5656 αύτῷ,
3402 5585 3590 5658 Πατήρ
3641 5603 3743 5657 μο-

2090 5675 2182 5738 νάς
2215 5673 2358 5750 ἔχων
2391 5674 2642 5756 ἀδελφῶν
2684 5675 2909 5753 χιλίων,
2944 5683 3136 5751 σχῆμα
3165 5670 3398 5750 ἔχοντας
3431 5673 3744 5751 ἄγγελικὸν,

2091 5761 2409 5836 ἐνενήκοντα
2440 5762 2540 5838 έ¹τη
2586 5788 2694 5822 που
2741 5765 3023 5841 ὑπάρχων,
3068 5763 3168 5820 οὐκ
3212 5759 3519 5821 ἀπεϐάλετο
3561 5762 3621 5818 ἐκ
3648 5763 3747 5814 τοῦ

2086 5852 2341 5928 ’πλήθους
2397 5859 2492 5912 τοῦ
2551 5859 2832 5931 σώματος,
2883 5854 3139 5930 λαμπρὸς
3197 5851 3331 5930 ἄγαν
3376 5855 3467 5910 καὶ
3516 5846 3744 5930 φαιδρὸς

3342 5951 3418 6017 33

3747 6005 3852 6079 ᾖ,
