4076 6280
320 329 474 390 1027

1837 317 2197 382 PALLADII

3565 312 3717 374 1028

317 459 398 531 τῷ
425 459 722 534 πρὸσώπῳ,
756 459 829 519 ὡς
870 457 957 512 καὶ
1014 455 1288 530 δρώμενον
1325 453 1513 528 μόνον,
1564 452 1957 528 δυσωπήσιμον
1988 460 2040 526 Α
2071 449 2256 517 αὐτὸν,
2285 448 2474 504 καὶτὰ
2523 446 2739 523 ἱμάτια.
2764 443 2930 501 αὐτοῦ
2973 441 3450 534 ἀποκρυψάμενον,
3499 441 3725 520 ἐλέγξας

319 550 458 604 εἶναι
490 550 580 604 τὸν
613 544 778 622 ἄνδρα
802 593 816 607 .
846 548 1019 608 Οὗτος
1062 545 1247 601 πολλᾶ
1295 546 1559 620 πρότερον
1608 545 1724 599 καθ’
1777 544 1961 598 ἑαυτὸν

319 640 557 708 ἀσκήσας
595 637 646 692 ἐν
691 642 760 711 τῇ
801 637 995 712 ἐρήμῳ
1041 641 1109 710 τῇ
1155 634 1493 710 πορῥωτέρᾳ,
1545 634 1763 708 ὕστερον
1802 633 1855 689 ἐν
1892 635 1960 706 τῇ

318 727 554 797 πλησίον
615 727 808 801 ἐρήμῳ
862 729 928 780 τά
988 727 1327 800 μοναστήρια
1382 724 1788 798 συνεκρότησεν,
1835 720 1963 784 ἕλος

321 818 579 896 φυτεύσας
635 815 823 891 χερσὶν
885 814 1126 884 οἰκείαις,
1203 812 1377 884 ξύλων
1422 813 1519 868 οὐκ
1571 810 1736 868 ὄντων
1795 811 1847 865 ἐν
1887 815 1964 883 τῷ

321 905 497 977 τόπῳ,
553 905 628 965 ὡς
686 903 826 972 ὕλην
884 903 1011 957 εἶναί
1049 925 1165 957 τινα
1227 901 1278 958 ἐν
1347 907 1414 976 τῇ
1475 902 1667 977 ἐρήμῳ
1737 903 1966 971 πυκνήν.

321 993 548 1068 Ἔλεγον
578 994 679 1067 γάρ
728 995 864 1065 ἡμῖν
916 993 968 1047 οἱ
1015 994 1138 1066 περὶ
1186 992 1350 1047 αὐτὸν
1400 993 1654 1066 Πατέρες,
1703 992 1785 1046 ὅτι
1837 987 1967 1045 οὐδὲ

323 1081 560 1159 βλαστὸς
590 1082 655 1150 ἦν
690 1079 797 1136 ὧδέ
827 1101 981 1153 ποτε,
1015 1081 1106 1136 ὅτε
1144 1081 1269 1156 πρὶν
1301 1081 1328 1136 6
1362 1081 1498 1155 ἀνὴρ
1531 1081 1589 1135 ἐκ
1614 1083 1714 1150 τῆς
1754 1078 1966 1156 ἐρήμου

320 1173 642 1247 παρεγένετο
677 1191 690 1204 ·
752 1169 1034 1242 ἐφύτευσεν
1096 1167 1365 1241 δέἀύτὸ,
1419 1167 1512 1224 ’ίνα
1568 1171 1642 1242 μὴ
1705 1168 1794 1224 διά
1847 1190 1970 1224 τινα

322 1261 511 1335 χρείαν
546 1262 597 1316 οἱ
639 1263 1033 1338 συνερχόμενοι
1081 1261 1218 1334 πρὸς
1259 1259 1418 1314 αὐτὸν
1461 1257 1686 1336 ἀδελφοὶ
1741 1261 1966 1334 ἀναγκαο

325 1353 526 1404 σθῶσεν
603 1350 929 1422 περιάγεινσ
997 1347 1144 1403 ἀλλά
1217 1355 1387 1403 πᾶσαν
1463 1350 1721 1423 πρόνοιαν
1788 1349 1967 1402 αὐτῶν

325 1438 585 1507 ἐποιεῖτο,
616 1439 920 1511 εὐχόμενος
951 1442 1029 1509 τῷ
1061 1436 1196 1509 Θεῷ,
1229 1437 1316 1491 καὶ
1374 1438 1505 1512 ὑπὲρ
1551 1445 1649 1507 τῆς
1697 1437 1970 1510 σωτηρίας

325 1531 502 1585 αὐτων
549 1527 976 1603 ἀγωνιζόμενος,
1019 1524 1110 1580 ⁹ίνα
1164 1525 1215 1580 ἐν
1279 1523 1470 1599 μηδενὶ
1514 1525 1810 1583 λείπωνται
1857 1531 1964 1582 τῶν

324 1617 648 1694 ἀνάγκαίων,
681 1617 771 1670 καὶ
824 1618 898 1688 μή
944 1614 1212 1690 πρόφασις
1262 1616 1444 1677 αὐτοῖς
1495 1616 1759 1689 ῥᾳθυμίας
1809 1617 1968 1692 γένη-

323 1708 409 1764 ταί
437 1729 542 1770 τις.
576 1704 744 1770 Οὗτος
783 1705 835 1760 ἐν
885 1710 953 1780 τῇ
1005 1703 1200 1778 ἐρήμῳ
1243 1709 1459 1780 πρῶτον
1513 1703 1741 1779 διάγων,
1782 1707 1986 1777 ⁴ἢσθιεν.

327 1799 422 1872 μὲν
457 1795 686 1872 βοτάνας
725 1797 812 1851 καὶ
863 1794 1012 1870 ῥίζας
1059 1793 1341 1868 γλυκείας,
1391 1791 1562 1851 ἔπινεν
1598 1792 1653 1850 δέ
1684 1795 1772 1850 καὶ
1822 1795 1970 1871 ὕδωρ

322 1888 408 1943 ὅτε
440 1885 714 1961 ηὕρισκεν,
767 1883 820 1938 ἐν
863 1883 1054 1958 εὐχαῖς
1101 1885 1192 1938 καὶ
1241 1883 1432 1956 ὕμνοις
1484 1881 1747 1940 διατελῶν
1791 1885 1965 1942 πάντα

320 1979 412 2034 τὸν
443 1976 667 2052 χρόνον,
727 1979 812 2036 Ὡς
861 1970 916 2028 δὲ
965 1973 1157 2029 λοιπὸν
1208 1974 1308 2041 τήν
1353 1973 1563 2029 τελείαν
1627 1978 1724 2029 τοῦ
1776 1976 1963 2050 γήρως

318 2067 540 2144 ἔφθασεν
590 2063 836 2133 ἡλικίαν,
883 2059 1108 2137 ἅγγελος
1167 2061 1317 2134 αύτῷ
1373 2064 1614 2142 φαίνεται
1673 2064 1790 2118 κατ’
1835 2064 1961 2138 ὅναρ

319 2157 370 2211 ἐν
399 2161 470 2229 τῇ
513 2155 727 2228 ἐρήμῳ,
771 2152 966 2227 λέγων,
1015 2154 1100 2208 ὅτι
1148 2155 1281 2227 Ἐσῃ
1334 2152 1409 2215 είς
1464 2151 1616 2215 ἔθνος
1669 2152 1824 2226 μέγα,
1871 2153 1962 2207 καὶ

318 2246 491 2302 πολὺν
526 2245 656 2300 λαὸν
685 2245 1041 2317 πιστευθήσῃ,
1075 2240 1285 2297 ἔσονται
1328 2241 1385 2296 δὲ
1417 2243 1467 2296 οἱ
1521 2243 1821 2316 σωζόμενοι
1876 2240 1964 2298 διὰ

321 2341 416 2390 σοῦ
468 2330 714 2409 χιλιάδες
775 2333 902 2388 δέκα
954 2352 965 2363 ·
1003 2331 1199 2404 οὕσπερ
1254 2330 1341 2386 ἐάν
1388 2330 1617 2387 ἐνταῦθα
1665 2329 1962 2407 κερδήσῃς,

317 2426 590 2481 τοσούτων
625 2424 787 2496 ἀρξης
822 2421 872 2476 ἐν
906 2426 985 2492 τῷ
1015 2421 1166 2476 αἰῶνι
1199 2425 1280 2492 τῷ
1314 2419 1570 2493 μέλλοντι
1599 2465 1611 2476 .
1647 2423 1741 2477 Καὶ
1794 2420 1962 2494 μηδὲν

322 2513 612 2575 διστάσεις.
645 2512 805 2588 φησὶν
837 2514 863 2566 ὁ
894 2510 1129 2584 ἅγγελος
1157 2511 1291 2585 πρὸς
1321 2512 1486 2566 αὐτόν
1515 2555 1527 2567 .
1563 2509 1833 2566 Ούδέποτε
1862 2512 1964 2586 γάρ

322 2604 608 2676 σοιλείψει
638 2608 744 2657 τῶν
790 2603 926 2676 πρὸς
962 2602 1060 2667 τήν
1116 2601 1328 2676 χρείαν,
1378 2599 1508 2676 ἄχρι
1559 2609 1659 2668 τῆς
1706 2600 1965 2671 τελευτῆς

322 2714 440 2761 σου,
491 2691 672 2752 ὀοόκις
733 2689 791 2743 ἄν
851 2688 1142 2762 ἐπικαλέσῃ
1201 2691 1293 2743 τὸν
1325 2690 1455 2744 Θεόν
1493 2731 1506 2744 .
1571 2693 1743 2744 Ταῦτα
1799 2689 1966 2744 ἀκού-

322 2803 435 2846 σος,
467 2779 554 2835 ἐπὶ
593 2781 693 2848 τήν
753 2775 989 2847 πλησίον
1045 2771 1250 2849 ἔρημον
1309 2775 1591 2852 ὥρμησεν,
1654 2780 1965 2849 καταμόνας

318 2875 538 2946 πρῶτον
581 2863 784 2942 διάγων
811 2885 822 2898 ·
857 2860 1121 2921 καλύϐιον
1174 2866 1276 2940 γάρ
1329 2866 1522 2941 μικρόν
1569 2888 1627 2922 τε
1666 2867 1844 2939 ἑαυτῷ
1876 2889 1971 2923 κα-

315 2958 666 3027 τασκευάσας,
721 2955 985 3031 λαχάνοις
1043 2955 1316 3018 συνθέτοις
1377 2954 1539 3029 μόνον
1581 2956 1922 3031 ἀρκούμενος
1957 3005 1972 3031 ,

313 3048 584 3110 πολλάκις
619 3045 675 3102 δὲ
705 3046 794 3100 καὶ
826 3043 897 3099 δι’
927 3042 1233 3118 ἑϐδομάδος
1285 3044 1459 3117 μόνης
1509 3041 1971 3119 μεταλαμϐάνων,

312 3132 677 3220 ἀγράμματος
729 3138 823 3210 μὲν
882 3132 958 3189 ὢν
1015 3137 1076 3191 τὸ
1135 3141 1373 3210 πρῶτον,
1423 3133 1609 3206 ἐπειδή
1661 3134 1716 3190 δὲ
1762 3135 1820 3192 ἐκ
1870 3141 1966 3207 τῆς

319 3205 530 3305 ἐρήμου
562 3227 638 3292 είς
666 3228 765 3295 τὴν
800 3224 1129 3300 οἶκουμένην
1162 3227 1390 3302 ἤρχετο,
1423 3227 1587 3300 χάρις
1609 3226 1755 3298 αὐτῷ
1788 3228 1968 3283 θεόθεν
1999 3205 2041 3272 C

321 3317 555 3387 δίδοται,
588 3317 678 3372 καὶ
707 3316 803 3376 τὰς
834 3315 1048 3390 Γραφάς
1077 3310 1267 3384 ἔξωθεν
1297 3316 1652 3385 ἀπεστήθιζεν
1690 3361 1702 3374 .
1751 3315 1971 3373 Ἐπιδο-

322 3405 505 3464 θέντος
544 3404 648 3479 γάρ
679 3403 827 3473 αύτῷ
861 3399 1082 3476 βιϐλίου
1113 3405 1256 3476 παρὰ
1286 3410 1394 3459 τῶν
1445 3402 1718 3482 ἀδελφῶν,
1751 3407 1824 3468 ὡς
1870 3405 1977 3481 ἔμ-

321 3513 509 3566 πειρος
546 3497 654 3545 τῶν
699 3490 1062 3564 γραμμάτων,
1127 3491 1298 3554 οὕτως
1346 3491 1542 3547 λοιπὸν
1597 3495 1972 3570 ἀνεγίνωσκεν.

324 3581 560 3652 Εἷλήφει
620 3577 676 3632 δὲ
723 3577 813 3631 καὶ
871 3577 1054 3651 ἑτέραν
1112 3578 1294 3652 χάριν,
1354 3582 1454 3649 τήν
1507 3581 1644 3636 κατά
1701 3580 1976 3656 δαιμόνων

324 3668 544 3724 ἐλασίαν
570 3687 582 3700 ο
619 3667 692 3728 ὡς
724 3663 969 3726 πολλοὺς
999 3670 1106 3720 τῶν
1139 3667 1469 3740 πασχόντων
1501 3668 1590 3722 καὶ
1641 3672 1718 3744 μὴ
1771 3671 1974 3743 βουλο-

329 3755 525 3830 μένους
575 3753 767 3816 αὐτοὺς
816 3760 1074 3826 πααιστᾷν
1131 3756 1378 3830 βοῶντας
1432 3757 1597 3812 αὐτοῦ
1653 3760 1753 3828 τὴν
1809 3759 1974 3817 πολι-

323 3846 468 3901 τείαν
502 3868 513 3878 ·
576 3845 742 3906 ἰάσεις
790 3865 846 3899 τε
892 3846 988 3906 τὰς
1037 3843 1522 3909 ἄλλαςκέπιτελῶν
1572 3846 1670 3903 οὐκ
1724 3849 1975 3922 ἐπαύετο,

325 3937 400 3996 ὡς
433 3936 765 4010 συναχθῆναι
798 3935 932 4008 πρὸς
965 3933 1124 3989 αὐτὸν
1162 3935 1436 4010 μοναχῶς
1472 3943 1618 4010 τρεῖς
1667 3937 1928 4012 χιλιάδας
1959 3982 1972 3999 .

325 4017 473 4085 Ἰδὼν
531 4024 577 4081 δ’
634 4028 785 4097 ἡμᾶς
846 4027 874 4079 6
929 4024 1086 4099 ἀνὴρ,
1145 4025 1235 4080 καί
1296 4029 1603 4102 περιχαρὴς
1659 4029 1973 4105 γενόμενος,

319 4117 598 4186 ἠσπάσατο
647 4115 735 4169 καὶ
785 4115 1198 4187 περιεπτύξατο.
1270 4117 1444 4189 Νίψας
1496 4115 1552 4171 δὲ
1623 4120 1752 4180 τοὺς
1802 4118 1972 4182 πόδας

319 4207 480 4275 ἡμῶν
540 4203 728 4280 χερσὶν
787 4203 1034 4270 οἰκείαις,
1087 4205 1224 4278 πρὸς
1278 4201 1628 4260 διδασκάλίαν
1680 4207 1972 4278 ἐτρέπετο.

319 4295 620 4367 ’Ἑμπειρος
648 4295 748 4367 γὰρ
782 4294 845 4362 ἦν
891 4291 1009 4348 λίαν
1041 4297 1150 4347 τῶν
1185 4298 1431 4366 Γραφῶν,
1464 4294 1642 4350 θεόθεν
1669 4299 1768 4366 τήν
1809 4298 1971 4372 χάριν

315 4383 518 4451 ταύτην
574 4379 900 4453 δεξάμενος.
963 4382 1158 4436 Πολλά
1214 4378 1270 4437 δὲ
1333 4389 1440 4438 τῶν
1497 4389 1725 4464 Γραφῶν
1803 4386 1972 4450 λύσας

317 4473 451 4540 ἡμῖν
484 4468 772 4549 κεφάλαια,
804 4470 888 4523 καὶ
939 4473 1038 4538 τὴν
1091 4469 1378 4545 ὀρθόδοξον
1427 4472 1607 4528 πίστιν
1658 4472 1960 4550 παραδοὺς,

2000 1843 2048 1908 Β

2071 541 2228 594 αὑτὸν
2276 537 2366 594 ἐπὶ
2413 537 2655 607 πάντων,
2703 535 2780 598 είς
2833 535 2994 610 μέσον
3027 536 3093 590 τά
3136 531 3254 604 εἷ’δη
3309 535 3724 609 προσήνεγκενο

2074 630 2211 685 ὥστε
2245 628 2440 702 μηκέτι
2485 627 2699 699 τολμᾷν
2738 647 2858 681 τινα
2893 625 2981 680 ἐπὶ
3030 624 3195 680 αὐτοῦ
3245 621 3555 698 ψεύδεσθαι,
3588 644 3722 679 τοσ-

2073 721 2241 789 αύτην
2269 720 2432 793 χάριν
2479 717 2677 792 ἀρετῆς
2708 713 2952 792 ἔχοντος.
2993 715 3060 783 ἢν
3095 711 3184 769 διὰ
3213 719 3314 782 τῆς
3362 711 3584 782 πολλῆς
3634 713 3727 768 καὶ

2073 807 2250 878 καλῆς
2291 807 2569 869 πολιτείας
2617 805 2764 880 αὐτῷ
2809 804 3121 878 συνελέξατο
3151 847 3164 861 .
3218 807 3321 858 Ἦν
3371 799 3426 858 δὲ
3475 801 3605 858 ἰδεῖν
3662 801 3726 858 τό

2074 896 2287 967 πλῆθος
2317 903 2423 952 τῶν
2473 897 2563 951 σὺν
2615 895 2764 968 αὐτῷ
2813 898 3070 969 μοναχῶν
3126 893 3200 947 ἐν’
3227 896 3296 967 τῇ
3328 890 3613 964 ἐκκλησίᾳ,
3649 892 3727 955 ὡς

2075 987 2320 1065 ἀγγέλων
2351 987 2557 1067 χοροὺς
2589 985 2903 1058 ὑμνούντων
2931 985 3022 1040 τὸν
3055 983 3208 1040 Θεόν.

2148 1081 2214 1156 ’ῼ
2270 1077 2488 1146 πολλὴν
2543 1074 2976 1153 προσεμαρτύρει
3053 1075 3250 1149 ἀρετὴν
3330 1078 3474 1129 πᾶσα
3535 1073 3630 1146 μέν
3689 1073 3727 1143 ἡ

2076 1164 2406 1244 ἀδελφότης,
2454 1165 2734 1240 ἐξαιρέτως
2779 1164 2835 1220 δέ
2865 1167 2898 1234 ἡ
2956 1163 3242 1238 ἄνθρωπος
3292 1167 3389 1218 τοῦ
3438 1166 3570 1218 Θεοῦ
3601 1168 3728 1219 Με-

2078 1254 2240 1325 λάνη,
2271 1257 2376 1330 πρὸ
2409 1254 2542 1328 ἐμοῦ
2571 1253 2887 1310 εἰσελθοῦσα
2925 1253 3002 1318 εἷς
3047 1256 3210 1308 τυῦτο
3257 1251 3320 1307 τὸ
3353 1247 3480 1327 ὄρος
3507 1293 3526 1312 .
3578 1251 3723 1329 Ἐγὼ

2075 1346 2180 1422 γὰρ
2211 1345 2371 1401 αὐτὸν
2406 1347 2465 1401 οὐ
2514 1345 2821 1419 κατείληφα
2869 1348 3044 1414 ζῶντα
3070 1387 3083 1399 .
3133 1345 3315 1401 Ταῦτα
3363 1339 3421 1398 δὲ
3459 1336 3638 1420 ἔλεγεν
3671 1341 3726 1397 ἐν

2073 1441 2196 1498 τοῖς
2229 1432 2561 1512 διηγήμασιν
2596 1432 3046 1510 ἀνδραγαθήματα
3073 1437 3169 1488 τοῦ
3201 1430 3420 1507 ἀνδρὸς,
3470 1431 3554 1487 ὅτι
3602 1429 3732 1488 οὔτε

2079 1526 2336 1600 ἐψεύσατό
2385 1546 2537 1597 ποτε,
2571 1522 2693 1581 οὔτε
2742 1523 2974 1598 ὤμοσεν,
3025 1520 3146 1579 οὔτε
3194 1522 3537 1597 κατηράσατό
3588 1542 3727 1590 τινα,

2077 1613 2200 1671 οὔτε
2232 1613 2382 1678 ἐκτὸς
2417 1613 2605 1691 χρείας
2630 1611 2896 1684 ἐλάλησέν
2928 1612 2981 1668 τί
3011 1632 3146 1668 ποτε
3180 1657 3192 1670 .

2701 1745 2939 1798 ΚΕΦΑΛ
2966 1783 2977 1794 .
3023 1745 3062 1795 ι’
3089 1783 3104 1799 .

2693 1849 2822 1922 Περὶ
2871 1842 3085 1921 Παμῦώ
3113 1891 3127 1907 .

2141 1975 2350 2030 Τούτου
2397 1977 2497 2029 τοῦ
2555 1976 2716 2044 ὅρους
2772 1973 2983 2048 ἐγένετο
3042 1971 3307 2048 πάροικος
3369 1974 3398 2030 ὁ
3454 1973 3731 2048 μακάριος

2072 2056 2306 2134 Παμϐὼ,
2347 2059 2674 2126 διδάσκαλος
2733 2062 3030 2138 Διοσκόρου
3085 2066 3183 2118 τοῦ
3243 2061 3568 2133 ἐπισκόπου,
3630 2063 3732 2119 καὶ

2072 2151 2422 2224 Ἀμμωνίου,
2467 2154 2554 2207 καί
2599 2148 2878 2222 Εύσεϐίου,
2922 2152 3012 2208 καὶ
3065 2150 3346 2227 Εὐθυμίου
3400 2155 3509 2208 τῶν
3563 2149 3739 2208 ἀδελ-

2073 2247 2210 2320 φῶν,
2268 2242 2354 2298 καὶ
2407 2243 2714 2320 Ὠριγένους
2761 2247 2858 2298 τοῦ
2907 2239 3201 2319 ἀδελφιδοῦ
3246 2241 3574 2317 Δρακοντίου
3628 2242 3734 2299 ἀν-

2076 2331 2201 2406 δρὸς
2247 2330 2462 2403 ἐνδόξου
2492 2333 2582 2388 καὶ
2614 2335 2958 2405 θαυμαστοῦ.
3011 2332 3179 2394 Οὗτος
3210 2332 3238 2386 6
3272 2328 3490 2405 Παμϐὼ
3539 2331 3733 2388 πολλά

2079 2423 2172 2494 μὲν
2230 2421 2320 2477 καὶ
2380 2420 2590 2496 μεγαλα
2645 2422 2790 2497 εἶχεν
2849 2419 3312 2497 ἀνδραγαθήματα
3381 2421 3473 2477 καὶ
3536 2442 3736 2498 προτε-

2077 2513 2296 2585 ρήματα
2311 2510 2540 2565 πλεῖστα
2561 2511 2651 2565 καὶ
2676 2507 2908 2590 διάφορα
2933 2530 2946 2542 ο
2980 2508 3032 2566 ἐν
3067 2512 3153 2573 οἶς
3176 2511 3261 2566 καὶ
3284 2515 3450 2567 τοῦτο
3476 2511 3639 2567 αὐτοῦ
3664 2513 3731 2581 ἦν

2075 2598 2460 2672 πλεονέκτημα
2488 2600 2540 2655 ἐν
2567 2606 2683 2662 τοῖς
2737 2600 3000 2674 μεγάλοις
3050 2598 3221 2656 αὐτοϋ
3268 2600 3684 2675 κατορθώμασιν
3713 2645 3727 2656 .

2077 2693 2332 2744 τοσοῦτον
2366 2690 2432 2758 ἦν
2473 2690 2781 2765 ὑπερόπτης
2829 2689 3063 2769 χρυσίου
3112 2690 3202 2745 καὶ
3257 2689 3535 2766 ἀργυρίου,
3591 2690 3724 2746 δ’σον

2078 2775 2276 2848 ἀπῄτει
2307 2777 2334 2830 6
2366 2779 2695 2840 Δεσποτικὸς
2737 2777 2901 2853 λόγος
2930 2821 2945 2837 .
2991 2779 3077 2834 Ἐν
3128 2778 3216 2842 οἷς
3262 2775 3499 2856 διηγεῖτό
3549 2799 3646 2852 μοι
3679 2781 3718 2848 ἡ

2083 2867 2324 2940 μακαρία
2379 2865 2622 2938 Μελάνη,
2685 2868 2768 2924 ὅτι
2819 2873 2901 2923 Ἐν
2953 2867 3154 2942 ἀρχαῖς
3199 2867 3596 2944 παραγινομένη
3645 2868 3725 2931 εἷς

2124 2955 2136 2972 ς
2226 2955 2238 2978 ν
2359 2955 2411 2980 pl
2695 2957 2708 2978 ν
2766 2957 2780 2974 κ
2883 2963 2909 2975 ~
3085 2958 3098 2979 ν
3380 2959 3394 2978 ι
3567 2958 3578 2976 ι

2078 2975 2180 3025 τη)
2242 2953 2629 3030 Δλεςανδρειαν
2684 2978 2790 3013 απο
2844 2979 2944 3027 της
3005 2960 3247 3031 Ῥωμης,
3305 2978 3397 3012 και
3457 2959 3732 3014 ἀκουσασα

2080 3043 2206 3118 περὶ
2270 3050 2370 3114 τῆς
2426 3045 2623 3101 τούτου
2680 3048 2896 3121 ἀρετῆς,
2957 3052 3056 3102 τοῦ
3116 3047 3386 3123 μακαρίου
3445 3044 3726 3124 Ἰσιδὼρου

2080 3137 2176 3187 τοῦ
2216 3130 2580 3209 πρεσϐυτέρου
2630 3135 2718 3191 καὶ
2767 3134 3061 3215 ξενοδόχου
3114 3137 3239 3212 περὶ
3287 3137 3456 3192 αὑτοῦ
3508 3159 3602 3211 μοι
3651 3134 3730 3192 δι-

2082 3224 2457 3297 ηγησαμένου,
2507 3225 2598 3280 καὶ
2657 3223 3032 3300 ὁδηγήσαντος
3090 3226 3226 3302 πρὸς
3283 3226 3445 3282 αύτὸν
3501 3227 3578 3292 εἷς
3632 3229 3728 3297 τὴν

2084 3309 2308 3386 ἔρημον,
2361 3311 2441 3368 ὅτι
2495 3316 2841 3390 προσήνεγκα
2898 3314 3045 3388 αύτῷ
3095 3317 3448 3392 ἀργενταρίαν
3507 3337 3734 3392 τριακο-

2085 3401 2212 3455 σίων
2273 3403 2473 3477 λιτρῶν
2533 3404 2794 3479 ἀργύρου,
2851 3406 3269 3480 παρακαλέσασα
3316 3407 3477 3463 αὐτὸν
3524 3405 3585 3462 ἐκ
3622 3411 3732 3462 τῶν

2083 3491 2414 3565 πραγμάτων
2456 3513 2560 3564 μου
2608 3499 2896 3568 μετασχεῖν
2924 3538 2936 3550 .
2985 3494 3044 3550 '0
3095 3491 3172 3566 δὲ,
3235 3495 3394 3572 φησὶ,
3439 3495 3740 3568 καθεζόμε-

2083 3597 2194 3645 νος,
2227 3579 2316 3632 καὶ
2347 3578 2562 3634 πλέκων
2613 3577 2872 3651 θαλλοὺς,
2914 3579 3222 3657 ηὗλόγησέν
3271 3603 3338 3656 με
3387 3587 3538 3661 φωνῇ
3587 3603 3724 3658 μονῃ

2086 3664 2250 3720 εἰπών
2276 3711 2288 3723 .
2321 3671 2374 3721 '0
2416 3668 2543 3732 Θεὸς
2573 3665 2732 3724 δώσει
2781 3691 2866 3726 σοι
2895 3671 2986 3726 τὸν
3041 3672 3230 3744 μισθόν
3259 3715 3272 3728 .
3325 3672 3422 3727 Καὶ
3472 3670 3622 3749 λέγει
3650 3675 3735 3744 τῷ

2085 3754 2367 3829 οἰκονόμῳ
2424 3757 2587 3812 αὐτοῦ
2642 3759 2943 3835 Ὠριγένει⁶
3005 3760 3155 3831 Δέξαι
3213 3767 3304 3816 καί
3362 3761 3729 3835 οἶκονόμησον

2085 3844 2223 3898 αὐτά
2251 3851 2380 3900 πᾶσι
2409 3853 2524 3910 τοῖς
2554 3848 2689 3903 κατά
2722 3845 2947 3920 Λιϐύην,
2992 3849 3083 3905 καὶ
3133 3856 3248 3914 τοῖς
3279 3850 3334 3906 ἐν
3377 3856 3498 3912 ταῖς
3541 3853 3732 3923 νήσοις

2086 3931 2384 4012 ἀδελφοῖς·
2433 3941 2598 3994 ταῦτα
2649 3939 2752 4015 γάρ
2799 3940 2866 3994 τά
2913 3942 3253 4012 μοναστήρια
3299 3943 3514 3997 πένεται
3563 3939 3733 3997 πλέον

2083 4023 2228 4098 παρά
2274 4027 2340 4079 τά
2397 4023 2576 4081 ἄλλον
2638 4027 3005 4102 παραγγείλας
3061 4029 3211 4100 αὐτῷ
3270 4026 3461 4102 μηδενὶ
3510 4031 3620 4086 τῶν
3681 4031 3736 4086 ἐν

2081 4112 2347 4186 Αἰγύπτῳ
2375 4111 2557 4169 δοῦναι
2589 4116 2678 4170 ἀπ’
2710 4115 2911 4171 ἐκείνου
2942 4121 3038 4172 τοῦ
3070 4119 3378 4192 χρήματος,
3413 4116 3503 4174 διά
3541 4119 3605 4174 τὸ
3634 4119 3732 4175 εύ-

2081 4205 2394 4275 πορωτέραν
2424 4204 2553 4258 εἶναι
2591 4205 2691 4273 τὴν
2726 4204 2912 4279 χώραν
2941 4251 2954 4263 .
2986 4207 3128 4280 Ἐγὼ
3161 4205 3239 4276 δὲ,
3285 4209 3472 4284 φησὶν,
3519 4207 3730 4265 ἐστῶσα

2083 4286 2417 4366 ἐξεδεχόμην
2466 4293 2592 4367 παρ’
2641 4293 2804 4348 αὐτοῦ
2859 4292 3134 4368 εὖλογίαις
3175 4297 3497 4370 τιμηθῆναι,
3551 4298 3587 4367 ἤ
3627 4298 3725 4353 κᾶν

2085 4379 2238 4457 λόγῳ
2270 4377 2591 4451 δοξασθῆναι
2631 4381 2716 4437 ἐπὶ
2765 4387 2833 4457 τῇ
2882 4384 3120 4459 τοσαύτῃ
3172 4383 3316 4441 δόσει
3343 4430 3355 4442 .
3409 4386 3507 4441 Καὶ
3549 4384 3723 4458 μηδὲν

2082 4468 2229 4534 ὅλως
2271 4471 2397 4546 παρ’
2426 4470 2589 4526 αὐτοῦ
2641 4471 2937 4540 ἀκούσασα,
2985 4473 3134 4529 εἶπον
3184 4475 3354 4548 αύτῷ,
3400 4474 3478 4531 ὅτι
3528 4474 3718 4549 Κύριε,

315 4559 403 4615 ἐπὶ
441 4560 538 4622 τὰς
570 4558 738 4635 εὐχάς
767 4557 1127 4635 προετρέπετο
1149 4602 1161 4613 .
1193 4561 1354 4624 ’Έθος
1383 4582 1486 4638 γαρ
1519 4567 1637 4628 τοῖς
1679 4563 1964 4642 μεγάλοις,
1999 4572 2044 4635 ι)
2070 4557 2160 4614 ’ίνα
2190 4557 2316 4634 ἴδῃς
2345 4557 2510 4615 πόσον
2539 4559 2701 4632 ἐστὶν,
2732 4565 3038 4636 τριακόσιαι
3073 4562 3255 4640 λίτραι
3288 4565 3514 4642 ἀργύρου
3537 4562 3668 4619 εἰσίν
3703 4607 3720 4622 .

317 4650 392 4722 μή
425 4647 708 4724 προίεσθαί
748 4670 802 4703 τι
840 4655 940 4718 τῆς
991 4648 1209 4724 σαρκὸς,
1258 4653 1384 4724 πρὶν
1433 4653 1530 4720 τὴν
1582 4656 1958 4727 πνευματικὴν

308 4741 514 4818 τροφὴν
543 4743 610 4813 τῇ
643 4737 798 4814 ψυχῇ
827 4736 1157 4814 παραδοῦναι
1187 4758 1198 4770 ·
1232 4739 1368 4810 αὕτη
1405 4737 1461 4795 δέ
1502 4741 1642 4796 ἐστιν
1682 4747 1777 4798 τοῦ
1828 4749 1959 4818 Χρι-

311 4834 438 4884 στοῦ
477 4830 768 4884 κοινωνία.
812 4822 1224 4891 Μεταλαϐόντες
1273 4827 1363 4883 οῦν
1413 4831 1620 4902 ταύτης
1671 4832 1762 4887 καὶ
1790 4832 1959 4907 εύχα-

312 4918 678 4991 ριστήσαντες,
737 4916 825 4970 ἐπὶ
879 4919 978 4986 τὴν
1037 4917 1306 4992 τράπεζαν
1365 4921 1728 4995 προετρέπετο
1807 4920 1959 4987 αὖθις

310 5007 481 5077 ἡμᾶς,
513 5005 674 5061 αὐτὸς
713 5004 793 5058 ἀεὶ
823 5010 931 5060 τῶν
972 5004 1279 5063 σπουδαίων
1334 5008 1790 5084 ὑπομιμνήσκων,
1832 5013 1959 5068 καθ⁶

309 5096 514 5163 ήμενος
570 5092 661 5146 καί
719 5090 895 5166 λέγων
950 5098 1082 5166 ἡμῖν
1141 5097 1208 5151 τά
1264 5101 1400 5168 πρὸς
1482 5101 1754 5174 σωτηρίαν
1790 5144 1804 5158 .
1858 5105 1959 5159 Ἦν

307 5179 436 5259 γοῦν
473 5184 722 5242 τοιοῦτος
754 5181 780 5232 ό
822 5183 955 5254 ἀνὴρ
990 5181 1233 5255 ἐπίδοξος
1273 5185 1325 5240 ἐν
1361 5187 1595 5253 πολλοῖς
1647 5191 1914 5264 Πατράσιν
1938 5209 1952 5224 ⁶

307 5273 382 5334 ὡς
414 5269 641 5327 πολλῶν
687 5267 947 5347 μοναχῶῦ
984 5273 1116 5345 πρὸς
1150 5274 1307 5330 αύτὸν
1361 5276 1701 5356 ἐρχομένων,
1752 5281 1953 5344 πάντας

303 5363 430 5425 τοὺς
497 5361 764 5436 παρόντας
828 5356 1096 5435 ἀδελφοὺς
1181 5367 1664 5439 συγκαλούμενον,
1735 5369 1785 5424 ἐν
1860 5375 1956 5443 μιᾷ

305 5455 487 5528 ἡμέρα
514 5457 579 5508 τὰ
609 5448 806 5509 κελλία
853 5450 1035 5514 αύτυῖς
1068 5459 1266 5524 ποιεῖν,
1315 5461 1411 5512 τοῦ
1463 5459 1559 5529 μὲν
1611 5459 1790 5531 πηλὸν
1843 5460 1954 5517 ἔπι-

307 5538 573 5609 διδόντος,
602 5546 698 5598 τοῦ
732 5539 788 5596 δέ
817 5540 1066 5610 πλίνθον,
1107 5540 1282 5597 ἄλλου
1317 5541 1372 5598 δε
1403 5543 1548 5620 ὕδωρ
1602 5549 1950 5622 ἀντλοῦντας,

306 5626 484 5684 ἄλλου
525 5627 582 5685 δὲ
645 5629 780 5700 ξύλα
826 5631 1149 5688 κόπτοντος.
1205 5632 1301 5688 Καὶ
1352 5633 1822 5700 ἀποτελεσθέντων
1857 5640 1951 5694 αύ-
1998 5674 2000 5677 -

304 5723 424 5783 τοῖς
467 5723 575 5776 τῶν
627 5717 887 5790 κελλίων,
946 5721 1107 5786 αὐτὸς
1163 5721 1258 5785 τὰς
1317 5722 1509 5800 χρείας
1561 5724 1787 5801 ἐπήρκει
1834 5733 1953 5790 τοῖς

307 5804 633 5890 ἄρχομίνοις
666 5852 680 5871 .
731 5806 903 5875 Οὗτος
950 5809 1321 5896 ψευδάδελφόν
1365 5832 1498 5872 ποτε
1547 5813 1775 5873 ἐλθόντα
1816 5818 1956 5894 πρὸς

2075 4652 2131 4702 '0
2164 4645 2221 4702 δὶ
2247 4648 2410 4704 πάλιν
2444 4649 2533 4703 καὶ
2564 4648 2652 4704 ἐπὶ
2683 4650 2862 4725 τούτῳ
2897 4651 3193 4726 μηδ’δλως
3226 4653 3528 4726 ἀ-ιανεύσας,
3549 4655 3586 4724 ἢ
3608 4652 3723 4708 κᾶν

2066 4739 2353 4814 προσεχὼν
2382 4743 2459 4812 τῷ
2486 4740 2660 4795 σκεύει
2701 4747 2800 4811 τῆς
2855 4743 3046 4812 θήκης,
3094 4742 3424 4819 ἀπεκρίνατό
3476 4765 3570 4817 μοι
3593 4787 3606 4800 .
3637 4743 3707 4823 ’ῼ

2064 4827 2328 4902 ἐνήνοχας
2370 4827 2520 4900 αὐτὸ,
2551 4828 2754 4900 τέκνον,
2787 4832 2932 4906 παρά
2964 4836 3060 4888 σοῦ
3094 4833 3281 4906 μαθεῖν
3313 4834 3414 4904 τὴν
3440 4834 3725 4905 ποσότητα

2063 4919 2159 4972 τοῦ
2190 4919 2430 4990 σταθμοῦ
2470 4918 2657 4996 χρείαν
2688 4920 2789 4976 οὐκ
2818 4914 2934 4996 ἔχει
2960 4964 2973 4976 .
3006 4922 3068 4979 Ὀ
3097 4923 3198 4998 γάρ
3229 4922 3295 4978 τά
3326 4924 3429 4998 ὅρη
3481 4921 3724 4996 σταθμί-

2064 5026 2181 5074 σας,
2208 5008 2298 5062 καὶ
2335 5008 2428 5070 τάς
2457 5010 2627 5073 νάπας
2677 5012 2878 5081 στήσας
2921 5015 3086 5087 ζυγῷ,
3132 5010 3332 5086 πολλῷ
3381 5011 3550 5069 πλέον
3601 5011 3721 5068 ἐπίε-

2063 5117 2250 5152 σταται
2279 5099 2377 5164 τὴν
2410 5099 2688 5170 ποσότητα
2717 5105 2812 5154 τοῦ
2859 5100 3104 5176 ἀργύρου
3129 5145 3143 5157 .
3187 5101 3248 5158 Εἰ
3283 5102 3376 5174 μὲν
3431 5103 3534 5177 γάρ
3586 5101 3716 5177 ἐμοὶ

2061 5185 2220 5240 αὐτὸν
2251 5183 2464 5253 ἐδίδως,
2495 5188 2679 5248 καλῶς
2713 5190 2770 5242 άν
2807 5208 2900 5261 μοι
2933 5189 3022 5243 καὶ
3051 5191 3141 5245 τὸν
3190 5191 3426 5263 σταθμὸν
3476 5185 3672 5268 ἔλεγες
3703 5206 3721 5224 ·

2062 5276 2108 5330 εί
2148 5273 2203 5331 δὲ
2231 5281 2310 5349 τῷ
2341 5282 2459 5349 Θεῷ
2488 5277 2622 5333 αύτά
2653 5281 3046 5354 προσήνεγκας,
3076 5285 3156 5354 τῷ
3171 5282 3262 5336 καὶ
3291 5283 3420 5344 τοὺς
3458 5279 3554 5336 δύο
3585 5277 3716 5337 650-

2064 5365 2192 5428 λοὺς
2229 5369 2303 5439 μὴ
2338 5364 2646 5441 παριδόντι,
2676 5367 2823 5424 ἀλλά
2845 5368 3009 5425 πλέον
3043 5371 3508 5434 πάντωντιύτους
3543 5375 3720 5444 τιμή-

2061 5476 2233 5526 σαντι,
2267 5456 2464 5526 σιώπα,
2485 5458 2757 5536 ἡσύχαζε²
2787 5457 2969 5522 Οὕτως
2993 5458 3086 5515 οὖν
3119 5461 3494 5534 ᾤκονομησεν,
3527 5482 3718 5536 φησιν,

2060 5549 2095 5616 ἡ
2129 5548 2290 5621 χάρις
2320 5546 2416 5600 τοῦ
2467 5547 2665 5621 Κυρίου
2693 5548 2743 5602 ἐν
2776 5552 2855 5620 τῷ
2894 5547 3154 5605 εἷ’σελθεῖν
3203 5571 3270 5623 με
3313 5549 3390 5616 είς
3423 5553 3483 5607 τὸ
3533 5547 3664 5624 ὄρος
3705 5595 3721 5612 .

2060 5637 2187 5692 Μετ’
2228 5636 2417 5712 ὀλίγου
2466 5638 2669 5713 χρόνον
2713 5639 3037 5714 κεκοίμηται
3069 5641 3097 5694 6
3127 5639 3414 5716 ἄνθρωπος
3464 5646 3597 5698 Θεοῦ
3631 5643 3712 5716 μὴ

2060 5729 2316 5800 νοσήσας,
2369 5730 2446 5803 μὴ
2498 5727 2742 5806 ἀλγήσας
2779 5751 2834 5786 τι
2882 5733 2990 5787 τῶν
3031 5734 3133 5798 τοῦ
3181 5732 3440 5808 σώματος
3499 5731 3721 5808 μελῶν,

2061 5815 2206 5875 ἀλλὰ
2234 5817 2333 5889 τὴν
2365 5815 2600 5894 σπυρίδα
2650 5817 3007 5898 καταρρίπτων
3056 5818 3441 5896 μετεστείλατό
3491 5839 3579 5898 με,
3622 5822 3717 5879 καί
