4076 6280
308 381 466 441 1029

1649 377 2020 440 HISTORIA
2067 375 2480 437 LAUSIACA.

3666 382 3822 446 1030

307 519 427 569 erat
455 513 610 570 enim
638 513 796 568 vultu
829 512 1016 569 nitido
1049 517 1105 571 et
1135 514 1333 584 alacri,
1369 515 1510 570 adeo
1544 517 1607 570 ut
1635 529 1767 570 cum
1790 511 1876 568 vel
1911 527 2011 567 so-
2039 513 2096 578 Α
2130 525 2261 564 eum
2295 507 2606 578 aliquando
2641 511 2890 575 venerat,
2925 513 2982 564 et
3025 517 3210 567 vestes
3242 526 3377 567 suas
3414 511 3825 582 occultaverat,

305 603 429 659 lum
486 605 797 666 videretur,
841 605 928 658 vir
970 611 1122 660 esset
1164 607 1530 661 reverendus.
1575 605 1625 659 Is
1663 621 1790 659 cum
1845 603 2013 673 longe

312 707 442 750 ante
474 711 534 748 se
567 697 622 748 in
658 694 928 750 ulteriore
958 696 1308 751 exercuisset
1349 695 1682 762 solitudine,
1719 709 1913 766 pOSIea
1954 694 2011 747 in

314 785 569 855 prepiori
604 785 923 840 solitudine
978 788 1346 856 congregavit
1389 784 1759 848 monasteria,
1803 783 2012 852 palude

313 874 565 945 prepriis
594 874 850 946 plantata
886 877 1180 944 manibus,
1213 893 1344 932 cum
1381 876 1537 947 ligna
1573 892 1686 930 non
1727 879 1923 928 essent
1952 871 2011 926 in

309 981 374 1019 eo
408 965 555 1033 loco,
591 968 731 1021 adeo
766 971 827 1020 ut
857 974 1009 1022 esset
1038 969 1218 1022 densa
1250 967 1395 1023 silva
1417 968 1471 1021 in
1496 966 1826 1021 solitudine.
1857 964 2013 1018 Dixe-

312 1066 447 1109 runt
478 1057 630 1110 enim
666 1056 833 1110 nobis
857 1057 952 1126 qui
986 1073 1118 1114 cum
1152 1074 1216 1112 eo
1257 1063 1424 1112 erant
1475 1061 1686 1122 Patres,
1740 1057 1887 1124 quod
1941 1068 2011 1108 ne

309 1159 545 1215 germen
582 1147 819 1216 quidem
860 1146 979 1202 illic
1024 1155 1162 1216 erat,
1206 1147 1436 1218 quando
1477 1147 1560 1199 vir
1604 1145 1703 1199 ille
1751 1143 1907 1198 venit
1941 1157 2010 1196 ex

305 1234 634 1290 solitudine.
674 1237 866 1305 Ipsam
901 1241 1092 1292 autem
1124 1238 1422 1307 plantavit,
1460 1252 1527 1290 ne
1551 1239 1781 1305 propter
1812 1249 1899 1286 res
1921 1247 2008 1286 ne-

304 1327 611 1395 cessarias,
643 1327 737 1397 qui
770 1328 837 1381 ad
875 1328 1065 1398 ipsum
1109 1330 1523 1384 conveniebant
1567 1328 1792 1394 fratres,
1834 1339 2009 1395 coge-

303 1423 506 1472 rentur
534 1417 809 1484 circuire;
853 1418 949 1471 sed
984 1435 1180 1473 eorum
1214 1435 1449 1473 omnem
1499 1416 1732 1489 gerebat
1781 1429 2001 1479 curam,

301 1504 483 1560 Deum
517 1523 707 1572 orans,
742 1515 794 1560 et
827 1524 928 1578 pro
960 1525 1158 1563 eorum
1192 1509 1376 1564 salute
1408 1509 1731 1572 decertans,
1763 1510 1827 1560 ut
1859 1503 2003 1558 nihil

301 1595 383 1649 eis
416 1596 639 1651 deesset
672 1598 1089 1664 necessarium,
1124 1615 1228 1653 nec
1259 1605 1410 1654 esset
1433 1599 1516 1653 eis
1549 1596 1705 1651 ullus
1729 1591 2002 1650 socordia:

301 1691 637 1754 praetextus.
671 1686 727 1740 Is
761 1687 1012 1751 primum
1047 1689 1283 1758 quidem
1315 1689 1530 1759 degens
1562 1687 1622 1742 in
1667 1683 1998 1751 solitudine,

294 1775 629 1830 vescebatur
665 1776 861 1832 herbis
915 1783 972 1832 et
995 1778 1265 1833 dulcibus
1287 1779 1609 1833 radicibus:
1636 1793 1841 1847 aquam
1869 1791 2000 1845 quo-

295 1878 406 1932 que
434 1862 662 1918 bibebat
687 1866 920 1935 quando
944 1866 1294 1936 inveniebat,
1316 1866 1373 1920 in
1401 1866 1666 1936 precibus
1689 1869 1744 1920 et
1766 1862 1998 1935 hymnis
2033 1887 2076 1950 Β

294 1955 412 2006 toto
445 1956 702 2023 tempore
734 1970 1126 2024 perseverans.
1163 1959 1480 2025 Postquam
1512 1960 1706 2009 autem
1739 1951 2001 2024 pervenit

296 2041 363 2094 ad
401 2044 709 2112 perfectam
743 2052 967 2098 etatem
1000 2047 1335 2112 senectutis,
1367 2043 1606 2114 angelus
1649 2042 1700 2098 ei
1733 2040 2000 2113 apparuit

295 2131 354 2185 in
389 2133 635 2200 somnis,
668 2131 868 2188 dicens
897 2133 955 2188 in
989 2134 1338 2189 solitudine:
1374 2133 1499 2188 Eris
1531 2135 1588 2188 in
1620 2141 1847 2204 gentem
1883 2144 1995 2184 ma-

297 2235 492 2292 gnam,
535 2230 587 2275 et
616 2237 860 2293 magnus
891 2229 1001 2278 tua;
1027 2224 1155 2278 fidei
1181 2223 1449 2278 credetur
1473 2222 1740 2292 populus.
1766 2220 1871 2284 Qui
1900 2234 2000 2290 per

297 2314 350 2364 te
383 2316 579 2366 autem
613 2313 754 2366 salvi
789 2313 950 2382 ﬁent,
987 2323 1154 2368 erunt
1185 2315 1375 2368 decies
1410 2311 1564 2367 mille
1601 2328 1613 2366 :
1648 2328 1792 2383 quos
1822 2311 1870 2364 si
1905 2310 1998 2366 hic

297 2397 667 2466 lucrifeceris,
702 2402 938 2455 totidem
973 2401 1081 2454 tibi
1117 2402 1401 2472 parebunt
1430 2404 1486 2455 in
1534 2401 1723 2454 futuro
1763 2399 1995 2454 saeculo.

295 2487 493 2558 Neque
525 2490 845 2559 quidquam
880 2491 1261 2556 dubitaveris,
1304 2489 1382 2544 ait
1420 2491 1467 2543 ei
1503 2489 1757 2560 Angelus
1802 2505 1814 2543 :
1855 2487 1996 2542 nihil

293 2577 446 2632 enim
483 2580 584 2633 tibi
619 2579 845 2635 deficiet
877 2597 1072 2636 eorum
1108 2597 1233 2650 quas
1267 2585 1404 2635 sunt
1437 2579 1509 2634 ad
1543 2596 1707 2634 usum
1744 2594 2002 2632 necessa-

293 2667 397 2735 ria,
427 2683 610 2737 usque
644 2667 713 2722 ad
750 2673 994 2723 mortem
1030 2675 1212 2730 tuam,
1243 2668 1468 2738 quoties
1503 2670 1676 2722 Deum
1702 2667 1999 2721 invocave-

294 2756 394 2811 ris.
429 2756 556 2812 Haec
588 2774 721 2812 cum
754 2757 1032 2824 audisset,
1057 2759 1214 2813 venit
1236 2759 1303 2812 ad
1333 2759 1711 2828 propinquam
1736 2753 1998 2811 solitudi-

297 2865 450 2914 nem,
511 2867 770 2906 seorsum
826 2853 1075 2921 primum
1125 2851 1363 2922 degens,
1412 2850 1520 2904 sibi
1556 2850 1792 2917 quodam
1825 2861 1995 2918 parvo

294 2946 629 2994 constructo
690 2941 999 3012 tuguriolo,
1055 2940 1242 2995 solum
1298 2939 1632 3008 compositis
1693 2942 1996 2992 contentus

293 3026 576 3092 oleribus;
611 3044 761 3098 saepe
791 3030 965 3082 etiam
999 3031 1176 3082 semel
1210 3028 1398 3082 solum
1433 3043 1667 3082 vescens
1697 3027 1755 3079 in
1789 3025 1997 3078 hebdo-

298 3116 485 3171 tnada.
520 3118 709 3188 Atque
740 3122 862 3170 erat
893 3115 1122 3185 quidem
1159 3118 1410 3185 primum
1445 3115 1811 3179 illitteratus;
1848 3116 1998 3182 post-

298 3222 471 3276 quam
506 3212 700 3261 autem
733 3206 887 3260 venit
909 3221 976 3259 ex
1004 3202 1317 3258 solitudine
1342 3206 1397 3258 in
1423 3214 1629 3259 terram
1660 3203 1994 3266 habitatum,

294 3296 344 3350 ei
377 3297 559 3366 gratia
600 3297 708 3351 fuit
738 3296 874 3351 data
915 3294 1217 3360 divinitus,
1248 3300 1305 3349 et
1335 3294 1664 3364 Scripturas
1696 3309 1997 3362 exprome-

300 3385 396 3440 bat
430 3386 784 3440 memoriter.
831 3385 891 3438 Ei
943 3387 1098 3439 enim
1147 3384 1291 3438 libro
1334 3385 1466 3438 dato
1500 3401 1532 3438 a
1573 3384 1869 3450 fratribus,
1922 3383 2001 3436 ita

301 3475 574 3544 deinceps
608 3477 834 3545 legebat
865 3484 1139 3544 tanquam
1179 3475 1400 3544 peritus
1433 3474 1779 3527 litterarum.
1813 3471 1997 3526 Aliam

303 3581 534 3634 qucque
614 3574 910 3635 acceperat
993 3567 1288 3636 gratiam,
1376 3581 1585 3635 nempe
1668 3565 1998 3619 daemonum

297 3653 794 3725 echllendorum,
827 3657 966 3709 adeo
1001 3658 1062 3708 ut
1095 3653 1261 3708 multi
1292 3669 1358 3708 ex
1392 3653 1463 3707 iis
1496 3652 1592 3723 qui
1638 3651 1999 3718 laborabant,

295 3748 464 3801 etiam
501 3761 567 3800 eo
601 3745 855 3815 nolente,
891 3746 1213 3800 clamantes
1244 3747 1372 3816 ejus
1402 3749 1576 3800 vitam
1611 3747 1998 3800 ostenderent.

300 3835 458 3890 Alias
491 3852 722 3906 quoque
753 3837 1082 3890 curationes
1115 3852 1227 3889 non
1261 3836 1524 3889 cessabat
1556 3851 1845 3906 peragere.
1877 3834 1999 3897 Quo

297 3926 512 3979 factum
549 3930 637 3979 est
673 3931 734 3978 ut
767 3924 839 3978 ad
871 3941 1004 3978 eum
1039 3925 1410 3978 convenirent
1440 3926 1552 3977 tria
1585 3925 1763 3978 millia
1796 3941 2003 3978 mona-

301 4014 563 4067 chorum.
599 4016 734 4066 Cum
769 4029 866 4066 eos
899 4020 1091 4066 autem
1121 4013 1200 4066 vir
1228 4011 1324 4066 ille
1350 4011 1607 4081 vidisset,
1633 4013 1828 4066 laetitia
1871 4013 2004 4066 affe-

299 4108 435 4158 ctus
467 4117 564 4155 eos
596 4100 888 4165 salutavit,
933 4106 990 4153 et
1019 4099 1353 4170 complexus
1385 4107 1490 4155 est.
1523 4104 1664 4155 Cum
1701 4101 1873 4171 pedes
1914 4117 2003 4155 eo-

295 4207 423 4245 rum
495 4189 746 4260 propriis
806 4188 1055 4242 lavasset
1105 4189 1396 4254 manibus,
1448 4206 1758 4244 conversus
1798 4195 1884 4244 est
1935 4190 2003 4245 ad

299 4281 660 4345 doctrinam;
721 4281 842 4332 erat
890 4278 1043 4333 enim
1090 4278 1252 4333 valde
1295 4280 1510 4348 peritus
1553 4278 1893 4346 litterarum,
1941 4287 2000 4334 ut

298 4373 396 4443 qui
430 4370 580 4425 hanc
615 4370 856 4438 gratiam
906 4369 1223 4437 accepisset
1272 4367 1571 4422 divinitus.
1619 4368 1759 4422 Cum
1810 4376 1996 4424 autem

298 4458 723 4530 Scripturarum
768 4457 950 4512 multa
981 4457 1247 4511 solvisset
1278 4456 1486 4526 capita,
1521 4463 1575 4512 et
1617 4459 1783 4511 tidem
1821 4457 2000 4512 tradi-

297 4549 479 4603 disset
523 4547 930 4615 orthodoxam,
964 4547 1306 4602 adhortatus
1356 4551 1443 4601 est
1480 4548 1549 4600 ad
1598 4562 1813 4617 preces.
1851 4546 2001 4601 Viris

293 4636 448 4691 enim
475 4641 699 4706 magnis
733 4654 854 4692 mos
885 4643 993 4705 est,
1029 4635 1171 4690 nihil
1204 4636 1396 4690 carnis
1426 4637 1751 4704 admittere,
1797 4636 1994 4706 prius-
2025 4628 2069 4690 D

294 4743 467 4795 quam
503 4726 760 4796 spiritale
804 4727 1143 4780 alimentum
1189 4729 1398 4781 animm
1447 4726 1834 4794 tradiderint;
1880 4727 1996 4782 haec

293 4821 484 4868 autem
521 4822 607 4869 est
635 4815 844 4868 Christi
878 4815 1235 4869 communio.
1269 4815 1412 4869 Cum
1439 4816 1564 4885 ejus
1587 4833 1721 4886 ergo
1747 4816 1995 4870 fuissent

292 4905 624 4974 participes,
656 4911 710 4958 et
753 4904 1003 4974 egissent
1035 4906 1276 4974 gratias,
1317 4905 1578 4960 hortatus
1608 4911 1696 4960 est
1726 4907 1794 4959 ad
1833 4922 1997 4960 men-

291 5010 440 5059 sam,
475 4995 600 5062 ipse
630 5009 858 5063 semper
889 4993 1039 5048 inter
1071 4993 1395 5050 sedendum
1428 5012 1525 5049 eos
1554 4996 1873 5049 admonens
1905 5011 1992 5049 eo-

291 5101 419 5139 rum
455 5100 581 5154 quas
615 5093 745 5138 sunt
781 5084 931 5137 bona
959 5091 1011 5138 et
1044 5082 1306 5152 honesta,
1339 5092 1396 5138 et
1427 5085 1624 5140 dicens
1657 5086 1740 5140 eis
1775 5102 1840 5140 ea
1870 5102 1992 5152 quae

290 5177 583 5248 pertinent
613 5173 683 5228 ad
732 5173 1004 5228 salutem.
1042 5175 1167 5228 Fuit
1199 5192 1334 5246 ergo
1382 5175 1474 5229 hic
1504 5178 1590 5230 vir
1621 5177 1812 5231 clarus
1847 5179 1996 5230 inter

290 5267 506 5321 multos
551 5265 767 5332 Patres,
813 5265 953 5318 adeo
989 5269 1050 5317 ut
1081 5281 1211 5317 cum
1249 5265 1414 5318 multi
1449 5267 1515 5318 ad
1553 5282 1684 5319 eum
1732 5267 1995 5320 venirent

288 5355 581 5414 monachi,
615 5369 816 5407 omnes
854 5358 1159 5423 praesentes
1193 5355 1393 5407 fratres
1427 5370 1771 5420 convocans,
1801 5355 1856 5406 in
1883 5370 1993 5407 uno

289 5443 380 5497 die
412 5446 495 5497 eis
545 5444 720 5498 cellas
770 5443 1017 5496 faceret:
1068 5459 1183 5497 uno
1223 5442 1459 5512 quidem
1508 5444 1995 5498 subministrante

290 5532 505 5600 lutum,
552 5533 730 5588 altero
780 5550 911 5588 vero
962 5533 1219 5597 laterem,
1275 5532 1385 5587 alio
1437 5539 1626 5587 autem
1686 5532 1992 5587 hauriente

291 5636 525 5693 aquam.
560 5621 830 5677 Perfectis
862 5628 1050 5676 autem
1086 5621 1266 5688 cellis,
1301 5622 1424 5691 ipse
1457 5622 1746 5692 praebebat
1769 5621 1992 5676 venien-

287 5711 444 5769 tibus
471 5727 600 5784 quae
629 5715 794 5768 erant
827 5712 1168 5770 necessaria.
1207 5712 1256 5768 Is
1289 5710 1497 5769 falsum
1524 5713 1774 5780 fratrem,
1801 5709 1898 5785 qui
1920 5713 1987 5770 ad

2121 615 2250 654 cum
2276 615 2468 654 coram
2503 598 2779 653 omnibus
2807 599 3119 670 arguisset,
3152 600 3210 656 in
3237 601 3494 658 medium
3530 605 3817 676 produxit.

2119 694 2241 757 Quo
2277 692 2488 746 factum
2523 701 2609 745 est
2641 696 2703 745 ut
2736 707 2905 745 nemo
2939 695 3175 748 auderet
3204 694 3477 766 deinceps
3509 695 3663 767 apud
3690 712 3822 754 eum

2120 782 2368 848 mentiri,
2402 797 2535 835 cum
2577 785 2796 834 tantam
2829 779 3066 835 haberet
3095 782 3352 852 gratiam,
3386 799 3562 855 quam
3596 800 3695 856 per
3725 784 3825 841 bo-

2117 874 2346 924 nestam
2386 885 2551 925 suam
2603 870 2777 924 vitam
2829 869 2939 924 sibi
2990 869 3317 943 collegerat.
3354 872 3590 929 Licebat
3628 883 3821 931 autem

2116 958 2312 1013 videre
2341 958 2778 1013 multitudinem
2813 973 3008 1014 eorum
3045 958 3298 1029 quicum
3333 960 3461 1033 ipso
3492 972 3654 1019 erant
3687 978 3820 1020 mo-

2117 1047 2436 1102 nschorum
2473 1049 2533 1102 in
2590 1047 2852 1116 ecclesia,
2905 1053 3177 1119 tanquam
3228 1051 3567 1122 angelorum
3617 1051 3822 1110 choros

2114 1134 2296 1190 Deum
2321 1135 2711 1192 laudantium.

2187 1226 2461 1298 Magnam
2495 1227 2628 1283 huic
2660 1231 2885 1288 sancto,
2920 1246 3024 1284 suo
3060 1230 3384 1286 testimonio
3417 1231 3622 1287 tribuit
3650 1232 3821 1288 virtu-

2113 1319 2228 1370 tem
2267 1318 2533 1371 universa
2583 1317 2966 1373 fraternitas:
3020 1318 3307 1390 praecipue
3363 1325 3557 1376 autem
3608 1320 3822 1376 ancilla

2113 1406 2208 1459 Dei
2243 1405 2512 1475 Melania,
2549 1424 2674 1478 quae
2726 1408 2880 1462 hunc
2928 1413 3184 1463 montem
3235 1414 3368 1464 ante
3430 1425 3522 1465 me
3579 1414 3667 1465 est
3725 1409 3820 1464 in-

2109 1509 2328 1565 gressa.
2364 1501 2479 1568 Ego
2512 1497 2668 1552 enim
2702 1513 2833 1552 eum
2868 1513 2984 1552 non
3018 1497 3236 1552 otl'endi
3267 1500 3482 1553 vivum.
3534 1498 3663 1554 Haec
3714 1515 3820 1555 au—

2108 1591 2221 1642 tem
2258 1591 2528 1659 praeclara
2567 1589 2636 1644 de
2687 1588 2793 1644 hoc
2841 1589 2962 1644 viro
3013 1588 3308 1658 narrabat,
3356 1589 3511 1663 quod
3563 1607 3666 1648 nec
3708 1608 3818 1647 un-

2108 1699 2278 1754 quam
2316 1682 2392 1736 sit
2423 1682 2723 1746 mentitus,
2758 1696 2942 1749 neque
2968 1681 3276 1751 juraverit,
3311 1697 3500 1754 neque
3531 1680 3635 1738 ulli
3669 1682 3818 1739 male

2106 1775 2183 1830 sit
2215 1777 2506 1843 precatus,
2540 1786 2728 1843 neque
2759 1769 2992 1826 locutus
3024 1770 3100 1826 sit
3139 1769 3248 1828 nisi
3281 1787 3429 1845 opus
3455 1776 3624 1830 esset.

2791 1893 3024 1951 CAPUT
3063 1894 3130 1951 X.

2590 2002 2706 2056 Vita
2737 2000 2955 2057 abbatis
2988 2001 3188 2058 Pambo
3219 2003 3351 2073 (25).

2183 2127 2365 2198 Hujus
2399 2127 2613 2182 montis
2646 2127 2840 2183 accola
2875 2127 2983 2182 fuit
3014 2129 3190 2183 etiam
3227 2126 3406 2184 abbas
3439 2128 3678 2197 Pambo,
3723 2136 3814 2200 qui

2109 2219 2221 2274 fuit
2251 2219 2532 2290 magister
2573 2215 2836 2274 Dioscuri
2880 2218 3137 2289 episcOpi
3178 2219 3466 2275 Ammonii
3499 2225 3554 2275 et
3586 2220 3811 2276 Eusebii

2107 2318 2162 2365 et
2206 2308 2496 2380 Euthymii
2546 2308 2814 2375 fratrum,
2868 2314 2923 2364 et
2972 2309 3245 2379 Origenis
3305 2307 3408 2365 filii
3458 2310 3571 2381 (26)
3623 2312 3815 2367 fratris

2106 2398 2395 2454 Dracontii
2453 2397 2556 2452 viri
2607 2398 2851 2453 illustris
2900 2401 2956 2453 et
3002 2397 3382 2455 abmirabilis.
3436 2398 3540 2456 llic
3598 2401 3814 2456 Pambo

2109 2491 2295 2543 multa
2326 2488 2560 2561 quidem
2595 2487 2847 2543 habebat
2876 2493 2931 2543 et
2961 2490 3119 2544 varia
3153 2489 3488 2561 privilegia:
3526 2491 3674 2546 inter
3703 2508 3812 2546 ca-

2109 2586 2226 2632 lera
2258 2587 2450 2632 autem
2503 2596 2625 2648 qua:
2659 2584 2810 2633 recte
2841 2583 2894 2633 et
2939 2594 3006 2633 ex
3056 2579 3270 2634 virtute
3304 2581 3374 2634 ab
3415 2596 3478 2636 eo
3529 2580 3812 2651 gereban-

2107 2672 2222 2732 tur,
2260 2668 2366 2722 hoc
2400 2666 2654 2722 habebat
2689 2684 2801 2738 quo
2848 2673 2971 2722 erat
3029 2669 3270 2738 reliquis
3323 2669 3606 2740 superior,
3657 2672 3811 2742 quod

2107 2757 2326 2812 scilicet
2377 2773 2586 2811 aurum
2646 2763 2702 2811 et
2745 2762 3046 2829 argentum
3093 2756 3470 2828 despiciebat,
3527 2768 3813 2830 quantum

2107 2845 2368 2916 postulat
2402 2845 2549 2901 ratio
2593 2845 2906 2902 dominica.
2957 2844 3120 2901 Unde
3167 2846 3306 2902 mihi
3354 2851 3608 2904 narravit
3648 2847 3813 2904 beata

2109 2936 2357 2991 Melania
2385 2935 2540 3006 quod
2576 2952 2706 2990 cum
2741 2935 2811 2990 ab
2843 2935 3007 2990 initio
3053 2935 3236 2991 Roma
3279 2937 3525 2993 venisset
3569 2938 3812 2993 Alexan-

2108 3027 2318 3090 driam,
2351 3031 2406 3080 et
2434 3027 2502 3079 de
2538 3026 2666 3093 ejus
2711 3026 2920 3079 virtute
2971 3025 3253 3080 audiisset
3291 3042 3324 3080 a
3371 3026 3540 3082 beato
3592 3025 3812 3082 Isidoro

2109 3115 2435 3186 presbytero
2467 3119 2522 3168 et
2553 3113 2902 3181 xenodocho,
2946 3115 3045 3183 qui
3077 3117 3144 3170 de
3169 3131 3235 3170 eo
3271 3114 3413 3169 mihi
3447 3116 3720 3182 narravit,
3755 3121 3811 3172 et

2109 3207 2179 3259 ad
2212 3204 2404 3275 ipsum
2450 3204 2689 3259 deduxit
2721 3204 2779 3260 in
2831 3203 3224 3260 solitudinem.
3268 3207 3350 3260 Ad
3401 3223 3557 3275 eum,
3603 3206 3808 3276 aiebat,

2111 3293 2278 3348 attuli
2327 3309 2464 3348 vasa
2511 3301 2781 3362 argentea
2828 3298 3214 3349 trecentarum
3249 3293 3527 3350 librarum
3559 3298 3808 3368 argenti,

2110 3401 2319 3451 rogans
2361 3401 2489 3438 eum
2534 3391 2594 3438 ut
2635 3400 2828 3438 rerum
2871 3398 3132 3439 mearum
3172 3388 3320 3441 esset
3359 3387 3671 3458 particeps.
3713 3387 3812 3444 Ille

2111 3479 2324 3542 autem,
2358 3473 2568 3545 inquit,
2602 3490 2871 3544 operans,
2907 3478 2962 3528 et
2993 3490 3185 3530 ramos
3217 3480 3417 3530 texens
3450 3475 3593 3530 mihi
3627 3477 3811 3533 bene--

2110 3565 2277 3629 dixit,
2319 3579 2455 3618 voce
2487 3579 2699 3634 magna
2731 3561 2968 3617 dicens:
3004 3562 3156 3618 Deus
3190 3566 3287 3619 det
3315 3565 3418 3620 tibi
3462 3567 3807 3622 mercedem.

2110 3653 2178 3709 Et
2211 3653 2355 3708 dixit
2387 3670 2494 3709 suo
2516 3669 2814 3708 oeconomo
2847 3651 3077 3725 Origeni
3116 3651 3244 3724 [Al.,
3291 3653 3610 3728 Theodoro]
3649 3673 3661 3711 :
3703 3659 3812 3714 Ac-

2111 3746 2260 3816 cipe,
2293 3750 2348 3800 et
2377 3760 2441 3799 ea
2478 3744 2751 3812 dispensa
2783 3745 3065 3799 universae
3101 3746 3444 3801 fraternitati
3475 3764 3602 3819 quae
3633 3755 3719 3804 est
3751 3749 3808 3804 in

2114 3836 2290 3907 Libya
2321 3838 2377 3888 et
2410 3834 2466 3888 in
2499 3833 2729 3888 insulis.
2765 3832 2893 3887 Haec
2917 3834 3071 3887 enim
3108 3836 3460 3890 monasteria
3501 3840 3689 3909 magis
3720 3838 3810 3895 in-

2111 3925 2312 3996 digent
2356 3939 2368 3976 :
2423 3923 2470 3976 ei
2521 3922 2866 3991 praecipiens
2914 3926 2975 3975 ut
3023 3938 3087 3977 ex
3120 3938 3185 3976 eo
3221 3923 3364 3978 nihil
3415 3926 3574 3979 daret
3604 3926 3676 3981 iis
3708 3929 3806 3999 qui

2110 4018 2276 4067 erant
2308 4013 2364 4064 in
2406 4009 2665 4081 Egypto,
2714 4015 3012 4079 propterea
3045 4013 3199 4081 quod
3232 4011 3308 4066 sit
3349 4013 3506 4084 regio
3551 4015 3725 4070 ditior
3754 4023 3810 4071 et

2113 4099 2523 4157 abundantior.
2567 4104 2682 4171 Ego
2712 4105 2924 4166 autem,
2967 4100 3179 4171 inquit,
3214 4107 3373 4157 stans
3402 4105 3806 4175 exspectabam

2112 4196 2176 4246 ut
2211 4191 2296 4246 vel
2351 4189 2861 4245 benedictionibus
2905 4191 2975 4246 ab
3025 4208 3090 4246 eo
3143 4191 3469 4261 honorarer,
3520 4192 3605 4248 vel
3637 4195 3809 4251 verbo

2111 4285 2318 4336 saltem
2392 4280 2662 4335 laudarer
2691 4281 2764 4334 ob
2794 4287 3022 4335 tantum
3056 4283 3293 4336 donum.
3329 4283 3470 4338 Cum
3503 4298 3632 4339 vero
3665 4284 3809 4340 nihil

2110 4371 2345 4427 omnino
2386 4371 2456 4424 ab
2489 4387 2553 4426 eo
2596 4372 2935 4438 audiissem,
2983 4373 3031 4425 ei
3064 4371 3178 4425 dixi
3215 4388 3225 4424 :
3260 4371 3522 4442 Domine,
3557 4379 3619 4430 ut
3658 4374 3808 4432 scias

2111 4472 2399 4534 quantum
2434 4462 2532 4528 sit,
2566 4470 2700 4515 sunt
2732 4467 3006 4516 trecentas
3041 4461 3195 4516 librae
3240 4464 3483 4534 argenti.
3519 4468 3573 4519 ls
3615 4475 3807 4522 autem

2111 4568 2315 4607 rursus
2346 4567 2475 4604 cum
2505 4551 2574 4604 ad
2609 4551 2715 4605 hoc
2749 4568 2819 4606 ne
2849 4551 3087 4606 omnino
3120 4551 3355 4620 quidem
3390 4555 3710 4622 annuisset,
3754 4560 3809 4610 et

2107 4658 2207 4696 nec
2240 4641 2308 4695 ad
2345 4639 2500 4694 vasis
2532 4640 2768 4710 quidem
2801 4641 3029 4694 thecam
3068 4641 3436 4705 attendisset,
3469 4643 3806 4713 respondit:

2107 4733 2160 4786 Is
2191 4732 2281 4784 cui
2313 4731 2432 4784 haec
2481 4729 2742 4794 attulisti,
2777 4746 2808 4784 ο
2844 4730 2986 4795 tilia,
3040 4746 3154 4784 non
3203 4746 3349 4801 opus
3397 4729 3569 4786 habet
3610 4737 3672 4787 ut
3701 4740 3809 4787 ate

2105 4821 2292 4874 discat
2323 4821 2706 4890 quantitatem
2754 4818 3046 4889 ponderis.
3099 4819 3205 4882 Qui
3238 4820 3394 4874 enim
3440 4825 3665 4877 montes
3703 4839 3812 4894 ap—

2107 4909 2301 4978 pendit
2339 4913 2396 4961 et
2446 4907 2632 4961 saltus
2683 4913 2896 4962 statera
2943 4907 3072 4974 (Isa.
3107 4923 3195 4973 XL,
3233 4907 3343 4975 1‘2),
3399 4910 3582 4964 multo
3626 4911 3812 4982 magis

2105 5000 2214 5052 scit
2245 4997 2627 5067 quantitatem
2665 4997 2745 5050 tui
2800 4996 3044 5065 argenti.
3087 4995 3147 5050 Si
3189 4996 3344 5051 enim
3380 4996 3501 5053 haec
3532 4999 3677 5055 mihi
3707 5003 3806 5056 da-

2106 5103 2219 5154 res,
2254 5092 2404 5140 recte
2440 5086 2579 5139 mihi
2615 5087 2839 5156 pondus
2870 5086 3155 5153 dixisses;
3188 5088 3286 5141 sed
3321 5087 3366 5140 si
3400 5085 3515 5143 Deo
3545 5105 3614 5145 ea
3644 5091 3810 5149 obtu-s

2105 5175 2248 5242 listi,
2291 5177 2386 5242 qui
2425 5191 2493 5229 ne
2526 5173 2669 5229 duos
2712 5176 2946 5245 quidem
3000 5175 3202 5230 obolos
3249 5175 3360 5248 (27)
3394 5179 3671 5247 despexit,
3707 5180 3808 5235 sed

2105 5280 2202 5318 eos
2265 5264 2392 5334 plus
2450 5280 2622 5335 quam
2685 5263 2882 5318 omnia
2940 5265 3241 5318 testimavit
3297 5265 3507 5334 (Marci,
3543 5282 3644 5333 ιιι,
3693 5266 3806 5339 42).

2103 5360 2247 5409 tace.
2302 5355 2394 5409 Sic
2444 5371 2600 5425 ergo,
2653 5354 2860 5423 inquit,
2916 5355 3271 5425 dispensavit
3319 5357 3505 5426 gratia
3553 5354 3805 5424 Domini,

2104 5445 2240 5497 dum
2279 5442 2541 5513 ingressa
2574 5459 2701 5497 sum
2754 5443 2811 5496 in
2860 5442 3017 5498 hunc
3071 5449 3348 5499 montem.
3401 5443 3563 5498 Brevi
3617 5450 3807 5501 autem

2104 5539 2234 5604 post
2274 5539 2530 5600 tempore
2570 5532 2802 5587 dormiit
2837 5532 3009 5586 homo
3056 5534 3172 5600 Dei,
3217 5548 3319 5585 nec
3358 5537 3660 5604 aegrotans,
3700 5549 3802 5592 nec

2101 5625 2162 5678 in
2197 5622 2310 5677 ulla
2343 5630 2501 5692 parte
2531 5623 2785 5692 corporis
2818 5621 3074 5678 dolorem
3109 5623 3388 5690 sentiens,
3423 5624 3522 5680 ed
3547 5627 3801 5696 sportam

2103 5717 2411 5771 contexens
2462 5729 2552 5771 me
2585 5713 2872 5780 accersiit,
2905 5717 2960 5767 et
2991 5726 3123 5767 cum
3179 5709 3406 5768 adesset
3443 5713 3560 5786 jam
3611 5716 3800 5768 extre-
