4076 6280
3654 322 3867 387 {03!

292 485 422 523 mus
453 467 751 538 stimulus,
803 468 942 525 dicit
974 468 1115 524 mihi
1152 486 1164 523 :
1220 467 1371 539 Cape
1425 468 1573 523 hanc
1633 472 1893 538 sportam
1956 486 1987 525 a
2025 475 2080 539 Α
2109 474 2279 542 posse
2311 469 2501 541 egredi
2535 485 2565 525 e
2596 467 2926 525 solitudine.
2972 465 3080 523 Ubi
3118 470 3311 523 autem
3357 482 3473 522 non
3509 465 3864 536 cedebant,

290 559 437 615 meis
470 560 761 625 manibus,
797 565 861 614 ut
894 561 1001 615 mei
1035 559 1390 615 memineris.
1429 558 1581 614 Nihil
1616 562 1769 615 enim
1806 560 1989 616 habeo
2100 561 2241 630 ipsis
2272 561 2624 625 vitentibus,
2659 564 2891 630 arrepto
2927 558 3121 614 forfice
3144 558 3445 613 sinistram
3471 572 3678 611 aurem
3714 556 3865 610 sibi

291 648 449 703 aliud
483 649 635 719 quod
671 648 771 702 tibi
805 647 1151 719 relinquam.
1188 648 1251 702 Et
1283 664 1411 702 cum
1446 648 1553 702 hoc
1584 649 1842 709 dixisset.
1892 665 1985 703 ex-
2100 654 2344 709 abscidit
2373 654 2443 708 ad
2474 652 2657 707 imum
2694 665 2893 722 usque,
2927 651 3011 705 eis
3042 650 3243 705 dicens
3274 665 3286 704 :
3312 648 3478 704 Nunc
3504 647 3863 717 intelligite

292 738 449 793 cedit
498 737 625 792 sine
672 739 847 804 febre,
899 754 1027 792 cum
1078 744 1231 793 esset
1280 754 1566 793 annorum
1608 738 1989 809 septuaginta,
2103 743 2226 799 fieri
2258 758 2369 796 non
2408 757 2577 813 posse
2610 744 2673 795 ut
2702 757 2808 812 ego
2840 739 2975 795 fiam
3009 738 3159 810 quod
3197 753 3287 792 me
3315 736 3540 808 cogitis,
3564 751 3709 791 cum
3742 735 3861 791 lex

292 828 538 884 Domino
571 830 988 884 commendans
1020 830 1310 898 spiritum.
1347 834 1525 896 Quem
1560 845 1693 883 cum
1742 845 1847 900 ego
1888 846 1993 885 cu-
2102 832 2404 903 prohibeat
2438 847 2507 886 ne
2541 831 2607 885 ad
2644 830 3035 885 sacerdotium
3086 826 3436 898 provehatur
3464 825 3515 879 is
3542 825 3635 880 cui
3681 830 3859 881 sunt

288 934 510 974 rassem
558 917 692 989 (28),
726 926 781 974 et
812 919 1007 974 linteis
1038 920 1223 974 sancti
1261 936 1473 988 corpus
1515 920 1885 975 involvissem
1936 925 1992 975 et
2100 938 2270 977 aures
2300 926 2630 992 amputatae.
2666 920 2807 975 Cum
2842 920 2926 973 sic
2954 933 3090 989 ergo
3132 933 3264 973 eum
3299 915 3682 984 dimisissent,
3736 932 3859 971 re—

290 1006 713 1078 deposuissem,
764 1009 976 1064 recessi
1023 1024 1054 1063 a
1099 1008 1441 1075 solitudine,
1479 1024 1667 1080 usque
1718 1008 1789 1063 ad
1838 1009 1991 1064 diem
2102 1017 2423 1079 cesserunt,
2455 1016 2512 1065 et
2542 1010 2611 1065 ad
2653 1011 2986 1080 episcopum
3020 1008 3318 1063 venientes
3361 1007 3475 1061 haec
3504 1005 3554 1061 ei
3591 1021 3851 1062 renun-

2101 1103 2342 1158 tiarunt.
2382 1102 2434 1156 Is
2466 1106 2660 1157 autem
2694 1100 2777 1156 eis
2805 1099 2943 1155 dicit
2973 1115 2987 1155 :
3024 1098 3151 1155 Haec
3189 1098 3280 1153 lex
3309 1096 3367 1153 in
3402 1115 3509 1153 usu
3541 1098 3614 1153 sit
3652 1099 3842 1169 apud

2101 1192 2350 1248 Judaeos.
2388 1192 2531 1247 Mihi
2564 1198 2758 1246 autem
2791 1190 2839 1246 si
2872 1190 2956 1246 vel
2991 1195 3325 1246 truncatum
3358 1189 3597 1244 naribus
3626 1189 3845 1244 addu-

2103 1281 2305 1338 xeritis
2350 1282 2449 1352 qui
2497 1280 2573 1336 sit
2621 1281 2786 1337 bonis
2829 1280 3111 1347 moribus,
3166 1294 3273 1350 ego
3325 1293 3459 1333 eum
3509 1278 3845 1333 ordinabo.

292 330 445 395 1031
1870 332 2009 393 ΡΑ[

2135 334 2237 397 DIl

291 1096 496 1152 mortis
528 1112 755 1152 mecum
780 1097 1003 1153 habens
1052 1098 1211 1152 illam
1261 1105 1536 1169 sporlam.
1588 1097 1687 1153 Hic
1734 1097 1991 1153 Pambon

290 1202 425 1243 cum
474 1192 626 1242 esset
679 1189 1021 1251 moriturus,
1056 1189 1109 1241 in
1144 1187 1273 1258 ipsa
1322 1188 1463 1243 hora
1514 1204 1807 1256 excessus,
1860 1204 1992 1244 eum

290 1277 806 1331 circumstantibus
824 1278 1070 1348 Origene
1095 1279 1427 1350 presbytero
1451 1295 1515 1335 ac
1536 1295 1837 1334 (econan
1853 1278 1992 1347 ('29),

291 1369 348 1419 et
378 1364 685 1419 Ammonio
717 1366 854 1418 viris
887 1364 1138 1435 inclytis,
1169 1372 1228 1419 et
1259 1365 1498 1436 reliquis
1528 1368 1820 1431 fratribus,
1858 1366 1997 1421 dici-

295 1461 388 1509 tur
419 1454 527 1510 hoc
559 1456 772 1509 dixisse
808 1471 818 1507 :
854 1455 934 1508 Ex
966 1471 1081 1527 quo
1110 1457 1239 1510 veni
1272 1458 1330 1511 in
1364 1458 1516 1510 hunc
1547 1455 1736 1511 locum
1780 1456 1992 1511 solitu-

296 1546 470 1615 dinis,
521 1552 577 1603 et
626 1563 814 1601 meam
864 1547 1137 1602 aediﬁcavi
1186 1547 1411 1608 cellam,
1468 1554 1525 1603 et
1572 1548 1664 1603 hic
1715 1547 1994 1614 habitavi,

297 1636 498 1693 nullus
530 1636 639 1692 fuit
668 1636 792 1692 dies
820 1653 936 1708 quo
970 1654 1081 1692 non
1117 1636 1336 1709 aliquid
1368 1638 1559 1709 operis
1592 1637 1823 1693 fecerim
1851 1638 1996 1692 meis

298 1725 572 1781 manibus
607 1742 620 1780 :
664 1741 767 1780 nec
810 1726 1045 1780 memini
1089 1741 1180 1781 me
1212 1728 1280 1781 ab
1331 1726 1521 1796 aliquo
1564 1741 1773 1798 panem
1816 1726 1996 1798 gratis

2106 1372 2326 1428 Euntes
2358 1388 2494 1443 ergo
2527 1389 2659 1428 eum
2695 1388 2898 1428 rursus
2926 1372 3230 1442 rogabant.
3276 1369 3422 1425 Cum
3458 1370 3581 1439 ipse
3610 1372 3837 1425 autem

2103 1477 2221 1517 non
2257 1470 2495 1532 pareret,
2545 1462 2803 1533 aggressi
2837 1466 2969 1516 sunt
3017 1475 3149 1516 eum
3183 1458 3272 1514 vel
3324 1460 3373 1513 vi
3415 1459 3727 1513 adducere.
3770 1457 3835 1513 Is

2105 1558 2299 1607 autem
2344 1553 2429 1607 eis
2466 1552 2707 1622 juravit,
2767 1552 2966 1607 dicens
3002 1566 3014 1604 :
3068 1551 3127 1606 Si
3163 1565 3252 1605 me
3281 1548 3603 1621 coegeritis,
3635 1548 3839 1603 etiam

2104 1644 2365 1716 linguam
2404 1660 2591 1699 meam
2639 1644 2997 1701 exscindam.
3054 1643 3131 1698 Eo
3165 1642 3362 1714 itaque
3411 1647 3542 1715 post
3570 1641 3698 1697 haec
3736 1642 3839 1696 di-

2108 1737 2306 1804 misso,
2341 1741 2721 1792 recesserunt.
2774 1737 2959 1806 Hujus
3007 1735 3297 1791 Ammonii
3343 1735 3523 1790 fertur
3557 1732 3666 1789 hnc
3709 1732 3837 1788 mi—

298 1814 498 1866 ἀδίυῐη
530 1813 888 1877 comedisse;
923 1829 1027 1867 nec
1058 1829 1149 1868 m6
1196 1814 1254 1867 in
1309 1812 1457 1868 hunc
1509 1814 1705 1868 horam
1758 1812 1994 1884 Ροεῐιῖίθῑ
2032 1829 2081 1894 Β
2113 1827 2398 1882 raculum.
2427 1825 2759 1898 Nunquam,
2785 1824 3080 1896 inquiunt,
3109 1825 3158 1879 s‘i
3184 1824 3417 1897 quando
3440 1823 3628 1893 turpis
3654 1822 3833 1878 volu-

302 1903 451 1958 716
492 1902 741 1973 alicujus
782 1902 1088 1969 sermonis,
1141 1918 1313 1974 quem
1366 1903 1608 1959 dixerim
1643 1920 1657 1969 ;
1711 1911 1763 1958 et
1808 1906 1892 1957 sic
1924 1903 1995 1957 ad

298 1993 479 2049 Deum
513 1995 735 2061 recedo,
772 1998 834 2048 ut
867 1995 963 2065 qui
1006 2009 1110 2049 nec
1152 1994 1283 2063 pius
1330 1995 1561 2064 quidem
1597 2008 1662 2048 ac
1696 1992 1997 2063 religiosus

300 2100 424 2141 esse
454 2084 749 2155 cceperim.
795 2083 913 2139 Hoc
952 2099 1185 2155 quoque
1234 2086 1304 2138 de
1350 2099 1415 2137 eo
1450 2082 1706 2138 ferebant
1742 2084 2002 2137 testimo-

302 2174 467 2229 nium
498 2173 711 2228 Christi
743 2173 891 2227 servi
914 2171 1190 2242 Origenes
1212 2178 1268 2226 et
1290 2173 1659 2237 Ammonius,
1683 2172 1832 2242 quod
1857 2187 2007 2226 nun-

302 2278 473 2332 quam
506 2262 577 2317 de
606 2278 665 2317 re
696 2262 893 2333 aliqua
943 2263 1356 2335 interrogatus,
1408 2278 1536 2334 qua:
1585 2260 1673 2316 vel
1726 2261 1797 2316 ad
1845 2261 2003 2316 Scri-

302 2359 562 2425 pturam,
594 2354 681 2409 vel
715 2356 782 2408 ad
832 2353 1113 2409 actionem
1158 2355 1527 2425 negotiumve
1557 2353 1786 2425 aliquod
1824 2353 2001 2424 perti-

300 2454 479 2511 nerei,
515 2445 710 2499 statim
744 2446 1123 2515 responderit,
1176 2447 1271 2500 sed
1309 2445 1519 2499 dixerit
1553 2460 1565 2498 :
1600 2444 1867 2498 Nondum
1909 2443 2000 2497 in-

298 2535 426 2589 veni
462 2534 617 2603 quod
642 2536 1023 2604 respondeam
1045 2554 1059 2603 ;
1079 2552 1227 2607 saepe
1251 2540 1443 2590 autem
1473 2535 1861 2604 praeterierunt
1883 2538 1998 2587 tres

300 2641 554 2691 menses,
586 2636 636 2677 et
670 2641 781 2679 non
816 2627 992 2679 dabat
1025 2643 1387 2694 responsum,
1435 2627 1633 2680 dicens
1671 2641 1683 2678 :
1727 2624 1997 2678 Nondum

301 2712 733 2786 comprehendi.
788 2713 925 2767 Tam
965 2715 1323 2769 considerate
1369 2714 1596 2784 quidem
1654 2730 1718 2768 ex
1754 2714 1865 2767 Deo
1897 2714 2002 2766 da-

298 2805 398 2859 bat
431 2820 725 2874 responsa,
758 2807 881 2856 uta
907 2803 1017 2858 Deo
1041 2820 1167 2857 cum
1195 2806 1351 2857 omni
1382 2814 1533 2858 metu
1564 2820 1768 2858 omnes
1789 2803 1999 2872 accipe-

301 2903 447 2950 rent.
482 2892 790 2948 Dicebatur
818 2894 973 2948 enim
1003 2893 1151 2948 hanc
1185 2894 1459 2948 virtutem
1492 2893 1654 2949 etiam
1679 2909 1857 2963 supra
1890 2907 2007 2945 ma-

301 3002 482 3059 gnum
515 2984 853 3052 Antonium,
888 2991 944 3039 et
973 3002 1148 3055 super
1177 3001 1375 3039 omnes
1403 2993 1634 3040 sanctos
1658 2982 2003 3048 exercuisse,

302 3092 510 3145 nempe
544 3079 606 3130 ut
635 3080 787 3131 esset
834 3075 891 3130 in
935 3076 1225 3147 loquendo
1266 3080 1568 3131 accuratus
1602 3079 1657 3129 et
1697 3074 2003 3145 perfectus.

976 3183 1207 3238 CAPUT
1239 3181 1328 3239 Χῐ.

809 3290 941 3346 Vita
974 3291 1184 3347 abbatis
1216 3291 1342 3346 Pior
1372 3292 1508 3365 (30).

383 3398 585 3453 Fertur
624 3402 817 3452 autem
853 3405 1057 3466 praeter
1089 3399 1201 3453 alia
1235 3400 1352 3454 haec
1382 3414 1610 3469 quoque
1642 3399 1789 3454 actio
1822 3396 2009 3453 sancti

309 3488 591 3549 Pambon,
625 3487 777 3556 quod
814 3486 964 3548 Pior,
996 3488 1097 3556 qui
1127 3503 1185 3539 se
1218 3487 1276 3540 in
1307 3489 1422 3542 vita
1462 3489 1762 3542 exercebat
1806 3504 2015 3543 mona—

311 3577 472 3641 stica,
506 3574 574 3627 ad
608 3577 735 3641 ejus
766 3572 975 3627 cellam
1011 3574 1325 3643 aliquando
1372 3576 1675 3641 accedens,
1713 3578 2011 3647 proprium

311 3679 520 3738 panem
552 3661 777 3717 detulit.
826 3663 968 3718 Cum
1007 3678 1145 3717 eum
1181 3668 1371 3717 autem
1406 3663 1661 3718 Pambon
1708 3664 2012 3735 reprehen-

312 3758 510 3821 disset,
544 3753 782 3807 dicens:
820 3753 927 3808 Cor
968 3753 1071 3808 hoc
1105 3752 1335 3808 fecisti?
1375 3754 1671 3823 respondit
1711 3755 1841 3808 Pior
1874 3770 1887 3808 :
1935 3753 2016 3811 Ne

312 3852 367 3901 te
397 3859 713 3913 gravarem.
767 3843 971 3913 Itaque
1011 3842 1223 3899 tacitus
1266 3859 1398 3899 eum
1450 3843 1697 3899 dimisit.
1746 3844 1877 3899 Post
1908 3843 2016 3899 ali-

313 3941 599 4008 quantum
631 3939 824 3989 autem
859 3933 1137 4004 temporis
1168 3936 1447 3988 accedens
1484 3949 1729 4004 magnus
1756 3933 2014 3988 Pambon

310 4025 386 4081 ad
432 4023 636 4079 cellam
690 4023 837 4087 Pior,
891 4039 1098 4093 panem
1150 4040 1322 4077 suum
1376 4038 1570 4078 secum
1626 4022 2015 4077 madefactum

312 4115 526 4173 attulit.
572 4116 659 4170 Ab
690 4130 754 4170 eo
799 4120 991 4170 autem
1028 4124 1282 4184 rogatus,
1318 4131 1565 4185 quanam
1599 4114 1668 4168 de
1699 4131 1878 4170 causa
1912 4132 2016 4184 pa—

312 4225 444 4264 nem
478 4208 774 4263 attulisset
803 4207 1217 4274 madefactum,
1244 4207 1544 4275 respondit
1572 4205 1857 4261 Pambon:
1886 4206 2017 4261 Ideo

312 4298 615 4365 madefcci,
653 4314 723 4353 ne
753 4312 858 4368 ego
891 4314 1124 4368 quoque
1157 4302 1210 4351 te
1240 4312 1565 4367 gravarem.

968 4421 1197 4477 CAPUT
1237 4422 1356 4477 XII.

316 4514 432 4571 Vile
482 4511 693 4568 abbatis
751 4513 1026 4567 Ammonii
1090 4512 1214 4638 (3ft),
1267 4519 1319 4566 et
1365 4514 1617 4580 fratrum
1671 4509 1838 4567 simul
1895 4526 2015 4566 cum

1005 4600 1179 4638 soror:
1220 4600 1303 4638 us.

1005 4600 1303 4639 δονοντυιιε.

2111 1916 2285 1989 ptatis
2316 1915 2642 1972 carunculas
2674 1916 3016 1971 insurrectio
3040 1916 3164 1984 ejus
3195 1930 3408 1985 corpus
3438 1913 3671 1979 invasit,
3694 1928 3829 1968 cor-

2111 2005 2234 2076 pori
2278 2021 2383 2060 suo
2414 2004 2697 2076 pepercit;
2733 2005 2833 2060 sed
2868 2006 3080 2059 ferrum
3111 2003 3367 2058 candens
3389 2002 3515 2058 suis
3538 2000 3824 2057 membris

2111 2094 2461 2159 admovebat,
2496 2094 2637 2148 adeo
2672 2101 2727 2147 ut
2759 2098 2911 2149 esset
2940 2097 3094 2148 totus
3122 2091 3435 2148 ulceratus.
3468 2090 3608 2162 Ejus
3628 2096 3828 2147 autem

2112 2200 2317 2241 mensa
2348 2183 2482 2238 talis
2514 2183 2620 2238 fuit
2643 2200 2671 2237 a
2698 2184 3005 2253 juventute
3037 2198 3222 2254 usque
3254 2185 3320 2238 ad
3357 2188 3626 2249 mortem,
3663 2182 3818 2253 quod

2112 2276 2305 2330 crudis
2364 2274 2579 2329 scilicet
2623 2281 2985 2342 vescerctur;
3035 2273 3181 2328 nihil
3212 2272 3365 2330 enim
3418 2288 3677 2345 unquam
3715 2288 3823 2329 co-

2113 2365 2381 2420 medebat
2407 2365 2555 2435 quod
2589 2364 2709 2435 igni
2744 2364 2943 2418 fuisset
2977 2365 3297 2431 admotum,
3334 2370 3541 2435 praeter
3576 2378 3810 2434 panem.

2113 2454 2289 2510 Vetus
2336 2459 2527 2508 autem
2571 2460 2629 2507 et
2669 2457 2891 2508 Novum
2932 2452 3373 2508 Testamentum
3420 2451 3647 2508 dicebat
3683 2467 3812 2506 me-

2114 2541 2528 2613 moriter(3‘2);
2580 2552 2632 2597 et
2664 2541 2721 2595 in
2777 2541 3081 2596 doctorum
3141 2541 3393 2596 virorum
3444 2539 3701 2613 Origenis
3751 2542 3809 2595 et

2116 2633 2363 2703 Didymi,
2411 2641 2463 2685 et
2511 2629 2678 2684 Pierii
2728 2636 2784 2685 et
2822 2630 3102 2702 Stephani
3143 2631 3371 2701 scriptis
3418 2628 3493 2683 ita
3523 2636 3643 2683 erat
3675 2643 3803 2683 ver-

2114 2731 2294 2789 salus,
2330 2725 2387 2775 ut
2424 2724 2684 2789 sexagies
2732 2726 2970 2775 centena
3018 2718 3203 2773 millia
3257 2733 3510 2774 versuum
3561 2733 3807 2788 percuro

2116 2812 2274 2874 rerit,
2310 2819 2369 2864 ut
2426 2810 2494 2863 de
2548 2826 2614 2864 eo
2659 2810 2847 2863 ferunt
2890 2810 3293 2864 testimonium
3346 2806 3532 2877 magni
3575 2822 3810 2878 quoque

2114 2901 2313 2955 Patres
2354 2900 2414 2954 in
2461 2898 2793 2953 solitudine.
2847 2897 3034 2967 Hujus
3083 2904 3273 2953 autem
3326 2896 3593 2952 feruntur
3638 2898 3813 2950 etiam

2117 2989 2451 3061 prephetiae.
2505 2989 2754 3043 Tantum
2817 2994 3010 3042 autem
3056 2985 3283 3043 valebat
3334 2988 3393 3041 in
3446 2984 3810 3041 consolandis

2118 3078 2390 3134 fratribus
2442 3078 2543 3151 qui
2588 3082 2751 3133 erant
2807 3078 2867 3131 in
2918 3077 3257 3144 solitudine,
3301 3082 3595 3147 quantum
3630 3073 3810 3130 nullus

2117 3171 2291 3225 alius.

2193 3259 2307 3315 ΙΙοο
2337 3258 2388 3314 ei
2418 3274 2523 3314 suo
2572 3257 2838 3327 suti‘ragio
2868 3255 3156 3313 tribuebat
3205 3254 3506 3327 Evagrius,
3552 3256 3651 3328 qui
3701 3258 3819 3311 erat

2119 3348 2206 3405 vir
2235 3348 2606 3404 discernendi
2640 3348 2692 3400 vi
2728 3344 3023 3417 praeditus,
3057 3360 3118 3401 se
3151 3344 3377 3400 nullum
3410 3346 3714 3401 hominem
3750 3346 3821 3399 vi-

2122 3440 2273 3495 disse
2305 3441 2400 3509 qui
2449 3446 2599 3495 esset
2640 3436 2825 3508 magis
2856 3437 3199 3507 impatibilis
3223 3436 3358 3506 (33),
3393 3441 3451 3491 et
3481 3435 3709 3492 alienus
3751 3435 3818 3490 ab

2122 3531 2393 3585 omnibus
2427 3526 2606 3583 animi
2640 3526 3174 3598 perturbationibus
3207 3524 3577 3598 (Cautclege).

2198 3618 2320 3690 [llic
2362 3620 2515 3674 idem
2567 3618 2978 3672 sanctissimus
3016 3632 3148 3672 cum
3196 3632 3228 3671 a
3270 3616 3504 3672 Rulfino
3553 3616 3819 3689 temporis

2124 3709 2284 3765 illius
2327 3710 2594 3780 praefecto
2626 3706 2880 3777 praetorii
2914 3704 3226 3777 multiplici
3261 3705 3689 3777 supplicatione
3733 3722 3820 3761 ro-

2126 3805 2298 3871 gatus
2348 3798 2572 3863 fuisset,
2624 3806 2689 3855 ut
2738 3816 2950 3872 magno
3000 3798 3099 3855 illo
3150 3799 3456 3855 Ammonio
3503 3796 3823 3852 Constanti-

2128 3888 2384 3961 n0polim
2429 3890 2499 3943 ob
2544 3891 2900 3945 necessarias
2940 3888 3115 3945 eremi
3168 3888 3426 3944 actiones
3464 3887 3819 3955 adveniente,

2127 3981 2252 4051 ipse
2280 3995 2510 4051 quoque
2541 3980 2879 4049 dignaretur
2921 3979 3137 4046 venire,
3185 3978 3559 4033 vehementer
3585 3978 3641 4031 id
3694 3993 3821 4049 pre-

2129 4071 2397 4125 cantibus
2431 4070 2649 4124 sanctis
2681 4070 3039 4126 diversarum
3068 4068 3492 4138 provinciarum
3515 4067 3818 4138 episcopis,

2129 4159 2373 4228 allisque
2404 4175 2579 4229 quam
2606 4158 2870 4230 pluribus
2894 4159 3145 4214 eremitis
3171 4157 3293 4230 (qui
3315 4157 3387 4213 ad
3409 4158 3816 4213 dedicationem

2130 4249 2402 4317 basilicae,
2455 4267 2630 4321 quam
2667 4251 2788 4320 ipse
2827 4250 3185 4315 condiderat,
3227 4247 3655 4318 convenerant),
3710 4262 3818 4301 mc-

2131 4346 2422 4395 moratum
2458 4340 2754 4395 Rul‘finum
2800 4340 3048 4413 propriis
3080 4341 3350 4395 manibus
3377 4340 3629 4411 suscepit
3658 4353 3812 4393 sacro

2128 4431 2281 4486 fonte
2315 4435 2676 4487 munitatum.
2721 4432 2903 4496 Quem
2951 4446 3069 4487 suae
3118 4430 3570 4487 conversationis
3618 4431 3814 4482 merito

2129 4522 2447 4592 plurimum
2489 4529 2797 4576 veneratus
2834 4527 2942 4587 est,
2994 4529 3199 4577 sancto
3239 4520 3533 4576 Atnmonio
3578 4515 3811 4588 cupiens

2128 4612 2187 4665 in
2243 4611 2514 4666 omnibus
2561 4611 2846 4666 obedire:
2901 4610 2999 4681 qui
3050 4609 3223 4682 paulo
3269 4617 3401 4682 post
3448 4606 3705 4664 dormivit
3753 4608 3806 4661 in

380 4693 750 4762 Ammonius,
799 4693 895 4765 qui
931 4693 1038 4749 fuit
1076 4693 1269 4763 magni
1302 4692 1517 4748 Pambo
1552 4692 1897 4764 discipulus,
1931 4691 2009 4747 si-

2135 4700 2386 4768 Domino,
2436 4699 2815 4771 sepultusque
2845 4705 2933 4756 est
2967 4700 3023 4754 in
3068 4700 3306 4756 basilica
3349 4715 3480 4770 quas
3506 4694 3813 4770 appellatur

311 4786 429 4839 mul
462 4802 593 4839 cum
628 4786 815 4838 tribus
848 4784 1124 4838 fratribus
1156 4788 1210 4838 et
1244 4782 1467 4837 duabus
1515 4781 1833 4849 sororibus,
1881 4796 2012 4835 cum

311 4876 707 4944 pervenissent
734 4875 801 4926 ad
838 4890 1136 4927 summum
1172 4873 1405 4944 pietatis
1442 4888 1507 4927 ac
1553 4872 1868 4942 religionis,
1919 4886 2016 4926 ve-

313 4967 527 5018 nerunt
578 4964 634 5015 in
663 4962 1061 5030 solitudinem,
1108 4968 1164 5017 et
1205 4978 1465 5018 seorsum
1499 4961 1751 5017 fecerunt
1786 4966 2015 5015 utrum-

312 5067 423 5121 que
460 5050 903 5114 monasterium,
936 5052 1188 5107 virorum
1222 5052 1444 5107 scilicet
1474 5056 1530 5107 et
1575 5051 1913 5119 mulierum,
1938 5052 2017 5105 ita

310 5146 377 5197 ut
410 5140 553 5196 satis
587 5155 867 5209 magnum
901 5138 1283 5197 intercederet
1308 5142 1587 5213 spatium.
1614 5140 1899 5203 Quoniam
1924 5155 2017 5192 au-

308 5241 427 5289 tem
460 5232 771 5303 insigniter
797 5230 1007 5283 doctus
1036 5237 1158 5284 erat
1203 5234 1453 5286 virorum
1496 5232 1749 5299 Optimus
1781 5232 2019 5284 Ammo-

311 5326 468 5385 nius,
505 5324 770 5395 qumdam
807 5320 1010 5375 civitas
1043 5322 1389 5375 desideravit
1412 5338 1541 5376 eum
1565 5320 1777 5375 habere
1800 5322 2019 5391 episco-

310 5432 469 5486 pum.
506 5416 611 5480 Qui
659 5428 790 5468 cum
842 5410 1221 5464 accessissent
1252 5413 1321 5465 ad
1375 5414 1601 5466 beatum
1648 5412 2014 5466 Timotheum

309 5504 670 5573 episcopum,
707 5510 982 5575 rogarunt
1004 5517 1137 5554 eum
1164 5506 1226 5553 ut
1251 5501 1333 5554 eis
1358 5503 1693 5570 episcopum
1720 5502 2020 5555 ordinaret

306 5595 703 5648 Ammonium.
741 5594 837 5647 [lle
869 5606 1061 5648 autem
1090 5591 1275 5644 dicit:
1314 5591 1589 5644 Addacite
1622 5608 1749 5645 eum
1784 5593 1854 5644 ad
1904 5607 2013 5658 me,

307 5680 362 5743 et
392 5700 496 5757 ego
524 5700 658 5739 eum
684 5688 845 5739 vobis
869 5686 1172 5740 ordinabo.
1198 5684 1340 5738 Cum
1368 5698 1504 5753 ergo
1527 5699 1659 5737 cum
1686 5698 1898 5750 magno
1923 5699 2019 5737 au-

306 5778 442 5832 xilio
469 5775 711 5831 ivisseut
735 5777 802 5829 ad
828 5792 951 5831 eum
976 5775 1615 5847 comprehendendum,
1640 5775 1688 5829 is
1707 5788 2021 5828 conversus

308 5879 399 5929 est
428 5874 487 5929 in
519 5874 738 5945 fugam.
782 5874 927 5931 Cum
958 5874 1198 5931 vidisset
1227 5883 1418 5930 autem
1453 5888 1515 5929 se
1538 5872 1663 5943 jam
1701 5886 1830 5928 esse
1859 5886 2018 5928 com-

309 5962 691 6033 prehensum,
724 5968 887 6019 stans
917 5978 1014 6019 eos
1042 5965 1299 6037 rogabat.
1333 5964 1476 6020 Cum
1506 5962 1545 6017 ii
1569 5966 1759 6019 autem
1789 5978 1900 6019 non
1925 5977 2022 6034 pa-

310 6048 768 6118 rerent,juravit
815 6064 988 6105 senex
1020 6065 1079 6106 se
1130 6066 1249 6107 rem
1297 6067 1412 6108 non
1464 6049 1779 6121 suscipere,
1832 6063 2020 6118 neque

2126 4791 2492 4859 Rul‘ﬁniana;
2528 4790 2587 4845 in
2617 4793 2790 4861 cujus
2823 4790 3088 4861 sepulcro
3116 4791 3304 4846 curari
3338 4791 3602 4845 feruntur
3632 4785 3807 4843 cuncti

2120 4881 2370 4937 diversis
2410 4880 2669 4936 febribus
2700 4881 3049 4936 laborantes.
3106 4884 3193 4935 Ea:
3222 4878 3528 4947 Heraclide,
3576 4894 3690 4950 cap.
3736 4873 3803 4947 2.]

2766 4968 2997 5025 CAPUT
3037 4969 3188 5025 XIII.

2565 5061 2656 5116 Vit
2684 5058 2906 5115 abbatis
2939 5059 3233 5128 Beniamin
3266 5060 3392 5133 (31).

2196 5150 2257 5208 In
2281 5151 2389 5207 hoc
2424 5155 2617 5205 monte
2655 5150 2853 5207 Nitriae
2901 5150 3009 5204 fuit
3055 5151 3139 5204 vir
3178 5148 3563 5217 admirabilis,
3597 5150 3690 5221 qui
3722 5163 3811 5203 voo

2125 5244 2362 5298 cabatur
2396 5240 2717 5311 Benjamin,
2753 5240 2851 5311 qui
2887 5245 3039 5295 recte
3068 5245 3124 5295 et
3153 5256 3224 5295 ex
3255 5242 3463 5295 virtute
3502 5241 3675 5295 vitam
3706 5239 3809 5311 egit

2126 5334 2295 5387 annis
2326 5340 2636 5400 octoginta.
2671 5330 2774 5392 Qui
2809 5346 2942 5385 cum
2976 5345 3202 5384 summe
3229 5330 3501 5384 virtutem
3534 5328 3811 5383 exercuis-

2127 5427 2233 5487 set,
2268 5422 2539 5491 dignatus
2573 5419 2679 5472 fuit
2710 5420 2894 5485 gratia
2925 5420 3311 5481 curationum,
3345 5419 3488 5472 adeo
3510 5418 3805 5473 utcuicun-

2126 5529 2234 5580 que
2269 5528 2475 5565 manus
2513 5510 2909 5576 imposuisset,
2942 5516 3041 5564 aut
3063 5511 3212 5578 quod
3240 5508 3611 5563 benedixerat
3633 5506 3806 5560 oleum

2127 5602 2402 5667 dedisset,
2436 5601 2530 5671 qui
2563 5599 2861 5655 laborabat.
2895 5600 3239 5654 liberaretur
3268 5600 3342 5652 ab
3392 5597 3549 5652 omni
3596 5595 3811 5669 aegritu-

2128 5691 2283 5745 dine.
2320 5689 2419 5743 lIic
2452 5688 2548 5759 qui
2586 5693 2745 5741 tanta
2774 5689 2963 5758 gratia
2983 5690 3193 5758 dignus
3218 5688 3404 5742 fuerat
3427 5686 3674 5751 habitus,
3696 5691 3811 5738 octo

2128 5779 2428 5834 mensibus
2458 5782 2591 5833 ante
2637 5776 2863 5831 obitum
2904 5777 3007 5831 fuit
3054 5776 3429 5848 hydropicus,
3460 5783 3514 5831 et
3545 5776 3671 5845 ejus
3697 5789 3814 5829 cor-

2126 5885 2238 5941 pus
2268 5884 2454 5939 usque
2484 5872 2623 5923 adeo
2655 5867 2957 5935 intumuit,
2991 5870 3053 5921 ut
3084 5872 3315 5939 propter
3344 5864 3575 5922 dolores
3606 5862 3810 5920 inveni-

2126 5967 2280 6015 retur
2309 5956 2459 6013 alius
2502 5956 2612 6013 Job
2654 5955 2838 6013 nostri
2868 5954 3164 6028 temporis.
3197 5954 3343 6011 Cum
3374 5970 3481 6013 nos
3512 5959 3698 6011 autem
3725 5966 3814 6009 as-

2129 6045 2476 6119 sumpsisset
2507 6045 2815 6104 Dioscorus
2843 6045 3172 6119 episcopus,
3204 6043 3307 6121 qui
3342 6048 3487 6104 tunc
3517 6047 3641 6104 erat
3667 6056 3813 6118 pras-
