4076 6280
365 351 522 413 1035

1888 335 2246 398 PALLADII

3614 339 3773 403 1036

367 483 525 561 ὅρους
572 486 671 551 τῆς
717 478 968 556 Νιτρίας,
1016 474 1113 550 ἐμέ
1159 496 1215 532 τε
1263 472 1351 531 καὶ
1402 469 1491 529 τὸν
1546 473 1807 547 μακάριον
1856 469 2011 561 Ἐὐά-
2040 475 2092 541 Α
2123 470 2246 561 τρὸς
2298 472 2456 543 ἡμῶν
2514 469 2887 561 κερδήσωμεν,
2940 469 3028 528 καὶ
3076 472 3173 535 τὰς
3228 473 3413 550 ψυχὰς
3470 475 3633 550 ἡμῶν
3688 478 3775 549 μὴ

1056 571 1233 632 Δεῦτε,
1292 564 1520 639 βλέπετε
1575 561 1691 619 νέον
1750 556 1899 627 Ἰὼϐ,
1960 559 2011 614 ἐν

1778 651 2010 724 ἄμετρον

367 593 548 650 γριον,
601 570 748 645 λέγει
808 573 944 644 ἡμῖν
980 588 991 601 ·

366 662 603 734 τοιούτῳ
659 660 813 737 ὄγκῳ
899 659 1173 731 σώματος,
1241 656 1397 710 πάθει
1477 653 1699 726 ἀνιάτω,

367 751 707 823 κεκτημένον
764 747 1133 823 εύχαρξστίαν.
1195 743 1549 805 ’Δπελθόντες
1628 740 1719 797 οῦν
1793 742 2011 796 ἐθεασά-

372 843 510 915 μεθα
563 842 823 895 τοσοῦτον
880 832 1038 912 ὄγκον
1097 838 1193 889 τοῦ
1250 833 1503 905 σώματος
1562 832 1751 895 αὐτοῦ,
1798 832 1874 891 ὡς
1935 831 2009 901 μὴ

369 928 621 985 δύνασθαι
678 932 771 983 τὸν
834 928 1023 999 μικρὸν
1104 920 1369 979 δάκτυλον
1428 928 1528 985 τῆς
1587 921 1771 995 χειρὸς
1849 918 2013 974 αὐτου

370 1012 797 1093 περιλαμϐάνειν
860 1018 979 1078 ταῖς
1036 1012 1131 1068 δύο
1180 1012 1338 1087 χερσὶ
1390 1016 1497 1066 τῶν
1545 1007 1871 1065 διακτύλων.
1921 1010 2009 1077 Μὴ

372 1103 661 1179 δυνάμενοι
692 1102 749 1161 δὶ
797 1106 960 1177 ἡμεῖς
1005 1100 1320 1170 ἐνατενίζειν
1347 1103 1415 1172 τῇ
1458 1103 1555 1154 τοῦ
1604 1100 1808 1159 πάθους
1850 1093 2016 1152 δεινό·

376 1217 525 1266 τητι,
566 1194 693 1257 τοὺς
741 1191 1061 1273 ὀφθαλμοὺς
1110 1194 1271 1263 ἡμῶν
1320 1189 1411 1244 ἀπ’
1460 1190 1632 1243 αὐτῶν
1683 1186 2013 1259 ἀπεστρέφο-

371 1305 488 1359 μεν.
521 1284 651 1341 Τότε
702 1282 852 1359 λέγει
883 1285 1017 1353 ἡμῖν
1053 1281 1079 1335 ὁ
1134 1281 1396 1354 μακάριος
1426 1277 1629 1340 ἐκεῖνος
1683 1276 1958 1349 Βενιαμείν
1994 1292 2010 1311 ο

369 1370 630 1443 Εὕξασθε,
662 1369 954 1441 τέκνα,’ίνα
987 1371 1063 1443 μή
1102 1390 1205 1441 μου
1236 1369 1265 1422 6
1296 1366 1488 1423 ἔσωθεν
1522 1366 1807 1441 ἄνθρωπος
1842 1364 2010 1440 ὑδρω-

372 1462 559 1534 πιάσῃ.
620 1464 788 1517 Τοῦτο
850 1459 953 1534 γὰρ
1008 1459 1070 1513 τὸ
1128 1462 1287 1530 σῶμα
1361 1454 1483 1512 οὔτε
1544 1476 1609 1528 με
1677 1456 2013 1510 εὐπαθοῦντα

373 1546 596 1621 ὤνησεν,
648 1546 772 1604 οὔτε
828 1546 1203 1602 δυσπαθοῦντα
1251 1541 1619 1621 παρέϐλαψεν.
1678 1545 1812 1607 Τοὺς
1869 1544 2012 1599 ὀκτὼ

373 1640 467 1697 οῦν
518 1644 691 1712 μῆνας
752 1637 989 1699 ἐκείνους
1044 1634 1233 1713 δίφρος
1280 1636 1425 1707 αὐτῷ
1479 1624 1823 1695 πλατύτατος
1870 1633 2013 1708 γέγοσ

364 1750 472 1800 νεν,
522 1728 575 1784 ἐν
626 1729 672 1800 ᾧ
718 1722 1083 1788 ἀδιαλείπτως
1140 1722 1440 1795 ἐκαθέζετο,
1494 1722 1686 1797 μηκέτι
1750 1724 1799 1778 ἐν
1851 1724 2013 1796 κλίνῃ

2116 558 2499 632 ἀπολέσωμεν.
2551 562 2775 636 Ἥρεσεν
2826 560 2918 616 οῦν
2969 562 3301 639 ἀμφοτέροις
3348 566 3377 619 6
3427 566 3630 627 σκοπὸς
3670 570 3778 623 τοῦ

2121 652 2395 722 μονήρους
2430 652 2571 726 βίου.
2608 652 2913 726 Εὒρέθησαν
2965 651 3058 707 οῦν
3090 650 3262 717 ἄλλος
3307 656 3426 709 κατ’
3455 652 3597 710 ἄλλο
3646 653 3780 711 δια-

2118 744 2437 817 φωνοῦντες.
2497 742 2866 814 Μερισάμενοι
2928 739 2985 797 δὶ
3058 742 3125 797 τὰ
3200 745 3485 817 χρήματα,
3543 745 3631 799 καὶ
3699 746 3781 800 τὰ

2117 828 2292 885 λοιπά
2338 830 2535 899 πάντα,
2577 835 2673 884 τοῦ
2725 832 2821 902 μὲν
2869 836 3077 887 σκοποῦ
3126 830 3348 911 εἴχοντο
3394 830 3618 896 ἕκαστος
3667 840 3779 891 τοῦ

2118 915 2303 991 ἀρέσαι
2354 924 2490 990 Θεῷ,
2542 917 2933 996 ἐνηλλαγμένῃ
2990 918 3047 974 δὶ
3104 926 3173 994 τῇ
3231 921 3507 993 πολιτείᾳ.
3557 925 3614 980 Ὀ
3668 926 3774 996 μὲν

2116 1006 2216 1080 γὰρ
2271 1007 2441 1061 πάντα
2498 1004 2892 1084 διασκορπίσας
2962 1005 3163 1065 ἔδωκεν
3242 1010 3623 1084 ἂσκητηρίοις,
3674 1013 3775 1067 καὶ

2123 1094 2459 1166 ἐκκλησίαις,
2519 1098 2610 1151 καὶ
2670 1095 2941 1173 φυλακαῖς
2977 1117 2991 1132 ·
3052 1098 3144 1153 καὶ
3198 1098 3509 1175 τεχνίδριον
3567 1098 3773 1173 ἔμαθεν

2119 1186 2238 1239 ὅθεν
2262 1188 2353 1241 τὸν
2386 1183 2548 1259 ἄρτον
2579 1187 2901 1262 πορίσηται,
2934 1188 3023 1243 καὶ
3055 1193 3122 1261 τῇ
3163 1188 3391 1260 ἀσκήσει
3441 1191 3773 1267 προσέσχεν,

2120 1275 2207 1328 καὶ
2251 1278 2319 1347 τῇ
2370 1279 2675 1351 προσευχῇ.
2734 1276 2789 1330 Ὀ
2838 1274 2895 1332 δὲ
2939 1274 3125 1351 ἕτερος
3167 1276 3366 1334 τούτου
3427 1276 3594 1353 μηδὲν
3645 1277 3772 1335 δια-

2120 1362 2437 1437 σκορπίσας,
2497 1362 2644 1419 ἀλλᾶ
2699 1366 2934 1435 ποιήσας
3000 1366 3173 1439 ἑαυτῷ
3232 1370 3616 1442 μοναστήριον,
3675 1371 3776 1425 καί

2120 1448 2571 1528 προσλαϐόμενος
2623 1451 2893 1531 ἀδελφοὺς
2946 1454 3195 1529 ὀλίγους,
3246 1457 3420 1512 πάντα
3468 1457 3606 1531 ξένον
3658 1456 3777 1515 ἐδε-

2116 1545 2345 1612 ξιοῦντο,
2378 1545 2550 1597 πάννα
2600 1541 2879 1619 ἄρῥωστον
2931 1544 3272 1620 ἐθεράπευεν,
3321 1547 3489 1603 πάντα
3538 1548 3776 1622 γέροντα

2116 1633 2473 1705 περιεκράτει,
2523 1633 2685 1688 παντὶ
2734 1636 2922 1703 πένητι
2973 1640 3234 1711 παρεῖχεν
3282 1637 3418 1692 κατά
3480 1633 3767 1694 Σάϐϐατον

2116 1722 2206 1777 καὶ
2266 1723 2536 1797 Κυριακὴν
2594 1728 2740 1797 τρεῖς
2799 1724 2833 1793 ἢ
2893 1723 3152 1799 τέσσαρας
3208 1724 3477 1798 τραπέζας
3544 1727 3706 1781 ἱστῶν
3748 1746 3767 1762 ο

373 1822 658 1876 ἀναπεσεῖν
721 1815 1037 1889 δυνάμενος,
1096 1813 1185 1871 διὰ
1243 1815 1339 1877 τὰς
1400 1814 1593 1876 λοιπάς
1654 1813 1839 1887 χρείας
1916 1813 2239 1914 τοῦΒτυὺς
2290 1813 2649 1883 λειπομένους
2705 1810 3003 1885 ἐδεξιοῦτο.
3054 1812 3243 1887 Τούτῳ
3291 1819 3372 1886 τῷ
3432 1817 3618 1890 τρόπῳ
3666 1818 3766 1872 τὸν

367 1910 641 1983 σώματος.
677 1908 777 1965 Καὶ
823 1905 875 1962 ἐν
908 1904 1085 1979 τούτῳ
1135 1903 1210 1961 ὢν
1239 1904 1320 1979 τῷ
1367 1904 1569 1977 ἀνιάτῳ
1600 1904 1754 1959 πάθει
1806 1901 2011 1965 ἀλλους

368 2001 491 2055 ἱᾶτο
520 1997 646 2061 τοὺς
679 1998 730 2052 iv
760 1994 1114 2067 οῖοισδήποτε
1143 1994 1238 2051 οῦν
1273 1997 1549 2069 νοσήμασι
1582 1998 2008 2071 κατεχομένους.

365 2090 681 2165 ’Δναγκαῖον
712 2088 895 2143 τοίνυν
925 2087 1222 2161 ἡγησάμην
1276 2085 1639 2160 ἐξηγήσασθαι
1668 2085 1863 2139 τούτου
1912 2086 2011 2139 τοῦ

366 2176 526 2252 ἁγίου
568 2176 631 2232 τὸ
661 2176 854 2242 πάθος,
884 2173 978 2230 ’ίνα
1011 2176 1086 2247 μή
1134 2175 1469 2247 ξενιζώμεθα
1498 2176 1621 2229 ὅταν
1665 2194 1717 2227 τι
1758 2193 2009 2247 περιστα-

365 2266 513 2322 τικόν
572 2262 801 2329 δικαίοις
858 2261 1078 2338 ἀνδράσι
1136 2258 1429 2337 συμϐαίνῃ.
1478 2262 1909 2333 Τελευτήσαντος
1956 2260 2013 2317 δὲ

363 2358 461 2411 τοῦ
491 2354 732 2431 γενναίου
783 2352 1011 2417 ἐκείνου.
1042 2353 1109 2409 τὰ
1157 2352 1293 2430 φλία
1322 2360 1423 2422 τῆς
1472 2352 1637 2425 θύρας
1675 2352 1889 2423 ἐπήρθη
1922 2350 2011 2406 καὶ

366 2447 420 2500 αἱ
450 2440 807 2518 παραστάδες,
837 2440 935 2497 ’ίνα
984 2440 1189 2516 δυνηθῇ
1220 2443 1282 2498 τὸ
1334 2447 1494 2515 σῶμα
1544 2440 1885 2517 ἐξενεχθῆναι
1915 2448 2013 2510 τῆς

366 2530 596 2601 κέλλης.
629 2535 891 2593 Τοσοῦτος
920 2533 985 2601 ἦν
1020 2533 1048 2587 6
1075 2532 1238 2607 ὄγκος
1282 2536 1378 2587 τοῦ
1411 2533 1665 2604 σώματος
1695 2536 1793 2587 τοῦ
1847 2551 2015 2603 μακα-

370 2622 488 2693 ρίου
516 2623 602 2676 καὶ
636 2619 891 2693 ἀοιδίμου
924 2623 1162 2694 Πατέρος
1193 2623 1496 2695 Βενιαμείν.

994 2715 1247 2766 ΚΕΦΑΛ.
1288 2712 1392 2766 ΙΔ¹.

905 2798 1034 2873 Περὶ
1064 2798 1477 2856 Ἀπολλωνίου.

442 2886 823 2951 ’Δπολλώνιός
852 2908 935 2949 τις
966 2886 1201 2962 ὀνόματι
1234 2889 1341 2944 ἀπὸ
1390 2892 1847 2965 πραγματευτῶν,
1881 2890 2016 2943 ἀπο-

371 2978 673 3052 ταξάμενος
716 2978 806 3033 καὶ
853 2977 1080 3049 οἰκησάς
1124 2979 1189 3033 τὸ
1239 2974 1371 3053 ὅρος
1418 2985 1519 3047 τῆς
1576 2978 1822 3052 Νιτρίας,
1878 2980 2019 3051 μήτε

371 3070 572 3144 τέχνην
612 3068 674 3124 τὸ
706 3066 899 3124 λοιπὸν
951 3069 1139 3141 μαθεῖν
1174 3064 1493 3141 δυνάμενος,
1531 3069 1668 3141 μήτε
1716 3066 1805 3124 ἐπὶ
1851 3068 2017 3139 ἀσκη-

375 3178 456 3214 σιν
532 3158 829 3238 γραφικήν,
904 3161 983 3230 τῷ
1066 3152 1502 3233 παραϐεϐηκέναι
1588 3159 1687 3228 τὴν
1769 3157 2015 3227 ἡλικίαν,

2120 1902 2310 1958 ἑαυτοῦ
2372 1900 2488 1974 βίον
2541 1900 2951 1969 κατηνάλωσεν.
3004 1902 3223 1959 Τούτων
3284 1902 3377 1959 οῦν
3440 1907 3768 1983 ἀμφοτέρων

2116 1989 2579 2062 τελευτησάντων,
2631 1988 2883 2067 διάφοροι
2941 1994 3278 2068 μακαρισμοὶ
3327 1994 3593 2071 ἐκατέρων
3645 1996 3773 2070 ἐγέ-

2116 2102 2267 2136 νοντο
2331 2082 2475 2154 παρά
2530 2084 2637 2135 τῶν
2696 2076 2971 2154 ἀδελφῶν,
3023 2082 3097 2143 ὡς
3158 2083 3482 2160 ἀμφοτέρων
3538 2086 3768 2141 τελείων

2120 2169 2171 2226 ἒν
2226 2170 2390 2245 ἀρετῇ
2438 2170 2783 2243 εὑρεθέντων.
2839 2172 2936 2227 Καὶ
2982 2176 3099 2233 τοῖς
3152 2174 3244 2241 μὶν
3302 2174 3525 2247 ἤρεσκεν
3586 2176 3613 2231 6
3669 2181 3770 2232 τοῦ

2121 2262 2255 2331 ἅπαξ
2296 2258 2700 2332 ἀποταξαμένω
2753 2259 2895 2331 βίος,
2925 2266 3042 2323 τοῖς
3092 2259 3149 2317 δὲ
3179 2264 3207 2317 6
3258 2266 3583 2327 κοινωνικὸς
3629 2267 3767 2340 πρὸς

2121 2352 2321 2410 πάντας
2370 2350 2495 2410 τοὺς
2543 2346 2850 2422 δεομένους.
2882 2350 3233 2415 Φιλονεικίας
3285 2350 3376 2407 οῦν
3420 2353 3764 2427 ἐμπεσούσης

2122 2439 2208 2496 ἐπὶ
2258 2442 2325 2513 τῇ
2375 2436 2620 2516 διαφόρῳ
2666 2437 2919 2511 πολιτείᾳ
2962 2440 3171 2497 τούτων
3217 2447 3324 2498 τῶν
3377 2444 3661 2519 μακαρίων
3689 2449 3761 2519 τῇ

2120 2528 2478 2607 ἀδελφότητι,
2536 2526 2777 2601 μάλιστα
2834 2528 2920 2583 ἐπὶ
2978 2535 3093 2593 τοῖς
3152 2528 3438 2611 διαφόροις
3495 2532 3767 2605 ἐπαίνοις,

2125 2619 2456 2693 ἀπέρχονται
2510 2617 2647 2691 πρὸς
2695 2618 2785 2672 τὸν
2849 2620 3112 2694 μακάριον
3164 2620 3256 2676 καὶ
3315 2622 3470 2697 ἅγιον
3525 2618 3758 2695 Παμϐὼ,

2127 2707 2218 2763 καί
2273 2704 2606 2763 ἀνατίθενται
2665 2706 2816 2778 αύτῷ
2872 2710 2969 2779 τήν
3027 2709 3152 2785 περὶ
3207 2709 3415 2767 τούτων
3469 2712 3758 2785 ἐπίκρισιν,

2127 2797 2397 2869 ἀξιοῦντες
2445 2796 2627 2868 μαθεῖν
2682 2797 2807 2871 παρ’
2857 2796 3021 2853 αὐτοῦ
3067 2800 3167 2868 τὴν
3208 2798 3407 2872 ἀμείνω
3456 2798 3752 2859 πολιτείαν.

2126 2891 2182 2940 Ὁ
2214 2884 2270 2940 δε
2301 2880 2451 2960 λέγει
2480 2885 2663 2946 αὐτοῖς
2689 2927 2703 2942 .
2735 2886 3064 2963 Ἀμφότεροι
3102 2888 3308 2945 τέλειοί
3357 2889 3456 2944 εἱσι
3486 2890 3618 2963 πρὸς
3665 2890 3760 2945 τὸν

2127 2973 2341 3049 Κύριον.
2402 2979 2457 3030 '0
2518 2974 2610 3047 μέν
2661 2974 2765 3049 γὰρ
2824 2971 3185 3049 ’Δὸραμιαῖον
3247 2978 3543 3051 ἐξετέλεσεν
3604 2977 3763 3055 ἔργον

2125 3062 2466 3136 δεξιούμενος
2496 3064 2698 3127 πάντας
2732 3083 2743 3095 ·
2774 3065 2801 3119 6
2834 3062 2890 3119 δὲ
2927 3069 3022 3121 τοῦ
3055 3070 3337 3144 προφήτου
3371 3067 3566 3126 Ἠλίου
3605 3069 3669 3124 τὸ
3714 3070 3768 3125 ἀ-

2123 3154 2333 3226 καμπὲς
2362 3156 2458 3208 τοῦ
2492 3153 2663 3223 ζήλου
2693 3159 2793 3222 τῆς
2825 3155 2959 3229 πρὸς
2989 3157 3116 3212 Θεὸν
3148 3157 3549 3229 εὐαρεστήσεως
3593 3157 3768 3215 ἐνεδὲ-

377 3249 543 3318 ζήσας
598 3229 663 3302 ἐν·
709 3250 787 3318 τῷ
841 3242 956 3320 ὄρει
1014 3244 1191 3303 ε’ίκοσι
1249 3245 1365 3318 ἔτη,
1426 3246 1626 3318 ταύτην
1694 3243 1851 3327 ἔσχεν
1910 3248 2010 3313 τήν
2044 3229 2085 3296 C
2124 3244 2268 3314 ξατο.
2303 3243 2403 3300 Καὶ
2434 3247 2540 3297 τῶν
2595 3243 2687 3316 μὲν
2735 3242 3034 3321 λεγόντων,
3065 3251 3184 3304 Τῶν
3235 3244 3417 3303 ποδῶν
3454 3269 3550 3303 σου
3591 3250 3765 3305 ἀπτό-

372 3330 621 3401 ἅσκησιν.
664 3333 759 3388 Ἐκ
802 3338 911 3388 τῶν
954 3330 1106 3388 ἰδίων
1156 3334 1463 3410 χρημάτων
1502 3334 1593 3389 καὶ
1640 3336 1747 3388 τῶν
1800 3333 2015 3388 οἰκείων

375 3421 556 3476 πόνων
601 3425 834 3475 παντοῖα
882 3420 1098 3494 ἰατρικά
1144 3423 1235 3477 καὶ
1282 3421 1587 3496 κελλαρικά
1636 3421 1916 3497 ἀγοράζων
1962 3420 2012 3477 ἐν

375 3510 446 3572 τῇ
478 3505 871 3579 ’Δλεξανδρείφ
902 3509 1046 3582 πάσῃ
1095 3514 1164 3582 τῇ
1199 3507 1527 3586 ἀδελφότήτι
1577 3510 1655 3573 εἷς
1683 3512 1779 3573 τὰς
1822 3513 2013 3574 νόσους

378 3595 626 3668 ἐπήρκει.
683 3595 784 3652 Καὶ
840 3596 906 3664 ἦν
975 3592 1106 3651 ἰδεῖν
1163 3596 1320 3652 αὐτὸν
1391 3594 1611 3674 ὄρθριον
1694 3600 1857 3674 μέχρι
1915 3606 2014 3668 τῆς

380 3682 606 3755 ἀννάτης
660 3682 803 3755 ὥρας
861 3681 1197 3742 κυκλεύοντα
1252 3687 1318 3741 τὰ
1376 3686 1701 3761 ἀσκητήρια,
1760 3689 1851 3743 καὶ
1913 3709 2016 3761 μο-

376 3774 662 3849 ναστήρια,
710 3772 801 3829 καὶ
855 3775 1028 3837 πάσας
1078 3776 1277 3845 σκηνὰς
1330 3777 1425 3839 τάς
1486 3776 1616 3844 ἐκεῖ,
1665 3778 1801 3833 κατᾶ
1855 3777 2016 3852 θύραν

377 3861 765 3937 εἰσερχόμενον
817 3865 906 3919 καὶ
967 3862 1380 3934 ἐπισκοποῦντα,
1451 3869 1527 3938 μή
1582 3886 1663 3929 τις
1721 3867 2015 3925 ἀνάκειται.

375 3946 697 4023 Ἐϐάσταζεν
756 3949 814 4009 δὶ
886 3951 1165 4031 σταφίδας,
1225 3956 1374 4030 ῥοάς,
1436 3956 1539 4027 ὠά,
1617 3957 1875 4033 σιλίγνια,
1939 3958 2015 4013 ὧν

374 4039 680 4099 ἀπιδὲονται
735 4043 787 4098 οἱ
845 4041 1269 4117 ἀρῥωστοῦντες,
1330 4046 1528 4115 ταύτην
1588 4048 1760 4119 ἐαυτῷ
1811 4045 2017 4102 λυσιτε-

377 4130 576 4189 λοῦσαν
623 4131 795 4207 εὑρὼν
845 4131 1129 4189 πολιτείαν
1182 4133 1255 4195 εἰς
1300 4134 1362 4189 τὸ
1407 4142 1580 4209 γῆρας
1628 4141 1725 4191 τοῦ
1780 4142 2014 4207 Χριστοῦ

378 4217 576 4282 δοῦλος
606 4238 620 4254 ’
656 4222 802 4284 ὅστις
832 4221 1084 4292 τελευτᾷν
1121 4220 1365 4295 μέλλων,
1400 4224 1582 4297 ὁμοίῳ
1634 4227 1825 4281 ἑαυτοῦ
1856 4247 2014 4279 καται

380 4308 641 4383 λιμπάνει
689 4311 754 4365 τὰ
810 4313 1097 4384 γρυτάρια,
1159 4311 1535 4388 παρακαλέσας
1595 4315 1755 4371 αὐτὸν
1820 4315 2013 4385 ταύτην

382 4398 618 4453 ἐκτελεῖν
645 4400 742 4467 τὴν
774 4396 1045 4456 διακονίαν
1093 4403 1557 4483 Πεντακισχιλίων
1592 4408 1693 4479 γὰρ
1726 4404 2017 4461 οἰκούντων

387 4487 735 4561 μοναζόντων
767 4488 828 4543 τὸ
877 4489 1003 4563 ὅρος
1053 4489 1244 4559 ἐκεῖνο,
1279 4495 1442 4567 χρεία
1486 4494 1575 4550 καὶ
1624 4502 1721 4565 τῆς
1763 4496 2019 4566 τοιαύτης

384 4575 741 4651 ἐπισκέψεως,
774 4574 864 4633 διά
887 4579 949 4635 τὸ
981 4576 1187 4655 ἔρημον
1218 4581 1351 4637 εἶναι
1383 4585 1470 4637 τὸν
1501 4584 1691 4642 τόπον.

920 4676 1179 4728 meum
1226 4674 1324 4742 ιε’,
1371 4673 1491 4747 ις’.

807 4761 936 4835 Περὶ
972 4761 1215 4832 Παησίου
1249 4765 1337 4819 καὶ
1369 4764 1614 4823 Ἠσαίου.

459 4850 681 4915 Ἕτερός
730 4870 809 4914 τις
860 4855 1098 4921 Παήσιος
1148 4855 1237 4909 καὶ
1288 4852 1508 4919 Ἠσαίας
1561 4854 1702 4911 οὕτω
1751 4854 2032 4927 καλούμε-

388 4957 474 4993 νοι
504 4932 733 5009 ἀδελφοὶ
780 4939 1027 5015 ὑπῆρχον
1078 4945 1281 5017 πατρὸς
1311 4943 1556 5018 ἐμπόρου
1609 4943 2029 5017 Σπανοδρόμου.

389 5023 597 5086 Οἶτινες
626 5029 723 5080 τοῦ
773 5029 974 5101 πατρὸς
1006 5031 1186 5086 αὐτῶν
1234 5033 1660 5105 τελευτήσαντος
1710 5034 2030 5111 ἐμερίσαντο

391 5116 458 5170 τά
488 5114 804 5190 ὑπάρχοντα
846 5116 896 5170 ἐν
925 5126 1189 5190 κινητοῖς,
1222 5122 1255 5177 ἃ
1304 5120 1465 5197 ἔσχον
1498 5122 1551 5177 ἐν
1589 5124 1681 5194 μὲν
1725 5124 2029 5196 νομίσμασι

392 5202 889 5281 πεντακισχιλίοις,
920 5205 972 5258 ἐν
1026 5208 1267 5279 ἱματίοις
1300 5208 1355 5265 δὲ
1402 5213 1489 5267 καὶ
1542 5211 1778 5275 οἰκέταις
1827 5211 1893 5266 τὰ
1943 5212 2032 5267 εῦ-

394 5293 630 5371 ρεθέντα.
658 5294 818 5351 Οὗτοι
855 5295 969 5366 μετ’
999 5294 1262 5365 ἀλλήλων
1316 5301 1626 5375 ἐσκέψαντο,
1657 5304 1747 5357 καὶ
1800 5297 2038 5375 συμϐου-

393 5386 644 5449 λεύοντες
690 5385 902 5448 ἑαυτοῖς
953 5380 1144 5463 ἔλεγον
1191 5389 1325 5457 πρὸς
1376 5392 1681 5463 ἀλλήλους.
1719 5393 1821 5451 Επὶ
1871 5392 2032 5448 ποίαν

398 5473 621 5549 μέθοδον
680 5470 927 5548 ἔλθωμεν
989 5476 1133 5549 βίου,
1190 5475 1425 5557 ἀδελφέ;
1489 5481 1575 5535 ἐὰν
1636 5482 1884 5557 ἔλθωμεν
1948 5480 2037 5537 ἐπὶ

391 5566 495 5633 τήν
553 5563 845 5641 ἐμπορίαν,
902 5568 963 5638 ἢν
1042 5566 1309 5641 μετῆλθεν
1363 5570 1390 5625 ὁ
1448 5573 1627 5647 πατὴρ
1703 5577 1886 5644 ἡμῶν,
1946 5572 2037 5627 καὶ

394 5655 559 5727 ἡμεῖς
649 5655 858 5726 ἑτέροις
941 5651 1143 5734 ἔχομεν
1227 5655 1553 5734 καταλεῖψαι
1636 5660 1760 5723 τοὺς
1835 5662 2037 5721 πόνους

391 5746 576 5817 ἡμῶν.
605 5746 765 5806 Ἴσως
798 5741 856 5802 δὲ
885 5746 974 5802 καὶ
1022 5744 1298 5809 κινδύνοις
1329 5748 1766 5824 περιπεσούμεθα
1813 5749 2035 5812 πάντως

393 5833 430 5904 ἢ
491 5832 803 5910 λῃστρικοῖς
872 5833 907 5905 ἦ
984 5835 1315 5900 θαλαττίοις.
1391 5842 1558 5915 Δεῦρο
1626 5837 1740 5909 οῦν,
1814 5836 2032 5917 ἀδελφὲ,

399 5922 484 5977 ἐπὶ
517 5922 609 5977 τὸν
661 5926 873 6000 μονήρη
926 5926 1044 6001 βίον
1096 5924 1362 6003 ἔλθωμεν,
1391 5925 1487 5985 ’ίνα
1535 5927 1624 5984 καὶ
1674 5928 1739 5985 τὰ
1787 5932 1884 5986 τοῦ
1931 5948 2035 5984 πα-

2130 3335 2284 3407 μεθα,
2316 3337 2432 3395 πῶς
2464 3330 2686 3388 δυνατὸν
2718 3333 2845 3387 εἶναι
2880 3335 3105 3398 τούτους
3158 3335 3330 3403 ἴσους,
3363 3340 3761 3413 προτιμώντων

2124 3428 2285 3478 τινῶν
2317 3424 2408 3477 τὸν
2442 3421 2707 3491 ἀσκητῆν,
2740 3423 2829 3477 καὶ
2856 3419 3147 3497 λεγόντων,
3180 3426 3264 3483 ὅτι
3297 3426 3468 3489 Οὗτος
3505 3429 3571 3484 τὸ
3601 3429 3767 3505 εὐαγ-

2124 3511 2341 3586 γελικὸν
2392 3510 2753 3585 πεπλήρωκεν
2801 3514 3150 3588 πρόσταγμα,
3208 3517 3275 3571 τὰ
3333 3517 3507 3572 πάντα
3565 3518 3766 3589 πωλή-

2127 3620 2242 3667 σας,
2301 3600 2390 3653 καὶ
2450 3596 2791 3663 διαδεδωκὼς
2850 3608 3116 3679 πτωχοῖς,
3177 3606 3262 3660 καὶ
3342 3612 3766 3681 προσκαρτερῶν

2124 3691 2241 3747 ταῖς
2293 3686 2499 3761 εύχαῖς,
2531 3688 2665 3742 κατὰ
2714 3692 2885 3743 πᾶσαν
2918 3692 3127 3765 ἡμέραν
3178 3693 3267 3748 καὶ
3299 3690 3444 3762 ὥραν
3476 3697 3565 3750 καὶ
3599 3695 3765 3751 νύκτα

2122 3777 2214 3832 τὸν
2266 3776 2490 3849 σταυρὸν
2546 3777 2851 3851 βαστάζων,
2895 3781 2986 3833 καὶ
3032 3780 3345 3837 ἀκολουθῶν
3391 3789 3471 3856 τῷ
3519 3791 3770 3859 Σωτῆρι,

2122 3871 2230 3922 τῶν
2264 3862 2321 3921 δὲ
2369 3866 2617 3939 περὶτοῦ
2669 3867 2851 3941 ἐτέρου
2896 3869 3499 3949 ἀντιφιλονεικούντων,
3532 3874 3615 3930 ὅτι
3666 3875 3765 3929 Καὶ

2124 3956 2305 4020 οὗτος,
2339 3952 2570 4027 δεόμεθα
2616 3976 2735 4019 σου,
2781 3961 3013 4013 τοσαῦτα
3059 3960 3150 4017 καὶ
3199 3967 3420 4019 τοιαῦτα
3468 3964 3766 4043 σπλάγχνα

2123 4044 2424 4115 ἐπεδείξατο
2485 4045 2558 4107 εἰς
2618 4046 2821 4110 πάντας
2864 4048 2991 4111 τοὺς
3049 4046 3359 4123 δεομένους,
3410 4056 3486 4115 ὡς
3542 4053 3633 4108 καὶ
3686 4053 3768 4115 είς

2124 4133 2286 4196 αῦτάς
2356 4134 2447 4195 τὰς
2521 4134 2832 4212 λεωφόρους
2885 4136 3244 4218 ἓξερχόμενον
3319 4145 3610 4214 καθῆσθαι,
3670 4144 3764 4198 καὶ

2124 4222 2251 4285 τοὺς
2309 4219 2664 4297 θλιϐομένθυς
2723 4230 2969 4301 συνάγειν
3022 4231 3114 4283 καὶ
3171 4229 3419 4305 ἐπαρκεῖν
3454 4249 3470 4263 ·
3547 4233 3639 4287 καὶ
3698 4231 3763 4287 ού

2136 4314 2296 4387 μόνον
2344 4314 2439 4380 τήν
2492 4312 2631 4369 ἰδίαν
2682 4318 2868 4393 ψυχὴν
2916 4318 3197 4388 ἀνέπαυεν,
3246 4320 3392 4378 ἀλλά
3438 4323 3528 4378 καὶ
3576 4321 3765 4378 ἄλλων

2131 4404 2378 4474 πολλῶν,
2409 4409 2750 4477 νοσοκομῶν,
2795 4409 2883 4461 καὶ
2934 4409 3225 4486 ἐτικουρῶν
3262 4431 3276 4445 ·

2136 4494 2398 4567 μακάριος
2432 4489 2641 4567 [Ιαμϐώ
2675 4514 2687 4527 ·
2725 4496 2895 4552 Πάλιν
2929 4498 3057 4566 ὑμῖν
3090 4498 3194 4574 ἐρω
3230 4521 3242 4534 ·

3327 4410 3473 4485 λέγει
3517 4413 3697 4473 αὐτοῖς
3729 4413 3757 4466 ὁ

3294 4501 3589 4580 ἀμφότεροί
3624 4500 3759 4553 εἰσιν

2058 4621 2105 4681 D
2137 4582 2242 4637 ἴσοι
2282 4583 2417 4657 πρὸς
2454 4584 2546 4637 τὸν
2592 4583 2790 4657 Κύριον
2828 4603 2842 4617 ’
2889 4583 3112 4644 ἕκαστον
3161 4587 3218 4646 δέ
3271 4592 3421 4665 ὑμῶν
3466 4590 3759 4668 πληροφο-

2138 4674 2290 4745 ρήσω
2321 4672 2439 4745 περὶ
2492 4672 2692 4728 αὐτῶν.
2726 4674 2893 4738 Οὗτος
2927 4676 2970 4730 εἰ
3026 4680 3101 4751 μὴ
3134 4677 3289 4749 ἤσκει
3336 4679 3568 4755 τοσαύτῃ
3600 4678 3775 4752 ἀκρό-

2136 4781 2281 4828 τητι,
2333 4760 2435 4815 οὐκ
2481 4760 2540 4816 ἃν
2592 4762 2801 4836 ἐγένετο
2850 4764 2997 4836 ἄξιος
3044 4772 3113 4841 τῇ
3161 4774 3258 4824 τοῦ
3308 4777 3562 4842 Σωτῆρος
3612 4771 3773 4840 ἡμῶν

2139 4848 2431 4925 ἀγαθότητι
2501 4853 2878 4926 συγκριθῆναι.
2940 4856 3175 4919 Ἐκεῖνος
3240 4858 3406 4914 πάλιν
3481 4858 3771 4913 ἀναπαύων

2138 4941 2264 4999 τοὺς
2297 4939 2493 5010 ξένους,
2523 4941 2610 4995 καὶ
2658 4948 2773 5005 τοῖς
2804 4942 3083 5017 δεομένοις
3135 4946 3424 5018 διακονῶν,
3459 4948 3781 5023 ἰσόρροπος,

2140 5028 2277 5083 κατά
2325 5025 2575 5101 δύναμιν,
2616 5035 2711 5085 τοῦ
2762 5033 2959 5108 Κυρίου
3003 5034 3392 5095 ἀναδέδεικται.
3447 5038 3622 5098 Αὐτὸς
3670 5039 3775 5112 γὰρ

2143 5117 2290 5191 λέγει
2328 5137 2337 5148 ·
2373 5118 2515 5193 Ἐγὼ
2548 5121 2648 5174 οὐκ
2677 5121 2844 5191 ἦλθον
2889 5120 3296 5196 διακονηθῆναι,
3330 5126 3475 5182 ἀλλά
3524 5124 3784 5195 διακονῆ-

2144 5228 2250 5262 σαι.
2287 5207 2542 5270 Διάκονος
2573 5206 2646 5263 ὢν
2694 5210 2781 5265 καὶ
2822 5212 3001 5279 οὗτος,
3036 5213 3080 5268 εἰ
3128 5217 3218 5270 καὶ
3269 5213 3424 5270 δοκεῖ
3469 5216 3532 5271 τὸ
3581 5216 3640 5269 ἐκ
3685 5219 3787 5270 τοῦ

2144 5295 2316 5351 κόπου
2346 5291 2491 5372 ἔχειν
2540 5301 2785 5374 φορτίον,
2818 5300 2964 5355 ἀλλά
3010 5303 3097 5357 καί
3128 5305 3226 5372 τὴν
3274 5304 3399 5379 παρ’
3449 5304 3585 5359 αύτά
3633 5304 3786 5379 εἶχεν

2144 5385 2461 5443 ἀνάπαυσιν.
2497 5387 2805 5462 Ἐκδέξασθε
2852 5388 2910 5446 δὲ
2956 5394 3171 5465 μικρὸν,
3212 5390 3302 5448 ἵνα
3350 5393 3438 5448 καὶ
3490 5395 3637 5468 παρά
3685 5397 3790 5450 τοῦ

2145 5480 2279 5532 Θεοῦ
2338 5474 2574 5547 δέξωμαι
2629 5480 2727 5549 τήν
2788 5481 2910 5555 περὶ
2970 5481 3146 5538 αὐτῶν
3224 5483 3621 5556 ἀποκάλυψιν·
3695 5483 3792 5537 καὶ

2150 5566 2282 5637 μετά
2337 5570 2501 5621 ταῦτα
2561 5566 2808 5633 ἐλθόντες
2886 5573 3207 5643 μαθήσεσθε.
3268 5572 3621 5633 Διαλιποντες
3690 5572 3788 5628 οῦν

2147 5654 2335 5731 ὀλίγας
2366 5656 2597 5730 ἡμέρας,
2629 5658 2799 5727 ἦλθον
2845 5662 3009 5716 πάλιν
3042 5662 3166 5739 περὶ
3212 5662 3423 5720 τούτων
3472 5662 3563 5718 τὸν
3616 5662 3783 5738 μέγαν

2146 5743 2602 5818 παρακαλοῦντες.
2656 5748 2713 5806 '0
2770 5746 2827 5804 δε
2885 5750 3147 5828 μακάριος
3207 5752 3554 5829 ἀπεκρίνατο,
3607 5751 3788 5829 λέγων

2147 5839 2351 5921 αὐτοῖς,
2396 5834 2470 5899 ὡς
2518 5837 2636 5892 Ἐπὶ
2686 5843 2819 5894 Θεοῦ
2868 5840 3211 5921 ἀμφοτέρους
3258 5841 3400 5900 εἶδον
3454 5844 3567 5917 ἅμα
3610 5842 3788 5899 ἱστῶ-

2148 5942 2241 5984 τας
2270 5920 2322 5980 ἐν
2356 5927 2435 5997 τῷ
2465 5925 2796 6001 παραδείσῳ.
