4076 6280
384 387 534 452 1037

1769 385 2140 447 HISTORIA
2188 383 2579 447 LAUSIACA

3760 392 3917 455 1038

368 524 534 597 byter
588 502 804 579 montis
835 521 1051 591 Nitrits,
1085 537 1179 577 me
1234 520 1471 593 inquam
1531 524 1589 577 et
1654 522 1886 578 beatum
1934 523 2075 577 Eva-
2107 526 2161 593 Α
2196 537 2351 592 ergo,
2387 522 2582 590 frater,
2615 521 2816 589 vitam,
2866 522 3279 595 aggrediamur
3326 524 3733 593 monasticam,
3770 533 3917 591 utet

368 618 583 687 grium,
638 612 778 669 dicit
871 612 1093 668 nobis:
1162 614 1393 680 Adeste,
1447 613 1634 667 videte
1711 628 1922 666 novum
1979 611 2088 667 Job

372 707 468 778 qui
492 705 551 760 in
586 711 745 759 tanto
778 704 1035 774 corporis
1070 705 1271 759 morbo
1303 708 1358 758 et
1402 710 1561 759 tanto
1591 713 1813 758 tumore
1844 703 2091 757 immen-

372 810 498 849 sam
532 794 709 849 habet
735 794 1076 863 patientiam
1109 809 1241 848 cum
1269 794 1594 865 gratiarum
1630 794 1876 848 actione.
1912 800 2088 848 Acce-

366 886 573 939 dentes
603 899 741 955 ergo
773 883 1035 937 vidimus
1072 890 1290 938 tantam
1327 883 1535 937 molem
1569 884 1697 953 ejus
1727 881 2087 951 corporis,ut

368 989 608 1044 parvum
644 988 771 1039 eius
802 971 1052 1045 digitum
1092 989 1201 1028 non
1224 989 1530 1045 possemus
1553 972 1857 1041 complecti
1891 971 2088 1041 digitis

364 1066 611 1116 duarum
646 1077 949 1116 manuum.
984 1061 1127 1116 Cum
1163 1068 1353 1116 autem
1386 1062 1570 1115 morbi
1596 1062 1934 1132 gravitatem
1971 1075 2087 1115 non

365 1167 675 1223 possemus
708 1150 833 1205 ﬁxis
866 1150 1052 1206 oculis
1086 1151 1327 1215 intueri,
1365 1164 1591 1206 nostros
1640 1152 1839 1205 oculos
1870 1155 2085 1202 averte-

366 1237 592 1294 bamus.
628 1237 791 1293 Tunc
860 1240 1002 1294 dicit
1068 1238 1235 1293 nobis
1305 1239 1507 1293 beatus
1578 1238 1675 1294 ille
1741 1236 2082 1305 Benjamin;

361 1328 551 1399 Orate,
586 1328 715 1396 filii,
750 1345 818 1384 ne
866 1343 1035 1384 meus
1083 1328 1347 1383 internus
1397 1329 1569 1383 homo
1602 1331 1675 1383 sit
1706 1329 2081 1405 hydropicus:

364 1416 482 1473 Hoc
512 1420 666 1474 enim
702 1435 911 1491 corpus
971 1433 1156 1491 neque
1211 1433 1339 1473 cum
1391 1420 1536 1474 bene
1567 1436 1627 1474 se
1658 1418 1912 1486 haberet,
1943 1412 2084 1474 mih‘

368 1505 684 1577 quidquam
720 1509 957 1580 profuit,
992 1524 1180 1580 neque
1236 1523 1372 1563 cum
1444 1508 1611 1575 male,
1647 1508 1923 1564 melaesit.
1963 1508 2083 1563 Illi8

363 1611 503 1668 ergo
533 1606 658 1653 octo
691 1600 994 1653 mensibus
1030 1599 1182 1654 facta
1219 1606 1305 1653 est
1338 1597 1419 1654 illi
1453 1598 1597 1655 sella
1628 1599 1913 1654 latissima
1944 1600 2081 1675 (35),

361 1685 419 1740 in
453 1702 569 1756 qua
609 1687 845 1744 sedebat
903 1687 1161 1753 assidue,
1193 1692 1258 1743 ut
1314 1689 1413 1760 qui
1467 1706 1581 1744 non
1617 1694 1813 1762 posset
1842 1687 1900 1742 in
1936 1690 2079 1744 lecto

364 1779 727 1846 accumbere,
760 1784 999 1852 propter
1029 1796 1095 1834 ea
1138 1796 1268 1851 quae
1309 1785 1445 1836 sunt
1475 1780 1699 1852 corpori
1732 1780 2077 1835 necessaria.

2200 614 2374 683 patris
2406 614 2587 669 nostri
2620 614 2912 669 lucremur
2944 616 3262 684 facultates,
3298 621 3354 673 et
3412 623 3641 673 nostras
3689 619 3913 676 animas

2199 719 2317 759 non
2352 706 2685 775 perdamus.
2720 704 2944 760 Placuit
2973 722 3108 777 ergo
3133 709 3397 779 utrisque
3428 724 3635 778 scopus
3666 710 3791 764 vitae
3825 727 3913 765 so-

2199 793 2418 861 litariae,
2452 797 2548 849 sed
2584 795 2799 849 inventi
2860 800 2998 849 sunt
3054 796 3203 851 alius
3254 800 3310 851 in
3344 799 3455 854 alio
3488 800 3908 871 discrepantes.

2196 880 2337 936 Cum
2372 882 2565 952 itaque
2624 883 2899 953 pecunias
2962 883 3320 951 divisissent,
3353 890 3408 939 et
3439 887 3667 958 reliqua
3691 889 3908 959 omnia,

2198 971 2353 1026 hunc
2384 973 2608 1043 quidem
2637 972 2741 1027 sibi
2773 989 3012 1043 scopum
3076 987 3519 1046 proposuerunt,
3554 988 3614 1031 ut
3644 983 3755 1034 Deo
3789 982 3910 1053 pla-

2197 1068 2409 1129 cerent,
2444 1064 2543 1116 sed
2579 1064 2799 1117 diverso
2832 1063 2958 1116 vita:
3010 1064 3295 1121 instituto.
3334 1064 3491 1122 Unus
3523 1069 3678 1124 enim
3712 1073 3910 1127 omnia

2197 1150 2555 1222 dispergens,
2587 1152 2745 1205 dedit
2778 1152 3169 1217 monasteriis,
3201 1160 3257 1207 et
3307 1155 3586 1223 ecclesiis,
3622 1165 3677 1212 et
3708 1164 3907 1214 custo-

2196 1240 2329 1307 diis,
2360 1249 2567 1296 etcum
2601 1250 2783 1296 artem
2817 1241 3137 1311 didicisset,
3171 1258 3238 1297 ex
3269 1259 3385 1313 qua
3416 1245 3527 1298 sibi
3560 1262 3769 1316 panem
3803 1266 3907 1316 pa-

2197 1334 2372 1396 raret,
2405 1331 2798 1385 exercitationi
2855 1346 3091 1400 cperam
3139 1332 3313 1387 dabat
3354 1340 3409 1387 et
3438 1336 3708 1389 orationi.
3742 1338 3909 1394 Alter

2196 1424 2387 1473 autem
2420 1420 2550 1489 ejus
2581 1418 2728 1473 nihil
2760 1418 3056 1490 dispersit,
3088 1420 3187 1475 sed
3222 1420 3367 1475 facto
3398 1422 3506 1476 sibi
3532 1427 3903 1494 monasterio,

2192 1516 2249 1567 et
2281 1510 2481 1581 paucis
2529 1510 2852 1580 assumptis
2910 1510 3206 1579 fratribus,
3240 1512 3561 1582 quemlibet
3589 1515 3907 1585 excipiebat

2193 1598 2505 1670 hospitem,
2539 1596 2854 1668 quemlibet
2910 1600 3152 1653 curabat
3183 1605 3483 1671 aegrotum,
3514 1605 3781 1672 quemvis
3811 1619 3904 1659 se-

2192 1706 2325 1746 nem
2384 1688 2690 1755 retinebat,
2749 1688 2933 1742 cuivis
2999 1690 3239 1759 pauperi
3297 1690 3500 1757 dabat;
3544 1691 3791 1748 Sabbato
3850 1701 3903 1750 et

2190 1780 2508 1846 Dominica,
2540 1784 2655 1833 tres
2685 1782 2786 1833 aut
2817 1782 3065 1849 quatuor
3095 1796 3328 1836 mensas
3358 1784 3640 1850 statuens,
3674 1798 3769 1839 eos
3800 1785 3900 1855 qui

358 1867 501 1922 Cum
536 1876 726 1925 autem
759 1868 1047 1924 laboraret
1088 1868 1195 1924 hoc
1238 1869 1437 1923 morbo
1472 1869 1907 1935 immedicabili,
1946 1882 2065 1922 mc-
2102 1906 2147 1970 Β
2188 1874 2355 1924 erant
2384 1866 2553 1939 egeni
2588 1865 2930 1943 excipiebat.
2965 1866 3083 1921 Hoc
3128 1868 3301 1922 modo
3355 1868 3527 1945 vitam
3561 1886 3731 1926 suam
3762 1888 3901 1927 con-

357 1957 605 2013 debatur
626 1957 755 2012 aliis
781 1957 879 2030 qui
899 1958 1246 2013 tenebantur
1268 1958 1564 2028 quibusvis
1595 1958 2064 2031 egritudinibus.

358 2049 758 2103 Necessarium
780 2050 972 2120 itaque
988 2047 1178 2115 duxia,
1205 2049 1468 2103 morbum
1493 2047 1670 2117 hujus
1692 2050 1875 2104 sancti
1901 2065 2069 2119 expo-

357 2155 514 2204 ncre,
549 2155 620 2195 no
663 2139 829 2195 nobis
870 2139 1123 2195 alienum
1179 2140 1461 2205 videatur,
1492 2139 1538 2193 si
1587 2139 1930 2211 virisjustis
1963 2138 2066 2193 ali-

356 2228 487 2300 quis
521 2244 688 2285 casus
720 2228 961 2285 accidat.
994 2229 1236 2302 Egregio
1285 2244 1419 2301 ergo
1469 2229 1566 2284 illo
1627 2228 1745 2285 viro
1814 2234 2065 2297 mortuo,

356 2319 650 2375 sublatum
687 2324 772 2374 est
803 2319 982 2375 limen
1016 2319 1148 2374 ostii
1180 2325 1237 2375 et
1285 2324 1499 2389 postes,
1532 2322 1597 2374 ut
1638 2328 1829 2391 posset
1856 2336 2065 2391 corpus

355 2408 540 2464 efferri
572 2424 640 2464 ex
671 2409 835 2465 cella.
870 2410 1047 2464 Tanta
1098 2413 1220 2463 erat
1279 2408 1459 2464 moles
1518 2408 1773 2479 corporis
1835 2408 1983 2464 beati
2012 2414 2068 2464 et

354 2498 556 2570 inclyti
588 2497 765 2570 patris
796 2496 1119 2569 Benjamin.

995 2622 1226 2681 CAPUT
1285 2624 1420 2679 XIV.

363 2734 496 2788 Vita
525 2731 807 2804 Apollonii
843 2734 956 2803 (36)
995 2736 1089 2803 qui
1127 2731 1621 2803 cognominabatur
1660 2731 1764 2786 ἀπὸ
1806 2752 2063 2808 πραγμαυ

704 2823 930 2889 τωτῶν,
964 2820 1020 2876 id
1051 2826 1131 2876 est
1161 2838 1193 2876 a
1222 2822 1665 2892 negou'atoribus.

423 2944 669 3012 Quidam
729 2946 1067 3016 Apollonius
1127 2948 1363 3001 nomine
1424 2944 1531 2999 ἀπὸ
1605 2950 2056 3021 πραγματευτῶν,

347 3036 406 3090 id
440 3040 549 3103 est,
582 3051 614 3088 a
669 3035 1147 3105 negotiatoribus,
1181 3052 1313 3089 cum
1369 3036 1587 3089 mundo
1647 3043 2055 3102 renuntiasset,

344 3129 404 3181 et
438 3135 686 3180 montem
737 3125 933 3180 Nitriae
984 3123 1322 3191 habitasset,
1356 3130 1412 3178 et
1460 3141 1563 3178 nec
1595 3132 1775 3179 artem
1837 3126 2059 3179 discere

349 3222 567 3288 posset,
604 3231 707 3271 nec
741 3214 985 3282 litteras,
1020 3215 1172 3285 quod
1223 3218 1386 3269 astate
1433 3219 1585 3268 esset
1618 3224 1936 3282 provectus,
1971 3213 2057 3268 vi-
2092 3255 2134 3322 Ο

388 3306 401 3317 -
453 3305 490 3322 ,ο
642 3304 655 3322 ρ
1142 3304 1188 3322 gn
1238 3311 1425 3322 μη.-
1487 3302 1631 3322 ιη,

344 3305 492 3379 ginti
518 3304 692 3360 annis
723 3304 936 3374 quibus
968 3303 1107 3357 vixit
1140 3304 1196 3357 in
1237 3311 1451 3368 monte,
1486 3302 1635 3357 hanc
1669 3301 1871 3358 habuit
1900 3320 2061 3360 exer-

347 3393 704 3449 citationem.
739 3392 875 3448 Suis
925 3391 1185 3464 pecuniis
1242 3395 1299 3445 et
1356 3392 1478 3446 suis
1529 3392 1828 3448 laboribus
1861 3407 2062 3448 emens

348 3480 708 3539 Alexandriae
740 3496 879 3536 vasa
939 3480 1160 3537 medica
1206 3497 1375 3537 omne
1406 3496 1588 3553 genus
1618 3482 1753 3552 (37),
1787 3481 2061 3536 universa;

350 3558 696 3627 fraternitati
730 3586 792 3626 ea
825 3570 1239 3644 suppeditabat
1270 3572 1337 3625 ad
1387 3570 1614 3625 morbos
1660 3589 1672 3626 :
1728 3574 1783 3624 et
1849 3568 2060 3625 licebat

348 3678 479 3720 cum
512 3663 703 3718 videre
734 3679 766 3717 a
798 3661 985 3733 prima
1016 3662 1141 3716 luce
1173 3677 1358 3733 usque
1381 3662 1449 3715 ad
1485 3660 1685 3716 horam
1719 3676 1929 3715 nonam
1971 3659 2058 3714 di-

348 3756 708 3807 scurrentem
759 3751 1023 3806 obeundo
1084 3750 1449 3816 monasteria,
1509 3755 1566 3805 et
1622 3750 1832 3805 ostium
1868 3749 2062 3820 ingre—

348 3842 623 3906 dientem,
656 3845 712 3895 et
744 3840 1019 3896 visentem
1056 3856 1196 3894 num
1222 3840 1353 3911 quis
1375 3840 1763 3895 decumberet.
1792 3839 2061 3894 Portabat

345 3936 536 3983 autem
572 3945 741 3982 uvam
794 3945 1051 3999 passam,
1081 3927 1236 3981 mala
1276 3928 1507 3999 punica,
1540 3944 1666 3994 ova,
1702 3944 1908 3999 panem
1935 3927 2057 3982 sili-

347 4019 606 4089 gineum,
640 4020 697 4070 et
726 4033 792 4071 ea
823 4017 1039 4088 quibus
1079 4033 1224 4084 Opus
1257 4016 1471 4072 habent
1515 4016 1734 4087 aegroti.
1770 4016 1925 4071 Hanc
1949 4017 2059 4071 sibi

342 4104 734 4161 conferentem
770 4103 987 4158 invenit
1014 4102 1142 4157 vitae
1173 4104 1450 4159 rationem
1505 4120 1685 4175 usque
1730 4104 1797 4159 ad
1829 4102 2057 4158 senium

340 4192 554 4249 Christi
588 4208 812 4249 servus.
844 4191 951 4258 Qui
993 4208 1124 4247 cum
1166 4197 1319 4248 esset
1360 4193 1697 4258 moriturus,
1730 4191 1897 4247 alteri
1942 4192 2061 4249 sibt

345 4283 526 4340 simili
561 4300 667 4339 sua
689 4283 921 4356 reliquit
954 4282 1173 4351 frivola,
1200 4300 1407 4355 rogans
1439 4301 1569 4339 eum
1611 4289 1672 4339 ut
1702 4285 1849 4340 idem
1875 4285 2061 4342 obiret

344 4373 765 4431 ministerium.
788 4374 936 4430 Nam
968 4390 1097 4429 cum
1138 4375 1392 4446 quinque
1424 4373 1608 4430 millia
1640 4374 2056 4432 monachorum

339 4465 507 4521 illum
543 4470 804 4522 montem
838 4464 1122 4531 habitent,
1156 4465 1256 4519 tali
1316 4480 1549 4537 quoque
1605 4482 1749 4536 opus
1783 4472 1870 4522 est
1901 4482 2059 4523 cura-

338 4556 519 4625 tione,
548 4559 693 4627 quod
728 4556 804 4611 sit
836 4556 994 4613 locus
1033 4555 1319 4611 desertus.

871 4678 1101 4735 CAPUT
1123 4678 1219 4734 XV
1250 4678 1337 4734 ET
1368 4677 1517 4735 XVI.

806 4788 936 4842 Vita
960 4787 1161 4843 Paeesii
1188 4796 1238 4843 et
1268 4787 1433 4843 Isaiae
1463 4788 1593 4859 (38).

406 4910 515 4967 Alii
553 4912 808 4968 Pasesius
841 4922 893 4969 et
928 4914 1103 4970 Isaias
1137 4916 1373 4971 nomine
1413 4916 1648 4971 fuerunt
1700 4915 1918 4983 fratres,
1955 4933 2050 4988 pa-

336 5004 421 5057 tre
454 5006 773 5057 mercatore
800 5004 1110 5077 Hispanico
1142 5005 1277 5077 (39),
1310 5006 1402 5078 qui
1446 5006 1681 5075 quidem
1723 5021 1856 5061 cum
1891 5012 2053 5078 pater

336 5108 541 5148 eorum
576 5097 730 5147 esset
752 5100 1041 5162 mortuus,
1076 5096 1398 5153 diviserunt
1438 5096 1739 5151 facultates
1772 5112 1911 5167 quas
1945 5097 2049 5151 ha—

334 5181 550 5238 bebant
606 5180 663 5236 in
726 5183 1079 5239 mobilibus:
1113 5185 1171 5239 in
1207 5186 1464 5240 nummis
1522 5185 1757 5257 quidem
1790 5186 2050 5257 quinque

334 5271 535 5337 millia,
568 5272 626 5328 in
650 5274 906 5331 vestibus
938 5282 1123 5331 autem
1173 5284 1225 5333 et
1283 5278 1464 5333 servis
1505 5293 1631 5348 quae
1664 5274 1892 5329 inventa
1929 5277 2049 5332 fue-

338 5367 491 5418 rant.
527 5362 570 5418 Ii
603 5364 754 5419 inter
811 5380 870 5420 se
929 5365 1347 5431 deliberarunt,
1381 5371 1438 5421 et
1491 5366 1599 5422 sibi
1653 5365 2048 5431 consulentes,

333 5450 609 5507 dicebant
638 5470 650 5509 :
686 5456 983 5521 Quodnam
1016 5456 1145 5511 vitae
1177 5456 1281 5513 iter
1314 5455 1732 5527 ingrediemur,
1765 5472 1797 5510 ο
1830 5456 2051 5512 frater?

330 5540 390 5596 Si
427 5556 794 5597 exerceamus
827 5553 1207 5600 mercaturam
1256 5562 1429 5616 quam
1467 5550 1631 5615 pater
1664 5548 1858 5599 noster
1888 5560 2048 5601 exer-

330 5630 474 5697 cuit,
511 5647 612 5686 nos
644 5632 1042 5704 relinquemus
1075 5633 1205 5690 aliis
1258 5639 1487 5690 nostros
1540 5632 1789 5700 labores,
1823 5639 1878 5688 et
1903 5634 2046 5690 forte

327 5716 662 5777 incidemus
702 5720 761 5777 in
802 5721 1051 5795 pericula
1093 5721 1179 5779 vel
1246 5721 1537 5779 latronum
1572 5721 1660 5777 vel
1692 5720 1891 5779 maris.
1925 5723 2047 5794 Age

2180 1957 2457 2029 sumpsit.
2481 1954 2761 2010 Ambolus
2818 1962 3017 2009 autem
3055 1959 3329 2023 mortuis,
3362 1956 3599 2013 diversas
3649 1960 3898 2017 beatitu-

2181 2046 2347 2102 dines
2392 2045 2656 2115 utrisque
2693 2044 2981 2099 dabantur
3012 2061 3043 2098 a
3073 2045 3369 2114 fratribus,
3405 2051 3603 2117 utpote
3634 2050 3785 2118 quod
3802 2065 3899 2105 es—

2180 2142 2308 2192 sent
2364 2135 2585 2190 inventi
2644 2126 2815 2211 ambo
2869 2134 3079 2189 virtute
3111 2134 3382 2205 perfecti:
3415 2144 3468 2191 et
3494 2136 3626 2191 aliis
3658 2138 3895 2208 quidem

2180 2227 2436 2300 placebat
2493 2227 2609 2282 vita
2666 2227 2815 2295 ejus,
2849 2226 2948 2297 qui
2982 2228 3445 2297 renuntiaverat;
3482 2228 3611 2283 aliis
3670 2245 3799 2285 vero
3831 2246 3898 2286 ea

2178 2335 2305 2390 quis
2363 2317 2824 2373 communicabat
2878 2316 3149 2372 omnibus
3206 2317 3533 2388 egentibus.
3567 2318 3707 2374 Cum
3758 2335 3895 2392 ergo

2178 2408 2330 2463 inter
2378 2410 2586 2462 fratres
2638 2406 2940 2461 incidisset
3020 2410 3338 2474 contentio,
3391 2413 3628 2479 propter
3683 2408 3891 2464 horum

2177 2498 2476 2553 beatorum
2536 2496 2832 2551 diversum
2898 2496 3023 2550 vitae
3092 2497 3449 2565 institutum,
3514 2502 3571 2553 et
3636 2498 3885 2553 maxime

2178 2593 2413 2660 propter
2442 2587 2643 2642 laudes
2676 2587 2956 2655 diversas,
2988 2588 3207 2643 vadunt
3264 2588 3336 2642 ad
3381 2589 3614 2643 beatum
3648 2589 3886 2656 Pambo,

2172 2682 2229 2732 et
2264 2677 2334 2731 ad
2401 2691 2535 2731 eum
2605 2676 2883 2743 referunt,
2953 2679 3015 2729 ut
3076 2676 3145 2729 de
3215 2674 3322 2730 hac
3390 2692 3450 2731 re
3517 2677 3893 2745 respondeat,

2170 2766 2433 2822 volentes
2458 2766 2603 2821 scire
2636 2771 2902 2819 utranam
2935 2766 3011 2819 sit
3070 2764 3274 2820 melior
3332 2766 3458 2819 vitae
3500 2766 3667 2822 ratio.
3693 2766 3757 2823 Is
3787 2783 3893 2822 au-

2171 2862 2285 2911 tem
2307 2857 2392 2911 eis
2423 2854 2606 2911 dicit:
2645 2853 2880 2924 Utrique
2920 2859 3058 2910 sunt
3095 2856 3345 2925 perfecti
3378 2857 3527 2925 apud
3564 2855 3763 2911 Deum.
3793 2854 3891 2910 Al-

2168 2950 2253 3001 ter
2283 2947 2513 3014 quidem
2549 2944 2781 2998 functns
2813 2949 2901 2998 est
2934 2960 3173 2998 munere
3243 2944 3508 3009 Abrahae,
3543 2947 3643 3016 qui
3691 2954 3892 3001 omnes

2167 3035 2518 3105 excipiebat;
2552 3032 2696 3086 alter
2726 3048 2856 3086 vero
2906 3033 3167 3101 suscepit
3235 3032 3642 3088 firmissimum
3675 3044 3728 3089 et
3759 3052 3891 3090 con-

2168 3122 2596 3178 stantissimum
2629 3123 2817 3173 zelum
2856 3120 2992 3174 Elias
3047 3120 3448 3190 prophetm,ut
3485 3123 3594 3175 Deo
3618 3121 3890 3191 placeret-

2171 3212 2241 3267 Et
2272 3227 2403 3266 cum
2436 3209 2531 3264 alii
2566 3210 2795 3279 quidem
2842 3209 2891 3262 ei
2944 3210 3203 3263 dicerent
3235 3225 3249 3263 :
3282 3210 3581 3273 Quomodo
3628 3210 3749 3265 fieri
3787 3228 3888 3281 po-

2172 3308 2304 3369 test,
2340 3302 2453 3367 dic,
2483 3314 2841 3371 quaesumus,
2878 3299 3045 3353 nobis
3095 3299 3268 3369 pedes
3302 3306 3430 3354 tuos
3462 3300 3889 3371 attingentibus

2172 3392 2308 3463 (40),
2335 3399 2394 3444 ut
2425 3390 2483 3444 bi
2516 3389 2637 3444 sint
2668 3387 2944 3460 aequales.
2979 3388 3241 3459 Cumque
3291 3389 3390 3443 alii
3451 3390 3885 3445 exercitatorem

2174 3481 2509 3553 praeferrent
2540 3485 2596 3533 et
2626 3479 2886 3534 dicerent
2920 3495 2932 3533 :
2968 3479 3324 3550 Praeceptum
3358 3479 3622 3550 implevit
3651 3494 3889 3549 evange-

2174 3570 2368 3635 lirum,
2395 3577 2452 3623 ut
2482 3568 2578 3640 qui
2612 3568 2808 3623 omnia
2838 3567 3165 3622 vendiderit
3185 3576 3238 3623 et
3260 3568 3482 3623 dederit
3512 3569 3885 3639 pauperibus,

2174 3664 2344 3715 noctu
2375 3663 2431 3713 et
2461 3659 2557 3713 diu
2595 3673 2968 3728 perseverans
3002 3657 3059 3711 in
3106 3656 3502 3722 orationibus,
3536 3673 3769 3714 crucem
3803 3658 3885 3712 fe-

2172 3765 2327 3809 rens.
2360 3758 2411 3803 ct
2445 3764 2697 3818 sequens
2748 3747 3150 3813 Servatorcm;
3196 3753 3395 3802 contra
3451 3752 3648 3801 autem
3683 3747 3785 3802 alii
3818 3746 3888 3801 do

2171 3840 2350 3895 altero
2398 3838 2832 3900 contenderent,
2892 3836 3195 3891 dicentes:
3233 3836 3357 3901 Hic,
3408 3837 3781 3892 obsecramus
3811 3844 3885 3902 le,

2170 3934 2252 3985 tot
2292 3935 2348 3982 et
2378 3926 2515 3981 talia
2555 3926 2773 3980 viscera
2824 3926 3074 3980 ostendit
3133 3925 3191 3979 in
3250 3942 3453 3981 omnes
3511 3932 3762 3995 egentes,
3825 3940 3881 3981 ut

2170 4017 2348 4073 exiret
2378 4021 2435 4070 et
2460 4015 2684 4070 sederet
2714 4013 2770 4066 in
2832 4014 2939 4067 viis
2983 4012 3176 4085 regiis,
3208 4020 3260 4068 et
3320 4015 3417 4084 qui
3479 4020 3645 4069 erant
3685 4016 3883 4071 afflicti

2171 4106 2481 4177 colligeret,
2525 4108 2582 4159 et
2646 4117 2809 4171 opem
2883 4104 3088 4169 ferret;
3163 4119 3345 4173 neque
3421 4102 3609 4167 solum
3713 4120 3878 4159 suam

2171 4196 2448 4251 recreavit
2497 4194 2775 4260 animam,
2808 4193 2910 4249 sed
2954 4194 3125 4248 etiam
3159 4192 3427 4263 aliorum,
3487 4197 3729 4265 aegrotos
3771 4211 3880 4248 cu-

2171 4303 2327 4351 rans,
2362 4293 2414 4340 et
2444 4285 2527 4341 eis
2559 4285 2703 4339 dans
2733 4283 3035 4338 auxilium.
3073 4282 3137 4338 Et
3191 4283 3330 4338 dicit
3378 4283 3583 4337 beatus
3613 4283 3829 4339 Pambo
3863 4303 3877 4340 :

2172 4377 2393 4432 Rursus
2421 4374 2582 4429 vobis
2613 4374 2799 4428 dicam
2836 4389 2849 4427 :
2883 4372 3055 4427 ambo
3113 4376 3249 4427 sunt
3296 4388 3462 4442 pares
3494 4373 3645 4442 apud
3688 4372 3879 4429 Domi-

2169 4481 2335 4529 num,
2367 4462 2678 4531 unicuique
2711 4468 2903 4516 autem
2962 4468 3219 4517 vestrum
3281 4462 3351 4516 de
3393 4461 3466 4517 iis
3496 4462 3873 4517 satisfaciam.

2173 4556 2273 4611 Hic
2298 4555 2346 4610 si
2382 4571 2493 4609 non
2547 4569 2726 4623 usque
2763 4553 2905 4607 adeo
2963 4570 3025 4607 se
3078 4552 3451 4619 exercuisset,
3497 4569 3610 4606 non
3676 4553 3878 4608 fuisset

2080 4629 2128 4694 D
2156 4646 2364 4717 dignus
2396 4653 2456 4699 ut
2490 4643 2652 4698 illum
2688 4642 2926 4696 bonitati
2959 4641 3122 4697 illius
3154 4656 3576 4712 compararem.
3612 4640 3715 4696 Ille
3747 4658 3877 4697 rur-

2160 4750 2262 4788 sus
2294 4732 2394 4803 qui
2457 4732 2745 4786 recreabat
2800 4748 2865 4785 ac
2917 4730 3214 4785 reficiebat
3274 4730 3553 4800 hospites,
3587 4734 3645 4782 et
3676 4730 3873 4801 egenis

2160 4822 2551 4887 ministrabat,
2586 4828 2856 4875 ostensus
2888 4824 2975 4873 est
3000 4818 3246 4874 Domino
3297 4834 3398 4889 pro
3432 4817 3651 4873 viribus
3683 4836 3875 4891 aequa-

2162 4912 2252 4968 lis.
2287 4911 2414 4980 Ipso
2434 4910 2590 4964 enim
2649 4908 2837 4963 dixit:
2872 4912 2982 4977 Ego
3042 4924 3156 4962 non
3208 4906 3332 4961 veni
3396 4906 3739 4973 ministrari,
3773 4910 3871 4964 sed

2162 5001 2493 5058 ministrare
2525 4996 2735 5071 (Matth.
2770 4999 2884 5069 xx).
2912 4996 3013 5053 Hic
3064 5013 3197 5069 ergo
3258 4995 3521 5052 minister
3567 4996 3676 5052 etsi
3712 4998 3875 5054 vide-

2162 5091 2333 5146 batur
2363 5091 2575 5145 habere
2606 5105 2757 5143 onus
2787 5104 2852 5142 ex
2911 5086 3127 5154 labore,
3176 5090 3426 5141 attamen
3468 5102 3536 5141 ex
3568 5088 3695 5158 ipso
3728 5103 3872 5159 quo-

2161 5198 2273 5252 que
2304 5180 2507 5234 habuit
2568 5177 3002 5233 recreationem.
3036 5177 3377 5247 Exspectate
3424 5181 3613 5231 autem
3666 5176 3873 5246 paulu-

2159 5271 2386 5336 lum,ut
2416 5287 2446 5324 a
2478 5268 2594 5325 Deo
2628 5284 2858 5339 quoque
2891 5268 2958 5322 de
2990 5267 3082 5322 bis
3142 5266 3388 5321 habeam
3430 5265 3865 5330 revelationem,

2159 5370 2210 5415 et
2244 5366 2443 5431 postea
2470 5357 2664 5414 scietis
2698 5374 2827 5412 cum
2881 5356 3174 5411 veneritis.
3214 5354 3570 5410 lntermissis
3598 5368 3732 5423 ergo
3762 5353 3869 5408 ali-

2159 5454 2304 5522 quot
2334 5448 2522 5503 dietus
2554 5447 2955 5508 redierunt,ds
2990 5446 3362 5512 bisMagnum
3386 5443 3550 5496 illum
3582 5440 3868 5511 rogantesi

2157 5539 2345 5594 Senex
2374 5546 2564 5592 autem
2602 5536 2897 5605 respondit
2928 5534 3063 5601 illis,
3097 5533 3325 5587 dicens:
3362 5536 3509 5585 Ante
3542 5534 3717 5583 Deum
3749 5528 3863 5599 (41)

2156 5629 2323 5684 vobis
2395 5626 2634 5698 loquor;
2668 5627 2783 5681 vidi
2827 5631 3106 5695 utrosque
3155 5620 3332 5675 simul
3401 5626 3622 5675 stantes
3663 5621 3720 5673 in
3761 5634 3865 5688 pa-

2157 5719 2371 5776 radiso.
