4076 6280
280 350 440 414 1039
1782 353 1789 358 -
1872 325 1991 386 PA]

2147 326 2234 389 ΠΙ
3671 309 3872 377 1040

912 471 1142 531 CAPUT
1172 468 1354 526 XVII.
2025 460 2078 526 Α
2110 457 2293 529 exegi,
2328 460 2385 511 et
2424 471 2580 511 nunc
2608 451 2736 508 veni
2768 454 2834 508 ut
2870 454 2925 507 te
2947 466 3014 505 ex
3046 449 3152 505 hac
3171 463 3402 520 quoque
3431 447 3658 519 fugem.
3698 448 3871 500 Cum

2104 564 2239 619 ergo
2272 547 2638 619 cognovisset
2664 544 2871 598 beatus
2899 537 3219 598 Natbanael
3251 533 3313 593 se
3343 537 3524 593 fuisse
3556 535 3872 604 illusum,

2106 654 2372 693 reversus
2416 641 2501 692 est
2556 634 2629 690 ad
2689 634 2935 703 primam
2997 622 3234 697 cellam;
3267 633 3322 682 et
3367 628 3553 699 spatio
3585 624 3873 696 triginta

2106 739 2322 797 septem
2353 741 2639 780 annorum
2689 740 2802 777 non
2856 726 2944 777 est
2991 734 3260 785 egressus
3291 722 3450 772 extra
3482 716 3663 780 tores,
3709 729 3872 769 con-

2103 817 2346 871 tendens
2378 831 2507 870 curn
2540 816 2820 878 daemone,
2854 810 2950 880 qui
2985 814 3069 863 tot
3116 812 3172 863 et
3217 812 3374 860 tanta
3420 806 3470 860 ei
3505 804 3749 860 fecerat
3804 813 3873 865 ut

2103 922 2234 961 eum
2267 910 2492 973 cogeret
2518 920 2585 957 ex
2617 902 2763 957 cella
2786 901 3000 973 egredi,
3024 904 3089 954 ut
3120 915 3191 953 ne
3216 914 3284 953 ea
3314 912 3551 951 narrare
3581 894 3871 965 quidem

2101 994 2287 1049 liceat.
2322 996 2507 1063 Atque
2536 992 2685 1046 inter
2708 1004 2910 1047 caetera
2931 990 3166 1061 quidem
3200 987 3309 1041 hoc
3338 984 3726 1040 machinatus
3768 985 3872 1038 est

2105 1085 2391 1139 bonorum
2416 1081 2951 1148 inimicus,nempe
3014 1083 3079 1133 ut
3115 1093 3248 1132 eum
3298 1076 3503 1145 probro
3548 1089 3612 1128 ac
3660 1072 3869 1127 dede-

2103 1191 2234 1230 core
2263 1174 2540 1239 afﬁceret,
2564 1172 2632 1226 ad
2664 1172 2794 1240 ejus
2815 1169 3285 1238 abrumpendum
3319 1165 3695 1220 institutum.

2174 1263 2313 1319 Cum
2347 1268 2564 1332 septem
2615 1260 2804 1316 sancti
2853 1256 3106 1329 episcOpi
3150 1261 3421 1311 sanctum
3466 1251 3862 1323 invisissent,

2104 1358 2203 1409 aut
2229 1369 2297 1409 ex
2328 1352 2427 1408 Dei
2461 1348 2843 1423 providentia.
2873 1352 2973 1402 aut
3023 1363 3090 1402 ex
3116 1344 3488 1417 suggestione
3510 1341 3677 1398 illius
3712 1347 3862 1397 ten-

2101 1442 2358 1510 tationis,
2392 1457 2525 1498 eum
2587 1438 3005 1510 propemodum
3060 1433 3394 1490 deturbavit
3434 1449 3466 1487 a
3502 1431 3855 1505 proposito.

2101 1533 2242 1589 Cum
2276 1533 2430 1586 enim
2461 1529 2716 1601 episcOpi
2752 1539 3058 1599 pOSlquam
3097 1540 3233 1581 eum
3271 1522 3631 1589 invisissent,
3670 1538 3857 1578 oras-

2101 1629 2252 1687 sent,
2285 1626 2341 1675 et
2372 1626 2501 1692 post
2539 1618 2858 1674 orationem
2908 1617 3157 1681 exirent,
3193 1630 3263 1669 ne
3295 1628 3555 1683 gressum
3586 1610 3853 1681 quidem

2103 1727 2253 1765 unus
2287 1711 2447 1780 pedis
2478 1724 2576 1763 eos
2620 1708 2930 1761 comitatus
2962 1708 3053 1759 est
3096 1703 3186 1756 vir
3226 1702 3515 1772 egregius,
3560 1715 3633 1754 ne
3668 1702 3855 1755 daret

2082 1788 2287 1855 locum
2324 1799 2564 1853 inimico
2598 1798 2904 1851 bonorum.
2954 1794 3008 1847 Ei
3038 1809 3173 1864 ergo
3204 1793 3410 1846 dicunt
3455 1789 3693 1845 diaconi
3718 1789 3852 1858 epi-

2101 1905 2409 1959 scoporum
2446 1902 2459 1941 :
2492 1889 2750 1957 Superbe
2785 1893 2836 1939 te
2866 1883 3047 1956 geris,
3087 1899 3119 1936 ο
3152 1882 3466 1948 abbas,qui
3502 1897 3613 1933 non
3641 1880 3845 1934 dedu-

2100 1979 2181 2033 cis
2230 1979 2552 2048 episcopos.
2619 1978 2669 2031 Is
2728 1990 2856 2028 vero
2915 1972 3064 2027 dicit
3126 1971 3406 2040 eiszEgo
3464 1974 3521 2023 et
3551 1968 3846 2023 domino8

2101 2084 2257 2122 meos
2278 2067 2580 2137 episcopos
2609 2065 2754 2132 colo,
2788 2068 2843 2118 et
2867 2078 3098 2118 omnem
3134 2060 3353 2115 clerum
3396 2060 3615 2114 honoro
3642 2076 3657 2125 ς
3693 2075 3837 2114 sum

2099 2172 2209 2228 que
2231 2173 2335 2227 ego
2370 2161 2639 2227 peccator
2679 2153 2939 2208 omnium
2986 2151 3291 2206 hominum
3326 2151 3699 2220 peripsema:
3738 2147 3835 2201 his

2100 2252 2295 2299 autem
2329 2244 2606 2299 omnibus
2638 2246 2695 2297 et
2723 2242 2825 2295 toti
2867 2240 3017 2306 vitae,
3052 2240 3201 2311 quod
3260 2238 3319 2292 in
3350 2254 3446 2293 me
3475 2241 3586 2303 est,
3610 2251 3829 2308 propo-

2098 2335 2209 2390 sito
2269 2350 2399 2388 sum
2468 2339 2755 2387 mortuus.
2791 2330 2904 2401 Ego
2953 2328 3109 2385 enim
3176 2327 3355 2384 habeo
3416 2342 3660 2398 scopum
3724 2341 3831 2381 oc-

2098 2423 2534 2494 cultum,quem
2570 2421 2679 2476 scit
2704 2420 2982 2475 Dominus
3005 2418 3104 2488 qui
3138 2415 3536 2473 novitocculta
3570 2415 3677 2472 mei
3698 2430 3825 2472 cor-

2110 2516 2219 2580 dis,
2251 2532 2355 2569 cur
2388 2530 2484 2569 eos
2516 2530 2630 2568 non
2658 2528 2789 2566 sum
2814 2511 3146 2566 comitatus.

2166 2606 2309 2661 Cum
2342 2620 2474 2677 ergo
2511 2603 2600 2658 hic
2659 2617 2891 2673 quoque
2950 2609 3114 2655 actus
3156 2616 3267 2655 non
3302 2597 3666 2655 successisset
3694 2598 3813 2652 da-

2098 2694 2277 2753 moni,
2302 2708 2505 2747 rursus
2538 2691 2708 2745 talem
2727 2687 3264 2759 suscipitliguram.
3288 2687 3491 2743 Novem
3510 2684 3805 2740 mensibus

2095 2788 2228 2839 ante
2261 2780 2668 2835 dormitionem
2694 2778 2928 2835 athletas
2969 2779 3425 2833 transformatus
3449 2780 3532 2830 est
3559 2774 3619 2828 in
3650 2789 3800 2844 pue-

2097 2885 2224 2925 rum
2265 2867 2569 2923 duodecim
2606 2883 2792 2921 annos
2827 2872 3049 2931 natum,
3087 2871 3366 2936 tanquam
3399 2871 3650 2932 agentem
3683 2860 3811 2915 asi-

2099 2974 2236 3015 num
2274 2973 2481 3029 panem
2517 2957 2576 3011 in
2627 2961 2821 3024 sporta
2855 2957 3148 3010 ferentem.
3191 2955 3298 3018 Qui
3343 2969 3483 3025 puer
3520 2968 3651 3006 cum
3685 2967 3806 3007 sero

2095 3064 2333 3118 vespere
2362 3052 2519 3101 esset
2550 3062 2725 3117 prepe
2782 3044 3015 3109 cellam,
3049 3042 3358 3099 simulabat
3392 3041 3672 3098 cecidisse
3701 3040 3804 3097 asi-

2099 3155 2262 3205 num,
2298 3142 2352 3192 et
2384 3154 2445 3192 se
2476 3136 2756 3191 clamare:
2788 3136 2951 3189 Abba
2985 3134 3337 3202 Nathanael,
3363 3134 3643 3188 miserere
3680 3128 3804 3188 mei.

2098 3232 2154 3284 et
2186 3227 2407 3297 porrige
2432 3227 2569 3281 mihi
2604 3241 2864 3281 manum.
2901 3224 2999 3281 Ille
3031 3229 3223 3279 autem
3248 3224 3467 3279 audivit
3499 3221 3697 3294 utique
3719 3238 3814 3277 vo-

747 584 865 641 Vt'ta
884 579 1125 638 Macarii
1132 578 1375 649 juniorz's
1394 574 1530 647 (42).

354 695 596 765 Quidam
630 697 797 748 astate
826 690 1044 760 junior,
1078 684 1315 741 nomine
1367 679 1671 746 Macarius,
1702 678 1899 731 decem
1934 678 1991 730 et

281 764 411 844 octo
439 801 624 841 annos
656 788 846 847 natus,
870 794 1004 835 cum
1040 776 1261 829 luderet
1281 788 1415 829 cum
1439 770 1560 825 suis
1578 767 1892 834 aequalibus
1913 764 1984 819 ad

280 876 471 934 lacum
504 875 601 946 qui
637 871 848 927 dicitur
878 866 1077 931 Maria,
1104 879 1348 936 pascens
1372 876 1577 931 pecora
1607 858 1818 913 caedem
1856 856 1988 910 fecit

280 944 747 1021 involuntariam.
785 964 837 1014 ls
862 973 995 1013 cum
1038 954 1253 1010 nemini
1307 952 1412 1005 hoc
1438 949 1703 1009 dixisset,
1733 946 1890 1000 venit
1926 944 1986 998 in

280 1054 677 1112 solitudinem,
700 1057 757 1105 et
778 1065 844 1106 eo
879 1044 1158 1119 processit
1190 1048 1343 1097 metu
1371 1046 1428 1095 et
1462 1038 1556 1094 Dei
1580 1043 1636 1092 et
1666 1036 1989 1100 hominum,

280 1153 337 1202 ut
368 1160 479 1200 non
516 1140 765 1198 senserit
804 1156 865 1193 se
908 1136 1097 1191 tribus
1146 1133 1315 1188 annis
1366 1128 1655 1184 mansisse
1689 1126 1811 1181 sine
1840 1128 1989 1178 tecto

276 1236 337 1289 in
395 1231 732 1288 solitudine.
778 1229 877 1283 Est
942 1230 1136 1279 autem
1196 1221 1297 1276 illa
1372 1226 1520 1273 terra
1580 1216 1757 1282 arida,
1818 1215 1993 1284 idque

278 1321 473 1379 sciunt
518 1334 745 1384 omnes,
776 1321 893 1371 tam
938 1314 1034 1387 qui
1080 1310 1374 1367 auditione
1405 1309 1774 1377 acceperunt,
1809 1318 1984 1375 quam

278 1410 380 1483 qui
401 1425 467 1466 ex
492 1410 617 1480 ipsa
650 1411 866 1462 norunt
887 1401 1258 1474 experientia.
1282 1400 1381 1453 llic
1413 1398 1536 1469 ipse
1560 1394 1850 1450 Macarius
1873 1393 1984 1447 sibi

281 1482 476 1572 postea
507 1495 810 1553 aedificavit
839 1492 1106 1549 cellulam
1126 1497 1208 1557 ;et
1239 1505 1370 1543 cum
1402 1487 1461 1541 in
1493 1501 1563 1540 ea
1584 1482 1815 1540 vixisset
1845 1482 1988 1537 alios

278 1587 479 1656 viginti
510 1591 568 1642 et
598 1585 856 1659 quinque
889 1598 1094 1647 annos,
1118 1588 1277 1634 tanta
1298 1577 1485 1645 gratia
1511 1576 1725 1646 dignus
1756 1578 1840 1628 est
1888 1572 1986 1628 ha-

278 1677 461 1747 bitus,
496 1679 561 1732 ut
617 1673 934 1731 solitudine
997 1669 1111 1741 (43)
1144 1667 1463 1723 delectatus
1520 1663 1846 1734 despiceret
1876 1662 1990 1717 dae-

279 1770 494 1825 mones.
540 1766 657 1838 Ego
715 1780 845 1821 cum
910 1778 975 1817 eo
1023 1765 1285 1815 versatus
1315 1757 1484 1828 longo
1515 1761 1797 1823 tempore,
1823 1753 1893 1806 ab
1922 1768 1989 1807 eo

279 1856 455 1913 didici
486 1853 777 1927 quomodo
799 1853 1002 1907 structa
1053 1854 1209 1905 esset
1256 1848 1383 1915 ejus
1419 1845 1562 1901 ratio
1585 1845 1657 1899 ob
1685 1847 1985 1914 peccatum
2022 1844 2066 1910 Β

279 1947 468 2005 cedis.
503 1946 743 2003 Dicebat
771 1951 988 2006 autem,
1021 1945 1251 1996 tantum
1294 1940 1496 1993 abesse
1553 1940 1618 1988 ut
1648 1932 1890 1988 doleret.
1924 1937 1990 1987 ut

278 2039 449 2097 etiam
509 2036 722 2109 gratias
782 2037 979 2104 ageret
1024 2031 1096 2086 de
1146 2028 1375 2085 crimine
1427 2026 1614 2082 caedis.
1677 2024 1803 2077 Fuit
1833 2022 1989 2077 enim

277 2129 464 2185 cades
485 2122 874 2183 involuntaria
898 2121 1038 2176 mihi
1064 2135 1238 2176 causa
1255 2117 1483 2172 salutis.
1513 2114 1748 2169 Dicebat
1767 2117 1983 2177 autem,

278 2230 348 2271 ex
403 2210 723 2284 Scripturis
781 2209 1026 2266 atterens
1084 2204 1492 2262 testimonium
1551 2201 1748 2267 credis,
1808 2215 1990 2270 qurea

278 2314 493 2374 magno
524 2298 623 2357 Dei
655 2313 818 2354 servo
867 2298 1058 2368 Moyse
1108 2294 1260 2349 facta
1309 2291 1419 2346 fuit
1443 2291 1502 2344 in
1533 2287 1797 2359 Egypto,
1834 2286 1986 2356 quod

279 2392 391 2451 nisi
420 2394 657 2465 propter
686 2388 917 2455 eadem,
940 2390 996 2441 et
1019 2390 1236 2440 metum
1274 2379 1609 2445 Pharaonis,
1634 2394 1745 2433 non
1776 2376 1988 2446 dignus

276 2482 511 2541 habitus
542 2480 749 2537 fuisset
782 2477 1009 2549 Moyses
1050 2474 1272 2530 visione
1330 2469 1582 2529 Domini,
1617 2472 1673 2523 et
1694 2472 1857 2522 tanto
1890 2466 1988 2521 do-

274 2588 370 2637 no,
402 2574 458 2627 et
483 2568 916 2640 conscriptione
947 2574 1276 2622 sanctorum
1309 2560 1675 2631 eloquiorum
1706 2556 1985 2623 Spiritus.

269 2660 416 2719 Nam
448 2674 584 2716 cum
609 2655 911 2727 ell'ugisset
942 2669 1011 2708 ex
1042 2653 1308 2723 Egypto,
1336 2646 1595 2718 pervenit
1634 2648 1693 2702 in
1729 2651 1987 2701 montem

268 2749 428 2807 Sina.
463 2746 596 2804 Haec
618 2755 808 2801 autem
843 2741 1120 2813 dicojnon
1155 2738 1421 2794 muniens
1453 2736 1601 2790 viam
1654 2734 1725 2789 ad
1778 2734 1990 2788 easdem

272 2833 694 2908 aliquam;sed
728 2829 925 2903 potius
979 2828 1295 2885 ostendens
1336 2840 1465 2881 esse
1512 2823 1687 2879 etiam
1746 2823 1990 2877 virtutes

275 2940 406 3001 quin
460 2922 727 2980 oriuntur
784 2936 851 2977 ex
908 2933 1067 2985 casu,
1101 2916 1333 2990 quando
1375 2930 1487 2969 non
1520 2912 1646 2968 vult
1694 2911 1825 2983 quis
1883 2927 1992 2966 sua

274 3018 482 3089 sponte
512 3013 581 3071 ad
618 3014 833 3069 bonum
868 3008 1162 3067 accedere.
1192 3006 1273 3063 Ex
1313 3003 1628 3060 virtutibus
1675 3002 1831 3058 enim
1865 3001 1988 3055 alias

275 3104 511 3179 quidem
570 3107 709 3159 sunt
774 3116 902 3174 quae
960 3113 1027 3154 ex
1076 3095 1362 3153 voluntate
1420 3099 1477 3150 et
1523 3109 1592 3149 ex
1640 3098 1835 3148 nostro
1866 3092 1993 3146 ani-

276 3176 359 3251 mi
404 3195 670 3250 instituto
715 3190 1169 3264 proﬁciscuntur
1194 3211 1208 3255 ;
1237 3186 1360 3242 alite
1404 3200 1536 3242 vero
1586 3199 1715 3256 quae
1744 3198 1811 3240 ex
1845 3199 1980 3239 casu
2015 3176 2059 3251 Ω

276 3288 621 3341 nascuntur.
2187 3288 2198 3296 '
2339 3288 2370 3297 ν
2406 3318 2416 3327 .
2900 3316 2908 3324 .
3396 3314 3405 3324 .
3604 3288 3637 3323 -.
3707 3312 3720 3324 .

920 3384 943 3388 ,ν
968 3385 976 3388 -
999 3383 1137 3388 ____
2099 3334 2221 3372 cem
2259 3332 2459 3388 pueri;
2494 3320 2549 3371 et
2582 3319 2782 3387 aperto
2807 3324 2950 3370 ostio
2983 3313 3163 3379 cellae,
3187 3319 3352 3369 stans
3394 3321 3552 3367 intus
3585 3329 3638 3368 et
3668 3316 3815 3367 dlce-

908 3383 1138 3451 CAPUT
1168 3381 1357 3439 xvm'
2098 3407 2199 3464 bat
2232 3381 2419 3475 z-Quis
2446 3381 2561 3469 ves,
2599 3381 2656 3460 et
2700 3404 2838 3478 quid
2882 3406 2967 3459 vis
3027 3404 3133 3458 tibi
3202 3403 3454 3459 faciam?
3487 3403 3814 3475 Respondet

778 3488 899 3545 Vita
928 3486 1139 3550 abbatis
1169 3486 1488 3542 Nathanael.
2100 3495 2324 3548 daemon
2353 3509 2365 3546 :
2394 3491 2506 3561 Ego
2537 3508 2666 3546 sum
2737 3490 2912 3558 hujus
2946 3490 3215 3546 monachi
3272 3488 3561 3559 minister,
3614 3495 3673 3546 et
3704 3490 3813 3545 fero

347 3602 425 3659 Ex
445 3595 739 3656 veteribus
797 3594 1017 3651 sanctis
1076 3593 1185 3647 fuit
1242 3592 1475 3664 quidam
1534 3590 1706 3658 alius,
1739 3590 1992 3662 Optimus
2100 3598 2299 3653 panes,
2332 3582 2606 3652 quoniam
2638 3586 2727 3636 est
2748 3598 2929 3653 agape
2963 3580 3041 3635 tui
3075 3581 3193 3636 noti
3228 3581 3460 3647 fratris;
3496 3586 3554 3635 et
3582 3597 3715 3635 cras
3747 3579 3813 3635 il-

277 3690 490 3750 Chrieti
549 3686 789 3755 athleta,
824 3682 1057 3740 nomine
1085 3680 1426 3739 Nathanael.
1462 3680 1600 3736 Eum
1641 3696 1742 3746 ego
1777 3696 1889 3733 non
1912 3679 1989 3733 of-
2099 3672 2427 3727 lucescente
2460 3670 2712 3726 Sabbato
2734 3688 2878 3740 opus
2908 3679 2991 3725 est
3040 3671 3455 3726 oblationibus.
3491 3671 3651 3744 Rogo
3682 3686 3814 3742 ergo

277 3780 437 3849 tendi
470 3779 531 3847 in,
559 3793 762 3844 carne;
787 3775 1106 3832 dormierat
1128 3774 1281 3828 enim
1300 3771 1631 3844 quindecim
1666 3769 1836 3825 annis
1860 3774 1993 3825 ante
2102 3766 2159 3817 te
2185 3777 2253 3815 ne
2282 3777 2371 3816 me
2403 3761 2709 3832 despicias,
2745 3778 2814 3816 ne
2843 3764 3076 3816 devoret
3103 3761 3174 3816 ub
3207 3760 3449 3832 byanis.
3482 3762 3625 3815 Sunt
3658 3761 3813 3816 enim

280 3886 476 3931 meum
510 3868 823 3926 adventum
858 3866 915 3921 in
952 3870 1231 3921 montem.
1265 3862 1367 3919 Cui
1413 3871 1604 3917 autem
1666 3861 1724 3915 in
1784 3876 1882 3915 eos
1906 3861 1991 3914 in-
2102 3851 2319 3924 hyaenae
2349 3851 2405 3905 in
2434 3852 2523 3905 his
2554 3851 2710 3911 locis.
2746 3857 2918 3908 Stans
2948 3868 3081 3924 ergo
3134 3859 3329 3906 mutus
3361 3852 3565 3906 beatus
3598 3851 3816 3906 Natha-

278 3960 552 4018 cidissem
581 3957 678 4031 qui
706 3972 839 4011 cum
873 3956 981 4010 hoc
1012 3959 1216 4009 sancto
1256 3968 1318 4006 se
1360 3955 1759 4017 exercuerant,
1782 3953 1839 4003 et
1874 3950 1991 4003 fuc-
2106 3940 2256 4007 nael,
2294 3958 2406 4010 prae
2440 3939 2657 4011 ingenti
2689 3941 2816 4009 ejus
2843 3941 3238 3996 misericordia
3272 3941 3557 4010 caligabat
3581 3949 3819 3995 contur-

278 4057 412 4109 rant
440 4050 489 4104 ei
514 4030 772 4119 tempore
801 4044 1076 4113 requales,
1102 4044 1172 4097 de
1202 4042 1306 4095 viii
1342 4042 1549 4095 virtute
1576 4040 1839 4095 lubenter
1860 4054 1991 4093 sum
2106 4033 2276 4087 batus
2310 4031 2645 4098 visceribus,
2670 4037 2725 4085 et
2785 4033 3090 4101 reputabat
3134 4031 3285 4102 apud
3319 4046 3380 4084 se
3411 4030 3546 4102 quid
3585 4031 3821 4097 faceret,

277 4157 376 4198 eos
406 4139 757 4196 sciscitatus.
785 4134 923 4190 Mihi
954 4140 1145 4188 autern
1169 4132 1293 4201 ejus
1316 4146 1543 4202 quoque
1564 4129 1764 4185 cellam
1801 4137 1995 4185 osten-
2106 4121 2305 4175 dicens
2343 4138 2354 4174 :
2391 4122 2501 4175 Aut
2534 4122 2791 4174 futurum
2828 4131 2913 4177 est
2947 4122 3425 4193 uttransgrediar
3456 4121 3817 4187 mandatum.

279 4232 513 4293 derunt,
538 4229 594 4282 in
629 4243 743 4297 qua
776 4224 974 4280 nullus
1025 4221 1215 4275 adhuc
1258 4221 1497 4284 habitat,
1520 4219 1672 4288 quod
1726 4220 1795 4271 sit
1829 4226 1996 4272 terrea
2108 4220 2204 4264 θυι
2229 4228 2260 4264 a
2292 4212 2584 4281 proposito
2616 4214 2896 4266 exmdam.
2932 4216 3131 4266 Postea
3163 4213 3253 4283 pia
3279 4212 3430 4282 apud
3455 4228 3515 4266 se
3546 4218 3821 4281 reputans

283 4318 554 4374 habitata
584 4312 975 4384 propinquior.
1007 4310 1103 4365 Illo
1126 4309 1280 4366 enim
1320 4311 1521 4362 beatus
1559 4314 1699 4361 tunc
1720 4323 1847 4361 eam
1865 4324 1997 4361 con—
2110 4301 2458 4371 cognitione,
2484 4300 2657 4355 dixit:
2689 4301 2895 4355 Melius
2927 4308 3015 4355 est
3046 4319 3115 4357 ne
3149 4302 3489 4357 labefactem
3538 4308 3620 4358 tot
3649 4317 3823 4356 anno-

284 4403 683 4476 diditquando
718 4401 832 4455 rari
882 4404 1109 4455 fuerant
1164 4398 1547 4454 anachoreta.
1594 4396 1861 4451 Narravit
1892 4412 1997 4450 au-
2110 4407 2243 4445 rum
2279 4391 2729 4461 pronositumad
2760 4392 3076 4458 ignominia
3107 4392 3482 4447 afficiendum
3507 4395 3559 4444 et
3583 4392 3817 4445 vincen-

284 4505 395 4553 tem
431 4492 573 4549 mihi
606 4492 895 4562 egregiam
920 4492 1048 4557 ejus
1078 4488 1541 4544 exercitationem
1569 4505 1583 4555 ;
1608 4503 1816 4556 nempe
1848 4486 1998 4556 quod
2037 4548 2072 4562 ﬁ
2110 4480 2247 4534 dum
2282 4480 2599 4534 diabolum.
2626 4481 2767 4534 Cum
2803 4480 2994 4548 itaque
3018 4481 3330 4536 Dominum
3364 4485 3635 4552 rogasset,
3674 4478 3815 4533 dicit

281 4591 508 4643 tantam
543 4548 811 4640 habuerit
846 4582 900 4636 in
961 4579 1108 4637 cella
1165 4548 1655 4644 tolerantiamput
1691 4548 1996 4648 nunquam
2033 4548 2076 4613 D
2111 4586 2286 4639 puero
2311 4569 2407 4637 qui
2442 4586 2571 4623 cum
2600 4586 2664 4623 eo
2718 4570 3067 4639 loquebatur
3102 4588 3114 4626 :
3152 4570 3324 4639 Audi,
3377 4548 3647 4641 pu_er,aut
3676 4568 3818 4638 qui-

286 4676 538 4731 dimotus
568 4674 705 4727 sita
740 4670 1055 4742 preposito.
1090 4668 1228 4723 Cum
1254 4667 1325 4722 ab
1359 4666 1527 4721 initio
1561 4666 1763 4721 fuisset
1788 4665 1998 4719 illusus
2113 4676 2344 4731 cunque
2376 4664 2473 4714 sis.
2499 4661 2677 4717 Credo
2709 4660 2767 4714 in
2792 4661 2971 4715 Deum
2990 4678 3162 4733 quem
3196 4662 3344 4728 colo,
3368 4662 3466 4733 qui
3495 4660 3823 4715 dominatur

287 4783 320 4821 a
349 4767 630 4830 daemone,
664 4762 762 4831 qui
804 4777 1006 4818 omnes
1031 4758 1242 4819 illudit,
1269 4758 1366 4830 qui
1398 4772 1528 4811 eum
1565 4754 1678 4808 labi
1717 4754 1996 4809 fecerzitin
2113 4752 2295 4803 cuivis
2353 4748 2599 4818 spiritui,
2631 4751 2784 4821 quod
2846 4751 2897 4805 si
2956 4751 3173 4806 auxilio
3230 4767 3423 4805 revera
3456 4767 3642 4822 egeas,
3679 4750 3824 4804 Deus

288 4856 613 4914 socordiam
645 4862 701 4907 et
730 4853 912 4906 animi
957 4866 1275 4916 mmrurem,
1301 4854 1357 4903 et
1408 4864 1535 4903 eum
1571 4863 1597 4900 ει
1622 4845 1766 4900 cella
1797 4860 1997 4915 exege-
2114 4840 2218 4893 tibi
2243 4840 2434 4892 mittet
2463 4840 2773 4909 auxilium;
2809 4846 2865 4895 et
2899 4857 3085 4911 neque
3117 4841 3352 4912 hyaenae,
3389 4855 3575 4913 neque
3604 4839 3820 4909 aliquid

290 4945 580 5015 [animus
613 4946 698 4996 est,
747 4940 901 4994 enim
950 4956 1077 4996 esse
1109 4941 1290 4994 tristis
1310 4944 1366 4992 et,
1397 4939 1595 4991 animo
1620 4937 1751 5006 angi
1787 4936 1842 4989 in
1879 4934 2002 5006 pri—
2114 4925 2278 4981 aliud
2303 4927 2406 4981 tibi
2442 4926 2587 4982 male
2620 4927 2819 4995 faciet;
2850 4929 2941 4984 sin
2966 4935 3160 4984 autem
3194 4945 3256 4983 es
3280 4927 3824 4998 tentatio,hocquc-

293 5051 387 5092 ma
426 5031 611 5101 cella),
646 5030 785 5085 illuc
814 5030 1010 5100 itaque
1043 5026 1848 5095 recedens,mdiﬁcavitaliam
1871 5042 2002 5097 pro.
2114 5031 2226 5087 que
2258 5015 2408 5069 Deus
2443 5015 2586 5069 mihi
2609 5016 2816 5071 exhinc
2842 5018 2966 5087 jam
3019 5016 3315 5083 revelabit,
3349 5025 3403 5071 et
3435 5017 3635 5071 clauso
3668 5014 3827 5070 68118

292 5123 662 5196 pinguiorem
693 5134 858 5189 pago.
898 5123 1211 5189 Postquam
1244 5134 1381 5190 ergo
1420 5115 1656 5189 perfecit
1687 5114 1912 5181 cellam,
1946 5118 2004 5169 et
2114 5106 2262 5160 ostio
2314 5109 2403 5159 est
2461 5104 2782 5175 ingressus.
2820 5106 3039 5163 Pudore
3096 5113 3288 5163 autem
3332 5107 3573 5163 affectus
3604 5106 3823 5161 daemon

291 5195 351 5271 in
382 5228 451 5269 ea
479 5208 761 5266 habitavit
785 5212 900 5261 tres
931 5205 1015 5260 vel
1041 5212 1290 5277 quatuor
1310 5222 1563 5270 menses,
1588 5204 1809 5259 accedit
1833 5208 2002 5258 noctu
2115 5197 2265 5270 quod
2299 5195 2381 5251 sic
2404 5213 2636 5268 quoque
2680 5202 2833 5253 esset
2877 5202 3084 5263 victus,
3114 5198 3407 5254 resolutus
3440 5202 3529 5253 est
3568 5197 3623 5251 in
3651 5196 3827 5250 turbi-

290 5305 515 5362 dtemon
546 5308 803 5357 tauream
830 5304 1032 5351 tenens
1083 5297 1231 5351 sicut
1280 5297 1535 5362 lictores,
1572 5312 1688 5367 prae
1721 5311 1782 5349 se
1817 5296 2005 5349 ferens
2116 5303 2269 5351 nem,
2295 5285 2641 5358 onagrisque
2672 5290 3099 5344 exsultantibus
3119 5305 3181 5343 ac
3213 5288 3572 5360 fugientibus
3602 5293 3653 5343 et
3686 5292 3829 5342 stre-

292 5395 543 5466 speciem
578 5391 788 5447 militis
844 5386 1057 5461 pannis
1095 5386 1305 5455 induti,
1339 5392 1395 5441 et
1441 5392 1641 5441 taurea
1690 5386 1797 5455 (44)
1830 5386 2006 5440 edens
2116 5377 2299 5447 pitum
2333 5375 2638 5429 edentibus
2672 5377 3055 5444 assimilatas,
3088 5377 3170 5432 sic
3210 5377 3466 5432 evanuit.

292 5463 590 5554 strepitus.
641 5482 742 5537 Cui
802 5495 1147 5543 succensus,
1189 5477 1337 5531 dixit
1387 5479 1589 5533 beatus
1631 5474 1953 5531 Nathanael
1985 5489 1999 5530 :
2188 5465 2305 5520 Hoc
2340 5464 2445 5519 fuit
2475 5472 2766 5521 certamen
2800 5467 2951 5522 beati
2982 5466 3325 5534 Nathanael,
3358 5471 3414 5520 et
3441 5465 3531 5521 hac
3561 5463 3828 5519 suntvir-

296 5575 437 5642 Quis
466 5579 528 5629 tu
557 5589 619 5628 es
640 5572 740 5645 qui
782 5572 904 5628 hac
954 5570 1096 5625 facis
1152 5570 1209 5622 in
1271 5583 1399 5623 meo
1446 5566 1743 5636 hospitio?
1773 5565 2005 5620 Daemon
2116 5560 2270 5612 tutes
2302 5554 2427 5623 ejus
2456 5555 2900 5621 exercitationis,
2932 5561 2990 5612 et
3057 5572 3253 5628 pugna
3304 5555 3519 5609 invicta
3547 5554 3827 5611 adversus

299 5668 492 5721 autem
525 5662 855 5734 respondit:
888 5660 1006 5733 Ego
1039 5675 1170 5717 sum
1204 5658 1303 5731 qui
1336 5662 1389 5714 te
1421 5674 1487 5713 cx
1514 5661 1619 5712 tua
1648 5656 1839 5727 prima
1866 5653 2009 5711 cella
2119 5644 2513 5703 adversarium
2546 5660 2560 5712 ;
2594 5650 2648 5699 et
2680 5644 2773 5700 hic
2810 5652 2937 5717 ejus
2968 5648 3211 5704 celebris
3246 5646 3377 5702 vitae
3411 5644 3564 5701 linis.
