4076 6280
1900 331 2044 397 ΡΑΙ..

2159 334 2267 396 DII
3636 330 3845 393 1044

2064 473 2231 542 Αναι
2281 465 2614 547 ἀδηφαγίαν,
2663 468 2697 537 ἢ
2759 466 2905 538 παρὰ
2944 468 3059 527 τοῖς
3109 463 3253 521 οὖσιν
3314 465 3368 521 iv
3428 469 3544 529 τοῖς
3601 460 3841 527 τόποις

2151 556 2406 623 ἐκείνοις,
2434 558 2527 614 καὶ
2558 554 2650 612 διὰ
2674 556 2773 625 τὴν
2808 557 2993 610 σπάνιν
3026 559 3136 609 τῶν
3180 558 3409 632 χρειῶν,
3441 555 3529 608 καὶ
3580 549 3672 608 διὰ
3706 553 3838 608 τὸν

2151 648 2286 703 κατὰ
2331 649 2460 705 Θεὸν
2511 646 2679 716 ζῆλον
2724 651 2831 701 τῶν
2886 644 3287 700 κατοικούντων
3346 644 3477 709 ἐκεῖ,
3524 642 3608 699 ἀεὶ
3660 644 3849 718 πρὸς

2157 736 2445 807 ἀλλήλους
2494 738 2733 792 ἑκάστων
2795 734 3252 813 φιλονεικούντων
3311 727 3649 809 ὑπερϐαίνειν
3718 734 3844 787 τὸν

2152 826 2391 899 πλησίον
2420 832 2537 887 ταῖς
2571 824 2855 904 διαφόροις
2885 823 3212 886 πολιτείαις.

2228 919 2355 990 Περὶ
2390 913 2448 970 δὲ
2494 924 2597 983 τῆς
2629 913 2810 985 ἄλλης
2858 917 3139 983 ἀσκήσεως
3185 911 3380 968 τούτου
3404 916 3500 967 τοῦ
3548 912 3840 987 οὐρανίου

2156 1003 2374 1078 ἀνδρὸς,
2408 1008 2693 1080 Μακαρίου
2728 1005 2893 1080 λέγω.
2927 1002 3146 1077 ἐλέγετο
3196 1002 3353 1063 οὗτος
3383 1004 3411 1057 6
3459 1004 3613 1078 ἅγιος
3649 1000 3843 1057 ἀδια-

2160 1086 2419 1157 λείπτως,
2468 1085 2798 1156 ἐξίστασθαι,
2846 1085 2937 1140 καὶ
2985 1081 3199 1157 μᾶλλον
3230 1088 3311 1154 τῷ
3353 1081 3563 1139 πλείονι
3612 1084 3841 1159 χρόνῳ

2157 1172 2600 1253 προσδιατρίϐειν
2652 1180 2792 1248 Θεῷ,
2823 1174 2857 1244 ἢ
2902 1180 3017 1236 τοῖς
3065 1174 3155 1229 ὑπ’
3185 1173 3414 1249 οὐρανὸν
3466 1172 3835 1248 πράγμασιν,

2164 1268 2235 1322 Οῦ
2266 1268 2357 1321 καὶ
2389 1263 2620 1347 διάφορα
2650 1265 2899 1342 φέρονται
2934 1262 3203 1337 θαύματα.

2233 1357 2395 1429 Ἀνήρ
2451 1376 2533 1414 τις
2590 1353 2887 1429 Αἰγύπτιος
2964 1353 3173 1416 ἄσωτος
3246 1350 3487 1426 ἐρασθεὶς
3552 1352 3831 1427 γυναικὸς

2161 1443 2445 1520 ἐλευθέρας
2481 1441 2777 1519 ὑπάνδρου,
2809 1444 2899 1498 καὶ
2952 1444 3029 1515 μὴ
3062 1440 3361 1516 δυνάμενος
3410 1440 3575 1509 αύτήν
3623 1437 3833 1497 δελεάο

2164 1555 2273 1605 σαι,
2322 1532 2410 1589 διὰ
2465 1536 2565 1604 τὴν
2614 1532 2971 1612 σωφροσύνην
3020 1533 3222 1602 ταύτης
3280 1532 3417 1606 πρὸς
3461 1532 3553 1586 τὸν
3605 1532 3830 1605 παρθε-

2161 1626 2309 1679 νικόν
2349 1624 2515 1693 αὐτῆς
2565 1621 2751 1698 ἄνδρα,
2778 1620 3204 1698 προσωμίλησεν
3259 1622 3423 1696 γόητι
3454 1622 3483 1675 ὁ
3530 1620 3828 1696 κακόσχο-

2165 1714 2285 1784 λος,
2319 1714 2495 1791 λέγων
2545 1714 2711 1786 αὐτῷ,
2759 1716 2827 1770 Ἢ
2875 1710 3000 1769 ’έλον
3049 1714 3252 1782 ταύτην
3302 1710 3378 1773 εἷς
3422 1713 3485 1766 τὸ
3532 1710 3827 1784 ἀγαπῆσαί

2167 1826 2255 1879 με,
2304 1805 2338 1874 ἢ
2390 1800 2610 1879 ἔργασαί
2656 1826 2708 1859 τι
2756 1806 2825 1877 τῇ
2876 1802 3047 1881 τέχνῃ
3100 1823 3214 1864 σου,
3257 1800 3348 1857 ἵνα
3575 1801 3753 1868 αὐτήν
3792 1801 3823 1855 6

2162 1893 2301 1969 ἀνῆρ
2334 1895 2523 1962 αὐτῆς.
2558 1888 2755 1949 Λαϐὼν
2787 1890 2877 1947 05v
2918 1894 2945 1947 6
2975 1891 3111 1965 γόης
3141 1892 3203 1946 τὸ
3236 1890 3411 1946 ἰκανὸν
3444 1891 3573 1962 παρ’
3614 1889 3821 1962 αὐτοῦ,

2163 1976 2438 2051 ἐχρήσατο
2494 1979 2613 2036 ταῖς
2672 1974 2863 2029 ἑαυτοῦ
2938 1972 3219 2049 γοητείαις
3275 1972 3363 2027 καὶ
3440 1970 3818 2046 μαγγανείαις.

2162 2063 2263 2119 Καὶ
2314 2067 2390 2133 μή
2452 2059 2703 2132 δυνηθεὶς
2750 2060 2915 2131 αὐτῆς
2966 2058 3219 2129 ἐκστῆσαι
3279 2062 3370 2113 τὸν
3426 2062 3554 2113 νοῦν
3607 2056 3686 2121 είς
3749 2058 3819 2115 τὸ

383 334 539 399 1043

958 471 1218 525 ΚΕΦΔΛ.
1254 466 1353 537 10',
1387 465 1464 522 ις’.

740 547 872 623 Περὶ
905 547 1192 621 Μακαρίου
1221 551 1317 601 τοῦ
1352 546 1676 624 Αἰγυπτίου.

454 639 529 695 Τὰ
567 639 705 693 κατὰ
748 637 877 699 τοὺς
929 637 1120 711 ἁγίους
1172 635 1262 690 καὶ
1311 635 1608 699 ἀθανάτους
1644 636 1882 710 Πατέρας
1914 644 2039 695 Μα-

384 728 572 803 κάριον
632 728 723 781 τὸν
779 726 1096 800 Αίγύπτιον,
1152 724 1244 778 καὶ
1304 726 1582 799 Μακάριον
1640 727 1731 780 τὸν
1792 724 2044 798 ’Δλεξαν-

386 806 537 884 δρέα,
596 808 725 869 τοὺς
801 807 1077 883 γενναίους
1162 803 1356 881 ἄνδρας
1422 806 1511 860 καὶ
1569 806 2044 884 ἀκαταγωνίστους

386 897 647 964 ἀθλητάς,
688 900 784 951 τοῦ
843 894 1091 970 ἐναρέτου
1157 896 1279 969 βίου
1342 892 1480 949 ἆθλα
1538 894 1722 951 πολλὰ
1770 892 1899 950 ὄντα
1953 898 2040 951 καὶ

388 986 619 1061 μεγάλα,
680 988 765 1041 καὶ
828 988 1025 1058 μικροῦ
1084 982 1194 1039 δεῖν
1260 981 1523 1039 δύσπιστα
1586 991 1705 1047 τοῖς
1773 985 2043 1048 ἀπίστοις,

386 1068 529 1123 ὀκνῶ
576 1064 964 1140 διηγήσασθαι,
1008 1067 1093 1119 καὶ
1154 1070 1339 1141 γραφῇ
1388 1062 1743 1141 παραδοῦναι,
1796 1068 1873 1138 μή
1914 1088 2047 1121 ποτε

384 1155 476 1212 καὶ
521 1155 758 1231 ψεύστου
820 1152 976 1226 δόξαν
1034 1154 1443 1228 ἀπενέγκωμαι.
1476 1156 1599 1211 ’Ότι
1657 1153 1713 1209 δὲ
1775 1152 2044 1210 ἀπολλύει

388 1246 583 1319 Κύριος
644 1243 844 1306 πάνατς
893 1244 1022 1305 τοὺς
1094 1240 1398 1304 λαλοῦντας
1458 1244 1518 1297 τὸ
1585 1240 1808 1316 ψεῦδος,
1866 1248 2049 1320 σαφῶς

388 1334 531 1389 ἔστιν
569 1331 700 1388 ίδεῖν
730 1333 1152 1411 ἀποφηνάμενον
1184 1332 1245 1385 τὸ
1280 1336 1497 1403 Πνεῦμα
1526 1333 1586 1387 τὸ
1618 1334 1789 1405 ἅγιον,

462 1418 636 1488 Ἑμοῦ
664 1413 844 1469 τοίνυν
896 1416 970 1487 μὴ
1030 1412 1366 1487 ψευδομένου
1425 1411 1514 1467 διὰ
1568 1415 1667 1483 τήν
1732 1416 1894 1491 χάριν
1952 1419 2051 1469 τοῦ

392 1505 614 1576 Κυρίου,
672 1503 961 1558 πιστότατε
1018 1507 1127 1556 τῶν
1185 1497 1391 1575 ἀνδρῶν
1462 1506 1656 1570 Ααῦσε,
1706 1501 1795 1556 καὶ
1886 1503 2051 1565 αὐτὸς

394 1587 469 1656 μή
504 1582 714 1638 ἀπίστει
745 1587 861 1643 τοῖς
909 1587 1016 1636 τῶν
1075 1579 1248 1655 ἁγίων
1312 1579 1573 1655 Πατέρων
1636 1580 1851 1651 ἁθλοις,
1911 1580 2057 1637 ἀλλὰ

394 1670 609 1746 μᾶλλον
669 1670 1095 1748 έγκαλλωπίζου
1160 1668 1365 1725 τούτων
1423 1674 1531 1724 τῶν
1598 1667 1901 1741 ἀοιδίμων,
1958 1673 2051 1725 καὶ

390 1762 561 1824 ὅντως
595 1761 902 1837 μακαρίων,
951 1764 1058 1816 τῶν
1106 1761 1217 1815 κατ’
1280 1759 1430 1829 ἀξίαν
1485 1762 1591 1814 τῶν
1650 1758 1811 1814 ὁσίων
1872 1758 2053 1816 ἄθλων

392 1854 569 1910 αὐτῶν
603 1859 699 1920 τῆς
735 1850 1017 1921 ἀσκήσεως
1048 1852 1138 1905 καὶ
1168 1849 1235 1904 τά
1265 1847 1503 1922 ὀνόματα
1532 1869 1694 1919 κεκτη
1709 1847 1902 1921 μένων,
2080 1855 2129 1924 Β

462 1945 520 1997 '0
564 1941 658 2013 μὲν
717 1944 938 2009 πρῶτος
998 1937 1247 2008 ἀθλητὴς
1304 1942 1400 1992 τοῦ
1450 1943 1711 2011 Χριστοῦ,
1771 1938 2050 2012 Μακάριος

390 2030 643 2103 ἀνόματι,
676 2029 975 2103 Αἰγύπτιος
1032 2032 1111 2099 τῷ
1141 2029 1279 2101 γένει
1325 2027 1569 2102 ὑπῆρχεν
1606 2044 1620 2059 '
1655 2028 1683 2082 6
1715 2025 1771 2082 δὲ
1804 2025 2052 2103 δεύτερος

390 2116 459 2187 τῇ
501 2111 718 2181 ήλικιᾳ,
760 2114 980 2184 πρῶτος
1024 2106 1081 2163 δὲ
1126 2113 1246 2171 τοῖς
1290 2111 1673 2182 προτερήμασι
1722 2112 1832 2163 τῶν
1885 2129 2051 2180 μονα-

391 2203 535 2273 χῶν,
585 2196 676 2253 καὶ
716 2197 879 2259 αὐτὸς
932 2198 1213 2271 Μακάριος
1265 2194 1603 2267 καλούμενοι
1651 2199 1731 2267 τῷ
1798 2195 2050 2268 ὀνόματι,

398 2284 791 2361 Ἀλεξανδρέων
821 2285 1059 2356 πολίτης
1091 2286 1333 2361 γέγονεν,
1354 2286 1679 2359 τραγήματα
1707 2285 2049 2360 πιπράσκων.

467 2375 570 2433 Καὶ
648 2375 715 2431 τά
782 2375 877 2447 μὶν
932 2380 1122 2450 πρῶτα
1198 2372 1539 2449 διηγήσομαι
1594 2378 1690 2429 τοῦ
1752 2375 2051 2451 Αἰγυπτίου

396 2465 677 2539 Μακαρίου
714 2464 811 2526 τάς
880 2463 1096 2538 ἀρετὰς,
1148 2464 1205 2525 ὃς
1246 2461 1432 2535 ἔζησεν
1484 2464 1553 2518 τὰ
1611 2462 1898 2537 σύμπαντα
1953 2460 2045 2535 ἔτη

395 2552 739 2621 ἐνενήκοντα.
784 2552 919 2608 Ἀπὸ
972 2553 1179 2607 τούτων
1246 2552 1299 2607 ἐν
1356 2556 1424 2624 τῇ
1493 2551 1687 2624 ἐρήμῳ
1753 2551 2048 2624 πεποίηκεν

398 2641 655 2711 ἑξήκοντα
693 2638 811 2710 ἔτη.
860 2643 1288 2713 Τριακονταετής
1346 2639 1583 2695 ἀνελθὼν
1643 2641 1903 2713 νεώτερος
1978 2648 2048 2718 τῇ

398 2729 591 2802 ἡλικίᾳ
656 2735 921 2807 σφριγῶν,
986 2732 1223 2804 τοσαύτῃ
1284 2730 1440 2791 οὗτος
1483 2730 1757 2805 ὶχρήσατο
1795 2732 2051 2806 καρτερία

398 2818 575 2875 πόνων
605 2819 911 2889 ἁτκητικῶν
941 2817 993 2873 ἐν
1035 2818 1189 2880 ὅλοις
1252 2815 1383 2874 δέκα
1438 2817 1631 2888 ἔτεσιν,
1691 2820 1768 2883 ὡς
1828 2819 2049 2890 πολλῆς

398 2911 487 2966 καὶ
534 2910 781 2987 μεγάλης
834 2908 1030 2966 τοῦτον
1097 2910 1394 2982 ἀξιωθῆναι
1464 2906 1786 2985 διακρίσεως
1829 2933 1844 2948 ο

396 2998 680 3057 καλεῖσθαι
753 3000 909 3056 αὐτὸν
983 2998 1495 3078 παιδαριογέροντα,

1911 2913 2049 2969 ὥττε

1578 3001 1765 3069 ἐπειδὴ
1859 3005 2048 3058 θᾶττον

396 3097 498 3161 τῆς
547 3089 772 3160 ἡλικίας
830 3092 1134 3166 προέκοψεν
1182 3095 1299 3152 ταῖς
1370 3089 1606 3165 ἀρεταῖς.
1684 3098 2045 3167 Τεσσαρακον-

392 3182 589 3249 ταετὴς
617 3182 720 3259 γάρ
765 3182 1057 3258 γενόμενος
1108 3179 1246 3235 κατὰ
1283 3181 1603 3252 πνευμάτων
1653 3177 1846 3237 ἔλαϐεν
1895 3184 2044 3255 ἔξου-

396 3273 677 3340 σιαστικήν
744 3267 993 3343 δύναμιν,
1061 3268 1150 3324 καὶ
1244 3268 1496 3344 χάρισμα
1590 3268 1860 3341 ἰαμάτων,
1954 3272 2042 3326 καὶ

394 3363 609 3430 πνεῦμα
652 3357 1032 3434 προῤῥήσεων.
1089 3358 1411 3427 Κατηξιώθη
1450 3354 1508 3412 δὶ
1544 3358 1635 3411 καὶ
1673 3365 1775 3427 τῆς
1821 3358 2042 3432 ἐντίμου

394 3447 715 3519 ἱερωσύνης,
745 3447 929 3517 Τούτῳ
972 3450 1203 3510 συνῆσαν
1247 3442 1342 3498 δύο
1386 3448 1621 3516 μαθηταὶ
1654 3446 1729 3506 εἰς
1774 3449 1873 3514 την
1914 3447 2039 3521 ἔρη-

397 3556 497 3607 μον
530 3537 630 3603 τήν
672 3532 961 3607 έγδοτάτω,
1012 3537 1113 3604 τὴν
1166 3531 1514 3606 καλουμένην
1569 3542 1770 3605 Σκῆτιν
1808 3555 1820 3568 ·
1878 3539 1952 3593 ὢν
2012 3540 2041 3595 ὁ

399 3625 495 3697 μὶν
524 3623 600 3686 είς
631 3622 804 3677 αὐτῶν
832 3623 899 3691 ἧν
945 3622 1091 3693 αὐτῷ
1123 3621 1421 3695 ὑπηρέτης,
1469 3622 1705 3693 πλησίον
1738 3622 1902 3680 αῦτοῦ
1953 3624 2043 3683 διὰ

396 3712 599 3773 παντὸς
632 3710 1018 3787 εὑρισκόμενος
1054 3708 1142 3766 διὰ
1170 3714 1233 3766 τὸ
1260 3711 1389 3772 τοὺς
1421 3709 1842 3787 εἰσερχομένους
1889 3716 2044 3790 θερα-

396 3803 647 3860 πεύεσθαι
680 3821 694 3836 '
728 3804 756 3858 6
788 3801 845 3859 δὲ
875 3804 955 3864 εἷς
988 3802 1257 3878 ἀνεχώρει
1286 3804 1405 3857 κατ’
1435 3799 1577 3857 ἲδίαν
1610 3803 1686 3867 εἷς
1718 3803 1943 3864 κέλλαν.

468 3893 679 3969 Χρόνου
734 3890 790 3949 δὲ
841 3892 1222 3968 προκόψαντος
1281 3889 1576 3965 διορατικῷ
1633 3891 1844 3966 ὄμματι
1903 3915 2039 3969 προ-

399 3980 604 4059 ϐλέψας
638 3985 665 4038 ὁ
718 3986 871 4060 ἅγιος
904 3982 1050 4057 λέγει
1080 3988 1161 4056 τῷ
1208 3984 1565 4057 ὓπηρετοῦντι
1617 3986 1764 4056 αὐτῷ
1812 3986 2039 4059 ὀνόματι

396 4076 648 4149 Ἰωάννῃ,
706 4074 782 4135 είς
838 4072 1057 4147 ὕστερον
1119 4070 1176 4128 δὲ
1232 4075 1504 4147 γενομένῳ
1559 4070 1912 4149 πρεσϐυτέρῳ
1966 4076 2042 4139 είς

394 4166 489 4221 τὸν
543 4165 710 4219 τόπον
764 4167 861 4218 τοῦ
921 4162 1077 4239 ἁγίου
1135 4162 1417 4236 Μακαρίου
1466 4158 1879 4239 (πρεσϐυτερίου
1934 4166 2038 4243 γὰρ

397 4255 608 4325 ἠξιώθη
674 4255 701 4308 6
782 4252 945 4329 μέγας
1022 4251 1350 4325 Μακαρίος),
1411 4250 1493 4306 δτι
1569 4253 1829 4309 Ἀκουσόν
1912 4276 2039 4328 μου,

397 4341 598 4418 ἀδελφὶ
628 4343 877 4412 Ἰωάννη,
908 4341 999 4396 καὶ
1048 4341 1294 4415 ἀνάσχου
1344 4362 1449 4413 μου
1476 4348 1577 4410 τῆς
1624 4341 1919 4412 νουθεσίας,
1949 4346 2041 4399 καὶ

400 4430 713 4506 συνενέγκαί
743 4451 828 4485 σοι
854 4429 993 4508 ἔχει.
1029 4432 1267 4505 Πειράζῃ
1300 4430 1425 4505 γὰρ,
1476 4430 1629 4507 φησὶ,
1661 4432 1749 4485 καὶ
1798 4434 2039 4506 πειράζει

398 4540 458 4575 σε
513 4519 576 4574 τὸ
642 4523 852 4592 πνεῦμα
912 4520 1010 4586 τῆς
1086 4516 1472 4597 φιλαργυρίας.
1531 4519 1683 4576 Οὕτω
1753 4522 1857 4597 γὰρ
1934 4522 2039 4599 ἐγὼ

2161 2152 2338 2225 τούτῳ
2392 2152 2695 2216 συνθέσθαι,
2750 2149 3141 2225 παρασκευάζει
3208 2148 3378 2217 αὐτὴν
3451 2148 3526 2209 ὡς
3594 2143 3818 2227 φοράδα

2161 2246 2391 2318 φανῆναι
2420 2244 2539 2300 τοῖς
2570 2238 2737 2310 αὐτὴν
2780 2236 3095 2311 θεωμένοις.
3128 2237 3357 2308 Ἔξωθεν
3398 2233 3580 2291 τοίνυν
3630 2234 3813 2291 ἐλθὼν

2161 2330 2189 2384 6
2221 2330 2356 2399 ἀνὴρ
2406 2328 2594 2398 αὐτῆς,
2630 2326 2681 2382 ἐν
2737 2330 2989 2403 σχήματι
3034 2323 3268 2404 φοράδος
3317 2326 3417 2395 τήν
3464 2324 3659 2381 ἑαυτοῦ
3707 2347 3812 2399 γυο

2158 2424 2316 2474 ναῖκα
2347 2414 2570 2473 ἔϐλεπεν
2606 2437 2621 2452 ο
2670 2416 2759 2472 καὶ
2790 2416 2879 2472 έπί
2928 2423 3029 2486 τῆς
3061 2417 3253 2472 ἑαυτοῦ
3298 2414 3494 2484 κοίτης
3536 2412 3809 2470 κατακλι-

2161 2508 2295 2577 θεὶς,
2353 2506 2609 2579 ἐξενίζετο
2668 2508 2751 2563 δτι
2809 2507 2885 2567 είς
2940 2506 3031 2562 τὸν
3087 2500 3356 2581 κράϐατον
3407 2503 3571 2560 αὐτοῦ
3627 2505 3803 2581 φοράς

2158 2597 2415 2655 ἀνέκειτο.
2468 2596 2654 2653 Κλσίει
2715 2595 2803 2651 05v
2855 2598 2883 2651 6
2942 2597 3076 2670 ἀνὴρ
3133 2594 3323 2665 αὐτῆς,
3378 2594 3467 2649 καὶ
3524 2591 3800 2669 ὀδύρεται,

2164 2691 2239 2761 μὴ
2274 2689 2540 2761 εὑρίσκων
2570 2689 2631 2743 τὸ
2661 2691 2883 2761 πρᾶγμα
2916 2702 2930 2716 ·
2964 2685 3055 2739 καὶ
3087 2684 3164 2746 ὡς
3194 2684 3430 2759 νομίζων
3464 2684 3587 2754 ζώῳ
3617 2702 3790 2755 προσ-

2160 2768 2396 2841 ομιλεῖν,
2474 2767 2811 2841 ἀποκρίσεως
2888 2764 2988 2819 οὐκ
3066 2764 3371 2839 ἐτύγχανεν,
3434 2763 3789 2837 ὀργιζομένης

2156 2864 2255 2925 τῆς
2302 2857 2576 2935 γυναικός,
2611 2857 2753 2911 ἘπΞί
2798 2854 3013 2917 τούτοις
3062 2851 3441 2930 παρακαλέσας
3485 2856 3609 2913 τοῦς
3652 2871 3789 2924 πρε-

2157 2942 2451 3019 σϐυτέρους
2505 2952 2604 3015 τῆς
2658 2946 2875 3017 κώμης,
2933 2949 3008 3005 εἰς
3062 2944 3153 2998 τὸν
3214 2942 3364 2997 οἷκον
3422 2940 3647 3019 εἲσάγει,
3703 2938 3794 2994 καὶ

2158 3033 2393 3092 δείκνυσι
2426 3036 2625 3107 ταύτην
2656 3037 2863 3098 αὐτοῖς.
2894 3036 2957 3091 Οἱ
2999 3032 3058 3089 δὶ
3087 3032 3199 3090 οὐδ’
3231 3035 3390 3089 αὐτοὶ
3443 3039 3671 3101 συνῆκαν
3698 3032 3789 3100 τὴν

2156 3127 2438 3207 συμφορὰν
2513 3127 2613 3196 τὴν
2688 3119 3099 3180 καταλαϐοῦσαν
3174 3123 3392 3184 αὐτούς.
3458 3123 3580 3179 Ἐπὶ
3650 3126 3789 3197 τρεῖς

2158 3201 2339 3263 τοίνυν
2373 3207 2579 3279 ἡμέρας
2624 3203 2749 3262 οὔτε
2780 3205 2986 3284 χόρτου
3040 3201 3453 3278 μεταλάμϐανεν
3484 3205 3558 3265 ὡς
3603 3203 3788 3282 φοράς,

2158 3294 2281 3353 οὔτε
2337 3294 2503 3372 ἄρτου
2560 3296 2633 3357 ὡς
2694 3297 2997 3369 ἁντρωπος,
3060 3296 3380 3373 ἀμφοτέρων
3456 3291 3786 3367 ἐστερημένη

2152 3391 2258 3442 τῶν
2305 3390 2546 3461 τροφῶν.
2596 3382 2901 3452 Τέλος,⁹ίνα
2949 3382 3181 3458 δοξασθῃ
3234 3385 3263 3439 6
3311 3384 3461 3450 Θεὸς,
3511 3381 3601 3437 καὶ
3650 3384 3786 3460 φανῇ

2152 3478 2186 3545 ἡ
2220 3476 2383 3551 ἀρετὴ
2428 3479 2526 3529 τοῦ
2559 3472 2716 3550 ἁγίου
2763 3472 3064 3546 Μακαρίου,
3096 3467 3255 3543 ἀνέϐη
3289 3470 3378 3527 ἐπὶ
3426 3473 3525 3540 τὴν
3571 3468 3786 3543 καρδίαν

2150 3568 2248 3619 τοῦ
2279 3561 2472 3636 ἀνδρὸς
2502 3561 2668 3631 αὐτῆς
2707 3563 2923 3639 ἀγαγεῖν
2960 3561 3127 3631 αὐτην
3158 3561 3236 3623 είς
3264 3564 3365 3632 τήν
3418 3555 3627 3637 ἔρημον
3660 3560 3790 3633 πρὸς

2149 3646 2241 3701 τὸν
2303 3645 2449 3699 ὅσιον
2510 3641 2714 3714 ἄνδρα⁹
2766 3646 2855 3699 καὶ
2910 3642 3201 3721 φορτιάσας
3246 3644 3416 3711 αυτὴν
3472 3643 3548 3703 ὡς
3596 3639 3783 3710 ἵππον,

2152 3734 2327 3797 οὕτως
2359 3734 2529 3801 αὐτὴν
2561 3734 2766 3812 ἤγαγεν
2800 3734 2878 3798 εἰς
2920 3735 3019 3802 τὴν
3050 3731 3254 3808 ἔρημον
3300 3730 3427 3788 ἔνθα
3453 3729 3583 3805 ᾤκει
3631 3732 3658 3786 6
3686 3733 3784 3786 105

2152 3823 2287 3883 Θεοῦ
2336 3821 2640 3899 ἅνθρωπος.
2695 3826 2779 3882 Ἐν
2826 3822 2883 3879 δὶ
2930 3828 3007 3896 τῷ
3056 3823 3263 3901 ἐγγίσαι
3322 3822 3545 3892 αὐτουσ,
3606 3822 3783 3892 εἱστή-

2149 3936 2329 3972 κεισαν
2361 3916 2411 3970 οἱ
2442 3912 2672 3992 ἀδελφοὶ
2701 3912 2939 3985 πλησίον
2971 3921 3071 3984 τῆς
3099 3912 3307 3983 κέλλης
3333 3917 3431 3968 τοῦ
3463 3911 3617 3987 ἁγίου
3666 3917 3781 3968 Μα-

2149 4004 2363 4078 καρίου,
2412 4004 2944 4084 ἀπομαχόμενοιτῷ
2973 4001 3127 4079 ἀνδρὶ
3175 4004 3363 4074 αὐτῆς,
3395 4004 3484 4059 καὶ
3530 4000 3785 4077 λέγοντες,

2150 4092 2210 4147 Τί
2267 4087 2467 4164 ⁴ἤγαγες
2527 4086 2633 4143 ὧδε
2684 4088 2783 4154 τήν
2844 4086 3053 4163 φοράδα
3106 4087 3307 4158 ταύτην
3361 4087 3787 4161 ,Ἀποκρίνεται

2151 4178 2326 4253 λέγων
2359 4179 2543 4239 αὐτοῖς
2592 4177 2815 4242 ἐκεῖνος,
2854 4181 2970 4235 Ἵνα
3016 4176 3220 4253 ἐλεηθῇ
3250 4181 3318 4251 τῇ
3367 4179 3649 4253 προσευχῇ
3697 4179 3785 4232 τοῦ

2152 4265 2390 4325 δικαίου.
2424 4268 2487 4321 Οί
2519 4264 2575 4321 δέ
2605 4267 2745 4340 πρὸς
2770 4265 2931 4322 αὐτόν
2963 4286 2978 4299 ·
3010 4267 3070 4321 Τί
3101 4268 3203 4341 γὰρ
3236 4260 3355 4345 ἔχει
3399 4266 3600 4334 κακόν;
3635 4271 3784 4339 Λέγει

2151 4356 2340 4418 αὐτοῖς
2388 4356 2619 4421 ἐκεῖνος,
2649 4360 2744 4411 Ἦν
2797 4357 2956 4429 ὁρᾶτε
2985 4352 3194 4433 φοράδα
3228 4356 3461 4433 ταύτην,
3502 4356 3634 4429 γυνή
3685 4374 3783 4426 μου

2149 4438 2215 4507 ἧν
2249 4437 2435 4507 ἀθλία,
2466 4439 2559 4492 καὶ
2613 4434 2711 4491 οῦκ
2741 4434 2866 4491 οἶδα
2915 4432 3033 4498 πῶς
3086 4432 3402 4509 μετεϐλήθη
3456 4436 3531 4497 εἷς
3572 4433 3734 4489 ’ίππον
3765 4453 3777 4468 ·

2149 4526 2239 4583 καὶ
2278 4528 2517 4599 σήμερον
2567 4524 2681 4600 ἔχει
2732 4532 2878 4600 τρεῖς
2924 4525 3133 4599 ἡμέρας
3185 4522 3419 4598 μηδενός
3467 4524 3776 4600 γευσαμένη.

397 4610 631 4686 δώρακα.
667 4610 766 4667 Καὶ
815 4606 958 4681 οἶδα,
1013 4607 1095 4664 δτι
1142 4607 1229 4663 ἐάν
1282 4630 1391 4681 μου
1439 4608 1684 4684 ἀνάσχῃς
1730 4618 1830 4680 τῆς
1869 4633 2041 4688 παρα·
2076 4621 2123 4688 D
2154 4618 2218 4672 Οἱ
2278 4612 2337 4671 δὶ
2391 4615 2716 4679 ἀκούσαντες
2769 4620 2937 4671 ταῦτα
2990 4617 3310 4695 ἀναφέρουσι
3367 4621 3446 4687 τῷ
3505 4615 3779 4689 θεράποντι

396 4700 671 4772 κλήσεως,
721 4699 1062 4773 τελειωθήσῃ
1112 4698 1163 4752 ἐν
1212 4702 1291 4770 τῷ
1333 4696 1478 4774 ἔργῳ
1535 4704 1631 4754 105
1679 4704 1812 4756 Θεοῦ
1864 4700 1915 4757 ἐν
1965 4707 2042 4771 τῷ

397 4794 554 4865 τόπῳ
600 4794 802 4865 τούτῳ,
834 4792 923 4847 καὶ
976 4790 1307 4867 δοξασθήσῃ,
1349 4791 1437 4845 καὶ
1491 4792 1681 4865 μάστιξ
1729 4791 1829 4848 οὐκ
1875 4792 2046 4870 ἐγγιεῖ

394 4878 476 4944 τῷ
521 4873 838 4946 σκηνώματί
898 4893 1016 4931 σου.
1066 4873 1191 4929 Ἐάν
1252 4870 1309 4927 δέ
1370 4893 1478 4944 μου
1535 4874 1897 4948 παρακούσῃς,
1944 4879 2041 4931 τοῦ

400 4958 559 5021 Γιεζῆ
591 4951 709 5023 ἥξει
756 4953 846 5008 ἐπὶ
878 4954 936 5009 σὲ
962 4954 1029 5007 τὰ
1075 4954 1231 5024 τέλη,
1267 4954 1329 5007 0'3
1359 4953 1450 5008 καὶ
1499 4955 1601 5021 τήν
1639 4954 1794 5010 νόσον
1841 4962 2040 5019 νοσεῖς.

400 5026 607 5101 Συνέϐη
650 5029 708 5086 δὲ
756 5031 914 5087 αὐτὸν
964 5036 1061 5086 τοῦ
1108 5034 1204 5104 μὶν
1252 5031 1411 5106 ἁγίου
1457 5033 1653 5089 τούτου
1704 5040 2041 5109 παρακοῦσαι

403 5120 540 5194 μετά
593 5121 693 5189 τήν
748 5119 1009 5192 κοίμησιν
1066 5126 1163 5176 τοῦ
1227 5121 1494 5177 ἀθανάτου
1575 5124 1877 5197 Μακαρίου,
1942 5126 2045 5180 ὑπ-

397 5206 627 5258 ακοῦσαι
660 5197 716 5257 δὲ
764 5199 927 5255 αὐτὸν
961 5204 1037 5272 τῷ
1084 5202 1174 5256 τὸν
1219 5198 1426 5258 Ἰούδαν
1475 5206 1543 5276 τῇ
1595 5202 1929 5282 φιλαργυρίᾳ
1977 5206 2047 5278 τῇ

398 5293 615 5371 ἀγχόνῃ
647 5290 985 5367 πρυσάψαντι
1018 5307 1031 5319 ·
1087 5290 1178 5344 καὶ
1214 5292 1351 5365 μετὰ
1399 5290 1545 5347 ἄλλα
1589 5290 1877 5350 δεκαπέντε
1926 5291 2046 5367 ἔτη,

394 5380 564 5460 ἤγουν
606 5381 804 5449 εἴκοσι,
857 5377 1030 5441 οὕτως
1085 5378 1244 5433 αὐτὸν
1301 5377 1677 5454 έλεφαντιάσαι
1720 5383 2051 5460 νοσφισάμε-

393 5493 484 5527 νον
516 5473 583 5528 τά
609 5476 718 5528 τῶν
754 5473 1023 5547 πτωχῶν,
1052 5467 1127 5530 ὡς
1160 5468 1237 5541 μή
1294 5469 1578 5544 εὑρεθῆναι
1610 5470 1661 5527 έν
1712 5476 1792 5545 τῷ
1837 5474 2052 5546 σώματι

391 5560 640 5635 ἀκέραιον
689 5561 857 5617 τόπον
894 5559 945 5615 ἐν
996 5558 1042 5632 ᾦ
1082 5578 1167 5620 τις
1224 5555 1489 5614 δάκτυλον
1540 5560 1727 5632 πήξοι.
1762 5561 1860 5616 Καὶ
1908 5561 2044 5633 αὕτη

392 5650 575 5707 τοίνυν
606 5650 749 5707 ἐστὶν
782 5654 818 5721 ἠ
851 5648 1160 5731 προφητεία
1189 5650 1286 5704 τοῦ
1317 5647 1477 5725 ἁγίου
1511 5650 1818 5725 Μακαρίου.

471 5739 600 5817 Περὶ
644 5740 744 5814 μὶν
794 5740 885 5797 05v
936 5739 1196 5816 βρώσεως
1236 5738 1325 5796 καὶ
1373 5737 1585 5803 πόσεως
1634 5740 1885 5813 περιττόν
1942 5738 2055 5799 έστι

384 5831 477 5889 καὶ
524 5831 589 5888 τὸ
638 5826 1004 5907 διηγήσασθαι
1054 5829 1183 5896 περὶ
1238 5827 1469 5900 τούτων,
1520 5827 1688 5886 ὁπότε
1738 5826 1863 5886 οὐδὲ
1910 5832 2057 5907 παρά

388 5923 511 5983 1τοῖς
557 5918 951 5995 ῥᾳθυμοτέρως
995 5923 1100 5975 τῶν
1155 5917 1257 5993 ἔξω
1311 5922 1574 5995 μοναχῶν
1622 5912 1764 5975 ἔστιν
1818 5920 2057 5997 εὑρεθη-

2150 4710 2251 4761 105
2299 4709 2534 4779 Χριστοῦ
2582 4705 2869 4780 Μακαρίῳ,
2911 4704 3035 4777 περὶ
3086 4705 3251 4775 αὐτῆς
3301 4701 3453 4762 ἔνδον
3497 4722 3783 4781 προσευχο-

2156 4800 2300 4872 μένῳ
2334 4816 2347 4831 ·
2400 4794 2753 4872 ἀπεκαλύφθη
2806 4795 2907 4870 γάρ
2940 4795 3086 4867 αὐτῷ
3119 4796 3235 4872 ,ἀπὸ
3282 4799 3438 4866 Θεοῦ,
3483 4794 3782 4870 ἀπερχομέ-

2151 4900 2258 4933 νων
2311 4876 2487 4931 αύτῶν
2534 4871 2669 4949 πρὸς
2721 4874 2908 4933 αὐτόν.
2962 4874 3059 4931 Καὶ
3111 4871 3199 4931 διά
3235 4880 3399 4932 τοῦτο
3447 4875 3777 4950 προσηύχετο

2152 4957 2529 5034 φανερωθῆναι
2580 4954 2860 5026 αὐτῷτὴν
2909 4953 3084 5009 αἰτίαν
3125 4952 3194 5010 δι’
3237 4956 3296 5024 ἢν
3346 4959 3511 5011 τοῦτο
3564 4953 3779 5030 ἐγένετο,

2154 5045 2288 5119 ἅπερ
2335 5042 2426 5099 καὶ
2485 5043 2714 5112 ἤκουσεν
2760 5040 2812 5096 ἐν
2874 5048 2942 5116 τῇ
3003 5044 3290 5119 προσευχῇ
3344 5045 3520 5098 πάντα
3578 5043 3651 5105 ὡς
3702 5042 3777 5097 καὶ

2154 5134 2390 5211 ἐγένετο.
2452 5130 2809 5206 Ἀπεκρίνατο
2846 5210 2849 5211 ν
2887 5129 2945 5186 δὲ
3021 5133 3050 5188 6
3108 5127 3263 5208 ἁγιος
3347 5134 3625 5209 Μακάριος
3678 5138 3779 5196 τοῖς

2154 5210 2544 5291 ἀπαγγείλασιν
2598 5211 2745 5285 αὐτῷ
2802 5210 3080 5290 ἀδελφοῖς,
3132 5213 3217 5270 ὅτι
3275 5212 3485 5294 φοράδα
3537 5215 3621 5277 τίς
3662 5233 3781 5269 ποτε

2154 5306 2375 5361 ἐνταῦθα
2424 5302 2650 5381 ἤγαγεν,
2700 5302 2873 5380 λέγων
2925 5304 3120 5368 αὐτοῖς
3152 5323 3165 5336 ·
3217 5304 3403 5377 Ὑμεῖς
3457 5302 3624 5359 ’ίπποι
3680 5303 3781 5360 ἐστὶ

2156 5396 2209 5451 οἱ
2254 5399 2361 5451 τῶν
2406 5392 2593 5449 ἵππων
2642 5389 2864 5467 ἔχοντες
2913 5394 3040 5457 τοὺς
3090 5391 3409 5473 ὀφθαλμούς
3444 5411 3459 5427 '
3512 5392 3686 5464 ἐκείνη
3732 5390 3783 5449 δέ

2154 5478 2289 5553 γυνή
2359 5474 2523 5546 ἐστιν,
2601 5474 2675 5536 ὡς
2743 5474 2834 5529 καὶ
2910 5474 3152 5545 ἐκτίσθη,
3228 5476 3307 5547 μή
3383 5495 3781 5549 μετασχηματι-

2158 5568 2361 5635 σθεῖσα,
2396 5562 2542 5621 ἀλλὰ
2573 5564 2736 5639 μόνον
2784 5568 2943 5620 τοῦτο
2992 5565 3293 5637 φαινομένη
3325 5571 3442 5627 τοῖς
3492 5565 3781 5644 ὀφθαλμοῖς

2158 5660 2265 5713 τῶν
2313 5653 2699 5729 ἠπατημένων.
2749 5654 2849 5714 Καὶ
2906 5654 3315 5730 προσαχθείσης
3372 5654 3522 5727 αὐτῷ
3576 5656 3779 5727 ταύτης,

2162 5745 2465 5823 εὐλογήσας
2520 5743 2690 5815 ὕδωρ,
2746 5746 2835 5800 καὶ
2905 5745 3013 5803 ἀπὸ
3086 5751 3331 5823 κορυφῆς
3392 5744 3587 5823 ἐκχέας
3661 5744 3777 5819 αὐτῇ

2164 5839 2371 5913 γυμνῇ,
2404 5835 2674 5911 ἐπηύξατο
2703 5838 2771 5910 τῇ
2803 5835 3005 5906 ταύτης
3047 5833 3278 5915 κεφαλῇ.
3312 5834 3411 5892 Καὶ
3458 5840 3782 5915 παραχρῆμα

2165 5923 2421 5999 ὶποίησεν
2469 5926 2636 5998 αὐτὴν
2686 5930 2818 5983 πᾶσι
2874 5930 2992 5991 τοῖς
3048 5925 3217 6001 δρῶσι
3273 5928 3504 6005 γυναῖκα
3554 5930 3779 6004 φανῆναι.
