4076 6280
298 390 454 451 1οιὅ

824 525 1084 581 CAPITA
1116 524 1240 582 XIX
1272 526 1360 581 ET
1393 526 1488 582 XX

297 669 423 727 Pila
468 670 687 727 abbatis
757 668 1302 813 Macarii
1357 679 1408 726 et
1473 671 1702 726 Macarii
1758 671 2001 728 Alexan-

1049 759 1156 795 rtm
1304 782 1316 794 .

1049 759 1156 795 I'lnl
1181 759 1316 795 I40).

365 890 709 946 Sanctorum
741 887 1239 942 etimmortalium
1263 891 1525 952 Patrum,
1569 889 1797 944 Macarii
1834 891 1999 963 rEgy-

289 978 399 1050 ptii
447 985 502 1034 et
563 977 792 1032 Macarii
872 978 1245 1032 Alexandrini
1280 979 1468 1049 (Ruﬂ.,
1503 979 1540 1033 ι.
1572 995 1632 1044 n,
1667 995 1710 1033 ο.
1750 981 1840 1043 28,
1873 980 1994 1049 29),

289 1067 660 1140 egregiorum
693 1071 750 1121 et
778 1065 1122 1121 inviclorum
1158 1066 1535 1134 athletarum,
1577 1068 1832 1124 honestas
1873 1069 2000 1125 vita

291 1158 638 1220 certamina,
672 1173 799 1224 quas
849 1160 987 1210 sunt
1019 1155 1199 1211 multa
1230 1164 1282 1210 et
1316 1172 1538 1228 magna,
1587 1169 1639 1213 et
1680 1157 1999 1214 incredulis

291 1263 471 1318 prope
496 1244 879 1311 incredibilia,
913 1252 968 1300 et
1001 1261 1234 1301 narrare
1267 1263 1464 1300 vereor
1497 1252 1553 1300 et
1584 1247 1822 1317 scriptis
1847 1264 2003 1302 man-

291 1336 455 1400 dare,
489 1352 559 1390 ne
608 1335 751 1389 forte
805 1335 916 1390 mei
950 1341 1220 1405 tanquam
1281 1337 1574 1391 mendacis
1607 1337 1705 1391 fiat
1764 1338 2000 1393 mentio.

295 1426 458 1491 Quod
489 1432 681 1480 autem
729 1425 883 1480 Deus
916 1426 1118 1496 perdat
1147 1441 1350 1481 omnes
1383 1426 1482 1497 qui
1511 1429 1830 1498 loquuntur
1847 1444 2004 1482 men-

295 1514 528 1570 dacium
562 1515 736 1586 (Paul.
780 1517 857 1581 v),
893 1513 1028 1569 licet
1059 1520 1254 1584 aperte
1285 1515 1480 1570 videre
1531 1520 1731 1571 sancto
1781 1516 2001 1588 Spiritu

299 1605 740 1675 pronuntiante.

367 1721 510 1774 Cum
545 1736 648 1790 ego
681 1735 812 1788 ergo
846 1736 943 1788 per
973 1720 1071 1774 Dei
1095 1721 1340 1792 gratiam
1377 1737 1490 1776 non
1527 1721 1792 1789 mentiar,
1821 1722 2003 1778 homi-

295 1826 438 1864 num
473 1808 812 1864 ﬁdelissime
830 1810 1033 1873 Lause,
1061 1826 1129 1864 ne
1164 1811 1240 1864 sis
1276 1812 1642 1882 quoqueipse
1668 1812 2002 1868 incredulus

292 1902 364 1956 de
391 1902 622 1955 Patrum
646 1901 1099 1967 certaminibus;
1125 1903 1221 1957 sed
1248 1902 1496 1974 gloriare
1521 1904 1712 1974 potius
1735 1905 1788 1958 in
1817 1922 1998 1959 azmu-
2030 1913 2078 1976 Β

292 1990 507 2045 latione
539 1989 965 2044 exercitationis
998 2005 1198 2046 eorum
1259 1992 1358 2063 qui
1390 2008 1518 2048 vere
1552 1999 1690 2048 sunt
1741 1993 2003 2060 Macarii,

293 2076 404 2134 hoc
436 2085 526 2135 est
552 2076 724 2132 beati.

364 2191 542 2256 Atque
575 2186 798 2256 primus
829 2186 1065 2257 quidem
1087 2185 1302 2241 Christi
1339 2187 1580 2255 athleta,
1614 2187 1850 2242 nomine
1882 2186 2003 2242 Ma-

296 2276 514 2337 carius,
537 2284 654 2328 erat
677 2291 884 2347 genere
915 2275 1219 2346 .Egyptius
1250 2301 1263 2342 ;
1295 2277 1591 2331 secundus
1625 2282 1822 2331 autem
1867 2284 2005 2330 aeta-

289 2367 370 2427 te,
396 2363 496 2417 sed
521 2362 576 2416 in
603 2363 674 2416 iis
707 2380 835 2433 quae
866 2365 1435 2419 suntmonachorurn
1458 2365 1758 2435 praecipua,
1791 2366 2006 2433 primas

290 2461 484 2523 partes
513 2451 798 2516 obtinens,
834 2452 929 2521 qui
965 2452 1086 2520 ipse
1103 2469 1332 2524 quoque
1349 2456 1660 2508 vocabatur
1686 2452 2002 2521 Macarius,

291 2546 415 2598 erat
444 2541 890 2601 Alexandrinus,
927 2543 1025 2614 qui
1059 2543 1340 2597 vendebat
1365 2543 1625 2598 bellaria.

357 2649 424 2702 Et
457 2647 710 2717 primum
744 2647 981 2719 quidem
1008 2649 1255 2703 narrabo
1281 2648 1520 2704 virtutes
1569 2649 1802 2706 Macarii
1827 2655 1997 2723 ngy-

292 2736 425 2809 ptii,
458 2736 559 2807 qui
591 2737 733 2792 vixit
792 2737 1112 2808 nonaginta
1139 2755 1321 2793 annos
1379 2739 1657 2811 integros.
1710 2740 1783 2794 Ex
1815 2741 1906 2794 his
1947 2742 2006 2796 in

293 2826 612 2882 solitudine
643 2843 825 2882 annos
844 2827 1160 2900 sexaginta.
1189 2829 1330 2883 Cum
1360 2829 1598 2900 triginta
1627 2847 1811 2885 annos
1834 2835 2006 2886 natus

296 2917 675 2980 ascendisset,
726 2923 997 2988 essetque
1044 2921 1209 2974 astate
1263 2919 1480 2986 juninr,
1531 2924 1648 2974 tam
1693 2921 2008 2976 toleranter

299 3005 435 3060 tulit
465 3004 692 3060 labores
718 3007 1147 3062 exercitationis
1169 3014 1350 3062 totum
1386 3010 1752 3076 decennium,
1788 3016 1849 3063 ut
1883 3028 2005 3064 ma-

294 3111 410 3166 gna
440 3095 690 3165 quadam
723 3094 1008 3164 etinsigni
1048 3097 1260 3167 dignus
1293 3098 1604 3152 haberetur
1630 3098 2003 3163 discretione,

299 3185 441 3240 adeo
473 3187 536 3238 ut
594 3188 893 3238 vocaretur
944 3179 1404 3259 παιδαριυγὲρων,
1437 3185 1493 3240 id
1527 3192 1635 3253 est,
1697 3188 1755 3242 in
1799 3187 2005 3258 puerili

294 3277 464 3329 tetate
496 3288 693 3339 senex,
729 3273 1005 3344 quoniam
1043 3275 1216 3329 citius
1259 3291 1432 3345 quam
1467 3292 1568 3345 pro
1617 3282 1781 3331 etate
1817 3276 2004 3348 profe-
2045 3270 2086 3336 C

294 3371 451 3418 cerat
482 3363 814 3418 virtutibus.
850 3363 990 3418 Cum
1026 3364 1179 3418 enim
1213 3378 1368 3420 esset
1411 3366 1806 3437 quadraginta
1826 3383 2014 3422 annos

299 3456 499 3511 natus,
545 3457 601 3506 et
639 3457 979 3523 potestatem
1013 3455 1237 3524 accepit
1268 3460 1475 3510 contra
1506 3455 1769 3522 spiritus,
1801 3462 1857 3511 et
1888 3473 2019 3527 gra-

297 3541 441 3598 tiam
459 3542 928 3605 curationum,et
950 3543 1218 3612 spiritum
1237 3544 1563 3599 futurorum
1587 3545 2001 3615 prasdictionis;

298 3631 519 3702 dignus
568 3647 795 3702 quoque
836 3637 923 3686 est
981 3632 1216 3687 habitus
1269 3633 1608 3688 honorando
1669 3634 2012 3689 sacerdotio.

299 3719 447 3776 Cum
480 3734 546 3773 eo
571 3718 910 3773 habitarunt
931 3719 1044 3773 duo
1065 3719 1338 3790 discipuli
1365 3724 1418 3775 in
1438 3721 1638 3776 intima
1670 3723 2014 3789 solitudine,

297 3826 434 3883 quae
470 3815 702 3864 vocatur
733 3811 897 3866 Scete
931 3827 943 3867 :
991 3827 1058 3866 ex
1110 3811 1319 3883 quibus
1352 3829 1504 3867 unus
1537 3813 1770 3884 quidem
1805 3820 1929 3869 erat
1959 3813 2010 3868 ei

304 3900 592 3965 minister,
627 3900 968 3970 quisemper
1001 3901 1393 3971 propeipsum
1432 3904 1851 3971 inveniebatur,
1892 3922 2019 3974 prc-

304 3995 432 4060 pter
465 4003 563 4041 eos
613 3989 712 4057 qui
746 3990 1053 4042 veniebant
1096 3995 1159 4043 ut
1218 3995 1593 4054 curarentur;
1629 3990 1774 4045 alter
1819 3998 2010 4048 autem

302 4090 573 4133 seorsum
609 4076 845 4131 sedebat
876 4077 933 4130 in
966 4076 1132 4132 cella.

379 4195 730 4249 Procedente
761 4197 953 4248 autem
979 4198 1402 4262 tempore,cum
1434 4199 1669 4251 sanctus
1693 4197 2014 4268 perspicaci

300 4284 471 4343 oculo
507 4285 883 4356 pram’disset,
918 4285 1178 4340 dicitsuo
1206 4285 1719 4353 ministro,Joanni
1755 4291 2011 4360 nomine,

301 4378 402 4449 qui
439 4384 637 4447 postea
661 4376 848 4429 factus
873 4381 959 4430 est
993 4377 1364 4447 presbyterin
1410 4377 1534 4433 loco
1569 4381 1753 4434 sancti
1781 4379 2016 4438 Macarii

295 4467 717 4538 (presbyteratu
752 4466 904 4520 enim
931 4467 1142 4537 dignus
1177 4468 1610 4524 l'uerathabitus
1628 4487 1872 4541 magnus
1891 4473 2015 4527 Ma-

296 4557 507 4621 carius)
543 4572 557 4611 :
589 4554 729 4610 Audi
765 4572 876 4624 me,
901 4555 1074 4610 frater
1117 4556 1397 4623 Joannes,
1431 4563 1487 4612 et
1515 4558 1597 4611 fer
1626 4575 1786 4628 atquo
1812 4561 2012 4616 animo

1649 386 2018 452 HISTORIA
2065 391 2465 456 LAUSIACA.

2036 527 2086 594 Α
2121 535 2316 602 posset
2347 531 2518 603 {igere
2547 531 2814 604 digitum.
2844 536 2972 589 Haec
3002 536 3091 590 est
3125 535 3424 607 prephetia
3470 535 3657 593 sancti
3691 536 3810 592 Ma-

3660 397 3813 457 1016

2100 637 2263 679 earn.

2171 712 2247 765 Ac
2277 712 2347 768 de
2377 710 2502 766 cibo
2535 710 2769 782 quidem
2802 717 2858 768 et
2901 715 3129 781 potione
3177 731 3674 785 supervacaneum
3712 719 3799 770 est

2103 801 2310 868 dicere,
2346 817 2478 855 cum
2515 818 2615 857 nec
2647 803 2799 872 apud
2831 820 2929 857 eos
2962 805 3328 861 socordiores
3364 806 3682 862 monachos
3715 806 3810 876 qui

2105 899 2235 945 sunt
2300 896 2462 944 extra
2528 891 2771 946 inveniri
2855 893 3035 962 possit
3127 893 3431 962 ingluvies,
3499 902 3598 950 aut
3694 896 3810 950 ulla

2104 979 2246 1036 citra
2280 979 2560 1035 delectum
2595 987 2649 1035 et
2680 981 2996 1037 discrimen
3049 982 3281 1038 vivendi
3317 986 3461 1039 ratio
3494 984 3604 1039 alia
3636 986 3706 1040 ab
3742 987 3810 1040 iis

2105 1070 2205 1141 qui
2239 1074 2372 1122 sunt
2404 1069 2458 1124 in
2516 1069 2634 1125 illis
2671 1069 2830 1137 locis,
2867 1088 2996 1126 cum
3044 1077 3278 1143 propter
3309 1074 3566 1145 inepiam
3615 1091 3808 1129 rerum

2106 1158 2584 1225 necessariarum,
2619 1165 2744 1214 tum
2786 1159 2960 1215 etiam
3000 1170 3231 1232 propter
3279 1160 3466 1217 zelum
3502 1161 3595 1231 qui
3630 1169 3718 1216 est
3751 1161 3808 1217 in

2105 1249 2305 1314 Deum,
2351 1265 2702 1320 unoquoque
2752 1251 3137 1306 contendente
3196 1251 3423 1307 vincere
3481 1252 3807 1322 proximum

2105 1338 2344 1394 diversis
2375 1339 2498 1392 vita)
2533 1339 2834 1396 institutis.

2174 1426 2253 1481 De
2285 1423 2397 1479 alia
2441 1432 2636 1480 autem
2686 1426 3098 1481 exercitatione
3139 1426 3388 1481 cmlestis
3448 1426 3621 1495 hujus
3677 1425 3809 1479 viri,

2105 1513 2335 1570 Macarii
2369 1514 2629 1584 inquam,
2666 1514 2969 1569 dicebatur
3001 1515 3097 1571 hic
3137 1520 3369 1571 sanctus
3421 1530 3548 1571 esse
3579 1513 3812 1569 assidue

2105 1605 2162 1659 in
2193 1605 2425 1670 exstasi,
2451 1608 2506 1657 et
2536 1605 2739 1673 majori
2775 1610 3032 1674 tempore
3064 1623 3195 1660 cum
3229 1606 3345 1660 Deo
3377 1604 3593 1660 versari
3632 1620 3808 1675 quam

2107 1696 2279 1766 hujus
2305 1694 2504 1748 mundi
2533 1695 2707 1749 rebus
2739 1694 3006 1766 occupari
3029 1695 3141 1765 (46)
3169 1712 3180 1760 ;
3209 1697 3374 1766 cujus
3403 1696 3578 1751 etiam
3613 1695 3815 1749 ferun-

2105 1789 2199 1841 tur
2216 1785 2439 1839 diversa
2465 1784 2765 1839 miracula.

2178 1873 2475 1946 Egyptius
2537 1873 2770 1942 quidam
2828 1872 3179 1927 libidinosus
3209 1873 3383 1944 (Ruﬁ.
3413 1871 3456 1926 ι.
3492 1890 3557 1938 ιι,
3599 1887 3644 1927 c.
3695 1872 3811 1942 28),

2113 1971 2318 2033 captus
2351 1979 2544 2017 amore
2563 1963 2871 2030 cujusdam
2906 1962 3167 2017 mulieris
3201 1963 3486 2033 ingenuae,
3516 1978 3643 2032 quas
3696 1961 3815 2016 viro

2116 2059 2412 2124 nupserat,
2437 2069 2567 2108 cum
2602 2069 2716 2107 non
2753 2060 2936 2122 posset
2989 2069 3113 2108 eam
3147 2053 3407 2107 inescare
3439 2058 3672 2123 propter
3703 2068 3821 2121 pu-

2117 2145 2374 2200 dicitiam
2409 2149 2465 2198 et
2496 2145 2816 2198 castitatem
2833 2159 2969 2214 erga
2990 2143 3297 2213 conjugem
3315 2141 3817 2213 virginitatis(47),

2118 2235 2386 2291 convenit
2415 2233 2712 2303 improbus
2746 2233 3246 2304 praestigiatorem,
3276 2233 3477 2287 dicens
3516 2233 3669 2286 :Aut
3693 2247 3822 2286 eam

2119 2325 2295 2379 incita
2319 2329 2379 2378 ut
2412 2340 2501 2378 me
2532 2328 2704 2386 amet,
2739 2328 2837 2377 aut
2860 2329 2980 2377 arte
3013 2329 3112 2376 tua
3132 2322 3296 2376 efﬁce
3323 2327 3382 2377 ut
3419 2322 3545 2392 ejus
3579 2320 3820 2377 maritus

2117 2432 2238 2473 eam
2264 2415 2536 2470 dimittat.
2572 2414 2712 2468 Cum
2746 2429 2879 2483 ergo
2899 2412 3278 2484 praestigiator
3311 2411 3455 2467 satis
3477 2411 3546 2465 ab
3581 2427 3645 2466 eo
3668 2426 3824 2464 acce-

2117 2507 2318 2579 pisset,
2357 2520 2496 2559 usus
2528 2509 2614 2559 est
2641 2504 2764 2558 suis
2790 2502 3097 2572 praestigiis
3121 2509 3176 2557 et
3207 2501 3738 2567 incantationibus;
3769 2502 3824 2554 et

2117 2610 2248 2650 cum
2274 2610 2385 2648 non
2413 2597 2603 2664 posset
2633 2595 2757 2661 ejus
2787 2593 3050 2647 animum
3084 2607 3311 2647 movere
3335 2600 3394 2644 ut
3424 2591 3474 2645 ei
3507 2588 3822 2644 assentire-

2117 2686 2233 2748 tur,
2265 2680 2443 2736 efﬁcit
2476 2687 2536 2734 ut
2560 2680 2850 2734 videretur
2881 2694 3030 2748 equa
3055 2678 3124 2732 iis
3151 2679 3246 2748 qui
3275 2693 3399 2733 eam
3425 2677 3822 2731 intuebantur.

2117 2771 2259 2828 Cum
2293 2786 2428 2842 ergo
2461 2769 2597 2824 foris
2621 2770 2874 2824 venisset
2903 2767 3030 2837 ejus
3065 2767 3567 2836 maritus,aspexit
3591 2780 3824 2819 uxorem

2115 2877 2278 2917 suam
2309 2860 2368 2914 in
2403 2860 2787 2929 formaequas;
2823 2873 3073 2930 cumque
3106 2858 3162 2912 in
3197 2874 3302 2912 suo
3328 2856 3470 2912 lecto
3501 2856 3832 2922 cubuisset,

2115 2951 2368 3004 alienum
2402 2948 2451 3002 ei
2484 2947 2786 3000 videbatur
2817 2948 2968 3018 quod
2992 2948 3046 3000 in
3063 2962 3167 2999 suo
3199 2946 3377 2999 cubili
3409 2961 3556 3014 equa
3581 2945 3821 3012 jaceret.

2117 3039 2238 3093 Flet
2267 3054 2402 3108 ergo
2435 3038 2563 3106 ejus
2595 3038 2862 3101 maritus,
2897 3044 2946 3089 et
2979 3036 3331 3088 lamentatur
3362 3034 3512 3102 quod
3550 3048 3669 3086 rem
3707 3046 3822 3085 non

2117 3124 2403 3188 inveniat;
2438 3129 2494 3176 et
2525 3121 2674 3191 quod
2718 3121 3059 3174 existimans
3093 3136 3152 3173 se
3185 3119 3401 3188 alloqui
3434 3117 3699 3182 bestiam,
3736 3133 3825 3171 re-

2116 3227 2388 3283 sponsum
2423 3227 2535 3264 non
2568 3214 2934 3280 assequatur,
2999 3215 3377 3279 praeterquam
3413 3206 3566 3277 quod
3601 3205 3822 3260 solum-

2125 3301 2295 3357 modo
2353 3316 2476 3354 eam
2529 3299 2762 3354 videbat
2819 3297 3007 3352 irasci.
3052 3296 3216 3352 Unde
3273 3298 3457 3368 magis
3507 3294 3826 3367 angebatur

2123 3392 2338 3449 animo.
2370 3404 2503 3443 cum
2535 3387 2884 3458 intelligeret
2913 3402 3038 3441 eam
3073 3402 3201 3441 esse
3233 3401 3396 3440 suam
3430 3400 3684 3448 uxorem,
3717 3399 3823 3438 cu-

2123 3481 2294 3536 riosis
2344 3484 2539 3534 autem
2615 3479 2914 3532 hominum
2965 3477 3186 3533 artibus
3243 3493 3373 3532 esse
3425 3479 3703 3530 mutatam
3763 3475 3822 3529 in

2124 3587 2351 3642 equam.
2388 3569 2487 3624 His
2518 3569 2588 3623 de
2628 3568 2820 3623 causis
2877 3567 3121 3622 accersit
3176 3566 3284 3622 vici
3342 3566 3728 3638 presbyteros,
3770 3571 3826 3620 et

2125 3663 2365 3716 domum
2400 3659 2652 3721 adducit,
2683 3661 2739 3713 et
2768 3658 2852 3712 eis
2883 3674 3010 3712 eam
3062 3658 3354 3723 ostendit;
3389 3655 3486 3709 sed
3525 3670 3625 3707 nec
3659 3653 3695 3706 ii
3730 3667 3823 3707 co-

2125 3759 2444 3823 gnoverunt
2467 3748 2858 3804 calamitatem
2893 3763 3018 3818 qua:
3040 3748 3088 3800 ei
3120 3747 3428 3802 acciderat.
3453 3743 3664 3800 Tribus
3689 3757 3824 3813 ergo

2125 3841 2328 3897 diebus
2361 3854 2544 3909 neque
2567 3840 2758 3892 fenum
2793 3836 3046 3892 comedit
3077 3843 3140 3890 ut
3184 3851 3352 3906 equa,
3391 3849 3577 3900 neque
3613 3847 3820 3901 panem

2125 3937 2189 3985 ut
2209 3929 2404 3995 homo,
2440 3931 2685 3994 utroque
2714 3923 2990 3979 alimento
3017 3924 3251 3994 privata.
3286 3923 3539 3977 Tandem
3574 3927 3635 3974 ut
3671 3923 3820 3974 Deus

2126 4017 2564 4090 glorificaretur,
2615 4019 2672 4068 et
2728 4013 3017 4068 videretur
3067 4013 3251 4066 virtus
3310 4011 3491 4066 sancti
3560 4007 3820 4074 Macarii,

2125 4107 2387 4162 ascendit
2416 4106 2470 4158 in
2487 4120 2582 4159 cor
2606 4103 2796 4159 mariti
2831 4105 2956 4173 ejus
2977 4103 3186 4157 ducere
3202 4117 3327 4157 eam
3357 4101 3414 4154 in
3443 4097 3822 4154 solitudinem

2127 4195 2196 4253 ad
2220 4201 2483 4252 sanctum
2533 4195 2718 4248 virum
2747 4218 2761 4259 ς
2794 4203 3000 4249 etcum
3033 4208 3161 4248 eam
3193 4191 3446 4261 capistro
3491 4189 3728 4259 ligasset
3759 4188 3824 4240 ut

2124 4302 2358 4359 equam,
2390 4284 2553 4338 duxit
2583 4283 2640 4337 in
2674 4283 3070 4338 solitudinem.
3107 4287 3252 4336 Dum
3287 4287 3482 4335 autem
3514 4277 3821 4349 appropin-

2125 4379 2421 4447 quassent,
2454 4377 2741 4428 steterunt
2773 4374 2972 4426 fratres
2995 4371 3387 4442 propecellam
3421 4368 3608 4424 sancti
3637 4367 3816 4422 Maca-

2122 4467 2190 4521 rii
2223 4481 2352 4519 cum
2383 4464 2510 4533 ejus
2545 4462 2750 4517 marito
2777 4463 3210 4527 contendentes,
3261 4465 3316 4515 et
3346 4459 3604 4515 dicentes
3637 4474 3650 4510 :
3706 4457 3820 4512 Cur

2123 4554 2234 4608 huc
2257 4553 2546 4608 adduxisti
2582 4553 2730 4607 hanc
2761 4551 3016 4623 equam?
3050 4553 3100 4606 Is
3123 4556 3316 4606 autem
3342 4549 3478 4602 dicit
3510 4547 3619 4602 :Ut
3649 4547 3821 4599 mise-

301 4662 492 4702 meam
547 4645 1025 4710 admonitionem,
1059 4662 1236 4716 eaque
1276 4647 1379 4702 tibi
1441 4649 1712 4719 proderit.
1748 4650 2010 4707 Tantm-is
2045 4642 2088 4707 D
2121 4643 2428 4698 ricordiam
2459 4645 2848 4710 consequatur
2890 4640 3073 4696 sancti
3107 4640 3388 4694 oratione.
3433 4635 3520 4692 Illi
3569 4649 3700 4687 vero
3732 4633 3820 4686 di-

301 4735 486 4800 enim,
521 4734 730 4805 inquit,
765 4739 820 4788 et
849 4742 902 4789 te
933 4739 1113 4789 tentat
1143 4737 1382 4805 spiritus
1407 4739 1679 4791 avaritias.
1713 4737 1803 4792 Sic
1849 4739 2004 4795 enim

302 4824 420 4878 vidi
457 4839 469 4876 :
508 4829 564 4877 et
595 4825 880 4895 scioquod
899 4825 946 4878 si
971 4840 1153 4878 meam
1177 4843 1341 4897 aequo
1361 4827 1777 4882 animotulcris
1799 4830 2010 4884 adhor-

298 4913 604 4977 tationem,
634 4912 694 4967 in
731 4913 825 4967 Dei
871 4913 1074 4968 timore
1131 4917 1638 4971 consummaberis
1670 4922 1725 4971 et
1787 4919 1843 4972 in
1877 4920 2008 4988 ejus

295 5017 488 5072 opere,
532 5001 664 5055 etin
699 5000 806 5055 isto
843 5001 997 5065 loco,
1037 5009 1092 5055 et
1123 5001 1471 5071 laudaberis,
1505 5012 1562 5059 et
1593 5006 1664 5059 ad
1715 5013 1883 5061 tuum
1921 5013 2017 5062 ta-

296 5090 679 5144 bernaculum
713 5105 831 5144 non
862 5091 1358 5160 appropinqnabit
1415 5093 1736 5163 ﬂagellum.
1766 5095 1930 5156 Quod
1966 5095 2014 5149 si

302 5195 417 5235 non
475 5178 754 5243 audieris,
798 5180 854 5232 in
916 5183 969 5232 te
1032 5181 1220 5233 veniet
1279 5181 1409 5236 linis
1465 5183 1617 5237 Giezi
1654 5184 1742 5252 (IV
1774 5185 1899 5250 Reg.
1937 5185 2014 5255 v),

301 5271 472 5339 cujus
499 5269 630 5323 vitio
662 5268 910 5324 laboras.
935 5268 1400 5338 Contigitautem
1439 5277 1499 5325 ut
1542 5283 1746 5326 sancto
1777 5274 2015 5342 quidem

303 5374 421 5414 non
455 5358 736 5413 obedierit
771 5362 894 5428 post
925 5359 1052 5427 ejus
1086 5364 1350 5425 mortem,
1390 5359 1495 5414 sed
1521 5361 1800 5415 obedierit
1830 5361 1880 5415 ei
1913 5362 2016 5432 qui

309 5445 476 5501 Judaa
526 5447 778 5518 alligavit
837 5447 1099 5516 laqueum
1137 5455 1363 5515 pr0pter
1417 5450 1739 5504 avaritiam.
1776 5451 1843 5505 Et
1893 5457 2020 5520 post

306 5536 450 5590 alios
484 5536 817 5606 quindecim
845 5541 944 5590 aut
976 5535 1177 5605 viginti
1212 5552 1420 5603 annos,
1454 5556 1581 5592 cum
1619 5541 1766 5594 bona
1799 5556 2018 5609 paupe-

308 5641 436 5680 rum
468 5626 576 5678 sibi
610 5631 962 5696 usurpaSset,
1013 5626 1090 5679 ita
1117 5625 1396 5680 laboravit
1425 5627 1770 5699 elephantis,
1812 5635 1873 5684 ut
1906 5647 2018 5686 non

303 5715 666 5774 inveniretur
687 5716 1085 5789 integerlocus
1117 5715 1176 5771 in
1203 5715 1330 5786 ejus
1356 5733 1616 5790 corpore,
1653 5719 1708 5774 in
1745 5737 1856 5792 quo
1881 5721 2020 5793 quis

2120 4739 2258 4789 cunt
2289 4733 2359 4786 ad
2394 4747 2565 4786 enm:
2601 4731 2746 4795 Quid
2783 4731 2915 4786 mali
2949 4731 3165 4785 habet?
3195 4729 3292 4783 llle
3309 4728 3394 4783 eis
3426 4725 3565 4781 dicit
3597 4743 3610 4780 :
3637 4727 3819 4789 Quam

2118 4823 2326 4876 videtis
2349 4837 2576 4890 equam,
2609 4837 2675 4874 ea
2709 4823 2918 4875 misera
2959 4825 3080 4874 erat
3113 4836 3255 4874 uxor
3287 4835 3449 4884 mea;
3486 4831 3668 4886 neque
3701 4814 3820 4868 scio

2120 4909 2613 4983 quemadmodum
2639 4915 2861 4963 mutata
2893 4910 2968 4964 sit
2992 4911 3048 4963 in
3072 4924 3300 4980 equam,
3335 4907 3530 4976 etjam
3550 4910 3817 4959 sunttres

2126 5002 2250 5056 dies
2271 5017 2338 5055 ex
2367 5016 2478 5068 quo
2512 4999 2654 5053 nihil
2687 5000 2956 5054 comedit.
2985 4999 3025 5053 Il
3051 5010 3237 5053 autem
3271 5014 3404 5053 cum
3437 4997 3557 5051 hac
3597 4993 3822 5048 audiis-

2123 5096 2272 5157 sent,
2295 5090 2553 5144 referunt
2583 5090 2651 5142 ad
2685 5104 2912 5144 servum
2952 5087 3045 5142 Dei
3076 5088 3384 5142 Macarium
3419 5103 3484 5140 eo
3510 5087 3635 5153 jam
3663 5084 3822 5138 intus

2124 5193 2224 5250 pro
2261 5176 2358 5230 illa
2381 5183 2620 5242 orante;
2651 5180 2707 5229 et
2741 5176 2896 5230 enim
2932 5175 3079 5230 Deus
3139 5175 3504 5239 revelaverat,
3556 5171 3701 5242 ipsis
3751 5168 3823 5222 ad

2124 5282 2254 5323 eum
2287 5263 2684 5330 venientibus;
2721 5271 2776 5320 et
2799 5265 2923 5320 ideo
2954 5266 3154 5320 orabat
3187 5271 3247 5318 ut
3277 5264 3391 5319 sibi
3440 5261 3830 5316 declararetur

2125 5373 2302 5411 causa
2335 5364 2562 5425 propter
2593 5371 2768 5426 quam
2803 5357 2907 5410 hoc
2945 5360 3232 5410 evenerat.
3277 5350 3598 5422 Respondit
3629 5355 3823 5401 autem

2127 5450 2358 5501 sanctus
2418 5445 2703 5500 Macarius
2763 5447 3036 5500 fratribus
3093 5445 3187 5513 qui
3234 5445 3280 5496 ei
3344 5439 3821 5494 renuntiaverunt

2126 5533 2434 5604 quemdam
2469 5533 2606 5587 illuc
2645 5550 2860 5605 equum
2895 5534 3230 5594 adduxisse,
3264 5531 3459 5584 dicens
3495 5526 3677 5598 :Equi
3728 5539 3826 5578 vos

2125 5622 2287 5688 estis,
2311 5622 2410 5693 qui
2447 5624 2666 5678 habetis
2695 5638 2980 5696 equorum
3020 5622 3257 5685 oculos;
3285 5619 3381 5673 illa
3428 5619 3582 5674 enim
3617 5622 3704 5674 est
3746 5615 3830 5669 fe-

2129 5715 2289 5769 mina
2320 5713 2399 5768 ita
2421 5718 2486 5769 ut
2515 5721 2604 5771 est
2623 5721 2837 5781 creata,
2869 5729 2986 5770 non
3016 5712 3452 5780 transformata,
3494 5711 3593 5766 sed
3627 5709 3706 5765 sic
3741 5721 3830 5762 so-
