4076 6280
299 329 454 397 1047

1850 331 2211 404 PALLADII

3656 331 3837 394 £048

293 471 411 528 lum
465 486 754 545 apparens
785 469 970 526 oculis
1001 485 1199 526 eorum
1239 469 1335 540 qui
1386 471 1526 524 sunt
1581 470 1824 540 decepti.
1861 473 1993 536 Qum
2027 474 2081 541 Α
2181 470 2318 527 Dico
2348 473 2539 525 autem
2574 472 2837 526 sanctum
2873 468 3187 525 Macer-ium
3205 466 3686 534 Alexandrinum,
3716 465 3839 537 qui

291 577 425 618 cum
449 568 601 616 esset
632 562 1236 630 adducta,aquamquc
1261 560 1756 631 benedixisset,{et
1786 562 1840 614 in
1871 564 1998 628 ejus

291 651 462 708 nudas
493 658 668 716 caput
699 651 1028 717 infudisset,
1061 653 1669 720 superejuscaputest
1694 657 1986 722 precatus;

295 742 604 811 statimque
635 741 820 796 efl'ecit
877 750 938 794 ut
997 741 1269 794 omnibus
1323 740 1654 794 videntibus
1700 742 1995 796 videretur

295 831 535 886 femina.
559 829 702 884 Cum
735 829 1226 899 autemjussisset
1275 830 1322 884 ei
1358 829 1551 884 cibum
1587 831 1799 897 afferri,
1863 832 1997 886 fecit

295 925 362 976 ut
394 921 738 984 comederet,
771 924 827 972 et
857 935 980 972 eam
1015 919 1098 972 sic
1147 925 1406 972 curatam
1457 919 1682 974 dimisit
1725 936 1855 974 cum
1891 936 1997 974 suo

297 1011 524 1073 marito,
557 1009 672 1064 Deo
694 1015 931 1080 agentes
962 1011 1200 1079 gratias.
1239 1008 1372 1062 Eam
1436 1016 1628 1062 autem
1697 1011 2000 1064 admonuit

293 1099 379 1155 vir
427 1099 546 1166 Dei,
597 1099 680 1153 sic
730 1099 972 1154 dicens:
1006 1099 1315 1170 Nunquam
1375 1099 1672 1154 ecclesiam
1743 1102 1996 1167 deseras,

294 1205 593 1260 nunquam
617 1188 914 1243 abstineas
947 1205 977 1240 a
999 1189 1412 1243 communione
1444 1188 1998 1245 Christisacramen-

295 1288 510 1334 torum.
551 1281 676 1332 [Ιωο
707 1278 857 1332 enim
891 1277 994 1331 tibi
1028 1278 1385 1338 acciderunt.
1418 1279 1710 1348 quodjam
1737 1281 1997 1351 quinque

297 1368 673 1424 hebdomadis
705 1383 817 1422 non
850 1367 1145 1422 accessisti
1177 1368 1244 1422 ad
1271 1368 1611 1424 intemerata
1645 1370 1827 1424 nostri
1863 1370 1997 1424 Ser-

293 1456 507 1512 vatoris
539 1461 918 1512 sacramenta.

363 1544 485 1600 Alia
514 1549 602 1600 est
643 1546 788 1600 actio
838 1561 1058 1616 magna:
1099 1549 1216 1616 ejus
1273 1546 1721 1603 exercitationis.
1788 1548 1996 1620 Magno

291 1636 418 1691 vitas
441 1652 561 1692 suae
585 1640 839 1707 tempore
869 1654 898 1690 a
930 1636 1074 1691 cella
1103 1654 1212 1692 sua
1245 1638 1300 1693 in
1335 1638 1641 1693 dimidium
1671 1655 1855 1711 usque
1885 1645 1998 1694 sta-

290 1725 452 1780 dium
476 1725 697 1780 fodiens
729 1725 1086 1790 cuniculum,
1112 1743 1406 1782 summam
1429 1728 1612 1782 effecit
1632 1729 1993 1797 speluncam;

2108 571 2223 615 erat
2259 562 2553 632 presbyter
2583 576 2781 614 earum
2818 576 2942 629 qua
2967 558 3564 613 dicunturCellarum.
3603 559 3660 611 ln
3688 558 3838 628 qui-

2109 654 2217 707 bus
2250 651 2420 705 Cellis
2453 666 2588 720 ergo
2621 667 2823 704 novem
2853 665 3036 703 annos
3053 649 3345 714 habitans,
3370 665 3437 702 cx
3461 647 3674 717 quibus
3703 652 3840 703 tres

2110 758 2294 796 annos
2327 757 2552 795 mecum
2586 741 2725 794 vixit
2767 739 2862 792 ille
2901 739 3208 801 Macarius,
3246 739 3303 792 in
3347 738 3541 807 quiete
3572 738 3831 802 sedens,

2109 831 2234 900 ejus
2265 831 2495 900 quidem
2545 830 2781 899 optime
2828 829 3052 883 vivendi
3100 829 3340 882 rationis
3407 827 3520 880 alia
3569 827 3826 897 quidem

2109 920 2219 973 vidi
2256 936 2427 988 opera
2456 918 2720 990 etsigna,
2753 917 2864 972 alia
2923 933 3054 972 vero
3105 916 3278 971 didici
3311 917 3384 972 ab
3427 916 3503 970 iis
3527 917 3626 986 qui
3677 932 3836 972 cum

2110 1024 2176 1064 eo
2211 1007 2494 1062 vixerunt.

2179 1097 2232 1152 Is
2259 1113 2391 1151 cum
2423 1096 2574 1165 apud
2610 1111 2883 1166 magnum
2918 1094 3103 1149 virum
3136 1100 3193 1150 et
3234 1095 3461 1149 Patrem
3495 1096 3832 1150 Antonium

2109 1187 2319 1242 electos
2355 1185 2559 1258 palmae
2593 1201 2784 1242 ramos
2815 1186 3240 1255 vidisset,quos
3274 1189 3397 1256 ipse
3431 1185 3831 1249 laboraverat,

2110 1277 2273 1348 petiit
2304 1279 2452 1330 abeo
2469 1291 2650 1330 unum
2685 1275 3051 1345 manipulum
3078 1291 3372 1329 ramorum
3405 1274 3625 1346 palma.
3657 1272 3830 1328 Dixit

2109 1373 2300 1422 autem
2334 1366 2384 1420 ei
2414 1364 2702 1420 Antonius
2736 1365 3066 1436 :Scriptum
3101 1373 3186 1420 est
3219 1382 3233 1420 :
3261 1364 3385 1419 Non
3438 1363 3831 1433 concupisces

2108 1473 2199 1512 res
2231 1456 2473 1528 proximi
2505 1456 2588 1510 tui
2621 1456 2803 1526 (Deut.
2836 1457 2959 1525 vn).
3008 1454 3074 1510 Et
3103 1470 3236 1510 cum
3271 1455 3326 1509 id
3386 1453 3572 1509 olum
3632 1453 3832 1508 dixis-

2106 1553 2214 1614 set,
2248 1547 2392 1602 rami
2425 1563 2628 1601 omnes
2661 1545 2858 1600 statim
2909 1550 3187 1615 tanquam
3244 1546 3316 1599 ab
3347 1544 3481 1616 igne
3513 1544 3824 1601 torrefacti

2107 1642 2266 1693 sunt.
2300 1637 2458 1700 Quod
2493 1635 2726 1708 quidem
2759 1651 2891 1694 cum
2927 1634 3164 1690 vidisset
3189 1636 3500 1702 Antonius,
3532 1635 3673 1687 dixit
3699 1636 3824 1689 Ma-

2107 1727 2310 1781 cario:
2371 1725 2513 1780 Ecce
2555 1725 2806 1796 Spiritus
2866 1731 3104 1779 sanctus
3164 1723 3444 1794 requievit
3500 1738 3671 1794 super
3733 1728 3818 1793 te,

291 1813 426 1870 etsi
467 1815 699 1886 quando
731 1815 1059 1888 complures
1092 1817 1141 1871 ei
1174 1823 1371 1872 essent
1404 1817 1652 1878 molesti.
1706 1821 1937 1874 occulte
1967 1836 1997 1873 e
2027 1851 2081 1918 Β
2110 1818 2336 1883 erisque
2368 1816 2509 1872 mihi
2545 1817 2815 1886 deinceps
2845 1815 3026 1869 haeres
3059 1831 3321 1869 mearum
3354 1815 3660 1868 virtutum.

289 1920 398 1966 sua
426 1905 570 1962 cella
599 1908 921 1979 egrediens,
956 1907 1075 1961 ibat
1118 1908 1175 1961 in
1225 1909 1586 1976 speluncam,
1612 1925 1798 1979 neque
1830 1909 1991 1981 quis-

289 2013 460 2068 quam
485 2011 618 2051 eum
653 1995 998 2052 inveniebat.
1033 1995 1298 2052 Narravit
1321 2006 1514 2051 autem
1558 1999 1723 2053 nobis
1754 2000 1993 2069 quidam

291 2103 360 2144 ex
389 2087 665 2144 studiosis
697 2089 824 2158 ejus
851 2088 1182 2158 discipulis,
1204 2089 1356 2158 quod
1391 2089 1664 2144 recedens
1696 2106 1879 2161 usque
1921 2090 1992 2144 ad

291 2177 627 2249 speluncam
672 2195 774 2250 per
820 2181 1181 2248 cuniculum,
1215 2178 1444 2235 dicebat
1474 2180 1679 2251 viginti
1740 2185 1995 2252 quatuor

287 2266 576 2323 orationes
603 2285 616 2334 ;
650 2271 705 2322 et
736 2268 987 2332 rediens,
1016 2269 1277 2325 totidem.

360 2361 434 2411 De
459 2373 524 2413 eo
546 2358 684 2414 exiit
717 2359 888 2425 fama,
921 2358 1076 2430 quod
1112 2364 1411 2413 mortuum
1453 2357 1755 2414 suscitavit
1799 2360 1989 2430 (tiu/7.,

286 2446 324 2502 ι.
358 2464 422 2515 ιι,
453 2465 500 2503 c.
537 2448 664 2517 28);
703 2453 765 2502 ut
797 2450 1171 2518 persuaderet
1213 2449 1482 2505 heretico
1523 2449 1623 2521 qui
1653 2467 1766 2505 non
1800 2450 1990 2506 confi-

287 2536 513 2590 tebatur
539 2552 668 2594 esse
700 2538 1184 2593 resurrectionem
1209 2554 1541 2611 corporum.
1605 2540 1674 2595 Et
1705 2539 1814 2594 fuit
1856 2556 1990 2596 con-

287 2631 451 2682 stans
484 2626 601 2681 haec
636 2626 867 2681 famain
900 2627 1234 2682 solitudine.

358 2716 440 2770 Ad
475 2715 629 2770 hunc
650 2721 917 2770 sanctum
946 2716 1230 2772 adductus
1260 2722 1346 2772 est
1387 2717 1696 2786 aliquando
1727 2735 1757 2772 a
1810 2723 1994 2774 matre

287 2806 522 2878 propria
550 2807 912 2860 lamentante
939 2806 1276 2860 adolescens
1311 2808 1406 2878 qui
1460 2808 1775 2862 vexabatur
1799 2826 1833 2864 a
1872 2811 1994 2863 dte-

291 2913 484 2964 mone,
532 2913 564 2950 a
613 2894 843 2950 duobus
890 2893 1356 2951 adolescentibus
1415 2913 1482 2952 ex
1534 2907 1771 2970 utraque
1832 2906 1991 2969 parte

284 2985 656 3043 constrictus.
684 2984 847 3040 Hunc
877 2992 1073 3040 autem
1107 2985 1188 3040 ita
1219 2988 1463 3041 vexabat
1493 2990 1740 3045 daemon.
1790 2989 1988 3045 Trium

283 3077 614 3132 modiorum
649 3091 827 3145 panes
860 3082 1168 3146 postquam
1201 3076 1564 3143 comedisset,
1606 3083 1663 3133 et
1695 3078 1987 3148 amphora

2182 1908 2328 1960 Hinc
2359 1923 2564 1960 rursus
2615 1921 2747 1959 eum
2798 1904 3015 1958 invenit
3059 1902 3325 1958 diabolus
3364 1904 3421 1958 in
3473 1903 3820 1972 solitudine,

2106 2011 2346 2067 corpore
2382 1994 2547 2050 valde
2579 1995 2907 2063 defatigato,
2941 2003 2991 2048 et
3027 1992 3171 2048 dicit
3218 1993 3287 2047 ad
3322 2009 3454 2048 eum
3491 2011 3503 2048 :
3535 1993 3672 2049 Ecce
3704 2011 3818 2050 ac-

2104 2085 2306 2156 cepisti
2338 2085 2583 2155 gratiam
2626 2084 2896 2151 Antonii;
2931 2099 3036 2137 cur
3068 2099 3181 2138 non
3233 2083 3413 2138 uteris
3445 2083 3816 2152 auctoritate,

2103 2180 2159 2232 et
2192 2191 2225 2230 a
2257 2175 2369 2230 Deo
2402 2173 2545 2244 petis
2570 2174 2766 2228 cibum
2791 2185 2842 2226 et
2875 2173 3026 2228 vires
3058 2173 3126 2227 ad
3161 2172 3270 2228 iter
3315 2171 3767 2245 ingrediendum
3790 2175 3818 2229 ?

2104 2267 2154 2321 Is
2186 2271 2380 2321 autem
2414 2264 2550 2319 dicit
2582 2263 2655 2318 ad
2685 2280 2819 2319 eum
2855 2279 2868 2316 :
2902 2263 3096 2318 Virtus
3129 2279 3257 2318 mea
3287 2268 3345 2318 et
3377 2265 3503 2319 laus
3539 2281 3667 2319 mea
3696 2264 3814 2319 Do-

2105 2357 2320 2422 minus,
2356 2359 2412 2411 tu
2466 2360 2661 2410 autem
2711 2369 2781 2410 ne
2832 2353 3140 2410 tentaveris
3181 2371 3414 2411 servum
3465 2357 3583 2410 Dei.
3648 2355 3808 2411 Facit

2101 2463 2235 2519 ergo
2295 2444 2561 2501 diabolus
2595 2450 2656 2499 ut
2682 2445 2732 2500 ei
2790 2444 3138 2516 phantasma
3202 2450 3494 2516 appareat,
3551 2446 3810 2501 camelos

2101 2553 2279 2594 onera
2313 2537 2579 2605 bajulans
2612 2540 2668 2589 et
2723 2551 2920 2590 errans
2982 2551 3082 2604 per
3139 2535 3536 2604 solitudinem,
3582 2536 3807 2592 habens

2103 2627 2392 2684 omniaad
2427 2642 2596 2680 usum
2639 2625 2983 2680 necessaria.
3018 2625 3124 2690 Qui
3162 2641 3294 2680 cum
3353 2627 3584 2681 vidisset
3617 2626 3808 2682 Maca-

2103 2717 2277 2787 rium,
2314 2733 2490 2787 prope
2519 2731 2652 2771 eum
2688 2715 2924 2770 assedit.
2962 2717 3014 2770 1s
3063 2721 3260 2770 autem
3294 2715 3612 2783 suspicatus
3661 2732 3799 2772 esse

2104 2807 2472 2876 phantasma,
2507 2806 2656 2859 sicut
2686 2810 2821 2871 erat,
2857 2806 3119 2859 constitit
3150 2806 3218 2860 ad
3240 2807 3547 2872 orandum;
3578 2805 3626 2859 is
3656 2821 3792 2862 vero

2103 2898 2367 2970 protinus
2398 2913 2430 2948 a
2459 2903 2612 2950 terra
2645 2896 2754 2950 fuit.
2785 2899 3118 2965 absorptus.

2171 2985 2496 3057 Aliquando
2521 3002 2725 3040 rursus
2758 2985 2912 3040 venit
2945 2985 3038 3040 hic
3070 2985 3353 3041 Macarius
3383 2985 3803 3042 Alexandrinus

2099 3077 2170 3132 ad
2204 3092 2478 3147 magnum
2511 3076 2819 3130 Macarium
2840 3078 2933 3148 qui
2955 3083 3078 3130 erat
3101 3078 3155 3130 in
3181 3077 3364 3132 Scete.
3392 3077 3614 3132 Etcum
3636 3078 3800 3134 ambo

286 3165 456 3221 unius
507 3164 804 3220 Cilicensis
831 3165 945 3236 (48)
978 3181 1189 3236 aquam
1248 3166 1510 3230 bibisset,
1559 3174 1802 3239 utraque
1849 3184 1986 3223 eru-
2017 3204 2062 3271 α
2099 3174 2291 3224 essent
2323 3166 2514 3221 Nilum
2539 3167 2966 3232 trtnsmissuri,
3003 3167 3208 3222 accidit
3243 3173 3304 3222 ut
3334 3167 3446 3238 ipsi
3473 3169 3788 3224 maximum

283 3261 468 3324 etans,
500 3257 660 3312 cibos
693 3259 1012 3313 resolvebat
1035 3259 1092 3311 in
1125 3273 1413 3326 vaporem.
1450 3258 1528 3312 Ab
1559 3274 1623 3312 eo
1655 3259 1833 3324 enim,
1869 3277 1984 3316 non

282 3361 450 3402 secus
482 3362 548 3401 ac
574 3347 706 3416 igne
739 3347 1241 3403 consumebantur
1265 3365 1392 3420 qua
1453 3347 1775 3404 comederat
1807 3355 1865 3404 et
1895 3349 1990 3403 bi-

281 3436 460 3490 berat.
495 3435 596 3488 Est
625 3436 780 3490 enim
814 3437 955 3491 ordo
985 3453 1217 3507 quoque
1262 3438 1594 3492 dtemonum
1627 3439 1727 3507 qui
1779 3439 1990 3494 dicitur

282 3523 510 3593 igneus.
543 3524 691 3576 Sunt
711 3524 868 3577 enim
901 3525 1236 3578 daemonum
1269 3526 1665 3595 quoquesicut
1689 3527 1987 3584 hominum

285 3611 644 3676 diti‘erentiaa,
681 3627 795 3666 non
851 3618 1073 3666 mutata
1111 3614 1384 3679 essentia,
1437 3630 1636 3669 verum
1696 3616 1990 3673 voluntate

285 3699 582 3757 distincta.
619 3699 720 3755 Hic
748 3716 884 3771 ergo
915 3699 1394 3758 adolescenscum
1420 3703 1470 3757 ei
1496 3715 1672 3758 mater
1705 3721 1818 3760 non
1851 3723 1988 3778 sup-

286 3789 594 3860 peditaret,
624 3807 777 3860 saepe
805 3808 912 3846 sua
942 3791 1276 3849 comedebat
1298 3800 1754 3857 excrementa.et
1783 3796 1988 3851 lotium

285 3879 543 3937 bibebat.
577 3880 777 3936 Flente
827 3898 964 3954 ergo
994 3885 1116 3952 ejus
1150 3890 1356 3945 matre.
1389 3891 1446 3940 et
1485 3883 1731 3941 alienam
1764 3887 1850 3941 sui
1890 3886 1988 3942 filii

287 3975 560 4026 mmrente
591 3970 1006 4036 calamitatem,
1038 3977 1095 4028 et
1154 3981 1423 4030 sanctum
1456 3974 1619 4029 valde
1665 3977 1987 4032 obtestante

280 4066 336 4116 et
367 4071 620 4132 rogante.
658 4063 822 4119 illum
874 4065 1164 4135 accipiens
1225 4066 1470 4120 invictus
1501 4067 1714 4122 Christi
1774 4068 1990 4123 athleta

285 4149 592 4214 Macarius,
626 4152 872 4223 supplex
893 4169 994 4224 pro
1026 4169 1090 4208 co
1143 4152 1322 4209 Deum
1356 4157 1564 4210 oravit.
1617 4156 1750 4212 Post
1803 4174 1985 4213 unum

285 4246 479 4296 autem
509 4246 608 4296 aut
631 4243 876 4298 alterum
911 4245 1089 4311 diem,
1123 4245 1586 4300 remisitdaamon
1607 4248 1984 4304 vexationem.

284 4330 446 4385 Tunc
475 4347 608 4403 ergo
649 4334 788 4388 dicit
846 4336 1015 4390 matri
1070 4335 1457 4391 adolescentis
1515 4348 1756 4393 sanctus
1791 4339 1985 4396 Maca-

283 4419 438 4473 rius:
474 4421 766 4486 Quantum
798 4428 884 4477 vis
915 4429 976 4476 ut
1007 4424 1594 4481 filiustuuscomedat
1616 4426 1643 4480 ’ἶ
1666 4428 1770 4482 Illa
1792 4433 1984 4486 autem

283 4508 604 4577 respondit,
637 4508 836 4565 dicens
871 4526 884 4564 :
921 4509 1075 4581 Rogo
1107 4518 1182 4576 te,
1209 4515 1352 4582 jube
1399 4529 1531 4570 eum
1565 4516 1752 4570 solum
1789 4532 1987 4572 come-

2100 3257 2916 3329 pontonemingrederentur;
2949 3257 3008 3311 in
3033 3273 3206 3328 quem
3239 3257 3484 3328 ingressi
3509 3265 3651 3315 sunt
3679 3259 3794 3314 duo

2098 3346 2316 3402 tribuni
2348 3362 2480 3401 cum
2526 3361 2735 3416 magno
2777 3346 2924 3400 fastu
2958 3353 3013 3400 et
3068 3352 3370 3417 apparatu,
3418 3353 3482 3402 ut
3513 3348 3611 3417 qui
3649 3348 3804 3404 intus

2100 3436 2379 3492 haberent
2403 3436 2643 3489 rhedam
2679 3440 2856 3490 totam
2909 3452 3149 3504 aeneam,
3182 3442 3238 3492 et
3276 3453 3456 3508 equos
3495 3438 3675 3493 frenis
3706 3455 3806 3492 au-

2101 3527 2238 3589 reis,
2270 3531 2327 3580 et
2361 3525 2644 3595 quosdam
2677 3541 2776 3580 eos
2809 3526 3090 3598 stipantes
3126 3525 3360 3595 milites,
3421 3527 3718 3593 satellites,
3751 3530 3804 3582 et

2104 3630 2313 3684 pueros
2346 3615 2651 3685 torquibus
2683 3626 2734 3668 et
2789 3616 2980 3670 aureis
3007 3617 3167 3672 zonis
3207 3621 3460 3671 ornatos.
3489 3615 3798 3681 Postquam

2099 3719 2234 3773 ergo
2263 3702 2482 3757 tribuni
2518 3703 2791 3758 viderunt
2821 3705 2975 3774 ipsos
3009 3706 3296 3759 veteribus
3323 3705 3799 3776 pannisindutoa,

2099 3797 2155 3850 et
2184 3792 2526 3847 sedentesin
2561 3793 2796 3864 angulo,
2845 3794 3119 3850 humilem
3167 3795 3327 3850 illam
3360 3801 3416 3850 et
3458 3805 3688 3853 tenuem
3722 3797 3802 3850 vi-

2099 3885 2270 3938 vendi
2307 3883 2589 3938 rationem
2639 3884 2868 3940 beatam
2895 3885 3278 3954 judicabant;
3326 3903 3476 3942 unus
3508 3893 3702 3942 autem
3734 3903 3799 3943 ex

2099 3974 2243 4045 ipsis
2275 3975 2765 4030 tribunisdixitad
2797 3975 2952 4045 ipsos
2987 3992 3000 4030 :
3037 3977 3185 4030 Beati
3211 3978 3351 4032 estis
3374 3994 3476 4031 vos
3506 3979 3604 4048 qui
3635 3994 3804 4032 mun-

2098 4064 2526 4119 dumilluditis.
2565 4064 2938 4132 Respondeas
2971 4071 3166 4123 autem
3211 4066 3519 4126 Macarius.
3557 4067 3653 4136 qui
3681 4070 3802 4122 erat

2098 4156 2378 4223 urbanus,
2411 4156 2554 4210 dixit
2583 4155 2667 4210 eis
2703 4172 2714 4209 :
2762 4155 2875 4210 Nos
2908 4157 3139 4227 quidem
3175 4159 3452 4212 mundum
3483 4157 3797 4224 illusimus,

2099 4259 2194 4298 vos
2224 4253 2414 4300 autem
2467 4243 2651 4298 illusit
2701 4245 2978 4300 mundus.
3013 4246 3175 4301 Scias
3216 4253 3410 4302 autem
3443 4251 3502 4301 te
3550 4263 3666 4302 non
3704 4252 3803 4301 tua

2096 4338 2300 4403 sponte
2323 4334 2430 4388 hoc
2460 4333 2810 4400 dixisse,sed
2846 4337 3216 4406 prophetica:
3250 4336 3423 4391 ambo
3443 4337 3592 4392 enim
3626 4352 3802 4391 voca-

2098 4440 2225 4480 mur
2255 4423 2508 4490 Macarii,
2543 4423 2651 4478 hoc
2681 4431 2788 4488 est,
2825 4425 2995 4480 beati.
3051 4427 3101 4482 Is
3131 4432 3324 4481 autem
3356 4427 3481 4498 ejus
3533 4440 3797 4480 sermone

2095 4526 2502 4584 compunctus,
2547 4530 2682 4570 cum
2719 4515 2953 4572 domum
3002 4517 3270 4584 venisset,
3332 4523 3518 4574 vestes
3551 4530 3792 4581 exuens,

280 4597 415 4652 dere
446 4597 646 4654 decem
675 4599 855 4655 libras
890 4601 1068 4668 panis.
1132 4581 1267 4656 Eam
1318 4609 1512 4658 autem
1547 4605 1879 4675 increpans,
1925 4612 1988 4661 ut
2021 4581 2064 4646 Π
2097 4581 2312 4678 delegit
2345 4581 2521 4661 vitam
2563 4622 2728 4677 agere
2777 4606 3123 4674 solitariam,
3160 4581 3374 4664 multas
3399 4607 3603 4664 faciens
3640 4603 3794 4661 else—

280 4704 406 4760 quas
442 4690 692 4746 nimium
751 4692 993 4758 dixerat,
1029 4692 1216 4748 dixit:
1251 4693 1293 4750 Ο
1329 4695 1559 4764 mulier,
1605 4712 1711 4751 cur
1755 4696 1862 4752 hoc
1893 4697 1987 4751 di-

277 4779 738 4852 xisti?Cumque
769 4791 992 4853 septem
1026 4783 1385 4840 diesorasset
1435 4802 1569 4840 cum
1603 4787 1852 4855 jejunio,
1884 4804 1983 4843 ex-

277 4869 444 4938 pulso
474 4872 544 4925 ab
575 4887 641 4927 eo
685 4873 1005 4941 pernicioso
1037 4875 1299 4930 damone
1331 4875 1623 4945 ingluviei,
1688 4879 1984 4935 constituit

275 4959 326 5016 ei
353 4961 620 5015 vescendi
655 4960 931 5018 rationem
962 4964 1034 5019 ad
1068 4970 1184 5020 tres
1210 4981 1391 5035 usque
1415 4965 1592 5020 libras
1626 4967 1812 5036 panis,
1837 4984 1982 5038 quas

277 5048 507 5103 deberet
538 5047 663 5118 ipse
684 5053 982 5108 comedere
1019 5053 1062 5108 si
1104 5060 1455 5124 opereratur.
1491 5055 1634 5109 Cum
1669 5055 1776 5111 hoc
1810 5058 1980 5114 modo

274 5137 375 5193 Dei
407 5136 594 5209 gratia
625 5153 868 5208 puerum
917 5143 1301 5211 emundasset,
1334 5160 1465 5198 eum
1502 5146 1670 5199 matri
1705 5146 1974 5202 reddidit.

346 5229 461 5284 Has
517 5245 608 5285 res
661 5229 1035 5285 admirabiles
1089 5238 1144 5286 et
1192 5239 1396 5306 prieter
1446 5235 1781 5305 Opinionem
1845 5237 1978 5294 fecit

275 5319 423 5376 Deus
446 5337 544 5394 per
563 5326 833 5378 sanctum
866 5321 1198 5390 Macarium,
1233 5327 1399 5391 cuius
1416 5325 1757 5380 immortalis
1779 5329 1976 5384 anima

275 5427 430 5466 nunc
461 5417 549 5467 est
578 5428 708 5467 cum
743 5411 989 5483 angelis.
1025 5411 1166 5467 Eum
1199 5429 1304 5484 ego
1332 5431 1440 5468 non
1466 5417 1728 5483 conveni,
1751 5417 1974 5476 obierat

274 5501 427 5555 enim
461 5519 613 5557 anno
643 5507 954 5574 antequam
989 5518 1094 5572 ego
1129 5503 1534 5573 ingredererin
1568 5507 1967 5565 solitudinem.

271 5591 522 5646 Conveni
553 5601 741 5647 autem
775 5611 904 5648 eum
940 5595 1037 5666 qui
1081 5599 1206 5647 erat
1227 5595 1353 5662 ejus
1387 5595 1649 5651 sociusin
1674 5597 1808 5652 fidei
1839 5615 1972 5668 ope-

268 5679 462 5746 ribus,
488 5680 707 5737 etidem
739 5684 1069 5742 venerabile
1101 5699 1312 5741 nomen
1339 5685 1489 5755 quod
1526 5685 1648 5756 ipse
1699 5686 1965 5744 habebat.

2095 4713 2394 4769 mosynas.

2167 4788 2392 4844 Rursus
2423 4804 2556 4843 cum
2591 4787 2905 4860 aliquando
2937 4789 3214 4860 cupiisset
3245 4791 3393 4847 vesci
3431 4793 3558 4849 uvis
3593 4810 3793 4850 recen-

2094 4877 2248 4932 tibus
2285 4877 2673 4948 perbeliisque
2703 4881 2770 4933 ad
2795 4894 2856 4934 se
2889 4878 3106 4944 missis,
3141 4881 3456 4937 ostendens
3496 4885 3789 4941 continen-

2092 4968 2377 5034 tiam,eas
2427 4969 2582 5023 misit
2610 4970 2681 5023 ad
2737 4969 2912 5024 alium
2976 4971 3212 5026 fratrem
3273 4971 3659 5042 laborantem,
3693 4976 3787 5048 qui

2089 5059 2212 5130 ipse
2243 5076 2476 5130 quoque
2510 5076 2650 5114 uvas
2682 5059 3068 5118 desiderabat.
3099 5063 3204 5128 Qui
3235 5079 3366 5117 cum
3401 5081 3501 5119 eas
3536 5067 3785 5138 accepiso

2086 5155 2193 5217 set,
2231 5156 2287 5204 et
2319 5149 2802 5219 magna‘afl'ectus
2834 5155 2982 5205 esset
3015 5150 3232 5219 laetitia,
3260 5169 3428 5208 suam
3481 5153 3665 5210 celare
3692 5172 3788 5212 vo-

2086 5239 2212 5295 lens
2235 5239 2676 5306 continentiam,
2711 5255 2807 5295 eas
2833 5241 2994 5295 misit
3021 5240 3093 5297 ad
3117 5242 3296 5297 alium
3354 5244 3586 5299 fratrem
3625 5245 3787 5301 labo-

2085 5336 2332 5395 rantem,
2367 5329 2466 5400 qui
2493 5328 2612 5399 ipse
2639 5345 2872 5400 quoque
2905 5346 3038 5384 eum
3071 5332 3264 5386 cibum
3301 5340 3618 5403 appeteret.
3646 5336 3781 5392 Cum

2082 5420 2179 5476 ille
2209 5437 2441 5493 quoque
2464 5421 2800 5492 accepisset,
2836 5438 3036 5478 rursus
3093 5423 3202 5479 hoc
3232 5425 3425 5495 ipsum
3463 5427 3615 5489 fecit,
3674 5429 3780 5483 etsi

2082 5516 2203 5582 ipse
2237 5513 2402 5568 valde
2431 5515 2579 5568 vesci
2615 5522 2861 5585 cuperet.
2899 5513 3208 5587 Postquam
3243 5519 3522 5573 autemad
3565 5517 3778 5576 multos

2080 5602 2287 5658 fratres
2327 5604 2535 5658 deinde
2566 5611 2849 5659 venerunt
2909 5621 3046 5670 uvae,
3099 5622 3230 5662 cum
3294 5608 3492 5663 nullus
3525 5609 3574 5663 ei
3635 5609 3783 5664 vesci

2077 5691 2376 5760 voluisset,
2421 5701 2747 5762 postremus
2793 5693 2886 5763 qui
2938 5710 3035 5750 eas
3086 5702 3404 5767 acceperat,
3456 5713 3549 5752 eas
3581 5714 3780 5754 rursus
