4076 6280
348 338 499 399 1051

1857 333 2221 399 PALLADII

3605 330 3764 393 1052

348 466 555 540 λαϐὼν,
615 473 751 546 πρὸς
800 470 1077 546 Μακάριόν
1125 468 1290 525 πάλιν
1342 468 1676 539 ἀπέστειλεν,
1727 470 1800 531 ὡς
1855 470 1989 544 μέγα
2019 476 2065 540 Α
2106 464 2419 545 ὑπερϐολὴν
2448 476 2549 541 τῆς
2606 470 2806 543 ἀτίμου
2850 471 3052 544 τέχνης
3094 468 3274 523 αότῶν
3307 509 3322 524 .
3371 469 3543 521 Τοῦτο
3586 463 3642 521 δὲ
3694 467 3769 521 τὸ

350 556 524 633 δῶρον
558 560 706 633 αὐτῷ
749 560 1138 636 χαριζόμενος.
1190 558 1475 636 Ἐπιγνοὺς
1523 556 1579 613 δὲ
1624 558 1789 621 αύτὰς
1823 561 1852 614 6
1882 565 1995 615 Μα-

349 650 539 725 κάριος
568 650 657 705 καὶ
699 649 1261 725 πολυπραγμονήσας,
1312 648 1608 722 ἐθαύμασεν
1655 649 1993 723 εὐχαριστῶν

351 746 433 812 τῷ
488 741 678 815 Κυρίῳ
744 739 831 794 ἐπὶ
888 743 954 813 τῇ
1014 739 1240 813 τοιαύτῃ
1298 738 1475 793 αὐτῶν
1534 738 1838 817 ἐγκρατείᾳ,
1903 738 1995 794 καὶ

353 826 483 885 οὐδὲ
512 830 675 891 αὐτὸς
709 831 886 885 αὐτῶν
918 828 1052 891 τέως
1087 828 1432 905 μετείληφεν.

425 920 486 975 Ἦ
544 918 639 993 μὲν
692 919 781 973 οὗν
840 919 1067 988 ἄσκησις
1119 915 1215 971 τοῦ
1276 915 1522 993 μεγάλου
1580 918 1879 992 Μακαρίου,
1928 916 1995 987 ἢν

355 1008 460 1080 ἐγὼ
508 1008 597 1061 καὶ
644 1005 851 1062 πολλοὶ
898 1008 1026 1080 παρ’
1076 1008 1223 1079 αύτῷ
1268 1002 1678 1081 ἠκριϐώσαμεν,
1723 1007 1787 1077 ἦν
1837 1006 1996 1077 αὕτη.

356 1094 425 1152 Εἴ
452 1118 505 1152 τι
538 1097 768 1167 ἀκήκοεν
808 1097 1031 1151 πώποτέ
1067 1116 1189 1150 τινα
1236 1096 1575 1166 πεποιηκότα
1621 1094 1774 1172 ἔργον
1828 1097 1999 1167 ἀσκή-

355 1207 510 1253 σεως,
546 1182 825 1260 διαπύρως
856 1185 1071 1247 πάντως
1099 1188 1260 1240 τοῦτο
1291 1183 1667 1259 κατώρθωσεν.

424 1274 689 1337 Ἀκούσας
751 1273 840 1329 οῦν
897 1276 1043 1349 παρά
1098 1295 1261 1329 τινων
1320 1274 1401 1329 ὅτι
1457 1276 1508 1330 οἱ
1566 1270 1997 1346 Ταϐεννησιῶται

358 1363 448 1420 διὰ
504 1364 682 1434 πάσης
740 1371 839 1433 τῆς
897 1371 1341 1437 Τεσσαρακοστῆς
1427 1364 1692 1419 ἐσθίουσιν
1770 1364 1997 1434 ἄπυρον,

356 1448 560 1528 ἔκρινεν
608 1453 768 1514 οὗτος
800 1453 827 1505 6
859 1454 1014 1527 ἅγιος
1056 1454 1143 1509 ἐπὶ
1192 1452 1474 1508 ἑπταετίαν
1520 1452 1608 1508 διά
1637 1455 1805 1527 πυρὸς
1853 1450 1999 1527 διερ-

356 1543 595 1618 χόμενον
628 1543 704 1614 μή
737 1546 919 1615 φαγεῖν
946 1559 960 1573 ·
993 1541 1141 1609 πλὴν
1173 1540 1429 1617 λαχάνων
1464 1544 1656 1615 ὠμῶν,
1689 1542 1742 1597 εἷ’
1784 1562 1915 1597 ποτε
1944 1540 2001 1597 δὲ

356 1631 446 1687 καὶ
478 1634 761 1707 παρεῦρεν,
803 1630 838 1699 ἢ
883 1628 1187 1701 όσπηιδίων
1231 1632 1492 1707 βρεκτῶν,
1546 1628 1779 1705 μηδενὸς
1826 1631 2001 1687 ἄλλου

358 1721 692 1798 γευσάμενος
726 1720 776 1777 ἐν
829 1720 1051 1783 ἐκείνοις
1102 1728 1219 1785 τοῖς
1261 1722 1395 1777 ἐπτᾶ
1440 1716 1609 1777 ἔτεσιν
1637 1740 1649 1754 ⁶
1703 1723 2001 1797 Κατορθώ-

359 1833 453 1875 σας
515 1809 605 1867 οῦν
660 1814 821 1867 τοῦτο
879 1812 1203 1866 κατέπτυσεν
1263 1811 1464 1881 ταύτης
1516 1818 1617 1879 τῆς
1674 1810 2001 1875 πολιτείας.

3304 554 3331 568 θ

2100 562 2447 637 κηποτάφιον
2516 558 2735 636 γέγονεν
2810 560 2935 631 παρ’
2994 557 3157 613 αὐτοῦ
3232 554 3332 612 τοῦ
3390 557 3597 612 Ἰαννοῦ
3660 554 3769 610 καὶ

2105 644 2368 722 Ἰαμϐροῦ
2398 652 2506 703 τῶν
2558 645 2831 723 ἀδελφῶν,
2883 644 2953 700 δι’
3004 638 3318 717 ὑπερϐολήν
3362 649 3466 712 τῆς
3516 649 3765 718 μαγικῆς

2103 738 2306 812 τέχνης
2352 739 2418 791 τά
2457 742 2646 805 πρῶτα
2698 736 2933 812 ἐχόντων
2980 736 3097 790 κατ’
3144 732 3317 788 ἐκεῖνο
3365 736 3559 805 καιροῦ
3607 733 3765 808 παρὰ

2104 832 2183 899 τῷ
2226 828 2466 902 Φαραώ.
2527 829 2615 888 Ὧς
2664 826 2759 881 οὗν
2810 823 3028 894 πολλὴν
3070 822 3395 895 κεκτημένοι
3443 823 3545 891 τήν
3598 818 3769 877 δυνα-

2103 916 2280 971 στείαν
2312 917 2410 984 τὴν
2434 916 2487 971 ἐν
2517 915 2779 989 Αἰγύπτῳ
2802 916 2852 969 ἐν
2876 918 2953 986 τῷ
2981 920 3081 983 τῆς
3105 918 3249 982 ζωῆς
3273 911 3444 967 αὐτῶν
3469 910 3678 985 χρόνῳ.
3700 911 3769 966 ἐκ

2102 1002 2445 1081 τετραπέδων
2496 1004 2666 1060 λίθων
2716 999 2929 1059 ἔκτισαν
2972 1002 3033 1057 τὸ
3073 996 3230 1077 ἔργον
3281 1000 3477 1069 ἐκεῖνο,
3521 998 3574 1054 ἐν
3605 1000 3769 1073 αύτῷ

2115 1102 2307 1169 μνῆμα
2335 1095 2718 1166 πεποιηκότες,
2768 1094 2858 1148 καὶ
2906 1093 3109 1168 χρυσὸν
3156 1089 3335 1146 πολὺν
3388 1090 3715 1163 ἀποθέμενοι
3747 1135 3765 1151 .

2112 1186 2433 1262 Ἐφότευσαν
2482 1184 2539 1240 δέ
2584 1186 2673 1239 καὶ
2724 1181 2918 1258 δένδρα
2981 1186 3237 1252 παντοῖα,
3286 1182 3376 1237 καὶ
3420 1181 3583 1257 φρέαρ
3631 1178 3771 1236 ὕδα-

2110 1295 2202 1337 τος
2260 1274 2510 1351 μέγιστον
2562 1274 2767 1350 ὤρυξαν
2801 1292 2813 1306 ·
2860 1273 3097 1346 ὕπικμος
3141 1272 3242 1348 γάρ
3291 1269 3434 1326 ἐστιν
3476 1270 3504 1325 6
3545 1271 3718 1333 τόπος
3748 1313 3765 1327 .

2115 1369 2290 1419 Ταῦτα
2340 1362 2396 1419 δὲ
2437 1368 2610 1419 πάντα
2656 1362 2938 1435 ἐποίησαν,
2990 1360 3305 1431 ἐλπίζοντες
3360 1360 3493 1433 μετά
3539 1361 3635 1429 τὴν
3681 1358 3771 1414 ἐν·

2110 1455 2291 1509 τεῦθεν
2320 1452 2492 1509 ἐκεῖσε
2521 1452 2691 1531 ἄφιξιν
2726 1454 2777 1508 ἐν
2804 1452 2982 1525 τούτῳ
3029 1456 3109 1524 τῷ
3152 1448 3464 1525 παραδείσῳ
3515 1454 3721 1527 τρυφᾷν
3751 1492 3768 1507 .

2110 1543 2277 1606 Τέλος
2311 1540 2405 1598 οῦν
2451 1544 2655 1619 ἀγνοῶν
2704 1551 2804 1612 τὴν
2849 1538 2973 1597 ὁδὸν
3021 1539 3251 1617 ἄγουσαν
3298 1539 3386 1594 ἐπὶ
3434 1542 3623 1593 τοῦτον
3663 1539 3766 1593 τὸν

2110 1632 2277 1688 τόπον
2324 1633 2353 1687 6
2408 1636 2505 1687 106
2558 1634 2795 1708 Χριρτοῦ
2852 1628 3049 1692 δοῦλος
3107 1629 3405 1702 Μακάριος,
3457 1633 3767 1703 στοχασμῷ

2116 1722 2280 1795 μόνον
2331 1722 2625 1792 ήκόλούθει
2670 1726 2787 1783 τοῖς
2838 1724 3055 1796 ἄστροις
3090 1740 3103 1752 ’
3155 1720 3396 1794 καθάπερ
3428 1718 3482 1773 οἱ
3518 1717 3769 1773 ναυτικοὶ

2115 1809 2479 1874 διαϐαίνοντες
2546 1811 2614 1867 τὰ
2669 1810 2907 1887 πελάγη.
2956 1808 3140 1872 Οὕτως
3184 1810 3344 1872 οὗτος
3400 1808 3428 1862 6
3461 1808 3612 1883 ἅγιος
3656 1809 3769 1878 τήν

357 1904 621 1957 Ἤκουσεν
670 1897 727 1955 δὲ
774 1898 900 1974 περί
956 1920 1105 1965 τινος
1156 1898 1333 1955 ἄλλου
1381 1900 1536 1962 οὗτος
1564 1902 1592 1955 6
1630 1898 1846 1975 ἄριστος
1895 1904 2000 1954 τῶν
2038 1875 2081 1939 Β
2112 1899 2319 1976 ἔρημον
2350 1907 2521 1956 πᾶσαν
2575 1875 2879 1965 διώδευσέν,
2928 1899 3018 1955 καὶ
3063 1893 3247 1954 λαϐὼν
3294 1896 3423 1973 δέρα
3469 1875 3768 1969 καλάμων,

360 1993 619 2065 μοναχῶν
652 1987 735 2044 ὅτι
782 1989 950 2063 ἄρτου
998 1988 1186 2063 λίτραν
1238 1988 1424 2058 ἐσθίει,
1457 1991 1543 2045 καὶ
1577 1993 1766 2045 τοῦτον
1821 1988 2001 2059 ζηλώ-

356 2102 473 2150 σας,
503 2079 707 2142 κλάσας
747 2079 808 2134 τὸ
862 2079 1251 2154 βουκελλάτον,
1284 2080 1313 2134 ’ὀ
1344 2080 1512 2155 εἶχεν,
1566 2081 1869 2154 κατήγαγεν
1922 2079 2000 2141 είς

355 2172 613 2246 κεράμια,
661 2167 849 2241 κρίνας
899 2171 1158 2223 τοσοῦτον
1208 2168 1371 2241 μόνον
1424 2168 1614 2223 ἐσθίειν
1672 2168 1795 2222 ὅσον
1847 2164 1906 2222 ἂν
1961 2168 1996 2236 ἡ

355 2260 480 2333 χεὶρ
512 2258 768 2334 ἀνενέγκῃ
798 2303 810 2316 .
845 2256 1070 2334 Μεγάλη
1106 2255 1162 2311 δὲ
1189 2258 1279 2312 καὶ
1320 2256 1454 2326 αὕτη
1502 2259 1755 2331 σώματος
1788 2255 1999 2331 σκληρ-

356 2348 568 2426 αγωγία
609 2392 625 2409 .
694 2352 948 2423 Διηγεῖτο
1006 2348 1110 2422 γὰρ
1175 2349 1309 2421 ἡμῖν
1355 2348 1855 2423 χαριεντιζόμενος,
1913 2345 1995 2401 ὅτι

356 2435 836 2514 Περιεδρασσόμην
891 2438 983 2509 μὶν
1026 2436 1296 2492 πλειόνων
1348 2436 1703 2511 κλασμάτων,
1755 2436 1817 2491 ού
1870 2456 1998 2490 συν-

356 2528 692 2604 εχωρούμην
725 2523 781 2579 δέ
824 2525 1111 2599 ἐξενεγκεῖν
1162 2526 1265 2580 ὑπὸ
1312 2530 1408 2580 τοῦ
1438 2530 1621 2581 στενοῦ
1666 2528 1765 2594 τῆς
1806 2527 1946 2594 ὀπῆς
1983 2564 1996 2581 .

354 2619 410 2668 Ὁ
437 2613 685 2682 τελώνης
717 2611 817 2687 γάρ
855 2634 958 2684 μου
990 2614 1054 2668 ού
1102 2614 1421 2687 συνεχώρει,
1474 2613 1659 2691 φησὶν,
1699 2614 1762 2670 τὸ
1808 2633 1996 2667 παντε-

358 2703 472 2765 λῶς
506 2722 570 2773 με
602 2699 795 2755 ἐσθίειν
823 2743 834 2757 .
871 2700 991 2754 Ἐπὶ
1024 2700 1127 2755 ὅλα
1159 2700 1249 2756 οῦν
1280 2701 1403 2775 τρία
1431 2700 1521 2771 ἔτη
1572 2702 1773 2771 ταύτην
1819 2701 1999 2771 ἤσκη-

358 2812 443 2846 σεν
473 2791 573 2859 τήν
607 2788 945 2864 ἐγκράτειαν,
976 2789 1233 2862 τέσσαρας
1265 2793 1299 2858 ἢ
1335 2791 1488 2845 πέντε
1519 2789 1736 2865 ούγκίας
1782 2789 1995 2859 ἐσθίων,

353 2879 545 2936 καὶτὸ
593 2875 919 2952 ἀντίρῥοπον
969 2878 1175 2933 τούτων
1226 2878 1390 2933 πίνων
1448 2876 1630 2955 ὕδωρ.
1683 2878 1892 2950 Ξέστην
1942 2876 1998 2933 δὲ

353 2970 545 3027 ἐλαίου
586 2970 662 3032 εἰς
693 2972 785 3026 τὸν
817 2967 1059 3026 ἐνιαυτὸν
1091 2968 1283 3040 ἀνήλω
1315 2970 1389 3033 εἷς
1420 2972 1630 3049 τροφήν
1653 3014 1665 3029 .

423 3056 605 3128 Ἀλλη
666 3055 893 3128 ἄσκησις
953 3060 1049 3112 τοῦ
1106 3057 1352 3125 ἀθλητοῦ
1386 3100 1399 3114 .
1458 3059 1703 3131 Ἕκρινεν
1763 3057 1921 3119 οὗτος
1968 3058 1995 3111 6

350 3145 565 3221 ἀδάμας
622 3146 786 3202 ὕπνον
834 3147 1244 3222 περιγενέσθαι.
1300 3147 1406 3201 Καὶ
1454 3151 1613 3201 τοῦτο
1665 3144 1995 3223 διηγήσατο,

351 3238 432 3293 ὅτι
466 3235 580 3295 Ούκ
625 3235 880 3305 εἰσῆλθον
932 3236 1033 3290 ὑπὸ
1077 3236 1267 3311 στέγην
1310 3234 1360 3289 ἐν
1403 3232 1555 3297 ὅλοις
1608 3235 1773 3291 εἷ’κοσι
1827 3238 1998 3310 νυχθ-

350 3328 601 3401 ημέροις,
622 3323 719 3381 ’ίνα
747 3327 956 3395 νικήσω
988 3325 1151 3380 ὕπνον
1180 3342 1193 3355 ⁸
1224 3330 1340 3387 τοῖς
1391 3328 1484 3398 μὲν
1533 3325 1770 3399 καύμασι
1801 3324 1997 3402 φλεγά.

358 3434 515 3489 μενος
545 3416 644 3482 τήν
677 3413 912 3486 ἡμέραν,
943 3416 1013 3486 τῇ
1055 3410 1111 3467 δὲ
1141 3417 1420 3488 νοκτερινῇ
1442 3415 1776 3489 στυφόμενος
1802 3416 2003 3489 ψυχρό-

352 3523 479 3571 τητι
504 3546 518 3559 .
556 3502 656 3556 Καὶ
688 3500 871 3575 ἔλεγεν
900 3501 1082 3567 οὗτος,
1108 3500 1189 3555 ὅτι
1234 3502 1295 3555 Εἰ
1333 3503 1407 3574 μή
1440 3503 1634 3577 τάχιον
1669 3503 1770 3557 ὑπὸ
1809 3502 2005 3579 στέγην

356 3587 645 3660 εῗσῆλθον,
673 3590 763 3644 καὶ
795 3588 1122 3664 ἐχρησάμην
1155 3590 1323 3662 ὕπνῳ,
1350 3592 1520 3652 οὕτως
1554 3593 1817 3664 ἐξηράνθη
1849 3614 1953 3666 μου
1977 3595 2004 3649 6

359 3678 683 3757 ἐγκέφαλος,
717 3679 790 3739 ὣς
820 3678 895 3740 εἷς
926 3674 1167 3733 ἔκοτασίν
1202 3698 1269 3752 με
1295 3677 1482 3734 ἐλάσαι
1533 3680 1726 3736 λοιπόν
1749 3725 1762 3738 .
1815 3682 1912 3736 Καὶ
1943 3684 2005 3737 τὸ

360 3772 486 3827 ὅσον
518 3770 568 3825 ἐν
592 3768 737 3844 ἐμοὶ,
762 3770 946 3844 φησὶν,
972 3767 1157 3824 ἐνίκων
1177 3769 1269 3825 τὸν
1292 3767 1455 3825 ὕπνον
1476 3789 1489 3803 ⁸
1522 3768 1659 3825 τοδέ
1679 3770 1804 3826 ὅσον
1827 3771 1912 3827 ἐπὶ
1936 3775 2004 3846 τῇ

360 3862 513 3938 φύσει
543 3862 613 3935 τῇ
640 3857 829 3934 χρείαν
850 3856 1056 3933 ἐχούσῃ
1077 3861 1175 3913 τοῦ
1198 3857 1387 3927 ὕπνου,
1407 3860 1780 3935 παρεχώρησα
1800 3860 1966 3936 ταύτῃ
1991 3905 2004 3918 .

429 3954 534 4006 Τοῦ
601 3949 761 4025 ἁγίου
820 3952 1016 4003 τούτου
1069 3948 1441 4021 καθεζομένου
1490 3950 1590 4004 ὑπὸ
1639 3948 1786 4025 πρωΐ
1832 3949 1882 4005 ἐν
1927 3956 2007 4024 τῷ

356 4039 593 4111 κελλίω,
627 4037 987 4112 κώνωψιστὰς
1016 4034 1103 4091 ἐπὶ
1131 4040 1228 4091 τοῦ
1256 4034 1426 4100 ποδὸς
1462 4039 1625 4094 αὐτοῦ
1678 4040 1955 4111 ἐκέντησεν
1990 4083 2005 4098 .

359 4128 639 4206 Ἀλγήσας
689 4125 746 4184 δὲ
798 4126 1046 4197 κατέαξεν
1094 4129 1285 4181 τοῦτον
1326 4131 1394 4200 τῇ
1428 4129 1574 4203 χειρὶ
1624 4131 1757 4202 μετὰ
1806 4132 1867 4185 τὸ
1911 4150 2010 4184 κο-

359 4221 615 4295 ρεσθῆναι
671 4221 768 4273 τοῦ
825 4214 1061 4289 αἵματος
1094 4231 1109 4247 ⁸
1193 4218 1554 4292 Κατεγνωκὼς
1638 4217 1731 4274 06v
1787 4217 2004 4294 ὕστερον

360 4313 552 4366 ἑαυτοῦ
584 4310 660 4371 ὡς
710 4307 896 4363 ἑαυτὸν
948 4305 1355 4378 ἐκδικήσαντος,
1406 4306 1752 4379 καταδικάζει
1802 4310 2007 4381 ἐαυτὸν,

362 4398 498 4455 ὥστε
554 4399 630 4460 εἷς
676 4398 739 4452 τὸ
789 4394 913 4458 ἕλος
961 4404 1061 4466 τῆς
1119 4399 1397 4469 Σκήτεως,
1431 4397 1459 4452 ’ὀ
1490 4396 1629 4453 ἐστιν
1680 4396 1734 4453 ἐν
1775 4403 1843 4472 τῇ
1884 4420 2010 4454 παν-

363 4490 581 4564 ιρήμῳ,
637 4486 963 4555 καθεσθῆναι
1014 4485 1216 4561 γυμνὸν
1267 4486 1352 4541 ἐπὶ
1408 4486 1579 4560 μῆνας
1613 4484 1666 4558 ἓξ
1697 4530 1709 4543 .
1760 4490 1926 4544 Ἔνθα
1957 4490 2007 4543 οἱ

362 4580 619 4641 κώνωπες
674 4573 916 4632 δύνανται
965 4575 1053 4630 καὶ
1094 4575 1344 4651 συάγρων
1398 4574 1636 4652 δέρματα
1676 4582 1882 4652 τιτρᾷν,
1932 4577 2007 4639 ὡς
2038 4620 2084 4685 D

440 4677 464 4685 ε.
616 4667 641 4685 ΩΙ
932 4662 972 4685 ΙἿ
1128 4665 1198 4685 ΑΡῙ
1367 4666 1417 4685 ουκ
1533 4667 1545 4683 f
1604 4668 1615 4685 1
1698 4667 1711 4685 ἵ
1764 4671 1789 4683 θ’

362 4677 563 4745 σφῆκες
611 4667 760 4730 ὅντες
813 4662 1064 4741 μεγάλοι.
1125 4665 1309 4728 Οὕτως
1362 4666 1491 4728 ὅλος
1528 4667 1615 4721 ὑπ’
1654 4667 1830 4722 αὐτῶν
1879 4688 2007 4722 κατ-

361 4760 596 4833 ετρώθη,
639 4757 715 4821 ὡς
767 4755 857 4811 καὶ
918 4753 1257 4817 σπονδύλους
1304 4754 1586 4831 ἐξενεγκεῖν
1635 4753 1704 4810 δι’
1750 4755 1883 4812 ὅλου
1912 4761 2010 4811 τοῦ

363 4852 639 4921 σώματος,
672 4846 746 4908 ὡς
776 4844 867 4900 καί
898 4866 1047 4907 τινας
1077 4845 1302 4919 νομίσαι
1362 4845 1446 4899 ὅτι
1489 4842 1774 4922 ἐλεφαντία
1830 4844 1967 4901 ἐστίν
1992 4891 2004 4904 .

360 4931 702 4991 Ἐπανελθὼν
756 4931 845 4986 οῦν
877 4931 952 4996 εἷς
997 4933 1058 4987 τὸ
1106 4930 1328 4987 κελλίον
1377 4932 1568 4988 ἑαυτοῦ
1620 4934 1755 5006 μετά
1798 4934 1925 4997 τοὺς
1954 4934 2007 5008 ἓξ

367 5028 543 5097 μῆνας
602 5020 707 5074 ἀπὸ
756 5022 854 5090 τῆς
905 5026 1091 5097 φωνῆς
1138 5018 1460 5095 ἕγνωρίζετο
1514 5022 1681 5096 μόνον
1721 5021 1802 5078 ὅτι
1850 5023 2010 5086 αὐτός

365 5110 506 5167 ἐστιν
536 5110 563 5165 6
593 5108 780 5181 κύριος
810 5110 1107 5183 Μακάριος.

436 5201 805 5273 Ἐπεθύμησέν
852 5219 988 5253 ποτε
1034 5200 1193 5262 οὗτος
1247 5202 1275 5256 6
1324 5201 1503 5271 αὐτὸς,
1556 5203 1630 5264 ὡς
1677 5201 1836 5266 αὐτὸς
1874 5206 2010 5276 ἡμῖν

366 5289 689 5369 διηγήσατο,
743 5287 817 5351 εἷς
866 5287 928 5342 τὸ
977 5290 1314 5369 κηποτάιριον
1364 5289 1622 5348 εἰσελθεῖν
1666 5293 1762 5347 τοῦ
1811 5293 2009 5349 Ἰαννοῦ

364 5383 455 5441 καὶ
486 5374 750 5455 Ἰαμϐροῦ
777 5383 885 5433 τῶν
935 5378 1127 5452 μάγων
1173 5384 1283 5433 τῶν
1334 5379 1420 5435 ἐπὶ
1450 5386 1547 5436 τοῦ
1579 5383 1803 5458 Φαραὼ,
1849 5383 2009 5457 χάριν

365 5474 608 5546 ἱστορίας
637 5469 672 5539 ἢ
710 5468 799 5525 καὶ
831 5466 1122 5542 συντυχίας
1154 5472 1260 5522 τῶν
1294 5467 1464 5525 ἐκεῖσε
1496 5466 1791 5545 δαιμόνων.
1829 5472 2007 5528 Ἐλέι-

365 5581 491 5636 γετο
521 5561 625 5636 γὰρ
665 5558 1033 5631 παμπόλλους
1065 5556 1154 5610 καὶ
1197 5556 1474 5632 χαλεποὺς
1522 5559 2009 5634 ἀποκεκληρῶσθαι

367 5649 495 5727 παρ’
533 5647 709 5705 αὐτῶν
762 5648 981 5705 ἐκείνων
1026 5645 1107 5723 τῷ
1160 5646 1316 5724 τόπῳ
1375 5646 1562 5724 ἐκείνῳ
1621 5648 1885 5725 δαίμονας
1942 5646 2010 5706 δι’

2107 1984 2196 2042 ἕνα
2236 1988 2371 2043 κατὰ
2435 1986 2620 2060 μίλιον
2672 1985 2801 2043 οίστα
2838 1986 2999 2063 χάριν
3063 1985 3323 2058 σημείου,
3383 1981 3478 2039 ’ίνα
3510 1983 3637 2059 εὕρῃ
3691 1981 3772 2039 δι’

2108 2076 2279 2145 αὐτῆς
2331 2075 2687 2151 ὑποστρέψαι.
2765 2074 3057 2139 Διοδεύσας
3087 2074 3181 2128 οῦν
3232 2070 3444 2142 ἐκείνην
3489 2074 3589 2141 τήν
3638 2067 3773 2146 ἕρη-

2113 2186 2211 2237 μον
2245 2170 2418 2221 πᾶσαν
2448 2166 2596 2227 ἐντὸς
2637 2168 2860 2239 ἡμερῶν
2908 2163 3076 2236 ἐννέα,
3118 2162 3207 2218 καὶ
3259 2165 3552 2238 γενόμενος
3600 2161 3764 2233 πλη-

2109 2253 2223 2309 σίον
2275 2258 2372 2309 τοῦ
2427 2256 2608 2325 κήπου
2665 2252 2889 2321 ἐκείνου,
2945 2246 3453 2322 ἐπικαταλαϐούσης
3496 2258 3597 2322 τῆς
3655 2274 3757 2307 νυ-

2106 2343 2233 2405 κτὸς
2269 2344 2461 2417 μικρὸν
2513 2339 2906 2413 ἐκαθεύδησεν·
2969 2345 3025 2397 Ὁ
3069 2340 3160 2397 οῦν
3212 2342 3405 2416 ἄγριος
3457 2339 3690 2413 δαίμων,
3724 2343 3754 2397 6

2107 2431 2188 2487 ἀεὶ
2246 2437 2360 2493 τοὶς
2419 2431 2681 2502 ἀθληταῖς
2734 2436 2831 2486 τοῦ
2889 2433 3125 2506 Χριστοῦ
3176 2429 3568 2506 ἀντιπράττων,
3628 2452 3755 2486 συν-

2107 2521 2321 2597 αγαγὼν
2352 2520 2518 2583 ὅλους
2548 2520 2675 2583 τοὺς
2707 2519 2990 2593 καλάμους
3027 2521 3263 2582 ἐκείνους
3310 2524 3411 2576 τοῦ
3473 2523 3755 2597 Μακαρίου

2108 2608 2464 2674 καθεύδοντος
2504 2611 2577 2673 ὡς
2624 2609 2729 2665 ἀπὸ
2784 2610 3015 2683 σημείου
3074 2610 3188 2671 ἑνὸς
3247 2610 3344 2665 τοῦ
3410 2610 3752 2683 κηποτσιρίου

2107 2719 2245 2774 προς
2277 2703 2345 2774 τῇ
2378 2700 2588 2778 κεραλῇ
2620 2700 2784 2755 αὐτοῦ
2813 2700 3066 2761 τεθεικὼς
3106 2697 3421 2774 ἀπηλλάγη.
3486 2699 3746 2759 Ἀναστὰς

2108 2789 2199 2846 οῦν
2266 2790 2411 2864 εὗρεν
2453 2791 2579 2851 τοὺς
2632 2789 2913 2865 καλάμους
2974 2786 3399 2863 συνδεδεμένους,
3442 2788 3527 2850 οὓς
3572 2787 3736 2852 αὐτὸς

2110 2879 2272 2953 χάριν
2324 2880 2555 2952 σημείου
2603 2880 2918 2952 κατέπηξεν.
3003 2878 3159 2956 Τάχα
3207 2876 3264 2933 δὲ
3311 2878 3398 2933 καὶ
3441 2882 3594 2932 τοῦτο
3640 2881 3740 2933 τοῦ

2108 2972 2240 3023 Θεοῦ
2290 2972 2750 3045 συγχωρήσαντος
2797 2968 2874 3031 εἷς
2932 2969 3154 3041 μείζονα
3190 2968 3387 3024 τούτου
3430 2966 3750 3041 γυμνασίαν,

2100 3055 2189 3113 ’ίνα
2235 3060 2310 3133 μὴ
2364 3059 2635 3131 καλάμοις
2690 3055 2958 3132 ἐπελπίζῃ
3021 3056 3281 3132 ὁδηγοῦσι
3342 3061 3558 3127 τοῦτον,
3608 3055 3746 3112 ἂλλά

2106 3151 2174 3221 τῇ
2209 3151 2396 3222 χάριτι
2426 3152 2524 3202 τοῦ
2558 3149 2695 3203 Θεοῦ
2736 3151 2831 3202 τοῦ
2878 3144 2967 3201 διὰ
3012 3146 3215 3202 στόλου
3264 3144 3497 3225 νεφέλης
3545 3142 3758 3221 ὁδηγή-

2031 3246 2073 3315 C
2115 3257 2301 3298 σαντος
2356 3239 2446 3292 τὸν
2508 3237 2731 3305 Ἰσραὴλ
2782 3238 3178 3311 τεσσαράκοντα
3224 3231 3317 3305 ἕτη
3362 3235 3413 3291 ἐν
3446 3238 3515 3307 τῇ
3559 3230 3759 3311 φοϐερᾷ

2112 3325 2307 3401 ἐρήμῳ
2356 3326 2568 3401 ἐκείνῃ.
2620 3325 2841 3400 Ἔλεγεν
2892 3323 2947 3380 δὲ
2978 3326 3004 3380 ὁ
3039 3326 3214 3401 ἅγιος,
3266 3326 3349 3379 ’ὁτι
3403 3325 3759 3401 Ἐγγίσαντός

2116 3437 2219 3490 μου
2264 3417 2427 3488 μόνον
2477 3420 2556 3488 τῷ
2613 3414 2956 3494 κηποταιρίῳ,
3015 3415 3106 3469 ἀπ’
3172 3413 3337 3470 αὐτοῦ
3395 3414 3626 3484 ἐξῆλθον
3683 3413 3758 3476 εἴς

2114 3504 2425 3575 συνάντησίν
2498 3525 2602 3577 μου
2646 3500 3030 3578 ἐϐδομήκοντα
3079 3501 3340 3577 δαίμονες
3381 3502 3625 3576 παντοίῳ
3678 3508 3757 3576 τῷ

2116 3597 2383 3669 σχήματι,
2417 3597 2466 3649 οί
2502 3595 2595 3666 μὲν
2650 3595 2904 3670 βοῶντες,
2936 3594 2985 3648 οἱ
3020 3591 3076 3649 δὲ
3114 3590 3418 3664 πηδῶντες,
3453 3595 3504 3648 οἱ
3537 3592 3593 3649 δὲ
3627 3594 3759 3668 μετά

2119 3682 2363 3758 μεγάλου
2396 3684 2649 3759 βρυγμοῦ
2689 3687 2959 3760 τρίζοντες
2987 3683 3101 3739 κατ’
3142 3682 3279 3757 ἐμοῦ
3321 3684 3447 3745 τοὺς
3493 3682 3720 3746 ὀδόντας
3746 3726 3759 3740 .

2113 3775 2325 3847 ’Έτεροι
2359 3770 2415 3828 δὲ
2461 3774 2534 3835 ὡς
2594 3771 2817 3847 κόρακες
2862 3773 3283 3847 πτερυσσόμενοι
3333 3771 3587 3847 ἐτόλμων
3629 3775 3764 3829 κατά

2114 3869 2213 3933 τῆς
2247 3861 2423 3937 ὅψεώς
2476 3882 2601 3936 μου,
2637 3860 2925 3937 λέγοντες·
2987 3861 3050 3917 Τί
3096 3859 3293 3932 θέλεις,
3344 3863 3607 3938 Μακάριε,
3642 3884 3760 3918 πει-

2118 3953 2291 4028 ρασμὲ
2320 3956 2427 4008 τῶν
2478 3956 2736 4026 μοναχῶν
2766 3974 2779 4023 ;
2810 3950 2862 4005 τί
2911 3951 3045 4026 πρὸς
3099 3953 3245 4024 ἡμᾶς
3293 3952 3628 4027 παρεγένους
3683 3953 3758 4025 μὴ

2116 4043 2205 4097 καί
2252 4044 2415 4114 ἡμεῖς
2447 4040 2523 4102 εἴς
2579 4062 2726 4103 τινας
2767 4044 2871 4095 τῶν
2924 4044 3187 4115 μοναχῶν
3237 4040 3641 4118 ἐνεργήσαμεν;
3690 4043 3763 4097 Ti

2116 4133 2355 4206 ἡμέτερα
2406 4127 2550 4205 ἔχεις
2600 4129 2709 4185 ἐκεῖ
2755 4131 2888 4203 μετᾶ
2934 4134 3039 4185 τῶν
3077 4150 3161 4184 σοι
3210 4129 3441 4202 ὁμοίων,
3480 4132 3579 4199 τὴν
3628 4124 3758 4204 ἕρη-

2120 4243 2222 4295 μον
2258 4239 2270 4251 ·
2331 4221 2572 4275 κάκεῖθεν
2638 4218 2766 4283 τοὺς
2832 4224 3107 4295 συγγενεῖς
3192 4222 3352 4291 ἡμῶν
3427 4217 3756 4291 ἐξεδιώξατε.

2117 4307 2280 4366 Οὐδὲν
2309 4311 2489 4364 κοινὸν
2523 4310 2685 4381 ἡμεῖς
2735 4307 2935 4384 ἔχομεν
2989 4311 3121 4383 μετά
3169 4314 3263 4363 σοῦ
3297 4351 3311 4365 .
3362 4309 3421 4365 Τί
3470 4304 3763 4372 ἐπιϐαίνεις

2117 4401 2276 4471 ἡμῶν
2328 4403 2443 4460 τοῖς
2500 4397 2729 4470 τόποις;
2789 4398 2863 4461 ὡς
2922 4400 3288 4475 ἀναχωρητής
3351 4398 3636 4474 ἆρκὲσθητι
3694 4402 3761 4473 τῇ

2117 4486 2330 4561 ἐρήμῳ.
2382 4488 2544 4559 Ἡμῖν
2575 4490 2763 4542 τοῦτον
2793 4488 2883 4541 τὸν
2912 4488 3076 4543 τόπον
3107 4489 3157 4544 οἱ
3188 4489 3462 4549 κτίσαντες
3510 4486 3759 4556 ἀπεκλή-

2117 4598 2307 4651 ρωσαν.
2343 4575 2414 4632 06
2447 4573 2663 4631 δύνασαι
2694 4576 2854 4639 αὐτὸς
2888 4583 3061 4650 μεῖναι
3105 4575 3285 4633 ἐνθάδε
3310 4619 3325 4634 .
3356 4578 3416 4633 Τί
3447 4580 3616 4647 ζητεῖς
3642 4572 3752 4628 εἴσ-

2117 4666 2292 4722 ελθεῖν
2339 4665 2412 4728 εἷς
2460 4669 2623 4721 τοῦτο
2662 4667 2724 4721 τὸ
2761 4669 2966 4739 κτῆμα,
3001 4666 3074 4730 εἴς
3106 4668 3134 4722 ’ὁ
3167 4665 3344 4729 οὐδεὶς
3391 4672 3493 4722 τῶν
3540 4664 3756 4739 ἀνθρώ-

2116 4777 2231 4811 πων
2259 4760 2365 4811 τῶν
2397 4756 2614 4825 ζώντων
2666 4755 2915 4826 εἶσῆλθεν
2970 4758 3061 4835 ἀφ’
3104 4758 3273 4831 οὗπερ
3333 4759 3383 4811 οἱ
3431 4760 3592 4812 τοῦτο
3639 4753 3757 4810 κτί·

2118 4866 2299 4907 σαντες
2350 4842 2577 4924 ἀδελφοὶ
2642 4844 2727 4922 ὑφ’
2783 4849 2945 4918 ἡμῶν
3003 4844 3190 4901 ἐνθάδε
3245 4842 3758 4916 κατεκηδεύθησανς

2116 4936 2205 4990 καὶ
2232 4930 2307 4989 ἔτι
2340 4932 2525 4990 πολλᾶ
2571 4930 2985 5009 ταραττομένων
3016 4939 3123 4991 τῶν
3172 4936 3448 5009 δαιμόνων
3498 4934 3587 4990 καὶ
3642 4932 3765 4989 ὀλο·

2119 5023 2461 5101 φυρομένων,
2521 5023 2668 5078 εἶπον
2728 5022 2933 5093 αὐτοῖς,
2994 5026 3150 5104 φησὶν
3212 5026 3241 5079 6
3300 5025 3597 5099 Μακάριος,
3681 5024 3760 5078 ὅτι

2117 5114 2361 5171 Είσέλθω
2410 5112 2597 5185 μόνον,
2655 5114 2744 5167 καὶ
2802 5114 3099 5189 ἱστορήσω,
3158 5116 3247 5170 καὶ
3305 5112 3622 5192 ἀπέρχομαι
3680 5111 3764 5167 ἐν·

2116 5203 2294 5258 τεῦθεν
2327 5246 2340 5259 .
2368 5203 2430 5257 Οἳ
2473 5199 2529 5256 δὲ
2561 5200 2812 5276 δαίμονες
2839 5223 2851 5235 ·
2884 5207 3053 5259 Τοῦτο
3080 5206 3213 5275 ἡμῖν
3262 5203 3614 5277 ὁμολόγησον
3667 5200 3753 5256 ἐπὶ

2118 5300 2217 5362 τῆς
2247 5299 2345 5361 σῆς
2376 5292 2733 5362 συνειδήσεώς
2768 5314 2861 5348 σου
2888 5340 2900 5352 .
2933 5295 2989 5349 Ὀ
3022 5291 3077 5348 δὲ
3107 5298 3206 5349 τοῦ
3246 5297 3489 5368 Χριστοῦ
3524 5291 3755 5356 δούλος·

2117 5386 2284 5438 Τοῦτο
2314 5383 2531 5452 ποιήσω
2556 5426 2567 5437 .
2601 5382 2661 5436 Οἱ
2696 5379 2750 5437 δὲ
2783 5380 3034 5455 δαίμονες
3076 5381 3299 5460 ἄφαντοι
3329 5384 3582 5458 γεγόνασι
3611 5427 3623 5439 .
3651 5386 3712 5408 "
3734 5384 3758 5409 ⁸

2121 5470 2393 5529 Εἶσελθὼν
2428 5470 2539 5535 οὖν,
2568 5472 2753 5548 φησέν,
2798 5470 3101 5545 ἐθεασάμην
3131 5473 3196 5528 τὰ
3224 5472 3418 5540 πάντα,
3468 5472 3520 5527 ἐν
3558 5473 3644 5533 οἷς
3674 5470 3760 5526 εῦ-

2122 5584 2211 5638 ρον
2255 5562 2344 5617 καὶ
2393 5559 2555 5617 κάδον
2615 5561 2856 5637 χαλκοῦν
2917 5563 3104 5618 ἁλύσει
3162 5560 3361 5636 σιδηρᾷ
3414 5563 3758 5638 κρεμάμενον

3745 5652 3762 5674 ἱ

2118 5652 2253 5709 κατᾶ
2281 5654 2380 5709 τοῦ
2411 5651 2636 5729 φρέατος
2666 5652 2862 5710 λοιπὸν
2885 5656 2963 5728 τῷ
3002 5650 3189 5731 χρόνῳ
3228 5651 3572 5709 ἆναλωθέντα
3607 5672 3620 5686 ·
3674 5652 3758 5707 καί
