4076 6280
226 357 378 417 1α53

1572 345 1945 409 HISTORIA
1986 345 2392 410 LAUSIACA.

3590 350 3745 411 1054

224 492 382 549 misit
412 492 483 546 ad
510 486 845 554 Macarium,
877 488 1157 559 tanquam
1182 498 1460 556 maguum
1508 483 1561 539 ei
1590 483 1807 539 donum
1831 481 1935 537 lar-
1962 493 2012 559 Α
2048 481 2201 554 apud
2238 479 2610 535 Pharaonem.
2640 473 2707 531 Ut
2740 475 2839 547 qui
2888 490 3019 548 ergo
3050 475 3147 533 illo
3176 479 3306 535 vitae
3337 496 3453 537 suae
3484 485 3746 556 tempore

224 584 410 656 giens.
438 580 544 645 Qui
576 595 707 634 cum
740 593 861 633 rem
912 578 1138 632 curiose
1178 573 1554 646 inquisiisset,
1588 572 1927 643 admiratus,

224 679 281 731 et
312 672 426 728 Deo
458 670 605 726 actis
634 668 841 739 gratiis
881 667 953 722 ob
998 672 1215 721 tantam
1259 680 1458 719 eorum
1490 664 1932 729 continentiam,

224 780 297 819 ne
329 763 453 835 ipse
484 759 719 831 quidem
753 774 819 813 ex
852 758 922 812 iis
954 758 1185 811 tandem
1219 754 1486 810 comedit.

297 857 483 923 Atque
514 856 636 905 hac
659 848 894 920 quidem
944 850 1034 902 est
1082 845 1278 916 magni
1314 842 1546 899 Macarii
1578 841 1930 909 exercitatio,

225 958 396 1013 quam
430 956 536 1013 ego
567 945 626 994 et
657 936 825 993 multi
866 941 1133 991 accurate
1180 934 1333 1005 apud
1366 932 1558 1003 ipsum
1593 931 1931 987 didicimus.

224 1032 277 1087 Si
310 1030 464 1103 quod
498 1044 643 1100 opus
674 1024 1104 1083 exercitationis
1155 1023 1409 1093 aliquem
1436 1036 1694 1093 unquam
1730 1019 1936 1076 fecisse

228 1122 433 1184 audiit,
468 1118 705 1175 omnino
735 1115 792 1170 id
826 1115 1097 1169 ardenter
1126 1112 1346 1168 effecit.

297 1210 439 1267 Cum
471 1207 543 1264 ab
567 1205 864 1278 aliquibus
895 1202 1200 1271 audiisset,
1232 1197 1679 1256 Tabennesiotas
1713 1210 1815 1266 per
1844 1198 1937 1249 io—

228 1306 350 1356 tam
399 1295 913 1371 quadragesimum
964 1294 1124 1349 nulla
1156 1306 1214 1349 re
1260 1290 1412 1347 vesci
1465 1305 1593 1359 quae
1635 1286 1752 1355 igni
1785 1288 1938 1340 esset

230 1391 484 1455 admota,
518 1387 720 1443 statuit
757 1385 852 1441 hic
900 1390 1141 1441 sanctus
1192 1390 1408 1454 septem
1453 1379 1621 1436 annis
1663 1376 1805 1434 nihil
1838 1392 1938 1432 co-

231 1482 460 1536 medere
489 1478 641 1549 quod
677 1493 776 1547 per
821 1475 1019 1547 ignem
1069 1473 1400 1537 transisset,
1451 1475 1505 1526 et
1554 1474 1673 1524 toto
1706 1468 1807 1522 illo
1840 1481 1936 1521 se-

233 1568 468 1641 ptennio
495 1566 642 1623 nihil
673 1565 933 1639 gustavit
966 1569 1173 1635 praeter
1215 1563 1391 1618 cruda
1421 1560 1574 1615 olera
1604 1558 1690 1614 vel
1723 1557 1771 1612 si
1810 1572 1936 1627 quae

234 1660 379 1714 forte
410 1656 723 1713 invenisset
754 1654 1058 1726 legumina
1105 1652 1457 1707 humectata.
1491 1648 1633 1703 Cum
1668 1647 1775 1702 hoc
1802 1661 1939 1718 ergo

233 1750 386 1801 recte
414 1743 669 1810 vixisset,
700 1747 1053 1814 aspernatus
1085 1747 1175 1796 est
1197 1739 1347 1794 hanc
1368 1737 1597 1794 vivendi
1630 1736 1940 1790 rationem.

233 1834 432 1889 Audiit
462 1838 656 1888 autem
690 1833 763 1887 ab
804 1831 999 1902 aliquo
1045 1829 1156 1885 alio
1205 1828 1298 1883 hic
1332 1823 1749 1882 monachorum
1783 1822 1941 1892 cpti-

234 1936 384 1986 mus,
419 1918 575 1991 quod
604 1917 840 1990 quidam
875 1917 1200 1973 monachus
1232 1915 1574 1971 comedebat
1599 1912 1807 1967 libram
1835 1927 1936 1982 pa—

236 2012 343 2066 nis.
377 2012 557 2075 Quem
589 2008 918 2076 smulatus,
953 2007 1123 2078 fregit
1163 2007 1315 2078 quod
1370 2004 1606 2061 habebat
1644 2000 1938 2058 buccella-

235 2109 380 2169 tum,
421 2107 474 2156 et
513 2100 760 2155 immisit
805 2098 862 2154 in
914 2097 1203 2167 Iagenatn,
1254 2100 1518 2151 statuens
1566 2092 1937 2148 solummodo

234 2195 457 2245 tantum
491 2190 811 2253 comedere,
850 2198 1134 2260 quantum
1171 2202 1379 2242 manus
1411 2186 1539 2255 ejus
1564 2199 1801 2239 sursum
1835 2182 1942 2237 fer-

236 2285 338 2335 ret.
373 2279 583 2352 Magna
611 2285 700 2335 est
727 2286 919 2335 autem
943 2279 1065 2334 haec
1089 2278 1146 2333 in
1171 2276 1476 2332 tractando
1507 2288 1747 2345 corpore
1775 2287 1942 2343 aspe-

237 2372 394 2426 ritas.
431 2369 647 2425 Festive
686 2370 838 2424 enim
892 2368 1058 2424 nobis
1104 2368 1377 2423 narrabat
1418 2382 1431 2420 :
1484 2364 1656 2419 Plura
1706 2362 1942 2433 quidem

237 2458 421 2513 frusta
476 2457 1031 2529 apprehendebam;
1123 2456 1225 2511 sed
1284 2470 1399 2510 non
1460 2454 1686 2508 sinebat
1742 2451 1944 2507 etl’erre

238 2554 310 2605 ob
342 2550 670 2618 angustiam
704 2549 1032 2605 foraminis.
1063 2547 1410 2603 Publicanus
1434 2546 1588 2601 enim
1616 2562 1779 2600 meus
1802 2542 1945 2599 mihi

240 2657 355 2696 non
401 2640 776 2713 permittebat
814 2640 1052 2696 omnino
1084 2638 1259 2694 vesci.
1309 2638 1487 2693 Totos
1518 2652 1654 2708 ergo
1690 2639 1805 2690 tres
1836 2651 1947 2689 an-

241 2748 348 2787 nos
383 2731 527 2785 hanc
558 2730 813 2785 exercuit
842 2729 1284 2789 continentiam.
1306 2731 1557 2799 quatuor
1576 2724 1665 2780 vel
1698 2725 1948 2795 quinque

241 2818 443 2874 uncias
477 2818 800 2886 comedens,
854 2825 911 2874 et
960 2834 1173 2888 aquam
1222 2833 1349 2887 qua»
1398 2815 1482 2871 cis
1531 2814 1946 2884 responderet;

242 2910 354 2964 olei
386 2914 577 2963 autem
613 2909 925 2963 sextarium
977 2913 1093 2962 toto
1140 2922 1290 2962 anno
1340 2905 1724 2960 consumebat
1750 2901 1807 2956 in
1842 2900 1954 2957 ali-

248 3003 540 3052 mentum.

316 3090 443 3144 Alia
470 3084 699 3142 athletae
730 3086 1082 3142 exercitatio.
1136 3084 1344 3140 Statuit
1390 3082 1716 3139 indomitus
1750 3081 1839 3137 hic
1868 3081 1955 3135 vir

246 3192 545 3234 summum
577 3191 869 3247 superare.
906 3174 1129 3228 Etenim
1165 3175 1442 3229 utilitatis
1479 3174 1666 3243 gratia
1697 3172 1801 3227 hoc
1832 3171 1954 3241 ipse

250 3267 510 3323 narravit
553 3282 566 3321 ε
600 3266 752 3322 Totis
801 3264 999 3335 viginti
1028 3262 1231 3317 diebus
1281 3267 1336 3318 et
1368 3262 1634 3317 noctibus
1680 3277 1791 3316 non
1824 3274 1953 3314 sum

251 3362 468 3412 tectum
504 3356 826 3426 ingressus,
862 3358 924 3409 ut
971 3369 1242 3408 somnum
1277 3353 1590 3417 vincerem,
1624 3367 1755 3405 cum
1790 3351 1961 3403 inter-

250 3445 350 3498 diu
384 3442 618 3513 quidem
650 3447 794 3497 sestu
845 3442 1128 3507 arderem,
1175 3449 1346 3495 noctu
1400 3456 1530 3494 vero
1586 3440 1777 3511 algore
1811 3437 1958 3507 rige-

253 3547 393 3589 rem.
428 3530 588 3595 Quod
623 3532 755 3599 nisi,
787 3531 1109 3602 inquiebat,
1161 3535 1379 3585 tectum
1412 3544 1598 3585 essem
1633 3529 1955 3597 ingressus,

252 3628 308 3676 et
342 3637 548 3677 somno
581 3638 725 3676 usus
754 3637 961 3681 essem,
1014 3624 1090 3675 ita
1122 3621 1264 3675 mihi
1298 3627 1416 3675 erat
1449 3618 1763 3674 arefactum
1798 3633 1961 3672 cere-

258 3710 452 3778 brum,
506 3714 568 3765 ut
617 3709 889 3781 deinceps
938 3715 1133 3779 ageret
1178 3710 1233 3764 in
1267 3707 1540 3765 exstasim
1572 3726 1584 3776 ;
1617 3712 1672 3762 et
1703 3705 1857 3778 quod
1889 3704 1964 3760 ad

255 3817 348 3856 me
378 3801 617 3872 quidem
660 3799 894 3867 attinet,
946 3801 1051 3855 vici
1104 3816 1416 3866 somnum;
1453 3798 1608 3870 quod
1659 3807 1850 3853 autem
1888 3795 1957 3851 ad

258 3896 526 3945 naturam
563 3905 707 3959 opus
739 3890 1077 3953 habentem,
1109 3889 1159 3943 ei
1190 3889 1341 3943 cessi
1374 3888 1413 3945 ‘.

330 3976 722 4046 Eialiquando
749 3976 1074 4031 molestiam
1099 3976 1614 4044 exliibuitspiritue
1634 3973 1965 4030 fornicatioo

260 4065 353 4120 nis
375 4063 528 4135 (49);
561 4069 617 4118 et
647 4070 783 4118 tunc
806 4064 1214 4118 condemnavit
1236 4064 1494 4133 seipsum
1519 4061 1716 4117 sedere
1743 4063 1965 4115 nudum

261 4173 363 4212 sex
395 4172 626 4211 menses
656 4156 715 4210 in
749 4153 958 4225 palude
987 4155 1206 4222 Scetes,
1241 4169 1365 4224 quae
1397 4158 1486 4209 est.
1534 4154 1589 4206 in
1642 4158 1804 4206 vasta
1831 4149 1968 4205 soli-

261 4246 482 4313 tudine,
526 4245 583 4300 in
636 4262 748 4315 qua
798 4250 1044 4316 possunt
1091 4244 1306 4299 culices
1353 4242 1437 4298 vel
1487 4242 1747 4297 sauciare
1789 4240 1969 4310 pelles

261 4350 560 4407 aprorum,
594 4340 658 4390 ut
688 4334 787 4406 qui
820 4336 939 4389 sint
968 4350 1128 4406 teque
1172 4334 1363 4405 magni
1401 4338 1463 4387 ut
1494 4348 1702 4404 vespm,
1736 4330 1876 4386 adeo
1911 4334 1973 4385 ut

262 4427 323 4483 in
358 4432 475 4484 toto
508 4428 634 4496 ejus
664 4442 903 4497 corpore
936 4425 1229 4480 infixerint
1277 4424 1509 4479 aculeos
1552 4442 1567 4492 ;
1605 4429 1666 4477 ut
1698 4420 1973 4477 nonnulli

262 4517 722 4574 existimaverint
752 4532 884 4573 eum
918 4532 1045 4571 esse
1077 4516 1391 4585 leprosum.
1428 4513 1711 4569 Reversus
1742 4527 1877 4583 ergo
1911 4511 1968 4565 in

2047 570 2359 625 maximam
2397 567 2450 621 in
2485 565 2724 638 Egypto
2760 565 3037 621 haberent
3066 572 3436 639 potestatem,
3471 578 3744 628 constru-

2043 666 2255 717 xerunt
2313 657 2455 713 illud
2506 673 2651 728 opus
2696 672 2763 711 ex
2812 657 3106 725 lapidibus
3155 661 3454 731 quadratis
3500 663 3637 731 (50),
3690 668 3748 719 et

2043 766 2208 806 suum
2242 748 2359 803 illic
2393 749 2652 802 fecerunt
2676 747 3099 802 monimentum
3126 769 3139 817 ;
3166 759 3373 806 etcum
3410 752 3609 807 multis
3632 751 3745 808 illic

2046 838 2170 895 auri
2202 838 2632 907 deposuissent,
2682 845 2738 890 et
2786 851 2959 891 omne
3006 852 3190 907 genus
3220 840 3455 896 arbores
3487 840 3747 909 plantas-

2046 933 2193 996 sent,
2230 927 2546 981 maximum
2582 942 2806 995 quoque
2839 933 3075 996 puteum
3117 944 3279 999 aqum
3322 930 3625 999 foderunt;
3658 934 3748 985 est

2045 1017 2199 1070 enim
2246 1016 2410 1071 locus
2459 1014 2723 1070 humidus
2772 1015 2908 1086 (51).
2948 1015 3078 1071 Ilaec
3122 1028 3315 1072 autem
3366 1019 3561 1073 omnia
3603 1019 3747 1073 fece—

2047 1113 2203 1171 runt,
2236 1110 2536 1175 sperantes
2570 1112 2696 1176 post
2723 1120 2896 1158 suum
2943 1104 3074 1161 hinc
3105 1106 3429 1162 discessum
3462 1107 3575 1162 frui
3604 1107 3750 1163 deli-

2048 1194 2149 1250 ciis
2180 1194 2238 1249 in
2270 1194 2368 1249 illo
2393 1195 2680 1266 paradiso.
2706 1194 2966 1249 Tandem
2989 1210 3123 1267 ergo
3147 1195 3422 1266 quoniam
3459 1196 3753 1253 nesciebat

2047 1283 2197 1339 viam
2219 1299 2340 1354 quae
2365 1284 2430 1337 ad
2466 1300 2599 1339 eum
2624 1284 2778 1339 ducit
2810 1282 3066 1350 hortum,
3094 1283 3192 1339 Dei
3212 1300 3411 1341 servus
3434 1284 3751 1354 Macarius,

2048 1377 2378 1446 conjectura
2418 1376 2667 1447 quadarn
2701 1379 3054 1446 sequebatur
3082 1380 3258 1443 astra,
3292 1380 3348 1430 et
3382 1376 3533 1431 sicut
3565 1382 3752 1431 nauta:

2050 1465 2145 1536 qui
2179 1466 2582 1520 transmittunt
2615 1465 2815 1529 maria,
2850 1470 3027 1520 totam
3062 1465 3312 1536 pervasit
3344 1475 3583 1522 sanctus
3604 1465 3753 1521 soli-

2050 1556 2308 1613 tudinem
2337 1573 2350 1623 ;
2384 1565 2435 1611 et
2463 1572 2595 1612 cum
2620 1556 3035 1627 aliquotetiam
3058 1556 3377 1628 accepisset
3408 1557 3752 1626 arundines,

2053 1662 2228 1702 unam
2269 1648 2467 1702 statuit
2498 1648 2554 1702 in
2589 1662 2932 1718 unoquoque
2965 1647 3224 1715 milliari,
3259 1654 3325 1704 ut
3355 1664 3457 1719 per
3486 1664 3555 1703 ea
3588 1646 3753 1718 signa

2051 1743 2354 1792 remearet.
2387 1736 2530 1792 Cum
2580 1753 2717 1809 ergo
2766 1737 2912 1793 intra
2966 1755 3169 1794 novem
3211 1740 3335 1795 dies
3381 1745 3559 1795 totam
3591 1737 3752 1794 illam

1971 1874 2019 1940 Β
2056 1826 2401 1897 perVasisset
2422 1824 2819 1894 solitudinem,
2850 1832 2906 1882 et
2935 1842 3060 1883 esse
3102 1844 3280 1898 prope
3301 1828 3470 1883 illum
3497 1828 3756 1895 hortum,

2050 1920 2394 1940 ....---ΔΑ-ι-
2429 1922 2592 1940 ..-ηιμ
2628 1932 2828 1940 ---ηΜ
2882 1916 3105 1940 ..1---Ξῑι
3166 1916 3443 1940 τ...,-..ε-
3476 1933 3606 1940 -.-μμ
3646 1921 3724 1940 .l_

2049 1920 2397 1971 succedente
2428 1922 2594 1971 nocte
2628 1932 2830 1986 parum
2880 1916 3132 1972 dormiit.
3166 1916 3447 1973 Immanis
3476 1933 3610 1973 vero
3642 1921 3757 1973 da:-

2048 2023 2182 2062 mon
2234 2008 2331 2077 qui
2383 2022 2613 2078 semper
2661 2007 3003 2063 adversatur
3051 2007 3267 2065 Christi
3314 2007 3572 2076 athletis,
3624 2023 3757 2065 cum

2047 2096 2376 2166 collegisset
2420 2113 2620 2152 omnes
2666 2096 2797 2151 illas
2845 2099 3184 2165 arundines,
3245 2100 3577 2155 dormiente
3635 2097 3762 2155 Ma-

2048 2184 2224 2251 cario,
2275 2189 2332 2239 et
2372 2183 2601 2240 circiter
2645 2185 2715 2239 ad
2768 2201 2950 2241 unum
3002 2185 3257 2257 lapidem
3318 2204 3352 2242 a
3404 2186 3759 2243 monimento

2051 2276 2122 2332 ad
2173 2277 2300 2347 ejus
2345 2279 2521 2346 caput
2570 2275 2882 2345 posuisset,
2938 2278 3219 2346 recessit;
3268 2282 3576 2349 postquam
3626 2292 3761 2348 ergo

2052 2366 2324 2428 surrexit.
2386 2366 2605 2421 invenit
2678 2365 2976 2438 eolligatas
3053 2367 3371 2423 arundines
3439 2384 3582 2439 quas
3638 2371 3763 2437 ipse

2053 2455 2255 2510 ﬁxerat
2286 2454 2437 2525 signi
2470 2471 2664 2509 causa.
2699 2458 2963 2511 Fortasse
3006 2462 3199 2512 autem
3253 2457 3361 2512 hoc
3393 2473 3620 2528 quoque
3653 2456 3768 2511 fuit

2056 2544 2155 2601 Dei
2192 2543 2500 2616 permissio
2540 2544 2611 2600 ad
2661 2546 2941 2611 majorem
2992 2547 3120 2614 ejus
3171 2546 3667 2611 exercitationem,
3701 2551 3769 2601 ut

2057 2650 2175 2690 non
2207 2640 2467 2705 speraret
2496 2634 2553 2689 in
2587 2634 2999 2702 arundinibus,
3043 2636 3142 2690 sed
3175 2636 3229 2691 in
3268 2635 3364 2692 Dei
3400 2636 3608 2706 gratia,
3642 2651 3770 2708 quas

2058 2740 2159 2796 per
2187 2724 2516 2779 columnam
2552 2724 2725 2779 nubis
2756 2724 2997 2780 deduxit
3035 2725 3214 2782 Israel
3245 2726 3633 2798 quadraginta
3666 2742 3769 2780 an-

2061 2813 2151 2869 nis
2182 2812 2239 2869 in
2272 2813 2515 2868 terribili
2565 2812 2665 2869 illa
2706 2814 3039 2871 solitudine.
3093 2816 3332 2872 Dicebat
3361 2821 3555 2871 autem
3587 2816 3771 2871 Maca-

2060 2904 2221 2960 rius:
2256 2904 2400 2958 Cum
2435 2904 2670 2973 propius
2692 2904 2911 2959 accessi
2943 2905 3012 2959 ad
3046 2904 3187 2959 illud
3226 2905 3675 2970 monimentum,
3704 2920 3772 2961 ex

2061 3012 2127 3051 eo
2150 2993 2369 3065 egressi
2404 2991 2543 3047 mihi
2573 2999 2948 3049 occurrerunt
2977 2995 3045 3049 ad
3081 2995 3447 3067 septuaginta
3479 2994 3774 3050 daemones

2062 3082 2237 3138 variis
2287 3083 2489 3136 formis
2539 3081 2762 3151 thBdIII
2807 3100 2821 3150 ;
2875 3082 2972 3137 alii
3014 3084 3249 3153 quidem
3301 3083 3645 3152 clamantes,
3678 3082 3776 3139 alii

2068 3189 2197 3227 vero
2229 3170 2575 3238 exsilientes,
2611 3169 2706 3225 alii
2737 3188 2868 3226 vero
2915 3188 3045 3227 cum
3082 3188 3291 3244 magno
3326 3172 3560 3228 fremitu
3595 3172 3653 3227 in
3686 3188 3778 3229 me

2069 3261 2385 3318 stridentes
2423 3261 2715 3329 dentibus,
2768 3260 2864 3317 alii
2905 3279 3035 3318 vero
3069 3268 3343 3335 tanquam
3385 3263 3540 3318 corvi
3574 3261 3774 3317 volan-

2064 3359 2168 3417 tes,
2202 3349 2495 3405 audebant
2528 3365 2653 3405 meo
2704 3350 2882 3406 vultui
2932 3352 3231 3418 insultare,
3284 3353 3582 3408 dicentes:
3616 3350 3772 3416 Quid

2065 3440 2176 3508 vis,
2212 3439 2439 3506 Macari,
2474 3440 2716 3495 tentatio
2750 3443 3161 3498 monachorum
3193 3440 3220 3495 ἲ
3251 3442 3391 3513 quid
3423 3442 3494 3497 ad
3538 3457 3646 3496 nos
3680 3456 3778 3496 ac-

2066 3529 2337 3586 cessisti?
2366 3547 2435 3585 an
2483 3546 2595 3585 non
2639 3547 2744 3587 nos
2793 3548 3017 3603 quoque
3066 3533 3328 3604 aliquem
3370 3549 3438 3588 ex
3471 3531 3781 3588 monachis

2065 3623 2394 3676 vexavimus
2415 3619 2442 3674 ‘?
2470 3619 2604 3682 Quae
2630 3625 2830 3676 nostra
2861 3628 3017 3689 sunt,
3056 3628 3114 3677 tu
3162 3639 3296 3678 cum
3332 3621 3453 3677 tuis
3483 3620 3783 3677 similibus

2072 3701 2188 3764 illic
2223 3709 2421 3779 habes,
2456 3725 2662 3781 nempe
2704 3709 3099 3772 solitudinem,
3145 3722 3196 3766 et
3228 3711 3387 3767 illinc
3425 3716 3656 3767 nostros
3688 3725 3781 3765 co-

2070 3804 2283 3869 gnatos
2319 3799 2631 3871 fugavistis.
2681 3800 2835 3855 Nihil
2886 3806 2973 3856 est
3007 3801 3175 3857 nobis
3222 3810 3411 3857 tecum
3443 3815 3778 3857 commune.

2072 3889 2223 3958 Quid
2252 3889 2377 3943 loca
2408 3898 2601 3944 nostra
2626 3889 2850 3960 invadis
2874 3889 2901 3945 ?
2920 3890 3224 3962 Tanquam
3249 3890 3617 3955 anachoreta,
3642 3904 3784 3944 con-

2072 3985 2266 4035 tentus
2292 3984 2411 4033 esto
2442 3978 2768 4033 solituJine.
2811 3980 2915 4044 Qui
2965 3980 3119 4035 hunc
3173 3980 3362 4035 locum
3398 3981 3782 4045 aediﬁcarunt,

2074 4084 2205 4123 eum
2242 4068 2411 4122 nobis
2442 4069 2817 4139 assignarunt
2843 4088 2856 4138 ;
2880 4087 2993 4125 non
3028 4076 3194 4142 potes
3223 4071 3312 4126 hic
3346 4085 3600 4125 manere.
3629 4068 3780 4132 Quid

2078 4158 2290 4230 quaeris
2310 4158 2534 4229 ingredi
2567 4159 2623 4213 in
2651 4159 2800 4216 hanc
2825 4161 3269 4231 possessionem,
3295 4161 3352 4215 in
3382 4175 3555 4231 quam
3581 4157 3781 4214 nullus

2076 4265 2143 4304 ex
2176 4249 2321 4304 vivis
2370 4249 2708 4306 hominibus
2756 4256 2846 4306 est
2890 4251 3211 4324 ingressus,
3263 4268 3330 4307 ex
3358 4267 3472 4322 quo
3506 4248 3783 4305 fratribus

2076 4338 2172 4409 qui
2210 4340 2314 4395 hoc
2346 4340 2727 4395 condiderunt
2750 4347 2889 4396 sunt
2910 4358 2941 4397 a
2965 4343 3131 4398 nobis
3158 4342 3246 4396 hic
3280 4342 3439 4397 factae
3470 4337 3778 4409 exsequias.

2081 4435 2144 4484 Et
2178 4447 2310 4486 cum
2345 4431 2528 4487 multa
2558 4433 2747 4488 adhuc
2781 4434 3079 4490 turbarent
3100 4438 3155 4489 et
3186 4433 3536 4490 insultarent
3567 4432 3785 4487 daemo-

2082 4537 2207 4590 nes,
2239 4520 2487 4577 dixiteis
2518 4528 2757 4579 sanctus
2780 4523 3062 4580 Macarius
3087 4541 3100 4580 :
3128 4523 3425 4596 Ingrediar
3448 4526 3696 4587 tantum,
3727 4524 3786 4575 et

262 4623 426 4661 suam
458 4606 729 4661 cellulam
764 4610 891 4677 post
931 4623 1030 4661 sex
1079 4622 1327 4673 menseS,
1381 4621 1447 4660 ex
1498 4618 1635 4659 voce
1673 4602 1969 4672 cogﬂilum
2011 4595 2050 4658 ί)
2086 4611 2313 4681 videbo,
2342 4617 2399 4667 et
2430 4610 2565 4667 hinc
2597 4613 2877 4670 recedam.
2916 4614 3191 4669 Dixerunt
3215 4595 3417 4669 autem
3448 4612 3744 4666 daemones
3775 4624 3787 4661 :

265 4700 353 4749 est
381 4711 513 4750 eum
546 4711 667 4750 esse
699 4694 999 4750 dominum
1035 4695 1373 4751 Macarium.

338 4785 394 4839 Is
424 4785 605 4853 cupiit
641 4785 973 4854 aliquando,
1027 4794 1085 4839 ut
1134 4785 1260 4856 ipse
1301 4784 1466 4840 nobis
1501 4784 1778 4851 narravit,
1813 4782 1970 4854 quod

266 4874 326 4929 in
379 4873 561 4927 hortis
609 4883 748 4939 erat,
799 4873 1023 4945 ingredi
1073 4874 1519 4942 monimentum,
1572 4874 1727 4946 quod
1760 4874 1974 4929 dicitur

264 4960 604 5039 κηποτάφιον
650 4961 833 5020 ιῐιιηηθ
881 4969 938 5019 et
977 4963 1257 5031 Mambre,
1310 4980 1612 5036 magorum
1663 4964 1761 5035 qui
1811 4969 1976 5017 erant

268 5057 529 5125 tempore
562 5053 898 5122 Pharaonis,
933 5061 996 5109 ut
1027 5056 1081 5110 id
1125 5056 1367 5124 videret,
1418 5053 1503 5109 vel
1536 5055 1707 5109 etiam
1742 5060 1804 5108 ut
1834 5068 1974 5110 con-

266 5144 491 5199 veniret
518 5159 617 5198 eos
656 5144 749 5213 qui
793 5143 910 5198 illic
957 5151 1093 5199 sunt
1122 5147 1433 5201 daemones.
1480 5144 1785 5198 Dicebatur
1815 5143 1970 5198 enim

269 5232 576 5303 plurimos,
616 5249 828 5305 eosque
878 5234 1288 5301 ferocissimos,
1342 5236 1400 5290 in
1444 5252 1510 5290 eo
1556 5235 1679 5290 loco
1730 5237 1801 5288 ab
1858 5233 1974 5289 illis

268 5322 583 5377 collocatos
631 5338 759 5377 esse
816 5323 1103 5378 daemones
1155 5340 1252 5394 per
1297 5324 1533 5378 infamis
1580 5323 1721 5379 artis
1768 5339 1970 5378 eorum

270 5411 691 5469 excellentiam.
726 5416 844 5469 Hoc
884 5421 1079 5469 autem
1113 5414 1538 5469 monimentum
1574 5414 1785 5469 factum
1819 5416 1907 5466 est
1938 5426 1972 5466 a

269 5499 461 5557 Janne
489 5507 545 5555 et
576 5501 834 5559 Mambre
858 5503 1151 5564 fratribus.
1176 5504 1277 5574 qui
1312 5508 1541 5574 prepter
1572 5502 1803 5573 magica:
1832 5501 1975 5555 artis

274 5589 673 5646 excellentiam
722 5592 939 5661 primas
990 5597 1180 5665 partes
1228 5593 1520 5648 habebant
1576 5592 1673 5649 illo
1720 5595 1981 5661 tempore

2087 4704 2207 4755 Hoc
2240 4699 2405 4755 nobis
2452 4700 2728 4771 promitte
2758 4702 2816 4756 in
2857 4709 2958 4757 tua
3007 4702 3381 4757 conscientia.
3416 4698 3566 4753 Dicit
3596 4700 3788 4753 autem

2085 4789 2300 4846 Christi
2349 4807 2571 4856 servus,
2611 4790 2727 4847 Hoc
2779 4792 3002 4848 faciam.
3056 4794 3353 4847 Daemones
3402 4796 3602 4844 autem
3657 4802 3789 4843 eva-

2089 4883 2355 4933 nuerunt.
2392 4879 2754 4949 lngrediente
2796 4888 2990 4936 autem
3030 4897 3095 4936 eo
3124 4881 3182 4935 in
3219 4876 3580 4951 paradisum,
3610 4874 3660 4931 ei
3693 4888 3796 4930 oc-

2087 4969 2269 5024 currit
2299 4967 2563 5024 diabolus
2592 4985 2726 5025 cum
2771 4972 2973 5026 stricta
3014 4969 3372 5041 rhomphesa,
3405 4968 3455 5023 ei
3488 4965 3793 5021 minitans.

2086 5057 2170 5111 Ad
2203 5072 2371 5128 quem
2406 5057 2554 5112 hanc
2594 5074 2789 5114 vocem
2824 5060 3124 5130 respondit
3168 5064 3407 5113 sanctus
3457 5054 3794 5111 Macarius:

2088 5146 2170 5201 Tu
2203 5147 2361 5201 venis
2392 5147 2463 5201 ad
2496 5163 2587 5201 me
2616 5147 2674 5202 in
2708 5148 2912 5203 stricta
2955 5148 3293 5219 rhomphma
3326 5163 3340 5202 :
3373 5150 3430 5201 et
3458 5161 3561 5211 ego
3595 5148 3796 5198 contra

2088 5240 2143 5291 te
2173 5234 2468 5305 ingrediar
2498 5236 2557 5290 in
2593 5236 2827 5291 nomine
2858 5237 3083 5293 Domini
3135 5237 3399 5301 sabaoth,
3430 5233 3490 5289 in
3541 5232 3662 5287 acie
3690 5228 3794 5284 Dei

2090 5325 2282 5382 Israel.
2310 5325 2610 5397 Ingressus
2632 5334 2851 5389 autem,
2875 5328 3301 5398 contemplatus
3322 5340 3450 5380 sum
3484 5320 3704 5385 omnia,
3735 5318 3791 5371 in

2090 5416 2306 5486 quibus
2356 5416 2546 5471 inveni
2602 5418 2775 5473 etiam
2822 5418 3032 5473 cadum
3084 5431 3309 5472 aeneum
3360 5418 3567 5468 catena
3611 5408 3797 5462 ferrea

2092 5504 2442 5575 pendentem
2474 5521 2539 5561 ex
2575 5511 2769 5578 puteo,
2812 5506 2938 5577 jam
2972 5513 3233 5577 tempore
3264 5507 3712 5572 consumptum,
3742 5497 3801 5550 et

2092 5593 2343 5649 fructum
2370 5593 2661 5651 malorum
2695 5597 3045 5669 punicorum
3078 5612 3200 5667 qua
3242 5590 3386 5649 nihil
3438 5589 3597 5646 intus
3629 5583 3807 5642 habe-

350 5684 369 5722 ι
403 5681 503 5738 ﬂio
535 5682 929 5755 paragraphus
960 5683 1142 5741 variat
1169 5683 1228 5739 in
1260 5681 1476 5739 Graeco.
1513 5682 1611 5738 Est
1642 5681 1789 5739 utin
1823 5678 2155 5753 Heraclide,
2189 5698 2315 5756 cap.
2352 5683 2408 5741 6.
