4076 6280
353 343 504 406 1055

1921 351 2289 418 PALLADH

3704 341 3885 402 1056

349 482 510 553 bant,
545 485 768 542 fuerant
803 488 953 544 enim
992 489 1241 547 arefacta
1272 509 1303 547 a
1334 491 1474 562 soie,
1509 498 1564 549 et
1597 494 1849 566 plurima
1883 512 2048 550 aurea
2081 495 2140 558 Α
2173 483 2698 563 quadringentiviri
2724 476 3889 552 usque.inhodiernumdiem.Ingressus

353 573 605 630 donaria.
693 578 836 632 Cum
923 590 1152 636 sanctus
1249 599 1383 654 ergo
1471 585 1634 639 illinc
1721 586 2053 641 recessisset

350 664 570 735 absque
601 666 854 722 tumultu
887 673 942 723 et
989 669 1133 724 citra
1183 671 1362 727 ullam
1417 675 1932 744 perturbationem,
1964 691 2050 730 re-

351 771 552 809 versus
584 761 671 810 est
699 773 798 828 per
828 757 1027 820 viginti
1062 760 1181 815 dies
1213 761 1270 815 in
1304 778 1471 818 suam
1505 764 1731 819 cellam.

421 844 562 898 Cum
581 852 774 900 autem
793 847 1135 904 defecissent
1151 867 1328 919 panes
1343 858 1395 906 et
1410 869 1746 924 aquaquam
1766 855 2048 924 portabat,

350 934 408 988 in
444 949 656 1002 magna
685 942 800 989 erat
834 935 1164 993 afflictione.
1201 939 1415 1011 Viginti
1448 943 1602 996 enim
1638 944 1842 998 diebus
1865 943 2053 1014 ingre-

349 1023 514 1077 diens
543 1039 645 1094 per
674 1023 1070 1095 solitudinem,
1105 1034 1169 1082 ut
1198 1029 1488 1099 existimo,
1523 1032 1662 1086 nihil
1689 1033 1924 1087 omnino
1958 1049 2052 1104 gu-

347 1113 544 1180 stavit,
571 1118 633 1166 ut
663 1113 837 1169 etiam
894 1131 983 1170 res
1034 1119 1302 1172 ostendit.
1339 1118 1600 1176 Fortasse
1637 1129 1831 1177 autem
1864 1128 2051 1176 tanta-

348 1200 523 1255 batur
541 1203 1267 1272 quoqueintolerantia.Et
1290 1225 1413 1263 curn
1443 1212 1564 1278 jam
1603 1228 1800 1281 parum
1827 1211 2053 1266 abesset

348 1292 488 1361 quin
523 1291 921 1361 collaberetur,
957 1296 1074 1350 visa
1095 1303 1185 1351 est
1206 1299 1254 1351 ei
1280 1300 1542 1369 quazdam
1569 1302 1771 1373 puella:
1799 1301 2049 1373 speciem

349 1396 468 1449 prae
497 1396 558 1434 se
592 1382 804 1447 ferens,
839 1387 898 1437 ut
939 1383 1064 1452 ipse
1113 1388 1409 1452 narrabat,
1464 1390 1685 1444 munda
1717 1391 1865 1445 linea
1896 1396 2052 1445 veste

348 1467 551 1522 induta
580 1474 637 1522 et
669 1473 873 1524 tenens
905 1487 1111 1526 urnam
1136 1491 1283 1545 aqua
1307 1476 1662 1532 stillantem:
1690 1494 1864 1548 qnam
1897 1479 2050 1534 dice-

346 1559 439 1612 bat
469 1557 756 1612 Macarius
789 1559 1044 1615 abfuisse
1072 1563 1140 1616 ab
1173 1579 1238 1618 eo
1282 1565 1508 1620 circiter
1561 1583 1738 1621 unum
1774 1567 2048 1625 stadium.

346 1646 452 1708 Qui
487 1655 600 1700 tres
634 1645 756 1701 dies
784 1648 1073 1719 ingressus
1092 1656 1180 1706 est
1201 1669 1324 1708 eam
1353 1654 1556 1709 videns
1587 1671 1721 1711 cum
1759 1674 1899 1711 urna
1921 1664 2051 1714 tan—

346 1752 522 1807 quam
557 1742 833 1804 stantem,
869 1744 926 1792 et
955 1756 1089 1794 eum
1139 1752 1571 1812 provocantem,
1608 1765 1718 1803 non
1767 1748 2046 1805 volentem

2160 587 2249 637 est
2279 593 2434 649 ergo.
2467 577 2608 630 Cum
2643 580 2836 627 autem
2865 569 3227 638 praeteriisset
3250 569 3613 636 aliquantum
3652 573 3882 636 tempo-

2162 673 2261 739 ris,
2296 667 2527 723 advenit
2557 661 3000 735 quadragesima
3039 675 3052 725 ;
3100 664 3157 712 et
3187 657 3327 710 vidit
3371 673 3546 711 senex
3577 656 3888 712 Macarius

2163 769 2639 827 unumquemque
2671 752 2992 819 suscepisse
3025 749 3282 802 diversas
3313 747 3537 801 vivendi
3572 747 3838 802 rationes
3869 763 3884 799 :

2162 848 2347 903 alium
2395 845 2630 915 quidem
2685 842 2984 896 comedere
3038 851 3293 908 vepere,
3343 838 3520 890 alium
3564 853 3696 892 vero
3745 842 3889 907 post

2163 939 2311 992 duos
2339 936 2484 1000 dies,
2518 933 2694 987 alium
2730 935 2858 1001 post
2907 929 3166 999 quinque
3201 943 3214 993 ;
3259 924 3436 980 alium
3467 931 3620 980 stare
3654 943 3757 997 per
3789 933 3889 982 to-

2161 1032 2276 1082 tam
2314 1030 2566 1087 noctem,
2598 1021 2850 1076 interdiu
2891 1034 3021 1073 vero
3071 1018 3268 1070 sedere
3297 1017 3366 1070 ad
3401 1031 3567 1085 opus.
3601 1015 3732 1086 Ipse
3763 1035 3893 1071 au-

2161 1119 2274 1170 tem
2309 1130 2441 1168 cum
2477 1110 2700 1182 aliquot
2733 1108 2928 1180 palmas
2964 1121 3154 1160 ramos
3179 1105 3286 1159 sibi
3313 1103 3739 1171 madefecisset,
3767 1112 3889 1160 ste-

2162 1204 2230 1259 tit
2274 1205 2332 1258 in
2368 1218 2476 1258 uno
2510 1198 2743 1271 angulo,
2779 1203 2833 1253 et
2863 1197 3046 1252 donec
3078 1194 3464 1266 quadraginta
3493 1195 3614 1250 dies
3645 1194 3888 1265 impleti

2162 1299 2376 1361 essent,
2428 1297 2482 1346 et
2537 1291 2865 1345 advenisset
2897 1287 3139 1349 Pascha,
3190 1301 3306 1339 non
3351 1285 3602 1354 sumpsit
3633 1302 3888 1355 panem,

2162 1401 2277 1440 non
2308 1398 2541 1454 aquam,
2564 1397 2675 1436 non
2708 1396 2858 1451 genu
2883 1377 3061 1447 ﬂexit,
3087 1392 3201 1430 non
3226 1375 3395 1442 sedit,
3430 1392 3545 1430 non
3576 1377 3887 1443 accubuit,

2162 1473 2306 1529 nihil
2337 1473 2489 1527 aliutl
2523 1469 2779 1541 gustavit
2811 1474 3017 1539 praeter
3058 1481 3244 1537 pauca
3274 1465 3453 1519 cruda
3486 1465 3756 1520 crambes
3793 1467 3888 1520 fo-

2159 1565 2256 1632 lia,
2290 1580 2412 1631 quas
2436 1561 2705 1617 sumebat
2732 1558 2822 1611 die
2846 1556 3167 1615 Dominico,
3195 1559 3258 1608 ut
3278 1555 3566 1609 videretur
3593 1556 3887 1610 comede—

2161 1670 2246 1721 re,
2277 1659 2333 1707 et
2367 1669 2478 1707 non
2513 1649 2789 1704 incideret
2822 1646 2878 1700 in
2932 1655 3292 1716 arrogantem
3323 1646 3393 1698 de
3433 1659 3496 1699 se
3529 1645 3879 1713 persuasio-

2161 1759 2292 1798 nem
2321 1761 2334 1808 ;
2371 1746 2427 1794 et
2456 1740 2499 1794 si
2535 1737 2769 1808 quando
2813 1736 3219 1805 egrediebatur
3256 1733 3324 1786 ad
3358 1733 3576 1803 aliquid
3611 1749 3889 1789 necessa-

345 1838 473 1878 eam
505 1829 733 1896 assequi
763 1841 776 1880 :
812 1843 913 1897 spe
935 1835 1123 1884 autem
1161 1832 1416 1888 bibendi.
1443 1837 1614 1890 trium
1648 1836 1871 1892 dierum
1899 1838 2044 1894 labo-

2231 1848 2338 1895 Jm,
2371 1831 2484 1883 cito
2513 1843 2709 1882 rursus
2740 1823 3094 1895 ingrediens,
3133 1823 3323 1877 stabat
3354 1822 3422 1876 ad
3458 1838 3628 1893 opus,
3660 1840 3724 1877 os
3757 1840 3882 1878 non

346 1927 466 1967 rem
501 1914 718 1969 fortiter
751 1918 1049 1972 sustinuit.
1087 1920 1398 1991 Postquam
1434 1927 1704 1994 apparuit
1736 1928 2049 1983 multitudo

349 2003 717 2071 bubalarum,
749 2021 818 2060 ex
849 2008 1060 2077 quibus
1095 2027 1210 2064 una
1241 2015 1401 2066 stetit
1432 2031 1498 2068 ex
1527 2016 1764 2071 adverso
1789 2021 1915 2086 ejus
1948 2020 2048 2074 ha-

349 2091 494 2148 bens
527 2094 810 2162 vitulum;
848 2105 986 2151 sunt
1016 2099 1169 2152 enim
1224 2101 1422 2156 multa:
1457 2104 1512 2155 in
1549 2103 1664 2158 illis
1699 2106 1858 2160 locis.
1897 2109 1961 2161 Et
1988 2114 2052 2162 ut

350 2182 580 2236 dicebat
632 2185 797 2239 nobis
845 2185 1148 2256 Macarius,
1201 2190 1341 2244 uber
1387 2195 1507 2260 ejus
1559 2193 1699 2248 lacte
1731 2194 1962 2263 fluebat,
1999 2203 2052 2252 et

351 2275 599 2344 desuper
629 2278 826 2330 sonuit
859 2293 960 2332 vox
991 2279 1039 2332 ei
1069 2280 1308 2336 dicens:
1345 2281 1575 2354 Maeari,
1609 2287 1812 2341 accede
1844 2288 1916 2342 ad
1947 2291 2052 2343 bu-

354 2360 566 2429 balaiu,
599 2371 654 2419 et
683 2365 915 2423 lactare.
967 2369 1109 2423 Cum
1155 2385 1309 2440 ergo,
1359 2372 1561 2444 inquit,
1597 2378 1665 2429 ad
1700 2392 1826 2431 eam
1858 2395 2053 2434 acces-

353 2453 561 2507 sissem
612 2459 668 2508 et
718 2455 964 2511 Iactatus
1014 2475 1228 2527 essem,
1259 2462 1400 2515 mihi
1450 2465 1697 2518 suffecit.
1751 2463 1822 2520 Ut
1857 2473 2051 2522 autem

353 2541 631 2608 majorem
665 2544 911 2611 gratiam
937 2553 1264 2604 ostenderet
1291 2551 1590 2617 Dominus,
1625 2555 1840 2609 docens
1866 2574 2051 2613 meam

352 2627 898 2699 parvitatem,jubet
920 2635 1194 2690 bubulam
1221 2655 1311 2692 me
1335 2641 1500 2709 sequi
1525 2657 1706 2711 usque
1729 2645 1796 2696 ad
1824 2645 2048 2699 cilium.

351 2715 455 2771 Illa
487 2732 617 2771 vero
660 2735 869 2787 parens
910 2723 1105 2790 jussui
1159 2736 1356 2780 secuta
1396 2735 1501 2794 est,
1539 2746 1628 2784 me
1671 2732 1903 2800 quidem
1939 2733 2052 2790 lac-

349 2809 502 2871 tans,
538 2823 707 2862 suum
739 2819 929 2865 autem
979 2828 1089 2866 non
1124 2814 1438 2870 admittens
1473 2818 1742 2874 vitulum.

420 2894 748 2964 Aliquando
783 2912 986 2954 rursus
1017 2916 1145 2955 cum
1182 2908 1413 2971 puteum
1449 2906 1669 2961 foderet
1702 2909 1789 2963 hic
1823 2910 1905 2980 vir
1937 2912 2054 2966 vir-

348 2988 470 3040 tute
511 2990 808 3056 preditus,
857 2991 922 3044 ad
975 2993 1318 3048 recreandos
1373 2998 1688 3053 monachos
1734 2999 1809 3069 (is
1858 3009 2049 3056 autem

347 3079 473 3130 erat
500 3092 674 3146 prope
708 3077 842 3132 folia
872 3084 930 3133 et
962 3089 1254 3137 sarmenta
1303 3083 1420 3139 illic
1454 3088 1663 3156 posita)
1707 3105 1934 3145 morsus
1966 3095 2053 3145 est

348 3166 419 3220 ab
451 3167 652 3238 aspide
691 3167 801 3237 (est
845 3176 1038 3224 autem
1091 3178 1439 3228 venenatum
1481 3181 1535 3230 et
1583 3178 1890 3233 exitiosum
1925 3181 2053 3234 ani-

350 3254 511 3322 mal),
563 3257 765 3311 ambas
815 3257 1012 3313 fauces
1061 3262 1277 3330 aspidis
1323 3265 1763 3333 apprehendens
1823 3275 2054 3322 sanctus

351 3345 633 3399 ambabus
683 3347 977 3412 manibus,
1011 3365 1139 3403 eam
1191 3351 1519 3422 discerpsit,
1555 3354 1793 3410 dicens:
1826 3361 1965 3412 Cum
2005 3369 2054 3413 te

351 3447 466 3484 non
510 3431 772 3486 misisset
804 3432 1084 3490 Dominus
1111 3455 1295 3506 meus,
1330 3444 1616 3510 quomodo
1651 3446 1719 3500 ad
1755 3463 1843 3502 me
1875 3463 2022 3503 ausu

356 3534 419 3573 es
449 3520 718 3574 accedere
739 3518 767 3573 ?

418 3606 561 3662 Cum
595 3608 718 3679 ipse
748 3624 950 3665 rursus
984 3627 1230 3684 magnus
1264 3617 1544 3673 audiisset
1580 3620 1868 3679 Macarius
1900 3627 2053 3695 quod

347 3697 630 3753 haberent
662 3701 1006 3770 praclarum
1059 3705 1186 3759 vita
1237 3705 1566 3764 institutum
1595 3713 2053 3784 Tabennesiotw,

345 3790 502 3842 veste
535 3792 780 3856 mutata,
810 3795 867 3845 et
889 3799 1195 3863 assumpto
1230 3797 1523 3854 mundano
1551 3798 1749 3856 habitu
1781 3805 2051 3873 operarii,

341 3876 529 3946 spatio
572 3879 905 3949 quindecim
957 3881 1186 3937 dierum
1237 3888 1492 3955 pervenit
1543 3889 1923 3963 Thebaidem,
1959 3893 2052 3948 in-

339 3982 576 4033 gressus
603 3984 702 4036 per
722 3968 1125 4026 solitudinem.
1156 3971 1364 4029 Etcum
1388 3977 1642 4033 venisset
1673 3979 1728 4033 in
1767 3987 2055 4038 monaste-

341 4056 494 4112 rium
525 4059 1117 4129 Tabennesiotarum,
1139 4065 1365 4134 quzesiit
1395 4082 1590 4123 eorum
1619 4070 2048 4128 archimandri-

342 4153 491 4216 tam,
517 4150 756 4206 nomine
779 4151 1178 4220 Pachomium,
1212 4159 1399 4210 virum
1435 4161 1924 4232 probatissimum,
1950 4164 2050 4235 qui

348 4243 405 4291 et
452 4241 694 4309 gratiam
747 4241 996 4298 habebat
1051 4244 1449 4316 propheticam
1483 4251 1578 4319 (De
1605 4266 1662 4306 eo
1706 4252 1880 4323 infra,
1930 4271 2045 4326 cap.

343 4324 458 4394 38),
509 4328 602 4380 cui
646 4328 881 4398 quidem
934 4337 1133 4388 sancto
1178 4338 1319 4388 tunc
1369 4338 1652 4394 revelatus
1703 4358 1813 4396 non
1865 4324 2051 4399 fuerat

347 4429 594 4483 magnus
629 4415 931 4473 Macarius.
966 4421 1109 4475 Cum
1144 4439 1280 4494 ergo
1320 4441 1453 4480 eum
1487 4431 1874 4497 convenisset,
1908 4432 2049 4486 dicit

341 4500 393 4556 ei
427 4501 710 4559 Macarius
757 4521 768 4560 :
819 4505 928 4562 Oro
978 4513 1054 4574 te,
1102 4513 1332 4583 suscipe
1384 4532 1496 4575 me,
1538 4534 1751 4587 quaeso,
1787 4521 1842 4574 in
1877 4527 2044 4577 tuum

2165 1922 2453 1992 aperiens,
2490 1919 2586 1973 sed
2629 1925 2790 1971 stans
2823 1914 3074 1978 silentio,
3111 1912 3256 1967 nihil
3288 1911 3443 1966 aliud
3489 1914 3705 1967 faciens
3729 1930 3882 1984 pra:-

2165 2017 2430 2082 terquam
2463 2007 2761 2062 silentium
2795 2004 2854 2058 in
2887 2005 3055 2058 corde
3085 2017 3379 2069 exercens,
3412 2006 3470 2055 et
3502 2002 3714 2056 faciens
3743 2020 3881 2058 ora-

2166 2103 2404 2165 tionem,
2439 2107 2494 2153 et
2533 2113 2724 2152 ramos
2777 2095 2981 2164 palma:
3033 2108 3279 2161 Operans
3329 2108 3480 2162 quos
3529 2091 3780 2146 habebat
3813 2097 3878 2147 in

2164 2193 2457 2246 manibus.
2493 2188 2632 2240 Cum
2667 2190 2858 2239 autem
2895 2185 3014 2238 haec
3057 2182 3335 2235 vidissent
3365 2198 3563 2236 omnes
3593 2185 3882 2237 exercita-

2163 2286 2318 2334 tores
2347 2279 2502 2332 illius
2533 2273 2895 2337 monasterii,
2933 2273 3273 2326 seditionem
3305 2272 3629 2325 excitarunt
3659 2271 3874 2327 adver-

2163 2387 2262 2426 sus
2295 2383 2461 2422 suum
2489 2366 2849 2435 praefectum:
2879 2360 3177 2415 Undenam
3205 2361 3371 2414 nobis
3394 2361 3682 2415 adduxisti
3711 2363 3873 2417 hunc

2167 2461 2459 2514 hominem
2493 2457 2616 2511 sine
2649 2471 2818 2509 carne
2851 2453 2919 2506 ad
2947 2453 3129 2506 nostri
3152 2452 3689 2506 condemnationem
3711 2451 3739 2506 ?
3762 2459 3872 2508 Aut

2164 2566 2296 2604 eum
2332 2550 2464 2602 hinc
2497 2547 2660 2616 ejice,
2694 2549 2815 2609 aut,
2854 2548 2919 2596 ut
2958 2543 3132 2603 scias,
3167 2557 3272 2595 nos
3304 2556 3505 2595 omnes
3536 2541 3668 2596 hinc
3701 2558 3864 2598 rece-

2164 2640 2377 2694 dimus.
2403 2640 2539 2691 Cum
2578 2637 2692 2690 haec
2725 2640 2919 2687 autem
2954 2650 2984 2686 a
3010 2632 3284 2686 fratribus
3308 2632 3576 2686 audiisset
3609 2648 3867 2702 magnus

2167 2728 2533 2788 Pachomius,
2568 2727 2636 2780 de
2664 2741 2730 2779 eo
2761 2730 2850 2778 est
2900 2722 3257 2777 sciscitatus.
3312 2721 3368 2774 Et
3396 2737 3516 2774 cum
3552 2721 3864 2777 didicisset

2163 2819 2288 2887 ejus
2322 2820 2448 2870 vitae
2481 2816 2712 2887 agenda:
2764 2813 3064 2880 rationem,
3117 2811 3301 2865 Deum
3344 2808 3548 2881 rogavit
3579 2818 3638 2864 ut
3669 2810 3716 2864 ei
3765 2828 3855 2865 re-

2162 2908 2450 2961 velaretur
2480 2907 2742 2974 quisnam
2781 2903 2874 2957 sit.
2920 2901 3251 2956 Revelatum
3302 2907 3388 2955 est
3423 2911 3604 2954 autem
3636 2901 3685 2954 ei
3718 2917 3854 2957 eum

2165 3012 2291 3051 esse
2325 2995 2638 3050 Macarium
2676 2992 3046 3046 monachum.
3101 2990 3264 3045 Tunc
3304 2992 3430 3060 ejus
3461 3006 3698 3044 manum
3734 3007 3867 3061 pre-

2165 3086 2367 3140 hendit
2401 3100 2649 3156 magnus
2702 3083 3068 3147 Pachomius,
3111 3086 3167 3136 et
3196 3097 3326 3135 eum
3363 3081 3514 3135 foras
3552 3080 3780 3149 educit;
3812 3088 3862 3136 et

2166 3194 2299 3231 cum
2351 3177 2682 3230 deduxisset
2730 3175 2783 3226 in
2848 3173 3086 3227 domum
3148 3171 3379 3226 oratorii
3442 3171 3541 3226 ubi
3599 3177 3687 3227 est
3748 3190 3865 3238 ara,

2165 3272 2404 3321 etesset
2452 3264 2774 3335 amplexus,
2829 3262 2877 3317 ei
2926 3262 3064 3316 dicit
3109 3279 3120 3316 :
3171 3262 3489 3329 Adesdum,
3545 3263 3868 3318 venerande

2161 3373 2352 3411 senex.
2386 3355 2468 3409 Tu
2504 3371 2563 3409 es
2590 3354 2896 3418 Macarius,
2930 3361 2980 3406 et
3007 3368 3094 3406 me
3116 3352 3167 3405 id
3189 3351 3409 3406 celasti.
3437 3352 3633 3406 Multis
3656 3353 3866 3408 abhinc

2161 3444 2330 3499 annis
2365 3443 2521 3514 cupii
2558 3450 2610 3497 te
2644 3442 2837 3496 videre
2887 3456 3020 3496 cum
3054 3439 3124 3495 de
3171 3446 3227 3494 te
3273 3440 3558 3495 audirem.
3611 3444 3732 3510 Ago
3765 3442 3864 3495 tibi

2161 3536 2400 3604 gratias,
2435 3533 2588 3603 quod
2626 3530 2772 3585 filios
2806 3547 2962 3584 meos
3013 3529 3338 3597 subegeris,
3371 3545 3441 3583 ne
3473 3545 3534 3584 se
3559 3531 3781 3597 jactent
3811 3535 3865 3585 et

2161 3622 2467 3692 magnifice
2499 3619 2973 3690 circumspiciant
3023 3625 3253 3688 prOpter
3301 3634 3469 3673 suam
3504 3621 3866 3674 exercitatio-

2160 3728 2314 3766 nem.
2344 3711 2499 3781 Rogo
2531 3727 2665 3781 ergo
2698 3715 2771 3775 te,
2808 3713 3007 3765 recede
3041 3710 3094 3761 in
3130 3707 3322 3763 locum
3356 3715 3544 3773 tuum,
3570 3727 3678 3766 nos
3707 3711 3862 3765 enim

2160 3802 2302 3856 satis
2331 3801 2644 3866 zediticasli,
2675 3805 2732 3854 et
2762 3816 2856 3853 ora
2889 3815 2986 3869 pro
3029 3798 3212 3853 nobis.
3242 3798 3406 3852 Tunc
3439 3802 3514 3853 ab
3545 3800 3670 3871 ipso
3705 3817 3866 3872 roga-

2161 3901 2269 3957 tus,
2304 3899 2355 3945 et
2386 3906 2515 3945 eum
2548 3889 2821 3943 omnibus
2848 3889 3124 3942 fratribus
3145 3889 3473 3954 orantibus,
3499 3889 3581 3943 sic
3608 3891 3867 3946 recessit.

2231 3981 2556 4050 Aliquando
2625 3993 2825 4032 rursus
2903 3978 3160 4032 narravit
3232 3979 3401 4032 nobis
3472 3977 3565 4032 hic
3621 3978 3706 4033 vir
3758 3979 3866 4034 im-

2159 4071 2452 4143 patihilis:
2482 4069 2723 4133 Quando
2766 4068 2913 4122 recte
2960 4068 3271 4138 gessissem
3327 4082 3556 4122 omnem
3594 4069 3718 4122 vitae
3754 4084 3867 4124 mo-

2159 4161 2394 4214 nasticae
2427 4159 2665 4229 agendae
2699 4157 3003 4221 rationem,
3059 4163 3201 4212 tunc
3233 4157 3360 4213 veni
3394 4158 3464 4212 ad
3499 4156 3658 4212 aliud
3693 4160 3862 4229 spiri-

2159 4249 2270 4305 tale
2318 4248 2690 4303 desiderium.
2746 4246 2932 4301 Statui
2983 4248 3137 4302 enim
3189 4246 3450 4318 quinque
3500 4248 3624 4302 dies
3667 4250 3857 4303 solum

2158 4346 2407 4394 mentem
2457 4355 2645 4394 meam
2698 4337 2776 4392 ita
2826 4354 3188 4409 componere,
3226 4347 3286 4392 ut
3325 4357 3358 4392 a
3394 4342 3502 4393 Deo
3551 4339 3713 4393 avelli
3752 4355 3862 4394 non

2158 4433 2371 4500 posset,
2423 4434 2478 4482 et
2520 4426 2665 4481 nihil
2717 4425 2872 4481 aliud
2925 4427 3167 4481 omnino
3198 4428 3491 4493 cogitaret.
3546 4428 3772 4482 Etcum
3807 4427 3863 4480 id

2155 4518 2303 4587 apud
2367 4532 2455 4571 me
2486 4515 2841 4578 statuissem,
2878 4515 3060 4569 clausi
3097 4532 3282 4571 meam
3319 4516 3515 4570 cellam
3553 4521 3606 4569 et
3655 4515 3862 4570 aulam

344 4595 786 4663 monasterium,
822 4603 884 4650 ut
915 4597 1049 4652 fiam
1100 4602 1440 4659 monachus.
1495 4606 1643 4662 Dicit
1692 4610 1739 4662 ei
1792 4625 2042 4680 magnus
2078 4610 2120 4673 D
2159 4609 2539 4673 extrinsecus,
2575 4609 2637 4658 ut
2669 4604 2812 4659 nulli
2862 4605 3056 4660 darem
3111 4620 3470 4676 responsum.
3504 4603 3570 4657 Et
3600 4606 3734 4657 steti
3767 4605 3864 4659 in.

337 4682 728 4742 Pachumius:
763 4685 886 4740 Non
922 4694 1081 4758 potes
1128 4692 1401 4764 deinceps
1435 4696 1554 4751 ﬁeri
1591 4699 1915 4755 monachus
1947 4703 2045 4772 qui

323 4772 421 4826 sis
451 4778 566 4829 tam
601 4781 907 4845 provectus
941 4784 1126 4846 aetate,
1153 4798 1266 4837 non
1301 4794 1460 4854 potes
1491 4793 1547 4841 te
1576 4803 1874 4845 exercere:
1909 4797 2047 4847 sunt

345 4862 549 4917 fratres
581 4864 675 4932 qui
711 4880 770 4920 se
798 4873 1066 4924 exercent
1109 4886 1140 4925 a
1171 4871 1497 4941 juventute,
1531 4881 1586 4930 et
1620 4878 1869 4934 laborem
1904 4879 2041 4936 tole-

340 4953 485 5004 rant.
521 4950 605 5004 Tu
647 4959 833 5009 autem
869 4957 928 5012 in
963 4958 1067 5014 hac
1116 4966 1278 5016 astate
1311 4979 1423 5016 non
1458 4969 1623 5034 potes
1657 4967 1802 5022 ferre
1852 4973 2041 5025 tenta-

318 5039 525 5093 rtiones
575 5045 1020 5104 exercitationis.
1072 5049 1413 5120 Offenderis,
1458 5067 1509 5110 et
1541 5057 1746 5127 exibis,
1790 5066 1847 5115 et
1878 5063 2040 5117 nobis

338 5127 668 5186 maledices.
704 5135 896 5202 Neque
926 5152 1056 5192 eum
1077 5142 1296 5211 accepit
1328 5159 1431 5198 nec
1455 5147 1639 5214 primo
1672 5149 1782 5216 die,
1818 5166 1922 5206 nec
1953 5169 2036 5207 se-

335 5220 527 5275 cundo
560 5237 746 5292 usque
775 5224 845 5278 ad
879 5232 1094 5294 septem
1129 5231 1267 5285 dies.
1303 5233 1407 5288 Ille
1440 5251 1571 5291 vero
1605 5237 1709 5292 fuit
1741 5246 2037 5313 constans,

333 5324 578 5366 manens
602 5312 863 5381 jejunus.
919 5313 1119 5372 Postea
1158 5330 1348 5376 autem
1401 5326 1536 5379 dicit
1569 5326 1617 5381 ei
1652 5345 1823 5384 senex
1857 5312 2037 5387 Maca?

326 5398 495 5455 rius:
529 5401 771 5474 Suscipe
805 5419 914 5470 me,
949 5405 1118 5472 abba,
1171 5413 1228 5461 et
1259 5410 1365 5464 nisi
1392 5413 1733 5482 jejunavero
1765 5427 1820 5473 et
1855 5422 2036 5477 fecero

328 5500 396 5540 ea
426 5504 556 5557 quas
587 5492 695 5560 ipsi
731 5495 1086 5563 opera,jube
1116 5511 1206 5550 me
1238 5499 1368 5566 ejici
1401 5518 1468 5555 ex
1503 5509 1872 5563 monasterio.
1910 5510 2037 5565 Per-

302 5577 536 5630 —suadet
569 5580 844 5636 fratribus
887 5599 1135 5653 magnus
1185 5585 1532 5646 Pachumius
1564 5600 1626 5648 ut
1656 5611 1786 5651 eum
1820 5601 2032 5655 admit-

332 5669 472 5721 tant.
511 5666 608 5722 Est
648 5677 834 5726 autem
885 5675 1059 5729 unius
1107 5681 1444 5736 monasterii
1495 5692 1836 5754 conventus,
1874 5690 2032 5746 mille

2160 4696 2436 4767 cipiensa
2485 4696 2763 4754 secunda,
2816 4700 2872 4748 et
2915 4695 3092 4749 menti
3137 4711 3278 4748 meas
3329 4694 3689 4765 praecipiens,
3722 4699 3782 4749 et
3810 4698 3856 4749 ei

2158 4786 2394 4843 dicens:
2435 4785 2572 4840 Vide
2605 4802 2673 4840 ne
2715 4786 3034 4840 descendas
3065 4787 3135 4840 de
3167 4786 3347 4841 ccelis.
3383 4785 3569 4841 Habes
3601 4785 3852 4857 angelos,

2155 4876 2550 4947 archangelos,
2587 4892 2788 4931 omnes
2820 4891 3098 4944 supernas
3120 4882 3451 4946 potestates,
3482 4876 3777 4930 cherubim
3801 4880 3853 4929 et

2155 4967 2471 5038 seraphim,
2530 4965 2711 5020 Deum
2764 4965 2971 5019 horum
3023 4968 3285 5020 omnium
3330 4966 3681 5022 effectorem.
3742 4964 3854 5019 illic

2149 5071 2398 5121 versare,
2443 5071 2512 5109 ne
2553 5057 2663 5110 sub
2708 5055 2880 5109 caelos
2933 5055 3322 5121 descenderis,
3373 5071 3444 5109 ne
3495 5054 3768 5110 incideris
3800 5056 3854 5109 in

2153 5146 2482 5200 mundanas
2505 5146 2900 5217 cogitationes.
2926 5143 3065 5199 Cum
3084 5145 3228 5200 duos
3251 5153 3468 5211 autem,
3496 5146 3708 5217 inquit,
3734 5144 3856 5200 dies

2148 5241 2203 5291 et
2234 5239 2378 5290 duas
2413 5241 2607 5290 noctes
2650 5251 3123 5306 perseverassem,
3159 5236 3235 5289 ita
3267 5235 3482 5289 irritavi
3511 5240 3856 5303 demouem,

2148 5332 2212 5380 ut
2240 5326 2359 5396 ipse
2383 5327 2543 5381 ﬁeret
2575 5325 2811 5381 ﬂamma
2835 5325 3005 5397 ignis,
3031 5334 3088 5380 et
3119 5328 3484 5381 combureret
3509 5331 3705 5382 omnia
3728 5343 3855 5397 qua

2147 5416 2430 5471 habebam
2465 5418 2520 5470 in
2554 5417 2721 5483 cella,
2754 5419 2893 5471 adeo
2927 5421 2991 5470 ut
3021 5417 3194 5470 etiam
3221 5421 3432 5482 storea,
3465 5433 3644 5487 supra
3680 5431 3854 5488 quam

2145 5508 2392 5574 stabam,
2439 5507 2571 5575 igne
2622 5510 2869 5568 arderet,
2921 5511 2976 5559 et
3015 5506 3095 5561 sic
3149 5523 3236 5561 me
3284 5523 3513 5577 quoque
3561 5509 3856 5563 existima-

2144 5614 2262 5652 rem
2297 5603 2472 5651 totum
2507 5597 2876 5664 conﬂagrare.
2903 5597 3162 5651 Tandem
3190 5598 3398 5652 timore
3423 5598 3854 5654 affectustertio

2141 5687 2233 5743 die
2263 5686 2456 5744 destiti
2488 5689 2559 5743 ab
2613 5688 2718 5744 hoc
2759 5685 3071 5760 proposito,
3123 5703 3250 5744 cum
3302 5705 3414 5744 non
3461 5705 3695 5761 possem
3730 5707 3853 5746 am-
