4076 6280
249 512 403 575 1061

1591 508 1967 570 HISTORIA
2009 497 2415 561 LAUSIACA.

3618 505 3775 567 1062

245 646 399 717 plius
423 645 674 699 mentem
699 656 889 696 meam
918 642 1113 695 tenere
1162 639 1532 709 indivulsam,
1566 643 1662 697 sed
1686 639 1959 699 descendi
1990 638 2043 704 Α
2073 650 2207 690 cum
2244 633 2508 689 unxisset
2564 633 2686 689 oleo
2744 641 2940 691 sancto
2971 640 3029 691 et
3059 653 3184 692 cum
3217 654 3424 710 aquam
3471 638 3784 697 infudisset

251 738 321 791 ad
361 737 534 804 hujus
566 733 770 787 mundi
797 730 1339 801 contemplationem
1375 749 1387 798 ;
1424 733 1536 786 Deo
1570 734 1808 788 fortasse
1832 750 1955 803 per-

244 828 531 890 mittente,
568 840 638 877 ne
666 822 775 876 hoc
811 820 949 875 mihi
987 826 1352 889 reputaretur
1377 821 1434 875 in
1469 823 1828 892 superbiam.

316 916 434 985 Ego
466 915 534 968 ad
569 928 701 967 eum
736 911 951 966 accessi
985 912 1317 981 aliquando,
1342 916 1397 966 et
1428 911 1620 966 inveni
1653 917 1811 967 extra
1833 915 1958 981 ejus

242 1004 445 1058 cellam
478 1005 768 1069 iacentem
802 1003 1113 1072 quemdam
1146 1002 1453 1069 cujusdam
1506 1001 1613 1054 vici
1657 1004 1957 1074 presbyte-

242 1109 395 1159 rum,
438 1093 605 1161 cujus
637 1096 814 1158 caput
838 1091 917 1144 ita
939 1096 1059 1145 erat
1082 1106 1313 1144 exesum
1344 1108 1375 1145 a
1401 1092 1599 1146 morbo
1624 1092 1721 1162 qui
1746 1094 1959 1147 dicitur

246 1199 473 1245 cancer,
507 1191 565 1235 ut
600 1182 768 1235 etiam
820 1181 1009 1249 ipsum
1044 1196 1109 1233 os
1168 1186 1354 1233 totum
1415 1188 1717 1252 appareret
1750 1184 1805 1236 in
1837 1200 1961 1235 ver-

240 1272 373 1328 tice.
414 1273 465 1325 Is
490 1271 730 1325 accessit
762 1272 829 1323 ad
869 1271 1061 1339 ipsum
1097 1274 1160 1323 ut
1204 1277 1528 1337 curaretur,
1561 1288 1664 1325 nec
1687 1288 1817 1325 eum
1852 1272 1955 1325 ad-

242 1362 508 1415 mittebat
538 1364 603 1415 ad
642 1359 1019 1429 colloquium.
1048 1360 1260 1428 Rogavi
1295 1369 1492 1413 autem
1528 1377 1686 1426 eum,
1720 1361 1954 1429 dicens;

239 1449 508 1505 Miserere
556 1450 727 1518 hujus
781 1449 998 1509 miseri.
1035 1454 1090 1502 et
1142 1448 1343 1503 saltem
1387 1451 1459 1504 da
1503 1450 1552 1504 ei
1586 1468 1955 1520 responsum.

248 1542 301 1595 Is
331 1556 464 1594 vero
518 1539 660 1592 mihi
722 1537 1043 1605 respondit,
1072 1537 1311 1593 dicens:
1372 1539 1473 1592 Est
1536 1539 1808 1601 indignus
1859 1542 1956 1611 qui

244 1630 697 1694 curetur,missa
721 1635 803 1683 est
837 1628 988 1681 enim
1024 1629 1093 1681 ad
1129 1645 1262 1682 eum
1298 1628 1417 1682 haec
1452 1646 1483 1683 a
1518 1633 1757 1685 Domino
1782 1630 1957 1686 disci-

239 1718 415 1791 plina.
458 1719 616 1782 Quod
652 1717 699 1771 si
734 1717 874 1771 velis
905 1734 1035 1770 eum
1070 1718 1276 1780 curari,
1306 1719 1586 1784 persuade
1609 1719 1657 1772 ei
1692 1726 1754 1773 ut
1784 1721 1957 1773 dein-

239 1824 372 1879 ceps
407 1810 745 1863 abstineata
794 1807 1112 1863 ministerio
1164 1812 1500 1863 sanctorum
1556 1818 1955 1865 sacramento-

236 1915 385 1953 rum.
424 1899 531 1963 Ego
594 1904 790 1952 autem
850 1901 899 1952 ei
960 1900 1085 1951 dico
1116 1914 1128 1951 :
1164 1900 1570 1963 Quamobrem,
1626 1915 1823 1969 quaeso
1850 1901 1876 1948 1’
1910 1902 1957 1954 Is

2070 725 2339 796 praecepit
2372 740 2439 777 ne
2471 726 2857 796 quadraginta
2888 726 3094 782 diebus
3125 744 3327 783 carnes
3360 735 3641 801 gustaret,
3677 746 3783 787 nec

2066 816 2302 882 vinum;
2338 821 2393 869 et
2414 817 2500 869 sic
2532 831 2664 869 eum
2699 817 2941 871 curavit.

2140 910 2282 959 Eum
2314 907 2628 975 aliquando
2649 907 2955 960 subierunt
2976 909 3357 978 cogitationes
3385 928 3541 965 vane:
3559 911 3780 981 glorias,

2069 1013 2194 1066 quae
2228 1013 2361 1051 eum
2382 1012 2410 1048 e
2444 995 2588 1049 cella
2619 996 3018 1063 ejiciebant,et
3048 1000 3429 1065 suggerebant
3453 1005 3514 1055 ut
3537 1002 3780 1055 honesto

2068 1086 2310 1143 consilio
2335 1091 2393 1139 et
2416 1086 2575 1153 justa
2604 1086 2673 1140 de
2704 1102 2880 1140 causa
2936 1087 3177 1141 Romam
3234 1099 3510 1159 pergeret,
3545 1107 3647 1160 pro
3679 1091 3778 1146 be-

2069 1177 2271 1231 neficio
2304 1192 2502 1229 eorum
2539 1178 2634 1245 qui
2696 1179 3095 1245 aegrotabant;
3130 1178 3291 1231 Valde
3349 1181 3502 1233 enim
3551 1182 3609 1234 in
3642 1196 3777 1234 eum

2068 1267 2417 1336 cperabatur
2452 1266 2639 1334 gratia
2661 1266 2935 1319 adversus
2960 1267 3214 1335 spiritus.
3240 1268 3550 1339 Postquam
3580 1276 3774 1324 autem

2069 1353 2240 1423 longo
2272 1360 2529 1423 tempore
2564 1371 2670 1407 non
2705 1353 2946 1417 obediit,
2980 1355 3139 1409 valde
3171 1356 3518 1424 agitabatur.
3551 1359 3778 1413 Cadens

2066 1460 2199 1498 vero
2232 1444 2289 1496 in
2325 1443 2525 1497 limine
2585 1443 2757 1509 cellae,
2800 1445 2952 1498 foras
3009 1446 3185 1513 pedes
3246 1446 3461 1513 emisit,
3494 1452 3549 1501 et
3592 1447 3775 1504 dicit:

2068 1533 2303 1587 Trahite
2336 1541 2387 1585 et
2419 1532 2628 1597 vellite,
2662 1550 2693 1587 o
2726 1532 3041 1601 daemones,
3072 1534 3121 1588 si
3174 1537 3432 1605 potestis.
3472 1536 3590 1607 Ego
3620 1543 3777 1592 enim

2070 1640 2182 1677 non
2218 1624 2359 1677 abeo
2394 1623 2537 1677 meis
2574 1623 2833 1693 pedibus,
2860 1625 3068 1691 jurans
3113 1626 3230 1679 fore
3282 1634 3342 1679 ut
3371 1627 3563 1695 jaceat
3594 1642 3780 1697 usque

2070 1714 2138 1767 ad
2173 1729 2497 1779 vesperam,
2530 1714 2581 1767 ei
2644 1714 2749 1766 nisi
2808 1730 2941 1766 eum
2992 1714 3281 1768 excutiant
3316 1733 3428 1770 non
3463 1732 3591 1771 esse
3621 1717 3783 1771 audi-

2067 1806 2286 1855 turum.
2322 1806 2460 1855 Cum
2495 1809 2682 1855 autem
2731 1804 2826 1854 diu
2874 1805 3296 1871 procubuisset,
3332 1808 3613 1871 surrexit;
3645 1824 3778 1862 cum

2070 1908 2179 1947 nox
2196 1899 2386 1947 autem
2404 1892 2795 1957 adventasset,
2821 1893 2868 1943 ei
2895 1908 3094 1945 rursus
3118 1893 3426 1947 exhibuere
3454 1898 3775 1965 negotium.

233 2007 367 2045 vero
400 1990 534 2043 dicit
570 2005 584 2043 :
624 1989 937 2042 Fornicans
978 2005 1207 2042 sacrum
1265 1991 1485 2059 peregit
1535 1991 1951 2059 ministerium,
1985 2002 2031 2066 Β
2072 1983 2136 2036 Εἰ
2167 1999 2295 2034 cum
2333 1983 2576 2035 duorum
2608 1981 2928 2035 mOdiomm
2965 1988 3220 2048 SPOFlam
3257 1982 3553 2051 ίῐηΡίϐδδθῑ
3580 2002 3775 2050 arma.

233 2084 288 2135 et
320 2079 446 2133 ideo
470 2079 802 2148 castigatur.
840 2077 1006 2134 Nunc
1038 2094 1173 2148 ergo
1214 2079 1262 2131 si
1318 2085 1470 2135 metu
1504 2082 1747 2135 desistat
1780 2082 1850 2135 ab
1882 2098 1947 2135 eo

232 2168 383 2238 quod
411 2184 589 2221 ausus
631 2172 720 2221 est
753 2167 937 2221 facere
972 2183 1071 2237 per
1112 2174 1532 2234 contemptum,
1562 2170 1711 2224 Deus
1754 2170 1947 2237 ipsum

231 2259 476 2312 curabit.
514 2258 823 2327 Postquam
858 2275 993 2327 ergo
1042 2257 1159 2311 dixi
1208 2258 1257 2311 ei
1310 2259 1408 2328 qui
1443 2260 1817 2329 afﬁgebatur,
1843 2262 1946 2329 ju-

232 2347 545 2415 rejurando
596 2353 684 2399 est
744 2347 1042 2415 pollicitos
1102 2361 1162 2400 se
1206 2363 1318 2401 non
1355 2348 1607 2417 amplius
1635 2349 1948 2403 sacerdotis

232 2443 428 2508 partes
495 2436 815 2489 obiturum.
854 2440 1011 2489 Tunc
1061 2452 1195 2489 eum
1264 2441 1507 2507 accepit,
1542 2444 1598 2491 et
1665 2439 1808 2492 dixit
1851 2438 1946 2493 ei:

227 2525 503 2579 Credisne
557 2539 685 2579 esse
738 2523 922 2577 Deum
973 2540 1145 2592 quem
1191 2525 1333 2578 nihil
1386 2525 1582 2579 latet?
1621 2527 1950 2597 Respondet

229 2613 373 2669 ille:
419 2614 681 2680 Maxime,
709 2629 846 2683 rogo
906 2618 981 2667 te.
1036 2613 1253 2667 Deinde
1307 2614 1357 2667 ei
1402 2615 1541 2669 dicit
1601 2616 1888 2671 Macarius
1930 2636 1942 2668 :

228 2702 351 2758 Non
386 2703 620 2774 potuisti
654 2701 764 2757 Deo
798 2703 1043 2757 illudere
1066 2703 1093 2756 ‘I
1124 2703 1271 2758 Dicit
1304 2704 1437 2759 ille:
1472 2706 1593 2759 Non
1622 2707 1805 2776 potui,
1838 2707 1946 2760 do-

229 2792 386 2847 mine
423 2795 522 2846 mi.
557 2792 708 2846 Dicit
740 2794 786 2845 ei
814 2793 1100 2847 Macarius
1131 2808 1142 2845 :
1177 2793 1231 2847 Si
1265 2795 1532 2864 agnoscis
1562 2800 1721 2849 tuum
1758 2812 1949 2866 pecca-

230 2885 379 2951 tum,
413 2886 469 2936 ct
506 2883 601 2935 Dei
638 2881 1009 2952 disciplinam
1055 2888 1291 2953 pr0pter
1321 2900 1497 2953 quam
1543 2884 1663 2939 haec
1696 2885 1948 2952 subiisti,

229 2971 539 3040 corrigitor
570 2972 626 3024 in
664 2984 984 3039 posterum.
1022 2971 1129 3035 Qui
1166 2974 1469 3028 confessus
1499 2980 1588 3028 est
1625 2979 1945 3043 peccatum,

228 3064 287 3114 et
316 3057 631 3128 spopondit
669 3074 729 3111 se
762 3075 875 3112 non
927 3060 1181 3128 amplius
1232 3066 1627 3130 peccaturum,
1664 3078 1848 3132 neque
1872 3064 1949 3116 al-

230 3149 340 3203 tari
375 3147 868 3213 ministraturum,
904 3149 1001 3202 sed
1027 3154 1246 3203 sortem
1279 3148 1483 3204 laicarn
1519 3151 1945 3221 amplexuruin.

228 3237 447 3292 Deinde
480 3237 564 3293 sic
594 3240 833 3291 sanctus
867 3236 921 3290 ei
954 3253 1163 3291 manus
1189 3238 1492 3307 imposuit,
1515 3244 1570 3293 et
1595 3239 1793 3309 paucis
1827 3242 1948 3295 die—

227 3328 336 3382 bus
368 3326 477 3381 fuit
509 3336 768 3389 curatus,
802 3326 1116 3398 capillique
1146 3328 1198 3381 ei
1230 3333 1534 3383 creverunt
1556 3333 1611 3383 et
1633 3346 1815 3386 sanus
1846 3332 1949 3386 do-

227 3432 386 3472 mum
450 3416 623 3470 rediit
656 3417 835 3470 Deum
888 3415 1258 3487 gloriﬁcans;
1311 3419 1429 3489 egit
1484 3423 1674 3473 autem
1735 3437 1948 3492 magno

228 3521 461 3577 quoque
492 3505 740 3559 Macario
769 3508 1005 3576 gratias.

297 3594 401 3649 Hic
432 3598 672 3650 sanctus
708 3595 959 3651 habebat
988 3597 1248 3652 diversas
1273 3598 1480 3666 cellas;
1505 3616 1679 3655 unam
1713 3601 1945 3672 quidem

228 3687 286 3741 in
322 3686 505 3751 Scete,
547 3701 669 3756 quae
712 3689 802 3741 est
835 3686 1077 3741 interior
1126 3688 1185 3743 in
1218 3688 1557 3757 solitudine,
1592 3695 1649 3746 et
1678 3709 1851 3747 unam
1885 3694 1941 3747 in

226 3776 426 3848 Libya,
462 3780 517 3831 ct
548 3793 724 3831 unam
758 3777 817 3830 in
850 3776 1064 3844 Celliis,
1101 3782 1156 3832 et
1186 3796 1359 3835 unam
1393 3780 1451 3834 in
1500 3787 1695 3837 monte
1725 3782 1941 3838 Nitriae.

223 3867 293 3920 Et
324 3867 452 3920 aliae
485 3865 720 3934 quidem
769 3867 1044 3921 carebant
1085 3868 1256 3931 ostio,
1291 3868 1347 3921 in
1400 3870 1613 3936 quibus
1644 3872 1943 3927 dicebatur

224 3954 424 4007 sedere
464 3954 520 4007 in
556 3954 1000 4022 quadragesima
1030 3954 1088 4008 in
1131 3957 1409 4023 tenebris,
1448 3958 1562 4012 alia
1594 3964 1787 4013 autem
1824 3968 1943 4017 erat

225 4040 548 4113 angustior,
583 4043 639 4095 in
676 4057 792 4111 qua
823 4059 936 4096 non
970 4046 1196 4113 poterat
1227 4046 1431 4114 pedem
1454 4048 1797 4115 extendere;
1832 4048 1942 4103 alia

222 4139 417 4186 autem
478 4128 668 4194 latior,
703 4129 761 4182 in
823 4146 942 4200 qua
969 4132 1349 4187 conveniebat
1380 4150 1477 4189 eos
1512 4136 1606 4206 qui
1640 4137 1710 4190 ad
1746 4137 1937 4208 ipsum

220 4219 604 4274 ventitabant.

293 4309 395 4364 Hic
428 4308 651 4364 curavit
680 4312 905 4363 tantam
940 4308 1375 4366 multitudinem
1410 4329 1608 4369 eorum
1644 4315 1742 4386 qui
1775 4332 1939 4372 vexa-

223 4400 434 4455 bantur
467 4417 499 4455 a
530 4400 920 4465 daemonibus,
957 4408 1013 4456 ut
1062 4416 1129 4457 ea
1186 4418 1300 4457 non
1334 4404 1579 4458 cadatin
1612 4422 1936 4461 numerum.

219 4488 361 4544 Cum
398 4506 503 4545 nos
537 4494 737 4545 autem
782 4489 897 4545 illic
932 4507 1218 4559 essemus,
1250 4493 1412 4562 virgo
1455 4493 1665 4549 nobilis
1699 4504 1750 4549 et
1784 4496 1941 4550 dives

218 4577 461 4633 deducta
492 4582 575 4633 est
610 4578 676 4632 ad
710 4595 845 4633 eum
870 4580 1331 4637 aThessalonica
1354 4582 1409 4636 in
1445 4581 1659 4637 finibus
1689 4584 1936 4662 Achaiae,

219 4684 344 4739 quae
378 4668 576 4722 multis
608 4669 778 4723 annis
812 4669 1102 4725 laboraret
1151 4672 1429 4743 paralysi.
1470 4677 1624 4728 llanc
1657 4679 1788 4729 ante
1829 4675 1937 4730 cel-

2062 2070 2508 2140 etimposuisset
2525 2070 2803 2131 humeris.
2826 2071 3163 2140 pervadebat
3181 2078 3355 2125 totam
3374 2072 3775 2131 solitudinem.

2059 2161 2201 2215 Huic
2260 2162 2508 2213 occurrit
2566 2160 2928 2214 Theosebius
2986 2163 3303 2226 Cosmetor,
3335 2178 3545 2231 genere
3574 2164 3779 2217 Antio-

2059 2250 2296 2314 chenus,
2344 2253 2399 2304 et
2428 2250 2477 2303 ei
2529 2250 2670 2303 dicit
2704 2265 2717 2302 :
2746 2250 2889 2312 Quid
2943 2255 3162 2320 portas,
3197 2251 3342 2305 abba
3366 2250 3393 2304 '7
3423 2252 3569 2306 Cede
3628 2252 3774 2307 mihi

2059 2355 2227 2401 onus,
2262 2351 2318 2393 et
2352 2356 2423 2393 ne
2456 2340 2696 2395 vexeris.
2724 2341 2822 2393 Ille
2854 2346 3045 2394 autem
3082 2340 3225 2395 dixit
3258 2357 3271 2395 :
3316 2344 3470 2395 Vexo
3513 2358 3638 2396 eum
3674 2344 3776 2413 qui

2059 2445 2150 2483 me
2208 2435 2422 2494 vexat;
2484 2446 2616 2484 nam
2676 2446 2807 2484 cum
2869 2430 2979 2484 sim
3032 2431 3310 2485 remissus
3386 2436 3441 2485 et
3509 2433 3772 2501 ignavus,

2058 2522 2317 2589 suggerit
2349 2521 2485 2575 mihi
2549 2521 3064 2591 peregrinationes.
3099 2522 3241 2576 Cum
3295 2527 3488 2576 autem
3522 2523 3619 2576 diu
3654 2539 3775 2593 pro-

2058 2614 2346 2675 movisset,
2381 2612 2680 2681 ingressus
2713 2615 2802 2663 est
2831 2610 3033 2665 cellam
3067 2612 3313 2666 contrito
3343 2628 3603 2682 corpore.

2132 2700 2450 2754 1Narravit
2504 2703 2697 2753 autem
2760 2699 2927 2753 nobis
2980 2700 3092 2769 (5‘3)
3126 2700 3224 2754 Dei
3291 2717 3523 2772 quoque
3568 2717 3771 2757 servus

2059 2790 2448 2860 Paphnutius,
2486 2788 2743 2859 praeclari
2797 2789 2966 2859 hujus
3007 2791 3191 2845 sancti
3236 2791 3584 2861 discipulus,
3617 2793 3768 2860 quod

2059 2896 2190 2934 cum
2224 2880 2477 2949 quodam
2510 2879 2602 2933 die
2634 2879 2859 2933 sederet
2889 2879 2947 2932 in
3007 2880 3140 2934 aula
3196 2889 3432 2937 sanctus
3464 2881 3767 2949 Macarius,

2056 2975 2111 3025 et
2152 2970 2332 3024 Deum
2376 2968 2780 3038 alloqueretur,
2813 2969 3018 3037 hyzena
3062 2976 3364 3041 acceptum
3413 2988 3588 3027 suum
3620 2978 3771 3028 catu-

2057 3060 2204 3121 lum,
2238 3059 2337 3129 qui
2369 3064 2491 3112 erat
2523 3074 2731 3125 caicus,
2765 3058 2960 3114 attulit
2998 3060 3069 3113 ad
3116 3066 3377 3115 sanctum
3411 3062 3766 3130 Macarium;

2056 3155 2113 3206 et
2143 3166 2276 3203 cum
2327 3147 2515 3219 capite
2573 3148 2866 3219 pulsasset
2922 3150 3132 3204 ostium
3162 3149 3328 3217 aulae,
3361 3151 3631 3220 ingressa
3661 3157 3770 3220 est,

2056 3255 2121 3294 eo
2153 3237 2345 3293 adhuc
2403 3239 2655 3304 sedente,
2682 3240 2739 3291 et
2772 3238 3011 3307 projecit
3036 3239 3297 3293 catulum
3330 3241 3397 3294 ad
3422 3241 3547 3311 ejus
3567 3242 3767 3312 pedes.

2061 3329 2203 3383 Cum
2236 3330 2429 3382 autem
2463 3325 2782 3397 accepisset
2812 3326 3070 3382 catulum
3112 3334 3352 3385 sanctus
3384 3330 3689 3399 Macarius,
3720 3336 3776 3387 et

2062 3418 2323 3489 spuisset
2358 3416 2416 3469 in
2477 3417 2605 3485 ejus
2661 3414 2882 3481 oculos,
2912 3418 3113 3483 oravit,
3147 3422 3204 3473 et
3270 3419 3467 3474 statim
3508 3419 3672 3476 vidit.
3707 3422 3775 3476 Et

2059 3524 2189 3565 cum
2248 3510 2431 3563 mater
2488 3522 2620 3561 eum
2673 3505 2939 3563 lactasset
2995 3513 3053 3563 et
3100 3510 3438 3581 accepisset,
3470 3510 3553 3565 ita
3609 3510 3771 3567 exiit.

2057 3599 2158 3655 Die
2189 3602 2381 3654 autem
2437 3598 2701 3669 sequenti
2760 3598 2968 3669 pellem
3027 3615 3246 3672 magnae
3302 3600 3423 3655 ovis
3471 3601 3668 3656 attulit
3697 3602 3769 3657 ad

2056 3693 2325 3744 sanctum
2361 3688 2673 3743 Macarium
2700 3707 2712 3755 ;
2745 3693 2802 3743 et
2832 3704 2963 3743 cum
2996 3694 3237 3743 sanctus
3267 3688 3506 3745 vidisset
3535 3690 3766 3760 pellem,

2056 3779 2177 3834 hac
2207 3779 2349 3833 dixit
2404 3778 2614 3847 bthDEB
2650 3794 2662 3833 :
2699 3776 3001 3832 Undenam
3052 3778 3200 3832 hanc
3267 3777 3593 3844 habuisses,
3654 3780 3766 3835 nisi

2056 3885 2215 3925 ovem
2268 3867 2516 3937 alicujus
2570 3864 2952 3920 devorasses?
2995 3866 3157 3930 Quod
3190 3881 3325 3937 ergo
3383 3867 3769 3937 proficiscitur

2056 3958 2126 4012 ab
2159 3958 2392 4027 injuria,
2426 3972 2526 4023 ego
2559 3972 2592 4008 a
2624 3959 2676 4008 te
2701 3969 2814 4008 non
2834 3954 3072 4024 accipio.
3108 3954 3341 4026 Hytena,
3368 3960 3563 4011 autem
3598 3955 3765 4011 humi

2055 4046 2328 4101 inclinato
2361 4043 2569 4115 capite,
2611 4059 2765 4115 genu
2814 4043 3086 4099 ﬂectebat
3128 4044 3201 4098 ad
3253 4046 3427 4114 pedes
3463 4045 3671 4109 sancti,
3709 4052 3767 4101 et

2054 4138 2305 4207 ponebat
2336 4134 2566 4207 pellem.
2592 4136 2719 4205 Ipse
2750 4138 2947 4190 autem
3000 4136 3049 4188 ei
3082 4134 3301 4190 dicebat
3333 4135 3492 4189 :Dixi
3530 4150 3620 4189 me
3653 4152 3767 4191 non

2053 4228 2446 4295 accepturum,
2478 4225 2588 4280 nisi
2631 4226 2920 4295 juraveris
2967 4229 3019 4279 te
3074 4239 3188 4279 non
3221 4224 3475 4295 amplius
3507 4224 3766 4280 offensu-

2053 4332 2173 4373 ram
2210 4332 2511 4387 pauperes,
2545 4315 2901 4371 comedendo
2937 4330 3137 4370 eorum
3192 4331 3345 4370 ovcs.
3382 4315 3481 4371 Illa
3528 4331 3660 4372 vero
3691 4316 3762 4371 ad

2051 4405 2160 4460 hoc
2194 4422 2427 4477 quoque
2457 4405 2644 4476 capite
2674 4421 2780 4460 suo
2812 4405 3039 4473 annuit,
3076 4411 3135 4460 ut
3166 4422 3293 4476 quae
3326 4409 3526 4461 sancto
3559 4422 3762 4461 assen-

2050 4495 2258 4550 tiretur
2316 4496 2585 4550 Macario.
2617 4496 2779 4550 Tunc
2836 4497 3059 4566 accepit
3133 4494 3338 4567 pellem
3399 4496 3468 4551 ab
3536 4496 3759 4568 hyeme.

2051 4584 2225 4639 Beata
2279 4588 2470 4639 autem
2504 4584 2714 4638 Christi
2763 4583 2972 4639 ancilla
3021 4583 3270 4639 Melania
3325 4584 3472 4639 dixit
3504 4584 3667 4653 mihi,
3702 4602 3760 4639 se

2051 4674 2204 4728 illam
2242 4674 2447 4745 pellem
2485 4676 2780 4745 accepisse
2810 4691 2842 4728 a
2872 4674 3115 4730 Macario
3156 4674 3275 4738 illo,
3312 4675 3463 4744 quod
3498 4674 3754 4744 appella-

217 4755 335 4812 lam
368 4772 535 4809 suam
572 4758 1327 4826 projectam,misericordia
1359 4768 1706 4830 commotus,
1737 4764 1934 4833 viginti
1970 4754 2015 4815 Ι)
2047 4766 2217 4820 batur
2248 4780 2464 4820 munus
2497 4765 2734 4836 hyaenae.
2769 4764 2911 4829 Quid
2946 4781 3079 4819 vero
3096 4765 3307 4819 mirum
3324 4769 3411 4820 est
3432 4763 3755 4835 apudviros

216 4845 426 4901 diebus
456 4862 680 4915 ungens
711 4846 835 4902 oleo
881 4853 1076 4904 sancto
1135 4851 1262 4906 suis
1324 4853 1615 4923 manibus,
1647 4860 1702 4909 et
1734 4870 1931 4921 orans,

214 4951 419 4991 sanam
453 4935 675 4990 remisit
709 4937 765 4990 in
801 4953 967 4993 suam
1005 4940 1313 4995 civitatem.
1339 4945 1472 5009 Quae
1520 4960 1653 5000 cum
1688 4947 1932 5017 pedibus

213 5025 338 5080 suis
355 5024 717 5091 recessisset,
731 5026 801 5080 ad
821 5032 1052 5085 sanctos
1077 5031 1371 5099 cepiosam
1389 5033 1927 5093 misitoblationem.

285 5115 373 5170 Me
403 5117 598 5171 autem
632 5120 917 5185 praesente
947 5119 1233 5176 adduc‘tus
1267 5125 1352 5176 est
1384 5123 1454 5177 ad
1488 5140 1622 5179 eum
1656 5141 1799 5195 puer
1831 5128 1928 5198 qui

211 5204 533 5260 vexabatur
561 5221 593 5259 a
624 5204 854 5273 spiritu.
890 5206 951 5259 Ei
994 5212 1189 5263 autem
1251 5226 1492 5267 manum
1535 5213 1839 5284 imponens
1870 5216 1929 5273 in

211 5296 420 5366 capite,
455 5300 510 5350 et
558 5295 852 5351 sinistram
904 5313 1081 5369 supra
1112 5315 1228 5365 cor,
1263 5302 1467 5356 tandiu
1522 5306 1704 5359 oravit
1747 5306 1929 5360 donec

210 5384 445 5439 fecisset
480 5385 668 5454 ipsum
700 5387 947 5454 pendere
1013 5388 1073 5442 in
1107 5404 1253 5444 aere.
1288 5390 1590 5462 Tanquam
1635 5399 1762 5449 uter
1791 5410 1927 5466 ergo

213 5488 360 5545 puer
391 5472 650 5541 inflatus,
686 5476 825 5531 adeo
868 5477 1164 5547 intumuit,
1187 5483 1421 5535 utesset
1451 5481 1690 5537 maximi
1713 5485 1929 5555 ponde-

212 5564 312 5620 ris.
351 5561 577 5617 Etcum
610 5569 845 5633 repente
894 5570 1297 5639 exclamasset,
1332 5586 1432 5643 per
1471 5588 1675 5629 omnes
1715 5590 1925 5631 sensus

211 5667 422 5725 aquam
457 5650 689 5721 emisit;
722 5658 778 5708 et
811 5669 943 5711 cum
968 5675 1169 5715 rursus
1193 5660 1473 5731 desiisset,
1501 5662 1671 5718 rediit
1701 5664 1772 5719 ad
1796 5680 1921 5720 eam

234 5761 270 5798 n
307 5758 421 5815 qua
450 5741 613 5812 prius
645 5752 762 5799 erat
820 5762 1179 5807 mensuram.
1228 5754 1291 5808 Et
1322 5754 1555 5811 tradidit
1587 5769 1717 5810 eum
1752 5756 1921 5826 patri,

244 5858 251 5865 ν
282 5843 298 5875 ¹
334 5840 664 5899 Heraclides
696 5843 817 5900 haec
849 5848 915 5903 de
950 5850 1162 5907 Marco.

2046 4855 2266 4909 mundo
2300 4855 2628 4921 cruciﬁxos,
2662 4855 2709 4908 si
2744 4854 2943 4925 hyaena
2976 4854 3255 4910 beneficio
3289 4852 3513 4917 affecta,
3544 4854 3614 4908 ad
3655 4854 3759 4909 Dei

2046 4943 2313 5015 gloriam,
2342 4948 2396 4998 et
2436 4944 2714 4999 honorem
2772 4960 3067 4999 servorum
3096 4944 3246 5013 ejus,
3272 4943 3328 4997 id
3389 4942 3649 4998 sentiens
3685 4944 3753 4998 ad

2044 5048 2176 5088 eum
2214 5050 2457 5090 munera
2497 5034 2795 5089 attulerit?
2828 5050 2956 5088 nam
2986 5033 3084 5103 qui
3119 5033 3175 5087 in
3207 5032 3443 5089 Daniele
3474 5034 3753 5105 propheta

2043 5125 2422 5179 mansuefecit
2453 5125 2670 5192 leones,
2706 5124 2839 5179 huic
2898 5139 3125 5193 quoque
3156 5123 3367 5193 hyaenae
3401 5122 3644 5195 largitus
3667 5130 3753 5179 est

2039 5213 2510 5286 intelligentiam.

2110 5305 2190 5359 De
2221 5320 2287 5358 eo
2318 5311 2513 5360 autem
2548 5305 2765 5358 dictum
2800 5308 2885 5358 est
2920 5304 3072 5374 quod
3106 5320 3173 5358 ex
3220 5320 3334 5374 quo
3358 5304 3462 5356 fuit
3496 5300 3748 5370 baptiza-

2040 5399 2151 5464 tus,
2191 5394 2344 5449 humi
2380 5411 2491 5449 non
2524 5394 2764 5465 spuerit,
2792 5410 2923 5449 cum
2957 5399 3150 5451 essent
3182 5392 3480 5463 sexaginta
3512 5391 3646 5444 anni
3678 5407 3746 5445 ex

2037 5500 2151 5554 quo
2190 5485 2373 5538 fuerat
2404 5483 2954 5554 baptizatus.Annos
2987 5485 3138 5539 enim
3164 5486 3334 5536 natus
3359 5478 3745 5550 quadraginta

2037 5574 2392 5644 baptismum
2426 5580 2777 5647 susceperat.

2107 5664 2316 5720 Forma
2346 5672 2535 5722 autem
2576 5666 2701 5737 ejus
2746 5670 2867 5720 erat
2920 5659 3291 5734 hujusmodi:
3326 5663 3557 5730 oportet
3586 5659 3740 5714 enim

2036 5770 2129 5811 me
2162 5770 2389 5826 quoque
2414 5754 2516 5811 tibi
2548 5755 2655 5812 hoc
2688 5748 3033 5827 signiﬁcare.
3068 5748 3285 5803 Christi
3331 5764 3512 5817 serve,
3550 5752 3610 5801 ut
3641 5746 3742 5815 qui
