4076 6280
395 493 552 556 1063
1973 486 2018 545 Ρ

2250 482 2340 543 Dll
3767 485 3954 547 1061,

391 629 498 685 hoc
530 627 708 684 sciam
741 625 975 697 Optime,
1010 640 1139 679 cum
1189 639 1316 678 mea
1363 623 1613 692 parvitas
1654 622 1704 676 ei
1747 621 1916 676 fuerit
1945 625 2097 675 tem-
2126 623 2183 687 Α
2215 621 2301 671 sto
2360 620 2417 671 et
2471 616 2733 672 vindictas
2800 616 3008 687 cupido
3057 615 3252 671 animo
3308 619 3433 671 erat
3489 616 3549 671 in
3600 620 3950 689 pastorem,

390 734 522 787 pore
556 716 816 788 aequalis.
855 715 985 768 Erat
1012 721 1201 768 autem
1240 714 1365 781 ejus
1409 714 1590 766 forma
1624 713 1767 766 satis
1794 712 2015 765 minuta
2039 728 2104 764 ac
2209 710 2306 777 qui
2341 712 2408 762 ad
2437 726 2553 763 rem
2573 710 2827 779 aliquam
2850 710 3183 775 patrandain
3210 708 3364 760 eunti
3408 707 3517 761 sibi
3553 708 3741 763 fuerat
3789 727 3951 767 cum

389 807 594 862 mutila
632 815 686 860 et
720 822 865 871 rara,
904 807 1048 874 pilos
1109 803 1293 857 solum
1349 804 1567 856 habens
1617 804 1673 855 in
1708 803 1885 856 labro.
1922 803 2101 864 Quin-
2207 799 2451 854 canibus
2511 800 2634 851 suis
2684 799 3122 869 impedimento.
3164 799 3343 861 Quem
3404 812 3536 850 cum
3572 798 3735 852 vellet
3773 803 3952 856 occi-

384 898 558 951 etiam
594 897 649 948 in
684 911 957 961 suprema
992 902 1145 957 parte
1205 891 1457 945 habebat
1515 908 1751 961 paucos.
1794 890 1937 944 Nam
1975 902 2104 959 pr0'
2208 889 2363 953 dere,
2395 890 2584 943 obibat
2618 888 2807 941 locum
2842 889 2900 940 in
2948 904 3062 957 quo
3103 889 3231 954 ejus
3289 903 3422 941 oves
3465 886 3762 942 habebant
3807 900 3949 946 sta-

382 991 506 1056 pter
540 986 806 1055 ingentes
855 985 1081 1036 labores
1120 982 1575 1046 exercitationis,
1618 998 1686 1035 ne
1720 982 1820 1051 pili
1865 979 2096 1049 quidem
2206 982 2443 1044 tionem,
2475 980 2525 1031 ei
2570 986 2762 1032 autem
2809 978 3205 1049 significatum
3239 986 3323 1030 est
3374 979 3560 1045 ipsum
3593 995 3721 1033 esse
3757 986 3949 1038 trans

384 1076 559 1128 menti
596 1075 788 1127 barbae
818 1072 866 1127 ei
900 1073 1052 1125 enati
1086 1080 1239 1123 sunt.
2209 1071 2422 1125 Nilum.
2459 1072 2522 1123 Et
2555 1086 2685 1123 cum
2723 1069 2927 1123 ﬂuvms
2960 1068 3055 1122 illo
3087 1074 3345 1136 tempore
3376 1068 3701 1139 inundaret,
3739 1078 3801 1123 et
3850 1074 3943 1127 ad

449 1165 533 1217 Ad
569 1164 724 1217 hunc
755 1170 1023 1216 sanctum
1056 1160 1367 1215 Maearium
1402 1176 1532 1214 cum
1588 1162 1840 1231 quodam
1876 1161 1967 1213 die
1992 1176 2094 1213 ve-
2206 1162 2365 1213 mille
2400 1176 2608 1230 passus
2641 1166 2858 1230 pateret
2890 1159 3423 1218 latitiiiline,ensem
3456 1166 3661 1213 tenens
3693 1163 3949 1215 mordi-

377 1251 612 1318 nissem,
652 1257 713 1305 ut
742 1266 929 1305 essem
964 1251 1160 1302 animo
1193 1248 1355 1302 valde
1388 1248 1615 1313 anxius,
1640 1250 1767 1303 dico
1798 1248 1880 1301 illi
1904 1249 2095 1302 :Abba
2204 1266 2322 1315 cus,
2359 1255 2413 1303 et
2443 1250 2698 1303 tunicam
2735 1266 2849 1320 qua
2879 1255 3001 1301 erat
3048 1247 3287 1300 indutus
3328 1248 3633 1315 imponens
3678 1266 3792 1304 suo
3830 1267 3942 1305 ca-

377 1341 609 1405 Macari,
639 1341 777 1409 quid
818 1340 1342 1405 faciam,quoniam
1381 1354 1471 1391 me
1505 1338 1764 1407 alﬂigunt
1798 1339 2096 1407 cogitatio-
2206 1341 2327 1409 piti,
2364 1341 2611 1393 natando
2671 1339 2753 1392 sic
2810 1338 3137 1393 transmisit
3190 1337 3453 1390 fluvium.
3502 1337 3648 1391 Dum
3710 1346 3939 1396 autem

378 1446 499 1489 nes.
539 1431 676 1483 inihi
736 1431 1033 1482 dicentes:
1069 1427 1221 1481 Nihil
1284 1431 1446 1495 facis,
1502 1430 1702 1482 recede
1771 1429 1923 1483 hinc.
1978 1428 2093 1481 Re—
2199 1430 2807 1498 transnataret,potuit
2844 1436 3037 1497 pastOr
3070 1445 3131 1482 se
3154 1430 3509 1482 abscondere
3529 1429 3746 1483 alicubi
3774 1433 3941 1487 info-

376 1520 619 1588 spondet
652 1519 789 1571 mihi
820 1519 1016 1571 dicens
1050 1523 1288 1571 sanctus
1324 1518 1486 1571 Pater
1521 1518 1801 1572 Macarius
1838 1519 1975 1571 :Dic
2027 1526 2088 1573 tu
2198 1522 2383 1574 diens.
2420 1522 2561 1574 Cum
2607 1537 2743 1590 ergo
2776 1521 2947 1589 Moysi
2980 1526 3228 1587 coeptum
3266 1536 3377 1572 non
3402 1524 3940 1588 successissel,oc-

374 1609 489 1661 tuis
520 1607 1015 1675 cogitationibus:
1054 1609 1291 1677 Propter
1347 1607 1642 1661 Christum
1694 1609 1955 1663 custodio
1990 1627 2087 1679 pa-
2197 1611 2333 1663 cisis
2364 1620 2615 1680 quatuor
2670 1610 2911 1679 egregiis
2969 1609 3270 1672 arietibus,
3303 1616 3359 1662 et
3410 1610 3540 1661 fune
3596 1609 3929 1680 colligatis,

374 1698 562 1751 rietes.
2196 1698 2387 1752 Niluiii
2425 1716 2625 1752 rursus
2660 1702 2900 1752 tranavit
2932 1722 2945 1762 ;
2978 1705 3033 1752 et
3067 1714 3196 1751 cum
3233 1699 3289 1751 in
3324 1714 3553 1767 parvam
3589 1702 3927 1769 quamdam

443 1786 591 1851 llaec,
627 1804 659 1841 ο
683 1788 935 1841 studiose
994 1793 1052 1843 et
1106 1789 1507 1842 amantissime
1566 1788 1776 1842 Christi
1805 1804 1984 1854 serve,
2020 1806 2087 1845 ex
2195 1788 2391 1842 villam
2424 1789 2697 1853 venisset,
2724 1786 3032 1841 excoriavit
3064 1787 3308 1852 arietes;
3335 1793 3388 1839 et
3418 1804 3551 1841 cum
3587 1805 3715 1858 quae
3746 1797 3929 1845 erant

370 1877 566 1931 multis
598 1882 653 1930 et
710 1877 937 1937 magnis
987 1879 1171 1950 signis
1229 1886 1287 1931 et
1343 1879 1763 1933 certaminibus
1795 1878 1996 1951 inclyti
2028 1887 2085 1935 et
2192 1880 2381 1934 carnis
2405 1882 2621 1949 optima
2652 1878 3019 1942 comedisset,
3053 1883 3108 1931 et
3150 1877 3325 1947 pelles
3387 1894 3487 1947 pro
3530 1878 3663 1932 vino
3696 1881 3919 1933 vendi-

366 1968 579 2023 virtute
609 1969 827 2039 praediti
866 1969 1099 2024 Macarii
1132 1970 1473 2039 signiﬁcavi.
2112 2002 2158 2067 Β
2190 1970 2391 2035 disset,
2443 1985 2575 2021 cum
2636 1968 2845 2021 saltem
2908 1966 3237 2021 Italicorum
3306 1966 3538 2021 circiter
3584 1970 3919 2025 oetodecim

433 2059 535 2115 Hic
568 2059 855 2114 Macarius
886 2060 1052 2115 nobis
1082 2061 1334 2114 narravit
1389 2060 1532 2128 (erat
1563 2058 1715 2112 enim
1752 2059 2079 2130 presbyter)
2115 2056 2157 2067 “’
2189 2061 2299 2133 (55)
2338 2060 2631 2127 ebibisset,
2658 2058 2816 2111 illinc
2874 2058 2940 2111 ad
3002 2056 3427 2127 quinquaginta
3488 2056 3765 2113 milliaria
3824 2066 3918 2115 est

362 2166 426 2204 se
455 2150 793 2205 observasse
843 2157 1101 2221 tempore
1158 2150 1586 2205 communionis
1644 2151 1853 2205 Christi
1886 2167 2072 2204 sacra-
2190 2150 2505 2219 profectus,
2539 2148 2633 2202 ubi
2667 2147 2920 2201 habebat
2944 2147 3278 2217 collegium.

364 2244 718 2307 mentorum,
752 2256 811 2293 se
869 2239 1060 2295 Marco
1106 2242 1467 2295 exercitatori
1514 2255 1803 2310 nunquam
1848 2241 2078 2296 dedisse
2258 2238 2358 2293 Hic
2395 2238 2659 2307 princeps
2719 2238 3007 2290 latronum
3061 2252 3188 2290 sero
3244 2237 3478 2290 tandem
3534 2252 3670 2292 casu
3705 2238 3913 2310 aliquo

362 2327 734 2395 oblationem,
769 2333 865 2384 sed
917 2330 965 2385 ei
1018 2330 1289 2401 angelum
1339 2330 1568 2385 dedisse
1598 2347 1666 2384 ex
1717 2347 1846 2396 ara;
1882 2331 2074 2386 solum
2183 2330 2281 2399 qui
2314 2332 2362 2383 ei
2414 2329 2699 2383 acciderat
2752 2331 3157 2395 compunctus,
3201 2325 3441 2380 tradidit
3491 2328 3748 2397 seipsum
3784 2347 3912 2385 mo-

362 2427 550 2473 autem
592 2435 653 2474 se
685 2419 899 2475 vidisse
932 2421 1180 2491 digitum
1210 2437 1418 2475 manus
1450 2422 1577 2493 ejus
1610 2421 1705 2491 qui
1739 2420 1930 2475 dabat.

1016 2527 1244 2583 CtPU'I‘
1283 2529 1430 2585 XXI.

861 2626 973 2679 Vita
995 2627 1206 2680 abbatis
1239 2628 1403 2681 Marci
1429 2630 1564 2697 (53).

428 2732 567 2785 Cum
596 2738 750 2786 esset
783 2738 972 2785 autern
1021 2732 1115 2785 hic
1166 2733 1394 2786 Marcus
1432 2735 1653 2802 junior,
1689 2736 1916 2790 dicebat
1950 2755 2065 2794 me-

357 2823 591 2877 moriter
622 2820 796 2875 Vetus
813 2828 867 2874 et
898 2820 1117 2874 Novum
1143 2822 1609 2890 Testamentum,
1635 2830 1874 2893 eratque
1927 2829 2070 2881 insi-

354 2916 543 2983 gniter
576 2912 733 2966 mitis
766 2916 821 2964 et
853 2926 1077 2964 summe
1104 2916 1456 2979 temperans.
1504 2912 1759 2975 Quodam
1812 2933 1947 2984 ergo
1982 2920 2071 2971 die

353 3018 482 3056 cum
518 3000 660 3055 satis
683 3002 780 3055 otii
811 3000 1080 3055 haberem
1110 3002 1165 3055 in
1220 3000 1365 3056 cella
1402 3020 1546 3057 mea.
1582 3004 1640 3057 in
1666 3009 2067 3075 extremajam

351 3095 476 3160 ejus
524 3102 819 3147 senectute
868 3093 937 3146 ad
992 3109 1122 3147 eum
1177 3092 1361 3160 venio,
1398 3100 1454 3147 et
1511 3096 1660 3149 ostio
1721 3097 1849 3166 ejus
1909 3082 2066 3153 ce’llm

348 3181 593 3237 assideo.
627 3183 807 3244 Quem
848 3198 973 3252 ego,
1010 3187 1207 3251 utpote
1257 3182 1354 3251 qui
1406 3199 1591 3238 essem
1655 3186 1844 3241 adhuc
1879 3190 2062 3254 rudis,

346 3273 747 3326 existimabam
780 3288 907 3326 esse
937 3288 1113 3341 supra
1146 3272 1465 3337 hominem,
1492 3275 1642 3329 sicut
1690 3284 1848 3339 erat;
1884 3285 1939 3333 et
1963 3298 2067 3334 au-

350 3360 672 3415 scultaham
692 3362 973 3431 quidnam
1010 3362 1225 3415 diceret
1273 3363 1359 3416 vel
1405 3365 1632 3418 faceret.
1671 3366 1721 3419 Is
1746 3378 1931 3422 autem
1968 3372 2062 3422 in-
2094 3376 2136 3443 ρ

349 3457 443 3501 tus
476 3449 656 3514 solus,
689 3466 821 3501 cum
873 3451 997 3517 jam
1044 3458 1278 3503 centum
1332 3469 1516 3506 annos
1576 3458 1977 3527 transegisset,
2011 3469 2068 3512 et

348 3538 547 3592 dentes
580 3538 1116 3597 amisisset,secum
1178 3540 1470 3609 pugnabat
1514 3548 1566 3595 et
1619 3560 1746 3597 cum
1808 3547 2059 3613 diabolo,

347 3632 403 3678 et
434 3626 702 3677 dicebat:
737 3624 881 3687 Quid
918 3624 1002 3678 vis
1034 3626 1327 3693 deinceps,
1361 3627 1655 3701 κακὸγηρε,
1691 3633 1741 3685 id
1785 3639 1890 3699 est,
1918 3637 2063 3690 male

345 3714 569 3772 senex?
606 3716 891 3784 Eccejam
922 3718 1188 3770 etvinum
1218 3718 1439 3786 bibisti,
1474 3727 1527 3773 et
1570 3722 1759 3777 oleum
1799 3726 2060 3795 tetigisti.

346 3808 493 3871 Quid
529 3808 617 3861 vis
649 3807 919 3874 deinceps
952 3802 1281 3883 πολιόφαγε,
1320 3810 1372 3863 id
1407 3818 1515 3877 est,
1540 3828 1709 3867 vorax
1736 3815 1790 3868 in
1829 3818 2060 3884 canitie,

346 3903 402 3954 et
430 3891 803 3963 κοιλιόδουλε,
838 3897 893 3951 id
939 3904 1047 3963 est,
1082 3902 1263 3952 ventri
1300 3903 1574 3969 serviens,
1612 3906 1819 3974 probro
1850 3914 1905 3961 et
1933 3925 2063 3963 con-

347 3987 592 4043 tumelia
627 3998 678 4040 te
712 3990 899 4056 ipsum
932 3987 1318 4042 afficiens?Et
1348 3991 1577 4045 diabolo
1602 3995 1823 4050 dicens:
1846 3998 2062 4053 Recede

349 4094 381 4131 a
415 4094 523 4141 me,
558 4075 806 4143 diabole,
842 4076 1194 4131 conseniiisti
1233 4094 1455 4133 mecum
1493 4083 1547 4135 in
1574 4084 2060 4157 dissensionibus,

347 4166 597 4235 injecisti
634 4166 773 4219 mihi
828 4166 1281 4221 imbecillitatem
1325 4170 1601 4238 corporis,
1638 4175 1816 4228 fecisti
1854 4195 1943 4232 me
1978 4181 2064 4231 bi-

346 4256 481 4309 bere
511 4257 732 4318 vinum,
762 4260 818 4310 et
864 4272 1097 4311 sumere
1146 4258 1357 4323 oleum,
1398 4275 1482 4313 me
1529 4264 1772 4317 reddens
1804 4266 2059 4336 volupta-

348 4350 519 4399 rium.
557 4344 835 4399 Adliucne
894 4347 997 4400 tibi
1049 4347 1269 4417 aliquid
1334 4349 1757 4423 debeo?Apud
1802 4360 2061 4415 menihil

346 4434 573 4486 invenis
597 4434 750 4503 quod
786 4433 924 4488 velis
979 4435 1247 4505 diripere.
1284 4439 1504 4494 Recede
1547 4458 1579 4495 a
1628 4458 1715 4495 me
1766 4444 2059 4516 deinceps,

346 4522 581 4577 inimice
613 4522 940 4579 hominum.
974 4530 1054 4580 Ac
1077 4525 1251 4579 veluti
1276 4543 1336 4581 se
1363 4546 1678 4593 provocans
1711 4539 1766 4587 et
1800 4535 2061 4603 irritans,

346 4630 543 4669 secum
606 4613 967 4685 loquebatur,
1031 4617 1318 4671 dicendo:
1356 4621 1668 4690 Abesdum,
1701 4641 1732 4678 ο
1790 4634 2060 4697 nugator,

344 4704 402 4758 in
435 4704 647 4760 canitie
678 4712 926 4775 vorator,
962 4713 1018 4762 et
1075 4707 1271 4763 helluo
1334 4709 1392 4764 in
1436 4718 1754 4769 senectute.
1790 4716 2057 4779 Quaiidiu

346 4809 442 4849 ero
465 4801 654 4851 tecum
682 4797 710 4851 ?

968 4898 1201 4954 CAPUT
1256 4900 1425 4955 XXII.

494 4984 611 5037 Vita
635 4985 841 5039 abbatis
870 4989 1213 5060 .lloysz'~(34),
1236 4994 1332 5061 qui
1360 4993 1473 5061 fuit
1496 5010 1564 5048 ex
1596 4996 1914 5051 latronibus.

424 5091 554 5146 Fuit
584 5092 819 5162 quidam
856 5096 1077 5165 Moyses
1110 5103 1363 5169 nomine,
1400 5102 1657 5173 Ethiops
1710 5122 1937 5175 genere,
1973 5109 2060 5164 ni-

348 5200 468 5257 ger,
488 5185 1014 5251 servuscujusdam
1033 5189 1131 5257 qui
1150 5190 1381 5251 gerebat
1406 5194 1822 5261 rempublicam
1849 5214 1862 5261 ;
1888 5215 2059 5268 quem

347 5285 581 5349 propter
625 5289 853 5327 morum
906 5274 1329 5341 improbitatem
1384 5288 1439 5337 et
1496 5282 1782 5339 latrocinii
1840 5289 2058 5345 crimen

346 5366 587 5436 projecit
614 5364 742 5433 ejus
776 5361 1069 5418 dominus.
1106 5364 1413 5423 Dicebatur
1469 5372 1615 5426 enim
1678 5376 1849 5431 etiam
1880 5393 2061 5441 usque

347 5458 414 5510 ad
470 5457 672 5523 caedes,
710 5455 1014 5527 progredi;
1049 5472 1223 5527 cogor
1279 5462 1433 5515 enim
1486 5463 1673 5519 dicere
1732 5467 1881 5522 facta
1936 5470 2061 5539 ejus

348 5544 749 5609 improbitatis,
786 5552 847 5599 ut
897 5550 1089 5613 postea
1149 5547 1450 5603 ostendam
1488 5553 1755 5608 virtutem
1790 5558 1917 5625 ejus
1949 5576 2061 5626 pm-

350 5633 628 5688 nitentias.
676 5634 997 5691 Narrarunt
1054 5652 1186 5708 ergo
1246 5639 1424 5710 aliqui
1487 5656 1616 5695 eum
1655 5645 1827 5701 fuisse
1862 5650 2059 5717 priete-

350 5734 504 5779 ctum
561 5740 779 5795 magna:
830 5734 1073 5785 catervae
1119 5728 1424 5787 latronum.
1451 5732 1631 5801 Cujus
1680 5735 1825 5791 inter
1856 5746 2059 5796 caetera

350 5816 719 5876 atrocinandi
771 5834 945 5890 Opera
997 5820 1105 5881 hoc
1164 5839 1395 5896 quoque
1446 5824 1647 5891 fertur,
1704 5830 1857 5897 quod
1906 5828 2054 5887 inle-

2185 2418 2477 2485 nasterio;
2514 2423 2569 2471 et
2592 2419 2659 2470 ad
2693 2423 2904 2470 tantam
2945 2415 3226 2486 processit
3261 2418 3679 2484 paenitentiam,
3715 2437 3905 2490 quan-

2185 2516 2299 2563 tam
2338 2525 2422 2561 res
2456 2509 2595 2577 ipsae
2628 2507 2981 2560 indicarunt.
3010 2506 3163 2559 Inter
3193 2514 3400 2560 caetera
3438 2514 3631 2561 autem
3658 2511 3899 2577 dicitur,

2188 2598 2343 2670 quod
2376 2616 2505 2652 cum
2532 2598 3051 2669 quatuorlatrones
3082 2596 3142 2648 in
3175 2612 3306 2649 cum
3339 2596 3396 2649 in
3432 2599 3574 2651 cella
3595 2602 3901 2659 sedentem

2188 2689 2518 2751 irruissent,
2581 2687 2907 2753 ignorantes
2989 2702 3121 2739 eum
3182 2702 3310 2739 esse
3358 2685 3618 2753 Moysem,
3681 2689 3897 2750 beatus

2183 2783 2403 2850 Moyses
2435 2795 2533 2832 eos
2556 2784 2827 2847 tanquaiii
2855 2792 3085 2830 saccum
3116 2776 3289 2847 paleis
3310 2777 3515 2837 ligatos,
3535 2782 3587 2829 et
3616 2778 3885 2838 humeris

2181 2870 2480 2937 imposuit,
2506 2878 2555 2923 et
2616 2870 2684 2922 ad
2747 2870 2990 2923 fratrum
3028 2868 3272 2935 portavit
3301 2869 3611 2932 ecclesiam,
3641 2870 3874 2927 dicens:

2180 2960 2462 3021 Quoniam
2492 2975 2603 3013 non
2640 2958 2771 3011 licet
2806 2958 2949 3010 mihi
3008 2958 3177 3012 alicui
3241 2960 3423 3011 facere
3477 2959 3885 3028 injuriain,in-

2183 3050 2305 3102 veni
2341 3058 2532 3103 autem
2577 3065 2673 3101 eos
2709 3064 2799 3101 me
2858 3064 3192 3117 aggressus,
3226 3050 3365 3119 quid
3419 3049 3487 3102 de
3546 3050 3615 3103 iis
3666 3051 3888 3117 jubetis

2180 3139 2300 3193 tleri
2327 3138 2352 3192 ?
2383 3138 2497 3192 Hoc
2528 3139 2695 3191 modo
2730 3144 2920 3191 autem
2956 3138 3355 3206 comprehensi
3388 3156 3417 3190 a
3441 3146 3642 3194 sancto
3674 3139 3882 3211 Moyse,

2180 3234 2292 3282 Deo
2363 3227 2609 3281 confessi
2670 3232 2826 3280 sunt.
2864 3226 3088 3280 Etcum
3140 3230 3552 3297 cognovissent
3598 3246 3731 3283 eum
3762 3244 3890 3283 esse

2181 3321 2429 3387 Moysein
2458 3317 2554 3386 qui
2590 3316 2697 3369 fuit
2727 3316 3047 3385 aliquando
3084 3316 3329 3389 insignis
3383 3317 3653 3388 princeps
3712 3318 3889 3372 latro-

2175 3424 2335 3473 num,
2368 3406 2655 3460 Christum
2690 3421 2755 3459 eo
2805 3406 3035 3461 nomine
3077 3406 3487 3476 glorificantes,
3522 3408 3606 3461 illi
3664 3424 3890 3479 quoque

2176 3498 2391 3550 mundo
2438 3495 2837 3549 renuntiarunt
2897 3502 3124 3565 prepter
3182 3499 3312 3564 ejus
3380 3498 3889 3567 pcsnitentiam.et

2175 3591 2487 3640 evaserunt
2536 3586 2804 3640 monachi
2868 3586 3287 3655 probatissimi,
3313 3588 3397 3642 sic
3429 3590 3752 3655 cogitantes
3786 3606 3798 3643 :
3833 3589 3886 3643 Si

2174 3677 2266 3731 hic
2292 3678 2389 3746 qui
2423 3682 2652 3729 tantum
2686 3676 2907 3731 valebat
2964 3676 3205 3730 virtibus
3264 3678 3565 3731 latrocinia
3603 3682 3761 3748 parvi
3800 3680 3887 3732 fa-

2173 3767 2356 3831 ciens,
2391 3767 2474 3819 sic
2507 3767 2681 3819 Deum
2716 3769 2881 3821 timet
2915 3767 3089 3837 ;quid
3132 3783 3239 3821 nos
3274 3766 3462 3821 adhuc
3494 3782 3751 3822 nostram
3795 3785 3884 3823 sa-

2173 3855 2349 3908 lutem
2375 3854 2749 3910 dilferimus?

2250 3949 2483 3999 Beatum
2521 3952 2713 3999 autem
2750 3946 3000 4017 Moysem
3058 3945 3161 4016 (sic
3183 3947 3338 4000 enim
3369 3953 3596 4016 oportet
3626 3964 3759 4003 eum
3794 3965 3882 4004 vo-

2174 4044 2327 4099 care)
2360 4036 2629 4105 deinceps
2659 4036 2844 4089 adorti
2877 4043 3015 4091 sunt
3045 4038 3357 4106 daamones,
3392 4041 3462 4091 ad
3499 4039 3882 4095 fornicatoriaa

2176 4125 2635 4193 intemperantia:
2668 4124 3027 4191 impellentes
3060 4142 3189 4179 eum
3236 4129 3717 4183 consuetudinem
3746 4148 3759 4195 ;
3785 4132 3884 4202 qui

2175 4229 2365 4283 usque
2397 4217 2534 4267 adeo
2566 4217 2636 4266 ab
2669 4214 2809 4283 ipsis
2844 4215 2951 4267 fuit
2981 4220 3255 4283 tentatus,
3287 4217 3433 4269 sicut
3470 4222 3591 4287 ipse
3609 4223 3883 4286 narravit,

2176 4308 2239 4357 ut
2274 4318 2475 4369 parum
2508 4302 2755 4357 abfuerit
2783 4302 2922 4371 quin
2955 4319 3083 4357 eum
3110 4305 3181 4357 ab
3212 4305 3479 4359 instituto
3501 4308 3879 4367 dimoverent.

2174 4392 2316 4446 Cum
2350 4397 2542 4446 autem
2603 4393 2943 4447 accessisset
2999 4395 3068 4447 ad
3132 4410 3410 4465 magnum
3442 4396 3752 4463 lsidorum,
3783 4400 3879 4469 qui

2174 4484 2411 4537 sedebat
2444 4484 2496 4535 in
2523 4483 2705 4549 Scete,
2741 4484 2908 4537 tertio
2942 4484 3014 4539 ad
3045 4501 3176 4540 eum
3229 4487 3427 4540 retulit
3458 4489 3525 4541 de
3578 4487 3724 4542 bello
3764 4492 3879 4543 for-

2175 4571 2492 4625 nicationis.
2546 4571 2645 4625 Cui
2705 4573 2998 4639 respondit
3047 4581 3321 4629 sanctus:
3358 4574 3434 4629 Ne
3488 4576 3876 4642 cooturberis,

2176 4679 2206 4716 o
2243 4665 2450 4727 l'rater;
2484 4666 2622 4715 sunt
2670 4660 2970 4731 principia,
3005 4669 3060 4715 et
3109 4663 3238 4718 ideo
3290 4669 3342 4718 te
3363 4664 3747 4717 vehementius
3780 4666 3871 4719 in-

2093 4756 2138 4819 D
2172 4759 2465 4820 vaserunt,
2500 4753 2748 4822 priorem
2786 4754 3153 4823 requirentes
3200 4754 3695 4811 consuetudinem.
3718 4758 3871 4810 Sicut

2172 4843 2322 4895 enim
2358 4842 2518 4895 canis
2542 4858 2673 4896 cum
2707 4843 3019 4897 assueverit
3052 4844 3107 4897 in
3152 4845 3394 4900 macello
3428 4862 3636 4917 pernas
3661 4848 3867 4913 rodere,

2173 4948 2287 4985 non
2322 4932 2536 4986 recedit
2568 4949 2600 4986 a
2640 4933 3097 5001 consuetudine;
3132 4937 3227 4990 sed
3290 4935 3338 4990 si
3396 4938 3570 4991 fuerit
3618 4937 3873 4992 clausum

2174 5021 2507 5089 macellum,
2541 5031 2585 5076 el
2656 5040 2824 5077 nemo
2879 5024 2929 5079 ei
2989 5023 3234 5093 dederit,
3276 5026 3423 5080 fame
3482 5032 3721 5082 enectus
3770 5044 3877 5083 non

2172 5111 2427 5180 amplius
2460 5112 2718 5179 accedit;
2754 5113 2836 5167 sic
2877 5121 2930 5166 tu
2994 5130 3242 5184 quoque,
3280 5117 3326 5171 si
3376 5117 3769 5186 permanseris
3823 5118 3874 5172 in

2171 5207 2284 5255 tuae
2342 5202 2707 5257 continentiae
2759 5204 3185 5270 exercitatione,
3222 5206 3581 5261 mortificans
3623 5209 3881 5263 membra

2172 5296 2272 5345 tua
2303 5308 2425 5361 qua:
2484 5300 2618 5346 sunt
2676 5308 2851 5361 supra
2900 5297 3109 5348 terram
3170 5294 3537 5366 (00’053.11l),
3570 5300 3627 5351 et
3685 5298 3880 5351 exclu-

2172 5383 2313 5436 dens
2344 5380 2414 5434 ab
2446 5382 2703 5447 ingressu
2765 5381 3078 5451 ingluviem
3113 5400 3234 5453 qua:
3278 5386 3427 5455 patri
3490 5384 3881 5457 intemperan-

2172 5472 2332 5533 tiam,
2367 5486 2517 5541 agre
2559 5472 2746 5525 l'erens
2777 5471 3023 5540 daemon,
3050 5477 3111 5527 ut
3160 5473 3257 5542 qui
3321 5474 3482 5529 cibos
3525 5491 3642 5529 non
3676 5475 3885 5531 habeat

2170 5560 2697 5631 qiiiaccendant,a
2742 5565 2794 5612 te
2846 5562 3088 5616 recedet.
3149 5566 3292 5617 Cum
3351 5578 3487 5633 ergo
3539 5566 3886 5619 secessisset

2168 5650 2379 5705 Christi
2441 5666 2642 5703 servus
2667 5648 2907 5721 Moyses,
2938 5656 2995 5704 et
3024 5652 3096 5705 ab
3149 5652 3249 5707 illa
3310 5652 3452 5707 hora
3508 5655 3763 5724 seipsum
3794 5655 3886 5708 in-

2168 5741 2437 5795 clusisset
2477 5741 2535 5795 in
2594 5739 2755 5807 cella,
2791 5741 3043 5797 maxima
3102 5742 3158 5796 in
3193 5745 3468 5797 omnibus
3498 5745 3886 5799 exercebatur

2166 5829 2495 5902 tolerantia,
2542 5831 2792 5889 maxime
2840 5835 3037 5889 autem
3088 5832 3149 5889 in
3206 5832 3561 5892 abstinentia
3617 5850 3652 5889 a
3708 5835 3883 5903 cibis,
