4076 6280
278 289 433 356 1065

1569 289 1937 353 HISTORIA
1984 291 2360 354 LAUSIACA
2375 333 2390 350 .

3525 280 3684 350 {066

275 422 396 484 'e'1oc
437 422 579 498 ἔχων
612 420 702 498 ἀφ’
732 421 794 475 οῦ
827 416 1123 498 ἐϐαπτίσθη
1155 465 1163 476 .
1197 422 1596 495 Τεσσαράκοντα
1640 424 1744 498 γὰρ
1787 421 1919 478 ἐτῶν
1953 427 1999 492 Α
2031 424 2284 489 ἀπιόντα,
2313 417 2448 492 μετά
2476 419 2582 474 τῶν
2634 424 2732 486 τῆς
2781 418 3020 489 ποίμνης
3066 423 3237 473 κυνῶν
3283 417 3334 473 ἐν
3393 419 3579 498 νυκτί·
3621 422 3682 475 ὃν

279 497 606 578 ἐτύγχανεν,
663 497 754 556 ὅτε
811 497 1110 571 ἐϐαπτίσθη
1172 503 1199 556 6
1245 503 1468 576 γνήσιος
1535 497 1919 576 τοῦνΧριστοῦ

280 582 498 646 δοῦλος.
530 584 615 637 καὶ
663 581 924 642 ἀθάνατος
958 583 1234 654 Μακάριος
1261 628 1273 640 .

350 670 446 719 Ἦν
487 662 542 718 δὲ
589 663 648 717 τὸ
700 659 841 725 εἶδος
904 665 1176 732 ἀηττήτου
1235 665 1479 732 ἂθλητοῦ
1536 669 1632 718 τοῦ
1688 666 1922 727 Χριστοῦ

278 746 560 817 Μακαρίου
592 748 840 799 τοιοῦτον
873 750 970 812 τῆς
1000 744 1222 810 ἡλικίας
1249 788 1260 799 .
1313 750 1402 798 Δεῖ
1437 766 1501 816 με
1529 746 1630 819 γάρ
1679 744 1767 798 καί
1800 745 1922 814 περὶ

277 825 471 879 τούτου
530 823 766 896 σημᾶναί
827 844 934 893 σοι,
998 821 1159 878 δοῦλε
1216 828 1311 879 τοῦ
1365 829 1622 897 Χριστοῦ,
1682 820 1922 886 ἀκριϐῶς

280 906 415 975 ἐμοῦ
439 910 630 959 τοῦτον
665 903 1049 978 γινώσκοντος,
1083 905 1156 966 ὡς
1189 901 1279 959 ἅτε
1316 907 1405 959 καὶ
1443 907 1557 976 μετ’
1609 905 1773 958 αὐτοῦ
1821 907 1920 971 τήν

279 984 416 1056 ἐμήν
452 987 775 1062 βραχύτητα
796 989 1231 1059 συγχρονίσασαν
1258 1006 1269 1017 ·
1305 989 1325 1006 '
1346 993 1420 1042 Ην
1455 986 1545 1040 οῦν
1571 987 1634 1040 τὸ
1659 983 1801 1047 εἶδος
1821 993 1920 1052 τῆς

278 1065 501 1134 ἡλικίας
553 1066 714 1118 αὐτοῦ
751 1062 1118 1133 ὑποκολοϐὸν,
1169 1068 1388 1130 σπανὸν,
1436 1065 1523 1119 ἐπὶ
1553 1070 1650 1119 τοῦ
1700 1065 1920 1139 χείλους

281 1147 445 1218 μόνον
475 1144 604 1220 ἔχον
633 1146 828 1221 τρίχας
855 1165 866 1177 ·
915 1147 1002 1200 καὶ
1048 1146 1125 1208 εἰς
1164 1149 1225 1201 τὸ
1259 1147 1420 1222 ἄκρον
1471 1143 1526 1201 δὲ
1571 1150 1668 1201 τοῦ
1717 1145 1922 1219 γενείου

284 1227 432 1301 εἶχεν
465 1227 656 1300 ὀλίγας
685 1270 698 1282 .
751 1223 1056 1298 Ὑπερϐολῇ
1101 1229 1204 1302 γὰρ
1233 1229 1414 1282 πόνων
1466 1228 1746 1296 ἀσκήσεως
1801 1224 1927 1280 οὐδὲ

278 1310 330 1362 αἱ
360 1309 548 1382 τρίχες
579 1316 677 1376 τῆς
705 1309 978 1382 γενειάδος
1022 1311 1186 1363 αὐτοῦ
1219 1310 1489 1388 ἐξέφυσαν.

346 1389 537 1462 Τούτῳ
566 1391 644 1458 τῷ
675 1390 818 1462 ἁγίῳ
851 1389 960 1462 ἐγὼ
1009 1389 1328 1462 προσῆλθον
1378 1396 1476 1464 μιᾷ
1522 1395 1630 1446 τῶν
1673 1391 1920 1461 ἡμερῶν,

277 1468 455 1542 λέγων
486 1471 654 1542 αὐτῷ.
689 1470 738 1523 ἐν
774 1467 972 1542 ἀκηδίᾳ
1006 1492 1109 1542 μου
1142 1471 1348 1550 σφόδρα
1381 1471 1660 1544 διάγοντος
1686 1491 1698 1503 ·
1753 1467 1921 1526 Ἀϐϐα

277 1551 539 1625 Μακάριε,
579 1553 631 1605 τί
663 1555 902 1619 ποιήσω,
936 1553 1020 1607 ὅτι
1049 1550 1306 1606 θλίϐουσί
1351 1573 1417 1625 με
1451 1555 1501 1606 οἰ
1534 1552 1792 1625 λογισμοὶ
1827 1550 1921 1604 λέ-

276 1633 459 1706 γοντές
492 1652 606 1702 μοι,
641 1632 724 1686 ὅτι
755 1630 920 1688 Ούδὶν
952 1638 1150 1700 ποιεῖς,
1193 1631 1394 1687 ἄπελθε
1419 1632 1654 1686 ἐντεῦθεν
1682 1651 1694 1698 ;
1745 1631 1925 1684 Ἀπο-

275 1711 512 1785 κρίνεταί
549 1731 641 1784 μοι
665 1710 838 1786 λέγων
860 1715 887 1767 6
909 1715 1057 1788 ἅγιος
1085 1716 1270 1784 Πατὴρ
1294 1713 1571 1786 Μακάριος
1597 1731 1609 1744 ·
1636 1711 1800 1766 Εῗπόν
1828 1732 1921 1765 σου

2030 503 2341 558 ἀποκτεῖναι
2393 500 2628 569 θελήσας
2673 501 3004 571 περιενόστει
3054 499 3145 554 τὸν
3191 499 3358 553 τόπον
3406 497 3530 555 ἔνθα
3575 503 3676 568 τήν

2032 585 2215 638 στάσιν
2249 583 2388 656 ετχεν
2417 583 2514 638 τὴν
2547 586 2653 633 τῶν
2687 576 2976 651 προϐάτων
3011 625 3024 635 .
3075 579 3356 650 Ἐμηνύθη
3393 578 3484 633 οῦν
3535 578 3683 651 αότῷ

2031 663 2112 718 ὅτι
2172 666 2334 734 πέραν
2391 666 2488 716 τοῦ
2548 661 2745 714 Νείλου
2800 662 2940 714 ἐστιν
2977 679 2988 692 ⁸
3035 662 3121 713 καὶ
3174 661 3309 714 κατά
3355 662 3444 715 τὸν
3494 663 3679 731 καιρὸν

2033 744 2234 804 ἐκεῖνος
2266 742 2733 816 πλημμυροῦντος
2763 745 2859 795 τοῦ
2901 742 3173 809 ποταμοῦ,
3207 741 3294 794 καὶ
3345 746 3681 815 κρατοῦντος

2033 825 2119 880 ἐπὶ
2149 825 2204 879 ἓν
2239 829 2464 896 σημεῖον
2505 828 2583 893 τῷ
2628 821 2845 888 πλάτει,
2888 820 3064 875 δακὼν
3112 824 3210 878 τῆν
3258 827 3530 895 μάχαιραν
3583 823 3681 876 αύ-

2030 911 2126 960 τοῦ
2160 905 2208 959 ἐν
2250 910 2329 974 τῷ
2360 907 2588 975 στόματι
2638 903 2727 956 καὶ
2758 904 2850 956 τὸν
2896 902 3240 979 χιτωνίσκον,
3295 903 3354 956 ὃν
3384 900 3680 969 ἐνεδέδυτο,

2032 986 2252 1046 ἐπιθεές,
2284 988 2351 1055 τῇ
2385 985 2577 1038 ἐαυτοῦ
2609 983 2842 1059 κεφαλῇ,
2877 981 3186 1053 διεπέρασεν
3237 981 3408 1043 οὕτως
3458 980 3684 1051 κολυμ-

2033 1063 2204 1128 ϐήσας
2235 1068 2326 1120 τὸν
2358 1066 2607 1136 ποταμόν
2633 1110 2645 1121 .
2686 1058 2783 1120 γἘν
2811 1069 2891 1133 τῷ
2929 1069 3123 1118 τοῦτον
3164 1061 3256 1117 οῦν
3305 1058 3682 1134 διακολυμϐᾇν

2030 1153 2275 1224 ἠδυνήθη
2320 1153 2498 1208 λαθεῖν
2532 1155 2558 1207 6
2591 1153 2825 1226 ποιμήν,
2878 1153 2954 1212 εἰς
2996 1153 3224 1228 κρύφιον
3274 1151 3462 1206 ἐαυτὸν
3512 1173 3680 1207 κατα-

2031 1237 2256 1310 χώσας.
2312 1234 2640 1307 ’Λποτυχὼν
2691 1231 2864 1291 οὕτως
2904 1234 3138 1292 Μωυσῆς
3190 1235 3288 1285 τοῦ
3338 1229 3682 1306 ἐγχειρήμα-

2029 1336 2143 1384 τος,
2184 1316 2309 1376 τοὺς
2358 1313 2405 1382 ἐξ
2457 1313 2726 1384 ἐπιλογῆς
2775 1312 3036 1382 τέσσαρας
3084 1332 3272 1384 κριους
3321 1315 3542 1387 σφάξας,
3592 1311 3682 1364 καὶ

2032 1393 2202 1461 δήσας
2235 1392 2510 1464 σειράδην,
2544 1387 2923 1461 ἐκολύμϐησεν
2963 1389 3115 1453 αῦΟίς
3153 1391 3244 1443 τὸν
3297 1389 3528 1444 Νεῖλον.
3585 1390 3680 1444 Καὶ

2031 1475 2204 1530 ἐλθὼν
2239 1474 2314 1535 εἰς
2352 1474 2546 1545 μικρὸν
2577 1471 2848 1536 ἐναύλίον,
2881 1470 3130 1545 ἀπέδειρε
3158 1472 3284 1532 τοὺς
3318 1470 3503 1543 κριούς
3537 1515 3551 1528 .
3585 1471 3680 1525 Καὶ

2032 1556 2222 1633 φαγὼν
2247 1555 2315 1608 τὰ
2340 1553 2609 1609 κάλλιστα
2638 1559 2745 1608 τῶν
2774 1558 2968 1624 κρεῶν,
2999 1554 3084 1606 καὶ
3113 1553 3187 1614 εἰς
3222 1552 3366 1605 οἰνον
3397 1550 3684 1620 διαπωλή-

2033 1630 2130 1697 σας
2158 1638 2224 1691 τά
2268 1635 2464 1704 κώδια,
2506 1635 2695 1703 σαΐτην
2737 1635 2878 1689 πιὼν
2929 1635 3002 1695 ὡς
3053 1633 3336 1688 Ἰταλικῶν
3381 1630 3681 1702 δεκαοκτὼ,

2032 1719 2364 1788 πεντήκοντα
2397 1723 2598 1789 σημεῖα
2629 1714 2896 1783 ἂπῆλθεν,
2919 1716 3055 1768 ὅπου
3076 1717 3138 1770 τὸ
3161 1713 3463 1788 κολλήγιον
3491 1714 3638 1788 εἶχεν
3667 1756 3680 1770 .

276 1799 395 1879 10:4
419 1795 826 1879 λογισμοῖς.ᾅτι
851 1797 947 1850 Διά
967 1797 1056 1850 τὸν
1081 1796 1308 1879 Χριστδν
1328 1795 1458 1879 τοῦς
1477 1793 1704 1879 τοίχοτξς
1729 1797 1914 1879 τηρᾶζ-
1953 1804 1997 1869 Β
2105 1808 2280 1869 Οὗτος
2329 1805 2426 1879 ὀψέ
2467 1826 2598 1859 ποτε
2645 1808 2740 1859 τοῦ
2790 1808 2980 1878 καιροῦ
3012 1805 3039 1857 6
3069 1809 3316 1865 τοιοῦτος
3363 1802 3680 1879 λῃσταρχος

347 1875 523 1928 Ταῦτά
554 1895 660 1941 σοι,
696 1873 1018 1950 φιλόχριστε
1067 1875 1156 1930 καὶ
1189 1873 1503 1949 φιλομαθής
1552 1871 1712 1928 δοῦλε
1762 1875 1917 1941 Θεοῦ,

278 1953 338 2009 ἐκ
367 1950 595 2007 πολλῶν
621 1954 709 2007 καὶ
747 1952 997 2028 μεγαλων
1031 1954 1274 2024 σημείων
1317 1956 1406 2009 καὶ
1441 1952 1622 2008 ἄθλων
1673 1957 1774 2008 τοῦ
1806 1951 1926 2006 ἀοι-

277 2031 439 2106 δίμου
468 2033 558 2089 καὶ
591 2034 841 2107 ἐναρέτου
871 2033 1066 2109 ἀνδρὸς
1097 2035 1378 2109 Μακαρίου
1411 2034 1503 2104 ἐσή
1517 2055 1675 2106 μανα.

347 2120 515 2170 Τοῦτο
562 2117 625 2170 τὸ
679 2114 983 2190 παράδοξον
1022 2117 1050 2171 ὁ
1081 2119 1384 2190 θαυμασιος
1417 2113 1574 2176 οὗτος
1624 2115 1760 2186 ἀνὴρ
1808 2119 1926 2168 Μα-

276 2196 464 2270 κάριος
505 2197 639 2267 ἡμῖν
691 2194 992 2271 διηγήσατο
1042 2198 1130 2268 (ἦν
1189 2198 1292 2272 γάρ
1345 2199 1413 2268 τῇ
1461 2194 1780 2270 χειροτονίᾳ
1817 2198 1924 2247 τῶν

279 2275 591 2331 ἐπισκόπων
621 2273 1032 2351 πρεσϐύτερος),
1064 2276 1244 2349 λέγων
1271 2297 1283 2309 ·
1315 2276 1788 2348 Ἐπεσημηνάμην
1823 2273 1926 2347 ἐγὼ

277 2358 412 2410 κατά
443 2359 533 2410 τὸν
562 2359 748 2430 καιρὸν
779 2365 880 2424 τῆς
914 2355 1207 2418 διαδόσεως
1261 2362 1368 2412 τῶν
1418 2362 1515 2412 τοῦ
1559 2361 1792 2427 Χριστοῦ
1827 2377 1926 2426 μυ.

281 2437 516 2509 στηρίων
574 2437 657 2492 ὅτι
709 2438 972 2510 Μακαρίῳ
1029 2441 1107 2509 τῷ
1174 2437 1386 2510 ἀσκητῇ
1447 2435 1707 2492 οὐδέποτε
1765 2433 1927 2489 ἐδοκα

279 2516 384 2588 ἐγὼ
417 2519 748 2594 προσφορὰν,
789 2516 917 2571 ἀλλ’
949 2517 1179 2592 ἄγγελος
1208 2518 1352 2588 αὐτῷ
1384 2515 1628 2572 ἐπεδίδου
1677 2517 1784 2570 ἀπὸ
1830 2523 1926 2571 τοῦ

282 2593 667 2670 θυσιαστηρίου
691 2593 986 2669 λαμϐάνων
1017 2642 1027 2652 .
1065 2599 1242 2654 Μόνον
1267 2597 1322 2651 δὲ
1349 2601 1439 2651 τὸν
1463 2598 1803 2674 ἀστράγαλον
1827 2601 1927 2667 τῆς

283 2679 471 2756 χειρὸς
502 2677 768 2754 ἐθεώρουν
800 2684 896 2734 τοῦ
918 2677 1254 2742 ἐπιδιδόντος
1275 2680 1453 2752 τούτῳ
1473 2683 1571 2748 τὴν
1601 2681 1884 2735 κοινωνίαν
1913 2724 1925 2737 .

877 2774 1110 2824 ΚΕΦΑΛ
1135 2813 1148 2825 .
1194 2771 1294 2825 KA'
1316 2813 1328 2826 .

999 2859 1011 2876 ς
1130 2859 1140 2876 ρ

887 2863 1014 2930 Περι
1057 2866 1280 2931 Μαρκου
1307 2903 1320 2918 .

353 2945 572 3015 Μάρκος
606 2941 660 2998 δὲ
690 2945 845 3006 οὗτος
886 2947 1148 3017 νεώτερος
1197 2944 1269 3000 ὢν
1307 2946 1543 3002 Παλαιὰν
1586 2949 1676 3000 καὶ
1721 2949 1924 3014 Καινήν

285 3027 502 3101 Γραφὴν
533 3024 887 3093 ἀπεστήθισεν
917 3049 930 3060 -
977 3031 1150 3099 πρᾶος
1182 3025 1255 3079 ὢν
1302 3030 1417 3080 καθ’
1452 3023 1788 3098 ὑπερϐολὴν,
1823 3031 1928 3080 σώ-

284 3126 431 3182 φρων
463 3104 504 3158 ε’
539 3105 630 3158 καί
659 3125 740 3164 τις
789 3102 1004 3162 ἄλλος.
1059 3111 1171 3174 Μιᾷ
1219 3111 1325 3159 τῶν
1375 3108 1599 3176 ἡμερῶν
1648 3106 1930 3178 εὐκαιρού-

289 3207 446 3258 μενος
475 3184 585 3261 ἐγὼ
613 3184 688 3247 εἰς
717 3186 779 3238 τὸ
812 3183 1045 3259 ἔσχατον
1078 3188 1245 3240 αὐτοῦ
1286 3193 1461 3263 γῆρας
1512 3183 1707 3240 λοιπὸν
1759 3185 1913 3258 ἀπέρ-

284 3287 460 3340 χομαι
522 3267 657 3340 πρὸς
707 3264 889 3329 αὑτὸν,
936 3267 1024 3320 καὶ
1072 3269 1518 3340 παρακαθέζομαι
1560 3271 1627 3336 τῇ
1661 3266 1795 3340 θύρᾳ
1825 3271 1924 3330 τῆς

284 3346 493 3417 κέλλης
530 3345 716 3407 αὒτοῦ,
771 3347 843 3408 ὥς
904 3348 995 3400 ἅτε
1046 3347 1154 3419 ἐγὼ
1188 3349 1215 3402 6
1248 3349 1512 3422 ἀρχάριος
1561 3342 1633 3401 ὦν
1685 3348 1923 3417 νομίζων

284 3428 444 3482 αὐτὸν
479 3427 610 3495 ὑπὲρ
641 3425 946 3498 ἄνθρωπον,
980 3425 1160 3501 ὥσπερ
1198 3429 1287 3482 κιῖ
1319 3429 1383 3496 ἦν
1411 3475 1422 3486 ,
1468 3428 1562 3481 Καὶ
1593 3428 1922 3499 ἠκροώμην,

283 3511 336 3562 τί
379 3508 478 3581 όίρα
511 3507 692 3564 λαλεῖ.
724 3507 759 3576 ἤ
792 3508 844 3562 τί
875 3507 1260 3583 διαπράττεται
1290 3555 1301 3566 .
1354 3509 1456 3565 Καὶ
1507 3509 1817 3580 μονώτατος
1847 3505 1919 3561 ὢν

287 3587 436 3643 ἔνδον
467 3588 587 3656 περὶ
619 3589 684 3643 τὰ
712 3589 896 3643 ἑκατὸν
928 3584 1020 3658 ἔτη
1069 3590 1263 3653 ἐλάσας
1303 3588 1436 3658 ἤδη,
1479 3591 1564 3644 κατ
1614 3589 1740 3650 τοὺς
1779 3587 1923 3642 ὀδόν-

285 3689 379 3730 τας
410 3668 704 3737 ἀπολέσας,
736 3671 908 3739 ἐαυτῷ
939 3668 1233 3744 διεμάχετο
1264 3671 1352 3724 καὶ
1402 3674 1480 3741 τῷ
1531 3665 1792 3740 διαϐόλῳ,
1836 3667 1926 3722 καὶ

287 3747 505 3824 ἔλεγεν·
539 3753 600 3806 Τί
631 3749 805 3813 θέλεις
850 3749 1042 3806 λοιπὸν
1093 3753 1402 3826 κακόγηρε;
1452 3749 1590 3806 Ἰδοὺ
1643 3750 1731 3804 καὶ
1783 3750 1928 3803 οἷ’νοτ

288 3828 501 3892 ἔλαϐες.
535 3833 625 3886 καὶ
666 3831 853 3886 ἐλαίου
1123 3834 1329 3888 Λοιπὸν
1379 3831 1432 3885 τί
1482 3831 1656 3886 θέλεις
1709 3833 1927 3898 ποιήσω

290 3932 409 3979 σοις
444 3911 770 3987 πολιοφάγε,
799 3911 1170 3977 κοιλιόδουλε,
1205 3913 1390 3966 ἑαυτὸν
1433 3906 1762 3984 ἐξυϐρίζωνς
1802 3912 1927 3967 Εἶτα

286 3993 370 4044 καὶ
407 3997 484 4061 τῷ
519 3988 761 4063 διαϐόλῳ
787 4013 800 4025 ·
842 3991 1099 4058 ’Ἀπελθε,
1148 3991 1343 4063 λέγων,
1390 3991 1582 4045 λοιπὸν
1629 3992 1720 4045 ἀπ’
1769 3989 1926 4061 ἐμοῦ,

287 4068 532 4141 διάϐολε,
594 4071 993 4146 συγγεγήρακάς
1054 4093 1148 4144 μοι
1209 4073 1260 4125 ἐν
1316 4069 1656 4145 ἀδιαφορίαις
1744 4071 1924 4126 Ἀσθέ-

284 4152 426 4206 νειάν
473 4172 563 4224 μοι
613 4155 709 4206 τοῦ
767 4154 1020 4220 σώματος
1078 4151 1394 4225 ἐπιγράψας,
1458 4149 1605 4205 οἷ’νου
1667 4151 1925 4220 ἐποίησας

289 4227 610 4305 μεταλαϐεῖν
642 4234 730 4286 καὶ
763 4231 973 4295 ἐλαίου,
1007 4229 1302 4306 φιλήδονόν
1339 4253 1404 4303 με
1447 4232 1884 4307 ἀπεργασάμενος
1912 4275 1924 4289 .

284 4315 371 4381 MT‘,
408 4315 587 4385 ἀκμὴν
616 4313 701 4367 σοί
731 4335 782 4367 τι
835 4317 1102 4389 χρεῶστῶ
1137 4332 1150 4380 ;
1213 4309 1363 4366 οὖδέν
1417 4313 1684 4379 εὑρίσκεις
1716 4310 1766 4366 ἐν
1803 4312 1925 4383 ἐμοὶ

284 4395 312 4449 ὃ
343 4393 515 4456 θέλεις
563 4396 792 4463 συλῆσαι
820 4441 832 4453 .
875 4393 1112 4449 ’Δπελθε
1153 4393 1346 4448 λοιπὸν
1383 4394 1476 4448 ἀπ’
1518 4392 1674 4463 ἐμοῦ,
1732 4395 1924 4463 μισάν-

285 4478 505 4549 θρωπε.
561 4477 655 4530 Καὶ
706 4477 781 4537 ὡς
830 4476 1117 4550 τερετίζων
1151 4475 1324 4545 ἐαυτῷ
1373 4473 1556 4548 ἐλεγεν
1599 4471 1924 4547 διαλεγόμε-

2034 1886 2387 1961 κατανυχθεὶς
2438 1885 2498 1940 ἐκ
2552 1883 2917 1960 περιστάσεώς
2975 1904 3121 1945 τινος
3180 1882 3501 1939 ἐπιδέδωκεν
3561 1885 3681 1939 ἐαυ-

2033 1970 2136 2023 τὸν·
2168 1967 2515 2042 μοναστηρίῳ
2545 1983 2558 1999 ³
2606 1966 2695 2020 καὶ
2742 1965 2885 2019 οὕτω
2934 1963 3240 2039 προσῆλθεν
3273 1965 3352 2034 τῷ
3402 1965 3680 2039 πράγματι

2036 2051 2135 2114 τῆς
2170 2046 2471 2120 μετανοίας,
2504 2047 2578 2108 ὡς
2624 2043 2716 2100 καί
2770 2043 2931 2099 αὐτὸν
2977 2044 3071 2099 τὸν
3121 2045 3477 2118 συμπράκτην
3519 2045 3683 2098 αὐτοῦ

2036 2129 2125 2184 καὶ
2175 2123 2451 2182 ὑποϐολέα
2498 2131 2607 2180 τῶν
2644 2128 2826 2179 κακῶν
2868 2122 2929 2179 ἐκ
2977 2123 3236 2193 νεότητος
3287 2121 3542 2194 δαίμονα,
3590 2124 3682 2179 τὸν

2038 2205 2114 2268 εἰς
2143 2208 2317 2262 πάντα
2346 2205 2495 2276 αὐτῷ
2547 2205 2977 2278 συναμαρτόντα,
3029 2204 3280 2277 ἄντικρυς
3325 2203 3400 2265 εἰς
3455 2202 3686 2278 ἐπίγνω-

2039 2309 2120 2342 σιν
2154 2289 2375 2365 ἀγαγεῖν
2415 2291 2512 2341 τοῦ
2559 2289 2835 2359 Χριστοῦ.
2873 2287 2956 2340 Ἐν
3005 2285 3096 2344 οἷς
3137 2281 3372 2358 λέγεται,
3420 2285 3504 2339 ὅτι
3555 2287 3686 2340 ποτὲ

2037 2397 2214 2448 τουτῳ
2256 2373 2546 2450 ἐπὲβριψαν
2579 2374 2774 2449 λῃσταὶ
2827 2375 3077 2445 τέσσαρες
3129 2374 3476 2446 καθεζομένῳ
3525 2373 3574 2427 ἐν
3607 2379 3685 2445 τῷ

2037 2455 2268 2526 κελλίῳ,
2304 2459 2661 2530 ἀγνοήσαντες
2689 2455 2770 2509 ὅτι
2806 2459 3045 2520 Μωϋσῆς
3085 2455 3152 2521 ἦν
3183 2457 3341 2513 ουτος
3369 2498 3381 2510 .
3434 2453 3536 2514 Οὓς
3588 2451 3681 2522 δη-

2041 2560 2132 2598 σας
2194 2539 2221 2591 6
2285 2537 2546 2608 μακάριος
2608 2538 2865 2603 ἅπαντας,
2924 2536 3164 2607 καθάπερ
3222 2536 3414 2588 σάκκον
3493 2534 3681 2607 πλήρη

2040 2623 2284 2691 αχῦρων,
2319 2623 2434 2679 τοῖς
2464 2615 2642 2687 ὥμοις
2686 2617 2878 2670 ἑαυτοῦ
2917 2615 3140 2684 ἐπιθεὶς,
3189 2614 3408 2687 ἤνεγκεν
3461 2615 3535 2676 εἰς
3585 2616 3684 2682 τὴν

2040 2699 2332 2766 ἐκκλησίαν
2370 2703 2475 2752 τῶν
2527 2697 2796 2772 ἀδελφῶν,
2848 2698 3032 2760 εἰπὼν,
3085 2698 3168 2751 ὅτι
3230 2695 3448 2763 Ἐπειδή
3504 2696 3686 2750 οὐκέτι

2039 2779 2205 2851 ἔξεστί
2243 2804 2334 2852 μοι
2377 2779 2578 2834 ἀδικεῖν
2627 2778 2838 2849 οὐδένα,
2882 2780 3036 2853 εὗρον
3083 2776 3139 2832 δὲ
3189 2779 3381 2839 αὐτοὺς
3431 2777 3688 2833 ἐπελθόν-

2036 2893 2132 2933 τας
2163 2893 2279 2942 μοι,
2312 2870 2361 2924 τί
2404 2869 2652 2924 κελεύετε
2695 2870 2818 2940 περὶ
2864 2870 3104 2936 τούτων;
3156 2866 3562 2944 Συλληφθέντες
3594 2867 3686 2922 οῦν

2039 2953 2191 3008 οῦτοι
2221 2952 2401 3023 τούτῳ
2431 2956 2508 3021 τῷ
2538 2952 2725 3021 τρόπῳ
2750 2950 2852 3003 ὑπὸ
2885 2954 2980 3004 τοῦ
3010 2950 3162 3022 ἁγίου
3196 2950 3470 3008 Μωϋσέως
3502 2950 3689 3021 ἐξομο-

2041 3032 2350 3108 λογήσαντο
2407 3036 2484 3101 τῷ
2545 3036 2659 3098 Θεῷ
2695 3073 2706 3085 .
2767 3031 2870 3085 Καὶ
2926 3029 3287 3103 γνωρίσαντες
3355 3035 3544 3082 τοῦτον
3604 3029 3688 3083 ὅτι

2040 3103 2278 3180 Μωϋσῆς
2313 3110 2451 3164 ἐστίν
2488 3111 2514 3163 6
2540 3110 2669 3163 ποτὲ
2702 3109 3004 3179 ὀνομαστὸς
3036 3111 3125 3161 καὶ
3157 3103 3485 3179 περιϐόητος
3520 3108 3684 3180 λῃστ-

2039 3213 2231 3265 αρχος,
2284 3188 2594 3258 δοξάσαντες
2657 3189 2738 3242 ἐπ’
2797 3189 2942 3257 αὐτῷ
3001 3191 3092 3241 τὸν
3137 3188 3390 3260 Χρ·στὸν,
3450 3189 3691 3240 κάκεῖνοι

2038 3264 2359 3343 ἀπετάξαντο
2392 3269 2479 3325 διὰ
2521 3273 2623 3335 την
2676 3271 2870 3323 τούτου
2907 3264 3241 3342 μεταϐολὴν.
3292 3269 3380 3322 καὶ
3433 3270 3688 3343 γεγόνασι

2041 3354 2275 3428 μοναχιοῖ
2310 3351 2676 3423 δοκιμώτατοι
2705 3372 2716 3384 ’
2752 3351 3104 3425 λογισάμενοι
3134 3354 3319 3416 τοῦτο,
3352 3350 3434 3404 ὅτι
3462 3348 3506 3404 εἰ
3531 3350 3688 3411 οὗτος

2038 3427 2221 3494 ’ἱκανὸς
2255 3430 2558 3505 ἐνδυνάμει,
2579 3431 2667 3485 καὶ
2693 3433 2807 3485 κατ’
2832 3433 2995 3499 ακραν
3037 3431 3408 3501 πεποιημένος
3438 3433 3515 3495 τῴ
3546 3427 3684 3502 ἔργῳ

2036 3519 2115 3584 τῷ
2149 3514 2443 3586 λῃστρικῷ,
2479 3512 2651 3571 οὕτως
2683 3514 2914 3584 κομψῶς
2957 3505 3264 3586 πεφόϐηται
3312 3513 3403 3564 τὸν
3451 3510 3601 3578 Θεὸν,
3630 3509 3683 3563 τί

2038 3597 2199 3664 ἡμεῖς
2258 3589 2680 3666 ἀναϐαλλόμεθα
2735 3595 2835 3661 την
2892 3591 3163 3664 σωτηρίαν
3236 3596 3340 3644 τῶν
3401 3587 3683 3664 ἡμετέρων

2039 3670 2251 3742 ψυχῶν.

2108 3756 2298 3827 Τούτῳ
2327 3761 2406 3826 τῷ
2441 3756 2691 3828 μακαρίῳ
2723 3761 2945 3810 Μωϋσεῖ
2992 3755 3096 3824 (δεῖ
3122 3753 3225 3826 γὰρ
3268 3753 3430 3806 αὐτὸν
3487 3752 3679 3807 λοιπὸν

2039 3835 2181 3890 οὕτω
2240 3835 2760 3910 προσαγορεύεσθαι)
2835 3833 3078 3888 ἐπέθέντο
3139 3834 3189 3886 οἰ
3265 3839 3364 3898 τῆς
3422 3832 3682 3892 ἀσωτείας

2040 3909 2308 3986 δαίμονες.
2345 3916 2420 3973 εἰς
2476 3918 2573 3978 την
2625 3914 2857 3988 ἀρχαίαν
2906 3916 3189 3981 συνήθειαν
3245 3916 3344 3978 τῆς
3393 3909 3682 3971 ἀκολασίας

2035 4003 2135 4064 τῆς
2168 4001 2429 4061 πορνικῆς
2463 3994 2624 4047 αὐτὸν
2655 3992 3064 4054 κατελαύνοντες
3099 4036 3110 4049 .
3143 3993 3244 4054 "Hc
3289 3992 3376 4046 ἐπὶ
3424 3995 3680 4046 τοσοῦτον

2039 4078 2128 4131 ὑπ’
2179 4078 2355 4130 αὐτῶν
2398 4076 2712 4149 ἐπειράσθη,
2765 4077 2838 4135 ὡς
2872 4076 3029 4137 αὐτὸς
3082 4074 3409 4147 διηγήσατο,
3461 4075 3536 4134 ὡς
3586 4096 3684 4143 μι-

2036 4161 2169 4230 κροῦ
2225 4155 2332 4210 δεῖν
2380 4164 2477 4223 τῆς
2521 4155 2824 4230 προθέσεως
2871 4157 3031 4210 αὐτὸν
3080 4154 3344 4227 ἐξοκεῖλαι
3373 4198 3385 4209 .
3449 4159 3682 4227 Παραγε-

2033 4238 2255 4309 νόμενος
2287 4235 2375 4290 οῦν
2423 4237 2579 4298 οὗτος
2631 4239 2764 4310 πρὸς
2807 4237 2895 4290 τὸν
2952 4241 3113 4312 μέγαν
3164 4231 3441 4306 Ἰσίδωρον
3493 4237 3582 4288 τὸν
3630 4234 3682 4288 ἐν

2036 4321 2102 4389 τῇ
2139 4320 2337 4386 Σκήτει
2376 4320 2704 4387 καθήμενον,
2759 4318 3040 4390 ἀνήνεγκεν
3085 4316 3262 4388 τούτῳ
3309 4317 3373 4368 τά
3416 4317 3536 4369 περί
3585 4319 3683 4369 τοῦ

2033 4403 2133 4461 τῆς
2163 4397 2411 4469 πορνείας
2462 4399 2746 4468 πολέμου.
2798 4400 2939 4469 Πρὸς
2984 4399 3039 4452 δν
3092 4398 3353 4469 ἀπεκρίθη
3409 4398 3436 4450 6
3484 4399 3632 4470 ἅγιος
3667 4417 3678 4428 ·

2039 4477 2218 4547 Μηδὲν
2252 4482 2514 4552 θροηθῇς,
2548 4477 2747 4554 ἀδελφέ
2772 4499 2784 4511 ⁸
2819 4481 2983 4557 ἀρχαὶ
3021 4481 3123 4555 γάρ
3155 4479 3286 4533 εἰσιν
3315 4521 3327 4533 .
3381 4479 3478 4531 Διά
3521 4482 3682 4532 τυῦτο

279 4577 368 4618 νος
394 4575 405 4588 '
445 4561 609 4638 ᾼεῦρο
660 4554 882 4626 λοιπὸν.
917 4556 1075 4632 λῆρε,
1123 4554 1447 4634 πολιοφσὶγε,
1499 4555 1794 4630 φαγόγτιρε.
1825 4551 1928 4614 ἕως
1962 4551 2006 4614 D
2037 4558 2396 4638 σφοδρότερον
2443 4551 2544 4614 σοι
2582 4551 2854 4623 ἐπέθεντο,
2893 4551 3003 4628 ’τήν
3034 4551 3316 4634 ’προτέραν
3368 4557 3681 4626 ἐπιζητοῦν-

281 4638 413 4693 πότι
449 4635 643 4711 ἔσομαί
678 4639 811 4711 μετὰ
851 4643 979 4704 σοῦ;

881 4733 1115 4783 ΚΕΦΑΛ
1145 4771 1158 4784 .
1202 4728 1297 4783 ΚΒ’
1322 4769 1336 4784 .

645 4810 778 4883 Περί
819 4807 1094 4870 Μωυσέως
1131 4813 1226 4863 τοῦ
1265 4806 1528 4870 Αἰθίοπος
1556 4851 1570 4866 .

352 4902 576 4964 Μοϋσῆς
624 4898 766 4953 οὕνω
812 4897 1156 4972 καλούμενός
1209 4920 1316 4968 τις,
1369 4897 1569 4970 Ατθίοψ
1625 4901 1706 4971 τῷ
1762 4893 1922 4971 γένει,

287 4978 479 5053 μέλας,
511 4978 728 5051 οἰκέτης
763 4980 1006 5055 ὑπῆρχεν
1056 4979 1481 5053 πολιτευομένου
1509 4980 1696 5055 τινόςο
1744 4979 1804 5033 ’ὸν
1837 4975 1925 5033 διὰ

281 5058 500 5127 πολλὴν
548 5056 875 5134 δυστροπίαν
934 5054 1022 5115 καὶ
1073 5061 1377 5137 λῃστρικὴν
1424 5059 1600 5115 αἰτίαν
1647 5054 1861 5136 ἔρριψεν
1894 5059 1921 5112 6

280 5137 420 5202 ἱδιος
461 5138 764 5237 δεσπότης.
800 5139 1050 5235 Ἐλέγετο
1081 5142 1184 5237 γὰρ
1229 5142 1317 5237 καί
1361 5143 1537 5237 μέχρι,
1576 5140 1750 5237 φόνων
1789 5136 1920 5237 ξρθᾶ-

279 5243 388 5276 νειν
419 5222 578 5277 αὐτόν
609 5265 621 5278 .
674 5222 1072 5297 Ἀναγκάζομαι
1113 5222 1215 5298 γὰρ
1257 5223 1430 5298 λέγειν
1479 5223 1648 5276 αὐτοῦ
1679 5221 1744 5275 τά
1791 5219 1923 5293 ἔργα

279 5310 378 5372 τῆς
410 5304 694 5379 πονηρίας,
721 5301 815 5358 ’ίνα
846 5302 1002 5374 δείξω
1051 5303 1212 5357 αὐτοῦ
1261 5306 1358 5371 την
1411 5304 1544 5376 μετά
1592 5307 1758 5357 ταῦτα
1799 5301 1920 5374 ἀρε-

277 5385 376 5453 τὴν
408 5385 466 5439 ἐκ
499 5385 778 5457 μετανοίας
806 5429 817 5440 .
869 5388 1162 5456 Διηγοῦντο
1192 5387 1318 5459 γοῦν
1364 5405 1501 5445 τινες
1549 5384 1631 5438 ὅτι
1679 5383 1768 5436 καὶ
1819 5383 1917 5459 ἀφ-

279 5463 588 5536 ηγούμενος
657 5466 722 5536 ἦν
767 5463 1072 5563 λῃστηρίου
1126 5467 1424 5539 μεγίστου·
1484 5463 1545 5517 οῦ
1598 5464 1684 5517 καὶ
1762 5462 1920 5516 τοῦτο

328 5543 340 5563 Ῑ
539 5544 553 5563 θ
697 5553 712 5562 δ
798 5545 810 5563 ³
1031 5545 1052 5563 Ί
1299 5549 1321 5559 υ
1424 5542 1449 5563 (ν
1699 5543 1708 5563 ί
1831 5562 1836 5563 ,
1904 5541 1917 5563 \

279 5543 495 5618 φέρεται
537 5544 586 5600 ἐν
628 5553 743 5608 τοῖς
796 5541 978 5622 ἔργοις
1031 5545 1368 5619 λῃστρικοῖς,
1420 5542 1502 5599 ὅτι
1549 5543 1766 5616 ποιμένι
1815 5541 1920 5596 τινὶ

277 5624 706 5700 ἐμνησικάκησεν
764 5622 1234 5702 παρεμποδίσαντι
1288 5623 1446 5679 αὐτὸν
1490 5624 1566 5688 εἰς
1613 5623 1843 5700 πρᾶγμά
1869 5643 1921 5678 τι

2038 4637 2122 4705 τες
2155 4645 2438 4709 συνήθειαν
2468 4661 2479 4674 ⁸
2530 4643 2730 4713 ’Ὠσπερ
2780 4643 2884 4714 γὰρ
2940 4642 3062 4696 ὅταν
3114 4644 3260 4694 κύων
3321 4639 3370 4692 ἐν
3423 4637 3682 4709 μακέλλῳ

2040 4725 2192 4796 ἐθίσῃ
2224 4723 2432 4784 κωλέας
2467 4725 2836 4797 περιτρύχειν,
2868 4730 2967 4787 τῆς
3001 4720 3283 4782 συνιθείας
3341 4721 3441 4773 οὐκ
3470 4718 3683 4791 ἀναχω-

2039 4811 2156 4878 ρεῖ·
2202 4804 2287 4858 ἐὰν
2345 4800 2401 4858 δέ
2448 4825 2532 4864 τις
2575 4803 2767 4878 κλείσῃ
2825 4805 2886 4858 τὸ
2940 4801 3286 4876 μακελλεῖον,
3335 4801 3425 4878 καὶ
3489 4797 3682 4874 μηδεὶς

2035 4887 2184 4957 αὐτῷ
2219 4880 2380 4961 μηδὲν
2417 4879 2607 4961 ἐπιδῷ,
2641 4882 2676 4952 ἢ
2728 4881 3179 4961 λιμαγχονηθεῖς,
3213 4881 3312 4936 οὐκ
3352 4877 3428 4934 ἔτι
3477 4879 3681 4954 ἐγγίζει

2037 4965 2148 5020 ἐκεῖ
2199 4960 2468 5036 μηδεμίαν
2517 4957 2662 5036 ἔχων
2718 4957 3102 5038 βοράνηδοῦτω
3149 4963 3235 5016 καὶ
3291 4961 3373 5029 σὺ,
3421 4959 3508 5014 ἐὰν
3560 4958 3681 5014 ἐπι-

2039 5056 2223 5128 μείνῃς
2278 5056 2346 5125 τῇ
2399 5073 2492 5106 σου
2553 5052 2773 5121 ἀσκήσει
2838 5059 2939 5122 τῆς
2997 5052 3334 5126 ἐγκρατείας,
3410 5050 3682 5124 νεκρώσας

2034 5127 2129 5188 σου
2160 5133 2224 5187 τὰ
2258 5132 2398 5204 μέλη
2430 5133 2496 5186 τὰ
2529 5129 2614 5186 ἐπὶ
2645 5139 2746 5201 τῆς
2775 5135 2895 5206 γῆς,
2947 5131 3273 5193 ἀποκλείσας
3321 5132 3419 5198 τήν
3472 5127 3677 5184 εἷ’σοδον

2031 5214 2098 5286 τῇ
2147 5212 2545 5287 γαστριμαργίᾳ
2597 5217 2666 5286 τῇ
2710 5213 2967 5284 τικτούσῃ
3014 5215 3113 5280 τήν
3165 5211 3478 5278 ἀκολασίαν,
3539 5210 3680 5278 ἀκη-

2033 5292 2216 5354 διάσας
2251 5295 2278 5347 6
2309 5296 2407 5356 τῆς
2441 5291 2692 5361 πορνείας
2733 5291 2967 5364 δαίμων,
3005 5295 3078 5365 μὴ
3113 5291 3256 5366 ἔχων
3287 5292 3352 5347 τὰ
3419 5290 3677 5364 βρώματο

2029 5380 2220 5429 τοῦτον
2253 5373 2566 5442 ἐξάπτοντα,
2602 5373 2774 5436 οὕτως
2826 5382 2920 5444 σοζ
2967 5376 3325 5443 ἀποστήσεται
3363 5414 3374 5425 .
3429 5373 3682 5440 Ἀναχω-

2032 5457 2198 5527 ρήςας
2257 5452 2348 5507 οὖν
2383 5457 2536 5508 ὁτοῦ
2587 5461 2820 5528 Χριστοῦ
2878 5455 3074 5517 δοῦλος
3135 5459 3366 5516 Μωυσῆς
3416 5450 3520 5501 ἀπὸ
3579 5455 3678 5513 τῆς

2030 5533 2174 5598 ὥάπις
2223 5535 2450 5606 ἐκείνης,
2507 5538 2593 5590 καὶ
2646 5533 3004 5598 κατακλείσας
3056 5535 3240 5590 ἐαυτὸν
3277 5532 3328 5586 ἐν
3363 5533 3430 5603 τῇ
3486 5529 3678 5584 ἐαυτοῦ

2030 5615 2228 5692 κόλλῃ,
2261 5617 2510 5692 ὑπομονῇ
2543 5614 2882 5695 σφοδροτάτῃ
2920 5619 3137 5688 ἠσκεῖτο
3172 5613 3222 5669 ἐν
3258 5617 3390 5668 πᾶσι
3446 5608 3683 5686 μάλιστα
