4076 6280
411 263 583 324 1067-

1937 258 2296 322 PALLADII

3669 260 3844 321 1068

410 399 514 450 ἀπὸ
559 397 890 470 βρωμάτων,
961 392 1180 456 οὐδενὸς
1224 393 1394 449 ἄλλον
1440 391 1869 467 μεταλαμϐάνων
1907 391 2053 460 πλὴν
2087 397 2138 462 Α
2168 389 2659 462 κατεδυναστεύθης
2685 391 2820 467 πρὸς
2861 390 2921 445 τό
2964 411 3045 444 σοι
3098 389 3393 470 συμφέρον,
3437 388 3532 444 ⁸ίνα
3584 393 3661 463 μή
3722 395 3839 447 ὑπὸ

406 474 571 548 ἄρτου
594 476 761 548 ξηροῦ
783 475 834 530 ἐν
871 475 1119 550 ούγκίαις
1143 470 1394 528 δέκαδύο’
1421 471 1674 528 πλεῖστον
1700 473 2058 548 ἐργαζόμενος

407 553 590 630 ἔργον,
612 557 700 610 καὶ
723 558 1054 626 πεντήκοντα
1079 554 1311 610 ἐκτελῶν
1342 554 1649 629 προσευχὰς
1680 557 1778 630 τήν
1807 555 2014 627 ἡμέραν
2042 597 2055 610 .

482 628 792 708 Κατατήξας
853 635 942 689 οῦν
1017 637 1208 689 ἑαυτοῦ
1265 635 1326 688 τὸ
1384 628 1657 708 σωμάτιον
1737 628 1918 708 ἔμενεν
1979 629 2056 688 ἔτι

405 717 767 793 πυρούμενος,
823 717 912 770 καὶ
969 713 1278 793 ἀδιαφόρως
1329 714 1780 787 ἐνυπνιαζόμενος
1815 759 1827 772 .
1882 715 2053 768 Πάλιν

407 793 564 856 οὗτος
595 790 896 868 παρέϐαλεν
934 790 1233 864 ἄλλῳ-τινὶ
1282 794 1508 867 μονάχῷ
1553 799 1664 847 τῶν
1698 795 1868 869 ἁγίων
1912 794 2054 847 πάνυ

407 867 786 946 δοκίμῳχκαὶ
846 874 989 948 λέγει
1041 873 1230 944 αὐτῷ·
1294 875 1352 927 Τί
1408 875 1647 943 ποιήσω,
1716 867 1902 941 ἀ-ϐϐἆ,
1971 871 2055 926 ὅτι

407 955 712 1023 σκοτίζουσί
745 976 849 1026 μου
889 955 978 1009 τὸν
1031 953 1297 1029 λογισμὸν
1346 954 1413 1008 τὰ
1469 954 1686 1008 ἐνύπνια
1733 957 1831 1017 τῆς
1863 957 2050 1028 ψυχῆς

404 1036 539 1091 κατά
583 1037 682 1104 τήν
734 1036 965 1111 ἀρχαίαν
1024 1037 1308 1106 συνήθειαν
1396 1034 1766 1108 συνηδομένης
1826 1034 2053 1098 αύτοῖςῖ

405 1117 557 1190 Λέγει
601 1117 743 1188 αὐτῷ
783 1116 983 1178 ἐκεῖνος
1045 1119 1071 1170 ό
1123 1119 1293 1190 ἅγιος,
1354 1116 1436 1171 ὅτι
1499 1113 1722 1183 Ἐπειδή
1782 1116 1871 1169 τὸν
1928 1121 2052 1169 νοῦν

404 1220 498 1253 σου
532 1198 630 1254 οὐκ
659 1199 965 1270 ἀπέστησας
996 1203 1102 1252 τῶν
1151 1200 1274 1271 περὶ
1331 1203 1496 1252 ταῦτα
1557 1198 1886 1276 φαντασιῶν,
1935 1199 2056 1252 τού-

400 1301 497 1333 του
529 1281 692 1356 χάριν
726 1281 823 1348 τὴν
857 1280 1096 1353 μυσαράν
1149 1278 1348 1348 ταύτην
1394 1279 1675 1355 ὑφίστασαι
1729 1278 2011 1351 ἐπιθυμίαν
2037 1325 2050 1338 .

403 1359 641 1428 Ποίησον
676 1359 765 1413 οῦν
799 1360 828 1414 ὅ
861 1381 946 1414 σοι
997 1359 1178 1433 λέγω·
1234 1357 1324 1421 δὸς
1367 1362 1583 1413 σεαυτὸν
1627 1360 1702 1422 εἰς
1749 1359 2048 1433 ἀγρυπνίαν

401 1439 536 1493 κατά
590 1442 802 1512 μικρὸν,
860 1441 949 1493 καὶ
996 1438 1305 1513 προσεύχου
1352 1441 1655 1514 νηφόντως,
1707 1440 1796 1492 καὶ
1844 1437 2052 1494 ἐλευθε-

403 1521 627 1592 ρωθήσῃ
662 1520 766 1573 ἀπὸ
797 1520 1003 1574 τούτων
1038 1520 1255 1592 ταχέως
1281 1562 1292 1573 .
1347 1520 1612 1579 Ἀκούσας
1665 1516 1720 1572 δὲ
1752 1520 1779 1573 6
1807 1524 2048 1593 γενναῖος

399 1601 488 1653 καὶ
520 1599 719 1668 ταύτης
750 1604 848 1666 τῇς
889 1602 1174 1670 ὑποθήκης
1224 1600 1298 1660 ὡς
1338 1599 1482 1671 παρά
1527 1599 1780 1676 τεχνίτου
1822 1599 1889 1671 τῇ
1935 1601 2050 1653 πεί·

403 1700 488 1754 ρᾳ,
520 1678 769 1735 ἀπελθὼν
816 1680 866 1735 ἐν
904 1685 971 1755 τῇ
1022 1679 1219 1753 κέλλῃ,
1267 1678 1462 1734 ἔδωκεν
1508 1679 1672 1756 λόγον
1723 1686 1801 1752 τῷ
1854 1678 2044 1735 ἑαυτοῦ

2168 471 2440 547 ἐπάρσεως
2475 472 2776 547 καταπέσῃς
2804 513 2816 528 .
2859 476 3034 526 Ταῦτα
3082 469 3315 534 ἀκούσας
3362 469 3607 540 ἀπῆλθεν
3658 472 3844 528 πάλιν

2169 555 2243 615 εἷς
2283 556 2379 622 τήν
2431 553 2658 623 κέλλαν,
2708 553 2904 609 λοιπὸν
2966 551 3257 627 προσέχων
3312 554 3430 627 μεθ’
3476 553 3718 628 ἡσυχίας
3761 558 3841 629 τῇ

2164 640 2262 701 τῆς
2314 635 2592 704 ἀσκήσεως
2651 633 2908 704 πολιτείᾳ
2960 632 3011 687 ἐν
3067 633 3287 707 μέτρῳ.
3340 633 3490 689 Μετά
3539 630 3596 688 δὲ
3647 641 3844 706 μῆνας

2167 713 2261 768 δύο
2293 716 2328 784 ἢ
2358 719 2504 789 τρεῖς
2537 714 2832 788 ἐρωτηθεὶς
2879 713 3024 788 παρὰ
3073 717 3170 767 τοῦ
3223 713 3491 789 μακαρίου
3536 712 3844 791 Ἰσιδώρου

2165 799 2260 849 τοῦ
2300 792 2666 870 πρεσϐυτέρου
2717 797 2744 850 6
2797 796 3042 865 ἀσκητὴς
3096 801 3357 866 Μωϋσῆς,
3413 797 3490 866 μὴ
3544 793 3620 851 ἔτι
3671 798 3844 872 αὐτῷ

2166 873 2421 950 ὢχλησεν
2468 875 2636 930 ἐκεῖνο
2687 877 2749 931 τὸ
2797 880 3031 948 πνεῦμα,
3084 876 3249 946 εἶπεν,
3311 877 3393 930 δτι
3445 878 3560 931 Ἀπ’
3609 875 3842 948 ἐκείνης

2163 963 2262 1024 τῆς
2294 953 2461 1029 ὥρας,
2494 959 2560 1024 ἧς
2589 957 2807 1026 ἐπηύξω
2845 978 2959 1028 μοι,
2993 958 3021 1009 6
3051 959 3147 1011 τοῦ
3179 959 3314 1010 Θεοῦ
3346 953 3568 1024 δοῦλος,
3601 958 3704 1014 οὐκ
3746 957 3836 1014 ἔτι

2165 1033 2318 1090 οὐδέν
2357 1058 2448 1107 μοι
2479 1041 2728 1091 τοιοῦτον
2762 1032 3105 1110 συμϐέϐηκεν
3133 1081 3146 1095 .
3183 1036 3502 1108 Κατηξιώθη
3547 1035 3604 1092 δὲ
3652 1039 3836 1103 οὗτος

2166 1116 2192 1168 ό
2225 1118 2380 1192 ἅγιος
2415 1117 2752 1191 χαρίσματος
2783 1116 2917 1172 κατά
2951 1114 3222 1189 δαιμόνων
3254 1136 3266 1149 ο
3301 1115 3498 1189 οὕτως,
3531 1118 3605 1179 ὡς
3658 1120 3838 1192 ἡμεῖς

2161 1201 2268 1250 τῶν
2306 1202 2478 1268 μυιῶν
2511 1197 2560 1252 ἐν
2612 1202 2691 1264 τῷ
2750 1201 2988 1272 χειμῶνι
3038 1200 3510 1273 καταφρονοῦμεν,
3557 1204 3833 1255 τοσοῦτον

2162 1275 2250 1329 καὶ
2287 1274 2497 1348 μᾶλλον
2563 1277 2724 1338 οὗτος
2775 1278 2802 1331 6
2854 1276 3015 1351 μέγας
3067 1283 3310 1345 Μωϋσῆς
3355 1274 3660 1347 παλαιστὴς
3711 1284 3831 1334 τῶν

2164 1353 2435 1428 δαιμόνων
2479 1401 2491 1413 .
2523 1356 2671 1427 Αὕτη
2706 1360 2739 1427 ἡ
2774 1353 2953 1419 ἔνθεος
2989 1363 3092 1426 τῆς
3119 1359 3399 1427 ἀσκήσεως
3440 1355 3693 1413 πολιτεία
3723 1365 3832 1415 τοῦ

2160 1437 2600 1513 ἀκαταγωνίστου
2645 1438 2890 1507 ἀθλητοῦ
2941 1439 3213 1499 Μωυσέως
3260 1442 3357 1492 τοῦ
3404 1443 3483 1509 τῷ
3531 1439 3664 1512 γένει
3721 1443 3832 1497 Αἱ-

2164 1519 2376 1586 θίοπος,
2408 1521 2507 1588 τήν
2543 1516 2598 1572 δὲ
2639 1521 2824 1594 ψυχὴν
2859 1517 3136 1580 ἐθίσαντος
3168 1520 3288 1589 θείᾳ
3317 1519 3542 1592 χάριτι.
3590 1522 3686 1584 Ὅς
3728 1523 3829 1576 καὶ

2157 1598 2318 1658 αὐτὸς
2348 1600 2413 1665 ἦν
2473 1598 2522 1652 έν
2580 1603 2695 1659 τοῖς
2749 1599 3012 1674 μεγάλοις
3059 1603 3167 1653 τῶν
3223 1598 3476 1673 Πατέρων
3528 1602 3827 1674 κατορθώ-

2160 1697 2321 1749 μασιν
2351 1677 2789 1752 ἀριθμούμενος.
2824 1676 3065 1748 Τελευτᾷ
3095 1674 3152 1732 δὲ
3183 1677 3342 1740 οῦτσς
3383 1678 3515 1733 ἐτῶν
3569 1675 3828 1752 ἑϐδομή-

399 1758 668 1814 συνειδότι
724 1763 797 1833 μή
851 1763 1181 1833 κοιμηθῆναι
1217 1757 1304 1814 διὰ
1344 1761 1522 1829 πάσης
1572 1755 1672 1828 τῆς
1723 1761 1933 1831 νυκτὸς,
1971 1765 2044 1834 μὴ
2080 1765 2125 1830 Β
2156 1780 2318 1815 κοντα
2367 1760 2523 1813 πέντε
2571 1757 2622 1812 ἐν
2670 1758 2738 1832 τῇ
2793 1761 3015 1837 Σκήτει,
3079 1758 3371 1833 γενόμενος
3421 1755 3818 1837 πρεσϐύτερος,

395 1840 581 1896 κλῖναι
639 1843 764 1917 γόνυ
818 1843 895 1904 ὡς
961 1841 1048 1896 ἐπὶ
1107 1841 1373 1917 προφάσει
1432 1848 1765 1916 προσευχῆς,
1825 1841 1910 1896 ἐπὶ
1972 1848 2050 1915 τῷ

395 1927 578 2002 φυγεῖν
609 1923 704 1992 τήν
737 1919 1020 1998 τυραννίδα
1048 1926 1143 1976 τοῦ
1174 1922 1338 1976 ὕπνου
1367 1967 1378 1980 .

464 2012 661 2076 Μείνας
695 2011 782 2068 οῦν
817 2012 904 2068 ἐπὶ
935 2016 1014 2084 τῷ
1044 2011 1254 2085 κελλίῳ
1285 2008 1378 2083 ἔτη
1411 2012 1485 2084 ἓξ,
1528 2013 1622 2074 τὰς
1651 2013 1844 2074 νύκτας
1877 2012 2046 2078 πάσας

397 2095 558 2169 μέσον
589 2100 689 2163 τῆς
721 2094 926 2164 κέλλης
957 2096 1266 2166 ἱστάμενος,
1308 2095 1394 2147 καὶ
1431 2091 1793 2154 ἀδιαλείπτως
1823 2098 1901 2165 τῷ
1932 2101 2047 2166 Θεῷ

391 2175 857 2249 προσευχόμενος,
900 2175 989 2227 καὶ
1027 2175 1100 2246 μή
1136 2173 1495 2245 ἐπικαμμύων
1528 2174 1652 2234 τοὺς
1686 2173 2005 2248 ὀφθαλμούς
2030 2188 2043 2201 ⁸

394 2253 487 2308 λαὶ
529 2258 697 2310 ταῦτα
729 2259 900 2309 ποιῶν
929 2258 1026 2308 τοῦ
1058 2257 1381 2329 πράγματος
1410 2260 1510 2321 τῆς
1535 2252 1838 2308 ἀκολάστου
1870 2254 2046 2309 ἐπιθυ·

397 2336 522 2409 μίας
552 2337 926 2412 περιγενέσθαι
959 2336 1056 2390 οὐκ
1087 2334 1334 2405 ἠδυνήθη
1373 2381 1385 2392 .
1418 2339 1503 2405 Τῷ
1535 2335 1650 2388 ὅντι
1684 2336 1786 2410 γάρ
1822 2336 2044 2406 ἀληθῶς

391 2415 692 2478 ἀκόλαστος
725 2415 986 2487 ἐπιθυμία
1018 2461 1032 2475 ,
1065 2416 1286 2470 Ἑαυτὸν
1315 2415 1417 2491 γάρ
1450 2413 1674 2484 ἐκτήξας
1702 2420 1819 2478 τοῖς
1856 2418 2041 2478 πόνοις

391 2499 564 2554 ἐκεῖνο
596 2498 657 2551 τὸ
691 2497 916 2572 αἰσχρὸν
950 2496 1118 2558 πάθος
1153 2497 1412 2565 ὑποτάξαι
1445 2495 1543 2550 οὒκ
1573 2497 1792 2574 ἴσχυσεν
1821 2542 1835 2555 .

463 2589 610 2640 Μετά
658 2586 828 2641 ταῦτα
875 2587 1043 2640 πάντα
1093 2587 1266 2657 ἑαυτῴ
1323 2585 1486 2640 πάλιν
1538 2584 1715 2654 ἀλλην
1763 2585 2042 2640 πολιτείαν

400 2664 818 2739 σκληραγωγίας
853 2666 1077 2719 ὑπέθετο
1107 2709 1119 2721 .
1154 2667 1542 2739 Ἐξερχόμενος
1584 2665 1738 2726 οὗτος
1774 2667 1801 2719 6
1833 2666 2040 2736 πύκτης

395 2750 494 2800 τοῦ
546 2751 756 2798 Σατανᾶ
805 2744 1101 2820 (διαφόρως
1153 2746 1258 2818 γάρ
1313 2747 1490 2816 τούτῳ
1548 2743 1887 2818 ἐπύκτευσεν)
1943 2748 2039 2810 τάς

390 2829 584 2888 νόκτας
613 2826 777 2899 ἀπῄει
819 2827 893 2886 εἰς
938 2827 1032 2886 τὰς
1075 2824 1274 2888 κέλλας
1312 2831 1418 2879 τῶν
1448 2832 1564 2889 τοῖς
1609 2827 1795 2887 πόνοις
1845 2848 2038 2902 συγγε-

390 2917 712 2990 γηρακότων
743 2920 810 2988 τῇ
845 2917 1070 2985 ἀσκήσει
1123 2935 1401 2991 μοναχων,
1451 2915 1539 2970 καὶ
1589 2915 1784 2970 λοιπὸν
1819 2919 1894 2988 μὴ
1939 2915 2038 2970 δυ-

389 3001 630 3071 ναμένων
662 3000 760 3067 τήν
792 3003 888 3052 τοῦ
937 2995 1133 3060 ὕδατος
1165 2999 1351 3072 χρείαν
1400 2995 1470 3051 δι’
1503 2999 1703 3051 ἑαυτῶν
1753 2998 1997 3070 κομίζειν
2019 3041 2034 3056 .

388 3089 479 3144 καὶ
511 3085 804 3162 λαμϐάνων
833 3088 926 3150 τὰς
961 3086 1147 3162 ὑδρίας
1179 3088 1374 3151 αὐτῶν,
1426 3087 1766 3162 ἀγνοούντων
1821 3086 2034 3142 ἐκείνων

389 3169 636 3245 ἐπλήρου
688 3175 785 3225 τοῦ
834 3168 1026 3231 ὕδατος
1057 3215 1071 3228 .
1125 3171 1257 3225 Ἀπὸ
1309 3169 1520 3242 μήκους
1565 3169 1665 3242 γὰρ
1711 3167 1929 3242 ἔχουσιν
1985 3169 2040 3223 ἐν

391 3260 620 3320 ἐκείνοις
669 3266 785 3322 τοῖς
817 3260 1006 3322 τόποις
1050 3261 1111 3313 τὸ
1161 3258 1327 3332 ὕδωρ,
1379 3259 1428 3312 οἱ
1483 3259 1575 3331 μὲν
1607 3259 1711 3312 ἀπὸ
1743 3257 1858 3323 δύο,
1895 3260 1946 3313 οἱ
1978 3257 2034 3313 δὲ

389 3341 494 3395 ἀπὸ
555 3343 709 3396 πέντε
757 3336 1024 3413 σημείων,
1085 3341 1134 3393 0'!
1168 3337 1224 3393 δὲ
1254 3339 1360 3393 ἀπὸ
1412 3342 1660 3410 ἡμίσεως
1695 3382 1705 3393 .
1756 3344 1895 3400 Μιᾶς
1941 3337 2031 3393 οὗν

388 3435 495 3483 τῶν
527 3435 736 3483 νυκτῶν
769 3429 819 3482 ἐν
854 3430 900 3498 ᾦ
928 3434 1090 3482 τοῦτο
1123 3428 1312 3496 ἐποίει,
1372 3428 1707 3502 ἐπιτηρήσας
1743 3429 1770 3481 6
1801 3426 2031 3498 δαίμων,

388 3509 476 3562 καὶ
514 3509 706 3576 μηκέτι
740 3510 917 3584 φέρων
948 3513 1046 3560 τοῦ
1089 3507 1330 3575 ἀθλητοῦ
1376 3510 1476 3575 τήν
1527 3508 1831 3580 καρτερίαν,
1879 3508 2035 3582 ἐγκύ-

391 3589 550 3659 ψαντι
584 3586 730 3656 αῦτῷ
763 3585 838 3644 εἰς
869 3586 929 3638 τὸ
960 3586 1127 3662 φρέαρ
1161 3585 1247 3638 ἐπὶ
1287 3590 1367 3655 τῷ
1418 3590 1515 3654 τήν
1564 3585 1748 3660 ὑδρίαν
1804 3587 2033 3658 πληρῶ-

393 3674 480 3728 σαί
513 3695 658 3734 τινος
720 3679 986 3748 μοναχοῦ,
1039 3671 1266 3728 δέδωκεν
1323 3675 1471 3745 αὐτῷ
1527 3677 1660 3730 κατὰ
1717 3681 1822 3729 τῶν
1881 3679 2030 3748 ψυῶν

393 3761 624 3837 ῥοπάλῳ
653 3763 778 3832 τινὶ,
820 3765 909 3818 καὶ
941 3763 1144 3838 ἀφῆκεν
1180 3764 1339 3818 αὑτὸν
1391 3768 1469 3836 τῷ
1506 3763 1657 3838 τόπῳ
1702 3767 1910 3819 κεῖσθαι
1951 3785 2034 3819 νε-

387 3854 534 3925 κρὸν,
572 3851 701 3924 μηδ’
733 3852 879 3915 ὅλως
911 3853 1293 3926 αἰσθανόμενον
1349 3857 1488 3928 μήτε
1521 3856 1548 3908 ’ὀ
1581 3854 1859 3926 πέπονθεν,
1895 3858 2033 3929 μήτε

384 3944 530 4013 παρὰ
575 3946 724 4004 τίνος
771 3948 932 3998 τοῦτο
983 3941 1184 4014 ῦπέστη
1222 3987 1234 4000 .
1286 3947 1391 4010 Τὴν
1447 3943 1538 3999 οῦν
1589 3943 1765 4013 ἀλλην
1826 3947 2032 4017 ἡμέραν

385 4023 557 4080 ἐλθών
599 4047 681 4086 τις
710 4030 819 4079 τῶν
874 4030 1133 4104 μοναχῶν
1179 4025 1464 4093 ἀντλῆσαι,
1519 4028 1666 4098 εὗρεν
1716 4027 1874 4081 αὑτὸν
1925 4028 2035 4081 ἐκεῖ

384 4115 630 4188 κείμενον
663 4115 752 4169 καὶ
794 4115 1250 4191 ψυχορραγοῦντα
1286 4159 1297 4171 .
1352 4122 1448 4170 Καὶ
1487 4115 1656 4170 ἐλθὼν
1713 4116 2031 4194 ἀνήγγειλεν

382 4209 460 4275 τῷ
494 4203 722 4278 μεγαλῳ
754 4203 1018 4277 Ἰσιδώρῳ
1064 4210 1141 4275 τῷ
1184 4199 1532 4278 πρεσϐυτέρῳ
1580 4213 1680 4273 τῆς
1733 4210 1987 4275 Σκήτεως
2017 4251 2029 4262 .

384 4292 664 4350 Ἀπελθὼν
700 4292 755 4347 δὲ
791 4315 923 4365 μετα
947 4316 1108 4348 τινων
1157 4291 1342 4348 λαϐὼν
1403 4295 1559 4349 αὑτὸν
1609 4296 1833 4368 ἢνεγκεν
1871 4295 1920 4349 ἐν
1961 4300 2030 4369 τῇ

384 4381 708 4451 Ἐκκλησία,
741 4383 828 4435 καὶ
880 4383 967 4436 ἐπὶ
1018 4383 1258 4437 ἐνιαυτὸν
1311 4382 1500 4458 πλήρη
1554 4385 1709 4445 οὗτος
1761 4384 2029 4455 ἐνόσησεν,

384 4471 458 4529 ὡς
492 4470 655 4542 μόλις
686 4470 928 4545 γενέσθαι
958 4473 1020 4525 τὸ
1054 4478 1211 4545 σῶμα
1264 4473 1428 4527 αὐτοῦ
1466 4473 1555 4527 καὶ
1600 4476 1698 4542 τὴν
1743 4475 1927 4548 ψυχὴν
1976 4472 2028 4526 ἐν

384 4559 542 4636 ’ἰσχύϊ
574 4604 586 4616 .
621 4561 756 4616 Τότε
787 4559 933 4636 λέγει
965 4561 1113 4633 αὐτῷ
1144 4563 1170 4615 6
1216 4564 1382 4639 μέγας
1433 4562 1605 4636 ἱερεὺς
1654 4567 1749 4617 τοῦ
1799 4567 2032 4632 Χριστοῦ

383 4641 661 4716 Ἰσίδωρος
701 4662 712 4674 ·
749 4647 956 4698 Παῦσαι
1001 4641 1194 4697 λοιπὸν
1243 4650 1360 4705 τοῖς
1404 4642 1625 4717 δαίμοσι
1679 4643 2028 4720 φιλονεικῶν,

379 4731 601 4811 ἀδελιρὲ,
643 4733 733 4788 καὶ
787 4735 862 4808 μὴ
912 4734 1095 4797 αὐτοῖς
1147 4731 1438 4808 ἐπέμϐαινε
1472 4780 1482 4792 .
1539 4734 1724 4808 Μέτρα
1773 4734 1877 4810 γάρ
1927 4735 2027 4788 εἰσι

378 4825 467 4879 καὶ
517 4832 616 4892 τῆς
669 4826 948 4893 ἀσκήσεως
1005 4833 1105 4895 τῆς
1164 4827 1299 4900 πρὸς
1354 4827 1480 4886 τοὺς
1535 4823 1792 4898 δαίμονας
1850 4824 1902 4878 ἓν
1956 4825 2024 4896 τῇ

379 4913 602 4981 ἀσκήσει
640 4956 650 4970 .
687 4917 743 4967 'O
776 4912 832 4967 δὲ
863 4913 1170 4987 ἀδάμαστος
1220 4920 1317 4970 τοῦ
1369 4919 1606 4990 Χριστοῦ
1660 4920 1895 4983 Μωυσῆς
1929 4913 2027 4967 λέ-

380 5021 465 5077 γει
494 5021 574 5071 τῳ
611 5000 838 5073 μεγάλῳ
864 5024 876 5035 ·
912 5003 983 5056 Οὐ
1021 5006 1094 5077 μή
1129 5005 1422 5077 παύσωμαι
1454 5007 1550 5058 τοῦ
1597 5005 1863 5078 μάχεσθαι
1914 5003 2029 5074 μετ’

380 5083 579 5146 αυτῶν,
609 5079 712 5141 ἓως
744 5080 803 5134 ἄν
837 5084 1106 5153 παύσηταί
1134 5107 1236 5158 μου
1259 5088 1293 5154 ἡ
1317 5085 1577 5164 φαντασία
1607 5089 1714 5139 τῶν
1741 5083 2025 5140 ἐνυπνίων.

379 5171 511 5226 Τότε
531 5167 688 5250 Δλέγει
748 5172 898 5240 αύτῷ
942 5174 968 5224 6
1016 5179 1112 5228 τοῦ
1156 5180 1392 5250 Χριστοῦ
1440 5172 1639 5237 δοῦλος
1687 5170 1965 5246 Ἰσίδωρος
1999 5174 2026 5227 ὁ

377 5247 742 5326 πρεσϐύτερος
778 5269 791 5282 ⁸
837 5255 922 5304 Ἐν
973 5258 1053 5324 τῷ
1104 5247 1330 5328 ὀνόματι
1389 5257 1569 5326 Ἰησοῦ
1617 5258 1871 5328 Χριστοῦ,
1921 5254 2027 5308 ἀπὸ

375 5347 475 5396 τοῦ
525 5342 617 5396 νῦν
665 5340 933 5396 πέπαυταί
985 5361 1078 5395 σου
1126 5345 1193 5397 τὰ
1239 5347 1452 5416 ἀπρεπῆ
1500 5344 1722 5399 ἐνύπνια
1753 5389 1768 5405 .
1821 5344 2024 5398 Λοιπὸν

381 5434 515 5504 μετά
572 5430 878 5508 παρῥησίας
937 5437 1058 5495 τοῖς
1111 5434 1427 5506 μυστηρίοις
1483 5439 1810 5506 κοινιῦνησον
1849 5478 1860 5491 .
1913 5434 2026 5488 Ἵνα

377 5511 481 5585 γὰρ
516 5515 591 5583 μὴ
643 5515 926 5588 καυχήσῃ,
978 5512 1052 5576 ὡς
1106 5516 1174 5586 τῇ
1224 5517 1292 5586 σῇ
1342 5514 1564 5585 ἀσκήσει
1612 5516 2024 5590 περιγενόμενος

376 5597 574 5657 τούτου
620 5606 716 5658 τοῦ
765 5605 989 5676 πάθους,
1045 5600 1134 5660 διὰ
1188 5606 1348 5659 τοῦτο
1416 5602 1664 5682 σφοδρῶς
1717 5605 1800 5659 ὑπ’
1861 5603 2024 5662 αὐτοῦ

2159 1837 2477 1894 καταλιπὼν
2517 1841 2757 1912 μαθητὰς
2790 1835 3174 1911 ἑϐδομήκοντα
3206 1882 3221 1896 .

2757 1935 2988 1984 ΚΕΦΔΛ
3016 1971 3027 1983 .
3072 1930 3168 1983 Kl"
3194 1972 3205 1984 .

2507 2011 2635 2084 Περὶ
2674 2009 2890 2064 Παύλου
2921 2013 3016 2063 τοῦ
3046 2008 3097 2063 ἐν
3125 2015 3193 2084 τῇ
3226 2011 3419 2085 Φέρμῃ
3444 2055 3456 2067 .

2228 2093 2395 2162 ⁸Όρος
2427 2089 2477 2144 έν
2506 2097 2574 2165 τῇ
2608 2092 2865 2166 Αἰγύπτῳ
2897 2091 3038 2145 ἐστὶν
3071 2092 3272 2167 ἂπάγον
3307 2090 3395 2146 ἐπὶ
3447 2094 3546 2161 τήν
3599 2101 3808 2163 Σκῆτιν

2153 2172 2251 2239 τὴν
2295 2169 2521 2244 ἔρημον,
2553 2172 2581 2224 '6
2613 2169 2864 2226 καλεῖται
2917 2171 3108 2245 Φέρμη
3149 2215 3162 2229 .
3217 2172 3304 2226 Ἐν
3354 2173 3536 2246 τούτῳ
3579 2180 3657 2246 τῷ
3688 2173 3808 2244 ὄρει

2155 2250 2467 2320 καθέζονται
2517 2252 2591 2312 ὡς
2649 2251 2992 2306 πεντακόσιοι
3044 2249 3230 2325 ἄνδρες
3278 2252 3608 2325 ἀσκούμενοι
3640 2299 3653 2312 .
3711 2257 3804 2310 Ἐν

2155 2333 2235 2392 οῖς
2276 2333 2358 2385 καὶ
2399 2332 2613 2394 Παῦλός
2645 2354 2726 2394 τις
2755 2333 2998 2408 μοναχὸς
3023 2333 3166 2387 οὕτω
3188 2331 3531 2406 καλούμενος
3559 2333 3799 2410 ἄριστος,

2153 2413 2211 2474 ὃς
2246 2412 2299 2466 ἐν
2331 2413 2490 2467 παντὶ
2521 2418 2598 2484 τῷ
2639 2413 2821 2487 χρόνῳ
2848 2414 3010 2468 αὐτοῦ
3055 2414 3255 2484 ταύτην
3306 2415 3450 2490 εἶχεν
3484 2417 3581 2485 τήν
3634 2417 3802 2475 πολι-

2151 2491 2292 2546 τείαν
2320 2536 2333 2548 .
2369 2491 2482 2548 Οὐκ
2509 2491 2670 2567 ἔργου
2700 2493 2873 2566 ἣψατό
2904 2513 3056 2560 ποτε,
3101 2493 3162 2547 οὐ
3208 2502 3580 2568 πραγματείας
3625 2498 3795 2560 τινὸς,

2151 2573 2251 2627 οὐκ
2299 2568 2491 2627 ἔλαϐέν
2541 2593 2592 2626 τι
2642 2577 2788 2647 παρά
2833 2595 2981 2636 τινος
3027 2576 3291 2648 παρεκτὸς
3351 2573 3414 2630 οὗ
3461 2571 3686 2648 ἔμελλεν
3739 2578 3792 2633 ἐν

2151 2652 2286 2726 αὐτῇ
2310 2658 2377 2726 τῇ
2411 2653 2592 2725 ἡμέρᾳ
2623 2652 2812 2707 ἐσθίειν
2841 2695 2855 2709 .
2887 2655 3087 2729 Ἔργον
3119 2653 3176 2709 δὲ
3206 2653 3355 2728 αὐτῷ
3383 2663 3479 2725 τῆς
3509 2657 3787 2726 ἀσαήσεως

2148 2734 2386 2811 γέγονεν,
2417 2735 2479 2787 τὸ
2519 2731 2880 2796 ἀδιαλείπτως
2929 2736 3362 2809 προσεύχεσθαι.
3413 2736 3575 2796 Οὗτος
3619 2756 3777 2790 τετυ-

2148 2815 2405 2886 πωμένας
2438 2815 2581 2888 εἶχεν
2632 2815 2724 2874 τάς
2766 2815 2933 2888 εὐχὰς
2979 2817 3312 2889 τριακοσίας,
3357 2815 3610 2877 τοσαύτας
3659 2819 3776 2888 ψή-

2147 2917 2279 2974 φους
2315 2895 2584 2969 συνάγων,
2617 2895 2705 2948 καὶ
2738 2895 2789 2950 ἐν
2821 2901 2900 2967 τῷ
2933 2896 3124 2970 κόλπῳ
3155 2896 3425 2971 κατέχων,
3455 2896 3541 2950 καὶ
3582 2896 3779 2969 ῥίπτων

2145 2981 2267 3034 καθ’
2298 2979 2525 3048 ἑκάστην
2562 2979 2733 3052 εύχὴν
2769 2976 2826 3031 ἐκ
2855 2984 2951 3033 τοῦ
3001 2979 3213 3056 κόλπου
3248 2983 3428 3056 ψῆφον
3484 2979 3604 3051 μίαν
3644 3023 3657 3035 .
3687 2979 3798 3036 Οὗ-

2148 3081 2242 3121 τος
2285 3061 2312 3112 ὁ
2345 3057 2520 3119 ἔνθεος
2567 3057 2850 3132 ἅνθρωπος
2900 3054 3233 3134 παραϐαλὼν
3284 3054 3573 3134 συντυχίας
3621 3058 3796 3116 ’ένεκεν

2075 3137 2116 3203 C
2154 3141 2242 3196 καὶ
2275 3139 2541 3217 ὠφελείας
2571 3147 2945 3212 πνευματικῆς
2989 3145 3066 3212 τῷ
3108 3141 3250 3214 ἀγίῳ
3301 3142 3565 3215 Μακαρίῳ
3596 3147 3674 3212 τῷ
3705 3141 3797 3198 λε-

2143 3222 2362 3298 γομένῳ
2392 3221 2687 3292 πολιτικῷ,
2725 3221 2866 3297 λέγει
2901 3221 3045 3293 αὐτῷ
3067 3240 3077 3250 ·
3111 3218 3264 3277 Αϐϐἀ
3294 3225 3562 3296 Μακάριε,
3609 3218 3797 3278 θλίϐο-

2150 3326 2246 3376 μαι
2276 3303 2484 3376 σφόδρα
2509 3345 2520 3358 ,
2558 3303 2883 3377 Ἠνάγκασεν
2918 3300 3007 3356 οῦν
3044 3302 3202 3357 αὐτὸν
3234 3304 3261 3357 6
3293 3307 3389 3357 τοῦ
3411 3307 3652 3376 Χριστοῦ
3671 3302 3799 3359 δοῦ-

2147 3384 2244 3446 λος
2278 3383 2446 3438 εἰπεῖν
2477 3385 2574 3453 τήν
2601 3384 2775 3437 αἰτίαν
2802 3380 2869 3436 δι’
2892 3383 2957 3451 ἢν
2980 3382 3228 3438 λυπεῖται
3255 3403 3266 3417 ·
3303 3385 3330 3438 6
3365 3382 3422 3438 δὲ
3446 3383 3597 3460 λέγει
3620 3386 3794 3458 αὐτῷ·

2745 3478 2978 3526 ΚΕΦΑΛ
3002 3516 3014 3529 .
3061 3474 3154 3527 ΚΔ¹
3183 3517 3196 3530 .

2282 3555 2404 3628 Πιρί
2437 3551 2706 3627 παρθένου
2747 3553 3067 3616 ἑπτακοσίας
3108 3553 3274 3628 εὐχὰς
3314 3557 3626 3626 ποιησάσης
3661 3602 3676 3615 .

2220 3644 2303 3697 Ἐν
2357 3645 2520 3716 κώμῃ
2577 3643 2679 3696 τινὶ
2732 3641 2994 3716 παρθένος
3039 3663 3120 3704 τις
3171 3649 3415 3698 κατοικεῖ
3472 3647 3794 3719 τριακοστὸν

2148 3724 2264 3792 ἔτος
2295 3728 2404 3798 ἤδη
2438 3728 2641 3804 ἔχουσα
2671 3730 2978 3803 ἀσκουμένη
3017 3752 3027 3763 ’
3062 3732 3184 3806 περὶ
3213 3735 3279 3800 ἧς
3312 3732 3516 3789 πολλοί
3573 3757 3667 3807 μοι
3720 3734 3800 3791 δι-

2148 3821 2440 3894 ηγήσαντο,
2475 3820 2559 3875 ὅτι
2607 3822 2870 3894 παρεκτὸς
2924 3817 3211 3876 Σαϐϐάτου
3311 3829 3584 3898 Κυριακῆς
3634 3823 3796 3880 οὐδέ-

2145 3929 2276 3963 ποτε
2303 3909 2516 3986 γεύεται
2548 3907 2728 3978 ἄλλην
2762 3912 2996 3984 ἡμέραν,
3029 3909 3174 3965 ἀλλὰ
3211 3913 3303 3967 τὸν
3338 3913 3625 3986 σύμπαντα
3653 3915 3800 3990 χρό-

2143 4021 2230 4055 νον
2291 3998 2524 4054 ἕλκουσα
2579 4001 2671 4061 τάς
2727 3995 3053 4072 ἑϐδομάδας,
3095 4003 3184 4055 καὶ
3245 3999 3316 4056 δι’
3358 4006 3582 4076 ἡμερῶν
3638 4004 3796 4060 πέντε

2145 4087 2412 4156 ἐσθίουσα,
2465 4095 2614 4144 ποιεῖ
2661 4090 2826 4164 εὐχὰς
2876 4089 3197 4152 ἐπτακοσίας
3233 4136 3244 4148 .
3298 4093 3396 4148 Καὶ
3445 4092 3797 4166 ἀπευδόκησα

2144 4180 2254 4253 ἐγὼ
2299 4180 2552 4252 ἐμαυτοῦ,
2608 4183 2772 4235 τοῦτο
2845 4180 3055 4252 μαθὼν,
3123 4182 3211 4236 καί
3262 4180 3649 4256 λογισάμενος.
3711 4184 3796 4240 ὅτι

2143 4268 2279 4342 ἀνὴρ
2326 4270 2444 4323 κατ’
2493 4267 2700 4339 ἐκείνην
2747 4274 2816 4342 τῇ
2869 4269 3032 4345 ῥώμῃ
3079 4275 3175 4325 τοῦ
3225 4271 3477 4345 σώματος
3521 4271 3793 4348 δημιουρ-

2143 4357 2332 4432 γηθεὶς
2368 4357 2502 4431 ὑπὲρ
2533 4359 2628 4418 τὰς
2679 4359 2991 4431 τριακοσίας
3024 4359 3192 4439 εύχὰς
3231 4367 3457 4430 ποιῆσαι
3510 4361 3607 4416 οὐκ
3655 4360 3792 4430 ἡδυ-

2141 4450 2312 4517 νηθην
2341 4490 2352 4502 .
2390 4447 2769 4522 Ἀποκρίνεται
2802 4447 2949 4517 αύτῷ
2979 4450 3006 4502 6
3041 4448 3200 4526 ἅγιος
3231 4452 3532 4527 Μακάριος,
3567 4449 3738 4525 λέγων
3770 4469 3785 4482 ⁸

2145 4538 2286 4608 Ἐγὼ
2319 4538 2605 4607 ἑξηκοστὸν
2640 4536 2756 4599 ἔτος
2804 4533 2918 4614 ἔχω
2963 4541 3050 4615 ἀφ’
3110 4538 3171 4593 οῦ
3221 4541 3406 4596 ἑκατὸν
3455 4539 3776 4610 τεταγμένας

2145 4626 2306 4688 εὐκάς
2342 4632 2485 4680 ποιῶ
2535 4629 2623 4680 καὶ
2671 4629 2736 4681 τά
2787 4628 2922 4701 πρὸς
2977 4631 3184 4707 τροφὴν
3247 4628 3593 4706 ἐργαζόμενος
3651 4632 3774 4688 ταῖς

2142 4714 2352 4796 χερσὶν,
2375 4716 2465 4769 καὶ
2495 4721 2613 4778 τοῖς
2643 4713 2903 4792 ἀδελφοῖς
2941 4719 3038 4784 τήν
3072 4717 3304 4796 ἀφειλήν
3354 4725 3449 4788 τῆς
3490 4716 3788 4793 συντυχίας

2139 4793 2435 4858 ἀποδιδούς
2472 4797 2602 4850 ’καὶ
2656 4797 2717 4850 οὐ
2767 4798 2937 4870 κρίνει
2989 4818 3056 4871 με
3086 4793 3413 4875 ὁ-λογισμὸς
3460 4800 3531 4860 ὡς
3581 4798 3787 4871 ἀμελή·

2138 4907 2332 4942 σαντα.
2375 4887 2436 4940 Εἰ
2487 4883 2542 4940 δὲ
2592 4887 2652 4941 σὺ
2684 4888 2994 4961 τριακοσίας
3042 4887 3207 4964 εὐχὰς
3257 4896 3430 4946 ποιῶν
3480 4890 3638 4966 κρίνῃ
3683 4890 3786 4945 ὑπὸ

2135 4980 2232 5031 τοῦ
2264 4973 2591 5047 συνειδότος,
2627 4974 2795 5045 δῆλος
2819 4979 2866 5032 εἴ
2885 4979 3133 5052 καθαρῶς
3162 4981 3330 5042 αὐτὰς
3357 4983 3430 5053 μὴ
3460 4980 3788 5055 εὐχόμενος,

2136 5065 2172 5135 ἢ
2205 5063 2496 5140 δυνάμενος
2527 5067 2783 5129 πλείονας
2816 5065 3066 5142 εὔχεσθαι
3097 5069 3186 5125 καὶ
3222 5072 3298 5143 μὴ
3333 5071 3641 5148 εὐχόμενος
3669 5114 3685 5129 .

2739 5164 2969 5213 ΚΕΦΔΛ
2997 5203 3009 5215 .
3055 5161 3154 5215 KE'
3178 5205 3191 5217 .

2387 5239 2512 5311 Περὶ
2547 5237 2818 5314 Εὑλογίου
2857 5240 2945 5293 καὶ
2977 5243 3072 5294 τοῦ
3105 5238 3504 5316 λελωϐημένου
3534 5289 3547 5301 .

2212 5327 2437 5404 Κρόνιός
2471 5349 2565 5400 μοι
2617 5325 2922 5402 διηγήσατο
2972 5324 3334 5404 πρεσϐύτερος
3395 5337 3496 5400 τῆς
3544 5331 3800 5404 Νιτρίας,

2137 5419 2220 5473 ὅτι
2268 5419 2529 5490 νεώτερος
2588 5412 2662 5471 ὥν
2691 5418 2753 5472 τὸ
2801 5419 2919 5471 κατ’
2965 5418 3161 5497 ἀρχὰς,
3209 5419 3298 5473 καὶ
3348 5416 3576 5488 ἀκηδίας
3630 5421 3801 5497 χάριν

2136 5506 2315 5586 φυγὼν
2349 5507 2408 5561 ἐκ
2438 5511 2534 5572 τῆς
2570 5513 2744 5580 μονῆς
2785 5511 2880 5561 τοῦ
2914 5505 3350 5582 ἀρχιμανδρίτου
3401 5529 3508 5581 μου
3562 5506 3801 5582 ἀλώμε-

2133 5619 2223 5663 νος
2253 5595 2454 5677 ἕφθασα
2481 5592 2586 5661 ἕως
2615 5601 2712 5655 τοῦ
2743 5597 2904 5675 ὅρους
2933 5602 3030 5654 τοῦ
3060 5597 3222 5676 ἁγίου
3254 5598 3568 5673 Ἀντωνίου³
3605 5599 3805 5658 Ἐκαο-
