  <div class='ocr_page' id='page_1' title='image "/cluster/home/n/w/nwhite01/storage/ocr_20150623/34/mdp.39015041165401/602.png"; bbox 0 0 4076 6280; ppageno 0'>
   <div class='ocr_carea' id='block_1_1' title="bbox 277 284 431 344">
    <p class='ocr_par' dir='ltr' id='par_1_1' title="bbox 277 284 431 344">
     <span class='ocr_line' id='line_1_1' title="bbox 277 284 431 344; baseline -0.013 0"><span class='ocrx_word' id='word_1_1' title='bbox 277 288 304 344; x_wconf 89' lang='grc'><strong>1</strong></span> <span class='ocrx_word' id='word_1_2' title='bbox 313 284 431 342; x_wconf 84' lang='grc'><strong>069</strong></span> 
     </span>
    </p>
   </div>
   <div class='ocr_carea' id='block_1_2' title="bbox 1617 276 2444 340">
    <p class='ocr_par' dir='ltr' id='par_1_2' title="bbox 1617 276 2444 340">
     <span class='ocr_line' id='line_1_2' title="bbox 1617 276 2444 340; baseline -0.007 0"><span class='ocrx_word' id='word_1_3' title='bbox 1617 276 1990 340; x_wconf 81' lang='lat' dir='ltr'><strong>HISTORIA</strong></span> <span class='ocrx_word' id='word_1_4' title='bbox 2038 276 2444 337; x_wconf 84' lang='lat' dir='ltr'><strong>LAUSIACA.</strong></span> 
     </span>
    </p>
   </div>
   <div class='ocr_carea' id='block_1_3' title="bbox 3629 273 3785 333">
    <p class='ocr_par' dir='ltr' id='par_1_3' title="bbox 3629 273 3785 333">
     <span class='ocr_line' id='line_1_3' title="bbox 3629 273 3785 333; baseline 0 -1"><span class='ocrx_word' id='word_1_5' title='bbox 3629 273 3785 333; x_wconf 86' lang='grc'><strong>1070</strong></span> 
     </span>
    </p>
   </div>
   <div class='ocr_carea' id='block_1_4' title="bbox 273 407 3786 487">
    <p class='ocr_par' dir='ltr' id='par_1_4' title="bbox 273 407 3786 487">
     <span class='ocr_line' id='line_1_4' title="bbox 273 407 3786 487; baseline -0.002 -15"><span class='ocrx_word' id='word_1_6' title='bbox 273 422 334 472; x_wconf 91' lang='lat' dir='ltr'><strong>ut</strong></span> <span class='ocrx_word' id='word_1_7' title='bbox 367 417 461 487; x_wconf 86' lang='lat' dir='ltr'><strong>qui</strong></span> <span class='ocrx_word' id='word_1_8' title='bbox 488 415 629 470; x_wconf 83' lang='lat' dir='ltr'><strong>nihil</strong></span> <span class='ocrx_word' id='word_1_9' title='bbox 664 414 818 468; x_wconf 83' lang='lat' dir='ltr'><strong>aliud</strong></span> <span class='ocrx_word' id='word_1_10' title='bbox 860 417 1118 468; x_wconf 78' lang='lat' dir='ltr'><strong>sumeret</strong></span> <span class='ocrx_word' id='word_1_11' title='bbox 1154 419 1360 484; x_wconf 84' lang='lat' dir='ltr'><strong>praeter</strong></span> <span class='ocrx_word' id='word_1_12' title='bbox 1381 415 1550 486; x_wconf 89' lang='lat' dir='ltr'><strong>panis</strong></span> <span class='ocrx_word' id='word_1_13' title='bbox 1600 414 1738 469; x_wconf 87' lang='lat' dir='ltr'><strong>sicci</strong></span> <span class='ocrx_word' id='word_1_14' title='bbox 1773 410 1976 466; x_wconf 83' lang='lat' dir='ltr'><strong>uncias</strong></span> <span class='ocrx_word' id='word_1_15' title='bbox 2006 409 2058 474; x_wconf 85' lang='grc' dir='ltr'><strong>Α</strong></span> <span class='ocrx_word' id='word_1_16' title='bbox 2089 425 2159 462; x_wconf 89' lang='lat' dir='ltr'><strong>ne</strong></span> <span class='ocrx_word' id='word_1_17' title='bbox 2190 408 2476 464; x_wconf 87' lang='lat' dir='ltr'><strong>incideres</strong></span> <span class='ocrx_word' id='word_1_18' title='bbox 2507 409 2564 463; x_wconf 93' lang='lat' dir='ltr'><strong>in</strong></span> <span class='ocrx_word' id='word_1_19' title='bbox 2599 409 2776 465; x_wconf 90' lang='lat' dir='ltr'><strong>animi</strong></span> <span class='ocrx_word' id='word_1_20' title='bbox 2808 408 3138 464; x_wconf 82' lang='lat' dir='ltr'><strong>elationem.</strong></span> <span class='ocrx_word' id='word_1_21' title='bbox 3170 407 3270 462; x_wconf 92' lang='lat' dir='ltr'><strong>His</strong></span> <span class='ocrx_word' id='word_1_22' title='bbox 3289 407 3501 463; x_wconf 82' lang='lat' dir='ltr'><strong>auditis</strong></span> <span class='ocrx_word' id='word_1_23' title='bbox 3523 423 3786 464; x_wconf 80' lang='lat' dir='ltr'><strong>reversus</strong></span> 
     </span>
    </p>
   </div>
   <div class='ocr_carea' id='block_1_5' title="bbox 274 501 1971 575">
    <p class='ocr_par' dir='ltr' id='par_1_5' title="bbox 274 501 1971 575">
     <span class='ocr_line' id='line_1_5' title="bbox 274 501 1971 575; baseline -0.004 -17"><span class='ocrx_word' id='word_1_24' title='bbox 274 503 600 569; x_wconf 88' lang='lat' dir='ltr'><strong>duodecim,</strong></span> <span class='ocrx_word' id='word_1_25' title='bbox 639 501 954 570; x_wconf 90' lang='lat' dir='ltr'><strong>plurimum</strong></span> <span class='ocrx_word' id='word_1_26' title='bbox 999 517 1263 570; x_wconf 89' lang='lat' dir='ltr'><strong>operans,</strong></span> <span class='ocrx_word' id='word_1_27' title='bbox 1298 507 1354 558; x_wconf 89' lang='lat' dir='ltr'><strong>et</strong></span> <span class='ocrx_word' id='word_1_28' title='bbox 1383 503 1804 575; x_wconf 81' lang='lat' dir='ltr'><strong>quinquaginta</strong></span> <span class='ocrx_word' id='word_1_29' title='bbox 1851 516 1971 554; x_wconf 88' lang='lat' dir='ltr'><strong>ora-</strong></span> 
     </span>
    </p>
   </div>
   <div class='ocr_carea' id='block_1_6' title="bbox 275 592 1074 662">
    <p class='ocr_par' dir='ltr' id='par_1_6' title="bbox 275 592 1074 662">
     <span class='ocr_line' id='line_1_6' title="bbox 275 592 1074 662; baseline -0.005 -14"><span class='ocrx_word' id='word_1_30' title='bbox 275 595 460 648; x_wconf 87' lang='lat' dir='ltr'><strong>tiones</strong></span> <span class='ocrx_word' id='word_1_31' title='bbox 491 592 750 662; x_wconf 84' lang='lat' dir='ltr'><strong>quotidie</strong></span> <span class='ocrx_word' id='word_1_32' title='bbox 774 607 1074 661; x_wconf 81' lang='lat' dir='ltr'><strong>peragens.</strong></span> 
     </span>
    </p>
   </div>
   <div class='ocr_carea' id='block_1_7' title="bbox 344 681 1976 750">
    <p class='ocr_par' dir='ltr' id='par_1_7' title="bbox 344 681 1976 750">
     <span class='ocr_line' id='line_1_7' title="bbox 344 681 1976 750; baseline -0.002 -14"><span class='ocrx_word' id='word_1_33' title='bbox 344 684 515 736; x_wconf 90' lang='lat' dir='ltr'><strong>Porro</strong></span> <span class='ocrx_word' id='word_1_34' title='bbox 540 685 736 734; x_wconf 88' lang='lat' dir='ltr'><strong>autem</strong></span> <span class='ocrx_word' id='word_1_35' title='bbox 770 681 1034 750; x_wconf 84' lang='lat' dir='ltr'><strong>quamvis</strong></span> <span class='ocrx_word' id='word_1_36' title='bbox 1067 697 1239 735; x_wconf 90' lang='lat' dir='ltr'><strong>suum</strong></span> <span class='ocrx_word' id='word_1_37' title='bbox 1273 689 1628 738; x_wconf 88' lang='lat' dir='ltr'><strong>macerasset</strong></span> <span class='ocrx_word' id='word_1_38' title='bbox 1659 694 1976 750; x_wconf 90' lang='lat' dir='ltr'><strong>corpuscu-</strong></span> 
     </span>
    </p>
   </div>
   <div class='ocr_carea' id='block_1_8' title="bbox 274 768 1974 841">
    <p class='ocr_par' dir='ltr' id='par_1_8' title="bbox 274 768 1974 841">
     <span class='ocr_line' id='line_1_8' title="bbox 274 768 1974 841; baseline -0.004 -14"><span class='ocrx_word' id='word_1_39' title='bbox 274 773 418 834; x_wconf 88' lang='lat' dir='ltr'><strong>lum,</strong></span> <span class='ocrx_word' id='word_1_40' title='bbox 454 772 776 841; x_wconf 84' lang='lat' dir='ltr'><strong>permansit</strong></span> <span class='ocrx_word' id='word_1_41' title='bbox 833 778 1024 824; x_wconf 88' lang='lat' dir='ltr'><strong>tamen</strong></span> <span class='ocrx_word' id='word_1_42' title='bbox 1056 770 1478 836; x_wconf 88' lang='lat' dir='ltr'><strong>inflammatus,</strong></span> <span class='ocrx_word' id='word_1_43' title='bbox 1511 776 1566 824; x_wconf 87' lang='lat' dir='ltr'><strong>et</strong></span> <span class='ocrx_word' id='word_1_44' title='bbox 1600 769 1883 841; x_wconf 67' lang='lat' dir='ltr'><strong>praecipue</strong></span> <span class='ocrx_word' id='word_1_45' title='bbox 1917 768 1974 820; x_wconf 94' lang='lat' dir='ltr'><strong>in</strong></span> 
     </span>
    </p>
   </div>
   <div class='ocr_carea' id='block_1_9' title="bbox 275 858 1974 929">
    <p class='ocr_par' dir='ltr' id='par_1_9' title="bbox 275 858 1974 929">
     <span class='ocr_line' id='line_1_9' title="bbox 275 858 1974 929; baseline -0.003 -14"><span class='ocrx_word' id='word_1_46' title='bbox 275 860 516 915; x_wconf 86' lang='lat' dir='ltr'><strong>somnis.</strong></span> <span class='ocrx_word' id='word_1_47' title='bbox 550 859 690 913; x_wconf 91' lang='lat' dir='ltr'><strong>Cum</strong></span> <span class='ocrx_word' id='word_1_48' title='bbox 726 868 916 913; x_wconf 90' lang='lat' dir='ltr'><strong>autem</strong></span> <span class='ocrx_word' id='word_1_49' title='bbox 952 861 1317 928; x_wconf 89' lang='lat' dir='ltr'><strong>surrexisset,</strong></span> <span class='ocrx_word' id='word_1_50' title='bbox 1363 861 1628 914; x_wconf 89' lang='lat' dir='ltr'><strong>convenit</strong></span> <span class='ocrx_word' id='word_1_51' title='bbox 1659 858 1974 929; x_wconf 77' lang='lat' dir='ltr'><strong>quemdam</strong></span> 
     </span>
    </p>
   </div>
   <div class='ocr_carea' id='block_1_10' title="bbox 272 947 1972 1020">
    <p class='ocr_par' dir='ltr' id='par_1_10' title="bbox 272 947 1972 1020">
     <span class='ocr_line' id='line_1_10' title="bbox 272 947 1972 1020; baseline -0.003 -17"><span class='ocrx_word' id='word_1_52' title='bbox 272 948 449 1003; x_wconf 89' lang='lat' dir='ltr'><strong>alium</strong></span> <span class='ocrx_word' id='word_1_53' title='bbox 486 949 834 1002; x_wconf 89' lang='lat' dir='ltr'><strong>monachum</strong></span> <span class='ocrx_word' id='word_1_54' title='bbox 871 959 1131 1003; x_wconf 85' lang='lat' dir='ltr'><strong>sanctum</strong></span> <span class='ocrx_word' id='word_1_55' title='bbox 1154 950 1650 1020; x_wconf 86' lang='lat' dir='ltr'><strong>probatissimum,</strong></span> <span class='ocrx_word' id='word_1_56' title='bbox 1674 953 1728 1002; x_wconf 91' lang='lat' dir='ltr'><strong>et</strong></span> <span class='ocrx_word' id='word_1_57' title='bbox 1749 947 1972 1001; x_wconf 90' lang='lat' dir='ltr'><strong>eidicit:</strong></span> 
     </span>
    </p>
   </div>
   <div class='ocr_carea' id='block_1_11' title="bbox 273 1036 1977 1102">
    <p class='ocr_par' dir='ltr' id='par_1_11' title="bbox 273 1036 1977 1102">
     <span class='ocr_line' id='line_1_11' title="bbox 273 1036 1977 1102; baseline -0.003 -11"><span class='ocrx_word' id='word_1_58' title='bbox 273 1039 418 1102; x_wconf 88' lang='lat' dir='ltr'><strong>Quid</strong></span> <span class='ocrx_word' id='word_1_59' title='bbox 455 1037 684 1097; x_wconf 87' lang='lat' dir='ltr'><strong>faciam,</strong></span> <span class='ocrx_word' id='word_1_60' title='bbox 713 1036 906 1091; x_wconf 85' lang='lat' dir='ltr'><strong>abba?</strong></span> <span class='ocrx_word' id='word_1_61' title='bbox 938 1037 1164 1091; x_wconf 84' lang='lat' dir='ltr'><strong>Rationi</strong></span> <span class='ocrx_word' id='word_1_62' title='bbox 1198 1055 1332 1092; x_wconf 58' lang='lat' dir='ltr'><strong>mea;</strong></span> <span class='ocrx_word' id='word_1_63' title='bbox 1377 1037 1638 1093; x_wconf 91' lang='lat' dir='ltr'><strong>tenebras</strong></span> <span class='ocrx_word' id='word_1_64' title='bbox 1673 1036 1977 1090; x_wconf 87' lang='lat' dir='ltr'><strong>oflundunt</strong></span> 
     </span>
    </p>
   </div>
   <div class='ocr_carea' id='block_1_12' title="bbox 271 1124 1978 1196">
    <p class='ocr_par' dir='ltr' id='par_1_12' title="bbox 271 1124 1978 1196">
     <span class='ocr_line' id='line_1_12' title="bbox 271 1124 1978 1196; baseline -0.004 -14"><span class='ocrx_word' id='word_1_65' title='bbox 271 1129 499 1182; x_wconf 81' lang='lat' dir='ltr'><strong>somnia</strong></span> <span class='ocrx_word' id='word_1_66' title='bbox 529 1126 729 1191; x_wconf 84' lang='lat' dir='ltr'><strong>animi,</strong></span> <span class='ocrx_word' id='word_1_67' title='bbox 761 1131 823 1179; x_wconf 92' lang='lat' dir='ltr'><strong>ut</strong></span> <span class='ocrx_word' id='word_1_68' title='bbox 851 1127 948 1196; x_wconf 90' lang='lat' dir='ltr'><strong>qui</strong></span> <span class='ocrx_word' id='word_1_69' title='bbox 982 1126 1064 1180; x_wconf 91' lang='lat' dir='ltr'><strong>eis</strong></span> <span class='ocrx_word' id='word_1_70' title='bbox 1114 1144 1180 1180; x_wconf 88' lang='lat' dir='ltr'><strong>ex</strong></span> <span class='ocrx_word' id='word_1_71' title='bbox 1214 1127 1383 1182; x_wconf 91' lang='lat' dir='ltr'><strong>veleri</strong></span> <span class='ocrx_word' id='word_1_72' title='bbox 1427 1125 1848 1181; x_wconf 85' lang='lat' dir='ltr'><strong>consuetudine</strong></span> <span class='ocrx_word' id='word_1_73' title='bbox 1878 1124 1978 1177; x_wconf 90' lang='lat' dir='ltr'><strong>de-</strong></span> 
     </span>
    </p>
   </div>
   <div class='ocr_carea' id='block_1_13' title="bbox 270 1216 1974 1272">
    <p class='ocr_par' dir='ltr' id='par_1_13' title="bbox 270 1216 1974 1272">
     <span class='ocr_line' id='line_1_13' title="bbox 270 1216 1974 1272; baseline -0.003 -1"><span class='ocrx_word' id='word_1_74' title='bbox 270 1217 465 1272; x_wconf 90' lang='lat' dir='ltr'><strong>lecter.</strong></span> <span class='ocrx_word' id='word_1_75' title='bbox 502 1217 650 1270; x_wconf 80' lang='lat' dir='ltr'><strong>Dicit</strong></span> <span class='ocrx_word' id='word_1_76' title='bbox 671 1217 720 1269; x_wconf 93' lang='lat' dir='ltr'><strong>ei</strong></span> <span class='ocrx_word' id='word_1_77' title='bbox 755 1217 850 1270; x_wconf 91' lang='lat' dir='ltr'><strong>ille</strong></span> <span class='ocrx_word' id='word_1_78' title='bbox 883 1222 1162 1270; x_wconf 87' lang='lat' dir='ltr'><strong>sanctus:</strong></span> <span class='ocrx_word' id='word_1_79' title='bbox 1197 1217 1318 1271; x_wconf 88' lang='lat' dir='ltr'><strong>Non</strong></span> <span class='ocrx_word' id='word_1_80' title='bbox 1372 1216 1684 1272; x_wconf 91' lang='lat' dir='ltr'><strong>cohibuisti</strong></span> <span class='ocrx_word' id='word_1_81' title='bbox 1720 1219 1974 1267; x_wconf 85' lang='lat' dir='ltr'><strong>mentem</strong></span> 
     </span>
    </p>
   </div>
   <div class='ocr_carea' id='block_1_14' title="bbox 271 1304 1977 1375">
    <p class='ocr_par' dir='ltr' id='par_1_14' title="bbox 271 1304 1977 1375">
     <span class='ocr_line' id='line_1_14' title="bbox 271 1304 1977 1375; baseline -0.002 -14"><span class='ocrx_word' id='word_1_82' title='bbox 271 1311 424 1361; x_wconf 88' lang='lat' dir='ltr'><strong>tuam</strong></span> <span class='ocrx_word' id='word_1_83' title='bbox 462 1306 649 1360; x_wconf 89' lang='lat' dir='ltr'><strong>avisis</strong></span> <span class='ocrx_word' id='word_1_84' title='bbox 683 1322 806 1375; x_wconf 66' lang='lat' dir='ltr'><strong>quae</strong></span> <span class='ocrx_word' id='word_1_85' title='bbox 858 1306 912 1359; x_wconf 93' lang='lat' dir='ltr'><strong>in</strong></span> <span class='ocrx_word' id='word_1_86' title='bbox 945 1309 1028 1360; x_wconf 91' lang='lat' dir='ltr'><strong>eis</strong></span> <span class='ocrx_word' id='word_1_87' title='bbox 1056 1313 1383 1370; x_wconf 84' lang='lat' dir='ltr'><strong>versantur,</strong></span> <span class='ocrx_word' id='word_1_88' title='bbox 1434 1324 1495 1361; x_wconf 87' lang='lat' dir='ltr'><strong>ea</strong></span> <span class='ocrx_word' id='word_1_89' title='bbox 1529 1309 1599 1359; x_wconf 90' lang='lat' dir='ltr'><strong>de</strong></span> <span class='ocrx_word' id='word_1_90' title='bbox 1631 1323 1810 1359; x_wconf 84' lang='lat' dir='ltr'><strong>causa</strong></span> <span class='ocrx_word' id='word_1_91' title='bbox 1858 1304 1977 1358; x_wconf 68' lang='lat' dir='ltr'><strong>haec</strong></span> 
     </span>
    </p>
   </div>
   <div class='ocr_carea' id='block_1_15' title="bbox 271 1393 1980 1465">
    <p class='ocr_par' dir='ltr' id='par_1_15' title="bbox 271 1393 1980 1465">
     <span class='ocr_line' id='line_1_15' title="bbox 271 1393 1980 1465; baseline -0.002 -15"><span class='ocrx_word' id='word_1_92' title='bbox 271 1396 549 1451; x_wconf 83' lang='lat' dir='ltr'><strong>sustines.</strong></span> <span class='ocrx_word' id='word_1_93' title='bbox 589 1395 696 1450; x_wconf 84' lang='lat' dir='ltr'><strong>Fac</strong></span> <span class='ocrx_word' id='word_1_94' title='bbox 727 1412 859 1456; x_wconf 63' lang='lat' dir='ltr'><strong>ergo</strong></span> <span class='ocrx_word' id='word_1_95' title='bbox 892 1397 1035 1463; x_wconf 89' lang='lat' dir='ltr'><strong>quod</strong></span> <span class='ocrx_word' id='word_1_96' title='bbox 1071 1397 1220 1452; x_wconf 91' lang='lat' dir='ltr'><strong>dico.</strong></span> <span class='ocrx_word' id='word_1_97' title='bbox 1259 1396 1411 1451; x_wconf 86' lang='lat' dir='ltr'><strong>Dede</strong></span> <span class='ocrx_word' id='word_1_98' title='bbox 1447 1402 1500 1450; x_wconf 92' lang='lat' dir='ltr'><strong>te</strong></span> <span class='ocrx_word' id='word_1_99' title='bbox 1557 1396 1836 1465; x_wconf 77' lang='lat' dir='ltr'><strong>paulatim</strong></span> <span class='ocrx_word' id='word_1_100' title='bbox 1889 1393 1980 1446; x_wconf 80' lang='lat' dir='ltr'><strong>vi-</strong></span> 
     </span>
    </p>
   </div>
   <div class='ocr_carea' id='block_1_16' title="bbox 273 1485 1978 1551">
    <p class='ocr_par' dir='ltr' id='par_1_16' title="bbox 273 1485 1978 1551">
     <span class='ocr_line' id='line_1_16' title="bbox 273 1485 1978 1551; baseline -0.001 -14"><span class='ocrx_word' id='word_1_101' title='bbox 273 1485 447 1551; x_wconf 70' lang='lat' dir='ltr'><strong>giliaa,</strong></span> <span class='ocrx_word' id='word_1_102' title='bbox 481 1490 536 1539; x_wconf 90' lang='lat' dir='ltr'><strong>et</strong></span> <span class='ocrx_word' id='word_1_103' title='bbox 566 1501 668 1538; x_wconf 91' lang='lat' dir='ltr'><strong>ora</strong></span> <span class='ocrx_word' id='word_1_104' title='bbox 690 1485 958 1548; x_wconf 87' lang='lat' dir='ltr'><strong>sobrius;</strong></span> <span class='ocrx_word' id='word_1_105' title='bbox 994 1485 1146 1538; x_wconf 92' lang='lat' dir='ltr'><strong>etab</strong></span> <span class='ocrx_word' id='word_1_106' title='bbox 1173 1486 1263 1539; x_wconf 90' lang='lat' dir='ltr'><strong>his</strong></span> <span class='ocrx_word' id='word_1_107' title='bbox 1295 1489 1407 1540; x_wconf 91' lang='lat' dir='ltr'><strong>cito</strong></span> <span class='ocrx_word' id='word_1_108' title='bbox 1443 1485 1808 1539; x_wconf 89' lang='lat' dir='ltr'><strong>liheraberis.</strong></span> <span class='ocrx_word' id='word_1_109' title='bbox 1841 1487 1978 1537; x_wconf 91' lang='lat' dir='ltr'><strong>Cum</strong></span> 
     </span>
    </p>
   </div>
   <div class='ocr_carea' id='block_1_17' title="bbox 273 1573 1978 1644">
    <p class='ocr_par' dir='ltr' id='par_1_17' title="bbox 273 1573 1978 1644">
     <span class='ocr_line' id='line_1_17' title="bbox 273 1573 1978 1644; baseline 0 -18"><span class='ocrx_word' id='word_1_110' title='bbox 273 1573 378 1626; x_wconf 92' lang='lat' dir='ltr'><strong>hoc</strong></span> <span class='ocrx_word' id='word_1_111' title='bbox 411 1578 601 1628; x_wconf 82' lang='lat' dir='ltr'><strong>autem</strong></span> <span class='ocrx_word' id='word_1_112' title='bbox 629 1574 910 1627; x_wconf 89' lang='lat' dir='ltr'><strong>monitum</strong></span> <span class='ocrx_word' id='word_1_113' title='bbox 927 1574 1205 1628; x_wconf 90' lang='lat' dir='ltr'><strong>audiisset</strong></span> <span class='ocrx_word' id='word_1_114' title='bbox 1229 1574 1310 1627; x_wconf 79' lang='lat' dir='ltr'><strong>vir</strong></span> <span class='ocrx_word' id='word_1_115' title='bbox 1344 1574 1674 1644; x_wconf 73' lang='lat' dir='ltr'><strong>praeclarus,</strong></span> <span class='ocrx_word' id='word_1_116' title='bbox 1703 1579 1978 1642; x_wconf 87' lang='lat' dir='ltr'><strong>tanquam</strong></span> 
     </span>
    </p>
   </div>
   <div class='ocr_carea' id='block_1_18' title="bbox 275 1663 1981 1734">
    <p class='ocr_par' dir='ltr' id='par_1_18' title="bbox 275 1663 1981 1734">
     <span class='ocr_line' id='line_1_18' title="bbox 275 1663 1981 1734; baseline 0.001 -17"><span class='ocrx_word' id='word_1_117' title='bbox 275 1665 344 1718; x_wconf 87' lang='lat' dir='ltr'><strong>ab</strong></span> <span class='ocrx_word' id='word_1_118' title='bbox 371 1681 434 1718; x_wconf 87' lang='lat' dir='ltr'><strong>eo</strong></span> <span class='ocrx_word' id='word_1_119' title='bbox 470 1663 564 1734; x_wconf 92' lang='lat' dir='ltr'><strong>qui</strong></span> <span class='ocrx_word' id='word_1_120' title='bbox 593 1669 715 1718; x_wconf 90' lang='lat' dir='ltr'><strong>erat</strong></span> <span class='ocrx_word' id='word_1_121' title='bbox 756 1666 962 1718; x_wconf 75' lang='lat' dir='ltr'><strong>artifex</strong></span> <span class='ocrx_word' id='word_1_122' title='bbox 1010 1665 1388 1734; x_wconf 86' lang='lat' dir='ltr'><strong>experientia,</strong></span> <span class='ocrx_word' id='word_1_123' title='bbox 1438 1665 1495 1719; x_wconf 92' lang='lat' dir='ltr'><strong>in</strong></span> <span class='ocrx_word' id='word_1_124' title='bbox 1531 1664 1735 1718; x_wconf 82' lang='lat' dir='ltr'><strong>cellam</strong></span> <span class='ocrx_word' id='word_1_125' title='bbox 1791 1680 1981 1718; x_wconf 88' lang='lat' dir='ltr'><strong>rever-</strong></span> 
     </span>
    </p>
   </div>
   <div class='ocr_carea' id='block_1_19' title="bbox 2083 497 3787 568">
    <p class='ocr_par' dir='ltr' id='par_1_19' title="bbox 2083 497 3787 568">
     <span class='ocr_line' id='line_1_19' title="bbox 2083 497 3787 568; baseline -0.001 -17"><span class='ocrx_word' id='word_1_126' title='bbox 2083 498 2254 551; x_wconf 88' lang='lat' dir='ltr'><strong>estin</strong></span> <span class='ocrx_word' id='word_1_127' title='bbox 2300 497 2527 565; x_wconf 84' lang='lat' dir='ltr'><strong>cellam,</strong></span> <span class='ocrx_word' id='word_1_128' title='bbox 2561 497 2749 567; x_wconf 89' lang='lat' dir='ltr'><strong>quiete</strong></span> <span class='ocrx_word' id='word_1_129' title='bbox 2808 498 3081 568; x_wconf 88' lang='lat' dir='ltr'><strong>deinceps</strong></span> <span class='ocrx_word' id='word_1_130' title='bbox 3139 497 3446 552; x_wconf 90' lang='lat' dir='ltr'><strong>attendens</strong></span> <span class='ocrx_word' id='word_1_131' title='bbox 3495 497 3787 551; x_wconf 90' lang='lat' dir='ltr'><strong>moderato</strong></span> 
     </span>
    </p>
   </div>
   <div class='ocr_carea' id='block_1_20' title="bbox 2083 585 3789 642">
    <p class='ocr_par' dir='ltr' id='par_1_20' title="bbox 2083 585 3789 642">
     <span class='ocr_line' id='line_1_20' title="bbox 2083 585 3789 642; baseline 0.001 -4"><span class='ocrx_word' id='word_1_132' title='bbox 2083 586 2346 642; x_wconf 88' lang='lat' dir='ltr'><strong>instituto</strong></span> <span class='ocrx_word' id='word_1_133' title='bbox 2397 587 2838 642; x_wconf 83' lang='lat' dir='ltr'><strong>exercitationis.</strong></span> <span class='ocrx_word' id='word_1_134' title='bbox 2899 585 3028 641; x_wconf 90' lang='lat' dir='ltr'><strong>Post</strong></span> <span class='ocrx_word' id='word_1_135' title='bbox 3087 587 3235 641; x_wconf 89' lang='lat' dir='ltr'><strong>duos</strong></span> <span class='ocrx_word' id='word_1_136' title='bbox 3287 590 3480 641; x_wconf 88' lang='lat' dir='ltr'><strong>autem</strong></span> <span class='ocrx_word' id='word_1_137' title='bbox 3535 585 3622 639; x_wconf 89' lang='lat' dir='ltr'><strong>vel</strong></span> <span class='ocrx_word' id='word_1_138' title='bbox 3671 590 3789 640; x_wconf 89' lang='lat' dir='ltr'><strong>tres</strong></span> 
     </span>
    </p>
   </div>
   <div class='ocr_carea' id='block_1_21' title="bbox 2086 674 3791 747">
    <p class='ocr_par' dir='ltr' id='par_1_21' title="bbox 2086 674 3791 747">
     <span class='ocr_line' id='line_1_21' title="bbox 2086 674 3791 747; baseline 0 -19"><span class='ocrx_word' id='word_1_139' title='bbox 2086 692 2316 730; x_wconf 88' lang='lat' dir='ltr'><strong>menses</strong></span> <span class='ocrx_word' id='word_1_140' title='bbox 2349 683 2631 747; x_wconf 88' lang='lat' dir='ltr'><strong>rogatusa</strong></span> <span class='ocrx_word' id='word_1_141' title='bbox 2691 679 2857 732; x_wconf 90' lang='lat' dir='ltr'><strong>beato</strong></span> <span class='ocrx_word' id='word_1_142' title='bbox 2889 677 3111 732; x_wconf 88' lang='lat' dir='ltr'><strong>Isidoro</strong></span> <span class='ocrx_word' id='word_1_143' title='bbox 3145 676 3480 747; x_wconf 84' lang='lat' dir='ltr'><strong>presbytero</strong></span> <span class='ocrx_word' id='word_1_144' title='bbox 3512 674 3791 730; x_wconf 85' lang='lat' dir='ltr'><strong>exercita-</strong></span> 
     </span>
    </p>
   </div>
   <div class='ocr_carea' id='block_1_22' title="bbox 2085 763 3791 835">
    <p class='ocr_par' dir='ltr' id='par_1_22' title="bbox 2085 763 3791 835">
     <span class='ocr_line' id='line_1_22' title="bbox 2085 763 3791 835; baseline 0.001 -19"><span class='ocrx_word' id='word_1_145' title='bbox 2085 770 2172 817; x_wconf 91' lang='lat' dir='ltr'><strong>tor</strong></span> <span class='ocrx_word' id='word_1_146' title='bbox 2193 763 2417 834; x_wconf 83' lang='lat' dir='ltr'><strong>Moyses</strong></span> <span class='ocrx_word' id='word_1_147' title='bbox 2451 767 2711 834; x_wconf 88' lang='lat' dir='ltr'><strong>nunquid</strong></span> <span class='ocrx_word' id='word_1_148' title='bbox 2753 765 3005 835; x_wconf 86' lang='lat' dir='ltr'><strong>amplius</strong></span> <span class='ocrx_word' id='word_1_149' title='bbox 3046 765 3096 820; x_wconf 93' lang='lat' dir='ltr'><strong>ei</strong></span> <span class='ocrx_word' id='word_1_150' title='bbox 3133 764 3459 820; x_wconf 75' lang='lat' dir='ltr'><strong>molestiam</strong></span> <span class='ocrx_word' id='word_1_151' title='bbox 3490 763 3791 818; x_wconf 88' lang='lat' dir='ltr'><strong>exhibuis-</strong></span> 
     </span>
    </p>
   </div>
   <div class='ocr_carea' id='block_1_23' title="bbox 2085 853 3791 926">
    <p class='ocr_par' dir='ltr' id='par_1_23' title="bbox 2085 853 3791 926">
     <span class='ocr_line' id='line_1_23' title="bbox 2085 853 3791 926; baseline 0.001 -19"><span class='ocrx_word' id='word_1_152' title='bbox 2085 857 2172 907; x_wconf 90' lang='lat' dir='ltr'><strong>set</strong></span> <span class='ocrx_word' id='word_1_153' title='bbox 2199 854 2460 923; x_wconf 89' lang='lat' dir='ltr'><strong>spiritus,</strong></span> <span class='ocrx_word' id='word_1_154' title='bbox 2519 857 2848 926; x_wconf 88' lang='lat' dir='ltr'><strong>respondit:</strong></span> <span class='ocrx_word' id='word_1_155' title='bbox 2884 857 2964 910; x_wconf 81' lang='lat' dir='ltr'><strong>Ab</strong></span> <span class='ocrx_word' id='word_1_156' title='bbox 2998 853 3096 908; x_wconf 91' lang='lat' dir='ltr'><strong>illa</strong></span> <span class='ocrx_word' id='word_1_157' title='bbox 3130 854 3271 908; x_wconf 89' lang='lat' dir='ltr'><strong>hora</strong></span> <span class='ocrx_word' id='word_1_158' title='bbox 3310 870 3424 924; x_wconf 88' lang='lat' dir='ltr'><strong>qua</strong></span> <span class='ocrx_word' id='word_1_159' title='bbox 3476 853 3615 908; x_wconf 88' lang='lat' dir='ltr'><strong>mihi</strong></span> <span class='ocrx_word' id='word_1_160' title='bbox 3663 869 3791 923; x_wconf 85' lang='lat' dir='ltr'><strong>pre-</strong></span> 
     </span>
    </p>
   </div>
   <div class='ocr_carea' id='block_1_24' title="bbox 2087 942 3788 1012">
    <p class='ocr_par' dir='ltr' id='par_1_24' title="bbox 2087 942 3788 1012">
     <span class='ocr_line' id='line_1_24' title="bbox 2087 942 3788 1012; baseline -0.001 -15"><span class='ocrx_word' id='word_1_161' title='bbox 2087 947 2254 998; x_wconf 89' lang='lat' dir='ltr'><strong>catus</strong></span> <span class='ocrx_word' id='word_1_162' title='bbox 2285 944 2606 998; x_wconf 83' lang='lat' dir='ltr'><strong>estChristi</strong></span> <span class='ocrx_word' id='word_1_163' title='bbox 2639 960 2862 1009; x_wconf 80' lang='lat' dir='ltr'><strong>servus,</strong></span> <span class='ocrx_word' id='word_1_164' title='bbox 2887 944 3030 998; x_wconf 90' lang='lat' dir='ltr'><strong>nihil</strong></span> <span class='ocrx_word' id='word_1_165' title='bbox 3067 945 3207 997; x_wconf 89' lang='lat' dir='ltr'><strong>mihi</strong></span> <span class='ocrx_word' id='word_1_166' title='bbox 3235 943 3444 997; x_wconf 89' lang='lat' dir='ltr'><strong>accidit</strong></span> <span class='ocrx_word' id='word_1_167' title='bbox 3475 942 3788 1012; x_wconf 89' lang='lat' dir='ltr'><strong>ejusmodi.</strong></span> 
     </span>
    </p>
   </div>
   <div class='ocr_carea' id='block_1_25' title="bbox 2086 1031 3794 1102">
    <p class='ocr_par' dir='ltr' id='par_1_25' title="bbox 2086 1031 3794 1102">
     <span class='ocr_line' id='line_1_25' title="bbox 2086 1031 3794 1102; baseline -0.001 -16"><span class='ocrx_word' id='word_1_168' title='bbox 2086 1032 2371 1102; x_wconf 82' lang='lat' dir='ltr'><strong>Dignatus</strong></span> <span class='ocrx_word' id='word_1_169' title='bbox 2394 1038 2482 1087; x_wconf 85' lang='lat' dir='ltr'><strong>est</strong></span> <span class='ocrx_word' id='word_1_170' title='bbox 2512 1040 2705 1089; x_wconf 88' lang='lat' dir='ltr'><strong>autem</strong></span> <span class='ocrx_word' id='word_1_171' title='bbox 2742 1035 2832 1088; x_wconf 86' lang='lat' dir='ltr'><strong>hic</strong></span> <span class='ocrx_word' id='word_1_172' title='bbox 2867 1039 3104 1088; x_wconf 88' lang='lat' dir='ltr'><strong>sanctus</strong></span> <span class='ocrx_word' id='word_1_173' title='bbox 3155 1035 3335 1102; x_wconf 86' lang='lat' dir='ltr'><strong>gratia</strong></span> <span class='ocrx_word' id='word_1_174' title='bbox 3368 1033 3642 1086; x_wconf 84' lang='lat' dir='ltr'><strong>adversus</strong></span> <span class='ocrx_word' id='word_1_175' title='bbox 3675 1031 3794 1085; x_wconf 69' lang='lat' dir='ltr'><strong>dae-</strong></span> 
     </span>
    </p>
   </div>
   <div class='ocr_carea' id='block_1_26' title="bbox 2090 1119 3795 1188">
    <p class='ocr_par' dir='ltr' id='par_1_26' title="bbox 2090 1119 3795 1188">
     <span class='ocr_line' id='line_1_26' title="bbox 2090 1119 3795 1188; baseline -0.002 -13"><span class='ocrx_word' id='word_1_176' title='bbox 2090 1138 2310 1188; x_wconf 88' lang='lat' dir='ltr'><strong>mones,</strong></span> <span class='ocrx_word' id='word_1_177' title='bbox 2344 1125 2486 1178; x_wconf 90' lang='lat' dir='ltr'><strong>adeo</strong></span> <span class='ocrx_word' id='word_1_178' title='bbox 2513 1130 2574 1177; x_wconf 90' lang='lat' dir='ltr'><strong>ut</strong></span> <span class='ocrx_word' id='word_1_179' title='bbox 2600 1124 2752 1179; x_wconf 89' lang='lat' dir='ltr'><strong>sicut</strong></span> <span class='ocrx_word' id='word_1_180' title='bbox 2799 1139 2906 1177; x_wconf 91' lang='lat' dir='ltr'><strong>nos</strong></span> <span class='ocrx_word' id='word_1_181' title='bbox 2962 1137 3188 1177; x_wconf 82' lang='lat' dir='ltr'><strong>muscas</strong></span> <span class='ocrx_word' id='word_1_182' title='bbox 3225 1122 3418 1176; x_wconf 91' lang='lat' dir='ltr'><strong>hieme</strong></span> <span class='ocrx_word' id='word_1_183' title='bbox 3465 1119 3795 1176; x_wconf 84' lang='lat' dir='ltr'><strong>contemni-</strong></span> 
     </span>
    </p>
   </div>
   <div class='ocr_carea' id='block_1_27' title="bbox 2091 1209 3794 1282">
    <p class='ocr_par' dir='ltr' id='par_1_27' title="bbox 2091 1209 3794 1282">
     <span class='ocr_line' id='line_1_27' title="bbox 2091 1209 3794 1282; baseline -0.001 -18"><span class='ocrx_word' id='word_1_184' title='bbox 2091 1212 2386 1277; x_wconf 89' lang='lat' dir='ltr'><strong>mus;ita,</strong></span> <span class='ocrx_word' id='word_1_185' title='bbox 2410 1219 2582 1282; x_wconf 87' lang='lat' dir='ltr'><strong>atque</strong></span> <span class='ocrx_word' id='word_1_186' title='bbox 2631 1214 2773 1267; x_wconf 89' lang='lat' dir='ltr'><strong>adeo</strong></span> <span class='ocrx_word' id='word_1_187' title='bbox 2824 1212 3219 1282; x_wconf 90' lang='lat' dir='ltr'><strong>amplius,hic</strong></span> <span class='ocrx_word' id='word_1_188' title='bbox 3259 1227 3503 1281; x_wconf 89' lang='lat' dir='ltr'><strong>magnus</strong></span> <span class='ocrx_word' id='word_1_189' title='bbox 3567 1209 3794 1278; x_wconf 85' lang='lat' dir='ltr'><strong>Moyses</strong></span> 
     </span>
    </p>
   </div>
   <div class='ocr_carea' id='block_1_28' title="bbox 2088 1301 3795 1371">
    <p class='ocr_par' dir='ltr' id='par_1_28' title="bbox 2088 1301 3795 1371">
     <span class='ocr_line' id='line_1_28' title="bbox 2088 1301 3795 1371; baseline -0.001 -17"><span class='ocrx_word' id='word_1_190' title='bbox 2088 1308 2485 1356; x_wconf 89' lang='lat' dir='ltr'><strong>contemneret</strong></span> <span class='ocrx_word' id='word_1_191' title='bbox 2516 1302 2822 1357; x_wconf 69' lang='lat' dir='ltr'><strong>daemones.</strong></span> <span class='ocrx_word' id='word_1_192' title='bbox 2858 1302 2985 1356; x_wconf 68' lang='lat' dir='ltr'><strong>Ilaec</strong></span> <span class='ocrx_word' id='word_1_193' title='bbox 3016 1308 3102 1356; x_wconf 88' lang='lat' dir='ltr'><strong>est</strong></span> <span class='ocrx_word' id='word_1_194' title='bbox 3159 1301 3430 1371; x_wconf 88' lang='lat' dir='ltr'><strong>religiosa</strong></span> <span class='ocrx_word' id='word_1_195' title='bbox 3486 1304 3542 1354; x_wconf 89' lang='lat' dir='ltr'><strong>et</strong></span> <span class='ocrx_word' id='word_1_196' title='bbox 3595 1303 3795 1354; x_wconf 89' lang='lat' dir='ltr'><strong>sancta</strong></span> 
     </span>
    </p>
   </div>
   <div class='ocr_carea' id='block_1_29' title="bbox 2089 1387 3790 1462">
    <p class='ocr_par' dir='ltr' id='par_1_29' title="bbox 2089 1387 3790 1462">
     <span class='ocr_line' id='line_1_29' title="bbox 2089 1387 3790 1462; baseline -0.002 -19"><span class='ocrx_word' id='word_1_197' title='bbox 2089 1392 2202 1444; x_wconf 89' lang='lat' dir='ltr'><strong>vita</strong></span> <span class='ocrx_word' id='word_1_198' title='bbox 2234 1408 2409 1460; x_wconf 89' lang='lat' dir='ltr'><strong>quam</strong></span> <span class='ocrx_word' id='word_1_199' title='bbox 2440 1393 2558 1462; x_wconf 88' lang='lat' dir='ltr'><strong>egit</strong></span> <span class='ocrx_word' id='word_1_200' title='bbox 2585 1393 2832 1446; x_wconf 88' lang='lat' dir='ltr'><strong>invictus</strong></span> <span class='ocrx_word' id='word_1_201' title='bbox 2862 1391 3078 1445; x_wconf 91' lang='lat' dir='ltr'><strong>athleta</strong></span> <span class='ocrx_word' id='word_1_202' title='bbox 3109 1391 3334 1460; x_wconf 85' lang='lat' dir='ltr'><strong>Moyses</strong></span> <span class='ocrx_word' id='word_1_203' title='bbox 3365 1388 3645 1458; x_wconf 66' lang='lat' dir='ltr'><strong>Ethiops,</strong></span> <span class='ocrx_word' id='word_1_204' title='bbox 3690 1387 3790 1457; x_wconf 92' lang='lat' dir='ltr'><strong>qui</strong></span> 
     </span>
    </p>
   </div>
   <div class='ocr_carea' id='block_1_30' title="bbox 2088 1477 3790 1551">
    <p class='ocr_par' dir='ltr' id='par_1_30' title="bbox 2088 1477 3790 1551">
     <span class='ocr_line' id='line_1_30' title="bbox 2088 1477 3790 1551; baseline -0.002 -16"><span class='ocrx_word' id='word_1_205' title='bbox 2088 1481 2213 1549; x_wconf 89' lang='lat' dir='ltr'><strong>ipse</strong></span> <span class='ocrx_word' id='word_1_206' title='bbox 2245 1497 2476 1551; x_wconf 92' lang='lat' dir='ltr'><strong>quoque</strong></span> <span class='ocrx_word' id='word_1_207' title='bbox 2525 1482 2944 1535; x_wconf 88' lang='lat' dir='ltr'><strong>numerabatur</strong></span> <span class='ocrx_word' id='word_1_208' title='bbox 2974 1481 3121 1534; x_wconf 85' lang='lat' dir='ltr'><strong>inter</strong></span> <span class='ocrx_word' id='word_1_209' title='bbox 3173 1496 3436 1550; x_wconf 88' lang='lat' dir='ltr'><strong>magnos.</strong></span> <span class='ocrx_word' id='word_1_210' title='bbox 3471 1477 3628 1532; x_wconf 89' lang='lat' dir='ltr'><strong>Obiit</strong></span> <span class='ocrx_word' id='word_1_211' title='bbox 3658 1482 3790 1531; x_wconf 88' lang='lat' dir='ltr'><strong>ante</strong></span> 
     </span>
    </p>
   </div>
   <div class='ocr_carea' id='block_1_31' title="bbox 2092 1565 3793 1641">
    <p class='ocr_par' dir='ltr' id='par_1_31' title="bbox 2092 1565 3793 1641">
     <span class='ocr_line' id='line_1_31' title="bbox 2092 1565 3793 1641; baseline -0.002 -17"><span class='ocrx_word' id='word_1_212' title='bbox 2092 1571 2169 1640; x_wconf 69' lang='grc' dir='ltr'><strong>[Γ.</strong></span> <span class='ocrx_word' id='word_1_213' title='bbox 2204 1571 2307 1638; x_wconf 80' lang='lat' dir='ltr'><strong>leg.</strong></span> <span class='ocrx_word' id='word_1_214' title='bbox 2343 1569 2556 1641; x_wconf 87' lang='lat' dir='ltr'><strong>autem]</strong></span> <span class='ocrx_word' id='word_1_215' title='bbox 2589 1571 2953 1641; x_wconf 75' lang='lat' dir='ltr'><strong>septuaginta</strong></span> <span class='ocrx_word' id='word_1_216' title='bbox 2988 1571 3246 1640; x_wconf 90' lang='lat' dir='ltr'><strong>quinque</strong></span> <span class='ocrx_word' id='word_1_217' title='bbox 3277 1583 3460 1621; x_wconf 88' lang='lat' dir='ltr'><strong>annos</strong></span> <span class='ocrx_word' id='word_1_218' title='bbox 3522 1571 3690 1620; x_wconf 90' lang='lat' dir='ltr'><strong>natus</strong></span> <span class='ocrx_word' id='word_1_219' title='bbox 3733 1565 3793 1620; x_wconf 87' lang='lat' dir='ltr'><strong>in</strong></span> 
     </span>
    </p>
   </div>
   <div class='ocr_carea' id='block_1_32' title="bbox 2091 1655 3798 1730">
    <p class='ocr_par' dir='ltr' id='par_1_32' title="bbox 2091 1655 3798 1730">
     <span class='ocr_line' id='line_1_32' title="bbox 2091 1655 3798 1730; baseline -0.004 -17"><span class='ocrx_word' id='word_1_220' title='bbox 2091 1659 2274 1725; x_wconf 89' lang='lat' dir='ltr'><strong>Scete,</strong></span> <span class='ocrx_word' id='word_1_221' title='bbox 2309 1676 2440 1713; x_wconf 90' lang='lat' dir='ltr'><strong>cum</strong></span> <span class='ocrx_word' id='word_1_222' title='bbox 2493 1661 2675 1713; x_wconf 89' lang='lat' dir='ltr'><strong>factus</strong></span> <span class='ocrx_word' id='word_1_223' title='bbox 2737 1664 2890 1714; x_wconf 87' lang='lat' dir='ltr'><strong>esset</strong></span> <span class='ocrx_word' id='word_1_224' title='bbox 2939 1660 3262 1730; x_wconf 88' lang='lat' dir='ltr'><strong>presbyter,</strong></span> <span class='ocrx_word' id='word_1_225' title='bbox 3312 1655 3527 1713; x_wconf 81' lang='lat' dir='ltr'><strong>relictis</strong></span> <span class='ocrx_word' id='word_1_226' title='bbox 3560 1659 3798 1726; x_wconf 85' lang='lat' dir='ltr'><strong>septua-</strong></span> 
     </span>
    </p>
   </div>
   <div class='ocr_carea' id='block_1_33' title="bbox 274 1749 2905 1845">
    <p class='ocr_par' dir='ltr' id='par_1_33' title="bbox 274 1749 2905 1845">
     <span class='ocr_line' id='line_1_33' title="bbox 274 1749 2905 1845; baseline -0.002 -37"><span class='ocrx_word' id='word_1_227' title='bbox 274 1770 398 1819; x_wconf 90' lang='lat' dir='ltr'><strong>sus,</strong></span> <span class='ocrx_word' id='word_1_228' title='bbox 423 1753 566 1806; x_wconf 84' lang='lat' dir='ltr'><strong>dixit</strong></span> <span class='ocrx_word' id='word_1_229' title='bbox 596 1753 669 1820; x_wconf 91' lang='lat' dir='ltr'><strong>ei,</strong></span> <span class='ocrx_word' id='word_1_230' title='bbox 702 1755 852 1823; x_wconf 88' lang='lat' dir='ltr'><strong>quod</strong></span> <span class='ocrx_word' id='word_1_231' title='bbox 892 1754 1126 1824; x_wconf 90' lang='lat' dir='ltr'><strong>quidem</strong></span> <span class='ocrx_word' id='word_1_232' title='bbox 1143 1771 1246 1808; x_wconf 87' lang='lat' dir='ltr'><strong>sua</strong></span> <span class='ocrx_word' id='word_1_233' title='bbox 1271 1755 1419 1809; x_wconf 88' lang='lat' dir='ltr'><strong>sciat</strong></span> <span class='ocrx_word' id='word_1_234' title='bbox 1451 1754 1831 1819; x_wconf 88' lang='lat' dir='ltr'><strong>conscientia,</strong></span> <span class='ocrx_word' id='word_1_235' title='bbox 1865 1759 1985 1807; x_wconf 90' lang='lat' dir='ltr'><strong>tota</strong></span> <span class='ocrx_word' id='word_1_236' title='bbox 2021 1781 2065 1845; x_wconf 77' lang='grc' dir='ltr'><strong>Β</strong></span> <span class='ocrx_word' id='word_1_237' title='bbox 2096 1749 2252 1817; x_wconf 80' lang='lat' dir='ltr'><strong>ginta</strong></span> <span class='ocrx_word' id='word_1_238' title='bbox 2287 1750 2547 1819; x_wconf 85' lang='lat' dir='ltr'><strong>quinque</strong></span> <span class='ocrx_word' id='word_1_239' title='bbox 2578 1749 2905 1819; x_wconf 89' lang='lat' dir='ltr'><strong>discipulis.</strong></span> 
     </span>
    </p>
   </div>
   <div class='ocr_carea' id='block_1_34' title="bbox 275 1842 1987 1915">
    <p class='ocr_par' dir='ltr' id='par_1_34' title="bbox 275 1842 1987 1915">
     <span class='ocr_line' id='line_1_34' title="bbox 275 1842 1987 1915; baseline 0 -19"><span class='ocrx_word' id='word_1_240' title='bbox 275 1847 442 1896; x_wconf 91' lang='lat' dir='ltr'><strong>nocte</strong></span> <span class='ocrx_word' id='word_1_241' title='bbox 473 1859 587 1896; x_wconf 94' lang='lat' dir='ltr'><strong>non</strong></span> <span class='ocrx_word' id='word_1_242' title='bbox 621 1842 968 1910; x_wconf 89' lang='lat' dir='ltr'><strong>dormiisse;</strong></span> <span class='ocrx_word' id='word_1_243' title='bbox 998 1860 1109 1898; x_wconf 92' lang='lat' dir='ltr'><strong>non</strong></span> <span class='ocrx_word' id='word_1_244' title='bbox 1159 1845 1436 1898; x_wconf 91' lang='lat' dir='ltr'><strong>orationis</strong></span> <span class='ocrx_word' id='word_1_245' title='bbox 1471 1849 1742 1915; x_wconf 62' lang='lat' dir='ltr'><strong>prietextu</strong></span> <span class='ocrx_word' id='word_1_246' title='bbox 1802 1859 1987 1913; x_wconf 85' lang='lat' dir='ltr'><strong>genu-</strong></span> 
     </span>
    </p>
   </div>
   <div class='ocr_carea' id='block_1_35' title="bbox 278 1930 1518 2004">
    <p class='ocr_par' dir='ltr' id='par_1_35' title="bbox 278 1930 1518 2004">
     <span class='ocr_line' id='line_1_35' title="bbox 278 1930 1518 2004; baseline 0 -19"><span class='ocrx_word' id='word_1_247' title='bbox 278 1930 526 1996; x_wconf 84' lang='lat' dir='ltr'><strong>ﬂexisse,</strong></span> <span class='ocrx_word' id='word_1_248' title='bbox 573 1939 632 1984; x_wconf 91' lang='lat' dir='ltr'><strong>ut</strong></span> <span class='ocrx_word' id='word_1_249' title='bbox 655 1933 847 1985; x_wconf 90' lang='lat' dir='ltr'><strong>somni</strong></span> <span class='ocrx_word' id='word_1_250' title='bbox 879 1932 1102 2001; x_wconf 87' lang='lat' dir='ltr'><strong>fugeret</strong></span> <span class='ocrx_word' id='word_1_251' title='bbox 1130 1933 1518 2004; x_wconf 89' lang='lat' dir='ltr'><strong>tyrannidem.</strong></span> 
     </span>
    </p>
   </div>
   <div class='ocr_carea' id='block_1_36' title="bbox 346 2019 1985 2090">
    <p class='ocr_par' dir='ltr' id='par_1_36' title="bbox 346 2019 1985 2090">
     <span class='ocr_line' id='line_1_36' title="bbox 346 2019 1985 2090; baseline 0.001 -17"><span class='ocrx_word' id='word_1_252' title='bbox 346 2019 490 2074; x_wconf 88' lang='lat' dir='ltr'><strong>Cum</strong></span> <span class='ocrx_word' id='word_1_253' title='bbox 524 2020 693 2073; x_wconf 91' lang='lat' dir='ltr'><strong>annis</strong></span> <span class='ocrx_word' id='word_1_254' title='bbox 724 2035 857 2090; x_wconf 88' lang='lat' dir='ltr'><strong>ergo</strong></span> <span class='ocrx_word' id='word_1_255' title='bbox 889 2037 988 2073; x_wconf 82' lang='lat' dir='ltr'><strong>sex</strong></span> <span class='ocrx_word' id='word_1_256' title='bbox 1039 2023 1349 2076; x_wconf 89' lang='lat' dir='ltr'><strong>mansisset</strong></span> <span class='ocrx_word' id='word_1_257' title='bbox 1384 2021 1443 2074; x_wconf 90' lang='lat' dir='ltr'><strong>in</strong></span> <span class='ocrx_word' id='word_1_258' title='bbox 1488 2021 1651 2086; x_wconf 84' lang='lat' dir='ltr'><strong>cella,</strong></span> <span class='ocrx_word' id='word_1_259' title='bbox 1685 2025 1835 2075; x_wconf 87' lang='lat' dir='ltr'><strong>totas</strong></span> <span class='ocrx_word' id='word_1_260' title='bbox 1882 2037 1985 2074; x_wconf 88' lang='lat' dir='ltr'><strong>no-</strong></span> 
     </span>
    </p>
   </div>
   <div class='ocr_carea' id='block_1_37' title="bbox 274 2109 1984 2177">
    <p class='ocr_par' dir='ltr' id='par_1_37' title="bbox 274 2109 1984 2177">
     <span class='ocr_line' id='line_1_37' title="bbox 274 2109 1984 2177; baseline 0.001 -15"><span class='ocrx_word' id='word_1_261' title='bbox 274 2113 395 2162; x_wconf 88' lang='lat' dir='ltr'><strong>ctes</strong></span> <span class='ocrx_word' id='word_1_262' title='bbox 427 2114 592 2162; x_wconf 90' lang='lat' dir='ltr'><strong>stans</strong></span> <span class='ocrx_word' id='word_1_263' title='bbox 623 2110 680 2162; x_wconf 91' lang='lat' dir='ltr'><strong>in</strong></span> <span class='ocrx_word' id='word_1_264' title='bbox 717 2109 906 2162; x_wconf 88' lang='lat' dir='ltr'><strong>medio</strong></span> <span class='ocrx_word' id='word_1_265' title='bbox 935 2109 1109 2177; x_wconf 78' lang='lat' dir='ltr'><strong>cellae,</strong></span> <span class='ocrx_word' id='word_1_266' title='bbox 1155 2119 1208 2163; x_wconf 90' lang='lat' dir='ltr'><strong>et</strong></span> <span class='ocrx_word' id='word_1_267' title='bbox 1272 2112 1445 2164; x_wconf 88' lang='lat' dir='ltr'><strong>Deum</strong></span> <span class='ocrx_word' id='word_1_268' title='bbox 1499 2127 1669 2165; x_wconf 92' lang='lat' dir='ltr'><strong>orans</strong></span> <span class='ocrx_word' id='word_1_269' title='bbox 1728 2109 1984 2176; x_wconf 89' lang='lat' dir='ltr'><strong>assidue,</strong></span> 
     </span>
    </p>
   </div>
   <div class='ocr_carea' id='block_1_38' title="bbox 275 2197 1983 2268">
    <p class='ocr_par' dir='ltr' id='par_1_38' title="bbox 275 2197 1983 2268">
     <span class='ocr_line' id='line_1_38' title="bbox 275 2197 1983 2268; baseline -0.001 -16"><span class='ocrx_word' id='word_1_270' title='bbox 275 2201 330 2252; x_wconf 90' lang='lat' dir='ltr'><strong>et</strong></span> <span class='ocrx_word' id='word_1_271' title='bbox 365 2215 477 2251; x_wconf 86' lang='lat' dir='ltr'><strong>non</strong></span> <span class='ocrx_word' id='word_1_272' title='bbox 511 2197 788 2252; x_wconf 86' lang='lat' dir='ltr'><strong>claudens</strong></span> <span class='ocrx_word' id='word_1_273' title='bbox 822 2197 1039 2260; x_wconf 91' lang='lat' dir='ltr'><strong>oculos,</strong></span> <span class='ocrx_word' id='word_1_274' title='bbox 1077 2215 1190 2252; x_wconf 91' lang='lat' dir='ltr'><strong>non</strong></span> <span class='ocrx_word' id='word_1_275' title='bbox 1251 2199 1442 2268; x_wconf 91' lang='lat' dir='ltr'><strong>potuit</strong></span> <span class='ocrx_word' id='word_1_276' title='bbox 1499 2203 1983 2267; x_wconf 80' lang='lat' dir='ltr'><strong>intemperantem</strong></span> 
     </span>
    </p>
   </div>
   <div class='ocr_carea' id='block_1_39' title="bbox 276 2286 1986 2357">
    <p class='ocr_par' dir='ltr' id='par_1_39' title="bbox 276 2286 1986 2357">
     <span class='ocr_line' id='line_1_39' title="bbox 276 2286 1986 2357; baseline 0.001 -19"><span class='ocrx_word' id='word_1_277' title='bbox 276 2286 506 2338; x_wconf 88' lang='lat' dir='ltr'><strong>vincere.</strong></span> <span class='ocrx_word' id='word_1_278' title='bbox 537 2287 939 2354; x_wconf 80' lang='lat' dir='ltr'><strong>cupiditatem.</strong></span> <span class='ocrx_word' id='word_1_279' title='bbox 988 2287 1205 2341; x_wconf 82' lang='lat' dir='ltr'><strong>Revera</strong></span> <span class='ocrx_word' id='word_1_280' title='bbox 1235 2288 1390 2342; x_wconf 91' lang='lat' dir='ltr'><strong>enim</strong></span> <span class='ocrx_word' id='word_1_281' title='bbox 1450 2304 1561 2340; x_wconf 92' lang='lat' dir='ltr'><strong>non</strong></span> <span class='ocrx_word' id='word_1_282' title='bbox 1618 2292 1805 2357; x_wconf 86' lang='lat' dir='ltr'><strong>potest</strong></span> <span class='ocrx_word' id='word_1_283' title='bbox 1857 2303 1986 2340; x_wconf 90' lang='lat' dir='ltr'><strong>vere</strong></span> 
     </span>
    </p>
   </div>
   <div class='ocr_carea' id='block_1_40' title="bbox 283 2373 1985 2444">
    <p class='ocr_par' dir='ltr' id='par_1_40' title="bbox 283 2373 1985 2444">
     <span class='ocr_line' id='line_1_40' title="bbox 283 2373 1985 2444; baseline -0.001 -14"><span class='ocrx_word' id='word_1_284' title='bbox 283 2373 553 2439; x_wconf 76' lang='lat' dir='ltr'><strong>castigari</strong></span> <span class='ocrx_word' id='word_1_285' title='bbox 579 2374 887 2443; x_wconf 79' lang='lat' dir='ltr'><strong>cupiditas.</strong></span> <span class='ocrx_word' id='word_1_286' title='bbox 923 2375 1063 2429; x_wconf 88' lang='lat' dir='ltr'><strong>Cum</strong></span> <span class='ocrx_word' id='word_1_287' title='bbox 1097 2376 1248 2428; x_wconf 89' lang='lat' dir='ltr'><strong>enim</strong></span> <span class='ocrx_word' id='word_1_288' title='bbox 1310 2377 1566 2444; x_wconf 87' lang='lat' dir='ltr'><strong>seipsum</strong></span> <span class='ocrx_word' id='word_1_289' title='bbox 1619 2377 1985 2429; x_wconf 85' lang='lat' dir='ltr'><strong>tabefecisset</strong></span> 
     </span>
    </p>
   </div>
   <div class='ocr_carea' id='block_1_41' title="bbox 279 2449 1983 2534">
    <p class='ocr_par' dir='ltr' id='par_1_41' title="bbox 279 2449 1983 2534">
     <span class='ocr_line' id='line_1_41' title="bbox 279 2449 1983 2534; baseline 0.001 -19"><span class='ocrx_word' id='word_1_290' title='bbox 279 2449 600 2524; x_wconf 78' lang='lat' dir='ltr'><strong>laboribus,</strong></span> <span class='ocrx_word' id='word_1_291' title='bbox 636 2466 864 2532; x_wconf 89' lang='lat' dir='ltr'><strong>turpem</strong></span> <span class='ocrx_word' id='word_1_292' title='bbox 900 2461 1058 2517; x_wconf 87' lang='lat' dir='ltr'><strong>illam</strong></span> <span class='ocrx_word' id='word_1_293' title='bbox 1085 2464 1446 2518; x_wconf 70' lang='lat' dir='ltr'><strong>affectionem</strong></span> <span class='ocrx_word' id='word_1_294' title='bbox 1482 2481 1596 2518; x_wconf 93' lang='lat' dir='ltr'><strong>non</strong></span> <span class='ocrx_word' id='word_1_295' title='bbox 1625 2465 1808 2534; x_wconf 89' lang='lat' dir='ltr'><strong>potuit</strong></span> <span class='ocrx_word' id='word_1_296' title='bbox 1829 2464 1983 2517; x_wconf 91' lang='lat' dir='ltr'><strong>subi-</strong></span> 
     </span>
    </p>
   </div>
   <div class='ocr_carea' id='block_1_42' title="bbox 277 2567 428 2622">
    <p class='ocr_par' dir='ltr' id='par_1_42' title="bbox 277 2567 428 2622">
     <span class='ocr_line' id='line_1_42' title="bbox 277 2567 428 2622; baseline -0.02 -16"><span class='ocrx_word' id='word_1_297' title='bbox 277 2567 428 2622; x_wconf 86' lang='lat' dir='ltr'><strong>gere.</strong></span> 
     </span>
    </p>
   </div>
   <div class='ocr_carea' id='block_1_43' title="bbox 350 2642 1982 2714">
    <p class='ocr_par' dir='ltr' id='par_1_43' title="bbox 350 2642 1982 2714">
     <span class='ocr_line' id='line_1_43' title="bbox 350 2642 1982 2714; baseline 0.002 -19"><span class='ocrx_word' id='word_1_298' title='bbox 350 2643 483 2696; x_wconf 90' lang='lat' dir='ltr'><strong>Post</strong></span> <span class='ocrx_word' id='word_1_299' title='bbox 516 2642 633 2695; x_wconf 76' lang='lat' dir='ltr'><strong>IIth</strong></span> <span class='ocrx_word' id='word_1_300' title='bbox 685 2642 856 2697; x_wconf 85' lang='lat' dir='ltr'><strong>aliam</strong></span> <span class='ocrx_word' id='word_1_301' title='bbox 916 2643 1022 2697; x_wconf 88' lang='lat' dir='ltr'><strong>sibi</strong></span> <span class='ocrx_word' id='word_1_302' title='bbox 1095 2643 1383 2714; x_wconf 86' lang='lat' dir='ltr'><strong>suggessit</strong></span> <span class='ocrx_word' id='word_1_303' title='bbox 1431 2643 1712 2698; x_wconf 86' lang='lat' dir='ltr'><strong>rationem</strong></span> <span class='ocrx_word' id='word_1_304' title='bbox 1764 2660 1982 2714; x_wconf 72' lang='lat' dir='ltr'><strong>asperae</strong></span> 
     </span>
    </p>
   </div>
   <div class='ocr_carea' id='block_1_44' title="bbox 277 2731 1980 2804">
    <p class='ocr_par' dir='ltr' id='par_1_44' title="bbox 277 2731 1980 2804">
     <span class='ocr_line' id='line_1_44' title="bbox 277 2731 1980 2804; baseline 0.002 -19"><span class='ocrx_word' id='word_1_305' title='bbox 277 2731 401 2785; x_wconf 78' lang='lat' dir='ltr'><strong>vitae.</strong></span> <span class='ocrx_word' id='word_1_306' title='bbox 429 2731 680 2801; x_wconf 63' lang='lat' dir='ltr'><strong>agendas.</strong></span> <span class='ocrx_word' id='word_1_307' title='bbox 712 2731 1024 2801; x_wconf 86' lang='lat' dir='ltr'><strong>Egrediens</strong></span> <span class='ocrx_word' id='word_1_308' title='bbox 1061 2733 1149 2788; x_wconf 90' lang='lat' dir='ltr'><strong>hic</strong></span> <span class='ocrx_word' id='word_1_309' title='bbox 1183 2733 1335 2804; x_wconf 85' lang='lat' dir='ltr'><strong>pugil</strong></span> <span class='ocrx_word' id='word_1_310' title='bbox 1368 2739 1586 2788; x_wconf 71' lang='lat' dir='ltr'><strong>Satanae</strong></span> <span class='ocrx_word' id='word_1_311' title='bbox 1620 2733 1795 2804; x_wconf 86' lang='lat' dir='ltr'><strong>(varie</strong></span> <span class='ocrx_word' id='word_1_312' title='bbox 1825 2735 1980 2789; x_wconf 83' lang='lat' dir='ltr'><strong>enim</strong></span> 
     </span>
    </p>
   </div>
   <div class='ocr_carea' id='block_1_45' title="bbox 279 2823 1981 2886">
    <p class='ocr_par' dir='ltr' id='par_1_45' title="bbox 279 2823 1981 2886">
     <span class='ocr_line' id='line_1_45' title="bbox 279 2823 1981 2886; baseline 0.002 -11"><span class='ocrx_word' id='word_1_313' title='bbox 279 2837 412 2875; x_wconf 88' lang='lat' dir='ltr'><strong>curn</strong></span> <span class='ocrx_word' id='word_1_314' title='bbox 447 2837 510 2874; x_wconf 91' lang='lat' dir='ltr'><strong>eo</strong></span> <span class='ocrx_word' id='word_1_315' title='bbox 542 2823 872 2886; x_wconf 72' lang='lat' dir='ltr'><strong>decertavit]</strong></span> <span class='ocrx_word' id='word_1_316' title='bbox 933 2823 1199 2877; x_wconf 90' lang='lat' dir='ltr'><strong>noctibus</strong></span> <span class='ocrx_word' id='word_1_317' title='bbox 1242 2824 1435 2877; x_wconf 89' lang='lat' dir='ltr'><strong>abibat</strong></span> <span class='ocrx_word' id='word_1_318' title='bbox 1469 2823 1541 2877; x_wconf 90' lang='lat' dir='ltr'><strong>ad</strong></span> <span class='ocrx_word' id='word_1_319' title='bbox 1564 2823 1737 2878; x_wconf 76' lang='lat' dir='ltr'><strong>cellas</strong></span> <span class='ocrx_word' id='word_1_320' title='bbox 1784 2840 1981 2878; x_wconf 87' lang='lat' dir='ltr'><strong>mona-</strong></span> 
     </span>
    </p>
   </div>
   <div class='ocr_carea' id='block_1_46' title="bbox 278 2910 1981 2980">
    <p class='ocr_par' dir='ltr' id='par_1_46' title="bbox 278 2910 1981 2980">
     <span class='ocr_line' id='line_1_46' title="bbox 278 2910 1981 2980; baseline 0.002 -17"><span class='ocrx_word' id='word_1_321' title='bbox 278 2910 548 2975; x_wconf 82' lang='lat' dir='ltr'><strong>chorum,</strong></span> <span class='ocrx_word' id='word_1_322' title='bbox 589 2911 685 2980; x_wconf 87' lang='lat' dir='ltr'><strong>qui</strong></span> <span class='ocrx_word' id='word_1_323' title='bbox 748 2928 809 2965; x_wconf 93' lang='lat' dir='ltr'><strong>se</strong></span> <span class='ocrx_word' id='word_1_324' title='bbox 859 2914 1177 2966; x_wconf 87' lang='lat' dir='ltr'><strong>exercendo</strong></span> <span class='ocrx_word' id='word_1_325' title='bbox 1209 2924 1633 2968; x_wconf 83' lang='lat' dir='ltr'><strong>consenuerant</strong></span> <span class='ocrx_word' id='word_1_326' title='bbox 1669 2915 1725 2967; x_wconf 93' lang='lat' dir='ltr'><strong>in</strong></span> <span class='ocrx_word' id='word_1_327' title='bbox 1770 2913 1981 2968; x_wconf 89' lang='lat' dir='ltr'><strong>labori-</strong></span> 
     </span>
    </p>
   </div>
   <div class='ocr_carea' id='block_1_47' title="bbox 278 2999 1984 3072">
    <p class='ocr_par' dir='ltr' id='par_1_47' title="bbox 278 2999 1984 3072">
     <span class='ocr_line' id='line_1_47' title="bbox 278 2999 1984 3072; baseline 0.002 -20"><span class='ocrx_word' id='word_1_328' title='bbox 278 2999 410 3066; x_wconf 90' lang='lat' dir='ltr'><strong>bus,</strong></span> <span class='ocrx_word' id='word_1_329' title='bbox 434 3004 490 3052; x_wconf 90' lang='lat' dir='ltr'><strong>et</strong></span> <span class='ocrx_word' id='word_1_330' title='bbox 524 3017 623 3068; x_wconf 88' lang='lat' dir='ltr'><strong>per</strong></span> <span class='ocrx_word' id='word_1_331' title='bbox 654 3017 712 3052; x_wconf 91' lang='lat' dir='ltr'><strong>se</strong></span> <span class='ocrx_word' id='word_1_332' title='bbox 744 3018 951 3069; x_wconf 90' lang='lat' dir='ltr'><strong>aquam</strong></span> <span class='ocrx_word' id='word_1_333' title='bbox 1005 3019 1116 3056; x_wconf 93' lang='lat' dir='ltr'><strong>non</strong></span> <span class='ocrx_word' id='word_1_334' title='bbox 1155 3008 1417 3069; x_wconf 85' lang='lat' dir='ltr'><strong>poterant</strong></span> <span class='ocrx_word' id='word_1_335' title='bbox 1473 3003 1720 3072; x_wconf 86' lang='lat' dir='ltr'><strong>amplius</strong></span> <span class='ocrx_word' id='word_1_336' title='bbox 1769 3003 1984 3068; x_wconf 92' lang='lat' dir='ltr'><strong>impor-</strong></span> 
     </span>
    </p>
   </div>
   <div class='ocr_carea' id='block_1_48' title="bbox 278 3090 1983 3159">
    <p class='ocr_par' dir='ltr' id='par_1_48' title="bbox 278 3090 1983 3159">
     <span class='ocr_line' id='line_1_48' title="bbox 278 3090 1983 3159; baseline 0.002 -19"><span class='ocrx_word' id='word_1_337' title='bbox 278 3090 456 3140; x_wconf 86' lang='lat' dir='ltr'><strong>tare:</strong></span> <span class='ocrx_word' id='word_1_338' title='bbox 516 3097 568 3140; x_wconf 90' lang='lat' dir='ltr'><strong>et</strong></span> <span class='ocrx_word' id='word_1_339' title='bbox 625 3090 913 3156; x_wconf 91' lang='lat' dir='ltr'><strong>accipiens</strong></span> <span class='ocrx_word' id='word_1_340' title='bbox 973 3090 1204 3159; x_wconf 89' lang='lat' dir='ltr'><strong>hydrias</strong></span> <span class='ocrx_word' id='word_1_341' title='bbox 1237 3093 1320 3144; x_wconf 83' lang='lat' dir='ltr'><strong>eis</strong></span> <span class='ocrx_word' id='word_1_342' title='bbox 1383 3092 1799 3156; x_wconf 88' lang='lat' dir='ltr'><strong>nescientibus,</strong></span> <span class='ocrx_word' id='word_1_343' title='bbox 1856 3091 1983 3144; x_wconf 92' lang='lat' dir='ltr'><strong>illas</strong></span> 
     </span>
    </p>
   </div>
   <div class='ocr_carea' id='block_1_49' title="bbox 2737 1837 3192 1895">
    <p class='ocr_par' dir='ltr' id='par_1_49' title="bbox 2737 1837 3192 1895">
     <span class='ocr_line' id='line_1_49' title="bbox 2737 1837 3192 1895; baseline 0.004 -2"><span class='ocrx_word' id='word_1_344' title='bbox 2737 1837 2965 1893; x_wconf 89' lang='lat' dir='ltr'><strong>CAPUT</strong></span> <span class='ocrx_word' id='word_1_345' title='bbox 2988 1838 3192 1895; x_wconf 87' lang='lat' dir='ltr'><strong>XXIII.</strong></span> 
     </span>
    </p>
   </div>
   <div class='ocr_carea' id='block_1_50' title="bbox 2585 1928 3307 1997">
    <p class='ocr_par' dir='ltr' id='par_1_50' title="bbox 2585 1928 3307 1997">
     <span class='ocr_line' id='line_1_50' title="bbox 2585 1928 3307 1997; baseline 0.001 -15"><span class='ocrx_word' id='word_1_346' title='bbox 2585 1929 2709 1982; x_wconf 78' lang='lat' dir='ltr'><strong>Vita</strong></span> <span class='ocrx_word' id='word_1_347' title='bbox 2739 1929 2950 1982; x_wconf 79' lang='lat' dir='ltr'><strong>abbatis</strong></span> <span class='ocrx_word' id='word_1_348' title='bbox 2983 1930 3145 1982; x_wconf 82' lang='lat' dir='ltr'><strong>Pauli</strong></span> <span class='ocrx_word' id='word_1_349' title='bbox 3174 1928 3307 1997; x_wconf 88' lang='grc'>(57).</span> 
     </span>
    </p>
   </div>
   <div class='ocr_carea' id='block_1_51' title="bbox 2169 2015 3798 2088">
    <p class='ocr_par' dir='ltr' id='par_1_51' title="bbox 2169 2015 3798 2088">
     <span class='ocr_line' id='line_1_51' title="bbox 2169 2015 3798 2088; baseline -0.001 -16"><span class='ocrx_word' id='word_1_350' title='bbox 2169 2019 2333 2073; x_wconf 90' lang='lat' dir='ltr'><strong>Mons</strong></span> <span class='ocrx_word' id='word_1_351' title='bbox 2356 2023 2440 2072; x_wconf 89' lang='lat' dir='ltr'><strong>est</strong></span> <span class='ocrx_word' id='word_1_352' title='bbox 2475 2018 2536 2071; x_wconf 91' lang='lat' dir='ltr'><strong>in</strong></span> <span class='ocrx_word' id='word_1_353' title='bbox 2566 2016 2816 2088; x_wconf 70' lang='lat' dir='ltr'><strong>Egypto,</strong></span> <span class='ocrx_word' id='word_1_354' title='bbox 2875 2018 3172 2071; x_wconf 88' lang='lat' dir='ltr'><strong>abducens</strong></span> <span class='ocrx_word' id='word_1_355' title='bbox 3210 2017 3268 2070; x_wconf 92' lang='lat' dir='ltr'><strong>in</strong></span> <span class='ocrx_word' id='word_1_356' title='bbox 3327 2019 3552 2069; x_wconf 89' lang='lat' dir='ltr'><strong>vastam</strong></span> <span class='ocrx_word' id='word_1_357' title='bbox 3603 2015 3798 2070; x_wconf 89' lang='lat' dir='ltr'><strong>Scetes</strong></span> 
     </span>
    </p>
   </div>
   <div class='ocr_carea' id='block_1_52' title="bbox 2096 2104 3800 2178">
    <p class='ocr_par' dir='ltr' id='par_1_52' title="bbox 2096 2104 3800 2178">
     <span class='ocr_line' id='line_1_52' title="bbox 2096 2104 3800 2178; baseline -0.002 -17"><span class='ocrx_word' id='word_1_358' title='bbox 2096 2108 2494 2172; x_wconf 86' lang='lat' dir='ltr'><strong>solitudinem,</strong></span> <span class='ocrx_word' id='word_1_359' title='bbox 2531 2108 2629 2178; x_wconf 92' lang='lat' dir='ltr'><strong>qui</strong></span> <span class='ocrx_word' id='word_1_360' title='bbox 2664 2105 2990 2177; x_wconf 83' lang='lat' dir='ltr'><strong>appellatur</strong></span> <span class='ocrx_word' id='word_1_361' title='bbox 3039 2107 3302 2160; x_wconf 89' lang='lat' dir='ltr'><strong>Pherme.</strong></span> <span class='ocrx_word' id='word_1_362' title='bbox 3357 2105 3419 2159; x_wconf 92' lang='lat' dir='ltr'><strong>In</strong></span> <span class='ocrx_word' id='word_1_363' title='bbox 3454 2104 3560 2158; x_wconf 89' lang='lat' dir='ltr'><strong>hoc</strong></span> <span class='ocrx_word' id='word_1_364' title='bbox 3605 2110 3800 2158; x_wconf 89' lang='lat' dir='ltr'><strong>monte</strong></span> 
     </span>
    </p>
   </div>
   <div class='ocr_carea' id='block_1_53' title="bbox 2096 2193 3800 2266">
    <p class='ocr_par' dir='ltr' id='par_1_53' title="bbox 2096 2193 3800 2266">
     <span class='ocr_line' id='line_1_53' title="bbox 2096 2193 3800 2266; baseline -0.004 -14"><span class='ocrx_word' id='word_1_365' title='bbox 2096 2199 2301 2252; x_wconf 91' lang='lat' dir='ltr'><strong>sedent</strong></span> <span class='ocrx_word' id='word_1_366' title='bbox 2321 2198 2552 2252; x_wconf 89' lang='lat' dir='ltr'><strong>circiter</strong></span> <span class='ocrx_word' id='word_1_367' title='bbox 2583 2197 2883 2266; x_wconf 76' lang='lat' dir='ltr'><strong>quingenti</strong></span> <span class='ocrx_word' id='word_1_368' title='bbox 2917 2195 3180 2250; x_wconf 87' lang='lat' dir='ltr'><strong>homines</strong></span> <span class='ocrx_word' id='word_1_369' title='bbox 3206 2196 3298 2266; x_wconf 92' lang='lat' dir='ltr'><strong>qui</strong></span> <span class='ocrx_word' id='word_1_370' title='bbox 3325 2200 3683 2249; x_wconf 85' lang='lat' dir='ltr'><strong>exercentur.</strong></span> <span class='ocrx_word' id='word_1_371' title='bbox 3713 2193 3800 2247; x_wconf 88' lang='lat' dir='ltr'><strong>In-</strong></span> 
     </span>
    </p>
   </div>
   <div class='ocr_carea' id='block_1_54' title="bbox 2096 2284 3798 2356">
    <p class='ocr_par' dir='ltr' id='par_1_54' title="bbox 2096 2284 3798 2356">
     <span class='ocr_line' id='line_1_54' title="bbox 2096 2284 3798 2356; baseline -0.002 -16"><span class='ocrx_word' id='word_1_372' title='bbox 2096 2294 2174 2341; x_wconf 87' lang='lat' dir='ltr'><strong>ter</strong></span> <span class='ocrx_word' id='word_1_373' title='bbox 2197 2305 2344 2356; x_wconf 90' lang='lat' dir='ltr'><strong>quos</strong></span> <span class='ocrx_word' id='word_1_374' title='bbox 2383 2287 2490 2340; x_wconf 91' lang='lat' dir='ltr'><strong>fuit</strong></span> <span class='ocrx_word' id='word_1_375' title='bbox 2521 2289 2694 2340; x_wconf 88' lang='lat' dir='ltr'><strong>etiam</strong></span> <span class='ocrx_word' id='word_1_376' title='bbox 2732 2285 2990 2354; x_wconf 89' lang='lat' dir='ltr'><strong>quidam,</strong></span> <span class='ocrx_word' id='word_1_377' title='bbox 3048 2285 3282 2339; x_wconf 90' lang='lat' dir='ltr'><strong>nomine</strong></span> <span class='ocrx_word' id='word_1_378' title='bbox 3317 2284 3548 2352; x_wconf 82' lang='lat' dir='ltr'><strong>Paulus,</strong></span> <span class='ocrx_word' id='word_1_379' title='bbox 3595 2299 3798 2337; x_wconf 90' lang='lat' dir='ltr'><strong>mona-</strong></span> 
     </span>
    </p>
   </div>
   <div class='ocr_carea' id='block_1_55' title="bbox 2093 2375 3794 2448">
    <p class='ocr_par' dir='ltr' id='par_1_55' title="bbox 2093 2375 3794 2448">
     <span class='ocr_line' id='line_1_55' title="bbox 2093 2375 3794 2448; baseline -0.002 -17"><span class='ocrx_word' id='word_1_380' title='bbox 2093 2380 2236 2431; x_wconf 86' lang='lat' dir='ltr'><strong>chus</strong></span> <span class='ocrx_word' id='word_1_381' title='bbox 2267 2379 2546 2448; x_wconf 87' lang='lat' dir='ltr'><strong>optimus,</strong></span> <span class='ocrx_word' id='word_1_382' title='bbox 2578 2379 2676 2448; x_wconf 91' lang='lat' dir='ltr'><strong>qui</strong></span> <span class='ocrx_word' id='word_1_383' title='bbox 2709 2383 2828 2431; x_wconf 90' lang='lat' dir='ltr'><strong>toto</strong></span> <span class='ocrx_word' id='word_1_384' title='bbox 2862 2393 2965 2431; x_wconf 92' lang='lat' dir='ltr'><strong>suo</strong></span> <span class='ocrx_word' id='word_1_385' title='bbox 2997 2382 3255 2446; x_wconf 90' lang='lat' dir='ltr'><strong>tempore</strong></span> <span class='ocrx_word' id='word_1_386' title='bbox 3280 2375 3426 2429; x_wconf 89' lang='lat' dir='ltr'><strong>hanc</strong></span> <span class='ocrx_word' id='word_1_387' title='bbox 3457 2375 3575 2445; x_wconf 88' lang='lat' dir='ltr'><strong>egit</strong></span> <span class='ocrx_word' id='word_1_388' title='bbox 3596 2375 3794 2428; x_wconf 90' lang='lat' dir='ltr'><strong>vitam.</strong></span> 
     </span>
    </p>
   </div>
   <div class='ocr_carea' id='block_1_56' title="bbox 2092 2466 3792 2539">
    <p class='ocr_par' dir='ltr' id='par_1_56' title="bbox 2092 2466 3792 2539">
     <span class='ocr_line' id='line_1_56' title="bbox 2092 2466 3792 2539; baseline 0.001 -18"><span class='ocrx_word' id='word_1_389' title='bbox 2092 2468 2399 2539; x_wconf 86' lang='lat' dir='ltr'><strong>Nunquam</strong></span> <span class='ocrx_word' id='word_1_390' title='bbox 2432 2485 2576 2538; x_wconf 89' lang='lat' dir='ltr'><strong>opus</strong></span> <span class='ocrx_word' id='word_1_391' title='bbox 2606 2469 2945 2538; x_wconf 88' lang='lat' dir='ltr'><strong>attigit,nec</strong></span> <span class='ocrx_word' id='word_1_392' title='bbox 2974 2466 3158 2521; x_wconf 90' lang='lat' dir='ltr'><strong>ullum</strong></span> <span class='ocrx_word' id='word_1_393' title='bbox 3192 2467 3448 2534; x_wconf 90' lang='lat' dir='ltr'><strong>suscepit</strong></span> <span class='ocrx_word' id='word_1_394' title='bbox 3472 2466 3792 2534; x_wconf 84' lang='lat' dir='ltr'><strong>negotium.</strong></span> 
     </span>
    </p>
   </div>
   <div class='ocr_carea' id='block_1_57' title="bbox 2094 2554 3798 2629">
    <p class='ocr_par' dir='ltr' id='par_1_57' title="bbox 2094 2554 3798 2629">
     <span class='ocr_line' id='line_1_57' title="bbox 2094 2554 3798 2629; baseline -0.004 -18"><span class='ocrx_word' id='word_1_395' title='bbox 2094 2559 2170 2611; x_wconf 92' lang='lat' dir='ltr'><strong>nil</strong></span> <span class='ocrx_word' id='word_1_396' title='bbox 2220 2574 2481 2629; x_wconf 89' lang='lat' dir='ltr'><strong>unquam</strong></span> <span class='ocrx_word' id='word_1_397' title='bbox 2534 2561 2751 2626; x_wconf 89' lang='lat' dir='ltr'><strong>accepit</strong></span> <span class='ocrx_word' id='word_1_398' title='bbox 2811 2558 2882 2610; x_wconf 92' lang='lat' dir='ltr'><strong>ab</strong></span> <span class='ocrx_word' id='word_1_399' title='bbox 2931 2555 3150 2625; x_wconf 87' lang='lat' dir='ltr'><strong>aliquo,</strong></span> <span class='ocrx_word' id='word_1_400' title='bbox 3204 2563 3585 2624; x_wconf 75' lang='lat' dir='ltr'><strong>praeterquam</strong></span> <span class='ocrx_word' id='word_1_401' title='bbox 3641 2554 3798 2622; x_wconf 87' lang='lat' dir='ltr'><strong>quod</strong></span> 
     </span>
    </p>
   </div>
   <div class='ocr_carea' id='block_1_58' title="bbox 2093 2644 3801 2716">
    <p class='ocr_par' dir='ltr' id='par_1_58' title="bbox 2093 2644 3801 2716">
     <span class='ocr_line' id='line_1_58' title="bbox 2093 2644 3801 2716; baseline -0.004 -15"><span class='ocrx_word' id='word_1_402' title='bbox 2093 2647 2517 2716; x_wconf 84' lang='lat' dir='ltr'><strong>possetinipso</strong></span> <span class='ocrx_word' id='word_1_403' title='bbox 2550 2647 2640 2698; x_wconf 88' lang='lat' dir='ltr'><strong>die</strong></span> <span class='ocrx_word' id='word_1_404' title='bbox 2698 2646 3020 2700; x_wconf 90' lang='lat' dir='ltr'><strong>comedere.</strong></span> <span class='ocrx_word' id='word_1_405' title='bbox 3076 2645 3200 2698; x_wconf 86' lang='lat' dir='ltr'><strong>Fuit</strong></span> <span class='ocrx_word' id='word_1_406' title='bbox 3230 2649 3426 2698; x_wconf 85' lang='lat' dir='ltr'><strong>autem</strong></span> <span class='ocrx_word' id='word_1_407' title='bbox 3471 2644 3596 2712; x_wconf 77' lang='lat' dir='ltr'><strong>ejus</strong></span> <span class='ocrx_word' id='word_1_408' title='bbox 3656 2657 3801 2710; x_wconf 92' lang='lat' dir='ltr'><strong>opus</strong></span> 
     </span>
    </p>
   </div>
   <div class='ocr_carea' id='block_1_59' title="bbox 2088 2733 3796 2806">
    <p class='ocr_par' dir='ltr' id='par_1_59' title="bbox 2088 2733 3796 2806">
     <span class='ocr_line' id='line_1_59' title="bbox 2088 2733 3796 2806; baseline -0.005 -13"><span class='ocrx_word' id='word_1_409' title='bbox 2088 2746 2142 2793; x_wconf 87' lang='lat' dir='ltr'><strong>et</strong></span> <span class='ocrx_word' id='word_1_410' title='bbox 2173 2739 2524 2803; x_wconf 87' lang='lat' dir='ltr'><strong>exercitatio,</strong></span> <span class='ocrx_word' id='word_1_411' title='bbox 2585 2753 2745 2791; x_wconf 64' lang='lat' dir='ltr'><strong>orare</strong></span> <span class='ocrx_word' id='word_1_412' title='bbox 2779 2741 3071 2806; x_wconf 83' lang='lat' dir='ltr'><strong>perpetuo.</strong></span> <span class='ocrx_word' id='word_1_413' title='bbox 3126 2735 3225 2787; x_wconf 89' lang='lat' dir='ltr'><strong>Hic</strong></span> <span class='ocrx_word' id='word_1_414' title='bbox 3276 2733 3524 2786; x_wconf 89' lang='lat' dir='ltr'><strong>habebat</strong></span> <span class='ocrx_word' id='word_1_415' title='bbox 3573 2741 3796 2785; x_wconf 80' lang='lat' dir='ltr'><strong>trecen-</strong></span> 
     </span>
    </p>
   </div>
   <div class='ocr_carea' id='block_1_60' title="bbox 2089 2822 3798 2895">
    <p class='ocr_par' dir='ltr' id='par_1_60' title="bbox 2089 2822 3798 2895">
     <span class='ocr_line' id='line_1_60' title="bbox 2089 2822 3798 2895; baseline -0.004 -14"><span class='ocrx_word' id='word_1_416' title='bbox 2089 2831 2179 2881; x_wconf 89' lang='lat' dir='ltr'><strong>tas</strong></span> <span class='ocrx_word' id='word_1_417' title='bbox 2212 2843 2407 2895; x_wconf 86' lang='lat' dir='ltr'><strong>preces</strong></span> <span class='ocrx_word' id='word_1_418' title='bbox 2439 2842 2743 2893; x_wconf 88' lang='lat' dir='ltr'><strong>expressas</strong></span> <span class='ocrx_word' id='word_1_419' title='bbox 2773 2829 2829 2879; x_wconf 91' lang='lat' dir='ltr'><strong>et</strong></span> <span class='ocrx_word' id='word_1_420' title='bbox 2870 2823 3242 2894; x_wconf 72' lang='lat' dir='ltr'><strong>praastitutas,</strong></span> <span class='ocrx_word' id='word_1_421' title='bbox 3293 2825 3530 2877; x_wconf 87' lang='lat' dir='ltr'><strong>totidem</strong></span> <span class='ocrx_word' id='word_1_422' title='bbox 3579 2822 3798 2874; x_wconf 88' lang='lat' dir='ltr'><strong>habens</strong></span> 
     </span>
    </p>
   </div>
   <div class='ocr_carea' id='block_1_61' title="bbox 2091 2909 3798 2982">
    <p class='ocr_par' dir='ltr' id='par_1_61' title="bbox 2091 2909 3798 2982">
     <span class='ocr_line' id='line_1_61' title="bbox 2091 2909 3798 2982; baseline -0.004 -14"><span class='ocrx_word' id='word_1_423' title='bbox 2091 2914 2150 2970; x_wconf 90' lang='lat' dir='ltr'><strong>in</strong></span> <span class='ocrx_word' id='word_1_424' title='bbox 2201 2916 2333 2970; x_wconf 91' lang='lat' dir='ltr'><strong>sinu</strong></span> <span class='ocrx_word' id='word_1_425' title='bbox 2363 2913 2632 2980; x_wconf 87' lang='lat' dir='ltr'><strong>calculos,</strong></span> <span class='ocrx_word' id='word_1_426' title='bbox 2667 2920 2722 2966; x_wconf 88' lang='lat' dir='ltr'><strong>et</strong></span> <span class='ocrx_word' id='word_1_427' title='bbox 2755 2914 2810 2965; x_wconf 92' lang='lat' dir='ltr'><strong>in</strong></span> <span class='ocrx_word' id='word_1_428' title='bbox 2864 2929 3214 2982; x_wconf 88' lang='lat' dir='ltr'><strong>unaquaque</strong></span> <span class='ocrx_word' id='word_1_429' title='bbox 3262 2911 3520 2966; x_wconf 88' lang='lat' dir='ltr'><strong>oratione</strong></span> <span class='ocrx_word' id='word_1_430' title='bbox 3571 2909 3798 2979; x_wconf 89' lang='lat' dir='ltr'><strong>jaciens</strong></span> 
     </span>
    </p>
   </div>
   <div class='ocr_carea' id='block_1_62' title="bbox 2093 3001 3795 3074">
    <p class='ocr_par' dir='ltr' id='par_1_62' title="bbox 2093 3001 3795 3074">
     <span class='ocr_line' id='line_1_62' title="bbox 2093 3001 3795 3074; baseline -0.004 -15"><span class='ocrx_word' id='word_1_431' title='bbox 2093 3023 2274 3059; x_wconf 91' lang='lat' dir='ltr'><strong>unum</strong></span> <span class='ocrx_word' id='word_1_432' title='bbox 2300 3004 2586 3058; x_wconf 83' lang='lat' dir='ltr'><strong>calculum</strong></span> <span class='ocrx_word' id='word_1_433' title='bbox 2620 3004 2753 3074; x_wconf 87' lang='lat'><strong>(58).</strong></span> <span class='ocrx_word' id='word_1_434' title='bbox 2782 3005 2834 3057; x_wconf 92' lang='lat' dir='ltr'><strong>Is</strong></span> <span class='ocrx_word' id='word_1_435' title='bbox 2885 3020 3018 3057; x_wconf 89' lang='lat' dir='ltr'><strong>cum</strong></span> <span class='ocrx_word' id='word_1_436' title='bbox 3051 3001 3390 3056; x_wconf 84' lang='lat' dir='ltr'><strong>accessisset</strong></span> <span class='ocrx_word' id='word_1_437' title='bbox 3421 3002 3491 3054; x_wconf 91' lang='lat' dir='ltr'><strong>ad</strong></span> <span class='ocrx_word' id='word_1_438' title='bbox 3525 3005 3795 3054; x_wconf 88' lang='lat' dir='ltr'><strong>sanctum</strong></span> 
     </span>
    </p>
   </div>
   <div class='ocr_carea' id='block_1_63' title="bbox 2099 3090 3796 3161">
    <p class='ocr_par' dir='ltr' id='par_1_63' title="bbox 2099 3090 3796 3161">
     <span class='ocr_line' id='line_1_63' title="bbox 2099 3090 3796 3161; baseline -0.005 -13"><span class='ocrx_word' id='word_1_439' title='bbox 2099 3095 2408 3148; x_wconf 88' lang='lat' dir='ltr'><strong>Macarium</strong></span> <span class='ocrx_word' id='word_1_440' title='bbox 2437 3094 2534 3161; x_wconf 89' lang='lat' dir='ltr'><strong>qui</strong></span> <span class='ocrx_word' id='word_1_441' title='bbox 2559 3094 2773 3146; x_wconf 90' lang='lat' dir='ltr'><strong>dicitur</strong></span> <span class='ocrx_word' id='word_1_442' title='bbox 2807 3091 3097 3155; x_wconf 88' lang='lat' dir='ltr'><strong>Politicus,</strong></span> <span class='ocrx_word' id='word_1_443' title='bbox 3122 3091 3248 3159; x_wconf 86' lang='lat' dir='ltr'><strong>ejus</strong></span> <span class='ocrx_word' id='word_1_444' title='bbox 3268 3090 3643 3145; x_wconf 88' lang='lat' dir='ltr'><strong>conveniendi</strong></span> <span class='ocrx_word' id='word_1_445' title='bbox 3669 3105 3796 3156; x_wconf 87' lang='lat' dir='ltr'><strong>gra-</strong></span> 
     </span>
    </p>
   </div>
   <div class='ocr_carea' id='block_1_64' title="bbox 279 3151 3797 3252">
    <p class='ocr_par' dir='ltr' id='par_1_64' title="bbox 279 3151 3797 3252">
     <span class='ocr_line' id='line_1_64' title="bbox 279 3151 3797 3252; baseline 0 -23"><span class='ocrx_word' id='word_1_446' title='bbox 279 3194 427 3246; x_wconf 88' lang='lat' dir='ltr'><strong>aqua</strong></span> <span class='ocrx_word' id='word_1_447' title='bbox 453 3151 1172 3244; x_wconf 19' lang='lat' dir='ltr'><strong>implebatiHabentianim</strong></span> <span class='ocrx_word' id='word_1_448' title='bbox 1201 3180 1256 3232; x_wconf 93' lang='lat' dir='ltr'><strong>in</strong></span> <span class='ocrx_word' id='word_1_449' title='bbox 1283 3179 1395 3233; x_wconf 90' lang='lat' dir='ltr'><strong>illis</strong></span> <span class='ocrx_word' id='word_1_450' title='bbox 1422 3180 1564 3234; x_wconf 92' lang='lat' dir='ltr'><strong>locis</strong></span> <span class='ocrx_word' id='word_1_451' title='bbox 1593 3151 1799 3249; x_wconf 84' lang='lat' dir='ltr'><strong>aquam</strong></span> <span class='ocrx_word' id='word_1_452' title='bbox 1829 3186 1983 3233; x_wconf 87' lang='lat' dir='ltr'><strong>certa</strong></span> <span class='ocrx_word' id='word_1_453' title='bbox 2016 3151 2058 3216; x_wconf 66' lang='grc' dir='ltr'>Ο</span> <span class='ocrx_word' id='word_1_454' title='bbox 2100 3184 2198 3239; x_wconf 75' lang='lat' dir='ltr'><strong>tia.</strong></span> <span class='ocrx_word' id='word_1_455' title='bbox 2232 3189 2287 3236; x_wconf 90' lang='lat' dir='ltr'><strong>et</strong></span> <span class='ocrx_word' id='word_1_456' title='bbox 2321 3151 2550 3252; x_wconf 48' lang='lat' dir='ltr'><strong>prop-ter</strong></span> <span class='ocrx_word' id='word_1_457' title='bbox 2580 3181 2894 3246; x_wconf 80' lang='lat' dir='ltr'><strong>spiritalem</strong></span> <span class='ocrx_word' id='word_1_458' title='bbox 2958 3151 3287 3238; x_wconf 69' lang='lat' dir='ltr'><strong>utilitatem,</strong></span> <span class='ocrx_word' id='word_1_459' title='bbox 3313 3183 3362 3232; x_wconf 90' lang='lat' dir='ltr'><strong>ei</strong></span> <span class='ocrx_word' id='word_1_460' title='bbox 3397 3179 3536 3232; x_wconf 90' lang='lat' dir='ltr'><strong>dicit</strong></span> <span class='ocrx_word' id='word_1_461' title='bbox 3573 3194 3585 3231; x_wconf 88' lang='lat'><strong>:</strong></span> <span class='ocrx_word' id='word_1_462' title='bbox 3637 3151 3797 3232; x_wconf 71' lang='lat' dir='ltr'><strong>Abba</strong></span> 
     </span>
    </p>
   </div>
   <div class='ocr_carea' id='block_1_65' title="bbox 281 3266 1983 3338">
    <p class='ocr_par' dir='ltr' id='par_1_65' title="bbox 281 3266 1983 3338">
     <span class='ocr_line' id='line_1_65' title="bbox 281 3266 1983 3338; baseline 0.002 -20"><span class='ocrx_word' id='word_1_463' title='bbox 281 3266 590 3320; x_wconf 89' lang='lat' dir='ltr'><strong>distantem</strong></span> <span class='ocrx_word' id='word_1_464' title='bbox 634 3267 1082 3336; x_wconf 87' lang='lat' dir='ltr'><strong>longinquitate,</strong></span> <span class='ocrx_word' id='word_1_465' title='bbox 1135 3268 1227 3321; x_wconf 89' lang='lat' dir='ltr'><strong>alii</strong></span> <span class='ocrx_word' id='word_1_466' title='bbox 1277 3270 1510 3338; x_wconf 91' lang='lat' dir='ltr'><strong>quidem</strong></span> <span class='ocrx_word' id='word_1_467' title='bbox 1553 3269 1621 3321; x_wconf 88' lang='lat' dir='ltr'><strong>ad</strong></span> <span class='ocrx_word' id='word_1_468' title='bbox 1657 3271 1802 3321; x_wconf 83' lang='lat' dir='ltr'><strong>duos</strong></span> <span class='ocrx_word' id='word_1_469' title='bbox 1838 3269 1983 3338; x_wconf 91' lang='lat' dir='ltr'><strong>lapi-</strong></span> 
     </span>
    </p>
   </div>
   <div class='ocr_carea' id='block_1_66' title="bbox 286 3356 1983 3427">
    <p class='ocr_par' dir='ltr' id='par_1_66' title="bbox 286 3356 1983 3427">
     <span class='ocr_line' id='line_1_66' title="bbox 286 3356 1983 3427; baseline 0.004 -20"><span class='ocrx_word' id='word_1_470' title='bbox 286 3356 407 3418; x_wconf 80' lang='lat' dir='ltr'><strong>des,</strong></span> <span class='ocrx_word' id='word_1_471' title='bbox 444 3356 698 3410; x_wconf 88' lang='lat' dir='ltr'><strong>aliivero</strong></span> <span class='ocrx_word' id='word_1_472' title='bbox 754 3358 821 3410; x_wconf 92' lang='lat' dir='ltr'><strong>ad</strong></span> <span class='ocrx_word' id='word_1_473' title='bbox 875 3359 1155 3427; x_wconf 84' lang='lat' dir='ltr'><strong>quinque,</strong></span> <span class='ocrx_word' id='word_1_474' title='bbox 1214 3359 1310 3412; x_wconf 90' lang='lat' dir='ltr'><strong>alii</strong></span> <span class='ocrx_word' id='word_1_475' title='bbox 1344 3376 1473 3412; x_wconf 91' lang='lat' dir='ltr'><strong>vero</strong></span> <span class='ocrx_word' id='word_1_476' title='bbox 1525 3359 1593 3411; x_wconf 90' lang='lat' dir='ltr'><strong>ad</strong></span> <span class='ocrx_word' id='word_1_477' title='bbox 1648 3358 1983 3413; x_wconf 91' lang='lat' dir='ltr'><strong>dimidium.</strong></span> 
     </span>
    </p>
   </div>
   <div class='ocr_carea' id='block_1_67' title="bbox 286 3443 1984 3518">
    <p class='ocr_par' dir='ltr' id='par_1_67' title="bbox 286 3443 1984 3518">
     <span class='ocr_line' id='line_1_67' title="bbox 286 3443 1984 3518; baseline 0.004 -21"><span class='ocrx_word' id='word_1_478' title='bbox 286 3443 411 3498; x_wconf 90' lang='lat' dir='ltr'><strong>Una</strong></span> <span class='ocrx_word' id='word_1_479' title='bbox 458 3462 593 3515; x_wconf 90' lang='lat' dir='ltr'><strong>ergo</strong></span> <span class='ocrx_word' id='word_1_480' title='bbox 644 3452 811 3500; x_wconf 90' lang='lat' dir='ltr'><strong>nocte</strong></span> <span class='ocrx_word' id='word_1_481' title='bbox 843 3464 955 3516; x_wconf 88' lang='lat' dir='ltr'><strong>qua</strong></span> <span class='ocrx_word' id='word_1_482' title='bbox 997 3447 1104 3501; x_wconf 91' lang='lat' dir='ltr'><strong>hoc</strong></span> <span class='ocrx_word' id='word_1_483' title='bbox 1138 3450 1402 3509; x_wconf 81' lang='lat' dir='ltr'><strong>faciebat,</strong></span> <span class='ocrx_word' id='word_1_484' title='bbox 1454 3451 1679 3503; x_wconf 77' lang='lat' dir='ltr'><strong>daemon</strong></span> <span class='ocrx_word' id='word_1_485' title='bbox 1715 3449 1809 3518; x_wconf 92' lang='lat' dir='ltr'><strong>qui</strong></span> <span class='ocrx_word' id='word_1_486' title='bbox 1854 3467 1984 3503; x_wconf 91' lang='lat' dir='ltr'><strong>eum</strong></span> 
     </span>
    </p>
   </div>
   <div class='ocr_carea' id='block_1_68' title="bbox 289 3536 1985 3606">
    <p class='ocr_par' dir='ltr' id='par_1_68' title="bbox 289 3536 1985 3606">
     <span class='ocr_line' id='line_1_68' title="bbox 289 3536 1985 3606; baseline 0.003 -19"><span class='ocrx_word' id='word_1_487' title='bbox 289 3536 711 3595; x_wconf 85' lang='lat' dir='ltr'><strong>observaverat,</strong></span> <span class='ocrx_word' id='word_1_488' title='bbox 749 3553 858 3590; x_wconf 94' lang='lat' dir='ltr'><strong>non</strong></span> <span class='ocrx_word' id='word_1_489' title='bbox 909 3538 1161 3606; x_wconf 88' lang='lat' dir='ltr'><strong>amplius</strong></span> <span class='ocrx_word' id='word_1_490' title='bbox 1221 3540 1407 3592; x_wconf 89' lang='lat' dir='ltr'><strong>ferens</strong></span> <span class='ocrx_word' id='word_1_491' title='bbox 1438 3539 1666 3593; x_wconf 69' lang='lat' dir='ltr'><strong>athletae</strong></span> <span class='ocrx_word' id='word_1_492' title='bbox 1696 3539 1985 3592; x_wconf 83' lang='lat' dir='ltr'><strong>fortitudi-</strong></span> 
     </span>
    </p>
   </div>
   <div class='ocr_carea' id='block_1_69' title="bbox 290 3627 1988 3699">
    <p class='ocr_par' dir='ltr' id='par_1_69' title="bbox 290 3627 1988 3699">
     <span class='ocr_line' id='line_1_69' title="bbox 290 3627 1988 3699; baseline 0.003 -21"><span class='ocrx_word' id='word_1_493' title='bbox 290 3642 442 3692; x_wconf 90' lang='lat' dir='ltr'><strong>nem,</strong></span> <span class='ocrx_word' id='word_1_494' title='bbox 477 3642 609 3680; x_wconf 90' lang='lat' dir='ltr'><strong>cum</strong></span> <span class='ocrx_word' id='word_1_495' title='bbox 641 3627 764 3694; x_wconf 81' lang='lat' dir='ltr'><strong>ipse</strong></span> <span class='ocrx_word' id='word_1_496' title='bbox 811 3644 870 3681; x_wconf 84' lang='lat' dir='ltr'><strong>se</strong></span> <span class='ocrx_word' id='word_1_497' title='bbox 904 3628 1238 3683; x_wconf 88' lang='lat' dir='ltr'><strong>inclinasset</strong></span> <span class='ocrx_word' id='word_1_498' title='bbox 1291 3631 1345 3683; x_wconf 90' lang='lat' dir='ltr'><strong>in</strong></span> <span class='ocrx_word' id='word_1_499' title='bbox 1409 3638 1671 3699; x_wconf 80' lang='lat' dir='ltr'><strong>puteum.</strong></span> <span class='ocrx_word' id='word_1_500' title='bbox 1707 3635 1767 3683; x_wconf 93' lang='lat' dir='ltr'><strong>ut</strong></span> <span class='ocrx_word' id='word_1_501' title='bbox 1817 3631 1988 3683; x_wconf 89' lang='lat' dir='ltr'><strong>unius</strong></span> 
     </span>
    </p>
   </div>
   <div class='ocr_carea' id='block_1_70' title="bbox 291 3715 1991 3789">
    <p class='ocr_par' dir='ltr' id='par_1_70' title="bbox 291 3715 1991 3789">
     <span class='ocr_line' id='line_1_70' title="bbox 291 3715 1991 3789; baseline 0.002 -21"><span class='ocrx_word' id='word_1_502' title='bbox 291 3715 551 3768; x_wconf 86' lang='lat' dir='ltr'><strong>monachi</strong></span> <span class='ocrx_word' id='word_1_503' title='bbox 580 3715 845 3786; x_wconf 86' lang='lat' dir='ltr'><strong>impleret</strong></span> <span class='ocrx_word' id='word_1_504' title='bbox 877 3718 1164 3788; x_wconf 87' lang='lat' dir='ltr'><strong>hydriam,</strong></span> <span class='ocrx_word' id='word_1_505' title='bbox 1200 3719 1414 3772; x_wconf 86' lang='lat' dir='ltr'><strong>clavam</strong></span> <span class='ocrx_word' id='word_1_506' title='bbox 1448 3722 1754 3789; x_wconf 86' lang='lat' dir='ltr'><strong>quamdam</strong></span> <span class='ocrx_word' id='word_1_507' title='bbox 1789 3720 1838 3774; x_wconf 88' lang='lat' dir='ltr'><strong>ei</strong></span> <span class='ocrx_word' id='word_1_508' title='bbox 1879 3721 1991 3771; x_wconf 90' lang='lat' dir='ltr'><strong>im-</strong></span> 
     </span>
    </p>
   </div>
   <div class='ocr_carea' id='block_1_71' title="bbox 289 3805 1989 3880">
    <p class='ocr_par' dir='ltr' id='par_1_71' title="bbox 289 3805 1989 3880">
     <span class='ocr_line' id='line_1_71' title="bbox 289 3805 1989 3880; baseline 0.005 -26"><span class='ocrx_word' id='word_1_509' title='bbox 289 3805 443 3875; x_wconf 77' lang='lat' dir='ltr'><strong>pegit</strong></span> <span class='ocrx_word' id='word_1_510' title='bbox 475 3807 530 3858; x_wconf 94' lang='lat' dir='ltr'><strong>in</strong></span> <span class='ocrx_word' id='word_1_511' title='bbox 586 3807 838 3870; x_wconf 86' lang='lat' dir='ltr'><strong>lumbos,</strong></span> <span class='ocrx_word' id='word_1_512' title='bbox 882 3815 936 3861; x_wconf 91' lang='lat' dir='ltr'><strong>et</strong></span> <span class='ocrx_word' id='word_1_513' title='bbox 986 3825 1116 3861; x_wconf 89' lang='lat' dir='ltr'><strong>eum</strong></span> <span class='ocrx_word' id='word_1_514' title='bbox 1168 3809 1223 3861; x_wconf 92' lang='lat' dir='ltr'><strong>in</strong></span> <span class='ocrx_word' id='word_1_515' title='bbox 1263 3808 1382 3863; x_wconf 79' lang='lat' dir='ltr'><strong>loro</strong></span> <span class='ocrx_word' id='word_1_516' title='bbox 1416 3810 1649 3880; x_wconf 84' lang='lat' dir='ltr'><strong>reliquit</strong></span> <span class='ocrx_word' id='word_1_517' title='bbox 1699 3811 1989 3877; x_wconf 88' lang='lat' dir='ltr'><strong>jacentem</strong></span> 
     </span>
    </p>
   </div>
   <div class='ocr_carea' id='block_1_72' title="bbox 285 3896 1988 3967">
    <p class='ocr_par' dir='ltr' id='par_1_72' title="bbox 285 3896 1988 3967">
     <span class='ocr_line' id='line_1_72' title="bbox 285 3896 1988 3967; baseline 0.003 -24"><span class='ocrx_word' id='word_1_518' title='bbox 285 3900 606 3960; x_wconf 89' lang='lat' dir='ltr'><strong>mortuum,</strong></span> <span class='ocrx_word' id='word_1_519' title='bbox 670 3896 810 3948; x_wconf 92' lang='lat' dir='ltr'><strong>nihil</strong></span> <span class='ocrx_word' id='word_1_520' title='bbox 873 3898 1107 3950; x_wconf 90' lang='lat' dir='ltr'><strong>omnino</strong></span> <span class='ocrx_word' id='word_1_521' title='bbox 1156 3899 1520 3960; x_wconf 88' lang='lat' dir='ltr'><strong>sentientem,</strong></span> <span class='ocrx_word' id='word_1_522' title='bbox 1579 3915 1766 3967; x_wconf 86' lang='lat' dir='ltr'><strong>neque</strong></span> <span class='ocrx_word' id='word_1_523' title='bbox 1829 3899 1988 3966; x_wconf 89' lang='lat' dir='ltr'><strong>quil,</strong></span> 
     </span>
    </p>
   </div>
   <div class='ocr_carea' id='block_1_73' title="bbox 285 3982 1989 4055">
    <p class='ocr_par' dir='ltr' id='par_1_73' title="bbox 285 3982 1989 4055">
     <span class='ocr_line' id='line_1_73' title="bbox 285 3982 1989 4055; baseline 0.005 -25"><span class='ocrx_word' id='word_1_524' title='bbox 285 3993 470 4046; x_wconf 89' lang='lat' dir='ltr'><strong>neque</strong></span> <span class='ocrx_word' id='word_1_525' title='bbox 538 3998 570 4033; x_wconf 90' lang='lat' dir='ltr'><strong>a</strong></span> <span class='ocrx_word' id='word_1_526' title='bbox 636 3999 749 4050; x_wconf 89' lang='lat' dir='ltr'><strong>quo</strong></span> <span class='ocrx_word' id='word_1_527' title='bbox 819 3982 869 4033; x_wconf 89' lang='lat' dir='ltr'><strong>id</strong></span> <span class='ocrx_word' id='word_1_528' title='bbox 944 4000 1152 4050; x_wconf 89' lang='lat' dir='ltr'><strong>passus</strong></span> <span class='ocrx_word' id='word_1_529' title='bbox 1220 3986 1314 4037; x_wconf 88' lang='lat' dir='ltr'><strong>sit.</strong></span> <span class='ocrx_word' id='word_1_530' title='bbox 1408 3983 1547 4038; x_wconf 91' lang='lat' dir='ltr'><strong>Cum</strong></span> <span class='ocrx_word' id='word_1_531' title='bbox 1646 4002 1780 4055; x_wconf 90' lang='lat' dir='ltr'><strong>ergo</strong></span> <span class='ocrx_word' id='word_1_532' title='bbox 1875 3986 1989 4040; x_wconf 88' lang='lat' dir='ltr'><strong>alio</strong></span> 
     </span>
    </p>
   </div>
   <div class='ocr_carea' id='block_1_74' title="bbox 281 4067 1990 4140">
    <p class='ocr_par' dir='ltr' id='par_1_74' title="bbox 281 4067 1990 4140">
     <span class='ocr_line' id='line_1_74' title="bbox 281 4067 1990 4140; baseline 0.003 -20"><span class='ocrx_word' id='word_1_533' title='bbox 281 4067 371 4120; x_wconf 90' lang='lat' dir='ltr'><strong>die</strong></span> <span class='ocrx_word' id='word_1_534' title='bbox 431 4070 684 4121; x_wconf 89' lang='lat' dir='ltr'><strong>venisset</strong></span> <span class='ocrx_word' id='word_1_535' title='bbox 744 4070 973 4135; x_wconf 85' lang='lat' dir='ltr'><strong>quidam</strong></span> <span class='ocrx_word' id='word_1_536' title='bbox 1038 4071 1356 4124; x_wconf 88' lang='lat' dir='ltr'><strong>monachus</strong></span> <span class='ocrx_word' id='word_1_537' title='bbox 1417 4074 1482 4124; x_wconf 88' lang='lat' dir='ltr'><strong>ad</strong></span> <span class='ocrx_word' id='word_1_538' title='bbox 1544 4090 1752 4140; x_wconf 89' lang='lat' dir='ltr'><strong>aquam</strong></span> <span class='ocrx_word' id='word_1_539' title='bbox 1844 4073 1990 4127; x_wconf 90' lang='lat' dir='ltr'><strong>hau-</strong></span> 
     </span>
    </p>
   </div>
   <div class='ocr_carea' id='block_1_75' title="bbox 282 4155 1986 4231">
    <p class='ocr_par' dir='ltr' id='par_1_75' title="bbox 282 4155 1986 4231">
     <span class='ocr_line' id='line_1_75' title="bbox 282 4155 1986 4231; baseline 0.005 -24"><span class='ocrx_word' id='word_1_540' title='bbox 282 4155 562 4219; x_wconf 84' lang='lat' dir='ltr'><strong>riendam,</strong></span> <span class='ocrx_word' id='word_1_541' title='bbox 598 4173 730 4210; x_wconf 91' lang='lat' dir='ltr'><strong>eum</strong></span> <span class='ocrx_word' id='word_1_542' title='bbox 766 4157 882 4211; x_wconf 92' lang='lat' dir='ltr'><strong>illic</strong></span> <span class='ocrx_word' id='word_1_543' title='bbox 913 4159 1134 4213; x_wconf 90' lang='lat' dir='ltr'><strong>invenit</strong></span> <span class='ocrx_word' id='word_1_544' title='bbox 1177 4161 1461 4228; x_wconf 89' lang='lat' dir='ltr'><strong>jacentem</strong></span> <span class='ocrx_word' id='word_1_545' title='bbox 1529 4160 1711 4231; x_wconf 86' lang='lat' dir='ltr'><strong>linqui</strong></span> <span class='ocrx_word' id='word_1_546' title='bbox 1771 4162 1986 4216; x_wconf 91' lang='lat' dir='ltr'><strong>animo.</strong></span> 
     </span>
    </p>
   </div>
   <div class='ocr_carea' id='block_1_76' title="bbox 283 4246 1989 4322">
    <p class='ocr_par' dir='ltr' id='par_1_76' title="bbox 283 4246 1989 4322">
     <span class='ocr_line' id='line_1_76' title="bbox 283 4246 1989 4322; baseline 0.004 -23"><span class='ocrx_word' id='word_1_547' title='bbox 283 4246 335 4299; x_wconf 88' lang='lat' dir='ltr'><strong>Is</strong></span> <span class='ocrx_word' id='word_1_548' title='bbox 371 4253 558 4300; x_wconf 89' lang='lat' dir='ltr'><strong>autem</strong></span> <span class='ocrx_word' id='word_1_549' title='bbox 614 4248 667 4300; x_wconf 91' lang='lat' dir='ltr'><strong>id</strong></span> <span class='ocrx_word' id='word_1_550' title='bbox 721 4248 1072 4300; x_wconf 85' lang='lat' dir='ltr'><strong>renuntiavit</strong></span> <span class='ocrx_word' id='word_1_551' title='bbox 1123 4266 1330 4319; x_wconf 91' lang='lat' dir='ltr'><strong>magno</strong></span> <span class='ocrx_word' id='word_1_552' title='bbox 1382 4249 1597 4304; x_wconf 67' lang='lat' dir='ltr'><strong>Isidoro</strong></span> <span class='ocrx_word' id='word_1_553' title='bbox 1660 4254 1989 4322; x_wconf 76' lang='lat' dir='ltr'><strong>presbytero</strong></span> 
     </span>
    </p>
   </div>
   <div class='ocr_carea' id='block_1_77' title="bbox 282 4336 1990 4410">
    <p class='ocr_par' dir='ltr' id='par_1_77' title="bbox 282 4336 1990 4410">
     <span class='ocr_line' id='line_1_77' title="bbox 282 4336 1990 4410; baseline 0.004 -19"><span class='ocrx_word' id='word_1_554' title='bbox 282 4337 482 4392; x_wconf 81' lang='lat' dir='ltr'><strong>Scetis.</strong></span> <span class='ocrx_word' id='word_1_555' title='bbox 517 4336 620 4398; x_wconf 89' lang='lat' dir='ltr'><strong>Qui</strong></span> <span class='ocrx_word' id='word_1_556' title='bbox 657 4339 855 4391; x_wconf 91' lang='lat' dir='ltr'><strong>abiens</strong></span> <span class='ocrx_word' id='word_1_557' title='bbox 891 4355 1023 4392; x_wconf 93' lang='lat' dir='ltr'><strong>cum</strong></span> <span class='ocrx_word' id='word_1_558' title='bbox 1057 4340 1268 4410; x_wconf 88' lang='lat' dir='ltr'><strong>aliquot</strong></span> <span class='ocrx_word' id='word_1_559' title='bbox 1307 4340 1456 4404; x_wconf 90' lang='lat' dir='ltr'><strong>aliis,</strong></span> <span class='ocrx_word' id='word_1_560' title='bbox 1492 4357 1624 4394; x_wconf 89' lang='lat' dir='ltr'><strong>eum</strong></span> <span class='ocrx_word' id='word_1_561' title='bbox 1674 4345 1910 4410; x_wconf 88' lang='lat' dir='ltr'><strong>accepit,</strong></span> <span class='ocrx_word' id='word_1_562' title='bbox 1934 4346 1990 4396; x_wconf 85' lang='lat' dir='ltr'><strong>et</strong></span> 
     </span>
    </p>
   </div>
   <div class='ocr_carea' id='block_1_78' title="bbox 280 4426 1986 4500">
    <p class='ocr_par' dir='ltr' id='par_1_78' title="bbox 280 4426 1986 4500">
     <span class='ocr_line' id='line_1_78' title="bbox 280 4426 1986 4500; baseline 0.004 -20"><span class='ocrx_word' id='word_1_563' title='bbox 280 4426 416 4480; x_wconf 88' lang='lat' dir='ltr'><strong>tulit</strong></span> <span class='ocrx_word' id='word_1_564' title='bbox 449 4430 502 4480; x_wconf 92' lang='lat' dir='ltr'><strong>in</strong></span> <span class='ocrx_word' id='word_1_565' title='bbox 529 4428 855 4482; x_wconf 85' lang='lat' dir='ltr'><strong>ecclesiam.</strong></span> <span class='ocrx_word' id='word_1_566' title='bbox 908 4429 1007 4482; x_wconf 92' lang='lat' dir='ltr'><strong>Ille</strong></span> <span class='ocrx_word' id='word_1_567' title='bbox 1043 4446 1171 4482; x_wconf 87' lang='lat' dir='ltr'><strong>vero</strong></span> <span class='ocrx_word' id='word_1_568' title='bbox 1203 4448 1354 4484; x_wconf 91' lang='lat' dir='ltr'><strong>anno</strong></span> <span class='ocrx_word' id='word_1_569' title='bbox 1416 4438 1532 4485; x_wconf 86' lang='lat' dir='ltr'><strong>toto</strong></span> <span class='ocrx_word' id='word_1_570' title='bbox 1566 4431 1881 4500; x_wconf 58' lang='lat' dir='ltr'><strong>aagrotavit,</strong></span> <span class='ocrx_word' id='word_1_571' title='bbox 1926 4440 1986 4487; x_wconf 89' lang='lat' dir='ltr'><strong>ut</strong></span> 
     </span>
    </p>
   </div>
   <div class='ocr_carea' id='block_1_79' title="bbox 2098 3269 3796 3341">
    <p class='ocr_par' dir='ltr' id='par_1_79' title="bbox 2098 3269 3796 3341">
     <span class='ocr_line' id='line_1_79' title="bbox 2098 3269 3796 3341; baseline -0.002 -15"><span class='ocrx_word' id='word_1_572' title='bbox 2098 3273 2334 3337; x_wconf 90' lang='lat' dir='ltr'><strong>Macari,</strong></span> <span class='ocrx_word' id='word_1_573' title='bbox 2369 3271 2530 3326; x_wconf 76' lang='lat' dir='ltr'><strong>valde</strong></span> <span class='ocrx_word' id='word_1_574' title='bbox 2563 3271 2810 3341; x_wconf 85' lang='lat' dir='ltr'><strong>alfligor.</strong></span> <span class='ocrx_word' id='word_1_575' title='bbox 2835 3270 3033 3337; x_wconf 77' lang='lat' dir='ltr'><strong>Coegit</strong></span> <span class='ocrx_word' id='word_1_576' title='bbox 3063 3288 3190 3324; x_wconf 89' lang='lat' dir='ltr'><strong>eum</strong></span> <span class='ocrx_word' id='word_1_577' title='bbox 3225 3269 3433 3323; x_wconf 86' lang='lat' dir='ltr'><strong>Christi</strong></span> <span class='ocrx_word' id='word_1_578' title='bbox 3469 3285 3668 3323; x_wconf 89' lang='lat' dir='ltr'><strong>servus</strong></span> <span class='ocrx_word' id='word_1_579' title='bbox 3699 3269 3796 3323; x_wconf 88' lang='lat' dir='ltr'><strong>di-</strong></span> 
     </span>
    </p>
   </div>
   <div class='ocr_carea' id='block_1_80' title="bbox 2097 3359 3798 3433">
    <p class='ocr_par' dir='ltr' id='par_1_80' title="bbox 2097 3359 3798 3433">
     <span class='ocr_line' id='line_1_80' title="bbox 2097 3359 3798 3433; baseline -0.001 -16"><span class='ocrx_word' id='word_1_580' title='bbox 2097 3379 2223 3417; x_wconf 90' lang='lat' dir='ltr'><strong>cere</strong></span> <span class='ocrx_word' id='word_1_581' title='bbox 2255 3379 2492 3416; x_wconf 78' lang='lat' dir='ltr'><strong>causam</strong></span> <span class='ocrx_word' id='word_1_582' title='bbox 2544 3368 2775 3433; x_wconf 86' lang='lat' dir='ltr'><strong>propter</strong></span> <span class='ocrx_word' id='word_1_583' title='bbox 2804 3377 2981 3432; x_wconf 87' lang='lat' dir='ltr'><strong>quam</strong></span> <span class='ocrx_word' id='word_1_584' title='bbox 3035 3361 3296 3416; x_wconf 85' lang='lat' dir='ltr'><strong>molestia</strong></span> <span class='ocrx_word' id='word_1_585' title='bbox 3327 3359 3711 3415; x_wconf 82' lang='lat' dir='ltr'><strong>afﬁciebatur.</strong></span> <span class='ocrx_word' id='word_1_586' title='bbox 3746 3360 3798 3415; x_wconf 92' lang='lat' dir='ltr'><strong>Is</strong></span> 
     </span>
    </p>
   </div>
   <div class='ocr_carea' id='block_1_81' title="bbox 2096 3454 2506 3508">
    <p class='ocr_par' dir='ltr' id='par_1_81' title="bbox 2096 3454 2506 3508">
     <span class='ocr_line' id='line_1_81' title="bbox 2096 3454 2506 3508; baseline -0.002 0"><span class='ocrx_word' id='word_1_587' title='bbox 2096 3470 2226 3508; x_wconf 88' lang='lat' dir='ltr'><strong>vero</strong></span> <span class='ocrx_word' id='word_1_588' title='bbox 2244 3454 2291 3507; x_wconf 90' lang='lat' dir='ltr'><strong>ei</strong></span> <span class='ocrx_word' id='word_1_589' title='bbox 2326 3455 2506 3507; x_wconf 85' lang='lat' dir='ltr'><strong>dicit:</strong></span> 
     </span>
    </p>
   </div>
   <div class='ocr_carea' id='block_1_82' title="bbox 2721 3540 3179 3598">
    <p class='ocr_par' dir='ltr' id='par_1_82' title="bbox 2721 3540 3179 3598">
     <span class='ocr_line' id='line_1_82' title="bbox 2721 3540 3179 3598; baseline -0.002 -2"><span class='ocrx_word' id='word_1_590' title='bbox 2721 3542 2950 3598; x_wconf 85' lang='lat' dir='ltr'><strong>CAPUT</strong></span> <span class='ocrx_word' id='word_1_591' title='bbox 2983 3540 3179 3596; x_wconf 85' lang='lat' dir='ltr'><strong>XXIV.</strong></span> 
     </span>
    </p>
   </div>
   <div class='ocr_carea' id='block_1_83' title="bbox 2230 3634 3692 3704">
    <p class='ocr_par' dir='ltr' id='par_1_83' title="bbox 2230 3634 3692 3704">
     <span class='ocr_line' id='line_1_83' title="bbox 2230 3634 3692 3704; baseline -0.004 -16"><span class='ocrx_word' id='word_1_592' title='bbox 2230 3637 2302 3688; x_wconf 79' lang='lat' dir='ltr'><strong>De</strong></span> <span class='ocrx_word' id='word_1_593' title='bbox 2324 3635 2550 3704; x_wconf 74' lang='lat' dir='ltr'><strong>Virgine</strong></span> <span class='ocrx_word' id='word_1_594' title='bbox 2580 3651 2698 3704; x_wconf 67' lang='grc' dir='ltr'><strong>(μιν</strong></span> <span class='ocrx_word' id='word_1_595' title='bbox 2731 3635 2971 3701; x_wconf 71' lang='lat' dir='ltr'><strong>faciebat</strong></span> <span class='ocrx_word' id='word_1_596' title='bbox 3003 3637 3369 3701; x_wconf 73' lang='lat' dir='ltr'><strong>septingentos</strong></span> <span class='ocrx_word' id='word_1_597' title='bbox 3399 3634 3692 3687; x_wconf 76' lang='lat' dir='ltr'><strong>orationes.</strong></span> 
     </span>
    </p>
   </div>
   <div class='ocr_carea' id='block_1_84' title="bbox 2172 3722 3800 3794">
    <p class='ocr_par' dir='ltr' id='par_1_84' title="bbox 2172 3722 3800 3794">
     <span class='ocr_line' id='line_1_84' title="bbox 2172 3722 3800 3794; baseline -0.005 -15"><span class='ocrx_word' id='word_1_598' title='bbox 2172 3727 2233 3779; x_wconf 93' lang='lat' dir='ltr'><strong>In</strong></span> <span class='ocrx_word' id='word_1_599' title='bbox 2256 3733 2506 3794; x_wconf 88' lang='lat' dir='ltr'><strong>quo-lam</strong></span> <span class='ocrx_word' id='word_1_600' title='bbox 2559 3728 2679 3779; x_wconf 86' lang='lat' dir='ltr'><strong>vico</strong></span> <span class='ocrx_word' id='word_1_601' title='bbox 2733 3725 2953 3778; x_wconf 77' lang='lat' dir='ltr'><strong>habitat</strong></span> <span class='ocrx_word' id='word_1_602' title='bbox 3011 3729 3273 3794; x_wconf 64' lang='lat' dir='ltr'><strong>quadam</strong></span> <span class='ocrx_word' id='word_1_603' title='bbox 3328 3724 3502 3793; x_wconf 76' lang='lat' dir='ltr'><strong>virgo,</strong></span> <span class='ocrx_word' id='word_1_604' title='bbox 3555 3722 3800 3791; x_wconf 73' lang='lat' dir='ltr'><strong>quaatri-</strong></span> 
     </span>
    </p>
   </div>
   <div class='ocr_carea' id='block_1_85' title="bbox 2099 3810 3802 3886">
    <p class='ocr_par' dir='ltr' id='par_1_85' title="bbox 2099 3810 3802 3886">
     <span class='ocr_line' id='line_1_85' title="bbox 2099 3810 3802 3886; baseline -0.003 -18"><span class='ocrx_word' id='word_1_605' title='bbox 2099 3816 2393 3886; x_wconf 86' lang='lat' dir='ltr'><strong>gesimum</strong></span> <span class='ocrx_word' id='word_1_606' title='bbox 2427 3832 2646 3868; x_wconf 90' lang='lat' dir='ltr'><strong>annum</strong></span> <span class='ocrx_word' id='word_1_607' title='bbox 2676 3815 2798 3882; x_wconf 88' lang='lat' dir='ltr'><strong>jam</strong></span> <span class='ocrx_word' id='word_1_608' title='bbox 2854 3822 3171 3867; x_wconf 61' lang='lat' dir='ltr'><strong>exercetur.</strong></span> <span class='ocrx_word' id='word_1_609' title='bbox 3208 3812 3286 3865; x_wconf 61' lang='lat' dir='ltr'><strong>Du.</strong></span> <span class='ocrx_word' id='word_1_610' title='bbox 3317 3829 3429 3880; x_wconf 89' lang='lat' dir='ltr'><strong>qua</strong></span> <span class='ocrx_word' id='word_1_611' title='bbox 3462 3811 3623 3864; x_wconf 89' lang='lat' dir='ltr'><strong>multi</strong></span> <span class='ocrx_word' id='word_1_612' title='bbox 3661 3810 3802 3863; x_wconf 88' lang='lat' dir='ltr'><strong>mihi</strong></span> 
     </span>
    </p>
   </div>
   <div class='ocr_carea' id='block_1_86' title="bbox 2104 3899 3800 3971">
    <p class='ocr_par' dir='ltr' id='par_1_86' title="bbox 2104 3899 3800 3971">
     <span class='ocr_line' id='line_1_86' title="bbox 2104 3899 3800 3971; baseline -0.004 -13"><span class='ocrx_word' id='word_1_613' title='bbox 2104 3910 2434 3962; x_wconf 88' lang='lat' dir='ltr'><strong>narrarunt,</strong></span> <span class='ocrx_word' id='word_1_614' title='bbox 2493 3904 2642 3970; x_wconf 88' lang='lat' dir='ltr'><strong>quod</strong></span> <span class='ocrx_word' id='word_1_615' title='bbox 2708 3914 2907 3971; x_wconf 73' lang='lat' dir='ltr'><strong>praeter</strong></span> <span class='ocrx_word' id='word_1_616' title='bbox 2957 3902 3276 3954; x_wconf 78' lang='lat' dir='ltr'><strong>Sabbatum</strong></span> <span class='ocrx_word' id='word_1_617' title='bbox 3336 3906 3392 3952; x_wconf 91' lang='lat' dir='ltr'><strong>et</strong></span> <span class='ocrx_word' id='word_1_618' title='bbox 3443 3899 3800 3952; x_wconf 75' lang='lat' dir='ltr'><strong>DominiCam</strong></span> 
     </span>
    </p>
   </div>
   <div class='ocr_carea' id='block_1_87' title="bbox 2104 3989 3804 4059">
    <p class='ocr_par' dir='ltr' id='par_1_87' title="bbox 2104 3989 3804 4059">
     <span class='ocr_line' id='line_1_87' title="bbox 2104 3989 3804 4059; baseline -0.004 -12"><span class='ocrx_word' id='word_1_619' title='bbox 2104 3995 2258 4048; x_wconf 91' lang='lat' dir='ltr'><strong>nullo</strong></span> <span class='ocrx_word' id='word_1_620' title='bbox 2290 3995 2403 4046; x_wconf 91' lang='lat' dir='ltr'><strong>alio</strong></span> <span class='ocrx_word' id='word_1_621' title='bbox 2437 3993 2530 4046; x_wconf 84' lang='lat' dir='ltr'><strong>die</strong></span> <span class='ocrx_word' id='word_1_622' title='bbox 2577 3993 2865 4059; x_wconf 85' lang='lat' dir='ltr'><strong>vescitur;</strong></span> <span class='ocrx_word' id='word_1_623' title='bbox 2917 3996 3013 4046; x_wconf 89' lang='lat' dir='ltr'><strong>sed</strong></span> <span class='ocrx_word' id='word_1_624' title='bbox 3076 3997 3193 4044; x_wconf 89' lang='lat' dir='ltr'><strong>toto</strong></span> <span class='ocrx_word' id='word_1_625' title='bbox 3252 3996 3512 4059; x_wconf 90' lang='lat' dir='ltr'><strong>tempore</strong></span> <span class='ocrx_word' id='word_1_626' title='bbox 3568 3989 3804 4042; x_wconf 86' lang='lat' dir='ltr'><strong>trahens</strong></span> 
     </span>
    </p>
   </div>
   <div class='ocr_carea' id='block_1_88' title="bbox 2102 4078 3805 4151">
    <p class='ocr_par' dir='ltr' id='par_1_88' title="bbox 2102 4078 3805 4151">
     <span class='ocr_line' id='line_1_88' title="bbox 2102 4078 3805 4151; baseline -0.003 -16"><span class='ocrx_word' id='word_1_627' title='bbox 2102 4082 2520 4142; x_wconf 71' lang='lat' dir='ltr'><strong>hebdomadas.</strong></span> <span class='ocrx_word' id='word_1_628' title='bbox 2545 4087 2601 4135; x_wconf 91' lang='lat' dir='ltr'><strong>et</strong></span> <span class='ocrx_word' id='word_1_629' title='bbox 2663 4089 2787 4150; x_wconf 78' lang='lat' dir='ltr'><strong>post</strong></span> <span class='ocrx_word' id='word_1_630' title='bbox 2835 4084 3087 4151; x_wconf 86' lang='lat' dir='ltr'><strong>quinque</strong></span> <span class='ocrx_word' id='word_1_631' title='bbox 3128 4081 3249 4133; x_wconf 85' lang='lat' dir='ltr'><strong>dies</strong></span> <span class='ocrx_word' id='word_1_632' title='bbox 3291 4080 3620 4140; x_wconf 80' lang='lat' dir='ltr'><strong>comedens,</strong></span> <span class='ocrx_word' id='word_1_633' title='bbox 3673 4078 3805 4130; x_wconf 85' lang='lat' dir='ltr'><strong>facit</strong></span> 
     </span>
    </p>
   </div>
   <div class='ocr_carea' id='block_1_89' title="bbox 2101 4167 3802 4238">
    <p class='ocr_par' dir='ltr' id='par_1_89' title="bbox 2101 4167 3802 4238">
     <span class='ocr_line' id='line_1_89' title="bbox 2101 4167 3802 4238; baseline -0.004 -14"><span class='ocrx_word' id='word_1_634' title='bbox 2101 4170 2492 4238; x_wconf 78' lang='lat' dir='ltr'><strong>septingentas</strong></span> <span class='ocrx_word' id='word_1_635' title='bbox 2525 4172 2834 4226; x_wconf 90' lang='lat' dir='ltr'><strong>orationes.</strong></span> <span class='ocrx_word' id='word_1_636' title='bbox 2873 4171 2987 4224; x_wconf 69' lang='lat' dir='ltr'><strong>Hoc</strong></span> <span class='ocrx_word' id='word_1_637' title='bbox 3037 4187 3166 4223; x_wconf 93' lang='lat' dir='ltr'><strong>cum</strong></span> <span class='ocrx_word' id='word_1_638' title='bbox 3222 4167 3579 4233; x_wconf 84' lang='lat' dir='ltr'><strong>didicissem,</strong></span> <span class='ocrx_word' id='word_1_639' title='bbox 3618 4168 3802 4232; x_wconf 89' lang='lat' dir='ltr'><strong>meip-</strong></span> 
     </span>
    </p>
   </div>
   <div class='ocr_carea' id='block_1_90' title="bbox 2101 4259 3800 4332">
    <p class='ocr_par' dir='ltr' id='par_1_90' title="bbox 2101 4259 3800 4332">
     <span class='ocr_line' id='line_1_90' title="bbox 2101 4259 3800 4332; baseline -0.003 -17"><span class='ocrx_word' id='word_1_640' title='bbox 2101 4279 2228 4316; x_wconf 92' lang='lat' dir='ltr'><strong>sum</strong></span> <span class='ocrx_word' id='word_1_641' title='bbox 2261 4263 2580 4330; x_wconf 86' lang='lat' dir='ltr'><strong>reprobavi,</strong></span> <span class='ocrx_word' id='word_1_642' title='bbox 2615 4264 2766 4332; x_wconf 84' lang='lat' dir='ltr'><strong>quod</strong></span> <span class='ocrx_word' id='word_1_643' title='bbox 2793 4262 2876 4314; x_wconf 92' lang='lat' dir='ltr'><strong>vir</strong></span> <span class='ocrx_word' id='word_1_644' title='bbox 2907 4268 3135 4316; x_wconf 86' lang='lat' dir='ltr'><strong>creatus</strong></span> <span class='ocrx_word' id='word_1_645' title='bbox 3169 4260 3258 4312; x_wconf 89' lang='lat' dir='ltr'><strong>his</strong></span> <span class='ocrx_word' id='word_1_646' title='bbox 3281 4259 3502 4312; x_wconf 86' lang='lat' dir='ltr'><strong>viribus</strong></span> <span class='ocrx_word' id='word_1_647' title='bbox 3525 4259 3800 4325; x_wconf 86' lang='lat' dir='ltr'><strong>corporis,</strong></span> 
     </span>
    </p>
   </div>
   <div class='ocr_carea' id='block_1_91' title="bbox 2101 4348 3799 4420">
    <p class='ocr_par' dir='ltr' id='par_1_91' title="bbox 2101 4348 3799 4420">
     <span class='ocr_line' id='line_1_91' title="bbox 2101 4348 3799 4420; baseline -0.002 -15"><span class='ocrx_word' id='word_1_648' title='bbox 2101 4369 2212 4405; x_wconf 93' lang='lat' dir='ltr'><strong>non</strong></span> <span class='ocrx_word' id='word_1_649' title='bbox 2250 4353 2526 4420; x_wconf 90' lang='lat' dir='ltr'><strong>potuerim</strong></span> <span class='ocrx_word' id='word_1_650' title='bbox 2562 4353 2746 4406; x_wconf 90' lang='lat' dir='ltr'><strong>facere</strong></span> <span class='ocrx_word' id='word_1_651' title='bbox 2779 4352 2910 4420; x_wconf 90' lang='lat' dir='ltr'><strong>plus</strong></span> <span class='ocrx_word' id='word_1_652' title='bbox 2950 4367 3122 4419; x_wconf 88' lang='lat' dir='ltr'><strong>quam</strong></span> <span class='ocrx_word' id='word_1_653' title='bbox 3175 4357 3461 4402; x_wconf 77' lang='lat' dir='ltr'><strong>trecentas</strong></span> <span class='ocrx_word' id='word_1_654' title='bbox 3493 4348 3799 4402; x_wconf 87' lang='lat' dir='ltr'><strong>orationes.</strong></span> 
     </span>
    </p>
   </div>
   <div class='ocr_carea' id='block_1_92' title="bbox 2105 4437 3803 4508">
    <p class='ocr_par' dir='ltr' id='par_1_92' title="bbox 2105 4437 3803 4508">
     <span class='ocr_line' id='line_1_92' title="bbox 2105 4437 3803 4508; baseline -0.002 -15"><span class='ocrx_word' id='word_1_655' title='bbox 2105 4441 2159 4493; x_wconf 91' lang='lat' dir='ltr'><strong>Ei</strong></span> <span class='ocrx_word' id='word_1_656' title='bbox 2196 4443 2504 4508; x_wconf 79' lang='lat' dir='ltr'><strong>respondet</strong></span> <span class='ocrx_word' id='word_1_657' title='bbox 2527 4449 2762 4494; x_wconf 89' lang='lat' dir='ltr'><strong>sanctus</strong></span> <span class='ocrx_word' id='word_1_658' title='bbox 2798 4440 3105 4503; x_wconf 86' lang='lat' dir='ltr'><strong>Macarius,</strong></span> <span class='ocrx_word' id='word_1_659' title='bbox 3131 4439 3366 4493; x_wconf 86' lang='lat' dir='ltr'><strong>dicens:</strong></span> <span class='ocrx_word' id='word_1_660' title='bbox 3401 4437 3803 4506; x_wconf 81' lang='lat' dir='ltr'><strong>Sexagesimus</strong></span> 
     </span>
    </p>
   </div>
   <div class='ocr_carea' id='block_1_93' title="bbox 282 4517 3804 4598">
    <p class='ocr_par' dir='ltr' id='par_1_93' title="bbox 282 4517 3804 4598">
     <span class='ocr_line' id='line_1_93' title="bbox 282 4517 3804 4598; baseline -0.001 -14"><span class='ocrx_word' id='word_1_661' title='bbox 282 4517 372 4571; x_wconf 65' lang='lat' dir='ltr'><strong>Vix</strong></span> <span class='ocrx_word' id='word_1_662' title='bbox 406 4520 781 4595; x_wconf 53' lang='lat' dir='ltr'><strong>corpusﬁjus</strong></span> <span class='ocrx_word' id='word_1_663' title='bbox 809 4525 864 4572; x_wconf 62' lang='lat' dir='ltr'><strong>et</strong></span> <span class='ocrx_word' id='word_1_664' title='bbox 894 4520 1087 4573; x_wconf 65' lang='lat' dir='ltr'><strong>anima</strong></span> <span class='ocrx_word' id='word_1_665' title='bbox 1119 4520 1492 4574; x_wconf 64' lang='grc' dir='ltr'><strong>οοηνειιυθτίῑ-</strong></span> <span class='ocrx_word' id='word_1_666' title='bbox 1537 4520 1695 4574; x_wconf 74' lang='lat' dir='ltr'><strong>Tunc</strong></span> <span class='ocrx_word' id='word_1_667' title='bbox 1731 4521 1864 4574; x_wconf 72' lang='lat' dir='ltr'><strong>diCiI</strong></span> <span class='ocrx_word' id='word_1_668' title='bbox 1898 4520 1983 4575; x_wconf 78' lang='lat' dir='ltr'><strong>illi</strong></span> <span class='ocrx_word' id='word_1_669' title='bbox 2019 4522 2070 4585; x_wconf 91' lang='lat' dir='ltr'><strong>D</strong></span> <span class='ocrx_word' id='word_1_670' title='bbox 2105 4545 2289 4581; x_wconf 85' lang='lat' dir='ltr'><strong>annus</strong></span> <span class='ocrx_word' id='word_1_671' title='bbox 2321 4528 2535 4595; x_wconf 79' lang='lat' dir='ltr'><strong>agitur,</strong></span> <span class='ocrx_word' id='word_1_672' title='bbox 2557 4544 2620 4583; x_wconf 82' lang='lat' dir='ltr'><strong>ex</strong></span> <span class='ocrx_word' id='word_1_673' title='bbox 2656 4545 2768 4598; x_wconf 92' lang='lat' dir='ltr'><strong>quo</strong></span> <span class='ocrx_word' id='word_1_674' title='bbox 2820 4538 3049 4583; x_wconf 87' lang='lat' dir='ltr'><strong>centum</strong></span> <span class='ocrx_word' id='word_1_675' title='bbox 3085 4528 3430 4582; x_wconf 87' lang='lat' dir='ltr'><strong>constitutas</strong></span> <span class='ocrx_word' id='word_1_676' title='bbox 3469 4526 3615 4579; x_wconf 85' lang='lat' dir='ltr'><strong>facio</strong></span> <span class='ocrx_word' id='word_1_677' title='bbox 3674 4542 3804 4579; x_wconf 85' lang='lat' dir='ltr'><strong>ora-</strong></span> 
     </span>
    </p>
   </div>
   <div class='ocr_carea' id='block_1_94' title="bbox 283 4608 1985 4680">
    <p class='ocr_par' dir='ltr' id='par_1_94' title="bbox 283 4608 1985 4680">
     <span class='ocr_line' id='line_1_94' title="bbox 283 4608 1985 4680; baseline 0.001 -20"><span class='ocrx_word' id='word_1_678' title='bbox 283 4623 529 4676; x_wconf 89' lang='lat' dir='ltr'><strong>magnus</strong></span> <span class='ocrx_word' id='word_1_679' title='bbox 561 4608 771 4661; x_wconf 80' lang='lat' dir='ltr'><strong>Christi</strong></span> <span class='ocrx_word' id='word_1_680' title='bbox 817 4610 1087 4663; x_wconf 90' lang='lat' dir='ltr'><strong>sacerdos</strong></span> <span class='ocrx_word' id='word_1_681' title='bbox 1140 4610 1392 4664; x_wconf 87' lang='lat' dir='ltr'><strong>Isidorus</strong></span> <span class='ocrx_word' id='word_1_682' title='bbox 1427 4625 1439 4663; x_wconf 89' lang='lat'>:</span> <span class='ocrx_word' id='word_1_683' title='bbox 1475 4609 1648 4663; x_wconf 88' lang='lat' dir='ltr'><strong>Cessa</strong></span> <span class='ocrx_word' id='word_1_684' title='bbox 1693 4610 1985 4680; x_wconf 70' lang='lat' dir='ltr'><strong>deinceps,</strong></span> 
     </span>
    </p>
   </div>
   <div class='ocr_carea' id='block_1_95' title="bbox 281 4697 1986 4766">
    <p class='ocr_par' dir='ltr' id='par_1_95' title="bbox 281 4697 1986 4766">
     <span class='ocr_line' id='line_1_95' title="bbox 281 4697 1986 4766; baseline 0.003 -17"><span class='ocrx_word' id='word_1_685' title='bbox 281 4697 455 4749; x_wconf 83' lang='lat' dir='ltr'><strong>frater</strong></span> <span class='ocrx_word' id='word_1_686' title='bbox 512 4697 756 4766; x_wconf 86' lang='lat' dir='ltr'><strong>Moyses,</strong></span> <span class='ocrx_word' id='word_1_687' title='bbox 817 4699 1156 4752; x_wconf 81' lang='lat' dir='ltr'><strong>contendere</strong></span> <span class='ocrx_word' id='word_1_688' title='bbox 1215 4716 1349 4753; x_wconf 89' lang='lat' dir='ltr'><strong>cum</strong></span> <span class='ocrx_word' id='word_1_689' title='bbox 1410 4700 1797 4766; x_wconf 69' lang='lat' dir='ltr'><strong>daemonibus,</strong></span> <span class='ocrx_word' id='word_1_690' title='bbox 1830 4707 1883 4753; x_wconf 92' lang='lat' dir='ltr'><strong>et</strong></span> <span class='ocrx_word' id='word_1_691' title='bbox 1917 4717 1986 4754; x_wconf 92' lang='lat' dir='ltr'><strong>ne</strong></span> 
     </span>
    </p>
   </div>
   <div class='ocr_carea' id='block_1_96' title="bbox 280 4783 1984 4859">
    <p class='ocr_par' dir='ltr' id='par_1_96' title="bbox 280 4783 1984 4859">
     <span class='ocr_line' id='line_1_96' title="bbox 280 4783 1984 4859; baseline 0.001 -19"><span class='ocrx_word' id='word_1_692' title='bbox 280 4784 365 4840; x_wconf 88' lang='lat' dir='ltr'><strong>sic</strong></span> <span class='ocrx_word' id='word_1_693' title='bbox 397 4783 479 4837; x_wconf 93' lang='lat' dir='ltr'><strong>eis</strong></span> <span class='ocrx_word' id='word_1_694' title='bbox 509 4784 902 4849; x_wconf 75' lang='lat' dir='ltr'><strong>insultaveris,</strong></span> <span class='ocrx_word' id='word_1_695' title='bbox 937 4793 1024 4840; x_wconf 90' lang='lat' dir='ltr'><strong>est</strong></span> <span class='ocrx_word' id='word_1_696' title='bbox 1055 4788 1208 4840; x_wconf 89' lang='lat' dir='ltr'><strong>enim</strong></span> <span class='ocrx_word' id='word_1_697' title='bbox 1245 4789 1452 4842; x_wconf 87' lang='lat' dir='ltr'><strong>modus</strong></span> <span class='ocrx_word' id='word_1_698' title='bbox 1486 4805 1717 4859; x_wconf 87' lang='lat' dir='ltr'><strong>quoque</strong></span> <span class='ocrx_word' id='word_1_699' title='bbox 1756 4791 1984 4842; x_wconf 88' lang='lat' dir='ltr'><strong>fortitu-</strong></span> 
     </span>
    </p>
   </div>
   <div class='ocr_carea' id='block_1_97' title="bbox 284 4871 1992 4933">
    <p class='ocr_par' dir='ltr' id='par_1_97' title="bbox 284 4871 1992 4933">
     <span class='ocr_line' id='line_1_97' title="bbox 284 4871 1992 4933; baseline 0.004 -7"><span class='ocrx_word' id='word_1_700' title='bbox 284 4872 438 4926; x_wconf 90' lang='lat' dir='ltr'><strong>dinis</strong></span> <span class='ocrx_word' id='word_1_701' title='bbox 471 4871 526 4924; x_wconf 91' lang='lat' dir='ltr'><strong>in</strong></span> <span class='ocrx_word' id='word_1_702' title='bbox 562 4876 987 4928; x_wconf 85' lang='lat' dir='ltr'><strong>exercitatione.</strong></span> <span class='ocrx_word' id='word_1_703' title='bbox 1025 4877 1078 4929; x_wconf 88' lang='lat' dir='ltr'><strong>Is</strong></span> <span class='ocrx_word' id='word_1_704' title='bbox 1114 4881 1304 4929; x_wconf 90' lang='lat' dir='ltr'><strong>autem</strong></span> <span class='ocrx_word' id='word_1_705' title='bbox 1343 4877 1424 4930; x_wconf 90' lang='lat' dir='ltr'><strong>illi</strong></span> <span class='ocrx_word' id='word_1_706' title='bbox 1476 4878 1616 4931; x_wconf 92' lang='lat' dir='ltr'><strong>dicit</strong></span> <span class='ocrx_word' id='word_1_707' title='bbox 1651 4895 1663 4932; x_wconf 94' lang='lat'><strong><em>:</em></strong></span> <span class='ocrx_word' id='word_1_708' title='bbox 1700 4879 1816 4931; x_wconf 79' lang='lat' dir='ltr'><strong>Non</strong></span> <span class='ocrx_word' id='word_1_709' title='bbox 1870 4896 1992 4933; x_wconf 81' lang='lat' dir='ltr'><strong>ces-</strong></span> 
     </span>
    </p>
   </div>
   <div class='ocr_carea' id='block_1_98' title="bbox 284 4960 1992 5037">
    <p class='ocr_par' dir='ltr' id='par_1_98' title="bbox 284 4960 1992 5037">
     <span class='ocr_line' id='line_1_98' title="bbox 284 4960 1992 5037; baseline 0.003 -23"><span class='ocrx_word' id='word_1_710' title='bbox 284 4961 422 5014; x_wconf 89' lang='lat' dir='ltr'><strong>sabo</strong></span> <span class='ocrx_word' id='word_1_711' title='bbox 455 4974 586 5012; x_wconf 90' lang='lat' dir='ltr'><strong>cum</strong></span> <span class='ocrx_word' id='word_1_712' title='bbox 621 4960 703 5014; x_wconf 87' lang='lat' dir='ltr'><strong>eis</strong></span> <span class='ocrx_word' id='word_1_713' title='bbox 739 4978 1014 5031; x_wconf 86' lang='lat' dir='ltr'><strong>pugnare,</strong></span> <span class='ocrx_word' id='word_1_714' title='bbox 1063 4964 1244 5017; x_wconf 89' lang='lat' dir='ltr'><strong>donec</strong></span> <span class='ocrx_word' id='word_1_715' title='bbox 1284 4964 1417 5017; x_wconf 91' lang='lat' dir='ltr'><strong>mihi</strong></span> <span class='ocrx_word' id='word_1_716' title='bbox 1454 4967 1762 5019; x_wconf 89' lang='lat' dir='ltr'><strong>cessaverit</strong></span> <span class='ocrx_word' id='word_1_717' title='bbox 1804 4967 1992 5037; x_wconf 85' lang='lat' dir='ltr'><strong>phan-</strong></span> 
     </span>
    </p>
   </div>
   <div class='ocr_carea' id='block_1_99' title="bbox 283 5049 1989 5111">
    <p class='ocr_par' dir='ltr' id='par_1_99' title="bbox 283 5049 1989 5111">
     <span class='ocr_line' id='line_1_99' title="bbox 283 5049 1989 5111; baseline 0.003 -5"><span class='ocrx_word' id='word_1_718' title='bbox 283 5049 431 5106; x_wconf 88' lang='lat' dir='ltr'><strong>tasia</strong></span> <span class='ocrx_word' id='word_1_719' title='bbox 462 5053 848 5105; x_wconf 90' lang='lat' dir='ltr'><strong>somniorum.</strong></span> <span class='ocrx_word' id='word_1_720' title='bbox 891 5053 1050 5108; x_wconf 89' lang='lat' dir='ltr'><strong>Tunc</strong></span> <span class='ocrx_word' id='word_1_721' title='bbox 1082 5055 1128 5108; x_wconf 88' lang='lat' dir='ltr'><strong>ei</strong></span> <span class='ocrx_word' id='word_1_722' title='bbox 1163 5056 1300 5109; x_wconf 89' lang='lat' dir='ltr'><strong>dicit</strong></span> <span class='ocrx_word' id='word_1_723' title='bbox 1331 5055 1540 5109; x_wconf 87' lang='lat' dir='ltr'><strong>Christi</strong></span> <span class='ocrx_word' id='word_1_724' title='bbox 1576 5074 1774 5110; x_wconf 90' lang='lat' dir='ltr'><strong>servus</strong></span> <span class='ocrx_word' id='word_1_725' title='bbox 1810 5057 1989 5111; x_wconf 89' lang='lat' dir='ltr'><strong>Isido-</strong></span> 
     </span>
    </p>
   </div>
   <div class='ocr_carea' id='block_1_100' title="bbox 284 5143 1988 5214">
    <p class='ocr_par' dir='ltr' id='par_1_100' title="bbox 284 5143 1988 5214">
     <span class='ocr_line' id='line_1_100' title="bbox 284 5143 1988 5214; baseline 0.004 -19"><span class='ocrx_word' id='word_1_726' title='bbox 284 5159 386 5195; x_wconf 89' lang='lat' dir='ltr'><strong>rus</strong></span> <span class='ocrx_word' id='word_1_727' title='bbox 419 5143 716 5214; x_wconf 81' lang='lat' dir='ltr'><strong>presbyter</strong></span> <span class='ocrx_word' id='word_1_728' title='bbox 751 5160 762 5196; x_wconf 90' lang='lat'>:</span> <span class='ocrx_word' id='word_1_729' title='bbox 799 5143 860 5196; x_wconf 90' lang='lat' dir='ltr'><strong>In</strong></span> <span class='ocrx_word' id='word_1_730' title='bbox 897 5145 1132 5198; x_wconf 89' lang='lat' dir='ltr'><strong>nomine</strong></span> <span class='ocrx_word' id='word_1_731' title='bbox 1164 5145 1389 5198; x_wconf 83' lang='lat' dir='ltr'><strong>Domini</strong></span> <span class='ocrx_word' id='word_1_732' title='bbox 1417 5147 1592 5200; x_wconf 58' lang='lat' dir='ltr'><strong>nostri</strong></span> <span class='ocrx_word' id='word_1_733' title='bbox 1624 5147 1761 5200; x_wconf 87' lang='lat' dir='ltr'><strong>Jesu</strong></span> <span class='ocrx_word' id='word_1_734' title='bbox 1779 5147 1988 5202; x_wconf 90' lang='lat' dir='ltr'><strong>Christi</strong></span> 
     </span>
    </p>
   </div>
   <div class='ocr_carea' id='block_1_101' title="bbox 284 5231 1986 5304">
    <p class='ocr_par' dir='ltr' id='par_1_101' title="bbox 284 5231 1986 5304">
     <span class='ocr_line' id='line_1_101' title="bbox 284 5231 1986 5304; baseline 0.002 -19"><span class='ocrx_word' id='word_1_735' title='bbox 284 5232 355 5285; x_wconf 88' lang='lat' dir='ltr'><strong>ab</strong></span> <span class='ocrx_word' id='word_1_736' title='bbox 393 5231 500 5286; x_wconf 91' lang='lat' dir='ltr'><strong>hoc</strong></span> <span class='ocrx_word' id='word_1_737' title='bbox 540 5232 819 5302; x_wconf 87' lang='lat' dir='ltr'><strong>temporis</strong></span> <span class='ocrx_word' id='word_1_738' title='bbox 850 5232 1092 5286; x_wconf 88' lang='lat' dir='ltr'><strong>articulo</strong></span> <span class='ocrx_word' id='word_1_739' title='bbox 1124 5234 1435 5287; x_wconf 85' lang='lat' dir='ltr'><strong>cessabunt</strong></span> <span class='ocrx_word' id='word_1_740' title='bbox 1489 5234 1680 5304; x_wconf 90' lang='lat' dir='ltr'><strong>turpia</strong></span> <span class='ocrx_word' id='word_1_741' title='bbox 1738 5241 1840 5287; x_wconf 86' lang='lat' dir='ltr'><strong>tua</strong></span> <span class='ocrx_word' id='word_1_742' title='bbox 1896 5251 1986 5288; x_wconf 91' lang='lat' dir='ltr'><strong>so-</strong></span> 
     </span>
    </p>
   </div>
   <div class='ocr_carea' id='block_1_102' title="bbox 285 5323 1988 5392">
    <p class='ocr_par' dir='ltr' id='par_1_102' title="bbox 285 5323 1988 5392">
     <span class='ocr_line' id='line_1_102' title="bbox 285 5323 1988 5392; baseline 0.001 -15"><span class='ocrx_word' id='word_1_743' title='bbox 285 5325 481 5377; x_wconf 89' lang='lat' dir='ltr'><strong>mnia:</strong></span> <span class='ocrx_word' id='word_1_744' title='bbox 513 5324 660 5377; x_wconf 91' lang='lat' dir='ltr'><strong>bono</strong></span> <span class='ocrx_word' id='word_1_745' title='bbox 712 5324 984 5392; x_wconf 86' lang='lat' dir='ltr'><strong>deinceps</strong></span> <span class='ocrx_word' id='word_1_746' title='bbox 1047 5330 1101 5376; x_wconf 90' lang='lat' dir='ltr'><strong>et</strong></span> <span class='ocrx_word' id='word_1_747' title='bbox 1129 5323 1326 5377; x_wconf 84' lang='lat' dir='ltr'><strong>ﬁdenti</strong></span> <span class='ocrx_word' id='word_1_748' title='bbox 1360 5326 1556 5377; x_wconf 89' lang='lat' dir='ltr'><strong>animo</strong></span> <span class='ocrx_word' id='word_1_749' title='bbox 1618 5325 1988 5379; x_wconf 90' lang='lat' dir='ltr'><strong>communica</strong></span> 
     </span>
    </p>
   </div>
   <div class='ocr_carea' id='block_1_103' title="bbox 286 5413 1988 5484">
    <p class='ocr_par' dir='ltr' id='par_1_103' title="bbox 286 5413 1988 5484">
     <span class='ocr_line' id='line_1_103' title="bbox 286 5413 1988 5484; baseline 0.001 -17"><span class='ocrx_word' id='word_1_750' title='bbox 286 5415 664 5467; x_wconf 85' lang='lat' dir='ltr'><strong>sacramentis</strong></span> <span class='ocrx_word' id='word_1_751' title='bbox 698 5413 823 5482; x_wconf 81' lang='lat'><strong>(56).</strong></span> <span class='ocrx_word' id='word_1_752' title='bbox 861 5414 943 5468; x_wconf 88' lang='lat' dir='ltr'><strong>Ne</strong></span> <span class='ocrx_word' id='word_1_753' title='bbox 991 5413 1146 5468; x_wconf 89' lang='lat' dir='ltr'><strong>enim</strong></span> <span class='ocrx_word' id='word_1_754' title='bbox 1206 5413 1561 5482; x_wconf 88' lang='lat' dir='ltr'><strong>gloriareris,</strong></span> <span class='ocrx_word' id='word_1_755' title='bbox 1611 5419 1674 5468; x_wconf 95' lang='lat' dir='ltr'><strong>ut</strong></span> <span class='ocrx_word' id='word_1_756' title='bbox 1729 5414 1827 5484; x_wconf 93' lang='lat' dir='ltr'><strong>qui</strong></span> <span class='ocrx_word' id='word_1_757' title='bbox 1889 5419 1988 5470; x_wconf 89' lang='lat' dir='ltr'><strong>tua</strong></span> 
     </span>
    </p>
   </div>
   <div class='ocr_carea' id='block_1_104' title="bbox 287 5501 1986 5568">
    <p class='ocr_par' dir='ltr' id='par_1_104' title="bbox 287 5501 1986 5568">
     <span class='ocr_line' id='line_1_104' title="bbox 287 5501 1986 5568; baseline 0.001 -11"><span class='ocrx_word' id='word_1_758' title='bbox 287 5501 693 5558; x_wconf 84' lang='lat' dir='ltr'><strong>exercitatione</strong></span> <span class='ocrx_word' id='word_1_759' title='bbox 720 5506 956 5559; x_wconf 89' lang='lat' dir='ltr'><strong>vicisses</strong></span> <span class='ocrx_word' id='word_1_760' title='bbox 1015 5502 1401 5568; x_wconf 83' lang='lat' dir='ltr'><strong>atI&#39;ectionem,</strong></span> <span class='ocrx_word' id='word_1_761' title='bbox 1436 5504 1562 5557; x_wconf 90' lang='lat' dir='ltr'><strong>ideo</strong></span> <span class='ocrx_word' id='word_1_762' title='bbox 1613 5503 1986 5559; x_wconf 90' lang='lat' dir='ltr'><strong>vehementer</strong></span> 
     </span>
    </p>
   </div>
   <div class='ocr_carea' id='block_1_105' title="bbox 287 5594 1978 5667">
    <p class='ocr_par' dir='ltr' id='par_1_105' title="bbox 287 5594 1978 5667">
     <span class='ocr_line' id='line_1_105' title="bbox 287 5594 1978 5667; baseline 0.001 -17"><span class='ocrx_word' id='word_1_763' title='bbox 287 5594 346 5651; x_wconf 89' lang='lat' dir='ltr'><strong>in</strong></span> <span class='ocrx_word' id='word_1_764' title='bbox 380 5596 435 5651; x_wconf 87' lang='lat' dir='ltr'><strong>te</strong></span> <span class='ocrx_word' id='word_1_765' title='bbox 466 5609 633 5649; x_wconf 87' lang='lat' dir='ltr'><strong>suam</strong></span> <span class='ocrx_word' id='word_1_766' title='bbox 666 5597 920 5650; x_wconf 87' lang='lat' dir='ltr'><strong>exercuit</strong></span> <span class='ocrx_word' id='word_1_767' title='bbox 952 5598 1316 5665; x_wconf 88' lang='lat' dir='ltr'><strong>potestatem,</strong></span> <span class='ocrx_word' id='word_1_768' title='bbox 1352 5594 1422 5650; x_wconf 87' lang='lat' dir='ltr'><strong>ad</strong></span> <span class='ocrx_word' id='word_1_769' title='bbox 1449 5602 1610 5651; x_wconf 89' lang='lat' dir='ltr'><strong>tuam</strong></span> <span class='ocrx_word' id='word_1_770' title='bbox 1646 5595 1978 5667; x_wconf 88' lang='lat' dir='ltr'><strong>utilitatem,</strong></span> 
     </span>
    </p>
   </div>
   <div class='ocr_carea' id='block_1_106' title="bbox 2098 4615 3800 4685">
    <p class='ocr_par' dir='ltr' id='par_1_106' title="bbox 2098 4615 3800 4685">
     <span class='ocr_line' id='line_1_106' title="bbox 2098 4615 3800 4685; baseline -0.002 -15"><span class='ocrx_word' id='word_1_771' title='bbox 2098 4619 2306 4682; x_wconf 91' lang='lat' dir='ltr'><strong>tiones,</strong></span> <span class='ocrx_word' id='word_1_772' title='bbox 2341 4625 2398 4670; x_wconf 87' lang='lat' dir='ltr'><strong>et</strong></span> <span class='ocrx_word' id='word_1_773' title='bbox 2431 4616 2700 4670; x_wconf 85' lang='lat' dir='ltr'><strong>laborans</strong></span> <span class='ocrx_word' id='word_1_774' title='bbox 2735 4618 3003 4670; x_wconf 86' lang='lat' dir='ltr'><strong>manibus</strong></span> <span class='ocrx_word' id='word_1_775' title='bbox 3027 4634 3089 4670; x_wconf 88' lang='lat' dir='ltr'><strong>ea</strong></span> <span class='ocrx_word' id='word_1_776' title='bbox 3121 4634 3249 4685; x_wconf 74' lang='lat' dir='ltr'><strong>quae</strong></span> <span class='ocrx_word' id='word_1_777' title='bbox 3281 4623 3417 4669; x_wconf 79' lang='lat' dir='ltr'><strong>sunt</strong></span> <span class='ocrx_word' id='word_1_778' title='bbox 3449 4615 3516 4667; x_wconf 86' lang='lat' dir='ltr'><strong>ad</strong></span> <span class='ocrx_word' id='word_1_779' title='bbox 3553 4615 3800 4667; x_wconf 89' lang='lat' dir='ltr'><strong>alimen-</strong></span> 
     </span>
    </p>
   </div>
   <div class='ocr_carea' id='block_1_107' title="bbox 2100 4705 3804 4773">
    <p class='ocr_par' dir='ltr' id='par_1_107' title="bbox 2100 4705 3804 4773">
     <span class='ocr_line' id='line_1_107' title="bbox 2100 4705 3804 4773; baseline -0.001 -14"><span class='ocrx_word' id='word_1_780' title='bbox 2100 4711 2220 4759; x_wconf 92' lang='lat' dir='ltr'><strong>tum</strong></span> <span class='ocrx_word' id='word_1_781' title='bbox 2259 4709 2609 4773; x_wconf 79' lang='lat' dir='ltr'><strong>necessaria,</strong></span> <span class='ocrx_word' id='word_1_782' title='bbox 2641 4714 2696 4760; x_wconf 91' lang='lat' dir='ltr'><strong>et</strong></span> <span class='ocrx_word' id='word_1_783' title='bbox 2745 4708 3016 4760; x_wconf 79' lang='lat' dir='ltr'><strong>fratribus</strong></span> <span class='ocrx_word' id='word_1_784' title='bbox 3069 4707 3328 4760; x_wconf 91' lang='lat' dir='ltr'><strong>debitum</strong></span> <span class='ocrx_word' id='word_1_785' title='bbox 3404 4705 3646 4759; x_wconf 81' lang='lat' dir='ltr'><strong>reddens</strong></span> <span class='ocrx_word' id='word_1_786' title='bbox 3713 4721 3804 4758; x_wconf 91' lang='lat' dir='ltr'><strong>co-</strong></span> 
     </span>
    </p>
   </div>
   <div class='ocr_carea' id='block_1_108' title="bbox 2101 4795 3800 4865">
    <p class='ocr_par' dir='ltr' id='par_1_108' title="bbox 2101 4795 3800 4865">
     <span class='ocr_line' id='line_1_108' title="bbox 2101 4795 3800 4865; baseline 0.002 -17"><span class='ocrx_word' id='word_1_787' title='bbox 2101 4795 2440 4865; x_wconf 89' lang='lat' dir='ltr'><strong>gressionis,</strong></span> <span class='ocrx_word' id='word_1_788' title='bbox 2488 4813 2590 4850; x_wconf 89' lang='lat' dir='ltr'><strong>nec</strong></span> <span class='ocrx_word' id='word_1_789' title='bbox 2626 4813 2751 4850; x_wconf 87' lang='lat' dir='ltr'><strong>mea</strong></span> <span class='ocrx_word' id='word_1_790' title='bbox 2785 4813 2871 4849; x_wconf 92' lang='lat' dir='ltr'><strong>me</strong></span> <span class='ocrx_word' id='word_1_791' title='bbox 2907 4797 3131 4864; x_wconf 86' lang='lat' dir='ltr'><strong>judicat</strong></span> <span class='ocrx_word' id='word_1_792' title='bbox 3183 4797 3324 4849; x_wconf 84' lang='lat' dir='ltr'><strong>ratio</strong></span> <span class='ocrx_word' id='word_1_793' title='bbox 3383 4796 3538 4865; x_wconf 91' lang='lat' dir='ltr'><strong>quod</strong></span> <span class='ocrx_word' id='word_1_794' title='bbox 3597 4798 3800 4851; x_wconf 86' lang='lat' dir='ltr'><strong>fuerim</strong></span> 
     </span>
    </p>
   </div>
   <div class='ocr_carea' id='block_1_109' title="bbox 2103 4886 3799 4954">
    <p class='ocr_par' dir='ltr' id='par_1_109' title="bbox 2103 4886 3799 4954">
     <span class='ocr_line' id='line_1_109' title="bbox 2103 4886 3799 4954; baseline 0.001 -16"><span class='ocrx_word' id='word_1_795' title='bbox 2103 4886 2422 4954; x_wconf 71' lang='lat' dir='ltr'><strong>negligens.</strong></span> <span class='ocrx_word' id='word_1_796' title='bbox 2460 4886 2515 4939; x_wconf 91' lang='lat' dir='ltr'><strong>Si</strong></span> <span class='ocrx_word' id='word_1_797' title='bbox 2553 4891 2610 4938; x_wconf 89' lang='lat' dir='ltr'><strong>tu</strong></span> <span class='ocrx_word' id='word_1_798' title='bbox 2638 4893 2828 4940; x_wconf 87' lang='lat' dir='ltr'><strong>autem</strong></span> <span class='ocrx_word' id='word_1_799' title='bbox 2864 4903 2994 4940; x_wconf 91' lang='lat' dir='ltr'><strong>cum</strong></span> <span class='ocrx_word' id='word_1_800' title='bbox 3028 4892 3315 4939; x_wconf 80' lang='lat' dir='ltr'><strong>trecentas</strong></span> <span class='ocrx_word' id='word_1_801' title='bbox 3369 4891 3542 4940; x_wconf 90' lang='lat' dir='ltr'><strong>tacias</strong></span> <span class='ocrx_word' id='word_1_802' title='bbox 3590 4887 3799 4940; x_wconf 88' lang='lat' dir='ltr'><strong>oratio-</strong></span> 
     </span>
    </p>
   </div>
   <div class='ocr_carea' id='block_1_110' title="bbox 2102 4974 3799 5045">
    <p class='ocr_par' dir='ltr' id='par_1_110' title="bbox 2102 4974 3799 5045">
     <span class='ocr_line' id='line_1_110' title="bbox 2102 4974 3799 5045; baseline 0.004 -20"><span class='ocrx_word' id='word_1_803' title='bbox 2102 4990 2225 5036; x_wconf 89' lang='lat' dir='ltr'><strong>nes,</strong></span> <span class='ocrx_word' id='word_1_804' title='bbox 2252 4974 2532 5042; x_wconf 69' lang='lat' dir='ltr'><strong>judicaris</strong></span> <span class='ocrx_word' id='word_1_805' title='bbox 2565 4991 2596 5026; x_wconf 91' lang='lat' dir='ltr'><strong>a</strong></span> <span class='ocrx_word' id='word_1_806' title='bbox 2645 4977 3018 5040; x_wconf 74' lang='lat' dir='ltr'><strong>Conscientia,</strong></span> <span class='ocrx_word' id='word_1_807' title='bbox 3053 4981 3245 5045; x_wconf 85' lang='lat' dir='ltr'><strong>aperte</strong></span> <span class='ocrx_word' id='word_1_808' title='bbox 3293 4975 3550 5029; x_wconf 81' lang='lat' dir='ltr'><strong>ostendis</strong></span> <span class='ocrx_word' id='word_1_809' title='bbox 3583 4982 3634 5029; x_wconf 88' lang='lat' dir='ltr'><strong>te</strong></span> <span class='ocrx_word' id='word_1_810' title='bbox 3687 4995 3799 5031; x_wconf 93' lang='lat' dir='ltr'><strong>non</strong></span> 
     </span>
    </p>
   </div>
   <div class='ocr_carea' id='block_1_111' title="bbox 2103 5063 3798 5136">
    <p class='ocr_par' dir='ltr' id='par_1_111' title="bbox 2103 5063 3798 5136">
     <span class='ocr_line' id='line_1_111' title="bbox 2103 5063 3798 5136; baseline 0.003 -21"><span class='ocrx_word' id='word_1_811' title='bbox 2103 5079 2240 5132; x_wconf 90' lang='lat' dir='ltr'><strong>pure</strong></span> <span class='ocrx_word' id='word_1_812' title='bbox 2282 5080 2468 5130; x_wconf 90' lang='lat' dir='ltr'><strong>orare,</strong></span> <span class='ocrx_word' id='word_1_813' title='bbox 2512 5063 2592 5118; x_wconf 86' lang='lat' dir='ltr'><strong>vel</strong></span> <span class='ocrx_word' id='word_1_814' title='bbox 2637 5081 2804 5134; x_wconf 88' lang='lat' dir='ltr'><strong>posse</strong></span> <span class='ocrx_word' id='word_1_815' title='bbox 2838 5065 3028 5135; x_wconf 88' lang='lat' dir='ltr'><strong>plures</strong></span> <span class='ocrx_word' id='word_1_816' title='bbox 3088 5065 3378 5119; x_wconf 87' lang='lat' dir='ltr'><strong>orationes</strong></span> <span class='ocrx_word' id='word_1_817' title='bbox 3411 5067 3593 5121; x_wconf 87' lang='lat' dir='ltr'><strong>facere</strong></span> <span class='ocrx_word' id='word_1_818' title='bbox 3625 5082 3798 5136; x_wconf 88' lang='lat' dir='ltr'><strong>quam</strong></span> 
     </span>
    </p>
   </div>
   <div class='ocr_carea' id='block_1_112' title="bbox 2101 5151 2295 5207">
    <p class='ocr_par' dir='ltr' id='par_1_112' title="bbox 2101 5151 2295 5207">
     <span class='ocr_line' id='line_1_112' title="bbox 2101 5151 2295 5207; baseline 0.015 -3"><span class='ocrx_word' id='word_1_819' title='bbox 2101 5151 2295 5207; x_wconf 89' lang='lat' dir='ltr'><strong>facias.</strong></span> 
     </span>
    </p>
   </div>
   <div class='ocr_carea' id='block_1_113' title="bbox 2720 5242 3162 5299">
    <p class='ocr_par' dir='ltr' id='par_1_113' title="bbox 2720 5242 3162 5299">
     <span class='ocr_line' id='line_1_113' title="bbox 2720 5242 3162 5299; baseline 0.002 -1"><span class='ocrx_word' id='word_1_820' title='bbox 2720 5243 2950 5299; x_wconf 73' lang='lat' dir='ltr'><strong>CAPUT</strong></span> <span class='ocrx_word' id='word_1_821' title='bbox 2983 5242 3162 5299; x_wconf 86' lang='lat' dir='ltr'><strong>XXV.</strong></span> 
     </span>
    </p>
   </div>
   <div class='ocr_carea' id='block_1_114' title="bbox 2561 5332 3336 5406">
    <p class='ocr_par' dir='ltr' id='par_1_114' title="bbox 2561 5332 3336 5406">
     <span class='ocr_line' id='line_1_114' title="bbox 2561 5332 3336 5406; baseline 0.004 -19"><span class='ocrx_word' id='word_1_822' title='bbox 2561 5332 2631 5387; x_wconf 60' lang='lat' dir='ltr'><strong>De</strong></span> <span class='ocrx_word' id='word_1_823' title='bbox 2656 5333 2851 5388; x_wconf 79' lang='lat' dir='ltr'><strong>Granio</strong></span> <span class='ocrx_word' id='word_1_824' title='bbox 2874 5335 2984 5405; x_wconf 86' lang='lat'><strong>(59)</strong></span> <span class='ocrx_word' id='word_1_825' title='bbox 3007 5337 3336 5406; x_wconf 81' lang='lat' dir='ltr'><strong>presbytero.</strong></span> 
     </span>
    </p>
   </div>
   <div class='ocr_carea' id='block_1_115' title="bbox 2168 5418 3794 5491">
    <p class='ocr_par' dir='ltr' id='par_1_115' title="bbox 2168 5418 3794 5491">
     <span class='ocr_line' id='line_1_115' title="bbox 2168 5418 3794 5491; baseline 0 -17"><span class='ocrx_word' id='word_1_826' title='bbox 2168 5418 2411 5474; x_wconf 90' lang='lat' dir='ltr'><strong>Cronius</strong></span> <span class='ocrx_word' id='word_1_827' title='bbox 2467 5421 2705 5491; x_wconf 91' lang='lat' dir='ltr'><strong>quidam</strong></span> <span class='ocrx_word' id='word_1_828' title='bbox 2762 5422 2904 5475; x_wconf 87' lang='lat' dir='ltr'><strong>mihi</strong></span> <span class='ocrx_word' id='word_1_829' title='bbox 2955 5426 3205 5477; x_wconf 88' lang='lat' dir='ltr'><strong>narravit</strong></span> <span class='ocrx_word' id='word_1_830' title='bbox 3269 5421 3562 5491; x_wconf 86' lang='lat' dir='ltr'><strong>presbyter</strong></span> <span class='ocrx_word' id='word_1_831' title='bbox 3601 5419 3794 5475; x_wconf 77' lang='lat' dir='ltr'><strong>Nitriae</strong></span> 
     </span>
    </p>
   </div>
   <div class='ocr_carea' id='block_1_116' title="bbox 2093 5510 3790 5581">
    <p class='ocr_par' dir='ltr' id='par_1_116' title="bbox 2093 5510 3790 5581">
     <span class='ocr_line' id='line_1_116' title="bbox 2093 5510 3790 5581; baseline 0 -17"><span class='ocrx_word' id='word_1_832' title='bbox 2093 5510 2407 5581; x_wconf 79' lang='lat' dir='ltr'><strong>(Ruﬂin.,l.</strong></span> <span class='ocrx_word' id='word_1_833' title='bbox 2442 5529 2502 5577; x_wconf 79' lang='grc' dir='ltr'><strong>ιι,</strong></span> <span class='ocrx_word' id='word_1_834' title='bbox 2535 5529 2656 5580; x_wconf 86' lang='lat' dir='ltr'><strong>cap,</strong></span> <span class='ocrx_word' id='word_1_835' title='bbox 2704 5512 2792 5577; x_wconf 76' lang='lat'><strong>25,</strong></span> <span class='ocrx_word' id='word_1_836' title='bbox 2839 5516 2908 5567; x_wconf 85' lang='lat' dir='ltr'><strong>de</strong></span> <span class='ocrx_word' id='word_1_837' title='bbox 2956 5512 3151 5568; x_wconf 77' lang='lat' dir='ltr'><strong>Granio</strong></span> <span class='ocrx_word' id='word_1_838' title='bbox 3192 5513 3417 5565; x_wconf 74' lang='lat' dir='ltr'><strong>Antonti</strong></span> <span class='ocrx_word' id='word_1_839' title='bbox 3464 5510 3790 5581; x_wconf 74' lang='lat' dir='ltr'><strong>discipulo):</strong></span> 
     </span>
    </p>
   </div>
   <div class='ocr_carea' id='block_1_117' title="bbox 2091 5599 3792 5673">
    <p class='ocr_par' dir='ltr' id='par_1_117' title="bbox 2091 5599 3792 5673">
     <span class='ocr_line' id='line_1_117' title="bbox 2091 5599 3792 5673; baseline -0.001 -17"><span class='ocrx_word' id='word_1_840' title='bbox 2091 5599 2234 5657; x_wconf 88' lang='lat' dir='ltr'><strong>Cum</strong></span> <span class='ocrx_word' id='word_1_841' title='bbox 2257 5616 2465 5670; x_wconf 88' lang='lat' dir='ltr'><strong>essem,</strong></span> <span class='ocrx_word' id='word_1_842' title='bbox 2499 5602 2705 5673; x_wconf 87' lang='lat' dir='ltr'><strong>inquit,</strong></span> <span class='ocrx_word' id='word_1_843' title='bbox 2731 5603 2924 5672; x_wconf 81' lang='lat' dir='ltr'><strong>iunior</strong></span> <span class='ocrx_word' id='word_1_844' title='bbox 2953 5603 3024 5658; x_wconf 89' lang='lat' dir='ltr'><strong>ab</strong></span> <span class='ocrx_word' id='word_1_845' title='bbox 3048 5600 3232 5670; x_wconf 84' lang='lat' dir='ltr'><strong>initio,</strong></span> <span class='ocrx_word' id='word_1_846' title='bbox 3265 5606 3321 5657; x_wconf 88' lang='lat' dir='ltr'><strong>et</strong></span> <span class='ocrx_word' id='word_1_847' title='bbox 3352 5610 3582 5672; x_wconf 88' lang='lat' dir='ltr'><strong>propter</strong></span> <span class='ocrx_word' id='word_1_848' title='bbox 3611 5599 3792 5659; x_wconf 85' lang='lat' dir='ltr'><strong>animi</strong></span> 
     </span>
    </p>
   </div>
  </div>
