4076 6280
334 293 485 355 1071

1910 284 2279 346 PALLADII

3700 286 3889 346 1072

335 443 609 500 angorem
661 429 718 482 et
768 424 1069 482 tristitiam
1111 425 1368 495 fugerem
1417 438 1485 477 ex
1541 419 1893 475 monasterio
1926 419 2038 474 mei
2074 430 2121 491 Α
2156 422 2431 490 praetextu
2464 418 2607 474 bene
2666 418 2912 475 faciendi
2950 436 3041 475 me
3070 421 3357 490 acceperis
3392 420 3451 475 in
3511 424 3677 474 tuum
3739 421 3894 477 hos-

332 516 829 580 archimandritaa,
878 531 1080 571 errans
1126 512 1356 583 perveni
1413 510 1483 565 ad
1536 517 1790 565 montem
1851 509 2037 564 sancti

332 606 595 663 Antonii.
629 605 875 661 Sedebat
902 610 1094 658 autem
1130 603 1335 657 beatus
1363 600 1655 656 Antonius
1677 598 1829 652 inter
1853 598 2037 667 Baby-

330 696 524 752 lonem
556 695 674 766 (60)
710 701 767 749 et
798 694 1130 749 Heracleam
1185 691 1244 745 in
1308 696 1472 745 vasta
1533 687 1865 753 solitudine,
1909 703 2037 757 quas

340 786 451 841 fert
480 785 548 839 ad
576 800 735 840 mare
767 784 1048 849 Rubrum,
1081 780 1308 836 circiter
1348 778 1587 849 triginta
1619 778 1968 832 milliaribus
2008 793 2040 830 a

328 875 531 930 ﬂuvio.
566 874 706 929 Cum
741 889 874 942 ergo
893 873 1176 927 venissem
1202 871 1273 925 ad
1296 869 1417 939 ejus
1442 868 1857 922 monasterium
1882 866 2037 937 quod

331 971 418 1021 est
450 981 625 1036 prope
673 964 935 1027 ﬂuvium,
994 964 1051 1016 in
1112 978 1226 1032 quo
1270 961 1551 1015 sedebant
1580 960 1706 1027 ejus
1766 956 2040 1029 discipuli

334 1054 621 1109 Macarius
651 1060 706 1108 et
748 1057 982 1108 Amatas
1012 1054 1067 1106 in
1090 1070 1156 1107 eo
1188 1051 1505 1123 quiPisper
1536 1049 1861 1119 appellatur
1893 1048 2039 1113 loco,

334 1146 430 1214 qui
464 1160 594 1201 eum
628 1145 802 1199 etiam
840 1160 969 1199 cum
1001 1143 1335 1197 dormiisset
1385 1143 1753 1209 sepelierunt,
1803 1153 2039 1207 exspec-

329 1239 441 1290 tavi
467 1236 726 1306 quinque
757 1237 903 1298 dies,
940 1242 1001 1287 ut
1030 1234 1397 1287 convenirem
1428 1232 2034 1285 sanetumAntonium.

337 1330 641 1382 Dicebatur
663 1335 798 1380 aute
828 1347 856 1376 ιι
894 1327 1167 1380 accedere
1198 1326 1264 1376 ad
1317 1323 1424 1375 hoc
1459 1320 1898 1385 monast-riuni,
1935 1320 2039 1373 ali-

333 1419 567 1489 quando
598 1418 826 1485 quidem
849 1422 971 1487 post
1024 1417 1222 1470 decem
1257 1416 1402 1483 dies,
1436 1416 1892 1483 aliquandovero
1920 1418 2041 1481 post

329 1507 555 1579 viginti,
581 1508 893 1578 aliquando
928 1523 1057 1559 veru
1091 1514 1219 1572 pust
1251 1507 1529 1576 quinque,
1566 1508 1735 1575 prout
1762 1502 2039 1572 expedie-

333 1597 432 1652 bat
464 1614 566 1668 pro
601 1596 877 1650 beneﬁcio
926 1611 1123 1650 eorum
1156 1595 1254 1664 qui
1294 1596 1596 1648 veniebant
1642 1594 1711 1646 ad
1749 1597 2041 1646 monaste—

334 1688 512 1742 rium.
546 1687 1008 1741 Conveneramus
1039 1702 1173 1757 ergo
1205 1685 1412 1739 diversi
1449 1686 1646 1738 fratres
1680 1682 1923 1737 diversis
1971 1682 2042 1736 de

2149 510 2436 581 pitiolum,
2469 521 2522 564 et
2552 517 2785 581 pr0pter
2810 526 2897 565 me
2929 512 3016 565 vis
3047 526 3174 565 esse
3214 511 3433 567 salvus.
3468 510 3753 581 Eulogius
3770 529 3893 566 au-

2147 604 2260 652 tem
2295 615 2395 654 cor
2415 603 2542 668 ejus
2589 600 2859 660 leniebat,
2895 601 3098 657 dicens
3138 618 3150 653 :
3185 600 3284 665 Ne,
3321 601 3576 667 domine,
3614 618 3689 657 ne
3749 603 3891 656 haec

2147 689 2401 757 dixeris;
2435 692 2530 745 sed
2566 691 2727 745 dicas
2758 708 3014 761 quanam
3049 693 3107 746 in
3154 709 3210 746 re
3272 692 3372 746 tibi
3408 693 3613 746 fuerim
3648 694 3897 748 moles-

2148 782 2265 845 tus,
2289 784 2345 833 et
2376 795 2501 834 eam
2556 781 2866 850 corrigam.
2900 785 3138 836 Mancus
3170 787 3365 835 autem
3416 783 3644 836 dicebat
3695 799 3891 838 arro-

2149 879 2353 941 ganter
2386 872 2543 927 :Non
2580 875 2698 928 fero
2733 875 2835 928 has
2866 876 3281 929 assentationes
3308 890 3322 941 ;
3354 876 3517 930 aufer
3563 892 3651 929 me
3698 877 3891 945 hinc,

2148 966 2204 1014 et
2237 963 2450 1031 projice
2484 964 2538 1017 in
2574 964 2717 1030 foro,
2753 981 2949 1019 recuso
2996 970 3153 1018 tuam
3188 967 3571 1022 curationem.
3633 966 3890 1022 Dicebit

2150 1058 2341 1105 autem
2381 1052 2648 1121 Eulogius
2682 1070 2693 1107 :
2733 1052 2889 1125 Rogo
2927 1067 2999 1121 te,
3035 1060 3227 1124 patere
3275 1056 3353 1109 tui
3389 1072 3589 1109 curam
3624 1057 3774 1127 geri,
3818 1064 3888 1111 et

2156 1139 2248 1194 dic
2282 1139 2331 1193 si
2364 1143 2501 1209 quid
2537 1143 2609 1194 sit
2634 1142 2735 1194 tibi
2770 1159 2963 1212 grave,
3012 1142 3244 1201 domins
3272 1145 3368 1197 mi.
3422 1144 3721 1197 Mulilatus
3755 1161 3892 1198 au-

2150 1234 2262 1283 tem
2293 1247 2473 1301 magis
2508 1231 2802 1297 incensus,
2856 1235 2903 1286 ei
2966 1235 3191 1288 dicebat
3226 1250 3238 1287 :
3268 1235 3389 1288 Non
3450 1252 3681 1303 possum
3748 1252 3891 1290 am-

2153 1321 2305 1385 plius
2330 1321 2473 1374 ferre
2516 1333 2668 1375 tuam
2699 1322 3006 1376 subdolam
3040 1337 3092 1377 et
3123 1328 3400 1378 ironicam
3436 1326 3884 1381 adulationem.

2150 1408 2272 1463 Non
2309 1414 2493 1480 placet
2526 1413 2663 1465 mihi
2699 1414 2817 1466 haec
2849 1415 2965 1466 vita
3001 1430 3171 1482 parca
3200 1422 3258 1469 et
3288 1415 3546 1481 sordida,
3577 1432 3678 1488 ego
3732 1418 3882 1470 volo

2152 1502 2300 1553 vesci
2336 1504 2628 1555 carnibus.
2670 1506 2899 1557 Patiens
2942 1512 3134 1558 autem
3196 1505 3474 1575 Eulogius
3533 1522 3740 1560 carnes
3792 1508 3877 1561 ad

2150 1604 2280 1643 eum
2313 1590 2531 1643 attulit.
2566 1596 2709 1645 Cum
2743 1609 2838 1647 eas
2861 1603 3052 1646 autem
3082 1594 3651 1664 vidissetimpatiens
3690 1613 3703 1649 :
3736 1595 3875 1650 Non

2151 1680 2294 1733 satis
2324 1687 2408 1733 est
2443 1681 2606 1744 mihi,
2634 1681 2844 1752 inquit,
2882 1690 3070 1737 tecum
3105 1700 3233 1738 esse
3254 1686 3467 1752 solum,
3505 1688 3701 1740 turbas
3734 1689 3873 1743 volo

333 1779 530 1831 causis
562 1793 575 1829 :
614 1779 763 1831 inter
791 1793 935 1846 quos
970 1776 1271 1829 fuitetiam
1309 1775 1585 1845 Eulogius
1615 1773 2038 1828 Alexandrinus
2078 1799 2123 1864 Β
2153 1784 2408 1824 cernere.
2438 1770 2504 1823 Et
2554 1777 2746 1825 autem
2798 1773 2939 1826 dicit
2973 1774 3246 1842 Eulogius
3283 1789 3294 1828 :
3353 1775 3467 1840 Ego
3501 1777 3571 1829 ad
3634 1782 3686 1830 te
3738 1777 3873 1846 jam

335 1868 679 1934 monachus,
712 1876 765 1921 et
815 1884 942 1921 cuin
1001 1882 1066 1921 eo
1120 1866 1270 1920 alius
1316 1865 1593 1919 membris
1639 1880 1902 1931 mancus,
1946 1865 2045 1932 qui

333 1960 565 2030 quidem
589 1962 821 2030 propter
853 1956 1023 2011 talem
1058 1972 1295 2011 causam
1331 1960 1726 2010 accesserunt.

953 2082 1184 2138 CAPUT
1216 2084 1420 2138 XXVI.

332 2216 405 2272 De
434 2211 664 2285 Eulogio
715 2212 825 2282 (61)
856 2210 1235 2267 Alexandrino
1284 2214 1337 2263 et
1384 2225 1443 2264 eo
1491 2209 1587 2280 qui
1614 2212 1738 2263 erat
1789 2207 2047 2263 membris

1075 2297 1316 2338 mancus.

447 2413 546 2469 Hic
642 2411 918 2477 Eulogius
1004 2411 1114 2464 fuit
1209 2409 1656 2480 disciplinarum
1713 2407 2043 2462 liberalium

334 2502 727 2558 scholasticus
761 2502 979 2566 (Pasch.
1014 2517 1059 2554 ε.
1099 2500 1183 2563 19,
1237 2515 1292 2552 n.
1336 2500 1411 2568 3),
1474 2500 1568 2568 qui
1604 2498 1799 2551 divino
1850 2515 2045 2552 amore

336 2593 654 2658 sauciatus,
690 2596 922 2659 propter
954 2589 1306 2643 desiderium
1341 2590 1802 2642 immortalitatis
1834 2605 2047 2641 renun-

334 2682 499 2734 tiavit
528 2678 883 2732 tumultibus
920 2686 1014 2744 ;et
1066 2694 1197 2731 cum
1245 2694 1445 2731 omnes
1496 2694 1630 2729 suas
1671 2676 2048 2745 dispersisset

336 2768 662 2832 facultates,
697 2766 804 2819 sibi
838 2765 1076 2835 reliquit
1110 2781 1325 2833 paucos
1384 2780 1677 2829 nummos,
1732 2781 1864 2818 cum
1928 2782 2043 2820 non

336 2863 535 2932 posset
564 2856 812 2927 operari.
845 2859 992 2912 Cum
1028 2872 1165 2926 ergo
1200 2872 1301 2926 per
1334 2873 1394 2911 se
1427 2860 1737 2926 angeretur
1763 2855 1956 2909 animo
1987 2862 2044 2910 et

335 2954 491 3006 esset
522 2949 719 3013 tristis,
755 2951 811 3003 et
844 2962 1032 3019 neque
1065 2944 1235 3001 vellet
1264 2962 1397 3002 cum
1447 2944 1577 3000 aliis
1609 2944 1903 3016 congredi,
1939 2962 2042 2999 ne-

335 3057 445 3112 que
478 3037 721 3095 utsolus
779 3043 931 3093 esset
1000 3036 1143 3092 satis
1200 3037 1312 3091 sibi
1373 3038 1768 3109 persuaderet,
1828 3035 2046 3090 invenit

334 3133 648 3203 quemdam
684 3145 952 3184 mancum
979 3143 1044 3182 ac
1079 3127 1410 3182 mutilatum
1442 3126 1501 3180 in
1537 3126 1656 3181 foro
1691 3126 2037 3196 projectum,

334 3222 432 3292 qui
466 3238 568 3277 nec
601 3238 811 3276 manus
836 3220 1083 3273 habebat
1117 3236 1214 3273 nec
1250 3222 1420 3288 pedes
1456 3235 1468 3273 :
1502 3217 1553 3271 ei
1586 3217 1776 3271 solum
1840 3216 2041 3281 lingua

333 3316 694 3367 remanserat
722 3311 947 3380 integra
980 3307 1052 3362 ad
1084 3308 1502 3379 alloquendum
1561 3324 1661 3362 eos
1693 3307 1790 3377 qui
1825 3305 2039 3360 incide-

334 3401 496 3455 bant.
521 3400 797 3468 Eulogius
828 3404 1025 3453 autem
1059 3403 1245 3463 stans,
1279 3414 1413 3451 eum
1446 3397 1571 3451 ﬁxis
1622 3401 1881 3450 intuetur
1910 3412 2045 3450 ocu-

338 3489 434 3556 lis,
468 3493 524 3542 et
554 3487 739 3541 Deum
772 3491 956 3557 rogat,
982 3493 1033 3541 et
1059 3501 1192 3540 curn
1227 3485 1342 3539 Deo
1366 3486 1473 3539 hoc
1506 3487 1675 3540 modo
1710 3485 2038 3553 paciscitur,

338 3578 541 3633 dicens
573 3592 587 3629 :
622 3575 887 3638 Domine,
920 3578 1151 3642 propter
1190 3588 1403 3627 nomen
1436 3578 1604 3626 tuum
1640 3573 1857 3641 accipio
1890 3573 2044 3626 hunc

338 3663 698 3729 mutilatum,
732 3665 788 3715 et
821 3676 954 3715 eum
987 3676 1079 3713 me
1136 3664 1529 3715 recreaturum
1580 3676 1644 3715 ac
1693 3662 2045 3717 reiecturum

334 3752 590 3825 spondeo
622 3766 802 3821 usque
842 3752 910 3805 ad
945 3749 1145 3805 horam
1173 3750 1380 3805 mortis
1420 3751 1567 3820 ejus,
1594 3758 1654 3803 ut
1687 3766 1791 3821 ego
1817 3766 2049 3821 quoque

338 3859 441 3916 per
470 3859 605 3898 eum
636 3840 832 3897 salvus
854 3841 1012 3895 ﬁam.
1040 3840 1272 3912 Largire
1302 3855 1435 3911 ergo
1471 3840 1633 3905 mihi,
1659 3838 1910 3907 Christe,
1944 3856 2052 3910 pa-

338 3931 626 4001 tientiam,
663 3935 726 3986 ut
755 3931 805 3987 ei
836 3929 1176 3986 inserviam.
1213 3930 1280 3985 Et
1312 3930 1382 3985 ad
1415 3946 1548 3984 eum
1583 3931 1884 3997 accedens,
1910 3930 2051 3984 dicit

339 4023 392 4079 ei
425 4039 438 4078 :
471 4022 570 4077 Vis
601 4036 707 4092 ego
738 4024 795 4076 te
826 4020 999 4075 domo
1052 4019 1359 4090 accipiam,
1400 4022 1454 4075 et
1483 4024 1540 4075 te
1588 4035 1835 4077 recreem
1870 4036 1935 4075 ac
1962 4035 2050 4075 re-

340 4111 529 4168 ﬁciam
552 4110 579 4165 ‘2
600 4110 701 4166 Ille
730 4109 781 4166 ei
802 4109 944 4165 dicit
978 4124 992 4163 :
1022 4107 1253 4163 Utinam
1283 4107 1626 4179 dignareris,
1662 4109 1759 4163 sed
1794 4125 1897 4181 ego
1920 4126 2051 4164 sum

340 4202 643 4273 indignus.
668 4198 828 4255 Vado
860 4215 1019 4271 ergo.
1052 4198 1269 4268 inquit,
1300 4202 1357 4252 et
1388 4198 1678 4252 adducam
1710 4198 1964 4262 asinum,
2000 4204 2054 4253 et

340 4298 397 4347 te
430 4291 563 4346 hinc
585 4289 868 4345 auferam.
902 4290 1045 4343 Cum
1082 4302 1291 4357 magno
1326 4292 1521 4342 autem
1552 4286 1767 4358 gaudio
1827 4296 1909 4341 est
1952 4304 2053 4343 as-

342 4396 554 4437 sensus
584 4379 635 4433 is
667 4377 765 4447 qui
810 4380 932 4432 erat
989 4375 1311 4434 mutilatas.
1362 4377 1507 4431 Eum
1542 4392 1675 4447 ergo
1730 4376 1967 4432 sustulit
1998 4382 2055 4432 et

342 4467 596 4541 portavit
626 4467 685 4522 in
715 4482 886 4521 suum
923 4465 1321 4536 hospitiolum,
1353 4468 1594 4537 ejusque
1637 4482 1836 4522 curam
1870 4467 2047 4538 gessit

2158 1860 2445 1913 adducam
2510 1862 2924 1917 monachorum
2988 1862 3441 1920 multitudinem.
3500 1865 3599 1920 ille
3669 1874 3873 1921 autem

2158 1965 2364 2002 rursus
2392 1966 2537 2019 aegre
2571 1952 2780 2015 ferens,
2831 1952 3014 2007 dicit:
3067 1952 3159 2006 Vae
3213 1955 3351 2008 mihi
3391 1956 3607 2009 misero
3641 1972 3655 2009 :
3699 1965 3872 2012 tuum

2158 2044 2453 2103 aspectum
2482 2043 2627 2093 ferre
2660 2059 2770 2095 non
2807 2058 3079 2110 possum;
3115 2048 3169 2097 et
3202 2048 3261 2098 tu
3292 2045 3360 2097 ad
3399 2062 3490 2099 me
3518 2047 3757 2101 adducis
3780 2047 3871 2101 tui

2156 2128 2394 2194 similes,
2431 2130 2528 2198 qui
2562 2147 2691 2184 cum
2727 2134 2844 2186 sint
2874 2133 3067 2199 otiosi,
3099 2135 3435 2189 comedunt.
3492 2136 3563 2190 Et
3594 2137 3873 2192 insolenti

2154 2240 2293 2278 voce
2325 2226 2577 2294 seipsum
2642 2225 2895 2295 lanians,
2930 2226 3374 2293 vociferabatur,
3415 2227 3619 2281 dicens
3652 2244 3664 2281 :
3698 2228 3863 2296 Nolo,

2156 2314 2325 2378 nolo;
2359 2313 2416 2367 in
2456 2318 2640 2368 lorum
2674 2315 2881 2369 deduci
2918 2316 3062 2370 volo.
3099 2316 3143 2369 Ο
3179 2315 3489 2370 violentia!
3525 2319 3707 2387 abjice
3769 2336 3867 2375 me

2164 2404 2258 2455 ubi
2287 2404 2572 2458 invenisti.
2611 2404 2745 2459 Dico
2796 2406 2946 2474 quod
2975 2405 3021 2458 si
3059 2405 3361 2459 habuisset
3394 2423 3628 2476 manus,
3664 2409 3715 2461 in
3733 2409 3865 2462 ani-

2158 2510 2316 2547 mum
2347 2495 2671 2549 induxisset
2703 2498 2787 2547 vel
2823 2512 2886 2548 se
2909 2497 3213 2562 sutl'ucare,
3239 2496 3321 2550 vel
3383 2498 3491 2550 sibi
3544 2514 3679 2552 ense
3736 2516 3867 2554 ma-

2164 2600 2275 2637 nus
2308 2584 2539 2637 inferre.
2573 2585 2716 2638 Cum
2751 2584 2977 2639 danmon
3010 2588 3096 2639 sic
3127 2602 3261 2639 eum
3300 2585 3613 2652 cﬁ'erasset,
3665 2597 3866 2657 postea

2166 2690 2227 2727 se
2252 2678 2471 2728 confert
2498 2676 2775 2745 Eulogius
2798 2677 2865 2729 ad
2894 2675 3252 2747 propinquos
3277 2677 3600 2746 monachos,
3634 2683 3690 2731 et
3719 2679 3865 2734 dicit

2160 2765 2292 2819 eis:
2335 2765 2479 2828 Quid
2527 2766 2770 2820 faciam?
2828 2768 2896 2821 ad
2958 2768 3403 2835 desperationem
3462 2783 3548 2821 me
3603 2768 3854 2823 deduxit

2160 2854 2483 2909 mutilatus.
2511 2856 2720 2910 Dicunt
2751 2856 2801 2910 ei
2829 2872 2841 2911 :
2878 2858 3265 2921 Quamobrem
3288 2856 3427 2911 ?Ille
3454 2861 3643 2911 autem
3676 2872 3691 2910 :
3729 2855 3845 2922 Me,

2157 2945 2371 3015 inquit,
2404 2946 2653 3016 graviter
2684 2946 2902 3014 afﬁcit;
2958 2963 3061 3001 nec
3094 2948 3212 3001 scio
3255 2947 3385 3019 quid
3429 2948 3649 3001 faciam.
3691 2945 3859 3015 Abji-

2154 3037 2302 3091 ciam
2333 3036 2573 3106 ipsum?
2612 3038 2708 3091 scd
2740 3037 2854 3092 Deo
2886 3038 3015 3091 dedi
3041 3040 3355 3108 dexteram,
3380 3041 3436 3094 et
3466 3038 3663 3093 timeo.
3732 3037 3855 3091 Non

2152 3126 2468 3195 abjiciam?
2498 3128 2597 3181 sed
2633 3144 2720 3182 me
2750 3128 2873 3182 dies
2906 3132 3216 3199 noctesque
3252 3128 3403 3182 male
3419 3128 3616 3183 habet.
3649 3126 3861 3182 Nescio

2151 3217 2289 3286 quid
2326 3215 2555 3271 faciam.
2603 3217 2665 3271 Ei
2708 3218 2912 3272 dicunt
2972 3217 3056 3273 illi
3110 3218 3423 3275 absolute:
3495 3218 3690 3273 Adhuc
3723 3217 3861 3271 vivit

2154 3322 2402 3377 magnus
2434 3305 2532 3360 ille
2562 3306 2669 3375 (sic
2702 3307 2853 3361 enim
2886 3309 3165 3362 vocabant
3195 3314 3462 3363 sanctum
3489 3308 3854 3379 Antonium),

2154 3397 2403 3451 ascende
2428 3398 2497 3451 ad
2522 3397 2733 3467 ipsum,
2757 3399 3097 3453 mutilatum
3122 3398 3429 3469 imponens
3453 3399 3512 3454 in
3539 3398 3854 3471 navigium;

2154 3491 2209 3540 et
2239 3486 2397 3540 defer
2426 3503 2558 3541 eum
2591 3486 2649 3540 in
2679 3488 3112 3555 monasterium,
3146 3494 3201 3543 et
3222 3494 3491 3560 exspecta
3521 3490 3704 3544 donec
3740 3505 3856 3545 ma-

2157 3589 2306 3643 gnus
2338 3574 2557 3630 venerit
2586 3590 2615 3629 e
2648 3576 2947 3646 spelunca,
2971 3582 3027 3631 et
3049 3577 3119 3631 ad
3149 3593 3281 3632 eum
3306 3578 3787 3649 referjudicium,
3810 3581 3862 3633 et

2158 3664 2312 3732 quod
2356 3664 2461 3716 tibi
2511 3664 2741 3733 dixerit,
2785 3670 2878 3720 sta
2936 3665 3097 3721 illius
3147 3666 3463 3721 sententia).
3522 3667 3676 3722 Deus
3707 3670 3860 3723 enim

2159 3752 2262 3806 tibi
2295 3753 2451 3807 dicet
2488 3769 2590 3823 per
2620 3754 2835 3825 ipsum.
2889 3756 3095 3811 Verbis
3134 3772 3339 3810 eorum
3402 3772 3623 3812 morem
3682 3759 3864 3828 gessit

2162 3841 2455 3913 Eulogius,
2490 3848 2545 3898 et
2564 3845 2831 3899 mutilato
2858 3845 3184 3912 blandiens,
3205 3862 3341 3901 cum
3362 3863 3494 3901 eum
3520 3847 3865 3904 immisisset

2161 3930 2219 3986 in
2252 3932 2520 4003 cymbam
2564 3933 2927 4004 pastoralem,
2960 3944 3129 3990 noctu
3182 3952 3450 4007 egressus
3483 3941 3571 3991 est
3602 3953 3669 3991 ex
3701 3938 3863 4005 urbe,

2162 4029 2217 4079 et
2241 4022 2376 4078 tulit
2398 4039 2529 4078 cum
2552 4024 2608 4078 in
2643 4026 3061 4081 monasterium
3097 4026 3519 4097 discipulorum
3538 4028 3735 4100 magni
3758 4032 3868 4083 An-

2164 4113 2327 4168 tonii.
2361 4114 2587 4168 Accidit
2617 4120 2813 4170 autem
2838 4119 2901 4170 ut
2931 4115 3044 4171 alio
3077 4115 3170 4172 die
3198 4116 3416 4172 veniret
3459 4133 3715 4189 magnus
3745 4134 3867 4174 sero

2164 4220 2419 4275 veSpere,
2454 4208 2517 4258 ut
2548 4206 2799 4260 narravit
2830 4205 3093 4276 Cronius,
3126 4208 3375 4262 amictus
3410 4206 3712 4281 chlamyde
3743 4209 3867 4281 pel-

2164 4292 2329 4348 licea.
2362 4294 2664 4364 Ingressus
2696 4302 2781 4350 est
2810 4312 2945 4367 ergo
2977 4297 3035 4352 in
3067 4313 3242 4352 suum
3275 4299 3715 4366 monasterium,
3748 4303 3868 4354 erat

2164 4391 2360 4443 autem
2397 4385 2514 4441 haec
2544 4387 2671 4455 ejus
2702 4388 3085 4455 consuetudo,
3142 4391 3207 4442 ut
3237 4387 3633 4460 alloqueretur
3674 4388 3864 4445 Maca-

2164 4476 2335 4544 rium,
2361 4483 2412 4533 et
2435 4491 2567 4530 eum
2598 4476 2976 4548 interrogaret
3008 4492 3021 4532 :
3055 4476 3251 4533 Frater
3296 4478 3529 4549 Macari,
3558 4481 3862 4534 venerunt-

343 4563 406 4615 iﬂ
437 4556 714 4615 omnibus
746 4554 957 4626 (Ιυίδυδ
978 4570 1122 4626 οΡιι8
1154 4555 1371 4610 δαδυίί·
1398 4555 1697 4627 Pe"Paulis
1724 4572 1857 4627 ergo
1876 4558 2048 4627 quin-
2080 4552 2124 4616 Β
2158 4581 2227 4620 ne
2258 4564 2371 4620 huc
2409 4563 2638 4634 aliqui?
2696 4564 3105 4637 Respondebat
3153 4565 3447 4623 Macarius
3478 4584 3492 4621 :
3541 4565 3842 4621 Venerunt.

344 4649 529 4706 decim
581 4646 771 4708 annis.
804 4646 854 4702 is
888 4644 983 4717 qui
1032 4648 1155 4701 erat
1184 4644 1491 4700 mutilatas
1550 4647 1825 4701 benevole
1865 4648 1937 4701 ab
1986 4664 2052 4703 eo

344 4740 654 4797 curabatur
674 4743 955 4809 tanquam
991 4740 1171 4808 pater,
1206 4739 1270 4790 ut
1318 4736 1416 4805 qui
1476 4737 1783 4803 lavaretur,
1816 4752 2054 4808 ungere-

342 4839 461 4897 tur,
520 4832 830 4897 foveretur,
872 4832 929 4882 et
978 4829 1305 4897 portaretur
1365 4824 1639 4880 manibus
1701 4825 1947 4897 Eulogii,
1998 4833 2055 4883 et

345 4935 523 4990 supra
552 4933 720 4971 suam
753 4916 1093 4987 dignitatem
1126 4915 1361 4985 quidem
1412 4915 1821 4982 custodiretur,
1855 4917 2053 4972 morbo

346 5011 544 5064 autem
576 5004 978 5061 convenienter
1010 5006 1363 5061 reﬁceretur.
1395 5004 1535 5059 Post
1576 5004 1911 5076 quindecim
1945 5024 2055 5062 au-

347 5110 461 5156 tem
494 5112 677 5153 annos
717 5096 927 5151 invasit
975 5097 1201 5152 daemon
1249 5113 1383 5153 eum
1422 5096 1522 5167 qui
1575 5102 1697 5152 erat
1728 5097 2050 5169 mutilatus,

345 5188 547 5246 volens
580 5185 806 5257 privare
853 5184 1155 5254 Eulogium
1205 5186 1479 5241 mandato
1537 5190 1595 5241 et
1651 5187 1967 5258 proposito,
1999 5195 2056 5244 et

348 5280 683 5338 mutilatum
718 5293 751 5332 a
798 5275 1128 5343 refectione,
1180 5279 1235 5331 et
1282 5275 1381 5331 Dei
1428 5276 1749 5347 gratiarum
1808 5278 2053 5347 actione,

349 5372 806 5439 seditionemque
849 5362 1059 5420 excitat
1093 5364 1151 5419 in
1186 5365 1533 5436 Eulogium;
1572 5364 1887 5438 multisque
1919 5384 2053 5425 eum

347 5461 575 5531 probris
608 5457 779 5529 coepit
808 5453 1055 5524 insequi,
1099 5453 1241 5508 adeo
1275 5458 1340 5509 ut
1388 5470 1522 5510 eum
1553 5455 1726 5510 etiam
1762 5462 2057 5528 appeteret

349 5547 700 5616 maledictis,
732 5547 932 5604 dicens
980 5543 1253 5614 deinceps
1289 5558 1302 5597 :
1336 5543 1439 5598 Abi
1471 5543 1626 5613 hinc,
1661 5546 1935 5603 scelerate
1967 5548 2056 5603 fu-

351 5637 528 5712 gitive
547 5636 683 5705 (62).
726 5636 1053 5692 Sult‘uratus
1103 5649 1165 5689 es
1208 5632 1427 5689 alienas
1458 5633 1756 5705 pecunias,
1789 5640 1846 5690 et
1876 5638 2057 5693 domi-

354 5744 496 5791 num
528 5726 821 5801 epoliasti;
853 5733 907 5785 et
954 5742 1082 5784 meo
1122 5728 1399 5799 praetextu
1458 5726 1544 5783 vis
1607 5726 1801 5797 latere,
1836 5731 1900 5783 ut
1956 5730 2055 5799 qui

2167 4653 2397 4709 Dicebat
2428 4658 2621 4708 autem
2656 4668 2903 4724 magnus
2938 4670 2951 4711 :
2983 4656 3207 4710 Suntne
3238 4656 3501 4728 .‘Egyptii,
3522 4669 3595 4708 an
3620 4652 3854 4709 Jeroso—

2164 4743 2433 4816 lymitani
2455 4744 2482 4797 ’ἶ
2514 4743 2965 4799 Dederatautem
2995 4762 3247 4817 magnus
3277 4746 3329 4801 ei
3362 4746 3615 4817 signum,
3636 4743 3858 4803 dicens:

2165 4835 2310 4889 Cum
2334 4833 2543 4888 videris
2564 4835 2793 4889 venisse
2816 4833 3043 4906 aliquos
3069 4834 3279 4906 quibus
3300 4839 3392 4891 est
3422 4834 3863 4905 minusnegotii,

2166 4923 2257 4977 dic
2290 4923 2556 4977 :Adsunt
2590 4922 2858 4993 .Egyptii.
2892 4922 3134 4985 Quando
3174 4926 3365 4978 autem
3399 4922 3611 4977 videris
3638 4922 3866 4977 venisse

2164 5012 2394 5083 aliquos
2435 5010 2823 5083 religiosiores
2864 5018 2919 5067 et
2948 5012 3121 5082 paulo
3172 5013 3678 5082 consideratiores,
3733 5011 3866 5070 dic:

2164 5102 2313 5156 Sunt
2335 5101 2820 5173 Jerosolyinitani.
2844 5102 3104 5174 Rogabat
3122 5117 3263 5173 ergo
3292 5118 3539 5173 magnus
3564 5116 3667 5174 pro
3692 5116 3867 5165 more,

2166 5190 2361 5245 dicens
2392 5190 2553 5244 fratri
2590 5189 2832 5245 Macario
2867 5208 2880 5245 :
2910 5191 3060 5245 Sunt
3088 5190 3339 5263 {Egyptii
3363 5191 3594 5256 fratres,
3614 5206 3687 5245 an
3708 5192 3875 5245 Jeru-

2166 5282 2491 5355 solymitani
2514 5281 2541 5335 ?
2587 5281 2913 5352 Respondet
2972 5281 3280 5350 Macarius,
3314 5280 3514 5336 dicens
3546 5297 3560 5336 :
3594 5280 3697 5335 Est
3729 5281 3872 5337 mix-

2164 5379 2315 5430 tura.
2350 5372 2593 5439 Quando
2627 5387 2760 5444 ergo
2794 5372 3025 5428 dicebat
3046 5372 3334 5428 Macarius
3370 5388 3384 5427 :
3420 5372 3572 5427 Sunt
3598 5370 3869 5443 Egyptii,

2167 5462 2395 5518 dicebat
2420 5462 2469 5517 ei
2503 5478 2750 5534 magnus
2785 5477 2797 5517 :
2833 5462 2975 5517 Para
3002 5462 3087 5517 eis
3118 5461 3355 5533 lentem,
3387 5466 3445 5516 et
3501 5461 3574 5515 da
3604 5458 3687 5515 eis
3720 5458 3874 5531 quod

2166 5554 2491 5610 comedant.
2544 5552 2608 5605 Et
2670 5552 2912 5608 faciebat
2969 5553 3052 5608 eis
3124 5567 3300 5607 unam
3388 5550 3735 5609 orationem.
3820 5554 3878 5604 et

2166 5642 2492 5698 dimittebat
2520 5658 2639 5699 eos.
2664 5643 3109 5707 Quandoautem
3141 5641 3400 5698 dicebat:
3429 5640 3880 5708 SuntJerosoly-

2168 5734 2397 5804 mitani,
2430 5734 2668 5794 sedebat
2700 5752 2801 5807 per
2825 5738 3007 5793 totam
3031 5738 3282 5802 noctem,
3315 5740 3374 5789 et
3431 5732 3517 5791 eis
3555 5728 3877 5788 dicebatea
