4076 6280
330 282 487 346 1073

1610 281 1987 345 HISTORIA
2039 284 2447 348 LAUSIACA.

3583 281 3737 341 1074

332 418 480 486 ἐζετο
529 413 586 470 δὲ
642 415 669 470 6
723 413 988 488 μακάριος
1046 414 1202 477 οὗτος
1261 413 1455 486 μεταξὺ
1517 410 1840 476 Βαϐυλῶνος
1881 417 1966 470 καὶ
2004 420 2056 486 Α
2093 419 2166 488 μή
2205 417 2326 492 λέγε
2355 421 2597 472 τοιαῦτα.
2633 413 2784 471 Ἀλλ’
2821 413 2938 470 εἰπὲ
2965 414 3014 468 τί
3049 434 3105 467 σε
3154 411 3423 482 ἐλύπησα,
3455 412 3547 466 καὶ
3588 409 3733 492 διορ-

331 504 653 579 Ἠρακλείας
709 505 786 566 εἰς
841 506 941 574 τήν
995 504 1311 579 πανέρημὸν
1364 506 1464 573 τήν
1520 507 1786 585 φέρουσαν
1841 508 1979 561 κατὰ

330 596 430 664 τῆν
477 595 737 668 Ἐρυθρὰν
789 593 1059 648 θάλασσαν
1113 595 1188 656 ὡς
1243 595 1348 648 ἀπὸ
1395 597 1686 668 τριάκοντα
1736 594 1979 668 σημείων

332 689 427 739 τού
457 685 728 755 ποταμοῦ.
765 683 1050 746 Ἐλθόντος
1077 681 1167 737 οὖν
1198 683 1364 738 αὐτοῦ
1395 684 1472 746 εἰς
1499 685 1565 738 τὸ
1617 683 1978 759 μονασττςριον

331 775 392 828 τὸ
422 774 567 846 παρά
596 773 687 826 τὸν
738 773 1014 844 ποταμὸν,
1046 767 1164 827 ἔνθα
1209 773 1260 826 οἱ
1291 775 1487 827 τούτου
1541 775 1778 847 μαθηταὶ
1818 772 1976 828 ἐκαθ-

332 862 515 931 έζοντο
548 861 624 926 εἷς
662 863 724 917 τὸ
773 860 1067 937 λεγόμενον
1104 861 1327 936 Πίσπιρ,
1361 862 1639 936 Μακάριος
1683 863 1773 918 καὶ
1806 863 1977 936 Ἀμά-

329 973 446 1018 τας,
494 951 547 1006 οἳ
592 951 680 1007 καὶ
733 953 935 1025 ἔθαψαν
983 953 1072 1006 τὸν
1123 952 1389 1024 μακάριον
1441 953 1725 1007 ’Λντώνιον
1766 974 1974 1025 κοιμη-

331 1043 508 1110 θέντα,
559 1039 880 1114 ἐξεδεξάμην
941 1042 1153 1115 ἡμέρας
1214 1038 1390 1106 πέντε,
1433 1039 1526 1096 ’ίνα
1586 1041 1838 1118 συντύχω
1894 1047 1973 1114 τῷ

330 1131 473 1206 ἁγίῳ
522 1131 817 1202 ’Λντωνίῳ.
867 1129 1118 1207 Ἐλέγετο
1169 1128 1224 1186 δὲ
1267 1127 1642 1204 παραϐάλλειν
1695 1133 1854 1187 αὐτὸν
1896 1137 1976 1203 τῷ

334 1222 682 1293 μοναστηρίῳ
725 1223 925 1292 τούτῳ,
969 1221 1100 1275 ποτέ
1137 1223 1228 1293 μὶν
1281 1220 1370 1275 διὰ
1418 1220 1565 1285 δέκα,
1599 1223 1730 1276 ποτέ
1779 1220 1837 1277 δέ
1886 1220 1975 1277 διὰ

331 1308 520 1377 εἷ’κοσι,
568 1311 702 1366 ποτὲ
760 1309 817 1365 δὲ
867 1309 955 1365 διὰ
1003 1312 1160 1366 πέντε
1208 1314 1453 1385 ἡμερῶν,
1502 1313 1680 1374 καθὼς
1724 1312 1885 1366 αὐτὸν
1947 1315 1974 1367 6

331 1401 458 1461 Θεὸς
487 1401 618 1474 ἦγεν
653 1400 740 1454 ἐπὶ
786 1401 1061 1476 εὐεργεσίᾳ
1089 1405 1195 1456 τῶν
1247 1403 1777 1476 παρατυγχανόντων
1811 1401 1864 1456 ἐν
1895 1407 1974 1475 τῷ

334 1489 704 1569 μοναστηρίῳ.
741 1492 1003 1569 Διάφοροι
1052 1488 1144 1545 οὖν
1196 1493 1545 1565 συνήχθημεν
1585 1488 1812 1568 ἀδελφοὶ
1854 1489 1972 1546 δια-

331 1573 538 1648 φόρους
565 1568 787 1650 ἔχοντες
833 1568 1047 1650 χρείας,
1081 1575 1132 1630 ἐν
1164 1577 1245 1630 οἷς
1278 1578 1367 1630 καί
1419 1575 1682 1652 Εύλόγιός
1713 1596 1794 1637 τις
1826 1577 1975 1631 Ἀλε-

331 1657 582 1735 ξανδρεὺς
636 1665 899 1734 μονάζων,
933 1664 1024 1718 καὶ
1080 1665 1194 1738 μετ’
1224 1665 1390 1720 αὐτοῦ
1441 1663 1612 1727 ἀλλος
1656 1660 1975 1738 λελωϐημέο

330 1770 420 1813 νος
456 1768 469 1782 ⁶
504 1747 703 1816 οἵτινες
730 1755 1084 1828 παρεγένοντο
1117 1752 1187 1808 δι’
1216 1753 1392 1809 αἰτίαν
1423 1751 1658 1811 τοιάνδε.

929 1847 1176 1898 xm“.
1224 1843 1367 1916 KQ".

571 1929 701 2004 Περὶ
732 1931 1025 2006 Εὐλογίου,
1053 1933 1142 1986 καὶ
1177 1937 1272 1987 τοῦ
1305 1928 1728 2005 λελωϐημένου.

403 2019 571 2078 Οὗτος
609 2021 637 2074 6
697 2019 965 2094 Εὐλόγιος
1024 2021 1389 2096 σχολαστικὸς
1450 2024 1695 2097 ὑπῆρχεν
1757 2021 1815 2076 ἐκ
1868 2025 1977 2076 τῶν

334 2106 632 2184 ἐγκυκλίων
679 2107 1088 2183 παιδευμάτων,
1119 2112 1178 2175 ὃς
1227 2110 1390 2186 ἔρωτι
1421 2113 1546 2183 θείῳ
1595 2112 1825 2185 πληγεὶς
1858 2109 1978 2164 ἐπι-

331 2197 498 2269 θυμίᾳ
528 2197 820 2262 ἀθανασίας
862 2201 1160 2273 ἀπετάξατο
1202 2207 1309 2258 τῶν
1357 2197 1625 2276 θορύϐων.
1662 2200 1760 2256 Καὶ
1805 2200 1979 2254 πάντα

336 2282 721 2361 διασκορπίσας
751 2291 818 2344 τά
867 2291 1184 2365 ὑπάρχοντα
1231 2289 1516 2346 κατέλιπεν
1551 2291 1726 2363 ἐαυτῷ
1771 2289 1977 2364 βραχέα

333 2377 666 2449 νομίσματα,
719 2378 1030 2454 ἐργάζεσθαι
1082 2383 1158 2453 μή
1211 2379 1528 2453 δυνάμενος.
1580 2379 1850 2450 Ἀκηδιων
1889 2377 1978 2434 οὖν

334 2468 453 2520 καθ’
487 2467 694 2538 ἑαυτὸν,
725 2471 814 2523 καὶ
851 2472 988 2542 μήτε
1021 2471 1094 2532 εἷς
1127 2469 1370 2526 συνοδίαν
1418 2471 1752 2547 βουλόμενος
1805 2469 1978 2525 είσελ-

338 2559 469 2624 θεῖν,
525 2560 660 2630 μήτε
719 2557 775 2614 δὲ
836 2560 999 2632 μόνος
1059 2560 1610 2636 πληροφορούμενος,
1661 2561 1806 2635 εὗρέν
1861 2581 1980 2614 τινα

340 2647 440 2700 ἀνά
496 2648 594 2715 τήν
642 2647 841 2724 ἀγορὰν
887 2647 1239 2724 ἐρριμμένον
1276 2646 1694 2723 λελωϐημένον,
1743 2651 1802 2711 ὃς
1859 2648 1983 2705 οὕτε

341 2741 532 2809 χεῖρας
587 2737 754 2812 εἶχεν,
805 2737 927 2793 οὕτε
983 2738 1176 2801 πόδας.
1228 2739 1414 2812 Τούτῳ
1477 2740 1616 2812 μόνη
1677 2741 1712 2808 ἡ
1763 2737 1984 2814 γλῶττα

343 2825 590 2900 ὑπῆρχεν
623 2827 1019 2902 ἀκατάτριπτος
1048 2829 1184 2906 πρὸς
1217 2831 1499 2910 συμφοράν
1548 2834 1654 2884 τῶν
1702 2849 1984 2904 παρατυγ-

344 2915 640 2988 χανόντων.
675 2921 731 2972 Ὁ
763 2916 820 2972 δὲ
871 2917 1138 2992 Εὐλύγιος
1183 2921 1311 2981 στὰς
1360 2917 1647 2988 ένατενίζει
1693 2920 1860 2990 αὐτῷ,
1893 2918 1982 2972 καὶ

340 3003 702 3076 προσεύχεται
733 3010 810 3076 τῷ
849 3009 984 3077 Θεῷ,
1018 3010 1107 3062 καὶ
1151 3009 1352 3063 τίθεται
1386 3006 1653 3079 διαθήκην
1708 3007 1842 3080 μετὰ
1886 3011 1984 3062 τοῦ

341 3095 494 3157 Θεοῦ,
528 3091 716 3162 εἷ’πὼν,
750 3093 833 3148 ὅτι
889 3097 1074 3169 Κύριε,
1099 3094 1183 3149 ἐπὶ
1219 3101 1298 3168 τῷ
1328 3101 1405 3167 σῷ
1436 3096 1661 3168 ὀνόματι
1711 3091 1980 3169 λαμϐάνω

2092 508 2313 581 θοῦμαι.
2346 509 2402 563 Ὀ
2453 506 2510 561 δέ
2553 506 2682 568 ὅλος
2732 499 3129 574 λελωϐημένος
3179 497 3357 577 ἔλεγεν
3408 497 3681 576 ἐμϐριθῶς
3718 521 3732 535 ο

2091 597 2163 650 Οὐ
2197 598 2340 653 θέλω
2374 619 2468 652 σου
2500 596 2696 658 ταύτας
2744 596 2838 658 τὰς
2869 593 3160 655 κολακείας
3193 611 3205 626 °
3258 591 3539 666 ἀπένεγκε,
3573 592 3731 666 ῥίψον

2094 707 2159 760 με
2191 685 2245 740 ἐν
2295 691 2360 760 τῇ
2415 687 2582 761 ἀγορᾷ
2613 686 2757 758 παρά
2805 688 2904 754 τήν
2959 685 3100 756 έμῆν
3149 683 3370 757 πρώτην
3416 683 3729 737 ἀνάπαυσιν.

2089 779 2145 829 '0
2177 775 2233 831 δὲ
2266 778 2550 852 Εὐλόγιος·
2590 776 2895 844 Παρακαλῶ
2929 771 3526 847 σε.θεραπεύθητι,εί¹τι
3560 771 3730 844 λυπῇ,

2087 871 2207 942 κῢρι
2259 869 2286 921 6
2339 867 2522 940 μέγας.
2568 867 2624 922 Ὀ
2675 863 2730 921 δὲ
2780 859 3176 936 λελωϐημένος
3225 862 3520 937 ἀγρεαίνων
3572 861 3730 942 θυμῷ

2088 958 2224 1030 πρὸς
2256 957 2417 1011 αὐτὸν
2451 954 2628 1030 ἔλεγεν
2658 975 2670 988 ·
2706 953 2895 1010 Οὐκέτι
2927 949 3194 1027 ἀνέχομαι
3225 959 3324 1020 τῆς
3358 949 3602 1006 ὑπούλου
3635 970 3730 1004 σου

2087 1046 2174 1109 καὶ
2235 1045 2523 1116 εἷρωνικῆς
2581 1042 2894 1107 κολακείας.
2958 1041 3067 1097 Οὐκ
3126 1041 3423 1115 ἀρέσκομαι
3478 1044 3547 1113 τῇ
3614 1043 3728 1112 ζωῇ

2084 1157 2251 1209 ταυτῃ
2294 1140 2362 1207 τῇ
2419 1134 2849 1210 τεταριχευμένῃ
2909 1133 2999 1186 καὶ
3059 1129 3334 1209 φειδωλῷ.
3397 1129 3544 1207 Ἐγὼ
3601 1130 3730 1204 κρέα

2087 1224 2232 1280 θέλω
2291 1224 2506 1279 ἐσθίειν.
2549 1229 2605 1279 Ὁ
2665 1221 2720 1278 δὲ
2781 1220 3132 1296 μακρόθύμος
3195 1218 3461 1295 Εὐλόγιος
3514 1217 3730 1290 ἤνεγκεν

2086 1314 2232 1386 αὐτῴ
2263 1313 2412 1387 κρέα.
2447 1311 2595 1368 Ἰδὼν
2633 1311 2690 1365 δὲ
2736 1311 2869 1366 αὐτά
2917 1309 3103 1378 πάλιν,
3135 1309 3421 1383 ἀνακράζει
3454 1309 3481 1362 6
3527 1304 3726 1361 δυσπα-

2085 1404 2205 1473 θής·
2240 1403 2313 1458 Οὐ
2345 1403 2810 1480 πληροφοροῦμαι
2843 1400 2978 1453 εἶναι
3015 1400 3150 1473 μετά
3180 1403 3275 1453 σοῠ
3309 1398 3501 1470 μόνου,
3523 1393 3729 1472 ὄχλους

2086 1491 2229 1548 θέλω
2293 1492 2535 1569 βλέπειν.
2591 1492 2748 1568 Λέγει
2810 1493 2957 1563 αὐτῷ
3007 1491 3035 1544 6
3088 1487 3349 1564 Εὐλόγινις
3384 1507 3396 1520 '
3453 1488 3595 1562 Ἐγώ
3645 1508 3731 1540 σοι

2086 1583 2232 1659 φέρω
2271 1581 2392 1654 ἄρτι
2443 1581 2653 1649 πλῆθος
2703 1578 2950 1658 ἀδελφῶν
3010 1584 3066 1633 '0
3118 1575 3174 1632 δὲ
3217 1575 3382 1630 πάλιν
3430 1573 3731 1630 ἀποδυσπε-

2083 1676 2192 1725 τῶν
2223 1670 2373 1744 λέγει
2408 1691 2419 1703 ³
2453 1671 2588 1726 Οὐαί
2625 1692 2719 1744 μοι
2749 1670 2828 1742 τῷ
2859 1668 3218 1740 ταλαιπώρῳ,
3249 1666 3348 1734 τὴν
3383 1667 3480 1734 σήν
3515 1662 3638 1739 ὄψιν
3669 1664 3729 1719 o6

2004 1794 2051 1859 Β
2087 1759 2232 1815 θέλω
2263 1759 2414 1830 ἰδεῖν,
2447 1762 2536 1814 καὶ
2585 1759 2732 1832 ἄγεις
2771 1780 2865 1831 μοι
2893 1758 3020 1818 τοὺς
3069 1757 3300 1830 ὁμοίους
3343 1776 3437 1810 σου
3485 1754 3728 1831 ἀργοφά-

2081 1871 2253 1927 γουςς
2309 1850 2404 1904 Καὶ
2457 1851 2728 1920 σπαράξας
2779 1847 2989 1918 ἐαυτὸν,
3042 1845 3256 1916 ἀτάκτῳ
3307 1846 3464 1918 φωνῇ
3509 1842 3728 1917 ἀνέκρα-

2083 1941 2188 2010 ξεν,
2221 1937 2420 2013 λέγων·
2455 1940 2531 1994 Οὐ
2569 1937 2732 2000 θέλω,
2769 1938 2832 1991 o6
2879 1935 3045 2003 θέλω,
3077 1935 3153 1994 εἰς
3183 1936 3281 2001 τῆν
3330 1933 3526 2008 ἀγορὰν
3562 1931 3725 1990 θέλω.

2085 2029 2159 2088 Ὠ
2193 2031 2286 2105 βία
2315 2032 2324 2085 Ι
2363 2029 2519 2104 ῥίψον
2575 2049 2641 2100 με
2672 2027 2809 2081 ὅπου
2862 2047 2927 2098 με
2958 2025 3130 2098 εὗρες.
3164 2021 3320 2097 Λέγω
3371 2023 3454 2077 ὅτι
3488 2022 3532 2076 εἰ
3582 2022 3728 2096 εἶχεν

2087 2126 2300 2199 χεῖρας,
2336 2118 2396 2173 o6
2427 2123 2725 2192 παρῃτεῖτο
2759 2115 2850 2170 καὶ
2899 2115 3108 2190 ἀγχόνῃ
3139 2112 3470 2188 χρήσασθαι,
3503 2113 3537 2182 ἢ
3591 2110 3727 2190 ξίφει

2087 2211 2274 2265 ἐαυτὸν
2353 2207 2714 2286 χειρίσασθαι.
2793 2204 2977 2264 Οὕτως
3053 2203 3216 2257 αὑτὸν
3293 2205 3388 2255 τοῦ
3465 2199 3729 2273 δαίμονος

2087 2300 2535 2375 ἐξαγριώσαντος,
2600 2297 2734 2370 μετά
2791 2293 2956 2349 ταῦτα
3016 2292 3312 2368 ἀπέρχεται
3374 2291 3402 2345 6
3461 2289 3729 2364 Εὐλόγιος

2089 2391 2225 2465 πρὸς
2256 2388 2470 2450 τοὺςέκ
2514 2384 2772 2457 γειτόνων
2804 2385 2968 2440 αὐτοῦ
3016 2383 3274 2453 ἀσκητάς,
3305 2382 3396 2436 καὶ
3446 2381 3588 2457 λέγει
3632 2380 3728 2435 αὐ-

2087 2489 2204 2544 τοῖς
2240 2500 2253 2515 '
2304 2480 2361 2536 Τί
2421 2481 2661 2548 ποιήσω,
2695 2477 2777 2532 6'1:
2833 2476 2908 2539 εῗς
2959 2473 3302 2546 ἀπελπισμὸν
3353 2472 3552 2549 ἤγαγέν
3595 2493 3661 2544 με
3701 2473 3728 2524 6

2092 2566 2487 2642 λελωϐημένος
2513 2567 2671 2629 οὗτος
2701 2588 2715 2636 ;
2749 2567 3013 2640 Λέγουσιν
3047 2565 3194 2634 αὐτῴ
3230 2581 3242 2593 °
3277 2563 3381 2624 Διά
3411 2563 3501 2628 τί;
3533 2563 3590 2616 Ὀ
3622 2558 3679 2615 δέ
3714 2579 3726 2592 ·

2092 2660 2248 2716 Δεινά
2281 2680 2374 2732 μοι
2422 2655 2739 2724 διατίθεται,
2765 2656 2855 2709 καὶ
2886 2656 2937 2708 τί
2981 2657 3197 2724 ποιήσω
3238 2654 3336 2709 οὐκ
3383 2649 3526 2709 οἶδα.
3560 2650 3730 2723 Ῥίψω

2093 2751 2276 2811 αὐτὸν,
2310 2746 2455 2802 ἀλλά
2484 2750 2561 2816 τῷ
2590 2750 2704 2816 Θεῷ
2735 2742 2908 2813 δεξιάς
2941 2739 3137 2812 ἔδωκα,
3166 2745 3257 2799 καί
3307 2737 3604 2821 φοϐοὖμαι.
3637 2741 3727 2808 Μὴ

2093 2840 2235 2915 ῥίψω
2265 2838 2424 2892 αὐτόν
2457 2854 2470 2867 ⁸
2521 2834 2668 2889 ἀλλά
2697 2833 2862 2895 κακὰς
2911 2834 3122 2909 ἡμέρας
3159 2854 3254 2906 μοι
3299 2832 3388 2888 καὶ
3419 2830 3610 2892 νύκτας
3641 2826 3731 2882 δί-

2095 2921 2277 2979 δωσιν.
2319 2923 2429 2978 Οὐκ
2487 2921 2604 2974 σῒδα
2658 2920 2710 2974 τί
2763 2920 2912 2991 αὐτῷ
2967 2921 3206 2988 ποιήσω.
3267 2918 3524 2993 Λέγουσιν
3591 2915 3734 2985 αὐτῷ

2092 3011 2310 3080 ἐκεῖνοι,
2344 3012 2419 3074 ὡς
2465 3004 2543 3063 ἔτι
2593 3012 2659 3081 ζῇ
2710 3010 2737 3061 6
2793 3007 2959 3082 μέγας
3013 3007 3180 3082 (οὕτω
3230 3007 3331 3082 γάρ
3379 3005 3608 3060 ἐκάλουν
3641 3005 3732 3058 τὸν

2094 3100 2242 3176 ἅγιον
2277 3099 2613 3170 Ἀντώνιον),
2647 3096 2835 3152 ἄνελθε
2884 3098 3018 3170 πρὸς
3052 3095 3234 3163 αὐτὸν,
3271 3095 3456 3170 βαλὼν
3500 3095 3592 3149 τὸν
3641 3091 3734 3147 λε-

338 3182 528 3237 τοῦτον
576 3184 666 3236 τὸν
718 3180 1130 3256 λελωϐημένον,
1162 3185 1252 3238 καὶ
1304 3183 1616 3239 διαναπαύω
1667 3185 1829 3238 αὐτὸν
1875 3181 1979 3246 ἕως
2011 3158 2054 3223 C
2093 3158 2427 3262 λξυϐημὲνον
2461 3186 2536 3250 εἷς
2565 3185 2784 3254 πλοῖον,
2817 3185 2903 3239 καὶ
2937 3181 3182 3260 ἀνένεγκε
3211 3184 3372 3239 αὐ-,ὸν
3411 3182 3487 3245 εἷς
3527 3182 3590 3237 τὸ
3626 3201 3734 3255 μθ..

342 3273 552 3346 ἡμέρας
583 3273 807 3327 θανάτου
859 3273 1048 3340 αὐτοῦ,
1076 3272 1171 3328 τίνα
1216 3275 1370 3348 καγὼ
1421 3271 1510 3328 διὰ
1555 3273 1746 3328 τούτον
1800 3276 1980 3329 σωθῶ.

343 3363 578 3434 Χάρισαί
612 3384 705 3435 μοι
733 3363 844 3431 οὖν,
879 3366 1094 3439 Χριστέ,
1128 3365 1229 3434 τὴν
1263 3365 1552 3437 ὑπομονὴν
1582 3371 1684 3434 τῆς
1711 3363 1792 3418 εἰσ
1821 3364 1980 3418 αὐτὸν

346 3449 658 3525 ὑπηρεσίας.
713 3454 806 3507 Καὶ
867 3451 1185 3527 προσελθὼν
1242 3454 1322 3526 τῷ
1381 3449 1782 3526 λελωϐημένῳ,
1836 3451 1984 3528 λέγει

344 3540 491 3613 αύτῴ
521 3562 532 3574 ⁸
586 3541 796 3615 Θέλεις,
829 3545 856 3598 6
904 3546 1091 3618 μέγας,
1125 3539 1394 3617 λαμϐάνω
1444 3566 1503 3599 σε
1543 3543 1618 3606 εἷς
1664 3545 1763 3612 τήν
1811 3544 1986 3598 οἰκίαν

346 3631 434 3684 καὶ
464 3631 758 3701 ἀναπαύω;
811 3633 968 3708 Λέγει
1009 3634 1158 3706 αὐτῷ
1210 3633 1412 3696 ἐκεῖνος
1444 3653 1458 3668 ·
1511 3631 1639 3691 Εἰ¹θε
1685 3633 1987 3705 κατηξίοις,

348 3717 474 3774 ἀλλ’
522 3719 626 3794 ἐγὼ
677 3721 890 3795 ἀνάξιός
940 3723 1076 3797 εἶμι.
1124 3725 1285 3799 Λέγει
1331 3725 1358 3778 6
1411 3722 1675 3798 Εὐλόγιος
1706 3741 1720 3754 ·
1781 3710 1983 3778 Οὐκοῦν

347 3808 686 3886 ἀπέρχομαι,
719 3814 866 3888 φέρω
915 3809 1064 3880 ὄνον,
1094 3814 1184 3868 καὶ
1236 3808 1506 3886 λαμϐάνω
1546 3834 1603 3868 σε
1651 3808 1812 3869 ἔνθεν.
1847 3819 1986 3868 Συν-

348 3898 497 3952 έθετο
530 3902 558 3953 6
604 3896 998 3973 λελωϐημένος
1037 3901 1170 3974 μετά
1219 3899 1440 3970 πολλῆς
1485 3906 1682 3975 χαρᾶς.
1716 3902 1986 3975 Ἐνεγκὼν

351 3985 440 4039 οὖν
472 3985 593 4041 ὄνον
627 3988 850 4054 ἐκεῖνος,
883 3989 1078 4063 ἐπῆρεν
1119 3991 1304 4058 αὐτὸν,
1335 3989 1426 4043 καὶ
1476 3989 1774 4065 ἀπήνεγκεν
1824 3993 1900 4052 είς
1929 3993 1989 4044 τὸ

345 4072 488 4130 ’ίδιον
518 4075 766 4148 ξενίδιον.
803 4080 902 4132 Καὶ
932 4078 998 4147 ἦν
1045 4077 1211 4133 αὐτοῦ
1242 4076 1678 4151 ἐπιμελούμενος
1726 4079 1863 4133 κατά
1893 4085 1990 4134 πᾶ-

354 4185 447 4220 σαν
474 4166 639 4221 αὑτοῦ
685 4167 896 4242 χρείαν.
930 4166 1220 4240 Διαρκέσας
1269 4168 1363 4223 οὗν
1397 4169 1423 4223 6
1478 4164 1872 4241 λελωϐημένος
1902 4167 1991 4224 ἐπὶ

352 4252 445 4328 ἔτη
497 4254 802 4330 δεκαπέντε,
849 4258 1233 4333 ἐνοσοκομεῖτο
1277 4259 1403 4333 παρ’
1451 4259 1616 4315 αὐτοῦ
1667 4260 1741 4322 ὡς
1788 4262 1990 4334 πατὴρ,

354 4345 724 4426 φιλοφρόνως,
774 4347 1100 4422 λουόμενος,
1147 4349 1532 4428 ἀλειφόμενος,
1567 4347 1619 4404 έν
1669 4355 1800 4404 πᾶσι
1849 4351 1995 4424 θερα-

354 4437 676 4510 πευόμενος,
707 4438 797 4494 καὶ
847 4434 1334 4512 διαϐασταζόμενός
1380 4443 1498 4501 ταῖς
1539 4440 1695 4514 χερσὶ
1737 4443 1833 4493 τοῦ
1876 4441 1988 4496 Εὐ-

2090 3282 2404 3352 ναστήριον,
2436 3276 2526 3332 καὶ
2575 3273 2778 3345 ἕκδεξαι
2807 3273 2910 3337 ἕως
2962 3275 3023 3329 οὗ
3054 3273 3242 3348 ἐξελθῃ
3279 3275 3306 3328 6
3343 3275 3506 3350 μέγας
3554 3270 3615 3328 ἐκ
3641 3275 3736 3326 τοῦ

2095 3367 2392 3438 σπηλαίου,
2441 3367 2534 3422 καὶ
2580 3366 2822 3439 ἀνένεγκε
2870 3362 3017 3436 αύτῴ
3063 3365 3125 3418 τὸ
3168 3369 3342 3437 κρῖμα
3371 3381 3386 3398 ⁶
3433 3361 3523 3418 καὶ
3573 3363 3602 3416 ’ὀ
3653 3361 3738 3416 ἐάν

2095 3480 2182 3514 σοι
2238 3457 2362 3530 εἷ’πῃ
2418 3457 2601 3524 αὐτὸς,
2659 3454 2956 3529 στοίχησον
3011 3454 3177 3508 αὐτοῦ
3225 3456 3294 3526 τῇ
3353 3451 3640 3527 ἐπικρίσει.
3682 3452 3738 3504 Ὀ

2095 3549 2198 3624 γάρ
2230 3548 2359 3609 Θεός
2409 3567 2494 3601 σοι
2544 3543 2692 3619 λέγει
2744 3541 2816 3598 δι’
2843 3542 3026 3600 αὐτοῦ.
3060 3547 3116 3597 '0
3161 3539 3218 3596 δὲ
3262 3541 3513 3610 εὐπειθὴς
3562 3539 3741 3595 Εὐλό-

2095 3657 2215 3712 γιος
2246 3635 2511 3706 ἠνέσχετο
2544 3633 2743 3703 αὐτῶν,
2775 3633 2863 3687 καὶ
2910 3632 3243 3694 κολακεύσας
3291 3631 3382 3686 τὸν
3414 3625 3738 3701 λελωϐημέ-

2093 3749 2182 3782 νον
2234 3722 2493 3800 ἐμϐαλὼν
2541 3725 2701 3779 αὐτὸν
2741 3724 2818 3786 είς
2869 3725 3071 3799 σκάφος
3123 3721 3468 3797 βουκολικὸν,
3519 3718 3736 3793 ἐξῆλθεν

2095 3825 2194 3888 τῆς
2227 3816 2443 3877 πύλεως
2474 3813 2704 3883 ἐννυκτὶ,
2735 3812 2826 3867 καὶ
2857 3813 3147 3886 ἀνήνεγκεν
3178 3811 3335 3866 αὐτὸν
3372 3811 3447 3873 εἷς
3477 3813 3539 3865 τὸ
3574 3830 3741 3883 μονα-

2101 3909 2324 3980 στήριον
2379 3907 2476 3958 τοῦ
2536 3902 2779 3978 μεγάλου
2855 3900 3166 3955 Ἀντωνίου.
3225 3894 3435 3968 Συνέϐη
3513 3896 3570 3953 δὲ
3641 3899 3742 3965 τὴν

2099 3993 2276 4063 ἄλλην
2310 3990 2519 4064 ἡμέραν
2563 3987 2738 4043 ἐλθεῖν
2770 3988 2862 4041 τὸν
2915 3991 3075 4061 μέγαν
3107 3987 3332 4060 ἑσπέρας
3389 3984 3628 4060 βαθείας,
3665 3985 3740 4048 ὡς

2100 4083 2330 4158 Κρόνιος
2365 4076 2687 4156 διηγήσατο,
2719 4075 3208 4157 ἐμπεφιϐλωμένον
3243 4075 3506 4153 χλαμύδα
3534 4075 3741 4151 δερμα-

2099 4175 2270 4243 τίνην.
2330 4171 2661 4245 Ἐρχόμενος
2719 4168 2812 4224 οὖν
2872 4169 2948 4231 εἷς
3006 4170 3068 4223 τὸ
3125 4169 3489 4242 μοναστήριον
3549 4167 3741 4222 ἑαυτοῦ

2102 4262 2413 4335 εἰσήρχετο.
2448 4260 2548 4314 Καὶ
2581 4258 2781 4330 ταύτην
2814 4258 2931 4334 εἶχε
2967 4259 3066 4327 τὴν
3102 4259 3382 4328 συνήθειαν
3433 4254 3620 4310 καλεῖν
3652 4256 3742 4310 τὸν

2103 4350 2404 4426 Μακάριον,
2459 4349 2549 4403 καὶ
2625 4346 2826 4422 ἐρωτᾷν
2888 4347 3048 4402 αὐτόν
3082 4362 3097 4379 ·
3176 4345 3401 4425 Ἀδελφέ
3476 4347 3738 4420 Μακάριε,

2102 4440 2269 4508 ἦλθόν
2324 4459 2463 4501 τινες
2515 4435 2740 4512 ἀδελφοὶ
2802 4435 3024 4507 ἐνθάδε;
3077 4435 3428 4510 Ἀπεκρίνατο
3479 4437 3506 4490 6
3555 4437 3741 4491 Μακά-

357 4526 571 4602 λογίου,
623 4529 712 4583 καὶ
747 4528 880 4604 ὑπὲρ
924 4529 1070 4600 ἀξίαν
1107 4529 1203 4602 μὶν
1253 4526 1456 4583 ἐκείνου
1502 4525 1996 4605 δορυφορούμενος,
2031 4533 2075 4598 D
2108 4551 2225 4606 ριος
2260 4550 2271 4562 ·
2306 4528 2530 4586 Ἦλθον.
2565 4527 2663 4581 Καὶ
2697 4528 2722 4580 6
2760 4526 2926 4600 μέγας
2960 4547 2973 4559 ·
3017 4525 3308 4603 Αἰγύπτιοί
3353 4525 3484 4582 εἶσιν
3509 4525 3544 4595 ἢ
3575 4527 3745 4600 Ἰερο-

353 4616 724 4688 καταλλήλως
775 4615 832 4672 δὲ
888 4625 989 4688 τῆς
1044 4617 1207 4674 νόσου
1256 4615 1687 4690 ἀναπαυόμενος.
1741 4619 1890 4674 Μετὰ
1940 4616 1996 4673 δὲ

356 4703 856 4778 πεντεκαιδεκαέτη
900 4709 926 4762 6
961 4705 1170 4782 δαίμων
1221 4707 1507 4782 ἐνέσκηψεν
1551 4707 1630 4779 τῷ
1662 4703 1993 4781 λελωϐημέ-

354 4815 454 4867 νῳ,
479 4795 649 4851 θέλων
682 4797 826 4871 τάχα
855 4799 943 4851 καὶ
973 4799 1062 4851 τὸν
1088 4796 1354 4873 Εύλόγιον
1385 4800 1484 4863 τῆς
1518 4797 1745 4868 ἐντολῆς
1771 4796 1862 4851 καὶ
1900 4803 1998 4866 τῆς

358 4885 664 4956 προθέσεως
712 4892 986 4960 στερῆσαι,
1019 4887 1110 4941 καὶ
1158 4889 1250 4942 τὸν
1293 4881 1688 4959 λελωϐημένον
1723 4889 1821 4951 τῆς
1868 4888 1999 4940 ἀνα-

358 4971 605 5036 παύσεως
637 4974 728 5028 καὶ
772 4981 873 5044 τῆς
927 4976 1276 5053 εὐχαριστίας
1325 4977 1548 5053 Κυρίου.
1603 4975 1701 5031 Καὶ
1752 4976 1998 5031 ἀποστα-

362 5065 532 5134 σιάζει
579 5065 734 5126 οὗτος
783 5065 918 5139 πρὸς
962 5067 1052 5122 τὸν
1105 5067 1399 5144 Εὐλόγιον,
1431 5068 1520 5122 καὶ
1568 5065 1771 5140 ἤρξατο
1824 5065 2002 5142 λέγειν

359 5155 475 5209 κατ’
507 5152 671 5208 αὐτοῦ
723 5151 1001 5232 δύσφημα,
1036 5157 1111 5221 ὡς
1153 5159 1243 5212 καὶ
1275 5155 1583 5232 λοιδορίαις
1635 5156 1829 5211 λοιπὸν
1867 5156 2004 5212 πλύ-

362 5265 468 5299 νειν
501 5245 593 5299 τὸν
640 5240 826 5316 ἄνδρα,
873 5243 1142 5319 ἐπιλέγων
1183 5247 1330 5318 αὐτῷ
1366 5264 1380 5278 ⁶
1435 5246 1643 5324 Σχάτα,
1695 5246 2002 5322 γλούττων,

364 5335 651 5411 φυγοκύρι,
712 5331 979 5409 ἀλλότρια
1055 5337 1320 5409 χρήματα
1373 5330 1622 5410 ἔκλεψας.
1687 5338 1784 5391 Καὶ
1863 5337 2007 5410 τάχα

366 5421 563 5485 δοῦλος
607 5421 868 5497 ὑπάρχων
916 5423 1008 5478 τὸν
1040 5420 1181 5477 ἴδιον
1235 5421 1500 5495 δεσπότην
1551 5423 1819 5496 ἐσύλησας
1851 5442 1866 5458 ·
1915 5425 2004 5479 καὶ

368 5514 436 5584 τῇ
495 5511 602 5584 ἐμῇ
648 5512 910 5590 προφάσει
963 5509 1152 5588 βούλει
1214 5513 1424 5583 λαθεῖν,
1474 5513 1551 5574 ὡς
1600 5513 1689 5568 ἐπὶ
1739 5515 2006 5590 προφάσει

370 5599 526 5671 δῆθεν
557 5602 800 5665 εὐποιίας
830 5603 906 5666 εἷς
936 5603 999 5658 τὸ
1049 5601 1273 5674 ξενίδιόν
1311 5623 1410 5657 σου
1459 5601 1646 5657 λαοών
1681 5624 1768 5677 με,
1799 5603 1890 5658 καὶ
1940 5601 2011 5658 δι’

370 5693 505 5766 ἐμοῦ
539 5691 732 5767 βούλει
762 5694 1024 5766 σωθῆναι.
1050 5695 1106 5749 Ὀ
1131 5691 1186 5749 δέ
1219 5693 1488 5769 Εὐλόγιος
1509 5691 1802 5768 παρεκάλει
1827 5691 2009 5770 αὐτὸν,

370 5781 682 5862 θεραπεύων
728 5782 892 5841 αὐτοῦ
947 5785 1047 5858 τὴν
1102 5782 1350 5862 καρδίαν,
1401 5781 1580 5862 λέγων
1610 5798 1625 5818 ⁸
1676 5784 1793 5856 Μὴ,
1838 5782 2013 5861 κύριε,

2107 4618 2421 4693 σολυμῖται.
2457 4615 2741 4673 Ἐδεδώκει
2792 4614 2850 4671 δὲ
2889 4615 3035 4688 αὐτῷ
3080 4621 3306 4689 σημεῖον
3355 4617 3383 4670 6
3435 4617 3626 4689 μέγας,
3655 4614 3748 4669 λέ-

2106 4731 2217 4786 γων
2249 4729 2261 4742 ·
2304 4713 2467 4766 ’Όταν
2518 4706 3060 4784 ἀπραγμονεστέρους
3108 4707 3254 4768 τινάς
3299 4704 3426 4778 ἴδῃς
3468 4703 3744 4774 ἐλθόντας,

2109 4799 2231 4875 λέγε
2262 4797 2343 4852 6'1:
2396 4794 2696 4874 Αἰγύπτιοί
2747 4795 2878 4851 εἷ’σιν
2913 4812 2928 4828 '
2980 4795 3104 4851 ὅταν
3139 4793 3196 4850 δέ
3244 4815 3394 4857 τινας
3426 4789 3751 4849 εὐλαϐεστέ-

2112 4910 2238 4964 ρους
2268 4889 2355 4943 καὶ
2404 4887 2793 4963 λογιωνέρους,
2825 4885 2952 4962 λέγε
3000 4886 3083 4942 6'1:
3116 4882 3553 4961 Ἱεροσολυμῖται
3594 4885 3750 4945 εἰσιν.

2112 4976 2328 5052 Ἠρώτα
2359 4975 2449 5031 οὖν
2499 4976 2722 5032 κατὰτὸ
2771 4975 2962 5040 εἰωθὸς
2993 4977 3020 5030 6
3078 4977 3264 5049 μέγας,
3305 4971 3483 5049 λέγων
3528 4978 3607 5045 τῷ
3657 4995 3756 5047 μα·

2112 5071 2251 5141 θητῇ
2285 5067 2551 5142 Μακαρίῳ
2584 5085 2596 5097 ·
2645 5065 2932 5142 Αἰγύπτιοί
2963 5065 3095 5119 εἰσιν
3144 5066 3193 5119 o':
3234 5061 3484 5137 ἀδελφοὶ,
3517 5063 3551 5133 ἢ
3577 5064 3755 5141 ἶΙερο-

2114 5157 2409 5230 σολυμῖταί
2468 5156 2617 5226 εἷσις
2690 5156 3038 5231 Ἀπεκρίνατο
3117 5157 3144 5210 6
3203 5154 3505 5230 Μακάριος,
3580 5155 3756 5230 λέγων

2117 5247 2280 5318 αὐτῷ,
2315 5246 2397 5301 6'1:
2447 5245 2642 5320 Μίγμα
2675 5245 2830 5303 εἰσίν.
2862 5247 3023 5300 Ὅταν
3073 5245 3162 5300 οὗν
3195 5245 3344 5300 εἶπεν
3375 5245 3403 5298 6
3454 5244 3754 5318 Μακάριος,

2117 5339 2200 5393 6'1:
2233 5335 2525 5414 Αἰγύπτιοί
2571 5336 2727 5404 εἰσιν,
2760 5334 2940 5412 ἔλεγεν
2987 5337 3134 5410 αὐτῷ
3165 5337 3193 5391 ὁ
3246 5336 3414 5412 μέγας
3449 5353 3463 5367 ’
3515 5331 3754 5402 Ποίησον

2119 5429 2301 5490 αὐτοῖς
2332 5429 2524 5504 φακὸν,
2555 5428 2647 5483 καὶ
2697 5424 2790 5490 δὸς
2821 5427 3005 5490 αὐτοῖς
3056 5431 3244 5506 φαγεῖν
3277 5445 3290 5459 ·
3321 5424 3412 5478 καὶ
3460 5422 3634 5478 ἐποίει
3673 5421 3763 5476 αύ-

2117 5521 2232 5578 τοῖς
2264 5515 2435 5590 εὐχὴν
2481 5517 2630 5589 μίαν,
2661 5515 2750 5570 καὶ
2799 5514 3031 5572 ἀπέλυεν
3079 5513 3291 5573 αὐτούς.
3325 5514 3485 5566 Ὅταν
3534 5507 3592 5566 δὲ
3637 5507 3761 5568 ἔλε-

2118 5627 2228 5684 γεν,
2263 5605 2348 5661 ὅτι
2396 5603 2852 5680 Ἱεροσολυμῖται,
2887 5605 3161 5680 ἐκατέζετο
3214 5599 3303 5656 διὰ
3341 5600 3520 5673 πάσης
3548 5600 3756 5670 νυκτὸς,

2121 5697 2211 5752 καὶ
2243 5693 2428 5752 ἐλάλει
2459 5697 2641 5759 αὐτοῖς
2670 5697 2736 5752 τὰ
2779 5698 3128 5772 προσήκοντα
3157 5693 3296 5769 πρὸς
3341 5694 3640 5772 σωτηρίαν.
3673 5692 3758 5748 Ἐν

2123 5785 2301 5863 ἐκείνη
2334 5787 2424 5842 οὗν
2468 5789 2539 5859 τῇ
2589 5783 2787 5858 ἱσπέρᾳ
2831 5784 3128 5856 καθεσθεὶς,
3167 5781 3323 5861 φησὶ,
3373 5779 3764 5858 προσκαλεῖται
