4076 6280
385 220 542 281 1078

1896 217 2266 279 PALLADII

3627 220 3810 280 1076

388 353 586 412 πάντας
645 351 671 403 6
734 348 919 424 μέγας,
979 347 1068 402 καὶ
1133 345 1364 420 μηδενὸς
1423 345 1568 419 αὐτῷ
1627 348 1911 421 εἰρηκότος
1967 351 2028 403 τὸ
2063 354 2110 418 Α
2149 351 2331 420 μένος,
2363 350 2460 418 τὴν
2502 346 2558 402 δὲ
2601 348 2786 423 ψυχὴν
2837 347 3165 424 ἐρρωμένος,
3195 350 3287 404 καὶ
3335 348 3496 410 αὐτὸς
3546 351 3815 425 παραθέ-

390 443 545 494 ποῖον
582 438 754 510 ὄνομα
799 436 912 514 ἔχει
946 439 973 491 6
1027 436 1411 513 σγολαστικὸς,
1455 437 1680 509 ἑσπέρας
1727 436 1891 508 οὔσης
1943 439 2036 505 βα-

388 527 533 590 θείας
564 526 724 582 καλεῖ
754 528 939 597 αὑτὸν,
972 525 1170 604 λέγων·
1205 524 1467 601 Εὐλόγιε,
1500 526 1755 604 Εύλόγιε,
1785 526 2034 604 Εὐλόγιε,

390 618 450 673 ἐκ
477 617 665 693 τρίτου
694 621 855 672 τοῦτο
889 617 1142 690 εἰρηκώς.
1179 620 1235 671 '0
1268 614 1325 670 δὲ
1357 617 1728 695 σχολαστικὸς
1765 617 2037 692 Εὑλόγιος

391 705 488 762 οὑκ
537 707 886 780 ἀπεκρίνατο,
935 706 1187 778 οἰόμενος
1239 703 1409 761 ἄλλον
1455 708 1575 760 τινὰ
1627 706 1905 762 καλεῖσθαι
1957 711 2034 777 τῷ

390 795 615 869 ὀνόματι
646 797 845 867 τούτῳ.
885 795 1040 870 Λέγει
1092 796 1235 866 αύτῷ
1268 794 1326 849 έκ
1371 793 1623 869 δευτέρου
1673 794 1838 850 πάλιν
1875 816 1886 828 ·
1937 795 2034 849 Σοὶ

391 885 557 960 λέγω,
593 884 842 958 Εύλόγιε,
892 889 971 956 τῷ
1019 884 1126 938 ἀπὸ
1175 881 1580 957 ’Δλεξανδρείας
1632 884 1867 942 ἐλθόντι.
1904 885 2035 939 Τότε

391 972 536 1047 λέγει
588 972 734 1044 αύτῷ
784 974 811 1026 6
858 970 1121 1046 Εὑλόγιος
1156 994 1168 1006 ·
1220 973 1280 1027 Τί
1329 971 1594 1041 κελεύεις,
1645 972 1837 1046 δέομαί
1897 991 2031 1042 σου;

390 1064 544 1136 Λέγει
576 1063 725 1132 αὐτῷ
757 1063 785 1115 6
838 1061 1000 1138 μέγας
1037 1080 1050 1094 ⁸
1085 1062 1143 1118 Τί
1192 1061 1359 1131 ἦλθες
1409 1062 1632 1133 ένθάδες
1676 1063 2034 1137 Ἀπεκρίνατο

391 1151 419 1205 6
451 1149 740 1225 Εύλόγιος,
775 1150 950 1226 λέγων
980 1151 1146 1224 αὐτῷ·
1173 1157 1234 1208 Ὁ
1264 1152 1621 1226 ἀποκαλύψας
1654 1174 1736 1207 σοι
1768 1155 1828 1207 τὸ
1860 1152 2036 1224 ὄνομά

393 1262 519 1313 μου,
561 1239 649 1294 καί
700 1242 760 1295 τὸ
806 1243 1029 1314 πρᾶγμά
1089 1262 1171 1296 σοι
1223 1241 1566 1314 ἀποκαλύψει
1626 1239 1695 1296 δι’
1753 1244 1780 1296 '6
1841 1241 2030 1311 ἦλθον,

391 1331 553 1402 Λέγει
590 1331 745 1400 αὑτῷ
777 1331 804 1383 ὁ
839 1325 991 1403 ἀγιος
1022 1331 1307 1392 Ἀντώνιος
1343 1350 1354 1362 ⁸
1388 1333 1628 1404 ’Ἑματον
1669 1329 1739 1384 δι’
1769 1333 1798 1386 ’ὁ
1841 1332 2032 1399 ἦλθες.

391 1417 552 1474 Ἀλλ’
584 1419 667 1473 ἐπὶ
719 1421 931 1473 πάντων
974 1423 1080 1472 τῶν
1129 1417 1377 1497 ἀδελφῶν
1430 1421 1568 1489 εἶπε,
1597 1419 1690 1474 ἵνα
1739 1422 1826 1474 καὶ
1877 1422 2032 1475 αὐτοὶ

393 1507 716 1561 ἀκούσωσιν.
770 1507 1088 1570 Κελευσθεὶς
1138 1507 1227 1562 οὖν
1275 1511 1374 1562 ὑπὸ
1416 1507 1512 1564 τοῦ
1565 1509 1812 1585 μεγάλου
1861 1510 1888 1563 6
1936 1514 2032 1565 τοῦ

393 1600 636 1669 Χριστοῦ
669 1593 868 1657 δοῦλος
902 1595 1187 1672 Εύλόγιος,
1221 1597 1364 1652 εἶπεν
1398 1599 1486 1652 ἐπὶ
1516 1599 1732 1654 πάντων
1767 1618 1780 1633 ⁶

2150 461 2301 513 μενος
2334 440 2408 501 εἰς
2437 441 2532 494 τὰς
2563 444 2755 518 χεῖρας
2787 443 2883 495 τοῦ
2916 444 3050 494 Θεοῦ
3079 440 3142 494 τὸ
3173 444 3391 512 πνεῦμα
3422 440 3607 496 αὐτοῦ.

2215 525 2660 604 Χρονοτριϐησας
2692 528 2869 584 τοίνυν
2923 531 2950 583 6
2984 530 3208 604 Κρόνιος
3242 529 3316 591 εἷς
3360 530 3486 592 τοὺς
3517 532 3642 604 περὶ
3677 537 3816 600 Θη-

2145 615 2304 673 ϐαίδα
2347 620 2549 682 τόπους
2595 619 2866 683 κατῆλθεν
2913 617 2988 680 εἷς
3037 619 3103 673 τὰ
3155 622 3497 694 μοναστήρια
3539 618 3812 690 Ἀλεξαν-

2146 704 2342 781 δρείας.
2393 708 2492 762 Καὶ
2543 701 2733 777 συνέϐη
2785 711 2882 761 τοῦ
2936 707 3029 780 μὶν
3080 708 3347 782 μακαρίου
3410 707 3680 782 Εὐλογίου
3730 712 3813 764 τὰ

2141 800 2541 874 τεσσαρακοστά
2585 798 2971 867 ἐπιτελεῖσθαι,
3021 805 3120 854 τοῦ
3171 798 3227 854 δὲ
3275 795 3674 870 λελωϐημένου
3730 802 3805 855 τὸ

2143 894 2300 961 σῶμα
2338 890 2406 944 τά
2451 889 2606 964 τρίτα
2652 891 2796 964 παρὰ
2842 897 2942 959 τῆς
2990 888 3385 966 ἂδελφότητος.
3440 891 3806 964 Μεμαθηκὼς

2143 976 2233 1033 οῦν
2266 983 2428 1034 τοῦτο
2471 979 2497 1032 6
2543 980 2771 1052 Κρόνιος
2822 977 3030 1049 ἐξέστη,
3081 979 3171 1034 καὶ
3221 975 3405 1034 λαϐὼν
3458 978 3810 1054 Εὐαγγέλιον

2143 1067 2217 1129 εἷς
2249 1068 2426 1122 πίστιν
2458 1073 2566 1121 τῶν
2600 1068 2904 1122 ἀκουόντων
2933 1067 3165 1123 τέθεικεν
3199 1067 3250 1123 ἒν
3289 1069 3435 1142 μέσῳ
3465 1075 3573 1124 τῶν
3620 1067 3800 1123 ἀδελ-

2144 1157 2382 1232 φῶν,καῖ
2417 1155 2731 1230 διωμόσατο
2762 1158 2947 1221 αὐτοῖς
2970 1160 3398 1236 ἀφηγησάμενος
3418 1160 3514 1227 τὴν
3537 1159 3804 1233 πρόγνω-

2144 1249 2227 1302 σίν
2258 1253 2351 1301 τοῦ
2385 1247 2626 1322 μεγάλου
2658 1248 2948 1303 Ἀντωνίου
2979 1248 3104 1322 περὶ
3153 1248 3350 1310 αὐτῶν,
3384 1249 3473 1302 καὶ
3503 1249 3622 1320 περὶ
3659 1249 3805 1302 πάν-

2140 1361 2247 1394 των
2280 1343 2385 1392 τῶν
2421 1331 2868 1412 συμϐεϐηκρτων,
2903 1337 2987 1392 6'11
3037 1337 3250 1392 Τούτων
3283 1343 3390 1393 τῶν
3429 1337 3572 1392 ὅλων
3607 1336 3800 1414 λόγων

2142 1428 2410 1501 ἓρμηνευς
2442 1427 2602 1488 αὐτὸς
2627 1428 2844 1501 γέγονα,
2864 1431 2961 1482 τοῦ
2987 1426 3256 1500 μακαρίου
3279 1427 3566 1482 Ἀντωνίου
3598 1426 3806 1497 Ἐλλη-

2140 1518 2278 1570 νιστὶ
2315 1518 2390 1588 μή
2423 1514 2654 1579 εἰδότος.
2689 1517 2826 1589 Ἐγὼ
2863 1519 2962 1590 γάρ
2995 1516 3317 1587 ἠπιστάμην
3340 1515 3663 1595 ἀμφοτέρων
3694 1516 3802 1578 τὰς

2139 1604 2507 1679 γλώσσας,γαῖ
2535 1607 2838 1679 έρμήνευσα
2860 1605 3044 1665 αὐτοῖς
3069 1625 3080 1634 ·
3105 1610 3220 1667 τοῖς
3248 1606 3344 1677 μὲν
3369 1605 3654 1680 μακαρίοις
3675 1607 3802 1660 λοιο

463 1694 660 1745 Τοῦτον
679 1690 770 1744 τὸν
791 1685 1186 1762 λελωϐημένον
1211 1690 1365 1761 εὗρον
1392 1688 1501 1764 ἐγὼ
1522 1690 1571 1743 έν
1595 1694 1663 1761 τῇ
1688 1689 1856 1765 ἀγορᾷ
1886 1689 2028 1766 έῤῥι-
2061 1731 2108 1795 Β
2140 1695 2239 1748 πὸν
2272 1693 2360 1748 διὰ
2379 1697 2479 1764 τὴν
2501 1699 2598 1748 τοῦ
2629 1696 2862 1768 Χριστοῦ
2887 1695 3070 1769 χάριν,
3105 1693 3363 1770 Εὖλογίῳ
3391 1702 3479 1749 καί
3508 1699 3587 1765 τῷ
3625 1695 3804 1751 λελω-

496 1781 508 1795 ,
707 1778 957 1795 κςκι
1185 1778 1421 1795 πη.
1558 1777 1762 1795 κ...
1905 1780 2287 1795 ς--.
2461 1787 2609 1795 _.
2810 1784 2927 1795 .-η
3105 1785 3116 1795 .
3307 1786 3477 1795 ._
3677 1786 3713 1795 .-

399 1781 602 1855 μμένον
634 1781 722 1835 καὶ
751 1778 1147 1852 ἀμελούμενον.
1185 1778 1523 1848 Κατελεήσας
1555 1777 1611 1834 δέ
1641 1780 1799 1834 αὐτὸν
1831 1781 1920 1834 καὶ
1952 1785 2030 1852 τῷ

395 1878 513 1944 Θεῷ
565 1872 996 1946 προσευξάμενος
1027 1869 1253 1939 δοθῆναί
1305 1891 1396 1941 μοι
1430 1870 1592 1947 χάριν
1641 1871 1923 1943 ὑπομονῆς
1959 1872 2034 1932 εἷς

395 1963 577 2031 αὑτὸν,
626 1957 890 2016 ἀνέλαϐον
943 1960 1101 2015 αὐτόν
1141 1979 1153 1992 ’
1200 1957 1480 2015 έδεδώκειν
1531 1958 1587 2014 δὲ
1634 1962 1722 2015 καὶ
1753 1961 1927 2035 γεξιάς
1959 1965 2038 2032 τῷ

406 2056 644 2126 Χριστῷ,
673 2049 763 2105 ’ίνα
793 2050 950 2106 αὐτὸν
980 2052 1369 2121 νοσοκομησω,
1404 2049 1553 2112 ὅπως
1593 2051 1746 2126 κάγὼ
1778 2052 1936 2103 σωθῶ
1971 2048 2039 2103 δι’

400 2141 586 2208 αὐτοῦ,
619 2143 708 2195 καὶ
739 2142 899 2203 αὑτὸς
918 2141 1194 2211 ἀναπαυθῇ
1222 2138 1289 2193 δι’
1322 2139 1575 2212 έμοῦ.Ἐξ
1598 2140 1658 2194 οὗ
1691 2138 1745 2193 δέ
1770 2139 1925 2210 ἐσμεν
1953 2139 2038 2193 ἐπὶ

394 2233 456 2286 τὸ
489 2232 620 2286 αὐτὸ
643 2228 736 2300 ἔτη
773 2231 875 2285 εἷ’σὶ
901 2229 1209 2298 δεκαπέντε,
1236 2227 1417 2302 ὥσπερ
1442 2231 1534 2284 καὶ
1566 2233 1634 2301 τῇ
1665 2233 1733 2303 σῇ
1768 2230 2041 2305 ἁγιωσύνῃ

396 2320 753 2392 ἀπεκαλύφθη
787 2323 976 2376 πάντα.
1003 2318 1161 2377 Ἀλλ’
1191 2321 1292 2374 οὐκ
1317 2318 1437 2373 οἶδα
1465 2321 1518 2373 τί
1552 2317 1728 2373 δεινον
1758 2321 2042 2380 πεπονθὼς

394 2412 522 2485 παρ’
551 2410 686 2481 ἐμοῦ
721 2413 854 2484 μετὰ
874 2416 1107 2466 τοσαῦτα
1137 2405 1228 2479 ἔτη
1255 2410 1330 2472 εἷς
1360 2408 1522 2484 ἄκρον
1559 2433 1624 2482 με
1654 2415 1741 2465 νῦν
1762 2413 2039 2488 χειμάζει.

394 2502 769 2572 Ἐνεθυμήθην
803 2501 960 2555 αὑτὸν
992 2502 1167 2573 ῥίψαι,
1200 2502 1370 2556 αὐτοῦ
1410 2501 1604 2556 τούτου
1638 2500 1713 2562 εἷς
1761 2501 1924 2555 τοῦτό
1977 2521 2043 2572 με

394 2591 912 2661 καταναγκάζοντος.
959 2589 1163 2643 Τούτου
1212 2589 1372 2663 χάριν
1415 2589 1586 2657 ἦλθον
1631 2591 1766 2658 πρὸς
1798 2591 1898 2656 τήν
1945 2591 2042 2657 σὴν

396 2670 722 2743 ἁγιωσύνην,
753 2669 846 2725 ’ίνα
881 2693 975 2744 μοι
1008 2669 1418 2746 συμϐουλεύσῃς
1450 2673 1502 2726 τί
1538 2672 1744 2749 ὀφείλω
1791 2681 2040 2744 ποιῆσαι,

395 2761 484 2813 καὶ
510 2760 767 2834 κροσεύξῃ
801 2761 923 2833 περὶ
957 2760 1114 2832 ἐμοῦ,
1149 2766 1342 2824 Δεινῶς
1372 2762 1474 2836 γάρ
1507 2764 1757 2835 χειμάζει
1795 2783 1878 2835 με.

470 2849 628 2926 Λέγει
659 2849 805 2922 αύτῷ
850 2851 878 2904 6
932 2846 1099 2925 μέγας
1145 2851 1456 2919 Ἀντώνιος,
1511 2846 1904 2926 έμὸριθεστάτῃ
1952 2856 2040 2907 καί

398 2940 641 3014 αὐστηρᾷ
670 2943 738 3013 τῇ
790 2945 942 3018 φωνῇ
979 2960 990 2973 ·
1038 2940 1272 3002 Ῥίπτεις
1301 2939 1482 3004 αὑτὸν,
1532 2941 1803 3016 Εύλόγιες
1854 2941 1983 2996 ἀλλ’
2013 2944 2040 2996 ὁ

395 3031 628 3100 ποιήσας
659 3030 819 3085 αὐτὸν
853 3031 914 3085 ού
942 3030 1117 3105 ῥίπτει
1148 3029 1332 3087 αὑτόν.
1363 3031 1436 3085 Σὺ
1470 3031 1630 3086 αὐτὸν
1663 3030 2038 3106 ἀπορρίπτεις,

2148 1780 2374 1858 ϐημένῳ
2414 1787 2492 1857 τῷ
2543 1787 2775 1854 σώματι,
2810 1784 3146 1856 Ἑλληνιστὶ,
3188 1786 3332 1859 παρὰ
3382 1789 3481 1840 τοῦ
3550 1786 3799 1862 μεγάλου

2148 1875 2442 1950 εἰρημέναο
2475 1879 2556 1946 τῷ
2588 1872 2644 1929 δὲ
2687 1875 2935 1952 παναγίῳ
2977 1876 3066 1930 καὶ
3121 1875 3373 1949 μακαρίῳ
3422 1874 3511 1928 καὶ
3572 1876 3802 1950 μεγάλῳ

2151 1965 2445 2036 Ἀντωνίῳ,
2469 1964 2812 2038 Αἰγυπτιστὶ,
2847 1964 2990 2031 παρά
3018 1969 3126 2019 τῶν
3159 1963 3484 2042 ἀμφότέρων
3515 1963 3798 2038 εἰρημένα.

2773 2058 3030 2112 ΚΕΦΑΛ.
3073 2057 3186 2111 KZ'.

2435 2144 2702 2218 Διήγησις
2750 2146 2847 2197 τοῦ
2893 2142 3158 2217 μακαρίου
3191 2144 3514 2199 Ἀντωνίου.

2223 2233 2320 2287 K011
2350 2235 2510 2288 τοῦτο
2542 2231 2599 2287 δὲ
2648 2230 2895 2306 διηγεῖτο
2946 2234 2974 2286 6
3027 2231 3274 2304 Κρόνιος,
3329 2234 3413 2286 611
3455 2231 3511 2286 έν
3649 2235 3797 2288 νυκτὶ

2151 2321 2464 2393 εἷρηνεύοας
2493 2321 2618 2383 τοὺς
2667 2323 2787 2394 περὶ
2829 2322 2920 2375 τὸν
2971 2321 3232 2394 μακάριον
3283 2320 3550 2399 Εὖλὸγιον
3600 2323 3800 2377 ἀπέλυ-

2153 2431 2257 2474 σεν,
2284 2409 2524 2484 διηγεῖτο
2558 2413 2696 2483 ἡμῖν
2729 2411 2756 2465 ὁ
2792 2411 2980 2484 μέγας,
3033 2411 3118 2466 ὅτι
3171 2411 3448 2465 Ἐνιαυτὸν
3493 2410 3798 2483 ὁλόκληρον

2153 2500 2401 2574 ηὐξάμην
2433 2501 2882 2578 ἀποκαλυφθῆναί
2921 2521 3017 2571 μοι
3065 2501 3157 2554 τὸν
3207 2501 3375 2555 τόπον
3421 2506 3526 2555 τῶν
3577 2499 3796 2555 δικαίων

2152 2590 2242 2645 καὶ
2272 2595 2377 2644 τῶν
2430 2588 2795 2664 ἁμαρτωλῶν.
2841 2589 2936 2642 Καὶ
2978 2587 3279 2660 ἐθεασάμην
3335 2590 3534 2662 μακρὸν
3571 2591 3793 2665 γίγαντα

2156 2678 2359 2752 μέλανα
2419 2677 2722 2752 ὑψούμενον
2766 2677 2933 2752 μέχρι
2981 2683 3088 2733 τῶν
3140 2677 3395 2757 νεφελῶν,
3442 2680 3534 2740 τάς
3591 2683 3781 2750 χεῖρας

2151 2766 2501 2839 ἐκτεταμέναις
2531 2765 2727 2841 ἔχοντα
2759 2768 2834 2828 εἷς
2872 2767 2962 2821 τὸν
2993 2766 3242 2842 οὐρανόν.
3291 2767 3379 2821 Καὶ
3417 2766 3479 2836 ἦν
3526 2766 3773 2820 ὑποκάτω

2151 2856 2318 2912 αὑτοῦ
2377 2855 2549 2929 λιμνη
2607 2854 2883 2926 θαλάσσης
2942 2851 3145 2931 ἔχουσα
3201 2859 3412 2931 μέτρυν,
3465 2855 3552 2909 καὶ
3595 2855 3776 2927 ἑώρων

2153 2945 2334 3020 ψυχὰς
2367 2945 2734 3010 ἀνιπταμὲνας
2773 2946 2846 3007 ὡς
2897 2941 3074 3018 ὄρνεα.
3111 2946 3208 2999 Καὶ
3253 2945 3376 2999 ὅσαι
3429 2945 3520 3016 μὶν
3567 2941 3792 3014 ὑπερίπ-

2154 3054 2311 3087 ταντο
2343 3033 2509 3087 αὐτοῦ
2541 3037 2646 3086 τῶν
2679 3037 2884 3107 χειρῶν
2913 3034 3001 3087 καὶ
3033 3041 3131 3099 τῆς
3173 3033 3442 3110 κεφαλῆς,
3476 3030 3793 3100 διεσώζοντο

395 3120 591 3197 ἐγείρει
638 3123 666 3175 6
716 3123 844 3184 Θεὸς
892 3122 981 3176 τὸν
1033 3119 1247 3176 καλλίω
1293 3143 1410 3191 σου,
1459 3121 1548 3175 καὶ
1600 3122 1808 3197 συνάγει
1853 3122 2034 3178 αὐτόν.
2072 3099 2112 3164 C
2157 3123 2260 3177 ὑπὺ
2294 3122 2564 3197 ἀγγέλων.
2603 3125 2763 3177 Ὅσαι
2797 3121 2851 3177 δὲ
2882 3122 3028 3197 παρὰ
3058 3128 3164 3177 τῶν
3194 3128 3401 3201 χειρῶν
3435 3124 3600 3177 αὐτοῦ
3648 3121 3795 3176 ἒκοσ-

396 3213 494 3268 Καὶ
527 3211 882 3289 ἀφησυχάσας
916 3212 943 3265 6
978 3212 1243 3285 Εύλόγιος
1295 3211 1622 3282 κατέπτηξεν
1653 3217 1821 3267 ταῦτα
1872 3212 2032 3266 ἀκού-

393 3321 510 3362 σας.
549 3301 885 3374 Καταλείψας
920 3297 975 3354 δε
1005 3301 1097 3355 τὸν
1147 3299 1413 3375 Εὑλόγιον
1449 3303 1476 3356 6
1524 3301 1691 3378 μέγας
1725 3302 2034 3368 Ἀντώνιος,

395 3391 621 3465 ἄρχεται
651 3394 720 3462 τῇ
769 3387 997 3462 γλώσσῃ
1033 3391 1312 3461 μαστίζειν
1360 3392 1453 3446 τὸν
1506 3385 1914 3463 λελωϐημένον,
1945 3390 2033 3446 καὶ

393 3472 634 3546 ἀποϐοᾷν
665 3479 800 3548 πρὸς
852 3479 1010 3531 αὐτόν
1047 3499 1058 3509 ·
1113 3474 1502 3550 Λελωδημένε,
1536 3478 1922 3551 πεπηλωμένε,
1954 3481 2036 3535 ἀν-

395 3567 508 3634 άξιε
537 3565 627 3618 καὶ
657 3572 756 3632 τῆς
784 3572 882 3638 γῆς
915 3565 1004 3618 καὶ
1034 3570 1131 3619 τοῦ
1166 3566 1415 3640 οὐρανοῦ,
1449 3568 1512 3620 ού
1544 3567 1689 3640 παύῃ
1723 3570 2035 3643 θεομαχῶν,

393 3655 740 3728 παροργίζων
792 3654 881 3706 τὸν
929 3652 1204 3733 ἀδελφόν,
1266 3655 1364 3709 οὑκ
1411 3653 1562 3718 οἶδας
1614 3656 1695 3711 ὅτι
1747 3659 1775 3712 ὁ
1813 3658 2037 3732 Χριστός

405 3744 546 3798 ἔστιν
573 3744 600 3798 6
634 3744 914 3818 ὑπηρετῶν
949 3751 1032 3799 σόι
1061 3772 1074 3814 ;
1107 3750 1222 3806 πῶς
1251 3744 1461 3818 τολμᾷς
1492 3747 1626 3800 κατά
1654 3750 1750 3800 τοῦ
1802 3752 2039 3817 Χριστοῦ

404 3837 626 3889 τοιαῦτα
684 3835 1043 3912 φθέγγεσθαις
1107 3836 1168 3890 οὐ
1232 3832 1322 3890 διά
1378 3837 1467 3890 τὸν
1547 3837 1774 3907 Χριστὸν
1854 3838 2036 3892 ἑαυτὸν

403 3921 710 3980 ἐδούλωσεν
745 3925 820 3988 εἰς
867 3927 966 3993 τήν
1009 3927 1104 3994 σήν
1159 3924 1487 4000 ὑπηρεσίαν;
1542 3926 1758 4001 Στύψας
1808 3927 1898 3982 οὗν
1949 3928 2039 3983 καὶ

401 4019 592 4070 τοῦτον
624 4023 742 4079 τοῖς
792 4015 1152 4085 ἐπιπλήκτοις
1196 4015 1381 4090 λόγοις
1432 4015 1622 4092 ἀφίησι
1671 4018 1918 4085 τούτους,
1952 4018 2036 4072 καὶ

403 4101 713 4179 διαλεχθεὶς
767 4110 881 4165 τοῖς
929 4102 1188 4177 ἀδελφοῖς
1235 4107 1365 4157 πᾶσι
1404 4105 1470 4158 τὰ
1516 4105 1652 4177 πρὸς
1701 4106 1800 4173 τὴν
1851 4104 2038 4180 χρείαν

401 4193 633 4267 ἑκάστῳ,
664 4188 1113 4266 ἀπολαμϐάνεται
1164 4192 1329 4246 πάλιν
1361 4193 1455 4246 τὸν
1502 4191 1773 4268 Εὐλόγιον
1829 4194 1918 4248 καὶ
1947 4195 2038 4248 τὸν

402 4279 796 4356 λελωϐημένον
828 4285 856 4338 6
903 4283 1058 4356 ἅγιος
1108 4282 1290 4347 οὗτος,
1323 4281 1413 4336 καὶ
1464 4280 1610 4355 λέγει
1660 4281 1842 4344 αὐτοῖς
1879 4300 1892 4313 ·
1949 4286 2038 4354 Μή

399 4381 821 4449 περιστραφῆτε,
853 4375 1012 4428 τέκνα
1063 4371 1401 4447 μηδαμόθεν,
1449 4371 1574 4427 ἀλλ’
1615 4371 1875 4428 ἀπέλθετε
1927 4377 2043 4448 μετ’

401 4463 646 4536 εἰρήνης,
704 4461 792 4516 καὶ
852 4464 927 4534 μή
984 4464 1297 4537 χωρισθῆτε
1362 4459 1652 4531 ἀλλήλων,
1712 4459 2038 4533 ἀποθέμενοι

397 4555 569 4606 πᾶσαν
622 4551 798 4622 λύπην
841 4552 902 4619 ἢν
953 4552 979 4605 ὁ
1031 4547 1238 4622 δαίμων
1293 4551 1418 4624 ὑμῖν
1470 4548 1738 4617 ἐνέϐαλεν,
1769 4550 1857 4604 καὶ
1909 4552 2042 4623 μετά

397 4646 634 4719 καθαρᾶς
667 4645 879 4720 ἀγάπης
927 4641 1300 4717 ὑποστρέψατε
1331 4642 1408 4703 εἷς
1459 4643 1556 4710 τήν
1607 4641 1810 4696 κέλλαν
1856 4643 1930 4703 εἰς
1978 4643 2037 4710 ἦν

397 4735 484 4789 καὶ
512 4731 1006 4812 ἐχρονίσατε.Ἦδη
1038 4733 1142 4807 γὰρ
1171 4729 1499 4786 ἀποστέλλει
1537 4733 1564 4785 6
1597 4732 1728 4792 Θεὸς
1761 4729 1841 4808 ἐφ’
1877 4731 2037 4803 ὑμᾶς.

394 4827 450 4880 Ὀ
509 4827 805 4898 πειρασμὸς
864 4824 965 4900 γὰρ
1026 4823 1183 4883 οὗτος
1251 4821 1527 4891 ἐπεσείσθη
1589 4821 1715 4893 ὑμῖν
1780 4820 1884 4874 ἀπὸ
1941 4825 2038 4874 τοῦ

399 4917 634 4982 Σατανᾶ,
685 4911 873 4981 ἐπειδή
927 4910 1034 4967 ἴδεν
1088 4914 1171 4966 ὅτι
1218 4913 1519 4986 ἀμφότεροι
1571 4912 1706 4983 πρὸς
1763 4911 1825 4966 16
1879 4910 2038 4972 τέλος

397 5001 572 5077 ἔχετε,
628 5002 718 5056 καὶ
778 5003 1048 5079 στεφάνων
1102 5001 1334 5076 μέλλετε
1391 5001 1666 5070 ἀξιοῦσθαι
1727 5003 1871 5074 παρὰ
1941 5003 2038 5055 τοῦ

395 5095 635 5167 Χριστοῦ
667 5109 680 5123 ·
733 5090 821 5144 καὶ
871 5091 1030 5153 αὐτός
1083 5088 1170 5145 διά
1223 5094 1340 5161 σοῦ,
1373 5091 1462 5144 καὶ
1513 5090 1574 5144 σὺ
1626 5087 1692 5143 δι’
1726 5089 1910 5146 αὑτοῦ.
1945 5089 2034 5158 Μὴ

395 5179 486 5238 οὗν
516 5179 658 5236 ἄλλο
688 5200 740 5234 τι
774 5182 1095 5257 φρονήσητε.
1131 5181 1230 5236 K011
1263 5179 1434 5234 ἐλθὼν
1466 5180 1493 5233 6
1527 5177 1757 5254 ἅγγελος
1794 5181 1869 5251 μή
1905 5177 2031 5253 εὕρῃ

397 5274 536 5347 ὑμᾶς
563 5269 652 5326 ἐπὶ
681 5269 744 5325 τὸ
775 5267 907 5323 αύτὸ
941 5268 991 5322 ἐν
1032 5273 1110 5340 τῷ
1160 5267 1303 5340 αὐτῷ
1332 5270 1509 5341 τόπῳ,
1540 5268 1630 5322 καὶ
1683 5266 1914 5340 μέλλετε
1943 5269 2032 5322 τὸν

393 5364 650 5442 στέφανον
697 5359 1020 5436 στερεῖσθαι.
1075 5358 1403 5418 Σπεύσαντες
1464 5356 1554 5412 οῦν
1614 5359 1803 5413 θᾶττον
1861 5354 2036 5412 ὥδευ-

393 5473 506 5520 σαν,
538 5452 629 5507 καί
661 5448 835 5519 ἦλθον
870 5447 946 5509 εἷς
973 5447 1071 5516 τὴν
1105 5443 1308 5500 κέλλαν
1341 5447 1544 5501 ἑαυτῶν
1593 5445 1644 5502 έν
1673 5446 1854 5519 τελείᾳ
1903 5446 2032 5520 ἀγά-

391 5560 484 5612 πῃ.
529 5540 626 5593 Καὶ
676 5540 823 5601 ἐντὸς
870 5537 1267 5610 τεσσαράκοντα
1314 5538 1535 5612 ἡμερῶν
1580 5537 1801 5607 τελευτᾷ
1851 5538 1878 5590 ὁ
1931 5557 2032 5609 μα-

390 5627 579 5702 κάριος
627 5625 894 5702 Εὑλόγιος
940 5626 1209 5689 ἀναλύσας
1238 5625 1376 5700 πρὸς
1421 5627 1512 5681 τὸν
1546 5625 1761 5699 Κύριον.
1795 5627 1895 5679 Καὶ
1943 5623 2032 5678 ἐν-

391 5719 482 5784 τὸς
515 5716 700 5774 ἄλλων
731 5723 896 5795 τριῶν
923 5719 1145 5794 ἡμερῶν
1176 5715 1400 5790 τελευτᾷ
1429 5718 1456 5771 ὁ
1488 5717 1548 5771 τὸ
1582 5719 1740 5788 σῶμα
1775 5709 2031 5785 λελωϐη-

2139 5716 2358 5780 Παῦλος
2406 5736 2419 5753 '

2149 3215 2384 3282 σίζοντο,
2417 3212 2696 3267 ἐνέπιπτον
2731 3215 2806 3274 είς
2848 3213 2949 3281 τὴς
3011 3209 3231 3284 λίμνην.
3278 3210 3480 3268 Ἦλθεν
3530 3210 3622 3266 οῦν
3670 3233 3787 3283 μοι,

2147 3304 2301 3382 φησί,
2335 3303 2488 3381 φωνή
2540 3301 2772 3376 λέγουσα
2805 3321 2816 3334 ³
2871 3301 3079 3363 Ταύτας
3124 3301 3185 3366 ἃς
3232 3301 3452 3378 βλέπεις
3497 3303 3789 3376 ὑπεριπτα-

2151 3391 2311 3465 μένας
2342 3398 2442 3460 τῆς
2471 3395 2568 3446 τοῦ
2597 3392 2847 3465 γίγαντος
2876 3392 3122 3467 κεφαλῆς
3169 3393 3259 3446 καὶ
3287 3396 3395 3446 τῶν
3433 3391 3632 3447 τούτου
3679 3412 3794 3467 χει-

2149 3487 2258 3557 ρῶν
2291 3483 2494 3556 ψυχάς,
2537 3481 2690 3535 αυταί
2721 3481 2854 3535 ε’σιν
2886 3482 2940 3535 αἱ
2972 3483 3144 3560 ψυχαὶ
3175 3482 3281 3536 τῶν
3318 3479 3563 3550 δικαίων,
3597 3481 3795 3544 αἳτινες

2150 3572 2413 3639 σώζονται
2450 3569 2549 3624 ὑπὸ
2581 3575 2684 3624 τῶν
2720 3569 2964 3647 ἀγγέλῶν
3003 3571 3078 3632 εἷς
3111 3572 3202 3625 τὸν
3249 3569 3597 3646 παράδεισον.
3632 3573 3696 3626 Αἱ
3737 3568 3796 3625 δὲ

2148 3658 2522 3733 πλησσόμεναι
2557 3659 2658 3713 ὑπὸ
2688 3664 2792 3714 τῶν
2841 3665 2938 3715 τοῦ
2984 3659 3214 3734 μέλανος
3258 3666 3462 3736 χειρῶν
3504 3661 3659 3715 αὗται
3717 3659 3797 3720 εἴς

2148 3751 2241 3805 τὸν
2274 3744 2406 3819 ᾅδην
2443 3751 2952 3822 καταποντίςονται,
2985 3752 3039 3804 αἱ
3093 3752 3438 3823 ὑποσυρεῖσαι
3477 3757 3592 3812 τοῖς
3626 3749 3794 3820 θελή-

2152 3859 2281 3912 μασι
2312 3845 2410 3908 τῆς
2442 3841 2636 3915 σαρκὸς
2664 3841 2753 3894 καὶ
2802 3842 2870 3912 τῇ
2912 3841 3238 3912 μνησικακίᾳ
3272 3839 3793 3910 έξακολουθήσασαι.

2753 3933 3016 3987 ΚΕΦΑΑ.
3052 3935 3185 3989 KH'.

2602 4022 2728 4094 Περὶ
2764 4018 2984 4076 Παύλου
3014 4023 3108 4074 τοῦ
3139 4020 3337 4076 άπλοῦ.

2223 4114 2475 4186 Διηγεῖτο
2535 4107 2592 4164 δὲ
2649 4112 2676 4165 6
2726 4111 2876 4185 ἅγιος
2920 4114 3017 4165 τοῦ
3074 4114 3306 4185 Χριστοῦ
3356 4108 3552 4172 δοῦλος
3601 4110 3792 4186 Ἰέραξ,

2150 4197 2235 4251 καὶ
2300 4197 2519 4269 Κρόνιος
2577 4195 2634 4251 δὲ
2691 4199 2870 4266 οὗτος,
2927 4197 3017 4252 καὶ
3100 4195 3278 4274 ἕτεροι
3370 4199 3618 4260 πλείονες
3683 4204 3791 4253 τῶν

2151 4283 2422 4362 ἀδελφῶν,
2472 4286 2593 4361 περῖ
2655 4288 2726 4342 ὧν
2791 4286 2982 4360 μέλλω
3052 4290 3252 4362 λέγειν,
3296 4287 3378 4343 ὅτι
3447 4288 3659 4350 Παῦλός
3713 4309 3795 4350 τις

2149 4369 2400 4447 ἄγροικος
2485 4376 2750 4451 γεωργὸς,
2833 4377 2948 4430 καθ’
3038 4372 3347 4450 ὑπερϐολήν
3422 4376 3620 4438 ἄκακος
3699 4377 3790 4430 καὶ

2150 4463 2357 4524 ἁπλοῦς
2396 4463 2486 4517 τὸν
2537 4464 2757 4536 τρόπον,
2807 4465 3113 4539 ὡραιοτάτη
3183 4467 3514 4541 συνεζεύχθη
3577 4463 3781 4538 γυναικῖ

2151 4552 2476 4624 κακοτρόπῳ
2531 4553 2628 4621 τὴν
2679 4555 2904 4627 γνώμην
2958 4572 2972 4585 ’
3024 4554 3144 4623 ἥτις
3189 4559 3381 4609 τοῦτον
3455 4552 3770 4607 διελάνθανεν

2152 4642 2537 4715 ἁμαρτάνουσα
2586 4641 2669 4697 ἐπὶ
2735 4645 2998 4715 μήκιστον
3029 4645 3257 4718 χρόνον.
3289 4642 3540 4716 Ἐξελθὼν
3590 4638 3676 4694 οὖν
3724 4637 3776 4709 ἐξ

2151 4729 2321 4804 ἀγροῦ
2361 4729 2626 4809 αἰφνίδιον
2669 4731 2743 4792 εἷς
2765 4732 2854 4786 τὸν
2884 4732 3033 4787 οἷκον
3066 4733 3212 4808 εὗρεν
3246 4732 3440 4793 αὐτοὺς
3462 4731 3790 4806 αὶσχροπρα-

2151 4824 2403 4895 γοῦντας,
2434 4827 2532 4889 τῆς
2564 4821 2820 4890 προνοίας
2861 4820 2938 4885 εἷς
2973 4823 3036 4876 τὸ
3069 4819 3342 4900 συμφέρον
3365 4819 3669 4897 ὁδηγούσης
3699 4821 3790 4873 τὸν

2152 4909 2384 4966 Παῦλον.
2419 4911 2512 4963 Καὶ
2565 4911 2892 4984 θεασάμενος
2939 4910 3140 4982 ταύτην
3191 4911 3324 4983 μετὰ
3373 4915 3468 4965 τοῦ
3527 4909 3793 4979 συνήθους

2149 4999 2310 5072 αὐτῇ,
2385 4997 2618 5074 γελάσας
2691 5001 2908 5074 σεμνὸν,
2967 5000 3227 5075 ἐπιφωνεῖ
3299 4999 3504 5069 αὐτοῖς,
3592 4997 3794 5074 λέγων,

2149 5085 2367 5156 Καλῶς,
2397 5086 2582 5151 καλῶς
2625 5109 2636 5121 ·
2672 5090 2894 5160 ἀληθῶς
2925 5094 2989 5145 οὐ
3027 5089 3177 5164 μέλει
3232 5112 3349 5163 μοι.
3400 5091 3490 5146 Μὰ
3536 5089 3626 5143 τὸν
3674 5091 3797 5157 Ἰη-

2147 5182 2295 5240 σοῦν,
2330 5175 2434 5253 ἐγὼ
2474 5177 2641 5246 αὐτὴν
2695 5178 2872 5234 οὑκέτι
2922 5178 3080 5254 αἴρω.
3139 5182 3366 5254 Ὕπαγε,
3409 5173 3556 5254 ἔχεις
3624 5177 3796 5245 αὐτην

2144 5268 2328 5322 καὶτὰ
2366 5265 2555 5322 παιδία
2605 5267 2769 5338 αὐτῆς
2804 5285 2817 5300 ⁸
2879 5266 2984 5345 έγὼ
3032 5271 3134 5344 γὰρ
3189 5270 3398 5345 ὑπάγω,
3429 5267 3521 5324 καὶ
3569 5267 3800 5343 γίνομαι

2147 5359 2412 5432 μοναχὸς.
2459 5356 2558 5412 Καὶ
2613 5355 2806 5430 μηδενὶ
2858 5356 3028 5432 μηδὲν
3085 5358 3321 5435 εἰρηκὼς
3371 5358 3657 5433 ἀνατρέχει
3697 5357 3803 5419 τάς

2145 5446 2288 5502 ὀκτὼ
2349 5449 2534 5520 μονὰς,
2596 5447 2681 5502 καὶ
2774 5447 3070 5523 ἀπέρχεται
3146 5450 3280 5522 πρὸς
3354 5449 3444 5503 τὸν
3527 5448 3800 5520 μακάριον

2143 5537 2450 5606 Ἀντώνιον,
2481 5537 2571 5591 καὶ
2601 5537 2781 5613 κρούει
2811 5540 2911 5608 τήν
2941 5537 3123 5613 θύραν.
3150 5536 3411 5607 Ἐξελθὼν
3442 5538 3533 5592 οὗν
3567 5539 3595 5591 6
3622 5538 3807 5610 μακά-

2147 5646 2259 5702 ριος
2292 5628 2581 5689 Ἀντώνιος
2615 5626 2790 5702 ἐρωτᾷ
2819 5627 2979 5684 αὐτόν
3015 5647 3027 5661 °
3051 5630 3112 5683 Τί
3142 5627 3317 5691 θέλεις
3353 5645 3368 5698 ;
3401 5625 3562 5703 Λέγει
3592 5626 3743 5698 αὖτῷ
3767 5628 3799 5682 6

2484 5718 2738 5793 Μοναχὸς
2819 5715 2960 5774 θέλω
3054 5717 3314 5794 γενέσθαι.
3403 5716 3802 5792 Ἀποκρίνεται
