  <div class='ocr_page' id='page_1' title='image "/cluster/home/n/w/nwhite01/storage/ocr_20150623/34/mdp.39015041165401/606.png"; bbox 0 0 4076 6280; ppageno 0'>
   <div class='ocr_carea' id='block_1_1' title="bbox 346 281 500 339">
    <p class='ocr_par' dir='ltr' id='par_1_1' title="bbox 346 281 500 339">
     <span class='ocr_line' id='line_1_1' title="bbox 346 281 500 339; baseline -0.006 0"><span class='ocrx_word' id='word_1_1' title='bbox 346 281 460 339; x_wconf 86' lang='grc'><strong>107</strong></span> <span class='ocrx_word' id='word_1_2' title='bbox 465 282 500 338; x_wconf 88' lang='grc'><strong>’1</strong></span> 
     </span>
    </p>
   </div>
   <div class='ocr_carea' id='block_1_2' title="bbox 1690 284 2509 348">
    <p class='ocr_par' dir='ltr' id='par_1_2' title="bbox 1690 284 2509 348">
     <span class='ocr_line' id='line_1_2' title="bbox 1690 284 2509 348; baseline -0.002 -3"><span class='ocrx_word' id='word_1_3' title='bbox 1690 287 2064 347; x_wconf 82' lang='lat' dir='ltr'><strong>HISTORIA</strong></span> <span class='ocrx_word' id='word_1_4' title='bbox 2103 284 2509 348; x_wconf 85' lang='lat' dir='ltr'><strong>LAUSIACA.</strong></span> 
     </span>
    </p>
   </div>
   <div class='ocr_carea' id='block_1_3' title="bbox 3697 272 3851 334">
    <p class='ocr_par' dir='ltr' id='par_1_3' title="bbox 3697 272 3851 334">
     <span class='ocr_line' id='line_1_3' title="bbox 3697 272 3851 334; baseline -0.026 0"><span class='ocrx_word' id='word_1_5' title='bbox 3697 272 3851 334; x_wconf 74' lang='lat'><strong>1078</strong></span> 
     </span>
    </p>
   </div>
   <div class='ocr_carea' id='block_1_4' title="bbox 340 410 3848 494">
    <p class='ocr_par' dir='ltr' id='par_1_4' title="bbox 340 410 3848 494">
     <span class='ocr_line' id='line_1_4' title="bbox 340 410 3848 494; baseline -0.001 -26"><span class='ocrx_word' id='word_1_6' title='bbox 340 427 468 483; x_wconf 70' lang='lat' dir='ltr'><strong>quae</strong></span> <span class='ocrx_word' id='word_1_7' title='bbox 500 413 795 483; x_wconf 80' lang='lat' dir='ltr'><strong>pertinent</strong></span> <span class='ocrx_word' id='word_1_8' title='bbox 823 414 892 467; x_wconf 88' lang='lat' dir='ltr'><strong>ad</strong></span> <span class='ocrx_word' id='word_1_9' title='bbox 925 413 1197 469; x_wconf 88' lang='lat' dir='ltr'><strong>salutem.</strong></span> <span class='ocrx_word' id='word_1_10' title='bbox 1238 416 1456 471; x_wconf 83' lang='lat' dir='ltr'><strong>Sedens</strong></span> <span class='ocrx_word' id='word_1_11' title='bbox 1495 432 1628 486; x_wconf 86' lang='lat' dir='ltr'><strong>ergo</strong></span> <span class='ocrx_word' id='word_1_12' title='bbox 1668 418 1765 475; x_wconf 91' lang='lat' dir='ltr'><strong>illo</strong></span> <span class='ocrx_word' id='word_1_13' title='bbox 1807 437 2041 492; x_wconf 89' lang='lat' dir='ltr'><strong>vespere</strong></span> <span class='ocrx_word' id='word_1_14' title='bbox 2072 422 2124 489; x_wconf 77' lang='grc' dir='ltr'><strong>Α</strong></span> <span class='ocrx_word' id='word_1_15' title='bbox 2156 437 2386 494; x_wconf 90' lang='lat' dir='ltr'><strong>quoque</strong></span> <span class='ocrx_word' id='word_1_16' title='bbox 2416 420 2471 474; x_wconf 91' lang='lat' dir='ltr'><strong>in</strong></span> <span class='ocrx_word' id='word_1_17' title='bbox 2508 433 2715 473; x_wconf 89' lang='lat' dir='ltr'><strong>manus</strong></span> <span class='ocrx_word' id='word_1_18' title='bbox 2760 415 2859 470; x_wconf 93' lang='lat' dir='ltr'><strong>Dei</strong></span> <span class='ocrx_word' id='word_1_19' title='bbox 2891 429 3063 470; x_wconf 89' lang='lat' dir='ltr'><strong>suum</strong></span> <span class='ocrx_word' id='word_1_20' title='bbox 3096 412 3525 469; x_wconf 82' lang='lat' dir='ltr'><strong>commendavit</strong></span> <span class='ocrx_word' id='word_1_21' title='bbox 3555 410 3848 481; x_wconf 87' lang='lat' dir='ltr'><strong>spiritum.</strong></span> 
     </span>
    </p>
   </div>
   <div class='ocr_carea' id='block_1_5' title="bbox 339 502 2040 576">
    <p class='ocr_par' dir='ltr' id='par_1_5' title="bbox 339 502 2040 576">
     <span class='ocr_line' id='line_1_5' title="bbox 339 502 2040 576; baseline 0.005 -19"><span class='ocrx_word' id='word_1_22' title='bbox 339 518 544 558; x_wconf 90' lang='lat' dir='ltr'><strong>omnes</strong></span> <span class='ocrx_word' id='word_1_23' title='bbox 576 502 819 558; x_wconf 81' lang='lat' dir='ltr'><strong>accersit</strong></span> <span class='ocrx_word' id='word_1_24' title='bbox 867 519 1136 575; x_wconf 89' lang='lat' dir='ltr'><strong>magnus.</strong></span> <span class='ocrx_word' id='word_1_25' title='bbox 1186 504 1447 576; x_wconf 85' lang='lat' dir='ltr'>Cumque</span> <span class='ocrx_word' id='word_1_26' title='bbox 1476 506 1675 564; x_wconf 91' lang='lat' dir='ltr'><strong>nullus</strong></span> <span class='ocrx_word' id='word_1_27' title='bbox 1721 510 1770 564; x_wconf 90' lang='lat' dir='ltr'><strong>ei</strong></span> <span class='ocrx_word' id='word_1_28' title='bbox 1800 510 2040 566; x_wconf 80' lang='lat' dir='ltr'><strong>dixisset</strong></span> 
     </span>
    </p>
   </div>
   <div class='ocr_carea' id='block_1_6' title="bbox 339 592 2040 664">
    <p class='ocr_par' dir='ltr' id='par_1_6' title="bbox 339 592 2040 664">
     <span class='ocr_line' id='line_1_6' title="bbox 339 592 2040 664; baseline 0.006 -17"><span class='ocrx_word' id='word_1_29' title='bbox 339 594 492 664; x_wconf 90' lang='lat' dir='ltr'><strong>quod</strong></span> <span class='ocrx_word' id='word_1_30' title='bbox 533 609 745 648; x_wconf 86' lang='lat' dir='ltr'><strong>nomen</strong></span> <span class='ocrx_word' id='word_1_31' title='bbox 778 593 1015 648; x_wconf 81' lang='lat' dir='ltr'><strong>haberet</strong></span> <span class='ocrx_word' id='word_1_32' title='bbox 1064 592 1470 662; x_wconf 88' lang='lat' dir='ltr'><strong>scholasticus,</strong></span> <span class='ocrx_word' id='word_1_33' title='bbox 1521 614 1654 654; x_wconf 87' lang='lat' dir='ltr'><strong>cum</strong></span> <span class='ocrx_word' id='word_1_34' title='bbox 1696 616 1860 656; x_wconf 88' lang='lat' dir='ltr'><strong>serus</strong></span> <span class='ocrx_word' id='word_1_35' title='bbox 1891 607 2040 657; x_wconf 80' lang='lat' dir='ltr'><strong>esset</strong></span> 
     </span>
    </p>
   </div>
   <div class='ocr_carea' id='block_1_7' title="bbox 337 682 2040 760">
    <p class='ocr_par' dir='ltr' id='par_1_7' title="bbox 337 682 2040 760">
     <span class='ocr_line' id='line_1_7' title="bbox 337 682 2040 760; baseline 0.006 -27"><span class='ocrx_word' id='word_1_36' title='bbox 337 695 561 751; x_wconf 83' lang='lat' dir='ltr'><strong>vesper,</strong></span> <span class='ocrx_word' id='word_1_37' title='bbox 595 686 763 737; x_wconf 89' lang='lat' dir='ltr'><strong>vocat</strong></span> <span class='ocrx_word' id='word_1_38' title='bbox 793 698 923 736; x_wconf 89' lang='lat' dir='ltr'><strong>eum</strong></span> <span class='ocrx_word' id='word_1_39' title='bbox 948 682 1147 737; x_wconf 91' lang='lat' dir='ltr'><strong>dicens</strong></span> <span class='ocrx_word' id='word_1_40' title='bbox 1172 700 1184 738; x_wconf 91' lang='lat'><strong>:</strong></span> <span class='ocrx_word' id='word_1_41' title='bbox 1211 683 1434 756; x_wconf 89' lang='lat' dir='ltr'><strong>Eulogi,</strong></span> <span class='ocrx_word' id='word_1_42' title='bbox 1467 686 1690 758; x_wconf 90' lang='lat' dir='ltr'><strong>Eutogi,</strong></span> <span class='ocrx_word' id='word_1_43' title='bbox 1713 687 1915 760; x_wconf 87' lang='lat' dir='ltr'><strong>Eulogi</strong></span> <span class='ocrx_word' id='word_1_44' title='bbox 1946 694 2040 759; x_wconf 89' lang='lat' dir='ltr'><strong>;et</strong></span> 
     </span>
    </p>
   </div>
   <div class='ocr_carea' id='block_1_8' title="bbox 337 771 2037 848">
    <p class='ocr_par' dir='ltr' id='par_1_8' title="bbox 337 771 2037 848">
     <span class='ocr_line' id='line_1_8' title="bbox 337 771 2037 848; baseline 0.006 -23"><span class='ocrx_word' id='word_1_45' title='bbox 337 785 468 825; x_wconf 90' lang='lat' dir='ltr'><strong>cum</strong></span> <span class='ocrx_word' id='word_1_46' title='bbox 503 774 591 825; x_wconf 90' lang='lat' dir='ltr'><strong>ter</strong></span> <span class='ocrx_word' id='word_1_47' title='bbox 622 771 1062 841; x_wconf 82' lang='lat' dir='ltr'><strong>proclamasset,</strong></span> <span class='ocrx_word' id='word_1_48' title='bbox 1096 776 1153 826; x_wconf 90' lang='lat' dir='ltr'><strong>et</strong></span> <span class='ocrx_word' id='word_1_49' title='bbox 1193 773 1582 832; x_wconf 85' lang='lat' dir='ltr'><strong>scholasticus</strong></span> <span class='ocrx_word' id='word_1_50' title='bbox 1613 776 1890 848; x_wconf 91' lang='lat' dir='ltr'><strong>Eulogius</strong></span> <span class='ocrx_word' id='word_1_51' title='bbox 1922 796 2037 835; x_wconf 88' lang='lat' dir='ltr'><strong>non</strong></span> 
     </span>
    </p>
   </div>
   <div class='ocr_carea' id='block_1_9' title="bbox 336 860 2038 932">
    <p class='ocr_par' dir='ltr' id='par_1_9' title="bbox 336 860 2038 932">
     <span class='ocr_line' id='line_1_9' title="bbox 336 860 2038 932; baseline 0.006 -20"><span class='ocrx_word' id='word_1_52' title='bbox 336 860 749 928; x_wconf 88' lang='lat' dir='ltr'><strong>respondisset,</strong></span> <span class='ocrx_word' id='word_1_53' title='bbox 784 865 996 931; x_wconf 90' lang='lat' dir='ltr'><strong>putans</strong></span> <span class='ocrx_word' id='word_1_54' title='bbox 1036 863 1291 932; x_wconf 84' lang='lat' dir='ltr'><strong>aliquem</strong></span> <span class='ocrx_word' id='word_1_55' title='bbox 1342 864 1521 919; x_wconf 90' lang='lat' dir='ltr'><strong>alium</strong></span> <span class='ocrx_word' id='word_1_56' title='bbox 1565 867 1755 921; x_wconf 91' lang='lat' dir='ltr'><strong>vocari</strong></span> <span class='ocrx_word' id='word_1_57' title='bbox 1789 867 1895 922; x_wconf 91' lang='lat' dir='ltr'><strong>hoc</strong></span> <span class='ocrx_word' id='word_1_58' title='bbox 1927 884 2038 923; x_wconf 94' lang='lat' dir='ltr'><strong>no-</strong></span> 
     </span>
    </p>
   </div>
   <div class='ocr_carea' id='block_1_10' title="bbox 336 947 2035 1027">
    <p class='ocr_par' dir='ltr' id='par_1_10' title="bbox 336 947 2035 1027">
     <span class='ocr_line' id='line_1_10' title="bbox 336 947 2035 1027; baseline 0.005 -24"><span class='ocrx_word' id='word_1_59' title='bbox 336 947 513 1015; x_wconf 89' lang='lat' dir='ltr'><strong>mine,</strong></span> <span class='ocrx_word' id='word_1_60' title='bbox 547 949 689 1004; x_wconf 91' lang='lat' dir='ltr'><strong>dicit</strong></span> <span class='ocrx_word' id='word_1_61' title='bbox 709 949 759 1004; x_wconf 92' lang='lat' dir='ltr'><strong>ei</strong></span> <span class='ocrx_word' id='word_1_62' title='bbox 793 966 1039 1021; x_wconf 88' lang='lat' dir='ltr'><strong>magnus</strong></span> <span class='ocrx_word' id='word_1_63' title='bbox 1063 969 1077 1006; x_wconf 84' lang='lat'><strong>;</strong></span> <span class='ocrx_word' id='word_1_64' title='bbox 1103 952 1227 1006; x_wconf 84' lang='lat' dir='ltr'><strong>Tibi</strong></span> <span class='ocrx_word' id='word_1_65' title='bbox 1260 953 1411 1019; x_wconf 85' lang='lat' dir='ltr'><strong>dico,</strong></span> <span class='ocrx_word' id='word_1_66' title='bbox 1443 954 1668 1027; x_wconf 90' lang='lat' dir='ltr'><strong>Eulogi,</strong></span> <span class='ocrx_word' id='word_1_67' title='bbox 1703 959 1803 1027; x_wconf 87' lang='lat' dir='ltr'><strong>qui</strong></span> <span class='ocrx_word' id='word_1_68' title='bbox 1828 956 2035 1012; x_wconf 90' lang='lat' dir='ltr'><strong>venisti</strong></span> 
     </span>
    </p>
   </div>
   <div class='ocr_carea' id='block_1_11' title="bbox 332 1035 2032 1119">
    <p class='ocr_par' dir='ltr' id='par_1_11' title="bbox 332 1035 2032 1119">
     <span class='ocr_line' id='line_1_11' title="bbox 332 1035 2032 1119; baseline 0.007 -28"><span class='ocrx_word' id='word_1_69' title='bbox 332 1035 403 1092; x_wconf 90' lang='lat' dir='ltr'><strong>ab</strong></span> <span class='ocrx_word' id='word_1_70' title='bbox 428 1038 796 1095; x_wconf 83' lang='lat' dir='ltr'><strong>Alexandria.</strong></span> <span class='ocrx_word' id='word_1_71' title='bbox 828 1040 989 1096; x_wconf 90' lang='lat' dir='ltr'><strong>Tunc</strong></span> <span class='ocrx_word' id='word_1_72' title='bbox 1019 1043 1068 1097; x_wconf 92' lang='lat' dir='ltr'><strong>ei</strong></span> <span class='ocrx_word' id='word_1_73' title='bbox 1100 1043 1243 1098; x_wconf 89' lang='lat' dir='ltr'><strong>dicit</strong></span> <span class='ocrx_word' id='word_1_74' title='bbox 1281 1044 1561 1117; x_wconf 84' lang='lat' dir='ltr'><strong>Eulogius</strong></span> <span class='ocrx_word' id='word_1_75' title='bbox 1607 1063 1621 1103; x_wconf 92' lang='lat'>:</span> <span class='ocrx_word' id='word_1_76' title='bbox 1655 1047 1801 1111; x_wconf 89' lang='lat' dir='ltr'><strong>Quid</strong></span> <span class='ocrx_word' id='word_1_77' title='bbox 1836 1048 2032 1119; x_wconf 91' lang='lat' dir='ltr'><strong>jubes,</strong></span> 
     </span>
    </p>
   </div>
   <div class='ocr_carea' id='block_1_12' title="bbox 330 1127 2032 1208">
    <p class='ocr_par' dir='ltr' id='par_1_12' title="bbox 330 1127 2032 1208">
     <span class='ocr_line' id='line_1_12' title="bbox 330 1127 2032 1208; baseline 0.008 -27"><span class='ocrx_word' id='word_1_78' title='bbox 330 1142 526 1197; x_wconf 66' lang='lat' dir='ltr'><strong>quasso</strong></span> <span class='ocrx_word' id='word_1_79' title='bbox 550 1127 578 1181; x_wconf 87' lang='lat'><strong>?</strong></span> <span class='ocrx_word' id='word_1_80' title='bbox 609 1128 756 1184; x_wconf 88' lang='lat' dir='ltr'><strong>Dicit</strong></span> <span class='ocrx_word' id='word_1_81' title='bbox 781 1129 831 1184; x_wconf 86' lang='lat' dir='ltr'><strong>ei</strong></span> <span class='ocrx_word' id='word_1_82' title='bbox 855 1146 1103 1202; x_wconf 89' lang='lat' dir='ltr'><strong>magnus</strong></span> <span class='ocrx_word' id='word_1_83' title='bbox 1129 1147 1141 1185; x_wconf 90' lang='lat'>:</span> <span class='ocrx_word' id='word_1_84' title='bbox 1168 1135 1314 1199; x_wconf 89' lang='lat' dir='ltr'><strong>Quid</strong></span> <span class='ocrx_word' id='word_1_85' title='bbox 1346 1134 1456 1189; x_wconf 89' lang='lat' dir='ltr'><strong>huc</strong></span> <span class='ocrx_word' id='word_1_86' title='bbox 1487 1136 1738 1192; x_wconf 83' lang='lat' dir='ltr'><strong>venisti?</strong></span> <span class='ocrx_word' id='word_1_87' title='bbox 1770 1137 2032 1208; x_wconf 79' lang='lat' dir='ltr'><strong>Respon-</strong></span> 
     </span>
    </p>
   </div>
   <div class='ocr_carea' id='block_1_13' title="bbox 329 1216 2031 1289">
    <p class='ocr_par' dir='ltr' id='par_1_13' title="bbox 329 1216 2031 1289">
     <span class='ocr_line' id='line_1_13' title="bbox 329 1216 2031 1289; baseline 0.008 -19"><span class='ocrx_word' id='word_1_88' title='bbox 329 1216 414 1271; x_wconf 90' lang='lat' dir='ltr'><strong>dit</strong></span> <span class='ocrx_word' id='word_1_89' title='bbox 461 1217 511 1271; x_wconf 92' lang='lat' dir='ltr'><strong>ei</strong></span> <span class='ocrx_word' id='word_1_90' title='bbox 556 1217 843 1289; x_wconf 86' lang='lat' dir='ltr'><strong>Eulogius,</strong></span> <span class='ocrx_word' id='word_1_91' title='bbox 893 1219 1093 1276; x_wconf 89' lang='lat' dir='ltr'><strong>dicens</strong></span> <span class='ocrx_word' id='word_1_92' title='bbox 1136 1239 1149 1278; x_wconf 90' lang='lat'>:</span> <span class='ocrx_word' id='word_1_93' title='bbox 1205 1223 1312 1287; x_wconf 88' lang='lat' dir='ltr'><strong>Qui</strong></span> <span class='ocrx_word' id='word_1_94' title='bbox 1362 1224 1467 1279; x_wconf 91' lang='lat' dir='ltr'><strong>tibi</strong></span> <span class='ocrx_word' id='word_1_95' title='bbox 1511 1226 1781 1281; x_wconf 87' lang='lat' dir='ltr'><strong>revelavit</strong></span> <span class='ocrx_word' id='word_1_96' title='bbox 1821 1244 2031 1283; x_wconf 88' lang='lat' dir='ltr'><strong>nomen</strong></span> 
     </span>
    </p>
   </div>
   <div class='ocr_carea' id='block_1_14' title="bbox 329 1313 2027 1381">
    <p class='ocr_par' dir='ltr' id='par_1_14' title="bbox 329 1313 2027 1381">
     <span class='ocr_line' id='line_1_14' title="bbox 329 1313 2027 1381; baseline 0.008 -25"><span class='ocrx_word' id='word_1_97' title='bbox 329 1317 546 1370; x_wconf 88' lang='lat' dir='ltr'><strong>meum,</strong></span> <span class='ocrx_word' id='word_1_98' title='bbox 589 1320 707 1360; x_wconf 88' lang='lat' dir='ltr'><strong>rem</strong></span> <span class='ocrx_word' id='word_1_99' title='bbox 754 1322 986 1377; x_wconf 88' lang='lat' dir='ltr'><strong>quoque</strong></span> <span class='ocrx_word' id='word_1_100' title='bbox 1037 1314 1271 1379; x_wconf 86' lang='lat' dir='ltr'><strong>propter</strong></span> <span class='ocrx_word' id='word_1_101' title='bbox 1322 1328 1499 1381; x_wconf 90' lang='lat' dir='ltr'><strong>quam</strong></span> <span class='ocrx_word' id='word_1_102' title='bbox 1549 1313 1678 1368; x_wconf 90' lang='lat' dir='ltr'><strong>veni</strong></span> <span class='ocrx_word' id='word_1_103' title='bbox 1731 1314 2027 1369; x_wconf 84' lang='lat' dir='ltr'><strong>revelavit.</strong></span> 
     </span>
    </p>
   </div>
   <div class='ocr_carea' id='block_1_15' title="bbox 327 1390 2027 1472">
    <p class='ocr_par' dir='ltr' id='par_1_15' title="bbox 327 1390 2027 1472">
     <span class='ocr_line' id='line_1_15' title="bbox 327 1390 2027 1472; baseline 0.006 -26"><span class='ocrx_word' id='word_1_104' title='bbox 327 1390 477 1448; x_wconf 90' lang='lat' dir='ltr'><strong>Dicit</strong></span> <span class='ocrx_word' id='word_1_105' title='bbox 506 1394 559 1449; x_wconf 92' lang='lat' dir='ltr'><strong>ei</strong></span> <span class='ocrx_word' id='word_1_106' title='bbox 589 1399 821 1450; x_wconf 85' lang='lat' dir='ltr'><strong>sanctus</strong></span> <span class='ocrx_word' id='word_1_107' title='bbox 851 1398 1136 1453; x_wconf 86' lang='lat' dir='ltr'><strong>Antonius</strong></span> <span class='ocrx_word' id='word_1_108' title='bbox 1171 1415 1184 1454; x_wconf 93' lang='lat'>:</span> <span class='ocrx_word' id='word_1_109' title='bbox 1219 1400 1403 1456; x_wconf 89' lang='lat' dir='ltr'><strong>Didici</strong></span> <span class='ocrx_word' id='word_1_110' title='bbox 1436 1419 1614 1472; x_wconf 90' lang='lat' dir='ltr'><strong>quare</strong></span> <span class='ocrx_word' id='word_1_111' title='bbox 1645 1403 1853 1458; x_wconf 88' lang='lat' dir='ltr'><strong>venisti</strong></span> <span class='ocrx_word' id='word_1_112' title='bbox 1879 1421 1892 1471; x_wconf 87' lang='lat'><strong>;</strong></span> <span class='ocrx_word' id='word_1_113' title='bbox 1927 1404 2027 1459; x_wconf 91' lang='lat' dir='ltr'><strong>sed</strong></span> 
     </span>
    </p>
   </div>
   <div class='ocr_carea' id='block_1_16' title="bbox 328 1481 2030 1563">
    <p class='ocr_par' dir='ltr' id='par_1_16' title="bbox 328 1481 2030 1563">
     <span class='ocr_line' id='line_1_16' title="bbox 328 1481 2030 1563; baseline 0.009 -29"><span class='ocrx_word' id='word_1_114' title='bbox 328 1481 420 1536; x_wconf 91' lang='lat' dir='ltr'><strong>dic</strong></span> <span class='ocrx_word' id='word_1_115' title='bbox 450 1498 645 1539; x_wconf 89' lang='lat' dir='ltr'><strong>coram</strong></span> <span class='ocrx_word' id='word_1_116' title='bbox 699 1484 998 1554; x_wconf 85' lang='lat' dir='ltr'><strong>fratribus,</strong></span> <span class='ocrx_word' id='word_1_117' title='bbox 1032 1492 1094 1543; x_wconf 89' lang='lat' dir='ltr'><strong>ut</strong></span> <span class='ocrx_word' id='word_1_118' title='bbox 1142 1489 1253 1559; x_wconf 85' lang='lat' dir='ltr'><strong>ipsi</strong></span> <span class='ocrx_word' id='word_1_119' title='bbox 1298 1508 1527 1563; x_wconf 91' lang='lat' dir='ltr'><strong>quoque</strong></span> <span class='ocrx_word' id='word_1_120' title='bbox 1574 1494 1837 1549; x_wconf 87' lang='lat' dir='ltr'><strong>audiant.</strong></span> <span class='ocrx_word' id='word_1_121' title='bbox 1888 1494 2030 1549; x_wconf 85' lang='lat' dir='ltr'><strong>Jus-</strong></span> 
     </span>
    </p>
   </div>
   <div class='ocr_carea' id='block_1_17' title="bbox 329 1578 2030 1714">
    <p class='ocr_par' dir='ltr' id='par_1_17' title="bbox 329 1578 2030 1714">
     <span class='ocr_line' id='line_1_17' title="bbox 329 1578 2030 1714; baseline 0.009 -89"><span class='ocrx_word' id='word_1_122' title='bbox 329 1586 431 1714; x_wconf 63' lang='lat' dir='ltr'><strong>su;</strong></span> <span class='ocrx_word' id='word_1_123' title='bbox 488 1578 684 1629; x_wconf 90' lang='lat' dir='ltr'><strong>autem</strong></span> <span class='ocrx_word' id='word_1_124' title='bbox 742 1592 775 1630; x_wconf 92' lang='lat' dir='ltr'><strong>a</strong></span> <span class='ocrx_word' id='word_1_125' title='bbox 824 1591 1037 1648; x_wconf 88' lang='lat' dir='ltr'><strong>magno</strong></span> <span class='ocrx_word' id='word_1_126' title='bbox 1097 1578 1395 1653; x_wconf 79' lang='lat' dir='ltr'><strong>Eulogius,</strong></span> <span class='ocrx_word' id='word_1_127' title='bbox 1448 1582 1593 1638; x_wconf 82' lang='lat' dir='ltr'><strong>dixit</strong></span> <span class='ocrx_word' id='word_1_128' title='bbox 1650 1600 1846 1640; x_wconf 87' lang='lat' dir='ltr'><strong>coram</strong></span> <span class='ocrx_word' id='word_1_129' title='bbox 1895 1600 2030 1640; x_wconf 91' lang='lat' dir='ltr'><strong>om-</strong></span> 
     </span>
     <span class='ocr_line' id='line_1_18' title="bbox 329 1675 541 1714; baseline 0.005 -1"><span class='ocrx_word' id='word_1_130' title='bbox 329 1675 386 1713; x_wconf 81' lang='lat' dir='ltr'><strong>ni</strong></span> <span class='ocrx_word' id='word_1_131' title='bbox 434 1677 541 1714; x_wconf 87' lang='lat' dir='ltr'><strong>us:</strong></span> 
     </span>
    </p>
   </div>
   <div class='ocr_carea' id='block_1_18' title="bbox 329 1675 541 1718">
    <p class='ocr_par' dir='ltr' id='par_1_18' title="bbox 329 1675 541 1718">
     <span class='ocr_line' id='line_1_19' title="bbox 329 1675 541 1718; baseline 0.024 -5"><span class='ocrx_word' id='word_1_132' title='bbox 329 1675 502 1716; x_wconf 74' lang='grc' dir='ltr'><strong>ηιῡιιε</strong></span> <span class='ocrx_word' id='word_1_133' title='bbox 527 1678 541 1718; x_wconf 72' lang='grc' dir='ltr'><em>τ</em></span> 
     </span>
    </p>
   </div>
   <div class='ocr_carea' id='block_1_19' title="bbox 397 1794 2035 1879">
    <p class='ocr_par' dir='ltr' id='par_1_19' title="bbox 397 1794 2035 1879">
     <span class='ocr_line' id='line_1_20' title="bbox 397 1794 2035 1879; baseline 0.01 -30"><span class='ocrx_word' id='word_1_134' title='bbox 397 1794 564 1850; x_wconf 85' lang='lat' dir='ltr'><strong>Hunc</strong></span> <span class='ocrx_word' id='word_1_135' title='bbox 596 1798 932 1855; x_wconf 79' lang='lat' dir='ltr'><strong>mutilatum</strong></span> <span class='ocrx_word' id='word_1_136' title='bbox 977 1801 1169 1859; x_wconf 90' lang='lat' dir='ltr'><strong>inveni</strong></span> <span class='ocrx_word' id='word_1_137' title='bbox 1222 1821 1326 1877; x_wconf 90' lang='lat' dir='ltr'><strong>ego</strong></span> <span class='ocrx_word' id='word_1_138' title='bbox 1378 1805 1438 1861; x_wconf 89' lang='lat' dir='ltr'><strong>in</strong></span> <span class='ocrx_word' id='word_1_139' title='bbox 1475 1806 1594 1862; x_wconf 83' lang='lat' dir='ltr'><strong>foro</strong></span> <span class='ocrx_word' id='word_1_140' title='bbox 1626 1810 1944 1879; x_wconf 88' lang='lat' dir='ltr'><strong>projectum</strong></span> <span class='ocrx_word' id='word_1_141' title='bbox 1979 1812 2035 1865; x_wconf 87' lang='lat' dir='ltr'><strong>et</strong></span> 
     </span>
    </p>
   </div>
   <div class='ocr_carea' id='block_1_20' title="bbox 324 1883 2033 1965">
    <p class='ocr_par' dir='ltr' id='par_1_20' title="bbox 324 1883 2033 1965">
     <span class='ocr_line' id='line_1_21' title="bbox 324 1883 2033 1965; baseline 0.01 -28"><span class='ocrx_word' id='word_1_142' title='bbox 324 1883 611 1955; x_wconf 87' lang='lat' dir='ltr'><strong>neglectni</strong></span> <span class='ocrx_word' id='word_1_143' title='bbox 642 1887 928 1945; x_wconf 88' lang='lat' dir='ltr'><strong>habitum.</strong></span> <span class='ocrx_word' id='word_1_144' title='bbox 966 1892 1101 1962; x_wconf 85' lang='lat' dir='ltr'><strong>Ejus</strong></span> <span class='ocrx_word' id='word_1_145' title='bbox 1134 1898 1328 1949; x_wconf 89' lang='lat' dir='ltr'><strong>autem</strong></span> <span class='ocrx_word' id='word_1_146' title='bbox 1361 1896 1657 1965; x_wconf 87' lang='lat' dir='ltr'><strong>misertus,</strong></span> <span class='ocrx_word' id='word_1_147' title='bbox 1689 1898 1870 1953; x_wconf 92' lang='lat' dir='ltr'><strong>Deum</strong></span> <span class='ocrx_word' id='word_1_148' title='bbox 1904 1915 2033 1954; x_wconf 91' lang='lat' dir='ltr'><strong>sum</strong></span> 
     </span>
    </p>
   </div>
   <div class='ocr_carea' id='block_1_21' title="bbox 327 1977 2033 2058">
    <p class='ocr_par' dir='ltr' id='par_1_21' title="bbox 327 1977 2033 2058">
     <span class='ocr_line' id='line_1_22' title="bbox 327 1977 2033 2058; baseline 0.01 -33"><span class='ocrx_word' id='word_1_149' title='bbox 327 1978 591 2043; x_wconf 91' lang='lat' dir='ltr'><strong>precatus</strong></span> <span class='ocrx_word' id='word_1_150' title='bbox 623 1982 687 2031; x_wconf 90' lang='lat' dir='ltr'><strong>ut</strong></span> <span class='ocrx_word' id='word_1_151' title='bbox 718 1977 882 2033; x_wconf 91' lang='lat' dir='ltr'><strong>daret</strong></span> <span class='ocrx_word' id='word_1_152' title='bbox 914 1980 1053 2035; x_wconf 85' lang='lat' dir='ltr'><strong>mihi</strong></span> <span class='ocrx_word' id='word_1_153' title='bbox 1096 1983 1341 2053; x_wconf 83' lang='lat' dir='ltr'><strong>gratiam</strong></span> <span class='ocrx_word' id='word_1_154' title='bbox 1372 1985 1431 2039; x_wconf 90' lang='lat' dir='ltr'><strong>in</strong></span> <span class='ocrx_word' id='word_1_155' title='bbox 1466 1986 1660 2055; x_wconf 90' lang='lat' dir='ltr'><strong>ipsum</strong></span> <span class='ocrx_word' id='word_1_156' title='bbox 1694 1987 2033 2058; x_wconf 82' lang='lat' dir='ltr'><strong>tolerantiae,</strong></span> 
     </span>
    </p>
   </div>
   <div class='ocr_carea' id='block_1_22' title="bbox 329 2062 2031 2148">
    <p class='ocr_par' dir='ltr' id='par_1_22' title="bbox 329 2062 2031 2148">
     <span class='ocr_line' id='line_1_23' title="bbox 329 2062 2031 2148; baseline 0.011 -33"><span class='ocrx_word' id='word_1_157' title='bbox 329 2066 385 2116; x_wconf 91' lang='lat' dir='ltr'><strong>et</strong></span> <span class='ocrx_word' id='word_1_158' title='bbox 414 2062 579 2118; x_wconf 91' lang='lat' dir='ltr'><strong>illum</strong></span> <span class='ocrx_word' id='word_1_159' title='bbox 612 2068 927 2137; x_wconf 87' lang='lat' dir='ltr'><strong>assumpsi.</strong></span> <span class='ocrx_word' id='word_1_160' title='bbox 966 2071 1263 2127; x_wconf 90' lang='lat' dir='ltr'><strong>Dexteram</strong></span> <span class='ocrx_word' id='word_1_161' title='bbox 1297 2088 1532 2146; x_wconf 90' lang='lat' dir='ltr'><strong>quoque</strong></span> <span class='ocrx_word' id='word_1_162' title='bbox 1554 2076 1684 2131; x_wconf 92' lang='lat' dir='ltr'><strong>dedi</strong></span> <span class='ocrx_word' id='word_1_163' title='bbox 1720 2076 1855 2146; x_wconf 89' lang='lat' dir='ltr'><strong>Deo,</strong></span> <span class='ocrx_word' id='word_1_164' title='bbox 1880 2081 2031 2148; x_wconf 91' lang='lat' dir='ltr'><strong>quod</strong></span> 
     </span>
    </p>
   </div>
   <div class='ocr_carea' id='block_1_23' title="bbox 330 2151 2032 2239">
    <p class='ocr_par' dir='ltr' id='par_1_23' title="bbox 330 2151 2032 2239">
     <span class='ocr_line' id='line_1_24' title="bbox 330 2151 2032 2239; baseline 0.012 -35"><span class='ocrx_word' id='word_1_165' title='bbox 330 2151 387 2205; x_wconf 86' lang='lat' dir='ltr'><strong>in</strong></span> <span class='ocrx_word' id='word_1_166' title='bbox 424 2156 623 2209; x_wconf 91' lang='lat' dir='ltr'><strong>morbo</strong></span> <span class='ocrx_word' id='word_1_167' title='bbox 654 2156 783 2226; x_wconf 88' lang='lat' dir='ltr'><strong>ejus</strong></span> <span class='ocrx_word' id='word_1_168' title='bbox 832 2175 1028 2216; x_wconf 82' lang='lat' dir='ltr'><strong>curam</strong></span> <span class='ocrx_word' id='word_1_169' title='bbox 1062 2178 1283 2234; x_wconf 89' lang='lat' dir='ltr'><strong>geram,</strong></span> <span class='ocrx_word' id='word_1_170' title='bbox 1332 2170 1393 2219; x_wconf 92' lang='lat' dir='ltr'><strong>ut</strong></span> <span class='ocrx_word' id='word_1_171' title='bbox 1436 2174 1489 2220; x_wconf 91' lang='lat' dir='ltr'><strong>et</strong></span> <span class='ocrx_word' id='word_1_172' title='bbox 1538 2183 1641 2239; x_wconf 87' lang='lat' dir='ltr'><strong>ego</strong></span> <span class='ocrx_word' id='word_1_173' title='bbox 1694 2184 1793 2238; x_wconf 91' lang='lat' dir='ltr'><strong>per</strong></span> <span class='ocrx_word' id='word_1_174' title='bbox 1839 2169 2032 2239; x_wconf 86' lang='lat' dir='ltr'><strong>ipsum</strong></span> 
     </span>
    </p>
   </div>
   <div class='ocr_carea' id='block_1_24' title="bbox 331 2242 2034 2329">
    <p class='ocr_par' dir='ltr' id='par_1_24' title="bbox 331 2242 2034 2329">
     <span class='ocr_line' id='line_1_25' title="bbox 331 2242 2034 2329; baseline 0.011 -34"><span class='ocrx_word' id='word_1_175' title='bbox 331 2242 526 2329; x_wconf 88' lang='lat' dir='ltr'><strong>salvus</strong></span> <span class='ocrx_word' id='word_1_176' title='bbox 549 2245 703 2311; x_wconf 84' lang='lat' dir='ltr'><strong>ﬁam,</strong></span> <span class='ocrx_word' id='word_1_177' title='bbox 732 2252 788 2302; x_wconf 91' lang='lat' dir='ltr'><strong>et</strong></span> <span class='ocrx_word' id='word_1_178' title='bbox 810 2249 933 2319; x_wconf 90' lang='lat' dir='ltr'><strong>ipse</strong></span> <span class='ocrx_word' id='word_1_179' title='bbox 956 2269 988 2306; x_wconf 93' lang='lat' dir='ltr'><strong>a</strong></span> <span class='ocrx_word' id='word_1_180' title='bbox 1022 2268 1111 2307; x_wconf 88' lang='lat' dir='ltr'><strong>me</strong></span> <span class='ocrx_word' id='word_1_181' title='bbox 1134 2259 1440 2310; x_wconf 87' lang='lat' dir='ltr'><strong>recreetur.</strong></span> <span class='ocrx_word' id='word_1_182' title='bbox 1466 2256 1609 2312; x_wconf 85' lang='lat' dir='ltr'><strong>Sunt</strong></span> <span class='ocrx_word' id='word_1_183' title='bbox 1640 2264 1833 2313; x_wconf 89' lang='lat' dir='ltr'><strong>autem</strong></span> <span class='ocrx_word' id='word_1_184' title='bbox 1859 2261 2034 2329; x_wconf 91' lang='lat' dir='ltr'><strong>quin-</strong></span> 
     </span>
    </p>
   </div>
   <div class='ocr_carea' id='block_1_25' title="bbox 332 2328 2033 2411">
    <p class='ocr_par' dir='ltr' id='par_1_25' title="bbox 332 2328 2033 2411">
     <span class='ocr_line' id='line_1_26' title="bbox 332 2328 2033 2411; baseline 0.013 -28"><span class='ocrx_word' id='word_1_185' title='bbox 332 2328 515 2387; x_wconf 89' lang='lat' dir='ltr'><strong>decim</strong></span> <span class='ocrx_word' id='word_1_186' title='bbox 548 2337 686 2390; x_wconf 88' lang='lat' dir='ltr'><strong>anni</strong></span> <span class='ocrx_word' id='word_1_187' title='bbox 716 2354 786 2392; x_wconf 89' lang='lat' dir='ltr'><strong>ex</strong></span> <span class='ocrx_word' id='word_1_188' title='bbox 827 2356 938 2409; x_wconf 92' lang='lat' dir='ltr'><strong>quo</strong></span> <span class='ocrx_word' id='word_1_189' title='bbox 969 2342 1145 2396; x_wconf 90' lang='lat' dir='ltr'><strong>simul</strong></span> <span class='ocrx_word' id='word_1_190' title='bbox 1187 2360 1511 2411; x_wconf 88' lang='lat' dir='ltr'><strong>versamur,</strong></span> <span class='ocrx_word' id='word_1_191' title='bbox 1543 2348 1694 2403; x_wconf 80' lang='lat' dir='ltr'><strong>sicut</strong></span> <span class='ocrx_word' id='word_1_192' title='bbox 1723 2328 1893 2403; x_wconf 86' lang='lat' dir='ltr'><strong>etiam</strong></span> <span class='ocrx_word' id='word_1_193' title='bbox 1922 2353 2033 2405; x_wconf 79' lang='lat' dir='ltr'><strong>tuas</strong></span> 
     </span>
    </p>
   </div>
   <div class='ocr_carea' id='block_1_26' title="bbox 331 2423 2033 2507">
    <p class='ocr_par' dir='ltr' id='par_1_26' title="bbox 331 2423 2033 2507">
     <span class='ocr_line' id='line_1_27' title="bbox 331 2423 2033 2507; baseline 0.011 -32"><span class='ocrx_word' id='word_1_194' title='bbox 331 2423 625 2478; x_wconf 86' lang='lat' dir='ltr'><strong>sanctitati</strong></span> <span class='ocrx_word' id='word_1_195' title='bbox 657 2426 901 2483; x_wconf 87' lang='lat' dir='ltr'><strong>revelata</strong></span> <span class='ocrx_word' id='word_1_196' title='bbox 947 2436 1084 2484; x_wconf 89' lang='lat' dir='ltr'><strong>sunt</strong></span> <span class='ocrx_word' id='word_1_197' title='bbox 1112 2432 1326 2487; x_wconf 89' lang='lat' dir='ltr'><strong>omnia.</strong></span> <span class='ocrx_word' id='word_1_198' title='bbox 1362 2435 1472 2490; x_wconf 92' lang='lat' dir='ltr'><strong>Sed</strong></span> <span class='ocrx_word' id='word_1_199' title='bbox 1525 2438 1720 2491; x_wconf 90' lang='lat' dir='ltr'><strong>nescio</strong></span> <span class='ocrx_word' id='word_1_200' title='bbox 1752 2440 2033 2507; x_wconf 88' lang='lat' dir='ltr'><strong>quidnam</strong></span> 
     </span>
    </p>
   </div>
   <div class='ocr_carea' id='block_1_27' title="bbox 330 2510 2032 2594">
    <p class='ocr_par' dir='ltr' id='par_1_27' title="bbox 330 2510 2032 2594">
     <span class='ocr_line' id='line_1_28' title="bbox 330 2510 2032 2594; baseline 0.01 -30"><span class='ocrx_word' id='word_1_201' title='bbox 330 2510 469 2565; x_wconf 90' lang='lat' dir='ltr'><strong>mali</strong></span> <span class='ocrx_word' id='word_1_202' title='bbox 499 2529 533 2566; x_wconf 95' lang='lat' dir='ltr'><strong>a</strong></span> <span class='ocrx_word' id='word_1_203' title='bbox 565 2530 655 2569; x_wconf 91' lang='lat' dir='ltr'><strong>me</strong></span> <span class='ocrx_word' id='word_1_204' title='bbox 687 2532 915 2586; x_wconf 89' lang='lat' dir='ltr'><strong>passus,</strong></span> <span class='ocrx_word' id='word_1_205' title='bbox 949 2525 1079 2589; x_wconf 91' lang='lat' dir='ltr'><strong>post</strong></span> <span class='ocrx_word' id='word_1_206' title='bbox 1125 2526 1209 2575; x_wconf 89' lang='lat' dir='ltr'><strong>tot</strong></span> <span class='ocrx_word' id='word_1_207' title='bbox 1242 2538 1424 2577; x_wconf 89' lang='lat' dir='ltr'><strong>annos</strong></span> <span class='ocrx_word' id='word_1_208' title='bbox 1456 2540 1548 2579; x_wconf 90' lang='lat' dir='ltr'><strong>me</strong></span> <span class='ocrx_word' id='word_1_209' title='bbox 1586 2541 1816 2581; x_wconf 84' lang='lat' dir='ltr'><strong>summe</strong></span> <span class='ocrx_word' id='word_1_210' title='bbox 1846 2532 2032 2594; x_wconf 80' lang='lat' dir='ltr'><strong>vexat,</strong></span> 
     </span>
    </p>
   </div>
   <div class='ocr_carea' id='block_1_28' title="bbox 329 2601 2031 2685">
    <p class='ocr_par' dir='ltr' id='par_1_28' title="bbox 329 2601 2031 2685">
     <span class='ocr_line' id='line_1_29' title="bbox 329 2601 2031 2685; baseline 0.011 -31"><span class='ocrx_word' id='word_1_211' title='bbox 329 2608 381 2655; x_wconf 89' lang='lat' dir='ltr'><strong>et</strong></span> <span class='ocrx_word' id='word_1_212' title='bbox 412 2601 468 2655; x_wconf 92' lang='lat' dir='ltr'><strong>in</strong></span> <span class='ocrx_word' id='word_1_213' title='bbox 503 2602 695 2659; x_wconf 90' lang='lat' dir='ltr'><strong>animo</strong></span> <span class='ocrx_word' id='word_1_214' title='bbox 727 2605 904 2662; x_wconf 88' lang='lat' dir='ltr'><strong>habui</strong></span> <span class='ocrx_word' id='word_1_215' title='bbox 930 2610 1118 2679; x_wconf 84' lang='lat' dir='ltr'><strong>ipsum</strong></span> <span class='ocrx_word' id='word_1_216' title='bbox 1152 2611 1379 2680; x_wconf 86' lang='lat' dir='ltr'><strong>ejicere,</strong></span> <span class='ocrx_word' id='word_1_217' title='bbox 1414 2613 1540 2685; x_wconf 90' lang='lat' dir='ltr'><strong>ipso</strong></span> <span class='ocrx_word' id='word_1_218' title='bbox 1576 2631 1665 2668; x_wconf 91' lang='lat' dir='ltr'><strong>me</strong></span> <span class='ocrx_word' id='word_1_219' title='bbox 1697 2617 1763 2670; x_wconf 91' lang='lat' dir='ltr'><strong>ad</strong></span> <span class='ocrx_word' id='word_1_220' title='bbox 1790 2616 1898 2670; x_wconf 91' lang='lat' dir='ltr'><strong>hoc</strong></span> <span class='ocrx_word' id='word_1_221' title='bbox 1938 2634 2031 2672; x_wconf 92' lang='lat' dir='ltr'><strong>co-</strong></span> 
     </span>
    </p>
   </div>
   <div class='ocr_carea' id='block_1_29' title="bbox 326 2693 2031 2770">
    <p class='ocr_par' dir='ltr' id='par_1_29' title="bbox 326 2693 2031 2770">
     <span class='ocr_line' id='line_1_30' title="bbox 326 2693 2031 2770; baseline 0.011 -28"><span class='ocrx_word' id='word_1_222' title='bbox 326 2695 515 2760; x_wconf 79' lang='lat' dir='ltr'><strong>gente.</strong></span> <span class='ocrx_word' id='word_1_223' title='bbox 552 2695 627 2747; x_wconf 86' lang='lat' dir='ltr'><strong>Ea</strong></span> <span class='ocrx_word' id='word_1_224' title='bbox 644 2693 713 2749; x_wconf 93' lang='lat' dir='ltr'><strong>de</strong></span> <span class='ocrx_word' id='word_1_225' title='bbox 740 2711 919 2752; x_wconf 88' lang='lat' dir='ltr'><strong>causa</strong></span> <span class='ocrx_word' id='word_1_226' title='bbox 944 2700 1071 2753; x_wconf 91' lang='lat' dir='ltr'><strong>veni</strong></span> <span class='ocrx_word' id='word_1_227' title='bbox 1103 2700 1173 2754; x_wconf 91' lang='lat' dir='ltr'><strong>ad</strong></span> <span class='ocrx_word' id='word_1_228' title='bbox 1201 2712 1356 2755; x_wconf 90' lang='lat' dir='ltr'><strong>tuam</strong></span> <span class='ocrx_word' id='word_1_229' title='bbox 1381 2704 1775 2770; x_wconf 88' lang='lat' dir='ltr'><strong>sanctitatem,</strong></span> <span class='ocrx_word' id='word_1_230' title='bbox 1802 2710 1865 2759; x_wconf 93' lang='lat' dir='ltr'><strong>ut</strong></span> <span class='ocrx_word' id='word_1_231' title='bbox 1888 2705 2031 2760; x_wconf 86' lang='lat' dir='ltr'><strong>mihi</strong></span> 
     </span>
    </p>
   </div>
   <div class='ocr_carea' id='block_1_30' title="bbox 324 2779 2028 2863">
    <p class='ocr_par' dir='ltr' id='par_1_30' title="bbox 324 2779 2028 2863">
     <span class='ocr_line' id='line_1_31' title="bbox 324 2779 2028 2863; baseline 0.011 -32"><span class='ocrx_word' id='word_1_232' title='bbox 324 2779 594 2834; x_wconf 88' lang='lat' dir='ltr'><strong>consulas</strong></span> <span class='ocrx_word' id='word_1_233' title='bbox 625 2782 904 2851; x_wconf 85' lang='lat' dir='ltr'><strong>quidnam</strong></span> <span class='ocrx_word' id='word_1_234' title='bbox 952 2786 1193 2843; x_wconf 89' lang='lat' dir='ltr'><strong>debeam</strong></span> <span class='ocrx_word' id='word_1_235' title='bbox 1244 2789 1450 2860; x_wconf 82' lang='lat' dir='ltr'><strong>facere,</strong></span> <span class='ocrx_word' id='word_1_236' title='bbox 1501 2795 1557 2846; x_wconf 87' lang='lat' dir='ltr'><strong>et</strong></span> <span class='ocrx_word' id='word_1_237' title='bbox 1600 2807 1730 2847; x_wconf 86' lang='lat' dir='ltr'><strong>ores</strong></span> <span class='ocrx_word' id='word_1_238' title='bbox 1763 2808 1863 2863; x_wconf 92' lang='lat' dir='ltr'><strong>pro</strong></span> <span class='ocrx_word' id='word_1_239' title='bbox 1898 2809 2028 2861; x_wconf 84' lang='lat' dir='ltr'><strong>me;</strong></span> 
     </span>
    </p>
   </div>
   <div class='ocr_carea' id='block_1_31' title="bbox 324 2869 1093 2944">
    <p class='ocr_par' dir='ltr' id='par_1_31' title="bbox 324 2869 1093 2944">
     <span class='ocr_line' id='line_1_32' title="bbox 324 2869 1093 2944; baseline 0.016 -24"><span class='ocrx_word' id='word_1_240' title='bbox 324 2881 414 2921; x_wconf 89' lang='lat' dir='ltr'><strong>me</strong></span> <span class='ocrx_word' id='word_1_241' title='bbox 444 2869 601 2923; x_wconf 89' lang='lat' dir='ltr'><strong>enim</strong></span> <span class='ocrx_word' id='word_1_242' title='bbox 632 2882 795 2927; x_wconf 88' lang='lat' dir='ltr'><strong>vexat</strong></span> <span class='ocrx_word' id='word_1_243' title='bbox 825 2876 1093 2944; x_wconf 85' lang='lat' dir='ltr'><strong>graviter.</strong></span> 
     </span>
    </p>
   </div>
   <div class='ocr_carea' id='block_1_32' title="bbox 391 3002 2027 3083">
    <p class='ocr_par' dir='ltr' id='par_1_32' title="bbox 391 3002 2027 3083">
     <span class='ocr_line' id='line_1_33' title="bbox 391 3002 2027 3083; baseline 0.012 -28"><span class='ocrx_word' id='word_1_244' title='bbox 391 3002 540 3058; x_wconf 92' lang='lat' dir='ltr'><strong>Dicit</strong></span> <span class='ocrx_word' id='word_1_245' title='bbox 555 3004 604 3058; x_wconf 91' lang='lat' dir='ltr'><strong>ei</strong></span> <span class='ocrx_word' id='word_1_246' title='bbox 630 3022 878 3077; x_wconf 90' lang='lat' dir='ltr'><strong>magnus</strong></span> <span class='ocrx_word' id='word_1_247' title='bbox 896 3013 1180 3067; x_wconf 84' lang='lat' dir='ltr'><strong>Antonius</strong></span> <span class='ocrx_word' id='word_1_248' title='bbox 1197 3016 1349 3078; x_wconf 80' lang='lat' dir='ltr'><strong>gravi</strong></span> <span class='ocrx_word' id='word_1_249' title='bbox 1374 3022 1430 3069; x_wconf 87' lang='lat' dir='ltr'><strong>et</strong></span> <span class='ocrx_word' id='word_1_250' title='bbox 1448 3021 1678 3071; x_wconf 88' lang='lat' dir='ltr'><strong>austera</strong></span> <span class='ocrx_word' id='word_1_251' title='bbox 1698 3033 1834 3073; x_wconf 84' lang='lat' dir='ltr'><strong>voce</strong></span> <span class='ocrx_word' id='word_1_252' title='bbox 1853 3035 1865 3072; x_wconf 90' lang='lat'>:</span> <span class='ocrx_word' id='word_1_253' title='bbox 1881 3019 2027 3083; x_wconf 88' lang='lat' dir='ltr'><strong>Abji-</strong></span> 
     </span>
    </p>
   </div>
   <div class='ocr_carea' id='block_1_33' title="bbox 320 3091 2020 3175">
    <p class='ocr_par' dir='ltr' id='par_1_33' title="bbox 320 3091 2020 3175">
     <span class='ocr_line' id='line_1_34' title="bbox 320 3091 2020 3175; baseline 0.009 -31"><span class='ocrx_word' id='word_1_254' title='bbox 320 3091 438 3146; x_wconf 88' lang='lat' dir='ltr'><strong>cias</strong></span> <span class='ocrx_word' id='word_1_255' title='bbox 468 3098 531 3146; x_wconf 90' lang='lat' dir='ltr'><strong>tu</strong></span> <span class='ocrx_word' id='word_1_256' title='bbox 548 3096 963 3167; x_wconf 86' lang='lat' dir='ltr'><strong>eum.Eulogi?</strong></span> <span class='ocrx_word' id='word_1_257' title='bbox 993 3106 1049 3154; x_wconf 82' lang='lat' dir='ltr'><strong>at</strong></span> <span class='ocrx_word' id='word_1_258' title='bbox 1071 3101 1164 3169; x_wconf 92' lang='lat' dir='ltr'><strong>qui</strong></span> <span class='ocrx_word' id='word_1_259' title='bbox 1187 3119 1318 3156; x_wconf 89' lang='lat' dir='ltr'><strong>eum</strong></span> <span class='ocrx_word' id='word_1_260' title='bbox 1344 3106 1560 3158; x_wconf 89' lang='lat' dir='ltr'><strong>creavit</strong></span> <span class='ocrx_word' id='word_1_261' title='bbox 1583 3121 1695 3160; x_wconf 91' lang='lat' dir='ltr'><strong>non</strong></span> <span class='ocrx_word' id='word_1_262' title='bbox 1720 3107 1939 3175; x_wconf 89' lang='lat' dir='ltr'><strong>abjicit.</strong></span> <span class='ocrx_word' id='word_1_263' title='bbox 1963 3108 2020 3161; x_wconf 89' lang='lat' dir='ltr'><strong>Si</strong></span> 
     </span>
    </p>
   </div>
   <div class='ocr_carea' id='block_1_34' title="bbox 318 3183 2025 3263">
    <p class='ocr_par' dir='ltr' id='par_1_34' title="bbox 318 3183 2025 3263">
     <span class='ocr_line' id='line_1_35' title="bbox 318 3183 2025 3263; baseline 0.009 -28"><span class='ocrx_word' id='word_1_264' title='bbox 318 3183 377 3235; x_wconf 90' lang='lat' dir='ltr'><strong>tu</strong></span> <span class='ocrx_word' id='word_1_265' title='bbox 411 3199 542 3238; x_wconf 93' lang='lat' dir='ltr'><strong>eum</strong></span> <span class='ocrx_word' id='word_1_266' title='bbox 574 3186 801 3253; x_wconf 88' lang='lat' dir='ltr'><strong>abjicis,</strong></span> <span class='ocrx_word' id='word_1_267' title='bbox 840 3189 985 3242; x_wconf 85' lang='lat' dir='ltr'><strong>Deus</strong></span> <span class='ocrx_word' id='word_1_268' title='bbox 1008 3190 1057 3243; x_wconf 92' lang='lat' dir='ltr'><strong>ei</strong></span> <span class='ocrx_word' id='word_1_269' title='bbox 1081 3191 1345 3246; x_wconf 87' lang='lat' dir='ltr'><strong>excitabit</strong></span> <span class='ocrx_word' id='word_1_270' title='bbox 1369 3196 1425 3246; x_wconf 92' lang='lat' dir='ltr'><strong>te</strong></span> <span class='ocrx_word' id='word_1_271' title='bbox 1448 3193 1739 3249; x_wconf 88' lang='lat' dir='ltr'><strong>meliorem</strong></span> <span class='ocrx_word' id='word_1_272' title='bbox 1772 3196 1867 3263; x_wconf 86' lang='lat' dir='ltr'><strong>qui</strong></span> <span class='ocrx_word' id='word_1_273' title='bbox 1891 3213 2025 3251; x_wconf 92' lang='lat' dir='ltr'><strong>eum</strong></span> 
     </span>
    </p>
   </div>
   <div class='ocr_carea' id='block_1_35' title="bbox 319 3272 2026 3349">
    <p class='ocr_par' dir='ltr' id='par_1_35' title="bbox 319 3272 2026 3349">
     <span class='ocr_line' id='line_1_36' title="bbox 319 3272 2026 3349; baseline 0.009 -24"><span class='ocrx_word' id='word_1_274' title='bbox 319 3272 569 3341; x_wconf 80' lang='lat' dir='ltr'><strong>colligat.</strong></span> <span class='ocrx_word' id='word_1_275' title='bbox 619 3273 905 3330; x_wconf 85' lang='lat' dir='ltr'><strong>Conticuit</strong></span> <span class='ocrx_word' id='word_1_276' title='bbox 954 3277 1253 3349; x_wconf 87' lang='lat' dir='ltr'><strong>Eulogius,</strong></span> <span class='ocrx_word' id='word_1_277' title='bbox 1308 3286 1364 3334; x_wconf 88' lang='lat' dir='ltr'><strong>et</strong></span> <span class='ocrx_word' id='word_1_278' title='bbox 1410 3282 1677 3336; x_wconf 89' lang='lat' dir='ltr'><strong>extimuit</strong></span> <span class='ocrx_word' id='word_1_279' title='bbox 1722 3300 1855 3338; x_wconf 86' lang='lat' dir='ltr'><strong>cum</strong></span> <span class='ocrx_word' id='word_1_280' title='bbox 1902 3285 2026 3342; x_wconf 69' lang='lat' dir='ltr'><strong>haac</strong></span> 
     </span>
    </p>
   </div>
   <div class='ocr_carea' id='block_1_36' title="bbox 318 3361 2026 3442">
    <p class='ocr_par' dir='ltr' id='par_1_36' title="bbox 318 3361 2026 3442">
     <span class='ocr_line' id='line_1_37' title="bbox 318 3361 2026 3442; baseline 0.009 -28"><span class='ocrx_word' id='word_1_281' title='bbox 318 3361 613 3416; x_wconf 88' lang='lat' dir='ltr'><strong>audiisset.</strong></span> <span class='ocrx_word' id='word_1_282' title='bbox 658 3363 872 3419; x_wconf 82' lang='lat' dir='ltr'><strong>Relicto</strong></span> <span class='ocrx_word' id='word_1_283' title='bbox 905 3372 1101 3421; x_wconf 88' lang='lat' dir='ltr'><strong>autem</strong></span> <span class='ocrx_word' id='word_1_284' title='bbox 1154 3368 1413 3438; x_wconf 89' lang='lat' dir='ltr'><strong>Eulogio,</strong></span> <span class='ocrx_word' id='word_1_285' title='bbox 1462 3386 1711 3442; x_wconf 90' lang='lat' dir='ltr'><strong>magnus</strong></span> <span class='ocrx_word' id='word_1_286' title='bbox 1739 3374 2026 3430; x_wconf 81' lang='lat' dir='ltr'><strong>Antonius</strong></span> 
     </span>
    </p>
   </div>
   <div class='ocr_carea' id='block_1_37' title="bbox 318 3447 2026 3527">
    <p class='ocr_par' dir='ltr' id='par_1_37' title="bbox 318 3447 2026 3527">
     <span class='ocr_line' id='line_1_38' title="bbox 318 3447 2026 3527; baseline 0.009 -25"><span class='ocrx_word' id='word_1_287' title='bbox 318 3447 524 3517; x_wconf 90' lang='lat' dir='ltr'><strong>incipit</strong></span> <span class='ocrx_word' id='word_1_288' title='bbox 555 3451 750 3522; x_wconf 88' lang='lat' dir='ltr'><strong>lingua</strong></span> <span class='ocrx_word' id='word_1_289' title='bbox 780 3452 1068 3521; x_wconf 76' lang='lat' dir='ltr'><strong>ﬂagellare</strong></span> <span class='ocrx_word' id='word_1_290' title='bbox 1098 3459 1449 3527; x_wconf 84' lang='lat' dir='ltr'><strong>mutilatum,</strong></span> <span class='ocrx_word' id='word_1_291' title='bbox 1481 3465 1538 3514; x_wconf 92' lang='lat' dir='ltr'><strong>et</strong></span> <span class='ocrx_word' id='word_1_292' title='bbox 1580 3462 1650 3514; x_wconf 90' lang='lat' dir='ltr'><strong>ad</strong></span> <span class='ocrx_word' id='word_1_293' title='bbox 1682 3478 1814 3518; x_wconf 91' lang='lat' dir='ltr'><strong>eum</strong></span> <span class='ocrx_word' id='word_1_294' title='bbox 1837 3464 2026 3519; x_wconf 82' lang='lat' dir='ltr'><strong>excla-</strong></span> 
     </span>
    </p>
   </div>
   <div class='ocr_carea' id='block_1_38' title="bbox 321 3540 2022 3623">
    <p class='ocr_par' dir='ltr' id='par_1_38' title="bbox 321 3540 2022 3623">
     <span class='ocr_line' id='line_1_39' title="bbox 321 3540 2022 3623; baseline 0.009 -32"><span class='ocrx_word' id='word_1_295' title='bbox 321 3554 517 3594; x_wconf 88' lang='lat' dir='ltr'><strong>mare:</strong></span> <span class='ocrx_word' id='word_1_296' title='bbox 553 3540 837 3611; x_wconf 88' lang='lat' dir='ltr'><strong>Mutilate,</strong></span> <span class='ocrx_word' id='word_1_297' title='bbox 868 3547 1151 3602; x_wconf 85' lang='lat' dir='ltr'><strong>maculate</strong></span> <span class='ocrx_word' id='word_1_298' title='bbox 1172 3549 1309 3619; x_wconf 84' lang='lat'><strong>(63),</strong></span> <span class='ocrx_word' id='word_1_299' title='bbox 1344 3558 1492 3603; x_wconf 91' lang='lat' dir='ltr'><strong>terra</strong></span> <span class='ocrx_word' id='word_1_300' title='bbox 1521 3554 1579 3604; x_wconf 89' lang='lat' dir='ltr'><strong>et</strong></span> <span class='ocrx_word' id='word_1_301' title='bbox 1609 3550 2022 3623; x_wconf 73' lang='lat' dir='ltr'><strong>coaloindigne,</strong></span> 
     </span>
    </p>
   </div>
   <div class='ocr_carea' id='block_1_39' title="bbox 320 3634 2022 3707">
    <p class='ocr_par' dir='ltr' id='par_1_39' title="bbox 320 3634 2022 3707">
     <span class='ocr_line' id='line_1_40' title="bbox 320 3634 2022 3707; baseline 0.009 -26"><span class='ocrx_word' id='word_1_302' title='bbox 320 3644 434 3682; x_wconf 92' lang='lat' dir='ltr'><strong>non</strong></span> <span class='ocrx_word' id='word_1_303' title='bbox 467 3646 661 3687; x_wconf 78' lang='lat' dir='ltr'><strong>cessas</strong></span> <span class='ocrx_word' id='word_1_304' title='bbox 692 3649 823 3689; x_wconf 91' lang='lat' dir='ltr'><strong>cum</strong></span> <span class='ocrx_word' id='word_1_305' title='bbox 857 3634 974 3690; x_wconf 93' lang='lat' dir='ltr'><strong>Deo</strong></span> <span class='ocrx_word' id='word_1_306' title='bbox 1009 3653 1290 3707; x_wconf 89' lang='lat' dir='ltr'><strong>pugnare,</strong></span> <span class='ocrx_word' id='word_1_307' title='bbox 1324 3645 1380 3692; x_wconf 93' lang='lat' dir='ltr'><strong>et</strong></span> <span class='ocrx_word' id='word_1_308' title='bbox 1417 3643 1582 3694; x_wconf 90' lang='lat' dir='ltr'><strong>tuum</strong></span> <span class='ocrx_word' id='word_1_309' title='bbox 1614 3643 1847 3696; x_wconf 84' lang='lat' dir='ltr'><strong>fratrem</strong></span> <span class='ocrx_word' id='word_1_310' title='bbox 1885 3644 2022 3697; x_wconf 87' lang='lat' dir='ltr'><strong>irri-</strong></span> 
     </span>
    </p>
   </div>
   <div class='ocr_carea' id='block_1_40' title="bbox 318 3720 2022 3800">
    <p class='ocr_par' dir='ltr' id='par_1_40' title="bbox 318 3720 2022 3800">
     <span class='ocr_line' id='line_1_41' title="bbox 318 3720 2022 3800; baseline 0.009 -27"><span class='ocrx_word' id='word_1_311' title='bbox 318 3723 440 3774; x_wconf 90' lang='lat' dir='ltr'><strong>tare</strong></span> <span class='ocrx_word' id='word_1_312' title='bbox 462 3720 488 3774; x_wconf 72' lang='lat' dir='ltr'><strong>‘l</strong></span> <span class='ocrx_word' id='word_1_313' title='bbox 518 3720 719 3778; x_wconf 89' lang='lat' dir='ltr'><strong>Nescis</strong></span> <span class='ocrx_word' id='word_1_314' title='bbox 750 3741 875 3780; x_wconf 84' lang='lat' dir='ltr'><strong>esse</strong></span> <span class='ocrx_word' id='word_1_315' title='bbox 906 3726 1197 3783; x_wconf 86' lang='lat' dir='ltr'><strong>Christum</strong></span> <span class='ocrx_word' id='word_1_316' title='bbox 1234 3730 1329 3800; x_wconf 88' lang='lat' dir='ltr'><strong>qui</strong></span> <span class='ocrx_word' id='word_1_317' title='bbox 1359 3730 1462 3784; x_wconf 88' lang='lat' dir='ltr'><strong>tibi</strong></span> <span class='ocrx_word' id='word_1_318' title='bbox 1498 3732 1839 3787; x_wconf 85' lang='lat' dir='ltr'><strong>ministrat?</strong></span> <span class='ocrx_word' id='word_1_319' title='bbox 1869 3733 2022 3796; x_wconf 91' lang='lat' dir='ltr'><strong>Quo-</strong></span> 
     </span>
    </p>
   </div>
   <div class='ocr_carea' id='block_1_41' title="bbox 318 3811 2021 3894">
    <p class='ocr_par' dir='ltr' id='par_1_41' title="bbox 318 3811 2021 3894">
     <span class='ocr_line' id='line_1_42' title="bbox 318 3811 2021 3894; baseline 0.01 -32"><span class='ocrx_word' id='word_1_320' title='bbox 318 3811 489 3865; x_wconf 90' lang='lat' dir='ltr'><strong>modo</strong></span> <span class='ocrx_word' id='word_1_321' title='bbox 518 3815 698 3868; x_wconf 88' lang='lat' dir='ltr'><strong>audes</strong></span> <span class='ocrx_word' id='word_1_322' title='bbox 724 3814 845 3871; x_wconf 66' lang='lat' dir='ltr'><strong>htec</strong></span> <span class='ocrx_word' id='word_1_323' title='bbox 878 3818 1030 3887; x_wconf 89' lang='lat' dir='ltr'><strong>loqui</strong></span> <span class='ocrx_word' id='word_1_324' title='bbox 1054 3822 1333 3874; x_wconf 88' lang='lat' dir='ltr'><strong>adversus</strong></span> <span class='ocrx_word' id='word_1_325' title='bbox 1364 3820 1659 3875; x_wconf 82' lang='lat' dir='ltr'><strong>Christum</strong></span> <span class='ocrx_word' id='word_1_326' title='bbox 1684 3821 1711 3875; x_wconf 85' lang='lat'><strong>?</strong></span> <span class='ocrx_word' id='word_1_327' title='bbox 1742 3822 1866 3877; x_wconf 91' lang='lat' dir='ltr'><strong>Non</strong></span> <span class='ocrx_word' id='word_1_328' title='bbox 1890 3841 2021 3894; x_wconf 82' lang='lat' dir='ltr'><strong>pro-</strong></span> 
     </span>
    </p>
   </div>
   <div class='ocr_carea' id='block_1_42' title="bbox 318 3902 2020 3984">
    <p class='ocr_par' dir='ltr' id='par_1_42' title="bbox 318 3902 2020 3984">
     <span class='ocr_line' id='line_1_43' title="bbox 318 3902 2020 3984; baseline 0.011 -34"><span class='ocrx_word' id='word_1_329' title='bbox 318 3908 442 3968; x_wconf 85' lang='lat' dir='ltr'><strong>pter</strong></span> <span class='ocrx_word' id='word_1_330' title='bbox 468 3902 761 3958; x_wconf 87' lang='lat' dir='ltr'><strong>Christum</strong></span> <span class='ocrx_word' id='word_1_331' title='bbox 794 3921 856 3959; x_wconf 91' lang='lat' dir='ltr'><strong>se</strong></span> <span class='ocrx_word' id='word_1_332' title='bbox 886 3911 987 3961; x_wconf 87' lang='lat' dir='ltr'><strong>tuo</strong></span> <span class='ocrx_word' id='word_1_333' title='bbox 1020 3909 1373 3978; x_wconf 85' lang='lat' dir='ltr'><strong>mancipavit</strong></span> <span class='ocrx_word' id='word_1_334' title='bbox 1405 3909 1688 3964; x_wconf 70' lang='lat' dir='ltr'><strong>servitio?</strong></span> <span class='ocrx_word' id='word_1_335' title='bbox 1719 3910 1863 3967; x_wconf 90' lang='lat' dir='ltr'><strong>Cum</strong></span> <span class='ocrx_word' id='word_1_336' title='bbox 1886 3930 2020 3984; x_wconf 90' lang='lat' dir='ltr'><strong>ergo</strong></span> 
     </span>
    </p>
   </div>
   <div class='ocr_carea' id='block_1_43' title="bbox 315 3996 2022 4069">
    <p class='ocr_par' dir='ltr' id='par_1_43' title="bbox 315 3996 2022 4069">
     <span class='ocr_line' id='line_1_44' title="bbox 315 3996 2022 4069; baseline 0.01 -28"><span class='ocrx_word' id='word_1_337' title='bbox 315 4004 447 4042; x_wconf 88' lang='lat' dir='ltr'><strong>eum</strong></span> <span class='ocrx_word' id='word_1_338' title='bbox 504 4007 737 4062; x_wconf 91' lang='lat' dir='ltr'><strong>quoque</strong></span> <span class='ocrx_word' id='word_1_339' title='bbox 785 3996 976 4049; x_wconf 87' lang='lat' dir='ltr'><strong>verbis</strong></span> <span class='ocrx_word' id='word_1_340' title='bbox 1023 3998 1370 4052; x_wconf 86' lang='lat' dir='ltr'><strong>coercuisset</strong></span> <span class='ocrx_word' id='word_1_341' title='bbox 1412 3998 1872 4069; x_wconf 84' lang='lat' dir='ltr'><strong>increpantibus,</strong></span> <span class='ocrx_word' id='word_1_342' title='bbox 1924 4019 2022 4057; x_wconf 88' lang='lat' dir='ltr'><strong>eos</strong></span> 
     </span>
    </p>
   </div>
   <div class='ocr_carea' id='block_1_44' title="bbox 316 4076 2021 4145">
    <p class='ocr_par' dir='ltr' id='par_1_44' title="bbox 316 4076 2021 4145">
     <span class='ocr_line' id='line_1_45' title="bbox 316 4076 2021 4145; baseline 0.009 -16"><span class='ocrx_word' id='word_1_343' title='bbox 316 4076 594 4145; x_wconf 82' lang='lat' dir='ltr'><strong>dimittit;</strong></span> <span class='ocrx_word' id='word_1_344' title='bbox 646 4086 867 4135; x_wconf 90' lang='lat' dir='ltr'><strong>etcum</strong></span> <span class='ocrx_word' id='word_1_345' title='bbox 919 4084 1301 4140; x_wconf 88' lang='lat' dir='ltr'><strong>disseruisset</strong></span> <span class='ocrx_word' id='word_1_346' title='bbox 1348 4104 1479 4142; x_wconf 90' lang='lat' dir='ltr'><strong>cum</strong></span> <span class='ocrx_word' id='word_1_347' title='bbox 1527 4089 1803 4142; x_wconf 82' lang='lat' dir='ltr'><strong>fratribus</strong></span> <span class='ocrx_word' id='word_1_348' title='bbox 1850 4091 2021 4145; x_wconf 90' lang='lat' dir='ltr'><strong>deiis</strong></span> 
     </span>
    </p>
   </div>
   <div class='ocr_carea' id='block_1_45' title="bbox 314 4171 2021 4242">
    <p class='ocr_par' dir='ltr' id='par_1_45' title="bbox 314 4171 2021 4242">
     <span class='ocr_line' id='line_1_46' title="bbox 314 4171 2021 4242; baseline 0.008 -22"><span class='ocrx_word' id='word_1_349' title='bbox 314 4182 441 4237; x_wconf 75' lang='lat' dir='ltr'><strong>quis</strong></span> <span class='ocrx_word' id='word_1_350' title='bbox 472 4174 639 4223; x_wconf 87' lang='lat' dir='ltr'><strong>erant</strong></span> <span class='ocrx_word' id='word_1_351' title='bbox 686 4171 1004 4242; x_wconf 90' lang='lat' dir='ltr'><strong>unicuique</strong></span> <span class='ocrx_word' id='word_1_352' title='bbox 1054 4176 1402 4241; x_wconf 84' lang='lat' dir='ltr'><strong>necessaria,</strong></span> <span class='ocrx_word' id='word_1_353' title='bbox 1455 4192 1656 4231; x_wconf 91' lang='lat' dir='ltr'><strong>rursus</strong></span> <span class='ocrx_word' id='word_1_354' title='bbox 1702 4178 1920 4233; x_wconf 84' lang='lat' dir='ltr'><strong>accedit</strong></span> <span class='ocrx_word' id='word_1_355' title='bbox 1949 4179 2021 4234; x_wconf 88' lang='lat' dir='ltr'><strong>ad</strong></span> 
     </span>
    </p>
   </div>
   <div class='ocr_carea' id='block_1_46' title="bbox 312 4258 2022 4338">
    <p class='ocr_par' dir='ltr' id='par_1_46' title="bbox 312 4258 2022 4338">
     <span class='ocr_line' id='line_1_47' title="bbox 312 4258 2022 4338; baseline 0.007 -27"><span class='ocrx_word' id='word_1_356' title='bbox 312 4258 612 4329; x_wconf 85' lang='lat' dir='ltr'><strong>Eulogium</strong></span> <span class='ocrx_word' id='word_1_357' title='bbox 645 4266 702 4314; x_wconf 90' lang='lat' dir='ltr'><strong>et</strong></span> <span class='ocrx_word' id='word_1_358' title='bbox 737 4262 1095 4329; x_wconf 88' lang='lat' dir='ltr'><strong>mutilatum,</strong></span> <span class='ocrx_word' id='word_1_359' title='bbox 1129 4270 1185 4318; x_wconf 86' lang='lat' dir='ltr'><strong>et</strong></span> <span class='ocrx_word' id='word_1_360' title='bbox 1216 4264 1355 4319; x_wconf 87' lang='lat' dir='ltr'><strong>dicit</strong></span> <span class='ocrx_word' id='word_1_361' title='bbox 1386 4265 1469 4321; x_wconf 91' lang='lat' dir='ltr'><strong>eis</strong></span> <span class='ocrx_word' id='word_1_362' title='bbox 1491 4282 1504 4319; x_wconf 89' lang='lat'>:</span> <span class='ocrx_word' id='word_1_363' title='bbox 1529 4266 1609 4320; x_wconf 89' lang='lat' dir='ltr'><strong>Ne</strong></span> <span class='ocrx_word' id='word_1_364' title='bbox 1643 4284 1889 4338; x_wconf 89' lang='lat' dir='ltr'><strong>usquam</strong></span> <span class='ocrx_word' id='word_1_365' title='bbox 1917 4270 2022 4324; x_wconf 92' lang='lat' dir='ltr'><strong>im-</strong></span> 
     </span>
    </p>
   </div>
   <div class='ocr_carea' id='block_1_47' title="bbox 312 4349 2019 4421">
    <p class='ocr_par' dir='ltr' id='par_1_47' title="bbox 312 4349 2019 4421">
     <span class='ocr_line' id='line_1_48' title="bbox 312 4349 2019 4421; baseline 0.007 -20"><span class='ocrx_word' id='word_1_366' title='bbox 312 4349 644 4416; x_wconf 90' lang='lat' dir='ltr'><strong>moremini,</strong></span> <span class='ocrx_word' id='word_1_367' title='bbox 678 4366 709 4404; x_wconf 96' lang='lat' dir='ltr'><strong>o</strong></span> <span class='ocrx_word' id='word_1_368' title='bbox 732 4351 956 4418; x_wconf 86' lang='lat' dir='ltr'><strong>fratres,</strong></span> <span class='ocrx_word' id='word_1_369' title='bbox 990 4351 1093 4407; x_wconf 90' lang='lat' dir='ltr'><strong>sed</strong></span> <span class='ocrx_word' id='word_1_370' title='bbox 1124 4352 1280 4408; x_wconf 89' lang='lat' dir='ltr'><strong>abite</strong></span> <span class='ocrx_word' id='word_1_371' title='bbox 1302 4354 1356 4407; x_wconf 92' lang='lat' dir='ltr'><strong>in</strong></span> <span class='ocrx_word' id='word_1_372' title='bbox 1394 4370 1552 4421; x_wconf 90' lang='lat' dir='ltr'><strong>pace,</strong></span> <span class='ocrx_word' id='word_1_373' title='bbox 1582 4362 1637 4410; x_wconf 87' lang='lat' dir='ltr'><strong>et</strong></span> <span class='ocrx_word' id='word_1_374' title='bbox 1668 4372 1737 4410; x_wconf 90' lang='lat' dir='ltr'><strong>ne</strong></span> <span class='ocrx_word' id='word_1_375' title='bbox 1768 4357 2019 4413; x_wconf 91' lang='lat' dir='ltr'><strong>invicem</strong></span> 
     </span>
    </p>
   </div>
   <div class='ocr_carea' id='block_1_48' title="bbox 313 4439 2022 4517">
    <p class='ocr_par' dir='ltr' id='par_1_48' title="bbox 313 4439 2022 4517">
     <span class='ocr_line' id='line_1_49' title="bbox 313 4439 2022 4517; baseline 0.006 -26"><span class='ocrx_word' id='word_1_376' title='bbox 313 4439 686 4507; x_wconf 88' lang='lat' dir='ltr'><strong>separemini,</strong></span> <span class='ocrx_word' id='word_1_377' title='bbox 720 4441 985 4511; x_wconf 90' lang='lat' dir='ltr'><strong>deposita</strong></span> <span class='ocrx_word' id='word_1_378' title='bbox 1007 4444 1163 4497; x_wconf 92' lang='lat' dir='ltr'><strong>omni</strong></span> <span class='ocrx_word' id='word_1_379' title='bbox 1193 4442 1459 4497; x_wconf 89' lang='lat' dir='ltr'><strong>molestia</strong></span> <span class='ocrx_word' id='word_1_380' title='bbox 1491 4461 1661 4513; x_wconf 86' lang='lat' dir='ltr'><strong>quam</strong></span> <span class='ocrx_word' id='word_1_381' title='bbox 1692 4446 1856 4500; x_wconf 90' lang='lat' dir='ltr'><strong>vobis</strong></span> <span class='ocrx_word' id='word_1_382' title='bbox 1880 4447 2022 4517; x_wconf 85' lang='lat' dir='ltr'><strong>inje-</strong></span> 
     </span>
    </p>
   </div>
   <div class='ocr_carea' id='block_1_49' title="bbox 2222 498 3848 580">
    <p class='ocr_par' dir='ltr' id='par_1_49' title="bbox 2222 498 3848 580">
     <span class='ocr_line' id='line_1_50' title="bbox 2222 498 3848 580; baseline -0.009 -13"><span class='ocrx_word' id='word_1_383' title='bbox 2222 516 2363 566; x_wconf 90' lang='lat' dir='ltr'><strong>Cum</strong></span> <span class='ocrx_word' id='word_1_384' title='bbox 2402 524 2538 580; x_wconf 90' lang='lat' dir='ltr'><strong>ergo</strong></span> <span class='ocrx_word' id='word_1_385' title='bbox 2578 507 2878 577; x_wconf 88' lang='lat' dir='ltr'><strong>aliquanto</strong></span> <span class='ocrx_word' id='word_1_386' title='bbox 2932 510 3192 576; x_wconf 89' lang='lat' dir='ltr'><strong>tempore</strong></span> <span class='ocrx_word' id='word_1_387' title='bbox 3236 509 3503 560; x_wconf 90' lang='lat' dir='ltr'><strong>versatus</strong></span> <span class='ocrx_word' id='word_1_388' title='bbox 3535 504 3685 557; x_wconf 89' lang='lat' dir='ltr'><strong>esset</strong></span> <span class='ocrx_word' id='word_1_389' title='bbox 3712 498 3848 553; x_wconf 88' lang='lat' dir='ltr'><strong>Cro-</strong></span> 
     </span>
    </p>
   </div>
   <div class='ocr_carea' id='block_1_50' title="bbox 2148 590 3848 662">
    <p class='ocr_par' dir='ltr' id='par_1_50' title="bbox 2148 590 3848 662">
     <span class='ocr_line' id='line_1_51' title="bbox 2148 590 3848 662; baseline -0.008 -6"><span class='ocrx_word' id='word_1_390' title='bbox 2148 600 2281 656; x_wconf 85' lang='lat' dir='ltr'><strong>nius</strong></span> <span class='ocrx_word' id='word_1_391' title='bbox 2310 601 2463 655; x_wconf 84' lang='lat' dir='ltr'><strong>circa</strong></span> <span class='ocrx_word' id='word_1_392' title='bbox 2494 598 2618 653; x_wconf 91' lang='lat' dir='ltr'><strong>loca</strong></span> <span class='ocrx_word' id='word_1_393' title='bbox 2646 595 2979 662; x_wconf 90' lang='lat' dir='ltr'><strong>Thebaidis,</strong></span> <span class='ocrx_word' id='word_1_394' title='bbox 3003 595 3305 649; x_wconf 88' lang='lat' dir='ltr'><strong>descendit</strong></span> <span class='ocrx_word' id='word_1_395' title='bbox 3334 595 3393 648; x_wconf 92' lang='lat' dir='ltr'><strong>in</strong></span> <span class='ocrx_word' id='word_1_396' title='bbox 3428 590 3848 648; x_wconf 88' lang='lat' dir='ltr'><strong>monasterium</strong></span> 
     </span>
    </p>
   </div>
   <div class='ocr_carea' id='block_1_51' title="bbox 2147 679 3850 754">
    <p class='ocr_par' dir='ltr' id='par_1_51' title="bbox 2147 679 3850 754">
     <span class='ocr_line' id='line_1_52' title="bbox 2147 679 3850 754; baseline -0.008 -9"><span class='ocrx_word' id='word_1_397' title='bbox 2147 690 2521 752; x_wconf 78' lang='lat' dir='ltr'><strong>Alexandriae,</strong></span> <span class='ocrx_word' id='word_1_398' title='bbox 2554 692 2609 743; x_wconf 89' lang='lat' dir='ltr'><strong>et</strong></span> <span class='ocrx_word' id='word_1_399' title='bbox 2637 685 2847 741; x_wconf 89' lang='lat' dir='ltr'><strong>accidit</strong></span> <span class='ocrx_word' id='word_1_400' title='bbox 2882 692 2944 739; x_wconf 92' lang='lat' dir='ltr'><strong>ut</strong></span> <span class='ocrx_word' id='word_1_401' title='bbox 2982 684 3137 738; x_wconf 89' lang='lat' dir='ltr'><strong>beati</strong></span> <span class='ocrx_word' id='word_1_402' title='bbox 3187 684 3422 754; x_wconf 91' lang='lat' dir='ltr'><strong>quidem</strong></span> <span class='ocrx_word' id='word_1_403' title='bbox 3470 679 3693 751; x_wconf 88' lang='lat' dir='ltr'><strong>Eulogii</strong></span> <span class='ocrx_word' id='word_1_404' title='bbox 3727 679 3850 732; x_wconf 92' lang='lat' dir='ltr'><strong>obi-</strong></span> 
     </span>
    </p>
   </div>
   <div class='ocr_carea' id='block_1_52' title="bbox 2147 770 3846 843">
    <p class='ocr_par' dir='ltr' id='par_1_52' title="bbox 2147 770 3846 843">
     <span class='ocr_line' id='line_1_53' title="bbox 2147 770 3846 843; baseline -0.008 -8"><span class='ocrx_word' id='word_1_405' title='bbox 2147 784 2239 835; x_wconf 91' lang='lat' dir='ltr'><strong>tus</strong></span> <span class='ocrx_word' id='word_1_406' title='bbox 2271 796 2303 833; x_wconf 89' lang='lat' dir='ltr'><strong>a</strong></span> <span class='ocrx_word' id='word_1_407' title='bbox 2342 776 2699 833; x_wconf 75' lang='lat' dir='ltr'><strong>fraternitate</strong></span> <span class='ocrx_word' id='word_1_408' title='bbox 2743 774 3133 829; x_wconf 87' lang='lat' dir='ltr'><strong>celebraretur</strong></span> <span class='ocrx_word' id='word_1_409' title='bbox 3181 772 3669 843; x_wconf 86' lang='lat' dir='ltr'><strong>quadragesimus</strong></span> <span class='ocrx_word' id='word_1_410' title='bbox 3701 770 3846 835; x_wconf 91' lang='lat' dir='ltr'><strong>dies,</strong></span> 
     </span>
    </p>
   </div>
   <div class='ocr_carea' id='block_1_53' title="bbox 2148 858 3848 931">
    <p class='ocr_par' dir='ltr' id='par_1_53' title="bbox 2148 858 3848 931">
     <span class='ocr_line' id='line_1_54' title="bbox 2148 858 3848 931; baseline -0.007 -8"><span class='ocrx_word' id='word_1_411' title='bbox 2148 868 2339 923; x_wconf 92' lang='lat' dir='ltr'><strong>manci</strong></span> <span class='ocrx_word' id='word_1_412' title='bbox 2370 871 2564 921; x_wconf 89' lang='lat' dir='ltr'><strong>autem</strong></span> <span class='ocrx_word' id='word_1_413' title='bbox 2608 864 2830 919; x_wconf 87' lang='lat' dir='ltr'><strong>tertius.</strong></span> <span class='ocrx_word' id='word_1_414' title='bbox 2873 863 3017 917; x_wconf 90' lang='lat' dir='ltr'><strong>Cum</strong></span> <span class='ocrx_word' id='word_1_415' title='bbox 3070 861 3174 916; x_wconf 90' lang='lat' dir='ltr'><strong>hoc</strong></span> <span class='ocrx_word' id='word_1_416' title='bbox 3221 877 3357 931; x_wconf 92' lang='lat' dir='ltr'><strong>ergo</strong></span> <span class='ocrx_word' id='word_1_417' title='bbox 3390 860 3682 914; x_wconf 82' lang='lat' dir='ltr'><strong>didicisset</strong></span> <span class='ocrx_word' id='word_1_418' title='bbox 3714 858 3848 913; x_wconf 87' lang='lat' dir='ltr'><strong>Cro-</strong></span> 
     </span>
    </p>
   </div>
   <div class='ocr_carea' id='block_1_54' title="bbox 2148 948 3848 1025">
    <p class='ocr_par' dir='ltr' id='par_1_54' title="bbox 2148 948 3848 1025">
     <span class='ocr_line' id='line_1_55' title="bbox 2148 948 3848 1025; baseline -0.007 -12"><span class='ocrx_word' id='word_1_419' title='bbox 2148 958 2302 1023; x_wconf 88' lang='lat' dir='ltr'><strong>nius,</strong></span> <span class='ocrx_word' id='word_1_420' title='bbox 2336 957 2635 1025; x_wconf 87' lang='lat' dir='ltr'><strong>obstupuit</strong></span> <span class='ocrx_word' id='word_1_421' title='bbox 2666 971 2680 1021; x_wconf 88' lang='lat'><strong>;</strong></span> <span class='ocrx_word' id='word_1_422' title='bbox 2725 957 2780 1007; x_wconf 86' lang='lat' dir='ltr'><strong>et</strong></span> <span class='ocrx_word' id='word_1_423' title='bbox 2811 960 3103 1021; x_wconf 86' lang='lat' dir='ltr'><strong>acceptum</strong></span> <span class='ocrx_word' id='word_1_424' title='bbox 3152 949 3548 1020; x_wconf 87' lang='lat' dir='ltr'><strong>Evangelium,</strong></span> <span class='ocrx_word' id='word_1_425' title='bbox 3584 956 3640 1003; x_wconf 90' lang='lat' dir='ltr'><strong>ut</strong></span> <span class='ocrx_word' id='word_1_426' title='bbox 3676 948 3848 1002; x_wconf 80' lang='lat' dir='ltr'><strong>fidem</strong></span> 
     </span>
    </p>
   </div>
   <div class='ocr_carea' id='block_1_55' title="bbox 2146 1036 3849 1111">
    <p class='ocr_par' dir='ltr' id='par_1_55' title="bbox 2146 1036 3849 1111">
     <span class='ocr_line' id='line_1_56' title="bbox 2146 1036 3849 1111; baseline -0.006 -10"><span class='ocrx_word' id='word_1_427' title='bbox 2146 1046 2425 1101; x_wconf 91' lang='lat' dir='ltr'><strong>haberent</strong></span> <span class='ocrx_word' id='word_1_428' title='bbox 2456 1044 2780 1108; x_wconf 89' lang='lat' dir='ltr'><strong>audientes,</strong></span> <span class='ocrx_word' id='word_1_429' title='bbox 2818 1041 3011 1111; x_wconf 86' lang='lat' dir='ltr'><strong>posuit</strong></span> <span class='ocrx_word' id='word_1_430' title='bbox 3042 1039 3101 1093; x_wconf 91' lang='lat' dir='ltr'><strong>in</strong></span> <span class='ocrx_word' id='word_1_431' title='bbox 3146 1038 3339 1093; x_wconf 89' lang='lat' dir='ltr'><strong>medio</strong></span> <span class='ocrx_word' id='word_1_432' title='bbox 3372 1038 3645 1105; x_wconf 84' lang='lat' dir='ltr'><strong>fratrum;</strong></span> <span class='ocrx_word' id='word_1_433' title='bbox 3681 1040 3735 1091; x_wconf 90' lang='lat' dir='ltr'><strong>et</strong></span> <span class='ocrx_word' id='word_1_434' title='bbox 3766 1036 3849 1090; x_wconf 88' lang='lat' dir='ltr'><strong>eis</strong></span> 
     </span>
    </p>
   </div>
   <div class='ocr_carea' id='block_1_56' title="bbox 2138 1124 3847 1205">
    <p class='ocr_par' dir='ltr' id='par_1_56' title="bbox 2138 1124 3847 1205">
     <span class='ocr_line' id='line_1_57' title="bbox 2138 1124 3847 1205; baseline -0.008 -15"><span class='ocrx_word' id='word_1_435' title='bbox 2138 1136 2373 1205; x_wconf 89' lang='lat' dir='ltr'><strong>juravit,</strong></span> <span class='ocrx_word' id='word_1_436' title='bbox 2404 1150 2645 1188; x_wconf 82' lang='lat' dir='ltr'><strong>narrans</strong></span> <span class='ocrx_word' id='word_1_437' title='bbox 2668 1131 2861 1202; x_wconf 87' lang='lat' dir='ltr'><strong>magni</strong></span> <span class='ocrx_word' id='word_1_438' title='bbox 2894 1128 3130 1184; x_wconf 89' lang='lat' dir='ltr'><strong>Antonii</strong></span> <span class='ocrx_word' id='word_1_439' title='bbox 3164 1129 3233 1183; x_wconf 91' lang='lat' dir='ltr'><strong>de</strong></span> <span class='ocrx_word' id='word_1_440' title='bbox 3266 1128 3357 1182; x_wconf 90' lang='lat' dir='ltr'><strong>his</strong></span> <span class='ocrx_word' id='word_1_441' title='bbox 3406 1124 3847 1197; x_wconf 65' lang='lat' dir='ltr'><strong>praescientiam,</strong></span> 
     </span>
    </p>
   </div>
   <div class='ocr_carea' id='block_1_57' title="bbox 2143 1214 3846 1292">
    <p class='ocr_par' dir='ltr' id='par_1_57' title="bbox 2143 1214 3846 1292">
     <span class='ocr_line' id='line_1_58' title="bbox 2143 1214 3846 1292; baseline -0.009 -10"><span class='ocrx_word' id='word_1_442' title='bbox 2143 1231 2199 1282; x_wconf 89' lang='lat' dir='ltr'><strong>et</strong></span> <span class='ocrx_word' id='word_1_443' title='bbox 2246 1226 2315 1280; x_wconf 90' lang='lat' dir='ltr'><strong>de</strong></span> <span class='ocrx_word' id='word_1_444' title='bbox 2358 1225 2631 1280; x_wconf 91' lang='lat' dir='ltr'><strong>omnibus</strong></span> <span class='ocrx_word' id='word_1_445' title='bbox 2672 1240 2795 1292; x_wconf 69' lang='lat' dir='ltr'><strong>quas</strong></span> <span class='ocrx_word' id='word_1_446' title='bbox 2854 1221 3213 1285; x_wconf 88' lang='lat' dir='ltr'><strong>acciderunt,</strong></span> <span class='ocrx_word' id='word_1_447' title='bbox 3248 1223 3303 1272; x_wconf 92' lang='lat' dir='ltr'><strong>et</strong></span> <span class='ocrx_word' id='word_1_448' title='bbox 3336 1217 3569 1271; x_wconf 88' lang='lat' dir='ltr'><strong>dicens:</strong></span> <span class='ocrx_word' id='word_1_449' title='bbox 3626 1214 3846 1268; x_wconf 87' lang='lat' dir='ltr'><strong>Horum</strong></span> 
     </span>
    </p>
   </div>
   <div class='ocr_carea' id='block_1_58' title="bbox 2142 1302 3847 1387">
    <p class='ocr_par' dir='ltr' id='par_1_58' title="bbox 2142 1302 3847 1387">
     <span class='ocr_line' id='line_1_59' title="bbox 2142 1302 3847 1387; baseline -0.009 -15"><span class='ocrx_word' id='word_1_450' title='bbox 2142 1333 2276 1387; x_wconf 88' lang='lat' dir='ltr'><strong>ergo</strong></span> <span class='ocrx_word' id='word_1_451' title='bbox 2306 1317 2611 1372; x_wconf 89' lang='lat' dir='ltr'><strong>verborum</strong></span> <span class='ocrx_word' id='word_1_452' title='bbox 2661 1312 2739 1367; x_wconf 85' lang='lat' dir='ltr'><strong>tui</strong></span> <span class='ocrx_word' id='word_1_453' title='bbox 2780 1312 3089 1381; x_wconf 87' lang='lat' dir='ltr'><strong>interpres,</strong></span> <span class='ocrx_word' id='word_1_454' title='bbox 3135 1324 3268 1364; x_wconf 89' lang='lat' dir='ltr'><strong>cum</strong></span> <span class='ocrx_word' id='word_1_455' title='bbox 3313 1308 3516 1361; x_wconf 82' lang='lat' dir='ltr'><strong>beatus</strong></span> <span class='ocrx_word' id='word_1_456' title='bbox 3566 1302 3847 1358; x_wconf 89' lang='lat' dir='ltr'><strong>Antonius</strong></span> 
     </span>
    </p>
   </div>
   <div class='ocr_carea' id='block_1_59' title="bbox 2140 1393 3845 1471">
    <p class='ocr_par' dir='ltr' id='par_1_59' title="bbox 2140 1393 3845 1471">
     <span class='ocr_line' id='line_1_60' title="bbox 2140 1393 3845 1471; baseline -0.011 -9"><span class='ocrx_word' id='word_1_457' title='bbox 2140 1408 2329 1462; x_wconf 65' lang='lat' dir='ltr'><strong>Greece</strong></span> <span class='ocrx_word' id='word_1_458' title='bbox 2353 1407 2638 1470; x_wconf 89' lang='lat' dir='ltr'><strong>nesciret;</strong></span> <span class='ocrx_word' id='word_1_459' title='bbox 2664 1419 2769 1471; x_wconf 85' lang='lat' dir='ltr'><strong>ego</strong></span> <span class='ocrx_word' id='word_1_460' title='bbox 2793 1418 2928 1456; x_wconf 91' lang='lat' dir='ltr'><strong>vero</strong></span> <span class='ocrx_word' id='word_1_461' title='bbox 2953 1400 3208 1455; x_wconf 89' lang='lat' dir='ltr'><strong>sciebam</strong></span> <span class='ocrx_word' id='word_1_462' title='bbox 3232 1406 3532 1465; x_wconf 90' lang='lat' dir='ltr'><strong>utramque</strong></span> <span class='ocrx_word' id='word_1_463' title='bbox 3561 1393 3845 1463; x_wconf 73' lang='lat' dir='ltr'><strong>linguam,</strong></span> 
     </span>
    </p>
   </div>
   <div class='ocr_carea' id='block_1_60' title="bbox 2140 1484 3849 1563">
    <p class='ocr_par' dir='ltr' id='par_1_60' title="bbox 2140 1484 3849 1563">
     <span class='ocr_line' id='line_1_61' title="bbox 2140 1484 3849 1563; baseline -0.011 -11"><span class='ocrx_word' id='word_1_464' title='bbox 2140 1505 2192 1552; x_wconf 91' lang='lat' dir='ltr'><strong>et</strong></span> <span class='ocrx_word' id='word_1_465' title='bbox 2224 1497 2304 1553; x_wconf 93' lang='lat' dir='ltr'><strong>eis</strong></span> <span class='ocrx_word' id='word_1_466' title='bbox 2336 1512 2467 1551; x_wconf 88' lang='lat' dir='ltr'><strong>sum</strong></span> <span class='ocrx_word' id='word_1_467' title='bbox 2501 1495 2930 1563; x_wconf 88' lang='lat' dir='ltr'><strong>interpretatus,</strong></span> <span class='ocrx_word' id='word_1_468' title='bbox 2966 1490 3148 1544; x_wconf 87' lang='lat' dir='ltr'><strong>beatis</strong></span> <span class='ocrx_word' id='word_1_469' title='bbox 3181 1488 3417 1553; x_wconf 90' lang='lat' dir='ltr'><strong>quidem</strong></span> <span class='ocrx_word' id='word_1_470' title='bbox 3449 1484 3718 1552; x_wconf 89' lang='lat' dir='ltr'><strong>deinceps</strong></span> <span class='ocrx_word' id='word_1_471' title='bbox 3750 1497 3849 1552; x_wconf 90' lang='lat' dir='ltr'><strong>per</strong></span> 
     </span>
    </p>
   </div>
   <div class='ocr_carea' id='block_1_61' title="bbox 2138 1570 3844 1655">
    <p class='ocr_par' dir='ltr' id='par_1_61' title="bbox 2138 1570 3844 1655">
     <span class='ocr_line' id='line_1_62' title="bbox 2138 1570 3844 1655; baseline -0.009 -14"><span class='ocrx_word' id='word_1_472' title='bbox 2138 1585 2355 1642; x_wconf 90' lang='lat' dir='ltr'><strong>Christi</strong></span> <span class='ocrx_word' id='word_1_473' title='bbox 2388 1584 2673 1655; x_wconf 88' lang='lat' dir='ltr'><strong>gratiam:</strong></span> <span class='ocrx_word' id='word_1_474' title='bbox 2708 1580 2944 1641; x_wconf 69' lang='lat' dir='ltr'><strong>Eulogio</strong></span> <span class='ocrx_word' id='word_1_475' title='bbox 2975 1586 3029 1633; x_wconf 93' lang='lat' dir='ltr'><strong>et</strong></span> <span class='ocrx_word' id='word_1_476' title='bbox 3061 1592 3296 1646; x_wconf 90' lang='lat' dir='ltr'><strong>corpore</strong></span> <span class='ocrx_word' id='word_1_477' title='bbox 3332 1572 3599 1629; x_wconf 85' lang='lat' dir='ltr'><strong>mutilato</strong></span> <span class='ocrx_word' id='word_1_478' title='bbox 3630 1570 3844 1637; x_wconf 68' lang='lat' dir='ltr'><strong>Graece,</strong></span> 
     </span>
    </p>
   </div>
   <div class='ocr_carea' id='block_1_62' title="bbox 2140 1661 3846 1745">
    <p class='ocr_par' dir='ltr' id='par_1_62' title="bbox 2140 1661 3846 1745">
     <span class='ocr_line' id='line_1_63' title="bbox 2140 1661 3846 1745; baseline -0.009 -16"><span class='ocrx_word' id='word_1_479' title='bbox 2140 1691 2267 1745; x_wconf 68' lang='lat' dir='ltr'><strong>qua:</strong></span> <span class='ocrx_word' id='word_1_480' title='bbox 2294 1691 2326 1729; x_wconf 93' lang='lat' dir='ltr'><strong>a</strong></span> <span class='ocrx_word' id='word_1_481' title='bbox 2349 1688 2556 1744; x_wconf 89' lang='lat' dir='ltr'><strong>magno</strong></span> <span class='ocrx_word' id='word_1_482' title='bbox 2579 1672 2734 1725; x_wconf 89' lang='lat' dir='ltr'><strong>dicta</strong></span> <span class='ocrx_word' id='word_1_483' title='bbox 2774 1673 2911 1724; x_wconf 90' lang='lat' dir='ltr'><strong>sunt</strong></span> <span class='ocrx_word' id='word_1_484' title='bbox 2934 1688 2949 1735; x_wconf 85' lang='lat'><strong>;</strong></span> <span class='ocrx_word' id='word_1_485' title='bbox 2974 1668 3086 1739; x_wconf 90' lang='lat' dir='ltr'><strong>ipsi</strong></span> <span class='ocrx_word' id='word_1_486' title='bbox 3114 1672 3307 1721; x_wconf 90' lang='lat' dir='ltr'><strong>autem</strong></span> <span class='ocrx_word' id='word_1_487' title='bbox 3346 1668 3548 1718; x_wconf 89' lang='lat' dir='ltr'><strong>sancto</strong></span> <span class='ocrx_word' id='word_1_488' title='bbox 3584 1665 3642 1716; x_wconf 91' lang='lat' dir='ltr'><strong>et</strong></span> <span class='ocrx_word' id='word_1_489' title='bbox 3682 1661 3846 1714; x_wconf 87' lang='lat' dir='ltr'><strong>beato</strong></span> 
     </span>
    </p>
   </div>
   <div class='ocr_carea' id='block_1_63' title="bbox 2064 1746 3845 1861">
    <p class='ocr_par' dir='ltr' id='par_1_63' title="bbox 2064 1746 3845 1861">
     <span class='ocr_line' id='line_1_64' title="bbox 2064 1746 3845 1861; baseline -0.01 -43"><span class='ocrx_word' id='word_1_490' title='bbox 2064 1796 2111 1861; x_wconf 82' lang='grc' dir='ltr'><strong>Β</strong></span> <span class='ocrx_word' id='word_1_491' title='bbox 2140 1777 2466 1834; x_wconf 71' lang='lat' dir='ltr'><strong>magnoque</strong></span> <span class='ocrx_word' id='word_1_492' title='bbox 2518 1758 2768 1815; x_wconf 88' lang='lat' dir='ltr'><strong>Antonio</strong></span> <span class='ocrx_word' id='word_1_493' title='bbox 2818 1757 3168 1829; x_wconf 69' lang='lat' dir='ltr'><strong>Egyptiace,</strong></span> <span class='ocrx_word' id='word_1_494' title='bbox 3214 1771 3343 1825; x_wconf 68' lang='lat' dir='ltr'><strong>quae</strong></span> <span class='ocrx_word' id='word_1_495' title='bbox 3391 1753 3548 1808; x_wconf 87' lang='lat' dir='ltr'><strong>dicta</strong></span> <span class='ocrx_word' id='word_1_496' title='bbox 3594 1753 3731 1805; x_wconf 90' lang='lat' dir='ltr'><strong>sunt</strong></span> <span class='ocrx_word' id='word_1_497' title='bbox 3776 1746 3845 1802; x_wconf 89' lang='lat' dir='ltr'><strong>ab</strong></span> 
     </span>
    </p>
   </div>
   <div class='ocr_carea' id='block_1_64' title="bbox 2145 1859 2417 1925">
    <p class='ocr_par' dir='ltr' id='par_1_64' title="bbox 2145 1859 2417 1925">
     <span class='ocr_line' id='line_1_65' title="bbox 2145 1859 2417 1925; baseline -0.007 -16"><span class='ocrx_word' id='word_1_498' title='bbox 2145 1859 2417 1925; x_wconf 87' lang='lat' dir='ltr'><strong>utroque.</strong></span> 
     </span>
    </p>
   </div>
   <div class='ocr_carea' id='block_1_65' title="bbox 2746 1935 3241 1993">
    <p class='ocr_par' dir='ltr' id='par_1_65' title="bbox 2746 1935 3241 1993">
     <span class='ocr_line' id='line_1_66' title="bbox 2746 1935 3241 1993; baseline -0.01 0"><span class='ocrx_word' id='word_1_499' title='bbox 2746 1937 2979 1993; x_wconf 85' lang='lat' dir='ltr'><strong>CAPUT</strong></span> <span class='ocrx_word' id='word_1_500' title='bbox 3030 1935 3241 1991; x_wconf 82' lang='lat' dir='ltr'><strong>XXVII.</strong></span> 
     </span>
    </p>
   </div>
   <div class='ocr_carea' id='block_1_66' title="bbox 2279 2022 3706 2100">
    <p class='ocr_par' dir='ltr' id='par_1_66' title="bbox 2279 2022 3706 2100">
     <span class='ocr_line' id='line_1_67' title="bbox 2279 2022 3706 2100; baseline -0.009 -14"><span class='ocrx_word' id='word_1_501' title='bbox 2279 2033 2351 2086; x_wconf 76' lang='lat' dir='ltr'><strong>De</strong></span> <span class='ocrx_word' id='word_1_502' title='bbox 2377 2029 2826 2100; x_wconf 79' lang='lat' dir='ltr'><strong>contemplatione</strong></span> <span class='ocrx_word' id='word_1_503' title='bbox 2855 2043 3025 2097; x_wconf 84' lang='lat' dir='ltr'><strong>quam</strong></span> <span class='ocrx_word' id='word_1_504' title='bbox 3050 2024 3197 2079; x_wconf 81' lang='lat' dir='ltr'><strong>vidit</strong></span> <span class='ocrx_word' id='word_1_505' title='bbox 3226 2022 3396 2078; x_wconf 81' lang='lat' dir='ltr'><strong>abbas</strong></span> <span class='ocrx_word' id='word_1_506' title='bbox 3427 2022 3706 2077; x_wconf 79' lang='lat' dir='ltr'><strong>Antonius.</strong></span> 
     </span>
    </p>
   </div>
   <div class='ocr_carea' id='block_1_67' title="bbox 2218 2114 3842 2191">
    <p class='ocr_par' dir='ltr' id='par_1_67' title="bbox 2218 2114 3842 2191">
     <span class='ocr_line' id='line_1_68' title="bbox 2218 2114 3842 2191; baseline -0.01 -15"><span class='ocrx_word' id='word_1_507' title='bbox 2218 2122 2335 2177; x_wconf 87' lang='lat' dir='ltr'><strong>Hoc</strong></span> <span class='ocrx_word' id='word_1_508' title='bbox 2364 2135 2598 2191; x_wconf 87' lang='lat' dir='ltr'><strong>quoque</strong></span> <span class='ocrx_word' id='word_1_509' title='bbox 2643 2119 2896 2172; x_wconf 85' lang='lat' dir='ltr'><strong>narravit</strong></span> <span class='ocrx_word' id='word_1_510' title='bbox 2944 2116 3189 2169; x_wconf 90' lang='lat' dir='ltr'><strong>Cronius</strong></span> <span class='ocrx_word' id='word_1_511' title='bbox 3219 2114 3317 2167; x_wconf 92' lang='lat' dir='ltr'><strong>illa</strong></span> <span class='ocrx_word' id='word_1_512' title='bbox 3369 2116 3536 2167; x_wconf 91' lang='lat' dir='ltr'><strong>nocte</strong></span> <span class='ocrx_word' id='word_1_513' title='bbox 3567 2122 3842 2180; x_wconf 89' lang='lat' dir='ltr'><strong>magnum</strong></span> 
     </span>
    </p>
   </div>
   <div class='ocr_carea' id='block_1_68' title="bbox 2146 2200 3844 2275">
    <p class='ocr_par' dir='ltr' id='par_1_68' title="bbox 2146 2200 3844 2275">
     <span class='ocr_line' id='line_1_69' title="bbox 2146 2200 3844 2275; baseline -0.009 -10"><span class='ocrx_word' id='word_1_514' title='bbox 2146 2211 2229 2265; x_wconf 89' lang='lat' dir='ltr'><strong>eis</strong></span> <span class='ocrx_word' id='word_1_515' title='bbox 2279 2224 2547 2263; x_wconf 87' lang='lat' dir='ltr'><strong>narrasse</strong></span> <span class='ocrx_word' id='word_1_516' title='bbox 2587 2206 2903 2261; x_wconf 87' lang='lat' dir='ltr'><strong>Antonium</strong></span> <span class='ocrx_word' id='word_1_517' title='bbox 2948 2220 2961 2259; x_wconf 91' lang='lat'>:</span> <span class='ocrx_word' id='word_1_518' title='bbox 3005 2205 3142 2275; x_wconf 85' lang='lat' dir='ltr'><strong>Ego,</strong></span> <span class='ocrx_word' id='word_1_519' title='bbox 3191 2202 3401 2271; x_wconf 87' lang='lat' dir='ltr'><strong>aiebat,</strong></span> <span class='ocrx_word' id='word_1_520' title='bbox 3436 2217 3586 2255; x_wconf 90' lang='lat' dir='ltr'><strong>anno</strong></span> <span class='ocrx_word' id='word_1_521' title='bbox 3619 2200 3844 2267; x_wconf 87' lang='lat' dir='ltr'><strong>integro</strong></span> 
     </span>
    </p>
   </div>
   <div class='ocr_carea' id='block_1_69' title="bbox 2144 2293 3843 2362">
    <p class='ocr_par' dir='ltr' id='par_1_69' title="bbox 2144 2293 3843 2362">
     <span class='ocr_line' id='line_1_70' title="bbox 2144 2293 3843 2362; baseline -0.008 -8"><span class='ocrx_word' id='word_1_522' title='bbox 2144 2316 2441 2355; x_wconf 89' lang='lat' dir='ltr'><strong>oraveram</strong></span> <span class='ocrx_word' id='word_1_523' title='bbox 2469 2303 2532 2352; x_wconf 90' lang='lat' dir='ltr'><strong>nt</strong></span> <span class='ocrx_word' id='word_1_524' title='bbox 2564 2296 2911 2352; x_wconf 87' lang='lat' dir='ltr'><strong>revelaretur</strong></span> <span class='ocrx_word' id='word_1_525' title='bbox 2945 2296 3083 2349; x_wconf 90' lang='lat' dir='ltr'><strong>mihi</strong></span> <span class='ocrx_word' id='word_1_526' title='bbox 3119 2293 3592 2362; x_wconf 88' lang='lat' dir='ltr'><strong>locusjustorum</strong></span> <span class='ocrx_word' id='word_1_527' title='bbox 3625 2293 3681 2343; x_wconf 89' lang='lat' dir='ltr'><strong>et</strong></span> <span class='ocrx_word' id='word_1_528' title='bbox 3714 2302 3843 2358; x_wconf 90' lang='lat' dir='ltr'><strong>pec-</strong></span> 
     </span>
    </p>
   </div>
   <div class='ocr_carea' id='block_1_70' title="bbox 2144 2376 3840 2458">
    <p class='ocr_par' dir='ltr' id='par_1_70' title="bbox 2144 2376 3840 2458">
     <span class='ocr_line' id='line_1_71' title="bbox 2144 2376 3840 2458; baseline -0.01 -11"><span class='ocrx_word' id='word_1_529' title='bbox 2144 2397 2402 2447; x_wconf 87' lang='lat' dir='ltr'><strong>catorum</strong></span> <span class='ocrx_word' id='word_1_530' title='bbox 2437 2390 2643 2458; x_wconf 85' lang='lat' dir='ltr'><strong>(Supra</strong></span> <span class='ocrx_word' id='word_1_531' title='bbox 2672 2388 2708 2442; x_wconf 84' lang='grc' dir='ltr'><strong>ι.</strong></span> <span class='ocrx_word' id='word_1_532' title='bbox 2735 2405 2773 2455; x_wconf 86' lang='grc' dir='ltr'><strong>ι,</strong></span> <span class='ocrx_word' id='word_1_533' title='bbox 2805 2388 2863 2440; x_wconf 82' lang='lat' dir='ltr'><strong>in</strong></span> <span class='ocrx_word' id='word_1_534' title='bbox 2902 2384 3097 2441; x_wconf 78' lang='lat' dir='ltr'><strong>Vitas.</strong></span> <span class='ocrx_word' id='word_1_535' title='bbox 3133 2386 3379 2453; x_wconf 68' lang='lat' dir='ltr'><strong>Antonii,</strong></span> <span class='ocrx_word' id='word_1_536' title='bbox 3411 2398 3457 2437; x_wconf 77' lang='grc' dir='ltr'><strong>ε.</strong></span> <span class='ocrx_word' id='word_1_537' title='bbox 3491 2382 3597 2447; x_wconf 90' lang='lat'><strong>38;</strong></span> <span class='ocrx_word' id='word_1_538' title='bbox 3622 2376 3840 2443; x_wconf 75' lang='lat' dir='ltr'><strong>Pasch.,</strong></span> 
     </span>
    </p>
   </div>
   <div class='ocr_carea' id='block_1_71' title="bbox 2143 2470 3841 2550">
    <p class='ocr_par' dir='ltr' id='par_1_71' title="bbox 2143 2470 3841 2550">
     <span class='ocr_line' id='line_1_72' title="bbox 2143 2470 3841 2550; baseline -0.009 -15"><span class='ocrx_word' id='word_1_539' title='bbox 2143 2496 2190 2535; x_wconf 73' lang='grc' dir='ltr'><strong>ε.</strong></span> <span class='ocrx_word' id='word_1_540' title='bbox 2229 2479 2313 2547; x_wconf 83' lang='grc'><strong>19,</strong></span> <span class='ocrx_word' id='word_1_541' title='bbox 2336 2497 2392 2533; x_wconf 85' lang='lat' dir='ltr'><strong>n.</strong></span> <span class='ocrx_word' id='word_1_542' title='bbox 2415 2480 2488 2550; x_wconf 77' lang='lat' dir='ltr'><strong>lt).</strong></span> <span class='ocrx_word' id='word_1_543' title='bbox 2521 2477 2645 2532; x_wconf 91' lang='lat' dir='ltr'><strong>Vidi</strong></span> <span class='ocrx_word' id='word_1_544' title='bbox 2674 2489 2864 2532; x_wconf 85' lang='lat' dir='ltr'><strong>autem</strong></span> <span class='ocrx_word' id='word_1_545' title='bbox 2888 2476 3179 2547; x_wconf 68' lang='lat' dir='ltr'><strong>gigantem</strong></span> <span class='ocrx_word' id='word_1_546' title='bbox 3208 2476 3437 2544; x_wconf 90' lang='lat' dir='ltr'><strong>nigrum</strong></span> <span class='ocrx_word' id='word_1_547' title='bbox 3462 2470 3841 2534; x_wconf 79' lang='lat' dir='ltr'><strong>altissimum,</strong></span> 
     </span>
    </p>
   </div>
   <div class='ocr_carea' id='block_1_72' title="bbox 2143 2562 3842 2639">
    <p class='ocr_par' dir='ltr' id='par_1_72' title="bbox 2143 2562 3842 2639">
     <span class='ocr_line' id='line_1_73' title="bbox 2143 2562 3842 2639; baseline -0.009 -15"><span class='ocrx_word' id='word_1_548' title='bbox 2143 2569 2235 2639; x_wconf 90' lang='lat' dir='ltr'><strong>qui</strong></span> <span class='ocrx_word' id='word_1_549' title='bbox 2268 2570 2338 2623; x_wconf 90' lang='lat' dir='ltr'><strong>ad</strong></span> <span class='ocrx_word' id='word_1_550' title='bbox 2373 2570 2557 2623; x_wconf 91' lang='lat' dir='ltr'><strong>nubes</strong></span> <span class='ocrx_word' id='word_1_551' title='bbox 2589 2583 2772 2637; x_wconf 89' lang='lat' dir='ltr'><strong>usque</strong></span> <span class='ocrx_word' id='word_1_552' title='bbox 2807 2566 3183 2635; x_wconf 86' lang='lat' dir='ltr'><strong>pertmgebat,</strong></span> <span class='ocrx_word' id='word_1_553' title='bbox 3216 2562 3466 2617; x_wconf 86' lang='lat' dir='ltr'><strong>habebat</strong></span> <span class='ocrx_word' id='word_1_554' title='bbox 3499 2564 3691 2614; x_wconf 89' lang='lat' dir='ltr'><strong>autem</strong></span> <span class='ocrx_word' id='word_1_555' title='bbox 3718 2573 3842 2609; x_wconf 88' lang='lat' dir='ltr'><strong>ma-</strong></span> 
     </span>
    </p>
   </div>
   <div class='ocr_carea' id='block_1_73' title="bbox 2144 2652 3844 2725">
    <p class='ocr_par' dir='ltr' id='par_1_73' title="bbox 2144 2652 3844 2725">
     <span class='ocr_line' id='line_1_74' title="bbox 2144 2652 3844 2725; baseline -0.008 -12"><span class='ocrx_word' id='word_1_556' title='bbox 2144 2676 2252 2713; x_wconf 92' lang='lat' dir='ltr'><strong>nus</strong></span> <span class='ocrx_word' id='word_1_557' title='bbox 2301 2658 2372 2713; x_wconf 92' lang='lat' dir='ltr'><strong>ad</strong></span> <span class='ocrx_word' id='word_1_558' title='bbox 2412 2658 2620 2712; x_wconf 82' lang='lat' dir='ltr'><strong>ccslum</strong></span> <span class='ocrx_word' id='word_1_559' title='bbox 2673 2671 2853 2725; x_wconf 84' lang='lat' dir='ltr'><strong>usque</strong></span> <span class='ocrx_word' id='word_1_560' title='bbox 2901 2662 3165 2708; x_wconf 84' lang='lat' dir='ltr'><strong>extensas</strong></span> <span class='ocrx_word' id='word_1_561' title='bbox 3205 2670 3220 2719; x_wconf 89' lang='lat'><strong>;</strong></span> <span class='ocrx_word' id='word_1_562' title='bbox 3274 2654 3424 2705; x_wconf 74' lang='lat' dir='ltr'><strong>intra</strong></span> <span class='ocrx_word' id='word_1_563' title='bbox 3468 2653 3664 2702; x_wconf 88' lang='lat' dir='ltr'><strong>autem</strong></span> <span class='ocrx_word' id='word_1_564' title='bbox 3724 2652 3844 2699; x_wconf 89' lang='lat' dir='ltr'><strong>erat</strong></span> 
     </span>
    </p>
   </div>
   <div class='ocr_carea' id='block_1_74' title="bbox 2139 2737 3843 2817">
    <p class='ocr_par' dir='ltr' id='par_1_74' title="bbox 2139 2737 3843 2817">
     <span class='ocr_line' id='line_1_75' title="bbox 2139 2737 3843 2817; baseline -0.009 -15"><span class='ocrx_word' id='word_1_565' title='bbox 2139 2747 2302 2803; x_wconf 87' lang='lat' dir='ltr'><strong>lacus</strong></span> <span class='ocrx_word' id='word_1_566' title='bbox 2342 2748 2440 2817; x_wconf 91' lang='lat' dir='ltr'><strong>qui</strong></span> <span class='ocrx_word' id='word_1_567' title='bbox 2476 2762 2631 2800; x_wconf 91' lang='lat' dir='ltr'><strong>mare</strong></span> <span class='ocrx_word' id='word_1_568' title='bbox 2664 2744 2932 2815; x_wconf 73' lang='lat' dir='ltr'><strong>aaquabat</strong></span> <span class='ocrx_word' id='word_1_569' title='bbox 2981 2741 3401 2811; x_wconf 85' lang='lat' dir='ltr'><strong>magnitudine.</strong></span> <span class='ocrx_word' id='word_1_570' title='bbox 3457 2737 3580 2791; x_wconf 91' lang='lat' dir='ltr'><strong>Vidi</strong></span> <span class='ocrx_word' id='word_1_571' title='bbox 3616 2748 3843 2804; x_wconf 83' lang='lat' dir='ltr'><strong>quoque</strong></span> 
     </span>
    </p>
   </div>
   <div class='ocr_carea' id='block_1_75' title="bbox 2140 2830 3843 2905">
    <p class='ocr_par' dir='ltr' id='par_1_75' title="bbox 2140 2830 3843 2905">
     <span class='ocr_line' id='line_1_76' title="bbox 2140 2830 3843 2905; baseline -0.011 -12"><span class='ocrx_word' id='word_1_572' title='bbox 2140 2840 2366 2894; x_wconf 87' lang='lat' dir='ltr'><strong>animas</strong></span> <span class='ocrx_word' id='word_1_573' title='bbox 2396 2842 2669 2905; x_wconf 89' lang='lat' dir='ltr'><strong>tanquam</strong></span> <span class='ocrx_word' id='word_1_574' title='bbox 2702 2850 2835 2889; x_wconf 87' lang='lat' dir='ltr'><strong>aves</strong></span> <span class='ocrx_word' id='word_1_575' title='bbox 2883 2848 3121 2887; x_wconf 89' lang='lat' dir='ltr'><strong>sursum</strong></span> <span class='ocrx_word' id='word_1_576' title='bbox 3156 2830 3449 2895; x_wconf 87' lang='lat' dir='ltr'><strong>volantes;</strong></span> <span class='ocrx_word' id='word_1_577' title='bbox 3484 2833 3539 2882; x_wconf 90' lang='lat' dir='ltr'><strong>et</strong></span> <span class='ocrx_word' id='word_1_578' title='bbox 3564 2840 3843 2896; x_wconf 70' lang='lat' dir='ltr'><strong>quascun-</strong></span> 
     </span>
    </p>
   </div>
   <div class='ocr_carea' id='block_1_76' title="bbox 2141 2919 3837 2999">
    <p class='ocr_par' dir='ltr' id='par_1_76' title="bbox 2141 2919 3837 2999">
     <span class='ocr_line' id='line_1_77' title="bbox 2141 2919 3837 2999; baseline -0.01 -16"><span class='ocrx_word' id='word_1_579' title='bbox 2141 2945 2253 2999; x_wconf 90' lang='lat' dir='ltr'><strong>que</strong></span> <span class='ocrx_word' id='word_1_580' title='bbox 2274 2927 2508 2997; x_wconf 85' lang='lat' dir='ltr'><strong>quidem</strong></span> <span class='ocrx_word' id='word_1_581' title='bbox 2539 2926 2661 2994; x_wconf 78' lang='lat' dir='ltr'><strong>ejus</strong></span> <span class='ocrx_word' id='word_1_582' title='bbox 2696 2941 2903 2978; x_wconf 89' lang='lat' dir='ltr'><strong>manus</strong></span> <span class='ocrx_word' id='word_1_583' title='bbox 2935 2928 2989 2976; x_wconf 89' lang='lat' dir='ltr'><strong>et</strong></span> <span class='ocrx_word' id='word_1_584' title='bbox 3019 2927 3195 2992; x_wconf 89' lang='lat' dir='ltr'><strong>caput</strong></span> <span class='ocrx_word' id='word_1_585' title='bbox 3224 2919 3695 2990; x_wconf 90' lang='lat' dir='ltr'><strong>supervolabant,</strong></span> <span class='ocrx_word' id='word_1_586' title='bbox 3721 2930 3837 2968; x_wconf 85' lang='lat' dir='ltr'><strong>ser-</strong></span> 
     </span>
    </p>
   </div>
   <div class='ocr_carea' id='block_1_77' title="bbox 2138 3006 3835 3081">
    <p class='ocr_par' dir='ltr' id='par_1_77' title="bbox 2138 3006 3835 3081">
     <span class='ocr_line' id='line_1_78' title="bbox 2138 3006 3835 3081; baseline -0.009 -10"><span class='ocrx_word' id='word_1_587' title='bbox 2138 3019 2425 3071; x_wconf 88' lang='lat' dir='ltr'><strong>vabantur</strong></span> <span class='ocrx_word' id='word_1_588' title='bbox 2472 3014 2544 3068; x_wconf 90' lang='lat' dir='ltr'><strong>ab</strong></span> <span class='ocrx_word' id='word_1_589' title='bbox 2592 3013 2811 3081; x_wconf 75' lang='lat' dir='ltr'><strong>angelis</strong></span> <span class='ocrx_word' id='word_1_590' title='bbox 2854 3031 2868 3079; x_wconf 84' lang='lat'><strong>;</strong></span> <span class='ocrx_word' id='word_1_591' title='bbox 2918 3028 3042 3080; x_wconf 72' lang='lat' dir='ltr'><strong>quas</strong></span> <span class='ocrx_word' id='word_1_592' title='bbox 3094 3020 3289 3064; x_wconf 86' lang='lat' dir='ltr'><strong>autem</strong></span> <span class='ocrx_word' id='word_1_593' title='bbox 3338 3026 3369 3062; x_wconf 89' lang='lat' dir='ltr'><strong>a</strong></span> <span class='ocrx_word' id='word_1_594' title='bbox 3405 3007 3676 3061; x_wconf 87' lang='lat' dir='ltr'><strong>manibus</strong></span> <span class='ocrx_word' id='word_1_595' title='bbox 3711 3006 3835 3070; x_wconf 84' lang='lat' dir='ltr'><strong>ejus</strong></span> 
     </span>
    </p>
   </div>
   <div class='ocr_carea' id='block_1_78' title="bbox 2137 3094 3837 3168">
    <p class='ocr_par' dir='ltr' id='par_1_78' title="bbox 2137 3094 3837 3168">
     <span class='ocr_line' id='line_1_79' title="bbox 2137 3094 3837 3168; baseline -0.009 -8"><span class='ocrx_word' id='word_1_596' title='bbox 2137 3108 2611 3168; x_wconf 82' lang='lat' dir='ltr'><strong>verberabantur,</strong></span> <span class='ocrx_word' id='word_1_597' title='bbox 2660 3101 2994 3156; x_wconf 84' lang='lat' dir='ltr'><strong>incidebant</strong></span> <span class='ocrx_word' id='word_1_598' title='bbox 3038 3100 3096 3152; x_wconf 90' lang='lat' dir='ltr'><strong>in</strong></span> <span class='ocrx_word' id='word_1_599' title='bbox 3149 3099 3359 3151; x_wconf 88' lang='lat' dir='ltr'><strong>lacum.</strong></span> <span class='ocrx_word' id='word_1_600' title='bbox 3393 3096 3473 3147; x_wconf 79' lang='lat' dir='ltr'><strong>Ad</strong></span> <span class='ocrx_word' id='word_1_601' title='bbox 3523 3110 3611 3147; x_wconf 89' lang='lat' dir='ltr'><strong>me</strong></span> <span class='ocrx_word' id='word_1_602' title='bbox 3646 3094 3837 3160; x_wconf 88' lang='lat' dir='ltr'><strong>itaque</strong></span> 
     </span>
    </p>
   </div>
   <div class='ocr_carea' id='block_1_79' title="bbox 2136 3184 3837 3262">
    <p class='ocr_par' dir='ltr' id='par_1_79' title="bbox 2136 3184 3837 3262">
     <span class='ocr_line' id='line_1_80' title="bbox 2136 3184 3837 3262; baseline -0.008 -14"><span class='ocrx_word' id='word_1_603' title='bbox 2136 3211 2242 3248; x_wconf 88' lang='lat' dir='ltr'><strong>vox</strong></span> <span class='ocrx_word' id='word_1_604' title='bbox 2274 3191 2550 3262; x_wconf 84' lang='lat' dir='ltr'><strong>pervenit,</strong></span> <span class='ocrx_word' id='word_1_605' title='bbox 2580 3208 2710 3261; x_wconf 73' lang='lat' dir='ltr'><strong>quas</strong></span> <span class='ocrx_word' id='word_1_606' title='bbox 2753 3188 2978 3243; x_wconf 84' lang='lat' dir='ltr'><strong>dicebat</strong></span> <span class='ocrx_word' id='word_1_607' title='bbox 3022 3204 3034 3241; x_wconf 89' lang='lat'><strong>:</strong></span> <span class='ocrx_word' id='word_1_608' title='bbox 3087 3188 3238 3252; x_wconf 91' lang='lat' dir='ltr'><strong>Quas</strong></span> <span class='ocrx_word' id='word_1_609' title='bbox 3279 3187 3436 3239; x_wconf 87' lang='lat' dir='ltr'><strong>vides</strong></span> <span class='ocrx_word' id='word_1_610' title='bbox 3479 3184 3708 3238; x_wconf 89' lang='lat' dir='ltr'><strong>animas</strong></span> <span class='ocrx_word' id='word_1_611' title='bbox 3740 3198 3837 3235; x_wconf 93' lang='lat' dir='ltr'><strong>su-</strong></span> 
     </span>
    </p>
   </div>
   <div class='ocr_carea' id='block_1_80' title="bbox 2137 3276 3840 3353">
    <p class='ocr_par' dir='ltr' id='par_1_80' title="bbox 2137 3276 3840 3353">
     <span class='ocr_line' id='line_1_81' title="bbox 2137 3276 3840 3353; baseline -0.008 -15"><span class='ocrx_word' id='word_1_612' title='bbox 2137 3284 2458 3353; x_wconf 68' lang='lat' dir='ltr'><strong>pervutasse</strong></span> <span class='ocrx_word' id='word_1_613' title='bbox 2508 3285 2685 3349; x_wconf 89' lang='lat' dir='ltr'><strong>caput</strong></span> <span class='ocrx_word' id='word_1_614' title='bbox 2730 3279 2983 3349; x_wconf 87' lang='lat' dir='ltr'><strong>gigantis</strong></span> <span class='ocrx_word' id='word_1_615' title='bbox 3021 3283 3079 3332; x_wconf 91' lang='lat' dir='ltr'><strong>et</strong></span> <span class='ocrx_word' id='word_1_616' title='bbox 3136 3279 3262 3345; x_wconf 83' lang='lat' dir='ltr'><strong>ejus</strong></span> <span class='ocrx_word' id='word_1_617' title='bbox 3310 3290 3542 3337; x_wconf 89' lang='lat' dir='ltr'><strong>manus,</strong></span> <span class='ocrx_word' id='word_1_618' title='bbox 3572 3288 3650 3327; x_wconf 72' lang='lat' dir='ltr'><strong>eas</strong></span> <span class='ocrx_word' id='word_1_619' title='bbox 3699 3276 3840 3325; x_wconf 90' lang='lat' dir='ltr'><strong>sunt</strong></span> 
     </span>
    </p>
   </div>
   <div class='ocr_carea' id='block_1_81' title="bbox 2135 3362 3839 3439">
    <p class='ocr_par' dir='ltr' id='par_1_81' title="bbox 2135 3362 3839 3439">
     <span class='ocr_line' id='line_1_82' title="bbox 2135 3362 3839 3439; baseline -0.007 -14"><span class='ocrx_word' id='word_1_620' title='bbox 2135 3371 2687 3439; x_wconf 71' lang='lat' dir='ltr'><strong>animaajustorum,</strong></span> <span class='ocrx_word' id='word_1_621' title='bbox 2720 3384 2846 3438; x_wconf 81' lang='lat' dir='ltr'><strong>quas</strong></span> <span class='ocrx_word' id='word_1_622' title='bbox 2897 3366 3131 3437; x_wconf 84' lang='lat' dir='ltr'><strong>quidem</strong></span> <span class='ocrx_word' id='word_1_623' title='bbox 3180 3365 3250 3419; x_wconf 85' lang='lat' dir='ltr'><strong>ab</strong></span> <span class='ocrx_word' id='word_1_624' title='bbox 3283 3362 3506 3434; x_wconf 88' lang='lat' dir='ltr'><strong>angelis</strong></span> <span class='ocrx_word' id='word_1_625' title='bbox 3537 3369 3839 3416; x_wconf 84' lang='lat' dir='ltr'><strong>servantur</strong></span> 
     </span>
    </p>
   </div>
   <div class='ocr_carea' id='block_1_82' title="bbox 2134 3454 3836 3530">
    <p class='ocr_par' dir='ltr' id='par_1_82' title="bbox 2134 3454 3836 3530">
     <span class='ocr_line' id='line_1_83' title="bbox 2134 3454 3836 3530; baseline -0.008 -15"><span class='ocrx_word' id='word_1_626' title='bbox 2134 3460 2195 3515; x_wconf 90' lang='lat' dir='ltr'><strong>iu</strong></span> <span class='ocrx_word' id='word_1_627' title='bbox 2229 3460 2537 3530; x_wconf 87' lang='lat' dir='ltr'><strong>paradiso:</strong></span> <span class='ocrx_word' id='word_1_628' title='bbox 2574 3474 2699 3527; x_wconf 67' lang='lat' dir='ltr'><strong>quas</strong></span> <span class='ocrx_word' id='word_1_629' title='bbox 2733 3463 2925 3513; x_wconf 86' lang='lat' dir='ltr'><strong>autem</strong></span> <span class='ocrx_word' id='word_1_630' title='bbox 2952 3473 2985 3509; x_wconf 88' lang='lat' dir='ltr'><strong>a</strong></span> <span class='ocrx_word' id='word_1_631' title='bbox 3018 3455 3289 3509; x_wconf 88' lang='lat' dir='ltr'><strong>manibus</strong></span> <span class='ocrx_word' id='word_1_632' title='bbox 3322 3454 3468 3524; x_wconf 87' lang='lat' dir='ltr'><strong>nigri</strong></span> <span class='ocrx_word' id='word_1_633' title='bbox 3506 3454 3836 3522; x_wconf 87' lang='lat' dir='ltr'><strong>percutiun-</strong></span> 
     </span>
    </p>
   </div>
   <div class='ocr_carea' id='block_1_83' title="bbox 2132 3541 3833 3617">
    <p class='ocr_par' dir='ltr' id='par_1_83' title="bbox 2132 3541 3833 3617">
     <span class='ocr_line' id='line_1_84' title="bbox 2132 3541 3833 3617; baseline -0.006 -14"><span class='ocrx_word' id='word_1_634' title='bbox 2132 3553 2247 3617; x_wconf 88' lang='lat' dir='ltr'><strong>tur,</strong></span> <span class='ocrx_word' id='word_1_635' title='bbox 2280 3566 2358 3604; x_wconf 71' lang='lat' dir='ltr'><strong>eas</strong></span> <span class='ocrx_word' id='word_1_636' title='bbox 2391 3550 2446 3603; x_wconf 90' lang='lat' dir='ltr'><strong>in</strong></span> <span class='ocrx_word' id='word_1_637' title='bbox 2492 3549 2717 3601; x_wconf 90' lang='lat' dir='ltr'><strong>interno</strong></span> <span class='ocrx_word' id='word_1_638' title='bbox 2748 3548 3191 3616; x_wconf 85' lang='lat' dir='ltr'><strong>demerguntur.</strong></span> <span class='ocrx_word' id='word_1_639' title='bbox 3224 3544 3357 3608; x_wconf 77' lang='lat' dir='ltr'><strong>Quae</strong></span> <span class='ocrx_word' id='word_1_640' title='bbox 3388 3541 3622 3612; x_wconf 82' lang='lat' dir='ltr'><strong>quidem</strong></span> <span class='ocrx_word' id='word_1_641' title='bbox 3657 3545 3833 3593; x_wconf 82' lang='lat' dir='ltr'><strong>attra-</strong></span> 
     </span>
    </p>
   </div>
   <div class='ocr_carea' id='block_1_84' title="bbox 2133 3632 3832 3698">
    <p class='ocr_par' dir='ltr' id='par_1_84' title="bbox 2133 3632 3832 3698">
     <span class='ocr_line' id='line_1_85' title="bbox 2133 3632 3832 3698; baseline -0.009 -3"><span class='ocrx_word' id='word_1_642' title='bbox 2133 3647 2233 3695; x_wconf 67' lang='lat' dir='ltr'><strong>ctis</strong></span> <span class='ocrx_word' id='word_1_643' title='bbox 2268 3640 2553 3693; x_wconf 85' lang='lat' dir='ltr'><strong>fuerunta</strong></span> <span class='ocrx_word' id='word_1_644' title='bbox 2585 3638 2884 3690; x_wconf 85' lang='lat' dir='ltr'><strong>voluntate</strong></span> <span class='ocrx_word' id='word_1_645' title='bbox 2915 3634 3198 3698; x_wconf 89' lang='lat' dir='ltr'><strong>carnis,et</strong></span> <span class='ocrx_word' id='word_1_646' title='bbox 3213 3632 3410 3688; x_wconf 84' lang='lat' dir='ltr'><strong>odium</strong></span> <span class='ocrx_word' id='word_1_647' title='bbox 3445 3636 3653 3687; x_wconf 70' lang='lat' dir='ltr'><strong>secutae</strong></span> <span class='ocrx_word' id='word_1_648' title='bbox 3673 3632 3832 3694; x_wconf 89' lang='lat' dir='ltr'><strong>sunt,</strong></span> 
     </span>
    </p>
   </div>
   <div class='ocr_carea' id='block_1_85' title="bbox 2133 3725 3228 3797">
    <p class='ocr_par' dir='ltr' id='par_1_85' title="bbox 2133 3725 3228 3797">
     <span class='ocr_line' id='line_1_86' title="bbox 2133 3725 3228 3797; baseline -0.005 -12"><span class='ocrx_word' id='word_1_649' title='bbox 2133 3734 2189 3785; x_wconf 92' lang='lat' dir='ltr'><strong>et</strong></span> <span class='ocrx_word' id='word_1_650' title='bbox 2226 3730 2537 3785; x_wconf 82' lang='lat' dir='ltr'><strong>referendas</strong></span> <span class='ocrx_word' id='word_1_651' title='bbox 2571 3726 2795 3797; x_wconf 83' lang='lat' dir='ltr'><strong>injurias</strong></span> <span class='ocrx_word' id='word_1_652' title='bbox 2828 3725 3228 3795; x_wconf 73' lang='lat' dir='ltr'><strong>cupiditatem.</strong></span> 
     </span>
    </p>
   </div>
   <div class='ocr_carea' id='block_1_86' title="bbox 2727 3813 3240 3868">
    <p class='ocr_par' dir='ltr' id='par_1_86' title="bbox 2727 3813 3240 3868">
     <span class='ocr_line' id='line_1_87' title="bbox 2727 3813 3240 3868; baseline -0.004 0"><span class='ocrx_word' id='word_1_653' title='bbox 2727 3814 2959 3868; x_wconf 88' lang='lat' dir='ltr'><strong>CAPUT</strong></span> <span class='ocrx_word' id='word_1_654' title='bbox 2997 3813 3240 3868; x_wconf 81' lang='lat' dir='ltr'><strong>XXVIII.</strong></span> 
     </span>
    </p>
   </div>
   <div class='ocr_carea' id='block_1_87' title="bbox 2458 3900 3513 3971">
    <p class='ocr_par' dir='ltr' id='par_1_87' title="bbox 2458 3900 3513 3971">
     <span class='ocr_line' id='line_1_88' title="bbox 2458 3900 3513 3971; baseline -0.004 -11"><span class='ocrx_word' id='word_1_655' title='bbox 2458 3906 2587 3961; x_wconf 83' lang='lat' dir='ltr'><strong>Vita</strong></span> <span class='ocrx_word' id='word_1_656' title='bbox 2615 3906 2831 3958; x_wconf 73' lang='lat' dir='ltr'><strong>abbatis</strong></span> <span class='ocrx_word' id='word_1_657' title='bbox 2864 3904 3030 3957; x_wconf 69' lang='lat' dir='ltr'><strong>Pauli</strong></span> <span class='ocrx_word' id='word_1_658' title='bbox 3060 3900 3346 3971; x_wconf 76' lang='lat' dir='ltr'><strong>Simplici:</strong></span> <span class='ocrx_word' id='word_1_659' title='bbox 3380 3900 3513 3971; x_wconf 84' lang='lat'><strong>(65).</strong></span> 
     </span>
    </p>
   </div>
   <div class='ocr_carea' id='block_1_88' title="bbox 2202 3991 3832 4057">
    <p class='ocr_par' dir='ltr' id='par_1_88' title="bbox 2202 3991 3832 4057">
     <span class='ocr_line' id='line_1_89' title="bbox 2202 3991 3832 4057; baseline -0.003 -6"><span class='ocrx_word' id='word_1_660' title='bbox 2202 3996 2469 4051; x_wconf 87' lang='lat' dir='ltr'><strong>Narravit</strong></span> <span class='ocrx_word' id='word_1_661' title='bbox 2517 4000 2709 4048; x_wconf 89' lang='lat' dir='ltr'><strong>autem</strong></span> <span class='ocrx_word' id='word_1_662' title='bbox 2742 3996 2979 4047; x_wconf 86' lang='lat' dir='ltr'><strong>sanctus</strong></span> <span class='ocrx_word' id='word_1_663' title='bbox 3022 3991 3232 4046; x_wconf 88' lang='lat' dir='ltr'><strong>Christi</strong></span> <span class='ocrx_word' id='word_1_664' title='bbox 3278 4007 3473 4044; x_wconf 86' lang='lat' dir='ltr'><strong>servus</strong></span> <span class='ocrx_word' id='word_1_665' title='bbox 3523 3991 3745 4057; x_wconf 83' lang='lat' dir='ltr'><strong>Uierax,</strong></span> <span class='ocrx_word' id='word_1_666' title='bbox 3776 3996 3832 4047; x_wconf 89' lang='lat' dir='ltr'><strong>et</strong></span> 
     </span>
    </p>
   </div>
   <div class='ocr_carea' id='block_1_89' title="bbox 2131 4082 3829 4154">
    <p class='ocr_par' dir='ltr' id='par_1_89' title="bbox 2131 4082 3829 4154">
     <span class='ocr_line' id='line_1_90' title="bbox 2131 4082 3829 4154; baseline -0.004 -13"><span class='ocrx_word' id='word_1_667' title='bbox 2131 4087 2397 4153; x_wconf 88' lang='lat' dir='ltr'><strong>Cronius,</strong></span> <span class='ocrx_word' id='word_1_668' title='bbox 2422 4092 2477 4138; x_wconf 88' lang='lat' dir='ltr'><strong>et</strong></span> <span class='ocrx_word' id='word_1_669' title='bbox 2509 4085 2700 4154; x_wconf 87' lang='lat' dir='ltr'><strong>plures</strong></span> <span class='ocrx_word' id='word_1_670' title='bbox 2730 4083 2825 4138; x_wconf 88' lang='lat' dir='ltr'><strong>alii</strong></span> <span class='ocrx_word' id='word_1_671' title='bbox 2849 4100 2917 4137; x_wconf 88' lang='lat' dir='ltr'><strong>ex</strong></span> <span class='ocrx_word' id='word_1_672' title='bbox 2942 4083 3215 4136; x_wconf 76' lang='lat' dir='ltr'><strong>fratribus</strong></span> <span class='ocrx_word' id='word_1_673' title='bbox 3247 4097 3310 4135; x_wconf 86' lang='lat' dir='ltr'><strong>ea</strong></span> <span class='ocrx_word' id='word_1_674' title='bbox 3340 4098 3467 4151; x_wconf 75' lang='lat' dir='ltr'><strong>quas</strong></span> <span class='ocrx_word' id='word_1_675' title='bbox 3488 4096 3617 4135; x_wconf 90' lang='lat' dir='ltr'><strong>sum</strong></span> <span class='ocrx_word' id='word_1_676' title='bbox 3650 4082 3829 4135; x_wconf 89' lang='lat' dir='ltr'><strong>dictu-</strong></span> 
     </span>
    </p>
   </div>
   <div class='ocr_carea' id='block_1_90' title="bbox 2132 4172 3826 4245">
    <p class='ocr_par' dir='ltr' id='par_1_90' title="bbox 2132 4172 3826 4245">
     <span class='ocr_line' id='line_1_91' title="bbox 2132 4172 3826 4245; baseline -0.003 -15"><span class='ocrx_word' id='word_1_677' title='bbox 2132 4192 2232 4230; x_wconf 90' lang='lat' dir='ltr'><strong>rus</strong></span> <span class='ocrx_word' id='word_1_678' title='bbox 2292 4174 2483 4245; x_wconf 76' lang='lat' dir='ltr'><strong>(Ruﬂ.,</strong></span> <span class='ocrx_word' id='word_1_679' title='bbox 2552 4174 2588 4228; x_wconf 86' lang='grc' dir='ltr'><strong>ι.</strong></span> <span class='ocrx_word' id='word_1_680' title='bbox 2650 4190 2711 4242; x_wconf 86' lang='grc' dir='ltr'><strong>ιι,</strong></span> <span class='ocrx_word' id='word_1_681' title='bbox 2778 4189 2825 4227; x_wconf 87' lang='lat' dir='ltr'><strong>c.</strong></span> <span class='ocrx_word' id='word_1_682' title='bbox 2884 4174 2996 4245; x_wconf 80' lang='lat' dir='ltr'><strong>3t).</strong></span> <span class='ocrx_word' id='word_1_683' title='bbox 3081 4173 3232 4241; x_wconf 83' lang='lat' dir='ltr'><strong>quod</strong></span> <span class='ocrx_word' id='word_1_684' title='bbox 3311 4173 3551 4242; x_wconf 86' lang='lat' dir='ltr'><strong>quidam</strong></span> <span class='ocrx_word' id='word_1_685' title='bbox 3612 4172 3826 4226; x_wconf 84' lang='lat' dir='ltr'><strong>Paulus</strong></span> 
     </span>
    </p>
   </div>
   <div class='ocr_carea' id='block_1_91' title="bbox 2129 4261 3831 4338">
    <p class='ocr_par' dir='ltr' id='par_1_91' title="bbox 2129 4261 3831 4338">
     <span class='ocr_line' id='line_1_92' title="bbox 2129 4261 3831 4338; baseline -0.002 -19"><span class='ocrx_word' id='word_1_686' title='bbox 2129 4267 2373 4338; x_wconf 89' lang='lat' dir='ltr'><strong>agrestis</strong></span> <span class='ocrx_word' id='word_1_687' title='bbox 2403 4262 2673 4335; x_wconf 88' lang='lat' dir='ltr'><strong>agricola,</strong></span> <span class='ocrx_word' id='word_1_688' title='bbox 2699 4262 3001 4325; x_wconf 69' lang='lat' dir='ltr'><strong>insigniter</strong></span> <span class='ocrx_word' id='word_1_689' title='bbox 3022 4261 3305 4316; x_wconf 88' lang='lat' dir='ltr'><strong>innocens</strong></span> <span class='ocrx_word' id='word_1_690' title='bbox 3327 4268 3383 4316; x_wconf 90' lang='lat' dir='ltr'><strong>et</strong></span> <span class='ocrx_word' id='word_1_691' title='bbox 3406 4261 3666 4315; x_wconf 89' lang='lat' dir='ltr'><strong>moribus</strong></span> <span class='ocrx_word' id='word_1_692' title='bbox 3691 4262 3831 4315; x_wconf 88' lang='lat' dir='ltr'><strong>sim-</strong></span> 
     </span>
    </p>
   </div>
   <div class='ocr_carea' id='block_1_92' title="bbox 2132 4347 3827 4422">
    <p class='ocr_par' dir='ltr' id='par_1_92' title="bbox 2132 4347 3827 4422">
     <span class='ocr_line' id='line_1_93' title="bbox 2132 4347 3827 4422; baseline -0.002 -16"><span class='ocrx_word' id='word_1_693' title='bbox 2132 4352 2280 4422; x_wconf 87' lang='lat' dir='ltr'><strong>plex,</strong></span> <span class='ocrx_word' id='word_1_694' title='bbox 2342 4368 2574 4407; x_wconf 86' lang='lat' dir='ltr'><strong>uxorem</strong></span> <span class='ocrx_word' id='word_1_695' title='bbox 2637 4353 2878 4405; x_wconf 86' lang='lat' dir='ltr'><strong>duxerat</strong></span> <span class='ocrx_word' id='word_1_696' title='bbox 2947 4347 3242 4404; x_wconf 88' lang='lat' dir='ltr'><strong>mulierem</strong></span> <span class='ocrx_word' id='word_1_697' title='bbox 3315 4349 3827 4415; x_wconf 77' lang='lat' dir='ltr'><strong>formosissimum,</strong></span> 
     </span>
    </p>
   </div>
   <div class='ocr_carea' id='block_1_93' title="bbox 2130 4440 3828 4511">
    <p class='ocr_par' dir='ltr' id='par_1_93' title="bbox 2130 4440 3828 4511">
     <span class='ocr_line' id='line_1_94' title="bbox 2130 4440 3828 4511; baseline -0.001 -15"><span class='ocrx_word' id='word_1_698' title='bbox 2130 4444 2229 4496; x_wconf 90' lang='lat' dir='ltr'><strong>sed</strong></span> <span class='ocrx_word' id='word_1_699' title='bbox 2282 4443 2542 4497; x_wconf 89' lang='lat' dir='ltr'><strong>moribus</strong></span> <span class='ocrx_word' id='word_1_700' title='bbox 2593 4441 2941 4511; x_wconf 89' lang='lat' dir='ltr'><strong>improbam,</strong></span> <span class='ocrx_word' id='word_1_701' title='bbox 3000 4456 3126 4510; x_wconf 72' lang='lat' dir='ltr'><strong>quae</strong></span> <span class='ocrx_word' id='word_1_702' title='bbox 3175 4440 3520 4510; x_wconf 88' lang='lat' dir='ltr'><strong>longissimo</strong></span> <span class='ocrx_word' id='word_1_703' title='bbox 3566 4447 3828 4510; x_wconf 88' lang='lat' dir='ltr'><strong>tempore</strong></span> 
     </span>
    </p>
   </div>
   <div class='ocr_carea' id='block_1_94' title="bbox 313 4528 3826 4601">
    <p class='ocr_par' dir='ltr' id='par_1_94' title="bbox 313 4528 3826 4601">
     <span class='ocr_line' id='line_1_95' title="bbox 313 4528 3826 4601; baseline 0 -19"><span class='ocrx_word' id='word_1_704' title='bbox 313 4528 387 4582; x_wconf 91' lang='lat' dir='ltr'><strong>cit</strong></span> <span class='ocrx_word' id='word_1_705' title='bbox 418 4529 642 4584; x_wconf 68' lang='lat' dir='ltr'><strong>daemon</strong></span> <span class='ocrx_word' id='word_1_706' title='bbox 685 4549 699 4597; x_wconf 90' lang='lat'><strong>;</strong></span> <span class='ocrx_word' id='word_1_707' title='bbox 742 4537 799 4584; x_wconf 90' lang='lat' dir='ltr'><strong>et</strong></span> <span class='ocrx_word' id='word_1_708' title='bbox 846 4548 978 4587; x_wconf 89' lang='lat' dir='ltr'><strong>cum</strong></span> <span class='ocrx_word' id='word_1_709' title='bbox 1023 4533 1173 4587; x_wconf 92' lang='lat' dir='ltr'><strong>bona</strong></span> <span class='ocrx_word' id='word_1_710' title='bbox 1221 4532 1526 4588; x_wconf 85' lang='lat' dir='ltr'><strong>dilectione</strong></span> <span class='ocrx_word' id='word_1_711' title='bbox 1572 4535 1925 4590; x_wconf 87' lang='lat' dir='ltr'><strong>revertimini</strong></span> <span class='ocrx_word' id='word_1_712' title='bbox 1957 4538 2013 4591; x_wconf 93' lang='lat' dir='ltr'><strong>in</strong></span> <span class='ocrx_word' id='word_1_713' title='bbox 2048 4537 2093 4601; x_wconf 88' lang='lat' dir='ltr'><strong>D</strong></span> <span class='ocrx_word' id='word_1_714' title='bbox 2127 4548 2369 4601; x_wconf 89' lang='lat' dir='ltr'><strong>peccans</strong></span> <span class='ocrx_word' id='word_1_715' title='bbox 2402 4548 2535 4585; x_wconf 90' lang='lat' dir='ltr'><strong>eum</strong></span> <span class='ocrx_word' id='word_1_716' title='bbox 2583 4530 2772 4585; x_wconf 89' lang='lat' dir='ltr'><strong>latuit.</strong></span> <span class='ocrx_word' id='word_1_717' title='bbox 2815 4530 3138 4600; x_wconf 82' lang='lat' dir='ltr'><strong>Aliquando</strong></span> <span class='ocrx_word' id='word_1_718' title='bbox 3179 4538 3372 4584; x_wconf 89' lang='lat' dir='ltr'><strong>autem</strong></span> <span class='ocrx_word' id='word_1_719' title='bbox 3406 4530 3475 4583; x_wconf 92' lang='lat' dir='ltr'><strong>de</strong></span> <span class='ocrx_word' id='word_1_720' title='bbox 3512 4529 3826 4599; x_wconf 88' lang='lat' dir='ltr'><strong>improviso</strong></span> 
     </span>
    </p>
   </div>
   <div class='ocr_carea' id='block_1_95' title="bbox 313 4615 2015 4691">
    <p class='ocr_par' dir='ltr' id='par_1_95' title="bbox 313 4615 2015 4691">
     <span class='ocr_line' id='line_1_96' title="bbox 313 4615 2015 4691; baseline 0.007 -23"><span class='ocrx_word' id='word_1_721' title='bbox 313 4615 518 4669; x_wconf 88' lang='lat' dir='ltr'><strong>cellam</strong></span> <span class='ocrx_word' id='word_1_722' title='bbox 546 4619 602 4672; x_wconf 89' lang='lat' dir='ltr'><strong>in</strong></span> <span class='ocrx_word' id='word_1_723' title='bbox 635 4634 750 4689; x_wconf 86' lang='lat' dir='ltr'><strong>qua</strong></span> <span class='ocrx_word' id='word_1_724' title='bbox 780 4618 948 4687; x_wconf 78' lang='lat' dir='ltr'><strong>longo</strong></span> <span class='ocrx_word' id='word_1_725' title='bbox 983 4631 1235 4690; x_wconf 88' lang='lat' dir='ltr'><strong>tempore</strong></span> <span class='ocrx_word' id='word_1_726' title='bbox 1264 4622 1474 4677; x_wconf 88' lang='lat' dir='ltr'><strong>versati</strong></span> <span class='ocrx_word' id='word_1_727' title='bbox 1505 4622 1687 4688; x_wconf 88' lang='lat' dir='ltr'><strong>estis;</strong></span> <span class='ocrx_word' id='word_1_728' title='bbox 1713 4623 1832 4691; x_wconf 86' lang='lat' dir='ltr'><strong>jam</strong></span> <span class='ocrx_word' id='word_1_729' title='bbox 1856 4625 2015 4681; x_wconf 90' lang='lat' dir='ltr'><strong>enim</strong></span> 
     </span>
    </p>
   </div>
   <div class='ocr_carea' id='block_1_96' title="bbox 312 4702 2016 4771">
    <p class='ocr_par' dir='ltr' id='par_1_96' title="bbox 312 4702 2016 4771">
     <span class='ocr_line' id='line_1_97' title="bbox 312 4702 2016 4771; baseline 0.006 -14"><span class='ocrx_word' id='word_1_730' title='bbox 312 4702 463 4759; x_wconf 92' lang='lat' dir='ltr'><strong>Deus</strong></span> <span class='ocrx_word' id='word_1_731' title='bbox 499 4708 687 4761; x_wconf 88' lang='lat' dir='ltr'><strong>mittet</strong></span> <span class='ocrx_word' id='word_1_732' title='bbox 717 4710 786 4761; x_wconf 90' lang='lat' dir='ltr'><strong>ad</strong></span> <span class='ocrx_word' id='word_1_733' title='bbox 812 4726 931 4763; x_wconf 91' lang='lat' dir='ltr'><strong>vos.</strong></span> <span class='ocrx_word' id='word_1_734' title='bbox 983 4710 1112 4765; x_wconf 68' lang='lat' dir='ltr'><strong>Haec</strong></span> <span class='ocrx_word' id='word_1_735' title='bbox 1159 4713 1316 4767; x_wconf 90' lang='lat' dir='ltr'><strong>enim</strong></span> <span class='ocrx_word' id='word_1_736' title='bbox 1350 4712 1587 4768; x_wconf 89' lang='lat' dir='ltr'><strong>tentatio</strong></span> <span class='ocrx_word' id='word_1_737' title='bbox 1636 4712 1695 4766; x_wconf 93' lang='lat' dir='ltr'><strong>in</strong></span> <span class='ocrx_word' id='word_1_738' title='bbox 1732 4730 1831 4769; x_wconf 90' lang='lat' dir='ltr'><strong>vos</strong></span> <span class='ocrx_word' id='word_1_739' title='bbox 1862 4716 2016 4771; x_wconf 85' lang='lat' dir='ltr'><strong>exci-</strong></span> 
     </span>
    </p>
   </div>
   <div class='ocr_carea' id='block_1_97' title="bbox 311 4795 2011 4871">
    <p class='ocr_par' dir='ltr' id='par_1_97' title="bbox 311 4795 2011 4871">
     <span class='ocr_line' id='line_1_98' title="bbox 311 4795 2011 4871; baseline 0.008 -26"><span class='ocrx_word' id='word_1_740' title='bbox 311 4796 429 4847; x_wconf 86' lang='lat' dir='ltr'><strong>tata</strong></span> <span class='ocrx_word' id='word_1_741' title='bbox 457 4800 545 4849; x_wconf 86' lang='lat' dir='ltr'><strong>est</strong></span> <span class='ocrx_word' id='word_1_742' title='bbox 587 4812 619 4849; x_wconf 89' lang='lat' dir='ltr'><strong>a</strong></span> <span class='ocrx_word' id='word_1_743' title='bbox 668 4795 903 4866; x_wconf 83' lang='lat' dir='ltr'><strong>Satana,</strong></span> <span class='ocrx_word' id='word_1_744' title='bbox 937 4800 1212 4869; x_wconf 89' lang='lat' dir='ltr'><strong>quoniam</strong></span> <span class='ocrx_word' id='word_1_745' title='bbox 1264 4801 1377 4857; x_wconf 92' lang='lat' dir='ltr'><strong>scit</strong></span> <span class='ocrx_word' id='word_1_746' title='bbox 1426 4819 1525 4856; x_wconf 92' lang='lat' dir='ltr'><strong>vos</strong></span> <span class='ocrx_word' id='word_1_747' title='bbox 1559 4802 1683 4871; x_wconf 90' lang='lat' dir='ltr'><strong>jam</strong></span> <span class='ocrx_word' id='word_1_748' title='bbox 1733 4803 1802 4857; x_wconf 89' lang='lat' dir='ltr'><strong>ad</strong></span> <span class='ocrx_word' id='word_1_749' title='bbox 1836 4804 2011 4859; x_wconf 83' lang='lat' dir='ltr'><strong>tinem</strong></span> 
     </span>
    </p>
   </div>
   <div class='ocr_carea' id='block_1_98' title="bbox 309 4884 2014 4952">
    <p class='ocr_par' dir='ltr' id='par_1_98' title="bbox 309 4884 2014 4952">
     <span class='ocr_line' id='line_1_99' title="bbox 309 4884 2014 4952; baseline 0.007 -16"><span class='ocrx_word' id='word_1_750' title='bbox 309 4884 666 4952; x_wconf 88' lang='lat' dir='ltr'><strong>pervenisse,</strong></span> <span class='ocrx_word' id='word_1_751' title='bbox 700 4890 755 4939; x_wconf 89' lang='lat' dir='ltr'><strong>et</strong></span> <span class='ocrx_word' id='word_1_752' title='bbox 781 4886 1038 4942; x_wconf 85' lang='lat' dir='ltr'><strong>futurum</strong></span> <span class='ocrx_word' id='word_1_753' title='bbox 1068 4905 1196 4945; x_wconf 92' lang='lat' dir='ltr'><strong>esse</strong></span> <span class='ocrx_word' id='word_1_754' title='bbox 1228 4895 1291 4945; x_wconf 91' lang='lat' dir='ltr'><strong>ut</strong></span> <span class='ocrx_word' id='word_1_755' title='bbox 1323 4906 1565 4945; x_wconf 86' lang='lat' dir='ltr'><strong>coronas</strong></span> <span class='ocrx_word' id='word_1_756' title='bbox 1594 4909 1625 4946; x_wconf 92' lang='lat' dir='ltr'><strong>a</strong></span> <span class='ocrx_word' id='word_1_757' title='bbox 1656 4892 1883 4947; x_wconf 89' lang='lat' dir='ltr'><strong>Christo</strong></span> <span class='ocrx_word' id='word_1_758' title='bbox 1915 4910 2014 4948; x_wconf 90' lang='lat' dir='ltr'><strong>ac-</strong></span> 
     </span>
    </p>
   </div>
   <div class='ocr_carea' id='block_1_99' title="bbox 308 4970 2011 5051">
    <p class='ocr_par' dir='ltr' id='par_1_99' title="bbox 308 4970 2011 5051">
     <span class='ocr_line' id='line_1_100' title="bbox 308 4970 2011 5051; baseline 0.008 -27"><span class='ocrx_word' id='word_1_759' title='bbox 308 4970 556 5041; x_wconf 86' lang='lat' dir='ltr'><strong>cipiatis,</strong></span> <span class='ocrx_word' id='word_1_760' title='bbox 580 4974 774 5043; x_wconf 90' lang='lat' dir='ltr'><strong>ipsum</strong></span> <span class='ocrx_word' id='word_1_761' title='bbox 810 4992 909 5047; x_wconf 90' lang='lat' dir='ltr'><strong>per</strong></span> <span class='ocrx_word' id='word_1_762' title='bbox 933 4983 1007 5043; x_wconf 89' lang='lat' dir='ltr'><strong>te,</strong></span> <span class='ocrx_word' id='word_1_763' title='bbox 1030 4982 1087 5032; x_wconf 92' lang='lat' dir='ltr'><strong>et</strong></span> <span class='ocrx_word' id='word_1_764' title='bbox 1116 4982 1171 5033; x_wconf 88' lang='lat' dir='ltr'><strong>te</strong></span> <span class='ocrx_word' id='word_1_765' title='bbox 1197 4996 1298 5051; x_wconf 90' lang='lat' dir='ltr'><strong>per</strong></span> <span class='ocrx_word' id='word_1_766' title='bbox 1328 4996 1479 5035; x_wconf 91' lang='lat' dir='ltr'><strong>eum.</strong></span> <span class='ocrx_word' id='word_1_767' title='bbox 1512 4980 1668 5035; x_wconf 93' lang='lat' dir='ltr'><strong>Nihil</strong></span> <span class='ocrx_word' id='word_1_768' title='bbox 1698 4998 1832 5050; x_wconf 79' lang='lat' dir='ltr'><strong>ergo</strong></span> <span class='ocrx_word' id='word_1_769' title='bbox 1855 4982 2011 5038; x_wconf 89' lang='lat' dir='ltr'><strong>aliud</strong></span> 
     </span>
    </p>
   </div>
   <div class='ocr_carea' id='block_1_100' title="bbox 306 5064 2013 5144">
    <p class='ocr_par' dir='ltr' id='par_1_100' title="bbox 306 5064 2013 5144">
     <span class='ocr_line' id='line_1_101' title="bbox 306 5064 2013 5144; baseline 0.006 -26"><span class='ocrx_word' id='word_1_770' title='bbox 306 5064 719 5134; x_wconf 87' lang='lat' dir='ltr'><strong>cogitaveritis.</strong></span> <span class='ocrx_word' id='word_1_771' title='bbox 754 5066 915 5129; x_wconf 89' lang='lat' dir='ltr'><strong>Quod</strong></span> <span class='ocrx_word' id='word_1_772' title='bbox 950 5069 997 5124; x_wconf 91' lang='lat' dir='ltr'><strong>si</strong></span> <span class='ocrx_word' id='word_1_773' title='bbox 1022 5070 1257 5126; x_wconf 89' lang='lat' dir='ltr'><strong>veniens</strong></span> <span class='ocrx_word' id='word_1_774' title='bbox 1304 5070 1549 5144; x_wconf 89' lang='lat' dir='ltr'><strong>angelus</strong></span> <span class='ocrx_word' id='word_1_775' title='bbox 1579 5087 1693 5128; x_wconf 91' lang='lat' dir='ltr'><strong>non</strong></span> <span class='ocrx_word' id='word_1_776' title='bbox 1728 5072 2013 5129; x_wconf 88' lang='lat' dir='ltr'><strong>invenerit</strong></span> 
     </span>
    </p>
   </div>
   <div class='ocr_carea' id='block_1_101' title="bbox 305 5154 2007 5230">
    <p class='ocr_par' dir='ltr' id='par_1_101' title="bbox 305 5154 2007 5230">
     <span class='ocr_line' id='line_1_102' title="bbox 305 5154 2007 5230; baseline 0.006 -21"><span class='ocrx_word' id='word_1_777' title='bbox 305 5169 405 5209; x_wconf 89' lang='lat' dir='ltr'><strong>vos</strong></span> <span class='ocrx_word' id='word_1_778' title='bbox 436 5154 492 5208; x_wconf 92' lang='lat' dir='ltr'><strong>in</strong></span> <span class='ocrx_word' id='word_1_779' title='bbox 524 5155 726 5211; x_wconf 86' lang='lat' dir='ltr'><strong>eodem</strong></span> <span class='ocrx_word' id='word_1_780' title='bbox 757 5154 902 5223; x_wconf 91' lang='lat' dir='ltr'><strong>loco,</strong></span> <span class='ocrx_word' id='word_1_781' title='bbox 939 5159 1194 5214; x_wconf 77' lang='lat' dir='ltr'><strong>futurum</strong></span> <span class='ocrx_word' id='word_1_782' title='bbox 1216 5166 1304 5217; x_wconf 90' lang='lat' dir='ltr'><strong>est</strong></span> <span class='ocrx_word' id='word_1_783' title='bbox 1336 5166 1399 5217; x_wconf 88' lang='lat' dir='ltr'><strong>ut</strong></span> <span class='ocrx_word' id='word_1_784' title='bbox 1430 5162 1659 5217; x_wconf 89' lang='lat' dir='ltr'><strong>coronis</strong></span> <span class='ocrx_word' id='word_1_785' title='bbox 1684 5163 2007 5230; x_wconf 80' lang='lat' dir='ltr'><strong>privemini.</strong></span> 
     </span>
    </p>
   </div>
   <div class='ocr_carea' id='block_1_102' title="bbox 305 5242 2011 5318">
    <p class='ocr_par' dir='ltr' id='par_1_102' title="bbox 305 5242 2011 5318">
     <span class='ocr_line' id='line_1_103' title="bbox 305 5242 2011 5318; baseline 0.006 -22"><span class='ocrx_word' id='word_1_786' title='bbox 305 5242 426 5298; x_wconf 92' lang='lat' dir='ltr'><strong>Cito</strong></span> <span class='ocrx_word' id='word_1_787' title='bbox 474 5260 609 5316; x_wconf 90' lang='lat' dir='ltr'><strong>ergo</strong></span> <span class='ocrx_word' id='word_1_788' title='bbox 656 5245 999 5303; x_wconf 89' lang='lat' dir='ltr'><strong>festinantes</strong></span> <span class='ocrx_word' id='word_1_789' title='bbox 1038 5248 1276 5318; x_wconf 70' lang='lat' dir='ltr'><strong>ingressi</strong></span> <span class='ocrx_word' id='word_1_790' title='bbox 1326 5259 1483 5315; x_wconf 89' lang='lat' dir='ltr'><strong>sunt,</strong></span> <span class='ocrx_word' id='word_1_791' title='bbox 1538 5256 1592 5306; x_wconf 91' lang='lat' dir='ltr'><strong>et</strong></span> <span class='ocrx_word' id='word_1_792' title='bbox 1636 5258 1915 5307; x_wconf 89' lang='lat' dir='ltr'><strong>venerunt</strong></span> <span class='ocrx_word' id='word_1_793' title='bbox 1952 5253 2011 5307; x_wconf 89' lang='lat' dir='ltr'><strong>in</strong></span> 
     </span>
    </p>
   </div>
   <div class='ocr_carea' id='block_1_103' title="bbox 306 5335 2009 5411">
    <p class='ocr_par' dir='ltr' id='par_1_103' title="bbox 306 5335 2009 5411">
     <span class='ocr_line' id='line_1_104' title="bbox 306 5335 2009 5411; baseline 0.005 -24"><span class='ocrx_word' id='word_1_794' title='bbox 306 5348 473 5390; x_wconf 90' lang='lat' dir='ltr'><strong>suam</strong></span> <span class='ocrx_word' id='word_1_795' title='bbox 513 5335 719 5391; x_wconf 89' lang='lat' dir='ltr'><strong>cellam</strong></span> <span class='ocrx_word' id='word_1_796' title='bbox 770 5337 1052 5393; x_wconf 81' lang='lat' dir='ltr'><strong>charitate</strong></span> <span class='ocrx_word' id='word_1_797' title='bbox 1098 5338 1213 5411; x_wconf 76' lang='lat'>(64)</span> <span class='ocrx_word' id='word_1_798' title='bbox 1265 5341 1534 5411; x_wconf 82' lang='lat' dir='ltr'><strong>perfecta.</strong></span> <span class='ocrx_word' id='word_1_799' title='bbox 1585 5341 1654 5395; x_wconf 93' lang='lat' dir='ltr'><strong>Et</strong></span> <span class='ocrx_word' id='word_1_800' title='bbox 1680 5340 1836 5396; x_wconf 90' lang='lat' dir='ltr'><strong>intra</strong></span> <span class='ocrx_word' id='word_1_801' title='bbox 1866 5359 2009 5410; x_wconf 87' lang='lat' dir='ltr'><strong>qua-</strong></span> 
     </span>
    </p>
   </div>
   <div class='ocr_carea' id='block_1_104' title="bbox 305 5423 2009 5503">
    <p class='ocr_par' dir='ltr' id='par_1_104' title="bbox 305 5423 2009 5503">
     <span class='ocr_line' id='line_1_105' title="bbox 305 5423 2009 5503; baseline 0.007 -27"><span class='ocrx_word' id='word_1_802' title='bbox 305 5423 574 5492; x_wconf 79' lang='lat' dir='ltr'><strong>draginta</strong></span> <span class='ocrx_word' id='word_1_803' title='bbox 604 5427 748 5494; x_wconf 88' lang='lat' dir='ltr'><strong>dies,</strong></span> <span class='ocrx_word' id='word_1_804' title='bbox 782 5428 901 5484; x_wconf 87' lang='lat' dir='ltr'><strong>obit</strong></span> <span class='ocrx_word' id='word_1_805' title='bbox 932 5430 1135 5485; x_wconf 91' lang='lat' dir='ltr'><strong>beatus</strong></span> <span class='ocrx_word' id='word_1_806' title='bbox 1168 5431 1448 5501; x_wconf 86' lang='lat' dir='ltr'><strong>Eulogius</strong></span> <span class='ocrx_word' id='word_1_807' title='bbox 1490 5432 1748 5503; x_wconf 88' lang='lat' dir='ltr'><strong>migrans</strong></span> <span class='ocrx_word' id='word_1_808' title='bbox 1782 5433 1853 5487; x_wconf 91' lang='lat' dir='ltr'><strong>ad</strong></span> <span class='ocrx_word' id='word_1_809' title='bbox 1895 5433 2009 5488; x_wconf 92' lang='lat' dir='ltr'><strong>Do-</strong></span> 
     </span>
    </p>
   </div>
   <div class='ocr_carea' id='block_1_105' title="bbox 308 5512 2010 5593">
    <p class='ocr_par' dir='ltr' id='par_1_105' title="bbox 308 5512 2010 5593">
     <span class='ocr_line' id='line_1_106' title="bbox 308 5512 2010 5593; baseline 0.008 -29"><span class='ocrx_word' id='word_1_810' title='bbox 308 5512 555 5580; x_wconf 90' lang='lat' dir='ltr'><strong>minum,</strong></span> <span class='ocrx_word' id='word_1_811' title='bbox 590 5520 649 5570; x_wconf 91' lang='lat' dir='ltr'><strong>et</strong></span> <span class='ocrx_word' id='word_1_812' title='bbox 692 5517 846 5573; x_wconf 89' lang='lat' dir='ltr'><strong>intra</strong></span> <span class='ocrx_word' id='word_1_813' title='bbox 894 5523 1009 5573; x_wconf 87' lang='lat' dir='ltr'><strong>tres</strong></span> <span class='ocrx_word' id='word_1_814' title='bbox 1041 5518 1186 5574; x_wconf 92' lang='lat' dir='ltr'><strong>alios</strong></span> <span class='ocrx_word' id='word_1_815' title='bbox 1238 5521 1360 5574; x_wconf 92' lang='lat' dir='ltr'><strong>obit</strong></span> <span class='ocrx_word' id='word_1_816' title='bbox 1404 5519 1453 5575; x_wconf 90' lang='lat' dir='ltr'><strong>is</strong></span> <span class='ocrx_word' id='word_1_817' title='bbox 1490 5520 1585 5591; x_wconf 91' lang='lat' dir='ltr'><strong>qui</strong></span> <span class='ocrx_word' id='word_1_818' title='bbox 1619 5525 1742 5575; x_wconf 88' lang='lat' dir='ltr'><strong>erat</strong></span> <span class='ocrx_word' id='word_1_819' title='bbox 1772 5536 2010 5593; x_wconf 86' lang='lat' dir='ltr'><strong>corpore</strong></span> 
     </span>
    </p>
   </div>
   <div class='ocr_carea' id='block_1_106' title="bbox 309 5600 2009 5682">
    <p class='ocr_par' dir='ltr' id='par_1_106' title="bbox 309 5600 2009 5682">
     <span class='ocr_line' id='line_1_107' title="bbox 309 5600 2009 5682; baseline 0.007 -26"><span class='ocrx_word' id='word_1_820' title='bbox 309 5600 629 5672; x_wconf 80' lang='lat' dir='ltr'><strong>mutilatas,</strong></span> <span class='ocrx_word' id='word_1_821' title='bbox 662 5603 766 5660; x_wconf 91' lang='lat' dir='ltr'><strong>sed</strong></span> <span class='ocrx_word' id='word_1_822' title='bbox 813 5606 1010 5664; x_wconf 87' lang='lat' dir='ltr'><strong>anima</strong></span> <span class='ocrx_word' id='word_1_823' title='bbox 1040 5607 1237 5664; x_wconf 85' lang='lat' dir='ltr'><strong>ﬁrmus</strong></span> <span class='ocrx_word' id='word_1_824' title='bbox 1283 5624 1349 5666; x_wconf 88' lang='lat' dir='ltr'><strong>ac</strong></span> <span class='ocrx_word' id='word_1_825' title='bbox 1393 5609 1685 5676; x_wconf 88' lang='lat' dir='ltr'><strong>robustus,</strong></span> <span class='ocrx_word' id='word_1_826' title='bbox 1737 5609 1837 5681; x_wconf 87' lang='lat' dir='ltr'><strong>qui</strong></span> <span class='ocrx_word' id='word_1_827' title='bbox 1885 5609 2009 5682; x_wconf 89' lang='lat' dir='ltr'><strong>ipse</strong></span> 
     </span>
    </p>
   </div>
   <div class='ocr_carea' id='block_1_107' title="bbox 2128 4618 3823 4691">
    <p class='ocr_par' dir='ltr' id='par_1_107' title="bbox 2128 4618 3823 4691">
     <span class='ocr_line' id='line_1_108' title="bbox 2128 4618 3823 4691; baseline -0.001 -18"><span class='ocrx_word' id='word_1_828' title='bbox 2128 4636 2420 4691; x_wconf 81' lang='lat' dir='ltr'><strong>regressus</strong></span> <span class='ocrx_word' id='word_1_829' title='bbox 2452 4636 2518 4673; x_wconf 85' lang='lat' dir='ltr'><strong>ex</strong></span> <span class='ocrx_word' id='word_1_830' title='bbox 2546 4635 2708 4689; x_wconf 90' lang='lat' dir='ltr'><strong>agro,</strong></span> <span class='ocrx_word' id='word_1_831' title='bbox 2751 4626 2809 4673; x_wconf 87' lang='lat' dir='ltr'><strong>et</strong></span> <span class='ocrx_word' id='word_1_832' title='bbox 2842 4620 3141 4689; x_wconf 79' lang='lat' dir='ltr'><strong>ingressus</strong></span> <span class='ocrx_word' id='word_1_833' title='bbox 3172 4620 3409 4673; x_wconf 88' lang='lat' dir='ltr'><strong>domum</strong></span> <span class='ocrx_word' id='word_1_834' title='bbox 3442 4634 3630 4683; x_wconf 89' lang='lat' dir='ltr'><strong>suam,</strong></span> <span class='ocrx_word' id='word_1_835' title='bbox 3664 4618 3823 4671; x_wconf 88' lang='lat' dir='ltr'><strong>inve-</strong></span> 
     </span>
    </p>
   </div>
   <div class='ocr_carea' id='block_1_108' title="bbox 2128 4708 3826 4781">
    <p class='ocr_par' dir='ltr' id='par_1_108' title="bbox 2128 4708 3826 4781">
     <span class='ocr_line' id='line_1_109' title="bbox 2128 4708 3826 4781; baseline -0.002 -17"><span class='ocrx_word' id='word_1_836' title='bbox 2128 4710 2215 4765; x_wconf 88' lang='lat' dir='ltr'><strong>nit</strong></span> <span class='ocrx_word' id='word_1_837' title='bbox 2252 4728 2351 4766; x_wconf 92' lang='lat' dir='ltr'><strong>eos</strong></span> <span class='ocrx_word' id='word_1_838' title='bbox 2382 4711 2575 4781; x_wconf 88' lang='lat' dir='ltr'><strong>turpia</strong></span> <span class='ocrx_word' id='word_1_839' title='bbox 2607 4716 3023 4779; x_wconf 88' lang='lat' dir='ltr'><strong>perpetrantes,</strong></span> <span class='ocrx_word' id='word_1_840' title='bbox 3059 4709 3378 4763; x_wconf 87' lang='lat' dir='ltr'><strong>deducente</strong></span> <span class='ocrx_word' id='word_1_841' title='bbox 3411 4708 3653 4761; x_wconf 84' lang='lat' dir='ltr'><strong>Paulum</strong></span> <span class='ocrx_word' id='word_1_842' title='bbox 3688 4724 3826 4776; x_wconf 90' lang='lat' dir='ltr'><strong>pro-</strong></span> 
     </span>
    </p>
   </div>
   <div class='ocr_carea' id='block_1_109' title="bbox 2128 4797 3825 4869">
    <p class='ocr_par' dir='ltr' id='par_1_109' title="bbox 2128 4797 3825 4869">
     <span class='ocr_line' id='line_1_110' title="bbox 2128 4797 3825 4869; baseline -0.001 -15"><span class='ocrx_word' id='word_1_843' title='bbox 2128 4799 2382 4856; x_wconf 80' lang='lat' dir='ltr'><strong>videntis</strong></span> <span class='ocrx_word' id='word_1_844' title='bbox 2410 4801 2478 4855; x_wconf 91' lang='lat' dir='ltr'><strong>ad</strong></span> <span class='ocrx_word' id='word_1_845' title='bbox 2513 4800 2569 4854; x_wconf 92' lang='lat' dir='ltr'><strong>id</strong></span> <span class='ocrx_word' id='word_1_846' title='bbox 2610 4800 2763 4869; x_wconf 92' lang='lat' dir='ltr'><strong>quod</strong></span> <span class='ocrx_word' id='word_1_847' title='bbox 2803 4804 2927 4854; x_wconf 88' lang='lat' dir='ltr'><strong>erat</strong></span> <span class='ocrx_word' id='word_1_848' title='bbox 2973 4798 3086 4852; x_wconf 88' lang='lat' dir='ltr'><strong>sibi</strong></span> <span class='ocrx_word' id='word_1_849' title='bbox 3137 4797 3517 4853; x_wconf 83' lang='lat' dir='ltr'><strong>conducibile.</strong></span> <span class='ocrx_word' id='word_1_850' title='bbox 3570 4797 3825 4867; x_wconf 84' lang='lat' dir='ltr'><strong>Eamque</strong></span> 
     </span>
    </p>
   </div>
   <div class='ocr_carea' id='block_1_110' title="bbox 2125 4888 3824 4958">
    <p class='ocr_par' dir='ltr' id='par_1_110' title="bbox 2125 4888 3824 4958">
     <span class='ocr_line' id='line_1_111' title="bbox 2125 4888 3824 4958; baseline -0.002 -13"><span class='ocrx_word' id='word_1_851' title='bbox 2125 4907 2257 4945; x_wconf 90' lang='lat' dir='ltr'><strong>cum</strong></span> <span class='ocrx_word' id='word_1_852' title='bbox 2289 4890 2553 4958; x_wconf 88' lang='lat' dir='ltr'><strong>vidisset,</strong></span> <span class='ocrx_word' id='word_1_853' title='bbox 2587 4905 2721 4943; x_wconf 91' lang='lat' dir='ltr'><strong>cum</strong></span> <span class='ocrx_word' id='word_1_854' title='bbox 2755 4904 2819 4943; x_wconf 90' lang='lat' dir='ltr'><strong>eo</strong></span> <span class='ocrx_word' id='word_1_855' title='bbox 2869 4904 2999 4943; x_wconf 90' lang='lat' dir='ltr'><strong>cum</strong></span> <span class='ocrx_word' id='word_1_856' title='bbox 3044 4904 3157 4958; x_wconf 91' lang='lat' dir='ltr'><strong>quo</strong></span> <span class='ocrx_word' id='word_1_857' title='bbox 3200 4888 3443 4942; x_wconf 85' lang='lat' dir='ltr'><strong>habebat</strong></span> <span class='ocrx_word' id='word_1_858' title='bbox 3472 4889 3661 4957; x_wconf 89' lang='lat' dir='ltr'><strong>stupri</strong></span> <span class='ocrx_word' id='word_1_859' title='bbox 3693 4902 3824 4941; x_wconf 89' lang='lat' dir='ltr'><strong>con—</strong></span> 
     </span>
    </p>
   </div>
   <div class='ocr_carea' id='block_1_111' title="bbox 2123 4975 3827 5047">
    <p class='ocr_par' dir='ltr' id='par_1_111' title="bbox 2123 4975 3827 5047">
     <span class='ocr_line' id='line_1_112' title="bbox 2123 4975 3827 5047; baseline -0.002 -11"><span class='ocrx_word' id='word_1_860' title='bbox 2123 4980 2514 5047; x_wconf 88' lang='lat' dir='ltr'><strong>suetudinem,</strong></span> <span class='ocrx_word' id='word_1_861' title='bbox 2547 4979 2788 5033; x_wconf 89' lang='lat' dir='ltr'><strong>honeste</strong></span> <span class='ocrx_word' id='word_1_862' title='bbox 2818 4995 2884 5032; x_wconf 91' lang='lat' dir='ltr'><strong>ac</strong></span> <span class='ocrx_word' id='word_1_863' title='bbox 2913 4978 3117 5032; x_wconf 87' lang='lat' dir='ltr'><strong>decore</strong></span> <span class='ocrx_word' id='word_1_864' title='bbox 3149 4975 3297 5042; x_wconf 84' lang='lat' dir='ltr'><strong>risit,</strong></span> <span class='ocrx_word' id='word_1_865' title='bbox 3337 4980 3395 5031; x_wconf 86' lang='lat' dir='ltr'><strong>et</strong></span> <span class='ocrx_word' id='word_1_866' title='bbox 3426 4976 3507 5031; x_wconf 85' lang='lat' dir='ltr'><strong>eis</strong></span> <span class='ocrx_word' id='word_1_867' title='bbox 3536 4975 3827 5032; x_wconf 85' lang='lat' dir='ltr'><strong>exclama-</strong></span> 
     </span>
    </p>
   </div>
   <div class='ocr_carea' id='block_1_112' title="bbox 2122 5065 3823 5136">
    <p class='ocr_par' dir='ltr' id='par_1_112' title="bbox 2122 5065 3823 5136">
     <span class='ocr_line' id='line_1_113' title="bbox 2122 5065 3823 5136; baseline -0.002 -13"><span class='ocrx_word' id='word_1_868' title='bbox 2122 5069 2226 5135; x_wconf 89' lang='lat' dir='ltr'><strong>vit,</strong></span> <span class='ocrx_word' id='word_1_869' title='bbox 2259 5069 2457 5123; x_wconf 91' lang='lat' dir='ltr'><strong>dicens</strong></span> <span class='ocrx_word' id='word_1_870' title='bbox 2493 5085 2505 5123; x_wconf 90' lang='lat'>:</span> <span class='ocrx_word' id='word_1_871' title='bbox 2545 5068 2695 5122; x_wconf 91' lang='lat' dir='ltr'><strong>Bene</strong></span> <span class='ocrx_word' id='word_1_872' title='bbox 2724 5071 2831 5136; x_wconf 89' lang='lat' dir='ltr'><strong>est,</strong></span> <span class='ocrx_word' id='word_1_873' title='bbox 2867 5066 3010 5121; x_wconf 89' lang='lat' dir='ltr'><strong>bene</strong></span> <span class='ocrx_word' id='word_1_874' title='bbox 3039 5073 3149 5134; x_wconf 88' lang='lat' dir='ltr'><strong>est,</strong></span> <span class='ocrx_word' id='word_1_875' title='bbox 3184 5082 3383 5121; x_wconf 88' lang='lat' dir='ltr'><strong>revera</strong></span> <span class='ocrx_word' id='word_1_876' title='bbox 3415 5083 3529 5121; x_wconf 91' lang='lat' dir='ltr'><strong>non</strong></span> <span class='ocrx_word' id='word_1_877' title='bbox 3561 5073 3649 5122; x_wconf 91' lang='lat' dir='ltr'><strong>est</strong></span> <span class='ocrx_word' id='word_1_878' title='bbox 3680 5065 3823 5120; x_wconf 89' lang='lat' dir='ltr'><strong>mihi</strong></span> 
     </span>
    </p>
   </div>
   <div class='ocr_carea' id='block_1_113' title="bbox 2123 5155 3821 5228">
    <p class='ocr_par' dir='ltr' id='par_1_113' title="bbox 2123 5155 3821 5228">
     <span class='ocr_line' id='line_1_114' title="bbox 2123 5155 3821 5228; baseline -0.003 -14"><span class='ocrx_word' id='word_1_879' title='bbox 2123 5175 2290 5215; x_wconf 67' lang='lat' dir='ltr'><strong>curis.</strong></span> <span class='ocrx_word' id='word_1_880' title='bbox 2329 5158 2428 5213; x_wconf 89' lang='lat' dir='ltr'><strong>Per</strong></span> <span class='ocrx_word' id='word_1_881' title='bbox 2466 5157 2692 5224; x_wconf 87' lang='lat' dir='ltr'><strong>Jesum,</strong></span> <span class='ocrx_word' id='word_1_882' title='bbox 2745 5173 2845 5224; x_wconf 81' lang='lat' dir='ltr'><strong>ego</strong></span> <span class='ocrx_word' id='word_1_883' title='bbox 2894 5173 3020 5211; x_wconf 90' lang='lat' dir='ltr'><strong>eam</strong></span> <span class='ocrx_word' id='word_1_884' title='bbox 3055 5173 3167 5211; x_wconf 92' lang='lat' dir='ltr'><strong>non</strong></span> <span class='ocrx_word' id='word_1_885' title='bbox 3219 5155 3497 5228; x_wconf 83' lang='lat' dir='ltr'><strong>accipiam</strong></span> <span class='ocrx_word' id='word_1_886' title='bbox 3548 5156 3821 5227; x_wconf 88' lang='lat' dir='ltr'><strong>amplius,</strong></span> 
     </span>
    </p>
   </div>
   <div class='ocr_carea' id='block_1_114' title="bbox 2122 5246 3820 5318">
    <p class='ocr_par' dir='ltr' id='par_1_114' title="bbox 2122 5246 3820 5318">
     <span class='ocr_line' id='line_1_115' title="bbox 2122 5246 3820 5318; baseline -0.004 -14"><span class='ocrx_word' id='word_1_887' title='bbox 2122 5249 2236 5316; x_wconf 89' lang='lat' dir='ltr'><strong>abi,</strong></span> <span class='ocrx_word' id='word_1_888' title='bbox 2268 5263 2396 5303; x_wconf 89' lang='lat' dir='ltr'><strong>eam</strong></span> <span class='ocrx_word' id='word_1_889' title='bbox 2423 5246 2525 5301; x_wconf 87' lang='lat' dir='ltr'><strong>tibi</strong></span> <span class='ocrx_word' id='word_1_890' title='bbox 2554 5247 2700 5302; x_wconf 90' lang='lat' dir='ltr'><strong>habe</strong></span> <span class='ocrx_word' id='word_1_891' title='bbox 2731 5250 2787 5301; x_wconf 88' lang='lat' dir='ltr'><strong>et</strong></span> <span class='ocrx_word' id='word_1_892' title='bbox 2838 5247 2965 5316; x_wconf 85' lang='lat' dir='ltr'><strong>ejus</strong></span> <span class='ocrx_word' id='word_1_893' title='bbox 2996 5246 3147 5302; x_wconf 83' lang='lat' dir='ltr'><strong>ﬁlios</strong></span> <span class='ocrx_word' id='word_1_894' title='bbox 3193 5266 3205 5309; x_wconf 86' lang='lat'><strong>;</strong></span> <span class='ocrx_word' id='word_1_895' title='bbox 3256 5263 3360 5318; x_wconf 88' lang='lat' dir='ltr'><strong>ego</strong></span> <span class='ocrx_word' id='word_1_896' title='bbox 3410 5248 3562 5302; x_wconf 89' lang='lat' dir='ltr'><strong>enim</strong></span> <span class='ocrx_word' id='word_1_897' title='bbox 3597 5247 3820 5311; x_wconf 89' lang='lat' dir='ltr'><strong>recedo,</strong></span> 
     </span>
    </p>
   </div>
   <div class='ocr_carea' id='block_1_115' title="bbox 2122 5331 3822 5393">
    <p class='ocr_par' dir='ltr' id='par_1_115' title="bbox 2122 5331 3822 5393">
     <span class='ocr_line' id='line_1_116' title="bbox 2122 5331 3822 5393; baseline -0.005 0"><span class='ocrx_word' id='word_1_898' title='bbox 2122 5344 2179 5393; x_wconf 87' lang='lat' dir='ltr'><strong>et</strong></span> <span class='ocrx_word' id='word_1_899' title='bbox 2205 5337 2427 5393; x_wconf 82' lang='lat' dir='ltr'><strong>efﬁcior</strong></span> <span class='ocrx_word' id='word_1_900' title='bbox 2457 5336 2797 5392; x_wconf 89' lang='lat' dir='ltr'><strong>monachus.</strong></span> <span class='ocrx_word' id='word_1_901' title='bbox 2848 5337 2991 5391; x_wconf 89' lang='lat' dir='ltr'><strong>Cum</strong></span> <span class='ocrx_word' id='word_1_902' title='bbox 3042 5336 3186 5391; x_wconf 91' lang='lat' dir='ltr'><strong>nulli</strong></span> <span class='ocrx_word' id='word_1_903' title='bbox 3218 5343 3410 5391; x_wconf 87' lang='lat' dir='ltr'><strong>autem</strong></span> <span class='ocrx_word' id='word_1_904' title='bbox 3443 5335 3686 5389; x_wconf 87' lang='lat' dir='ltr'><strong>dixisset</strong></span> <span class='ocrx_word' id='word_1_905' title='bbox 3716 5331 3822 5387; x_wconf 90' lang='lat' dir='ltr'><strong>ali-</strong></span> 
     </span>
    </p>
   </div>
   <div class='ocr_carea' id='block_1_116' title="bbox 2122 5422 3823 5498">
    <p class='ocr_par' dir='ltr' id='par_1_116' title="bbox 2122 5422 3823 5498">
     <span class='ocr_line' id='line_1_117' title="bbox 2122 5422 3823 5498; baseline -0.003 -18"><span class='ocrx_word' id='word_1_906' title='bbox 2122 5427 2288 5498; x_wconf 90' lang='lat' dir='ltr'><strong>quid,</strong></span> <span class='ocrx_word' id='word_1_907' title='bbox 2323 5425 2637 5496; x_wconf 89' lang='lat' dir='ltr'><strong>pertransit</strong></span> <span class='ocrx_word' id='word_1_908' title='bbox 2666 5430 2794 5482; x_wconf 89' lang='lat' dir='ltr'><strong>octo</strong></span> <span class='ocrx_word' id='word_1_909' title='bbox 2828 5425 3159 5481; x_wconf 91' lang='lat' dir='ltr'><strong>mansiones</strong></span> <span class='ocrx_word' id='word_1_910' title='bbox 3180 5426 3313 5497; x_wconf 82' lang='lat'><strong>(66).</strong></span> <span class='ocrx_word' id='word_1_911' title='bbox 3358 5428 3413 5478; x_wconf 91' lang='lat' dir='ltr'><strong>et</strong></span> <span class='ocrx_word' id='word_1_912' title='bbox 3444 5424 3557 5477; x_wconf 89' lang='lat' dir='ltr'><strong>abit</strong></span> <span class='ocrx_word' id='word_1_913' title='bbox 3593 5422 3663 5476; x_wconf 90' lang='lat' dir='ltr'><strong>ad</strong></span> <span class='ocrx_word' id='word_1_914' title='bbox 3693 5438 3823 5477; x_wconf 83' lang='lat' dir='ltr'><strong>san-</strong></span> 
     </span>
    </p>
   </div>
   <div class='ocr_carea' id='block_1_117' title="bbox 2121 5516 3821 5588">
    <p class='ocr_par' dir='ltr' id='par_1_117' title="bbox 2121 5516 3821 5588">
     <span class='ocr_line' id='line_1_118' title="bbox 2121 5516 3821 5588; baseline -0.004 -15"><span class='ocrx_word' id='word_1_915' title='bbox 2121 5526 2275 5573; x_wconf 87' lang='lat' dir='ltr'><strong>ctum</strong></span> <span class='ocrx_word' id='word_1_916' title='bbox 2303 5518 2644 5585; x_wconf 87' lang='lat' dir='ltr'><strong>Antonium,</strong></span> <span class='ocrx_word' id='word_1_917' title='bbox 2686 5522 2742 5573; x_wconf 90' lang='lat' dir='ltr'><strong>et</strong></span> <span class='ocrx_word' id='word_1_918' title='bbox 2791 5516 2983 5588; x_wconf 90' lang='lat' dir='ltr'><strong>pulsat</strong></span> <span class='ocrx_word' id='word_1_919' title='bbox 3029 5516 3264 5571; x_wconf 89' lang='lat' dir='ltr'><strong>ostium.</strong></span> <span class='ocrx_word' id='word_1_920' title='bbox 3317 5518 3593 5583; x_wconf 85' lang='lat' dir='ltr'><strong>Egressus</strong></span> <span class='ocrx_word' id='word_1_921' title='bbox 3625 5518 3821 5568; x_wconf 86' lang='lat' dir='ltr'><strong>autem</strong></span> 
     </span>
    </p>
   </div>
   <div class='ocr_carea' id='block_1_118' title="bbox 2121 5601 3822 5679">
    <p class='ocr_par' dir='ltr' id='par_1_118' title="bbox 2121 5601 3822 5679">
     <span class='ocr_line' id='line_1_119' title="bbox 2121 5601 3822 5679; baseline -0.005 -15"><span class='ocrx_word' id='word_1_922' title='bbox 2121 5610 2356 5664; x_wconf 87' lang='lat' dir='ltr'><strong>sanctus</strong></span> <span class='ocrx_word' id='word_1_923' title='bbox 2386 5608 2689 5679; x_wconf 81' lang='lat' dir='ltr'><strong>Antonius,</strong></span> <span class='ocrx_word' id='word_1_924' title='bbox 2711 5624 2845 5665; x_wconf 90' lang='lat' dir='ltr'><strong>sum</strong></span> <span class='ocrx_word' id='word_1_925' title='bbox 2873 5608 3223 5675; x_wconf 77' lang='lat' dir='ltr'><strong>interrogat:</strong></span> <span class='ocrx_word' id='word_1_926' title='bbox 3249 5602 3393 5667; x_wconf 89' lang='lat' dir='ltr'><strong>Quid</strong></span> <span class='ocrx_word' id='word_1_927' title='bbox 3418 5604 3501 5660; x_wconf 89' lang='lat' dir='ltr'><strong>vis</strong></span> <span class='ocrx_word' id='word_1_928' title='bbox 3524 5602 3551 5657; x_wconf 66' lang='grc' dir='ltr'><strong><em>τ</em></strong></span> <span class='ocrx_word' id='word_1_929' title='bbox 3582 5603 3651 5661; x_wconf 88' lang='lat' dir='ltr'><strong>Et</strong></span> <span class='ocrx_word' id='word_1_930' title='bbox 3681 5601 3822 5658; x_wconf 91' lang='lat' dir='ltr'><strong>dicit</strong></span> 
     </span>
    </p>
   </div>
  </div>
