4076 6280
263 246 418 308 19⁸19

1836 255 2200 320 PALLADII

3616 229 3813 297 1080

260 381 481 437 Paulus
505 379 815 437 :Voloﬂeri
838 382 1182 437 monachus.
1208 383 1540 453 Respondet
1558 384 1608 441 ei
1632 388 1955 445 Antonius:
1990 395 2037 458 Α
2073 410 2253 448 unum
2289 386 2612 454 madefecit,
2657 386 2823 440 erant
2855 378 3007 436 enim
3053 376 3236 443 sicci;
3278 373 3363 428 im
3405 374 3599 427 “tem
3631 372 3803 423 tres-

264 472 448 527 Senex
482 472 896 541 sexagenarius
929 489 1042 527 non
1079 477 1267 542 potest
1316 473 1407 529 hic
1441 475 1559 529 fieri
1595 479 1917 533 monachus
1948 498 1960 546 ;

265 562 363 616 sed
400 562 592 632 potius
636 563 727 616 abi
763 563 818 617 in
852 564 1065 632 vicum,
1098 568 1155 618 et
1202 580 1462 635 Ope-rare.
1510 575 1562 621 et
1613 569 1789 623 vitam
1823 570 1965 639 dego

264 653 609 724 operariam,
644 650 761 707 Deo
784 669 956 719 agens
988 655 1228 723 gratias.
1262 660 1384 709 Non
1421 662 1583 725 potes
1606 659 1759 712 enim
1796 662 1967 715 susti-

270 760 405 799 nere
436 743 780 799 afﬂictiones
813 745 1165 799 solitudinis.
1202 746 1532 817 Respondet
1565 767 1760 815 senex,
1794 760 1843 803 et
1877 752 1969 805 di-

268 833 382 890 cit:
416 833 474 887 Si
507 835 645 904 quid
681 850 769 887 me
800 835 1084 899 docueris,
1136 835 1277 889 illud
1330 837 1558 892 faciam.
1596 840 1741 894 Dicit
1771 842 1818 895 ei
1854 843 1971 895 An-

267 922 503 976 tonius:
539 922 661 977 Dixi
696 923 799 977 tibi
833 932 884 977 te
914 940 1041 978 esse
1070 940 1292 989 senem,
1342 935 1400 980 et
1443 944 1557 983 non
1611 946 1781 998 posse
1812 947 1968 985 esse-

268 1014 661 1079 monachum;
695 1015 809 1070 abi.
845 1016 897 1069 Si
932 1017 1085 1070 enim
1120 1018 1208 1071 vis
1239 1035 1365 1073 esse
1397 1022 1739 1089 monachus,
1770 1022 1970 1093 ingre-

267 1104 400 1158 dere
429 1104 755 1159 cmnotiium
788 1106 885 1158 ubi
919 1112 1059 1160 sunt
1096 1109 1425 1174 complures
1460 1110 1663 1166 fratres
1696 1112 1793 1178 qui
1831 1130 1971 1180 pos—

267 1199 405 1247 sunt
435 1198 594 1248 tuam
639 1194 786 1248 ferre
836 1194 1307 1251 imbecillitatem.
1342 1199 1458 1267 Ego
1506 1201 1657 1255 enim
1692 1200 1848 1255 solus
1880 1202 1971 1256 hic

268 1282 741 1353 sedeo,quinque
773 1284 997 1339 dierum
1049 1287 1238 1356 spatio
1287 1289 1587 1358 inlerjecto
1638 1294 1969 1361 comedens,

269 1372 446 1441 idque
476 1372 759 1426 esuriens.
805 1374 900 1427 His
948 1391 1084 1444 ergo
1128 1377 1320 1430 verbis
1376 1378 1618 1433 Paulum
1678 1381 1970 1447 abigehat.

270 1460 588 1529 Postquam
622 1466 813 1514 autem
849 1478 979 1515 eum
1017 1479 1128 1517 non
1164 1465 1417 1533 admisit,
1454 1467 1651 1521 clauso
1684 1470 1833 1523 ostio
1864 1476 1973 1523 An-

269 1549 465 1601 tonius
497 1549 683 1602 tribus
715 1550 920 1603 diebus
954 1550 1109 1605 foras
1144 1568 1255 1605 nou
1293 1560 1381 1607 est
1412 1572 1706 1627 egressus,
1743 1563 1974 1626 propter

270 1637 487 1707 ipsum,
521 1654 592 1691 ne
623 1639 853 1708 quidem
886 1640 959 1694 ad
992 1642 1362 1697 necessitates
1388 1661 1544 1700 suas.
1577 1647 1761 1701 Senex
1780 1656 1970 1702 autem

271 1727 589 1797 permansit
620 1744 731 1782 non
785 1730 1076 1785 recedens.
1131 1733 1345 1793 Quarto
1375 1751 1507 1789 vero
1538 1736 1629 1791 die
1678 1752 1811 1791 cum
1839 1754 1971 1792 eum
2009 1770 2052 1835 Β

272 1820 558 1888 premeret
606 1817 944 1885 necessitas,
994 1830 1185 1887 aperio
1237 1822 1384 1877 ostio
1433 1841 1704 1895 egressus
1752 1831 1855 1882 est.
1905 1828 1975 1883 Et

270 1921 403 1960 cum
439 1922 645 1960 rursus
675 1908 917 1962 vidisset
945 1907 1211 1971 Paulum.
1249 1913 1297 1965 ei
1346 1912 1527 1970 dicit:
1559 1917 1663 1970 Abi
1697 1916 1853 1986 hinc,
1888 1934 1975 1972 se-

269 2012 398 2050 nex.
434 1995 583 2060 Quid
616 1996 757 2050 mihi
790 2013 852 2051 es
882 1998 1212 2054 molestus?
1244 2018 1355 2056 non
1392 2008 1553 2072 potes
1586 2005 1682 2060 hic
1715 2022 1973 2062 manere.

270 2085 424 2142 Dicit
451 2087 500 2141 ei
536 2086 748 2141 Paulus
784 2102 797 2141 :
834 2088 977 2143 Fieri
1012 2106 1125 2144 non
1161 2097 1352 2161 potest
1398 2102 1455 2147 ut
1501 2112 1604 2162 ego
1633 2095 1766 2150 alibi
1801 2115 1974 2163 quam

270 2174 367 2232 hic
400 2177 633 2231 moriar.
668 2177 807 2232 Cum
860 2179 1179 2247 aspexisset
1228 2188 1420 2237 autem
1473 2186 1773 2251 Antonius,
1807 2196 1859 2239 et
1889 2187 1979 2239 vi-

269 2265 453 2321 disset
482 2283 612 2319 eum
640 2284 750 2321 non
781 2269 925 2322 ferre
945 2284 1010 2322 ea
1029 2286 1155 2340 quis
1189 2278 1327 2326 sunt
1355 2275 1422 2327 ad
1456 2275 1671 2329 victum
1712 2293 1977 2331 necessa-

272 2356 380 2419 ria,
415 2370 527 2409 non
566 2372 795 2423 panem,
844 2373 956 2411 non
1003 2376 1239 2428 aquam,
1292 2378 1406 2415 non
1458 2363 1677 2434 aliquid
1710 2365 1890 2430 aliud,
1923 2368 1979 2418 et

263 2444 385 2514 jam
422 2451 696 2514 quartum
731 2445 882 2501 diem
938 2465 1340 2517 perseverasse
1383 2452 1680 2523 jejunum,
1714 2455 1979 2520 cogitavit

274 2534 423 2601 apud
446 2550 544 2587 se:
570 2534 651 2587 Ne
676 2536 816 2588 forte
841 2538 1143 2598 moriatur.
1169 2543 1347 2610 utqui
1375 2558 1485 2595 non
1505 2545 1579 2597 sit.
1602 2545 1981 2608 assuetusje-

269 2623 499 2689 junare,
519 2627 576 2673 et
593 2638 772 2676 meam
801 2626 1047 2678 maculet
1072 2628 1354 2683 animam.
1382 2630 1520 2684 Eum
1547 2647 1681 2701 ergo
1705 2632 1978 2685 admittit.

274 2710 436 2763 Tunc
468 2709 519 2762 ei
552 2709 693 2763 dicit
724 2714 1047 2768 Antonius:
1085 2720 1252 2769 Potes
1301 2733 1423 2771 esse
1458 2719 1651 2773 salvus
1685 2722 1729 2774 si
1764 2722 1982 2776 habeas

276 2798 693 2866 obedientiam,
727 2805 783 2854 et
814 2802 969 2871 quod
1002 2821 1032 2857 a
1066 2821 1156 2858 me
1180 2807 1435 2862 audieris
1460 2808 1569 2863 hoc
1595 2811 1817 2867 feceris.
1843 2811 1983 2865 Pau-

277 2889 372 2944 lus
413 2894 604 2943 autem
658 2896 1034 2961 respondens,
1088 2895 1231 2949 dixit
1284 2914 1297 2951 :
1349 2898 1573 2954 Faciam
1622 2918 1984 2971 quascunque

269 2978 537 3049 jnsseris.
572 2978 892 3051 Talemque
924 2981 1052 3035 vitae
1094 2999 1306 3051 asperas
1341 2988 1576 3055 agendae
1611 2990 1896 3045 rationem
1928 2994 1987 3043 et

274 3068 392 3124 illis
422 3070 627 3124 diebus
660 3071 915 3139 suscepit
963 3072 1273 3140 Antonius,
1320 3076 1550 3145 qualem
1603 3080 1834 3149 quando
1866 3082 1987 3132 erat

2074 482 2367 538 Psalmum
2422 478 2614 550 psallit
2666 472 2949 528 Antonius
2993 483 3162 539 quem
3216 470 3501 527 noverat;
3553 465 3801 516 etcum

2071 588 2199 625 eum
2234 568 2548 625 duodecies
2577 563 2905 627 cecinisset,
2938 556 3245 613 duodecies
3267 553 3453 609 oravit
3487 561 3541 606 ui
3578 550 3633 604 in
3676 550 3810 603 hoc

2076 676 2302 731 quoque
2334 658 2573 713 Paulum
2614 653 2900 725 probaret.
2930 650 3115 705 Senex
3145 650 3337 700 autem
3377 640 3553 697 simul
3589 655 3811 731 preca-

2075 730 2172 806 tus
2202 756 2291 804 est
2320 750 2442 817 ipso
2478 762 2688 816 magno
2741 740 2991 797 Antonio
3039 734 3363 809 promptius
3416 736 3470 786 et
3505 730 3803 785 alacrius.

2078 840 2327 893 Malebat
2356 838 2535 905 enim,
2568 840 2631 890 ut
2680 832 2952 896 arbitror,
3007 841 3244 898 pascere
3277 821 3552 888 scorpios,
3600 833 3803 888 quam

2081 945 2196 983 una
2227 928 2414 982 vivere
2444 941 2578 981 cum
2611 922 2888 977 adultera.
2926 918 3061 972 Post
3092 912 3397 969 duodecim
3434 914 3622 964 autem
3658 924 3809 961 ora—

2078 1020 2287 1083 tiones,
2324 1014 2497 1071 Paulo
2528 1014 2666 1068 dicit
2706 1025 2952 1079 magnus
2999 1005 3287 1061 Antonius
3321 1018 3333 1057 :
3369 1001 3534 1067 Sede,
3565 996 3803 1068 inquit,

2080 1113 2136 1161 et
2166 1124 2236 1161 ne
2267 1106 2535 1160 comedas
2556 1117 2740 1171 usque
2762 1099 2830 1153 ad
2856 1111 3151 1165 vesperam
3177 1113 3190 1159 ;
3222 1094 3319 1147 sed
3344 1091 3532 1145 solum
3552 1087 3807 1142 attende

2080 1195 2413 1251 esculentis.
2461 1196 2599 1246 Cum
2656 1193 2849 1244 autem
2902 1184 3105 1239 fuisset
3146 1196 3409 1251 vespera,
3460 1182 3515 1231 et
3564 1174 3805 1230 Paulus

2083 1302 2194 1341 non
2240 1282 2602 1347 comedisset,
2650 1280 2793 1333 dixit
2832 1275 2882 1331 ei
2931 1272 3216 1329 Antonius
3258 1286 3269 1323 :
3323 1268 3522 1338 Surge,
3574 1282 3694 1328 ora,
3730 1268 3804 1319 et

2083 1374 2291 1429 dormi.
2337 1372 2437 1427 Ille
2468 1375 2663 1425 autem
2701 1383 2898 1421 mensa
2933 1362 3132 1418 relicta
3165 1361 3248 1415 sic
3282 1359 3433 1413 fecit.
3467 1355 3645 1409 Media
3678 1370 3799 1408 au-

2084 1469 2198 1519 tem
2234 1468 2401 1517 nocte
2433 1461 2705 1515 excitavit
2735 1472 2864 1511 eum
2914 1454 2981 1507 ad
3036 1450 3381 1511 orationem,
3417 1451 3472 1499 et
3505 1460 3686 1513 usque
3717 1444 3798 1497 ad

2082 1555 2282 1609 horam
2316 1568 2527 1606 nonam
2567 1547 2838 1620 produxit
2867 1544 3181 1598 orationes.
3204 1540 3407 1594 Mensa
3436 1541 3627 1591 autem
3655 1552 3801 1588 rur-

2086 1662 2187 1699 sus
2239 1643 2502 1713 apposita
2542 1655 2676 1696 cum
2724 1642 2781 1691 et
2831 1649 3029 1689 rursus
3079 1630 3385 1685 cecinisset
3434 1631 3491 1682 et
3538 1628 3800 1688 orasset,

2086 1751 2212 1791 sero
2265 1749 2501 1804 vespere
2546 1731 2822 1785 sederunt
2874 1724 2946 1781 ad
2996 1720 3442 1779 comedendum.
3474 1717 3617 1772 Cum
3649 1731 3799 1785 ergo

2083 1823 2432 1881 comedisset
2456 1836 2705 1891 magnus
2729 1815 3010 1872 Antonius
3023 1828 3203 1868 unum
3220 1812 3605 1880 paxamatem,
3628 1805 3800 1860 aliud

2086 1932 2200 1971 non
2236 1914 2442 1979 tetigit.
2486 1909 2671 1965 Senex
2712 1911 2902 1962 autem
2954 1903 3264 1959 comedens
3315 1897 3568 1962 tardius,
3598 1893 3801 1950 adhuc

2086 2005 2310 2061 tenebat
2344 2001 2737 2075 paxamidium
2772 1997 2923 2068 quod
2958 1998 3205 2065 ceperat.
3243 1988 3626 2060 Exspectabat
3655 2002 3799 2055 ergo

2088 2094 2376 2149 Antonius
2406 2092 2588 2145 donec
2622 2088 2970 2159 perfecisset,
3002 2088 3058 2138 et
3092 2083 3233 2137 dicit
3260 2080 3349 2134 ei:
3385 2078 3651 2137 Comede.
3685 2091 3801 2146 pa-

2087 2181 2323 2243 tercule,
2358 2181 2527 2235 etiam
2555 2194 2733 2232 unum
2771 2176 2926 2230 aliud
2952 2171 3367 2244 paxamidiuin.
3402 2167 3548 2222 Dicit
3569 2166 3618 2220 ei
3648 2164 3801 2219 Pau-

2089 2275 2227 2328 lus:
2288 2272 2345 2327 Si
2405 2276 2465 2325 tu
2532 2268 2821 2328 comedas,
2880 2281 2985 2336 ego
3042 2278 3269 2333 quoque
3321 2256 3622 2313 comedam
3674 2275 3690 2323 ;
3738 2260 3801 2309 te

2093 2370 2286 2417 autem
2324 2377 2437 2415 non
2473 2359 2833 2422 comedenie,
2870 2370 2972 2408 nec
3024 2367 3128 2423 ego
3180 2349 3505 2406 comedam.
3559 2345 3707 2401 Dicit
3739 2342 3794 2397 ei

2091 2448 2378 2504 Antonius
2440 2464 2451 2501 :
2514 2444 2653 2498 Mihi
2713 2441 2954 2507 sufficit,
3024 2454 3152 2491 sum
3215 2436 3368 2490 enim
3447 2431 3794 2488 monachus.

2092 2539 2155 2591 Et
2189 2537 2323 2590 ille:
2359 2536 2426 2589 Et
2459 2532 2599 2588 mihi
2635 2531 2853 2585 sufficit
2888 2548 2902 2595 ;
2938 2544 3073 2582 nam
3108 2543 3213 2593 ego
3245 2540 3473 2595 quoque
3502 2523 3629 2575 volo
3668 2520 3803 2574 ﬁeri

2094 2624 2438 2680 monachus.
2492 2621 2689 2690 Surgit
2723 2634 2945 2685 rursus,
2979 2622 3034 2669 et
3065 2614 3201 2668 facit
3251 2611 3545 2667 duodecim
3574 2608 3793 2663 oratio-

2096 2732 2214 2780 nes,
2246 2719 2302 2767 et
2336 2711 2528 2781 psallit
2578 2708 2877 2763 duodecim
2916 2703 3188 2776 psalmos.
3241 2707 3303 2756 Et
3332 2708 3447 2770 post
3492 2697 3783 2752 orationes

2095 2803 2262 2873 primi
2290 2800 2478 2855 somni
2504 2814 2706 2869 parum
2733 2797 3073 2863 dormiunt;
3098 2800 3155 2847 et
3177 2786 3779 2857 rursusexpergiscun-

2093 2896 2191 2945 tur
2220 2891 2288 2945 ad
2326 2889 2690 2961 psallendum
2721 2904 2754 2940 a
2787 2886 2974 2939 media
3005 2889 3171 2937 nocte
3204 2884 3268 2935 ad
3302 2880 3445 2934 diem
3476 2892 3677 2946 usque.

2168 2981 2382 3036 Deinde
2417 2978 2569 3032 misit
2604 2993 2733 3031 eum
2778 2976 2845 3029 ad
2898 2975 3225 3028 obeundam
3277 2969 3669 3032 solitudinem,
3703 2965 3797 3018 di-

2098 3088 2233 3127 cens
2265 3070 2313 3125 ei
2355 3084 2368 3123 :
2417 3068 2557 3122 Veni
2590 3068 2704 3120 huc
2754 3072 2885 3135 post
2931 3071 3047 3117 tres
3098 3063 3239 3117 dies.
3274 3062 3413 3115 Cum
3465 3058 3573 3112 hoc
3604 3062 3796 3110 autem

277 3159 336 3213 in
372 3159 650 3230 principio
692 3162 1039 3230 juventutis.
1094 3163 1230 3232 Ejus
1279 3181 1413 3236 ergo
1450 3147 1697 3223 mentem
1736 3169 1987 3238 probans
2018 3149 2068 3214 Ο
2099 3161 2319 3215 factum
2353 3163 2521 3222 esset,
2554 3160 2609 3210 et
2653 3154 2886 3226 quidam
2942 3156 3143 3207 fratres
3192 3152 3259 3204 ad
3314 3166 3445 3204 eum
3479 3147 3797 3210 venissent,

278 3252 589 3315 Antonius,
622 3251 671 3304 ei
714 3252 857 3306 dixit
907 3268 920 3305 :
971 3254 1093 3317 Sta,
1142 3264 1194 3308 et
1244 3271 1344 3310 ora
1395 3256 1451 3310 in
1506 3258 1614 3313 hoc
1647 3258 1770 3313 loco
1803 3259 1985 3314 donec

283 3337 593 3408 ingrediar,
628 3343 684 3391 et
732 3339 968 3394 afferam
1021 3341 1126 3395 tibi
1159 3344 1314 3413 quod
1366 3350 1642 3415 opereris.
1677 3349 1984 3419 Ingressus

284 3434 476 3480 autem
509 3427 873 3495 speluncam,
908 3446 1009 3498 per
1049 3430 1361 3486 fenestram
1415 3437 1823 3493 animadvertit
1854 3453 1984 3491 eum

285 3516 343 3569 in
378 3530 443 3568 eo
469 3515 590 3567 loco
627 3520 798 3569 totam
846 3517 1266 3573 hebdomadam
1322 3538 1553 3578 manere
1604 3527 1985 3590 immobilem,

289 3620 420 3660 cum
456 3603 527 3656 ab
552 3609 693 3656 aestu
721 3609 1035 3658 torreretur
1079 3606 1360 3676 Egressus
1392 3619 1585 3667 autem
1622 3621 1751 3683 post
1773 3614 1991 3669 hebdo-

291 3695 544 3762 madam,
578 3709 711 3748 cum
742 3710 807 3749 ex
840 3693 1045 3763 palmis
1069 3714 1259 3753 ramos
1285 3702 1705 3769 madefecisset,
1730 3705 1780 3759 ei
1805 3705 1987 3761 dicit:

294 3784 529 3854 Accipe,
577 3788 633 3838 et
681 3790 917 3839 contexe
966 3786 1164 3841 funem
1207 3794 1269 3842 ut
1302 3806 1394 3847 me
1423 3792 1601 3847 vides.
1633 3795 1793 3848 Texit
1824 3811 1994 3849 senex

294 3875 365 3930 ad
398 3873 597 3929 horam
634 3889 818 3941 usque
852 3891 1061 3931 nonam
1096 3878 1421 3948 quindecim
1466 3880 1636 3937 ulnas
1670 3901 1880 3955 magno
1912 3884 1995 3940 la-

296 3963 451 4017 bore.
497 3964 636 4015 Cum
687 3966 880 4017 autem
936 3963 1172 4022 vidisset
1218 3969 1510 4023 Antonius
1557 3971 1611 4025 id
1666 3974 1811 4041 quod
1848 3988 1994 4026 con-

294 4055 578 4117 texuerat,
610 4052 666 4107 id
719 4053 963 4109 minime
1011 4055 1062 4110 ei
1114 4057 1347 4127 placuit,
1390 4064 1445 4114 et
1492 4060 1601 4130 ipsi
1636 4061 1817 4116 dicit:
1853 4061 1999 4117 Male

295 4141 659 4211 contexuisti,
718 4147 930 4213 retexe,
988 4148 1044 4199 et
1097 4146 1289 4200 denuo
1348 4156 1583 4202 contexo
1634 4166 1649 4216 ;
1699 4167 1831 4205 cum
1871 4152 1998 4221 jam

296 4233 545 4303 septimo
585 4233 937 4303 diejejunus
964 4240 1174 4305 ageret,
1214 4236 1389 4308 idque
1421 4253 1551 4291 cum
1584 4244 1732 4293 esset
1763 4241 2001 4309 grandis

297 4326 479 4376 etate.
512 4321 767 4376 Tantum
800 4327 994 4377 autem
1044 4340 1177 4379 eum
1212 4325 1320 4380 hac
1354 4326 1425 4381 de
1456 4343 1635 4383 causa
1668 4328 1899 4395 afflixit,
1938 4332 2002 4383 ut

298 4425 449 4479 iegre
482 4410 672 4464 ferens
705 4426 879 4465 senex
908 4411 1125 4482 fugeret
1158 4416 1495 4483 Antonium,
1530 4422 1586 4471 et
1615 4417 1788 4473 vitam
1815 4435 2003 4472 mona-

2096 3249 2440 3305 observabat
2467 3246 2680 3301 Paulus
2709 3242 3026 3298 Antonium
3053 3242 3327 3312 quidnam
3359 3238 3529 3292 vellet
3560 3252 3691 3291 eum
3716 3237 3802 3287 fa-

2097 3356 2241 3395 cere.
2279 3340 2332 3393 Is
2364 3343 2557 3392 autem
2601 3334 2745 3388 dixit
2792 3334 2880 3387 ei:
2915 3332 3135 3386 Tacens
3182 3328 3454 3384 ministra
3488 3328 3797 3390 fratribus;

2098 3445 2285 3499 neque
2317 3427 2529 3496 aliquid
2554 3422 2874 3492 gustaveris
2897 3424 3081 3477 donec
3106 3422 3310 3476 fratres
3341 3419 3556 3474 fuerint
3590 3418 3696 3471 iter
3717 3417 3799 3469 in-

2098 3518 2298 3590 gressi.
2336 3517 2644 3584 Postquam
2671 3520 2861 3568 autem
2895 3512 3200 3579 tertiajam
3228 3510 3463 3578 impleta
3484 3514 3637 3563 esset
3668 3506 3799 3560 heb-

2098 3609 2345 3663 domada
2376 3624 2444 3660 ex
2476 3622 2589 3675 quo
2623 3621 2735 3659 non
2785 3604 3107 3657 comederat
3156 3601 3393 3663 Paulus,
3429 3602 3632 3653 fratres
3662 3611 3793 3651 eum

2098 3698 2419 3767 rogabant:
2453 3696 2575 3758 Qua
2605 3696 2673 3747 de
2694 3709 2871 3747 causa
2900 3688 3102 3768 taces?
3130 3689 3390 3760 Cumque
3424 3688 3522 3743 ille
3550 3704 3662 3742 non
3688 3701 3802 3741 res—

2102 3788 2398 3859 ponderet,
2430 3784 2565 3839 dicit
2597 3783 2647 3837 ei
2674 3782 2999 3837 Antonius:
3032 3781 3175 3846 Quid
3231 3787 3386 3834 taces
3414 3779 3443 3833 ?
3471 3778 3799 3847 colloquare

2103 3894 2234 3934 cum
2285 3876 2584 3930 fratribus.
2641 3873 2735 3927 Ille
2792 3888 2924 3927 vero
2982 3880 3067 3925 est
3125 3870 3465 3925 collocutus.
3515 3872 3653 3922 Cum
3699 3865 3798 3919 ali-

2106 3966 2332 4037 quando
2364 3965 2412 4019 ei
2450 3964 2653 4018 fuisset
2703 3962 2878 4016 allata
2921 3977 3069 4016 urna
3115 3960 3326 4027 mellis,
3373 3959 3513 4013 dixit
3545 3960 3594 4012 ei
3627 3960 3804 4011 Anto-

2106 4058 2277 4110 nius:
2316 4054 2534 4123 Frange
2565 4068 2687 4113 vas,
2725 4055 2781 4104 et
2830 4050 2938 4104 mel
2988 4049 3342 4104 effundatur.
3378 4048 3467 4102 Sic
3499 4055 3692 4102 autem
3729 4047 3806 4100 fe-

2109 4147 2205 4201 cit.
2239 4145 2307 4199 Et
2338 4143 2389 4198 ei
2442 4160 2645 4196 rursus
2693 4140 2835 4195 dicit
2876 4156 2889 4195 :
2940 4140 3155 4210 Collige
3182 4156 3384 4194 rursus
3417 4140 3527 4193 mel
3564 4138 3801 4205 concha,

2109 4251 2181 4290 ne
2240 4235 2437 4287 sordes
2492 4231 2718 4301 aliquas
2776 4231 3005 4284 inferas.
3066 4230 3132 4284 Et
3187 4246 3388 4284 rursus
3439 4228 3620 4297 jussit
3675 4242 3802 4281 eum

2113 4340 2323 4396 aquam
2357 4324 2585 4378 haurire
2620 4328 2737 4376 toto
2768 4322 2879 4376 die.
2913 4322 2981 4376 Et
3030 4338 3232 4376 rursus
3262 4337 3392 4375 cum
3429 4326 3641 4374 vestem
3676 4320 3804 4387 ejus

2114 4414 2488 4476 dissolvisset,
2514 4413 2696 4481 jussit
2721 4427 3022 4467 censuere.
3055 4413 3300 4467 Tantam
3328 4411 3575 4481 denique
3606 4409 3692 4462 hic
3724 4407 3801 4461 vir

298 4498 563 4554 chorum.
598 4502 651 4553 Is
681 4506 872 4555 autem
915 4503 1148 4556 eosdem
1184 4521 1376 4560 ramos
1424 4510 1480 4560 et
1526 4507 1786 4574 retexuit,
1822 4512 1877 4561 et
1905 4509 1998 4561 ite-
2035 4524 2082 4586 ι)
2114 4504 2368 4578 possedit
2399 4502 2806 4569 obedientiam,
2860 4512 2916 4555 ui
2948 4501 2999 4555 ei
3024 4501 3196 4556 etiam
3229 4501 3363 4554 data
3394 4500 3469 4555 sit
3510 4504 3675 4568 gratia
3704 4495 3793 4546 di-

298 4605 424 4645 rum
454 4592 749 4647 contexuit
767 4607 897 4646 cum
924 4608 1136 4663 magno
1161 4594 1373 4662 labore,
1399 4598 1547 4666 quod
1573 4614 1637 4651 ex
1665 4603 2001 4652 contextura

296 4680 482 4750 prima
522 4680 768 4738 fuissent
806 4684 1116 4754 corrugali.
1148 4681 1290 4738 Cum
1319 4700 1454 4757 ergo
1484 4685 1725 4741 vidisset
1756 4703 1999 4757 magnus

297 4771 583 4826 Antonius
606 4789 739 4827 eum
770 4789 871 4827 nec
904 4789 1324 4841 murmurasse,
1348 4792 1535 4846 neque
1557 4776 1816 4831 animum
1842 4779 1999 4846 abje-

297 4862 469 4929 oisse,
489 4878 675 4931 neque
698 4864 913 4918 vultum
945 4880 1113 4919 suum
1139 4866 1378 4921 omnino
1403 4867 1699 4932 avertisse,
1734 4872 1790 4922 et
1815 4884 1999 4937 neque

296 4951 382 5006 vel
415 4951 710 5005 tantillum
742 4956 1163 5023 succensuisse,
1189 4962 1422 5026 propter
1452 4973 1581 5011 eum
1614 4963 1701 5011 est
1723 4973 2000 5029 compun-

296 5051 445 5098 ctus.
470 5039 536 5094 Et
566 5041 683 5096 sole
713 5043 1012 5101 occidente
1042 5048 1091 5101 ei
1126 5048 1300 5101 dicit:
1334 5048 1655 5115 Patercule,
1683 5050 1770 5103 vis
1806 5064 2001 5104 come-

296 5134 507 5188 damus
539 5132 930 5199 fragmentum
982 5136 1195 5205 panis?
1247 5138 1391 5191 Dicit
1416 5140 1465 5191 ei
1506 5138 1759 5193 Paulus:
1795 5137 1862 5193 Ut
1894 5138 1998 5192 tibi

294 5223 548 5288 videtur,
581 5221 747 5276 abba.
776 5222 891 5276 Hoc
924 5239 1155 5293 quoque
1183 5244 1385 5282 rursus
1413 5226 1995 5295 iuﬂexitAntonium,

298 5316 448 5385 quod
481 5331 597 5369 non
630 5313 699 5368 ad
734 5313 846 5367 cibi
896 5313 1170 5368 nuntium
1220 5318 1479 5385 protinus
1527 5318 1860 5387 accurrerit,
1896 5320 1997 5373 sed

296 5403 344 5459 ei
374 5410 711 5474 potestatem
740 5403 1084 5475 permiserit.
1112 5403 1254 5458 Para
1275 5420 1433 5475 ergo,
1457 5408 1669 5477 inquit,
1699 5424 1999 5477 mensam;

300 5497 358 5547 et
387 5494 618 5549 obediit.
659 5494 780 5548 Fert
815 5509 991 5565 panes
1040 5494 1350 5563 Antonius,
1402 5506 1455 5550 et
1500 5496 1749 5567 imponit
1790 5514 2004 5553 mensae

298 5592 543 5652 quatuor
573 5598 927 5655 paxamates,
961 5602 1063 5644 sex
1110 5586 1418 5644 uneiarum
1450 5606 1465 5658 ;
1498 5592 1555 5644 et
1602 5589 1715 5645 sibi
1765 5591 2002 5661 quidem

2110 4596 2348 4658 vinitus,
2377 4608 2585 4663 nempe
2617 4601 2676 4645 ut
2717 4593 2942 4661 ejicerei
2985 4593 3295 4646 daemones.
3329 4594 3622 4657 Postquam
3655 4597 3787 4654 ergo

2110 4686 2251 4741 vidit
2280 4698 2475 4739 senem
2510 4698 2753 4751 magnus
2780 4681 3084 4746 Antonius,
3132 4686 3395 4751 prompte
3423 4693 3546 4734 eum
3578 4690 3699 4729 esse
3727 4674 3792 4728 ad

2110 4776 2307 4833 omnia
2334 4779 2599 4829 secutum
2632 4773 2689 4827 in
2724 4774 2851 4828 vitae
2895 4774 3227 4827 exercendae
3264 4773 3507 4829 ratione.
3540 4768 3590 4823 ei
3622 4767 3757 4822 dicit
3787 4780 3799 4819 :

2110 4866 2273 4931 Vide,
2308 4866 2500 4929 frater,
2534 4866 2583 4919 si
2615 4864 2697 4917 sic
2728 4864 2784 4917 in
2819 4864 2942 4918 dies
2976 4869 3158 4935 potes,
3195 4879 3363 4919 mane
3389 4875 3637 4915 mecum.
3670 4856 3807 4913 Dicit

2111 4955 2163 5010 ei
2198 4952 2407 5007 Paulus
2454 4970 2467 5007 :
2502 4954 2584 5005 An
2619 4953 2755 5021 quid
2807 4951 2947 5007 mihi
2999 4956 3187 5022 possis
3212 4951 3465 5023 amplius
3490 4948 3805 5008 ostendere.

2111 5043 2326 5100 nescio.
2359 5040 2503 5095 Nam
2537 5057 2605 5095 ea
2646 5058 2768 5111 quae
2801 5044 2910 5097 vidi
2946 5060 2978 5097 a
3011 5049 3067 5097 te
3102 5042 3244 5109 ﬁeri,
3272 5058 3377 5109 ego
3408 5054 3640 5110 quoque
3675 5038 3809 5093 facio

2111 5133 2275 5191 facile
2306 5140 2364 5188 et
2394 5134 2532 5187 citra
2562 5134 2837 5204 laborem,
2875 5139 2985 5189 Deo
3019 5133 3161 5188 mihi
3185 5149 3350 5203 opem
3388 5133 3627 5185 ferente.
3652 5129 3809 5183 Tunc

2110 5226 2157 5281 ei
2194 5224 2332 5279 dicit
2360 5223 2648 5279 Antonius
2681 5224 2790 5279 alio
2821 5225 2951 5281 die:
2990 5225 3051 5280 In
3086 5224 3321 5280 nomine
3349 5224 3505 5289 Jesu,
3540 5237 3672 5276 ecce
3709 5221 3811 5275 fac-

2110 5323 2204 5372 tus
2234 5332 2295 5370 es
2316 5314 2660 5369 monachus.
2687 5320 2828 5371 Cum
2854 5322 3047 5371 autem
3073 5318 3214 5371 satis
3232 5330 3525 5386 superque
3555 5327 3812 5381 comper-

2111 5411 2237 5461 tum
2271 5404 2511 5460 haberet
2535 5405 2589 5459 in
2614 5407 2883 5461 omnibus
2909 5423 3157 5478 magnus
3189 5414 3245 5461 et
3272 5405 3477 5460 beatus
3509 5402 3809 5467 Antonius,

2114 5513 2241 5554 esse
2262 5495 2577 5551 admodum
2605 5497 2914 5567 perfectam
2948 5498 3204 5553 animam
3230 5496 3436 5551 Christi
3471 5509 3728 5559 servum,
3755 5496 3814 5546 ut

2114 5588 2215 5659 qui
2249 5591 2401 5643 esset
2453 5586 2772 5644 admodum
2821 5587 3118 5660 simplex;
3169 5591 3300 5658 post
3347 5593 3535 5643 certos
3564 5597 3810 5650 menses,
