4076 6280
341 490 495 550 1083
1854 481 1960 542 ΡΑ

2073 480 2223 543 ΑΠΠ
3588 489 3749 552 1084

341 623 369 677 6
421 624 683 698 μακάριος
741 620 831 676 καὶ
895 620 1056 695 μέγας
1105 617 1418 677 Ἀντώνιος,
1469 610 1553 670 ὅτι
1600 611 1808 673 τέλειός
1866 612 1979 669 ἐστι
2013 617 2055 684 Α
2090 614 2335 669 ταπεινὸν
2393 614 2481 668 καὶ
2524 611 2730 669 ἁπλοῦν
2753 613 2987 671 ’Παύλου
3029 615 3239 674 ἐλαύνει
3296 640 3361 692 με
3418 618 3746 698 φυγαδεῦον,

339 713 472 766 πάνυ
505 717 692 786 ψυχῆς
725 713 752 766 6
777 715 873 766 105
904 713 1138 784 Χριστοῦ
1171 705 1367 768 δοῦλος
1406 703 1619 764 Παῦλος
1652 706 1679 758 6
1711 701 1983 766 ἄπλαστος

339 799 461 854 λίαν
498 800 704 862 ἁπλοῦς
749 798 843 864 ὤν,
899 800 1032 869 μετά
1085 805 1258 868 μῆνας
1310 796 1506 869 ῥητοῦς
1558 800 1656 861 τῆς
1706 797 1801 848 τοῦ
1848 797 1981 847 Θεοῦ

337 883 564 956 χάριτος
622 879 978 954 συνεργούσης
1057 878 1332 948 Ἀντωνίῳ
1381 881 1461 946 τῷ
1512 873 1761 949 μακαρίῳ
1837 879 1984 927 ποιεῖ

337 970 485 1042 αῦτῷ
518 969 720 1024 κέλλαν
754 969 949 1023 λοιπὸν
981 969 1054 1028 ὡς
1086 967 1192 1021 ἀπὸ
1238 965 1480 1036 σημείων
1527 968 1691 1038 τριῶν
1725 961 1760 1031 ἢ
1792 965 1978 1016 τεσσά-

339 1041 575 1124 ρωντῆς
607 1052 799 1106 ἑαυτοῦ
827 1049 1037 1118 κέλλης
1060 1093 1072 1105 .
1124 1049 1221 1104 Καὶ
1260 1047 1402 1120 λέγει
1455 1046 1602 1116 αύτῷ
1628 1090 1640 1102 .
1688 1041 1851 1111 Ἰδοὺ,
1885 1050 1982 1111 τῆς

341 1141 620 1216 δυνάμεως
648 1145 744 1196 τοῦ
801 1144 1033 1214 Χριστοῦ
1086 1137 1446 1212 συνεργούσης
1480 1159 1562 1191 σοι
1615 1135 1837 1210 γέγονας
1875 1157 1980 1206 μο-

335 1213 504 1304 ναχός
532 1269 543 1281 .
581 1225 715 1281 Μένε
752 1213 869 1277 κατ’
903 1221 1038 1276 ἰδίαν
1072 1220 1290 1287 λοιπὸν,
1319 1218 1410 1272 ’ίνα
1442 1220 1530 1273 καί
1563 1224 1750 1288 πεῖραν
1803 1213 1978 1290 λάϐῃς

336 1313 612 1386 δαιμόνων
637 1357 648 1369 .
692 1313 930 1381 Οίκήσας
963 1310 1055 1364 οῦν
1085 1311 1203 1364 καθ’
1233 1310 1417 1364 ἑαυτὸν
1471 1307 1684 1367 Παῦλος
1715 1308 1742 1360 6
1774 1306 1982 1368 ἁπλοῦς

337 1391 454 1453 ἔτος
486 1392 564 1459 ἓν,
595 1394 941 1467 χαρίσματος
974 1391 1183 1462 ἠξιώθη
1217 1390 1352 1442 κατὰ
1385 1386 1660 1458 δαιμόνων
1692 1387 1782 1440 καὶ
1815 1406 1981 1454 νοση-

341 1484 522 1555 μάτων
582 1478 961 1548 παντοδαπῶν,
1009 1479 1354 1552 κατορθώσας
1407 1476 1480 1537 εἰς
1533 1475 1694 1549 ἀκρον
1739 1476 1837 1543 τήν
1878 1481 1978 1543 τῆς

334 1564 471 1632 ἀσκῆ
481 1583 614 1624 σεως
643 1563 838 1635 ἀρετήν
866 1605 876 1616 .

405 1657 516 1721 Μιᾷ
561 1651 734 1705 τοίνυν
785 1653 890 1703 τῶν
941 1652 1161 1723 ἡμερῶν
1217 1649 1335 1701 καθ’
1386 1643 1696 1720 ὑπερϐολὴν
1743 1643 1973 1699 δεινοτά-

331 1754 440 1793 τως
485 1729 782 1803 δαιμονιῶν
841 1729 992 1803 ἢχθη
1043 1728 1316 1789 νεανίσκος
1364 1726 1631 1799 Ἀντωνίῳ
1673 1731 1752 1796 τῷ
1805 1747 1976 1797 μακα-

335 1821 435 1892 ρίῳ
464 1820 694 1898 ἀρχικὸν
725 1813 868 1893 ἔχων
907 1816 1302 1892 χάλεπώτατον
1357 1814 1608 1887 δαίμονα,
1650 1817 1708 1876 ’ὀς
1757 1815 1845 1869 καὶ
1879 1815 1974 1869 αὐ-

330 1911 422 1963 τὸν
485 1910 576 1962 τὸν
647 1907 877 1979 οὐρανὸν
934 1904 1281 1982 ἐδυσφῆμει.
1342 1903 1746 1978 Προσεσχηκὼς
1810 1901 1900 1958 οὖν
1947 1905 1975 1957 6

335 1989 503 2066 μέγας
571 1987 855 2047 Ἀντώνιος
911 1989 987 2056 τῷ
1044 1981 1320 2057 νεανίσκῳ,
1383 1983 1524 2057 λέγει
1577 1990 1693 2044 τοῖς
1749 1981 1971 2054 ἄγουσιν
2007 1981 2052 2045 Β

330 2079 490 2133 αὐτόν
527 2095 540 2109 ⁸
592 2077 708 2135 Ούκ
755 2074 864 2130 ἔστι
905 2079 1066 2129 τοῦτο
1115 2074 1244 2144 ἐμὸν
1304 2075 1366 2128 τὸ
1417 2072 1573 2147 ἔργον
1608 2115 1620 2128 .
1679 2072 1825 2128 Κατά
1878 2075 1978 2146 γὰρ

326 2161 521 2216 τούτου
571 2164 667 2213 τοῦ
726 2158 1003 2231 τάγματος
1071 2159 1179 2211 τῶν
1249 2155 1526 2228 δαιμόνων
1580 2158 1677 2208 τοῦ
1744 2154 1979 2231 ἀρχικοῦ

331 2248 483 2304 οῦπω
514 2248 753 2318 ἠξιώθην
801 2247 1167 2321 χαρίσματος,
1212 2242 1356 2298 ἀλλά
1407 2243 1568 2298 τοῦτό
1620 2242 1727 2297 ἐστι
1775 2244 1837 2296 τὸ
1875 2244 1975 2317 χά-

332 2331 504 2402 ρισμα
537 2325 752 2382 Παύλου
790 2325 886 2381 τοῦ
921 2328 1101 2381 ἁπλοῦ
1129 2369 1142 2391 ,
1192 2323 1472 2381 Ἀπελθὼν
1527 2321 1617 2378 οῦν
1649 2324 1675 2378 6
1710 2324 1976 2397 μακάριος

326 2419 616 2480 Ἀντώνιος
665 2417 801 2492 πρὸς
858 2418 948 2471 τὸν
1011 2415 1236 2488 δόκιμον
1299 2412 1511 2468 Παῦλον
1556 2414 1832 2486 ἀπήγαγεν
1886 2415 1975 2468 καὶ

325 2499 540 2568 αὐτοὺς,
576 2499 664 2552 καὶ
717 2498 866 2575 λέγει
915 2497 1096 2568 αύτῷ·
1149 2492 1321 2552 ’Δὸϐἆ
1381 2495 1580 2558 Παῦλε,
1632 2489 1830 2550 ἔκϐαλε
1887 2496 1977 2550 τὸν

327 2585 560 2658 δαίμονα
616 2591 809 2641 τοῦτον
865 2586 970 2640 ἀπὸ
1035 2591 1131 2640 τοῦ
1190 2583 1498 2655 ἀνθρώπου,
1555 2583 1649 2638 ’ίνα
1725 2586 1974 2657 ὑγιαίνων

324 2667 531 2739 ἀπέλθῃ
571 2668 646 2727 εἷς
697 2668 761 2720 τὰ
808 2664 942 2732 ἴδια,
993 2666 1081 2719 καὶ
1133 2663 1327 2738 δοξάζῃ
1380 2667 1469 2719 τὸν
1525 2666 1720 2738 Κύριον
1751 2709 1762 2720 .
1814 2667 1972 2740 Λέγει

323 2757 470 2827 αύτῷ
503 2757 529 2810 6
566 2753 778 2815 Παῦλος
807 2775 818 2785 ·
858 2753 930 2807 Σὺ
962 2755 1063 2826 γὰρ
1095 2754 1145 2806 τί
1172 2772 1186 2821 ;
1221 2755 1377 2828 Λέγει
1409 2753 1555 2824 αύτῷ
1588 2755 1615 2806 6
1646 2753 1928 2816 Ἀντώνιος
1955 2774 1967 2787 ο

323 2837 395 2894 0'6
427 2835 688 2910 σχολάζω
719 2833 844 2907 ἐγὼ,
896 2833 1036 2888 ἄλλο
1086 2833 1200 2907 ἔχω
1247 2830 1443 2908 ἔργον,
1497 2836 1593 2887 Καὶ
1643 2833 1970 2907 καταλείψας

322 2930 434 2984 ἐκεῖ
458 2929 550 2982 τὸν
584 2923 748 2982 παῖδα
780 2927 807 2980 6
853 2926 1020 3000 μέγας
1071 2925 1378 2986 Ἀντώνιος.
1434 2925 1758 2998 ὑπέστρεψεν
1806 2925 1969 2980 πάλιν

350 3010 370 3031 ’.
471 3011 483 3026 ι
801 3011 809 3026 1
1047 3008 1059 3029 τ
1262 3006 1274 3022 ‘
1389 3004 1416 3023 ν
1549 3004 1573 3024 Π
1647 3027 1658 3036 .
1817 3005 1827 3024 1

320 3031 395 3072 εις
426 3031 523 3079 την
558 3008 697 3064 ἰδίαν
757 3006 959 3062 κελλαν
987 3052 999 3064 ,
1065 3011 1313 3068 Αναστας
1357 3026 1448 3060 ουν
1482 3007 1509 3060 ὁ
1541 3026 1742 3066 ακαιιος
1771 3025 1966 3078 γερων,

315 3101 405 3154 καὶ
473 3098 901 3172 προσευξάμενος
969 3096 1155 3170 ένεργῆ
1229 3097 1593 3173 προσευχὴν,
1660 3096 1968 3166 προσκαλε-

319 3170 546 3252 σάμενος
602 3180 694 3234 τὸν
759 3178 1145 3250 δαιμονιῶντα,
1198 3175 1345 3250 λέγει
1381 3196 1392 3208 ·
1438 3170 1676 3249 -Εἴρηκεν
1720 3176 1747 3229 6
1797 3170 1966 3237 ἀϐὅᾶς

313 3272 628 3331 Ἀντώνιος,
663 3269 746 3323 ὅτι
777 3265 1000 3336 Ἔξελθε
1041 3265 1146 3322 ἀπὸ
1177 3269 1274 3320 τοῦ
1313 3264 1622 3338 ἀνθρώπου,
1649 3262 1736 3318 *ίνα
1768 3262 1963 3338 δοξάζῃ

2091 705 2179 757 καὶ
2217 708 2341 758 ποῦ
2370 704 2590 760 ἀπέλθω
2623 705 2729 760 οὐκ
2778 703 2918 761 οἶδα.
2962 707 3066 761 Καὶ
3113 715 3459 782 παραχρῆμα
3516 709 3741 780 ἐξῆλθεν

2091 794 2152 847 τὸ
2208 796 2415 863 πνεῦμα
2464 798 2560 848 τοῦ
2614 791 2890 866 δαίμονος,
2931 796 3022 849 καὶ
3086 793 3398 868 μετεϐλήθη
3472 800 3548 862 εἷς
3614 799 3753 870 δρά-

2090 893 2254 927 κοντα
2283 872 2528 947 μέγιστον
2582 876 2710 929 ὡσεὶ
2758 881 2958 950 πηχῶν
2999 872 3406 950 ἐϐδομήκοντα.
3444 880 3544 935 Καὶ
3577 881 3743 957 ἀπῄει

2092 966 2394 1034 συρόμενος
2458 963 2532 1026 εἷς
2597 966 2696 1033 τήν
2779 964 3049 1019 θάλασσαν
3109 967 3208 1034 τήν
3272 968 3529 1042 Ἐρυθράν
3583 991 3594 1000 '
3649 971 3747 1025 ’ίνα

2091 1043 2363 1117 πληρωθῇ
2395 1044 2457 1098 τὸ
2490 1045 2652 1117 ῥηθὲν
2685 1046 2786 1099 ὕπὸ
2817 1050 2913 1100 τοῦ
2962 1046 3117 1118 ἀγίου
3169 1047 3482 1119 Πνεύματος
3518 1069 3530 1081 ⁶
3583 1052 3744 1107 Ἐπι-

2092 1133 2440 1204 δεικνυμένην
2483 1134 2662 1188 πίστιν
2715 1135 3012 1210 ἀναγγελεῖ
3061 1133 3293 1198 δίκαιος.
3348 1139 3446 1194 Καὶ
3489 1140 3653 1194 πάλιν
3685 1141 3742 1196 ἐν

2091 1215 2297 1287 ἑτέρῳ·
2361 1214 2479 1269 Ἐπὶ
2539 1215 2656 1269 τίνα
2713 1211 3016 1289 ἐπιϐλέψω,
3077 1218 3238 1294 φησὶν
3297 1220 3324 1272 6
3385 1219 3606 1294 Κύριος,
3648 1222 3744 1276 ἐπὶ

2089 1305 2180 1357 τὸν
2238 1305 2484 1359 ταπεινὸν
2533 1305 2622 1357 καὶ
2681 1305 2937 1379 ἡσύχιον,
3000 1305 3091 1358 καὶ
3137 1306 3409 1379 τρέμοντά
3452 1330 3555 1379 μου
3610 1310 3745 1372 τοὺς

2091 1385 2307 1459 λόγους.
2364 1385 2537 1441 Εῗωθε
2605 1386 2712 1459 γὰρ
2767 1387 2833 1439 τὰ
2890 1387 3241 1459 ταπεινότερα
3289 1393 3396 1442 τῶν
3461 1387 3740 1461 δαιμόνων

2093 1477 2196 1530 ὑπὸ
2241 1479 2348 1528 τῶν
2403 1476 2646 1549 ἀρχικῶν
2687 1475 2987 1548 ἀνθρώπων
3023 1475 3074 1530 ἐν
3123 1480 3192 1550 τῇ
3241 1476 3421 1532 πίστει
3470 1474 3739 1535 ἐκϐάλλε-

2088 1565 2207 1617 σθαι
2244 1582 2255 1593 °
2287 1565 2412 1624 τοὺς
2443 1560 2501 1617 δὲ
2530 1563 2798 1638 ἀρχικοὺς
2824 1562 2991 1618 πάλιν
3015 1561 3272 1636 δαίμονας
3299 1566 3400 1620 ὑπὸ
3423 1571 3526 1621 τῶν
3550 1590 3744 1623 ταπει-

2085 1647 2186 1697 νῶν
2211 1641 2614 1720 φυγαδεύεσθαι.
2647 1645 2819 1700 Ταῦτά
2849 1643 2961 1698 ἐστι
2991 1643 3235 1716 θαύματα
3283 1651 3378 1702 τοῦ
3423 1647 3601 1702 ἀπλοῦ
3641 1651 3734 1704 καί

2083 1734 2523 1809 ταπεινόφρονος,
2555 1734 2643 1788 καὶ
2675 1732 2821 1788 ἄλλα
2865 1732 3092 1787 πλείονα
3119 1735 3208 1787 καὶ
3245 1734 3464 1805 μείζονα
3503 1737 3736 1795 τούτων.

2085 1816 2178 1874 Ὅς
2220 1813 2506 1884 ἀπεκληθη
2537 1812 2774 1874 Ἃπλοῦς
2805 1814 2947 1887 παρά
2977 1815 3153 1880 πάσης
3204 1822 3304 1884 τῆς
3337 1813 3734 1894 ἀδελφότητος.

2690 1909 2946 1958 ΚΕΦΑᾹ.
2997 1908 3123 1962 ΚΘ’.

2716 1984 2842 2055 Περὶ
2880 1985 3105 2056 Παχών.

2159 2078 2359 2147 Παχών
2408 2094 2490 2133 τις
2537 2071 2764 2146 ὀνόματι
2816 2073 2938 2147 περὶ
2987 2075 3053 2127 τὲ
3109 2068 3492 2145 ἑϐδομήκοντα
3536 2076 3735 2141 ἐλάσας

2085 2153 2176 2224 ἔτη
2235 2154 2512 2224 ἐκαθέζετο
2562 2154 2613 2208 ἐν
2665 2158 2732 2227 τῇ
2797 2156 3016 2223 Σκήτει.
3069 2150 3275 2224 Συνέϐη
3320 2154 3368 2210 δ’
3407 2156 3504 2229 ἐμὲ
3555 2159 3736 2234 ὀχλη-

2085 2246 2237 2300 θέντα
2300 2247 2400 2300 ὑπὸ
2455 2249 2550 2300 τοῦ
2601 2243 2858 2318 δαίμονος
2900 2245 3267 2321 συνεχόμενον
3322 2245 3580 2320 ἐπιθυμίᾳ
3631 2274 3728 2327 γυ-

2083 2327 2288 2398 ναικείᾳ
2319 2325 2602 2400 δυσφορεῖν
2630 2327 2719 2380 καὶ
2753 2327 2887 2400 πρὸς
2932 2327 3058 2388 τοὺς
3110 2325 3418 2404 λογισμοὺς
3459 2332 3546 2384 καὶ
3594 2325 3731 2408 πρὸς

2083 2415 2176 2477 τάς
2209 2416 2499 2492 φαντασίας
2542 2418 2636 2478 τὰς
2687 2416 3017 2490 νυκτερινάς.
3070 2417 3166 2470 Καὶ
3225 2417 3390 2494 ἐγγὺς
3438 2419 3727 2495 γενόμενος

2085 2500 2185 2554 ὑπὸ
2240 2498 2436 2554 τούτου
2493 2501 2588 2550 τοῦ
2642 2501 2946 2570 πειρασμοῦ
3005 2496 3231 2567 ἓξελθεῖν
3309 2502 3410 2568 τῆς
3493 2500 3722 2575 ἐρήμου,

2080 2589 2398 2650 ἐλαύνοντός
2435 2609 2499 2661 με
2531 2584 2913 2662 σφοδροτάταις
2943 2591 3039 2641 τοῦ
3070 2587 3270 2649 πάθους
3321 2591 3459 2661 (τοῖς
3495 2591 3588 2662 μὲν
3619 2592 3719 2664 γάρ

2079 2672 2280 2744 γείτοσι
2311 2675 2421 2724 τῶν
2456 2671 2707 2742 Πατέρων
2739 2670 2838 2722 ούκ
2885 2667 3150 2739 ἀνεθέμην
3194 2669 3256 2723 τὸ
3305 2676 3537 2744 πρᾶγμα,
3587 2668 3716 2724 ἀλλ’

2080 2761 2202 2816 οὔτε
2239 2766 2320 2832 τῷ
2377 2757 2686 2832 διδασκάλῳ
2736 2781 2840 2832 μου
2900 2759 3169 2834 Εὐαγρίῳ)
3217 2779 3230 2792 ·
3288 2759 3592 2828 λεληθότως
3648 2757 3704 2814 δὲ

2077 2837 2407 2916 παραϐαλὼν
2464 2840 2540 2900 εἷς
2615 2841 2714 2908 τήν
2778 2839 3116 2912 πανέρημον,
3181 2840 3560 2914 συνετύγχανον
3618 2839 3704 2893 ἐπὶ

2076 2931 2285 3002 ἡμέρας
2333 2927 2620 2983 δεκαπέντε
2683 2934 2804 2988 τοῖς
2861 2930 2999 2982 κατά
3052 2931 3151 2998 τὴν
3217 2935 3417 2998 Σκῆτιν
3449 2930 3710 3003 Πατράσιν

2076 3012 2375 3089 γηράσασιν
2431 3010 2482 3063 ἐν
2531 3012 2600 3082 τῇ
2651 3007 2864 3083 ἐρήμῳ.
2918 3011 3001 3064 Ἐν
3050 3011 3132 3072 οἷς
3166 3007 3232 3077 δὴ
3278 3011 3600 3085 περιέτυχον
3630 3009 3719 3064 καὶ

2072 3104 2151 3171 τῷ
2211 3100 2435 3171 Παχών.
2497 3099 2681 3171 Εύρὼν
2747 3096 2836 3151 οὗν
2926 3097 3083 3153 αὐτὸν
3170 3098 3549 3172 ἀκεραιότερον
3630 3099 3715 3152 καὶ

2073 3182 2528 3253 ἀσκητικώτερον,
2586 3179 2856 3254 ἐθάρσησα
2921 3179 3070 3251 αὐτῷ
3129 3181 3419 3236 ἀναθέσθαι
3481 3203 3587 3253 μου
3654 3183 3720 3238 τά

2074 3277 2173 3339 τῆς
2228 3267 2485 3330 διανοίας.
2545 3270 2642 3324 Καὶ
2683 3267 2827 3343 λέγει
2879 3290 2972 3342 μοι
3022 3271 3050 3323 6
3082 3270 3231 3343 ἅγιος
3265 3269 3422 3333 οὗτος
3459 3288 3471 3300 ·
3515 3273 3606 3340 Μὴ
3636 3274 3718 3345 ξε-

316 3352 407 3405 16v
460 3352 662 3423 Κύριου
726 3350 886 3424 ὑγιής
915 3391 927 3404 .
987 3352 1047 3404 Ὁ
1097 3344 1154 3400 δὲ
1202 3345 1410 3417 δαίμων
1458 3345 1592 3418 μετά
1650 3342 1960 3422 δυσφημίας
1995 3367 2044 3435 C
2073 3354 2196 3426 νίσῃ
2239 3372 2296 3405 σε
2337 3350 2398 3404 τὸ
2441 3354 2685 3425 πρᾶγμα.
2737 3342 2808 3404 Οὐ
2855 3350 2956 3424 γάρ
3004 3342 3138 3404 αὐτό
3188 3349 3420 3425 πάσχεις
3467 3353 3572 3407 ἀπὸ
3623 3342 3717 3428 ῥα-

315 3439 592 3512 ἀνέκραξεν
621 3459 632 3470 ·
685 3436 795 3492 Οὐκ
842 3437 1156 3510 ἐξέρχομαι,
1189 3437 1492 3511 φαγόγηρε,
1545 3436 1719 3510 λῆρε.
1769 3430 1960 3489 Λαϐὼν

317 3519 408 3573 οῦν
438 3520 536 3582 τήν
583 3516 849 3587 μηλωτ·ὶ,ν
889 3520 1056 3570 αὑτοῦ
1103 3516 1238 3568 κατὰ
1285 3520 1381 3568 τοῦ
1430 3516 1606 3569 νώτου
1661 3514 1818 3569 αὐτὸν
1853 3514 1966 3568 ἔτυ-

314 3624 464 3670 πτεν,
500 3600 677 3677 λέγων
711 3620 723 3631 ’
777 3600 988 3671 Ἔξλθε,
1023 3599 1234 3671 εἷ’ρηκεν
1274 3600 1301 3652 6
1346 3595 1515 3658 ἀϐϐἆς
1567 3601 1873 3660 Ἀντώνιος.
1908 3601 1962 3655 Ὀ

317 3682 374 3738 δὲ
407 3679 621 3751 δαίμων
665 3677 933 3754 ἐλοιδόρει
987 3679 1076 3733 καὶ
1109 3680 1400 3734 Ἀντώνιον
1433 3677 1792 3755 σφοδρότερον
1830 3682 1962 3753 μετὰ

311 3775 409 3826 τοῦ
439 3768 680 3834 Παύλου,
706 3768 877 3842 λέγων
906 3787 918 3800 ·
955 3769 1016 3821 Οἱ
1040 3766 1392 3842 πολιοσάγοι,
1414 3769 1586 3834 οὗτοι,
1613 3769 1664 3822 οἱ
1697 3768 1962 3844 λεληθαρ-

311 3852 568 3928 γημένοι,
604 3851 654 3905 οἱ
689 3849 980 3920 ἄπληστοι.
1026 3853 1075 3905 0':
1111 3847 1386 3924 μηδέποτε
1413 3855 1526 3906 τοῖς
1569 3847 1730 3912 ἰδίοις
1762 3849 1962 3925 ἀρκού-

315 3963 487 4014 μενοι,
538 3941 588 3996 τί
638 3940 816 3995 κοινὸν
866 3937 1022 4018 ἔχετε
1075 3941 1189 4012 μεθ’
1247 3941 1456 4012 ἡμῶν;
1501 3941 1554 3995 τί
1586 3942 1733 4018 ἡμᾶς
1766 3961 1960 4016 τυραν-

309 4032 488 4095 νεῖτε;
537 4023 702 4086 Τέλος
750 4017 1096 4097 λέγειίαύτῷ
1138 4023 1165 4075 6
1206 4019 1424 4083 Παῦλος
1469 4040 1480 4052 ·
1550 4017 1868 4090 Ἐκϐαίνεις,
1920 4024 1954 4091 ἢ

316 4117 534 4189 ὑπάγων
570 4112 713 4184 λέγω
739 4117 818 4184 τῷ
858 4113 1131 4183 Χριστῷ;
1182 4111 1256 4182 μά
1301 4112 1390 4164 τὸν
1442 4112 1674 4180 Ἰησοῦν,
1719 4110 1809 4166 ἐὰν
1862 4111 1958 4167 οὐκ

309 4193 582 4272 ἐκϐαίνῃς,
616 4195 726 4268 ἐγὼ
755 4191 872 4267 ἄρτι
909 4194 1121 4267 ὑπάγω,
1155 4191 1302 4267 λέγω
1331 4195 1410 4263 τῷ
1453 4193 1691 4264 Χριστῷ,
1715 4191 1804 4246 καὶ
1836 4194 1953 4248 οὐαί

311 4310 397 4343 σοι
427 4282 547 4360 ἔχει
594 4291 842 4352 ποιῆσαι.
886 4279 1418 4357 Προσεδυσφήμησεν
1459 4280 1548 4335 καὶ
1595 4283 1689 4335 τὸν
1742 4283 1956 4352 Ἰησοῦν

308 4369 336 4423 6
368 4368 638 4439 ἀνήμερος
664 4361 900 4435 δαίμων,
931 4363 1163 4435 κράζων,
1198 4360 1307 4416 Ούκ
1336 4360 1651 4437 ἐξέρχομαι.
1687 4363 1810 4418 Ἐπὶ
1838 4363 1955 4418 τού-

301 4477 382 4527 τῳ
414 4453 676 4532 χολώσας
708 4453 735 4506 6
762 4452 916 4532 ἀγιος
937 4449 1153 4532 Παῦλος
1174 4449 1320 4532 κατά
1347 4455 1443 4504 τοῦ
1475 4449 1955 4532 δαίμονος,έξῆλθε

300 4531 623 4606 τῆςέαυτοῦ
665 4531 835 4601 ξενίας
891 4531 1007 4585 κατ’
1058 4531 1227 4598 αὐτὴν
1275 4532 1373 4599 τὴν
1430 4531 1684 4604 σταθερὰν
1737 4551 1948 4605 μεσημ-

303 4623 482 4702 ϐρίαν.
516 4627 631 4679 Τῶν
665 4619 723 4676 δὲ
752 4620 1062 4696 Αἰγυπτίων
1094 4621 1157 4675 τὸ
1188 4617 1370 4692 καῦμα
1403 4620 1638 4692 μάλιστα
1658 4623 1718 4675 τὸ
1751 4620 1803 4675 ἐν
1835 4628 1949 4684 τοῖς

2068 3442 2286 3515 θυμίας.
2321 3445 2598 3516 Μαρτυρεῖ
2621 3439 2725 3514 γάρ
2753 3461 2836 3494 σοι
2885 3441 2974 3494 καὶ
3025 3441 3051 3494 6
3099 3439 3265 3503 τόπος
3315 3443 3404 3496 καὶ
3455 3445 3489 3511 ἠ
3533 3443 3722 3506 σπάνις

2066 3528 2172 3577 τῶν
2233 3527 2455 3597 χρειῶν,
2515 3521 2605 3575 καὶ
2663 3521 2726 3574 τὸ
2798 3523 2874 3592 μή
2933 3519 3063 3576 εἶναι
3125 3521 3416 3597 συντυχίας
3487 3523 3719 3590 θηλειῶν

2068 3610 2270 3670 ἐνθάδε.
2303 3609 2479 3668 Ἀλλά
2517 3608 2726 3682 μᾶλλον
2779 3611 2882 3665 ἀπὸ
2916 3608 3158 3680 σπουδῆς
3196 3619 3296 3681 τῆς
3344 3619 3459 3667 κατ’
3521 3611 3720 3687 ἀρετὴν

2068 3688 2348 3764 συμϐοίνει
2408 3711 2490 3745 σοι
2532 3695 2694 3744 τοῦτο
2753 3690 2897 3764 παρὰ
2955 3695 3051 3744 τοῦ
3114 3690 3382 3748 ἐναντίου.
3435 3692 3718 3765 Τριπλοὺς

2065 3783 2167 3855 γάρ
2226 3779 2363 3836 ἐστιν
2417 3782 2445 3834 ὁ
2507 3777 2754 3853 πολεμος
2805 3781 2833 3835 6
2880 3781 3158 3852 πορνικός.
3204 3781 3344 3835 Ποτέ
3397 3783 3490 3854 μὶν
3537 3783 3640 3856 γὰρ
3680 3787 3714 3851 ἡ

2067 3862 2191 3930 σάοξ
2233 3862 2367 3933 ἡμῖν
2401 3858 2693 3914 ἐπιτίθεται
2725 3857 2780 3913 εὖ
2825 3860 3112 3914 παθοῦσα·
3161 3859 3295 3914 ποτὲ
3343 3856 3401 3914 δὲ
3454 3860 3521 3914 τά
3567 3862 3715 3930 πάθη

2065 3953 2199 4022 ἡμῖν
2230 3950 2605 4005 ἐπανίστανται
2649 3945 2737 4003 διά
2779 3953 2882 4003 τῶν
2933 3948 3220 4027 λογισμῶν
3259 3969 3270 3980 ·
3322 3950 3452 4004 ποτὲ
3511 3947 3568 4004 δὲ
3625 3952 3712 4006 καὶ

2065 4032 2226 4093 αὐτὸς
2259 4032 2286 4085 6
2337 4027 2546 4102 δαίμων
2601 4034 2850 4103 τυραννεῖ
2886 4025 3033 4102 ἡμᾶς
3101 4025 3190 4083 διά
3246 4034 3344 4097 τῆς
3400 4031 3714 4102 βασκανίας.

2065 4121 2202 4196 Ἐγὼ
2249 4121 2354 4196 γάρ
2401 4117 2589 4175 πολλὰ
2627 4119 3016 4192 παρατηρήσας
3063 4117 3265 4190 εὕρηκα
3310 4121 3492 4175 τοῦτο.
3548 4117 3713 4193 Ἰδοὺ,

2062 4201 2135 4262 ῶς
2179 4203 2307 4274 ὁρᾶς
2359 4219 2445 4272 με,
2495 4199 2721 4276 γέροντα
2761 4198 3043 4274 ἄνθρωπον
3069 4215 3082 4228 ⁸
3133 4200 3561 4274 τεσσαρακοστὸν
3594 4198 3713 4262 ἔτος

2062 4283 2177 4363 ἔχω
2209 4288 2260 4344 ἐν
2297 4293 2364 4362 τῇ
2395 4283 2569 4362 κέλλῃ
2598 4289 2767 4356 ταύτη
2801 4289 3102 4366 φροντίζων
3133 4295 3233 4358 τῆς
3268 4288 3507 4360 ἐμαυτοῦ
3537 4311 3713 4360 σωτη-

2061 4373 2180 4446 ρίας
2216 4393 2222 4398 ·
2260 4370 2348 4425 καὶ
2380 4370 2578 4440 ταύτην
2613 4366 2755 4445 ἄγων
2782 4371 2878 4440 τὴν
2922 4369 3142 4439 ἡλικίαν
3180 4370 3376 4444 μέχρις
3423 4369 3540 4443 ἄρτι
3591 4391 3708 4425 πει-

2060 4463 2317 4536 ράζομαι.
2369 4461 2466 4516 Καὶ
2509 4456 2728 4534 ὤμνυτο
2795 4460 2994 4535 λέγων,
3024 4460 3107 4516 6'1:
3140 4459 3356 4517 Δώδεκα
3412 4460 3526 4533 ἔτη,
3575 4462 3702 4533 μετά

2056 4542 2118 4595 16
2169 4542 2535 4612 πεντηκοστόν
2582 4563 2647 4613 με
2692 4538 2812 4602 ἔτος
2837 4539 3002 4618 ἄγειν,
3037 4541 3097 4596 οὐ
3139 4542 3307 4596 νύκτα
3340 4563 3432 4614 μοι
3466 4541 3691 4613 συνεχώο

2057 4651 2239 4705 ρησεν,
2294 4631 2399 4706 οὐχ
2456 4633 2669 4705 ἡμέραν
2747 4630 3121 4705 ἐπιτιθέμενός
3187 4653 3303 4705 μοι.
3384 4631 3688 4698 Ὑπονοήσας

297 4709 490 4769 τόποις
522 4704 746 4766 ἐκείνοις
803 4702 1055 4778 συγγενές
1093 4701 1206 4756 ἔστι
1256 4703 1401 4777 τάχα
1455 4709 1555 4772 τῆς
1598 4698 1950 4765 Βαϐυλωνίας
1983 4740 2028 4803 D
2058 4698 2154 4784 δην
2189 4698 2272 4765 ὅτι
2295 4698 2510 4781 ἀπέστη.
2537 4698 2642 4783 μόυ
2665 4712 2693 4765 6
2726 4711 2877 4781 Θεὸς,
2911 4698 2995 4766 δίὸ
3038 4711 3127 4766 καὶ
3177 4698 3694 4782 καταδυναστεύομαι

297 4796 555 4869 καμίνου.
584 4795 718 4857 Στάς
743 4793 834 4848 οὖν
861 4793 936 4854 ὡς
961 4790 1159 4853 στύλος
1184 4793 1212 4846 6
1237 4795 1334 4846 105
1367 4790 1596 4864 ούρανοῦ
1625 4790 1822 4855 στύλος
1861 4791 1947 4848 ἐπὶ

296 4882 397 4950 τῇς
425 4877 623 4947 πέτρας
679 4874 731 4928 ἐν
782 4879 860 4946 τῷ
915 4869 1028 4944 ὅρει
1079 4872 1466 4947 προσεύχεται,
1501 4872 1673 4946 λέγων
1726 4871 1898 4935 οὕτως
1933 4894 1944 4906 ·

303 4966 377 5019 Σὺ
422 4963 662 5037 βλέπεις,
699 4965 882 5032 Ἰησοῦ
913 4963 1132 5034 Χριστῖε,
1167 4963 1194 5016 6
1226 4962 1556 5037 σταυρωθεῑς
1586 4961 1672 5016 ἐπὶ
1719 4963 1947 5016 Ποντίου

302 5041 566 5112 Πιλάτου,
599 5044 681 5098 6'1:
723 5042 783 5097 ού
823 5039 1043 5096 καταϐῶ
1093 5041 1198 5096 ἀπὸ
1245 5049 1346 5110 τῆς
1396 5039 1618 5112 πέτρας,
1652 5041 1713 5096 οὐ
1765 5042 1946 5117 φάγω,

302 5135 366 5191 οὗ
396 5133 530 5201 πίω,
554 5129 660 5195 ἕως
689 5132 752 5185 οὗ
784 5131 1036 5187 ἀποθάνω
1071 5152 1082 5164 ·
1114 5132 1205 5188 ἒάν
1256 5135 1332 5205 μή
1385 5131 1506 5207 ἄρτι
1563 5132 1798 5208 ἀκούσῃς
1858 5134 1945 5188 καὶ

298 5212 533 5291 ἐκϐάλῃς
579 5211 771 5270 τοῦτον
813 5215 904 5267 τὸν
953 5211 1180 5286 δαίμονα
1227 5214 1332 5269 ἀπὸ
1376 5217 1472 5270 τοῦ
1506 5215 1815 5290 ἀνθρώπου,
1858 5215 1944 5268 καὶ

295 5307 577 5382 ἐλεύθερον
601 5302 760 5359 αὐτὸν
795 5304 1036 5375 ποιήσῃς
1085 5303 1192 5357 ἀπὸ
1238 5303 1435 5358 τούτου
1493 5308 1589 5358 τοῦ
1636 5304 1944 5376 πνεύματος

291 5393 388 5445 τοῦ
437 5380 762 5463 ἀκαθάρτου.
815 5385 932 5440 Ἔτι
987 5380 1285 5447 λαλοῦντος
1330 5388 1426 5438 τοῦ
1477 5382 1657 5439 ἁπλοῦ
1705 5385 1794 5439 καὶ
1850 5407 1942 5440 τα-

295 5481 652 5555 πεινόφρονος
696 5474 919 5533 Παύλου
969 5477 1048 5546 τῷ
1096 5473 1298 5542 Ἰησοῦ,
1331 5474 1436 5548 πρὸ
1487 5479 1584 5528 τοῦ
1627 5474 1942 5545 τελεσθῆναι

293 5558 420 5619 τοὺς
467 5553 690 5632 λόγους
765 5561 861 5614 τοῦ
934 5555 1204 5629 στόματος
1278 5553 1442 5609 αὐτοῦ
1517 5559 1613 5610 τοῦ
1679 5558 1939 5631 καθαροῦ,

293 5647 569 5720 ἀνέκραξεν
602 5647 750 5702 κάτω
799 5648 934 5721 πρὸς
967 5647 1067 5714 τήν
1117 5641 1319 5699 κέλλαν
1351 5645 1378 5699 6
1429 5642 1653 5716 δαίμων’
1701 5647 1940 5719 Ὑπάγω,

294 5729 508 5801 ὑπάγω,
588 5726 903 5801 ἐξέρχομαι,
994 5726 1086 5799 βίᾳ
1169 5725 1259 5780 καὶ
1343 5723 1617 5796 τυραννίδι
1712 5724 1940 5779 ἐλαύνο-

296 5839 413 5892 μαι,
475 5819 750 5890 ἀναχωρῶ
823 5821 919 5871 τοῦ
991 5815 1298 5890 ἀνθρώπου,
1348 5815 1532 5869 οὐκέτι
1593 5813 1805 5886 ἐγγίζω.
1868 5815 1940 5868 Τὸ

2061 4799 2234 4861 οὕτως
2266 4820 2279 4833 ⁸
2315 4801 2612 4874 ᾐρησάμην
2643 4802 2922 4856 ἀποθανεῖν
2958 4799 3168 4874 μᾶλλον
3211 4800 3455 4874 ἀλόγως,
3488 4800 3520 4869 ἢ
3552 4801 3703 4855 πάθει

2060 4879 2314 4951 σώματος
2373 4883 2765 4955 ἀσχημονῆσαι
2823 4881 3092 4956 αἰσχρῶς.
3155 4881 3256 4936 Καὶ
3313 4881 3540 4952 ἐξελθών
3604 4901 3706 4954 μου

2057 4971 2155 5036 τῆς
2187 4967 2413 5038 κέλλης,
2445 4970 2531 5024 καὶ
2565 4971 2789 5043 περιιὼν
2831 4971 2929 5038 τὴν
2975 4968 3202 5044 ἔρημον,
3246 4968 3520 5041 σπήλαιον
3553 4969 3706 5045 εὗρον

2059 5049 2242 5119 ὑαίνης
2295 5067 2307 5080 ⁸
2359 5049 2436 5109 εἰς
2489 5050 2516 5104 ὃ
2568 5051 2836 5121 σπήλαιον
2894 5046 3062 5121 ἔθηκα
3112 5052 3348 5125 ἐμαυτὸν
3411 5052 3463 5107 ἐν
3529 5050 3712 5128 ἡμέρᾳ

2055 5141 2259 5214 γυμνόν
2306 5156 2318 5170 ⁸
2363 5137 2453 5193 τίνα
2500 5137 2781 5212 ἐξελθόντα
2841 5161 2907 5213 με
2957 5141 3098 5217 φάγῃ
3144 5143 3212 5195 τά
3267 5142 3454 5215 θηρία.
3485 5143 3574 5203 Ὠς
3616 5137 3709 5195 οῦν

2056 5219 2259 5293 ἐγένετο
2320 5221 2537 5295 ἑσπέρα,
2597 5222 2732 5276 κατά
2799 5222 2860 5275 τὸ
2942 5221 3343 5297 γεγραμμένον,
3403 5226 3460 5277 Ὁ
3545 5219 3707 5289 ἣλιος

2057 5307 2193 5385 ἔγνω
2247 5313 2345 5379 την
2409 5307 2554 5364 δύσιν
2615 5311 2804 5368 αὐτοῦ.
2885 5313 3050 5366 Ἕθου
3096 5311 3306 5379 σκότος,
3360 5311 3452 5366 καὶ
3499 5307 3707 5387 ἐγένετο

2053 5391 2171 5459 νύξ.
2243 5391 2330 5446 Ἐν
2391 5389 2528 5464 αὐτῇ
2591 5387 2957 5446 διελεύσονται
3016 5392 3188 5447 πάντα
3243 5391 3308 5446 τά
3372 5390 3536 5466 θηρία
3610 5395 3709 5444 τοῦ

2058 5475 2288 5554 δρυμοῦ.
2362 5479 2427 5536 Οἳ
2498 5478 2732 5552 σκύμνοι
2798 5480 3109 5555 ὠρυόμενοι
3164 5484 3260 5535 τοῦ
3319 5481 3560 5555 ἁρπάσαι
3616 5479 3709 5533 καὶ

2057 5563 2289 5630 ζητῆσαι
2349 5560 2494 5634 παρὰ
2548 5565 2628 5632 τῷ
2685 5564 2800 5632 Θεῷ
2861 5563 3066 5635 βρῶσιν
3112 5561 3316 5625 αὐτοῖς.
3363 5559 3710 5630 Ἐξελθόντες

2055 5643 2146 5701 οὖν
2197 5649 2251 5702 οἱ
2304 5650 2467 5722 θῆρες
2515 5647 2568 5704 ἐν
2617 5647 2794 5723 ἐκείνῃ
2843 5654 2912 5723 τῇ
2963 5649 3079 5726 ὥρᾳ
3126 5651 3154 5705 ὃ
3201 5671 3258 5706 τε
3307 5651 3476 5725 ἄρσην
3537 5650 3628 5703 καὶ
3671 5653 3707 5718 ἡ

2054 5727 2248 5798 θήλεια
2306 5728 2697 5806 ὠσφράνθησάν
2758 5750 2846 5804 με,
2908 5731 3010 5785 ἀπὸ
3066 5728 3249 5786 ποδῶν
3303 5729 3406 5792 ἕως
3456 5729 3707 5802 κεφαλῆς

2051 5815 2446 5892 περιλείξαντές
2471 5839 2555 5892 με.
2604 5819 2706 5875 Καὶ
2738 5819 2814 5884 ὡς
2861 5818 3080 5875 ἐδόκουν
3137 5821 3440 5896 βρωθῆναι,
3484 5817 3708 5892 ἀνεχώ-
