4076 6280
246 486 399 549 1085

1588 477 1958 541 HISTORIA
2001 480 2401 543 LAUSIACA.

3598 489 3755 549 1086

244 627 341 682 Dei
377 623 558 695 gratia
589 638 755 693 opem
790 622 1009 676 ferente
1040 618 1211 674 beato
1240 616 1509 678 Antonio,
1543 617 1680 672 facit
1710 618 1757 672 ei
1791 618 1947 673 dein-
1977 625 2029 688 Α
2056 621 2249 688 justus
2280 617 2651 674 annuntiabit
2679 619 2864 689 (Prov.
2898 621 3016 693 xit).
3052 624 3116 675 Et
3147 638 3349 677 rursus
3378 621 3511 677 alibi
3537 640 3549 677 :
3573 629 3756 696 Super

242 734 376 787 ceps
409 716 611 768 cellam
653 714 720 766 ad
768 718 881 765 tres
912 710 996 763 vel
1032 714 1283 780 quatuor
1315 707 1536 776 lapides
1564 725 1595 759 a
1627 724 1732 761 sua
1772 710 1935 761 cella.

242 808 309 861 Et
342 804 481 859 dicit
510 805 556 858 ei
586 819 597 857 :
634 804 778 856 Ecce
808 800 1023 855 Christi
1058 800 1270 852 virtute
1302 812 1471 865 opem
1517 797 1734 849 ferente
1764 803 1823 850 tu
1859 798 1935 851 fa-

242 902 367 949 ctus
399 910 458 947 es
490 892 825 947 monachus.
861 905 1031 944 mane
1063 888 1337 957 deinceps
1368 901 1651 951 seorsum,
1678 884 1936 939 utetiam

244 984 419 1037 facnas
473 983 792 1052 periculum
846 980 1201 1032 daemonum.
1253 976 1389 1030 Cum
1442 992 1572 1043 ergo
1622 992 1773 1027 anno
1826 992 1939 1029 uno

240 1074 388 1141 apud
426 1088 486 1125 se
520 1070 838 1123 habitasset
875 1067 1086 1121 Paulus
1117 1064 1628 1135 Simplicissimus,
1660 1070 1714 1118 et
1755 1064 1941 1133 gratia

238 1164 511 1232 dignatus
540 1169 623 1215 est
671 1162 948 1212 adversus
997 1157 1286 1211 dmmones
1340 1162 1395 1209 et
1439 1155 1717 1208 adversus
1768 1171 1940 1209 omne

236 1269 421 1323 genus
452 1251 702 1315 morbos,
738 1265 797 1302 se
828 1247 1076 1318 perfecte
1106 1262 1313 1316 gerens
1345 1245 1402 1298 in
1428 1245 1635 1299 virtute
1666 1246 1939 1300 exercita-

238 1343 438 1397 tionis.

307 1431 568 1497 Quodam
602 1445 734 1493 ergo
765 1428 857 1481 die
887 1425 1355 1481 adolescentulus
1376 1423 1473 1492 qui
1496 1440 1674 1495 supra
1696 1425 1936 1479 modum

237 1521 487 1592 graviter
517 1519 831 1573 vexabatur
860 1533 893 1572 a
924 1518 1205 1574 daemone,
1239 1514 1449 1568 allatus
1479 1520 1567 1569 est
1596 1514 1669 1567 ad
1711 1515 1935 1570 beatum

232 1611 568 1676 Antonium,
604 1608 824 1661 habens
870 1605 1243 1676 principalem
1291 1605 1680 1659 saevissimum
1718 1606 1939 1660 daemo-

235 1717 365 1755 nem
401 1699 543 1768 (67),
577 1698 882 1767 quietiam
919 1696 1111 1767 ipsum
1145 1694 1354 1749 cmlnm
1383 1694 1709 1748 maledictis
1730 1700 1787 1748 et
1812 1712 1938 1762 pro-

234 1790 353 1844 bris
394 1791 829 1859 insequebatur.
863 1787 1004 1840 Cum
1052 1787 1225 1853 igitur
1264 1788 1683 1839 adolescentem
1732 1787 1939 1839 obser-

229 1885 427 1934 vasset
461 1894 712 1948 magnus
736 1876 1045 1941 Antonius,
1070 1875 1209 1929 dicit
1238 1875 1308 1927 iis
1334 1878 1431 1945 qui
1456 1890 1588 1928 eum
1613 1875 1933 1929 ducebant:

2046 726 2218 779 quem
2254 710 2584 780 respiciam,
2609 709 2801 779 inquit
2828 717 3124 778 Dominus,
3152 714 3261 766 nisi
3285 731 3461 783 super
3487 731 3752 769 mansue-

2044 802 2169 852 tum
2205 805 2260 852 et
2300 799 2576 853 humilem
2610 806 2667 851 et
2701 809 3032 853 trementem
3070 804 3242 855 verba
3268 820 3395 857 mea
3420 806 3543 867 Usa.
3569 804 3757 874 vat)?

2050 887 2245 942 Solent
2277 891 2436 943 enim
2474 888 2814 942 humiliores
2848 890 3140 943 daemones
3173 892 3302 958 ejici
3328 895 3395 944 ab
3415 894 3758 948 hominibus

2046 976 2158 1031 fide
2237 978 2681 1048 principalibus,
2764 978 3117 1045 principales
3189 996 3394 1033 rursus
3464 983 3757 1038 dmmones

2046 1069 2228 1133 fugari
2261 1071 2331 1122 ab
2366 1070 2709 1122 humilibus.
2749 1068 2874 1121 Haec
2908 1072 3047 1121 sunt
3073 1069 3353 1122 miracula
3380 1073 3563 1124 sancti
3593 1072 3754 1126 Pauli

2047 1156 2342 1222 Simplicis
2375 1164 2431 1210 et
2479 1157 2745 1220 humilis,
2794 1155 3022 1227 aliaque
3072 1157 3234 1224 plura
3278 1164 3334 1212 et
3381 1159 3468 1212 his
3513 1161 3749 1228 majora.

2050 1246 2148 1300 Hic
2178 1258 2420 1303 voeatus
2451 1254 2537 1302 est
2567 1247 2823 1316 Siruplex
2856 1262 2891 1300 a
2921 1255 3036 1300 tota
3070 1248 3449 1304 fraternitate.

2665 1389 2896 1444 CAPUT
2936 1390 3123 1445 XXIX.

2519 1536 2633 1591 Vita
2656 1533 2866 1589 abbatis
2901 1535 3123 1591 Pachon
3154 1536 3289 1607 (70).

2118 1696 2360 1760 Quidam
2402 1695 2630 1749 Pachon
2672 1696 2930 1762 nomine,
2964 1712 3096 1750 cum
3140 1699 3502 1767 pervenisset
3532 1700 3605 1755 sd
3647 1717 3753 1755 an-

2045 1802 2186 1840 num
2222 1784 2743 1855 septuagesimum,
2790 1786 3025 1838 sedebat
3067 1788 3123 1838 in
3167 1786 3354 1841 Scete.
3386 1790 3615 1843 Accidit
3645 1807 3754 1843 au-

2042 1881 2157 1929 tem
2195 1881 2256 1927 ut
2287 1891 2391 1944 ego
2425 1881 2659 1927 vexatus
2692 1876 2764 1927 ab
2788 1873 3088 1927 affectione
3116 1877 3371 1930 femineae.
3393 1880 3753 1947 cupiditatis,

232 1971 356 2025 Non
388 1979 471 2022 est
502 1969 607 2021 hoc
641 1982 834 2019 meum
868 1980 1050 2034 opus;
1088 1981 1221 2018 nam
1256 1970 1451 2017 contra
1486 1963 1641 2017 hunc
1674 1963 1937 2016 ordinem
1973 1974 2017 2035 Β
2049 1964 2613 2036 cogitationibusque
2644 1968 2701 2017 et
2730 1964 2867 2016 visis
2902 1966 3227 2033 nocturnis,
3263 1967 3463 2020 ferrem
3499 1968 3752 2021 difﬁcili-

233 2059 587 2121 daamonurn,
625 2070 832 2123 nempe
867 2055 1269 2123 principalem,
1304 2054 1563 2106 nondum
1596 2069 1724 2105 sum
1757 2054 1939 2105 dona-

228 2152 324 2201 tus
355 2148 557 2219 gratia,
590 2146 687 2199 sed
727 2146 846 2197 haec
877 2156 959 2197 est
986 2142 1145 2195 Pauli
1169 2141 1357 2212 gratia
1379 2140 1695 2212 Simplicis.
1722 2142 1938 2195 Abiens

231 2252 365 2303 ergo
411 2251 657 2305 magnus
701 2234 986 2287 Antonius
1027 2233 1097 2286 ad
1142 2231 1623 2301 probatissimum
1670 2230 1935 2295 Paulum,

234 2325 394 2393 ipsos
427 2341 658 2393 quoque
689 2322 946 2389 deduxit,
980 2329 1035 2375 et
1075 2322 1214 2374 dicit
1246 2322 1334 2375 ei:
1381 2322 1537 2373 Abba
1572 2320 1764 2389 Paule,
1797 2321 1939 2388 ejice

237 2414 394 2468 hunc
425 2414 748 2466 diemonem
784 2416 855 2464 ab
888 2412 995 2464 hoc
1029 2411 1281 2474 homine,
1318 2415 1377 2463 ut
1408 2426 1583 2463 sanus
1616 2411 1685 2463 ad
1720 2427 1827 2462 sua
1861 2426 1939 2463 re-

237 2507 388 2567 deat,
423 2511 477 2557 et
508 2502 816 2557 Dominum
840 2500 1144 2571 gloriﬁcet.
1174 2500 1319 2554 Dicit
1349 2500 1395 2554 ei
1422 2499 1668 2553 Paulus:
1697 2500 1778 2553 Tu
1806 2517 1938 2553 vero

239 2596 374 2662 quid
400 2594 429 2648 ?
464 2594 606 2647 Dicit
635 2593 684 2645 ei
726 2590 1012 2645 Antonius
1049 2607 1060 2643 :
1108 2589 1235 2643 Non
1268 2598 1351 2643 est
1404 2589 1546 2643 mihi
1594 2589 1801 2654 otium,
1851 2592 1940 2641 est

238 2684 394 2738 aliud
430 2683 582 2753 quod
616 2697 805 2750 agam.
842 2680 908 2733 Et
941 2679 1139 2733 relicto
1172 2679 1288 2732 illic
1322 2695 1518 2749 puero,
1554 2695 1818 2733 reversus
1850 2682 1940 2730 est

240 2790 486 2839 magnus
517 2770 804 2825 Antonius
837 2771 894 2823 in
928 2784 1093 2822 suam
1127 2770 1356 2822 cellam.
1392 2770 1531 2822 Cum
1574 2784 1709 2838 ergo
1742 2783 1935 2822 surre-

230 2862 414 2917 xisSet
444 2861 724 2913 innocens
768 2875 962 2922 senex,
994 2863 1050 2911 et
1085 2858 1377 2911 efﬁcacem
1427 2858 1672 2911 fudisset
1716 2858 1935 2910 oratio-

231 2966 389 3013 nem,
421 2946 563 3000 dicit
597 2962 912 3015 provocans
944 2946 1401 2999 daemouiacum:
1445 2946 1589 2998 Dixit
1621 2945 1800 2998 abbas
1823 2946 1937 2997 An-

225 3039 449 3103 tonius,
483 3034 764 3105 Egredere
786 3036 857 3087 ab
894 3036 1147 3087 homine.
1176 3035 1407 3088 Daemon
1434 3040 1627 3086 autem
1654 3050 1784 3086 cum
1814 3049 1937 3102 pro-

226 3126 350 3183 bris
384 3143 447 3180 ac
482 3123 804 3179 maledictis
835 3124 1219 3186 exclamabat,
1252 3126 1476 3176 dicens:
1507 3121 1628 3176 Non
1654 3122 1933 3191 egrediar,

225 3217 447 3279 helluo,
492 3230 665 3269 senex
697 3214 805 3282 (68)
842 3218 1107 3281 nugator.
1142 3216 1389 3278 Accepta
1420 3214 1614 3281 itaque
1648 3210 1797 3280 pelle
1829 3227 1936 3264 sua

228 3305 426 3371 ovilla,
458 3304 799 3358 verberabat
830 3317 961 3355 eum
995 3300 1053 3353 in
1105 3304 1285 3369 tergo,
1331 3301 1531 3354 dicens
1564 3315 1577 3355 :
1626 3299 1927 3369 Egredere,

229 3394 377 3450 dixit
405 3396 582 3447 abbas
613 3392 917 3446 Antonius.
954 3389 1187 3444 Daemon
1212 3395 1402 3443 autem
1437 3389 1760 3443 maledictis
1782 3388 1934 3442 inse-

232 3486 518 3556 quebatur
552 3483 794 3536 Paulum
827 3484 882 3535 et
912 3482 1251 3535 Antonium.
1287 3478 1597 3534 Helluones
1621 3478 1715 3533 isti
1748 3479 1806 3531 in
1842 3494 1933 3533 se-

231 3578 467 3630 nectute
531 3572 664 3640 (69),
723 3570 1031 3639 veternosi,
1087 3569 1476 3637 insatiabiles,
1528 3568 1627 3640 qui
1688 3567 1934 3638 propriis

234 3677 535 3732 nunquam
569 3666 708 3714 sunt
737 3661 1012 3726 contenti,
1046 3650 1178 3727 quid
1212 3665 1300 3713 est
1323 3659 1483 3713 vobis
1505 3674 1813 3713 commune
1840 3675 1931 3711 no-

234 3756 461 3811 biscum
486 3752 513 3807 ‘?
543 3752 685 3825 quid
717 3753 772 3807 in
798 3769 904 3807 nos
926 3750 1205 3806 exercetis
1232 3751 1603 3822 tyrannidem
1626 3751 1654 3805 ?
1676 3751 1935 3804 Tandem

236 3846 379 3899 dicit
408 3843 455 3898 ei
500 3842 713 3897 Paulus
753 3860 765 3897 :
817 3846 925 3897 Aut
974 3841 1179 3906 exibis,
1227 3846 1327 3893 aut
1376 3841 1517 3893 abeo
1550 3845 1613 3894 ut
1651 3840 1710 3894 id
1742 3840 1933 3895 dicam

232 3933 482 3996 Christo,
517 3932 682 4001 isque
719 3930 889 3985 faciet
918 3940 976 3984 ul
1003 3930 1079 3983 sit
1110 3930 1213 3983 tibi
1248 3946 1347 3981 vae.
1382 3929 1671 3983 AtJesum
1706 3946 1935 3998 quoque

233 4020 460 4092 probris
504 4024 561 4072 et
602 4018 929 4071 maletictis
986 4019 1381 4071 insectabatur
1421 4017 1666 4070 immitis
1692 4017 1787 4070 ille
1819 4018 1935 4070 daa-

234 4126 392 4173 mon,
424 4108 680 4162 clamans
723 4107 892 4160 :Non
935 4106 1122 4161 exibo.
1168 4106 1245 4159 Ea
1277 4108 1343 4161 de
1384 4122 1561 4161 causa
1601 4106 1935 4176 indignatus

229 4199 444 4256 Paulus
477 4200 753 4251 adversus
785 4196 1122 4261 daemonem,
1156 4211 1427 4265 egressus
1470 4199 1558 4249 est
1590 4212 1621 4250 e
1663 4212 1769 4249 suo
1802 4195 1937 4250 hos-

234 4289 378 4362 pitio
411 4287 469 4340 in
500 4286 628 4356 ipso
660 4289 874 4356 puncto
908 4284 1165 4339 meridiei
1193 4300 1206 4351 ;
1240 4283 1405 4337 aestui
1440 4293 1631 4339 autem
1656 4283 1939 4356 {Egyptia-

236 4395 370 4434 rum
430 4376 739 4432 intercedit
795 4375 1067 4447 cognatio
1125 4391 1257 4428 cum
1309 4375 1541 4429 fornace
1600 4374 1935 4447 Babylonia.

236 4469 408 4523 Stans
440 4483 572 4535 ergo
621 4470 860 4520 sanctus
893 4480 1067 4519 senex
1112 4471 1388 4535 tanquam
1443 4463 1715 4518 columna
1762 4480 1939 4533 super

234 4566 476 4628 petram,
506 4556 589 4610 sic
630 4564 753 4610 orat
795 4554 1111 4613 Christum.
1164 4554 1364 4608 dicens
1399 4570 1411 4608 :
1455 4553 1542 4607 Tu
1588 4553 1765 4620 vides,
1797 4553 1936 4608 Jesu

231 4646 481 4712 Christe,
516 4646 613 4715 qui
646 4645 810 4699 fuisti
840 4643 1150 4698 cruciﬁxus
1182 4644 1288 4697 sub
1343 4642 1546 4697 Pontio
1595 4641 1796 4709 Pilato,
1846 4661 1937 4700 me

2050 2061 2154 2110 ter.
2188 2059 2448 2123 Cumque
2488 2069 2691 2123 parum
2727 2052 2956 2106 abesset
2982 2054 3126 2123 quin
3172 2064 3409 2125 pr0pter
3442 2057 3588 2110 hanc
3624 2068 3753 2110 ten-

2049 2146 2327 2199 tationem
2380 2146 2590 2199 exirem
2643 2161 2673 2197 e
2707 2144 3040 2209 solitudine,
3095 2148 3245 2214 quod
3300 2162 3388 2199 me
3420 2146 3540 2200 haec
3573 2146 3755 2202 animi

2051 2235 2402 2305 perturbatio
2450 2240 2643 2305 ageret
2685 2234 3216 2298 vehementissime,
3264 2236 3462 2289 vicinis
3514 2237 3752 2306 quidem

2050 2327 2197 2379 meis
2230 2341 2345 2378 rem
2383 2342 2493 2377 non
2527 2324 2765 2391 exposui
2791 2340 2804 2390 ;
2830 2325 2928 2376 sed
2958 2340 3139 2393 neque
3166 2341 3291 2378 meo
3316 2326 3591 2394 magistro
3620 2326 3759 2380 Eva-

2050 2413 2172 2483 grio
2208 2412 2335 2485 [Al.,
2374 2412 2633 2485 Eulogiu]
2673 2429 2684 2466 :
2718 2415 2815 2466 sed
2853 2413 3098 2466 latenter
3122 2414 3362 2469 veniens
3394 2416 3448 2466 in
3483 2413 3754 2468 solitudi-

2051 2519 2181 2556 nem
2217 2502 2551 2572 quindecim
2596 2504 2802 2556 diebus
2846 2510 3106 2557 versatus
3148 2520 3278 2557 sum
3323 2520 3451 2557 cum
3490 2504 3753 2574 patribus

2051 2592 2486 2644 senescentibus
2511 2593 2563 2643 in
2599 2590 2934 2657 solitudine,
2960 2592 3057 2664 qui
3094 2597 3257 2645 erant
3291 2593 3346 2644 in
3380 2596 3563 2646 Scete.
3600 2590 3755 2647 Inter

2052 2696 2196 2751 quos
2227 2680 2402 2732 incidi
2433 2681 2602 2733 etiam
2636 2679 2695 2732 in
2728 2688 2997 2733 sanctum
3025 2682 3211 2735 virum
3233 2681 3581 2735 Pachonem.
3610 2681 3751 2736 Cum

2051 2784 2185 2839 ergo
2217 2768 2573 2823 invenissem
2606 2786 2739 2823 eum
2775 2769 3147 2824 sinceriorem
3177 2774 3227 2823 et
3254 2771 3440 2841 magis
3465 2782 3753 2826 versatum

2049 2859 2105 2912 in
2131 2860 2557 2924 exercitatione,
2576 2876 2752 2911 ausus
2772 2875 2901 2913 sum
2927 2859 2977 2913 ei
3004 2875 3196 2913 meum
3226 2862 3482 2913 animum
3510 2862 3753 2929 aperire.

2049 2946 2203 3000 Dixit
2242 2954 2434 3001 autem
2482 2947 2622 3000 mihi
2664 2948 2759 3001 ille
2805 2954 3087 3001 sanctus:
3122 2948 3203 3001 Ne
3239 2950 3337 3001 tibi
3372 2949 3636 3002 videatur
3668 2966 3756 3003 res

2050 3036 2195 3088 mira
2224 3042 2280 3090 et
2307 3038 2535 3102 aliena;
2573 3037 2678 3089 hoc
2713 3037 2867 3089 enim
2904 3053 3017 3089 non
3046 3038 3144 3089 tibi
3171 3037 3373 3090 accidit
3401 3039 3472 3090 ob
3496 3038 3754 3105 delicias,

2048 3126 2351 3193 otiumque
2380 3131 2434 3179 et
2466 3124 2898 3195 negligentiam.
2932 3125 3077 3179 Nam
3112 3131 3166 3179 ct
3203 3141 3391 3179 mores
3423 3127 3528 3179 tibi
3563 3128 3752 3180 ferunt.

2047 3213 2473 3278 testimonium,
2507 3222 2561 3267 et
2594 3214 2835 3282 penuria
2866 3230 3065 3267 eorum
3100 3230 3224 3285 quas
3248 3222 3386 3268 sunt
3410 3217 3750 3280 necessaria,

2044 3305 2099 3354 et
2130 3302 2279 3369 quod
2320 3301 2477 3355 nulla
2521 3304 2597 3355 sit
2640 3302 2727 3355 hic
2768 3302 2871 3355 tibi
2916 3302 3271 3357 consuetudo
3312 3319 3445 3357 cum
3490 3305 3747 3371 feminis;

2047 3391 2146 3443 sed
2183 3391 2376 3459 potius
2411 3391 2517 3444 hoc
2549 3392 2653 3444 tibi
2686 3391 2895 3445 accidit
2922 3391 2993 3444 ab
3025 3392 3353 3447 adversario
3384 3396 3454 3447 ob
3486 3392 3746 3449 studium

2043 3483 2296 3539 virtutis.
2331 3482 2429 3535 Est
2467 3482 2620 3535 enim
2654 3480 2864 3552 triplex
2894 3481 3073 3535 hostis
3107 3482 3207 3553 qui
3242 3482 3488 3551 impellit
3526 3484 3597 3537 ad
3633 3484 3747 3538 for-

2045 3570 2418 3625 nicationem.
2452 3568 2776 3639 Aliquando
2816 3569 2969 3623 enim
3008 3586 3113 3625 nos
3156 3586 3287 3624 caro
3319 3570 3539 3625 invadit
3569 3570 3747 3625 luxu-

2046 3659 2227 3725 rians,
2262 3665 2318 3713 et
2348 3675 2477 3730 quae
2509 3659 2685 3713 nimis
2718 3659 2869 3712 laute
2899 3663 2955 3713 et
2984 3659 3219 3714 delicate
3248 3666 3336 3714 est
3365 3665 3605 3728 curata;
3649 3660 3750 3715 ali-

2045 3749 2277 3821 quando
2309 3757 2501 3803 autem
2536 3749 2592 3801 in
2628 3765 2731 3801 nos
2757 3750 3071 3818 insurgunt
3095 3756 3286 3803 motus
3313 3750 3491 3803 animi
3517 3757 3751 3819 propter

2046 3840 2459 3911 cogitationes;
2499 3836 2810 3906 aliquando
2858 3846 3050 3891 autem
3098 3838 3219 3906 ipse
3260 3856 3491 3909 quoque
3523 3841 3749 3895 daemon

2045 3930 2104 3984 in
2144 3947 2248 3984 nos
2288 3932 2513 3983 exercet
2555 3925 2920 3998 tyrannidem
2966 3938 3196 3997 propter
3236 3929 3554 3995 invidiam;
3615 3946 3750 3984 nam

2046 4033 2151 4087 ego
2185 4031 2412 4085 quoque
2447 4013 2625 4068 multa
2655 4016 2991 4079 observans,
3042 4016 3151 4069 hoc
3195 4016 3408 4069 inveni.
3456 4017 3596 4071 Ecce
3637 4034 3748 4089 me,

2048 4111 2112 4161 ut
2143 4106 2321 4172 vides,
2354 4104 2649 4159 hominem
2675 4120 2910 4172 senem;
2936 4108 3209 4174 cumjam
3232 4106 3746 4177 quadragesimum

2050 4212 2265 4250 annum
2299 4195 2505 4265 degam
2536 4194 2592 4248 in
2628 4195 2731 4249 hac
2762 4195 2927 4258 cella,
2960 4210 3162 4249 curam
3195 4211 3403 4265 gerens
3438 4212 3574 4250 mea:
3599 4198 3751 4251 salu-

2048 4284 2146 4350 tis,
2181 4288 2238 4338 et
2271 4284 2340 4338 ad
2377 4284 2523 4338 hanc
2554 4289 2780 4338 aetatem
2824 4284 3206 4353 pervenerim,
3237 4288 3430 4339 tentor
3462 4301 3647 4356 usque
3690 4286 3747 4340 in

2050 4374 2396 4429 hodiernum
2430 4374 2604 4428 diem.
2638 4374 2941 4441 Etjuravit
2971 4374 3168 4428 dicens
3202 4393 3214 4428 :
3265 4378 3392 4430 Jam
3442 4375 3747 4431 duodecim

2048 4465 2219 4519 annis
2270 4468 2571 4533 postquam
2610 4463 2866 4533 transegi
2907 4480 3125 4517 annum
3165 4464 3743 4537 quinquagesimum,

2048 4552 2271 4608 nullam
2305 4551 2455 4607 diem
2482 4568 2584 4605 nec
2608 4557 2834 4606 noctem
2857 4553 3174 4607 intermisit
3197 4570 3312 4624 qua
3337 4570 3428 4608 me
3453 4572 3564 4609 non
3587 4556 3748 4609 inva-

2048 4642 2204 4697 serii.
2239 4640 2380 4696 Cum
2414 4640 2609 4712 itaque
2642 4642 2973 4711 suspicatus
3003 4658 3192 4696 essem
3238 4642 3421 4696 Deum
3456 4659 3488 4695 a
3520 4659 3612 4697 me
3652 4658 3750 4697 re—

231 4751 349 4791 non
383 4735 803 4789 descensurum
837 4749 903 4787 ex
937 4734 1038 4787 hac
1076 4736 1259 4803 petra,
1311 4748 1498 4803 neque
1546 4749 1781 4787 esurum
1830 4750 1935 4790 nec
1972 4724 2015 4788 D
2048 4730 2315 4793 cessisse,
2350 4729 2819 4800 quandoquidem
2844 4736 3000 4783 tanta
3023 4730 3082 4784 in
3107 4746 3198 4785 me
3220 4731 3449 4785 daemon
3489 4735 3750 4787 uteretur

230 4824 558 4879 bibiturum
592 4821 775 4876 donec
808 4822 1044 4888 moriar,
1079 4821 1188 4876 nisi
1226 4836 1314 4874 me
1348 4837 1501 4876 nunc
1551 4822 1823 4889 audieris,
1882 4828 1938 4878 et

230 4914 393 4970 hunc
424 4912 747 4966 daemonem
780 4909 850 4963 ab
882 4908 1118 4964 homine
1148 4910 1401 4978 eieceris,
1435 4914 1490 4964 et
1519 4929 1551 4965 a
1580 4912 1787 4981 spiritu
1822 4912 1932 4968 im-

232 5004 455 5059 mundo
487 5001 675 5070 ipsum
712 5000 1062 5055 liberaveris.
1098 5001 1302 5055 Adhuc
1334 5016 1466 5057 cum
1499 5002 1637 5057 Jesu
1662 5002 1937 5073 loquente

228 5091 482 5163 simplici
496 5090 767 5145 etbumili
785 5089 1328 5161 Paulo,priusquam
1344 5093 1467 5163 ipse
1483 5109 1679 5163 preces
1696 5095 1937 5163 perfecis

230 5191 339 5251 set,
355 5180 953 5247 exclamavitdzemon,
970 5180 1168 5236 dicens
1186 5198 1197 5236 :
1216 5185 1456 5247 Recedo,
1475 5183 1695 5248 recedo,
1714 5181 1764 5234 vi
1779 5198 1936 5251 egre-

230 5272 379 5337 dior,
414 5277 471 5326 et
493 5287 593 5342 per
612 5268 980 5341 tyrannidem
1009 5269 1264 5337 expellor
1286 5288 1300 5336 ;
1324 5270 1555 5325 discedo
1580 5272 1650 5324 ab
1676 5270 1933 5335 homine,

230 5377 349 5419 non
383 5359 635 5431 amplius
668 5361 734 5415 ad
768 5375 898 5415 eum
931 5359 1161 5413 accedo.
1194 5359 1360 5413 Pauli
1395 5358 1739 5428 simplicitas
1761 5369 1811 5415 et
1836 5360 1936 5415 hu-

229 5449 452 5508 militas
488 5466 576 5505 me
603 5449 855 5520 expellit,
889 5464 1075 5519 neque
1104 5448 1221 5505 scio
1255 5466 1369 5521 quo
1394 5450 1617 5503 abeam.
1643 5449 1935 5505 Protinus-

229 5553 346 5611 que
378 5539 515 5592 exiit
545 5539 795 5605 daemon,
828 5544 881 5594 et
922 5542 1178 5593 mutatus
1218 5542 1308 5593 est
1347 5538 1405 5593 in
1450 5538 1773 5592 maximum
1807 5538 1939 5595 dra-

227 5642 435 5686 conem
460 5626 685 5682 circiter
714 5628 1071 5697 septuaginta
1087 5628 1282 5682 cubito
1313 5642 1460 5695 rum,
1487 5628 1817 5699 receditque
1849 5646 1933 5685 re-

228 5724 403 5793 ptans
434 5717 493 5772 in
527 5732 681 5772 mare
722 5716 987 5773 Rubrum
1030 5722 1093 5773 ut
1137 5718 1477 5789 impleretur
1518 5718 1671 5790 quod
1719 5719 1934 5775 dictum

226 5812 319 5867 est
350 5824 451 5880 per
480 5816 742 5865 sanctum
774 5808 1081 5881 Spiritum:
1116 5809 1309 5866 Fidem
1340 5826 1471 5881 qua:
1492 5810 1938 5868 demonstratur

2049 4825 2353 4892 potestate,
2389 4820 2583 4891 potius
2624 4820 2809 4891 delegi
2858 4822 3002 4876 mori
3042 4821 3262 4891 absque
3297 4822 3537 4889 ratione,
3572 4840 3748 4893 quam

2047 4911 2185 4965 vitio
2255 4910 2673 4981 affectioneque
2744 4911 3022 4981 corporis,
3085 4927 3175 4966 me
3230 4917 3472 4983 turpiter
3529 4929 3746 4985 gerere.

2047 5001 2442 5071 Egressusque
2472 5018 2504 5054 a
2535 5000 2681 5055 cella
2714 5017 2861 5066 mea,
2896 5007 2953 5055 et
2982 5001 3187 5056 obiens
3218 5001 3620 5070 solitudinem,
3659 5003 3752 5058 in-

2048 5091 2173 5146 veni
2207 5089 2543 5161 speluncam
2578 5089 2811 5159 hyaanaa.
2846 5094 2909 5143 In
2942 5107 3118 5161 quam
3151 5091 3494 5162 speluncam
3519 5110 3610 5148 me
3642 5109 3751 5149 nu-

2048 5182 2189 5236 dum
2224 5178 2444 5233 immisi
2467 5182 2586 5233 toto
2610 5178 2720 5241 die,
2748 5184 2811 5234 ut
2835 5181 2969 5234 ferte
2994 5195 3235 5251 egressa
3265 5198 3358 5236 me
3387 5184 3745 5237 devorarent.

2046 5268 2360 5337 Postquam
2401 5270 2595 5320 autem
2642 5266 2745 5318 fuit
2789 5282 3042 5336 vespera,
3090 5272 3262 5338 prout
3308 5268 3591 5336 scriptum
3637 5273 3745 5333 est,

2047 5357 2141 5413 Sol
2174 5356 2443 5427 cognovit
2473 5370 2763 5410 occasum.
2800 5356 3054 5412 Posuisti
3082 5359 3374 5424 tenebras,
3406 5361 3463 5412 et
3494 5356 3642 5410 facta
3661 5365 3749 5410 est

2048 5464 2178 5502 nox.
2212 5447 2277 5501 In
2308 5446 2436 5517 ipsa
2487 5444 2821 5501 transibunt
2866 5463 3066 5502 omnes
3104 5447 3301 5503 bestiae
3351 5445 3523 5500 silvas.
3558 5444 3743 5501 Catuli

2047 5536 2279 5593 leonum
2312 5536 2609 5607 rugientes
2640 5545 2699 5591 ut
2731 5537 2961 5608 rapiant
2988 5544 3045 5594 et
3074 5539 3335 5607 quaerant
3363 5534 3526 5590 aDeo
3547 5551 3741 5592 escam

2049 5627 2159 5684 sibi
2208 5628 2378 5699 (Psol.
2420 5630 2565 5699 cm).
2612 5628 2869 5699 Egressas
2901 5644 3035 5698 ergo
3084 5626 3213 5681 ferae
3254 5625 3311 5679 in
3361 5623 3462 5680 illa
3500 5625 3660 5692 hora,
3691 5629 3749 5682 et

2047 5716 2343 5791 masculus
2373 5721 2429 5772 et
2469 5718 2705 5785 femina,
2742 5733 2833 5772 me
2873 5734 2906 5771 a
2946 5716 3188 5787 pedibus
3226 5713 3300 5771 ad
3338 5721 3515 5787 caput
3562 5728 3743 5785 usque

2045 5808 2265 5866 odorati
2287 5812 2443 5874 sunt,
2477 5808 3002 5875 oircumlingentes.
3047 5805 3310 5877 Cumque
3351 5808 3745 5875 exspectarem
