4076 6280
326 449 480 511 1087

1898 435 2255 501 ΡΑτΙιΙιΑΠΗ

3688 441 3863 504 1088

320 582 438 637 fore
466 587 522 636 ut
554 580 876 645 devorarer,
925 593 957 631 a
983 592 1077 630 me
1117 576 1499 629 recesserunt.
1547 574 1686 628 Cum
1732 588 1865 644 ergo
1898 571 2020 627 illic
2053 574 2102 639 Α
2137 567 2623 633 rescinderentur,
2660 581 2773 620 non
2806 580 2977 622 secus
3005 582 3067 621 ac
3090 567 3137 622 si
3163 575 3359 624 essent
3379 569 3476 640 pili
3501 571 3857 643 insensites,

321 676 441 726 tota
482 676 649 725 nocte
682 671 705 736 j
732 669 1021 733 Acuissem,
1050 683 1159 719 non
1204 664 1280 717 fui
1314 664 1636 717 devoratus.
1674 663 2018 717 Existimans

322 777 458 831 ergo
484 765 667 816 Deum
699 758 938 813 omnino
972 755 1114 809 mihi
1151 753 1495 824 pepercisse,
1529 755 1769 808 surrexi.
1796 752 2017 807 Rursus

318 867 452 906 vero
484 852 541 905 in
582 848 788 904 cellam
836 846 997 902 redii.
1043 847 1186 901 Cum
1231 850 1424 899 autem
1472 860 1534 899 se
1566 844 1767 915 paucis
1810 844 2017 898 diebus

318 938 699 995 continuisset
752 937 999 1000 daemon,
1054 950 1146 988 me
1188 938 1277 988 est
1334 934 1571 987 adortus
1618 932 2018 987 vehementius

318 1046 491 1100 quam
527 1033 714 1093 antea,
750 1031 814 1079 ut
847 1040 1049 1094 parum
1077 1023 1324 1077 abfuerit
1349 1022 1489 1093 quin
1528 1021 2012 1091 blasphemarem.

314 1118 782 1175 Transformatus
814 1115 970 1171 enim
1005 1130 1135 1168 cum
1168 1119 1320 1168 esset
1342 1112 1399 1165 iu
1426 1112 1677 1181 puellam
1700 1111 2017 1182 [EthiOpis-

315 1226 463 1274 sam,
498 1224 667 1277 quam
710 1207 768 1261 in
813 1220 940 1260 mea
974 1206 1270 1273 juventute
1312 1204 1563 1256 videram
1600 1206 1799 1256 aestate
1829 1203 2016 1272 spicas

313 1298 619 1367 legentem,
663 1311 731 1349 ea
781 1294 923 1347 mihi
974 1293 1095 1345 visa
1137 1296 1225 1346 est
1256 1293 1401 1344 meis
1444 1290 1696 1345 insidere
1733 1291 2012 1361 genibus;

316 1401 524 1456 meque
555 1398 740 1452 usque
771 1384 913 1436 adeo
944 1381 1259 1436 commovit
1291 1387 1352 1433 ut
1386 1386 1646 1448 putarem
1684 1396 1774 1433 me
1797 1396 1927 1433 cum
1951 1395 2015 1433 ea

312 1476 573 1531 coivisse.
606 1476 814 1525 Furore
845 1487 976 1539 ergo
1020 1472 1275 1540 percitus
1306 1469 1520 1539 impegi
1563 1467 1613 1522 ei
1654 1468 1967 1537 colaphum
1997 1486 2011 1535 ;

309 1580 490 1633 eaque
520 1564 603 1616 sic
633 1562 884 1614 evanuit.
941 1560 1053 1612 lloc
1094 1564 1285 1611 autem
1340 1557 1478 1611 mihi
1527 1557 1693 1611 crede
1747 1557 1959 1610 dicenti
1996 1574 2008 1613 :

312 1654 542 1709 biennio
574 1668 685 1707 non
723 1658 976 1722 poteram
1015 1651 1160 1703 ferre
1186 1664 1393 1701 manus
1420 1663 1556 1701 meae
1583 1648 1841 1702 fetorem.
1869 1647 2008 1703 Cum

308 1760 442 1814 ergo
476 1742 580 1796 hac
607 1741 679 1795 de
708 1756 884 1795 causa
916 1738 1107 1809 pusilli
1136 1743 1192 1791 et
1222 1738 1430 1805 alijecti
1465 1738 1644 1791 animi
1676 1737 2010 1804 evasissem,

309 1839 365 1889 et
394 1832 465 1887 de
498 1848 587 1886 me
607 1846 837 1885 omnem
866 1844 1022 1892 Spem
1056 1827 1421 1895 abjecissem,
1452 1841 1718 1893 egressus
1742 1842 1870 1880 sum
1898 1842 2011 1895 per-

2126 661 2207 714 ita
2240 654 2881 721 mansitimmutabilis,
2919 666 3031 711 tam
3075 656 3382 729 insigniter
3413 665 3469 715 et
3512 663 3854 719 admirabi-

2128 748 2258 804 liter
2286 752 2410 802 erat
2440 764 2473 800 a
2503 745 2617 800 Deo
2658 745 3005 801 instructus.
3051 745 3194 801 Cum
3229 764 3336 805 nos
3367 756 3591 818 autem,
3623 754 3852 826 inquit,

2127 838 2341 910 partim
2396 850 2757 905 angeremur,
2808 838 3015 905 partim
3064 853 3197 893 vero
3256 844 3628 910 terreremur,
3680 847 3847 915 quod

2127 926 2271 981 tanti
2302 924 2409 978 viri
2438 924 2579 978 talis
2611 925 2729 979 vita
2759 925 2819 978 in
2854 928 3081 981 tantum
3118 926 3387 982 morbum
3421 928 3752 1001 incidisset,
3787 943 3849 990 et

2126 1015 2271 1071 tales
2304 1013 2659 1070 medicorum
2691 1016 3070 1080 exsectiones,
3121 1021 3350 1071 nostras
3382 1024 3580 1075 autem
3611 1023 3849 1093 cogita—

2126 1111 2310 1166 tiones
2342 1112 2618 1166 sensisset
2653 1111 2856 1165 beatus
2887 1107 3219 1178 Stephanus
3252 1108 3480 1164 dicebat
3510 1113 3677 1166 nobis
3709 1131 3723 1166 :
3758 1114 3843 1171 Ne

2125 1217 2194 1256 ex
2226 1202 2331 1256 hac
2363 1218 2420 1256 re
2447 1200 2848 1267 offendamini,
2880 1215 2911 1252 o
2946 1199 3092 1265 filii;
3133 1197 3283 1252 nihil
3315 1200 3469 1253 enim
3504 1201 3657 1270 quod
3686 1204 3841 1259 Deus

2125 1291 2279 1355 facit,
2313 1291 2386 1345 ad
2415 1290 2633 1345 malum
2667 1304 2925 1359 unquam
2961 1287 3119 1353 facit,
3154 1289 3252 1342 sed
3286 1289 3358 1343 ad
3393 1290 3607 1345 bonum
3632 1291 3840 1353 ﬁnem.

2126 1381 2386 1435 Fortasse
2434 1382 2587 1436 enim
2626 1382 2889 1434 membra
2940 1377 3313 1433 merebantur
3354 1379 3736 1449 supplicium,
3783 1392 3838 1439 et

2126 1468 2334 1523 melius
2365 1474 2451 1524 est
2483 1485 2547 1523 ea
2578 1468 2671 1523 hic
2704 1466 2843 1524 dare
2875 1482 3098 1537 pcsnas,
3130 1483 3309 1536 quam
3354 1473 3486 1536 post
3526 1484 3837 1527 excessum

2123 1574 2191 1613 ex
2227 1558 2333 1613 hoc
2366 1559 2572 1613 stadio.
2608 1560 2749 1613 Cum
2784 1571 2890 1613 nos
2922 1572 3055 1625 ergo
3088 1556 3172 1610 sic
3202 1565 3281 1609 est
3316 1556 3605 1625 hortatus,
3631 1566 3686 1615 et
3711 1577 3833 1616 ver-

2122 1648 2212 1703 bis
2246 1648 2609 1703 confirmavit
2641 1651 2706 1702 ad
2742 1647 3131 1712 tolerantiam,
3165 1647 3473 1702 aedificavit
3503 1650 3573 1703 ad
3610 1650 3840 1707 fortiter

2125 1739 2388 1793 ferendas
2420 1738 2795 1795 afﬂictiones.
2829 1737 2959 1792 Haec
2981 1750 3170 1792 autem
3197 1738 3451 1807 narravi,
3478 1757 3547 1795 ne
3569 1741 3840 1798 videatur

2126 1826 2292 1879 nobis
2327 1827 2605 1893 alienum,
2642 1826 2875 1904 quando
2910 1824 3223 1880 viderimus
3246 1825 3472 1896 aliquos
3495 1830 3839 1885 sanctosin~

308 1939 510 1979 errans
538 1926 759 1976 vastam
802 1918 1200 1977 solitudinem.
1234 1921 1287 1969 et
1321 1915 1507 1970 inveni
1570 1931 1805 1986 parvam
1857 1915 2007 1983 aspi-
2046 1899 2090 1964 Β
2121 1914 2263 1971 cidit
2284 1932 2345 1970 se
2377 1915 2433 1969 in
2462 1915 2605 1970 tales
2630 1899 3011 1969 calamitates.

309 2015 462 2067 dem.
497 2012 678 2075 Quam
705 2024 838 2063 cum
871 2008 1244 2076 accepissem,
1278 2021 1407 2059 eam
1440 2006 1718 2059 admoveo
1753 2004 1893 2058 meis
1918 2020 2007 2075 ge-

310 2104 612 2169 nitalibus,
646 2105 707 2153 ut
738 2098 823 2151 vel
856 2099 936 2151 sic
971 2114 1199 2151 morsus
1234 2112 1523 2160 morerer;
1558 2101 1615 2148 et
1644 2111 1775 2148 cum
1810 2095 1892 2149 eis
1925 2110 2013 2148 ca-

312 2198 416 2264 put
446 2191 709 2244 virilibus
731 2188 1136 2258 applicassem,
1162 2194 1224 2240 ut
1247 2202 1375 2255 quas
1404 2184 1547 2239 mihi
1571 2185 1811 2239 fuissent
1835 2200 2013 2238 causa

314 2281 672 2346 tentationis,
706 2296 775 2334 ne
815 2279 896 2333 sic
928 2279 1158 2348 quidem
1208 2293 1437 2330 morsus
1483 2292 1611 2329 sum
1647 2274 1838 2339 gratias
1881 2290 2010 2344 pro-

312 2372 589 2427 videntia.
653 2369 789 2423 Post
847 2369 966 2423 haec
1028 2378 1218 2421 autem
1255 2366 1443 2419 audivi
1496 2382 1692 2421 vocem
1726 2365 2010 2420 dicentem

313 2461 454 2517 mihi
499 2461 552 2513 in
614 2475 740 2515 mea
792 2457 1173 2527 cogitatione:
1236 2457 1363 2525 Abi,
1426 2455 1676 2518 Pachon,
1736 2456 2008 2522 decerta;

308 2551 438 2604 ideo
464 2551 618 2602 enim
656 2548 893 2618 permisi
921 2548 978 2599 in
1014 2551 1071 2599 te
1102 2552 1316 2599 tantam
1353 2546 1599 2600 exerceri
1638 2551 2008 2615 potestatem,

309 2654 379 2692 ne
410 2638 510 2690 tibi
545 2642 700 2690 esset
729 2635 930 2688 elatior
970 2641 1025 2688 et
1067 2635 1425 2698 arrogantior
1466 2633 1726 2701 spiritus,
1772 2632 2011 2701 perinde

307 2744 374 2783 ac
406 2729 526 2796 ipse
562 2742 757 2797 posses
790 2725 940 2777 hanc
972 2740 1239 2793 superare
1270 2724 1633 2777 affectionem
1672 2739 1685 2776 :
1721 2723 1817 2776 sed
1849 2730 2008 2775 tuam

306 2832 650 2886 agnosceres
694 2813 1175 2875 imbecillitatem,
1222 2818 1280 2866 et
1322 2813 1377 2866 in
1422 2818 1531 2865 tuas
1574 2812 1695 2864 vitae
1742 2812 2008 2866 instituto

306 2922 608 2978 nunquam
660 2905 902 2959 haberes
954 2902 1248 2967 fiduciam,
1295 2904 1393 2957 sed
1443 2918 1765 2957 recurreres
1806 2903 1872 2956 ad
1911 2902 2007 2956 Dei

306 2999 610 3053 auxilium.
654 2995 747 3049 Sic
792 3000 983 3047 autem
1026 2992 1365 3046 admonitus
1407 2998 1462 3046 et
1501 2992 1903 3055 confirmatus,
1935 2993 2006 3047 ad

306 3087 511 3143 cellam
545 3102 671 3141 sum
707 3099 991 3150 reversus,
1014 3082 1358 3150 etdeinceps
1383 3084 1590 3136 sedens
1613 3099 1744 3135 cum
1775 3082 2007 3150 fiducia,

306 3183 361 3231 et
405 3175 620 3231 nullam
675 3173 807 3229 belli
851 3188 1044 3227 curam
1088 3188 1319 3242 gerens,
1359 3171 1609 3240 reliquos
1653 3171 1775 3225 dies
1816 3173 1905 3244 egi
1946 3172 2004 3227 in

2742 2001 2971 2059 CAPUT
3014 2000 3209 2058 XXXI.

2548 2095 2621 2148 De
2657 2093 2876 2147 Valente
2906 2092 3017 2162 (73)
3048 2096 3140 2163 qui
3168 2095 3401 2151 excidit.

2196 2184 2325 2238 Fuit
2355 2184 2588 2255 quidam
2639 2182 2873 2246 Valens,
2924 2199 3136 2254 genere
3184 2185 3418 2251 quidem
3467 2186 3833 2261 Palastinus,

2124 2281 2317 2328 mente
2364 2280 2555 2328 autem
2606 2274 2977 2339 Corinthius;
3039 2273 3358 2329 Corinthiis
3414 2279 3569 2332 enim
3621 2280 3830 2336 vitium

2123 2364 2440 2418 inflationis
2472 2364 2674 2416 tribuit
2702 2372 2939 2416 sanctus
2973 2363 3207 2426 Paulus,
3241 2365 3441 2420 dicens
3481 2383 3494 2419 :
3529 2368 3596 2421 Et
3625 2370 3830 2425 vosin-

2123 2452 2241 2507 ﬂati
2272 2452 2414 2507 estis
2445 2454 2493 2522 (ι
2518 2452 2638 2505 Cur.
2667 2452 2740 2523 v).
2774 2452 3036 2515 Quicum
3066 2452 3317 2509 venisset
3342 2455 3396 2509 in
3423 2456 3826 2529 solitudinem,

2121 2543 2245 2611 ipse
2267 2558 2493 2613 quoque
2512 2542 2703 2612 plures
2722 2558 2903 2596 annos
2921 2543 3533 2601 babitavitnobiscum.
3554 2551 3627 2602 Eo
3644 2562 3827 2606 autem

2122 2633 2404 2703 processit
2423 2633 2801 2702 superbiae,ut
2821 2632 3098 2701 deceptus
3120 2633 3187 2685 sit
3213 2651 3243 2686 a
3265 2633 3626 2691 daemonibus.
3648 2638 3722 2692 Ex
3747 2656 3817 2695 eo

2121 2721 2273 2776 enim
2308 2721 2461 2791 quod
2491 2722 2614 2788 ipse
2658 2720 2936 2791 paulatim
2983 2719 3361 2792 deciperetur,
3411 2724 3535 2777 fecit
3578 2733 3634 2777 ut
3678 2726 3810 2794 ipse

2120 2813 2189 2866 de
2220 2827 2281 2865 se
2315 2810 2619 2873 magnifice
2650 2827 2714 2863 ac
2748 2812 3018 2877 praeclare
3051 2813 3312 2876 sentiret,
3353 2822 3620 2883 tanquam
3663 2832 3805 2872 cum

2122 2918 2187 2955 eo
2214 2907 2586 2956 versarentur
2628 2901 2841 2973 angeli,
2883 2904 3053 2974 eique
3085 2904 3143 2958 in
3186 2905 3431 2976 singulis
3472 2907 3809 2964 ministeriis

2120 2994 2480 3047 inservirent.
2536 2993 2795 3057 Quodam
2845 3000 2996 3047 certe
3047 2994 3160 3061 die,
3210 3002 3275 3049 ut
3323 2997 3630 3051 narrabant
3684 3015 3821 3055 cum

2119 3086 2453 3151 operaretur
2486 3082 2541 3134 in
2589 3081 2865 3149 tenebris,
2901 3097 3066 3135 acum
3101 3084 3328 3137 dimisit
3358 3101 3474 3155 qua
3504 3088 3824 3144 consuebat

2118 3177 2398 3239 sportam.
2450 3172 2629 3236 Quam
2673 3186 2803 3224 cum
2840 3172 2962 3239 ipse
3003 3188 3114 3225 non
3148 3174 3481 3235 invenisset.
3514 3177 3737 3232 daemon
3768 3179 3821 3233 ei

308 3284 468 3338 pace.
526 3267 757 3320 Daemon
803 3268 993 3319 autem
1050 3279 1181 3316 cum
1228 3262 1589 3333 cognovisset
1637 3278 1821 3315 meam
1882 3266 2009 3330 ejus
2042 3265 2089 3330 C
2123 3263 2253 3315 fecit
2281 3262 2631 3331 lampadem,
2664 3266 2720 3316 et
2751 3262 2966 3315 invenit
2998 3280 3186 3319 acum.
3212 3265 3327 3319 Hoc
3358 3267 3595 3321 nomine
3616 3285 3820 3327 rursus

312 3354 780 3425 despicientiam,
826 3355 1041 3423 pudore
1072 3354 1342 3422 deinceps
1373 3353 1633 3418 affectus,
1670 3352 1738 3404 ad
1774 3368 1863 3406 me
1896 3369 2007 3406 non

307 3444 548 3500 accessit
578 3442 853 3513 amplius.
889 3441 987 3494 His
1020 3441 1207 3495 verbis
1236 3456 1366 3493 cum
1396 3442 1462 3493 ad
1491 3441 1702 3494 luctam
1729 3442 2007 3497 adversus

307 3536 579 3589 Satanam
616 3548 705 3584 me
736 3530 1159 3594 conﬁrmasset,
1191 3535 1245 3581 et
1269 3531 1335 3581 ad
1372 3530 1587 3583 bellum
1615 3531 2002 3598 instruxisset,

304 3628 361 3676 et
390 3621 688 3674 adversum
723 3618 1045 3673 daemonem
1091 3617 1487 3670 fornicationis
1530 3634 1620 3671 me
1654 3626 1912 3687 parasset
1942 3636 2004 3673 ac

303 3709 623 3775 docuisset,
657 3708 904 3776 dimisit,
932 3708 1148 3777 jubens
1184 3706 1391 3762 utforti
1416 3708 1607 3762 animo
1632 3723 1722 3761 me
1745 3725 2000 3780 gererem

302 3802 359 3857 in
394 3800 684 3856 omnibus.

920 3888 1152 3944 CAPUT
1202 3889 1376 3944 XXX.

753 3979 872 4034 Vita
901 3979 1121 4033 Abbatis
1148 3978 1409 4045 Stephani
1434 3979 1570 4050 (7i).

368 4071 700 4141 Stephanus
754 4071 987 4141 quidam
1042 4069 1171 4123 Libs
1218 4085 1446 4139 genere,
1510 4070 1662 4124 sedit
1702 4073 2001 4141 sexaginta

295 4180 479 4220 annos
509 4178 577 4216 ex
606 4163 781 4217 latere
811 4160 925 4231 (72)
958 4158 1312 4214 Marmaricae
1344 4165 1399 4212 et
1432 4158 1717 4216 Mareotis.
1776 4163 1823 4215 ls
1864 4177 1999 4215 cum

294 4255 502 4309 fuisset
531 4267 761 4306 summe
791 4254 1058 4304 versatus
1090 4248 1147 4302 in
1182 4248 1608 4314 exercitatione,
1636 4255 1689 4303 et
1712 4253 1863 4305 esset
1886 4251 2002 4303 dis-

292 4342 564 4399 cernendi
638 4345 924 4410 potestate
993 4338 1286 4408 praeditus,
1360 4339 1507 4392 hanc
1589 4343 1838 4409 gratiam
1909 4344 1999 4394 est

291 4436 663 4495 consecutus,
697 4435 761 4483 ut
800 4429 1134 4499 quicunque
1174 4444 1302 4482 eum
1336 4429 1686 4493 conveniret,
1730 4445 1999 4499 quacun—

298 4537 411 4592 que
452 4520 812 4573 cruciaretur
854 4516 1140 4580 molestia,
1172 4514 1222 4569 is
1268 4516 1525 4570 molestia
1563 4533 1779 4571 wcuus
1820 4518 1891 4571 ab
1933 4533 1997 4572 eo

290 4611 603 4667 recederet.
639 4606 769 4663 Fuit
808 4611 999 4661 autem
1034 4606 1080 4659 is
1110 4621 1340 4675 quoque
1381 4611 1553 4660 notus
1600 4607 1768 4661 beato
1812 4611 1998 4661 Anto—

290 4704 405 4758 nio.
440 4701 701 4755 Pervenit
723 4704 914 4753 autem
938 4696 1110 4751 etiam
1145 4696 1215 4750 ad
1250 4702 1447 4751 nostra
1481 4713 1666 4768 usque
1696 4702 1988 4771 tempora;

288 4804 460 4863 atque
490 4807 595 4861 ego
628 4789 863 4860 quidem
896 4803 1028 4841 cum
1064 4803 1129 4841 eo
1163 4802 1276 4841 non
1310 4802 1437 4841 sum
1472 4793 1730 4843 versatus
1763 4800 1993 4861 propter

286 4881 390 4935 vita
423 4877 844 4949 longitudinem
875 4893 888 4929 :
922 4881 1163 4931 sanctus
1193 4886 1385 4930 autem
1412 4878 1758 4933 Ammonius
1780 4885 1833 4933 et
1856 4880 1992 4936 Eva-

284 4969 464 5041 grius,
491 4966 587 5031 qui
616 4981 744 5020 eum
773 4970 1186 5029 convenerunt,
1238 4972 1621 5020 narraverunt
1650 4983 1710 5022 se
1734 4984 1866 5023 eum
1900 4970 1991 5025 in-

284 5054 513 5109 venisse
540 5054 595 5107 in
632 5054 803 5108 talem
839 5053 1170 5124 prolapsum
1204 5054 1607 5125 aegritudinem
1643 5055 1701 5109 in
1735 5057 1879 5126 ipsis
1910 5058 1991 5113 lo-

288 5144 373 5201 cis
404 5143 826 5206 testiculorum,
860 5148 915 5197 et
960 5145 1125 5213 penis
1168 5160 1465 5198 summum
1518 5144 1805 5202 ulcerasse
1846 5164 1983 5203 can-

283 5253 470 5303 crum,
519 5237 620 5306 qui
667 5228 959 5310 φαγέδαινα
1007 5233 1236 5288 dicitur.
1292 5235 1451 5303 Eum,
1526 5235 1778 5303 aiebant,
1830 5238 1987 5293 inve-

283 5328 481 5384 nimus
513 5327 652 5383 dum
687 5342 718 5380 a
750 5322 999 5396 quodam
1034 5324 1257 5379 medico
1282 5329 1600 5381 curaretur.
1628 5329 1693 5379 Et
1717 5328 1987 5384 manibus

281 5417 518 5487 quidem
567 5416 946 5489 cperabatur;
990 5415 1045 5466 et
1078 5411 1279 5483 palmas
1312 5430 1503 5469 ramos
1536 5416 1899 5483 contexebat,
1933 5419 1990 5473 et

278 5505 581 5561 nobiscum
614 5506 786 5562 etiam
820 5501 1170 5575 loquebatur
1205 5518 1216 5555 :
1251 5502 1476 5575 reliquo
1524 5510 1715 5561 autem
1760 5505 1986 5579 corpori

279 5610 520 5650 manum
548 5596 857 5651 adhibebat
890 5591 1219 5664 chirurgus.
1255 5592 1389 5648 Erat
1421 5598 1614 5651 autem
1648 5596 1747 5651 Dei
1778 5597 1983 5665 gratia,

282 5701 347 5741 ea
378 5684 654 5757 praeditus
683 5684 980 5755 patientia,
1026 5687 1085 5739 ut
1116 5683 1357 5755 perinde
1387 5684 1629 5740 affectus
1670 5686 1984 5758 videretur,

287 5792 353 5833 ac
383 5776 434 5833 si
463 5790 674 5847 corpus
700 5773 939 5832 alterius
968 5778 1303 5843 secaretur;
1330 5777 1387 5829 et
1419 5789 1550 5829 cum
1582 5774 1709 5844 ejus
1732 5777 1988 5837 membra

2118 3352 2372 3414 inﬂatus,
2411 3351 2779 3420 magnificam
2814 3352 2885 3406 de
2917 3369 2977 3407 se
3009 3352 3195 3407 induit
3249 3355 3608 3425 opinionem,
3649 3364 3705 3413 et
3730 3376 3822 3413 us-

2117 3458 2229 3511 que
2259 3442 2401 3494 adeo
2440 3440 2628 3494 elatus
2677 3446 2787 3505 est,
2845 3449 2901 3494 ut
2949 3442 3126 3496 etiam
3178 3451 3575 3500 contemneret
3628 3446 3817 3517 ipsam

2114 3531 2622 3585 Sacramentorum
2642 3530 3141 3585 communionem.
3168 3531 3312 3587 Cum
3339 3540 3530 3589 autem
3558 3537 3818 3592 Christus

2114 3620 2397 3675 Dominus
2451 3622 2575 3687 ejus
2627 3626 2781 3675 esset
2831 3620 3127 3687 misertus,
3170 3624 3255 3677 sic
3299 3624 3545 3695 providit
3579 3631 3641 3679 ut
3689 3630 3819 3696 ejus

2113 3708 2526 3763 detrimentum
2560 3710 2670 3763 cito
2723 3710 2882 3765 tieret
2937 3712 3309 3767 manifestum
3362 3713 3646 3769 universas
3693 3716 3821 3772 fra-

2112 3798 2391 3851 ternitati.
2435 3798 2657 3852 Accidit
2697 3806 2761 3853 ut
2803 3800 3034 3870 quidam
3077 3801 3373 3857 venientes
3417 3803 3675 3875 hospites
3724 3807 3818 3861 af-

2115 3889 2321 3942 ferrent
2357 3890 2424 3942 ad
2464 3890 2879 3945 fraternitatem
2914 3890 3152 3946 bellaria
3184 3894 3239 3946 in
3274 3895 3603 3949 ecclesiam.
3640 3897 3815 3953 Porro

2111 3988 2299 4033 autem
2335 3996 2464 4033 cum
2496 3996 2595 4033 eas
2626 3980 2941 4051 accepisset
2980 3987 3219 4037 sanctus
3254 3981 3541 4039 Macarius
3576 3988 3813 4059 presby-

2112 4074 2199 4122 ter
2230 4080 2443 4137 noster,
2480 4071 2636 4124 misit
2667 4072 2734 4125 ad
2773 4088 3249 4143 unumquemque
3276 4074 3331 4128 in
3358 4074 3559 4129 cellam
3587 4077 3817 4133 circiter

2110 4159 2422 4231 pugillum,
2455 4161 2604 4214 inter
2634 4177 2778 4232 quos
2801 4162 2973 4217 etiam
3008 4164 3076 4218 ad
3108 4163 3427 4220 Valentem.
3454 4166 3597 4221 Cum
3622 4173 3815 4223 autem

2108 4251 2427 4320 accepisset
2457 4250 2686 4319 Valens,
2722 4268 2851 4307 cum
2889 4254 2988 4325 qui
3021 4255 3294 4309 attulerat
3324 4257 3683 4312 contumelia
3726 4260 3820 4312 af-

2109 4340 2262 4405 fecit,
2295 4347 2351 4395 et
2382 4342 2719 4408 verberavit,
2750 4349 2807 4398 et
2844 4346 2894 4400 ei
2924 4346 3063 4399 dicit
3097 4361 3111 4399 :
3143 4348 3269 4413 Abi,
3303 4353 3359 4401 et
3392 4349 3487 4403 dic
3520 4349 3812 4405 Macario:

2106 4430 2227 4485 Non
2262 4448 2389 4486 sum
2424 4438 2477 4487 te
2509 4436 2774 4500 deterior,
2811 4440 2874 4488 ut
2904 4440 2963 4489 tu
2999 4435 3070 4489 ad
3108 4452 3195 4491 me
3228 4437 3424 4492 mittas
3456 4438 3808 4495 benedictio-

2108 4538 2227 4577 nes.
2276 4525 2416 4577 Cum
2466 4525 2832 4595 cognovisset
2881 4540 3014 4596 ergo
3061 4537 3300 4581 sanctus
3350 4528 3622 4583 Macarius
3667 4542 3800 4582 eum

2025 4648 2069 4712 Β
2102 4627 2230 4666 esse
2260 4613 2584 4679 seductum,
2628 4614 2873 4669 accessit
2913 4631 3027 4669 uno
3065 4616 3159 4670 die
3202 4622 3396 4686 postea
3444 4616 3506 4669 ad
3536 4630 3665 4669 eum
3700 4630 3799 4669 ex-

2105 4702 2478 4759 hortandum.
2530 4702 2599 4757 Et
2643 4702 2695 4756 ei
2743 4702 2930 4759 dicit:
2978 4703 3216 4773 Valens,
3269 4706 3404 4762 illus
3446 4720 3525 4773 es,
3572 4703 3798 4765 desine.

2104 4791 2402 4862 Deumque
2453 4793 2775 4864 deprecare.
2829 4794 3148 4867 Postquam
3200 4801 3395 4852 autem
3436 4812 3547 4852 non
3590 4794 3811 4852 audivit

2101 4882 2226 4948 ejus
2285 4881 2738 4950 admonitiones,
2793 4885 3029 4939 recessit
3085 4886 3407 4942 admodum
3467 4884 3721 4941 afﬂictus
3749 4889 3808 4943 et

2102 4986 2355 5025 mcerens
2403 4972 2475 5025 ob
2506 4970 2764 5027 Valentis
2806 4973 3061 5028 ruinam.
3106 4974 3251 5031 Cum
3298 4991 3433 5048 ergo
3493 4979 3646 5031 certo
3702 4975 3813 5031 sibi

2101 5061 2488 5131 persuasisset
2543 5067 2789 5129 daemon,
2834 5080 2964 5119 eum
3018 5067 3142 5131 eius
3193 5065 3520 5139 deceptioni
3562 5067 3818 5123 maxime

2102 5150 2273 5205 fidem
2307 5149 2605 5220 habuisse,
2654 5154 2794 5221 abit,
2842 5158 2899 5209 et
2940 5154 3185 5221 figuram
3232 5154 3551 5210 Servatoris
3601 5155 3817 5225 induit,

2099 5244 2152 5293 et
2189 5244 2361 5293 noctu
2405 5240 2615 5295 accidit
2659 5242 2717 5295 in
2752 5242 3179 5313 phantasmate,
3216 5243 3378 5299 mille
3406 5245 3630 5317 angelis
3661 5244 3821 5301 lam-

2100 5331 2279 5401 padas
2310 5332 2669 5396 tenentibus,
2702 5337 2758 5388 et
2789 5342 2973 5389 rotam
3010 5334 3265 5406 igneam,
3292 5336 3349 5390 in
3386 5351 3504 5407 qua
3535 5335 3694 5391 visus
3728 5340 3825 5391 est

2098 5421 2343 5493 figuram
2363 5422 2683 5490 exprimere
2707 5422 3051 5479 Servatoris.
3078 5423 3361 5497 Unusque
3382 5441 3515 5481 eum
3540 5425 3819 5497 praecedit

2098 5516 2155 5565 et
2186 5509 2325 5564 dicit
2360 5526 2373 5564 :
2410 5510 2676 5567 Christus
2707 5510 2909 5568 dilexit
2943 5516 3112 5568 tuum
3136 5514 3500 5581 institutum,
3534 5519 3822 5584 tuamque

2098 5599 2324 5656 vivendi
2356 5599 2686 5658 libertatem
2721 5610 2773 5657 et
2804 5602 3243 5670 confidentiam,
3277 5609 3333 5661 et
3362 5604 3520 5660 venit
3552 5609 3616 5659 ut
3639 5609 3694 5661 te
3720 5604 3813 5660 vi-

2099 5691 2265 5759 deat;
2297 5692 2569 5763 egredere
2588 5708 2724 5764 ergo
2747 5709 2777 5749 e
2829 5693 2993 5760 cella,
3017 5699 3075 5751 et
3097 5695 3245 5752 nihil
3266 5694 3423 5750 aliud
3450 5695 3677 5763 feceris,
3697 5695 3819 5750 nisi

2102 5798 2233 5839 cum
2265 5784 2467 5856 procul
2500 5801 2636 5842 eum
2668 5786 2905 5858 videris,
2938 5789 3331 5858 procumbens
3362 5803 3496 5845 eum
3528 5787 3724 5857 adora,
3761 5794 3825 5847 et
