4076 6280
297 479 452 543 1193

1635 480 2005 541 HISTORIA
2051 482 2461 543 LAUSIACA.

3650 491 3803 551 1094

277 616 589 690 ingredere
620 615 677 669 in
711 622 867 668 tuam
901 611 1126 668 cellam.
1159 615 1439 681 Egressus
1477 628 1615 686 ergo
1647 631 1776 668 cum
1810 614 1997 668 vidis—
2028 626 2075 688 Α
2108 617 2363 670 Accessit
2384 618 2537 671 enim
2570 617 2639 671 ad
2682 615 2909 672 theatra
2966 622 3023 674 et
3056 620 3348 690 equestria
3378 623 3717 689 certamina,
3748 626 3809 680 et

284 696 369 761 set
405 712 751 776 apparatum
814 704 1175 774 iampadum,
1217 705 1447 758 circiter
1494 722 1526 758 a
1567 707 1754 758 stadio
1798 707 1997 775 procul

281 796 708 851 Antichristum
760 793 1036 849 adoravit.
1096 794 1222 849 Alio
1280 795 1475 865 itaque
1541 796 1633 849 die
1697 798 1839 850 adeo
1895 798 1999 852 l‘uit

283 892 476 943 emotae
507 885 740 950 mentis,
778 893 841 939 ut.
892 885 1290 951 ingrederetur
1337 886 1665 948 ecclesiam,
1697 892 1753 939 et
1800 886 1993 940 frater-

286 978 467 1031 nitate
528 980 875 1046 congregata
933 976 1193 1029 diceret:
1261 975 1376 1043 Ege
1428 991 1538 1028 non
1613 974 1792 1028 habeo
1850 990 1995 1044 opus

278 1068 735 1131 communione;
763 1065 1059 1119 Christum
1084 1066 1239 1119 enim
1257 1066 1369 1118 vidi
1402 1066 1592 1119 hodie.
1619 1064 1993 1119 TunePatres

279 1173 414 1212 eum
474 1173 627 1211 anno
698 1170 810 1209 uno
868 1156 1273 1220 vinxerunt,et
1327 1156 1386 1209 in
1441 1157 1653 1209 ferreos
1683 1156 1993 1223 compedes

280 1246 679 1317 conjecerunt,
710 1249 767 1298 et
804 1249 1123 1312 curarunt;
1156 1244 1447 1314 precibus,
1470 1245 1713 1314 ejusque
1736 1250 1993 1298 contem-

283 1337 498 1406 ptione,
533 1337 762 1404 vitaque
800 1337 1119 1390 austeriore
1177 1334 1547 1389 detrahentes
1576 1335 1704 1403 ejus
1749 1350 1992 1404 persua-

286 1426 510 1481 sionem
539 1442 553 1492 ;
588 1441 747 1489 nam,
781 1430 843 1478 ut
901 1423 1133 1490 dicitur,
1181 1425 1474 1479 contraria
1530 1423 1840 1479 contrariis
1870 1439 1989 1479 me-

279 1514 624 1570 dicamentis
656 1518 955 1568 curantur.

350 1604 595 1659 Necesse
625 1609 713 1658 est
778 1608 972 1657 autem
1035 1618 1231 1657 eorum
1283 1619 1514 1673 quoque
1544 1603 1640 1673 qui
1676 1607 1811 1657 sunt
1840 1600 1989 1656 tales

281 1692 454 1747 vitam
490 1694 544 1747 in
580 1693 687 1747 hoc
748 1692 894 1747 libro
951 1695 1224 1757 inserere,
1258 1693 1330 1746 ad
1389 1695 1751 1746 securitatem
1787 1708 1986 1746 eorum

283 1783 383 1853 qui
422 1782 649 1853 legunt:
671 1784 818 1837 sicut
850 1783 1019 1836 etiam
1038 1783 1250 1837 sanctis
1269 1783 1480 1853 plantis
1495 1783 1740 1836 accessit.
1762 1781 1985 1853 lignum

278 1875 557 1943 paradisi,
594 1890 799 1939 nempe
831 1873 1083 1943 cognitio
1113 1874 1247 1927 boni
1278 1885 1329 1927 et
1367 1873 1498 1927 mali
1530 1877 1687 1940 (Gen.
1712 1875 1812 1936 ul;
1845 1883 1909 1925 ut
1938 1871 1987 1925 si

276 1968 509 2032 quando
542 1963 849 2032 contigerit
906 1979 1003 2016 eos
1056 1964 1112 2015 in
1172 1963 1366 2032 aliqua
1398 1979 1457 2016 re
1504 1980 1565 2017 se
1599 1970 1749 2016 recte
1770 1978 1985 2030 gerere,

277 2067 392 2106 non
427 2068 487 2106 se
517 2050 758 2106 efferant
786 2059 843 2105 et.
872 2067 935 2106 se
985 2054 1205 2120 jactent
1257 2055 1328 2105 de
1379 2054 1611 2105 virtute.
1644 2051 1787 2105 Nam
1843 2066 1992 2121 saepe

279 2156 509 2209 quoque
559 2143 743 2195 virtus
774 2142 1025 2195 et'ticitur
1054 2140 1276 2195 occasio
1309 2140 1725 2212 prolapsiOuis,
1761 2142 1995 2210 quando

278 2246 390 2283 non
443 2238 597 2284 recto
656 2246 828 2299 scopo
880 2234 1027 2284 facta
1094 2231 1284 2283 fuerit.
1345 2230 1633 2299 Scriptum
1703 2240 1785 2283 est
1810 2231 1991 2282 enim:

278 2316 399 2369 Vidi
436 2318 655 2382 justum
719 2323 1046 2385 pereuntem
1111 2317 1168 2370 in
1220 2333 1324 2370 sua
1371 2316 1607 2384 justitia
1637 2316 1833 2385 (Eccle.
1871 2316 1991 2385 v11).

286 2403 345 2458 Id
380 2420 607 2474 quoque
635 2411 724 2459 est
746 2406 979 2459 Vanitas.

858 2493 1087 2549 CAPUT
1126 2492 1342 2549 XXXII.

920 2586 989 2639 De
1021 2586 1195 2639 Erone
1225 2585 1350 2653 (74).

349 2676 483 2731 Fuit
512 2673 768 2744 quidam,
816 2674 924 2728 Ero
978 2676 1231 2740 nomine,
1269 2673 1411 2727 mihi
1460 2673 1709 2740 vicinus,
1745 2672 1987 2727 Alexan-

279 2766 486 2820 drinus
536 2780 767 2833 genere,
818 2764 1076 2818 urbanus
1134 2763 1493 2831 adolescens,
1529 2764 1679 2819 bono
1735 2762 1988 2833 ingenio,

283 2856 402 2908 vita
468 2856 749 2908 mundus.
821 2854 927 2918 Qui
994 2853 1119 2923 ipse
1194 2869 1424 2923 quoque
1527 2858 1657 2923 post
1751 2867 1991 2922 magnos

278 2944 509 2997 labores
534 2950 590 2997 et
621 2945 927 3013 praeclaros
956 2944 1313 3009 sudores,ab
1351 2943 1679 3011 arrogantia
1726 2950 1988 3011 arreptus

278 3040 331 3086 et
359 3030 630 3097 elatione,
707 3047 963 3100 praeceps
1021 3034 1158 3096 ruit,
1202 3036 1257 3083 et
1303 3030 1577 3084 adversus
1635 3042 1827 3099 patres
1894 3045 1989 3083 su-

280 3121 499 3192 perbus
530 3122 713 3173 evasit
744 3124 799 3172 et
830 3119 1109 3186 insolens,
1141 3124 1197 3172 et
1230 3134 1361 3171 cum
1416 3119 1530 3170 illis
1565 3117 1792 3171 beatum
1817 3117 1987 3171 etiam

282 3210 584 3279 Evagrium
619 3207 722 3279 [ΑΙ.
784 3208 1094 3262 Macarium
1152 3223 1386 3276 quoque
1445 3205 1868 3276 presbyterum]
1904 3206 1986 3259 af-

282 3301 414 3354 fecit
443 3299 816 3364 contumelia,
851 3297 1049 3351 diceus
1083 3314 1095 3351 :
1130 3297 1236 3360 Qui
1270 3304 1383 3350 tuas
1439 3299 1713 3350 doctrinas
1762 3300 1983 3368 parent,

2109 712 2449 762 versabatur
2501 712 2556 761 in
2607 711 2919 779 cauponis;
2957 710 3001 762 is
3062 719 3255 766 autem
3306 730 3436 768 cum
3471 714 3617 785 gula:
3659 718 3811 769 esset

2107 798 2338 851 deditus
2370 805 2423 852 et
2455 798 2746 862 ebrietati,
2780 798 2981 853 incidit
3013 800 3067 853 in
3093 817 3316 856 cmnum
3355 804 3613 857 lemineaa
3646 804 3809 873 cupi-

2106 887 2337 953 ditatis;
2371 897 2423 940 et
2455 904 2582 941 cum
2649 904 2879 956 peccare
2919 891 3344 957 constituisset,
3386 908 3516 946 cum
3562 897 3812 960 quadam

2109 977 2286 1031 mima
2316 978 2549 1031 assidue
2572 982 2916 1043 collocutus,
2953 980 3119 1032 ulcus
3169 996 3339 1033 suum
3391 983 3632 1051 aperuit.
3666 983 3811 1038 Cum

2106 1062 2227 1119 haec
2258 1066 2340 1119 sic
2375 1069 2596 1131 tierent,
2630 1068 2822 1120 divino
2882 1066 3130 1135 quodam
3192 1068 3432 1122 consilio
3491 1076 3695 1125 enatus
3726 1076 3816 1128 est

2102 1154 2151 1212 ei
2211 1154 2458 1209 antbrax
2518 1155 2575 1209 in
2634 1155 2846 1226 glande
2878 1176 2891 1223 ;
2923 1162 2979 1210 et
3036 1164 3290 1224 tempore
3330 1159 3591 1214 semestri
3625 1176 3813 1229 usque

2104 1247 2245 1301 adeo
2303 1248 2623 1317 mgrotavit,
2684 1251 2748 1301 ut
2802 1247 2925 1315 ejus
2984 1246 3172 1301 virilia
3242 1248 3502 1303 membra
3567 1265 3814 1318 compu-

2101 1335 2375 1401 trucrint,
2422 1342 2477 1391 et
2530 1354 2634 1390 sua
2700 1343 2907 1406 sponte
2983 1337 3313 1392 ceciderint.
3406 1340 3550 1394 Cum
3617 1349 3815 1409 postea

2102 1432 2297 1480 autem
2331 1425 2736 1488 convaluisset,
2771 1441 3032 1479 reversus
3081 1434 3168 1480 est
3225 1428 3291 1481 ad
3358 1425 3467 1482 hoc
3499 1431 3562 1481 ut
3592 1443 3658 1481 ea
3688 1444 3814 1484 seu-

2103 1516 2228 1570 tiret
2294 1532 2419 1585 quae
2474 1514 2575 1569 Dei
2633 1520 2792 1577 sunt,
2842 1522 2895 1568 et
2951 1514 3103 1569 venit
3148 1514 3203 1568 in
3256 1514 3652 1584 solitudinem,
3695 1516 3814 1571 haec

2099 1603 2295 1659 omnia
2326 1604 2610 1657 conﬁtens
2645 1602 2942 1672 patribus;
2976 1609 3034 1655 et
3092 1618 3225 1657 cum
3287 1621 3400 1657 non
3460 1603 3817 1674 pervenisset

2100 1695 2171 1749 ad
2206 1696 2625 1765 operationem,
2660 1695 2862 1764 paucis
2897 1700 3024 1756 post
3054 1695 3260 1750 diebus
3292 1696 3631 1752 obdormiit.

2722 1782 2953 1838 CAPUT
2985 1783 3237 1838 XXXIII.

2571 1874 2641 1927 De
2661 1874 2952 1928 Ptolemmo
2984 1877 3077 1943 qui
3103 1873 3328 1930 excidit.

2171 1962 2335 2016 Alius
2387 1960 2624 2031 quidam
2688 1978 2913 2025 rursus,
2968 1964 3202 2015 nomine
3267 1961 3635 2029 Ptolemzeus,
3686 1981 3815 2020 cum

2109 2062 2345 2106 narratu
2378 2052 2697 2117 ditticilem,
2732 2050 2814 2104 vel
2843 2051 3035 2121 potius
3066 2068 3191 2121 quas
3228 2054 3445 2105 narrari
3478 2070 3590 2107 non
3628 2059 3820 2122 potest

2108 2142 2284 2194 vitam
2323 2144 2722 2203 transegis-et,
2762 2141 2854 2193 hat
2881 2142 3043 2193 itavit
3077 2140 3239 2195 initio
3300 2140 3446 2194 ultra
3502 2146 3723 2197 Scetem
3758 2143 3815 2198 in

2107 2245 2172 2283 ea
2200 2247 2329 2300 quae
2361 2228 2575 2283 dicitur
2611 2224 2842 2297 Κλίμαξ,
2881 2228 2936 2282 id
2969 2235 3057 2281 est
3095 2228 3273 2283 scala.
3307 2229 3405 2283 Est
3435 2240 3626 2284 autem
3659 2232 3819 2285 locus

2105 2321 2201 2389 qui
2238 2322 2321 2372 sic
2356 2321 2567 2372 dieitur
2602 2320 2792 2387 inquo
2828 2334 2991 2371 nemo
3044 2326 3230 2386 potest
3279 2319 3557 2386 habitare,
3594 2326 3820 2391 prOpte-

2104 2426 2201 2462 rea
2236 2408 2389 2478 quod
2426 2415 2626 2473 puteus
2673 2424 2957 2477 aquarum
3009 2410 3178 2462 distet
3219 2408 3416 2462 decem
3451 2417 3507 2463 et
3533 2417 3659 2463 octo
3694 2409 3819 2464 mil-

2104 2497 2364 2551 liaribus.
2387 2497 2530 2551 Cum
2564 2497 2610 2551 is
2651 2514 2787 2567 ergo
2837 2498 3023 2551 multa
3050 2514 3184 2552 vasa
3242 2498 3446 2552 lictilia
3512 2504 3819 2569 portasset,

2101 2592 2157 2642 et
2194 2589 2489 2643 Decembri
2547 2594 2603 2643 et
2652 2587 2924 2642 Januario
2984 2604 3183 2643 mense
3242 2606 3430 2643 rorem
3489 2590 3820 2661 collegisset

2096 2677 2204 2748 (est
2233 2679 2388 2732 enim
2426 2679 2762 2746 permultum
2799 2681 2940 2732 roris
2993 2678 3045 2731 in
3072 2678 3185 2732 illis
3222 2679 3507 2746 partibus)
3530 2684 3586 2733 et
3634 2696 3814 2747 spon-

2099 2766 2195 2837 gia
2224 2784 2291 2821 cx
2322 2767 2609 2834 lapidibus
2640 2769 3040 2836 expressisset,
3072 2767 3327 2833 perstitit
3377 2768 3494 2822 illic
3544 2767 3817 2825 habitans

2099 2873 2283 2911 annos
2342 2855 2702 2925 quindecim.
2763 2856 2868 2919 Qui
2931 2854 3293 2910 abalienatus
3355 2873 3388 2911 a
3446 2856 3708 2912 doctrina
3763 2854 3821 2912 et

2099 2948 2509 3015 congressione
2574 2946 2824 2999 virorum
2913 2953 3241 3000 sanctorum
3327 2955 3373 3000 et
3448 2947 3698 3001 utilitate
3764 2952 3821 3002 et

2098 3038 2377 3091 continua
2473 3040 2971 3088 saeramentorum
3055 3034 3490 3101 communione,
3560 3052 3592 3089 a
3666 3043 3820 3089 recta

2097 3128 2189 3178 via
2222 3140 2408 3193 usque
2461 3125 2598 3176 adeo
2652 3124 2911 3189 recessit,
2967 3130 3031 3175 ut
3078 3124 3225 3191 quod
3288 3123 3547 3176 nonnulli
3616 3125 3818 3178 dicunt

2098 3211 2283 3281 impii,
2317 3228 2453 3264 casu
2496 3211 2694 3265 omnia
2749 3209 2894 3272 fieri,
2929 3210 2975 3262 is
3025 3226 3258 3280 quoque
3309 3211 3507 3265 intelix
3569 3211 3620 3264 id
3680 3211 3818 3265 fate-

2098 3306 2279 3363 retur,
2310 3304 2565 3351 daemone
2623 3298 2835 3351 erroris
2866 3297 3139 3365 deinceps
3190 3299 3246 3351 in
3306 3315 3439 3353 eum
3518 3300 3819 3355 obtinente

283 3388 684 3457 decipiuntur;
713 3404 824 3440 non
859 3391 1086 3455 oportet
1117 3386 1274 3439 enim
1309 3385 1455 3439 alios
1480 3386 1791 3454 magistros
1813 3392 1988 3439 atten-
2018 3372 2068 3437 Ca
2099 3388 2429 3456 imperium.
2465 3386 2566 3440 Hic
2624 3388 2778 3439 enim
2850 3386 3118 3440 inimicus
3178 3403 3323 3441 vano
3402 3388 3533 3442 huic
3593 3389 3812 3443 homini

276 3478 410 3532 dere
444 3484 648 3546 praeter
677 3475 992 3530 Christum.
1024 3478 1254 3530 Abusus
1301 3480 1389 3529 est
1435 3486 1622 3528 autem
1658 3475 1983 3530 testimonio

277 3583 507 3637 quoque
538 3568 605 3619 ad
644 3583 971 3636 perversum
1003 3582 1242 3636 scopum
1276 3582 1395 3619 sum
1436 3565 1719 3630 stultitim,
1756 3566 1982 3620 dicens:

277 3656 358 3711 Ne
386 3658 724 3711 v0caveritis
767 3657 1111 3727 magistrum
1136 3672 1311 3726 super
1342 3663 1548 3710 terram
1585 3655 1797 3726 (Matth.
1832 3655 1981 3725 xxv).

281 3748 385 3811 Qui
420 3747 546 3817 ipse
576 3763 806 3818 quoque
838 3753 1083 3801 mentem
1119 3745 1259 3800 adeo
1299 3746 1501 3799 habuit
1545 3747 1981 3800 obteuebratam

274 3852 420 3890 Vana
456 3838 825 3907 persuasione
855 3853 973 3889 suae
1004 3836 1396 3902 opinionis,ut
1425 3834 1597 3889 fuerit
1644 3836 1818 3890 etiam
1873 3838 1982 3891 t'er-

276 3940 337 3979 ro
394 3926 621 3978 vinctus
678 3941 806 3978 cum
868 3924 1047 3978 nollet
1104 3924 1409 3977 convenire
1468 3925 1537 3976 ad
1593 3935 1976 3979 sacramenta.

275 4013 477 4067 Amica
510 4019 701 4065 autem
736 4013 964 4065 veritas.
989 4012 1112 4065 Fuit
1144 4012 1194 4065 is
1215 4012 1337 4064 vita:
1374 4012 1643 4065 instituto
1668 4016 1981 4066 admodum

274 4102 474 4158 subtili
509 4109 565 4154 et
587 4107 876 4169 accurato,
918 4106 1058 4154 adeo
1079 4110 1135 4154 ut
1168 4100 1333 4153 multi
1365 4101 1576 4167 dicant,
1611 4104 1822 4171 quibus
1845 4118 1978 4155 cum

275 4208 341 4247 eo
376 4190 705 4245 intercessit
761 4189 1141 4257 consuetudo,
1174 4192 1327 4260 quod
1378 4207 1525 4261 saepe
1567 4208 1676 4244 non
1712 4192 1824 4244 nisi
1854 4197 1982 4261 post

270 4287 386 4337 tres
420 4298 646 4336 menses
686 4281 1045 4347 comedebat,
1074 4287 1381 4335 contentus
1441 4282 1848 4336 communione
1879 4299 1981 4335 sa-

276 4378 732 4439 cramentorum,
764 4377 821 4425 et
868 4371 1056 4426 sicubi
1086 4372 1134 4425 ei
1162 4372 1529 4442 apparuisset
1575 4372 1700 4425 olus
1729 4382 1977 4442 agreste.

271 4464 472 4532 Accepi
530 4473 720 4517 autem
782 4478 887 4533 ego
935 4476 1167 4531 quoque
1214 4460 1340 4530 ejus
1390 4461 1800 4531 experientiam
1845 4478 1972 4515 cuin

264 4552 432 4607 beato
458 4553 685 4619 Albino,
719 4567 851 4607 cum
904 4552 1045 4605 irem
1106 4550 1164 4604 in
1216 4550 1439 4605 Scetem
1477 4566 1489 4604 :
1523 4551 1723 4604 aberat
1780 4557 1975 4605 autem

263 4641 427 4697 Scete
458 4660 491 4696 τι
523 4643 688 4696 nobis
720 4641 1098 4711 quadraginta
1119 4639 1567 4695 milliaribus.In
1602 4640 1693 4693 bis
1725 4642 1975 4709 quadra-

2093 3478 2401 3548 suggessit,
2438 3483 2498 3530 ut
2530 3476 2745 3530 diceret
2805 3493 2895 3530 res
2947 3475 3161 3530 nullam
3228 3477 3437 3531 habere
3469 3479 3819 3546 essentiam;

2092 3569 2191 3623 sed
2249 3568 2486 3621 omnino
2545 3582 2675 3620 esse
2723 3567 2920 3619 omnia
2979 3582 3047 3619 ex
3105 3582 3170 3619 eo
3216 3567 3362 3634 quod
3416 3570 3667 3621 mundus
3704 3570 3817 3622 fer-

2094 3664 2251 3710 retur
2309 3674 2413 3709 sua
2469 3662 2692 3725 sponte.
2754 3653 2814 3707 In
2854 3654 3026 3722 hujus
3083 3672 3215 3722 ergo
3248 3672 3501 3709 animam
3556 3657 3816 3711 haecim-

2092 3747 2252 3800 misnt
2308 3744 2571 3799 omnium
2635 3745 2762 3797 VlltB
2824 3744 3029 3807 hostis,
3081 3744 3359 3800 dicendo:
3396 3747 3539 3800 Cum
3601 3763 3690 3799 res
3735 3749 3814 3800 ita

2091 3852 2151 3889 se
2210 3835 2479 3897 habeant,
2542 3832 2679 3901 quid
2753 3832 2967 3885 frusura
3030 3841 3281 3901 teipsum
3345 3836 3482 3887 foris
3555 3834 3814 3889 domas?

2091 3922 2371 3988 Quidnam
2427 3929 2478 3973 te
2537 3920 2788 3988 juvabit,
2825 3919 3146 3985 Ptolemaee,
3190 3922 3237 3973 si
3306 3939 3419 3974 non
3478 3923 3555 3975 sit
3614 3940 3811 3976 remu-

2088 4010 2655 4070 neratio?Qu:enam
2719 4015 2911 4061 autem
2976 4010 3079 4061 tibi
3139 4010 3428 4064 sut'ticeret
3477 4026 3695 4065 merces
3726 4016 3812 4067 tot

2090 4105 2147 4152 et
2189 4104 2482 4151 tantorum
2538 4097 2826 4163 laborum,
2862 4096 3086 4150 etiamsi
3148 4104 3305 4151 esset
3353 4098 3449 4167 qui
3498 4099 3812 4154 redderet?

2088 4188 2388 4251 Quodnam
2426 4194 2615 4241 autem
2670 4193 2757 4239 est
2816 4188 3105 4253 judicium
3141 4188 3289 4254 quod
3326 4192 3623 4241 minantur
3652 4187 3808 4241 Scri-

2090 4278 2351 4349 pturae,si
2387 4276 2543 4330 nulla
2573 4278 2649 4329 sit
2683 4276 3030 4347 providentia
3054 4273 3082 4328 ‘l?
3108 4277 3205 4328 llis
3237 4277 3513 4330 satanicis
3561 4276 3807 4331 cireum-

2088 4379 2289 4438 septus
2309 4366 2757 4436 cogitationibus
2802 4366 3167 4419 miserrimus
3203 4364 3568 4425 Ptolemaeus,
3602 4366 3811 4420 dicitur

2086 4473 2211 4511 esse
2236 4467 2443 4509 emota:
2498 4458 2737 4519 mentis,
2772 4454 3149 4523 ethucusque
3188 4471 3379 4509 errare
3426 4456 3485 4508 in
3545 4455 3809 4525 [Eygptoi

2087 4552 2143 4601 et.
2173 4548 2429 4613 seipsum
2464 4545 2759 4597 dedidisse
2790 4548 2937 4614 gula;
2987 4550 3042 4598 et
3089 4545 3379 4604 ebrietati,
3404 4562 3536 4598 cum
3574 4544 3803 4599 nemine

2086 4649 2456 4698 conversans,
2493 4632 2592 4685 sed
2632 4637 2824 4685 mutus
2850 4632 3627 4695 t'orumobiens,miserabile
3652 4639 3707 4685 et
3730 4632 3806 4687 la-

261 4733 425 4802 ginta
485 4730 834 4784 milliaribus
886 4747 987 4784 nos
1021 4730 1109 4784 bis
1155 4730 1538 4792 comedimus,
1568 4736 1618 4783 ei
1655 4736 1736 4783 ter
1765 4746 1974 4800 aquam
2011 4745 2055 4809 Ι)
2089 4724 2403 4794 crymabile
2458 4724 2852 4792 spectaculum
2900 4722 3363 4776 Christianorum
3406 4720 3606 4787 oculis,
3649 4720 3801 4775 ludi-

260 4819 563 4883 bibimus;
597 4818 691 4871 ille
715 4835 847 4872 vero
878 4834 1010 4872 cum
1053 4818 1193 4871 nihil
1232 4825 1525 4888 gustasset
1575 4820 1744 4889 pedes
1789 4819 1973 4888 ingre-

261 4910 454 4976 diens,
491 4908 875 4978 pronuntiavit
921 4908 1258 4963 memoriter
1309 4911 1637 4980 quindecim
1688 4910 1976 4980 psalmus,

260 4998 470 5053 deinde
525 5014 799 5068 magnum
838 4999 1153 5068 psalmum,
1185 5001 1388 5053 deinde
1419 5000 1722 5070 epistolam
1766 5000 1833 5053 ad
1870 5004 1978 5053 He-

254 5090 465 5151 braeos,
497 5087 701 5141 deinde
736 5087 963 5151 Isaiam,
991 5093 1045 5142 et
1079 5096 1295 5157 partem
1326 5092 1793 5159 prOpheticorum
1818 5088 1978 5143 Jerc-

260 5181 411 5239 mite,
445 5178 653 5231 deinde
689 5177 899 5230 Lucam
936 5178 1606 5247 Evangelistam,deinde
1641 5180 1975 5233 Proverbia.

261 5267 405 5321 Eum
434 5276 625 5321 autem
653 5265 1047 5319 ainbulantem
1087 5283 1195 5319 non
1233 5274 1570 5335 poteramus
1597 5270 1896 5337 consequi.
1922 5268 1976 5322 Is

263 5365 557 5426 postremo
588 5366 845 5425 arreptus
878 5376 904 5407 a
939 5354 1072 5407 mali
1100 5354 1383 5408 daemonis
1405 5357 1759 5425 operatione,
1784 5364 1847 5409 ut
1878 5356 1975 5426 qui

262 5453 532 5515 ageretur
561 5447 631 5499 ab
652 5446 780 5514 igne
802 5444 1403 5508 vehetnentissimo,in
1439 5462 1544 5497 sua
1577 5446 1807 5512 quidem
1835 5445 1978 5499 cella

263 5533 463 5588 sedere
494 5551 607 5588 non
655 5540 915 5604 poterat:
955 5534 1243 5601 profectus
1292 5540 1485 5587 autem
1546 5533 1976 5601 Alexandriam,

259 5624 458 5677 divino
527 5625 781 5692 quodam
854 5623 1099 5676 consilio
1182 5621 1404 5676 clavum
1486 5622 1644 5676 clavo
1712 5624 1974 5680 extrusit.

260 5718 375 5769 Sua
405 5714 613 5784 Sponte
645 5714 798 5767 enim
827 5713 1025 5767 incidit
1058 5713 1114 5766 in
1148 5712 1541 5783 promiscuum
1568 5723 1623 5767 et
1647 5713 1970 5768 inditi‘eren.

262 5802 381 5863 tem
415 5820 607 5861 rerum
641 5821 831 5875 usum,
856 5804 1090 5861 inventa
1113 5810 1313 5875 postea
1346 5804 1536 5860 salute
1566 5804 1975 5862 involuntaria.

2089 4816 2283 4869 brium
2319 4818 2511 4867 autem
2549 4812 2621 4866 iis
2675 4817 2771 4882 qui
2812 4812 2986 4865 vitam
3035 4822 3284 4865 nostram
3337 4811 3623 4864 nesciunt.
3676 4809 3804 4864 Haec

2094 4912 2286 4960 autem
2322 4904 2623 4957 Calamitas
2658 4902 3105 4955 immedicabilis
3142 4902 3419 4955 miserum
3444 4900 3656 4954 invasit
3677 4901 3805 4954 Pto-

2088 4996 2374 5058 lemazum,
2407 5011 2473 5048 ex
2529 4994 2771 5048 rationis
2826 5001 3056 5062 experte
3120 4992 3370 5061 quadam
3446 4995 3801 5061 arrogantia,

2087 5086 2637 5155 quodascductore
2696 5085 2953 5138 daemone
3020 5083 3248 5147 illusus,
3309 5084 3665 5137 existimaret
3738 5096 3801 5136 se

2086 5174 2329 5230 scientia
2374 5174 2585 5242 pollere
2644 5190 2817 5240 snpcr
2879 5189 3080 5225 omnes
3111 5182 3343 5225 sanctos
3404 5171 3627 5225 Pratres
3662 5186 3801 5237 :per

2088 5284 2259 5335 quain
2296 5265 2554 5326 inflatus,
2579 5264 2670 5316 sui
2722 5264 2907 5332 ipsius
2952 5264 3153 5330 hostis,
3196 5279 3445 5333 praeceps
3506 5266 3672 5312 datus
3706 5264 3798 5311 est

2090 5360 2147 5411 in
2187 5357 2537 5426 prolundum
2565 5356 3010 5420 interitus,cum
3048 5356 3270 5409 nullum
3308 5368 3562 5421 unquam
3598 5364 3801 5402 conve-

2090 5445 2285 5499 nisset
2315 5463 2375 5498 ex
2408 5449 2627 5498 sanctis
2658 5443 2924 5497 Patribus
2969 5445 3064 5513 qui
3117 5444 3406 5511 sapienter
3436 5441 3800 5507 gubernave-

2090 5547 2232 5595 rant,
2270 5552 2369 5589 nec
2415 5552 2621 5589 eorum
2668 5536 2837 5588 fuerit
2886 5537 3161 5587 fundatus
3225 5526 3462 5597 spirit-ll
3497 5525 3799 5593 doetrina;

2087 5626 2192 5681 sed
2230 5628 2496 5681 inventus
2519 5631 2737 5696 alisque
2769 5629 3172 5694 gubernatore,
3201 5622 3256 5672 in
3290 5626 3613 5672 extremum
3654 5634 3803 5670 mor-

2088 5719 2162 5773 tis
2198 5720 2546 5788 profundum
2590 5717 2819 5784 cemdit,
2853 5723 2909 5768 et
2940 5714 3087 5767 sicut
3123 5712 3293 5763 arbor
3332 5710 3613 5763 viridibus
3648 5705 3798 5759 foliis

2090 5818 2415 5880 comata,et
2435 5809 2720 5866 fructibus
2740 5814 2965 5871 ornata,
2999 5818 3125 5873 qua
3186 5816 3301 5857 uno
3340 5798 3619 5873 temporis
3677 5808 3800 5850 m0-
