4076 6280
382 487 533 545 lti9‘)‘

1945 480 2319 540 PALI.Al.lll

3760 485 3940 545 1096

371 624 566 677 mento
597 619 873 674 omnibus
906 618 1079 671 simul
1114 622 1200 671 est
1250 618 1486 679 nudata,
1524 618 1746 670 reddita
1774 622 1863 671 est
1892 618 2076 671 arida.
2113 618 2159 680 Α
2197 616 2283 668 fer
2313 615 2700 682 ali‘ectionom,
2734 620 2799 669 ut
2852 628 3048 669 earum
3099 629 3295 669 curam
3329 629 3525 685 geram
3557 623 3616 671 ut
3650 618 3943 687 postulat

370 710 515 766 Nam
548 716 612 764 ut
641 708 919 779 scriptum
954 715 1075 761 est:
1111 707 1329 773 Quibus
1364 723 1476 762 non
1510 712 1598 762 est
1647 708 2005 777 gubernatio,
2038 706 2077 760 ii

370 801 589 855 cadunt
622 806 684 856 ut
713 798 840 855 folia
865 799 1051 868 (Prov.
1087 797 1184 863 χι).

970 887 1203 943 CAPUT
1255 886 1472 944 XXXV.

959 978 1030 1032 De
1060 979 1278 1049 virgine
1316 980 1487 1045 lapsu.

432 1067 572 1124 Novi
606 1084 805 1123 rursus
837 1069 1150 1138 quamdam
1184 1068 1466 1138 virginem
1513 1067 1912 1139 Jerosolymis,
1948 1084 2071 1137 quae

360 1174 591 1215 saccum
667 1158 913 1229 gestavit
993 1158 1286 1221 sexennio,
1351 1163 1406 1211 et
1484 1158 1591 1211 fuit
1643 1157 1907 1223 inclusa;
1970 1173 2071 1213 nec

358 1246 577 1317 aliquid
636 1246 856 1316 accepit
900 1261 967 1299 ex
1018 1246 1087 1299 iis
1148 1261 1275 1314 quae
1306 1247 1549 1301 tendunt
1589 1247 1657 1300 ad
1695 1246 2069 1315 voluptatem,

354 1335 455 1389 sed
497 1350 792 1389 summam
844 1334 1263 1388 continentiam
1296 1335 1550 1389 exercuit
1602 1335 1755 1388 inter
1796 1335 2066 1389 feminas.

357 1424 558 1479 Postea
589 1429 780 1477 autem
815 1439 848 1476 a
879 1422 1072 1476 divino
1122 1423 1352 1477 deserta
1411 1422 1622 1478 auxilio
1653 1432 1885 1495 propter
1908 1439 2065 1477 sum-

355 1529 507 1567 mam
542 1512 876 1581 superbiam
936 1528 1060 1580 quae
1112 1512 1392 1567 malorum
1418 1512 1674 1567 omnium
1708 1518 1795 1567 est
1845 1513 2060 1572 nutrix,

351 1603 511 1674 lapsa
538 1608 646 1667 est,
678 1613 730 1657 et
762 1607 957 1671 aperta
1008 1601 1262 1656 fenestra
1320 1602 1558 1657 admisit
1596 1618 1728 1656 eum
1764 1602 1862 1669 qui
1896 1603 1945 1657 ei
1978 1602 2065 1656 in-

351 1694 657 1759 serviebat,
691 1698 744 1747 et
797 1708 928 1746 cum
990 1709 1055 1747 eo
1117 1692 1222 1746 fuit
1279 1694 1627 1760 commixta;
1661 1710 1725 1749 eo
1757 1694 1907 1763 quod
1948 1709 2059 1748 non

350 1783 545 1837 divino
578 1783 873 1853 proposito
904 1790 958 1837 et
1007 1797 1074 1836 ex
1113 1781 1392 1837 charitate
1450 1800 1512 1837 se
1570 1789 1924 1849 exercuerat,
1959 1782 2057 1836 sed

352 1878 416 1928 ut
447 1873 715 1927 humanae
772 1888 957 1926 scenae
1016 1873 1249 1939 servire,
1283 1871 1435 1942 quod
1490 1873 1723 1943 quidem
1773 1882 1858 1927 est
1898 1888 2056 1926 vanae

350 1962 545 2033 glorias
575 1967 629 2016 et
658 1962 811 2031 pravi
849 1962 1119 2016 instituti.
1154 1962 1294 2017 Nam
1341 1979 1473 2017 cum
1517 1965 1646 2031 ejus
1699 1963 1802 2033 pia
1834 1964 2054 2033 cogita-
2089 1992 2133 2055 Β

348 2053 534 2108 tiones
556 2056 1053 2120 occupatteessent
1103 2050 1161 2105 in
1212 2052 1560 2106 damnandis
1614 2052 2056 2117 aliis,incitare-

348 2146 443 2197 tur
474 2148 666 2196 autem
720 2143 906 2196 furore
943 2159 973 2194 a
1022 2142 1281 2195 daemone
1340 2143 1642 2211 superbiae,
1678 2158 1857 2211 eoque
1892 2144 2056 2196 valde

346 2230 742 2295 delectaretur,
774 2234 846 2285 ab
888 2246 954 2285 ea
1002 2231 1240 2285 recessit
1279 2244 1515 2285 sanctus
1574 2230 1815 2303 angelus
1858 2240 2054 2286 custos

348 2327 461 2375 tem
474 2320 767 2389 perantia.

414 2409 545 2465 Ideo
577 2416 772 2465 autem
832 2409 1191 2481 scripsimus,
1220 2427 1251 2466 ο
1309 2411 1560 2467 virorum
1608 2411 1966 2475 fidelissime,
1999 2414 2055 2465 et

340 2499 518 2554 vitam
550 2516 748 2555 eorum
782 2501 878 2570 qui
907 2518 968 2555 se
1001 2508 1151 2555 recte
1174 2507 1229 2555 et
1259 2519 1325 2556 ex
1381 2503 1587 2557 virtute
1640 2508 1967 2571 gesserunt,
1996 2504 2055 2556 et

339 2603 537 2642 eorum
573 2589 668 2658 qui
708 2596 835 2657 post
867 2589 1077 2643 mullos
1108 2590 1333 2644 labores
1368 2609 1465 2661 per
1522 2593 1703 2645 otium
1764 2597 1819 2644 et
1851 2608 2052 2644 socor-

340 2677 491 2731 diam
526 2694 559 2732 θ.
588 2694 821 2732 summo
854 2685 909 2732 et
943 2681 1360 2747 perfectissimo
1393 2682 1519 2735 vitae
1542 2682 1806 2733 instituto
1831 2680 2056 2735 excide-

339 2770 492 2829 runt,
527 2770 675 2835 capti
710 2784 742 2820 a
774 2768 1003 2820 diabolo
1042 2785 1213 2821 omne
1262 2786 1445 2839 genus
1508 2771 1747 2839 laqueis,
1778 2776 1842 2823 ut
1876 2786 2055 2823 unus-

335 2856 586 2925 quisque
617 2873 683 2911 ex
709 2872 826 2911 suae
856 2858 980 2910 vitae
1023 2856 1285 2911 instituto
1345 2858 1674 2923 intelligens
1706 2859 1930 2913 occulta
1967 2876 2053 2913 re-

334 2943 415 2998 tia
449 2946 630 3000 bostis
674 2946 979 3011 bonorum,
1016 2947 1201 3017 fugiat
1258 2948 1383 3016 ejus
1432 2948 1682 3018 laqueos.
1744 2949 1885 3003 Cum
1936 2950 2054 3004 sint

333 3049 468 3104 ergo
488 3035 674 3101 multi,
699 3036 851 3105 iique
871 3036 1062 3102 magni
1099 3037 1202 3090 viri
1235 3043 1289 3090 et
1323 3038 1615 3102 mulieres,
1650 3039 1745 3109 qui
1782 3041 1854 3091 ab
1885 3039 2051 3092 initio

339 3142 401 3180 se
434 3132 583 3182 recte
603 3136 914 3199 gesserunt
944 3128 1003 3182 in
1052 3128 1293 3184 honesto
1315 3130 1580 3183 instituto
1601 3130 2049 3196 exercitationis,

333 3216 563 3270 tandem
599 3226 794 3271 autem
860 3219 1088 3272 fuerunt
1140 3221 1323 3273 eversi
1378 3219 1655 3273 radicitus
1690 3220 1761 3274 ab
1793 3220 2048 3273 omnium

328 3302 634 3359 hominum
671 3306 998 3361 adversario
1026 3324 1038 3374 ;
1065 3325 1129 3361 ex
1163 3309 1361 3362 multis
1394 3310 1541 3363 facta
1575 3309 1865 3363 mentione
1902 3326 2046 3379 pau-

326 3406 552 3455 corum,
586 3394 864 3461 plurimos
900 3398 1199 3463 praeteribo
1232 3399 1485 3463 silentio,
1512 3406 1574 3451 ut
1605 3399 1699 3468 qui
1738 3414 1922 3469 neque
1954 3400 2043 3469 ip-

331 3496 427 3534 sos
456 3481 700 3547 erigam,
736 3499 923 3552 neque
958 3485 1097 3537 mihi
1127 3486 1368 3552 prosim,
1400 3489 1536 3539 dum
1589 3488 1646 3539 in
1684 3487 1754 3541 iis
1790 3487 2042 3542 multum

330 3569 633 3631 itnmoror,
668 3574 725 3620 et
780 3571 1023 3622 eximios
1081 3571 1293 3625 Christi
1352 3575 1604 3627 athletas
1655 3575 1900 3646 neglige,
1932 3594 2043 3633 non

332 3672 579 3709 narrans
607 3655 848 3711 virtutes
878 3656 1090 3711 divinze
1112 3676 1308 3713 eorum
1344 3663 1791 3717 exercitationis.

939 3746 1167 3804 CAPUT
1206 3749 1433 3805 XXXV.

912 3838 1028 3893 Vita
1057 3840 1273 3895 abbatis
1314 3842 1477 3897 Elia.

403 3925 558 3981 Elias
590 3925 828 3995 quidam
890 3931 1141 3998 Optimus
1208 3931 1576 3996 exercitator,
1613 3932 1719 3987 fuit
1752 3933 2042 4006 virginum

331 4016 992 4084 amantissimus,curam
1028 4036 1232 4089 gerens
1266 4022 1867 4090 partisimbecillioris.
1897 4028 2047 4080 Sunt

327 4106 483 4160 enim
540 4104 684 4161 tales
742 4108 970 4170 animae,
1005 4110 1220 4178 quibus
1282 4111 1386 4163 fert
1434 4110 1566 4165 finis
1617 4116 2042 4177 testimonium,

331 4197 480 4265 quod
515 4195 568 4249 id
606 4196 816 4250 faciant
843 4214 908 4251 ex
947 4198 1183 4252 virtute.
1220 4199 1271 4253 Is
1304 4216 1436 4254 cum
1474 4203 1742 4257 misertus
1771 4211 1921 4259 esset
1950 4224 2045 4260 or-

328 4285 482 4338 dinis
517 4285 851 4340 feminarum
877 4304 1004 4358 qum
1038 4305 1100 4342 se
1147 4296 1431 4357 exercent,
1468 4292 1701 4346 haberet
1732 4302 1923 4349 autem
1961 4298 2045 4351 fa-

330 4370 576 4426 cultates
620 4374 679 4426 in
728 4374 966 4429 Athribe
997 4375 1129 4442 [Αι.,
1168 4378 1425 4451 Athlebe]
1457 4378 1707 4445 civitate,
1742 4383 2044 4439 aediﬁcavit

327 4475 601 4513 magnum
667 4465 1189 4529 monasterium,et
1239 4467 1353 4520 illic
1410 4472 1779 4541 congregavit
1838 4489 2041 4529 omnes

325 4564 450 4618 quo:
483 4550 758 4603 errabant
808 4551 1079 4621 virgines,
1114 4564 1535 4625 consequenter
1592 4576 1787 4614 earum
1834 4563 1887 4615 in
1923 4581 2043 4618 om-

322 4640 500 4693 nibus
532 4655 730 4695 curam
766 4657 996 4711 gerens,
1026 4646 1407 4712 suppeditans
1467 4648 1550 4701 eis
1582 4650 1777 4703 omnia
1810 4667 1935 4721 quae
1968 4654 2035 4706 ad

319 4745 486 4783 usum
535 4731 826 4799 pertinent
885 4734 1301 4789 necessarium:
1358 4735 1573 4801 hortos,
1600 4744 1654 4792 et
1712 4742 1781 4794 ad
1832 4758 2033 4797 eorum
2069 4742 2113 4806 Ι)

314 4819 610 4875 culturam
667 4821 1061 4879 instrumenta
1118 4825 1251 4895 (75),
1287 4832 1457 4896 atque
1517 4838 1573 4883 ut
1606 4832 1782 4885 semel
1818 4833 2033 4916 dicam,

314 4907 513 4961 omnia
545 4925 670 4978 quas
703 4914 956 4980 postulat
991 4915 1108 4968 vita
1157 4917 1606 4971 exercitationis.
1629 4918 1718 4973 Eae
1742 4932 1932 4978 autem
1964 4907 2032 4980 ei

312 4994 553 5049 diversis
582 4997 711 5050 vitae
754 5000 1035 5057 institutis
1078 5014 1130 5057 et
1163 5005 1383 5075 privata
1412 5008 1669 5063 deducta:
1710 5020 2029 5069 consuetu-

306 5084 464 5149 dine,
490 5084 645 5139 inter
676 5103 736 5140 se
769 5090 1180 5161 depugnabant
1240 5095 1495 5152 assidue.
1531 5098 1671 5153 Cum
1706 5116 1838 5171 ergo
1867 5121 2027 5175 opor-

304 5179 450 5230 teret
481 5174 639 5229 hunc
671 5182 935 5232 sanctum
965 5186 1020 5234 et
1052 5199 1149 5237 eas
1184 5188 1401 5253 audire,
1436 5193 1491 5239 et
1557 5190 1785 5245 efficere
1826 5174 2024 5264 utipa-

300 5281 424 5320 cem
460 5267 609 5321 inter
638 5282 700 5321 se
722 5277 1041 5336 servarent,
1078 5272 1381 5335 collegerat
1420 5278 1574 5331 enim
1610 5283 1676 5331 ad
1713 5288 2018 5353 trecentas,

298 5359 355 5408 et
384 5372 623 5410 necesse
655 5355 703 5411 ei
743 5357 930 5411 fuerat
963 5373 1090 5411 esse
1150 5377 1346 5415 earum
1381 5365 1728 5422 intercessor
1763 5371 2015 5442 biennio,

296 5442 430 5497 licet
491 5453 654 5501 etate
700 5448 940 5518 juveni;
977 5454 1099 5502 erat
1155 5452 1309 5505 enim
1361 5454 1590 5510 circiter
1641 5460 1881 5527 triginta
1919 5469 2019 5516 aut

298 5534 681 5603 quadraginta
699 5556 883 5592 annos
911 5544 1101 5601 natus,
1129 5538 1176 5591 is
1204 5544 1461 5597 tentatus
1497 5548 1601 5599 fuit
1639 5567 1668 5601 a
1699 5550 2012 5621 voluptate-

293 5624 339 5675 A
374 5628 723 5679 monasterio
768 5636 964 5682 autem
1022 5630 1291 5683 recedens
1328 5634 1587 5704 jejunus,
1639 5642 1868 5693 errabat
1916 5659 2016 5711 per

295 5710 669 5767 solitudinem
703 5717 850 5770 duos
896 5719 1040 5787 dies,
1079 5720 1183 5773 hoc
1236 5737 1470 5792 rogans,
1505 5732 1561 5777 et
1618 5728 1817 5782 dicens
1852 5745 1864 5783 :
1901 5710 2012 5787 Aut

296 5800 493 5854 occide
518 5818 631 5869 me,
664 5820 734 5862 ne
764 5806 923 5878 ipsas
963 5810 1182 5867 videam
1216 5810 1504 5882 atﬂtctus;
1541 5821 1641 5870 aut
1690 5833 1879 5875 meam
1912 5838 2011 5877 au-

2191 706 2355 760 ratio.
2384 705 2525 759 Cum
2564 705 2768 758 fuisset
2791 721 2927 775 ergo
2948 721 3200 773 vespera,
3224 721 3357 760 eum
3387 722 3638 761 somnus
3669 725 3939 779 oppres-

2189 794 2260 848 sit
2285 794 2340 847 in
2376 793 2713 848 solitudine.
2748 792 3054 849 Venientes
3081 801 3275 849 autem
3328 795 3397 848 ad
3460 812 3592 850 eum
3655 803 3779 852 tres
3812 816 3938 854 an-

2188 884 2322 957 geli,
2353 892 2418 939 ut
2452 887 2572 956 ipse
2632 885 2774 941 mibi
2825 886 3097 951 narravit,
3129 901 3264 940 eum
3324 888 3662 950 retinentes.
3718 888 3772 942 ei
3823 889 3932 943 di-

2186 982 2363 1028 cunt:
2398 977 2513 1030 Cur
2558 976 2746 1029 exiisti
2808 990 2877 1031 ex
2929 976 3282 1029 monasterio
3330 975 3732 1030 feminarum?
3768 976 3927 1034 Rem

2184 1062 2382 1134 itaque
2422 1064 2505 1117 eis
2540 1067 2811 1130 narravit,
2842 1064 3041 1118 dicens
3076 1080 3089 1117 :
3123 1063 3313 1117 Timui
3367 1079 3437 1119 ne
3483 1071 3543 1118 et
3566 1064 3694 1120 illas
3730 1065 3927 1122 lede-

2184 1169 2304 1206 rem
2333 1158 2388 1208 et
2438 1154 2746 1223 meipsum.
2786 1155 2993 1209 Dicunt
3039 1156 3089 1209 ei
3146 1154 3378 1223 angeli:
3413 1156 3470 1211 Si
3503 1161 3559 1211 te
3593 1173 3727 1227 ergo
3758 1157 3929 1215 libe-

2182 1243 2501 1298 raverimus
2541 1244 2611 1298 ab
2664 1245 2767 1299 hac
2816 1244 3135 1314 affectione,
3171 1244 3409 1306 redibis,
3452 1251 3508 1300 et
3550 1263 3752 1304 earum
3794 1265 3917 1307 cu-

2187 1348 2309 1387 ram
2334 1348 2492 1402 geres
2513 1334 2542 1387 ?
2574 1332 2673 1387 His
2740 1350 3009 1389 assensus
3049 1339 3158 1389 est.
3185 1335 3270 1388 Ab
3311 1350 3377 1390 eo
3404 1345 3593 1391 autem
3621 1338 3918 1407 jusjuran

2178 1422 2315 1476 dum
2375 1422 2667 1494 exigunt:
2724 1424 2992 1478 narrabat
3021 1428 3216 1478 autem
3270 1423 3713 1494 jusjurandum.
3752 1426 3917 1484 Jura

2176 1511 2342 1565 nobis
2374 1512 2486 1565 tale
2509 1513 2925 1581 jusjurandum
2971 1527 2983 1566 :
3017 1512 3122 1566 Per
3153 1528 3285 1567 eum
3320 1514 3419 1585 qui
3445 1515 3552 1569 mei
3572 1531 3777 1570 curam
3817 1531 3917 1588 ge-

2174 1602 2264 1667 rit,
2298 1616 2493 1654 eorum
2529 1615 2726 1655 curam
2779 1616 2993 1671 geram.
3047 1600 3162 1655 Hoc
3210 1600 3295 1655 eis
3343 1603 3578 1670 jnravit.
3618 1603 3911 1659 Tunean-

2171 1690 2278 1759 geli
2311 1706 2439 1745 eum
2502 1696 2861 1745 tenuerunt:
2914 1706 3065 1745 unus
3124 1707 3354 1759 manus,
3388 1703 3441 1747 et
3500 1694 3645 1748 alter
3695 1693 3907 1765 pedes,

2170 1781 2372 1835 tertius
2404 1786 2595 1836 autem
2628 1788 2862 1848 accepta
2911 1781 3192 1836 novacula
3234 1782 3443 1837 excidit
3490 1786 3617 1851 ejus
3648 1791 3902 1840 testicu-

2169 1869 2255 1924 los
2280 1879 2552 1939 tanquam
2588 1872 2643 1924 in
2671 1870 2903 1936 exstasi,
2928 1886 3040 1925 non
3074 1871 3340 1936 vere,sed
3363 1873 3617 1943 quadam
3640 1876 3903 1931 visione.

2171 1961 2333 2014 Visus
2360 1975 2439 2014 est
2474 1976 2609 2031 ergo
2640 1960 2697 2014 iu
2732 1962 2830 2013 illa
2855 1963 3073 2014 exstasi
3124 1960 3300 2015 veluti
3362 1964 3597 2017 excisus
3624 1965 3809 2019 fuisse
3843 1972 3903 2020 et

2165 2056 2420 2104 curatus.
2461 2050 2591 2105 Post
2648 2048 2755 2104 hoc
2816 2051 3169 2114 interrogant
3201 2050 3395 2121 ipsum
3441 2052 3652 2121 angeli,
3688 2054 3899 2112 dicen-

2166 2146 2293 2192 tes:
2356 2136 2599 2191 Sensisti
2658 2137 2969 2191 utilitatem
3031 2136 3337 2207 aliquam?
3397 2139 3497 2193 Eis
3553 2138 3698 2194 dicit
3740 2140 3891 2197 ille:

2164 2226 2344 2281 Valde
2378 2244 2647 2295 magnam
2683 2229 2875 2299 accepi
2912 2228 3253 2295 utilitatem;
3280 2229 3444 2283 valde
3472 2229 3629 2285 enim
3653 2233 3886 2288 levatus

2164 2333 2321 2384 sum,
2352 2324 2409 2371 et
2440 2334 2782 2385 persuasum
2816 2318 3000 2373 babeo
3025 2334 3116 2372 me
3135 2334 3264 2373 esse
3287 2318 3589 2374 liberatum
3624 2338 3657 2374 a
3683 2320 3890 2378 labore

2163 2412 2220 2460 et
2273 2405 2586 2461 aliectione.
2637 2406 2797 2460 Tunc
2842 2407 3031 2477 angeli
3092 2408 3143 2460 ei
3192 2408 3398 2462 dicunt
3433 2422 3447 2461 :
3477 2410 3585 2464 Abi
3639 2426 3771 2471 ergo
3807 2412 3882 2467 ad

2164 2503 2331 2550 tuum
2366 2496 2803 2551 monasterium.
2832 2494 3117 2551 Reversus
3148 2502 3234 2551 est
3259 2503 3449 2551 autem
3476 2504 3599 2567 post
3620 2499 3886 2571 quinque

2162 2589 2305 2655 dies,
2332 2605 2463 2643 eum
2501 2589 2733 2659 lugente
2766 2594 2883 2643 toto
2908 2588 3281 2656 monasterio,
3304 2595 3360 2644 et
3386 2590 3541 2645 intus
3573 2590 3882 2661 ingressus

2160 2684 2285 2743 est;
2320 2684 2495 2750 atque
2527 2695 2593 2733 ex
2615 2694 2681 2733 eo
2698 2685 2955 2747 tempore
2980 2680 3197 2733 mansit
3218 2678 3275 2733 in
3299 2679 3716 2735 cellaadlactus
3742 2679 3876 2753 (sic)

2164 2768 2523 2833 monasterii,
2557 2768 3023 2835 quandoquidem
3051 2784 3183 2822 cum
3200 2774 3342 2823 esset
3360 2784 3543 2838 prope,
3567 2784 3664 2823 eas
3683 2770 3878 2826 corri-

2160 2858 2328 2929 gebat.
2353 2857 2608 2921 assidue,
2634 2862 2918 2926 quantum
2943 2857 2997 2909 in
3020 2856 3115 2911 illo
3139 2858 3421 2911 erat.Cum
3454 2864 3643 2912 autem
3662 2866 3877 2925 postea

2160 2949 2391 3001 vixisset
2424 2946 2567 3000 alios
2601 2946 2980 3017 quadraginta
3002 2946 3541 3007 annos,affirmabat
3573 2946 3875 3017 Patribus,

2161 3042 2310 3108 quod
2342 3038 2413 3091 ab
2443 3054 2509 3091 eo
2544 3043 2801 3107 tempore
2843 3054 2955 3091 nun
3007 3038 3353 3091 ascenderat
3410 3040 3467 3092 iu
3502 3054 3598 3093 cor
3626 3035 3753 3107 ejus
3785 3040 3876 3092 af-

2163 3127 2330 3181 fectio
2389 3126 2724 3195 cupiditatis
2759 3127 3028 3181 feminize.
3060 3130 3185 3180 Hac
3220 3133 3306 3180 est
3334 3128 3521 3198 gratia
3552 3128 3734 3182 sancti
3768 3127 3875 3182 viri

2163 3216 2315 3280 Elize,
2362 3222 2418 3270 et
2473 3217 2591 3270 ba’c
2640 3215 2993 3283 exercitatio,
3036 3222 3092 3271 et
3139 3218 3639 3286 quemadmodum
3671 3232 3869 3272 curam

2161 3309 2337 3377 gessit
2372 3306 2701 3360 monasterii
2738 3306 3058 3374 virginum.

2746 3393 2977 3450 CAPUT
3015 3394 3292 3451 XXXVII.

2697 3486 2813 3541 Vita
2834 3486 3040 3540 ablmlis
3060 3487 3330 3541 Darothei.

2228 3578 2366 3633 Cum
2397 3579 2677 3632 successit
2714 3577 3031 3632 Dorotbeus
3064 3578 3145 3631 vir
3178 3576 3649 3647 probatissimus,
3682 3577 3779 3646 qui
3812 3576 3867 3632 in

2157 3667 2303 3721 bona
2337 3668 2470 3732 vita,
2503 3673 2558 3721 et
2589 3684 2715 3737 quae
2750 3667 2805 3721 in
2837 3668 3057 3739 agendo
3085 3674 3367 3733 versatur,
3403 3668 3727 3723 consenuit.
3750 3668 3864 3733 Qui

2156 3773 2288 3812 cum
2320 3773 2433 3811 non
2468 3763 2663 3824 posset
2696 3758 2930 3827 quidem
2963 3757 3045 3813 sic
3077 3773 3269 3812 curam
3303 3774 3499 3826 gerere
3532 3755 3864 3813 monasterii

2158 3853 2220 3901 ut
2250 3846 2342 3900 hic
2370 3847 2594 3912 beatus,
2627 3863 2813 3917 neque
2868 3848 3166 3902 mansisset
3223 3846 3281 3900 in
3320 3847 3419 3901 illa
3449 3848 3616 3915 cella,
3647 3847 3706 3902 iu
3739 3847 3862 3919 ipso

2159 3939 2506 3992 monasterio
2539 3939 2595 3991 in
2627 3936 2912 4007 superiori
2943 3936 3240 3992 caenaculo
3270 3936 3527 4007 seipsnm
3589 3938 3846 4005 inclusit,

2156 4036 2209 4081 et
2243 4027 2371 4081 fecit
2404 4027 2705 4081 fenestram
2734 4043 2861 4097 quae
2890 4030 3185 4094 spectabat
3214 4028 3283 4083 ad
3320 4028 3737 4083 monasterium
3784 4027 3862 4084 fe-

2156 4118 2473 4183 minarum,
2533 4133 2709 4187 quam
2768 4116 3069 4172 claudebat
3109 4122 3165 4171 et
3218 4117 3537 4189 aperiebat.
3586 4116 3866 4189 Perpetuo

2156 4225 2291 4279 ergo
2323 4210 2612 4263 assidebat
2664 4208 2946 4273 fenestrae,
2981 4225 3300 4279 procurans
3344 4218 3405 4263 ut
3437 4209 3590 4265 inter
3617 4226 3719 4265 eas
3747 4226 3861 4279 pu—

2154 4316 2273 4365 gnte
2306 4306 2617 4353 cessarent.
2649 4298 2858 4370 Sicque
2917 4299 2972 4352 in
3024 4298 3304 4369 superiori
3338 4298 3637 4354 ccenaculo
3668 4313 3867 4355 conse-

2156 4388 2285 4441 nuit
2315 4404 2445 4441 cum
2482 4404 2584 4443 nec
2643 4388 2797 4443 ullus
2855 4404 3116 4443 seorsum
3178 4388 3507 4456 ascendere,
3542 4405 3732 4460 neque
3764 4388 3856 4444 ille

2156 4482 2350 4547 posset
2381 4478 2743 4537 descendere,
2779 4494 2889 4532 non
2940 4479 3094 4533 enim
3129 4481 3357 4532 stabant
3386 4478 3570 4533 scalas.
3604 4476 3732 4531 Haec
3765 4481 3853 4532 est

2156 4567 2304 4619 beati
2342 4566 2604 4620 Dorctbei
2642 4567 2909 4636 religiosa
2931 4572 2987 4620 et
3017 4567 3326 4622 virtutibus
3354 4572 3547 4623 ornata
3571 4566 3700 4617 vita.
3738 4561 3844 4618 Hie

2156 4654 2423 4725 ejusdem
2456 4654 2581 4709 vitae
2614 4655 2768 4708 finis.

2728 4741 2959 4797 CAPUT
3008 4741 3289 4801 XXXVII.

2722 4834 2790 4887 De
2814 4835 3001 4888 Amma
3027 4835 3287 4890 Piamun.

2210 4923 2340 4977 Fuit
2405 4921 2665 4993 quaedam
2734 4925 2895 4994 virgo
2963 4923 3230 4991 Ptamuu,
3295 4938 3423 4995 quas
3483 4937 3667 4978 annos
3725 4919 3847 4977 vita

2138 5030 2258 5068 sum
2279 5013 2417 5067 vixit
2448 5030 2579 5068 cum
2616 5021 2796 5069 matre
2827 5014 3076 5085 propria,
3111 5016 3235 5069 sola
3280 5031 3415 5069 cum
3455 5016 3583 5069 sola
3609 5029 3845 5083 vespere

2136 5103 2461 5170 comedens,
2488 5103 2926 5159 etlinumnens.
2964 5107 3089 5158 Haec
3120 5105 3360 5175 dignata
3388 5108 3477 5158 est
3511 5103 3702 5175 gratia
3721 5118 3857 5173 pra.

2134 5194 2405 5249 dictionis
2439 5196 2763 5249 futurorum
2797 5196 2946 5249 inter
2968 5194 3255 5250 homines.
3287 5193 3514 5250 Accidit
3538 5193 3850 5263 aliquando

2134 5273 2188 5339 in
2224 5285 2479 5357 Egypto,
2514 5301 2647 5339 cum
2678 5283 2840 5339 Nilus
2870 5286 3305 5349 ascenderet,ut
3336 5284 3503 5338 vicus
3535 5284 3728 5337 vicum
3759 5282 3856 5336 in-

2130 5376 2387 5441 Vaderet;
2425 5375 2857 5443 pugnantenim
2894 5390 2994 5445 pro
3036 5389 3319 5444 aquarum
3361 5373 3667 5439 divisione,
3702 5369 3846 5426 adeo

2129 5470 2192 5517 ut
2224 5469 2568 5531 seqtiaretur
2599 5464 2779 5517 caedes
2819 5469 2874 5517 et
2932 5463 3343 5518 sauciationes.
3378 5461 3677 5517 Potentior
3704 5475 3846 5531 ergo

2123 5554 2285 5607 vicus
2316 5556 2441 5619 ejus
2473 5554 2663 5607 vicum
2698 5552 2933 5618 invasit,
2966 5560 3022 5606 et
3054 5554 3209 5606 venit
3240 5553 3493 5606 virorum
3534 5549 3853 5605 multitudo

2122 5660 2253 5699 cum
2316 5642 2530 5696 lanceis
2587 5651 2640 5696 et
2700 5643 2897 5708 clavis,
2933 5646 3144 5713 utejus
3201 5642 3394 5697 vicum
3463 5640 3859 5696 exscinderet-

2131 5735 2333 5789 Astitit
2364 5740 2553 5788 autem
2590 5735 2720 5787 huic
2764 5736 2944 5789 beatas
3010 5735 3255 5806 angelus
3305 5732 3570 5788 revelans
3646 5746 3861 5787 eorum

2126 5824 2485 5882 invasionem
2517 5838 2530 5890 ;
2558 5832 2613 5881 et
2661 5824 2954 5881 accersitis
2976 5824 3083 5879 vici
3124 5822 3501 5896 presbyteris.
3534 5820 3617 5879 eis
3648 5820 3789 5877 dicit
3834 5820 3850 5860 ε
