4076 6280
318 214 470 277 1Ο9Ἱ

1600 225 1975 286 ΗῐζαΤΟΡιῖΑ
2022 228 2437 289 LAUSIACA.

3569 234 3721 295 1098

319 348 542 411 εὐθαλὲς
582 354 770 423 κομῶν
803 355 922 411 τοῖς
960 348 1198 430 φύλλοις
1231 354 1317 407 καὶ
1352 359 1465 414 τοῖς
1505 362 1734 428 καρποῖς
1782 356 1832 411 ἐν
1867 362 1964 429 μιᾷ
1995 363 2042 428 Α
2083 356 2438 435 θλιϐομένας,
2473 360 2507 429 ἢ
2538 361 2599 416 τὸ
2639 361 2807 424 πάθος
2851 383 2955 434 μου
3010 358 3164 433 λάϐε,
3213 361 3302 418 ’ίνα
3340 365 3517 421 αὐτῶν
3564 388 3723 423 οσον-

577 439 589 445 -
681 443 703 445 μ
820 438 829 445 ⁸
1054 440 1065 445 Δ
1086 442 1097 445 Α
1164 441 1173 445 -
1497 444 1504 445 7
1628 443 1665 445 ,ξ
2123 442 2130 445 _
2354 442 2362 445 Α
2425 440 2438 445 Δ
2481 443 2488 445 _
2662 444 2668 445 γ
2802 442 2811 445 _
3577 420 3612 445 1⁸

322 445 513 514 καιροῦ
565 439 706 513 ῥοπῇ
762 438 973 494 πάντων
1043 440 1236 514 ἀθρόον
1290 444 1570 515 γυμνωθὲν
1620 443 1842 524 ἐδείχθη
1877 448 1967 516 ξη-

1869 540 1967 599 Οἷς

327 622 405 696 μὴ
439 622 673 697 ὑπάρχει
695 617 1040 697 κυϐέρνησις,
1066 621 1215 678 οὗτοι
1244 623 1532 680 πίπτουσιν
1556 626 1734 700 ὥσπερ
1759 626 1962 701 φύλλα.

926 718 1183 772 ΚΕΦΑΛ.
1227 720 1357 775 ΛΔ’.

594 805 724 878 Περὶ
759 806 857 869 τῆς
887 806 937 857 ἐν
977 804 1385 879 Ἱεροσολύμοις
1416 809 1697 882 παρθένου.

398 884 637 958 Παρθέον
697 882 817 938 οἶδα
876 884 982 957 ἐγὼ
1047 884 1209 939 πάλιν
1265 886 1316 941 ἐν
1377 888 1782 961 Ἱεροσολύμοις
1848 909 1968 942 σακ-

325 970 663 1043 κοφοροῦσαν
708 964 794 1019 ἐπὶ
854 965 1112 1037 ἑξαετίαν,
1146 987 1236 1021 και
1284 967 1457 1041 κέλλῃ
1493 968 1968 1041 ἐγκεκλεισμένην,

332 1046 565 1120 μηδενός
597 1067 730 1101 ποτε
758 1051 864 1100 τῶν
899 1045 974 1107 εἷς
1005 1044 1210 1117 ἡδονὴν
1244 1050 1625 1103 συντεινόντων
1671 1046 1970 1116 λαϐοῦσαν,

328 1128 456 1184 ἀλλ’
495 1124 659 1200 ἄκραν
697 1124 977 1180 πολιτείαν
1010 1125 1322 1202 ἐγκρατείας
1369 1129 1635 1184 ἀσκοῦσαν
1684 1129 1734 1182 ἐν
1790 1150 1974 1205 γυναι-

333 1208 410 1279 ξίν
442 1227 455 1241 °
518 1208 641 1276 ἤτις
701 1206 1527 1286 εἶςᾼῦστερονΑκαταλειφθεῖσα
1569 1210 1672 1264 ὑπὸ
1724 1218 1821 1277 τῆς
1876 1213 1973 1262 τοῦ

331 1292 466 1345 Θεοῦ
500 1285 761 1361 βοηθείας
795 1284 864 1341 δι’
920 1283 1231 1361 ὑπερϐολὴν
1290 1283 1389 1357 τῆς
1448 1290 1815 1367 ὑπερηφανίας
1872 1293 1973 1353 τῆς

328 1372 556 1437 τιθηνσῦ
596 1372 703 1421 τῶν
737 1367 947 1421 πάντων
996 1374 1172 1422 κακῶν
1232 1370 1449 1442 ἐξαισίῳ
1507 1392 1761 1441 πτωματι
1819 1391 1975 1442 περι-

332 1456 538 1506 έπεσεν.
572 1451 858 1521 Ἀνοίξασα
886 1451 989 1522 γάρ
1020 1451 1120 1518 τήν
1152 1450 1341 1523 θυρίδα
1371 1456 1468 1515 τῆς
1518 1450 1725 1520 κέλλης
1776 1449 1973 1505 εἰσεδέ-

333 1531 457 1602 ξατο
488 1532 579 1586 τὸν
624 1531 1063 1601 ὑπηρετούμενον
1110 1529 1269 1603 αὐτῇ,
1317 1534 1405 1586 καὶ
1455 1532 1633 1604 τούτῳ
1683 1533 1973 1607 συνεφύρη.

331 1615 503 1666 Τοῦτο
559 1607 616 1663 δὲ
670 1612 838 1679 ταύτῃ
884 1605 1102 1679 συνέϐη,
1144 1616 1222 1681 τῷ
1276 1614 1350 1683 μή
1411 1612 1543 1666 κατά
1600 1605 1973 1681 πνευματικήν

333 1692 585 1767 πρόθεσιν
634 1690 723 1745 καὶ
772 1690 987 1765 ἀγάπην
1039 1698 1172 1746 Θεοῦ
1232 1692 1521 1767 ἐσχηκέναι
1578 1695 1677 1763 τὴν
1727 1690 1975 1759 ἄσκησιν,

336 1772 481 1827 ἀλλά
529 1771 665 1826 κατά
713 1771 914 1839 σκηνὴν
966 1772 1331 1843 ἀνθρωπίνην,
1381 1769 1975 1840 τουτέστικενοδοξίαν,

344 1856 542 1927 σαθρᾶς
602 1857 973 1925 προαιρέσεως
1024 1852 1246 1923 εὕρεμα.
1278 1858 1393 1909 Τῶν
1428 1855 1529 1927 γὰρ
1589 1848 1823 1908 εὐσεϐῶν
1887 1850 1985 1906 λο-

341 1938 553 2009 γισμῶν
588 1933 760 1999 αὐτῆς
789 1931 1285 2005 ἀπασχοληθέντων
1323 1934 1425 1988 ὑπὸ
1455 1932 1551 1988 τοῦ
1598 1930 1854 2003 δαίμονος
1884 1937 1985 1993 τῆς

343 2012 672 2086 κενοδοξίας,
716 2011 1009 2082 ἐνήσκησεν
1062 2012 1266 2082 ταύτην
1322 2013 1396 2075 εἲς
1454 2015 1516 2069 τὸ
1566 2013 1985 2085 καταγινώσκειν

342 2101 449 2151 τῶν
510 2093 719 2151 ἄλλων.
782 2088 1295 2167 Ἐκϐακχευομένης
1350 2094 1408 2149 δὲ
1461 2096 1661 2161 ταύτης
1730 2094 1833 2148 ὑπὸ
1890 2095 1987 2145 τοῦ

345 2174 603 2247 δαίμονος
645 2181 745 2241 τῆς
799 2174 1187 2249 ὑπερηφανίας,
1219 2175 1309 2230 καὶ
1362 2175 1539 2247 τούτῳ
1600 2172 1811 2247 μᾶλλον
1862 2180 1987 2226 ταυ-

343 2276 440 2323 της
472 2252 869 2323 συνηδομένης,
903 2253 1104 2323 διπέστη
1140 2254 1230 2309 ἀπ’
1262 2256 1432 2325 αὐτῆς
1464 2257 1491 2311 6
1527 2256 1685 2329 ἅγιος
1734 2252 1941 2327 ἅγγελο
1970 2273 1995 2314 ς

346 2337 375 2389 6
415 2335 588 2412 φύλαξ
618 2340 718 2402 τῆς
752 2335 1131 2409 σωφροσύνης.

412 2416 515 2489 ,Διά
546 2414 602 2471 δὲ
648 2418 809 2469 τοῦτο
848 2416 1222 2488 γεγράφαμεν,
1272 2417 1560 2471 πιστότατε
1605 2419 1712 2470 τῶν
1759 2412 1989 2484 ἀνδρῶν,

344 2498 434 2552 καί
467 2502 574 2551 τῶν
616 2495 668 2565 ἐξ
716 2494 914 2563 ἀρετῆς
964 2497 1405 2570 κατωρθωκότων
1438 2498 1532 2552 τὸν
1568 2496 1704 2571 βίον,
1735 2494 1823 2549 καὶ
1880 2499 1988 2548 τῶν

346 2580 450 2634 ἀπὸ
483 2576 745 2651 ῥᾳθυμίας
780 2574 831 2646 ἐξ
882 2573 1047 2647 ἄκρας
1096 2577 1382 2640 πολιτείας
1428 2579 1561 2648 μετᾶ
1616 2576 1812 2637 πόνους
1852 2574 1992 2630 πολ-

346 2658 478 2719 λοὺς
526 2657 903 2734 χειρωθέντων
945 2658 1048 2713 ὑπὸ
1097 2662 1194 2711 τοῦ
1252 2654 1514 2713 διαϐόλου
1566 2663 1684 2717 ταῖς
1714 2655 1991 2716 παντοίαις

346 2740 542 2797 τούτου
574 2741 857 2809 σαγήναις,
891 2736 960 2792 ’ἔν’
998 2736 1225 2800 ἕκαστος
1253 2739 1311 2794 ἐκ
1339 2748 1438 2807 τῆς
1489 2741 1680 2794 ἑαυτοῦ
1714 2736 1996 2798 πολιτείας

346 2826 443 2876 τοῦ
492 2819 794 2893 μισοκάλου
823 2822 1246 2892 καταμανθάνων
1276 2822 1343 2875 τά
1389 2819 1735 2895 κεκρυμμένα
1785 2815 1992 2885 δίκτυα,

350 2900 524 2977 φεύγῃ
556 2900 650 2959 τὰς
679 2900 874 2952 τούτου
923 2898 1178 2973 παγίδας.
1224 2897 1462 2955 Πολλῶν
1503 2902 1678 2953 τοίνυν
1712 2899 1877 2953 ὅντων
1906 2897 1994 2950 καὶ

353 2975 609 3055 μεγάλων
669 2975 875 3041 ἀνδρῶν
922 3000 981 3033 τε
1036 2979 1123 3032 καὶ
1186 2985 1449 3051 γυναικῶν
1505 2984 1613 3034 τῶν
1658 2979 1774 3032 κατ’
1823 2977 1996 3050 ἀρχὰς

348 3064 449 3132 τήν
508 3059 751 3132 ἐνάρετον
802 3060 900 3124 τῆς
948 3057 1229 3127 ἀσκήσεως
1281 3058 1562 3113 πολιτείαν
1612 3058 1988 3128 κατορθωσάνη

346 3164 477 3202 των.
507 3139 817 3195 τελευταῖον
852 3135 910 3193 δὲ
940 3138 1044 3193 ὑπὸ
1074 3142 1169 3192 τοῦ
1192 3136 1493 3193 ἀντιπάλου
1525 3138 1735 3193 πάντων
1782 3137 1988 3207 ἀνθρώ-

347 3246 465 3279 πων
533 3219 956 3295 ἐκριζωθέντιυν,
1006 3218 1113 3274 ἀπὸ
1153 3223 1261 3273 τῶν
1320 3218 1545 3275 πολλῶν
1616 3216 1990 3290 μνημονεύσας

350 3303 581 3378 ὀλίγων,
630 3302 1005 3370 ἀποσιωπήσω
1056 3300 1183 3361 τοὺς
1234 3301 1544 3369 πλείστους,
1608 3303 1746 3373 μήτε
1798 3298 1990 3359 αὐτοὺς

346 3386 605 3450 ἀνιστῶν,
661 3383 801 3457 μήτε
857 3381 1085 3453 ἐμαυτὸν
1146 3379 1377 3457 ὠφελῶν
1435 3381 1521 3435 ἐπὶ
1580 3380 1722 3435 πολὺ
1778 3380 1991 3441 τούτοις

290 3478 291 3481 ‘
349 3456 811 3537 προσδιατρίόων,
842 3461 932 3517 καὶ
961 3467 1068 3516 τῶν
1116 3456 1319 3537 ἐξόχῶν
1347 3466 1443 3516 τοῦ
1475 3464 1722 3533 Χριστοῦ
1770 3456 1989 3530 ἀμελῶν

348 3546 626 3612 ἀθλητῶν,
659 3546 755 3597 τοῦ
805 3544 881 3616 μή
929 3540 1229 3615 διηγεῖσθαί
1290 3563 1357 3614 με
1409 3542 1621 3615 μᾶλλον
1666 3540 1760 3602 τάς
1784 3540 1992 3595 τούτων

349 3624 546 3699 ἀρετὰς
577 3630 675 3693 τῆς
704 3621 881 3680 ἐνθέου
913 3622 1090 3677 αὐτῶν
1125 3623 1427 3691 ἀσκήσεως.

956 3714 1220 3769 ΚΕΦΑΛ.
1266 3718 1385 3769 ΛΕ’.

981 3798 1111 3873 Περὶ
1174 3799 1351 3855 Ἠλία.

415 3888 606 3951 Ἠλίας
638 3909 723 3950 τις
777 3892 857 3957 τῷ
920 3887 1148 3957 ὀνόματι
1201 3885 1418 3957 ἀριστος
1466 3886 1729 3955 ἀσκητὴς,
1787 3884 1994 3961 σφόδρα

345 3977 560 4057 γέγονεν
649 3976 1072 4053 φιλοπάρθενος,
1153 3979 1249 4031 τοῦ
1332 3975 1713 4048 ἀσθενεστέρου
1792 3975 1991 4047 μέλους

346 4069 674 4141 ποιούμενος
721 4066 1005 4139 πρόνοιαν.
1070 4063 1187 4121 Εἶσί
1237 4066 1335 4139 γάρ
1386 4068 1628 4121 τοιαῦται
1679 4064 1875 4138 ψυχαί,
1907 4065 1992 4125 αἷς

352 4164 616 4236 μαρτυρεῖ
652 4158 714 4214 τὸ
743 4153 904 4216 τέλος
949 4153 1031 4210 ὅτι
1091 4156 1206 4208 κατ’
1256 4156 1450 4228 ἀρετὴν
1506 4158 1667 4210 τοῦτο
1724 4158 1991 4209 ποιοῦσιν.

343 4250 516 4311 Οὗτος
559 4246 1000 4319 κατοικτειρήσας
1039 4244 1101 4299 τὸ
1140 4250 1370 4319 πρᾶγμα
1423 4248 1529 4299 τῶν
1581 4244 1909 4319 ἀσκητριῶν,
1943 4242 1995 4300 ἐν

346 4336 573 4417 Ἀθρίςῃ
618 4342 686 4412 τῇ
736 4335 897 4394 πόλει
928 4332 1073 4412 ἔχων
1122 4334 1475 4408 ἀναλώματα,
1508 4334 1860 4407 ᾠκοδόμησεν
1899 4355 1995 4406 με·

350 4433 527 4512 γάλην
585 4430 778 4503 μονὴν,
836 4427 928 4483 καὶ
998 4428 1297 4503 συνήγαγεν
1347 4424 1520 4488 πάσας
1564 4426 1659 4487 τὰς
1705 4423 1994 4497 ἀλωμένας

347 4524 398 4581 ἐν
438 4528 520 4594 τῷ
554 4517 921 4595 μοναστηρίῳ,
962 4515 1281 4577 ἀκολούθως
1333 4514 1505 4571 αὐτῶν
1557 4515 1856 4592 φροντίζων
1915 4512 1992 4572 εἷς

346 4613 543 4680 πάντα,
612 4610 847 4677 ποιήσας
905 4606 1092 4668 αὐταῖς
1150 4611 1318 4661 πᾶσαν
1399 4605 1691 4660 ἀνάπαυσιν
1748 4608 1855 4659 τῶν
1917 4603 1993 4664 εἰς

347 4702 446 4768 τὴν
478 4698 693 4775 χρείαν,
725 4697 958 4764 κήπους,
999 4696 1090 4750 καὶ
1137 4694 1204 4749 τὰ
1246 4695 1454 4751 τούτων
1502 4696 1816 4773 χρηστήρια
1857 4710 1870 4724 ·
1902 4692 1992 4749 καὶ

351 4784 683 4857 ἁπαξαπλῶς
740 4783 951 4839 ἅπαντα
1025 4785 1122 4837 ὅσα
1192 4782 1409 4839 ἀπαιτεῖ
1466 4786 1493 4839 6
1550 4791 1649 4851 τῆς
1714 4782 1991 4853 ἀσκήσεως

351 4879 504 4953 βίος.
540 4875 707 4931 Αὗται
742 4871 800 4927 δὲ
830 4871 889 4927 ἐκ
917 4870 1191 4949 διαφόρων
1227 4874 1365 4949 βίων
1404 4874 1493 4928 καὶ
1526 4872 1807 4943 συνηθείας
1853 4870 1993 4936 ἰδίας

346 4968 580 5042 ⁴ἠγμέναι
658 4969 904 5037 συνεχεῖς
972 4964 1153 5039 μάχας
1212 4964 1426 5019 ἐποίουν
1508 4966 1622 5038 μετ’
1699 4960 1988 5033 αλλήλων.

350 5062 557 5133 Ἐχρῆν
591 5050 647 5108 δῖ
683 5054 873 5105 τοῦτον
906 5054 997 5107 τὸν
1031 5053 1185 5129 ἅγιον
1230 5054 1319 5108 καὶ
1351 5052 1619 5111 διακούειν
1660 5054 1869 5110 τούτων
1900 5051 1989 5108 καὶ

326 533 435 606 ρὸν,
478 531 611 586 κατὰ
650 531 712 585 τὸ
743 530 1141 605 γεγραμμένον,
1175 532 1353 603 τούτῳ
1386 531 1443 587 δὲ
1480 534 1782 613 ἐφαρμόζον
1814 558 1825 571 ο

346 5143 641 5222 εἰρηνεύειν
718 5140 900 5204 αὐτας.
982 5144 1283 5219 Συνήγαγεν
1360 5145 1460 5219 γάρ
1530 5144 1602 5206 ὡς
1656 5143 1987 5217 τριακοσίας,

345 5238 436 5295 καὶ
475 5235 717 5308 ἀνάγκην
757 5225 912 5306 ἔσχεν
977 5233 1274 5302 μεσιτεύειν
1334 5232 1522 5295 αὐταῖς
1580 5232 1667 5288 ἐπὶ
1739 5230 1833 5287 δύο
1891 5228 1986 5304 ἔτη

346 5329 462 5383 νέαν
493 5324 637 5399 ἄγων
666 5323 765 5390 τὴν
815 5319 1061 5389 ἠλικίαν.
1106 5324 1206 5379 Ἠν
1253 5322 1356 5396 γάρ
1405 5323 1479 5385 ὡς
1516 5324 1802 5396 τριάκοντα
1830 5319 1987 5394 ἐτῶν,

347 5414 385 5483 ἢ
419 5409 833 5483 τεσσαράκοντα.
887 5408 1055 5471 Οὗτος
1110 5407 1401 5480 ἐπειράσθη
1434 5410 1553 5464 καθ’
1600 5404 1828 5478 ἡδονήν.
1892 5410 1985 5463 Καὶ

351 5506 385 5562 ἀ
415 5502 714 5578 αχωρήσας
749 5502 845 5554 τοῦ
896 5495 1289 5572 μοναστηρίου,
1329 5502 1518 5565 νῆστις
1569 5495 1841 5552 ἐπλανᾶτο
1892 5496 1990 5550 ἀνά

346 5598 445 5667 τὴν
480 5586 685 5666 ἔρημον
719 5584 806 5643 ἐπὶ
848 5588 1058 5660 ἡμέρας
1109 5582 1227 5654 δύο,
1259 5588 1420 5640 τοῦτο
1466 5582 1746 5659 δεόμενος,
1787 5585 1871 5640 καὶ
1906 5584 1990 5641 λέο

346 5705 483 5765 γων,
516 5678 599 5736 ὅτι
631 5676 813 5751 Κύριε,
856 5673 1171 5733 ἀπόκτεινόν
1233 5695 1320 5747 με,
1382 5672 1466 5729 ἳνα
1527 5677 1602 5747 μὴ
1662 5673 1764 5731 ίδω
1822 5674 1987 5737 αὐτὰς

2023 3102 2074 3168 G

2080 442 2211 511 τίζω
2245 442 2375 495 κατᾶ
2425 440 2606 516 λόγον.
2657 442 2916 516 Ἐσπὲρας
2970 450 3153 499 τοίνυν
3202 449 3497 521 γενομένης
3548 440 3723 505 6'71"").

2081 542 2163 575 σεν
2199 522 2249 576 ἐν
2290 526 2357 593 τῇ
2393 523 2606 593 ἐρήμῳ.
2661 521 2943 585 Ἐλθόντες
2993 522 3048 579 δέ
3090 527 3223 600 πρὸς
3277 528 3439 581 αὐτὸν
3498 527 3726 605 ἄγγελοι

2079 608 2246 674 τρεῖς,
2283 603 2355 663 ὡς
2392 603 2552 663 αὐτὸς
2588 602 2856 675 διηγεῖτο,
2892 602 3089 659 λοιπὸν
3125 606 3389 681 κατέσχον
3420 602 3602 677 αὑτὸν,
3630 610 3726 663 καὶ

2084 682 2307 756 λέγουσι
2338 682 2515 755 τούτῳ
2548 703 2559 714 ·
2595 686 2661 740 Τί
2702 684 2921 753 ἐξῆλθες
2957 687 3061 741 ἀπὸ
3087 692 3183 740 τοῦ
3228 689 3591 764 μοναστηρίου
3622 694 3730 745 τῶν

2080 769 2351 837 γυναικῶν
2389 786 2402 831 ;
2440 766 2759 840 Διηγήσασο
2793 762 2850 819 δὲ
2888 766 3106 827 τούτοις
3147 770 3209 822 τὸ
3256 762 3483 843 πρᾶγμα
3515 770 3679 826 εῐπών
3714 792 3725 803 ·

2080 846 2207 900 “Οτι
2240 841 2519 923 ἐφοϐήθην
2554 848 2772 923 μήποτε
2817 844 3065 907 κάκείνας
3109 841 3306 920 βλάψω
3335 841 3423 902 καί
3474 850 3730 922 ἐμαυτόν.

2088 922 2347 994 Λέγουσιν
2402 923 2550 993 αὐτῴ
2600 924 2652 975 οἱ
2701 922 2949 996 ἄγγελοι.
2998 924 3116 978 Ἐάν
3168 924 3345 978 τοίνυν
3399 948 3456 980 σε
3504 928 3597 983 106
3630 935 3734 985 πά-

2086 1005 2209 1065 θους
2260 1002 2456 1056 τούτου
2512 1002 2936 1074 ἀπαλλάξωμεν,
2989 1003 3204 1078 ἀπέρχῃ
3277 1005 3367 1059 καὶ
3434 1011 3736 1081 φροντίζεις

2088 1082 2262 1138 αὐτῶν
2300 1104 2313 1150 ;
2349 1084 2468 1138 Ἐπὶ
2503 1085 2719 1147 τούτοις
2770 1084 3038 1139 συνέθετο.
3098 1086 3526 1158 Εἱσηράττονται
3576 1088 3733 1144 αὐτὸν

2086 1165 2271 1239 ὅρκον.
2307 1164 2408 1218 Τὸν
2444 1160 2500 1218 δὲ
2546 1164 2707 1237 ὅρκον
2741 1163 2987 1242 διηγεῖτο
3021 1166 3152 1219 εἶναι
3194 1171 3457 1221 τοιοῦτον·
3493 1170 3733 1241 Ὀμοσον

2084 1248 2243 1319 ἡμῖν,
2278 1245 2465 1319 φησὶν,
2498 1244 2581 1299 ὅτι
2624 1246 2714 1301 Μὰ
2744 1247 2832 1300 τὸν
2877 1246 3227 1325 φροντίζοντά
3289 1268 3415 1320 μου,
3465 1251 3735 1326 φροντίζω

2088 1325 2282 1381 αὐτῶν.
2328 1326 2452 1379 Ἐπὶ
2505 1327 2684 1398 τούτῳ
2740 1324 2954 1398 ὤμοσεν
2988 1328 3198 1388 αύτοῖς,
3234 1326 3364 1382 Τότε
3422 1324 3486 1382 οἱ.
3520 1329 3735 1404 ἄγγελοι

2086 1404 2352 1479 κατέσχον
2404 1404 2563 1459 αὐτὸν
2616 1408 2643 1460 ὁ
2699 1408 2772 1467 εἷς
2803 1406 2931 1467 τοὺς
2965 1404 3156 1469 πόδας,
3191 1407 3278 1461 καὶ
3316 1408 3342 1462 6
3401 1406 3584 1482 ἕτερος
3641 1411 3735 1466 τὰς

2032 1508 2037 1513 ’
2086 1491 2300 1559 χεῖρας,
2334 1486 2361 1539 6
2396 1484 2452 1539 δὲ
2481 1487 2665 1555 τρίτος
2700 1482 2883 1540 λαϐὼν
2928 1487 3085 1561 ξυρὸν
3119 1486 3360 1561 ἐξέτεμεν
3396 1488 3563 1543 αὑτοῦ
3607 1492 3734 1551 τοὺς

2087 1563 2373 1635 διδύμους,
2406 1566 2479 1627 ὡς
2527 1566 2579 1619 ἐν
2642 1566 2908 1635 ἐκστάσει,
2966 1567 3089 1621 ἀλλ’
3150 1570 3213 1622 οὐ
3268 1570 3405 1622 κατά
3456 1568 3735 1639 ἀλήθειαν,

2088 1647 2222 1700 κατὰ
2255 1644 2312 1700 δὲ
2363 1647 2653 1719 φαντασίαν
2694 1648 2832 1703 τινά.
2886 1646 3102 1718 Ἔδοξε-ι
3154 1648 3243 1703 οὖν
3288 1650 3337 1704 ἐν
3370 1655 3436 1722 τῇ
3498 1652 3736 1706 ἐκστάσει

2012 1736 2063 1800 B
2095 1726 2292 1797 ἐκείνῃ,
2337 1725 2409 1787 ὡς
2445 1724 2504 1779 ἂν
2537 1726 2679 1780 εἷ’ποι
2717 1748 2822 1793 τις,
2856 1727 2944 1781 καί
2995 1726 3382 1799 ἀποτμηθῆναι
3413 1733 3503 1785 καὶ
3542 1733 3737 1788 διποθε·⁸

2095 1808 2440 1880 ραπεῦεσθαι.
2484 1808 2629 1861 Μετὰ
2676 1811 2836 1861 τοῦτο
2888 1806 3229 1877 ἐπερωτῶσιν
3280 1810 3441 1864 αὐτὸν
3485 1812 3537 1866 οἱ
3586 1811 3737 1889 ἄγγε-

2097 1885 2186 1941 λοι
2214 1883 2467 1959 λέγοντες
2504 1897 2518 1918 ⁸
2551 1887 2823 1954 ’ῌσθήθης
2855 1884 3119 1961 ὠφελείας
3149 1887 3330 1953 τινόςς
3366 1889 3519 1962 Λέγει
3552 1883 3735 1952 αὐτοῖς

2096 1964 2297 2026 ἐκεινος
2335 1984 2348 1997 '
2401 1964 2617 2042 Σφόδρα
2659 1965 2977 2041 ὠφέλημαι.
3027 1967 3384 2041 Ἐκουφίσθην
3440 1970 3544 2043 γὰρ
3577 1990 3733 2033 πανυ,

2096 2045 2185 2101 καὶ
2235 2044 2531 2116 πέπεισμαι
2580 2044 2947 2120 ἀπηλλάχθαι
3002 2046 3088 2100 καὶ
3133 2051 3229 2102 τοῦ
3279 2049 3447 2102 πόνου
3495 2049 3584 2103 καὶ
3640 2054 3737 2105 τοῦ

2096 2125 2323 2187 πάθους.
2356 2126 2490 2179 Τότε
2523 2127 2572 2179 οἱ
2602 2124 2820 2200 αγγελοι
2853 2126 3099 2198 λέγουσιν
3134 2127 3283 2199 αὐτῷ
3317 2148 3329 2161 ·
3379 2126 3616 2184 Ἀπελθε
3645 2128 3737 2184 οὖν

2098 2203 2175 2267 εἷς
2231 2207 2293 2259 τὸ
2349 2206 2680 2279 ἀσκητήριόν
2743 2227 2858 2263 σου.
2895 2210 3242 2280 Ὑπέστρεψεν
3301 2205 3356 2263 δὲ
3405 2208 3562 2273 οὗτος
3604 2211 3736 2281 μετὰ

2098 2286 2255 2340 πέντε
2285 2285 2514 2357 ἡμέρας.
2552 2288 2879 2348 Πενθοῦντος
2914 2285 3005 2339 οὖν
3037 2288 3160 2360 περὶ
3201 2287 3365 2341 αὐτοῦ
3415 2290 3609 2351 παντὸς
3642 2290 3738 2346 τοῦ

2104 2366 2473 2438 μοναστηρίου
2526 2366 2830 2440 εἰτέρχεται
2879 2362 3051 2433 ἔνδον,
3083 2367 3169 2420 καὶ
3219 2362 3400 2422 ἔκτοτε
3430 2363 3638 2437 ἔμεινεν
3688 2369 3739 2423 ἐν

2098 2442 2311 2523 κελλίῳ
2344 2445 2402 2499 ἐκ
2431 2446 2679 2520 πλαγίων
2711 2451 2806 2501 τοῦ
2842 2446 3204 2519 μοναστηείου
3237 2466 3251 2479 ⁸
3288 2448 3337 2516 ἐξ
3368 2449 3428 2502 06
3460 2449 3741 2523 ἐγγύτερος

2076 2522 2174 2579 ’ὢν
2205 2532 2443 2599 συνεχῶς
2473 2526 2636 2587 αὐτὰς
2681 2526 3003 2597 διωρθοῦτο,
3044 2527 3168 2581 ὅσον
3207 2528 3289 2581 ἐπ’
3336 2527 3521 2600 ἐκείνῳ
3555 2545 3569 2560 ⁶
3625 2522 3742 2584 ἐπι-

2105 2607 2269 2674 ζήσας
2301 2606 2489 2669 αύταῖς
2520 2605 2663 2661 ἄλλα
2710 2610 3105 2679 τεσσαράκοντα
3153 2606 3268 2676 ἔτη,
3321 2602 3742 2680 διαϐεϐαιούμε-

2101 2706 2191 2746 νος
2226 2692 2340 2747 τοῐς
2376 2688 2672 2757 Πατράσιν,
2707 2688 2788 2741 ὅτι
2824 2687 3018 2744 Οὐκέτι
3058 2683 3218 2755 ἀνέϐη
3262 2688 3338 2749 εἷς
3386 2689 3485 2755 τήν
3521 2688 3743 2756 καρδίαν

2108 2787 2210 2839 μου
2260 2768 2427 2830 πάθος
2486 2770 2739 2843 γυναικὸς
2795 2767 3105 2840 ἐπιθυμίας.
3152 2772 3320 2822 Τοῦτο
3378 2769 3439 2823 τὸ
3495 2770 3747 2845 χάρισμα

2101 2851 2197 2902 τοῦ
2250 2849 2408 2924 ἁγίου
2458 2846 2647 2920 ἀνδρὸς
2694 2849 2877 2918 Ἠλία,
2910 2850 2995 2903 καὶ
3051 2847 3183 2918 αὕτη
3226 2850 3260 2916 ἡ
3310 2848 3575 2919 ἄσκτησις
3609 2870 3622 2882 ·
3654 2850 3745 2905 καὶ

2106 2926 2279 2991 οὕτως
2311 2929 2615 3004 ἐφρόντισεν
2646 2933 2742 2984 τοῦ
2774 2930 3141 3001 μοναστηρίου
3175 2928 3202 2981 ὁ
3246 2930 3511 3003 μακάριος
3562 2931 3739 2993 οὗτος.

2702 3021 2962 3074 ΚΕΦΑΛ.
2998 3017 3148 3091 Ag".

2680 3106 2810 3178 Περὶ
2868 3106 3172 3179 Δωροθέου.

2170 3200 2260 3253 Ὃν
2312 3193 2577 3266 διεδέξατο
2638 3196 2923 3269 Δωρόθεός
2980 3216 3086 3262 τις,
3144 3197 3281 3271 ἀνὴρ
3348 3194 3743 3267 δοκιμώτατος,

2101 3286 2345 3362 γηράσας
2374 3284 2426 3342 ἐν
2470 3284 2572 3359 βίῳ
2610 3286 2838 3359 χρηστῷ
2867 3285 2956 3338 καὶ
2990 3284 3284 3359 ἐμπράκτῳ
3317 3304 3329 3317 °
3367 3288 3442 3360 μὴ
3498 3283 3744 3355 δυνηθεὶς

2106 3378 2199 3451 μὲν
2233 3378 2380 3432 οὕτω
2412 3376 2696 3454 φροντίσαι
2754 3376 2831 3438 ὡς
2877 3377 2904 3429 6
2966 3380 3228 3450 μακάριος
3275 3377 3431 3438 οὗτος
3480 3380 3577 3431 τοῦ
3621 3397 3748 3447 μον-

2101 3469 2391 3541 αστηρίου,
2420 3468 2558 3538 μήτε
2594 3470 2769 3537 μεῖναι
2828 3464 2879 3520 ἐν
2908 3470 2974 3538 τῇ
3007 3466 3179 3542 κέλλῃ
3241 3465 3442 3537 ἐκείνη,
3479 3467 3567 3523 Ἐν
3627 3467 3747 3520 ἀνα-

2100 3558 2240 3635 γαίῳ
2287 3554 2343 3610 δὲ
2374 3554 2580 3626 κελλίῳ
2628 3553 3055 3627 ἀποκλειόμενος
3104 3554 3293 3631 θυρίδα
3340 3554 3592 3625 ἐποίησεν
3638 3555 3745 3633 ἀφ..

2103 3652 2313 3721 ορῶσαν
2342 3642 2429 3700 ἐπὶ
2458 3646 2520 3700 τὸ
2549 3649 2655 3699 τῶν
2682 3651 2950 3720 γυναικῶν
2985 3648 3368 3720 μοναστήριον.
3403 3645 3508 3701 Καὶ
3541 3644 3742 3715 ταύτην

2103 3732 2307 3793 ἔκλειεν
2339 3734 2427 3788 καὶ
2468 3734 2702 3805 ἤνοιγεν.
2745 3733 3139 3794 Ἀδιαλείπτως
3184 3734 3241 3788 δὲ
3288 3736 3742 3809 παρακαθεζόμε-

2102 3847 2192 3889 νος
2224 3829 2292 3898 τῇ
2325 3820 2523 3896 θυρίδι,
2554 3823 2653 3887 τὴν
2706 3822 2943 3894 ἀμαχίαν
2983 3822 3201 3883 ταύταις
3233 3820 3735 3898 ἐπραγματεύσατο.

2099 3916 2281 3975 Οῧτως
2340 3906 2701 3983 ἀπροσκόπως
2768 3911 3098 3985 ἒπιγηράσας
3147 3911 3197 3964 ἐν
3233 3911 3418 3982 ἐκείνῳ
3491 3915 3570 3980 τῷ
3618 3910 3742 3964 ἀνα·

2102 3994 2266 4069 γαίῳ,
2302 3990 2431 4067 μηδ’
2472 3989 2616 4052 ὅλως
2651 3991 2781 4045 ποτὲ
2813 4010 2955 4052 τινος
3001 3990 3319 4052 ἀνελθόντος
3362 3989 3489 4053 ἐκεῖ,
3525 3986 3648 4045 οὕτε
3680 3987 3739 4045 δὶ

2102 4074 2301 4132 ἐκείνου
2331 4074 2479 4128 κάτω
2520 4081 2650 4127 ποτε
2696 4071 2973 4127 κατελθεῖν
3030 4070 3346 4145 δυναμένου,
3381 4069 3471 4126 διὰ
3500 4072 3561 4127 τὸ
3617 4070 3740 4126 κλί-

2107 4176 2248 4230 μακα
2307 4156 2382 4227 μὴ
2442 4154 2673 4209 έστᾶναι.
2707 4152 2851 4221 Αὕτη
2912 4153 2946 4221 ἡ
2996 4154 3155 4225 ἀρετή
3190 4158 3297 4230 τῆς
3338 4150 3617 4222 ἀσκήσεως
3644 4155 3742 4206 τοῦ

2106 4229 2373 4311 μακαρίου
2409 4234 2720 4309 Δωροθέου,
2751 4235 2841 4286 καὶ
2870 4231 2922 4287 ἐν
2956 4233 3125 4305 ταύτῃ
3156 4232 3218 4286 τὸ
3249 4229 3427 4295 τέλος.

2710 4327 2966 4379 ΚΕΦΑΛ.
3018 4322 3137 4378 ΛΖ’.

2565 4411 2693 4485 Περὶ
2724 4419 2767 4468 Π
2780 4415 2970 4485 ιαμοῦν
3003 4409 3285 4485 παρθένου.

2179 4511 2421 4581 [Ιιαμοῦν
2480 4506 2542 4560 τὸ
2585 4502 2756 4575 ὄνομα
2801 4504 3012 4579 γέγονεν
3064 4503 3348 4577 παρθένος,
3394 4504 3515 4571 ἥτις
3571 4503 3742 4557 πάντα

2100 4598 2167 4651 τὰ
2193 4594 2287 4667 ’ἐτη
2317 4603 2415 4665 τῆς
2450 4602 2595 4666 ζωῆς
2625 4594 2788 4658 αὐτῆς
2817 4588 3004 4663 ἔζησεν
3040 4593 3173 4663 μετά
3200 4598 3300 4659 τῆς
3352 4590 3560 4662 μητρὸς
3622 4591 3741 4644 Euo-

2104 4692 2204 4753 τῆς
2266 4688 2361 4760 μία
2417 4687 2561 4761 παρά
2613 4687 2739 4758 μίαν
2796 4683 3044 4737 ἐσθίουσα
3113 4680 3194 4735 ἀεὶ
3262 4678 3315 4733 ἐν
3374 4678 3592 4752 ἑσπέρᾳ,
3650 4688 3741 4740 καὶ

2103 4780 2341 4849 νήθουσα
2372 4776 2548 4832 λίνον.
2582 4774 2728 4843 Αὕτη
2762 4773 3069 4842 κατηξιώθη
3112 4768 3452 4845 χαρίσματος
3494 4766 3740 4842 προῤῥή-

2104 4887 2258 4929 σεως.
2293 4868 2379 4922 Έν
2410 4868 2491 4927 οἷς
2536 4859 2730 4931 συνέϐη
2788 4861 2836 4918 ἐν
2890 4860 3151 4934 Αἰγύπτῳ
3200 4857 3332 4913 ποτὲ
3378 4862 3479 4925 τῆς
3535 4851 3740 4910 ἀναϐά-

2104 4977 2238 5019 σεως
2272 4952 2435 5026 οὔσης
2464 4959 2561 5010 τοῦ
2593 4951 2792 5009 Νεὶλου
2852 4952 3048 5024 κώμην
3098 4949 3260 5021 κώμῃ
3290 4946 3585 5003 ἐπιθέσθαι.
3629 4948 3742 5004 Μά-

2104 5065 2293 5121 χονται
2350 5047 2451 5120 γὰρ
2512 5043 2589 5106 εἷς
2661 5044 2755 5104 τὰς
2825 5038 3177 5117 ὑδρημερίας,
3245 5036 3319 5097 ὡς
3394 5036 3482 5090 καὶ
3543 5035 3739 5110 φόνους

2101 5136 2529 5211 παρακολουθεῖν
2564 5133 2857 5195 πολλάκις,
2889 5130 2977 5184 καὶ
3029 5126 3357 5189 κατακοπάς.
3390 5126 3740 5197 Δυνατωτέρα

2102 5226 2193 5283 06v
2234 5227 2398 5299 κώμη
2435 5224 2649 5280 ἐπέθετο
2680 5224 2749 5292 τῇ
2778 5221 2946 5290 αὐτῆς
2994 5220 3183 5292 κώμη.
3217 5217 3313 5271 Καὶ
3358 5213 3605 5289 ἤρχοντο
3654 5212 3738 5268 ἐπ’

2101 5317 2265 5385 αὐτὴν
2299 5314 2483 5390 ἄνδρες
2516 5314 2567 5369 ἐν
2599 5312 2799 5383 πλήθει
2845 5310 2978 5383 μετά
3026 5306 3269 5381 δοράτων
3317 5303 3406 5357 καὶ
3454 5300 3735 5376 ῥοπάλων,

2101 5406 2241 5461 ὥστε
2289 5405 2557 5482 συγκόψαι
2586 5404 2685 5470 τήν
2719 5404 2913 5475 κώμην
2959 5400 3154 5462 αὐτῆς.
3186 5394 3434 5466 Παρέστη
3485 5387 3544 5443 δὲ
3571 5392 3739 5465 ταύτῃ

2098 5500 2165 5570 τῇ
2219 5478 2739 5569 μακαρίᾳγᾶγγελος
2791 5496 2892 5547 106
2950 5492 3085 5544 Θεοῦ
3152 5479 3552 5570 ἀποκαλύπτων
3601 5478 3740 5555 αὐτῇ

2097 5588 2195 5655 τήν
2226 5583 2458 5640 ἐπίθεσιν
2492 5583 2718 5638 τούτων.
2780 5573 3252 5645 Μεταστειλαμένη
3314 5564 3373 5623 δὲ
3427 5567 3563 5639 αὕτη
3612 5568 3739 5629 τοὺς

2099 5669 2495 5750 πρεσϐυτέρους
2525 5680 2624 5743 τῆς
2655 5672 2850 5745 κώμης
2897 5666 3083 5731 αὐτῆς.
3118 5659 3265 5731 λέγει
3323 5655 3531 5728 αὐτοῖς,
3564 5654 3738 5727 Ἐξελ-
