4076 6280
310 337 457 399 1101

1651 338 2027 398 HISTORIA
2070 336 2488 398 LAUSIACA.

3673 337 3827 396 “02

304 472 483 530 Exite,
519 476 574 525 et
607 487 670 526 cx
700 470 805 525 hoc
838 470 956 524 vico
988 470 1272 525 occarrite
1304 472 1385 525 eis
1412 472 1508 542 qui
1547 472 1783 525 veniunt
1807 476 2003 525 contra
2039 475 2085 536 Α
2122 475 2250 524 tuor
2280 470 2511 523 ordines
2546 468 2805 535 fratrum,
2832 486 2898 524 ex
2942 485 3180 524 numero
3214 468 3415 534 viginti
3447 468 3817 540 quatuorlit-

302 580 426 625 vos,
460 579 529 615 ne
570 580 670 616 vos
707 578 936 632 quoque
971 580 1083 615 una
1115 568 1246 615 eum
1282 563 1403 614 vico
1441 564 1708 631 pereatis,
1734 568 1787 613 et
1814 567 2009 629 rogate

304 670 400 708 eos
435 659 494 705 ut
521 653 799 706 desistunt
834 654 902 705 ab
929 653 1159 705 insidiis
1180 654 1459 705 adversus
1494 669 1589 705 vos
1617 655 1845 721 paratis.
1873 653 2010 705 Ter-

303 742 398 796 riti
432 748 627 795 autem
667 741 980 811 presbyteri
1016 742 1065 794 ei
1098 741 1165 793 ad
1218 744 1388 810 petes
1438 744 1848 810 prouumhunt,
1882 757 2006 794 eam

306 838 573 897 rogantes
606 837 660 881 et
698 829 954 883 dicentes
991 846 1002 882 :
1034 834 1144 882 Nos
1178 846 1290 883 non
1341 833 1525 883 aude:
1560 846 1626 882 us
1666 830 1748 883 cis
1800 831 1879 882 ire
1910 831 2009 881 oh-

304 918 497 981 viam;
537 916 756 971 scimus
782 916 937 970 enim
980 933 1180 970 eorum
1212 918 1613 970 temulentiam
1665 925 1719 969 et
1746 918 2008 985 petulan-

305 1006 440 1060 tiam
470 1022 482 1071 ;
516 1008 611 1060 sed
648 1009 694 1059 si
722 1006 857 1061 fucis
894 1007 1346 1061 misericordiam
1381 1007 1437 1059 in
1482 1024 1586 1060 nos
1618 1012 1673 1061 et
1725 1007 1782 1059 in
1825 1012 2009 1059 totum

304 1096 519 1161 vicum,
553 1100 608 1150 et
644 1096 697 1148 in
731 1096 963 1149 domum
1004 1108 1184 1162 tuam,
1219 1096 1341 1165 ipsa
1371 1096 1453 1150 eis
1484 1098 1753 1165 egredere
1783 1094 2009 1148 obviam

302 1184 551 1255 illosque
586 1190 820 1255 pacatos
848 1190 1057 1239 averte.
1096 1186 1199 1239 illa
1230 1190 1421 1239 autem
1449 1202 1579 1239 cum
1609 1201 1719 1237 nun
1773 1199 2012 1237 assensu

303 1280 479 1342 esset,
511 1275 749 1328 veniens
782 1275 837 1327 in
876 1291 1040 1329 suam
1076 1275 1510 1341 domunculam,
1544 1278 1705 1329 stetit
1760 1278 1879 1327 tota
1913 1289 2011 1325 no-

305 1366 394 1416 cte
424 1380 595 1417 orans
652 1368 709 1417 et
739 1379 889 1432 genu
944 1364 1184 1418 minime
1216 1368 1471 1427 ﬂectens,
1506 1364 1605 1417 sed
1658 1378 1890 1433 rogans,
1923 1361 2011 1415 di—

304 1454 484 1506 cendo
520 1468 534 1505 :
568 1452 811 1506 Domine
836 1453 930 1521 qui
959 1454 1187 1521 judicas
1213 1466 1447 1515 terram,
1497 1454 1587 1506 cui
1632 1453 1774 1505 nihil
1830 1452 2014 1521 placet

304 1545 454 1612 quod
488 1553 572 1597 est
610 1545 920 1613 injustam,
950 1561 1081 1599 cum
1117 1545 1238 1599 hac
1262 1545 1331 1599 ad
1367 1548 1421 1599 te
1450 1544 1673 1599 venerit
1698 1542 1901 1602 oratio,
1928 1543 2013 1596 vir

304 1640 396 1686 tus
431 1639 530 1687 tua
565 1650 663 1688 eos
723 1635 889 1687 sistat
947 1633 1274 1689 immobiles
1336 1640 1609 1701 tanquam
1665 1633 2011 1710 columnam,

304 1723 632 1792 ubicunque
673 1740 770 1777 eos
804 1724 1275 1794 deprehenderit.
1306 1724 1449 1777 Cum
1488 1725 1605 1778 haec
1638 1730 1839 1777 sancta
1860 1723 2011 1793 virgo

2120 564 2375 612 terarum
2409 578 2421 624 ;
2460 562 2841 630 praecepitque
2874 560 3387 627 unicuiqueordini
3418 561 3712 628 imponere
3734 574 3826 614 n0-

2124 664 2253 701 mcn
2286 648 2631 701 elementum
2655 652 2941 714 Graecum,
2974 652 3044 701 ab
3078 668 3129 711 α,
3168 647 3219 709 3.
3253 654 3309 701 et
3365 664 3492 718 quae
3553 648 3824 716 deinceps

2121 744 2472 806 sequuntur,
2499 754 2681 807 usque
2705 742 2771 789 ad
2807 757 2873 802 ω,
2910 746 2967 789 ut
2990 739 3128 789 dum
3155 739 3474 806 interrogat
3497 738 3823 791 archiman-

2122 828 2270 880 drita
2292 829 2359 881 de
2390 828 2585 896 aliquo
2620 828 2672 879 in
2710 833 2869 879 tanta
2904 827 3292 893 multitudine,
3338 828 3661 882 sciscitatur
3692 844 3823 881 cum

2122 918 2217 988 qui
2253 924 2342 971 est
2373 918 2443 971 ab
2477 936 2541 971 eo
2573 920 2892 979 secundus,
2935 916 3228 986 quomodo
3260 934 3321 970 se
3378 918 3549 972 habet
3588 919 3728 972 ordo
3766 935 3823 985 α,

2121 1015 2222 1061 aut
2256 1012 2548 1076 quomodo
2590 1024 2652 1061 se
2695 1007 2865 1061 habet
2899 1008 3039 1060 ordo
3160 1007 3379 1061 Rursus
3420 1006 3605 1060 saluta
3632 1026 3683 1078 ρ,
3727 1022 3826 1061 se—

2122 1099 2347 1166 quendo
2380 1098 2675 1165 quoddam
2707 1098 3005 1166 proprium
3071 1112 3278 1150 nomen
3340 1095 3709 1154 litterarum:
3772 1099 3828 1149 et

2121 1186 2587 1256 simplicioribus
2622 1187 2858 1256 quidem
2891 1192 2947 1239 et
2979 1185 3387 1241 sincerioribus
3416 1185 3683 1254 imponcs
3717 1201 3825 1238 no-

2123 1294 2251 1331 men
2292 1294 2347 1341 ις
2380 1277 2806 1331 difﬁcilioribus
2830 1278 3062 1345 autemE
3100 1292 3113 1331 :
3149 1276 3298 1331 etsic
3320 1275 3726 1330 convenienter
3748 1276 3824 1328 in-

2121 1368 2339 1422 stitutis
2370 1383 2568 1421 eorum
2614 1378 2671 1420 et
2702 1368 2829 1419 vitae
2863 1372 2916 1420 et
2970 1367 3253 1435 moribus,
3285 1366 3603 1435 unicuique
3633 1363 3821 1420 ordini

2120 1458 2475 1511 elementum
2510 1456 2712 1510 litterae
2747 1457 3252 1521 accommodabis;
3288 1455 3428 1509 solis
3460 1454 3823 1523 spiritalibus

2118 1546 2585 1615 intelligentibus
2615 1563 2678 1599 ea
2710 1563 2835 1617 quze
2868 1546 3292 1613 significantur.
3325 1546 3606 1614 Scriptum
3629 1551 3819 1598 autem

2118 1648 2234 1690 erat
2268 1639 2323 1691 in
2360 1635 2594 1689 tabula:
2633 1636 2689 1689 Si
2742 1638 2964 1689 venerit
3000 1636 3205 1702 hospes
3256 1635 3493 1690 alterius
3527 1639 3824 1689 monaste—

2121 1728 2209 1793 rii,
2240 1729 2391 1797 quod
2430 1728 2598 1780 habet
2631 1727 2799 1780 alium
2830 1728 3098 1788 formam,
3132 1742 3265 1779 cum
3298 1726 3384 1780 eis
3426 1741 3528 1779 nec
3561 1724 3824 1779 comedat

302 1812 387 1866 δίο
419 1818 663 1879 ﬂesset.
718 1813 835 1867 tale
896 1814 1031 1884 quid
1067 1814 1298 1869 HCOidit-
1335 1815 1536 1868 Hostes
1594 1813 1746 1867 circa
1806 1814 2005 1866 horam
2043 1837 2087 1901 Β
2125 1834 2225 1872 nec
2251 1818 2428 1884 bibat,
2455 1822 2510 1870 et
2543 1832 2645 1869 nec
2706 1817 3068 1886 ingrediatur
3099 1816 3159 1869 in
3220 1817 3658 1875 monasterium,
3712 1813 3820 1867 nisi

305 1902 633 1973 primam,a
674 1904 859 1957 tribus
911 1903 1279 1973 milliaribus,
1310 1905 1366 1957 in
1423 1904 1543 1958 loco
1587 1904 1678 1957 iixi
1732 1909 2007 1972 tamquam

304 1993 946 2059 columna,labet‘actari
984 2013 1096 2050 non
1132 2000 1413 2066 poterant.
1446 1997 1561 2049 Illis
1583 2012 1815 2067 quoque
1847 2011 2009 2049 reve—

303 2082 487 2137 latum
521 2094 597 2137 est
636 2088 784 2154 quiid
820 2103 991 2140 serva:
1025 2087 1234 2141 Christi
1278 2088 1521 2140 Piamun
1573 2086 2011 2140 intercessioni-

303 2173 411 2227 bus
445 2174 659 2228 factum
696 2186 773 2228 est
808 2178 891 2229 eis
926 2178 1451 2247 impedimentum;
1488 2178 1636 2245 iique
1696 2178 1764 2229 ad
1821 2176 2006 2229 vicum

305 2261 602 2317 mittentes
624 2281 816 2333 pacem
840 2266 1157 2335 petierunt,
1191 2268 1449 2320 dicentes
1486 2284 1498 2321 :
1533 2268 1699 2337 Agite
1731 2266 1844 2319 Deo
1870 2282 2010 2337 gra-

297 2349 407 2402 tias
441 2356 495 2403 et
532 2354 797 2420 precibus
849 2355 1091 2407 Piamun
1147 2372 1269 2424 quas
1307 2373 1407 2408 nos
1472 2356 1887 2426 impedierunt,
1936 2372 2005 2410 ne

307 2453 587 2508 magnum
612 2442 770 2495 vobis
807 2442 1022 2495 malum
1061 2445 1426 2499 inferremus.

867 2532 1098 2588 CAPUT
1121 2533 1415 2589 XXXVIII.

303 2619 415 2671 Vita
464 2619 672 2674 abbatis
730 2622 1015 2677 Pachumii
1075 2624 1223 2747 (76)}
1260 2630 1530 2678 eteorum
1587 2626 1835 2694 quicum
1891 2627 2003 2696 ipso

1056 2712 1199 2747 eran
1232 2736 1245 2747 .

1056 2712 1245 2749 erant.

363 2781 711 2838 Tabennesis
741 2785 857 2857 (77)
894 2789 979 2837 est
1019 2784 1182 2838 locus
1230 2785 1314 2839 sic
1365 2786 1693 2854 appellatus
1743 2786 1799 2839 in
1850 2787 1996 2841 The-

292 2870 567 2937 baide,in
608 2890 723 2943 quo
760 2877 868 2927 fuit
926 2874 1270 2930 Pachomius
1316 2875 1659 2941 monachus,
1693 2877 1779 2929 vir
1809 2893 1876 2930 ex
1926 2878 1996 2931 iis

292 2961 391 3031 qui
425 2962 689 3015 vixerunt
731 2965 787 3017 in
832 2982 1065 3019 summo
1124 2972 1180 3019 et
1239 2969 1487 3034 perieulo
1537 2967 1664 3018 vitae
1726 2968 1994 3022 instituto

288 3048 433 3119 (Vita
466 3050 585 3113 eius
640 3067 829 3119 supra,
858 3053 894 3104 ι.
934 3052 999 3118 i),
1034 3054 1175 3106 adeo
1211 3059 1272 3104 ut
1302 3054 1352 3106 is
1386 3054 1556 3105 fuerit
1606 3054 1883 3119 dignatus
1938 3059 1992 3108 et

292 3140 621 3194 futurorum
666 3141 1139 3209 praedictionibus
1170 3153 1217 3196 et
1254 3143 1529 3212 angelicis
1567 3143 1902 3198 visionibus.
1941 3144 1990 3197 Is

290 3228 399 3282 fuit
432 3230 594 3283 valde
624 3246 829 3284 amans
861 3247 1208 3301 pauperum,
1259 3237 1314 3284 et
1357 3247 1565 3299 magna
1614 3233 1895 3285 cbaritate
1929 3232 1985 3285 in

286 3317 572 3373 homines.
606 3320 683 3373 Eo
705 3337 839 3391 ergo
856 3322 1093 3375 sedente
1126 3323 1179 3375 in
1226 3322 1641 3391 hacspelunca,
1665 3330 1820 3377 visus
1840 3325 1989 3378 estei

287 3411 527 3475 angelus
562 3409 809 3476 Domini,
853 3411 951 3479 qui
984 3412 1032 3463 ei
1067 3411 1241 3465 dicit:
1277 3412 1571 3478 Pachomi,
1625 3429 1692 3466 ea
1750 3413 1987 3483 quidem

288 3513 413 3567 quas
446 3500 514 3551 ad
546 3504 598 3551 te
632 3500 939 3569 pertinent,
975 3506 1124 3554 recte
1154 3510 1205 3553 et
1236 3517 1302 3554 ex
1335 3501 1545 3555 virtute
1576 3502 1803 3570 gessisni
1831 3520 1845 3569 ;
1886 3519 1989 3555 su-

284 3603 636 3657 pervacanea
667 3605 801 3657 ergo
834 3591 1000 3642 sedes
1033 3590 1090 3642 in
1153 3590 1258 3644 hoc
1290 3590 1411 3644 loco
1446 3608 1459 3657 ;
1496 3608 1601 3661 age
1640 3608 1793 3659 ergo,
1827 3607 1988 3660 egre-

284 3676 442 3741 dere,
484 3682 541 3732 et
572 3694 857 3748 congrege
887 3694 1091 3732 omnes
1118 3680 1379 3747 juniores
1415 3682 1752 3745 monachos,
1795 3688 1848 3734 et
1883 3682 1990 3735 ba-

283 3764 407 3819 bita
436 3781 566 3819 cum
591 3765 697 3832 eis,
731 3771 788 3819 et
820 3783 1070 3839 sequens
1096 3768 1339 3822 formam
1378 3786 1551 3838 quam
1578 3771 1727 3823 dabo
1759 3771 1884 3837 tibi,
1909 3771 1989 3825 eis

283 3854 438 3925 leges
470 3859 778 3912 constitue.
823 3859 999 3927 Eique
1034 3860 1190 3911 dedit
1222 3860 1477 3913 tabulam
1513 3876 1752 3925 teneam,
1786 3860 1840 3914 in
1877 3878 1989 3929 qua

286 3942 406 3995 hac
439 3945 657 4011 scripta
689 3948 914 3999 fuerant
946 3964 959 4000 :
996 3948 1254 4001 Concede
1285 3950 1598 4016 unicuique
1630 3956 1694 4000 ut
1725 3952 1991 4003 comedat

287 4038 345 4087 et
367 4033 527 4086 bibat
551 4051 649 4102 pro
675 4035 1339 4090 viribuscomedentium
1368 4054 1382 4103 ;
1416 4039 1500 4090 eis
1532 4054 1758 4107 quoque
1778 4042 1991 4092 manda

287 4140 459 4192 opera
490 4140 616 4193 quas
652 4127 1019 4193 proportione
1083 4126 1429 4180 conveniant
1476 4144 1543 4179 ac
1585 4131 1989 4200 reSpondeant,

289 4216 345 4267 et
377 4228 563 4281 neque
585 4214 851 4283 jejunare
890 4213 1127 4283 prohibe
1159 4231 1263 4268 nec
1293 4219 1614 4273 comedere.
1649 4219 1740 4273 Sic
1761 4221 1989 4290 quidem

284 4300 536 4357 fortibus
569 4305 730 4357 fortia
768 4306 978 4357 manda
1011 4321 1206 4375 opera,
1240 4306 1529 4361 imbecilla
1562 4319 1748 4363 autem
1775 4312 1993 4368 etlevia

283 4393 357 4447 iis
378 4392 475 4462 qui
500 4410 562 4448 se
592 4392 778 4464 magis
809 4409 1096 4460 exercent,
1130 4404 1186 4449 et
1226 4403 1363 4451 sunt
1413 4399 1850 4455 imbecilliores.
1885 4403 1993 4458 Fac

282 4488 471 4538 autem
499 4485 758 4538 diversas
782 4483 955 4538 cellas
993 4484 1049 4538 in
1082 4486 1285 4540 eadem
1331 4488 1480 4554 aula,
1526 4495 1582 4543 et
1612 4495 1728 4543 tres
1762 4492 1815 4543 in
1850 4493 1992 4547 cella

285 4576 878 4631 mancant.0mnibus
910 4582 1101 4629 autem
1120 4577 1285 4631 cibus
1316 4577 1372 4631 in
1410 4582 1709 4635 unadomo
1734 4588 1985 4648 paretur.
2020 4574 2063 4637 D

282 4662 581 4717 Dormiunt
640 4671 830 4719 autem
889 4682 1002 4719 non
1062 4668 1483 4729 recumbentes.
1548 4670 1642 4722 sed
1679 4673 1988 4726 exstructis

275 4752 383 4805 sibi
413 4753 652 4807 sedibus
678 4753 846 4823 paulo
869 4756 1295 4823 supininribus,
1317 4764 1373 4810 et
1411 4757 1529 4811 illic
1553 4758 1677 4813 suis
1698 4760 1987 4829 impositis

277 4842 554 4911 stragulis
586 4842 880 4894 dormiant
910 4844 1178 4897 sedentes
1236 4850 1412 4899 Noctu
1439 4854 1631 4901 autem
1649 4854 1871 4917 gestent
1903 4852 1985 4903 le.-

280 4930 507 4984 bitones
538 4931 741 4996 lineos,
776 4933 1079 4987 succincti.
1122 4934 1341 4988 Habeat
1374 4939 1783 5009 unusquisque
1814 4941 1984 4995 exhis

280 5020 486 5092 pellem
511 5020 743 5074 ovillam
768 5022 951 5076 albam
970 5022 1316 5091 laboratam,
1342 5027 1562 5097 absque
1589 5046 1655 5083 ea
1684 5046 1868 5100 neque
1890 5047 1981 5084 co-

281 5111 537 5172 medant,
560 5126 743 5180 neque
764 5111 1073 5167 dormiant.
1098 5116 1696 5186 Ingredientesautcm
1723 5124 1787 5173 ad
1819 5118 1981 5173 Chri-

276 5201 345 5255 sti
382 5198 852 5254 communionem
912 5202 1161 5256 Sabbato
1195 5210 1251 5258 et
1281 5204 1602 5272 Dominica,
1640 5222 1815 5262 zonas
1858 5209 1981 5262 sol-

276 5295 434 5353 vant,
469 5295 524 5345 et
550 5288 752 5360 pellem
786 5288 1014 5345 ovillam
1040 5293 1421 5360 deponant,et
1451 5310 1581 5349 cum
1616 5297 1734 5350 sola
1753 5298 1981 5354 cuculla

278 5378 697 5449 ingrediantur.
734 5380 889 5434 Fecit
920 5393 1105 5433 autem
1138 5381 1221 5435 eis
1244 5382 1500 5436 cucullas
1531 5387 1657 5437 sine
1681 5385 1834 5439 villis
1868 5388 1979 5457 (78)

278 5473 557 5538 tanquam
601 5471 817 5538 pueris,
849 5471 903 5522 in
938 5469 1153 5539 quibus
1181 5471 1352 5524 etiam
1381 5473 1559 5537 jussit
1591 5474 1808 5538 imponi
1843 5477 1980 5545 ligu-

279 5574 405 5614 ram
425 5561 613 5613 crucis
646 5577 965 5631 purpureai.
999 5560 1189 5616 Jussit
1226 5565 1419 5616 autem
1450 5579 1575 5618 esse
1604 5565 1810 5635 viginti
1843 5583 1982 5636 qua-

2122 1910 2292 1964 tuerit
2323 1911 2589 1961 inventus
2622 1909 2679 1960 in
2712 1907 2820 1961 via.
2873 1910 3047 1959 Porro
3070 1921 3198 1959 eum
3225 1907 3322 1975 qui
3359 1904 3534 1959 semel
3567 1904 3821 1973 ingredi-

2121 2005 2357 2063 tur,nec
2393 2003 2579 2068 potest
2608 2013 2737 2049 cum
2772 1996 2855 2051 eis
2888 1999 2952 2049 ad
2988 1996 3303 2049 triennium
3362 1995 3653 2049 sustinere
3700 2011 3820 2049 cere

2121 2098 2334 2151 tamen,
2360 2105 2471 2141 non
2506 2087 2816 2143 admittes:
2853 2086 2950 2139 sed
2984 2101 3112 2137 cum
3148 2100 3322 2154 opera
3380 2083 3572 2139 fecerit
3612 2084 3818 2137 ditﬁci-

2121 2180 2282 2246 liora,
2315 2178 2397 2231 sic
2432 2178 2663 2248 prodeat
2688 2176 2742 2228 in
2778 2176 3033 2229 stadium
3070 2182 3194 2245 post
3224 2174 3560 2229 triennium.
3618 2177 3821 2228 Come-

2119 2270 2322 2323 dentes
2354 2277 2539 2320 autem
2597 2265 2789 2318 velent
2837 2264 3025 2333 capita
3057 2263 3326 2328 cucullis,
3361 2279 3431 2317 ne
3480 2265 3651 2317 frater
3704 2265 3816 2317 fra-

2117 2364 2259 2413 trem
2294 2358 2483 2409 videat
2516 2355 2900 2409 mandentem.
2956 2354 3289 2409 Comedenti
3324 2370 3436 2407 non
3472 2353 3606 2406 licet
3636 2352 3815 2423 loqui,

2117 2464 2220 2502 nec
2266 2455 2421 2501 extra
2454 2447 2733 2515 quadram
2767 2448 2822 2498 et
2876 2461 3131 2498 mensam
3170 2460 3413 2512 usquam
3450 2442 3561 2496 alio
3615 2442 3814 2497 oculos

2114 2541 2465 2592 convertere.
2500 2534 2812 2590 Constituit
2842 2540 3035 2588 autem
3072 2540 3133 2586 ut
3156 2550 3254 2604 per
3277 2539 3459 2588 totum
3485 2533 3638 2586 diem
3668 2533 3815 2586 face-

2114 2631 2241 2681 rent
2273 2624 2579 2678 duodecim
2615 2625 2929 2691 orationcs,
2957 2629 3012 2677 et
3043 2639 3171 2677 cum
3210 2624 3275 2675 ad
3296 2622 3685 2690 vespertinum
3722 2620 3813 2675 lu-

2113 2733 2241 2771 men
2278 2716 2391 2785 (79)
2425 2715 2703 2779 venirent,
2728 2725 2775 2767 et
2804 2713 2859 2767 in
2919 2714 3213 2767 nocturnis
3244 2712 3456 2783 vigiliis
3487 2712 3808 2779 duodecim,

2112 2810 2167 2859 et
2234 2807 2375 2859 hora
2463 2821 2614 2857 nona
2700 2812 2831 2856 tres.
2909 2804 3151 2868 Quando
3237 2810 3428 2856 autem
3524 2802 3812 2855 videretur

2110 2894 2531 2950 comedendum
2566 2909 2692 2947 esse
2752 2892 3133 2957 multitudini,
3169 2892 3468 2947 constituit
3509 2905 3566 2945 ut
3624 2908 3809 2945 unus-

2107 2987 2353 3055 quisque
2384 2983 2522 3034 ordo
2554 2981 2610 3033 in
2646 2998 2997 3051 unaquaque
3028 2982 3286 3034 oratione
3320 2980 3613 3050 psalmum
3648 2980 3807 3048 prius

2104 3069 2355 3118 caneret.
2402 3061 2544 3115 Cum
2586 3067 2776 3113 autem
2826 3077 3074 3131 magnus
3115 3060 3457 3114 Pachomius
3482 3072 3679 3113 contra
3708 3077 3806 3114 an-

2104 3154 2295 3222 gelum
2332 3154 2547 3205 diceret
2577 3168 2700 3206 esse
2748 3168 2963 3222 paucas
3018 3152 3332 3217 orationes,
3364 3152 3415 3205 ei
3470 3152 3606 3205 dicit
3636 3167 3807 3221 ange-

2104 3242 2191 3295 lus
2223 3259 2241 3296 :
2276 3246 2404 3294 llaec
2434 3240 2731 3301 constitui,
2772 3246 2835 3293 ut
2869 3239 3025 3307 parvi
3061 3256 3292 3310 qunque
3325 3241 3549 3310 possint
3608 3256 3806 3309 proce-

2100 3332 2233 3384 dere
2265 3330 2332 3382 ad
2371 3329 2775 3397 perficiendam
2812 3330 3093 3398 regulam,
3131 3346 3233 3383 nec
3263 3330 3347 3384 eis
3378 3329 3802 3393 sitmolestum;

2099 3419 2199 3490 qui
2223 3426 2413 3472 autem
2450 3424 2587 3471 sunt
2640 3418 3035 3486 pert'ecti,non
3085 3435 3231 3488 opus
3266 3418 3479 3473 habent
3536 3423 3601 3473 ut
3652 3420 3804 3489 leges

2098 3507 2183 3561 eis
2224 3509 2520 3569 ferantur;
2565 3520 2693 3557 nam
2730 3520 2862 3558 cum
2900 3521 2994 3573 per
3025 3521 3085 3557 se
3138 3515 3274 3558 sunt
3304 3507 3364 3561 in
3398 3506 3579 3573 cellis,
3624 3510 3804 3559 totam

2099 3613 2260 3651 suam
2293 3596 2464 3647 vitam
2492 3592 3336 3661 attribuuntcontemplationi.
3376 3594 3475 3649 His
3505 3606 3693 3648 autem
3726 3593 3804 3649 le-

2096 3703 2226 3758 gem
2264 3685 2391 3751 tuli,
2435 3683 2535 3754 qui
2564 3691 2816 3737 mentem
2845 3684 3086 3738 minime
3118 3684 3334 3740 habent
3360 3685 3802 3754 intelligentem,

2099 3783 2161 3831 ut
2192 3778 2344 3829 sicut
2375 3775 2520 3828 servi
2556 3779 2955 3838 contumaces,
2995 3780 3147 3827 metu
3187 3775 3411 3828 domini
3444 3780 3623 3829 totum
3678 3775 3805 3827 vitas

2095 3865 2435 3919 institutum
2476 3861 2808 3926 implentes,
2842 3877 3045 3914 secure
3076 3868 3132 3914 et
3177 3862 3354 3916 libere
3385 3863 3618 3930 degant.
3661 3864 3806 3917 Cum

2100 3955 2220 4007 haec
2250 3953 2579 4004 ordinassct
2635 3952 2904 4019 angelus,
2936 3954 2992 4003 et
3040 3948 3343 4018 implesset
3392 3950 3805 4017 ministerium,

2098 4043 2338 4097 recessit
2371 4058 2403 4093 a
2438 4054 2651 4108 magno
2687 4038 3019 4094 Pachomio.
3055 4039 3205 4093 Sunt
3233 4046 3425 4094 autem
3444 4041 3563 4095 haec
3606 4057 3807 4096 mona—

2097 4132 2273 4185 steria
2296 4146 2425 4202 quae
2461 4131 2705 4183 formam
2743 4129 2889 4183 hanc
2920 4130 3321 4193 obtinuerunt,
3356 4130 3623 4185 habentia
3654 4132 3803 4186 viro-

2099 4238 2225 4275 rum
2259 4221 2484 4275 circiter
2527 4225 2744 4287 septem
2807 4219 3007 4275 millia.
3063 4221 3161 4275 Est
3191 4232 3377 4273 autem
3441 4221 3693 4290 primum
3749 4225 3805 4275 et

2102 4325 2378 4381 magnum
2434 4309 2870 4371 monasterium,
2907 4309 2961 4360 in
3006 4324 3121 4379 quo
3172 4311 3295 4379 ipse
3346 4308 3569 4362 habitat
3603 4313 3805 4363 beatus

2100 4398 2476 4464 Pachomius,
2509 4397 2660 4467 quod
2696 4396 2810 4450 alia
2842 4400 3062 4467 peperit
3094 4400 3467 4460 monasteria,
3498 4398 3803 4453 continens

2101 4502 2405 4541 numerum
2454 4484 2681 4538 circiter
2728 4483 2879 4537 mille
2932 4485 3493 4556 qnadringentorum
3523 4488 3801 4541 virorum.

2689 4572 2916 4628 CAPUT
2962 4573 3205 4630 XXXIX.

2517 4664 2646 4715 Vita
2670 4662 2892 4717 abbatis
2923 4664 3230 4729 Aph/banti
3257 4664 3393 4734 (80).

2166 4761 2324 4814 Inter
2355 4758 2601 4825 quosest
2626 4754 2797 4807 etiam
2832 4770 3029 4808 servus
3054 4754 3152 4808 Dei
3174 4755 3271 4824 qui
3294 4759 3531 4809 vocatur
3548 4755 3801 4827 Aphtho-

2095 4848 2249 4913 nius,
2285 4846 2382 4916 qui
2415 4850 2504 4897 est
2538 4842 2677 4895 mihi
2704 4858 3013 4906 germanus
3038 4859 3103 4896 ac
3134 4843 3397 4897 sincerus
3429 4847 3674 4912 amicus,
3700 4844 3799 4915 qui

2091 4938 2247 4992 hunc
2278 4935 2497 4991 obtinet
2528 4934 2850 4987 secundum
2917 4933 3104 4987 locum
3157 4935 3213 4987 in
3278 4933 3378 4988 illo
3425 4936 3798 4990 monasterio.

2091 5030 2268 5093 Quem
2306 5033 2370 5078 ut
2401 5023 2499 5094 qui
2534 5024 2611 5076 sit
2644 5033 2843 5090 potens
2867 5022 2924 5077 in
2958 5024 3206 5090 Christo,
3234 5024 3556 5096 firmusque
3586 5042 3651 5079 ac
3682 5029 3801 5079 sta-

2089 5116 2245 5181 bilis,
2280 5132 2380 5169 nec
2416 5113 2581 5169 facile
2620 5112 2833 5167 oti‘endi
2862 5113 3063 5182 possit,
3099 5113 3343 5168 mittunt
3367 5115 3439 5169 ad
3492 5131 3628 5169 suos
3656 5129 3797 5170 usus

2089 5203 2519 5269 Alexandriam,
2546 5211 2606 5255 ut
2632 5202 2836 5255 vendat
2871 5203 3103 5273 quidem
3152 5219 3347 5257 eorum
3386 5220 3580 5275 opera,
3642 5206 3798 5257 emat

2088 5304 2277 5352 autem
2307 5311 2432 5365 quae
2464 5293 2697 5347 sunteis
2736 5293 3082 5347 necessaria.
3109 5293 3255 5349 Sunt
3286 5300 3479 5347 autem
3512 5292 3627 5346 alia
3650 5308 3795 5363 quo-

2086 5402 2197 5455 que
2228 5383 2580 5439 monasteria
2614 5398 2736 5452 quas
2764 5388 3035 5437 constant
3055 5399 3121 5437 ex
3145 5381 3411 5437 ducentis
3432 5386 3488 5432 et
3518 5380 3794 5434 trecentis

2084 5476 2391 5531 animabus
2427 5478 2464 5527 ί.
2498 5478 2678 5543 Atque
2735 5473 2793 5527 in
2838 5473 3010 5528 Panis
3042 5474 3273 5544 quidem
3335 5472 3629 5539 ingressus
3659 5486 3791 5525 sum

2082 5566 2375 5622 civitatem
2417 5563 2545 5633 (81),
2580 5564 2637 5618 in
2677 5578 2793 5634 qua
2827 5562 3246 5620 monasterium
3278 5562 3501 5614 constat
3543 5575 3613 5615 ex
3650 5560 3790 5616 viris

358 5650 372 5681 ¹
410 5647 513 5704 Hic
544 5650 809 5716 quadam
840 5652 897 5704 in
932 5648 1146 5715 Graiae,
1181 5668 1307 5721 quas
1339 5651 1509 5709 habet
1541 5653 1869 5711 Heraclides
1902 5672 2025 5727 cap.
2063 5657 2145 5710 19.
