4074 6278
292 263 491 353 1103‘

291 503 421 559 quas
453 491 787 553 supersunt,
811 483 1098 539 aediﬁcant
1129 484 1431 555 (8‘2)etiam
1463 485 1771 539 mulierum
1813 503 1998 540 mona-

290 576 482 639 steria,
517 580 574 629 et
612 576 924 628 custodias.
980 574 1143 627 lt‘lane
1194 590 1327 643 ergo
1370 581 1667 631 surgentes
1700 576 1735 628 ii
1787 577 1999 646 quibus

291 683 397 723 sua
428 668 549 721 vice
580 666 686 720 hoc
720 681 928 719 munus
962 665 1232 734 obtingit,
1269 664 1364 718 alii
1396 665 1622 736 quidem
1653 673 1791 720 sunt
1822 684 2000 721 occu-

289 757 405 826 pati
435 758 490 810 in
526 756 743 822 culina,
769 756 865 808 alii
900 771 1027 808 vero
1053 761 1358 807 versantur
1379 755 1435 808 in
1462 758 1676 809 mensis
1703 759 1999 827 patrandis,

289 860 501 902 mensae
525 847 893 915 imponentes
922 861 1097 914 panes
1122 845 1354 897 etolera
1386 847 1659 914 agrestia,
1693 847 2002 915 olivas,ca-

288 951 442 1002 sees,
476 941 534 989 et
561 942 846 989 extremas
878 934 1143 988 carnium
1182 942 1400 1005 partes,
1426 941 1479 989 et
1512 938 2003 993 cumminutaole-

287 1039 372 1082 ra.
394 1028 578 1095 Atque
612 1025 1020 1094 ingrediuntur
1048 1023 1425 1095 quidem,qui
1449 1026 1642 1079 minus
1674 1031 2001 1084 suntrobu-

285 1114 382 1182 sti,
423 1113 563 1168 hora
593 1113 860 1183 septima,
896 1118 949 1167 et
985 1114 1319 1181 comedunt,
1356 1121 1414 1168 ut
1459 1118 1557 1185 qui
1590 1116 1710 1170 sint
1741 1118 2002 1175 imbecil-

281 1203 494 1270 liores;
529 1202 631 1258 alii
664 1219 840 1267 nona,
874 1204 970 1257 alii
1002 1204 1244 1268 decima,
1281 1204 1377 1258 alii
1433 1221 1558 1260 sero
1614 1223 1867 1276 vespere,
1901 1210 1995 1268 alii

282 1298 417 1368 post
448 1293 831 1361 biduum,alii
859 1301 983 1357 post
1014 1294 1298 1360 triduum,
1333 1296 1427 1349 alii
1454 1298 1995 1366 postqualriduum,

281 1382 386 1439 alii
421 1386 551 1453 post
580 1381 837 1453 quinque
856 1383 1004 1449 dies,
1037 1384 1179 1438 adeo
1210 1387 2001 1456 utunumquodqueelemen-

286 1475 411 1526 tum
440 1476 635 1525 horam
665 1470 955 1541 propriam
992 1472 1302 1543 signiﬁcet.
1336 1475 1428 1526 Sic
1461 1485 1652 1529 autem
1689 1484 1853 1530 erant
1902 1494 1996 1532 eo-

286 1577 415 1617 rum
440 1577 663 1630 quoqus
693 1577 867 1629 opera
900 1577 914 1616 :
948 1561 1096 1614 alius
1128 1564 1359 1631 quidem
1394 1565 1619 1618 laborat
1656 1567 1712 1619 in
1748 1584 1884 1636 agro
1908 1585 1997 1622 co-

287 1649 476 1710 lendo.
513 1651 666 1704 alius
702 1651 758 1704 in
812 1653 1166 1717 horto,altus
1200 1652 1254 1706 in
1292 1653 1554 1721 pistrino,
1589 1654 1738 1710 alius
1767 1658 1818 1709 in
1866 1658 1991 1713 aeris

288 1740 546 1808 ofﬁcina,
576 1740 725 1794 alius
780 1741 837 1794 in
874 1740 1229 1805 fabricando,
1281 1742 1431 1796 alius
1462 1742 1520 1797 in
1563 1750 1685 1797 arte
1740 1746 1998 1806 fullonia.

287 1829 512 1886 aliusiu
550 1830 822 1900 parandis
855 1831 1024 1884 coriis
1052 1831 1187 1901 (83).
1227 1831 1373 1885 alius
1406 1833 1457 1886 in
1494 1834 1841 1889 consuendis
1869 1837 1995 1891 cal-

287 1918 594 1987 ceis,alius
625 1920 680 1972 in
716 1918 1294 1989 pulchrescribendo,
1329 1921 1479 1975 alius
1508 1928 1855 1979 contexebat
1877 1943 1998 1980 ma-

286 2025 430 2081 gnas
462 2016 714 2079 sportas,
744 2010 889 2063 alius
921 2010 1205 2064 canistros
1239 2014 1628 2080 etsportulas.
1666 2013 1999 2073 Memoriter

286 2105 481 2154 autem
515 2116 716 2154 omnes
746 2107 1092 2171 cxpromunt
1122 2100 1471 2167 Scripturas.

356 2188 575 2244 Horum
608 2197 695 2243 est
728 2189 1033 2244 mulierum
1064 2206 1292 2261 quoque
1328 2191 1746 2247 monasterium
1773 2194 2002 2251 circiter

287 2278 845 2349 quadringentarum
876 2280 1031 2351 quod
1067 2280 1237 2334 habet
1270 2281 1538 2335 eamdem
1594 2283 1820 2337 viven'li
1882 2286 2000 2342 for-

288 2383 441 2423 mam
474 2373 531 2422 et
561 2369 711 2423 idem
772 2369 1125 2436 institutum,
1162 2376 1365 2439 praeter
1399 2369 1603 2440 pellem
1637 2373 1889 2431 ovillam.
1934 2378 2003 2432 Et

288 2463 427 2513 sunt
456 2459 693 2529 quidem
730 2459 1002 2513 mulieres
1036 2466 1197 2513 trans
1232 2460 1471 2515 [luvium
1506 2462 1739 2529 Nilum;
1771 2466 1875 2519 viri
1906 2483 1998 2520 au-

290 2552 403 2598 tem
436 2561 503 2599 ex
531 2549 765 2600 adverso
796 2562 1018 2600 earum.
1046 2547 1103 2601 Si
1139 2548 1296 2617 virgo
1348 2562 1538 2603 autem
1599 2552 1833 2621 obierit,
1867 2556 2003 2607 reli-

292 2647 422 2702 qua
451 2632 708 2704 virgines
731 2650 858 2686 cum
883 2637 1094 2688 eamad
1124 2638 1480 2704 sepulturam
1507 2641 2000 2709 concinnaverint,

291 2720 557 2787 efferunt,
588 2731 638 2775 et
666 2737 792 2775 eam
830 2729 1055 2791 ponunt
1080 2726 1149 2777 ad
1181 2728 1366 2793 ripam
1404 2724 1586 2780 ﬂuvii.
1620 2728 2002 2799 Trajicientes

289 2816 482 2868 autem
520 2812 718 2865 fratres
750 2826 883 2865 cum
920 2812 1130 2882 palmis
1161 2819 1216 2867 et
1250 2814 1426 2869 ramis
1456 2815 1620 2872 oliva:
1652 2824 1708 2873 et
1753 2821 2001 2888 psalmo-

286 2902 404 2968 dia,
437 2916 563 2956 eam
622 2901 1044 2968 transmitiunt,
1079 2909 1138 2957 et
1184 2903 1243 2957 in
1276 2904 1399 2959 suis
1434 2907 1808 2964 monimentis
1839 2928 1999 2982 sepe-

287 2991 458 3047 liunt.
494 2992 698 3046 Praeter
732 2992 1133 3065 presbyterum
1169 3000 1360 3051 autem
1394 3004 1449 3051 et
1472 2998 1783 3055 diaconum
1807 3004 1999 3061 nullos

289 3081 501 3137 transit
530 3083 599 3138 ad
632 3083 1053 3140 monasterium
1085 3087 1463 3155 feminarum,
1488 3088 1665 3159 idque
1683 3090 1777 3145 die
1800 3092 1995 3148 Domi-

291 3186 439 3227 DICO.

957 3282 1187 3338 CAPUT
1220 3285 1332 3340 XL.

290 3371 365 3427 De
391 3368 619 3438 Virgine
669 3370 803 3440 (84),
859 3370 925 3425 de
986 3388 1093 3457 qua
1151 3375 1334 3457 fuerat
1379 3376 1587 3431 dictum
1654 3379 1859 3446 falsum
1917 3384 2001 3436 te-

976 3451 1321 3498 alimonium.

367 3529 431 3583 In
469 3527 573 3581 hoe
605 3531 959 3582 monasterio
994 3532 1339 3586 feminarum
1378 3536 1494 3589 haec
1528 3553 1616 3591 res
1650 3540 1878 3594 accidit.
1903 3541 2007 3595 Su-

295 3624 387 3674 tor
418 3616 711 3671 sascularis
744 3634 876 3671 cum
911 3620 1232 3687 trajecisset
1267 3639 1366 3690 per
1414 3626 1818 3696 ignorantiam,
1852 3647 2006 3699 quaa-

300 3707 463 3762 rebat
493 3722 640 3774 opus
682 3723 696 3760 :
729 3723 954 3776 egressa
974 3716 1168 3762 autem
1196 3727 1312 3765 una
1337 3714 1535 3779 juniur
1568 3731 1737 3783 quam
1763 3721 1886 3787 ejus
1916 3737 2007 3788 po-

300 3796 545 3851 stularet
574 3797 715 3852 ratio
747 3798 859 3868 (est
889 3800 1040 3853 enim
1108 3801 1266 3856 locus
1300 3807 1585 3877 desertus)
1630 3807 1814 3863 invita
1873 3826 2005 3864 eum

301 3887 588 3953 convenit,
613 3889 885 3957 deditque
916 3892 963 3943 ei
993 3907 1336 3960 responsum
1377 3910 1390 3947 :
1426 3894 1537 3950 Nos
1590 3899 1875 3955 habemus
1908 3918 2010 3955 no—

293 3984 704 4033 strossutores.
721 3980 848 4033 Alia
897 3993 1090 4035 autem
1111 3999 1234 4051 quae
1251 3986 1378 4051 eius
1399 3986 2009 4061 videratcelloquium,

292 4082 427 4122 cum
491 4084 759 4136 processu
813 4070 1085 4139 temporis
1121 4072 1268 4128 inter
1303 4090 1399 4127 eas
1430 4087 1626 4129 exorta
1665 4085 1820 4133 esset
1869 4098 2011 4135 con-

292 4157 493 4223 tentio,
528 4172 593 4210 ex
628 4157 1259 4229 diabolisuggestione,
1302 4179 1411 4229 prie
1437 4179 1674 4220 summa
1703 4168 1921 4223 malitia
1956 4175 2013 4223 et

292 4246 468 4299 animi
503 4247 983 4302 excandescentia
1022 4265 1149 4303 eam
1192 4252 1551 4307 calumniata
1587 4263 1671 4308 est
1703 4258 1856 4326 apud
1894 4258 2007 4313 ira.

293 4337 619 4390 ternilatem
656 4344 885 4406 propter
918 4341 969 4393 id
1006 4341 1387 4412 colloquium.
1425 4344 1564 4400 Cum
1609 4363 1725 4418 qua
1761 4365 2013 4405 concur-

291 4433 497 4479 rerunt
531 4442 744 4491 paucis.
778 4444 901 4495 qua:
945 4446 1057 4484 non
1094 4433 1236 4485 adeo
1273 4450 1480 4501 magna
1516 4436 1855 4492 ferebantur
1890 4457 2011 4494 ma-

1870 261 2234 323 PALLADII

294 396 584 453 trecentis.
630 396 902 449 Exercent
953 397 1150 447 autem
1210 409 1442 448 omnem
1477 398 1682 457 artem,
1716 398 1772 449 et
1802 411 1869 451 ex
1922 395 1995 451 iis
2026 400 2076 464 Α

3652 260 3829 321 1104

2757 392 2981 449 CAPUT
3012 393 3144 448 XLI.

2320 490 2393 542 De
2427 487 2661 556 Virgine
2688 486 2805 557 (86)
2837 500 2959 554 qua:
2978 485 3270 540 simulabat
3300 483 3625 543 stultitiam.

2179 579 2239 632 In
2277 578 2382 632 hoc
2406 578 2755 631 monasterio
2791 578 2896 628 fuit
2927 574 3039 628 alia
3060 576 3214 643 virgo
3238 591 3364 644 que
3396 582 3629 643 propter
3650 575 3836 630 Chri-

2111 671 2266 721 stum
2301 666 2612 721 simulabat
2636 666 2942 720 stultitiam
2973 668 3165 734 (Pelag
3196 706 3209 730 ,
3244 664 3668 725 libell.xvnl.n.
3700 666 3826 739 19),

2110 763 2166 813 et
2222 773 2281 811 sc
2326 774 2359 810 a
2408 755 2669 810 demone
2726 755 3015 824 occupari,
3088 754 3441 824 persuadens
3504 755 3617 808 sibi
3718 773 3835 827 per

2112 846 2233 901 haec
2264 846 2534 899 virtutem
2561 845 2779 914 optime
2808 858 3093 911 exercere,
3139 860 3199 896 se
3230 844 3286 897 in
3321 860 3388 898 ea
3423 844 3693 912 praeclare
3725 862 3830 916 ge-

2112 950 2267 1003 rens,
2309 950 2486 1005 seque
2518 934 2766 988 reddens
2799 933 3081 1003 abjectam
3104 943 3157 986 et
3188 932 3486 988 humilem.
3521 933 3678 989 Hanc
3721 952 3823 990 us-

2113 1040 2225 1094 que
2258 1025 2400 1078 adeo
2432 1023 2663 1095 reliquas
2715 1027 2854 1077 sunt
2919 1027 3261 1090 aspernata),
3305 1029 3368 1077 ut
3418 1039 3523 1078 nec
3553 1040 3686 1078 cum
3748 1042 3826 1081 ea

2110 1114 2345 1183 quidem
2393 1118 2775 1178 vescerentur,
2819 1113 2873 1165 id
2919 1112 3018 1166 illa
3066 1113 3383 1181 excipiente
3413 1129 3547 1167 cum
3597 1113 3825 1169 laetitia.

2110 1201 2454 1256 Discurrens
2494 1202 2689 1271 itaque
2719 1201 2778 1254 in
2836 1200 3115 1265 culinam,
3157 1200 3464 1256 exhibebat
3487 1201 3613 1256 aliis
3643 1218 3826 1258 omne

2110 1308 2295 1363 genus
2319 1293 2731 1354 ministerium,
2763 1292 2902 1345 adeo
2937 1302 3124 1344 utnec
3147 1292 3349 1346 horam
3374 1292 3601 1360 quidem
3633 1310 3819 1348 unam

2108 1381 2535 1446 intermitteret,
2567 1382 2665 1435 sed
2700 1386 2979 1451 tanquam
3012 1380 3223 1435 ancilla
3253 1381 3499 1436 serviret
3529 1398 3543 1439 :
3572 1388 3822 1453 eratque

2109 1472 2229 1526 haec
2263 1473 2445 1535 beata,
2480 1477 2542 1525 ut
2565 1471 3059 1543 dicitur,spongia
3094 1474 3444 1539 monasterii,
3481 1490 3675 1529 revera
3698 1476 3826 1528 im-

2110 1563 2275 1633 plens
2309 1562 2363 1614 id
2407 1563 2556 1631 quod
2592 1562 2871 1631 scriptum
2900 1567 2991 1616 est
3023 1564 3077 1615 in
3140 1564 3443 1632 Evangelio
3488 1581 3502 1620 :
3536 1564 3641 1630 Qui
3697 1565 3827 1620 vult

2110 1652 2259 1705 inter
2286 1668 2383 1705 vos
2409 1668 2536 1705 esse
2561 1667 2822 1722 magnus,
2840 1651 2916 1704 sit
2936 1651 3197 1705 omnium
3220 1670 3447 1717 servus,
3474 1661 3531 1709 et
3553 1654 3821 1710 omnium

2035 1771 2078 1833 Β
2114 1739 2384 1793 minister
2423 1741 2632 1808 (illatua.
2666 1757 2776 1805 xx;
2834 1740 2996 1794 Marc.
3043 1742 3120 1809 χ).
3182 1741 3243 1795 Et
3280 1759 3483 1797 rursus
3516 1742 3654 1797 alibi
3690 1762 3702 1797 :
3747 1742 3827 1799 Se

2112 1828 2245 1899 quis
2280 1830 2509 1881 videtur
2530 1845 2656 1883 esse
2690 1831 2839 1882 inter
2861 1846 2957 1882 vos
2987 1828 3217 1897 sapiens
3250 1830 3307 1882 in
3343 1830 3449 1883 hoc
3483 1831 3718 1899 saeculo,
3743 1834 3827 1886 sit

2112 1918 2330 1972 stultus
2355 1925 2415 1971 ut
2455 1920 2551 1971 fiat
2581 1919 2813 1988 sapiens
2841 1918 2894 1988 (Ι
2926 1918 3043 1971 Cor.
3078 1920 3187 1993 tu).
3212 1920 3398 1988 Atque
3420 1920 3668 1975 aliarum
3696 1921 3827 1992 qui-

2112 2009 2242 2063 dem
2266 2008 2556 2077 virginum
2580 2015 2701 2061 erat
2724 2008 3007 2077 ejusmodi
3034 2008 3285 2074 habitus,
3319 2016 3380 2062 ut
3399 2015 3596 2065 essent
3617 2017 3817 2080 tonsa,

2114 2110 2171 2153 et
2202 2097 2478 2151 haberent
2499 2096 2760 2151 cucullos
2792 2096 2849 2150 in
2873 2096 3093 2165 capite;
3122 2097 3243 2166 ipsa
3266 2114 3400 2152 vero
3432 2115 3619 2169 panno
3645 2104 3829 2169 caput

2110 2187 2383 2243 obvoluta
2438 2188 2635 2240 obibat
2677 2202 2872 2240 earum
2908 2188 3169 2241 omnium
3231 2188 3642 2244 ministerium.
3677 2190 3819 2249 Eam

2113 2277 2271 2331 nulla
2309 2293 2377 2333 ex
2409 2278 2808 2349 quadringetis
2847 2278 2987 2331 vidit
3014 2279 3387 2333 mandentem
3419 2282 3816 2338 omnibusan-

2115 2368 2207 2422 nis
2236 2369 2361 2421 vita:
2388 2384 2525 2421 suae.
2548 2369 2605 2421 In
2626 2384 2820 2421 mensa
2838 2384 3126 2438 nunquam
3153 2370 3319 2438 sedit,
3352 2388 3536 2445 neque
3559 2389 3820 2445 unquam

2116 2458 2502 2524 fragmentum
2539 2459 2703 2526 panis
2753 2458 3027 2525 comedit,
3078 2459 3181 2513 sed
3248 2461 3425 2515 micas
3483 2479 3822 2521 mensarum

2112 2547 2358 2617 spongia
2398 2548 2696 2618 colligens,
2730 2554 2786 2601 et
2815 2548 2962 2602 ollas
2994 2548 3216 2611 levans,
3238 2550 3327 2605 his
3358 2557 3479 2605 erat
3516 2559 3822 2613 contenta.

2116 2636 2309 2706 Neque
2342 2653 2551 2691 veroea
2584 2654 2841 2707 unquam
2864 2638 3053 2693 induit
3084 2638 3324 2707 calceos,
3351 2658 3527 2712 neque
3549 2642 3816 2711 aliquem

2112 2726 2302 2781 alI'ecit
2331 2728 2701 2795 contumelia,
2740 2745 2853 2783 non
2887 2732 3289 2798 murmuravit,
3313 2748 3417 2785 non
3449 2747 3683 2799 parvum
3712 2736 3815 2790 vel

2113 2835 2389 2891 magnum
2415 2820 2553 2888 quid
2576 2823 2665 2872 est
2698 2819 2906 2884 locuta,
2939 2821 3043 2874 etsi
3078 2820 3425 2876 contumelia
3445 2820 3811 2888 afﬁceretur,

2110 2916 2168 2967 et
2200 2910 2410 2982 pugnis
2443 2908 2797 2977 tunderetur,
2842 2914 2899 2963 et
2956 2910 3279 2966 maledictis
3336 2917 3725 2984 appeteretur,
3757 2917 3819 2970 et

2111 3000 2356 3074 plurimi
2395 3016 2520 3056 eam
2554 2999 3047 3055 abominarentur.

2746 3087 2976 3145 CAPUT
3010 3089 3181 3145 XLII.

2674 3180 2748 3234 De
2774 3189 2961 3235 sancto
2992 3181 3259 3237 Pitirum.

2185 3270 2264 3325 De
2296 3269 2405 3324 hac
2445 3272 2667 3334 sancta,
2708 3278 2906 3324 sancto
2936 3269 3176 3325 Pitirum
3201 3270 3697 3346 anaehoreta.qui
3736 3290 3822 3330 se-

2110 3361 2281 3417 debat
2312 3361 2367 3413 in
2384 3360 2744 3432 Porphyrite,
2778 3359 2894 3413 viro
2919 3361 3324 3428 probatissimo
3348 3364 3404 3416 in
3431 3364 3642 3417 virtute
3664 3381 3814 3420 exer-

2111 3450 2431 3519 citationis,
2456 3455 2631 3503 astttit
2658 3449 2916 3504 revelans
2945 3449 3186 3519 angelus
3211 3452 3447 3522 (Petag.,
3467 3454 3820 3519 libethxvm,

2112 3556 2268 3595 num.
2306 3540 2389 3605 19,
2431 3542 2526 3593 ubi
2554 3539 2759 3593 dicitur
2787 3540 3113 3610 Pyoterius),
3148 3543 3247 3611 qui
3280 3543 3330 3596 ei
3364 3543 3507 3598 dixit
3539 3544 3689 3598 :Cur
3715 3544 3817 3599 tibi

2115 3630 2327 3701 places,
2360 3636 2417 3683 et
2447 3636 2501 3683 te
2531 3629 2838 3697 magniﬁce
2868 3629 3267 3699 circumspicis
3297 3632 3370 3687 ob
3411 3648 3479 3688 ea
3517 3649 3640 3705 qua
3673 3651 3705 3688 a
3764 3641 3818 3690 te

2116 3724 2269 3774 recte
2290 3725 2345 3771 et
2374 3735 2440 3772 ex
2472 3720 2684 3772 virtute
2714 3725 3013 3788 geruntur,
3045 3726 3110 3774 ut
3139 3722 3239 3791 qui
3273 3722 3357 3775 sis
3415 3722 3546 3793 pius
3575 3729 3630 3777 et
3683 3722 3817 3779 reli-

2117 3811 2338 3881 giosus,
2358 3815 2413 3865 et
2444 3811 2641 3865 sedeas
2674 3810 2729 3862 in
2754 3809 2860 3864 hoc
2893 3810 3014 3864 loco
3035 3808 3063 3864 ‘3
3090 3810 3185 3865 Vis
3217 3812 3410 3866 videre
3440 3814 3740 3869 mulierem
3768 3823 3820 3870 te

2120 3906 2304 3975 magis
2347 3904 2498 3973 piam
2543 3901 3047 3967 religiosam‘Utbi
3082 3903 3137 3956 in
3186 3906 3610 3959 monasterium
3652 3906 3818 3961 femi-

2120 4013 2325 4052 narum
2351 3993 2928 4059 Tabennesiotarum,
2961 3998 3017 4047 et
3046 3993 3302 4048 invenies
3331 3994 3449 4047 illic
3485 4013 3660 4051 unam
3694 4013 3821 4068 qua

2120 4088 2295 4143 habet
2316 4084 2725 4140 redimiculum
2761 4084 2875 4156 (87)
2905 4083 2964 4137 in
2997 4084 3221 4154 capite;
3255 4101 3323 4139 ea
3352 4090 3439 4139 est
3474 4093 3528 4142 te
3570 4087 3773 4142 melior
3803 4103 3816 4141 :

2124 4193 2246 4245 quae
2270 4192 2400 4231 cum
2432 4181 2584 4228 tanta
2618 4178 2786 4228 turba
2818 4175 3207 4241 decertans,et
3237 4177 3508 4232 omnibus
3539 4177 3823 4234 indiscri-

2120 4266 2386 4321 minatim
2420 4264 2692 4330 serviens,
2726 4279 2820 4319 cor
2856 4280 3159 4335 nunquam
3200 4265 3437 4321 abduxit
3469 4287 3501 4321 ει
3547 4266 3681 4331 Deo,
3713 4267 3822 4323 etsi

2123 4356 2196 4410 ab
2227 4355 2499 4410 omnibus
2531 4354 2779 4424 superbe
2809 4360 3236 4409 contemnatur.
3265 4355 3343 4411 Tu
3379 4364 3571 4412 autem
3597 4360 3819 4413 etiamsi

2125 4444 2217 4499 hic
2249 4447 2467 4510 sedeas,
2513 4460 2609 4512 per
2651 4445 2824 4497 urbes
2846 4448 3040 4497 tamen
3074 4445 3303 4514 vagaris
3324 4447 3684 4512 cogitatione.
3708 4447 3813 4515 qui

292 4512 434 4606 litia.
462 4513 565 4571 Illa
581 4522 769 4570 autem
795 4516 990 4570 dolore
1005 4522 1284 4583 confecta.
1307 4529 1367 4576 ut
1396 4528 1710 4591 qnastalem
1731 4546 1795 4581 su
1810 4530 2008 4584 biisset
2044 4515 2085 4577 Ι)
2118 4536 2312 4590 orbem
2333 4533 2703 4589 habitabilem
2723 4548 3023 4604 nunquam
3038 4512 3800 4606 calc_asti,pedibus.Surgeus

293 4601 669 4667 calumniam,
702 4621 827 4676 qua
863 4623 931 4661 ne
962 4606 1016 4661 in
1042 4610 1169 4679 ejus
1199 4613 1437 4681 quidem
1469 4621 1720 4670 mentem
1752 4625 2003 4687 venerat,

292 4710 397 4750 nec
420 4711 539 4750 rem
576 4698 853 4761 potuisset
883 4697 1149 4769 tolerare,
1192 4717 1253 4755 se
1284 4701 1433 4757 clam
1469 4705 1611 4774 jecit
1652 4710 1709 4760 in
1736 4706 2003 4777 fluvium,

294 4788 352 4840 et
378 4784 461 4839 sic
496 4786 659 4841 obiit.
693 4786 837 4842 Cum
892 4797 1084 4844 autem
1118 4791 1173 4843 id
1209 4793 1487 4847 sensisset
1516 4810 1583 4849 ea
1626 4812 1753 4866 qure
1818 4800 2004 4868 ipsam

293 4871 482 4927 fuerat
511 4873 883 4940 calumniata,
916 4884 975 4931 et
998 4879 1237 4933 vidisset
1271 4897 1332 4934 se
1360 4881 1647 4937 malitiose
1669 4901 1795 4940 eam
1826 4887 2008 4942 fuisse

293 4958 735 5027 calumniatam,
770 4976 825 5017 et.
856 4964 964 5019 hoc
994 4966 1185 5022 scelus
1208 4968 1319 5037 (85)
1350 4986 1383 5022 a
1406 4986 1467 5023 se
1512 4972 1919 5037 commissum,
1953 4972 2009 5032 et

292 5048 419 5118 ipsa
442 5064 675 5119 quoque
696 5067 757 5105 se
786 5052 933 5108 clam
967 5056 1285 5125 sutfucavit,
1322 5075 1452 5113 cum
1472 5062 1684 5116 factum
1724 5080 1873 5133 aegre
1899 5069 2006 5121 fer-

293 5142 401 5193 ret.
434 5140 579 5192 Cum
612 5144 806 5194 autem
841 5143 1093 5198 venisset
1133 5150 1453 5220 presbyter,
1489 5149 1721 5220 reliquae
1756 5153 2007 5217 virgines

294 5226 345 5281 ei
370 5243 488 5282 rem
524 5229 1002 5285 renuntiaverunt
1026 5250 1037 5285 :
1060 5235 1238 5297 jussit
1262 5237 1455 5308 itaque
1486 5256 1583 5307 pro
1612 5240 1773 5295 nulla
1810 5244 2007 5300 harum

296 5316 419 5372 ﬁeri
450 5318 824 5375 oblationem.
872 5319 1143 5392 Reliquas
1173 5332 1364 5381 autem
1394 5334 1672 5398 tanquam
1719 5335 2007 5404 conscias,

297 5412 353 5463 et
385 5424 510 5478 quze
553 5409 1007 5467 calumnianlem
1071 5430 1181 5467 non
1224 5425 1732 5487 compescuerant,
1791 5430 1847 5476 et
1879 5441 2007 5495 quas

299 5495 456 5550 dicta
485 5504 624 5553 sunt
652 5502 1036 5572 crediderant,
1071 5506 1442 5575 septennium
1474 5511 1813 5581 segregavit,
1838 5518 2003 5570 eteas

298 5600 496 5639 ΘΧΟΟΠ]
511 5602 831 5647 1110111οΕ105.

2118 4629 2305 4678 autem
2343 4639 2590 4693 magnus
2618 4620 2880 4687 Pitirum,
2904 4624 3059 4677 venit
3091 4640 3278 4695 usque
3298 4626 3369 4679 ad
3396 4622 3795 4679 monasterium

2118 4714 2615 4771 Tabennesiotaru
2629 4728 2679 4767 m
2693 4757 2705 4774 ,
2727 4718 2783 4769 et
2797 4719 2960 4783 rogat
2980 4714 3291 4785 magistros
3308 4724 3367 4771 ut
3390 4716 3551 4769 liceat
3575 4717 3626 4768 ei
3646 4720 3812 4768 tran-

2119 4806 2232 4861 sire
2258 4820 2440 4876 usque
2461 4806 2529 4859 ad
2569 4805 2984 4859 monasterium
3012 4805 3403 4876 feminarum;
3438 4811 3504 4860 ut
3532 4806 3636 4877 qui
3666 4808 3819 4862 esset

2119 4911 2250 4963 ergo
2282 4896 2435 4949 inter
2499 4894 2696 4949 Patres
2739 4910 2959 4951 maenas
2999 4895 3475 4964 existimationis,
3518 4902 3577 4950 et
3618 4910 3823 4951 conse-

2118 4986 2343 5038 nuisset
2373 4983 2432 5037 in
2465 4982 2894 5051 exercitatione,
2921 4984 3069 5038 bono
3093 5000 3157 5039 ac
3184 4985 3381 5039 fidenti
3413 4985 3614 5039 animo
3637 4990 3826 5040 trans-

2120 5074 2299 5128 misso
2316 5071 2485 5127 fluvio
2501 5090 2567 5127 eu
2582 5090 2631 5126 m
2656 5073 3122 5129 introduxerunt.
3146 5077 3290 5130 Cum
3310 5080 3506 5129 autem
3542 5084 3827 5142 orassent,

2120 5163 2281 5232 petiit
2312 5178 2559 5232 magnus
2594 5162 2834 5218 Pitirum
2878 5169 2939 5217 ut
2971 5164 3222 5234 virgines
3274 5180 3480 5219 omnes
3528 5180 3725 5219 coram
3759 5180 3827 5219 ex

2119 5251 2263 5305 facie
2294 5252 2533 5305 videret.
2567 5249 2711 5305 Cum
2747 5267 2947 5306 omnes
2996 5269 3132 5325 ergo
3164 5253 3223 5308 in
3258 5253 3519 5308 medium
3556 5253 3839 5309 accessis-

2118 5346 2267 5405 sent,
2303 5340 2399 5395 illa
2425 5357 2535 5393 non
2571 5342 2861 5411 apparuit.
2884 5342 3144 5399 Tandem
3169 5343 3309 5397 dicit
3333 5344 3418 5399 eis
3451 5350 3696 5397 sanctus
3729 5342 3836 5397 Pi—

2118 5430 2291 5485 tirum
2326 5447 2341 5486 :
2372 5434 2623 5486 Cunctas
2653 5430 2724 5484 ad
2745 5447 2833 5485 me
2865 5432 3309 5489 addueite.Cum
3328 5436 3529 5488 autem
3547 5432 3844 5489 dicerent:

2082 5548 2089 5551 -
2118 5520 2417 5575 Adsumus
2447 5535 2669 5586 omnes,
2704 5519 2843 5575 dicit
2871 5520 2953 5577 eis
2988 5537 3003 5577 :
3040 5523 3200 5579 Deest
3220 5539 3336 5578 una
3363 5538 3540 5595 quam
3577 5522 3851 5579 ostendit

2120 5609 2263 5665 mihi
2286 5608 2547 5680 angelus.
2584 5607 2671 5665 Eae
2705 5625 2835 5667 vero
2866 5611 3069 5669 dicunt
3102 5628 3116 5667 :
3158 5610 3341 5670 Unam
3398 5611 3690 5669 habemus
3728 5616 3851 5669 Sa-
