4074 6278
293 323 303 334 ί
345 305 497 366 1105

1647 310 2020 372 HISTORIA
2060 309 2420 375 LAUSICA.

3593 316 3744 382 1106

342 436 564 510 λαρίους
606 433 836 506 δώδεκα,
878 442 1094 514 κειαφεῖς
1144 434 1431 495 δεκαπέντε
1463 483 1477 499 .
1530 440 1872 514 Ἐργαζονται
1927 437 1985 496 δέ
2018 443 2066 510 Α
2099 441 2307 498 τούτων
2353 439 2600 516 μηδεμιᾷ
2646 443 2962 519 προσφορὰν
3021 443 3431 515 ἐπιτελεσθῆναι
3463 468 3477 483 ο
3536 448 3638 512 Τάς
3688 448 3746 508 δὶ

339 533 512 581 πᾶσαν
559 527 780 602 τέχνην,
814 527 874 582 ἐκ
918 533 1025 582 τῶν
1073 529 1518 604 περισσευμάτων
1568 529 1990 600 οἰκονομοῦντες

339 617 428 672 καὶ
483 617 550 672 τὰ
610 621 716 672 τῶν
775 622 1047 693 γυναικῶν
1109 621 1469 694 μοναστήρια,
1534 619 1622 674 καὶ
1691 618 1984 696 φυλακάς.

339 704 599 780 Τρέφουσι
660 703 716 760 δὲ
772 707 863 760 καὶ
921 707 1150 782 χοίρους
1184 752 1197 764 .
1261 709 1428 780 Ἐμοῦ
1497 705 1554 764 δὲ
1611 709 1868 784 ψέγοντος
1927 710 1988 766 τὸ

339 802 590 871 πρᾶγμα,
625 793 846 871 λέγουσί
883 819 976 868 μοι
1005 818 1016 829 ·
1051 800 1138 854 Ἐν
1179 803 1248 871 τῇ
1293 795 1583 872 παραδόσει
1638 797 1988 874 παρειλήφα-

343 907 461 959 μεν,
495 886 578 941 ὅτι
609 886 986 964 Τρεφέσθωσαν
1042 889 1137 960 μὶν
1183 885 1272 944 διά
1299 890 1366 943 τά
1408 889 1754 960 σινιάσματα,
1805 885 1892 944 διὰ
1921 889 1989 944 τὰ

340 975 821 1051 ἇποναθαρίσματα
879 981 985 1030 τῶν
1044 975 1333 1054 λαχάνων,
1403 977 1490 1033 διὰ
1555 980 1620 1034 τὰ
1686 977 1988 1054 ῥιπτόμενα

340 1065 427 1146 ἀφ’
460 1067 688 1121 ἑκάστου
725 1069 1130 1140 περιττώματα,
1177 1066 1272 1122 ’ίνα
1315 1069 1390 1141 μή
1446 1072 1770 1141 ζημιοῦνται
1806 1111 1820 1126 .
1884 1070 1985 1126 Καὶ

342 1155 646 1212 θυέσθωσαν
707 1157 758 1212 οἱ
810 1163 1018 1233 χοῖροι,
1067 1158 1158 1213 καὶ
1207 1160 1270 1213 τὸ
1318 1157 1478 1234 κρέας
1532 1161 1624 1232 μὲν
1685 1163 1985 1236 πιπρασκέ-

343 1248 476 1316 σθω,
507 1247 573 1301 τά
604 1244 660 1302 δὲ
691 1246 825 1322 ἄκρα
855 1252 970 1311 τοῖς
998 1252 1246 1304 νοσοῦσιν
1278 1251 1368 1304 καὶ
1408 1254 1526 1311 τοῖς
1573 1251 1817 1324 γέρουσιν
1860 1250 1982 1305 ἀνα-

341 1333 731 1406 λισκέσθωσαν,
779 1342 860 1408 τῷ
907 1337 1040 1392 εἶναι
1095 1339 1314 1414 μετρίαν
1359 1341 1458 1409 τήν
1511 1341 1696 1414 χώραν
1747 1340 1834 1395 καῖ
1883 1361 1983 1396 πο-

342 1423 697 1500 λυάνθρωπον
735 1470 747 1482 .
806 1429 884 1484 Τὸ
930 1428 1030 1503 γὰρ
1080 1423 1228 1490 ἔθνος
1279 1433 1386 1484 τῶν
1446 1429 1754 1502 Βλεμμύων
1799 1429 1982 1492 αὐτοῖς

341 1521 624 1588 παροικεῖ.
659 1515 1003 1578 Ἀναστάντες
1036 1515 1127 1572 οῦν
1162 1519 1214 1573 οἱ
1249 1517 1680 1596 ἐφημερεύοντες
1730 1518 1940 1595 ὄρθριοι
1968 1540 1980 1553 ·

342 1607 395 1662 οἱ
429 1609 523 1681 μὲν
556 1607 680 1680 περὶ
721 1608 784 1662 τὸ
838 1613 1145 1680 μαγειρεῖον
1193 1609 1607 1683 ἀσχολοῦνται·
1659 1610 1710 1664 οἱ
1756 1609 1812 1666 δὲ
1858 1610 1982 1684 περὶ

339 1697 434 1756 τὰς
462 1697 749 1772 ’τραπέζας
799 1699 1038 1773 γίνονται
1075 1742 1088 1756 .

340 1787 532 1861 τρίτης
587 1786 734 1862 ὥρας
791 1788 1220 1862 ἀπαρτήσαντες,
1277 1787 1542 1850 ἐπιθέντες
1599 1789 1736 1844 κατᾶ
1785 1792 1982 1861 τράπε-

345 1881 435 1946 ζαν
470 1878 684 1950 ἄρτους,
737 1875 996 1952 λαψάνας,
1043 1881 1287 1940 συνθετὰς
1338 1878 1544 1944 ἐλαίας,
1601 1881 1765 1951 τυρὸν
1816 1880 1978 1953 βοῶν,

343 1965 409 2021 τά
439 1965 573 2041 άκρα
601 1971 706 2020 τῶν
746 1972 940 2036 κρεῶν,
989 1967 1079 2021 καὶ
1126 1967 1508 2045 λεπτολάχανα
1543 2012 1555 2026 .
1608 1969 1754 2026 Εἰσὶν
1797 1966 1889 2022 οῦν
1929 1969 1980 2023 οἱ

340 2054 722 2130 εἰσερχόμενοι
768 2053 948 2110 άτονοι
995 2053 1154 2128 ἕκτην
1204 2057 1370 2130 ὥραν,
1420 2058 1510 2112 καὶ
1558 2058 1818 2119 ἐσθίοντες
1852 2101 1866 2116 .
1915 2057 1981 2114 Οἱ

339 2144 708 2219 ἀσθενέστεροι
741 2144 1080 2219 εἰσέρχονται
1112 2147 1254 2221 ὥραν
1283 2142 1548 2218 ἑϐδόμην,
1567 2145 1732 2203 ἄλλοι
1754 2145 1980 2221 ὀγδόην,

339 2233 504 2290 ἄλλοι
555 2234 801 2304 έννάτην,
852 2233 1028 2305 ἕτεροι
1087 2233 1336 2306 δεκάτην,
1386 2237 1554 2293 ἄλλοι
1610 2237 1834 2310 ἑσπέραν
1891 2238 1982 2312 βα-

339 2324 483 2378 θεῖαν
517 2369 530 2382 .
564 2325 773 2382 Ἀλλοι
813 2322 901 2380 διὰ
934 2323 1028 2380 δύο
1054 2347 1067 2362 ο
1099 2323 1272 2401 ἕτεροι
1306 2323 1396 2382 δια
1423 2331 1588 2398 τριῶν
1621 2343 1634 2357 ⁸
1680 2325 1844 2382 ἄλλοι
1895 2323 1982 2381 διὰ

336 2413 529 2469 πέντε’
565 2415 639 2474 ὡς
669 2411 892 2470 ἕκαστον
936 2421 1208 2490 στοιχεῖον
1250 2417 1352 2484 τὴν
1405 2413 1544 2471 ίδίαν
1593 2415 1736 2487 ὥραν
1782 2415 1982 2491 γνωρί-

343 2508 461 2570 ζει.
505 2503 687 2565 Οἱὶτως
727 2505 793 2572 ἧν
828 2504 1001 2559 αὐτῶν
1043 2505 1133 2559 καὶ
1173 2505 1238 2560 τά
1284 2504 1411 2580 ἔργα
1444 2547 1458 2561 .
1508 2507 1564 2559 Ὀ
1615 2506 1708 2576 μὲν
1759 2505 1982 2578 ἐργάζε-

340 2615 426 2650 ται
470 2600 570 2668 γῆν
625 2598 886 2670 γεωργῶν
920 2637 936 2662 ,
993 2592 1166 2657 ἄλλος
1213 2598 1411 2660 κῆπον,
1477 2592 1649 2656 ἄλλος
1699 2594 1983 2670 χαλκεῖον,

339 2681 511 2746 ἄλλος
541 2687 916 2759 ἁρτοκοπεῖον,
947 2683 1122 2745 ἄλλος
1151 2691 1474 2756 τεκτονεῖον,
1510 2683 1682 2746 ἄλλος
1707 2691 1982 2762 γναφεῖον,

341 2772 514 2838 ἄλλος
547 2776 818 2850 βυρσεῖον,
852 2773 1022 2836 ἄλλος
1051 2771 1266 2829 πλέκων
1300 2772 1561 2845 σπυρίδας
1592 2775 1687 2838 τὰς
1717 2773 1982 2851 μεγάλας,

339 2861 514 2926 ἄλλος
543 2865 611 2918 τὰ
659 2862 933 2939 λεγόμενα
976 2862 1240 2937 μαλάκια,
1291 2865 1357 2921 τὰ
1406 2861 1738 2938 σπυριδαλια
1780 2865 1848 2919 να
1897 2886 1986 2938 μι-

338 2953 441 3028 κρά
466 2996 479 3011 .
512 2955 967 3026 ’Δποστηθίζουσι
1001 2951 1058 3011 δὲ
1088 2954 1261 3018 πάσας
1289 2954 1383 3016 τὰς
1415 2956 1628 3032 Γραφάς
1647 2994 1660 3009 .

411 3041 624 3097 Τούτων
692 3040 804 3098 ἐστὶ
870 3044 958 3097 καὶ
1030 3045 1394 3117 μοναστήριον
1449 3047 1716 3117 γυναικῶν
1782 3043 1857 3106 ὡς
1896 3064 1984 3099 τε-

338 3132 662 3206 τρακοσίων,
718 3132 818 3199 τὴν
878 3130 1044 3198 αὐτην
1086 3125 1214 3204 ἕχον
1264 3129 1618 3196 διατύπωσιν,
1667 3133 1767 3200 τὴν
1812 3130 1979 3198 αὐτὴν

1139 1701 1380 1756 Ἰστῶσιν
1427 1697 1518 1754 οὗν
1585 1697 1747 1760 αὐτάς
1815 1699 1982 1778 μέχρι

2102 530 2298 594 λοιπὰς
2330 533 2403 594 ὡς
2453 531 2753 596 συνειδυίας
2807 536 2894 590 καὶ
2949 537 3024 608 μή
3077 537 3459 612 εἰρηνευσάσας
3506 539 3605 606 τήν
3652 560 3743 594 συο

2099 639 2475 693 κοφαντωσαν,
2518 621 2662 678 ἀλλὰ
2715 624 2929 696 μᾶλλον
2974 626 3333 689 πιστευσάσας
3362 627 3430 684 τὰ
3459 625 3740 703 εἷ’ρημένα,

2099 708 2377 764 ἑπταετίαν
2417 709 2687 785 ἀφώρισεν
2722 713 3123 784 ἁκοινωνήτους
3152 717 3406 787 ποιήσας.

2686 808 2920 859 ΚΕΦΑΛ
2944 845 2958 860 .
2999 809 3112 860 MA'
3139 846 3153 862 .

2419 891 2546 964 Περὶ
2576 896 2676 960 τῆς
2707 891 3137 966 ὑποκρινομένης
3169 893 3378 968 μωρίαν
3403 938 3418 953 .

2167 977 2256 1034 Ἐν
2297 977 2476 1052 τούτῳ
2531 983 2610 1052 τῷ
2672 981 3018 1056 μοναστηρίῳ
3073 980 3337 1058 παρθένος
3391 1003 3474 1046 τις
3522 985 3586 1054 ἦν
3642 981 3740 1057 μία

2097 1064 2348 1143 Ἰσιδώρα
2395 1066 2731 1141 καλουμένη,
2776 1067 2864 1126 διὰ
2911 1073 3002 1125 τὸν
3048 1073 3285 1147 Χριστὸν
3335 1073 3733 1148 ὑποκρινομένη

2099 1159 2310 1231 μωρίαν
2357 1164 2446 1213 καὶ
2497 1156 2777 1232 δαιμονᾷν,
2829 1162 3138 1234 προθεμένη
3199 1158 3269 1216 δι’
3317 1163 3493 1217 αὐτῶν
3539 1182 3735 1235 κατορ-

2094 1248 2261 1301 θῶσαι
2293 1249 2391 1314 τήν
2422 1247 2635 1322 ἀρετήν,
2687 1250 2761 1310 εἷς
2810 1249 2972 1324 ἄκρον
3021 1251 3215 1319 έαυτήν
3266 1255 3591 1306 ταπεινοῦσα
3646 1253 3735 1307 καὶ

2095 1335 2587 1407 κατευτελίζουσα.
2645 1339 2852 1409 Ταύτην
2912 1338 3000 1394 ἐπὶ
3069 1345 3324 1394 τοσοῦτον
3380 1336 3734 1410 ἐϐδελύξαντο

2093 1426 2149 1480 αἱ
2198 1425 2411 1498 λοιπαὶ,
2463 1427 2603 1484 ὥστε
2663 1426 2803 1500 μηδὲ
2859 1430 3151 1484 συνεσθίειν
3211 1430 3368 1502 αὐτῇ,
3425 1430 3516 1484 καὶ
3574 1434 3734 1485 τοῦτο

2093 1512 2302 1585 ἐκείνης
2354 1517 2487 1589 μετᾶ
2540 1522 2712 1592 χαρᾶς
2768 1515 3246 1593 καταδεξαμένης.
3301 1516 3587 1590 Ἀλωμένη
3640 1516 3731 1573 οῦν

2091 1604 2218 1678 περὶ
2282 1605 2344 1660 τὸ
2401 1612 2686 1683 μαγειρῑον
2743 1606 2917 1677 ἐκείνη
2977 1614 3147 1664 πᾶσαν
3207 1606 3378 1662 ἐποίει
3437 1607 3730 1683 ὑπηρεσίαν

2093 1695 2288 1758 πάσαις
2346 1693 2578 1762 αὑταῖς,
2640 1697 2714 1757 ὡς
2773 1694 2945 1767 δούλη
3009 1694 3353 1753 ὑπακόύουσα
3409 1698 3484 1759 εἰς
3561 1703 3731 1753 πᾶσαν

2095 1785 2336 1854 ὑπακοήν
2365 1828 2379 1842 .
2429 1785 2534 1842 Καὶ
2566 1786 2631 1854 ἦν
2682 1787 2816 1854 αὕτη
2849 1790 2883 1856 ἡ
2919 1794 3207 1862 μακαρῖτις
3256 1789 3336 1854 (τὸ
3381 1786 3448 1856 δὴ
3497 1787 3732 1865 λεγόμε-

2091 1875 2202 1947 νον)
2244 1874 2486 1948 σπόγγος
2533 1881 2633 1943 τῆς
2682 1871 2952 1941 συνοδίας,
3002 1876 3141 1950 ἔργῳ
3195 1877 3482 1950 πληροῦσα
3525 1879 3587 1933 τὸ
3635 1897 3730 1952 γε·

2089 1962 2400 2038 γραμμένον
2436 1963 2486 2019 ἐν
2515 1968 2594 2034 τῷ
2634 1963 2771 2038 ἁγίῳ
2797 2005 2810 2018 .
2866 1963 3202 2039 Εὐαγγελίῳ,
3249 1967 3310 2020 τὸ
3353 1967 3413 2022 Ὀ
3463 1963 3636 2022 θέλων
3678 1963 3730 2020 έν

2093 2052 2218 2125 ὑμῖν
2269 2053 2405 2108 εἶναι
2459 2052 2643 2128 μέγας,
2694 2048 2831 2110 ἔστω
2877 2054 3087 2110 πάντων
3135 2051 3332 2115 δοῦλος
3374 2056 3462 2110 καὶ
3510 2057 3726 2111 πάντων

2092 2139 2379 2205 διάκονος.
2415 2143 2513 2198 Καὶ
2546 2143 2601 2197 εἷ’
2640 2165 2723 2206 τις
2774 2141 2923 2199 δοκεῖ
2962 2145 3127 2217 σοφὸς
3176 2145 3326 2213 εἶναι,
3367 2143 3418 2199 έν
3465 2149 3542 2216 τῷ
3573 2143 3727 2200 αἰῶνι

2091 2235 2273 2306 τούτῳ
2307 2235 2491 2308 μωρὸς
2522 2235 2780 2310 γενέσθω,
2811 2231 2905 2288 ’ίνα
2933 2231 3158 2308 γένηται
3202 2229 3366 2311 σοφός
3399 2275 3413 2290 .
3464 2238 3582 2290 Τῶν
3635 2230 3725 2289 οῦν

2091 2321 2298 2393 ἅλλωνξ
2319 2323 2596 2397 παρθένων
2623 2325 2686 2380 τὸ
2737 2331 2930 2400 σχῆμα
2958 2327 3023 2394 ήν
3063 2325 3432 2398 κεκαρμένων,
3481 2321 3728 2399 ἐχουσῶν

2093 2411 2433 2468 κουκούλλια
2460 2414 2551 2468 Eni
2582 2418 2688 2470 τῶν
2717 2414 2964 2489 κεφαλῶν
2988 2456 3001 2469 .
3052 2413 3200 2483 Αὕτη
3236 2411 3293 2468 δὲ
3322 2413 3484 2488 ῥάκος
3536 2410 3732 2491 ἀναδή-

2096 2521 2229 2555 σασα
2284 2501 2382 2568 τὴν
2431 2499 2698 2580 κεφαλὴν,
2743 2502 2917 2563 οὕτως
2976 2503 3148 2558 ἐποίει
3188 2507 3360 2558 πᾶσαν
3407 2501 3580 2558 αὐτῶν
3629 2502 3728 2569 τὴν

2095 2589 2387 2660 ὑπηρεσίαν
2413 2631 2428 2646 .
2459 2591 2668 2659 Ταύτην
2705 2592 3068 2666 μασσωμένην
3099 2593 3200 2648 οὐκ
3233 2591 3339 2647 ἴδεν
3381 2589 3443 2646 οὗ
3477 2593 3576 2664 μία
3622 2595 3728 2645 τῶν

2091 2678 2454 2753 τετρακοσίων
2484 2681 2551 2733 τά
2596 2678 2690 2748 ἔτη
2738 2688 2838 2748 τῆς
2896 2687 3042 2752 ζωῆς
3101 2682 3311 2746 αὐτῆς.
3364 2681 3483 2738 Ἐπὶ
3533 2681 3732 2753 τραπέο

2093 2773 2189 2838 ζης
2220 2766 2505 2825 οὐδέποτε
2536 2768 2818 2840 ἐκαθέσθη,
2853 2769 2981 2827 οὐδὲ
3024 2770 3337 2844 κλάσματος
3387 2769 3548 2848 ἄρτου
3601 2792 3732 2845 μετ’

2093 2853 2286 2913 ἐλαϐέν
2321 2879 2472 2923 ποτε,
2505 2858 2651 2915 ἀλλὰ
2678 2860 2770 2920 τὰς
2793 2860 2962 2936 ψίχας
2992 2861 3455 2935 σπογγολογοῦσα
3473 2867 3581 2917 τῶν
3611 2880 3734 2934 τρα-

2090 2952 2292 3016 πεζῶν,
2325 2947 2413 3003 καὶ
2444 2947 2539 3010 τὰς
2569 2949 2774 3022 χύτρας
2807 2949 3231 3025 περιπλύνουσα,
3253 2951 3468 3012 τούτοις
3487 2951 3729 3024 ἠρκεῖτο,

2095 3039 2169 3108 μή
2207 3034 2592 3109 ὑποδησαμένη
2627 3039 2776 3102 ποτέ,
2815 3041 2890 3110 μή
2927 3035 3194 3114 ὑϐρίσασά
3243 3061 3381 3099 τινα.
3431 3042 3508 3112 μή
3540 3041 3734 3116 γογγύ-

2092 3145 2225 3181 σασα
2271 3126 2463 3199 μικρὸν
2494 3123 2530 3195 ἤ
2589 3125 2724 3200 μέγα
2772 3125 2946 3202 ῥῆμα,
2995 3127 3188 3203 καίπερ
3237 3123 3592 3200 ὑϐριζομένη,
3640 3127 3730 3184 καὶ

338 3219 619 3277 πολιτείαν
653 3219 806 3283 ἐκτὸς
833 3227 932 3288 τῆς
986 3217 1257 3290 μηλωτῆς
1283 3264 1296 3277 .
1349 3220 1449 3277 Καὶ
1489 3221 1545 3275 αἱ
1597 3221 1691 3292 μὲν
1731 3226 1979 3296 γυναῖκες
2009 3256 2060 3325 C
2088 3216 2474 3288 καταρωμένη,
2504 3214 2600 3270 καί
2633 3216 2734 3271 ὑπὸ
2761 3220 2868 3270 τῶν
2895 3216 3166 3273 πλειόνων
3202 3217 3581 3291 μυσαττομένη
3608 3261 3624 3277 .

368 3307 382 3325 9
425 3307 439 3325 \
534 3307 545 3325 1
761 3311 786 3323 υ
841 3313 881 3325 ιν
921 3306 956 3325 ΙἏ
1310 3311 1336 3322 υ
1365 3323 1373 3325 _
1447 3309 1460 3325 ι
1521 3305 1562 3325 δι
1624 3313 1637 3322 -ι
1683 3305 1707 3325 ᾗ
1840 3309 1855 3325 9
2678 3309 2808 3325 [FBA
2833 3311 2845 3325 Δ
2879 3313 2891 3325 Δ
3006 3307 3114 3325 llr"

339 3307 442 3364 είσὶ
481 3307 645 3382 πέραν
693 3311 790 3363 τοῦ
838 3306 1040 3364 Νείλου
1089 3311 1376 3378 ποταμοῦ’
1411 3309 1466 3362 οἱ
1516 3305 1573 3361 δί
1612 3305 1799 3379 ἀνδρες
1830 3309 1976 3365 ἀντι-

339 3398 476 3472 πέρα
519 3397 727 3453 τούτων
753 3439 766 3453 .
817 3398 938 3452 Ἐάν
979 3395 1280 3470 τελευτήσῃ
1326 3397 1610 3471 παρθένος,
1661 3395 1981 3478 ἐνταφιάσα-

341 3507 428 3542 σαι
471 3487 644 3554 αὐτὴν
693 3486 750 3540 αἱ
803 3484 997 3540 λοιπαὶ
1047 3485 1303 3561 παρθένοι
1344 3486 1565 3560 φέρουσι
1607 3488 1698 3541 καὶ
1746 3489 1980 3543 τιθέασιν

340 3575 506 3645 αὐτὴν
537 3575 612 3638 εἷς
642 3577 742 3642 την
775 3572 948 3649 ὄχθην
991 3579 1087 3628 τοῦ
1133 3579 1385 3646 ποταμοῦ
1407 3617 1421 3631 .
1479 3577 1812 3649 Περάσαντες
1842 3573 1899 3631 δὲ
1931 3577 1984 3632 οἱ

343 3663 571 3737 ἀδελφοὶ
607 3665 740 3738 μετᾶ
779 3666 1052 3740 πορθμοῦ,
1102 3666 1238 3738 μετά
1277 3662 1446 3739 βαΐων
1499 3662 1717 3720 κλάδων
1759 3663 1981 3738 ἐλαιῶν,

347 3756 480 3828 μετα
501 3752 850 3830 ψαλμῳδίας,
885 3752 1198 3831 διαφέρουσι
1233 3754 1433 3826 ταύτην
1463 3753 1540 3817 είς
1569 3755 1632 3810 τὸ
1674 3755 1862 3829 πέραν,
1893 3757 1982 3812 καὶ

343 3847 632 3902 θάπτουσιν
662 3845 736 3907 εἰς
764 3845 833 3898 τὰ
873 3847 1128 3916 μνήματα
1164 3844 1364 3899 ἑαυτῶν
1400 3887 1414 3902 .
1479 3851 1746 3918 Παρεκτος
1798 3849 1982 3917 μέντοι

337 3941 435 3990 τοῦ
465 3930 833 4009 πρεσϐυτέρου
861 3935 951 3989 καὶ
981 3939 1078 3990 τοῦ
1129 3932 1381 3988 διακόνου
1430 3931 1606 3995 οὐδεὶς
1649 3940 1786 4008 περᾷ
1816 3936 1892 4000 είς
1918 3938 1982 3992 τὸ

339 4026 699 4098 μοναστήριον
727 4026 833 4078 τῶν
868 4027 1147 4150 ﬂigi);
1162 4024 1486 4149 mili-506:0
1517 4024 1652 4076 κατα
1677 4027 1980 4097 Κυριακήν.

402 4188 490 4245 Ἐν
541 4184 718 4256 τούτῳ
764 4187 842 4254 τῷ
894 4184 1246 4258 μοναστηρίῳ
1279 4188 1412 4255 ,τῶν
1461 4188 1731 4258 γυναικῶν
1784 4182 1977 4252 συνέϐη

327 4281 552 4352 πρᾶγμα
607 4277 896 4331 τοιοῦτον·
957 4274 1193 4343 Ῥάπτης
1262 4273 1528 4345 κοσμικὸς
1578 4275 1814 4349 περάσας
1859 4265 1980 4332 κατ’

325 4364 786 4441 ἄγνὸιανῆζέζήτει
845 4358 1000 4436 ἔργον
1037 4405 1050 4418 .
1107 4362 1430 4432 Ἐξελθοῦσα
1488 4361 1546 4417 δὲ
1596 4364 1694 4436 μία
1740 4367 1980 4442 νεωτέρα

324 4461 434 4512 τῶν
467 4453 746 4526 παρθένων
775 4451 932 4527 λόγῳ
964 4452 1160 4520 ἑαυτῆς
1209 4449 1443 4525 (ἔρημος
1494 4453 1596 4529 γάρ
1647 4451 1791 4508 ἐστιν
1825 4455 1853 4511 ὁ
1885 4455 1979 4509 τό-

326 4549 470 4619 πος),
523 4545 808 4618 συνέτυχεν
857 4540 1006 4613 αὐτῷ
1061 4540 1354 4605 ἀκουσξως,
1410 4542 1500 4595 καὶ
1551 4539 1783 4598 δέδωκεν
1828 4544 1979 4618 αὐτῷ

325 4637 424 4704 τήν
481 4634 797 4704 ἀπόκρισιν,
855 4632 939 4687 δτι
1000 4631 1190 4704 Ἡμεῖς
1251 4629 1453 4707 ἔχομεν
1514 4630 1717 4707 ῥάπτας
1775 4635 1977 4705 ἡμετέ-

331 4743 455 4797 ρους
482 4767 496 4782 ,
528 4721 712 4791 ’Ἄλλη
763 4721 1032 4795 ἑωρακυῖα
1079 4721 1176 4787 τήν
1225 4722 1510 4797 συντυχίαν
1554 4720 1779 4792 ταύτην,
1829 4725 1974 4798 χρό-

327 4831 424 4866 νου
479 4807 851 4883 παρελθόντος
923 4806 1217 4882 γενομένης
1294 4808 1503 4882 μάχης,
1563 4809 1612 4880 έξ
1691 4806 1973 4882 ὑποϐολῆς

328 4905 424 4957 τοῦ
451 4894 741 4962 διαϐόλου,
789 4897 894 4952 ἀπὸ
925 4895 1142 4965 πολλῆς
1193 4897 1455 4971 πονηρίας
1504 4899 1594 4954 καὶ
1648 4900 1840 4970 ζέσεως
1880 4904 1974 4956 θυ-

333 4994 438 5062 μοῦ
468 4987 1139 5064 έσυκοφάντησενόῑταύτην
1172 4984 1268 5057 ¹ἐπὶ
1297 4993 1412 5058 ,τῆς
1463 4985 1836 5070 ἀδελφότητος
1885 4989 1974 5046 διὰ

329 5081 427 5149 τήν
484 5075 772 5150 συντυχίαν
811 5117 824 5131 .
885 5078 952 5144 ᾜ
1012 5072 1339 5148 συνέδραμον
1404 5075 1588 5151 ὀλίγαι
1662 5080 1722 5135 οὐ
1783 5079 1972 5155 πολλῇ

327 5170 492 5241 κακίᾳ
543 5167 874 5241 φερόμεναι.
929 5162 1371 5233 Ἀπολυπηθεῖσα
1417 5163 1474 5220 δὲ
1523 5166 1698 5237 ἐκείνη
1747 5169 1822 5232 ὡς
1866 5191 1977 5226 τοι·-

327 5260 494 5330 αύτην
555 5254 1258 5331 ὑποστᾶσαξξσυκοφαντίαν,
1309 5256 1406 5322 τήν
1465 5254 1604 5326 μηδὲ
1650 5257 1725 5322 εἰς
1770 5252 1975 5316 ἔννοιαν

327 5351 494 5419 αὐτῆς
551 5344 945 5413 ἀνελθοῦσανη
974 5342 1064 5398 καὶ
1125 5345 1200 5414 μὴ
1272 5344 1554 5419 ἐνεγκοῦσα
1607 5349 1669 5403 τὸ
1726 5354 1972 5423 πρᾶγμα,

324 5436 516 5496 ἔϐαλεν
548 5434 854 5506 ἓαυτὴνυεῗς
881 5432 970 5486 τὸν
1004 5432 1250 5504 ποταμὸν
1299 5430 1525 5507 λάϐραξ
1548 5436 1640 5490 καὶ
1689 5436 1973 5510 ἐτελεύτη-

322 5554 407 5589 σεν
457 5529 630 5591 οὕτως
657 5569 671 5584 .
705 5525 824 5597 ιΕίς
875 5524 1221 5592 συναισθησιν
1276 5521 1336 5579 δὲ
1383 5523 1612 5583 ἐλθοῦσα
1644 5530 1676 5598 ἡ
1711 5549 1973 5607 συκοφαν-

320 5627 550 5695 τήσασα,
594 5615 713 5688 καὶ,
735 5611 1315 5686 δωρακυῖαλιδτιαάπὸ
1365 5617 1631 5690 πονηρίας
1677 5618 1975 5697 ἐσυκοφάν-

320 5732 506 5787 τησεν,
537 5707 625 5764 καὶ
657 5702 1138 5778 τοῦτοείείργάσατο
1167 5702 1230 5758 τὸ
1261 5700 1541 5779 ἅγοςξζτῆς
1577 5705 1972 5785 ἁδελφότητος,

323 5797 570 5863 λαϐοῦσα
626 5795 822 5863 ἑαυτὴν
880 5792 1162 5870 ἀπήγξατο
1215 5793 1306 5854 καὶ
1363 5793 1497 5866 αὕτη
1561 5799 1638 5872 μὴ
1688 5799 1972 5877 ἐνεγκοῦσα

324 5895 387 5951 τὸ
415 5895 645 5968 πρᾶγμα
676 5930 692 5946 .
733 5879 1072 5968 Ἐξελθόντος
1134 5877 1190 5936 δὲ
1225 5885 1322 5938 τοῦ
1364 5880 1752 5964 πρεσϐυτέρου,
1804 5890 1976 5968 ἀνήγ-

327 5982 514 6066 γειλαν
553 5986 720 6041 ταῦτα
777 5982 831 6038 αἱ
889 5967 1085 6025 λοιπαὶ
1142 5969 1403 6038 παρθένοι
1439 6026 1452 6040 .
1511 5979 1818 6040 Ἐκέλευσεν
1881 5967 1971 6036 οῦν

2678 3309 2909 3366 ΚΕΦΔΛ
2933 3348 2950 3365 .
3002 3307 3114 3362 MB'
3137 3348 3152 3365 .

2595 3394 2724 3469 Περὶ
2763 3398 2860 3450 τοῦ
2899 3396 3226 3469 Πιτηρούμ.

2162 3480 2291 3554 Περὶ
2320 3481 2526 3553 ταύτης
2558 3489 2657 3551 τῆς
2689 3482 2838 3545 ὁσίας
2866 3488 2944 3556 τῷ
2996 3483 3132 3559 ἁγίῳ
3165 3485 3453 3560 Πιτηροὺμ
3489 3484 3730 3560 παρέστη

2089 3571 2118 3627 ὁ
2150 3569 2382 3646 ἅγγελος
2413 3569 2464 3632 ἐν
2506 3576 2584 3642 τῷ
2617 3573 2932 3653 Πορφυρίτῃ
2974 3573 3318 3648 καθεζομένῳ
3360 3575 3695 3652 ἀναχωρητῇ
3717 3621 3732 3648 ,

2089 3657 2244 3733 ἀνδρὶ
2304 3657 2668 3735 δοκιμωτάτῳ
2723 3662 2801 3724 εἰς
2867 3665 2966 3732 την
3023 3665 3120 3732 τῆς
3169 3664 3446 3734 ἀσκήσεως
3493 3665 3731 3740 ἀρετήν.

2093 3750 2191 3807 Καὶ
2222 3748 2372 3824 λέγει
2403 3750 2550 3822 αὐτῴ
2576 3793 2591 3809 .
2643 3751 2740 3808 Δια
2767 3751 2819 3806 τί
2872 3755 3007 3826 μέγα
3053 3759 3268 3831 φρονεῖς
3302 3752 3388 3810 ἐπὶ
3441 3760 3558 3817 τοῖς
3605 3777 3733 3811 σαυ-

2087 3843 2183 3894 τοῦ
2213 3841 2631 3914 κατορθώμασιν
2666 3840 2739 3900 ὡς
2782 3836 3040 3909 εὐλαϐὴς,
3092 3841 3181 3896 καὶ
3231 3841 3283 3897 ἐν
3331 3843 3565 3916 τοιούτῳ
3602 3846 3733 3900 καθ-

2088 3929 2342 4000 εζόμενος
2390 3927 2582 3999 τόπῳ;
2642 3927 2829 3989 Θέλεις
2861 3926 2991 3984 ἰδεῖν
3047 3950 3142 3984 σου
3195 3926 3588 4006 εὐλαϐεστέραν
3634 3954 3730 4007 γυ-

2087 4017 2279 4083 ναίκα;
2333 4015 2534 4070 ἄπελθε
2600 4016 2677 4078 εἷς
2744 4019 2805 4072 τὸ
2875 4021 3240 4094 μοναστήριον
3297 4024 3404 4074 τῶν
3462 4027 3732 4095 γυναικῶν

2086 4109 2194 4159 τῶν
2253 4098 2737 4175 Ταϐεννησιωτῶν,
2794 4107 2882 4161 καὶ
2946 4105 3191 4182 εὑρήσεις
3241 4107 3354 4163 ἐκεῖ
3399 4109 3548 4182 μίαν,
3609 4107 3728 4165 διά-

2087 4189 2240 4263 δημα
2283 4190 2512 4267 ἔχουσαν
2560 4193 2647 4249 ἐπὶ
2703 4201 2802 4264 τῆς
2847 4193 3094 4272 πεφαλῆς
3145 4196 3312 4266 αὐτῆς
3341 4214 3356 4229 ⁸
3407 4195 3583 4269 ἐκείνη
3633 4220 3729 4254 σου

2085 4279 2317 4353 ἀμείνων
2357 4281 2506 4339 ἐστί.
2566 4283 2818 4357 Τοσούτῳ
2863 4286 2964 4360 γάρ
3015 4283 3175 4360 ὄχλῳ
3226 4286 3589 4357 πυκτεύουσα,
3638 4288 3726 4344 καὶ

2042 4367 2361 4448 ’διαφόρως
2425 4371 2620 4434 πάσαις
2679 4371 3033 4444 δουλεύουσα,
3088 4376 3187 4442 την
3241 4375 3438 4446 ἑαυτῆς
3508 4375 3729 4444 καρδίαν

2085 4458 2348 4517 οὐδέποτε
2396 4461 2692 4533 ἀπέστησεν
2740 4466 2837 4519 τοῦ
2894 4467 3050 4533 Θεοῦ,
3108 4464 3302 4541 καίπερ
3350 4469 3495 4542 παρά
3540 4472 3727 4525 πασῶν

2085 4552 2607 4626 καταφρονουμένη.
2669 4554 2744 4612 Σὺ
2803 4551 2862 4609 δέ
2911 4557 3271 4628 κατεζόμενος
3337 4555 3445 4613 ὦδε
3490 4558 3591 4614 ἀνᾶ
3633 4559 3726 4621 τάς

2009 4651 2052 4716 D
2083 4641 2275 4702 πόλεις
2315 4640 2583 4696 πλανᾶσαι
2628 4646 2696 4716 τῇ
2745 4641 2972 4714 διανοίᾳ,
3007 4647 3035 4700 6
3079 4644 3356 4717 μηδέποτε
3403 4647 3728 4720 οἰκουμένην

2080 4733 2364 4800 πατήσας.
2414 4731 2674 4793 ’Δναστὰς
2724 4731 2783 4788 δὲ
2812 4731 2872 4789 ἐκ
2916 4733 3111 4789 τούτου
3155 4739 3252 4789 τοῦ
3297 4737 3469 4791 τόποῦ
3499 4737 3528 4791 6
3562 4736 3728 4811 μέγας

2081 4818 2391 4892 Πιτηρούμ,
2444 4818 2610 4888 ἦλθεν
2657 4817 2762 4883 ἓως
2818 4826 2916 4876 τοῦ
2969 4822 3334 4896 μοναστηρίου
3381 4829 3488 4882 τῶν
3529 4820 3730 4883 Ταϐεν-

2076 4916 2388 4982 νησιωτῶν,
2419 4911 2510 4967 καὶ
2560 4912 2869 4987 παρακαλεῖ
2903 4915 3031 4977 τοὺς
3066 4912 3428 4979 διδασκάλους
3472 4914 3728 4989 διαϐῆναι

2079 5000 2156 5062 εἰς
2186 5001 2248 5055 τὸ
2284 5003 2644 5075 μοναστήριον
2690 5007 2796 5057 τῶν
2849 5008 3118 5079 γυναικῶν
3145 5047 3159 5061 .
3210 5005 3298 5067 Ὠς
3346 5006 3438 5060 οῦν
3481 5006 3727 5078 ἐπίδοξον

2076 5091 2182 5145 τῶν
2237 5089 2487 5158 Πατέρων
2544 5090 2634 5146 καὶ
2693 5090 2744 5145 ἐν
2803 5096 2870 5165 τῇ
2921 5091 3145 5164 ἀσκήσει
3193 5095 3540 5170 γεγηρακότα
3596 5096 3726 5172 θαρο

2081 5175 2293 5252 ῥοῦντες
2349 5174 2636 5251 εἰσήγαγον
2697 5178 2881 5249 αὐτὸν,
2940 5176 3356 5254 διαπεράσαντες
3413 5183 3504 5239 τὸν
3557 5204 3726 5239 ποτα-

2083 5264 2183 5338 μόν
2219 5309 2232 5322 .
2292 5264 2392 5319 Καὶ
2453 5266 2586 5333 μετὰ
2639 5266 2701 5320 τὸ
2751 5264 2996 5340 εὔξασθαι
3049 5268 3266 5341 αὐτοὺς,
3317 5271 3646 5343 ἐπεζήτησεν
3698 5272 3726 5324 6

2085 5353 2248 5426 μέγας
2288 5353 2460 5416 πάσας
2508 5353 2605 5416 τὰς
2655 5354 2954 5428 παρθένους
3012 5354 3144 5413 ἰδεῖν
3201 5361 3337 5414 κατὰ
3393 5362 3725 5432 πρόσωπον.

2081 5445 2272 5496 Πασῶν
2307 5439 2396 5496 οῦν
2427 5439 2700 5499 έλθουσῶν
2735 5443 2788 5499 ἐν
2820 5449 2898 5516 τῷ
2938 5448 3088 5519 μέσῳ
3138 5446 3312 5516 ἐκείνη
3358 5447 3420 5502 ού
3462 5446 3724 5525 παρειραί-

2077 5551 2200 5586 νετο
2227 5573 2240 5587 .
2271 5528 2442 5594 Τέλος
2475 5529 2625 5606 λέγει
2657 5532 2843 5597 αὐταῖς
2875 5535 2903 5592 6
2934 5536 3089 5613 ἅγιος
3136 5535 3428 5609 Πιτηρούμ
3453 5555 3467 5571 ·
3525 5539 3726 5612 Φέρετέ

2081 5642 2176 5694 μοι
2231 5620 2404 5684 πάσας
2433 5663 2447 5677 .
2509 5627 2628 5678 Τῶν
2689 5620 2745 5679 δὲ
2813 5624 3109 5702 λεγουσῶν,
3181 5624 3456 5700 Πάρεσμεν
3511 5631 3677 5685 πᾶσαι
3706 5648 3721 5665 ·

2080 5708 2223 5785 λέγει
2258 5711 2475 5782 αὐταῖς,
2509 5710 2698 5768 Λείπει
2739 5713 2855 5786 μία,
2898 5714 2964 5783 ἢν
3014 5711 3208 5784 ἔδειξέν
3262 5735 3357 5789 μοι
3395 5717 3424 5772 6
3455 5714 3686 5795 ἄγγελος
3712 5759 3727 5777 .

2080 5799 2342 5878 Λέγουσιν
2375 5800 2562 5874 αὐτῷ·
2614 5802 2751 5859 Μίαν
2795 5800 2999 5881 ἔχομεν
3049 5804 3261 5875 σαλήψ
3315 5804 3368 5861 ἐν
3411 5805 3491 5880 τῷ
3537 5829 3725 5885 μαγει-

2080 5891 2183 5964 ρίῳ
2217 5890 2396 5948 ἐστίν.
2442 5889 2598 5946 Οὕτω
2644 5891 2746 5968 γὰρ
2794 5890 2905 5947 ἐκεῖ
2949 5891 3179 5951 καλοῦσι
3223 5896 3318 5960 τὰς
3365 5896 3721 5976 πασχούσας.

2077 5977 2239 6036 Λέγει
2290 5978 2317 6030 6
2366 5977 2578 6034 μέγας’
2637 5980 2883 6056 Ἀγάγετε
2941 5981 3212 6056 κάκείνην,
3275 5981 3432 6065 ἄφετε
3487 5982 3591 6044 ἴδω
3639 5987 3726 6043 αὖ·
