4074 6278
259 327 285 387 1
324 325 441 393 109

1623 320 1993 386 HISTORIA
2037 320 2452 385 LAUSIACA.

3639 321 3815 385 1110

256 462 367 519 lem
402 462 538 533 (88),
571 475 695 531 quae
716 461 804 513 est
834 456 890 511 in
925 455 1137 512 culina.
1173 457 1265 513 Sic
1288 456 1441 513 enim
1474 461 1683 513 vocant
1722 456 1839 512 illic
1870 474 1969 511 eas
2001 460 2048 523 Α
2080 460 2135 510 et
2158 473 2358 510 rursus
2405 453 2654 509 velocem
2690 469 2889 509 eorum
2932 453 3259 519 interitum,
3290 456 3344 509 et
3391 469 3518 523 quis
3567 455 3626 510 in
3660 472 3793 512 cum

254 567 382 622 qum
408 567 516 603 non
551 558 686 602 sunt
718 562 871 599 sanas
909 547 1134 599 mentis.
1165 546 1310 599 Dicit
1360 546 1443 600 eis
1479 562 1719 610 magnus
1758 562 1771 598 :
1809 545 1969 599 illam

254 654 482 708 quoque
513 637 803 703 adducite,
838 635 1011 689 sinite
1072 640 1135 687 ut
1166 651 1292 688 eam
1329 636 1569 689 videam.
1605 634 1834 690 Iverunt
1867 635 1969 687 ita-

256 743 367 799 que
398 729 465 780 ad
504 742 628 781 eam
664 724 1006 779 vocandam.
1047 724 1142 777 illa
1167 741 1297 779 vero
1329 741 1691 795 nequaquam
1725 722 1965 781 obediit,

255 821 317 870 ut
346 833 471 886 quas
531 832 650 870 rem
706 813 967 879 sentiret,
1001 830 1134 867 nam
1188 814 1333 868 forte
1377 814 1483 884 ipsi
1519 830 1749 884 quoque
1784 814 1969 867 fuerat

253 907 587 961 revelatum.
622 905 760 959 Eam
795 920 930 974 ergo
960 904 1016 958 vi
1052 904 1315 971 trahunt,
1338 904 1446 971 ipsi
1487 906 1786 960 dicentes:
1819 908 1958 957 San~

253 1007 377 1050 ctus
410 996 650 1050 Pitirum
675 993 798 1047 vult
831 1000 884 1047 te
916 994 1129 1061 videre,
1161 999 1282 1048 erat
1339 996 1493 1047 enim
1543 995 1590 1048 is
1638 995 1830 1065 magni
1868 1010 1963 1049 no-

253 1084 447 1141 minis.
481 1085 556 1139 Ea
590 1101 726 1154 ergo
762 1084 1033 1143 adducta.
1060 1083 1206 1137 vidit
1230 1100 1477 1155 magnus
1510 1085 1637 1150 ejus
1670 1084 1968 1148 faciem,et

254 1190 511 1245 pannum
547 1175 603 1228 in
628 1174 817 1243 capite
847 1179 902 1226 et
933 1175 1119 1227 fronte
1150 1176 1298 1242 ejus,
1333 1179 1389 1227 et
1418 1176 1627 1227 cadens
1676 1175 1745 1227 ad
1791 1175 1967 1243 pedes

252 1263 401 1335 ejus,
431 1264 569 1318 dicit
598 1263 688 1326 ei;
723 1263 968 1318 Benedic
996 1264 1459 1318 Amma.Cadeus
1484 1270 1672 1318 autem
1697 1265 1767 1319 ad
1795 1266 1967 1335 pedes

252 1354 376 1423 ejus
417 1354 543 1423 ipsa
566 1369 798 1424 quoque
828 1352 1052 1407 dicebat
1088 1370 1101 1407 :
1137 1353 1220 1407 Tu
1258 1353 1399 1406 mihi
1446 1353 1701 1421 benedic,
1735 1354 1966 1409 domine

254 1444 354 1498 mi.
379 1444 521 1498 Cum
558 1444 662 1496 hoc
701 1447 895 1496 autem
938 1448 1157 1498 cunctae
1189 1443 1487 1509 vidissent,
1521 1444 1964 1513 obstupuerunt,

250 1538 306 1587 et
336 1534 382 1586 ci
410 1534 679 1585 uixerunt
712 1547 725 1585 :
753 1531 833 1585 Ne
866 1532 968 1585 tibi
1034 1532 1132 1583 fiat
1166 1532 1435 1599 probrum
1484 1549 1550 1585 ac
1599 1534 1966 1601 vituperium,

249 1627 337 1675 est
366 1621 518 1675 enim
554 1620 701 1675 Sale.
738 1620 830 1674 Eis
886 1619 1028 1673 dicit
1083 1624 1321 1673 sanctus
1354 1618 1597 1674 Pitirum
1635 1637 1647 1673 :
1682 1620 1795 1676 Vos
1826 1622 1967 1676 estis

249 1709 400 1770 Sale.
436 1710 552 1763 haec
583 1710 737 1763 enim
779 1716 836 1763 et
876 1726 965 1763 me
995 1713 1051 1763 et
1082 1708 1242 1763 vobis
1271 1714 1355 1762 est
1389 1710 1617 1776 melior;
1648 1715 1731 1765 est
1761 1714 1967 1767 Amma

2081 547 2379 600 irruebant
2409 546 2668 611 gentium
2704 546 3090 598 deletionem:
3126 545 3266 596 adeo
3299 548 3358 597 ut
3389 561 3518 598 cum
3553 545 3792 613 quidam

2080 638 2193 691 dux
2227 637 2514 691 exercitus
2548 640 2613 690 ait
2648 653 2771 689 eam
2806 636 3057 689 venisset
3086 634 3443 689 sciscitatum
3479 653 3549 689 an
3573 636 3794 691 Ethio-

2079 743 2174 798 pes
2205 727 2304 796 qui
2338 734 2475 780 sunt
2506 726 2561 779 in
2590 727 2775 797 Syene
2799 730 3375 794 essetsuperalurus,
3401 742 3527 795 qua:
3561 728 3792 795 quidem

2076 822 2162 870 est
2197 816 2531 885 principium
2565 814 2915 881 Thebaidis;
2953 813 2988 866 ii
3017 819 3207 868 autem
3261 820 3399 869 tunc
3441 818 3788 885 irruperant.

2075 910 2132 960 et
2159 922 2359 959 eorum
2393 905 2698 959 finitimam
2745 904 3030 971 regionem
3073 909 3472 971 vastaverant;
3506 906 3555 958 ei
3600 911 3790 959 autem

2074 994 2218 1049 dixit
2271 995 2569 1050 Joannes:
2627 995 2685 1048 Si
2734 991 3085 1058 ascenderis,
3145 1007 3242 1046 eos
3308 993 3790 1063 oomprehendes,

2071 1084 2308 1150 vincies,
2343 1090 2398 1137 et
2428 1084 2766 1153 subiungas,
2786 1088 2839 1135 et
2859 1081 3052 1137 clarus
3070 1082 3184 1135 eris
3213 1082 3362 1151 apud
3388 1083 3783 1150 imperatores,

2075 1174 2137 1230 Id
2167 1176 2340 1229 etiam
2378 1175 2591 1227 factum
2626 1178 2731 1233 est,
2766 1178 2821 1226 et
2859 1190 2985 1243 quas
3010 1172 3347 1226 acciderunt
3372 1170 3793 1226 conlirmarunt

2073 1264 2198 1331 ejus
2233 1263 2687 1333 praedictionem.
2710 1262 2948 1316 Dicebat
2977 1265 3169 1315 autem
3220 1260 3789 1315 Christianissimum

2072 1354 2474 1419 imperatorem
2509 1352 2902 1406 Theodosium
2922 1366 3045 1404 esse
3079 1354 3269 1404 morte
3287 1366 3396 1404 sua
3418 1349 3787 1408 moriturum.

2081 1440 2285 1496 Habuit
2318 1446 2510 1494 autem
2545 1441 2636 1495 hic
2695 1441 2779 1493 vir
2829 1438 3233 1493 admirabilem
3289 1454 3530 1510 quoque,
3574 1443 3629 1492 et
3661 1455 3788 1509 quis

2080 1534 2316 1587 modum
2348 1534 2679 1601 superabat,
2712 1531 3094 1601 prOphetiam.
3132 1535 3193 1584 ut
3224 1530 3552 1583 audivimus
3581 1546 3649 1584 ex
3682 1529 3790 1584 Pa~

2079 1622 2264 1676 tribus
2296 1621 2393 1692 qui
2429 1638 2559 1675 cum
2593 1637 2658 1675 eo
2681 1622 3081 1687 versabantur,
3108 1635 3354 1689 quorum
3383 1619 3496 1673 vita
3528 1618 3634 1671 fuit
3659 1635 3789 1688 pro-

2076 1712 2207 1766 bata
2239 1712 2390 1780 apud
2423 1728 2620 1764 omnes
2652 1711 2747 1782 qui
2783 1710 2898 1763 illic
2946 1716 3128 1764 erant.
3170 1710 3331 1774 Quod
3366 1714 3559 1762 autem
3604 1709 3675 1763 de
3722 1726 3787 1764 eo

244 1797 356 1867 (sic
386 1800 543 1853 enim
576 1804 783 1853 vocant
838 1803 1046 1854 Matres
1098 1797 1437 1870 spiritales),
1470 1805 1525 1852 et
1583 1817 1774 1870 quaeso
1809 1807 1869 1855 ut
1900 1820 1963 1857 ea
1998 1839 2040 1903 Β
2080 1800 2222 1855 nihil
2267 1801 2643 1853 narrarintad
2676 1800 2946 1870 gratiam,
2971 1798 3067 1852 sed
3105 1799 3295 1851 minus
3325 1814 3500 1868 quam
3538 1815 3787 1853 merere-

245 1889 456 1951 dignus
490 1890 749 1943 inveniar
789 1890 845 1943 in
901 1890 1038 1944 hora
1072 1888 1291 1959 iudicii.
1327 1890 1417 1943 Eas
1449 1896 1641 1945 autem
1676 1909 1808 1947 cum
1840 1894 1962 1946 'au-

246 1977 473 2033 dissent
526 1980 858 2033 ceciderunt
908 1982 976 2033 ad
1044 1980 1215 2048 pedes
1271 1983 1398 2050 ejus
1438 1982 1662 2047 flentes,
1696 1987 1750 2036 et
1782 1983 1959 2037 conti-

245 2071 435 2122 tentes
465 2084 668 2121 omnes
693 2069 843 2138 quod
880 2070 1102 2123 beatam
1138 2070 1379 2125 diversis
1431 2070 1618 2125 modis
1664 2072 1962 2125 afticerent

246 2156 613 2211 contumelia.
647 2159 772 2211 Alia
803 2158 1035 2225 quidem
1072 2160 1269 2213 dicens
1304 2177 1318 2214 :
1352 2160 1469 2230 Ego
1528 2160 1681 2216 hanc
1732 2177 1963 2227 semper

246 2247 723 2311 subsannabam;
756 2248 887 2311 alia,
924 2249 1037 2318 Ego
1068 2250 1194 2317 ejus
1222 2248 1504 2303 humilem
1542 2251 1799 2304 habitum
1825 2251 1959 2304 irri-

250 2335 496 2401 debam;
537 2346 589 2389 et
623 2337 758 2404 alia,
790 2337 906 2406 Ego
936 2353 1060 2390 cam
1096 2346 1379 2393 tacentem
1402 2341 1725 2394 afﬁciebam
1752 2347 1956 2393 contu-

250 2427 461 2493 melia;
495 2433 551 2479 et
579 2443 778 2480 rursus
811 2428 945 2488 alia,
976 2429 1089 2498 Ego
1148 2431 1381 2499 quadrae
1441 2432 1687 2485 eluviem
1717 2449 1867 2502 saepe
1898 2431 1956 2484 in

249 2530 373 2569 eam
407 2514 626 2580 effudi;
660 2514 792 2582 alia,
828 2516 942 2586 Ego
975 2520 1023 2569 ei
1061 2517 1262 2588 plagas
1312 2519 1536 2587 inﬂixi;
1571 2520 1680 2574 alia
1730 2538 1958 2585 rursus,

250 2605 361 2673 Ego
392 2621 456 2658 ea
487 2622 616 2659 sum
646 2621 771 2674 quae
797 2607 843 2660 ei
880 2623 1106 2676 pugnos
1139 2607 1401 2675 incussi;
1436 2608 1547 2661 alia
1582 2626 1809 2676 rursus,
1841 2610 1957 2679 Ego

252 2695 479 2764 sinapio
511 2697 641 2765 ejus
673 2712 841 2749 nares
873 2697 1114 2766 aspersi.
1152 2698 1210 2750 Et
1237 2697 1499 2751 utsemei
1534 2697 1745 2762 dicam,
1778 2699 1959 2765 signi-

246 2785 500 2841 ﬁcabant
531 2802 732 2839 omnes
754 2803 816 2840 se
846 2802 973 2840 eam
1022 2786 1200 2842 variis
1257 2787 1516 2842 affecisse
1565 2788 1957 2843 contumeliis.

248 2877 387 2932 Cum
422 2876 632 2930 harum
656 2891 791 2947 ergo
814 2879 1238 2931 confessionem
1264 2878 1580 2945 accepisset
1609 2884 1851 2933 sanctus
1877 2878 1959 2932 Pi-

248 2965 451 3033 tirum,
484 2971 537 3017 et
566 2981 666 3033 pro
689 2967 769 3017 eis
800 2965 974 3018 simul
1000 2982 1133 3019 cum
1160 2969 1283 3034 ipsa
1312 2973 1559 3034 orasset,
1590 2973 1644 3021 et
1675 2968 1771 3021 diu
1806 2974 1961 3025 esset

248 3054 585 3112 consolatus
619 3056 1002 3107 venerandam
1028 3055 1239 3109 Christi
1266 3058 1609 3122 servam,sic
1639 3058 1794 3112 exiit.
1820 3061 1961 3113 Pau-

247 3139 332 3195 cis
364 3145 553 3191 autem
575 3141 703 3205 post
742 3134 949 3188 diebus
980 3150 1109 3187 cum
1143 3137 1216 3187 ab
1243 3137 1517 3190 omnibus
1537 3137 1695 3192 valde
1721 3137 1957 3194 honora-

2070 1896 2185 1957 tur,
2219 1889 2354 1943 hinc
2386 1889 2547 1943 facile
2570 1890 2696 1943 sciri
2728 1894 2935 1960 potest.
2962 1887 3104 1941 Nam
3130 1903 3258 1941 cum
3286 1888 3354 1939 ad
3375 1903 3508 1941 eum
3534 1890 3787 1943 venisset

2071 1980 2306 2049 quidam
2342 1979 2631 2045 tribunus,
2665 1981 2721 2032 et
2780 1979 3025 2047 supplex
3068 1980 3286 2046 peteret
3328 1980 3388 2029 ut
3430 1977 3788 2045 permitteret

2072 2084 2309 2121 uxorem
2336 2083 2499 2121 suam
2517 2068 2585 2120 ad
2621 2084 2753 2120 eum
2786 2068 2999 2131 venire,
3028 2082 3153 2135 quae
3177 2063 3357 2118 multa
3381 2080 3552 2135 passa
3578 2065 3784 2134 fuerat,

2071 2164 2123 2211 et
2156 2156 2379 2211 volebat
2410 2173 2541 2210 eum
2576 2157 2789 2221 videre,
2823 2160 3060 2210 ventura
3114 2154 3362 2225 Syenem
3407 2159 3467 2207 ut
3516 2171 3617 2224 pro
3658 2154 3786 2225 ipsa

2073 2244 2233 2315 prius
2262 2252 2474 2311 oraret,
2506 2255 2557 2299 et
2580 2261 2704 2300 eam
2747 2248 2879 2300 data
2924 2246 3317 2299 benedictione
3354 2243 3699 2309 dimitteret;
3734 2243 3784 2297 is

2068 2343 2259 2391 autem
2295 2339 2389 2404 qui
2413 2337 2537 2405 jam
2572 2336 2956 2406 quadraginta
2988 2335 3153 2389 annis
3187 2351 3299 2388 non
3328 2334 3543 2387 viderat
3569 2333 3783 2388 mulie-

2070 2442 2188 2479 rem
2224 2426 2280 2479 in
2314 2429 2608 2495 spelunca,
2634 2443 2763 2480 cum
2799 2430 2951 2481 esset
2978 2424 3426 2495 nonagenarius,
3451 2429 3507 2476 et
3533 2439 3636 2477 nec
3660 2423 3783 2492 ipse

2071 2532 2330 2585 unquam
2371 2525 2523 2571 esset
2553 2533 2846 2587 egressus,
2884 2532 2986 2570 nec
3025 2516 3135 2569 sibi
3204 2514 3563 2584 permitteret
3592 2514 3784 2566 videre

2070 2608 2392 2672 mulierem,
2428 2611 2735 2661 recusabat
2768 2607 2956 2662 videre
2986 2607 3117 2676 ejus
3153 2620 3414 2659 uxorem.
3440 2603 3545 2657 Sed
3574 2619 3677 2656 nec
3698 2603 3783 2656 vir

2068 2692 2225 2748 ullus
2257 2696 2326 2747 ad
2360 2712 2488 2749 eum
2517 2713 2773 2766 unquam
2797 2702 2884 2750 est
2908 2696 3230 2767 ingressus.
3266 2694 3465 2747 Solum
3497 2691 3652 2746 enim
3679 2691 3780 2745 be—

2071 2784 2371 2839 nedicebat
2401 2802 2502 2855 per
2561 2786 2895 2850 fenestram,
2939 2792 2993 2839 et
3040 2784 3329 2839 salutabat
3358 2798 3456 2836 eos
3488 2780 3585 2852 qui
3619 2796 3779 2835 acce-

2068 2874 2302 2940 debant,
2333 2891 2465 2929 cum
2489 2892 2835 2946 unoquoque
2890 2877 3184 2931 disserens
3228 2875 3298 2928 de
3329 2890 3394 2928 eo
3438 2875 3589 2943 quod
3624 2870 3780 2925 vole-

2070 2963 2164 3017 bat
2190 2967 2225 3017 ί.
2262 2964 2405 3018 Cum
2439 2982 2573 3035 ergo
2604 2966 2847 3019 instaret
2879 2967 3171 3023 tribunus.
3205 2979 3416 3032 rogans
3439 2979 3510 3014 an
3549 2961 3780 3029 juberet

2065 3069 2233 3106 suam
2266 3054 2457 3107 venire
2488 3056 2795 3123 conjugem
2834 3054 3103 3123 (degebat
3162 3053 3316 3107 enim
3360 3052 3417 3104 in
3469 3050 3778 3104 solitudine

2069 3144 2273 3212 quinto
2297 3144 2367 3196 ab
2402 3144 2543 3198 urbe
2579 3145 2850 3216 lapide)is
2869 3151 3064 3197 autem
3093 3160 3203 3196 non
3238 3140 3777 3205 annuisset,dicens

249 3231 426 3290 retur,
458 3236 508 3281 et
543 3226 614 3279 ab
645 3225 921 3278 omnibus
960 3226 1377 3293 observaretur,
1405 3242 1515 3278 non
1576 3228 1761 3281 ferens
1796 3229 1957 3283 beata
1990 3213 2031 3277 Ε
2073 3230 2131 3284 id
2171 3247 2281 3284 non
2319 3248 2489 3300 posse
2514 3233 2657 3300 fieri,
2698 3213 2925 3287 tristem
2971 3231 3194 3286 dimisit
3253 3230 3572 3283 hominem.
3625 3226 3778 3283 Uxor

247 3315 491 3387 gloriam
524 3320 580 3367 et
613 3315 884 3367 honorem
919 3329 1029 3379 quo
1062 3312 1423 3368 afficiebatur
1442 3316 1512 3368 ab
1561 3319 1714 3369 omni
1753 3318 1957 3373 frater-

248 3406 448 3466 nitate,
471 3408 529 3458 et
550 3403 953 3457 excusationes
978 3419 1124 3457 onus
1156 3420 1283 3457 esse
1314 3405 1623 3471 arbitrans,
1648 3407 1794 3461 clam
1821 3409 1959 3464 exiit

247 3511 316 3550 ex
357 3493 736 3559 monasterio;
770 3497 826 3546 et
880 3509 1128 3561 quonam
1182 3492 1367 3560 iverit,
1402 3500 1498 3548 aut
1536 3512 1710 3566 quem
1769 3496 1955 3551 locum

249 3582 742 3650 subierit,autubi
767 3583 997 3646 obierit,
1023 3597 1191 3635 nemo
1223 3584 1492 3653 cognovit
1522 3584 1577 3638 in
1615 3584 1955 3641 hodiernum

247 3672 423 3727 diem.
461 3673 588 3727 Haec
628 3677 767 3727 sunt
788 3688 1077 3740 generosa:
1108 3677 1164 3725 et
1224 3673 1463 3727 humilis
1511 3674 1754 3746 virginis
1786 3675 1960 3746 hujus

246 3779 311 3817 ac
344 3763 521 3817 beata:
553 3768 705 3817 recte
732 3761 881 3815 facta
913 3766 1177 3829 etopera.

867 3850 1093 3905 CAPUT
1132 3851 1338 3907 XLlII.

602 3943 675 3995 De
694 3941 884 3995 abbate
903 3942 1110 3994 Joanne
1130 3942 1244 4010 (80)
1268 3942 1419 3994 urbis
1442 3943 1599 4012 Lyco.

312 4029 442 4085 Fuit
504 4030 742 4100 quidam
774 4028 1029 4083 Joannes
1085 4028 1141 4081 in
1196 4030 1335 4082 urbe
1386 4029 1681 4100 Lyco,qui
1715 4048 1956 4101 apuero

244 4120 481 4191 quidem
506 4118 704 4171 didicit
728 4123 908 4170 artem
946 4114 1347 4182 fattrilem,.cui
1388 4118 1496 4170 fuit
1530 4121 1704 4173 frater
1750 4121 1959 4175 tinctor

243 4210 437 4281 (Ra/1.,
470 4208 570 4264 lib.
602 4226 665 4268 II.
699 4224 819 4276 cap.
855 4206 929 4277 1).
958 4206 1160 4261 Postea
1208 4216 1398 4261 autem
1441 4224 1574 4262 cum
1607 4216 1761 4265 esset
1783 4211 1958 4266 circi—

242 4309 329 4355 ter
388 4299 595 4371 vigniti
663 4298 923 4370 quinque
982 4312 1166 4349 annos
1222 4305 1411 4360 natus,
1468 4299 1674 4354 saeculo
1739 4317 1954 4356 renun-

240 4391 446 4457 tiavit;
481 4396 536 4444 et
566 4405 698 4443 cum
732 4403 993 4460 quinque
1032 4403 1216 4440 annos
1260 4394 1524 4442 versatus
1558 4395 1711 4443 esset
1741 4391 1799 4445 in
1835 4408 1955 4447 mo-

240 4481 517 4547 nasterio,
549 4479 791 4534 secessit
821 4478 980 4532 solus
1009 4477 1067 4532 in
1104 4483 1359 4531 montem
1388 4476 1550 4544 Lyco,
1583 4484 1639 4533 et
1684 4479 1739 4532 in
1777 4496 1953 4534 cacu-

2064 3329 2254 3375 autem
2299 3339 2408 3375 non
2436 3326 2697 3376 cessabat
2729 3323 2818 3378 die
2846 3329 2902 3377 et
2934 3329 3099 3378 nocte
3131 3322 3336 3376 marito
3352 3320 3619 3373 exhibere
3654 3335 3777 3373 mo-

2064 3410 2315 3479 lestiam,
2348 3414 2801 3483 etjurejurando
2832 3413 3125 3468 affirmare
3159 3428 3219 3467 se
3249 3426 3537 3483 nusquam
3579 3408 3777 3463 abitu-

2069 3516 2191 3554 ram
2229 3504 2337 3556 nisi
2373 3503 2591 3558 videret
2624 3503 2984 3574 prophetam.
3026 3503 3337 3573 Postquam
3381 3507 3573 3555 autetn
3612 3500 3774 3556 beato

2066 3588 2274 3644 Joanni
2293 3608 2324 3644 a
2359 3593 2565 3645 marito
2594 3594 2987 3647 renuntiatum
3003 3589 3529 3661 estjusjursodutn
3555 3588 3771 3655 uxoris,

2066 3681 2196 3749 ejus
2238 3680 2350 3735 ﬁde
2382 3681 2689 3747 intellecta,
2723 3682 2865 3737 dicit
2897 3684 2963 3735 ad
2999 3684 3183 3751 ipsum
3218 3696 3232 3734 :
3272 3679 3383 3734 Hac
3417 3686 3582 3735 nocte
3605 3678 3675 3731 ab
3705 3694 3773 3731 ea

2065 3770 2305 3824 videbor
2336 3772 2388 3823 in
2415 3776 2638 3824 somnis
2669 3788 2682 3836 ;
2715 3787 2818 3825 nec
2850 3770 3103 3839 amplius
3153 3777 3351 3839 pergat
3392 3768 3452 3821 in
3495 3783 3667 3821 carne
3688 3765 3773 3818 vi-

2068 3858 2199 3913 dere
2233 3875 2419 3912 meam
2449 3861 2672 3913 faciem.
2707 3858 2876 3913 Uxori
2920 3865 3112 3911 autem
3140 3856 3497 3912 renuntiavit
3526 3856 3772 3908 maritus

2068 3962 2135 4001 ea
2165 3965 2286 4017 quae
2317 3949 2482 4002 Pater
2513 3948 2748 4001 dixerat.
2796 3946 3034 4001 Videbat
3063 3953 3257 3999 autem
3284 3946 3493 3998 mulier
3522 3944 3577 3996 in
3614 3958 3773 3996 som-

2068 4036 2158 4090 nis
2193 4037 2528 4106 prophetam
2565 4037 2633 4089 ad
2670 4038 2852 4106 ipsam
2901 4036 3251 4090 venientem.
3278 4033 3379 4088 Cui
3421 4034 3592 4087 dicit:
3621 4031 3770 4099 Quid

2066 4123 2167 4177 tibi
2204 4141 2427 4179 mecum
2464 4125 2543 4179 rei
2565 4131 2654 4179 est
2678 4125 2886 4179 mulier
2904 4125 2931 4180 ’ἒ
2953 4125 3093 4196 quid
3124 4140 3303 4178 meam
3328 4122 3557 4193 cupiisli
3579 4122 3772 4174 videre

2066 4214 2591 4278 faciem?nuniuid
2635 4219 2788 4272 enim
2832 4216 3109 4287 propheta
3165 4232 3272 4287 ego
3312 4230 3463 4277 sum,
3497 4210 3769 4280 autjusti

2064 4305 2250 4359 locum
2285 4306 2744 4362 obtineo?homo
2775 4324 2904 4361 sum
2939 4302 3578 4374 peccator,etsimiliter
3596 4307 3769 4370 atque

2063 4412 2163 4450 vos
2198 4396 2492 4465 patibilis:
2526 4397 2680 4451 oravi
2726 4402 2916 4451 tamen
2963 4413 3059 4463 pro
3095 4402 3148 4449 te
3205 4395 3377 4449 domo
3447 4391 3633 4445 mariti
3660 4390 3764 4457 tui,

2061 4499 2114 4541 ut
2138 4487 2411 4542 ﬂatvobis
2427 4489 2749 4542 secundum
2780 4488 2951 4542 fidem
2970 4493 3245 4541 vestram.
3276 4484 3501 4554 Heergo
3525 4482 3581 4536 in
3610 4497 3767 4551 pace,

241 4571 397 4626 mine
456 4570 669 4625 montis
722 4568 883 4623 factis
932 4569 1039 4621 sibi
1117 4567 1302 4621 tribus
1364 4566 1564 4634 tholis,
1625 4566 1944 4638 ingressus,
1980 4580 2023 4643 [)
2056 4577 2125 4632 Et.
2164 4594 2295 4631 cum
2333 4580 2449 4631 base
2494 4578 2753 4641 dixisset,
2790 4578 3043 4632 recessit.
3077 4576 3223 4633 Cum
3286 4582 3479 4628 autem
3523 4573 3768 4626 excitata

236 4664 489 4732 seipsum
525 4661 910 4715 inaedificavit.
935 4662 1116 4729 Atque
1150 4665 1271 4713 erat
1304 4659 1539 4728 quidem
1577 4677 1731 4715 unus
1762 4662 1952 4720 tholus

232 4753 302 4807 ad
337 4754 595 4820 corporis
625 4751 1016 4817 necessitates,
1044 4766 1191 4803 unus
1223 4754 1417 4803 autem
1454 4749 1549 4803 ubi
1574 4753 1948 4819 operabatur.

234 4841 383 4895 alius
423 4856 555 4893 vero
588 4840 685 4893 ubi
719 4839 937 4893 orabat.
966 4838 1017 4892 Is
1048 4854 1180 4892 curn
1216 4838 1565 4904 complesset
1589 4840 1825 4910 triginta
1851 4860 1952 4897 an-

235 4946 342 4986 nos
374 4929 657 4993 inclusus,
690 4934 746 4983 et
785 4930 855 4982 ab
905 4944 971 4981 eo
995 4928 1090 4995 qui
1133 4928 1180 4982 ei
1238 4927 1606 4983 ministrabat
1657 4947 1757 5001 per
1788 4932 1949 4986 fene-

234 5023 413 5077 stram
450 5019 741 5087 aocipiens
799 5035 926 5089 quae
985 5023 1148 5072 erant
1178 5018 1247 5072 ad
1283 5033 1447 5073 usum
1484 5021 1829 5088 necessaria,
1858 5022 1948 5077 di-

233 5127 383 5180 gnus
412 5115 497 5162 est
525 5107 758 5163 habitus
780 5110 962 5179 gratia
996 5108 1319 5162 futurorum
1349 5108 1948 5181 praodictionis,qucm

230 5200 448 5254 donum
483 5198 693 5254 habere
735 5197 1049 5266 prOphetiaa
1084 5195 1318 5263 planum
1353 5197 1565 5250 factum
1607 5204 1691 5252 est
1724 5215 1790 5253 ex
1820 5217 1949 5267 0pc-

228 5289 413 5345 ribus.
450 5288 674 5344 Etenim
708 5291 916 5341 cuncta
948 5303 1076 5357 quas
1107 5302 1138 5339 a
1170 5286 1286 5339 Deo
1345 5285 1403 5339 in
1438 5287 1721 5341 mundum
1756 5289 1948 5343 venio-

226 5380 392 5443 bant,
415 5380 471 5431 in
510 5378 712 5449 primis
744 5376 832 5445 pio
856 5374 1191 5441 imperatori
1215 5374 1538 5429 Theodosio
1574 5376 1735 5443 prius
1765 5378 1951 5448 signi-

225 5466 440 5531 ﬁcavit,
473 5477 521 5521 et
558 5484 684 5537 quae
721 5482 918 5519 rursus
952 5469 1225 5518 eventura
1248 5463 1614 5533 erant,prius
1638 5467 1948 5519 annuntia-

224 5556 560 5625 vit;nempe
591 5566 646 5609 et
678 5563 1053 5626 tyrannorum
1076 5553 1186 5624 (90)
1207 5553 1261 5606 in
1285 5568 1413 5605 eum
1444 5554 1944 5622 insurrectionem,

2061 4667 2263 4719 fuisset
2294 4666 2522 4733 mulier,
2558 4669 2907 4721 renuntiarit
2939 4665 3144 4720 marito
3178 4665 3343 4718 verbl
3377 4661 3687 4731 prophetas,
3711 4663 3769 4714 et

2060 4755 2309 4808 narravit
2347 4755 2583 4825 figuram
2613 4760 2669 4808 et
2706 4755 3012 4819 habitiuir,
3035 4758 3091 4806 et
3131 4768 3231 4822 per
3263 4750 3534 4804 maritum
3553 4746 3766 4801 eimisit

2059 4844 2314 4912 agendas
2380 4846 2622 4914 gratias.
2653 4844 2794 4900 Cum
2850 4860 2982 4899 eum
3054 4847 3248 4895 autem
3290 4839 3528 4893 vidisset
3556 4838 3763 4892 beatus

2056 4932 2329 4999 Joannes,
2364 4951 2655 5005 occupans
2694 4936 2745 4989 ei
2778 4934 2920 4988 dixit
2952 4948 2964 4986 :
2992 4932 3132 4987 Ecce
3198 4930 3431 5001 implevi
3471 4928 3620 5000 quod
3665 4944 3765 4999 po-

2059 5024 2561 5090 stulaveras;eam
2604 5023 2757 5078 enim
2799 5024 3023 5088 videns,
3069 5022 3267 5075 monui
3315 5036 3382 5074 ne
3424 5035 3515 5074 me
3546 5018 3766 5073 videret

2061 5111 2327 5180 amplius,
2364 5112 2487 5179 sed,
2523 5113 2602 5167 [te
2642 5114 2697 5166 in
2722 5129 2879 5183 pace.

2130 5202 2381 5256 Alterius
2447 5210 2632 5257 autem
2686 5201 2973 5271 praepositi
3031 5217 3193 5267 uxor,
3228 5200 3465 5255 absente
3531 5196 3759 5257 marito,

2059 5290 2277 5345 ferebat
2300 5302 2549 5348 uterum.
2592 5292 2732 5346 Cum
2776 5298 2965 5344 autem
3030 5289 3391 5359 perperisset,
3425 5285 3638 5353 eoipso
3671 5281 3763 5336 die

2059 5396 2172 5450 quo
2199 5381 2326 5450 ejus
2352 5381 2596 5436 maritas
2653 5381 2922 5435 convenit
2965 5379 3186 5433 Patrem
3244 5378 3547 5436 Joannem,
3579 5370 3760 5425 animi

2058 5469 2311 5541 deliquio
2341 5471 2570 5526 venitin
2608 5471 3235 5541 periculum.Eiautein
3269 5468 3506 5519 sanctus
3528 5476 3758 5515 annUn-

2059 5560 2243 5625 tiavit,
2277 5561 2476 5616 dicens
2508 5578 2521 5616 ε
2552 5561 2609 5617 Si
2670 5563 2850 5616 scires
2906 5563 3123 5615 donutn
3180 5554 3281 5609 Dei
3320 5554 3539 5623 (Jounn.
3574 5552 3672 5622 Iv),
3705 5554 3761 5606 et

297 5649 313 5682 ¹
358 5646 460 5701 Hic
500 5649 760 5716 quaedam
784 5644 1019 5701 Grsacus
1052 5649 1239 5700 textus
1262 5641 1575 5710 interserit,
1613 5659 1743 5715 quas
1773 5645 1954 5704 habes
1982 5652 2136 5720 apud
2180 5650 2510 5721 Heraclidu,
2546 5652 2786 5724 cap.22.
