4074 6278
309 281 462 356 uti

1889 277 2252 341 PALLADII

3689 266 3861 326 1112

312 412 464 482 quod
495 411 597 465 tibi
632 413 804 466 natus
836 411 912 467 sit
961 411 1133 467 hodie
1178 412 1356 476 ﬁlius,
1391 412 1573 468 Deum
1615 411 2012 484 gloriﬁcares;
2046 412 2097 478 Α
2125 409 2379 465 eminus.
2402 409 2543 465 Cum
2568 406 2764 461 esent
2795 406 2984 456 autem
3018 398 3291 454 collocuti
3322 399 3565 467 diutius,
3599 399 3864 454 tristitia

313 503 412 558 sed
448 506 628 555 mater
657 503 781 570 ejus
815 503 1472 573 propemodumvenitin
1508 502 1854 574 periculum.
1880 505 2020 555 Cum

314 592 538 646 veneris
570 591 768 662 igitur,
797 592 1054 646 invenies
1088 593 1371 648 infantem
1408 602 1592 664 sptem
1616 596 1738 648 dies
1761 601 1962 648 natum
2005 609 2019 646 :

319 681 371 738 ei
405 682 640 754 impone
672 700 881 738 nomen
912 683 1188 740 Joannes.
1221 685 1481 755 Cumque
1519 701 1651 740 eum
1703 691 1849 740 recte
1879 684 2024 738 edu-

317 774 554 835 caveris,
598 778 653 826 et
708 774 776 826 ad
837 791 1050 826 annum
1087 775 1394 844 septimutn
1425 778 1656 837 venerit,
1693 776 1857 829 mitte
1887 789 2022 828 eum

315 860 384 915 ad
422 861 735 916 monachos
767 863 860 932 qui
895 865 1111 919 suntin
1145 864 1478 919 solitudine.
1521 865 1588 919 Et
1631 865 1749 919 haec
1784 864 2022 934 quidem

315 951 655 1004 ostendebat
705 952 988 1007 miracula
1046 953 1116 1008 iis
1185 955 1285 1024 qui
1334 954 1642 1008 veniebant
1673 954 1741 1008 ab
1773 952 2024 1013 exteris;

317 1039 440 1094 suis
472 1046 663 1095 autem
699 1041 922 1097 civibus
982 1051 1215 1115 prepter
1265 1061 1437 1098 suum
1481 1061 1648 1098 usum
1694 1044 1921 1098 assidue
1952 1041 2022 1098 ad

315 1129 504 1200 ipsum
539 1131 904 1186 venientibus
929 1138 983 1186 et
1008 1135 2023 1204 praesciebatetpredicebatfutura;

315 1223 371 1272 et
401 1234 520 1287 quae
556 1221 627 1274 ab
679 1237 1028 1292 unoquoque
1076 1222 1301 1276 occulte
1362 1223 1511 1277 facta
1580 1225 1820 1284 fuerant,
1862 1228 1917 1277 et
1956 1223 2028 1276 de

316 1307 465 1373 Nilo,
489 1316 542 1362 et
574 1309 643 1362 de
676 1312 870 1363 futura
901 1311 1035 1364 anni
1073 1311 1365 1365 fertilitate
1398 1313 1480 1367 eis
1517 1313 1902 1382 significabat.
1935 1312 2028 1367 Si-

317 1395 504 1450 milier
544 1401 738 1452 autem
784 1399 880 1452 Dei
951 1415 1180 1469 quoque
1238 1402 1427 1454 minas
1494 1403 1560 1453 ad
1605 1417 1702 1455 eos
1736 1403 2027 1456 venientes

316 1486 480 1557 prius
521 1489 927 1552 annuntiabat,
962 1495 1018 1542 et
1047 1491 1173 1557 ejus
1205 1497 1466 1544 auctores
1500 1493 1794 1562 arguebat.
1841 1498 2027 1561 Atque

318 1576 442 1645 ipse
466 1577 699 1646 quidem
766 1578 971 1632 beatus
1018 1578 1275 1633 Joannes
1345 1597 1454 1633 non
1492 1581 1803 1651 peragebat
1834 1586 2030 1651 aperte

318 1665 679 1731 curationes;
714 1669 860 1721 dans
892 1673 1081 1722 autem
1115 1669 1330 1733 oleum,
1365 1669 1581 1724 curavit
1607 1669 1821 1725 multos
1861 1686 1928 1725 ex
1959 1669 2028 1724 iis

322 1755 420 1826 qui
465 1755 824 1820 laborabant,

387 1845 676 1901 Senatorii
745 1849 898 1902 enim
960 1848 1265 1915 cujusdam
1311 1849 1413 1904 viri
1467 1867 1629 1915 uxor,
1664 1867 1788 1921 qua:
1831 1850 2032 1906 oculos

318 1936 616 2003 amiserat,
649 1942 705 1991 et
737 1937 989 1992 habebat
1024 1939 1272 2007 pUpillas
1297 1939 1579 1994 ubductas
1620 1940 1916 2011 albugine,
1944 1959 2037 1996 ro-

320 2022 477 2092 gavit
517 2025 788 2078 maritum
813 2041 983 2080 suum
1015 2032 1076 2079 ut
1107 2027 1178 2080 ad
1232 2033 1424 2096 ipsum
1463 2029 1864 2083 deduceretur.
1889 2029 2034 2083 Cum

319 2109 370 2166 is
401 2118 593 2168 autem
655 2113 890 2178 diceret,
925 2131 1053 2169 eum
1115 2133 1414 2188 nunquam
1448 2120 1788 2172 convenisse
1830 2118 2036 2171 mulie-

324 2217 466 2268 rem,
500 2218 568 2257 ea
614 2209 804 2258 autem
865 2213 1094 2276 rogaret
1162 2213 1224 2261 ut
1273 2210 1380 2277 ipsi
1416 2209 1603 2264 solum
1647 2208 2033 2280 signiﬁcatur,

327 2297 382 2346 et
414 2309 516 2362 pro
557 2293 680 2362 ipsa
704 2296 755 2348 id
791 2295 1064 2361 efﬁceret,
1107 2298 1201 2352 ille
1225 2299 1307 2352 sic
1360 2300 1509 2366 fecit,
1544 2307 1600 2353 et
1634 2300 1792 2353 misit
1822 2301 2032 2354 oleum.

327 2384 468 2437 Cum
503 2390 619 2437 tres
649 2391 838 2440 autem
864 2388 988 2441 dies
1021 2388 1207 2442 selum
1243 2389 1567 2446 inunxisset
1596 2392 1820 2458 oculos,
1846 2407 2038 2460 respe-

326 2472 429 2538 xit,
472 2479 530 2528 et
571 2473 684 2528 Deo
716 2482 912 2545 aperte
952 2480 1067 2547 egit
1107 2480 1350 2548 gratias.

398 2561 465 2613 Et
518 2564 655 2629 quid
711 2581 858 2633 Opus
904 2574 992 2618 est
1049 2567 1238 2621 dicere
1293 2570 1363 2620 de
1415 2568 1544 2623 aliis
1594 2571 1722 2638 ejus
1769 2570 2040 2638 operibus

325 2667 455 2721 quas
497 2651 640 2721 ipsis
680 2654 864 2707 oculis
908 2657 1286 2724 accepimus?
1334 2659 1577 2714 Eramus
1620 2659 1772 2712 enim
1815 2667 2038 2728 septem

325 2739 536 2794 fratres
573 2742 860 2810 peregrini
891 2761 1093 2796 omnes
1142 2747 1199 2798 in
1243 2747 1557 2800 solitudine
1605 2747 1818 2810 Nitriae,
1853 2765 1954 2818 ego
1987 2753 2043 2802 et

325 2830 532 2884 beatus
575 2829 873 2896 Evagrius,
907 2838 964 2884 et
1003 2832 1270 2900 Albinus,
1313 2842 1369 2888 et
1415 2836 1778 2890 Ammonius.
1811 2839 2041 2899 Qutere-

327 2919 542 2974 bamus
572 2926 763 2974 autem
796 2921 943 2975 scire
970 2931 1236 2976 accurate
1262 2941 1525 2994 quasnam
1571 2927 1910 2996 essethujus
1934 2928 2041 2981 viri

327 3010 535 3067 virtus.
573 3010 722 3065 Dixit
754 3018 948 3066 autem
987 3028 1231 3084 magnus
1265 3014 1535 3078 Evagrius
1563 3033 1575 3070 :
1605 3016 1893 3071 Lubenter
1925 3017 2041 3070 sci-

325 3114 442 3154 rem
506 3103 577 3154 ab
644 3101 840 3173 aliquo
897 3102 998 3176 qui
1058 3107 1208 3158 norit
1238 3105 1566 3160 examinare
1597 3113 1654 3160 et
1697 3114 1944 3161 mentem
1987 3111 2044 3160 et

328 3190 674 3258 orationem,
705 3195 1014 3262 cujusnam
1051 3195 1205 3249 modi
1240 3197 1315 3250 sit
1346 3196 1427 3248 vir
1459 3215 1472 3262 ;
1504 3198 1553 3250 si
1595 3197 1747 3250 enim
1781 3213 1886 3267 ego
1909 3213 2041 3251 eum

328 3294 442 3334 non
489 3291 727 3350 potuero
759 3284 970 3351 videre,
1004 3284 1130 3351 ejus
1180 3291 1372 3340 autem
1405 3286 1536 3340 vitae
1587 3288 1915 3342 insitlutum
1950 3302 2046 3342 ac-

330 3374 525 3422 curate
565 3371 767 3424 audire
817 3382 1053 3440 potuero
1096 3372 1207 3426 alio
1242 3380 1537 3443 narrante,
1569 3377 1790 3431 discam
1819 3383 1882 3430 ut
1912 3393 2044 3431 eum

333 3457 673 3511 conveniam
705 3461 896 3529 ;quod
941 3461 988 3516 si
1023 3478 1137 3516 non
1171 3462 1450 3530 didicero,
1486 3482 1596 3520 non
1643 3467 1738 3520 ibo
1773 3483 1952 3536 usque
1975 3467 2046 3520 ad

336 3551 618 3598 montem.
645 3547 786 3600 Cum
824 3547 931 3602 hoc
962 3555 1156 3602 autem
1190 3551 1527 3613 audiissem,
1557 3560 1611 3607 et
1642 3557 1857 3607 nemini
1881 3555 2050 3625 quid-

338 3647 512 3702 quam
555 3631 854 3702 dixissem,
889 3635 1081 3705 quievi
1141 3652 1322 3691 unum
1365 3640 1542 3704 diem,
1585 3641 1695 3694 alio
1727 3650 1923 3697 autem
1956 3659 2050 3698 oc-

342 3720 486 3775 clusi
521 3721 765 3789 cellam;
797 3731 853 3778 et
893 3740 1026 3778 cum
1061 3741 1153 3780 me
1182 3733 1239 3780 et
1269 3726 1450 3796 ip8am
1485 3729 1600 3784 Deo
1653 3732 2053 3788 commendas-

340 3823 488 3876 sem,
521 3810 813 3881 profectus
869 3829 1000 3868 sum
1049 3831 1234 3887 usque
1283 3819 1351 3871 ad
1395 3818 1771 3874 Thebaidem.
1819 3820 1956 3876 Cum
1986 3839 2051 3879 eo

335 3905 530 3955 autem
587 3903 783 3957 decem
831 3909 887 3959 et
935 3915 1061 3960 octo
1100 3906 1328 3961 dierum
1406 3910 1595 3978 spatio
1638 3912 2050 3981 pervenissem.

341 3992 552 4060 partim
582 3992 811 4058 qnidem
873 3996 1138 4066 pedibus,
1191 3998 1400 4066 partim
1440 4013 1571 4053 vero
1642 4003 1963 4072 navigando
1994 4004 2052 4057 in

335 4078 608 4138 ﬂumine:
644 4091 766 4138 erat
814 4092 1009 4140 autem
1074 4092 1307 4158 tempus
1346 4102 1623 4142 ascensus
1643 4090 1781 4159 (91),
1814 4092 1869 4145 in
1915 4109 2053 4164 quo;

337 4174 504 4226 multi
536 4179 841 4245 aegrotant,
875 4175 1032 4245 quod
1083 4175 1225 4230 mihi
1277 4193 1506 4246 quoque
1537 4182 1760 4234 accidit.
1789 4181 1930 4237 Cum
1960 4200 2060 4250 ve,

337 4261 552 4318 nissem
614 4270 831 4330 autem,
893 4265 1086 4320 inveni
1141 4267 1408 4322 clausum
1469 4270 1596 4338 ejus
1655 4273 2052 4347 vestibulum;

333 4351 542 4406 fratres
572 4356 726 4407 enim
763 4356 1053 4423 posterius
1076 4358 1443 4412 aediﬁcarunt
1463 4359 1776 4415 maximum
1802 4363 2055 4418 vestibu-

2137 518 2266 555 snm
2293 499 2555 562 effectus,
2588 502 2644 550 et
2706 492 3063 547 murmuravi
3112 491 3389 544 adversus
3451 490 3863 545 venerabilem

2137 607 2334 645 senem
2372 590 2508 660 (9'2),
2546 585 2697 656 quod
2753 599 2844 637 me
2903 580 3138 650 quidem
3181 581 3649 649 contempsisset,
3685 581 3866 634 illum

2136 685 2325 734 autem
2370 677 2746 740 honorasset;
2781 677 2838 725 et
2870 670 2940 723 ob
2993 670 3046 722 id
3099 669 3294 722 animo
3355 671 3767 735 conturbatus,
3808 670 3868 723 in

2137 770 2334 823 animo
2367 765 2653 820 habebam
2705 779 2770 817 eo
2828 765 3155 828 contempto
3190 760 3470 812 recedere.
3507 759 3718 813 Vucato
3752 776 3872 813 au-

2139 861 2253 911 tem
2348 855 2675 922 interprete,
2707 851 3004 905 Theodoro
3063 846 3318 907 nomine,
3366 846 3506 901 dicit
3534 846 3634 902 ei:
3685 847 3870 910 Vade,

2137 946 2227 998 dic
2267 943 2350 998 illi
2385 942 2547 996 fratri
2583 946 2645 994 ut
2676 954 2895 1009 netegre
2929 936 3101 1002 ferat;
3127 938 3244 1005 jam
3272 937 3501 989 dimitto
3524 937 3873 1006 praesidem,

2137 1040 2192 1092 et
2249 1051 2382 1089 eum
2436 1034 2720 1102 alloquar.
2745 1030 2948 1083 Visum
3017 1033 3105 1082 est
3162 1043 3297 1097 ergo
3349 1025 3491 1080 mihi
3541 1028 3876 1082 toleranter

2140 1127 2310 1192 ferre,
2345 1124 2520 1194 utqui
2555 1119 3124 1181 animadvertissem,
3157 1133 3291 1171 eum
3346 1132 3471 1170 esse
3503 1117 3872 1187 spiritalem.

2139 1216 2281 1271 Cum
2305 1215 2535 1268 exiisset
2559 1220 2745 1265 autem
2783 1225 3014 1281 praeses,
3042 1223 3132 1261 me
3162 1206 3461 1273 accersito,
3495 1206 3632 1261 dicit
3679 1207 3872 1275 mihi;

2139 1307 2252 1362 Cur
2283 1312 2479 1358 contra
2512 1319 2601 1356 me
2643 1301 2802 1355 fuisti
2834 1296 3210 1370 indignatus?
3232 1298 3377 1361 Quid
3403 1296 3677 1350 invenisti
3702 1297 3874 1367 quod

2140 1397 2347 1466 tejure
2400 1393 2733 1458 offenderet,
2769 1393 2920 1462 quod
2991 1386 3092 1441 illa
3150 1389 3344 1441 animo
3404 1388 3680 1457 reputasti
3736 1404 3875 1458 quas

2141 1501 2330 1556 neque
2358 1484 2496 1537 mihi
2533 1483 2775 1545 adsunt,
2810 1495 2992 1550 neque
3024 1483 3079 1532 te
3101 1477 3357 1532 decent?
3389 1479 3473 1530 An
3501 1478 3688 1529 nescis
3718 1479 3878 1531 scri-

2143 1585 2302 1644 ptum
2337 1589 2465 1626 esse
2501 1588 2513 1625 :
2554 1571 2677 1625 Non
2699 1587 2843 1640 opus
2878 1572 3087 1622 habent
3118 1568 3240 1620 sani
3282 1567 3529 1632 medico,
3570 1565 3673 1618 sed
3709 1565 3872 1620 male

2142 1663 2422 1716 habentes
2458 1661 2664 1732 (Matth.
2727 1675 2780 1713 ιι
2811 1678 2824 1725 ;
2862 1661 3036 1712 Marc.
3071 1672 3143 1722 x;
3198 1656 3359 1711 Lucae
3393 1656 3466 1726 v).
3491 1654 3588 1720 Te,
3622 1657 3870 1726 quando

2061 1787 2109 1851 B
2140 1751 2289 1817 volo,
2324 1751 2574 1815 invenio,
2607 1754 2662 1803 et
2691 1754 2751 1801 tu
2797 1763 2885 1802 me
2910 1763 2922 1813 ;
2949 1752 3005 1800 et
3035 1745 3084 1799 si
3133 1752 3188 1799 te
3247 1761 3361 1799 non
3397 1748 3555 1798 fuero
3588 1744 3876 1799 consola-

2145 1849 2259 1903 tus,
2289 1842 2385 1896 alii
2417 1847 2471 1895 te
2500 1839 2878 1895 consolantur
2912 1843 3117 1892 lratres
3148 1845 3199 1890 et
3231 1834 3329 1890 alii
3367 1839 3576 1891 Patres.
3623 1836 3729 1890 Hic
3763 1853 3873 1890 au-

2146 1941 2263 1989 tem
2296 1933 2395 2002 qui
2457 1948 2556 2001 per
2606 1933 2898 1983 tnundana
2944 1928 3173 1996 negotia
3203 1932 3324 1980 erat
3355 1927 3582 1980 deditus
3605 1925 3870 1990 diabolo,

2147 2029 2357 2079 etcum
2398 2021 2556 2076 brevi
2608 2020 2881 2089 temporis
2930 2020 3116 2088 spatio
3176 2018 3522 2088 respirasset
3569 2023 3633 2070 ut
3664 2033 3873 2073 servus

2147 2115 2246 2187 qui
2281 2114 2505 2184 aufugit
2536 2114 2607 2168 ab
2659 2119 2891 2166 austere
2941 2109 3200 2176 domino,
3232 2111 3478 2164 accessit
3511 2117 3570 2163 ut
3602 2111 3869 2179 aliquam

2147 2210 2378 2274 caperet
2411 2204 2746 2258 utilitatem.
2777 2204 3108 2256 Absurdum
3152 2217 3288 2273 ergo
3342 2202 3553 2256 fuisset
3587 2206 3736 2257 uteo
3776 2216 3867 2254 re-

2147 2293 2284 2348 licto
2308 2299 2498 2346 tecum
2535 2306 2813 2353 versarer,
2849 2306 2977 2344 cum
3028 2295 3089 2342 tu
3149 2288 3385 2342 assidue
3452 2304 3613 2341 vaces
3663 2287 3868 2341 saluti.

2147 2384 2290 2440 Cum
2314 2399 2440 2434 eum
2475 2397 2605 2452 ergo
2638 2395 2931 2449 rogassem
2983 2385 3045 2431 ut
3094 2395 3192 2448 pro
3227 2394 3315 2432 me
3347 2383 3560 2442 oraret,
3591 2379 3872 2448 explora-

2147 2481 2270 2529 tum
2306 2474 2478 2528 habui
2513 2489 2643 2527 eum
2675 2487 2802 2525 esse
2833 2470 3020 2524 virum
3064 2469 3408 2540 spiritalem.
3453 2471 3608 2524 Tunc
3644 2471 3869 2525 urbane

2151 2580 2376 2619 mecum
2406 2566 2625 2632 jocaus,
2651 2578 2780 2613 cum
2811 2559 3104 2614 sinistram
3133 2559 3421 2614 maxillam
3467 2560 3606 2613 mihi
3640 2560 3868 2614 sensim

2151 2655 2461 2727 pulsasset,
2485 2653 2623 2704 dicit
2655 2668 2667 2708 :
2705 2650 2898 2706 Multae
2933 2658 2986 2704 te
3007 2656 3241 2703 manent
3265 2648 3622 2712 alﬂictiones,
3657 2661 3712 2704 et
3733 2665 3872 2721 gra-

2151 2747 2242 2798 via
2280 2743 2430 2798 bella
2452 2759 2656 2810 passus
2698 2758 2757 2795 es
2790 2749 2852 2794 ut
2883 2741 3068 2794 exires
3099 2755 3128 2794 e
3159 2739 3486 2805 solitudine,
3529 2741 3869 2810 timoreque

2151 2835 2393 2891 affectus
2424 2850 2506 2901 es,
2540 2839 2594 2887 et
2639 2831 2917 2886 distulisti
2953 2848 2966 2886 :
3003 2831 3126 2900 pios
3197 2837 3381 2884 autem
3441 2834 3744 2900 praeteritus
3800 2835 3871 2886 et.

2153 2924 2358 2980 rationi
2420 2932 2840 2977 consentaneus
2899 2920 3146 2975 efferens
3209 2921 3462 2982 daemon,
3503 2925 3557 2973 te
3613 2921 3874 2989 exagitat

2152 3015 2276 3070 Tibi
2309 3015 2460 3068 enim
2487 3014 2777 3084 suggessit
2807 3016 2864 3066 et
2886 3011 3162 3082 patristui
3197 3011 3642 3072 desiderium.et
3675 3012 3871 3065 fratris

2153 3106 2237 3158 tui
2269 3109 2326 3158 et
2355 3104 2568 3157 sororis
2625 3110 2730 3156 luas
2788 3100 2844 3154 in
2899 3102 3014 3154 vita
3063 3099 3382 3154 monastica
3415 3099 3869 3155 institutionem.

2158 3193 2297 3248 Ecce
2326 3209 2460 3264 ergo
2529 3192 2742 3246 bonum
2800 3190 2900 3245 tibi
2950 3189 3125 3244 atl‘ero
3176 3191 3493 3246 nuntium:
3528 3191 3697 3244 ambo
3730 3189 3872 3244 salvi

2157 3289 2293 3340 sunt
2341 3282 2560 3336 mundo
2595 3282 2746 3336 enim
2800 3280 3227 3346 renuntiarunt,
3262 3284 3317 3334 et
3377 3286 3540 3349 pater
3596 3285 3730 3334 tuus
3787 3284 3875 3333 est

2156 3375 2348 3430 adhuc
2404 3372 2668 3428 victurus
2728 3376 2951 3440 septem
3029 3385 3237 3424 annos.
3272 3369 3410 3424 Esto
3477 3385 3612 3441 ergo
3656 3370 3876 3425 fortiet

2157 3464 2445 3522 constanti
2477 3463 2668 3516 animo
2701 3462 2755 3514 in
2790 3460 3126 3529 solitudine,
3161 3476 3267 3515 nec
3298 3476 3498 3515 eorum
3533 3477 3709 3514 causa
3728 3458 3871 3543 velis

2159 3556 2317 3610 abire
2377 3553 2434 3607 in
2497 3552 2769 3622 patriam.
2827 3550 3116 3619 Scriptum
3177 3555 3266 3605 est
3305 3549 3462 3605 enim
3498 3567 3511 3605 :
3545 3549 3725 3605 Nemo
3770 3548 3872 3620 qul

2161 3660 2400 3699 manum
2438 3642 2696 3697 admovit
2727 3646 2939 3704 aratro,
2973 3649 3026 3695 et
3068 3648 3149 3694 est
3208 3656 3544 3708 conversus,
3583 3650 3666 3696 est
3699 3651 3875 3711 aptus

2159 3749 2336 3804 regno
2377 3733 2472 3786 Dei
2507 3732 2691 3802 (Lucae
2729 3733 2826 3798 ix).
2854 3729 2928 3783 Ex
2979 3730 3068 3784 his
3125 3744 3259 3800 ergo
3313 3730 3500 3785 verbis
3552 3731 3789 3799 adjutus
3813 3735 3878 3786 et

2160 3824 2304 3876 satis
2329 3820 2651 3884 roboratus,
2687 3822 2796 3872 Deo
2854 3817 2942 3886 egi
3003 3816 3245 3887 gratias,
3273 3833 3405 3871 cum
3466 3816 3740 3883 intellexi,
3773 3833 3875 3872 eos

2162 3913 2258 3982 qui
2294 3927 2384 3965 me
2432 3915 2716 3978 urgebant
2775 3912 3082 3978 prietextus
3136 3922 3264 3962 esse
3326 3913 3603 3974 peractos.
3657 3908 3877 3964 Deinde

2163 4017 2367 4058 rursus
2400 3998 2540 4053 mihi
2608 3998 2767 4061 dicit,
2805 3999 3023 4050 urbane
3055 4011 3278 4051 mecum
3329 3997 3537 4066 jocaus
3570 4013 3584 4056 :
3619 3997 3718 4052 Vis
3751 3996 3873 4052 fieri

2162 4089 2509 4162 episcopus?
2541 4087 2668 4142 Dixi
2718 4092 2908 4140 autem
2943 4102 2956 4141 :
2991 4085 3412 4156 Nequaquam;
3454 4103 3586 4142 sum
3609 4087 3784 4142 enim.
3819 4087 3874 4143 Is

2163 4193 2356 4239 autem
2375 4181 2515 4234 mihi
2539 4178 2676 4234 dicit
2699 4195 2711 4233 :
2730 4177 2834 4234 Ubi
2856 4177 2883 4231 ?
2900 4177 3022 4231 Dixi
3040 4193 3144 4247 ego
3171 4178 3263 4232 :ln
3286 4178 3580 4250 coquinis,
3613 4180 3671 4233 in
3697 4196 3845 4250 penu
3861 4221 3874 4245 ,

2166 4273 2225 4328 in
2261 4271 2497 4338 mensis,
2530 4269 2584 4323 in
2619 4268 2829 4325 doliis:
2862 4284 2929 4321 ea
2959 4267 3267 4337 diligenter
3305 4267 3595 4338 inspiclio,
3629 4279 3680 4324 et
3711 4271 3758 4324 si
3791 4270 3872 4323 vi-

2167 4379 2305 4419 num
2339 4359 2578 4423 acuerit,
2601 4359 2656 4412 id
2686 4373 2945 4429 segrego;
2966 4357 3178 4412 bonum
3202 4362 3392 4412 autem
3416 4358 3580 4424 bibo;
3606 4358 3872 4413 similiter

336 4439 482 4504 lum,
509 4441 662 4509 quod
688 4444 953 4511 capiebat
986 4445 1134 4499 viros
1157 4446 1386 4501 circiter
1415 4454 1683 4506 centum:
1718 4452 1871 4520 quod
1895 4453 2050 4509 clave
2082 4460 2126 4525 D
2155 4453 2329 4508 ollam
2372 4465 2604 4521 quoque
2651 4447 2960 4517 diligenter
3017 4445 3282 4514 inspicio,
3313 4451 3372 4500 et
3414 4448 3457 4500 si
3490 4447 3570 4501 sal
3616 4447 3866 4501 defuerit

337 4528 698 4597 claudentes,
732 4533 1070 4601 aperiebant
1101 4541 1325 4590 tantum
1361 4537 1612 4593 Sabbato
1635 4544 1691 4594 et
1721 4539 2045 4599 Dominica.

333 4619 476 4677 Cum
509 4637 647 4694 ergo
681 4622 1018 4678 didicissem
1037 4640 1272 4679 causam
1295 4634 1526 4696 propter
1556 4647 1732 4700 quam
1757 4639 1881 4687 erat
1903 4632 2050 4688 clan-

328 4725 483 4781 sum,
527 4714 825 4769 silentium
860 4714 948 4785 egi
987 4732 1170 4785 usque
1201 4720 1266 4771 ad
1303 4718 1646 4774 Sabbatnm.
1683 4721 1747 4775 Et
1785 4738 1918 4777 cum
1952 4741 2046 4779 ve-

325 4803 539 4858 nissem
589 4805 732 4860 hora
779 4805 1059 4874 secunda,
1101 4805 1161 4861 in
1212 4809 1619 4878 congressione
1667 4827 1800 4866 eum
1851 4813 2020 4869 inven

327 4892 680 4946 assidentem
715 4893 774 4947 in
810 4898 1080 4960 fenestra,
1118 4911 1219 4967 per
1267 4913 1442 4967 quam
1503 4899 2040 4957 videbaturconso-

325 4978 434 5034 lari
475 4995 575 5033 eos
605 4983 702 5051 qui
738 4984 1108 5041 accedebant.
1141 4984 1280 5039 Cum
1315 5002 1406 5040 me
1465 4995 1658 5042 autem
1703 4988 2037 5057 salutasset,

329 5067 473 5123 dixit
497 5085 598 5138 per
627 5069 1000 5137 interpretem
1037 5073 1393 5143 :Cujusnam
1449 5092 1510 5130 es
1541 5078 1808 5149 regionis,
1842 5085 1898 5134 et
1930 5097 2032 5137 cur

331 5155 588 5216 venisti?
625 5158 869 5229 conjicio
900 5161 1050 5217 enim
1091 5169 1144 5217 te
1176 5179 1304 5220 esse
1341 5181 1410 5219 ex
1467 5173 1751 5221 conventu
1788 5168 2035 5239 Evagrii.

330 5249 456 5307 Dixi
489 5255 684 5305 autem
721 5265 812 5304 me
850 5265 974 5305 esse
1009 5251 1292 5322 hospitem
1341 5270 1410 5310 ex
1449 5254 1695 5322 Galatia,
1726 5262 1781 5311 et
1811 5259 2034 5313 confes-

329 5356 426 5398 sus
457 5359 586 5398 sum
622 5356 714 5397 me
743 5356 871 5395 esse
900 5357 967 5396 ex
989 5340 1294 5397 sodalitate
1315 5344 1562 5416 Evagrii.
1589 5345 1822 5400 Interim
1843 5353 2032 5407 autem

329 5432 468 5487 dum
545 5432 934 5502 loqueremur,
991 5431 1294 5500 ingressus
1344 5440 1432 5487 est
1490 5451 1700 5504 praeses
1754 5436 2033 5507 regionis,

326 5521 565 5590 Alypius
598 5523 831 5578 nomine
860 5538 873 5589 ;
898 5538 1013 5594 quo
1064 5528 1421 5585 accurrente.
1453 5524 1626 5580 desiit
1665 5542 1890 5581 mecum
1913 5527 2030 5583 col-

329 5609 488 5679 loqui
520 5611 660 5666 Cum
692 5628 826 5684 ergo
859 5629 1060 5686 parum
1122 5614 1517 5682 accessissem,
1549 5616 1678 5671 dedi
1724 5616 1805 5672 eis
1839 5616 2027 5674 locum

2161 4544 2243 4599 vel
2275 4539 2642 4598 condimendi
2709 4537 2950 4608 aliquid,
2984 4553 3111 4591 eam
3145 4537 3376 4603 condio,
3406 4544 3460 4592 et
3502 4538 3578 4591 sic
3606 4552 3728 4591 eam
3757 4551 3860 4591 co-

2161 4635 2350 4689 medo.
2401 4631 2502 4685 Hic
2550 4633 2636 4683 est
2695 4642 2853 4680 meus
2910 4631 3304 4697 episcOpatus,
3350 4642 3466 4682 mea
3495 4627 3724 4693 inquam
3763 4623 3853 4678 in-

2155 4724 2391 4786 spectio,
2425 4735 2516 4773 me
2546 4717 2701 4772 enim
2734 4716 2801 4769 ad
2831 4731 2963 4770 eum
3019 4715 3234 4786 delegit
3262 4718 3413 4789 gula.
3459 4716 3512 4771 ls
3543 4730 3677 4768 vero
3707 4713 3855 4769 dixit

2154 4813 2500 4870 subridens:
2538 4807 2699 4862 Mitte
2757 4804 3034 4880 ridicula;
3072 4809 3324 4860 futurum
3379 4814 3463 4861 est
3519 4813 3580 4859 ut
3626 4804 3860 4876 eligeris

2150 4906 2480 4975 episcopus.
2513 4905 2570 4953 et
2623 4896 2870 4950 multum
2926 4896 3177 4964 labores,
3211 4905 3265 4951 et
3296 4897 3616 4968 afﬂigaris;
3648 4896 3695 4952 si
3726 4913 3859 4968 ergo

2147 4993 2301 5063 fugis
2338 4989 2703 5054 al‘flictiones,
2739 5001 2808 5040 ne
2839 5001 3007 5040 exeas
3037 5003 3066 5040 e
3088 4986 3424 5051 solitudine,
3451 4985 3511 5041 in
3551 4985 3865 5041 solitudine

2145 5085 2298 5139 enim
2341 5095 2509 5135 nemo
2533 5083 2586 5132 te
2619 5084 2800 5148 potest
2825 5076 3094 5131 ordinare
3125 5078 3483 5146 episcOpum.
3529 5076 3640 5144 Ego
3673 5082 3865 5131 autem

2143 5174 2268 5243 ejus
2297 5170 2602 5225 verborum
2659 5182 2789 5220 sum
2823 5166 3059 5231 oblitus,
3095 5167 3281 5220 tribus
3335 5169 3493 5220 enim
3535 5172 3666 5235 post
3693 5166 3868 5223 annis

2142 5267 2198 5320 et
2228 5260 2428 5331 splene
2478 5262 2534 5312 et
2572 5253 2870 5311 stomacho
2914 5253 3188 5310 laboravi.
3224 5253 3389 5311 Illinc
3446 5264 3641 5311 autem
3685 5270 3718 5308 a
3751 5255 3870 5310 fra-

2142 5352 2332 5407 tribus
2373 5347 2592 5402 missus
2624 5360 2754 5398 sum
2813 5341 3248 5408 Alexandriam,
3277 5343 3513 5398 morbus
3547 5343 3704 5398 enim
3748 5343 3872 5414 (93)

2140 5443 2210 5498 ad
2243 5437 2579 5510 bydropisin
2609 5435 2901 5505 vergebat.
2936 5437 3020 5490 Ab
3050 5433 3392 5490 Alexandria
3424 5441 3623 5489 autem
3647 5449 3874 5488 consu-

2138 5532 2376 5589 Ιυθτυῐιι
2407 5525 2614 5583 medici
2643 5529 2708 5579 ιιι
2763 5523 2909 5579 aeris
2938 5525 3118 5594 gratia
3168 5525 3308 5579 irem
3343 5527 3401 5578 in
3437 5521 3811 5578 Palaestinam
3853 5542 3868 5591 ;

2146 5622 2320 5678 habet
2350 5619 2505 5675 enim
2535 5612 2688 5684 quod
2722 5613 2793 5668 ad
2817 5629 3003 5669 meam
3028 5613 3231 5668 attinet
3251 5618 3708 5682 temperaturam
3736 5612 3877 5667 sub-
