4074 6278
371 476 525 536 1115

1885 467 1983 525 ΡΑ
1991 467 2217 527 LLADI
2231 467 2250 525 Ι

3531 476 3543 486 υ
3622 452 3786 512 1116

371 608 618 668 Βιθυνίαν
642 627 657 644 ο
687 607 778 664 καὶ
807 603 862 662 ἒν
883 605 1079 681 ταύτῃ,
1113 603 1213 659 οὐκ
1242 599 1364 658 οἶδα
1409 604 1528 662 πῶς
1568 596 1730 665 εἷ’πω,
1778 596 1886 655 εἴτε
1923 597 2015 653 καὶ
2046 607 2094 670 Α
2131 594 2187 652 δὶ
2218 594 2444 671 ε’ίπάμεν
2488 595 2588 664 τὴν
2636 587 2892 661 πατρίδα,
2949 587 3039 644 καὶ
3101 587 3188 642 δτι
3236 580 3520 662 Ὠφελείας
3577 585 3783 681 ψυχῶν

368 699 418 774 ἐξ
442 698 786 768 ἀνθρωπίνης
807 693 1072 767 σπουδῆς,
1095 693 1201 749 εἶ’τε
1230 695 1318 749 καὶ
1341 690 1392 762 ἐξ
1429 688 1676 751 εὐδοκίας
1713 694 1812 746 τοῦ
1833 691 2009 764 κρείτ-

370 809 555 856 τονος,
591 790 756 860 μόνος
791 790 819 842 6
851 787 979 848 Θεὸς
1010 788 1072 840 ίαν
1119 782 1310 853 εἰδείη,
1358 782 1703 851 κατηξιώθην
1735 789 1833 850 τῆς
1881 785 2014 858 ὑπὲρ

373 879 471 951 ἐμὲ
519 879 882 953 χειροτονίας,
932 877 1273 946 κοινωνήσας
1311 877 1379 947 τῇ
1412 874 1717 946 περιστάσει
1763 880 1832 950 τῇ
1884 879 2017 931 κατά

371 969 463 1022 τὸν
523 969 784 1042 μακάριον
834 967 1087 1034 Ἰωάννην
1126 1008 1138 1022 .
1196 964 1291 1020 Καὶ
1349 963 1435 1018 ἐπὶ
1491 959 1675 1016 ’ένδεκα
1737 971 1909 1034 μῆνας
1963 966 2014 1020 ἐν

376 1063 588 1136 ζοιρερῷ
616 1057 826 1129 κελλίῳ
855 1055 1228 1130 κρυπτόμενος
1279 1053 1556 1125 ἐμνήσθην
1587 1056 1688 1106 τοῦ
1743 1056 2016 1128 μακαρίου

371 1147 459 1201 καὶ
493 1147 794 1218 θαυμασίου
847 1143 1039 1220 ἀνδρὸς
1079 1144 1308 1214 ἐκείνου,
1341 1141 1424 1198 ὅτι
1470 1142 1640 1198 ταῦτά
1693 1165 1787 1217 μοι
1831 1142 2020 1220 προεί-

373 1256 537 1311 ρηκεν
571 1238 707 1310 ἅπερ
735 1240 825 1290 νῦν
862 1237 1099 1304 ὑπέστην
1122 1278 1136 1291 .

447 1328 755 1400 Διηγήσατό
781 1346 876 1398 μοι
898 1323 955 1379 δὲ
974 1324 1065 1378 καὶ
1083 1329 1246 1379 τοῦτο
1270 1324 1298 1377 6
1325 1324 1487 1400 μέγας
1510 1323 1759 1395 ἀθλητὴς
1779 1327 1874 1379 τοῦ
1896 1335 2023 1399 Χρι-

374 1419 526 1482 στοῦ,
551 1415 626 1476 ὡς
649 1415 884 1493 ὀφείλων
912 1435 979 1485 με
1017 1411 1105 1467 διὰ
1139 1417 1236 1468 τοῦ
1278 1410 1621 1486 διηγήματος
1645 1415 1720 1476 εἷς
1751 1417 1850 1482 τήν
1885 1416 2018 1470 ὑπο-

379 1505 550 1576 μονήν
581 1503 793 1578 ἀγαγεῖν
828 1509 927 1570 τῆς
975 1500 1186 1574 ἐρήμου
1241 1503 1376 1576 πρὸς
1415 1503 1478 1556 τὸ
1531 1500 1807 1574 μηδέποτε
1850 1502 2020 1574 αὐτῆς

374 1595 719 1672 χωρισθῆναι
743 1610 756 1624 ⁸
791 1589 966 1665 λέγων
1000 1583 1092 1665 μόι
1124 1593 1303 1656 τοῦτο,
1339 1593 1422 1646 ὅτι
1469 1591 2021 1666 Τεσσαρακονταοκτὼ

373 1678 469 1753 ἔτη
499 1679 616 1758 ἔχω
648 1684 700 1738 ἐν
739 1686 808 1756 τῇ
842 1680 1012 1755 κέλλῃ
1065 1682 1233 1754 ταύτῃ
1257 1701 1270 1715 '
1317 1683 1378 1736 οὐ
1427 1683 1679 1756 γυναικὸς
1727 1685 2020 1758 πρόσωπον

376 1769 519 1838 ἴδον,
547 1771 609 1825 οὐ
636 1769 974 1844 νομίσματος
999 1789 1012 1803 ο
1047 1767 1108 1824 όύ
1154 1769 1508 1842 μασσώμενόν
1540 1774 1606 1843 μέ
1635 1791 1716 1833 τις
1763 1770 1896 1840 ἴδεν,
1929 1770 2026 1827 οὐκ

376 1857 641 1924 ἐσθίοντα,
672 1861 737 1914 οὐ
767 1859 988 1913 πίνοντά
1020 1879 1087 1932 με
1113 1857 1224 1913 ἴδεν
1252 1879 1336 1920 τις
1369 1854 1590 1914 πώποτε
1616 1905 1626 1916 .

446 1950 838 2024 ’Λναχωρήσας
880 1946 974 2002 οὖν
1001 1947 1170 2002 αὐτοῦ
1211 1946 1392 2017 ἦλθον
1427 1947 1506 2011 εἰς
1543 1949 1642 2018 τῆν
1693 1944 1902 2026 ἔρημον
1951 1949 2025 2011 εἷς
2057 1985 2101 2048 Β

373 2041 465 2096 τὸν
491 2039 660 2094 τόπον
713 2061 817 2110 μου
865 2040 956 2092 τὸν
1009 2041 1238 2110 συνήθη,
1276 2040 1415 2094 αὐτά
1461 2043 1630 2094 ταῦτα
1681 2037 2028 2112 διηγησάμε-

372 2129 461 2191 νὸς
493 2134 611 2191 τοῖς
643 2128 816 2204 ἁγίοις
843 2131 1080 2201 Πατράσι
1105 2130 1171 2184 τὰ
1193 2130 1316 2204 περὶ
1340 2134 1437 2183 τοῦ
1469 2128 1753 2183 θεσπεσίου
1783 2127 1981 2201 ἀνδρός
2009 2149 2022 2162 ³

380 2219 434 2274 ο’ί
460 2239 603 2282 τινες
637 2220 772 2291 μετά
816 2217 912 2272 δύο
948 2225 1122 2292 μῆνας
1177 2219 1640 2292 μεταπλευσαντες
1690 2219 1884 2288 ἦλθον,
1934 2219 2025 2274 καὶ

376 2307 671 2381 συνέτυχον
731 2305 900 2377 αὐτῷ,
945 2308 1035 2360 καὶ
1086 2306 1241 2362 αὐτοὶ
1285 2310 1422 2378 ἡμῖν
1472 2305 1847 2380 διηγήσαντο.
1881 2308 2026 2380 Πρὸς

377 2396 543 2452 αὐτὸν
576 2395 633 2450 δὲ
655 2397 985 2458 ἀπελθόντας
1011 2397 1291 2466 ἠσπάσατο
1314 2400 1484 2471 ἡμᾶς.
1515 2394 1728 2476 φαιδρῷ
1758 2402 1836 2469 τῷ
1857 2418 2029 2471 προσ-

377 2487 514 2558 ώπῳ
567 2484 776 2557 ἑκάστῳ
805 2484 1380 2559 προσιλαρευόμενος.
1417 2487 1512 2541 Καὶ
1558 2487 1818 2557 ἠξιοῦμεν
1871 2486 2028 2541 αὐτὸν

377 2573 533 2633 εὐθὺς
566 2573 734 2647 εὐγήν
781 2571 1000 2627 τελέσαι
1049 2580 1265 2646 πρῶτον
1314 2574 1448 2648 ὑπὲρ
1499 2576 1661 2647 ἡμῶν
1712 2576 1896 2645 (τοῦτο
1926 2575 2027 2646 γάρ

377 2658 496 2720 ἔθος
527 2665 644 2721 τοῖς
679 2663 942 2732 Πατράσιν
971 2661 1083 2716 ἐστὶ
1113 2667 1242 2716 πᾶσι
1273 2668 1390 2723 τοῖς
1422 2663 1474 2717 έν
1511 2661 1791 2736 Αἰγύπτῳ)
1817 2703 1830 2717 .
1883 2667 1940 2716 Ὁ
1971 2660 2029 2716 δὲ

376 2748 603 2803 ἐπύθετο
635 2751 710 2820 μῆ
743 2748 846 2821 ἄρα
873 2770 956 2809 τις
985 2749 1253 2823 κληρικὸς
1273 2749 1327 2804 έν
1359 2752 1496 2823 ἡμῖν
1528 2749 1610 2820 εἴη
1640 2795 1653 2808 .
1685 2755 1772 2810 Ὡς
1807 2749 1863 2806 δὲ
1893 2749 2026 2828 ἔφη·

380 2859 476 2912 μεν
499 2839 694 2899 πάντες
741 2841 818 2910 μή
857 2837 1013 2908 εἶναι,
1049 2835 1524 2914 περιϐλεψάμενος
1555 2841 1793 2902 ἅπαντας
1825 2841 2028 2916 ἐπέγνω

374 2929 467 2984 τὸν
496 2928 871 3002 κεκρυμμένον
902 2931 989 3002 (ἦν
1022 2926 1080 2982 δε
1110 2927 1210 3004 ἄρα
1242 2931 1321 2992 εἷς
1353 2931 1402 3002 ἐξ
1436 2932 1597 3000 ἡμῶν
1626 2937 1726 2999 τῆς
1756 2928 2030 2995 διακονίας

375 3018 703 3092 ἠξιωμένος,
737 3019 855 3080 ένὸς
887 3016 1124 3096 ἀδελφοῦ
1157 3019 1288 3073 αὐτὸ
1317 3017 1478 3074 τοῦτο
1500 3018 1802 3091 ξυνειδότος
1839 3021 2027 3094 μόνου,

375 3109 422 3181 ᾦ
456 3107 546 3162 καὶ
596 3108 936 3184 παρήγγειλε
988 3107 1183 3181 μηδενὶ
1234 3111 1472 3187 φράζειν,
1525 3109 2027 3188 ταπεινοφροσύνης

372 3193 548 3264 ἓνεκα,
581 3197 670 3250 καὶ
703 3198 785 3250 ὅτι
836 3194 892 3250 ἐν
944 3197 1215 3272 συγκρίσει
1262 3197 1524 3252 τοιούτων
1571 3196 1743 3272 ἁγίων
1792 3197 1882 3252 καὶ
1928 3204 2028 3266 τῆς

374 3286 749 3358 προσηγορίας
816 3289 922 3338 τῶν
993 3291 1332 3359 Χριστιανῶν
1396 3289 1559 3360 μόλις
1635 3287 1820 3341 ἑαυτὸν
1877 3285 2022 3356 ἄξιον

376 3376 589 3448 ἡγεῖτο,
635 3375 830 3448 μήτιγε
865 3378 966 3428 τοῦ
1012 3374 1385 3448 ἀξιώματος).
1437 3381 1512 3440 Τῆ
1563 3379 1706 3450 χειρὶ
1760 3375 1851 3430 οῦν
1901 3374 2025 3430 ἐπι-

380 3457 584 3519 δεικνὺς
632 3461 815 3528 αὐτὸν,
863 3466 1023 3514 πᾶσιν
1075 3462 1277 3537 έλεγεν,
1332 3466 1508 3526 Οὗτος
1567 3461 1817 3526 διάκονός
1875 3462 2026 3522 ἐστι.

378 3551 488 3625 Τοῦ
513 3545 570 3600 δὲ
601 3553 842 3620 συνεχῶς
888 3550 1246 3621 ἀρνουμένου,
1279 3551 1369 3604 καὶ
1423 3550 1606 3614 λαθεῖν
1656 3555 2027 3625 πειρωμένου,

386 3622 695 3708 λαϐόμενος
727 3627 898 3680 αὐτοῦ
937 3635 1035 3696 τῆς
1087 3629 1297 3708 χειρὸς,
1331 3630 1388 3683 ἐκ
1418 3635 1519 3694 τῆς
1569 3622 1786 3702 θυρίδος
1830 3622 2028 3708 ἐφίλει,

379 3707 472 3762 κάἱ
504 3706 767 3760 νουθετῶν
798 3708 1112 3778 παρεκάλει,
1149 3707 1238 3783 λέγ
1253 3731 1324 3763 ων
1355 3755 1368 3777 ,
1400 3713 1490 3778 Μὴ
1520 3711 1689 3764 ἀθέτει
1721 3715 1820 3779 τῆν
1871 3706 2032 3787 χάριν

379 3791 478 3841 τοῦ
526 3790 686 3854 Θεοῦ,
727 3786 948 3842 τέκνον⁶
1004 3788 1146 3860 μηδέ
1191 3790 1361 3863 ψεύσν*⁸
1408 3791 1743 3864 ἀρνούμενος
1791 3794 1890 3861 τῆν
1925 3790 2034 3847 δω-

383 3887 505 3944 ρεαν
539 3868 702 3922 αὐτοῦ
733 3873 971 3942 Χριστοῦ
996 3913 1010 3926 .
1057 3874 1126 3925 Τὸ
1156 3872 1257 3946 γάρ
1303 3867 1498 3944 ψεῦδός
1549 3872 1690 3926 ἐστιν
1739 3871 2031 3944 ἀλλότριον

379 3955 476 4004 τοῦ
515 3952 775 4024 Χριστοῦ,
836 3951 926 4005 καὶ
975 3955 1084 4006 τῶν
1133 3958 1488 4026 Χριστιανῶν,
1535 3949 1630 4008 κᾶν
1688 3952 1771 4008 ἐπὶ
1827 3959 2029 4028 μικρῷ,

379 4028 475 4084 κᾶν
536 4030 624 4084 ἐπὶ
687 4029 912 4105 μεγάλῳ
976 4032 1197 4105 γένηται
1252 4033 1582 4108 πράγματι·
1625 4033 1720 4088 κᾶν
1770 4031 1859 4089 διά
1905 4032 2031 4089 τόδε

379 4112 660 4184 χρήσιμον
709 4112 956 4186 γέντται,
1011 4112 1164 4183 ὅμως
1207 4110 1331 4166 οὐδέ
1390 4116 1530 4167 ἐστιν
1586 4112 1884 4181 ἐπαινετὸν,
1934 4118 2031 4168 τοῦ

380 4196 643 4264 Σωτῆρος
676 4190 946 4261 εἰπόντος,
974 4190 1060 4245 ὅτι
1089 4191 1150 4245 τὸ
1173 4189 1369 4265 ψεῦδος
1393 4193 1560 4246 αὐτοῦ
1580 4197 1826 4266 πονηροῦ
1849 4195 1989 4248 ἐστιν
2015 4211 2030 4224 ·

376 4275 437 4328 Ὀ
469 4271 526 4325 δέ
573 4269 856 4345 ἐλεγχθεὶς
905 4271 1194 4345 ἡσύχασεν,
1243 4271 1665 4343 καταδεξάμενος
1714 4273 1880 4327 αὐτοῦ
1929 4275 2029 4340 τήν

377 4355 603 4424 πραεῖαν
665 4350 1028 4421 έπιτίμησεν.
1092 4351 1411 4424 Εύεαμένων
1469 4349 1526 4406 δὲ
1574 4355 1734 4426 ἡμῶν
1784 4355 1874 4407 καὶ
1929 4353 2028 4422 τήν

381 4431 556 4508 εὐχὴν
610 4429 1044 4506 πληρωσάντιυν,
1094 4435 1172 4497 εἷς
1220 4433 1270 4502 ἐξ
1313 4437 1471 4506 ἡμῶν
1522 4433 1756 4512 ἀδελφὸς
1804 4437 2032 4508 τριταίῳ

378 4511 488 4583 ἤδη
540 4517 757 4584 πυρετῷ
807 4511 996 4574 δεινῶς
1045 4517 1438 4588 συνεχόμενος,
1489 4516 1643 4585 ⁵ἠξίου
1673 4511 2024 4588 θεραπευθῆ-

377 4615 461 4649 ναι
488 4636 500 4649 .
537 4590 798 4652 Εἶπόντος
830 4591 888 4646 δὲ
917 4597 1013 4647 τοῦ
1066 4595 1299 4661 [Ιατέρος
1341 4596 1474 4668 πρὸς
1529 4596 1691 4650 αὐτὸν
1737 4596 2029 4673 συμφέρειν

381 4677 531 4749 αὐτῷ
558 4675 696 4751 τέ-ρς
724 4682 823 4745 τήν
859 4675 1096 4731 κάκωσιν
1133 4674 1202 4730 δι’
1238 4676 1616 4753 ὀλιγοπιστίαν
1666 4679 1813 4750 αὐτῴ
1861 4699 2033 4750 προσ-

379 4760 698 4835 γενομένην,
767 4758 919 4829 ὅμως
979 4756 1198 4819 ἐπιδούς
1255 4757 1436 4813 ἔλαιον
1517 4757 1792 4814 ἐκέλευσεν
1870 4759 2029 4813 αὑτὸν

381 4839 732 4915 ἀλείφεσθαι.
795 4838 1196 4912 ’Δλειψαμένου
1252 4838 1309 4894 δὲ
1363 4839 1528 4894 αὐτοῦ
1584 4843 1688 4894 πᾶν
1747 4839 1777 4894 ὅ
1831 4861 1883 4894 τι
1941 4841 2031 4894 καὶ

384 4913 530 4991 εἶχεν
583 4913 791 4972 ἔνδοθεν
852 4916 940 4973 διὰ
993 4925 1090 4975 τοῦ
1155 4921 1425 4993 στόματος
1493 4920 1733 4995 ἤνεγκεν,
1793 4920 2033 4976 καθόλου

381 5003 480 5052 τοῦ
526 4996 762 5072 πυρετοῦ
791 4998 1153 5077 ἀπαλλαγεὶς,
1199 5003 1289 5055 καὶ
1341 4999 1564 5064 οἷ’κείοις
1612 5001 1772 5056 ποσὶν
1803 5001 1890 5054 ἐπὶ
1933 5003 2031 5069 την

385 5079 558 5150 ξενίαν
609 5076 952 5154 ἀνεχώρησεν
979 5098 993 5111 ⁶
1033 5076 1154 5136 Ἠν
1200 5079 1257 5136 δὲ
1307 5079 1444 5136 ῒδεῖν
1490 5083 1651 5136 αὐτὸν
1695 5079 2032 5146 ἐνενηκοστὸν

384 5157 508 5219 ἔτος
538 5156 646 5230 ἤδη
681 5156 899 5234 ἄγοντα,
932 5163 1262 5237 τετηγμένον
1297 5162 1416 5236 ὅλῳ
1450 5167 1528 5233 τῷ
1560 5163 1773 5234 σώματι
1822 5163 1896 5223 ὡς
1931 5163 2034 5216 ὑπὸ

383 5242 665 5310 ἀσκήσεως
700 5241 842 5313 μηδὲ
869 5245 960 5296 τὸν
989 5243 1230 5314 πώγωνα
1275 5249 1434 5310 φῦναι
1488 5244 1563 5305 εἷς
1595 5245 1657 5298 τὸ
1697 5244 1990 5316 πρόσωπον
2018 5286 2032 5300 .

385 5321 575 5380 Ἤοθιε
631 5323 738 5398 γάρ
800 5319 954 5376 οὐδὲν
1003 5319 1185 5394 ἓτερον
1241 5324 1389 5392 πλην
1449 5323 1692 5395 ὀπώρας.
1739 5324 1828 5376 καὶ
1875 5328 2036 5378 τοῦτο

386 5408 523 5479 μετά
549 5407 649 5474 τῆν
681 5405 848 5476 ἡλίου
894 5403 1064 5473 δύσιν,
1097 5403 1148 5459 ἐν
1189 5406 1427 5478 τοιούτῳ
1480 5409 1625 5480 γήρα
1679 5403 1865 5460 πολλά
1896 5426 2035 5478 προ-

384 5491 624 5556 ασκήσας
657 5491 948 5564 πρότερον,
982 5487 1071 5541 καὶ
1108 5490 1248 5560 μήτε
1290 5490 1452 5559 αρτου
1505 5485 1853 5560 μετειληφὼς
1899 5489 2038 5557 μήτε

387 5565 488 5620 ὅσα
518 5566 608 5621 δια
639 5571 806 5639 πυρὸς
858 5567 972 5644 ἔχει
1019 5567 1117 5636 τήν
1168 5566 1358 5645 χρείαν
1385 5611 1397 5623 .
1456 5566 1822 5629 Κελεύσαντος
1854 5565 1909 5622 δὲ
1939 5567 2034 5621 σύ-

385 5651 483 5701 τοῦ
538 5650 892 5720 καθεσθῆναι,
940 5649 1387 5723 ηὐχαριστυῦμεν
1441 5652 1520 5717 τῷ
1581 5653 1698 5718 Θεῷ
1757 5648 1890 5718 ὑπὲρ
1938 5655 2038 5714 τῆς

386 5729 555 5785 αὐτοῦ
588 5732 884 5810 συντυχίας
912 5774 926 5788 .
961 5735 1017 5785 Ὁ
1067 5728 1124 5784 δὲ
1155 5731 1228 5790 ὡς
1272 5729 1365 5784 ἅτε
1411 5731 1606 5804 γνήσια
1656 5729 1849 5782 ἑαυτοῦ
1901 5729 2038 5781 ὐπο-

387 5807 698 5883 δεξάμενος,
731 5807 1012 5886 μειδιῶντι
1052 5809 1334 5887 προσώπῳ
1375 5809 1510 5883 πρὸς
1560 5811 1708 5882 ἡμᾶς
1755 5807 2041 5887 τοιούτους

388 5890 758 5967 ἀπεφθέγγετο
807 5891 1043 5962 λόγουςο
1099 5886 1300 5962 Πόθεν,
1331 5891 1377 5946 ὦ
1404 5888 1586 5963 τέκνα,
1629 5889 1721 5944 καὶ
1769 5886 1830 5944 ἐκ
1876 5887 2039 5955 ποίας

389 5970 580 6047 ’χώρας
636 5971 774 6046 πρός
825 5969 1110 6049 ἄνθρωπον
1187 5972 1440 6028 ταπεινὸν
1514 5969 1914 6048 «apt-rivum;
1947 5972 2038 6035 Ὦς

2125 683 2293 740 ἕνεκα
2335 669 2443 740 ἀπὸ
2483 681 2882 756 Ἱεροσολύμων
2927 675 3329 754 παρεγενόμεθα
3369 676 3506 747 πρὸς
3553 672 3631 743 σε,
3677 669 3786 740 ἵν’,

2124 777 2260 850 ἅπερ
2319 775 2389 831 δι’
2453 776 2623 844 ἀκοῆς
2681 770 3117 848 παρειλήφαμεν,
3167 771 3337 821 ταῦτα
3393 763 3552 839 ὂψεσι
3601 784 3779 834 παρα·

2126 862 2386 940 λάϐωμεν
2421 866 2559 939 (ὦτα
2587 864 2690 938 γάρ
2737 861 2968 938 πέφυκεν
3018 857 3342 929 ἀπίστοτερα
3389 855 3523 911 εἶναι
3574 854 3783 932 6001}-

2129 962 2267 1030 μῶν,
2318 958 2409 1012 καὶ
2451 957 2534 1010 ὅτι
2582 959 2652 1028 τῇ
2703 953 2840 1026 ἀκοῇ
2897 948 3169 1010 πολλάκις
3221 947 3366 1017 λῆθη
3424 967 3508 1007 τις
3563 944 3779 1016 ἕπεται,

2123 1054 2224 1115 τῆς
2273 1045 2328 1101 δὲ
2383 1047 2628 1120 ὁράσεως
2660 1047 2694 1113 ἡ
2734 1046 2926 1116 μνήμη
2976 1040 3076 1096 οὐκ
3123 1037 3479 1113 ἀπαλείφεται
3508 1057 3521 1071 ο
3567 1035 3696 1090 ἀλλ’
3744 1040 3784 1106 ἡ

2127 1137 2342 1208 ἒστορία
2397 1139 2468 1208 τῇ
2529 1132 2744 1202 διανοίᾳ
2802 1131 2973 1185 οἱονεὶ
3047 1126 3428 1198 ἐντετύπωται)
3462 1144 3476 1159 ·
3536 1125 3648 1181 εἶπε
3708 1123 3782 1194 δὴ

2125 1227 2264 1298 πρὸς
2325 1228 2473 1296 ἡμᾶς
2525 1225 2838 1294 ἀποκριθεὶς
2877 1221 2905 1276 6
2961 1219 3265 1293 μακάριος·
3326 1216 3427 1272 Καὶ
3475 1216 3527 1270 τί
3573 1217 3789 1289 θαυμα-

2128 1315 2254 1370 στὸν
2310 1316 2598 1388 ὀψόμενοι,
2649 1314 2694 1366 ὦ
2733 1309 3190 1389 προσφιλέστατοι
3246 1304 3461 1376 παῖδες,
3509 1307 3782 1376 τοσαύτην

2129 1403 2256 1460 ὁδὸν
2305 1405 2395 1460 καὶ
2444 1404 2686 1476 κάματον
2749 1401 3062 1471 ὑπήλθατες
3126 1398 3442 1472 ἀνθρώπους
3497 1397 3790 1459 ταπεινοὺς

2127 1492 2218 1547 καί
2278 1490 2514 1554 εὐτελεῖς
2577 1492 2704 1562 όρᾷν
2761 1489 3150 1560 ἐπιθυμήσατε,
3210 1482 3365 1540 οὐδὲν
3434 1484 3580 1558 ἄξιον
3635 1486 3783 1539 θεω-

2132 1583 2270 1658 ρίας,
2303 1579 2430 1637 οὐδὲ
2459 1581 2732 1654 θαύματος
2765 1577 2989 1653 ἔχοντας
3013 1619 3028 1632 .
3061 1578 3354 1649 Πανταχοῦ
3384 1572 3442 1629 δὲ
3471 1573 3602 1629 εἶσιν
3635 1573 3782 1644 ἄξιοι

2132 1673 2414 1746 θαύματος
2461 1671 2550 1726 καὶ
2599 1668 2844 1736 ἐπαίνου,
2889 1669 3028 1722 ὅπου
3075 1670 3208 1722 Θεοῦ
3253 1665 3530 1741 προφῆται
3583 1687 3640 1721 τε
3688 1666 3789 1722 καὶ

2131 1762 2436 1818 ἀπόστολοι
2494 1759 2548 1815 ἐν
2595 1764 2714 1822 ταῖς
2771 1756 3088 1826 ἐκκλησίαις
3145 1755 3628 1830 ἀναγινώσκονται,
3688 1757 3793 1820 οὖς

2135 1849 2218 1907 δεῖ
2250 1853 2582 1924 μιμεῖσθαι.
2638 1850 2910 1921 Θαυμάζω
2958 1844 3035 1916 δε,
3068 1847 3251 1924 φησὶν,
3304 1845 3429 1900 λίαν
3479 1846 3638 1915 ὑμᾶς,
3690 1847 3788 1900 καὶ

2133 1943 2232 2011 τήν
2270 1942 2422 2014 ὑμῶν
2475 1937 2733 2006 σπουδὴν,
2779 1942 2896 1998 πῶς
2945 1936 3230 1997 τοιούτους
3284 1933 3628 2007 ὑπεριδόντες
3665 1957 3789 1992 κιν-

2133 2030 2340 2094 δύνους,
2378 2029 2448 2084 δι’
2477 2027 2743 2106 ὠφέλειαν
2783 2029 2920 2100 πρὸς
2966 2029 3112 2098 ἡμᾶς
3161 2025 3485 2094 ἐληλύθατε,
3520 2023 3588 2080 δι’
3618 2028 3790 2097 ἡμῶν

2136 2121 2240 2176 ὑπὸ
2299 2119 2560 2194 όκνηρίας
2607 2114 2748 2189 μηδὲ
2804 2117 2972 2170 αὐτοῦ
3021 2119 3118 2170 τοῦ
3167 2112 3445 2182 σπηλαίου
3494 2114 3791 2190 προελθεῖν

2136 2207 2502 2284 βουλομένων
2533 2247 2546 2261 .
2598 2205 2776 2263 Ἀλλά
2815 2226 2878 2280 γε
2923 2207 3041 2271 νῦν,
3090 2205 3278 2279 φησὶν,
3329 2204 3375 2259 εἰ
3423 2207 3513 2260 καὶ
3565 2203 3790 2261 ἔπαινον

2136 2303 2288 2372 ὑμῶν
2322 2299 2443 2379 ἔχει
2471 2300 2532 2353 τὸ
2574 2304 2796 2371 πρᾶγμα
2838 2298 2912 2360 ὡς
2959 2298 3129 2352 καλὸν
3177 2297 3617 2371 κατορθώσαντες
3663 2299 3790 2353 ἱκα-

2130 2395 2236 2451 νῶς
2280 2387 2426 2468 ἔχειν
2469 2387 2680 2458 δόξητε,
2732 2386 2878 2442 ἀλλά
2931 2387 3182 2461 μιμεῖσθε
3227 2388 3326 2449 τάς
3377 2388 3568 2462 ἀρετάς
3621 2385 3682 2449 ἃς
3730 2389 3788 2444 οἱ

2131 2480 2359 2554 πατέρες
2409 2480 2560 2551 ὑμῶν
2615 2477 2975 2556 μετέρχονται
3010 2521 3024 2534 .
3077 2476 3140 2532 Εἴ
3190 2475 3246 2532 δὲ
3294 2477 3383 2532 καὶ
3432 2478 3606 2538 πάσας
3647 2480 3788 2549 κτή-

2133 2573 2305 2638 σεσθε,
2373 2568 2504 2642 ὅπερ
2572 2568 2816 2634 σπάνιον,
2891 2566 3031 2640 μὴδξ
3099 2567 3272 2630 οὕτως
3339 2569 3549 2630 ἑαυτοῖς
3613 2590 3787 2624 κατα-

2131 2660 2492 2727 πιστεύσητε.
2547 2659 2693 2718 Τινὲς
2724 2660 2828 2732 γάρ
2891 2656 3035 2712 οὕτω
3081 2656 3466 2732 θαβρήσαντες,
3513 2657 3602 2712 καὶ
3643 2660 3786 2731 πρὸς

2133 2749 2262 2803 αὐτὸ
2326 2749 2388 2803 τὸ
2449 2747 2584 2819 ὕψος
2649 2753 2756 2802 τῶν
2824 2746 3031 2823 ἀρετῶν
3099 2749 3397 2823 γεγονότες,
3462 2746 3618 2808 τέλος
3678 2747 3777 2825 ἀφ’

2135 2827 2350 2902 ὑψηλοῦ
2383 2827 2788 2882 ἐκπεπτώκασιν
2821 2871 2834 2885 .
2895 2825 3052 2884 Ἀλλ’
3093 2833 3253 2900 ὁρᾶτε
3284 2829 3324 2882 εἰ
3373 2829 3426 2882 εὖ
3472 2825 3591 2906 ἔχει
3639 2828 3774 2900 ὑμῖν

2132 2908 2183 2962 ἐν
2213 2914 2331 2969 ταῖς
2362 2914 2695 2982 προσευχαῖς
2720 2927 2732 2940 ·
2786 2907 2832 2962 εἷ
2885 2910 2961 2979 μή
3010 2912 3072 2962 τὸ
3114 2910 3346 2978 καθαρὸν
3387 2911 3485 2976 τῆς
3537 2906 3785 2970 διανοίας

2133 2989 2287 3060 ὑμῶν
2345 2987 2680 3044 τεθόλωται·
2733 2989 2780 3042 εἴ
2831 2991 2906 3061 μὴ
2959 2989 2987 3043 6
3036 2993 3163 3053 νοῦς
3213 2990 3365 3063 ὑμῶν
3431 2983 3788 3062 ῥεμϐασμοὺς

2131 3076 2333 3146 πάσχει
2372 3073 2522 3134 τινάς
2571 3070 2648 3132 εἷς
2698 3071 2869 3145 εὗχήν
2915 3075 2994 3143 τῷ
3050 3070 3167 3144 Θεῴ
3211 3073 3646 3146 παριστάμενος·
3703 3073 3782 3143 μή

2131 3147 2314 3225 ἕτερός
2343 3173 2425 3214 τις
2466 3152 2838 3224 παρεισελθὼν
2892 3150 3157 3226 λογισμὸς
3213 3155 3305 3206 τὸν
3352 3157 3479 3206 νοῦν
3524 3152 3606 3207 ἐπ’
3641 3152 3788 3207 ἄλλο

2130 3255 2183 3288 τι
2216 3233 2428 3306 στρέφει
2455 3253 2467 3266 ⁸
2505 3235 2581 3306 μή
2619 3235 2808 3305 μνήμη
2843 3254 2927 3294 τις
2956 3238 3066 3288 τῶν
3116 3235 3331 3289 ἀτόπων
3383 3234 3784 3308 ἐνθυμημάτων

2137 3313 2473 3390 παρενοχλεῖ
2511 3319 2579 3388 τῇ
2614 3313 2826 3386 διανοίᾳ
2852 3358 2864 3371 .
2913 3316 3104 3388 Ὁρᾶτε
3151 3316 3196 3370 εἷ
3240 3316 3375 3370 κατά
3422 3316 3682 3386 ἀλήθειαν
3708 3321 3790 3389 τῷ

2137 3396 2331 3468 κόσμῳ
2381 3396 2747 3464 ἀπετάξασθε.
2797 3395 2842 3449 εἰ
2899 3398 2974 3467 μῆ
3009 3396 3085 3456 ὡς
3127 3399 3639 3466 κατασκοπήσοντες
3685 3399 3785 3466 τῆν

2138 3473 2444 3551 ἐλευθερίαν
2492 3477 2652 3546 ἡμῶν
2702 3474 3149 3549 προσεληλύθατε
3182 3495 3196 3509 ⁸
3247 3477 3292 3530 εἰ
3331 3479 3405 3546 μὴ
3455 3478 3592 3549 πρὸς
3635 3497 3789 3532 κενο-

2096 3546 2100 3549 ’
2142 3546 2336 3625 δοξίαν
2368 3556 2465 3616 τάς
2517 3546 2776 3628 ὑμετέρα-ς
2825 3557 3015 3629 ἀρετὰς
3062 3558 3283 3630 θηρᾶτε,
3313 3555 3406 3612 ἵνα
3437 3555 3504 3625 δὴ
3536 3558 3610 3618 ὡς
3662 3558 3786 3612 ἐπι⁶

2140 3633 2469 3697 δεικνύοντες
2519 3638 2822 3710 φανήσεσθε
2871 3643 2988 3699 τοῖς
3035 3637 3341 3710 ἀνθρώποις
3372 3638 3439 3691 τά
3473 3641 3629 3708 ἡμῶν
3657 3632 3789 3712 ἔργα

2143 3714 2517 3789 μιμούμενοι.
2569 3716 2759 3788 Ὁρᾶτε
2811 3717 2885 3787 μή
2927 3718 3098 3777 πάθος
3149 3717 3274 3788 ύμῖν
3336 3717 3653 3792 ἐνοχλήσει,
3704 3720 3784 3790 μή

2137 3798 2275 3866 τιμή
2321 3795 2410 3850 καὶ
2471 3792 2620 3866 δόξα,
2677 3795 2765 3850 καὶ
2817 3793 3052 3861 ἔπαινος,
3093 3798 3454 3872 ἀνθρώπινος,
3508 3801 3585 3868 μή
3633 3800 3785 3870 ἱερα-

2138 3877 2282 3937 τείας
2315 3875 2618 3950 ὑπόκρισις,
2667 3876 2755 3931 καὶ
2787 3877 3074 3953 φιλαυτίας
3107 3897 3120 3911 ·
3175 3880 3250 3949 μῆ
3285 3877 3600 3948 νομίζοντες
3647 3879 3785 3933 εἶναι

2141 3953 2402 4020 δικαίους,
2469 3955 2557 4010 ἐπὶ
2598 3953 2912 4032 δικαιόσύνῃ
2970 3959 3356 4032 καυχήσεσθε.
3416 3961 3507 4026 Μὴ
3588 3960 3784 4035 μνήμῃ

2140 4038 2461 4112 συγγενειῶν
2531 4037 2615 4091 ἐπὶ
2683 4041 2751 4111 τῇ
2815 4035 3027 4093 διανοία
3108 4039 3573 4117 προσευχομένων
3627 4059 3641 4073 ⁸
3705 4043 3785 4112 μὴ

2145 4140 2336 4193 μνημῃ
2398 4119 2705 4189 εὐπαθείας,
2746 4119 2780 4187 ἣ
2831 4118 3011 4190 ἄλλης
3056 4121 3201 4182 τινὸς
3258 4117 3582 4188 διαϐάσεως,
3645 4119 3789 4192 μηδὶ

2140 4196 2304 4253 αὐτοῦ
2346 4197 2479 4253 ὅλου
2535 4203 2632 4253 τοῦ
2681 4199 2931 4271 κόσμου.
2980 4200 3040 4257 Εἰ
3094 4198 3151 4255 δὲ
3209 4201 3310 4272 μή,
3355 4203 3660 4273 ματαιότης
3726 4201 3790 4255 τὸ

2140 4284 2368 4352 πρᾶγμα
2414 4277 2658 4352 γίνεται·
2693 4278 2820 4333 ὅταν
2866 4300 2950 4342 τις
2999 4280 3212 4351 ὁμιλῶν
3258 4285 3336 4351 τῷ
3383 4282 3627 4356 Δεσπότῃ
3683 4280 3788 4336 ὑπὸ

2140 4362 2249 4412 τῶν
2306 4360 2683 4414 ἀντισπώντων
2735 4358 3022 4433 λογισμῶν
3079 4361 3449 4439 καταφέρηται
3499 4405 3513 4419 .
3577 4362 3787 4438 Πάσχει

2143 4433 2201 4492 δὲ
2227 4439 2320 4492 τὸν
2352 4436 2572 4492 ὅλισθον
2600 4445 2789 4494 τοῦτον
2819 4444 2918 4503 τῆς
2965 4437 3207 4501 διανοίας
3231 4433 3482 4503 ’ἕκαστος
3524 4442 3598 4512 μή
3649 4433 3782 4492 παν-

2141 4519 2315 4579 τέλῶς
2355 4520 2443 4573 τὸν
2489 4521 2696 4593 κόσμον
2743 4521 3212 4595 ἀπαρνησάμενος,
3262 4521 3408 4577 ἀλλά
3461 4521 3774 4590 θηρώμενο-

2141 4597 2308 4654 αὺτοῦ
2343 4601 2442 4668 τῆν
2487 4599 2766 4672 ἀρέσκειαν
2792 4646 2805 4658 .
2841 4603 2938 4657 Διά
2980 4604 3081 4676 γάρ
3132 4603 3225 4664 τάς
3278 4601 3483 4659 πολλάς
3518 4598 3776 4676 ἐγχειρής

2142 4699 2250 4741 σεις
2313 4680 2618 4753 μερίζονται
2677 4681 2843 4736 αὐτοῦ
2917 4672 3016 4752 τὴν
3053 4672 3063 4676 ⁷
3095 4679 3340 4738 διάνοιαν
3394 4682 3441 4735 αἱ
3495 4672 3772 4756 φροντίδες

2143 4762 2455 4832 σωματικαὲ
2512 4759 2664 4816 οὖσαι
2722 4765 2809 4815 καὶ
2866 4765 3083 4836 γήϊναι·
3144 4785 3234 4819 και
3287 4763 3474 4818 λοιπὸν
3526 4762 3660 4830 πρὸς
3719 4756 3790 4812 τὰ

2142 4841 2283 4909 πάθη
2320 4837 2749 4914 διαμαχόμενος,
2783 4842 2844 4896 οὐ
2879 4839 3097 4898 δύναται
3149 4845 3277 4918 ὁρᾷν
3312 4845 3403 4899 τὸν
3453 4841 3604 4918 θεὸν.
3664 4836 3790 4892 ἀλλ’

2143 4917 2269 4972 οὐδὲ
2299 4918 2373 4980 εἷς
2405 4919 2575 4989 αὐτην
2604 4923 2702 4987 τῆν
2743 4925 2941 4995 γνῶσιν
2975 4916 3191 4994 ὀφείλειν
3231 4944 3313 4984 τις
3344 4916 3583 4994 ἀκριϐῶς
3629 4938 3792 4971 κατα-

2142 4999 2397 5074 γίνεσθαι,
2433 5002 2632 5070 μήπως
2682 5001 2892 5071 ἀνάξιος
2937 5001 3010 5055 ὢν
3063 5007 3164 5056 τοῦ
3207 5003 3463 5058 τοιούτου
3516 5001 3798 5072 κτήματος

2143 5081 2234 5133 καί
2287 5084 2483 5153 μικροῦ
2535 5102 2685 5144 τινος
2727 5083 3067 5155 καταξιωθεὶ,
3122 5083 3322 5158 νομίσῃ
3374 5085 3438 5138 τὸ
3469 5085 3572 5136 πᾶν
3615 5099 3796 5136 κατει-

2147 5157 2396 5230 ληφέναι,
2455 5163 2544 5214 καὶ
2603 5163 2883 5222 παντελῶς
2936 5163 3132 5239 ἐκπέσῃ
3194 5157 3330 5237 πρὸς
3387 5165 3488 5231 τήν
3548 5162 3799 5240 φθοράν.

2145 5238 2325 5295 Ἀλλά
2357 5242 2469 5318 χρὴ
2508 5243 2739 5314 μετρίως
2795 5243 2875 5297 ἀεὶ
2915 5245 3002 5298 καὶ
3053 5238 3300 5304 εὐλαϐῶς
3338 5249 3420 5316 τῷ
3463 5238 3580 5314 Θεῷ
3626 5261 3799 5318 προστ

2151 5323 2305 5381 ιέναι,
2339 5322 2462 5375 ὅσον
2495 5318 2718 5386 ἕκαστος
2749 5321 2992 5392 δύναται,
3037 5331 3117 5398 τῷ
3157 5325 3244 5380 νοΐ
3283 5322 3658 5400 προσοδεύωσι,
3709 5313 3801 5376 καὶ

2144 5402 2272 5456 ἀσον
2339 5401 2606 5475 ἀνθρώπῳ
2664 5403 2805 5457 ἐστὶν
2865 5403 3122 5480 ἐφικτόν,
3170 5412 3260 5460 Δεῖ
3307 5407 3398 5460 οὖν
3451 5410 3559 5458 τῶν
3610 5401 3800 5458 αλλων

2148 5484 2391 5537 ἀπάννων
2427 5481 2698 5554 σχολάσαι
2747 5487 2844 5552 τήν
2886 5488 3113 5559 γνώμην
3141 5492 3246 5541 τῶν
3285 5488 3378 5542 τὸν
3430 5487 3561 5542 Θεὸν
3613 5485 3807 5553 ἐπιζη-

2143 5563 2386 5616 τούντων
2413 5607 2426 5620 .
2463 5562 2784 5637 Σχολάσατε
2823 5567 2946 5638 γάρ,
2989 5567 3145 5645 φησὶ,
3195 5569 3284 5621 καὶ
3317 5571 3512 5641 γνῶτε,
3559 5565 3644 5620 ὅτι
3695 5562 3804 5636 ἐγώ

2148 5643 2322 5714 εἷμιὸ
2354 5644 2522 5704 Θεός.
2572 5647 2629 5698 Ὁ
2678 5645 2770 5699 οὗν
2818 5643 3070 5720 γνώσεως
3121 5652 3255 5702 Θεοῦ
3310 5647 3370 5702 ἐκ
3420 5646 3620 5720 μέρους
3663 5665 3807 5698 κατ-

2147 5724 2393 5792 αξιωθεὶς
2424 5728 2545 5796 (την
2576 5729 2746 5780 πᾶσαν
2797 5728 2901 5800 γάρ
2948 5726 3130 5782 οὐδενὶ
3187 5727 3411 5783 δυνατόν
3467 5727 3610 5782 ἐστιν
3672 5727 3808 5780 ὐπο-

2149 5802 2416 5876 δέξασθαι)
2447 5809 2707 5880 τυγχάνει
2738 5809 2828 5861 καὶ
2856 5814 2957 5878 τῆς
2983 5814 3092 5864 τῶν
3119 5809 3311 5865 ἀλλων
3357 5810 3611 5864 ἀπάντων
3653 5807 3810 5884 γνώ-

2149 5907 2307 5965 σεως,
2351 5885 2441 5942 καὶ
2493 5889 2592 5965 ὁρᾷ
2641 5893 2902 5965 μιστήρια
2956 5893 3091 5948 Θεοῦ
3138 5889 3443 5955 δεικνύντος
3485 5892 3657 5964 αὐτῷ,
3708 5891 3811 5947 καὶ

2145 5963 2449 6045 προϐλιπει
2490 5963 2558 6026 τὰ
2605 5963 2904 6046 μέλλοντα,
2947 5973 3038 6029 καὶ
3086 5974 3283 6052 Θεωρεῖ
3323 5963 3708 6049 ἀποκαλύψεις
3733 5971 3810 6038 ἃς
