4074 6278
239 455 392 512 1117

1582 451 1954 512 HISTORIA
2003 444 2412 508 LAUSIACA.

3599 446 3758 507 1118

234 549 484 640 tiliorem
518 599 731 639 aerem.
765 587 809 637 Α
861 582 1169 638 Palaestina
1215 586 1407 638 autem
1465 585 1595 638 veni
1644 585 1703 639 in
1735 584 1935 655 Bithy-
1973 587 2018 650 Α
2053 594 2306 651 quanam
2341 576 2574 644 regione
2613 573 2687 629 ad
2715 572 3014 628 hominem
3051 572 3340 644 abjectum
3374 581 3430 631 et
3478 576 3757 634 humilem

236 676 416 739 niam,
449 682 504 729 et
533 674 590 729 in
623 692 691 728 ea
733 674 925 728 nescio
959 673 1278 741 quomodo,
1327 691 1396 728 an
1435 674 1692 730 humano
1725 676 1936 740 studio,

237 782 308 821 an
343 765 538 818 divina
567 765 867 818 voluntate
905 763 1044 835 (94),
1091 764 1245 818 Deus
1289 765 1420 828 scit,
1453 763 1669 833 dignus
1702 765 1936 820 habitus

236 873 367 910 sum
411 855 772 910 ordinatione
813 871 941 925 quas
994 872 1153 909 meas
1185 854 1335 908 vires
1385 861 1640 924 superat,
1695 856 1752 908 in
1802 871 1935 910 eum

236 962 432 1001 casum
512 948 773 1000 incidens
850 944 1023 1015 quem
1100 946 1357 1000 Joannes
1447 945 1807 1014 praedixerat.
1875 946 1940 1000 Et

234 1037 498 1090 undecim
531 1039 830 1091 mensibus
867 1036 1053 1091 latens
1097 1037 1152 1090 in
1187 1035 1330 1092 cella
1379 1041 1708 1104 tenebrosa,
1749 1054 1935 1092 recor-

233 1127 404 1182 datus
434 1144 587 1182 sum.

303 1271 479 1325 Porro
511 1273 702 1323 autem
735 1269 840 1324 hoc
890 1286 1122 1340 quoque
1156 1270 1296 1324 mihi
1332 1270 1622 1336 narrabat,
1655 1274 1934 1341 tanquam

232 1359 570 1428 profuturus
602 1358 673 1413 ad
708 1359 834 1426 hoc,
868 1365 931 1413 ut
964 1376 1061 1428 per
1094 1360 1485 1416 narrationem
1520 1377 1611 1416 me
1629 1359 1938 1415 deduceret

231 1444 301 1497 ad
362 1437 647 1515 patienter
696 1447 990 1501 ferendam
1052 1448 1422 1501 solitudinem
1472 1467 1486 1517 ;
1541 1447 1937 1518 Quadraginta

231 1548 413 1586 annos
444 1549 642 1588 versor
672 1534 728 1588 in
761 1535 866 1590 hac
897 1534 1042 1590 cella
1079 1556 1092 1604 ;
1132 1553 1244 1590 non
1291 1537 1406 1590 vidi
1451 1538 1652 1592 faciem
1689 1539 1933 1606 feminae,

232 1637 344 1676 non
382 1622 568 1678 ullum
603 1641 934 1691 nummum,
963 1643 1074 1680 non
1109 1627 1222 1680 vidi
1258 1627 1514 1698 aliquem
1542 1629 1934 1695 mandentem,

233 1728 347 1767 non
379 1716 779 1770 comedentem
818 1733 920 1771 nec
953 1717 1243 1772 bibentem
1280 1735 1371 1772 me
1411 1719 1550 1774 vidit
1581 1722 1814 1791 aliquis.

303 1837 444 1892 Cum
476 1856 610 1910 ergo
644 1842 715 1894 ab
747 1857 812 1896 eo
861 1845 1250 1909 recessissem,
1297 1844 1429 1899 veni
1464 1846 1518 1899 in
1552 1844 1934 1901 solitudinem

231 1926 290 1980 in
323 1926 448 1981 loco
481 1936 783 1998 consueto,
818 1931 936 1985 haec
969 1933 1168 1986 omnia
1193 1950 1438 1987 narrans
1458 1935 1640 1988 beatis
1669 1934 1938 1990 Patribus
1973 1961 2016 2022 Β

231 2015 331 2085 qui
367 2026 497 2086 post
527 2020 670 2072 duos
703 2036 934 2074 menses
967 2028 1246 2076 venerunt
1276 2030 1485 2077 etsunt
1508 2039 1638 2078 cum
1673 2041 1738 2079 eo
1769 2026 1941 2079 collo-

230 2107 368 2169 culi,
404 2106 559 2176 iique
593 2109 710 2162 haec
744 2109 911 2162 nobis
946 2116 1274 2166 narrarunt.
1308 2112 1448 2166 Cum
1475 2114 1542 2167 ad
1576 2130 1708 2168 eum
1743 2117 1937 2169 venis-

231 2210 453 2262 semus,
489 2197 612 2251 laeto
643 2200 804 2252 vultu
840 2216 944 2254 nos
993 2204 1220 2270 excepit
1273 2207 1329 2256 et
1359 2201 1654 2268 salutavit,
1694 2220 1753 2257 se
1785 2204 1938 2258 bita-

234 2297 352 2336 rem
389 2286 703 2356 unicuique
734 2289 1070 2343 ostendens.
1108 2289 1476 2360 Rogabamus
1499 2299 1694 2346 autem
1719 2311 1850 2349 eum
1877 2302 1939 2352 ut

233 2371 431 2424 statim
470 2389 567 2441 pro
601 2375 767 2428 nobis
822 2383 1119 2446 perageret
1163 2381 1506 2442 orationem,
1539 2387 1626 2434 est
1657 2384 1810 2437 enim
1848 2385 1938 2440 hic

235 2476 360 2512 mos
394 2462 666 2514 Patribus
699 2463 793 2531 qui
829 2471 964 2518 sunt
998 2465 1055 2517 in
1088 2465 1352 2536 Egypto.
1390 2467 1442 2522 Is
1477 2477 1670 2522 autem
1708 2488 1809 2525 nos
1843 2473 1937 2526 in~

232 2552 538 2618 terrogavit
572 2567 709 2604 num
747 2552 894 2606 inter
927 2570 1030 2607 nos
1061 2562 1216 2608 esset
1246 2557 1489 2610 clericus
1523 2558 1751 2628 aliquis.
1784 2561 1937 2616 Post-

233 2653 402 2706 quam
437 2646 630 2693 autem
685 2657 890 2696 onmes
939 2657 1054 2696 non
1099 2661 1227 2698 esse
1274 2647 1544 2714 diximus,
1599 2666 1700 2702 nos
1733 2666 1936 2704 omnes

232 2726 732 2796 circumspiciens,
766 2734 1000 2799 agnovit
1030 2748 1160 2786 eum
1205 2733 1302 2803 qui
1336 2742 1460 2787 erat
1486 2737 1785 2790 occultus:
1821 2749 1938 2793 erat

231 2827 421 2868 autem
459 2833 609 2870 unus
641 2834 708 2872 ex
742 2824 908 2873 nobis
942 2823 1039 2888 qui
1073 2823 1284 2892 dignus
1322 2823 1508 2877 fuerat
1543 2825 1774 2881 habitus
1805 2829 1936 2881 dia-

233 2911 465 2968 conatu,
499 2922 630 2960 cum
665 2917 822 2963 esset
857 2926 1007 2963 unus
1041 2913 1213 2966 frater
1244 2913 1368 2981 ejus
1406 2930 1478 2967 ret
1515 2917 1810 2984 conscius,
1844 2919 1935 2973 cui

233 2991 405 3045 etiam
443 3003 709 3063 praecepit
743 3005 803 3050 ut
836 2999 1050 3053 nemini
1089 3001 1322 3054 diceret.
1357 3001 1460 3063 Qui
1497 3020 1666 3056 causa
1701 3005 1936 3059 humili-

234 3081 392 3147 tatis,
443 3090 499 3134 et
545 3084 598 3135 in
654 3085 851 3138 talium
916 3086 1152 3140 Patrum
1213 3092 1667 3157 comparatione,
1727 3095 1818 3147 vix
1876 3111 1938 3149 se

234 3168 476 3236 dignum
538 3174 807 3226 censebat
860 3174 1172 3228 Christiani
1234 3176 1640 3246 appellatione,
1707 3185 1934 3236 tantum

234 3258 392 3312 abest
422 3265 481 3312 ut
523 3261 772 3328 alicujus
806 3263 1128 3332 dignitatis.
1166 3264 1336 3318 Manu
1387 3283 1519 3333 ergo
1569 3284 1700 3322 eum
1737 3279 1936 3325 osten-

234 3346 400 3414 dens,
433 3349 662 3404 dicebat
709 3353 983 3406 omnibus
1027 3369 1039 3406 :

233 3442 424 3490 autem
451 3439 682 3495 assidue
709 3449 963 3509 negaret,
992 3443 1240 3500 etlatere
1263 3453 1592 3515 conaretur,
1623 3465 1652 3501 e
1687 3450 1939 3506 fenestra

233 3527 359 3595 ejus
398 3545 628 3584 manum
654 3534 1071 3602 apprehensam
1097 3534 1394 3590 osculatus
1415 3543 1521 3601 est,
1549 3538 1942 3598 etadmonens

235 3630 366 3669 cum
398 3617 652 3674 hortatus
685 3626 791 3686 est,
826 3623 1027 3678 dicens
1062 3641 1075 3677 :
1112 3630 1190 3678 Ne
1223 3627 1442 3680 irritatn
1479 3627 1658 3683 facias
1692 3631 1937 3696 gratiam

241 3705 360 3770 Dei,
397 3706 497 3772 ﬁli,
533 3726 604 3764 nc
638 3714 935 3768 mentiaris
981 3714 1198 3770 donum
1246 3716 1344 3770 Dei
1377 3717 1666 3774 inficians.
1701 3720 1938 3776 Menda-

241 3793 392 3851 cium
424 3799 574 3852 enim
611 3801 862 3857 alienum
889 3811 974 3858 est
1006 3823 1038 3858 a
1068 3804 1511 3873 Christianis,et
1542 3812 1662 3863 sive
1695 3811 1766 3864 sit
1793 3813 1848 3866 in
1885 3827 1942 3868 re

241 3901 474 3955 magna,
509 3889 628 3943 sive
660 3891 715 3943 in
752 3909 947 3961 parva,
973 3909 1087 3947 non
1121 3901 1205 3948 est
1238 3905 1429 3950 tamen
1463 3895 1774 3967 laudabile,
1810 3919 1939 3957 cum

239 3972 390 4028 dicat
427 3975 692 4031 Servatur
726 3996 738 4032 :
775 3980 1141 4035 Mendacium
1174 3989 1262 4037 est
1302 4001 1332 4037 a
1367 3986 1515 4040 malo
1544 3987 1764 4056 (Joann'
1798 3992 1940 4060 vni).

246 4061 294 4116 ls
322 4080 451 4118 vero
485 4069 782 4122 convictus
817 4070 1011 4134 tacuit,
1047 4072 1336 4141 accipiens
1371 4080 1664 4144 paternam
1699 4077 1825 4147 ejus
1858 4097 1940 4133 re-

243 4152 709 4222 prehensionem.
744 4156 887 4212 Cum
923 4175 1117 4227 preces
1157 4167 1348 4217 autem
1399 4165 1943 4237 complevissemus,

244 4259 395 4297 unus
429 4244 602 4298 frater
631 4263 696 4299 ex
731 4248 918 4315 nobis,
955 4265 1121 4319 quem
1140 4251 1264 4320 jam
1299 4255 1542 4308 tertiana
1576 4256 1750 4311 febris
1784 4258 1944 4314 vehe-

245 4349 410 4387 mens
460 4336 714 4403 tenebat,
775 4341 1015 4406 rogabat
1057 4349 1114 4394 ut
1172 4349 1487 4398 curaretur.
1549 4345 1690 4401 Cum
1753 4359 1940 4403 autem

244 4421 485 4476 dixisset
520 4425 693 4479 frater
741 4427 790 4480 ei
831 4431 1091 4484 conferre
1136 4430 1506 4486 afﬂictionem
1563 4447 1792 4503 propter
1821 4442 1946 4494 exi-

247 4527 418 4580 guam
448 4533 573 4586 qua:
596 4519 643 4572 ei
671 4517 822 4572 inest.
848 4519 1042 4585 fidem,
1071 4525 1306 4578 tradens
1347 4529 1540 4579 tamen
1582 4527 1770 4581 oleum
1792 4530 1943 4598 jnssi

242 4619 374 4659 cum
419 4606 644 4676 inungi.
695 4609 837 4664 Cum
886 4613 932 4665 is
966 4617 1162 4668 autem
1210 4631 1272 4668 se
1327 4615 1606 4683 unxisset,
1657 4619 1944 4690 quidquid

1095 3352 1194 3406 Hic
1241 3364 1321 3407 est
1373 3356 1672 3411 diaconus.
1707 3358 1850 3413 Cum
1886 3362 1935 3415 is
1966 3323 2007 3389 Ε

2053 670 2383 727 accessistis
2421 665 2450 720 ?
2490 669 2805 734 Postquam
2858 670 3053 718 autem
3103 665 3361 719 diximus
3409 667 3760 737 patriam,et

2054 763 2376 831 adjecimus
2410 774 2423 812 :
2461 759 2564 811 Pro
2599 758 2846 810 utilitate
2877 755 3204 810 animarum
3248 768 3568 813 nostrarum
3602 762 3671 814 ad
3708 769 3758 816 te

2051 855 2318 907 venimus
2349 854 2418 904 ah
2445 847 2785 913 Jerusalem,
2820 855 2880 901 ut
2911 848 3062 917 quod
3117 848 3414 905 auditione
3447 868 3754 922 accepera-

2053 959 2206 1008 mus,
2240 943 2293 995 id
2337 956 2708 996 cerneremus
2752 937 2933 992 oculis
2963 957 2977 1002 ;
3013 944 3151 992 sunt
3181 939 3333 993 enim
3367 958 3534 996 aures
3567 943 3757 998 minus

2053 1034 2251 1087 fideles
2283 1031 2465 1086 oculis
2499 1046 2512 1082 :
2547 1036 2600 1082 et
2630 1029 2986 1082 auditionem
3008 1027 3242 1098 quidem
3270 1046 3419 1098 saepe
3452 1035 3761 1102 consequi-

2049 1129 2146 1177 tur
2177 1122 2410 1188 oblivio,
2454 1119 2533 1173 rei
2581 1127 2776 1173 autem
2829 1117 2961 1170 visae
3015 1135 3125 1171 non
3176 1119 3400 1173 deletur
3454 1123 3755 1191 memoria,

2051 1213 2149 1267 sed
2184 1211 2360 1264 menti
2391 1207 2820 1279 quodammodo
2851 1206 3215 1275 imprimitur
3241 1207 3498 1263 historia.
3534 1211 3617 1264 Ad
3649 1227 3754 1266 nos

2047 1317 2180 1371 ergo
2207 1300 2350 1354 dixit
2381 1300 2584 1353 beatus
2605 1297 2857 1351 Joannes
2883 1312 2894 1349 :
2920 1294 2987 1347 Et
3011 1297 3150 1364 quid
3188 1295 3514 1351 mirandum
3553 1298 3751 1365 visuri,

2047 1409 2079 1447 0
2111 1391 2212 1444 filii
2244 1387 2599 1453 charissimi,
2633 1390 2861 1439 tantum
2897 1383 3120 1438 itineris
3153 1389 3210 1439 et
3250 1383 3466 1439 laboris
3500 1386 3757 1441 toleran-

2045 1485 2132 1536 tes
2165 1480 2273 1534 huc
2305 1477 2562 1542 venistis,
2599 1475 2863 1529 homines
2913 1473 3165 1543 abjectos
3194 1482 3247 1530 et
3278 1474 3532 1530 humiles
3565 1477 3754 1531 videre

2046 1569 2368 1640 cupientes,
2402 1569 2500 1638 qui
2538 1564 2681 1618 nihil
2716 1564 2931 1618 habent
2961 1569 3224 1633 spectatu
3256 1564 3492 1631 dignum
3528 1582 3632 1620 nec
3665 1566 3755 1620 ad-

2049 1659 2254 1714 miratu
2277 1656 2547 1726 ?Ubique
2577 1660 2768 1708 autem
2801 1653 3285 1708 suntadmirandi
3309 1660 3364 1708 et
3395 1655 3565 1710 laude
3588 1655 3749 1727 digni

2045 1749 2145 1804 Dei
2181 1749 2468 1818 prophetae
2499 1751 2556 1799 et
2603 1743 2872 1812 apostoli,
2915 1745 3010 1810 qui
3060 1742 3336 1815 leguntur
3377 1745 3434 1798 in
3463 1746 3752 1816 ccclesiis,

2045 1853 2190 1907 quos
2248 1841 2473 1906 oportet
2525 1832 2760 1888 imitari.
2818 1830 2996 1885 Valde
3045 1839 3236 1885 autem
3293 1833 3489 1902 miror,
3541 1835 3750 1905 inquit,

2047 1932 2300 1982 vestrum
2335 1925 2618 1988 studium,
2643 1920 3138 1990 quemadmodum
3160 1926 3242 1973 tot
3258 1925 3629 1990 comtemptis
3655 1940 3754 1994 pe-

2053 2015 2272 2084 riculis,
2307 2015 2372 2068 ad
2411 2029 2513 2067 nos
2563 2010 2798 2065 venistis
2846 2014 3073 2078 promer
3120 2009 3448 2077 utilitatem,
3481 2027 3612 2064 cum
3651 2027 3755 2068 nos

2049 2121 2161 2177 prae
2193 2103 2458 2160 socordia
2511 2117 2580 2155 ne
2626 2116 2695 2154 ex
2739 2101 2862 2170 ipsa
2911 2099 3143 2167 quidem
3195 2100 3470 2169 spelunca
3510 2101 3754 2156 velimus

2051 2195 2336 2266 progredi.
2368 2193 2476 2246 Sed
2511 2208 2612 2260 age
2647 2205 2822 2254 nunc,
2849 2189 3062 2258 inquit,
3082 2189 3308 2242 etiamsi
3343 2206 3431 2244 res
3463 2196 3657 2244 vestra
3678 2191 3756 2246 sit

2048 2284 2220 2340 laude
2251 2284 2446 2352 digna,
2496 2297 2567 2334 ne
2614 2286 2888 2348 tanquam
2943 2294 3001 2332 re
3047 2277 3236 2346 aliqua
3273 2281 3540 2348 praeclare
3572 2286 3752 2351 gesta,

2048 2375 2210 2428 vobis
2239 2371 2505 2426 sufticera
2557 2369 2791 2439 putetis,
2843 2368 2942 2422 sed
2994 2366 3301 2421 imitemini
3334 2369 3577 2424 virtutes
3609 2386 3753 2440 quas

2050 2469 2242 2533 patres
2295 2461 2468 2515 vestri
2517 2468 2964 2528 persequuntur.
3015 2459 3171 2522 Quod
3222 2458 3297 2515 si.
3329 2459 3497 2513 etiam
3549 2476 3752 2516 omnes

2050 2552 2444 2624 possederitis,
2481 2550 2631 2619 quod
2669 2550 2900 2618 quidem
2935 2555 3022 2602 est
3047 2565 3262 2613 rarum,
3297 2565 3368 2603 ne
3399 2551 3482 2604 sic
3515 2551 3752 2620 quidem

2048 2643 2209 2695 vobis
2240 2642 2382 2709 ipsis
2413 2637 2796 2693 credideritis.
2843 2638 3086 2701 Quidam
3131 2638 3287 2692 enim
3330 2640 3430 2708 qui
3465 2640 3545 2693 sic
3577 2641 3757 2695 conli-

2049 2733 2278 2794 derunt,
2313 2736 2369 2784 ct
2396 2731 2464 2784 ad
2497 2730 2688 2798 ipsum
2723 2728 2996 2782 virtutum
3035 2728 3328 2797 fastigium
3356 2738 3753 2799 pervenerunt,

2048 2823 2283 2877 tandem
2319 2837 2386 2875 ex
2431 2820 2547 2874 alto
2593 2818 2946 2872 ceciderunt.
2994 2817 3103 2872 Sed
3151 2819 3337 2873 videte
3383 2835 3520 2874 num
3559 2836 3754 2890 preces

2047 2916 2248 2966 vestrae
2281 2927 2337 2964 se
2372 2916 2521 2964 recte
2556 2909 2805 2962 habeant
2849 2925 2861 2968 ;
2903 2923 3043 2961 num
3087 2908 3425 2962 conturbata
3457 2909 3533 2962 sit
3565 2910 3755 2964 cordis

2050 3001 2221 3056 vestri
2256 3001 2516 3062 puritas:
2552 3015 2690 3050 num
2729 3014 2893 3051 mens
2935 3004 3128 3051 vestra
3181 2997 3338 3052 inter.
3356 3000 3644 3054 orandum
3679 2999 3756 3054 sit

2048 3097 2328 3156 occupata
2360 3088 2488 3142 aliis
2540 3087 2790 3157 negotiis
2837 3105 2851 3153 ;
2904 3103 3039 3139 num
3095 3085 3288 3151 aliqua
3337 3087 3450 3141 alia
3497 3095 3752 3144 mentem

2048 3181 2286 3234 subiens
2317 3177 2589 3246 cogitatio
2621 3185 2838 3228 avertat
2873 3177 2940 3228 ad
2977 3173 3190 3243 aliquid
3226 3174 3380 3228 aliud
3413 3192 3426 3242 ;
3473 3193 3610 3230 num
3645 3175 3753 3231 ali-

2047 3285 2162 3339 qua
2182 3269 2562 3338 cogitatorum
2599 3265 2877 3319 memoria
2900 3266 3094 3318 animo
3115 3265 3383 3320 exhibeat
3407 3267 3752 3324 molestiam.

2049 3358 2253 3414 Videte
2286 3376 2422 3412 num
2460 3358 2673 3412 mundo
2705 3373 2833 3411 vere
2874 3356 3252 3410 renuntiastis
3286 3376 3301 3423 ;
3337 3374 3476 3412 num
3507 3358 3757 3430 ingressi

2052 3450 2192 3505 estis
2226 3459 2500 3519 tanquam
2539 3454 2792 3501 nostram
2835 3446 3204 3514 speculantes
3230 3447 3754 3516 libertatem;num

2052 3542 2120 3594 ad
2156 3555 2362 3592 vanam
2398 3537 2637 3609 gloriam
2697 3541 2918 3591 vestras
2968 3539 3210 3591 virtutes
3241 3537 3556 3606 venamini,
3591 3544 3652 3592 ut
3683 3539 3753 3594 ad

2053 3630 2501 3684 ostentationem
2561 3626 2873 3681 videamini
2931 3626 3270 3681 hominibus
3333 3634 3525 3682 nostra
3583 3645 3758 3699 opera

2053 3719 2367 3774 imitantes.
2399 3716 2602 3771 Videte
2636 3733 2705 3771 ne
2755 3717 2914 3770 voltis
2967 3718 3208 3772 facessat
3242 3718 3540 3788 negotium
3576 3717 3756 3772 animi

2056 3811 2433 3881 perturbatio,
2468 3823 2535 3859 ne
2570 3807 2755 3859 honor
2779 3811 2838 3858 et
2877 3804 3062 3874 gloria
3094 3812 3150 3858 et
3192 3806 3317 3858 laus
3366 3806 3647 3873 humana,
3691 3823 3759 3862 ne

2056 3915 2245 3954 rerum
2272 3912 2566 3951 sacrarum
2601 3910 2752 3948 curas
2785 3891 3105 3958 simulatio,
3131 3903 3226 3947 aut
3259 3909 3418 3948 amor
3452 3896 3759 3966 proprius;

2057 4005 2127 4042 ne
2161 3986 2372 4056 putetis
2407 4000 2503 4037 vos
2531 3998 2656 4037 esse
2680 3982 2866 4050 justos
2904 4001 2918 4049 ;
2955 3997 3141 4051 neque
3192 3982 3262 4037 de
3289 3983 3518 4051 justitia
3547 3985 3759 4052 glorie-

2057 4076 2223 4137 mini,
2260 4090 2329 4127 ne
2362 4080 2595 4144 propter
2643 4072 2889 4127 virtutes
2939 4071 3260 4126 efferamini
3298 4089 3312 4139 ;
3346 4089 3417 4127 ne
3457 4073 3760 4128 orantibus

2057 4165 2421 4236 cognationis
2471 4163 2752 4218 memoria
2799 4162 2994 4216 animo
3045 4163 3340 4227 insideat;
3378 4179 3449 4217 ne
3481 4162 3762 4219 memoria

2057 4255 2574 4313 commiserationis
2597 4260 2698 4308 aut
2719 4254 2965 4319 alicujus
2987 4252 3230 4308 alterius
3251 4253 3352 4321 rei,
3377 4253 3762 4324 nequeipsius

2058 4350 2312 4403 universi
2389 4345 2591 4399 mundi
2667 4344 2831 4398 vobis
2908 4347 3231 4397 succurrat.
3312 4344 3410 4398 Sin
3492 4344 3760 4412 minus;

2059 4435 2415 4490 resefﬁcitur
2435 4434 2680 4494 vanitas,
2698 4433 2925 4497 quando
2949 4431 3079 4501 quis
3105 4431 3416 4486 Dominum
3440 4435 3762 4502 alloquens,

2059 4527 2332 4580 deorsum
2368 4522 2689 4592 impellitur
2736 4522 2808 4575 ab
2858 4521 2930 4576 iis
2961 4538 3086 4590 qua:
3136 4536 3203 4574 ex
3252 4521 3494 4575 adverso
3526 4520 3767 4575 trahunt

2061 4614 2529 4681 cngitationibus.
2565 4611 2692 4666 Hazc
2723 4618 2916 4666 autem
2970 4610 3181 4665 mentis
3214 4611 3502 4680 prolapsio
3537 4609 3767 4664 unicui-

243 4695 400 4749 intus
432 4695 683 4750 habebat
719 4716 816 4765 per
845 4717 910 4753 os
941 4704 1155 4771 emisit,
1188 4708 1242 4758 et
1280 4722 1309 4758 a
1346 4704 1502 4759 febre
1533 4707 1774 4762 omnino
1803 4709 1949 4764 ltbe-
1981 4697 2024 4760 D
2060 4722 2172 4777 que
2192 4703 2395 4759 accidit
2417 4703 2512 4773 qui
2544 4703 2698 4756 hunc
2724 4702 3005 4755 mundum
3042 4717 3154 4754 non
3179 4700 3416 4754 omnino
3437 4700 3765 4769 abnegavit,

245 4786 428 4846 ratus,
464 4786 714 4854 propriis
747 4788 990 4854 pedibus
1045 4792 1277 4846 recessit
1309 4794 1379 4846 ad
1411 4794 1752 4864 hospitium.
1790 4799 1951 4855 Lice-

245 4871 342 4925 bat
373 4882 558 4927 autem
593 4874 785 4930 videre
818 4877 1113 4934 hominem
1155 4885 1618 4951 nonagenarium
1663 4895 1779 4944 toto
1813 4907 1948 4944 cor-

245 4977 381 5033 pOre
430 4961 510 5016 ita
562 4964 865 5036 afflictum,
918 4979 977 5024 ut
1030 4988 1143 5039 pra}
1195 4974 1600 5032 exercitatione
1650 4996 1720 5033 ne
1770 4981 1949 5038 barba

245 5052 481 5122 quidem
517 5059 648 5107 nata
682 5063 833 5112 eaeet
865 5058 920 5112 in
956 5061 1111 5116 facie.
1151 5063 1301 5119 Nihil
1324 5066 1475 5120 enizn
1504 5067 1658 5122 aliud
1684 5074 1948 5128 comede-

245 5141 344 5196 bat
375 5159 543 5213 quam
579 5147 848 5200 arborum
880 5149 1120 5217 fructus,
1147 5153 1317 5223 idque
1350 5167 1472 5223 post
1508 5159 1648 5212 solis
1680 5177 1948 5218 occasum

245 5229 304 5284 in
338 5248 571 5286 summa
592 5241 904 5304 senectute,
937 5255 1068 5293 cum
1106 5257 1166 5294 se
1193 5241 1352 5299 prius
1380 5244 1630 5299 multum
1664 5251 1950 5304 excreuis-

249 5325 356 5386 set,
390 5327 444 5375 et
479 5341 662 5394 neque
691 5343 892 5395 panem
929 5331 1292 5397 sumpsisset,
1321 5350 1510 5402 neque
1532 5335 1751 5404 aliquid
1787 5340 1954 5394 exiis

247 5424 378 5478 qum
408 5410 523 5480 igni
555 5416 783 5469 admota
818 5417 1060 5473 veniunt
1109 5421 1164 5474 in
1199 5439 1393 5478 usum.
1429 5424 1568 5480 Cum
1604 5427 1726 5491 ipse
1758 5434 1950 5485 autem

247 5513 356 5551 nos
383 5501 658 5564 jnssisset
707 5505 925 5574 sedere,
981 5514 1091 5565 Deo
1141 5511 1366 5582 egimus
1398 5515 1614 5578 gratias
1643 5519 1795 5587 quod
1829 5520 1954 5586 ejus

250 5586 575 5644 frueremur
604 5598 1035 5654 congressione.
1075 5599 1128 5655 Is
1161 5607 1355 5656 autem
1387 5619 1520 5658 cum
1559 5611 1829 5670 tanquam
1865 5609 1953 5661 di-

249 5675 428 5733 lectos
461 5697 596 5736 suos
646 5682 796 5739 filios
846 5685 1019 5760 longo
1056 5695 1318 5762 tempore
1361 5694 1703 5766 accepisset,
1749 5697 1956 5754 ridenti

247 5766 408 5825 vultu
444 5768 562 5826 hac
594 5773 760 5830 nobis
794 5782 878 5833 est
910 5777 1177 5838 locutus:
1213 5781 1536 5853 Undenam,
1571 5801 1603 5840 ο
1637 5785 1761 5855 filii,
1795 5797 1848 5842 et
1887 5805 1955 5845 ex

2062 4794 2165 4851 sed
2215 4796 2523 4847 veneratur
2576 4797 2636 4846 ut
2679 4790 2731 4844 ei
2784 4791 3025 4860 placeat.
3072 4788 3155 4843 0b
3211 4789 3392 4842 multa
3441 4789 3598 4843 enim
3637 4803 3766 4858 qua

2062 4882 2412 4954 aggreditur,
2443 4882 2571 4950 ejus
2607 4884 2855 4934 mentem
2907 4878 3168 4932 dividunt
3214 4894 3362 4932 curas
3393 4894 3680 4948 corporeis
3713 4881 3769 4933 et

2061 4979 2400 5038 terrestres;
2437 4980 2488 5024 et
2523 4971 2657 5024 dum
2683 4970 2957 5038 deinceps
2988 4969 3245 5038 disputat
3274 4983 3408 5023 cum
3441 4969 3622 5022 animi
3647 4984 3772 5037 per-

2063 5063 2512 5128 turbationibus,
2561 5077 2672 5114 non
2728 5064 2916 5128 potest
2966 5058 3142 5113 Deum
3189 5059 3400 5114 videre.
3436 5058 3545 5113 Sed
3583 5073 3768 5127 neque

2061 5155 2248 5224 ipsam
2278 5151 2665 5216 cognitionem
2698 5149 2867 5203 debet
2896 5155 3162 5202 accurate
3192 5153 3248 5202 et
3277 5159 3474 5202 exacte
3504 5154 3767 5202 contem-

2063 5244 2232 5316 plari,
2265 5259 2334 5294 ne
2366 5240 2414 5294 si
2449 5240 2593 5294 forte
2633 5237 2800 5291 fuerit
2843 5238 3115 5308 indignus
3156 5237 3254 5292 tali
3290 5238 3677 5306 possessione,
3711 5238 3768 5289 et

2063 5336 2190 5402 ejus
2221 5333 2474 5402 aliquam
2511 5334 2728 5399 partem
2762 5329 2932 5382 fuerit
2979 5338 3348 5395 consecutus,
3381 5325 3674 5380 existimet
3708 5340 3769 5380 se

2065 5429 2247 5479 totum
2283 5419 2812 5489 comprehendisse,
2845 5423 2900 5473 et
2937 5422 3176 5473 omnino
3217 5418 3446 5471 labatur
3475 5415 3534 5468 in
3566 5414 3768 5469 interi-

2065 5520 2210 5569 tum.
2243 5513 2352 5567 Sed
2404 5517 2628 5580 Oportet
2657 5526 2885 5573 semper
2936 5509 3232 5563 moderate
3276 5511 3332 5558 et
3366 5505 3454 5574 pie
3484 5504 3554 5558 ad
3587 5503 3768 5560 Deum

2065 5605 2360 5664 accedere.
2393 5614 2676 5674 quantum
2731 5606 2920 5671 potest
2963 5597 3362 5666 unusquisque
3413 5599 3606 5650 mente
3639 5611 3771 5666 pro-

2064 5696 2245 5769 gredi,
2277 5703 2328 5748 et
2359 5702 2646 5765 quantum
2685 5694 2926 5761 possunt
2956 5686 3224 5785 homines
3255 5686 3556 5785 consequi.
3589 5689 3768 5785 Opor-

2065 5789 2148 5843 tet
2171 5800 2308 5855 ergo
2342 5788 2597 5838 mentem
2639 5795 2837 5836 eorum
2891 5776 2989 5845 qui
3035 5775 3212 5828 Deum
3265 5779 3555 5845 quaerunt,
3586 5775 3769 5829 otium
