4074 6278
303 477 459 538 1119

1881 461 2247 522 PALLADII

3673 466 3843 524 1120

313 622 482 681 agere
510 604 580 661 ab
612 602 743 659 aliis
773 600 1069 656 omnibus.
1108 600 1315 651 Vacate
1361 595 1515 650 enim
1567 600 1623 651 et
1651 594 2006 667 cognoscite,
2041 597 2087 660 Α
2123 598 2180 647 et
2237 594 2471 648 tandem
2542 590 2980 647 exercitatorsm
3057 590 3277 661 redegit
3330 592 3388 647 in
3467 594 3841 653 servitutem.

310 697 519 768 inquit,
550 697 698 766 quod
732 708 838 762 ego
872 707 998 744 sum
1034 687 1182 744 Deus
1212 686 1379 755 (Psal.
1412 688 1558 753 va).
1596 685 1702 748 Qui
1734 702 1870 756 ergo
1906 684 2006 738 Dei

302 787 694 855 cognitionem
720 799 787 836 ex
812 784 971 849 parte
998 784 1086 832 est
1108 782 1470 835 consecutus.
1496 775 1825 829 universam
1851 775 2005 828 enim

304 892 477 931 nemo
513 876 702 944 potest
750 870 1031 939 accipere,
1079 866 1456 931 consequitur
1502 880 1732 935 quoque.
1764 862 2006 917 aliorum

302 965 559 1021 omnium
608 960 1023 1031 cognitionem,
1074 961 1130 1011 et
1177 954 1329 1009 videt
1378 959 1646 1025 mysteria
1698 952 1794 1007 Dei
1829 951 1927 1006 illa
1955 952 2003 1005 ei

303 1049 681 1116 ostendentis,
715 1053 771 1103 et
802 1046 1076 1118 pravidet
1110 1049 1321 1109 futura,
1362 1049 1418 1098 et
1459 1044 1886 1110 contemplatur
1916 1056 2005 1094 re-

302 1142 616 1197 velationes
646 1138 847 1208 quales
878 1135 1090 1200 sancti,
1121 1139 1175 1188 et
1206 1132 1383 1188 efficit
1413 1135 1673 1197 virtutes,
1706 1141 1759 1186 et
1788 1129 2010 1185 obtinet

304 1246 339 1286 a
374 1232 483 1285 Deo
511 1244 745 1285 omnem
779 1225 1139 1297 petitionem.

375 1320 503 1375 Alia
532 1333 767 1390 quoque
798 1316 984 1370 multa
1009 1313 1152 1367 dixit
1182 1314 1252 1369 de
1282 1310 1686 1367 exercitatione
1720 1327 1734 1365 :
1767 1313 1824 1365 et
1853 1310 2008 1380 quod

303 1414 530 1479 oportet
586 1410 921 1477 exspectare
980 1409 1225 1459 mortem
1278 1406 1560 1465 tanquam
1613 1400 1791 1454 vitam
1847 1400 2005 1453 bonas

302 1494 722 1562 translationis,
775 1503 827 1546 et
879 1508 992 1546 non
1042 1490 1493 1544 imbecillitatem
1550 1487 1761 1542 intueri
1802 1503 2007 1558 corpo-

302 1602 460 1641 ream
486 1602 501 1652 ;
533 1590 589 1639 et
620 1600 725 1637 nec
746 1581 832 1637 vel
856 1578 1215 1651 quibuslibet
1237 1578 1419 1632 obviis
1439 1577 1680 1646 implere
1703 1581 1963 1631 ventrem
1992 1591 2007 1630 :

301 1674 443 1731 Nam
478 1674 603 1746 qui,
633 1672 848 1744 inquit,
884 1671 1058 1724 fuerit
1088 1671 1356 1733 satiatus,
1389 1668 1590 1721 eadem
1614 1672 1787 1735 caput
1817 1666 2006 1720 consi-

301 1764 383 1820 lia
414 1782 541 1837 quae
576 1764 611 1817 ii
651 1764 749 1834 qui
782 1762 983 1816 vivunt
1015 1759 1071 1814 in
1105 1758 1330 1813 deliciis
1363 1775 1377 1823 ;
1413 1759 1507 1812 sed
1544 1764 1762 1812 tentare
1783 1761 2009 1825 Oportet

303 1871 407 1927 per
437 1852 903 1908 exercitationem
937 1855 1108 1903 etiam
1134 1847 1555 1917 appetitionum
1592 1862 1794 1916 parare
1823 1846 2010 1916 impa-

2119 682 2261 739 Cum
2293 695 2483 737 autem
2519 683 2613 737 ille
2667 680 2913 735 internis
2964 688 3292 735 versaretur
3349 684 3844 756 cogitationibus,

2119 773 2329 829 deinde
2358 780 2421 825 ut
2453 773 2550 843 qui
2571 774 2693 839 jam
2721 788 2839 824 rem
2875 771 3111 825 haberet
3135 773 3189 824 in
3217 772 3514 835 manibus,
3550 782 3844 843 reputans

2118 863 2607 934 Opportunitatem
2650 867 2706 916 et
2752 861 3066 930 voluptatis
3106 864 3401 932 explenda:
3430 867 3838 932 securitatem,

2119 953 2456 1025 cogitationi
2490 954 2823 1019 assentitur,
2857 957 2913 1006 et
2964 957 3139 1007 tentat
3179 968 3315 1007 cum
3349 969 3415 1006 ea
3446 953 3657 1009 habere
3686 972 3841 1012 con-

2118 1044 2510 1110 suetudinem,
2545 1049 2609 1096 ut
2638 1042 2735 1113 qui
2764 1044 2883 1111 jam
2929 1042 3212 1097 evasisset
3242 1042 3529 1115 insipiens
3560 1054 3611 1099 et
3641 1061 3844 1116 equus

2119 1133 2176 1188 in
2202 1133 2452 1188 feminas
2494 1133 2811 1191 insaniens.
2859 1130 2963 1187 llla
3000 1148 3135 1187 vero
3182 1149 3316 1187 cum
3351 1141 3587 1204 repente
3619 1150 3845 1206 magna

2118 1239 2254 1278 voce
2283 1222 2687 1289 exclamasset,
2719 1221 3265 1277 evasitevanescens
3295 1240 3365 1278 ex
3396 1226 3521 1292 ejus
3553 1226 3841 1281 manibus

2120 1329 2234 1367 non
2269 1328 2437 1367 secus
2488 1327 2555 1366 ac
2606 1312 2813 1364 umbra
2862 1311 3082 1382 aliqua.
3136 1312 3311 1367 Risus
3361 1320 3552 1368 autem
3603 1314 3663 1369 in
3698 1330 3842 1371 aere

2118 1402 2353 1457 auditur
2376 1400 2692 1455 multorum
2716 1403 3045 1455 daemonum
3069 1402 3167 1472 qui
3198 1401 3391 1470 ipsum
3425 1402 3839 1474 increpabant,

2118 1498 2173 1545 et
2206 1492 2263 1545 in
2307 1492 2566 1545 fraudem
2602 1491 2972 1555 induxerant,
3024 1497 3081 1545 et
3127 1507 3337 1561 magna
3368 1507 3503 1545 voce
3534 1494 3599 1546 ad
3632 1494 3838 1561 ipsum

2118 1582 2496 1636 clamabant:
2530 1581 2635 1647 Qui
2670 1599 2731 1637 se
2757 1581 2990 1646 exaltat,
3030 1580 3439 1637 bumiliabitur
3475 1583 3667 1652 (Lucae
3693 1584 3839 1655 xu).

2122 1671 2206 1726 Tu
2240 1678 2431 1726 autem
2458 1688 2634 1741 usque
2665 1674 2734 1725 ad
2769 1670 2943 1727 caelos
2993 1672 3227 1744 quidem
3277 1688 3339 1727 es
3369 1674 3679 1737 exaltatus,
3720 1673 3838 1727 hu-

2118 1762 2379 1817 miliatus
2429 1779 2560 1816 vero
2607 1778 2669 1816 es
2720 1778 2907 1832 usque
2957 1763 3027 1816 ad
3079 1763 3338 1834 abyssos.
3390 1761 3606 1817 Exinde
3636 1761 3835 1833 surgit

2116 1870 2285 1909 mane
2318 1860 2667 1908 nocturnum
2726 1853 2951 1907 luctum
2998 1854 3295 1908 attrahens
3335 1872 3352 1921 ;
3385 1859 3441 1907 et
3471 1870 3605 1908 cum
3640 1858 3833 1908 totum

308 1943 665 2000 tibilitatem.
698 1939 814 1996 Nec
844 1944 1065 2009 quaerat
1085 1936 1297 2007 aliquis
1327 1953 1395 1991 ea
1425 1953 1551 2007 qua:
1591 1941 1730 1990 sunt
1779 1943 2000 2005 parata,
2041 1956 2086 2021 Β
2118 1944 2271 1998 diem
2334 1944 2720 2011 transegisset
2766 1943 2822 1996 in
2876 1943 3313 2004 lamentatione,
3366 1958 3471 1996 sua
3522 1943 3834 2014 desperata

301 2039 359 2089 et
389 2032 566 2087 animi
603 2030 1014 2086 relaxationem
1043 2045 1058 2095 ;
1092 2029 1189 2082 sed
1215 2044 1363 2080 nunc
1397 2028 1465 2079 sit
1500 2026 1825 2080 imbecillus
1858 2023 2004 2077 atﬂi-

298 2133 544 2193 ctusque
573 2127 631 2175 et
660 2135 1000 2190 oppressus,
1028 2123 1090 2170 ut
1111 2118 1270 2187 regni
1302 2114 1398 2169 Dei
1451 2113 1779 2168 latitudinis
1832 2113 2010 2184 possi-

296 2213 429 2267 deat
487 2211 899 2265 hereditatem.
958 2210 1190 2276 Uportet
1246 2205 1397 2259 enim
1459 2221 1563 2258 nos
1626 2220 1726 2274 per
1791 2206 2007 2255 multas

295 2300 643 2355 afﬂictiones
694 2301 910 2353 intrare
959 2296 1019 2351 in
1077 2312 1318 2365 regnum
1372 2294 1470 2348 Dei
1521 2293 1661 2363 (Act.
1712 2293 1847 2356 xtv).
1911 2291 2008 2345 Est

296 2391 477 2458 enim,
514 2389 723 2460 inquit,
756 2393 1005 2459 angusta
1048 2390 1232 2455 porta,
1281 2389 1336 2438 et
1385 2394 1541 2436 arcta
1572 2384 1661 2435 via
1691 2398 1820 2451 quae
1849 2380 2008 2434 ducit

295 2480 365 2535 ad
398 2481 596 2545 vitam,
628 2484 684 2532 et
712 2481 877 2549 pauci
911 2487 1045 2530 sunt
1077 2474 1177 2545 qui
1208 2490 1341 2528 eum
1376 2471 1691 2526 inveniant.
1729 2475 1791 2524 Et
1824 2486 1837 2523 :
1874 2474 2007 2523 Lata

296 2574 384 2623 est
418 2571 503 2620 via
535 2584 665 2637 quae
696 2569 853 2621 ducit
884 2567 951 2619 ad
991 2567 1402 2635 perditionem,
1449 2574 1503 2614 et
1536 2562 1701 2616 multi
1736 2567 1875 2613 sunt
1905 2560 2003 2629 qui

291 2656 706 2725 ingrediuntur
740 2671 839 2724 per
868 2669 997 2706 eam
1028 2654 1236 2723 (Matth.
1272 2668 1391 2719 vn).
1417 2652 1479 2705 Et
1506 2655 1752 2718 oportet,
1789 2648 2001 2717 inquit,

297 2760 405 2799 nos
441 2743 534 2796 hic
556 2748 949 2808 contemnere,
975 2757 1106 2793 cum
1133 2740 1303 2810 paulo
1338 2746 1468 2808 post
1500 2754 1701 2791 eamus
1732 2738 1802 2789 ad
1828 2738 2002 2789 vitam

297 2838 591 2888 aeternam.
652 2830 765 2885 Nec
814 2835 1039 2898 Oportet
1094 2828 1347 2897 aliquem
1398 2826 1586 2880 efferri
1632 2827 1704 2879 ob
1763 2842 1829 2879 ea
1877 2841 2003 2896 qua:

296 2928 446 2977 recte
476 2937 509 2975 a
539 2936 598 2975 se
628 2924 791 2991 gesta
830 2923 993 2983 sunt,
1048 2919 1144 2971 sed
1191 2932 1422 2987 semper
1451 2932 1575 2970 esse
1607 2913 1907 2981 humilem,
1949 2918 2005 2969 et

292 3009 583 3082 longiores
636 3009 901 3081 persequi
954 3005 1319 3073 solitudines,
1371 3008 1600 3076 quando
1656 3006 1904 3059 senserit
1942 3019 2002 3059 se

292 3098 501 3154 efferri.
555 3097 841 3153 Habitatio
892 3097 1049 3151 enim
1104 3094 1431 3167 pr0pinqua
1469 3092 1630 3157 vicis,
1679 3108 1778 3147 eos
1826 3091 2000 3146 etiam

293 3188 392 3259 qui
424 3196 590 3243 erant
626 3188 859 3258 perfecti
892 3203 1044 3258 saepe
1090 3186 1350 3241 offendit.
1392 3184 1553 3247 Quod
1596 3185 1770 3237 etiam
1809 3181 2003 3250 psallit

2122 2034 2332 2099 saluta,
2376 2034 2525 2102 quod
2566 2050 2677 2087 non
2726 2034 2947 2100 debuit,
2995 2034 3050 2087 in
3105 2033 3390 2087 mundum
3426 2048 3690 2088 reversus
3718 2039 3833 2088 est.

2119 2122 2236 2177 Hoc
2264 2130 2352 2178 est
2372 2124 2527 2177 enim
2554 2122 2793 2192 maligni
2828 2124 3114 2182 studium,
3142 2133 3198 2176 ut
3232 2123 3469 2192 quando
3491 2123 3830 2193 quempiam

2121 2212 2385 2279 irriserit,
2418 2228 2550 2265 eum
2587 2212 2809 2275 redigat
2840 2213 2908 2266 ad
2964 2212 3377 2281 insipientiam,
3411 2219 3474 2266 ut
3505 2229 3615 2266 non
3652 2213 3832 2284 possit

2119 2301 2393 2372 deinceps
2425 2319 2683 2373 surgere.
2716 2299 2898 2370 Unde,
2932 2318 2964 2355 o
2991 2302 3117 2364 lilii,
3152 2318 3265 2356 non
3298 2309 3386 2357 est
3417 2304 3580 2357 nobis
3611 2302 3832 2357 condu-

2118 2392 2310 2447 cibilis
2362 2393 2687 2463 prOpinqua
2733 2391 2873 2446 vicis
2915 2392 3221 2459 habitatio,
3276 2409 3463 2462 neque
3513 2392 3825 2447 mulierum

2117 2481 2443 2550 collocutio,
2481 2490 2541 2535 ut
2572 2498 2639 2536 ex
2687 2482 2901 2552 quibus
2949 2484 3171 2535 oriatur
3224 2483 3516 2551 memoria,
3550 2499 3677 2553 quae
3711 2499 3829 2536 non

2118 2578 2309 2641 potest
2361 2573 2563 2638 deleri,
2614 2589 2793 2641 quam
2849 2588 2916 2625 ex
2987 2564 3139 2626 visui
3193 2573 3541 2627 attrahimus
3592 2580 3649 2627 et
3705 2572 3830 2626 col-

2114 2661 2430 2716 locutione.
2476 2662 2578 2715 Sed
2616 2678 2804 2732 neque
2835 2661 3113 2715 debemus
3144 2662 3407 2716 animum
3442 2663 3825 2729 despondere,

2113 2760 2170 2807 et
2201 2769 2307 2806 nos
2341 2753 2496 2821 ipsos
2529 2751 2838 2805 detrudere
2877 2750 2948 2805 ad
2994 2749 3470 2823 desperationem.
3498 2750 3621 2805 Jam
3651 2751 3817 2806 enim

2115 2846 2155 2900 ii
2185 2860 2418 2915 quoque
2450 2843 2549 2914 qui
2586 2858 2697 2897 non
2733 2859 2891 2916 spem
2927 2843 3287 2913 abjecerunt,
3321 2860 3429 2898 non
3452 2845 3679 2897 fuerunt
3701 2840 3824 2912 pri-

2112 2938 2229 2989 vati
2273 2933 2370 2988 Dei
2405 2934 2802 2988 misericordis
2834 2933 3166 2988 clementia.

2746 3021 2985 3078 CAPUT
3026 3021 3193 3078 XLV.

2114 3115 2188 3169 De
2214 3115 2394 3182 fratre
2424 3116 2521 3186 qui
2549 3113 2742 3169 ductus
2771 3116 2879 3179 fuit
2920 3113 3267 3183 ptrm'tenn'a,
3317 3112 3562 3185 ejusdem
3602 3112 3824 3168 abbati:

2704 3186 2932 3241 Joannis
2962 3189 3235 3241 narratio.

293 3277 474 3332 David
507 3279 598 3331 cui
631 3280 744 3331 tale
761 3278 899 3347 quid
926 3276 1215 3331 acciderat
1242 3290 1255 3328 :
1282 3274 1424 3329 Ecce
1455 3273 1718 3343 elongavi
1750 3270 1997 3340 fugiens,
2031 3297 2073 3364 α
2187 3275 2319 3329 Erat
2348 3274 2528 3339 enim,
2560 3273 2770 3345 inquit,
2805 3275 2956 3327 alius
2983 3273 3319 3328 adolescens
3352 3271 3410 3326 in
3443 3272 3691 3335 civitate,
3720 3272 3817 3342 qui

292 3372 348 3420 et
388 3366 641 3421 habitavi
674 3368 732 3420 in
764 3366 1100 3420 solitudine.
1134 3364 1547 3432 Exspectabam
1580 3378 1712 3416 eum
1748 3363 1846 3431 qui
1881 3360 1999 3415 sal-

293 3470 423 3508 vum
456 3470 548 3507 me
579 3455 716 3509 facit
745 3470 779 3508 a
830 3454 1301 3523 pusillanimitate
1346 3456 1403 3505 et
1451 3458 1794 3519 tempestate
1826 3448 1999 3517 (Paul.

296 3545 427 3613 LIV).
482 3542 596 3596 Hoc
648 3549 843 3595 autem
899 3541 1111 3594 accidit
1154 3540 1352 3592 multis
1391 3555 1623 3609 quoque
1667 3556 1735 3593 ex
1784 3539 2001 3592 nostris

292 3632 595 3697 fratribus,
673 3633 730 3684 et
812 3634 1055 3699 prOpter
1111 3627 1505 3698 arrogantiam
1572 3628 1913 3682 exciderunt
1969 3642 2003 3681 ι

294 3738 494 3793 scopo.

910 3812 990 3866 CA
1002 3808 1140 3867 PUT
1188 3808 1377 3865 XLIV.

440 3900 705 3960 Narratio
731 3900 939 3956 abbatis
970 3902 1194 3957 Joannis
1225 3904 1292 3954 de
1319 3916 1379 3956 eo
1408 3900 1504 3971 qui
1533 3899 1721 3970 lapsus
1749 3906 1849 3955 est.

360 3993 495 4049 Erat
522 3994 700 4061 enim,
734 3992 945 4062 inquit,
996 3991 1236 4063 quidam
1286 3991 1607 4045 monachus
1647 3991 1741 4059 qui
1777 3990 1833 4043 in
1870 4004 1995 4058 pro-

289 4085 512 4157 pinqua
560 4084 877 4139 solitudine
938 4084 1181 4153 degebat
1220 4082 1277 4135 in
1323 4082 1618 4152 spelunca.
1671 4087 1726 4133 et
1765 4096 1996 4135 omnem

290 4176 623 4233 ostenderat
663 4172 1152 4238 exercitationem,
1185 4178 1240 4226 et
1286 4171 1532 4241 propriis
1586 4170 1859 4225 manibus
1894 4188 1998 4241 pa-

289 4284 422 4322 nem
457 4265 564 4321 sibi
600 4264 893 4335 quaerebat
941 4262 1129 4334 (Ra/7.,
1180 4262 1276 4315 lib.
1310 4278 1371 4327 ll,
1418 4277 1536 4331 cap.
1571 4260 1644 4325 1).
1684 4266 1995 4331 Postquam

290 4361 484 4409 autem
520 4355 846 4424 permansit
876 4353 932 4405 in
974 4351 1360 4417 orationibus,
1411 4358 1466 4403 et
1500 4350 1740 4417 profecit
1765 4350 1999 4404 Vlt‘lull-

287 4443 421 4510 bus,
454 4442 511 4495 in
545 4442 739 4510 aeipso
772 4440 1040 4509 deinceps
1086 4441 1287 4494 habuit
1333 4438 1622 4504 fiduciam,
1659 4440 1836 4492 fretus
1871 4438 1996 4508 pul-

287 4533 425 4587 citro
459 4546 581 4585 suae
610 4530 739 4583 vita
773 4529 1063 4583 instituto.
1104 4529 1209 4590 Qui
1244 4538 1433 4580 autem
1470 4532 1672 4593 tentat,
1707 4543 1836 4580 eum
1863 4544 1996 4596 quo-

2115 3365 2295 3419 multa
2336 3364 2488 3419 mala
2521 3367 2751 3430 fecerat,
2783 3372 2833 3417 et
2858 3364 3103 3433 graviter
3136 3370 3465 3431 peccaverat
3496 3364 3683 3433 (Ra/7.,
3717 3363 3812 3417 lib.

2109 3470 2168 3519 ιι,
2200 3471 2317 3523 cap.
2365 3456 2437 3522 1).
2498 3454 2603 3517 Qui
2659 3452 2758 3507 Dei
2819 3461 2983 3520 nutu,
3049 3459 3277 3524 pr0pter
3338 3454 3523 3506 multa
3584 3456 3815 3521 peccata

2109 3548 2518 3611 compunctus,
2551 3544 2788 3597 veniens
2819 3544 2886 3597 ad
2920 3543 3207 3611 sepulcra,
3251 3541 3495 3611 priorem
3530 3556 3696 3595 suam
3735 3541 3813 3594 vi-

2110 3638 2224 3685 tam
2260 3631 2495 3686 deﬂevit
2528 3649 2541 3699 ;
2577 3650 2790 3700 pronus
2839 3633 3057 3687 cadens
3106 3631 3162 3685 in
3218 3632 3451 3692 faciem,
3481 3637 3539 3685 et
3569 3647 3681 3684 non
3715 3646 3813 3685 au-

2107 3721 2251 3775 dens
2298 3737 2494 3775 voccm
2555 3723 2838 3783 emittere,
2882 3737 2985 3776 nec
3035 3725 3211 3775 Deum
3261 3720 3580 3783 nominare,
3630 3735 3811 3788 neque

2108 3811 2454 3882 supplicate,
2487 3811 2619 3882 ipsa
2646 3828 2876 3882 quoque
2916 3812 3031 3865 vita
3062 3812 3316 3879 seipsum
3353 3810 3655 3880 indignum
3684 3808 3809 3864 eni-

2108 3902 2380 3956 stimans.
2418 3900 2637 3956 Etcum
2662 3907 2795 3955 ante
2823 3908 3063 3955 mortem
3090 3917 3150 3955 se
3172 3898 3506 3953 inclusisset
3529 3902 3586 3952 in
3619 3894 3809 3968 sepul-

2107 3989 2221 4046 cris
2254 3999 2640 4060 mortuorum,
2672 3999 2728 4046 et
2758 4009 2924 4046 suam
2964 3991 3139 4045 vitam
3174 3989 3415 4056 diceret,
3447 3992 3717 4059 gemebat
3744 4005 3814 4045 ex

2107 4082 2389 4152 profundo
2421 4083 2633 4137 cordis.
2668 4082 2810 4137 Cum
2829 4084 2949 4153 jam
2976 4092 3170 4137 autem
3204 4084 3272 4136 ad
3299 4098 3364 4135 eo
3388 4088 3646 4151 tempore
3665 4098 3816 4151 prae-

2105 4172 2353 4225 teriisset
2405 4173 2790 4239 hebdomada,
2842 4178 3009 4227 noctu
3049 4172 3099 4226 ei
3158 4173 3446 4226 assistunt
3494 4171 3811 4237 demones,

2108 4263 2205 4335 qui
2239 4263 2365 4332 ejus
2390 4262 2514 4315 vita:
2548 4263 2707 4332 prius
2739 4263 3018 4317 damnum
3056 4263 3393 4329 attulerant,
3417 4260 3738 4316 clamantes
3760 4266 3819 4315 et

2106 4355 2362 4408 dicentes
2397 4369 2410 4406 :
2448 4351 2555 4407 Ulii
2587 4360 2675 4407 est
2707 4354 2800 4408 ille
2832 4355 3113 4409 scelestus
3144 4360 3197 4408 et
3232 4356 3527 4422 profanus,
3562 4352 3660 4422 qui
3683 4353 3815 4406 libi-

2106 4443 2346 4496 dinibus
2388 4448 2444 4496 et
2474 4442 2727 4497 lasciviis
2757 4444 3092 4509 exsatiatus,
3125 4459 3283 4498 nunc
3326 4444 3491 4497 nobis
3523 4444 3810 4510 intempe-

2106 4537 2308 4593 stivus,
2345 4542 2671 4599 temperans
2709 4536 2765 4584 et
2818 4531 3090 4585 honestus
3143 4538 3374 4601 repente
3412 4528 3713 4596 apparuit;
3746 4530 3807 4579 et

288 4638 423 4693 que,
458 4622 611 4674 sicut
639 4618 770 4687 Job,
801 4618 1045 4688 expetiit
1074 4618 1142 4672 ad
1194 4618 1563 4682 tentandum,
1597 4622 1653 4670 et
1684 4615 1734 4669 ei
1768 4632 1995 4687 vespere
2031 4629 2073 4692 [)
2108 4619 2341 4691 quando
2372 4636 2484 4674 non
2520 4626 2708 4690 potest
2732 4621 3009 4689 amplius,
3046 4626 3183 4674 tunc
3224 4625 3342 4674 vult
3368 4632 3485 4670 esse
3522 4614 3799 4668 Christia-

291 4714 507 4779 praabet
567 4706 918 4781 plantasiam
968 4708 1230 4762 formosa
1283 4705 1545 4760 mulieris
1592 4705 1844 4759 errantis
1899 4721 1997 4776 per

288 4799 685 4855 solitudinem.
729 4799 864 4864 Quae
913 4813 1047 4852 cum
1099 4797 1305 4852 ostium
1360 4796 1672 4850 invenisset
1712 4800 1999 4862 apertum,

285 4888 551 4956 ingressa
579 4894 669 4942 est
709 4888 1049 4959 speluncam
1093 4904 1108 4957 ;
1137 4893 1193 4941 et
1234 4886 1620 4957 procumbens
1651 4885 1719 4939 ad
1751 4885 1860 4939 viri
1894 4900 2000 4955 ge—

283 4993 422 5043 nua,
459 4976 619 5046 petiit
651 4983 715 5030 ut
744 4977 854 5032 sibi
886 4977 1004 5032 illic
1036 4976 1235 5032 liceret
1261 4977 1579 5047 quiescere,
1611 4981 1809 5045 utpote
1839 4975 1994 5045 quod

282 5083 396 5123 nox
426 5081 555 5120 eam
597 5065 1103 5136 apprehendisset.
1152 5067 1249 5122 llle
1297 5071 1488 5121 autem
1516 5082 1647 5119 cum
1682 5067 1811 5133 ejus
1843 5070 1997 5120 esset

282 5156 576 5225 miserius,
610 5158 762 5226 quod
807 5157 1045 5229 quidem
1098 5175 1213 5212 non
1255 5158 1477 5224 debuit,
1510 5173 1636 5212 eam
1668 5157 1903 5211 admisit
1932 5160 1991 5212 in

281 5249 645 5322 speluncam,
679 5254 737 5302 et
775 5248 843 5303 de
885 5264 1077 5303 errore
1125 5249 1279 5302 illam
1327 5255 1417 5302 est
1460 5253 1853 5318 percontatus.
1887 5247 1991 5302 Illa

278 5356 410 5396 vero
440 5350 495 5395 et
527 5340 804 5407 narravit,
836 5346 888 5392 et
921 5336 1136 5391 blanda
1158 5353 1223 5392 ac
1247 5338 1467 5392 lallacia
1488 5343 1659 5393 verba
1688 5339 1986 5408 inspersit,

277 5437 335 5486 et
372 5447 699 5486 sermonem
732 5430 826 5483 diu
863 5444 994 5483 cum
1027 5444 1093 5481 eo
1128 5430 1425 5497 protraxit.
1459 5428 1601 5483 Eum
1635 5436 1822 5483 autem
1854 5446 1985 5484 sen-

278 5520 385 5574 sim
412 5522 607 5575 nescio
630 5518 925 5591 quomodo
951 5518 1274 5588 pelliciebat
1292 5519 1358 5570 ad
1384 5536 1637 5573 amorem
1668 5543 1680 5585 ;
1707 5521 1987 5590 pluraque

275 5609 552 5679 deinceps
584 5611 754 5665 verba
786 5613 935 5665 inter
965 5626 1027 5664 se
1056 5614 1391 5674 conserunt,
1424 5613 1725 5679 ridentque
1756 5625 1820 5661 ac
1852 5611 1988 5664 sub.

277 5700 496 5762 rident,
546 5714 801 5768 eumque
860 5701 988 5770 ipsa
1047 5697 1230 5754 multo
1292 5713 1557 5752 sermone
1612 5698 1867 5765 seduxit,
1934 5705 1991 5755 et

278 5787 487 5844 deinde
512 5788 968 5844 contrectatione
1016 5806 1226 5845 manus
1272 5793 1332 5843 et
1376 5789 1566 5842 barbae
1616 5792 1672 5842 et
1702 5787 1989 5859 cervicis;

2110 4727 2240 4777 nus,
2271 4719 2325 4763 el
2360 4708 2555 4779 probis
2604 4711 3061 4781 compositisque
3107 4711 3365 4764 moribus
3388 4706 3415 4760 Ἰ
3445 4703 3799 4777 Ecquidnam

2110 4800 2215 4853 tibi
2250 4800 2384 4855 boni
2408 4800 2662 4871 amplius
2696 4800 2951 4855 futurum
2978 4808 3301 4871 exspectas,
3323 4815 3454 4854 cum
3487 4802 3562 4852 sis
3592 4794 3809 4851 nostris

2110 4888 2281 4943 malis
2312 4888 2588 4958 impletus
2610 4890 2636 4944 ?
2657 4888 2779 4944 Non
2814 4891 2950 4945 hinc
2972 4891 3085 4945 cito
3106 4905 3387 4960 exsurges
3412 4887 3440 4943 ?
3471 4886 3593 4942 Non
3622 4884 3812 4940 venies

2105 4982 2171 5032 ad
2205 4994 2272 5031 ea
2303 4995 2429 5047 quae
2453 4987 2592 5032 sunt
2616 4980 2913 5033 nobiscum
2939 4987 3211 5034 consueta
3233 4978 3261 5033 ‘2
3291 4987 3343 5031 te
3368 4982 3609 5031 manent
3629 4980 3819 5029 scorta

2105 5072 2161 5121 et
2190 5083 2504 5136 caupones.
2530 5067 2652 5122 Non
2685 5069 2901 5134 venies,
2932 5074 2990 5122 et
3023 5069 3232 5122 frueris
3254 5068 3659 5137 cupidinibus,
3683 5078 3821 5119 cum

2104 5157 2179 5211 sit
2208 5160 2422 5211 cuncta
2444 5156 2553 5211 alia
2576 5157 2678 5210 tibi
2703 5173 2835 5226 spes
2858 5156 3144 5212 exstincta
3165 5156 3192 5212 ‘I
3216 5155 3391 5211 Velox
3412 5156 3481 5209 ad
3509 5166 3563 5208 te
3580 5154 3822 5209 omnino

2100 5245 2289 5300 veniet
2320 5246 2631 5315 judicium,
2665 5248 2764 5318 qui
2796 5247 2881 5300 sic
2914 5247 3165 5318 teipsum
3192 5246 3454 5315 perimis.
3492 5250 3557 5297 Et
3588 5260 3692 5299 cur
3716 5242 3828 5296 mi-

2099 5352 2193 5391 ser
2224 5340 2464 5391 lesttnas
2486 5338 2556 5392 ad
2578 5338 2936 5408 supplicium
2967 5336 2994 5390 ‘1
3026 5354 3127 5391 cur
3150 5343 3345 5391 autem
3379 5334 3821 5389 contendistibi

2100 5442 2295 5496 pmnas
2327 5426 2500 5479 citius
2534 5427 2789 5497 infligere
2812 5427 2840 5481 ?
2894 5428 3187 5497 Multaque
3218 5425 3328 5479 alia
3360 5426 3623 5480 dicentes
3659 5439 3672 5476 :
3706 5421 3823 5478 No-

2099 5522 2217 5570 ster
2248 5532 2331 5581 es,
2369 5516 2423 5569 in
2473 5526 2743 5570 nostrum
2783 5517 3045 5571 ordinem
3097 5531 3159 5569 es
3212 5517 3453 5582 relatus,
3504 5513 3820 5568 exercuisti

2101 5622 2334 5659 omnem
2366 5604 2755 5676 iniquitatem.
2791 5606 2874 5660 Tu
2900 5623 2962 5660 es
2996 5605 3162 5660 nobis
3205 5604 3485 5657 omnibus
3507 5605 3821 5669 obnoxius,

2099 5702 2159 5749 et
2187 5695 2364 5748 audes
2392 5698 2584 5764 lugere
2606 5697 2631 5748 'I
2662 5712 2774 5750 uon
2809 5696 3146 5750 assentierts
3168 5694 3195 5748 Ἰ
3236 5711 3347 5747 non
3385 5692 3772 5761 respondebis
3794 5688 3825 5745 ‘l

2103 5800 2215 5841 non
2248 5784 2423 5840 simul
2445 5786 2758 5857 egredieris
2778 5783 2806 5841 τ
2838 5786 3149 5858 Postquam
3180 5789 3378 5839 autem
3408 5782 3506 5837 ille
3537 5788 3825 5837 constans
