4074 6278
278 386 456 448 ⁷1121

1588 396 1961 459 HISTORIA
2005 398 2413 464 LAUSIACA.

3548 414 3726 487 {1'82"

306 520 355 572 οἱ
384 521 525 592 ἅγιοι
561 538 573 551 ·
626 519 717 573 καὶ
769 517 1026 593 δυνάμεις
1082 521 1343 598 ἐπιτελεῖ,
1388 526 1474 581 καὶ
1528 528 1687 606 φίλος
1744 529 1947 606 γίνεται
1978 534 2032 602 Α
2063 530 2243 589 ἄδειαν
2302 540 2399 591 τοῦ
2448 535 2709 610 ἐκτελεῖν,
2747 544 2848 613 τὴν
2896 544 3102 619 ἡδονὴν
3168 550 3546 629 λογιζόμενος,
3587 580 3705 614 συν-

308 608 819 629 ηννιη-,ρ
1121 614 1306 629 ς-.-
2195 624 2233 629 .-
2395 625 2408 629 _

306 611 460 678 Θεοῦ,
492 609 581 663 καὶ
621 613 724 665 πᾶν
759 608 968 685 αἶ’τημα
998 614 1144 687 παρά
1175 618 1309 670 Θεοῦ
1339 617 1644 691 κομίζεται.

378 786 505 842 Εἶπέ
545 810 600 843 τε
651 788 793 844 ἄλλα
833 790 1019 845 πολλά
1070 794 1160 847 καὶ
1208 795 1330 869 περὶ
1389 796 1689 868 ἀσκήσεως,
1720 801 1810 855 καὶ
1867 801 1947 855 δτι

305 874 385 930 δεῖ
415 877 504 933 τὸν
539 878 765 933 θάνατον
796 878 980 955 ὥσπερ
1010 880 1216 956 ἀγαθῇς
1269 890 1415 954 ζωῆς
1471 888 1747 959 μετάθεσιν
1796 909 1949 964 περι-

312 964 506 1039 μένειν,
540 968 629 1021 καὶ
683 970 758 1041 μὴ
817 975 1056 1044 προορᾷν
1126 972 1391 1028 ἀσθένειαν
1458 979 1800 1049 σωματικὴν,
1858 978 1949 1032 καὶ

309 1056 385 1126 μή
421 1056 699 1129 ἐμπιπλᾷν
749 1056 844 1113 κᾶν
894 1064 1002 1115 τῶν
1044 1063 1323 1137 τυχόντων
1374 1068 1501 1141 γοῦν
1548 1067 1648 1135 τήν
1696 1066 1945 1142 γαστέρα.

308 1145 677 1219 Κορεσάμενος
727 1148 830 1222 γάρ
886 1170 989 1221 τις,
1023 1152 1210 1229 φησὶν,
1242 1152 1309 1208 τὰ
1347 1153 1479 1209 αὐτά
1530 1160 1646 1215 τοῖς
1702 1157 1946 1233 τρυφῶσι

303 1236 505 1311 πάσχει
564 1235 932 1311 βουλεύματα,
986 1240 1132 1296 ἀλλά
1176 1246 1458 1316 πειρᾶσθαι
1508 1242 1591 1299 δεῖ
1634 1245 1937 1316 ἀσκήσεως,

302 1326 393 1381 καὶ
423 1328 521 1395 τὴν
572 1332 680 1382 τῶν
741 1328 964 1403 ὀρέξεων
1002 1331 1260 1388 ἀπάθειαν
1315 1336 1633 1405 κτήσασθαι.
1687 1336 1787 1391 Καὶ
1826 1358 1937 1410 μη-

306 1412 416 1478 δεὶς
448 1417 515 1470 τά
543 1414 740 1491 ἕτοιμα
779 1421 868 1473 καὶ
900 1422 998 1489 τήν
1050 1420 1221 1477 ἄνεσιν
1262 1422 1598 1497 ἐπιζητήτω,
1631 1423 1779 1480 ἀλλά
1826 1445 1944 1480 στε-

304 1504 518 1560 νούσθω
563 1511 653 1560 νῦν
691 1508 780 1562 καὶ
830 1505 1123 1580 θλίϐέσθω,
1168 1511 1259 1566 τίνα
1312 1515 1413 1582 τήν
1456 1515 1798 1592 εὐρυχωρίαν
1848 1521 1947 1584 τῆς

299 1599 397 1648 τοῦ
456 1600 594 1649 Θεοῦ
647 1596 924 1671 βασιλείας
991 1599 1409 1676 κληρονομήσῃ.
1465 1609 1556 1657 Δεῖ
1610 1605 1713 1679 γὰρ
1773 1607 1941 1676 ἡμᾶς,

302 1684 458 1760 φησὶ,
510 1682 599 1738 διά
664 1685 892 1741 πολλῶν
945 1688 1181 1763 θλίψεων
1234 1690 1308 1752 εἷ¹ς
1358 1694 1455 1760 την
1497 1693 1776 1766 βασιλείαν
1830 1693 1947 1747 εἰσ·-

300 1772 494 1831 ελθεῖν.
534 1775 593 1827 Τί
630 1798 645 1843 ;
678 1779 831 1845 στενή
864 1778 985 1853 γάρ,
1021 1781 1206 1856 φησὶν,
1239 1783 1272 1849 ἡ
1305 1780 1452 1851 πύλη
1486 1782 1576 1836 καὶ
1602 1784 1939 1855 τεθλιμμένη

2060 624 2333 679 εκατέθετο
2394 625 2587 682 λοιπὸν
2642 633 2713 704 τῇ
2773 629 3005 708 διανοίᾳ,
3077 641 3181 695 κωῖ
3233 642 3503 700 συνελθεῖν
3565 648 3704 722 αὐτῇ

2058 711 2546 811 ἐπειρᾶτο,-ἄφρων
2740 721 2829 777 καὶ
2879 724 3203 800 θηλυμανής
3251 732 3343 788 καὶ
3393 733 3559 796 ίππος
3615 711 3708 811 γεζ

2058 802 2305 902 νόμενος.
2350 808 2411 859 ’Π
2465 803 2520 860 δὲ
2576 807 2828 902 ἐξαίφνης
2880 813 3020 889 μέγα
3064 817 3431 894 ἀναϐοήσασα,
3472 802 3705 902 ἄφαντος

2059 888 2118 943 ἐκ
2159 894 2266 945 τῶν
2315 898 2520 971 χειρῶν
2550 896 2716 952 αὐτοῦ
2748 897 2980 976 γέγονεν,
3013 903 3195 981 ὥσπερ
3256 909 3379 965 σκιά
3430 888 3530 975 τις.
3573 914 3706 969 ἀποι

2059 974 2362 1068 δραμοῦσα.
2395 983 2607 1054 ίΓέλως
2654 984 2710 1041 δὲ
2766 974 2914 1062 αύτῷ
2978 991 3096 1068 ἀέρι
3158 974 3389 1054 πολλῶν
3452 974 3706 1059 ἀκούεται

2058 1064 2335 1166 δαιμόνων
2401 1070 2750 1166 ἐλεγχόντων
2806 1077 2988 1151 αὐτὸν,
3043 1064 3137 1138 καὶ
3194 1089 3263 1160 τῇ
3330 1086 3506 1164 ἀπάτῃ
3562 1111 3705 1166 παρ-

2056 1156 2294 1251 αγόντων
2328 1160 2417 1214 καὶ
2450 1163 2666 1239 μεγάλῃ
2703 1167 2855 1242 φωνῇ
2885 1171 3023 1245 πρὸς
3056 1171 3215 1229 αὐτὸν
3239 1156 3508 1251 ’βοώντων
3534 1199 3548 1213 ·
3595 1156 3708 1245 Πάς

2058 1247 2086 1300 6
2135 1249 2287 1341 ὑψῶν
2341 1251 2528 1309 ἑαυτὸν
2566 1258 3052 1330 ταπεινωθήσεται.
3094 1263 3171 1318 Σὺ
3222 1247 3279 1320 δέ
3328 1266 3551 1341 ὑψώθης
3598 1268 3704 1332 ἕως

2054 1340 2161 1391 τῶν
2232 1339 2498 1413 οὐρανῶν,
2558 1342 2925 1419 ἐταπεινώθης
2992 1351 3050 1405 δὲ
3104 1347 3210 1415 ἕως
3268 1339 3383 1410 τῶν.
3431 1352 3702 1417 ἀϐύσσων.

2056 1426 2329 1483 Ἐντεῦθεν
2387 1430 2663 1489 ἀνίσταται
2711 1436 2774 1491 τὸ
2824 1436 2972 1511 πρωΐ
3029 1440 3093 1495 τὸ
3142 1445 3451 1517 νυκτερινὸν
3508 1446 3706 1511 πένθος

2055 1514 2474 1593 ἐπισυρόμενος,
2505 1525 2595 1577 καὶ
2628 1521 2967 1601 διηειρεύσας
3016 1527 3071 1584 ἐν
3109 1535 3233 1595 τοῖς
3283 1514 3534 1608 θρήνοις,
3565 1537 3704 1592 ἀποο

2052 1607 2212 1682 γνοὺς
2246 1608 2438 1700 ἑαυτοῦ
2465 1619 2566 1682 τῆς
2600 1616 2897 1692 σωτηρίας,
2928 1617 3060 1694 ὅπερ
3094 1620 3195 1675 οὐκ
3233 1621 3578 1700 ὥφειλεν,εί’ς
3607 1628 3700 1683 τὸν

2053 1697 2258 1768 κόσμον
2291 1698 2455 1754 πάλιν
2490 1702 2840 1778 ὑπέστρεψεν.
2871 1712 3039 1762 Τοῦτο
3066 1712 3167 1784 γάρ
3201 1697 3314 1766 ἔστι
3343 1716 3440 1768 τοῦ
3455 1721 3703 1789 πονηροῦ

2052 1787 2113 1838 τὸ
2146 1785 2501 1861 ἐπιτήδευμα,
2547 1793 2671 1846 ὅταν
2705 1795 2824 1849 τινὰ
2854 1797 3259 1874 καταπαλαίσῃ,
3283 1800 3359 1863 εἷς
3392 1785 3699 1881 ἀφροσύνην

3209 1864 3254 1874 -"
3438 1864 3476 1881 ll
3653 1864 3664 1877 υ

297 1868 330 1933 ἡ
365 1864 492 1928 ὁδὸς
526 1870 557 1935 ἧ
593 1867 873 1942 ἀπάγουσα
904 1870 979 1932 εἷς
1029 1874 1126 1941 τήν
1164 1875 1307 1943 ζωήν
1344 1893 1356 1906 ·
1398 1875 1487 1928 καὶ
1521 1874 1704 1951 ὀλίγοι
1736 1876 1865 1931 εἰσὶν
1892 1879 1943 1931 οἱ
1975 1912 2022 1978 Β
2053 1874 2212 1930 αὐτὸν
2244 1878 2580 1951 καθίστησιν,
2614 1880 2703 1936 ’ἱνα
2733 1888 2831 1938 τοῦ
2863 1883 3061 1941 λοιποῦ
3096 1888 3297 1961 μηκύτι
3330 1888 3554 1962 δύνηται
3583 1895 3702 1949 ἀνα-

303 1954 504 1978 ,.ε-Ιωη
557 1977 563 1978 ,
717 1956 729 1976 9
795 1960 808 1978 ρ
911 1960 969 1978 ml
1112 1960 1131 1978 κ
1242 1967 1265 1977 ς.
1348 1965 1361 1978 ο
1478 1963 1519 1978 η
1718 1966 1730 1978 ι
1819 1967 1831 1978 ς
1892 1965 1905 1978 1
2127 1972 2152 1978 ..
2297 1970 2388 1978 ..-λ
2518 1968 2547 1978 Δ..
2632 1969 2641 1978 .
2843 1973 2856 1978 -
3007 1970 3122 1978 Α.--

299 1954 635 2029 εὑρίσκοντες
673 1956 859 2028 αὐτήν.
911 1960 1017 2029 Τί;
1068 1960 1297 2017 πλατεῖα
1338 1965 1371 2032 ἡ
1422 1963 1594 2036 πύλη,
1644 1966 1735 2019 καὶ
1781 1965 1941 2042 εὐρύ-

302 2063 485 2118 χωρος
517 2048 550 2114 ἡ
604 2043 729 2110 ὁδὸς
772 2050 807 2116 ἡ
866 2048 1150 2124 ἀπάγουσα
1181 2051 1256 2113 είς
1313 2054 1411 2121 την
1469 2054 1741 2109 ἀπώλειαν
1779 2075 1791 2089 ·
1850 2056 1939 2110 καὶ

295 2132 502 2189 πολλοί
530 2134 661 2189 εἰσιν
706 2136 757 2189 οἱ
789 2138 1149 2212 πορευόμενοι
1186 2138 1257 2194 δι’
1305 2140 1490 2211 αὐτῆς,
1540 2145 1639 2198 Καὶ
1684 2143 1784 2213 τίς
1836 2142 1939 2215 δεῖ,

298 2223 482 2297 φησὶν,
517 2224 804 2300 ὀλιγωρεῖν
838 2227 1061 2283 ἐνταῦθα
1103 2228 1294 2306 ὀλίγον
1341 2228 1560 2307 ὕστερον
1594 2231 1668 2294 είς
1718 2233 1941 2289 αἰωνίαν

299 2312 593 2366 ἀνάπαυσιν
628 2313 903 2379 ἀπιόντας.
948 2319 1046 2371 Καὶ
1098 2320 1179 2373 ὅτι
1240 2318 1300 2373 ού
1342 2318 1424 2374 δεῖ
1471 2319 1783 2394 ἐπαίρεσθαί
1822 2342 1942 2377 τινα

299 2399 385 2455 ἐπὶ
436 2406 553 2463 τοῖς
622 2402 786 2457 αὐτοῦ
837 2407 1274 2479 κατορθώμασιν,
1333 2407 1479 2463 ἀλλά
1557 2414 1938 2466 ταπεινοῦσθαι

295 2491 548 2563 πάντοτε,
584 2493 675 2547 καὶ
706 2496 801 2557 τάς
849 2498 1213 2572 μακροτέρους
1258 2498 1497 2573 ἐρήμους
1562 2500 1939 2574 μεταδιώκειν,

294 2582 455 2650 ἡνίκα
504 2605 586 2646 τις
622 2583 941 2655 αἰσθάνηται
992 2587 1178 2642 ἑαυτὸν
1229 2589 1678 2664 ὑπεραιρόμενον.
1730 2592 1795 2647 Ἦ
1836 2594 1939 2667 γὰρ

293 2670 531 2742 πλησίον
564 2678 669 2729 τῶν
704 2679 903 2751 χωρῶν
939 2673 1185 2752 διαγωγή
1220 2676 1491 2741 πολλάκις
1533 2679 1621 2734 καὶ
1673 2678 1801 2743 τοὺς
1849 2702 1942 2737 τε-

295 2761 475 2826 λείους
497 2759 723 2837 ἔὸλὰψε.
776 2766 973 2840 Διόπερ
1005 2771 1099 2820 καῖ
1147 2768 1174 2820 6
1218 2762 1384 2822 Δαϐίδ
1433 2767 1633 2842 ψάλλει
1691 2770 1938 2827 τοιοῦτόν

292 2873 345 2906 τι
377 2854 661 2917 πεπονθώς
692 2872 705 2887 ⁶
750 2851 888 2911 Ἰδοὺ
938 2853 1213 2932 ἐμάκρυνα
1262 2856 1601 2935 φυγαδεύων,
1656 2860 1743 2914 καὶ
1786 2859 1941 2931 ηὐλί-

296 2942 428 3009 σθην
462 2939 514 2993 ἐν
558 2941 628 3013 τῇ
675 2942 886 3016 ἐρήμῳ.
944 2943 1367 3021 Προσεδεχόμην
1395 2948 1485 3002 τὸν
1530 2949 1658 3004 Θεὸν
1709 2950 1800 3003 τὸν
1835 2951 1940 3004 σώ-

294 3028 454 3097 ζοντά
509 3050 576 3101 με
622 3029 727 3083 ἀπὸ
777 3030 1139 3107 ὀλιγοψυχίας
1194 3036 1285 3087 καὶ
1333 3034 1662 3110 καταιγίδος.
1726 3036 1935 3093 Πολλοῖ

293 3114 349 3172 δὲ
378 3117 467 3173 καὶ
497 3122 605 3172 τῶν
641 3117 921 3191 ἡμετέρων
964 3116 1212 3193 ἀδελφῶν
1245 3122 1539 3177 πεπόνθασι
1571 3129 1810 3194 τοιοῦτο,
1845 3126 1931 3180 καὶ

292 3204 361 3261 δι’
391 3206 705 3277 ἀλαζονείαν
738 3211 835 3263 τοῦ
869 3212 1073 3263 σκοποῦ
1104 3206 1534 3267 ἐκπεπτώκασιν.

898 3376 1155 3429 ΚΕΦΔΛ.
1197 3374 1330 3429 ΜΔ¹.

742 3498 872 3571 Περὶ
904 3499 1155 3554 Ἰωάννου
1184 3503 1281 3553 τοῦ
1310 3493 1473 3555 ἀϐϐἀ.

359 3661 453 3712 Ἦν
488 3658 592 3734 γάρ
621 3678 701 3720 τις
746 3662 853 3712 τῶν
908 3661 1183 3734 μοναχῶν,
1229 3660 1413 3737 φησὶν,
1465 3660 1515 3715 ἐν
1562 3665 1629 3735 τῇ
1688 3659 1928 3733 πλησίον

288 3748 503 3822 ἐρήμῳ,
537 3748 587 3803 ἐν
631 3752 710 3821 τῷ
759 3748 1020 3823 σπηλαίῳ
1075 3749 1302 3828 διάγων,
1334 3756 1506 3805 πᾶσαν
1566 3750 1792 3824 ἄσκησιν
1854 3752 1930 3809 έν-

288 3835 618 3909 δειξάμενος,
677 3838 767 3891 καὶ
817 3839 1006 3912 χερσὶν
1076 3840 1301 3901 οἰκείαις
1358 3842 1449 3895 τὸν
1510 3842 1699 3895 ἑαυτοῦ
1764 3838 1923 3915 ἄρτον

286 3926 668 3997 ποριζόμενος.
729 3930 817 3987 Ὠς
878 3926 933 3980 δὲ
991 3937 1294 4001 προσέμενε
1359 3933 1477 3989 ταῖς
1552 3928 1787 3999 δεήσεσι,
1836 3933 1925 3985 καὶ

285 4017 627 4086 προσέκοπτε
655 4020 774 4074 ταῖς
801 4016 1034 4087 ἀρεταῖς,
1069 4016 1148 4091 ἐφ’
1179 4018 1353 4088 ἐαυτῷ
1384 4016 1570 4071 λοιάὸν
1622 4018 1923 4090 έπεποιήθη

286 4104 496 4177 θαρσῶν
522 4100 609 4157 ἐπί
640 4106 708 4175 τῇ
742 4102 887 4175 καλῇ
918 4101 1187 4174 πολιτείᾳ.
1225 4105 1280 4157 Ὀ
1322 4101 1377 4158 δὲ
1424 4106 1694 4178 πειράζων
1741 4106 1922 4175 αὐτὸν,

283 4191 357 4254 ὡς
412 4192 501 4247 τὸν
568 4187 692 4247 Ἰὼϐ
750 4190 1066 4265 ἐξῃτήσατο.
1128 4192 1225 4246 Καὶ
1294 4190 1359 4262 δὴ
1433 4194 1726 4271 φαντασίαν
1778 4196 1923 4269 αὐτῷ

279 4282 521 4357 παρέσχε
568 4283 703 4357 πρὸς
766 4282 989 4355 ἑσπέραν
1058 4283 1311 4355 γυναικὸς
1360 4284 1639 4363 εὐμόρφου
1696 4284 1920 4341 πλανω-

283 4372 445 4445 μένης
501 4372 638 4426 κατά
694 4373 793 4441 τήν
854 4365 1084 4445 ἔρημον,
1145 4372 1266 4440 ἤτις
1323 4372 1553 4446 εὑροῦσα
1607 4376 1704 4442 τήν
1756 4376 1917 4448 θύραν

276 4460 624 4535 ἀνεῳγμένην
680 4458 1036 4532 εἰσεπήδησεν
1068 4460 1143 4523 εἷς
1187 4462 1248 4515 τὸ
1299 4460 1589 4531 σπήλαιον,
1620 4465 1710 4518 καὶ
1757 4486 1923 4539 προσ-

274 4555 514 4605 πεσοῦσα
545 4558 664 4613 τοῖς
698 4550 884 4627 γόνασι
917 4554 1011 4605 τοῦ
1050 4548 1243 4626 ἀνδρὸς
1282 4546 1400 4625 ᾔτει
1435 4552 1559 4626 παρ’
1606 4553 1775 4607 αὐτοῦ
1820 4555 1920 4624 τήν

2518 1968 2547 1990 ,ν

2055 1972 2263 2034 στῆναι,
2297 1970 2472 2041 Ὅθεν,
2508 1969 2553 2024 ὦ
2590 1969 2765 2043 τέκνα,
2801 1973 2863 2027 ού
2886 1970 3261 2049 συμϐάλλεται
3292 1981 3427 2053 ἡμῖν
3462 1983 3497 2049 ἠ
3545 1983 3698 2053 πλη-

2053 2053 2165 2108 σίον
2197 2059 2306 2110 τῶν
2342 2062 2544 2133 χωρῶν
2575 2058 2813 2133 οἴκησις,
2846 2061 2969 2118 οὐδὲ
3000 2070 3107 2121 τῶν
3139 2072 3406 2141 γυναικῶν
3436 2071 3697 2145 συντυχία

2052 2141 2433 2233 ἀνεξάλειπτον
2482 2148 2728 2223 ὁχλοῦσα
2771 2155 3020 2226 μνήμην,
3052 2153 3089 2224 ἢ
3129 2154 3188 2211 ἐκ
3233 2162 3333 2227 τῆς
3371 2154 3551 2233 ὅψεως
3604 2141 3696 2215 καὶ

2053 2231 2278 2305 ὁμιλίας
2305 2234 2680 2312 ἐπισπώμεθα.
2724 2240 2857 2297 Οὔτε
2889 2240 2945 2298 δὲ
2984 2245 3278 2324 ὀφείλομεν
3316 2231 3518 2305 ἑαυτῶν
3560 2250 3695 2306 ἀπο-

2050 2327 2266 2397 γνῶναι,
2298 2327 2388 2380 καὶ
2421 2327 2497 2389 εἷς
2530 2326 2877 2386 ἀνελπιστίαν
2912 2333 3135 2397 ἑαυτοὺς
3166 2344 3516 2414 καταγαγεῖν.
3548 2336 3693 2411 ’Ἤδη

2050 2414 2156 2487 γάρ
2186 2413 2393 2470 πολλοὶ
2441 2418 2528 2471 καὶ
2579 2423 2687 2474 τῶν
2734 2422 2811 2494 μὴ
2845 2422 3192 2499 ἀπογνόντων
3241 2413 3511 2503 πσράτοῦ
3541 2426 3700 2499 ἐλεή-

2055 2522 2217 2575 μονος
2250 2507 2384 2560 Θεοῦ
2414 2503 2830 2585 φιλανθρωπίας
2863 2510 2961 2568 οὐκ
2992 2511 3373 2589 ἐστερήθησαν.

2658 2675 2912 2729 ΚΕΦΔΛ.
2956 2674 3089 2733 ME'.

2051 2808 2181 2882 Περὶ
2228 2813 2324 2865 τοῦ
2380 2807 2629 2892 ἀδελφοῦ
2675 2815 2988 2892 κινηθέντος
3041 2817 3307 2892 ,μετανοίᾳ
3376 2820 3475 2879 τοῦ
3529 2820 3695 2879 αὑτοῦ

2496 2879 2641 2940 ἀϐὅά
2678 2879 2926 2943 Ἰωάννου
2960 2879 3241 2966 διήγησις.

2118 3028 2220 3083 Ἦν
2259 3029 2364 3103 γάρ
2413 3049 2496 3091 τις
2554 3027 2756 3105 ἔτερος,
2816 3031 2970 3108 φησί,
3026 3033 3237 3095 νεανίας
3293 3034 3346 3090 ἐν
3406 3041 3473 3110 τῇ
3531 3037 3691 3095 πόλει

2047 3116 2187 3170 πάνυ
2213 3114 2521 3189 πάμπολλα
2551 3115 2947 3192 ἐργασάμενος,
2986 3120 3076 3173 καὶ
3126 3118 3391 3195 χαλεπῶς
3434 3125 3691 3200 ἡμαρτη-

2047 3205 2179 3271 κὼς,
2224 3206 2282 3264 ’ὀς
2313 3203 2538 3276 νεύματι
2566 3210 2665 3260 τοῦ
2709 3210 2842 3261 Θεοῦ
2889 3208 3209 3284 κατανυγεὶς
3251 3210 3338 3265 ἐπὶ
3388 3216 3508 3274 ταῖς
3549 3212 3693 3270 πολ-

1964 3283 2007 3349 C
2047 3292 2168 3353 λαῖς
2226 3292 2545 3368 ἁμαρτίαις,
2611 3294 2702 3349 καὶ
2756 3295 2883 3358 τοὺς
2938 3283 3139 3374 τάφους
3192 3294 3541 3369 καταλαϐὼν,
3587 3304 3689 3373 τὴν

2039 3383 2306 3456 προτέραν
2366 3382 2558 3467 ἑαυτοῦ
2625 3385 2771 3454 ζωὴν
2838 3382 3177 3463 ἀπωδύρετο,
3238 3387 3327 3444 ἐπὶ
3392 3391 3687 3467 πρόσωπον

2040 3470 2226 3526 ἑαυτὸν
2291 3466 2634 3541 καταϐαλὼν,
2671 3474 2748 3547 μὴ
2787 3475 2877 3529 καὶ
2930 3474 3159 3549 τολμῶν
3217 3476 3421 3554 ἀφιέναι
3476 3483 3687 3560 φωνὴν,

2044 3557 2173 3633 μηδ’
2203 3561 2493 3635 ἀνομάζειν
2524 3562 2677 3629 Θεὸν,
2723 3560 2864 3637 μηδὲ
2911 3564 3187 3639 ἱκετεύειν,
3236 3566 3451 3641 ἀνάξιον
3488 3557 3687 3628 ’ἑαυτὸν

2038 3650 2348 3729 ἡγούμενος
2383 3654 2470 3708 καὶ
2503 3655 2675 3721 αὐτῆς
2705 3662 2807 3725 τῆς
2850 3661 3019 3729 ζωῆς,
3050 3658 3142 3713 καὶ
3194 3659 3302 3735 πρὸ
3354 3660 3580 3717 θανάτου
3638 3663 3691 3719 ἐν

2035 3747 2153 3807 τοῖς
2208 3742 2565 3821 νεκροτάφοις
2621 3744 2810 3800 ἑαυτὸν
2856 3745 3210 3802 κατακλείσας
3247 3766 3262 3782 ⁶
3310 3750 3401 3804 καὶ
3439 3751 3684 3807 ἀπειπὼν

2038 3832 2229 3889 ἑαυτοῦ
2284 3834 2383 3903 τήν
2431 3834 2603 3905 ζωὴν,
2646 3827 2823 3888 ἔστενε
2867 3836 3033 3906 μόνον
3079 3837 3318 3892 κατωθεν
3354 3836 3415 3892 ἐκ
3438 3844 3535 3894 τοῦ
3581 3842 3684 3915 βά-

2035 3923 2160 3983 θους
2208 3927 2309 3990 τῆς
2365 3918 2611 3994 καρδίας.
2660 3916 3003 3993 Ἑϐδομάδος
3052 3919 3110 3978 δὶ
3152 3922 3236 3979 ἐπ’
3282 3924 3431 3996 αύτῷ
3468 3927 3679 4001 παρελ-

2037 4010 2259 4077 θούσης,
2289 4006 2503 4082 νύκτωρ
2541 4008 2687 4081 αύτῷ
2746 4008 3052 4084 ἐφίστανται
3096 4012 3148 4065 οἱ
3206 4009 3462 4087 δαίμονες
3514 4017 3567 4070 οἱ
3618 4018 3682 4073 τὸ

2034 4097 2160 4170 πρὶν
2220 4095 2385 4151 αὐτοῦ
2440 4100 2539 4167 τὴν
2598 4100 2743 4167 ζωήν
2800 4093 3245 4173 καταϐλάψαντες
3285 4118 3301 4134 ⁸
3359 4103 3681 4181 κεκραγότες

2034 4186 2123 4241 καὶ
2154 4184 2405 4264 λέγοντες
2435 4207 2449 4222 ·
2493 4191 2606 4243 Ποῦ
2664 4189 2692 4243 6
2753 4189 2947 4264 μιαρός
3010 4186 3152 4246 ἐστιν
3219 4189 3442 4262 ἐκεῖνος,
3476 4194 3504 4249 ὁ
3560 4198 3679 4256 ταῖς

2035 4275 2309 4352 λαγνείαις
2371 4277 2569 4339 ἱκανῶς
2625 4279 2921 4354 κορεσθείς,
2962 4283 3049 4334 νῦν
3106 4281 3240 4353 ἡμῖν
3300 4277 3524 4358 ἄκαιρος
3580 4285 3681 4339 σώ-

2032 4388 2181 4445 φρων
2221 4367 2311 4421 καὶ
2353 4366 2523 4429 καλὸς
2582 4368 2839 4444 ἀνεφάνη,
2896 4366 2988 4422 καὶ
3046 4367 3135 4423 ὅτε
3191 4367 3371 4425 οὐκέτι
3432 4367 3677 4441 δύναται,

2029 4456 2152 4511 τότε
2181 4455 2504 4529 Χριστιανὸς
2560 4457 2650 4510 καὶ
2711 4456 2963 4518 εὔτακτος
3019 4457 3151 4512 εἶναι
3222 4456 3526 4531 βούλεται;
3583 4463 3676 4517 καὶ

2026 4545 2081 4600 τί
2118 4545 2286 4601 καλὸν
2317 4543 2396 4600 ἔτι
2446 4539 2653 4599 ἔσεσθαι
2713 4550 2921 4618 σεαυτῷ
2978 4544 3288 4620 προσδοκᾷς
3346 4546 3678 4626 ἐμφορηθείς

272 4641 593 4709 ἀνάπαυσιν,
646 4643 719 4702 ὡς
764 4642 990 4715 ἑσπέρας
1048 4641 1216 4709 αὐτὴν
1260 4638 1700 4711 καταλαϐούσης.
1751 4643 1813 4699 Ὀ
1866 4641 1922 4698 δὲ
1954 4638 2137 4716 υτῶν
2177 4636 2461 4710 ἡμετέρων
2488 4640 2718 4706 κακῶν;
2770 4635 2868 4691 οὐκ
2922 4634 3197 4709 ἀναστήσῃ
3262 4638 3404 4713 ταχὺ
3452 4636 3672 4710 ἐκεῖθεν,

270 4730 343 4790 ὡς
397 4728 630 4798 ἠλέησεν
686 4731 881 4798 αὐτὴν,
940 4728 1071 4805 ὅπερ
1122 4732 1222 4784 οὐκ
1260 4729 1513 4808 ὤφειλεν,
1572 4731 1663 4786 καὶ
1707 4729 1917 4803 ἐδέξατο

268 4815 435 4886 αὐτὴν
476 4816 526 4871 ἐν
565 4823 643 4890 τῷ
687 4817 964 4891 σπηλαίῳ,
997 4820 1085 4873 καὶ
1134 4840 1218 4873 τοι
1261 4820 1584 4875 ὲπυνθάνετο
1616 4820 1785 4886 αὐτῆς
1816 4823 1917 4892 τήν

267 4907 478 4976 πλάνην
516 4925 528 4937 ·
562 4909 596 4975 ἡ
654 4906 709 4961 δὲ
759 4908 831 4970 ὡς
874 4906 1205 4983 ἀπήγειλλε,
1238 4910 1327 4963 καὶ
1387 4908 1583 4984 λόγους
1632 4908 1778 4983 αύτῷ
1821 4932 1914 4966 κο-

268 4993 458 5056 λακίας
514 4994 603 5049 καὶ
662 4994 872 5066 ἀπάτης
930 4997 1237 5072 ὑπέσπειρε,
1289 4999 1379 5053 καὶ
1456 4998 1758 5072 παρέτεινεν
1824 4999 1912 5055 ἐπὶ

263 5082 405 5138 πολὺ
460 5084 639 5139 αὐτῶν
669 5086 768 5153 τὴν
828 5084 1071 5157 ὁμιλίαν,
1122 5084 1305 5159 ἠρέμα
1361 5084 1417 5141 δέ
1473 5108 1588 5149 πως
1628 5087 1788 5142 αὐτὸν
1819 5087 1911 5142 καὶ

263 5171 351 5227 ἐπὶ
394 5170 569 5246 ἔρωτα
613 5172 972 5246 προεκαλεῖτο
1006 5194 1020 5207 ο
1076 5176 1163 5228 καὶ
1225 5175 1385 5250 λόγοι
1443 5174 1667 5238 πλείους
1718 5176 1911 5232 λοιπὸν

261 5264 395 5336 πρὸς
438 5261 725 5333 ἀλλήλους
758 5263 943 5325 αὐτοῖς
971 5264 1231 5338 γίνονται,
1264 5264 1354 5318 καὶ
1404 5263 1603 5339 γέλως,
1649 5265 1738 5319 καὶ
1783 5287 1910 5338 μει-

261 5348 449 5424 δίαμα.
484 5351 871 5423 Ἀπεπλάνησε
904 5350 961 5407 δὲ
1015 5352 1172 5407 αὐτὸν
1211 5352 1399 5421 πολλή
1450 5352 1667 5426 ὁμιλία,
1699 5355 1788 5409 καὶ
1843 5356 1906 5410 τὸ

259 5439 495 5495 ἐντεῦθεν
556 5441 774 5512 λοιπόν,
820 5441 931 5517 ἀφῇ
975 5442 1161 5516 χειρὸς
1217 5442 1308 5497 καὶ
1373 5441 1603 5517 γενείου,
1661 5442 1751 5497 καὶ
1809 5441 1902 5498 αὒ-

258 5530 441 5602 χένος,
502 5532 591 5584 καὶ
652 5530 1060 5606 ᾐχμαλώτευσε
1114 5531 1251 5596 τέως
1291 5534 1381 5587 τὸν
1423 5531 1687 5603 ἀσκητην.
1728 5533 1814 5595 Ὠς
1846 5532 1903 5588 δὲ

253 5615 536 5697 ἐστρέφετο
601 5621 694 5693 μὲν
752 5620 953 5685 ἐκεῖνος
1009 5619 1217 5678 ἔνδοθεν
1270 5629 1385 5687 τοῖς
1443 5622 1753 5700 λογισμοῖς,
1811 5626 1900 5682 ἅτε

254 5707 318 5779 δὴ
354 5706 405 5764 ἐν
437 5711 625 5789 χερσὶν
669 5705 814 5787 ἔχων
846 5713 908 5768 τὸ
933 5715 1176 5788 πρᾶγμα,
1208 5715 1307 5784 τὴν
1354 5713 1626 5792 εὐκαιρίαν
1663 5716 1752 5771 καὶ
1799 5718 1899 5787 τὴν

572 5818 825 5875 ΡΑτῐισι.
871 5820 984 5879 Gn.
1030 5816 1286 5881 XXXIV.

2030 4725 2133 4781 οὐκ
2180 4723 2265 4778 ἐπὶ
2322 4726 2391 4779 τὰ
2438 4725 2639 4795 συνήθη
2703 4725 2822 4797 μεθ’
2876 4725 3037 4796 ἡμῶν
3092 4721 3282 4794 ἤξεις;
3339 4724 3561 4797 μένουσί
3618 4747 3676 4783 σε

2026 4812 2221 4886 πόρναι
2250 4813 2338 4867 καὶ
2372 4812 2625 4883 κάπηλος
2658 4832 2670 4844 ·
2705 4810 2803 4867 οὐκ
2841 4810 3038 4885 ἐλεύσῃ
3070 4812 3160 4866 καὶ
3209 4815 3317 4868 τῶν
3374 4811 3675 4888 ἐπιθυμιῶν

2024 4903 2380 4975 ἀπολαύσεις,
2412 4905 2585 4970 πάσης
2615 4924 2710 4958 σου
2757 4908 2856 4972 τῆς
2900 4899 3080 4973 ἄλλης
3136 4900 3359 4965 ἐλπίδος
3416 4902 3673 4962 κατασϐε-

2024 4994 2243 5065 σθείσης
2301 4995 2418 5064 ἥξει
2474 5015 2559 5048 σοι
2636 4992 2852 5054 πάντως
2918 4996 3114 5066 ταχεῖα
3170 4994 3206 5062 ἡ
3263 4994 3443 5068 κρίσις
3498 4996 3673 5061 οὕτως

2023 5084 2209 5139 ἑαυτὸν
2270 5084 2599 5159 ἀναιροῦντι.
2663 5084 2761 5138 Καὶ
2818 5080 2868 5136 τί
2941 5080 3188 5145 σπεύδεις
3238 5083 3377 5157 πρὸς
3428 5086 3529 5155 τήν
3586 5108 3669 5142 τι.

2024 5173 2259 5249 μωρίαν,
2290 5172 2335 5226 ὦ
2366 5170 2524 5227 ἄθλιε
2555 5193 2567 5242 ;
2603 5194 2655 5227 τι
2710 5169 2767 5226 δὲ
2811 5171 3166 5245 φιλονεικεῖς,
3198 5173 3389 5229 θᾶττον
3420 5172 3663 5231 ἐπελθεῖν

2018 5284 2102 5318 σοι
2125 5265 2223 5333 τήν
2246 5261 2401 5335 δίκην
2435 5282 2449 5333 ;
2481 5260 2627 5318 ἄλλα
2652 5281 2710 5317 τε
2740 5259 2927 5317 πολλὰ
2959 5261 3235 5337 λέγοντες,
3267 5264 3563 5338 Ἥμέτερος
3591 5264 3660 5335 εἴ,

2016 5354 2151 5425 ἡμῖν
2210 5352 2476 5423 συνετάξω
2527 5372 2541 5385 ·
2599 5350 2828 5424 ἀνομίαν
2896 5349 3141 5421 ἤσκησας
3194 5356 3392 5423 πᾶσαν,
3449 5351 3662 5407 πάντων

2014 5445 2149 5515 ἡμῖν
2210 5441 2502 5506 ὑπεύθυνος
2548 5440 2791 5518 γέγονας,
2850 5441 2939 5495 καὶ
2996 5438 3338 5515 δραπετεύειν
3396 5438 3659 5512 τολμᾷς;

2012 5532 2123 5587 Οὐκ
2150 5531 2415 5607 ἀποκρίνῃ
2451 5553 2466 5604 ;
2512 5530 2574 5587 ού
2633 5532 2899 5605 συντάσσῃ
2945 5548 2959 5601 ;
3003 5528 3065 5585 οὒ
3121 5525 3517 5604 συνεξελεύσῃ;
3567 5530 3657 5594 Ὠς

2010 5620 2067 5677 δὲ
2124 5620 2328 5686 ἐκεῖνος
2367 5623 2504 5697 πρὸς
2558 5625 2675 5685 ταῖς
2745 5620 3020 5696 οίμωγαῖς
3060 5621 3336 5693 καρτερῶν
3385 5616 3511 5676 ούδὶ
3555 5620 3657 5691 τὴν

2010 5713 2177 5784 ἀκοὴν
2208 5714 2428 5791 ὑπεῖχεν
2457 5713 2662 5784 αὐτοῖς,
2702 5708 2828 5767 οὐδὲ
2864 5709 3190 5784 ἀπεκρίνατο
3219 5707 3402 5773 αὐτοῖς
3460 5709 3652 5787 λόγον,

3256 5808 3335 5873 36
