4074 6278
381 385 539 447 1123

1901 366 2264 432 PALLADII

3626 363 3810 426 1124

381 517 470 573 ἐπὶ
508 514 654 571 πολὺ
701 511 1065 588 ἐπιμενόντων
1112 511 1260 584 αὐτῷ
1299 513 1404 565 τῶν
1462 507 1742 582 δαιμόνων
1773 523 1785 538 ·
1843 505 1917 566 ὡς
1968 504 2025 558 δὲ
2054 504 2109 571 Α
2138 502 2301 570 ἡνίκα
2356 500 2618 575 ᾐσθάνετο
2681 497 2940 573 δεομένου
2982 503 3078 555 τοῦ
3136 501 3413 574 σώματος,
3466 496 3682 574 εὕρισκέ
3726 521 3792 557 τε

381 604 537 662 οὐδὲν
569 604 771 675 ἤνυσαν
817 601 1091 666 πολλάκις
1136 607 1305 657 ταῦτα
1352 600 1621 674 λέγοντες,
1671 591 2029 655 διαλαϐόντες

378 694 541 752 αὐτὸν
576 697 629 750 οἱ
665 694 902 768 πονηροὶ
932 694 1021 748 καὶ
1064 691 1290 770 αἶσχροὶ
1323 689 1599 763 δαίμονες,
1632 688 1824 762 ᾔκιζον
1858 685 2031 760 χαλε-

378 789 497 845 πῶς
551 782 708 859 ἄγαν,
736 783 875 837 ἅπαν
932 783 995 836 τὸ
1057 785 1216 853 σῶμα
1278 778 1444 834 αὐτοῦ
1483 777 1911 849 καταξαίνοντες,
1937 774 2027 831 καὶ

384 872 760 949 βασανίσαντες
808 872 963 926 αὐτὸν
1016 869 1301 948 χαλεπῶς,
1342 870 1589 941 ἡμιθανῆ
1638 867 2028 926 καταλιπόντες

380 962 618 1038 ᾤχοντο.
651 963 706 1017 Ὁ
765 959 822 1015 δὲ
880 958 1033 1014 οὐδὲν
1081 963 1244 1028 ἧττον
1294 960 1547 1029 ἀκίνητος
1599 954 1820 1030 ἔνθαπερ
1870 955 2028 1009 αὐτὸν

380 1052 696 1121 κατέλιπον,
763 1046 938 1105 ἔκειτο
1006 1050 1201 1104 στένων
1257 1047 1429 1117 αὖθις,
1480 1045 1668 1115 ἐπειδὴ
1742 1050 1811 1119 τῇ
1869 1047 2025 1122 ψυχῇ

383 1140 721 1211 συνελέξατο.
750 1144 863 1196 Τῶν
898 1137 955 1193 δὲ
986 1138 1200 1194 οἰκείων
1238 1138 1404 1194 αὐτοῦ
1443 1140 1562 1193 κατ’
1610 1135 1766 1212 ἴχνος
1822 1135 2027 1205 ἀναζη-

379 1231 614 1287 τούντων
657 1230 836 1298 αὐτὸν,
888 1231 976 1284 καὶ
1038 1230 1332 1304 εὑρόντων,
1389 1229 1481 1283 καὶ
1537 1229 1637 1297 τὴν
1696 1226 1871 1282 αἰτίαν
1926 1230 2029 1293 τῆς

380 1322 477 1376 τοῦ
534 1319 788 1394 σώματος
864 1322 1147 1395 συμφορᾶς
1223 1316 1527 1392 μαθόντων,
1605 1316 1791 1386 ἠξίουν
1865 1314 2026 1369 αὐτὸν

383 1409 607 1484 ἀγαγεῖν
668 1405 873 1463 οἷ’καδε.
926 1410 981 1462 '0
1047 1404 1103 1461 δὲ
1160 1404 1275 1460 ἐπεὶ
1347 1404 1623 1467 πολλάκίς
1686 1405 2028 1478 βιασαμένων

384 1497 614 1571 ἀντέσχε
646 1515 661 1530 ⁸
700 1497 791 1551 καὶ
817 1494 983 1550 πάλιν
1012 1496 1175 1549 αὐτὸν
1205 1496 1301 1563 τὴν
1346 1494 1599 1549 ἐπιοῦσαν
1645 1493 1807 1548 νύκτα
1855 1492 2028 1567 χείρω

383 1590 492 1641 τῶν
549 1584 850 1659 ἔμπροσθεν
895 1586 947 1638 οἱ
995 1582 1246 1656 δάίμονες
1304 1582 1393 1638 ἐπὶ
1439 1589 1556 1645 τοῖς
1613 1581 1797 1645 αὐτοῖς
1866 1579 2032 1636 διατί-

388 1676 586 1731 θενται.
620 1674 718 1729 Καὶ
758 1671 883 1728 οὐδὲ
922 1672 1094 1735 οὕτως
1138 1673 1302 1729 πάλιν
1350 1672 1510 1728 αὐτὸν
1561 1673 1611 1727 οἱ
1660 1674 2029 1747 προσήκοντες

385 1766 634 1820 πείθουσι
686 1770 1017 1837 μεταστῆναι
1073 1767 1169 1817 τοῦ
1224 1762 1420 1832 τόπου,
1452 1767 1698 1838 κρεῖττον
1756 1763 1885 1817 εἶναι
1942 1782 2029 1816 τε·

2141 594 2241 661 τήν
2269 591 2497 670 τροφὴν,
2539 590 2629 645 καὶ
2678 591 3082 664 προσκυνήσας,
3130 590 3217 644 καὶ
3268 590 3579 665 εὐωχηθεὶς
3623 589 3802 647 πάλιν

2139 685 2246 735 τῶν
2292 678 2476 754 ὕμνων
2528 679 2833 750 ἀπήλαυεν,
2869 680 3143 753 ἐπιμόνως
3187 683 3287 750 τῆς
3332 681 3507 755 εὐχῆς
3556 680 3649 735 καὶ
3688 688 3801 750 τῆς

2138 769 2366 845 θεωρίας
2427 768 2717 845 ἐχόμενος,
2767 768 2987 825 θάλλων
3027 768 3317 846 ὁσημέραι,
3357 770 3447 824 καὶ
3505 767 3800 831 ἐπιδιδοὺς

2134 863 2214 930 τῷ
2264 858 2514 933 παρόντι,
2546 859 2637 914 καὶ
2701 864 2780 930 τῷ
2822 858 3086 932 μέλλοντι
3137 867 3236 929 τῆς
3294 856 3521 921 ἐλπίδος
3577 859 3663 913 ἐπὶ
3724 860 3798 913 τὸ

2141 953 2323 1021 μεῖζον
2369 943 2679 1020 προϐαίνων
2717 946 2824 1016 ἀεὶ,
2865 948 2955 1002 καὶ
3005 946 3200 1022 σχεδὸν
3247 947 3457 1022 ἐθάρσει
3511 947 3634 1023 περὶ
3681 954 3796 1017 τῆς

2137 1037 2423 1112 ἀμείνονος
2474 1037 2639 1092 αὐτοῦ
2694 1037 2915 1109 λέξεως,
2947 1039 3020 1101 ὡς
3071 1036 3214 1113 ἔχων
3253 1039 3420 1107 αὐτὴν
3482 1036 3533 1093 ἐν
3595 1039 3796 1114 χερσὶν

2136 1126 2270 1199 ἤδη,
2302 1129 2330 1182 ’ὀ
2374 1128 2464 1182 καὶ
2516 1126 2731 1205 γέγονεν
2788 1126 2960 1200 αὐτῷ,
3006 1132 3202 1202 μικροῦ
3252 1126 3362 1183 δεῖν
3417 1126 3799 1190 ἀποπεσόντος

2135 1216 2197 1272 έκ
2223 1222 2322 1272 τοῦ
2358 1216 2494 1291 μετὰ
2531 1217 2871 1289 ταῦταξαύτῷ
2900 1221 3229 1293 πειρασμοῦ.
3270 1218 3332 1274 Τί
3382 1216 3485 1294 γὰρ
3532 1217 3593 1273 οὐ
3622 1215 3795 1293 λέγο-

2139 1328 2236 1381 μεν
2287 1308 2453 1363 αὐτοῦ
2508 1308 2607 1376 τὴν
2656 1308 2783 1382 παρ’
2833 1306 2990 1381 ὀλίγα
3035 1312 3292 1378 πτῶσιν;
3344 1308 3420 1370 ὡς
3452 1306 3553 1383 γὰρ
3601 1307 3680 1370 εἷς
3719 1307 3793 1362 τὸ

2136 1399 2391 1476 φρόνημα
2447 1404 2605 1455 τοῦτο
2659 1400 2961 1471 προῆλθεν,
3023 1397 3233 1470 ἔλαθεν,
3286 1399 3474 1455 ἐαυτὸν
3533 1396 3795 1473 οἰόμενος

2135 1488 2302 1544 πλέον
2334 1490 2467 1544 εἶναί
2490 1511 2543 1545 τι
2572 1494 2681 1545 τῶν
2711 1486 2962 1561 πολλῶν,
2995 1488 3085 1544 καὶ
3117 1491 3191 1550 ὡς
3222 1483 3343 1562 ᾔδει
3373 1509 3425 1544 τι
3469 1491 3614 1565 παρὰ
3651 1492 3790 1553 τοὺς

2137 1578 2343 1642 ἄλλους
2363 1578 2679 1655 ἀνθρώπους
2715 1581 2900 1653 μεῖζόν
2927 1600 2978 1634 τι
3009 1581 3345 1653 κεκτημένος
3374 1600 3385 1613 ·
3409 1581 3501 1635 καὶ
3530 1583 3791 1645 τοιοῦτος

2138 1662 2209 1719 ὢν
2244 1664 2438 1721 λοιπὸν
2472 1666 2647 1738 ἑαυτῷ
2678 1665 2972 1722 ἐπεποίθει.
3006 1672 3259 1722 Γεννᾶται
3294 1665 3387 1722 οὗν
3419 1666 3518 1723 οὐκ
3567 1666 3643 1730 εἰς
3677 1689 3793 1739 μα-

2137 1756 2267 1831 κρὰν
2325 1754 2470 1827 αὐτῷ
2507 1755 2724 1829 πρῶτόν
2780 1777 2866 1818 τις
2920 1755 3086 1830 μικρά
3143 1756 3399 1829 ῥᾳθυμία,
3450 1752 3576 1811 ὅσον
3639 1754 3789 1829 μηδὲ

389 1853 573 1909 θνάναι
619 1852 854 1927 λέγοντα
899 1854 935 1922 ἢ
992 1851 1042 1906 ἐν
1074 1851 1352 1913 τοιαύταις
1392 1856 1490 1906 τοῦ
1534 1851 1658 1926 βίου
1686 1851 1879 1921 κηλῖσι
1910 1853 2028 1923 ζῇν.
2061 1879 2107 1945 Β
2141 1845 2277 1899 εἶναι
2310 1844 2573 1918 ῥᾳθυμίαν
2607 1843 2781 1900 δοκεῖν
2815 1864 2829 1879 ⁵
2882 1845 2995 1901 εἶτα
3042 1845 3230 1926 φύεται
3276 1845 3477 1921 μείζων
3530 1845 3790 1920 ἀμέλεια,

389 1949 451 1999 Ἠ
482 1944 640 2016 τρίτη
681 1941 771 2011 νὺξ
817 1946 925 1997 τῶν
990 1938 1261 2014 διαμόνων
1302 1945 1501 2017 μικροῦ
1550 1940 1720 2010 πάντη
1770 1940 1861 1994 τὸν
1930 1938 2028 1993 ἄν-

388 2036 604 2107 θρωπον
659 2038 761 2101 τῆς
823 2033 967 2100 ζωῆς
1026 2030 1339 2101 ἀπήλλαξεν
1377 2029 1626 2100 ἀνηλεῶς
1665 2028 2033 2084 ἐπιπεσόντων

389 2122 538 2194 αὐτῷ
573 2128 693 2182 ταῖς
728 2121 998 2195 βασάνοις.
1021 2121 1107 2181 Ὠς
1142 2117 1199 2173 δὲ
1221 2120 1319 2174 οὐκ
1351 2116 1491 2175 εἶδον
1514 2118 1753 2191 ἐνδόντα,
1787 2117 2028 2193 ᾤχοντο,

388 2211 590 2266 ἄπνουν
634 2211 729 2282 μὲν
788 2208 1178 2270 καταλιπόντες
1210 2210 1303 2263 τὸν
1348 2209 1654 2283 ἄνθρωπον.
1688 2207 2032 2282 Ἀπερχόμε·

388 2320 471 2356 νοι
501 2304 632 2375 γοῦν
675 2299 994 2373 ἐκεκράγασι
1040 2298 1296 2372 λέγοντες
1326 2316 1341 2332 ⁶
1394 2300 1702 2367 Ἐνίκησας,
1754 2297 2031 2367 ἐνίκησας.

390 2389 489 2444 Κᾶὶ
522 2388 702 2443 οὐκέτι
728 2388 874 2460 αὐτῷ
907 2391 1232 2459 συνήντησεν
1282 2386 1435 2443 οὐδὲν
1489 2386 1682 2457 δεινον,
1724 2384 1853 2441 ἀλλ’
1900 2387 2036 2461 ἀφό-

391 2474 503 2540 ϐως
533 2479 625 2533 τὸν
654 2478 821 2555 τάφον
861 2476 1072 2549 ᾤκησεν
1102 2474 1206 2539 ἕως
1239 2473 1356 2547 ἔζη,
1389 2478 1627 2548 ἀσκήσας
1672 2477 1905 2552 καθαρὰν
1933 2476 2034 2543 τήν

389 2567 587 2639 ἀρετὴν
623 2586 637 2600 ·
671 2566 842 2626 οὕτως
883 2565 972 2619 καὶ
1023 2570 1139 2637 Θεῷ
1186 2567 1375 2638 τίμιος
1426 2568 1716 2642 γενόμενος
1772 2565 1828 2619 ἐν
1876 2562 2035 2618 δυνά-

396 2675 516 2728 μεσι
568 2654 658 2707 καὶ
708 2654 999 2726 θαυμάτων
1053 2652 1390 2723 ἐπιδείξεσιν,
1448 2652 1589 2707 ὥστε
1653 2650 1889 2713 πολλοῖς
1947 2650 2036 2705 καὶ

393 2746 573 2815 θαῦμα
628 2743 716 2795 καὶ
765 2740 935 2810 ζῆλον
986 2742 1169 2795 καλῶν
1226 2740 1673 2813 ἐπιτηδευμάτων
1715 2746 2036 2816 παρασχεῖν.

394 2837 482 2886 Ἐν
528 2830 751 2890 τούτοις
800 2827 1053 2883 πλεῖστοι
1100 2828 1188 2883 καὶ
1229 2834 1335 2884 τῶν
1378 2827 1585 2906 σφόδρα
1641 2830 2036 2907 ἀπεγνωκότων

397 2921 598 2976 ἑαυτῶν
653 2920 926 2993 μετῆλθον
974 2918 1067 2980 τάς
1125 2917 1296 2983 καλάς
1349 2919 1565 2992 πράξεις
1621 2920 1713 2974 καὶ
1768 2920 2041 2994 κατορθώ-

400 3031 532 3073 σεις.
575 3009 680 3065 Καὶ
732 3008 955 3084 γέγονεν
1005 3008 1189 3071 αὐτοῖς
1231 3009 1293 3063 τὸ
1340 3015 1438 3077 τῆς
1486 3015 1701 3087 Γραφῆς
1749 3008 2040 3084 λεγούσης,

402 3105 514 3162 Πᾶς
555 3099 584 3154 ὁ
632 3103 899 3154 ταπεινῶν
942 3099 1128 3153 ἑαυτὸν
1178 3098 1545 3169 ὑψωθήσεται.
1608 3091 2043 3174 Προηγουμένως

401 3188 517 3261 οῦν,
577 3190 760 3258 τέκνα,
837 3188 1331 3268 ταπεινοφροσύνην
1391 3188 1738 3260 ἀσκήσωμεν,
1797 3186 2042 3263 κρηπῖδα

401 3284 588 3336 πᾶσῶν
622 3278 784 3333 οὖσαν
806 3285 913 3333 τῶν
951 3278 1175 3353 ἀρετῶν.
1211 3280 1357 3334 Πάνυ
1407 3276 1465 3333 δὲ
1496 3274 1872 3351 συμϐάλλεται
1906 3282 2040 3352 ἡμῖν

401 3376 494 3423 καῖ
522 3372 557 3438 ἡ
595 3370 901 3445 μακροτέρα
939 3368 1147 3444 ἔρημος
1179 3370 1316 3445 πρὸς
1355 3371 1454 3439 τὴν
1489 3367 1739 3440 ἄσκησιν.

1002 3484 1256 3534 ΚΕΦΑΛ.
1300 3480 1452 3551 mg".

497 3567 763 3638 Διήγησις
790 3569 886 3619 τοῦ
919 3560 1060 3618 ἀϐϐἆ
1090 3565 1348 3619 Ἰωάννου
1387 3565 1509 3635 περῖ
1541 3564 1855 3627 ἐκπεσόντος
1886 3568 1975 3620 καὶ

1000 3638 1398 3706 μετανοήσαντο
1409 3657 1453 3697 ς.

484 3724 676 3799 Γέγονε
731 3726 832 3800 γάρ
892 3745 973 3785 τις
1028 3725 1119 3778 καί
1166 3722 1348 3799 ἕτερος
1398 3726 1642 3800 μοναχὸς
1696 3726 1795 3793 τῆν
1860 3725 2050 3800 πὸῥρω

406 3808 615 3888 ἔρημον
646 3811 1020 3891 κατειληφὼς,
1052 3812 1141 3867 καὶ
1174 3813 1226 3868 ἐν
1258 3812 1497 3876 πολλοῖς
1526 3808 1665 3868 ἔτεσι
1714 3815 1809 3877 τάς
1860 3816 2052 3890 ἀρετὰς

406 3904 778 3979 κατορθώσας.
831 3905 917 3958 Ἐν
976 3905 1133 3978 γήρει
1176 3904 1369 3959 λοιπὸν
1419 3904 1707 3979 τυγχάνων
1768 3911 1866 3973 τῆς
1942 3905 2048 3963 τῶν

407 3992 677 4066 δαιμόνων
733 3988 1037 4063 ἐπιϐουλῆς
1086 3994 1356 4068 ἐπειρᾶτο.
1406 3998 1505 4049 Ἦν
1554 3995 1656 4070 γὰρ
1702 3995 1837 4049 πάνυ
1880 3994 2054 4067 ἀσκη-

403 4086 504 4153 τὴς
533 4085 634 4153 τὴν
661 4083 898 4158 ἡσυχίαν
949 4082 1349 4156 ἀσπάζόμενος,
1395 4084 1485 4137 καὶ
1535 4084 1589 4137 ἐν
1649 4084 1841 4157 εὐχαῖς
1869 4085 1959 4139 καὶ
2000 4083 2052 4139 ἒν

406 4174 599 4246 ὕμνοις
630 4174 721 4227 καὶ
755 4172 1009 4247 θεωρίαις
1039 4170 1279 4234 πολλαῖς
1312 4169 1674 4246 διημερεύων,
1715 4176 1805 4229 καὶ
1837 4176 2051 4249 ὁράσεις

321 4307 325 4309 .
408 4263 682 4337 θειοτέρας
729 4262 880 4325 τινὰς
936 4261 1168 4339 ἐναργὴς
1228 4261 1468 4337 ἐθεώρει.
1518 4267 1686 4317 Τοῦτο
1747 4265 1841 4336 μὲν
1897 4264 2054 4340 ἐγρη-

404 4353 607 4425 γόρως,
638 4356 797 4406 τοῦτο
829 4348 885 4405 δὲ
914 4353 1028 4406 καθ’
1061 4350 1281 4421 ὕπνους,
1312 4352 1401 4406 καὶ
1460 4349 1654 4427 σχεδὸν
1712 4352 1867 4427 ἴχνος
1907 4352 2055 4407 ἐπεί-

406 4438 590 4508 ληπτο
620 4443 718 4507 τῆς
767 4442 1060 4513 ἀσωμάτου
1093 4446 1261 4511 ζωῆς,
1324 4443 1388 4497 οὐ
1465 4448 1571 4518 γῆν
1628 4443 1895 4520 φυτεύων,
1929 4442 2053 4499 οὐδὲ

407 4532 709 4609 φροντίζων
754 4527 988 4600 διαίτης,
1033 4528 1158 4585 οὐδὲ
1202 4530 1253 4586 ἐν
1300 4536 1418 4593 τοῖς
1459 4537 1649 4610 φυτοῖς
1681 4538 1883 4604 ζητῶν,
1916 4535 1944 4589 ὃ
1999 4556 2054 4589 τι

402 4620 640 4697 παρέχοι
669 4625 749 4693 τῷ
780 4622 994 4692 σώματι
1021 4619 1284 4694 δεομένῳ,
1328 4620 1453 4676 ἀλλ’
1484 4619 1609 4676 οὐδὲ
1641 4622 1699 4677 ἐκ
1732 4630 1832 4693 τῆς
1870 4620 2053 4701 χλόης

404 4710 530 4767 οὐδὲ
559 4710 726 4787 ἄγραν
753 4712 981 4785 ὀρνίθων
1008 4708 1132 4766 οὑδέ
1164 4710 1338 4767 ἄλλου
1360 4713 1507 4776 τινὸς
1540 4714 1849 4791 μετήρχετο
1884 4713 2046 4782 ζώου.

404 4800 586 4856 Ἀλλὰ
647 4802 1025 4871 πεποιθήσεως
1064 4797 1246 4877 γέμῶν
1310 4800 1385 4862 εἷς
1442 4802 1569 4855 Θεὸν
1626 4800 1809 4871 ἐξότου
1847 4800 1907 4857 ἐκ
1950 4810 2051 4872 τῆς

404 4888 734 4961 οἷ’κουμένης
788 4888 1053 4962 μετῆλθεν
1114 4888 1225 4944 ἐκεῖ
1271 4888 1360 4943 καὶ
1412 4888 1573 4965 λόγον
1623 4888 1841 4951 οὐδενὸς
1901 4892 2045 4967 εἶχεν

405 4976 556 5036 ὅπως
594 4976 741 5046 αὐτῷ
781 4978 1111 5054 τρεφόμενον
1166 4975 1415 5051 διαμένοι
1463 4978 1526 5032 τὸ
1577 4983 1756 5052 σῶμα.
1806 4978 1963 5035 Ἀλλ’
1994 4979 2045 5035 έν

405 5064 554 5137 λήθῃ
587 5063 799 5117 πάντων
835 5066 968 5119 ἑκὼν
1009 5067 1223 5144 ἀνεῖχεν
1267 5066 1473 5137 ἑαυτὸν,
1505 5065 1701 5141 τελείῳ
1730 5069 1884 5141 πόθῳ
1912 5071 2049 5145 πρὸς

402 5153 532 5212 Θεὸν
566 5153 890 5227 παραμένων
931 5157 1021 5209 καὶ
1069 5155 1377 5229 περιμένων
1422 5157 1521 5225 τήν
1572 5154 1789 5228 κλῆσιν,
1821 5159 1909 5212 καὶ
1944 5160 2045 5229 τῆν

399 5245 461 5301 ἐκ
489 5249 586 5301 τοῦ
631 5244 843 5317 κόσμου
891 5247 1192 5316 μετάθεσιν,
1224 5246 1314 5300 καὶ
1376 5252 1455 5319 τῷ
1522 5246 1767 5320 πλείστῳ
1819 5269 1899 5324 γε,
1976 5253 2046 5324 τῇ

395 5338 581 5411 τέρψει
638 5340 749 5390 τῶν
793 5334 1130 5414 φαινομένων
1179 5336 1272 5389 καὶ
1337 5333 1715 5411 ἐλπιζομένων
1772 5336 2044 5415 ἐτρέφετο,

394 5428 486 5481 καὶ
540 5422 665 5481 οὕτε
718 5427 781 5480 τὸ
834 5429 994 5498 σῶμα
1038 5427 1371 5495 κατετήκατο
1411 5427 1562 5499 αὐτῷ
1598 5433 1667 5502 τῇ
1726 5429 2042 5504 παρατάσει,

398 5512 520 5568 οὕτε
550 5515 760 5588 ἄθυμος
790 5517 856 5585 ἦν
886 5517 921 5584 ἡ
963 5515 1140 5590 ψυχὴ,
1165 5512 1291 5567 ἀλλ’
1342 5514 1393 5569 ἐν
1427 5522 1596 5591 σεμνῇ
1627 5540 1734 5573 τινι
1781 5519 2044 5575 καταστά-

398 5623 478 5657 σει
508 5604 606 5673 τήν
637 5604 812 5673 καλήν
843 5605 950 5675 ἓξιν
980 5603 1108 5679 ἔσχε
1145 5626 1156 5638 ’
1191 5603 1335 5673 πλην
1384 5604 1531 5660 ἀλλά
1577 5613 1754 5681 τιμῶν
1809 5611 1970 5665 αὐτὸν
2014 5610 2041 5665 ὁ

395 5688 526 5752 Θεὸς
559 5687 649 5744 διά
677 5712 825 5755 τινος
852 5691 1188 5769 τεταγμένου
1220 5693 1446 5767 χρόνου,
1490 5688 1586 5746 δύο
1616 5696 1652 5763 ἢ
1692 5699 1856 5767 τριῶν
1903 5698 2042 5769 ἠμε-

397 5782 503 5853 ρῶν
562 5778 724 5855 ἄρτον
783 5780 871 5838 ἐπὶ
919 5789 1018 5853 τῆς
1068 5782 1339 5858 τραπέζης
1399 5777 1601 5853 ἐδίδου,
1656 5782 1935 5861 φαίνεσθαί
1986 5806 2045 5841 τε

392 5869 485 5925 καὶ
516 5871 670 5945 εἶναι,
701 5873 789 5928 καὶ
822 5874 1061 5947 χρῆσθαι
1106 5893 1118 5907 ·
1159 5872 1249 5929 καὶ
1307 5868 1489 5928 εἰσιὼν
1550 5868 1603 5927 ἐν
1660 5876 1740 5950 τῷ
1786 5872 2043 5955 σπηλαίῳ

2141 1936 2257 1990 εἶτα
2279 1936 2401 1990 ὅσον
2430 1937 2517 1989 καὶ
2553 1934 2798 2007 αἶ’σθησιν
2831 1938 2990 1993 εἶναι.
3018 1937 3119 1992 Καὶ
3150 1937 3249 2013 γὰρ
3278 1937 3370 1992 καὶ
3394 1937 3454 1992 ἐκ
3475 1941 3585 1993 τῶν
3608 1935 3791 1993 ὕπνων

2140 2024 2496 2100 ὀκνηρότερον
2525 2021 2828 2080 διανίστατο
2858 2026 2996 2100 πρὸς
3034 2024 3161 2088 τοὺς
3198 2026 3423 2100 ὕμνους,
3456 2028 3549 2082 καὶ
3579 2029 3638 2082 τὸ
3676 2031 3791 2083 τῶν

2141 2113 2322 2188 εὐχῶν
2352 2112 2460 2185 ἤδη
2495 2114 2806 2190 ἀργότερον,
2838 2116 2929 2170 καὶ
2962 2117 2993 2169 ά
3018 2114 3185 2189 ὕμνος
3217 2117 3326 2190 οὐχ
3357 2115 3530 2178 οὕτως
3561 2115 3785 2173 ἐκτετα-

2147 2205 2307 2276 μένος
2341 2223 2354 2237 ’
2387 2204 2477 2258 καὶ
2507 2206 2542 2273 ἡ
2586 2206 2740 2278 ψυχή
2797 2205 3134 2278 βουλομένη,
3176 2207 3357 2283 φησὶν,
3400 2206 3790 2277 ἀναπαύεσθαι,

2142 2294 2232 2348 καὶ
2268 2294 2295 2347 ὁ
2325 2298 2450 2356 νοῦς
2479 2289 2633 2348 ἔπεσε
2661 2297 2828 2362 κάτω,
2880 2296 2966 2350 καὶ
3014 2297 3066 2350 οἱ
3127 2295 3388 2370 λογισμοὶ
3431 2291 3788 2372 ῥεμὸασμοὺς

2144 2403 2294 2444 τινας
2353 2377 2592 2460 ἔπασχον
2635 2401 2647 2413 ·
2705 2383 2795 2437 καί
2842 2384 2947 2439 πού
2992 2406 3076 2447 τις
3136 2383 3187 2439 ἔν
3243 2391 3362 2450 τοῖς
3415 2386 3666 2464 κρυφίοις
3697 2388 3790 2442 καὶ

2145 2470 2375 2544 ἀμέλεια
2414 2470 2731 2543 ἐμελετάτο,
2762 2471 2910 2543 πλὴν
2942 2472 3071 2529 ἀλλ’
3102 2475 3131 2529 ὁ
3161 2472 3387 2549 ἐθισμὸς
3420 2474 3478 2531 ἐκ
3525 2482 3635 2531 τῶν
3684 2471 3791 2550 ἔμ-

2146 2563 2376 2635 προσθεν
2409 2559 2612 2634 ἀπῆγέν
2664 2582 2779 2623 πως
2819 2560 2907 2616 ἐπὶ
2953 2564 3045 2618 τὸν
3094 2565 3354 2635 ἀσκητῂι,
3412 2563 3591 2640 ὥσπερ
3632 2564 3785 2639 ρύμη

2145 2670 2229 2712 τις
2276 2649 2335 2703 ἐκ
2370 2651 2469 2718 τῆς
2518 2650 2698 2723 ὁρμῆς
2747 2650 2954 2722 ἐκείνης
3006 2669 3022 2686 ⁸
3070 2653 3160 2707 καὶ
3210 2650 3432 2723 διέσωζε
3477 2653 3629 2715 τέως.
3681 2657 3785 2708 Καί

2148 2759 2280 2793 ποτε
2333 2736 2585 2793 εἴσελθὼν
2639 2740 2773 2813 μετά
2818 2742 2912 2803 τάς
2962 2744 3206 2812 συνήθεις
3256 2741 3419 2822 εὐχὰς
3456 2744 3585 2817 πρὸς
3633 2742 3784 2797 ἐσπέ-

2151 2848 2270 2902 ραν,
2302 2829 2452 2904 εὗρεν
2490 2830 2582 2884 τὸν
2632 2830 2793 2905 ἄρτον
2846 2830 2933 2886 ἐπὶ
2980 2836 3079 2898 τῆς
3126 2834 3397 2909 τραπέζης
3427 2834 3598 2888 θεόθεν
3630 2834 3791 2906 αὐτῷ

2150 2918 2595 2995 χορηγούμενον,
2626 2921 2715 2975 καὶ
2755 2922 3079 2993 ἀνεκτήσατο
3115 2941 3131 2959 ο
3162 2922 3213 2978 ἐν
3259 2928 3336 2995 νῷ
3379 2922 3435 2978 δὲ
3483 2925 3578 2986 τὰς
3624 2926 3793 2997 μειώο

2150 3026 2260 3067 σεις
2291 3006 2494 3070 ἐκείνας
2525 3008 2624 3065 οὐκ
2666 3005 2968 3066 ἀπεϐάλετο
3002 3018 3017 3044 ‘
3068 3010 3192 3067 οὐδὲ
3251 3011 3543 3088 ἐλογίσατο
3594 3015 3678 3068 δτι
3727 3014 3797 3070 τὰ

2151 3097 2514 3172 παροράματα
2570 3100 2669 3167 τὴν
2721 3098 2960 3170 σπουδὴν
3026 3100 3281 3175 βλάπτει,
3338 3101 3467 3159 οὐδὲ
3531 3102 3620 3159 ἐπὶ
3690 3105 3796 3173 τήν

2157 3184 2297 3241 ἷ¹ασιν
2329 3186 2578 3262 ἐτρέπετο
2608 3194 2705 3244 τοῦ
2735 3194 2904 3245 κακοῦ
2928 3210 2941 3224 ⁶
2984 3189 3131 3247 ἅλλά
3164 3193 3355 3267 μικρὸν
3390 3193 3546 3265 ᾠήθη
3579 3193 3638 3247 τὸ
3668 3196 3799 3268 παρ’

2157 3274 2367 3352 ὀλίγον,
2397 3281 2506 3332 τῶν
2556 3276 2785 3334 δεόντων
2811 3279 3121 3340 ἀποπεσεῖν.
3172 3287 3471 3358 Τοιγαροῦν
3504 3278 3643 3358 ἔρως
3672 3282 3798 3338 ἐπι-

2158 3366 2356 3440 θυμίας
2401 3368 2641 3441 ἁρπάσας
2699 3368 2777 3431 εἷς
2817 3371 2909 3425 τὸν
2962 3371 3168 3445 κόσμον
3208 3373 3490 3449 ἀπήγαγεν
3520 3378 3638 3436 τοῖς
3697 3373 3799 3428 λο-

2158 3461 2382 3531 γισμοῖς
2415 3474 2429 3488 ·
2480 3456 2633 3531 ὅμως
2674 3456 2916 3535 ἐπισχών
2963 3461 3148 3516 ἑαυτὸν
3188 3462 3324 3525 τέως
3374 3463 3474 3532 τὴν
3536 3461 3795 3518 ἐπιοῦσαν

2158 3541 2365 3617 ἡμέραν
2426 3544 2511 3600 ἐπὶ
2568 3548 2668 3617 τὴν
2720 3551 2923 3620 συνήθη
2987 3550 3324 3625 τρεπόμενος
3392 3549 3639 3623 ἄσκησιν,
3700 3552 3795 3608 καὶ

2159 3629 2467 3705 εὐξάμενος,
2516 3634 2605 3688 καὶ
2660 3636 2903 3709 ὑμνήσας
2953 3637 3207 3694 εἰσελθὼν
3250 3640 3300 3694 ἐν
3373 3645 3453 3713 τῷ
3519 3641 3800 3715 σπηλαίῳ,

2159 3720 2249 3774 τὸν
2284 3722 2378 3795 μὲν
2410 3721 2570 3797 ἄρτον
2604 3722 2751 3799 εὗρεν
2780 3726 2929 3800 αὐτῷ
2956 3730 3348 3804 παρακείμενον
3380 3747 3393 3760 ⁵
3429 3729 3534 3806 οὐχ
3565 3730 3707 3787 οὕτω
3741 3729 3802 3787 δὲ

2161 3808 2399 3883 ἐπιμελῆ
2441 3811 2530 3865 καὶ
2571 3814 2825 3889 καθαρὸν,
2876 3815 3020 3871 ἀλλά
3072 3817 3451 3893 ῥερυπωμένον
3492 3840 3610 3882 πως
3665 3817 3801 3892 ἤδη.

2163 3902 2263 3957 Καὶ
2328 3902 2605 3977 θαυμάσας
2660 3906 2752 3960 καὶ
2808 3909 3057 3985 κατηφής
3104 3929 3220 3970 πως
3270 3910 3580 3986 γενόμενος,
3648 3912 3806 3984 ὅμως

2166 3989 2394 4066 μετέσχε
2474 3994 2565 4048 καὶ
2637 3996 2988 4067 ἀνεκτήσατο.
3059 3999 3221 4071 Τρίτη
3297 3999 3385 4070 νὺξ
3441 4002 3651 4077 γέγονε,
3711 4003 3803 4056 καὶ

2159 4080 2481 4154 τριπλάσιον
2513 4084 2575 4138 τὸ
2612 4086 2777 4140 κακὸν
2827 4087 3194 4159 προσετίθετο.
3250 4090 3349 4143 Καὶ
3395 4091 3499 4164 γάρ
3548 4092 3741 4145 θᾶττον
3774 4092 3803 4145 ὁ

2160 4175 2286 4234 νοῦς
2332 4173 2477 4245 αὐτῷ
2524 4179 2641 4238 τοῖς
2688 4173 2978 4251 λογισμοῖς
3028 4176 3445 4253 ἐγκατέσκηψεν.
3480 4183 3549 4235 Ἥ
3601 4183 3798 4255 μνήμη

2163 4257 2221 4314 δὲ
2268 4261 2417 4335 αύτῷ
2473 4264 2547 4325 ὡς
2600 4261 2661 4319 ἃν
2710 4268 2990 4341 παρούσης
3039 4269 3288 4343 γυναικὸς
3347 4268 3440 4324 καὶ
3498 4291 3809 4326 συνανακει-

2166 4348 2332 4424 μένης
2381 4350 2758 4411 συνδιετίθετο.
2831 4356 2929 4411 Καὶ
2985 4358 3048 4412 τὸ
3114 4362 3339 4434 πρᾶγμα
3385 4358 3436 4414 ἐν
3492 4357 3802 4436 ὀφθαλμοῖς

2164 4439 2333 4517 εἶχεν,
2390 4442 2480 4495 καὶ
2529 4442 2604 4505 ὡς
2661 4446 2911 4519 πράττων
2978 4446 3112 4501 αὐτὸ
3172 4444 3423 4505 διετέλει,
3482 4447 3698 4519 Ἐξῆλθε
3739 4446 3797 4502 δὲ

2163 4529 2317 4602 ὅμως
2365 4530 2456 4585 καὶ
2504 4533 2602 4601 τήν
2635 4533 2823 4607 τρίτην
2874 4536 3083 4611 ἡμέραν
3134 4536 3225 4590 ἐπὶ
3267 4537 3332 4591 τὸ
3361 4531 3529 4612 ἔργον,
3562 4535 3652 4588 καί
3682 4536 3789 4604 τήν

2086 4607 2130 4672 D
2162 4617 2332 4692 εὐχήν
2360 4619 2449 4674 καὶ
2478 4622 2605 4683 τοὺς
2637 4619 2859 4696 ὕμνους,
2894 4607 3072 4679 οὐκέτι
3123 4628 3357 4703 καθαρὰς
3389 4607 3527 4698 ἔχων
3566 4622 3665 4683 τὰς
3696 4621 3785 4677 ἐν-

2160 4710 2421 4783 θυμήσεις
2448 4732 2460 4745 ·
2492 4709 2638 4768 ἀλλὰ
2669 4715 2843 4769 πυκνὰ
2892 4716 3396 4793 μεταστρεφόμενος
3437 4713 3784 4790 μετεωρίζετο

2155 4798 2284 4862 τοὺς
2316 4799 2633 4878 ὀφθαλμοὺς
2666 4800 2772 4858 ὧδε
2810 4804 2966 4859 κάκεῖ
3006 4804 3323 4875 ἀκοντίζων.
3369 4803 3648 4879 Διέτεμνον
3696 4804 3799 4881 γάρ

2158 4888 2321 4946 αὐτοῦ
2356 4892 2417 4946 τὸ
2448 4889 2615 4947 καλὸν
2661 4891 2821 4970 ἔργον
2870 4896 2925 4949 αἱ
2974 4902 3186 4970 μνῆμαι
3228 4900 3337 4950 τῶν
3381 4892 3800 4969 ἐνθυμημάτων.

2155 4980 2413 5055 Ἑσπέρας
2447 4980 2540 5036 οὖν
2569 4982 2865 5053 ἐπανῆλθεν
2897 4984 3058 5061 ἄρτον
3110 4984 3391 5060 δεόμενος,
3422 4987 3516 5041 τὸν
3569 4982 3630 5039 δὲ
3680 4986 3801 5060 εὗρε

2159 5072 2252 5143 μὲν
2274 5073 2329 5125 ἒν
2351 5074 2419 5144 τῇ
2438 5074 2677 5148 τραπέζῃ
2704 5076 2821 5129 οἷον
2851 5076 2954 5130 ὑπὸ
2980 5079 3152 5149 μυιῶν
3176 5075 3398 5146 ἢκυνῶν
3428 5070 3798 5150 βεϐρωμένον,

2154 5160 2243 5214 καὶ
2277 5160 2531 5235 λείψανόν
2561 5183 2611 5217 τι
2651 5168 2757 5219 τῶν
2790 5165 2968 5240 ξηρῶν
2999 5163 3208 5238 ἔξωθεν.
3233 5164 3363 5221 Τότε
3386 5166 3553 5220 στένει
3591 5164 3689 5237 μὲν
3714 5162 3808 5217 καὶ

2155 5249 2391 5327 δακρύει,
2424 5250 2550 5308 ἀλλ’
2581 5254 2686 5330 οὐχ
2715 5252 2837 5309 ὅσον
2889 5255 3097 5326 ἰκανὸν,
3128 5254 3258 5311 οὐδὲ
3312 5256 3436 5311 ὅσον
3484 5252 3796 5310 ἐπιστεῖλαι

2150 5344 2249 5412 τήν
2281 5343 2531 5413 ἀτοπίαν,
2561 5345 2651 5399 καὶ
2691 5345 2945 5421 στραφεὶς
2990 5346 3099 5420 οὐχ
3128 5343 3255 5401 ὅσον
3304 5345 3525 5415 ἤθελεν,
3575 5342 3809 5417 ἕτοιμος

2151 5432 2219 5500 ἦν
2277 5433 2695 5489 ἀναπαύσασθαι.
2759 5432 3035 5504 Ἐπῆλθον
3095 5433 3153 5489 δέ
3232 5434 3380 5508 αὐτῷ
3431 5436 3487 5489 οἱ
3534 5433 3809 5509 λόγισμοῖ

2152 5520 2362 5594 ἀθρόως
2403 5523 2667 5578 πάντοθεν
2694 5524 2852 5579 αὐτὸν
2901 5521 3271 5600 περιέχοντες,
3319 5525 3409 5580 καὶ
3458 5523 3809 5596 πολεμοῦσιν

2152 5610 2315 5666 αὐτοῦ
2346 5613 2445 5682 τήν
2492 5610 2747 5686 διάνοιαν,
2778 5612 2869 5669 καὶ
2918 5612 3078 5675 εὐθὺς
3138 5612 3503 5689 αἰχμάλωτον
3554 5612 3813 5688 αἴρουσιν

2151 5699 2227 5762 εἰς
2255 5702 2346 5756 τὸν
2400 5704 2625 5778 κόσμον.
2666 5706 2926 5766 Ἀναστάς
2970 5701 3027 5758 δὲ
3085 5701 3266 5778 ᾤχετο
3326 5702 3414 5758 ἐπὶ
3472 5704 3573 5772 τὴν
3609 5702 3813 5757 οἰκου-

2154 5789 2319 5861 μένην
2371 5788 2461 5846 διὰ
2512 5799 2612 5863 τῆς
2660 5792 2870 5868 ἐρήμου
2919 5796 3297 5869 νυκτοπορῶν.
3355 5786 3816 5863 Καταλαϐούσης

2151 5874 2207 5935 δὲ
2234 5877 2395 5937 αὐτὸν
2422 5887 2525 5958 τῆς
2549 5882 2783 5961 ἡμέρας,
2813 5883 2900 5943 καὶ
2934 5886 3036 5959 τῆς
3068 5882 3398 5961 οἶκούμενης
3450 5878 3527 5937 ἔτι
3584 5882 3818 5961 μακρὰν
