4074 6278
283 423 437 482 1125

1627 413 1996 476 HISTORIA
2042 415 2441 478 LAUSIACA.

3631 426 3790 488 1126

279 556 341 610 in
374 554 631 621 ﬂetibus,
678 566 748 607 ne
799 567 969 606 aures
1018 550 1251 622 quidem
1285 550 1367 606 eis
1416 550 1729 621 praebebat,
1769 555 1826 605 et
1876 567 1979 606 nec
2007 557 2065 622 Α
2095 567 2220 622 (λικε
2253 570 2368 609 non
2390 558 2727 621 cernuntur,
2760 559 2817 611 et
2846 565 3170 630 sperantur,
3203 568 3257 617 et
3287 578 3471 635 neque
3502 563 3793 620 diuturni-

279 647 523 701 verbum
548 642 935 714 respondebat
956 657 1083 697 eum
1104 642 1202 696 diu
1222 641 1567 713 urgentibus
1585 641 1970 709 daemonibus;

283 741 615 807 postquam,
674 733 937 803 inquam,
999 731 1144 786 nihil
1195 731 1529 799 effecerunt,
1578 732 1777 787 eadem
1827 746 1977 802 saepe

277 825 360 880 illi
395 825 675 892 dicentes,
712 825 1063 893 acceperunt
1093 838 1225 877 eum
1261 822 1393 877 mali
1426 826 1485 876 et
1521 828 1715 892 turpes
1762 822 1978 876 deamo-

279 932 402 980 nes,
454 920 512 970 et
560 918 745 971 totum
806 913 939 984 ejus
984 928 1194 983 corpus
1252 910 1400 967 male
1449 911 1790 979 multarunt,
1841 926 1975 964 eum

279 1006 533 1078 graviter
564 1005 764 1077 ﬂagris
791 1004 1110 1071 caedentes;
1144 1006 1201 1059 et
1230 1018 1360 1058 cum
1394 1018 1522 1057 eum
1566 1001 1815 1068 graviter
1855 1000 1977 1055 for-

279 1098 511 1165 sissent,
543 1097 808 1151 abierunt
841 1111 906 1150 eo
957 1094 1156 1150 relicto
1196 1095 1596 1150 semimortuo.
1646 1092 1746 1146 Ille
1785 1094 1976 1145 autem

280 1186 463 1241 nihilo
523 1185 699 1241 sicius
750 1182 1066 1239 immobilis
1105 1184 1341 1252 jacebat
1388 1182 1487 1236 ubi
1536 1196 1669 1235 eum
1728 1179 1975 1249 relique-

278 1280 436 1342 runt,
493 1291 693 1330 rursus
741 1290 976 1345 gemens
1029 1276 1340 1344 postquam
1392 1271 1676 1338 animum,
1731 1268 1979 1337 college-

276 1370 390 1420 rat.
439 1368 577 1419 Cum
621 1372 816 1419 autem
859 1364 987 1432 ejus
1021 1362 1332 1417 necessarii
1360 1378 1495 1417 eum
1529 1359 1979 1430 investigassent

274 1464 326 1509 et
357 1454 739 1520 invenissent,
780 1463 837 1507 et
879 1468 1117 1507 causam
1164 1452 1286 1521 ejus
1320 1451 1470 1521 quod
1517 1449 1702 1520 ipsius
1751 1447 1980 1519 corpori

275 1546 565 1601 acciderat
597 1544 958 1610 didicissent,
993 1543 1274 1613 rogabant
1305 1558 1438 1595 eum
1468 1544 1527 1594 ut
1556 1541 1793 1595 dOmum
1838 1536 1978 1591 redi-

275 1640 363 1689 ret
398 1651 410 1687 :
446 1635 493 1689 is
534 1638 726 1689 autem
760 1649 889 1687 cum
920 1632 1035 1686 vim
1068 1631 1119 1686 ei
1152 1647 1303 1701 saepe
1347 1628 1699 1695 attulissent,
1743 1626 1975 1682 restitit.

278 1725 505 1779 Rursus
538 1728 734 1778 autem
766 1720 1031 1792 sequenti
1066 1727 1233 1776 nocte
1263 1736 1398 1775 eum
1440 1720 1647 1773 iisdem
1677 1719 1746 1773 de
1786 1718 1979 1772 causis

276 1815 442 1884 pejus
472 1831 641 1884 quam
675 1813 835 1883 prius
866 1811 1185 1867 ati'ecerunt
1213 1812 1541 1874 daemones;
1572 1812 1628 1863 et
1655 1824 1724 1862 ne
1747 1808 1829 1862 sic
1851 1806 1979 1877 qui-

2094 646 2207 697 tate
2230 643 2277 697 ei
2301 660 2508 714 corpus
2531 646 2950 716 macerabatur,
2980 665 3166 720 neque
3193 652 3470 709 mmrebat
3488 653 3790 724 tristisque

2085 736 2209 786 erat
2231 734 2446 793 anima,
2463 734 2562 791 sed
2589 734 2646 790 in
2671 737 2914 804 quodam
2939 737 3180 796 honesto
3204 757 3269 799 ac
3292 744 3614 799 venerando
3637 746 3788 799 statu

2090 823 2305 878 bonum
2337 825 2585 881 habebat
2617 826 2901 883 habitum.
2936 831 3149 884 Verum
3173 832 3463 890 enimvero
3485 834 3638 889 Deus
3658 849 3788 891 eum

2088 911 2405 981 honorans,
2467 920 2599 986 post
2656 917 3005 987 praeﬁnitum
3063 920 3345 991 temporis
3392 922 3788 992 intervallum,

2087 1001 2256 1057 dabat
2285 1002 2334 1058 ei
2369 1020 2545 1074 super
2573 1020 2836 1062 mensam
2861 1023 3067 1077 panem
3092 1010 3342 1065 duorum
3363 1011 3452 1065 vel
3476 1011 3657 1068 trium
3680 1012 3789 1068 die-

2087 1107 2240 1161 rum,
2275 1096 2339 1147 ut
2368 1096 2423 1147 et
2456 1093 2744 1150 videretur
2775 1099 2829 1150 et
2859 1102 3032 1166 esset,
3075 1101 3132 1153 et
3162 1115 3227 1154 eo
3271 1103 3547 1156 uteretur.
3588 1105 3655 1156 Et
3692 1101 3789 1156 in-

2088 1182 2361 1256 grediens
2389 1183 2452 1238 in
2485 1186 2847 1256 speluncam,
2881 1190 3114 1259 quando
3143 1190 3430 1246 sentiebat
3458 1206 3670 1262 corpus
3691 1192 3785 1247 in-

2086 1274 2302 1344 digere,
2344 1272 2678 1331 inveniebat
2735 1278 3173 1334 nutrimentum.
3216 1280 3280 1335 Et
3320 1296 3450 1335 cum
3492 1280 3792 1336 adorasset

2088 1367 2142 1420 et
2164 1362 2373 1434 cibum,
2394 1365 2765 1434 sumpsisset,
2797 1366 3033 1438 hymnis
3066 1383 3269 1424 rursus
3300 1368 3620 1438 fruebatur,
3665 1385 3790 1440 per-

2088 1470 2361 1510 severans
2393 1454 2451 1509 in
2485 1456 2755 1525 percibus
2786 1462 2841 1512 et
2870 1457 3384 1529 contemplatione,
3423 1461 3479 1514 in
3512 1460 3635 1515 dies
3665 1476 3786 1532 ger-

2087 1545 2340 1609 minans,
2373 1552 2425 1599 et
2456 1561 2518 1600 se
2548 1546 2786 1601 tradens
2818 1547 3083 1617 praesenti
3112 1547 3308 1602 virtuti
3333 1551 3390 1601 et
3411 1547 3618 1603 futurae
3642 1551 3786 1620 spei.

2088 1653 2318 1707 semper
2347 1636 2531 1706 magis
2563 1638 2861 1708 magisque
2893 1637 3308 1709 progrediens;
3342 1642 3399 1694 et
3431 1639 3543 1695 fere
3563 1640 3689 1709 jam
3722 1641 3791 1697 de

2089 1726 2314 1780 meliori
2356 1743 2461 1781 sua
2499 1732 2653 1781 sorte
2685 1727 3035 1794 confidebat,
3081 1732 3355 1798 tanquam
3379 1731 3502 1799 jam
3535 1744 3663 1784 eam
3688 1730 3788 1785 ha-

2088 1816 2248 1869 beret
2292 1815 2351 1869 in
2384 1816 2652 1870 manibus
2685 1831 2698 1871 :
2735 1817 2887 1885 quod
2920 1816 3101 1871 etiam
3134 1816 3241 1873 fuit
3279 1817 3329 1872 ei
3358 1834 3534 1873 causa
3563 1818 3788 1890 lapsus,

277 1905 407 1959 dem
459 1904 583 1972 ejus
637 1901 1053 1971 consanguinei
1103 1901 1153 1954 ei
1214 1900 1561 1969 persuadent
1604 1902 1666 1953 ut
1712 1898 1978 1967 emigret,
2014 1929 2058 1993 B
2092 1919 2223 1958 cum
2260 1905 2681 1975 propemodum
2703 1905 2992 1960 excideret
3021 1922 3123 1977 per
3153 1922 3275 1961 eam
3309 1923 3429 1976 quas,
3461 1908 3654 1978 ipsum
3688 1924 3792 1979 po-

276 1994 474 2050 dicens
506 1993 694 2047 satius
725 2008 852 2046 esse
899 1991 1040 2045 mori
1072 2006 1250 2060 quam
1288 1988 1479 2044 vivere
1518 1989 1576 2041 in
1612 1988 1821 2042 talibus
1851 1985 1978 2040 vitae

276 2082 543 2139 maculis.
576 2080 768 2137 Tertia
813 2098 925 2135 nox
967 2080 1385 2151 propemodum
1422 2078 1556 2133 fecit
1588 2082 1651 2131 ut
1680 2077 1983 2132 excederet

276 2173 347 2228 ab
370 2173 731 2240 hominibus,
756 2187 890 2226 cum
913 2169 1247 2225 crudelibus
1270 2168 1574 2224 tormentis
1596 2168 1654 2221 in
1673 2184 1803 2222 eum
1826 2166 1981 2220 inva-

270 2262 486 2316 sissent
515 2263 827 2328 daemones,
855 2264 912 2315 et
942 2275 1077 2315 eum
1109 2262 1416 2314 vexassent
1446 2273 1626 2327 usque
1674 2257 1744 2311 ad
1791 2260 1982 2311 extre-

275 2367 439 2406 mum
471 2350 764 2421 spiritum.
799 2349 1112 2418 Postquam
1149 2352 1341 2403 autem
1376 2346 1643 2401 viderunt
1673 2363 1807 2401 eum
1865 2363 1980 2401 non

272 2440 653 2504 concessisse,
716 2441 1099 2506 recesserunt,
1156 2436 1390 2491 homine
1448 2435 1643 2491 relicto
1704 2436 1978 2490 exanimi.

276 2529 627 2586 Recedentes
658 2528 854 2598 itaque
878 2527 1294 2592 exclamarunt,
1321 2525 1580 2580 dicentes
1605 2541 1616 2578 :
1648 2524 1871 2590 Vicisti,
1900 2525 1982 2579 vi-

275 2621 426 2688 cisti,
460 2618 662 2674 vicisti.
693 2618 889 2688 Neque
920 2617 969 2673 ei
1002 2616 1250 2686 amplius
1283 2615 1502 2686 aliquid
1533 2614 1671 2669 mali
1695 2614 1977 2675 occurrit;

275 2713 371 2765 sed
407 2709 465 2763 in
508 2708 818 2779 purissimo
859 2706 1126 2777 sepulcro
1156 2721 1297 2777 pure
1329 2704 1608 2759 habitavit
1640 2705 1773 2757 dum
1816 2703 1979 2770 vixit,

275 2815 476 2869 puram
505 2814 777 2853 exercens
808 2797 1097 2851 virtutem.
1134 2797 1189 2849 Is
1222 2795 1336 2849 Deo
1367 2809 1600 2864 quoque
1632 2793 1744 2846 fuit
1767 2792 1979 2863 pretio-

276 2905 399 2953 sus,
434 2894 490 2943 et
517 2888 851 2954 virtutibus,
906 2885 1306 2941 miraculorum
1349 2882 1791 2950 eil'ectionibus;
1838 2884 1980 2937 adeo

278 2982 341 3033 ut
372 2981 427 3032 et
459 2977 676 3031 multos
710 2978 767 3030 in
799 2976 1246 3031 admirationem
1280 2972 1575 3028 induxerit
1604 2980 1658 3027 et
1686 2971 1757 3025 ad
1788 2972 1978 3026 zelum

277 3068 583 3125 adduxerit
602 3066 1104 3123 etsemulationem
1138 3066 1521 3119 honestorum
1548 3063 1975 3117 institutorum.

275 3161 424 3217 Hinc
455 3161 668 3216 factum
721 3161 810 3213 est
842 3161 905 3211 ut
952 3154 1124 3211 multi
1172 3171 1397 3224 quoque
1430 3170 1497 3208 ex
1540 3153 1613 3208 iis
1653 3154 1753 3222 qui
1803 3151 1872 3207 de
1919 3168 1978 3207 se

274 3251 441 3306 valde
474 3250 944 3320 desperaverant,
976 3246 1156 3300 bonas
1187 3244 1441 3299 actiones
1469 3242 1725 3315 aggressi
1759 3242 1900 3309 sint,
1923 3245 1978 3296 et

279 3356 338 3395 se
375 3347 523 3394 recte
572 3336 879 3409 gesserint,
919 3334 1121 3405 eisque
1163 3334 1381 3388 factum
1420 3335 1505 3387 est
1544 3332 1600 3385 id
1651 3331 1803 3400 quod
1837 3328 1979 3384 dicit

281 3428 587 3498 Scriptura
618 3444 630 3481 :
678 3426 880 3481 Omnis
921 3424 1013 3495 qui
1049 3424 1310 3495 seipsum
1346 3420 1611 3476 humiliat
1642 3419 1982 3475 exaltabitur

282 3519 468 3582 (Luca:
498 3516 634 3585 xxv).
668 3513 961 3584 Praecipue
991 3528 1142 3582 ergo,
1176 3528 1209 3566 o
1242 3510 1367 3579 ﬁlii,
1398 3526 1769 3566 exerceamus
1803 3507 1984 3563 humi-

281 3604 531 3670 litatem,
566 3621 691 3675 quae
718 3611 772 3659 et
804 3603 1249 3657 fundamentum
1284 3600 1538 3671 primum
1573 3600 1839 3656 omnium
1872 3597 1984 3653 vir—

283 3699 497 3750 tutum.
532 3695 713 3749 Nobis
744 3702 934 3748 autem
960 3692 1211 3747 multum
1246 3706 1472 3761 quoque
1495 3690 1716 3745 confert
1737 3687 1986 3744 solitudo

281 3784 508 3857 longior
537 3788 594 3840 et
626 3783 920 3839 remotior.

907 3889 1135 3943 CAPUT
1176 3888 1367 3943 XLVI.

288 3963 428 4017 Alia
459 3964 712 4016 narratio
743 3961 956 4014 abbatis
985 3962 1235 4024 Ιοαηηὶ.ς,
1268 3961 1331 4013 de
1359 3973 1418 4013 eo
1449 3957 1547 4027 qui
1568 3958 1769 4027 lapsus,
1791 3958 1990 4011 ductus

908 4058 990 4105 est
1018 4050 1368 4122 paenitentia.

356 4143 483 4198 Fuit
512 4142 669 4197 enim
717 4140 868 4196 alius
908 4156 1137 4209 quoque
1170 4138 1490 4194 monachus
1525 4136 1623 4207 qui
1658 4135 1986 4192 ulteriorem

288 4235 601 4303 occuparat
650 4229 1045 4297 solitudinem,
1090 4233 1148 4283 et
1186 4227 1392 4283 multis
1432 4228 1602 4282 annis
1642 4241 1703 4281 se
1741 4230 1894 4279 recte
1934 4228 1991 4279 et

279 4339 348 4378 ex
390 4324 600 4377 virtute
642 4326 895 4392 gesserat
949 4318 1142 4389 (Ra/7.,
1186 4318 1283 4372 lib.
1328 4334 1391 4384 ιι,
1429 4333 1548 4387 cap.
1594 4316 1666 4387 1).
1710 4316 1816 4381 Qui
1859 4332 1988 4369 cum

281 4416 435 4468 esset
467 4411 737 4480 deinceps
778 4408 938 4465 senio
984 4407 1300 4473 confectus,
1344 4407 1680 4461 tentabatur
1709 4424 1742 4461 a
1772 4406 1989 4460 daemo-

284 4520 424 4559 num
473 4500 729 4557 insidiis.
777 4498 1083 4555 Silentium
1134 4497 1292 4552 enim
1330 4495 1495 4551 valde
1534 4495 1991 4565 amplectebatur

283 4592 642 4660 exercitalor,
685 4593 741 4644 et
790 4589 847 4643 in
905 4586 1270 4644 orationibus
1320 4589 1377 4640 et
1419 4583 1655 4656 hymnis
1692 4587 1748 4638 et
1787 4581 1991 4636 multis

2090 1997 2209 2048 stea
2240 1993 2453 2048 invasit
2474 1993 2873 2049 tentationem.
2908 1994 3053 2057 Quid
3087 1994 3242 2050 enim
3264 2011 3378 2051 non
3401 1995 3650 2051 dicimus
3667 1998 3795 2066 ejus

2089 2097 2223 2137 eum
2257 2082 2350 2152 qui
2393 2098 2568 2153 prope
2599 2083 2707 2138 fuit
2736 2084 2975 2138 casum?
2996 2084 3309 2155 Postquam
3332 2083 3487 2139 enim
3530 2085 3599 2139 ad
3641 2085 3791 2141 hanc

2090 2174 2372 2244 processit
2415 2174 2855 2244 cogitationem,
2898 2173 3157 2245 paulatiu
3199 2174 3535 2246 imprudens
3578 2191 3643 2232 eo
3685 2177 3792 2232 de-

2090 2263 2269 2329 venit,
2319 2267 2382 2317 ut
2421 2262 2779 2319 existimaret
2823 2280 2886 2319 se
2924 2279 3053 2319 esse
3094 2263 3275 2335 pluris
3316 2281 3491 2336 quam
3533 2264 3699 2332 alios,
3733 2270 3793 2321 et

2082 2352 2207 2422 jam
2243 2353 2430 2422 majus
2453 2352 2592 2423 quid
2615 2351 2912 2423 possidere
2934 2369 3105 2424 quam
3136 2352 3236 2407 alii
3258 2352 3554 2421 homines;
3579 2358 3790 2410 etcum

2092 2442 2225 2498 talis
2257 2447 2425 2511 esset,
2454 2443 2574 2511 jam
2617 2443 2895 2515 deinceps
2925 2446 2986 2498 in
3016 2443 3209 2514 seipso
3251 2443 3453 2498 habuit
3495 2443 3789 2501 ﬁduciam.

2091 2531 2155 2586 Ei
2182 2548 2317 2602 ergo
2349 2531 2614 2603 gignitur
2644 2531 2798 2588 haud
2855 2534 2935 2587 ita
2983 2533 3081 2587 diu
3134 2536 3266 2603 post
3314 2533 3569 2603 primum
3619 2549 3793 2604 parva

2091 2622 2354 2689 quaedam
2384 2619 2569 2675 animi
2602 2621 2891 2689 remissio,
2925 2628 2986 2675 ut
3009 2636 3079 2676 ne
3099 2621 3390 2675 videretur
3410 2621 3639 2691 quidem
3663 2636 3793 2678 esse

2092 2710 2380 2765 remissio.
2432 2709 2650 2765 Deinde
2689 2711 2873 2765 oritur
2904 2710 3086 2781 major
3118 2709 3492 2782 negligentia,
3525 2727 3651 2783 quas
3694 2712 3791 2767 de-

2090 2799 2224 2855 inde
2255 2813 2514 2869 eousque
2546 2816 2853 2871 progressa
2893 2805 2981 2855 est
3011 2806 3073 2854 ut
3103 2800 3450 2867 sentiretur;
3481 2816 3614 2857 nam
3640 2807 3694 2856 et
3722 2817 3794 2856 ex

2092 2907 2293 2946 somno
2323 2890 2547 2945 tardius
2578 2890 2856 2959 surgebat
2886 2891 2955 2945 ad
2987 2890 3258 2959 hymnos,
3290 2892 3348 2945 et
3388 2894 3554 2946 erant
3595 2905 3790 2960 preces

2090 2978 2261 3049 paulo
2294 2978 2623 3047 otiosiores,
2658 2994 2762 3034 nec
2793 2978 3049 3047 hymnus
3082 2979 3224 3034 adeo
3257 2977 3536 3050 prolixus,
3561 2983 3616 3033 et
3652 2977 3791 3034 dicit

2090 3068 2139 3122 ei
2168 3068 2361 3121 anima
2392 3084 2454 3121 se
2493 3065 2637 3122 velle
2675 3067 3054 3137 requiescere,
3095 3071 3152 3121 et
3184 3082 3351 3121 mens
3379 3066 3430 3120 ei
3467 3067 3702 3133 annuit;
3734 3069 3791 3121 et

2091 3155 2456 3210 ﬂuctuabant
2498 3160 2555 3210 et
2589 3155 2947 3225 vagabantur
2989 3153 3393 3226 cogitationes,
3433 3162 3488 3208 et
3524 3155 3652 3223 jam
3694 3169 3788 3211 oo-

2089 3242 2239 3298 culte
2271 3242 2494 3313 aliquid
2540 3243 2777 3297 absurdi
2819 3242 3228 3297 meditabatur.
3262 3242 3371 3297 Sed
3406 3242 3559 3312 prior
3590 3257 3789 3297 assue-

2092 3332 2244 3389 facto
2293 3331 2484 3387 adhuc
2510 3331 2945 3387 exercitatorem
2977 3331 3409 3401 quodammodo
3441 3331 3787 3398 abducebat,

2091 3424 2270 3479 veluti
2300 3423 2538 3494 quidam
2573 3428 2766 3479 motus
2793 3439 2859 3478 ex
2882 3422 3057 3493 priori
3083 3421 3181 3477 illa
3202 3421 3559 3489 incitatione,
3582 3426 3638 3478 et
3656 3437 3790 3477 eum

2093 3513 2327 3569 interim
2359 3514 2755 3569 conservabat.
2791 3512 2859 3566 Et
2889 3511 3201 3582 aliquando
3224 3518 3347 3581 post
3368 3510 3574 3566 solitas
3597 3526 3794 3582 preces

2095 3605 2397 3675 ingressus
2430 3619 2684 3675 vespere,
2708 3602 2931 3659 invenit
2950 3618 3158 3674 panem
3182 3617 3359 3673 super
3385 3616 3669 3667 mensam,
3695 3599 3794 3671 qui

2096 3694 2146 3749 ei
2186 3693 2671 3765 suppeditabatur
2694 3691 2995 3759 divinitus,
3028 3696 3085 3746 et
3113 3707 3175 3746 se
3216 3691 3435 3747 refecit.
3470 3692 3593 3758 Quo
3650 3695 3794 3745 tem-

2098 3798 2234 3855 pore
2262 3798 2365 3839 nec
2389 3783 2517 3838 illas
2540 3781 2924 3838 exsecrabiles
2954 3780 3158 3849 abjecti
3181 3780 3580 3851 cogitationes,
3612 3794 3796 3850 neque

2099 3872 2386 3944 reputavit
2418 3872 2671 3925 animam
2706 3870 2830 3923 laedi
2861 3885 2895 3923 a
2925 3868 3432 3938 contemplatione,
3457 3883 3645 3939 neque
3668 3884 3797 3923 con-

2101 3978 2295 4016 versus
2324 3964 2412 4015 est
2443 3961 2513 4013 ad
2547 3959 2919 4028 quaerendam
2962 3957 3097 4012 mali
3143 3957 3498 4012 curationem
3524 3974 3540 4025 ;
3568 3956 3671 4011 sed
3699 3974 3799 4029 pa-

2102 4068 2231 4106 rum
2263 4052 2429 4105 duxit
2458 4066 2663 4121 parum
2698 4050 2903 4105 abesse
2942 4047 3259 4120 quominus
3307 4046 3595 4103 excideret
3625 4047 3697 4102 ab
3728 4046 3799 4102 iis

2101 4157 2225 4211 quae
2257 4140 2420 4195 decet
2462 4140 2665 4194 facere.
2708 4140 2886 4193 Amor
2932 4138 3131 4208 itaque
3175 4136 3513 4208 cupiditatis
3543 4151 3673 4190 eum
3707 4152 3800 4192 ra-

2102 4234 2265 4301 ptum
2298 4229 2643 4298 cogitatione
2669 4228 2738 4299 in
2771 4228 3063 4299 regionem
3103 4226 3349 4282 abduxit
3397 4223 3795 4280 habitabilem.

2100 4324 2237 4375 Cum
2263 4337 2324 4376 se
2356 4326 2551 4375 tamen
2578 4318 2856 4374 interium
2889 4316 3247 4372 cohibuisset
3276 4316 3334 4369 in
3367 4315 3520 4370 diem
3553 4330 3800 4386 sequen-

2099 4413 2239 4477 tem,
2273 4410 2343 4465 ad
2390 4413 2730 4465 consuetam
2784 4422 3099 4463 conversus
3146 4404 3613 4461 exercitationem
3665 4419 3799 4459 cum

2101 4504 2323 4556 orasset
2352 4502 2409 4554 et
2470 4498 2713 4569 hymnos
2771 4496 3030 4563 dixisset,
3093 4496 3393 4567 ingressus
3439 4492 3800 4565 speluncam,

2102 4588 2322 4643 invenit
2352 4588 2584 4658 quidem
2621 4604 2826 4658 panem
2859 4586 2970 4641 sibi
3014 4585 3366 4657 appositum,
3398 4584 3497 4640 sed
3532 4600 3644 4639 non
3682 4592 3801 4639 tam

284 4656 876 4749 contemplationibus
901 4678 1053 4731 diem
1080 4675 1536 4745 transigebat,et
1558 4673 1809 4729 visiones
1828 4688 1994 4742 quas-
2026 4656 2071 4720 D
2105 4656 2415 4749 diligente}
2445 4656 2797 4744 οοηῑθεξιυτη,
2829 4692 2935 4731 nec
2966 4680 3083 4730 tam
3108 4692 3349 4745 parum,
3372 4676 3472 4729 sed
3495 4673 3800 4728 sordidum

283 4770 414 4823 dam
449 4768 671 4823 divinas
712 4764 859 4819 clare
898 4765 1146 4829 videbat,
1195 4764 1405 4834 partim
1456 4764 1689 4833 quidem
1724 4761 1990 4832 vigilans,

284 4858 496 4931 partim
531 4872 662 4911 vero
695 4855 869 4910 etiam
900 4855 956 4909 in
988 4853 1241 4921 somnis;
1275 4858 1331 4908 et
1362 4870 1549 4908 somni
1577 4852 1992 4923 prOpemodum

283 4963 486 5017 expers
517 4945 823 5000 tenebatur
856 4961 890 4999 a
920 4944 1035 4999 vita
1059 4943 1418 5014 incorporea,
1449 4960 1561 4997 non
1596 4945 1804 4996 terram
1843 4939 1995 5011 plan-

285 5044 441 5105 tans,
475 5050 664 5105 neque
713 5034 898 5090 victus
942 5035 1125 5090 ultam
1185 5050 1383 5089 curam
1431 5048 1660 5104 gerens,
1706 5046 1890 5100 neque
1935 5029 1993 5083 in

283 5126 501 5198 plantis
540 5138 802 5191 quaerens
836 5124 988 5192 quod
1039 5121 1225 5191 egenti
1272 5120 1549 5191 praeberet
1588 5120 1837 5191 corpori.
1882 5120 1989 5174 Sed

285 5231 473 5286 neque
504 5214 698 5269 avium
731 5212 1072 5281 aucupium,
1106 5227 1292 5280 neque
1328 5212 1511 5265 ullum
1546 5209 1758 5264 animal
1797 5224 1995 5279 perse-

286 5306 611 5376 quebatur;
645 5302 741 5358 sed
778 5300 992 5355 fiducia
1022 5300 1250 5370 plenus,
1284 5317 1351 5355 ex
1381 5317 1496 5369 quo
1528 5316 1597 5354 ex
1635 5299 1866 5369 regione
1899 5298 1995 5352 ha-

284 5393 509 5449 bitahili
541 5394 677 5448 illuc
730 5391 1010 5459 migrarat
1060 5390 1279 5444 nullam
1331 5389 1582 5443 habebat
1613 5388 1889 5441 rationem
1929 5390 1994 5442 ut

284 5483 334 5539 ei
362 5486 729 5553 permaneret
752 5497 967 5552 corpus
1008 5480 1316 5547 nutritum,
1340 5477 1443 5533 sed
1460 5478 1725 5532 omnium
1750 5476 1990 5544 oblitus,

287 5590 349 5630 se
380 5572 629 5643 perfecto
661 5570 987 5627 sustinebat
1014 5570 1075 5625 in
1108 5569 1293 5624 Deum
1319 5567 1624 5633 desiderio,
1649 5572 1990 5637 exspectans

286 5662 669 5730 vocationem,
703 5667 761 5717 et
794 5679 855 5717 ex
910 5662 1016 5717 hoc
1050 5660 1268 5716 mundo
1316 5656 1762 5729 migrationem;
1812 5661 1868 5711 et
1927 5664 1989 5715 ut

291 5753 611 5829 plurimum
682 5752 913 5824 quidem
1001 5753 1264 5807 alebatur
1333 5747 1709 5805 delectatione
1785 5764 1982 5806 eorum

2105 4773 2161 4823 et
2188 4767 2584 4839 inquinatum.
2610 4766 2715 4830 Qui
2740 4766 2850 4820 etsi
2873 4774 3025 4820 esset
3046 4766 3100 4819 id
3127 4763 3465 4832 admiratus,
3490 4766 3547 4818 et
3567 4760 3804 4817 tristitia

2102 4857 2363 4922 affectus,
2390 4854 2643 4926 sumpsit
2667 4861 2878 4920 tamen,
2905 4862 2957 4909 et
2984 4870 3046 4909 se
3069 4853 3285 4908 refecit.
3317 4851 3609 4907 Successit
3633 4850 3803 4905 tertia

2104 4965 2236 5014 nox,
2287 4951 2345 5001 et
2377 4946 2582 5017 triplex
2635 4944 2856 4999 malum
2908 4942 3149 5000 addidit.
3198 4941 3419 4996 Etenim
3461 4956 3628 4996 mens
3675 4940 3801 5011 ejus

2103 5039 2215 5092 cito
2248 5036 2457 5107 irrupit
2486 5036 2546 5089 in
2578 5034 2975 5104 cogitationes.
3010 5033 3094 5087 Ita
3124 5035 3316 5087 autem
3348 5034 3471 5086 erat
3512 5030 3561 5086 ei
3599 5030 3802 5086 affecta

2104 5126 2399 5190 memoria,
2444 5133 2506 5180 ut
2538 5124 2830 5179 videretur
2861 5139 2975 5178 una
3004 5139 3138 5177 cum
3170 5138 3235 5177 eo
3266 5122 3473 5176 adesse
3504 5119 3718 5175 femina
3746 5122 3803 5174 et

2102 5217 2279 5273 simul
2306 5217 2674 5282 accumbere,
2707 5220 2759 5270 et
2791 5230 2918 5269 eam
2952 5229 3073 5269 rem
3106 5212 3356 5268 habebat
3385 5211 3444 5265 in
3474 5208 3713 5275 occulis,
3746 5210 3803 5264 et

2100 5324 2228 5363 eam
2259 5306 2435 5362 veluti
2469 5305 2653 5359 facere
2698 5303 3120 5375 perseverabat.
3166 5303 3447 5373 Egressus
3482 5302 3675 5352 tamen
3713 5298 3803 5350 est

2101 5399 2268 5454 tertio
2301 5412 2533 5467 quoque
2564 5395 2656 5449 die
2686 5396 2753 5449 ad
2794 5410 2960 5463 opus,
2993 5397 3049 5448 et
3081 5406 3299 5464 preces,
3323 5394 3380 5444 et
3401 5388 3672 5455 hymnos,
3698 5385 3799 5440 sed

2100 5504 2216 5543 non
2260 5486 2480 5541 habens
2526 5484 2778 5554 amplius
2820 5485 3065 5538 mundas
3104 5478 3502 5550 cogitationes,
3538 5475 3639 5530 sed
3687 5474 3800 5531 fre-

2099 5580 2349 5650 quenter
2378 5591 2710 5642 conversus,
2746 5575 2804 5630 in
2837 5574 3020 5629 altum
3053 5568 3289 5625 tollebat
3318 5564 3533 5632 oculos,
3564 5581 3663 5622 eos
3685 5564 3800 5619 huc

2100 5673 2156 5723 et
2186 5667 2324 5722 illuc
2366 5671 2677 5737 torquens;
2730 5665 2857 5735 ejus
2892 5661 3040 5719 enim
3082 5658 3387 5731 pultziirum
3436 5673 3582 5727 opus
3610 5655 3795 5711 inter-

2100 5755 2447 5828 rumpebant
2484 5756 2768 5811 nzemoriaz
2799 5751 3231 5824 cogitationum.
3261 5744 3507 5820 Vespere
3536 5758 3670 5816 ergo
3700 5753 3797 5801 ιὀ·
