4074 6278
382 403 534 466 112⁸7

1948 401 2317 465 PALLADII

3740 396 3910 458 1128

374 560 578 601 versus
603 558 749 614 pane
771 542 1057 611 indigens,
1081 539 1247 594 illum
1266 539 1501 610 quidem
1526 538 1750 595 invenit
1770 540 1829 594 in
1854 555 2074 609 mensa,
2106 546 2160 613 Α
2190 554 2293 595 nes
2326 540 2427 593 aut
2464 534 2751 603 homines,
2784 533 2952 590 vobis
2983 534 3348 591 assentantes
3377 534 3436 587 et
3466 530 3809 596 laudantes,
3839 549 3913 588 ne

375 635 554 692 veluti
586 649 881 690 corrosum
917 649 950 687 a
976 630 1240 687 muribus
1270 637 1363 685 aut
1396 630 1660 696 canibus,
1694 634 1748 687 et
1780 631 1918 686 foris
1958 630 2073 686 sic-

377 742 474 781 cas
507 725 795 797 quasdam
833 721 1131 792 reliquias.
1176 725 1335 775 Tunc
1376 721 1709 791 ingemiscit
1738 722 1974 792 quidem
2018 724 2074 776 et

373 815 743 885 lacrymatur,
778 815 874 870 sed
900 830 1013 868 non
1045 817 1328 883 quantum
1363 813 1504 867 satis
1526 817 1678 867 esset
1709 812 1781 866 ad
1814 828 2074 868 coercen-

374 907 508 961 dam
531 904 868 977 nequitiam.
888 903 1273 973 Nutritusque
1298 918 1412 957 non
1434 907 1719 973 quantum
1743 903 1989 970 volebat,
2011 918 2073 958 se

375 997 615 1067 parabat
644 995 713 1049 ad
757 994 1030 1065 quietem.
1075 996 1218 1046 Eum
1264 996 1459 1047 autem
1500 994 1810 1047 acervatim
1844 996 2072 1049 Invase—

372 1090 512 1142 runt
541 1084 938 1155 cogitationes,
972 1099 1104 1138 eum
1138 1082 1399 1153 undique
1420 1082 1845 1151 circumdante;
1871 1088 1927 1138 et
1947 1084 2072 1151 ejus

374 1178 620 1231 mentem
654 1177 1017 1246 oppugnant,
1052 1177 1108 1227 et
1138 1172 1432 1243 captivum
1458 1172 1654 1228 statim
1684 1172 1745 1227 in
1783 1173 2070 1229 mundum

371 1265 693 1321 abducunt.
727 1264 983 1334 Surgens
1024 1265 1217 1317 autem
1250 1261 1351 1317 ivit
1391 1278 1593 1319 versus
1626 1264 1919 1334 regionem
1944 1281 2071 1335 quas

370 1351 685 1413 habitatur,
710 1352 1042 1423 ingrediens
1065 1354 1239 1406 noctu
1264 1367 1364 1420 per
1385 1351 1782 1408 solitudinem.
1807 1354 1946 1409 Cum
1973 1369 2071 1409 au-

368 1446 490 1498 tem
521 1440 642 1496 dies
672 1455 804 1495 eum
836 1438 1336 1511 apprehendisset,
1367 1443 1424 1495 et
1447 1456 1572 1511 quae
1596 1440 1895 1497 habitatur
1915 1442 2068 1512 regio

369 1533 560 1589 adhuc
592 1530 791 1602 procul
823 1532 1069 1597 abesset,
1101 1533 1157 1586 et
1186 1544 1318 1586 eum
1349 1534 1520 1586 aestus
1542 1532 1845 1603 afﬂigeret,
1870 1535 2069 1590 defati-

368 1626 539 1695 gatus
570 1624 673 1677 est.
708 1619 1100 1689 Undequaque
1131 1624 1326 1676 autem
1359 1621 1417 1676 in
1451 1621 1649 1677 orbem
1693 1624 2068 1681 considerans

367 1712 783 1783 circumspicit,
817 1727 889 1767 an
920 1711 1137 1766 alicubi
1183 1715 1485 1783 appareret
1528 1715 1964 1784 monasterium,
2007 1715 2064 1770 in

366 1804 520 1874 quod
545 1802 843 1873 ingressus
866 1800 1268 1870 requiesceret.
1295 1802 1457 1865 Quod
1480 1802 1653 1858 etiam
1678 1804 1906 1871 accidit,
1930 1820 2064 1861 eum

365 1890 783 1964 excipientibus
798 1889 1152 1962 quibusdam
1176 1890 1287 1961 piis
1300 1898 1353 1947 et
1370 1891 1637 1948 fidelibus
1654 1893 1950 1963 fratribus,
1966 1896 2065 1967 qui
2098 1931 2145 1997 B

365 1997 499 2039 cum
531 1997 665 2037 eum
699 1988 981 2051 tanquam
1023 1984 1247 2052 patrem
1290 1997 1637 2053 germanum
1682 1985 2060 2055 aspexissent,

361 2073 589 2128 vultum
611 2073 739 2143 ejus
764 2078 817 2126 et
844 2072 1020 2143 pedes
1040 2069 1338 2137 laverunt;
1365 2076 1421 2127 et
1442 2089 1573 2128 enm
1598 2078 1883 2143 orassent,
1908 2091 2068 2131 men-

363 2178 490 2217 sam
524 2164 939 2233 apposuerunt,
963 2167 1016 2215 et
1047 2164 1328 2232 rogarunt
1358 2168 1421 2216 ut
1454 2178 1582 2233 quae
1611 2171 1772 2219 erant
1798 2166 2065 2235 apposita

364 2257 620 2306 sumeret
648 2265 782 2306 cum
814 2249 1114 2305 charitate.
1149 2251 1468 2321 Postquam
1514 2256 1706 2309 autem
1750 2271 1811 2309 se
1843 2254 2062 2321 refecit,

362 2339 736 2411 postularunt
755 2338 963 2396 fratres
986 2343 1044 2395 ut
1066 2340 1301 2395 verbum
1325 2341 1528 2397 salutis
1544 2342 1615 2397 ab
1631 2358 1694 2399 eo
1713 2343 2060 2415 acciperent,

361 2434 417 2486 et
448 2445 700 2501 quanam
730 2428 951 2485 ratione
982 2438 1217 2500 possent
1250 2431 1466 2486 servari
1501 2447 1533 2486 a
1564 2432 1785 2503 laqueis
1824 2433 2061 2503 diaboli,

358 2524 417 2574 et
449 2521 942 2591 quemadmodum
975 2525 1317 2589 superarent
1345 2526 1543 2591 turpes
1574 2524 1971 2593 cogitationes.
2010 2526 2061 2578 Is

359 2612 551 2662 autem
570 2609 728 2679 ipsos
742 2614 1021 2680 tanquam
1039 2614 1198 2678 pater
1212 2611 1359 2665 filios
1375 2613 2062 2679 admonens,hortabatur

358 2701 423 2751 ut
452 2704 644 2752 essent
676 2697 851 2751 fortes
882 2702 937 2751 et
967 2702 1297 2752 constantes
1329 2700 1387 2753 in
1421 2700 1740 2768 laboribus,
1775 2702 1957 2771 utqui
1980 2718 2059 2758 es-

353 2789 480 2841 sent
511 2785 679 2856 paulo
720 2792 849 2854 post
891 2783 951 2838 in
993 2800 1225 2839 summa
1269 2786 1455 2855 quiete
1497 2788 1834 2845 collocandi.
1882 2792 2059 2847 Multa

353 2889 584 2947 quoque
615 2872 730 2929 alia
758 2889 891 2929 cum
923 2874 1006 2929 eis
1050 2873 1339 2930 disserens
1381 2876 1453 2931 de
1499 2878 1924 2949 exercitatione,
1959 2897 2055 2937 eos

347 2966 513 3021 valde
536 2966 708 3037 juvit.
744 2964 887 3020 Cum
920 2969 1115 3020 autem
1150 2975 1431 3022 cessasset
1463 2969 1532 3023 ab
1557 2969 1975 3041 admonitione,
2000 2978 2056 3028 et

352 3075 414 3113 se
437 3072 642 3128 parum
674 3054 1082 3128 recollegisset,
1119 3058 1528 3113 considerabat
1559 3061 2052 3130 quemadmodum

353 3147 496 3204 alios
527 3148 870 3214 admonens,
925 3164 986 3203 se
1018 3164 1129 3204 non
1165 3149 1431 3204 monebat
1463 3166 1568 3205 nec
1609 3152 1964 3223 corrigebat;
1999 3160 2052 3209 el

353 3256 414 3297 se
445 3254 571 3295 esse
595 3240 811 3295 victum
845 3239 1196 3311 intelligens,
1230 3256 1406 3297 cursu
1435 3258 1638 3297 rursus
1662 3242 1811 3297 redit
1833 3242 1892 3298 in
1915 3242 2051 3299 soli-

350 3329 636 3387 tudinem,
671 3329 927 3399 seipsum
973 3330 1213 3397 deflens,
1246 3334 1303 3385 et
1333 3332 1569 3387 dicens:
1613 3332 1735 3388 Nisi
1770 3334 1906 3404 quia
1934 3333 2050 3389 Do-

354 3417 550 3471 minus
583 3416 726 3470 mihi
755 3434 922 3487 opem
966 3418 1221 3487 tulisset,
1266 3422 1679 3489 prepemodum
1720 3422 1779 3476 in
1823 3423 2049 3478 inferno

354 3505 666 3560 habitasset
698 3506 894 3560 anima
924 3523 1049 3561 mea
1089 3509 1261 3576 (Psal.
1305 3512 1476 3580 xcrx).
1522 3511 1945 3583 Propemodum
1990 3515 2049 3569 in

354 3607 527 3649 omne
560 3593 777 3646 malum
802 3608 929 3648 sum
949 3595 1241 3662 redactus,
1267 3600 1675 3667 propemodum
1704 3617 1794 3655 me
1818 3601 1875 3655 in
1901 3605 2050 3659 terra

354 3683 749 3739 confecerunt.
782 3681 845 3735 Et
886 3681 945 3737 in
979 3698 1043 3737 eo
1084 3683 1300 3739 factum
1342 3690 1429 3740 est
1470 3689 1621 3758 quod
1666 3688 1885 3744 dictum
1928 3699 2049 3749 est:

352 3772 555 3827 Frater
595 3770 691 3841 qui
727 3788 757 3827 a
780 3769 952 3827 fratre
986 3772 1312 3846 adjuvetur,
1342 3780 1428 3832 est
1460 3781 1741 3848 tanquam
1770 3780 1904 3836 urbs
1927 3798 2052 3838 mu-

351 3862 475 3917 nita
506 3864 560 3917 et
591 3859 841 3929 excelsa,
883 3867 939 3917 et
980 3866 1261 3935 tanquam
1316 3883 1516 3923 murus
1563 3870 1659 3940 qui
1702 3887 1815 3927 non
1863 3877 2053 3944 potest

353 3966 616 4007 corruere
647 3952 828 4022 (Prov.
864 3953 1045 4024 xvm).
1099 3953 1440 4026 Quanquam
1493 3958 1705 4015 abhinc
1754 3964 1872 4017 toto
1921 3962 2051 4018 vitae

350 4046 613 4113 tempore
644 4039 793 4096 luxit
822 4051 1117 4114 perpetuo,
1152 4044 1413 4115 privatus
1456 4065 1658 4104 mensa
1685 4067 1809 4119 quae
1840 4051 1891 4105 ei
1945 4053 2051 4107 da-

350 4131 524 4186 batur
563 4130 863 4199 divinitus,
919 4135 975 4186 et
1020 4148 1229 4202 panem
1291 4151 1459 4190 suum
1515 4154 1781 4208 quaerens
1826 4140 2047 4195 labore.

350 4220 490 4275 Nam
527 4236 657 4275 cum
700 4236 762 4275 se
803 4220 860 4274 in
894 4220 1171 4290 spelunca
1203 4222 1555 4295 inclusisset,
1589 4232 1645 4281 et
1675 4228 1783 4282 sibi
1816 4245 2048 4284 saccum

351 4314 408 4366 et
440 4311 690 4366 cinerem
723 4308 1152 4380 substravissct,
1187 4328 1301 4369 non
1334 4315 1491 4385 prius
1524 4317 1574 4371 ei
1594 4320 1750 4372 terra
1774 4320 2049 4389 surrexit,

351 4416 455 4454 nec
487 4399 729 4454 cessavit
769 4401 927 4468 ﬂere,
970 4418 1147 4471 quam
1194 4419 1390 4460 vocem
1435 4406 1622 4477 angeli
1666 4409 1950 4466 audiisset
1998 4413 2049 4467 ei

349 4489 641 4545 dicentem
671 4488 729 4542 in
762 4489 983 4545 somnis
1014 4507 1026 4546 :
1075 4492 1307 4564 Accepit
1342 4494 1625 4553 Dominus
1672 4503 1830 4555 tuam
1864 4502 2050 4572 poeni-

346 4578 610 4647 tentiam,
645 4581 701 4634 et
730 4579 813 4634 tui
844 4583 932 4635 est
964 4580 1265 4649 misertus;
1296 4584 1567 4656 deinceps
1599 4592 1790 4643 autem
1818 4588 1945 4644 vide
1977 4606 2049 4646 ne

2178 630 2260 686 eis
2288 628 2559 701 parcatis,
2596 642 2701 683 nec
2733 635 2925 682 mente
2956 623 3282 682 efferamini
3317 640 3331 678 :
3366 639 3501 679 nam
3533 639 3625 678 me
3660 639 3913 695 quoque

2179 734 2332 790 saepe
2364 719 2533 772 noctu
2576 716 2660 771 sic
2703 718 3056 787 decepecunt
3097 714 3429 781 daemones;
3471 717 3528 767 et
3575 728 3770 783 neque
3819 729 3912 768 me

2180 809 2453 864 sinebant
2490 822 2673 875 orare,
2706 822 2810 861 nec
2842 807 3161 878 quiescere,
3197 804 3483 875 quaedam
3516 804 3664 859 mihi
3698 802 3911 874 phan-

2178 896 2356 953 tasias
2388 896 2710 967 praebentes
2734 900 2851 950 tota
2883 899 3072 961 nocte,
3103 898 3157 949 et
3194 909 3366 948 mane
3388 892 3709 948 illudentes
3733 892 3907 947 humi

2179 987 2660 1058 procumbebant,
2693 986 2950 1041 dicentes
2974 1001 2987 1040 :
3012 985 3288 1039 Condona
3315 982 3501 1050 nobis,
3528 983 3700 1049 abba,
3732 984 3902 1054 quod

2178 1078 2284 1133 tibi
2315 1078 2543 1134 labores
2575 1077 2937 1148 praebuimus
2967 1080 3089 1131 tota
3122 1079 3306 1130 nocte.
3341 1074 3455 1143 Ego
3499 1078 3697 1129 autem
3736 1074 3905 1129 dice-

2180 1168 2316 1225 bam
2346 1167 2465 1222 illis
2500 1183 2514 1223 :
2546 1167 2835 1224 Discedite
2863 1184 2894 1221 a
2926 1181 3016 1221 me
3047 1180 3251 1221 omnes
3283 1163 3386 1235 qui
3416 1163 3747 1235 operamini
3786 1163 3904 1219 ini-

2179 1259 2464 1332 quitatem
2497 1258 2671 1331 (Psal.
2706 1259 2817 1327 VI);
2852 1272 2923 1313 ne
2952 1256 3186 1312 tentetis
3218 1270 3451 1311 servum
3487 1254 3747 1311 Domini.

2250 1352 2436 1416 Quare
2466 1365 2568 1403 vos
2600 1363 2849 1419 quoque,
2899 1363 2932 1403 ο
2963 1346 3090 1415 filii,
3138 1345 3394 1416 quietem
3427 1346 3898 1417 persequamini,

2175 1455 2275 1497 vos
2305 1455 2533 1509 semper
2561 1440 2897 1494 exercentes
2938 1437 3009 1492 ad
3054 1435 3625 1507 contemplationem,
3668 1440 3735 1491 ut
3782 1452 3902 1508 pn-

2177 1546 2298 1585 ram
2345 1528 2691 1600 possidentis
2735 1531 3009 1594 mentem,
3053 1526 3233 1581 Deum
3276 1528 3563 1595 rogantes.
3606 1526 3751 1581 Nam
3796 1526 3900 1582 ille

2177 1635 2405 1691 quoque
2436 1623 2527 1675 est
2557 1620 2746 1675 bonus
2777 1616 3137 1683 exercitator,
3172 1616 3272 1687 qui
3304 1615 3537 1672 assidue
3566 1616 3624 1670 in
3660 1618 3896 1673 mundo

2176 1712 2491 1776 exercetur,
2525 1712 2579 1764 et
2623 1709 2682 1763 in
2724 1707 2982 1762 honestis
3012 1713 3328 1776 occupatur
3368 1705 3746 1762 actionibus:
3788 1708 3895 1778 qui

2178 1799 2603 1855 humanitatem
2633 1798 2888 1854 ostendit
2908 1801 2963 1852 et
2983 1796 3371 1863 clementiam,
3400 1796 3896 1867 hospitalitatem-

2178 1908 2289 1964 que
2319 1895 2375 1947 et
2406 1890 2772 1953 charitatem,
2804 1893 2861 1944 et
2890 1887 3026 1944 fecit
3048 1888 3467 1959 eleemosynas,
3501 1892 3558 1943 et
3576 1888 3722 1944 bene
3750 1888 3898 1944 facit

2176 1980 2638 2047 advenientibus,
2671 1983 2728 2036 et
2758 1993 2925 2049 opem
2958 1977 3067 2033 fert
3096 1976 3517 2046 laborantibus,
3558 1982 3614 2032 et
3644 1994 3895 2049 perma-

2177 2079 2270 2128 net
2302 2072 2449 2127 citra
2480 2070 2655 2126 ullam
2687 2070 3090 2125 offensionem.
3123 2068 3222 2124 Est
3252 2067 3490 2138 quidem
3522 2068 3617 2124 hic
3647 2086 3895 2141 quoque

2174 2161 2339 2216 valde
2370 2161 2598 2227 bonus;
2639 2162 2903 2215 versatur
2943 2157 3099 2214 enim
3130 2158 3190 2212 in
3221 2157 3450 2214 actione
3487 2159 3559 2229 iet
3592 2165 3895 2231 praecepta

2174 2249 2547 2321 exsequitur;
2581 2250 2680 2305 sed
2713 2248 2771 2304 in
2805 2248 2976 2303 rebus
2999 2246 3243 2303 terrenis
3269 2252 3606 2319 occupatur.
3632 2248 3732 2303 llis
3757 2249 3899 2321 qui-

2176 2340 2305 2395 dem
2338 2342 2489 2396 certe
2521 2337 2888 2410 praestantior
2918 2340 3004 2392 est
3042 2340 3098 2392 et
3139 2336 3329 2406 major
3376 2337 3473 2407 qui
3517 2342 3780 2393 versatur
3820 2339 3888 2396 in

2173 2428 2678 2500 contemplatione,
2731 2427 2831 2498 qui
2875 2426 3052 2482 rebus
3092 2425 3330 2495 agendis
3377 2441 3439 2482 se
3482 2428 3761 2483 transfert
3802 2430 3881 2485 ad

2175 2518 2641 2590 intelligentiam,
2682 2535 2780 2574 eas
2815 2534 2908 2573 res
2939 2516 3070 2572 aliis
3105 2515 3437 2587 relinquens
3468 2518 3883 2587 providendae,

2171 2607 2294 2678 ipse
2325 2613 2517 2661 autem
2551 2611 2607 2661 et
2636 2605 2823 2676 seipso
2855 2606 3163 2676 abnegato,
3196 2608 3251 2659 et
3281 2604 3372 2661 sui
3402 2604 3630 2672 oblitus,
3653 2611 3883 2662 scruta-

2169 2701 2268 2752 tur
2297 2697 2572 2761 cmlestia,
2608 2699 2720 2752 Deo
2750 2696 3011 2752 omnium
3044 2694 3273 2751 solutus
3303 2700 3360 2751 et
3378 2695 3665 2767 expeditus
3686 2698 3885 2753 assis-

2167 2789 2319 2853 tens,
2350 2804 2383 2842 a
2414 2785 2577 2841 nulla
2617 2790 2808 2843 autem
2851 2784 2963 2841 alia
2992 2801 3131 2840 cura
3158 2792 3310 2841 retro
3340 2783 3589 2840 avulsus.
3630 2785 3741 2847 Qui
3775 2792 3884 2843 est

2167 2876 2321 2930 enim
2357 2875 2718 2946 hujusmodi,
2760 2892 2876 2931 una
2907 2890 3041 2930 cum
3084 2878 3196 2929 Deo
3230 2875 3403 2946 degit,
3438 2890 3556 2929 una
3586 2889 3716 2929 cum
3753 2875 3878 2931 Deo

2164 2971 2449 3035 versatur,
2478 2966 2729 3023 assiduis
2751 2966 2983 3038 hymnis
3018 2968 3197 3022 Deum
3220 2981 3452 3038 semper
3478 2964 3797 3022 celebrans.

2236 3057 2377 3114 Novi
2407 3058 2563 3113 enim
2589 3073 2693 3128 ego
2717 3057 3015 3113 hominem
3048 3057 3107 3110 in
3140 3055 3481 3124 solitudine,
3530 3055 3631 3127 qui
3670 3056 3871 3112 decem

2163 3164 2345 3204 annos
2374 3148 2487 3204 cibi
2520 3148 2732 3204 terreni
2766 3146 2909 3202 nihil
2938 3146 3210 3219 gustavit,
3234 3147 3336 3203 sed
3358 3146 3409 3202 ei
3431 3148 3673 3218 angelus
3696 3146 3870 3202 tertio

2160 3255 2392 3309 quoque
2432 3239 2522 3293 die
2552 3236 2844 3294 coelestem
2890 3237 3083 3292 cibum
3116 3237 3184 3292 ad
3229 3251 3357 3291 eum
3400 3236 3691 3305 afferebat,
3725 3239 3783 3291 et
3810 3238 3866 3292 ei

2158 3328 2216 3384 in
2249 3347 2312 3385 os
2340 3328 2655 3400 injiciebat,
2690 3327 2850 3399 isquo
2876 3330 2999 3382 erat
3020 3326 3069 3382 ei
3095 3326 3276 3381 instar
3302 3326 3414 3381 cibi
3443 3330 3499 3381 et
3519 3331 3708 3397 potus.
3728 3327 3867 3384 Scio

2160 3436 2391 3491 quoque
2421 3420 2492 3475 ad
2527 3419 2682 3473 hunc
2712 3417 3009 3473 hominem
3040 3416 3098 3471 in
3129 3416 3441 3487 phantasia
3480 3417 3702 3472 venisse
3747 3418 3863 3472 da-

2162 3525 2381 3578 mones,
2432 3509 2805 3564 ostendentes
2854 3506 3146 3578 angelicos
3196 3505 3499 3575 exercitus,
3542 3509 3601 3561 et
3652 3523 3867 3564 currus

2162 3599 2336 3669 ignis,
2373 3605 2425 3654 et
2451 3599 2664 3655 multos
2692 3597 2989 3664 satellites,
3014 3601 3295 3667 tanquam
3321 3596 3573 3667 alicujus
3596 3599 3750 3671 regis
3774 3615 3869 3655 ve-

2163 3689 2403 3758 nientis,
2435 3693 2492 3743 et
2522 3690 2572 3745 ei
2603 3689 2863 3745 dicentes
2889 3704 2904 3748 :
2928 3689 2989 3743 In
3015 3687 3290 3743 omnibus
3329 3691 3384 3743 te
3406 3692 3557 3743 recte
3579 3692 3637 3744 et
3655 3704 3723 3745 ex
3744 3688 3868 3745 vir-

2160 3781 2283 3834 tute
2312 3778 2565 3849 gessisti,
2600 3795 2630 3834 o
2662 3778 2874 3847 homo;
2909 3778 2978 3833 de
3020 3781 3224 3834 caetero
3256 3793 3349 3834 me
3388 3778 3587 3847 adora,
3632 3782 3689 3834 et
3730 3785 3872 3834 tan-

2162 3886 2339 3942 quam
2372 3869 2549 3924 Eliam
2578 3874 2632 3924 te
2652 3885 2969 3924 assumam.
2995 3866 3234 3923 Dicebat
3254 3870 3449 3923 autem
3473 3867 3627 3939 apud
3652 3884 3713 3922 se
3736 3884 3872 3923 mo-

2162 3958 2387 4015 nachus
2423 3975 2435 4014 :
2467 3960 2655 4015 Adoro
2707 3957 2965 4029 quotidie
3007 3958 3214 4028 Regem
3265 3973 3460 4013 meum
3503 3962 3561 4013 et
3600 3958 3870 4016 Servato-

2161 4066 2326 4116 rem;
2377 4052 2433 4103 et
2483 4048 2533 4103 si
2583 4047 2678 4103 hic
2728 4051 2879 4103 esset
2928 4045 3045 4115 ille,
3099 4063 3211 4102 non
3258 4046 3365 4101 hoc
3409 4064 3442 4102 a
3496 4062 3591 4103 me
3622 4053 3865 4119 peteret.

2161 4139 2480 4208 Postquam
2527 4140 2718 4193 autem
2761 4136 2812 4191 ei
2855 4135 2999 4190 dixit
3041 4136 3193 4206 quod
3238 4135 3487 4191 habebat
3530 4136 3591 4192 in
3630 4137 3867 4205 animo;

2160 4228 2473 4283 Dominum
2510 4243 2706 4282 meum
2739 4233 2789 4281 et
2823 4228 3040 4297 Regem
3076 4225 3257 4281 habeo
3283 4226 3489 4294 Deum,
3515 4242 3691 4298 quem
3715 4243 3870 4283 sem-

2160 4335 2259 4389 per
2290 4319 2484 4380 adoro,
2516 4322 2579 4373 tu
2613 4321 2807 4373 autem
2840 4333 2956 4372 non
2988 4333 3049 4373 es
3094 4333 3191 4373 rex
3231 4332 3418 4386 meus,
3460 4318 3557 4373 ille
3594 4318 3863 4388 protinus

2159 4408 2407 4463 evanuit.
2442 4407 2572 4463 Haec
2603 4411 2795 4463 autem
2834 4411 3115 4479 tanquam
3134 4408 3203 4463 de
3222 4406 3336 4462 alio
3356 4406 3667 4475 disserens,
3691 4408 3861 4462 insti-

2158 4500 2285 4553 tuta
2315 4498 2439 4552 vitm
2474 4513 2607 4564 suae,
2644 4501 2700 4552 et
2732 4513 2822 4553 res
2853 4500 3045 4568 gestas
3086 4496 3315 4553 volebat
3348 4496 3543 4554 celare.
3596 4495 3696 4559 Qui
3738 4512 3852 4550 au-

2157 4592 2276 4643 tem
2312 4605 2427 4644 una
2474 4603 2608 4643 cum
2658 4603 2722 4643 eo
2772 4591 2934 4642 erant
2981 4595 3186 4657 patres,
3239 4602 3368 4643 eum
3416 4583 3668 4639 dicebant
3715 4581 3843 4638 haec

345 4668 674 4740 decipiaris.
715 4670 798 4725 Ad
844 4677 894 4726 te
936 4672 1091 4727 enim
1134 4672 1364 4729 venient
1408 4675 1612 4733 fratres
1658 4695 1805 4750 quos
1838 4680 2048 4737 admo-
2080 4674 2124 4740 D
2156 4678 2393 4734 vidisse-

345 4758 547 4826 nuisti,
594 4762 650 4814 et
679 4759 921 4816 afferent
954 4761 1025 4815 ad
1059 4764 1113 4816 te
1145 4762 1421 4832 eulogias,
1460 4781 1603 4836 quas
1636 4784 1770 4823 cum
1804 4786 2045 4843 accepe-

344 4846 443 4913 ris,
473 4848 719 4903 vesceris
750 4865 884 4905 cum
917 4850 1082 4921 ipsis,
1115 4856 1170 4906 et
1202 4857 1475 4924 perpetuo
1498 4854 1611 4911 Deo
1642 4872 1779 4927 ages
1810 4861 2042 4927 gratias.

415 4934 544 4989 Ilaec
574 4952 708 5007 ergo
758 4939 921 4993 vobis
979 4941 1229 5007 narravi,
1272 4959 1303 4996 o
1355 4942 1482 5008 filii,
1535 4950 1600 5000 ut
1650 4946 2042 5006 humilitatem

341 5024 677 5090 exerceatis,
712 5041 813 5080 seu
849 5027 908 5081 in
951 5031 1165 5099 parvis,
1198 5047 1301 5086 seu
1334 5031 1392 5085 in
1429 5035 1659 5105 magnis
1692 5052 1820 5092 esse
1848 5038 2044 5095 vidca-

344 5113 511 5168 mini.
557 5112 675 5169 Hoc
715 5119 802 5169 est
833 5117 984 5171 enim
1016 5120 1273 5188 primum
1309 5132 1660 5194 praeceptum
1702 5128 2040 5195 Servatoris,

342 5203 444 5276 qui
475 5202 617 5258 dicit
650 5219 662 5258 :
699 5204 857 5259 Beati
890 5223 1173 5277 pauperes
1206 5211 1438 5281 spiritu,
1473 5215 1747 5285 quoniam
1782 5216 2041 5286 ipsorum

340 5298 428 5350 est
458 5310 700 5367 regnum
734 5293 1012 5350 caelorum
1054 5297 1273 5368 (Matth.
1308 5302 1404 5374 vr).
1458 5307 1524 5357 Et
1566 5322 1635 5361 ne
1668 5306 2041 5378 decipiamini

337 5401 370 5439 a
401 5384 782 5456 daemonibus,
818 5382 919 5457 qui
953 5384 1114 5441 vobis
1148 5388 1272 5443 visa
1301 5394 1355 5444 et
1386 5392 1723 5461 phantasias
1757 5399 2038 5466 excitant;

337 5476 434 5529 sed
470 5475 513 5528 si
555 5475 688 5546 quis
719 5477 791 5533 ad
822 5475 1063 5545 venerit,
1114 5481 1215 5532 aut
1265 5479 1457 5547 frater,
1489 5489 1589 5539 aut
1636 5486 1890 5556 amicus,
1939 5491 2040 5543 aut

336 5561 567 5630 mulier,
601 5569 698 5620 aut
729 5571 910 5638 pater,
948 5570 1048 5623 aut
1087 5568 1387 5639 magister.
1422 5578 1518 5629 aut
1558 5581 1764 5649 mater,
1806 5584 1907 5635 aut
1947 5597 2038 5635 so-

333 5667 450 5718 ror,
482 5654 734 5722 primum
767 5659 1055 5715 cxtendite
1086 5675 1294 5717 manus
1329 5663 1398 5717 ad
1424 5666 1782 5737 orationem;
1818 5674 1873 5724 et
1893 5672 1941 5725 si
1966 5672 2040 5726 sit

334 5742 705 5817 phantasma,
741 5747 919 5822 fugiet
949 5767 982 5806 a
1010 5750 1187 5808 vobis.
1235 5752 1300 5809 Et
1324 5752 1372 5809 si
1394 5771 1496 5811 vos
1519 5756 1813 5830 decipiant
1833 5760 2042 5818 daemo-

2225 4769 2355 4824 Haec
2386 4772 2441 4823 et
2471 4768 2616 4824 alias
2648 4767 2832 4824 multa
2862 4768 3031 4825 nobis
3074 4786 3322 4825 narrans
3353 4769 3552 4824 beatus
3578 4767 3852 4835 Joannes,

2154 4863 2210 4913 et
2239 4863 2357 4914 tres
2388 4858 2513 4913 dies
2559 4857 2631 4912 ad
2663 4874 2874 4914 nonam
2915 4875 3103 4930 usque
3148 4860 3459 4927 disserens,
3496 4862 3719 4914 nostras
3749 4874 3856 4913 cu-

2154 4948 2300 5004 ravit
2331 4948 2574 5004 animas.
2608 4948 2754 5003 Cum
2787 4952 2981 5005 autem
3014 4948 3273 5006 dedisset
3302 4950 3471 5005 nobis
3503 4946 3857 5005 benedictio-

2154 5056 2275 5105 nes,
2304 5038 2481 5108 jussit
2509 5038 2590 5093 ire
2620 5038 2678 5092 in
2727 5055 2885 5109 pace,
2927 5038 3092 5095 nobis
3140 5056 3373 5111 quoque
3415 5039 3571 5095 dicta
3602 5039 3853 5109 quadam

2152 5128 2454 5201 prophetia
2487 5146 2499 5184 :
2534 5128 2736 5196 Hodie,
2778 5129 2985 5197 aiebat,
3032 5130 3298 5185 nuntiata
3326 5134 3417 5185 est
3446 5130 3558 5199 (95)
3606 5127 3855 5184 Alexan-

2151 5220 2289 5274 driae
2336 5218 2571 5274 victoria
2600 5218 2846 5274 maxime
2879 5219 2957 5290 pii
2986 5219 3316 5286 Theodosii,
3355 5223 3589 5291 propter
3621 5218 3689 5272 de
3724 5233 3862 5273 me-

2151 5308 2243 5363 dio
2277 5308 2570 5362 sublatum
2604 5312 2916 5379 tyrannum
2949 5308 3320 5379 Eugeemum,
3344 5312 3402 5364 et
3424 5306 3865 5380 oporterimpe-

2152 5407 2399 5454 ratorem
2445 5397 2591 5451 mori
2638 5402 2823 5453 morte
2865 5397 3116 5470 propria,
3164 5399 3317 5470 quod
3371 5398 3609 5469 quidem
3654 5412 3861 5452 revera

2150 5487 2231 5542 ita
2262 5487 2382 5541 fieri
2425 5486 2685 5558 contigit.
2736 5487 2970 5543 Licebat
3011 5491 3205 5544 autem
3251 5503 3488 5544 cernere
3520 5484 3863 5541 multitudi-

2150 5593 2281 5633 nem
2312 5592 2510 5632 eorum
2533 5576 2789 5648 quicum
2820 5579 2942 5650 ipso
2965 5581 3127 5633 erant
3151 5576 3570 5634 monachorum
3594 5577 3655 5630 in
3681 5573 3868 5631 ecclev

2150 5668 2265 5724 sias
2285 5666 2453 5723 veluti
2476 5668 2757 5738 quosdam
2778 5668 3068 5738 iustorum
3096 5668 3325 5735 choros,
3353 5666 3566 5724 lucidis
3587 5666 3858 5721 vestibus

2147 5758 2405 5828 indutos,
2438 5763 2493 5814 et
2518 5759 2747 5832 hymnis
2779 5759 3035 5817 assiduis
3064 5759 3245 5818 Deum
3277 5758 3697 5833 gloriﬁcantes.
