4074 6278
379 335 536 396 1129

373 472 713 550 ἀπεχούσης,
762 473 852 528 καὶ
901 476 998 528 τοῦ
1045 471 1322 547 καύματος
1362 475 1524 530 αὐτὸν
1571 473 1856 542 θλίϐοντος
1895 477 2018 535 ἐκο-
2047 481 2101 549 Α

373 567 531 622 πίασε
565 610 579 625 ,
630 565 870 620 κατενόει
926 562 981 619 δὲ
1038 563 1302 621 πάντοθεν
1369 567 1563 623 ἑαυτοῦ
1626 568 1815 642 κύκλῳ
1870 591 2023 645 περι-

375 659 591 711 σκοπῶν
637 651 791 708 εί’που
851 656 1218 729 μοναστήριον
1271 656 1587 733 ἀναφανείη,
1639 659 1728 712 καὶ
1769 657 2025 714 εἰσελθὼν

371 743 782 816 ἀναπαύσηται·
837 742 971 817 ὅπερ
1014 743 1102 798 καὶ
1150 743 1411 820 γέγονεν·
1466 744 1873 821 ὑποδεξαμένων
1929 747 2022 802 αὐ-

371 835 465 892 τόν
495 856 660 891 τινων
715 828 960 888 εὺλαϐῶν
1007 833 1095 889 καὶ
1140 839 1346 889 πιστῶν
1394 833 1644 914 ἀδελφῶν
1676 855 1688 869 °
1723 835 1775 891 ο⁹ί
1806 834 1878 900 ὧς
1913 845 2022 892 Πα-

370 924 498 1000 τέρα
539 927 764 1000 γνήσιον
799 922 1117 996 θεασάμενοι
1160 918 1344 997 ἔνιψαν
1393 925 1495 994 τὴν
1547 926 1670 1001 δψιν
1717 928 1882 981 αὐτοῦ
1931 928 2018 981 καὶ

371 1012 500 1075 τοὺς
559 1011 752 1080 πόδας,
821 1011 910 1067 καὶ
979 1013 1272 1085 εὐξάμενος
1337 1015 1604 1088 τράπεζαν
1672 1014 2020 1089 παραθέντες,

370 1108 479 1158 τῶν
541 1101 862 1177 εὑρεθέντων
922 1101 1106 1172 ἠξίουν
1170 1101 1304 1175 μετᾶ
1359 1104 1580 1179 ἀγάπης
1644 1099 1967 1176 μεταλαϐεῖν
2003 1147 2020 1163 .

374 1196 462 1255 Ὧς
495 1191 551 1247 δὲ
580 1192 928 1262 ἀνεκτήσατο,
979 1188 1145 1264 ᾔτουν
1200 1193 1474 1264 σωτηρίας
1525 1190 1692 1267 λόγον
1742 1195 1866 1266 παρ’
1921 1191 2021 1247 αὐ-

371 1287 468 1337 τοῦ
499 1283 550 1336 οἱ
589 1279 817 1357 ἀδελφοὶ
850 1280 1126 1356 λέγεσθαι,
1157 1282 1246 1335 καὶ
1278 1280 1420 1344 οἵαις
1454 1279 1733 1353 μεθοδίαις
1771 1279 2019 1337 δύναιντο

375 1374 610 1441 σωθῆναι
642 1367 702 1426 ἔκ
729 1379 829 1442 τῆς
877 1375 973 1428 τοῦ
1004 1367 1267 1428 διαϐόλου
1307 1371 1557 1448 παγίδος,
1608 1371 1698 1427 καὶ
1748 1377 1865 1434 πῶς
1910 1377 2019 1428 τῶν

374 1461 618 1536 αἰσχρῶν
680 1459 968 1535 λογισμῶν
1024 1461 1463 1536 περιγένωνται.
1516 1465 1578 1519 Ὁ
1608 1459 1665 1516 δὲ
1712 1461 1895 1523 αὐτοῖς
1944 1463 2020 1524 ὡς

372 1551 553 1624 πατὴρ
611 1546 769 1606 τέ’κνα
834 1552 1097 1606 νουθετῶν
1166 1553 1397 1625 παρήνει
1481 1555 1902 1626 προσκαρτερεῖν
1967 1548 2020 1604 ἐν

373 1643 489 1700 τοῖς
543 1641 731 1703 πόνοις
790 1639 976 1715 ὀλίγον
1037 1640 1258 1714 ὕστερον
1319 1639 1396 1702 εἷς
1445 1640 1740 1694 ἀνάπαυσιν
1799 1636 2016 1706 πολλὴν

378 1729 790 1803 μεθισταμένοις
835 1747 849 1762 ο
918 1729 1008 1783 καὶ
1075 1727 1261 1783 πολλά
1331 1725 1489 1804 ἕτερα
1553 1729 1676 1803 περὶ
1742 1728 2021 1799 ἀσκήσεως

1671 334 2045 401 HISTORIA
2085 334 2496 400 LAUSIACA.

3622 335 3652 395 1
3664 333 3780 396 130

2205 479 2367 533 ’Ὡστε
2433 473 2523 530 οὖν
2582 473 2671 530 καὶ
2733 475 2886 548 ὑμεῖς
2942 475 3042 544 την
3099 473 3336 547 ἡσυχίαν
3416 473 3779 546 μεταδιώξατε

2133 568 2272 642 πρὸς
2329 567 2430 636 τήν
2490 564 2716 640 θεωρίαν
2777 565 2856 618 ἀεὶ
2919 562 3348 641 γυμνὰζόμενοι,
3401 561 3490 618 ’ίνα
3544 566 3776 638 καθαρὸν

2126 661 2258 712 ’νοῦν
2341 657 2616 726 κτήσησθε
2681 657 2760 726 τῷ
2827 657 2942 725 Θεῷ
3015 654 3446 728 προσευχόμενοι
3507 698 3522 712 .
3601 653 3777 716 Καλὸς

2137 748 2232 821 μὲν
2262 747 2362 823 γὰρ
2404 745 2649 806 κάκεῖνος
2683 745 2710 797 6
2743 745 2981 814 ἀσκητὴς
3015 745 3042 796 ὁ
3076 748 3317 816 συνεχῶς
3366 741 3417 797 ἐν
3464 747 3544 816 τῷ
3589 745 3771 820 κόσμῃ

2132 837 2576 912 γυμναζόμενος,
2645 834 2736 887 καὶ
2803 833 2926 907 περί
2993 833 3088 893 τὰς
3151 829 3322 894 καλὰς
3395 833 3612 904 πράξεις
3678 832 3773 886 ἐπ-

2132 924 2570 1000 ασχολούμενος,
2631 923 2658 976 6
2725 923 2824 989 τήν
2885 917 3241 997 φιλαδελφίαν
3299 917 3771 994 ἐπιδείκνύμενος,

2130 1013 2221 1073 καί
2266 1015 2364 1082 τήν
2415 1010 2745 1084 φιλοξενίαν,
2799 1011 2888 1064 καὶ
2949 1010 3184 1084 ἀγάπην,
3251 1008 3340 1062 καὶ
3399 1008 3772 1082 ἐλεημοσύνας

2132 1102 2614 1178 διαπραττόμενος,
2673 1102 2762 1155 καὶ
2831 1101 3130 1174 εὐεργετῶν
3187 1097 3313 1159 τοὺς
3365 1093 3634 1171 παρόντας
3681 1100 3771 1153 καὶ

2128 1199 2245 1254 τοῖς
2278 1196 2543 1267 κάμνουσι
2576 1193 2822 1266 βοηθῶν,
2854 1190 2944 1244 καὶ
2994 1186 3422 1249 ἀσκασδάλιστος
3457 1186 3728 1260 διαμένων
3757 1209 3770 1224 ο

2131 1283 2310 1345 Καλὸς
2365 1284 2457 1356 μὲν
2519 1283 2674 1343 οὗτος
2733 1279 2821 1336 καὶ
2880 1279 3018 1334 πάνυ
3049 1276 3259 1339 καλόςο
3320 1278 3614 1352 πρακτικὸς
3671 1279 3773 1353 γάρ

2132 1375 2288 1436 οὗτος
2311 1375 2402 1428 καὶ
2449 1371 2683 1449 ἐργάτης
2733 1370 2844 1426 ἐστὶ
2891 1373 2998 1424 τῶν
3047 1367 3302 1440 ἐντολῶν,
3348 1367 3495 1423 ἀλλὰ
3539 1367 3663 1442 περὶ
3709 1368 3776 1423 τὰ

2129 1466 2294 1540 γήϊνα
2331 1461 2652 1537 ἀσχολεῖται
2678 1504 2690 1518 .
2743 1460 3012 1536 Κρείττων
3053 1480 3112 1532 γε
3147 1460 3255 1532 μὴν
3284 1458 3480 1513 τούτου
3521 1451 3618 1513 ’καὶ
3654 1458 3775 1540 μείτ

2131 1558 2236 1623 ζων
2267 1553 2295 1607 6
2322 1551 2655 1627 θεωρητικὸς
2700 1548 2904 1613 ἐκεῖνος
2946 1549 2974 1602 6
3015 1547 3121 1602 ἀπὸ
3167 1551 3274 1602 τῶν
3326 1551 3635 1621 πρακτικῶν
3686 1539 3776 1602 ἐπὶ

2127 1643 2228 1712 τὴν
2260 1643 2444 1712 νόησιν
2473 1639 2823 1714 ἀναδραμὼν,
2856 1639 3046 1710 παρεὶς
3093 1637 3297 1712 ἑτέροις
3344 1641 3512 1692 ταῦτα
3559 1637 3777 1714 φρὸντί-

2132 1738 2238 1802 ζειν
2275 1774 2290 1800 ,
2357 1730 2521 1792 ἀύτὸς
2559 1728 2648 1784 δὲ
2711 1730 2802 1784 καὶ
2869 1729 3055 1783 ἑαυτὸν
3123 1729 3620 1803 ἀπαρνησάμενος,
3685 1728 3775 1782 καὶ

375 1817 561 1880 αὐτοῖς
621 1816 1007 1894 διαλεγόμενός
1060 1815 1180 1872 λίαν
1229 1815 1518 1894 ὠφέλησε.
1567 1815 1913 1891 Παυσάμενος
1965 1813 2020 1870 δέ
2051 1849 2100 1914 Β
2131 1819 2324 1874 ἑαυτοῦ
2376 1817 2558 1888 λήθην
2638 1811 2782 1891 ἔχων
2850 1815 3308 1892 πολυπραγμονεῖ
3379 1815 3447 1870 τὰ
3508 1814 3728 1889 οὐράνια
3761 1857 3775 1884 ,

372 1918 471 1979 τῆς
499 1910 803 1979 νουθεσίας,
835 1910 925 1966 καὶ
960 1911 1152 1986 μικρὸν
1193 1907 1246 1965 ἐν
1279 1912 1452 1984 ἐαυτῷ
1487 1909 1801 1986 γινόμενος,
1836 1907 2019 1964 διελο-

373 2000 557 2074 γίζετο
623 2004 741 2062 πῶς
809 1997 1016 2062 ἄλλους
1091 2001 1354 2054 νουθετῶν
1432 1999 1592 2061 αὐτὸς
1661 1998 2020 2068 ἀνουθέτητος

373 2084 582 2162 ἔμεινεν
617 2132 630 2145 .
682 2088 782 2143 Καὶ
833 2085 1064 2143 συνιδὼν
1122 2088 1314 2142 ἑαυτοῦ
1363 2089 1460 2157 τήν
1508 2091 1694 2158 ήτταν,
1756 2086 2022 2160 δρομαῖος

372 2177 542 2232 πάλιν
574 2175 662 2232 ἐπὶ
693 2178 792 2246 τήν
828 2174 1036 2250 ἔρημον
1082 2175 1304 2252 ἐχώρει,
1355 2175 1761 2252 ἀποδυρόμενος
1809 2175 2020 2243 ἑαυτὸν,

370 2267 458 2322 καὶ
491 2265 705 2342 λέγων·
746 2267 809 2322 Εἰ
845 2268 921 2340 μὴ
986 2267 1072 2320 ὅτι
1131 2265 1329 2342 Κύριος
1378 2261 1648 2337 ἐϐοήθησέ
1704 2286 1820 2339 μοι,
1879 2267 2024 2338 παρά

376 2355 554 2431 βραχὺ
604 2355 900 2430 παρῴκησε
944 2360 1022 2428 τῷ
1071 2352 1173 2430 ’ᾄδῃ
1222 2357 1256 2425 ἡ
1323 2357 1476 2430 ψυχή
1534 2373 1675 2428 μου·
1728 2355 1840 2424 καὶ,
1896 2356 2022 2427 παρ’

372 2444 568 2521 ὀλίγον
612 2440 872 2520 ἐγενόμην
921 2444 974 2498 ἐν
1013 2445 1170 2500 παντὶ
1219 2444 1409 2514 κακῷο
1459 2444 1605 2517 παρὰ
1657 2443 1848 2518 μικρὸν
1901 2462 2022 2497 συν·

371 2531 620 2589 ετέλεσάν
658 2554 724 2606 με
756 2532 808 2587 ἐν
836 2536 904 2606 τῇ
936 2535 1033 2608 γῇ,
1073 2531 1164 2588 καὶ
1216 2534 1440 2608 γέγονεν
1482 2532 1563 2587 ἐπ’
1594 2531 1740 2604 αὐτῷ
1785 2532 1848 2586 τὸ
1879 2531 2026 2606 εἴρη-

375 2625 532 2698 μένον
557 2669 571 2689 ,
605 2622 870 2702 ’Δδελφὸς
906 2625 1008 2680 ὑπὸ
1041 2621 1279 2701 ἀδελφοῦ
1323 2625 1696 2699 βοηθούμενος
1743 2625 1816 2684 ὡς
1860 2621 2024 2684 πόλις

373 2712 593 2789 ἴσχυρά,
645 2715 734 2768 καὶ
784 2715 859 2778 ώς
912 2718 1104 2788 τεῖχος
1162 2713 1410 2769 ἄπτωτον
1444 2757 1457 2771 .
1521 2713 1620 2768 Καὶ
1675 2712 1797 2768 τότε
1855 2711 2026 2768 ἐκεῖθε

374 2802 570 2858 λοιπὸν
623 2806 830 2858 πενθῶν
885 2802 1115 2858 διετέλει
1163 2809 1336 2858 πάντα
1381 2803 1472 2857 τὸν
1526 2803 1664 2877 βίον,
1701 2803 1801 2872 τήν
1843 2803 2020 2857 θεόθεν

373 2893 641 2966 τράπεζαν
690 2893 1015 2966 ζημιωθεὶς,
1073 2894 1162 2946 καὶ
1215 2893 1351 2966 μετά
1409 2895 1657 2967 καμάτου
1713 2893 1802 2946 τὸν
1863 2890 2021 2966 ἄρτον

370 2981 533 3036 αὐτοῦ
591 2983 955 3055 ποριζόμενος
989 3023 1002 3038 .
1069 2981 1358 3056 Καϐείρξας
1414 2983 1517 3057 γὰρ
1587 2981 1774 3035 ἑαυτὸν
1834 2979 1887 3034 ἐν
1944 2985 2024 3052 τῶ

373 3068 652 3142 σπηλαίῳ,
711 3070 801 3124 καὶ
856 3070 1050 3124 σάκκον
1114 3071 1204 3123 καὶ
1265 3068 1463 3124 σποδὸν
1527 3069 1899 3143 ὑποστρώσας,
1959 3071 2021 3124 οὐ

369 3161 637 3235 πρότερον
679 3158 870 3229 ἀνέστη
922 3160 1190 3233 χαμόθεν,
1245 3156 1371 3212 οὐδὲ
1427 3156 1693 3213 ἐπαύσατο
1751 3155 2021 3232 ἀποδυρό-

373 3223 555 3323 μενος,
613 3245 716 3310 ἕως
765 3254 952 3325 φωνῆς
998 3246 1224 3302 ἀκοῦσαι
1291 3245 1525 3322 ἀγγέλου
1585 3246 1840 3321 λέγοντος
1892 3249 2026 3321 πρὸς
2058 3223 2100 3289 C

369 3339 528 3394 αὐτὸν
559 3343 676 3392 κατ’
708 3335 838 3412 ὅναρ
865 3379 878 3394 .
924 3335 1175 3407 Ἐδέξατο
1209 3337 1236 3390 6
1269 3336 1399 3398 Θεὸς
1437 3337 1536 3405 τήν
1574 3337 1858 3409 μετάνοιάν
1905 3357 2022 3405 σου,

367 3430 453 3483 καὶ
488 3427 695 3497 ἠλέησέ
725 3449 844 3499 σου,
875 3427 964 3482 καὶ
1008 3431 1104 3480 τοῦ
1148 3424 1371 3498 λοιποῦ,
1422 3424 1521 3501 δρα
1572 3426 1647 3499 μὴ
1700 3425 2020 3500 ἀπατηθῇς.

369 3515 716 3575 Ἐλεύσονται
747 3514 803 3570 δὲ
835 3518 885 3570 οἱ
917 3514 1146 3594 ἀδελφοὶ
1177 3517 1312 3590 πρὸς
1341 3516 1420 3585 σὲ,
1467 3513 1909 3590 παρακαλοῦντές
1943 3535 2019 3586 σε,

370 3606 460 3667 οὓς
511 3606 573 3660 σὺ
622 3605 997 3676 ἐνουθέτησας,
1053 3606 1144 3660 καὶ
1193 3605 1452 3678 κομιοῢσί
1501 3625 1586 3658 σοι
1630 3604 1909 3682 εὖλογίας,
1960 3603 2019 3667 ἃς

374 3693 770 3769 ὑποδεξάμενος
833 3694 1124 3770 μεταλήψῃ
1187 3693 1283 3748 σὺν
1333 3693 1545 3762 αὐτοῖς,
1603 3694 1691 3748 καὶ
1764 3699 1844 3767 τῷ
1903 3698 2019 3766 Θεῷ

373 3787 659 3848 διαπαντὸς
702 3787 1117 3862 εὐχαριστήσεις
1145 3830 1158 3844 .
1192 3787 1374 3842 Ταῦτα
1420 3783 1534 3856 οὖν,
1585 3785 1630 3838 ὧ
1659 3785 1838 3855 τέκνα,
1889 3785 2014 3859 ὑμῖν

374 3877 739 3950 ὑφηγησάμην
789 3919 803 3945 ,
867 3875 962 3928 ’ίνα
1042 3876 1141 3942 τὴν
1225 3873 1724 3950 ταπεινοφροσύνην
1791 3875 2014 3949 πρώτην

371 3962 668 4034 ἀσκήσητε,
717 3966 812 4017 κᾶν
843 3962 894 4018 ἐν
946 3961 1209 4037 μεγάλοις
1259 3960 1450 4034 δόξητε
1497 3962 1670 4018 εἶναι.
1719 3963 1870 4032 Αὕτη
1911 3965 2011 4039 γὰρ

370 4050 512 4107 ἐστιν
544 4054 578 4121 ἡ
613 4053 804 4126 πρώτη
840 4055 936 4107 τοῦ
969 4057 1226 4124 Σωτῆρος
1260 4049 1481 4120 ἐντολὴ,
1533 4050 1794 4125 λέγοντος
1828 4095 1842 4108 .
1890 4053 2011 4107 Μα-

369 4141 550 4214 κάριοι
601 4141 656 4193 οἱ
699 4142 917 4214 πτωχοὶ
966 4143 1044 4211 τῷ
1089 4138 1376 4212 πνεύματι,
1442 4137 1526 4194 ὅτι
1573 4138 1747 4192 αὐτῶν
1785 4137 1924 4194 ἐστιν
1973 4143 2008 4210 ἡ

367 4228 620 4302 βασιλεία
649 4233 754 4284 τῶν
809 4228 1078 4303 οὐρανῶν·
1128 4227 1219 4282 καὶ
1266 4226 1357 4282 ἵνα
1408 4229 1484 4301 μὴ
1537 4229 1850 4297 ἀπατηθῆτε
1905 4229 2008 4284 ὑπὸ

361 4323 468 4374 τῶν
499 4317 796 4393 δαιμόνων,
828 4311 940 4379 τάξ
969 4318 1262 4394 φαντασίας
1312 4318 1438 4390 ὑμῖν
1490 4315 1808 4392 ἐγειρόντων
1834 4335 1846 4349 ·
1879 4316 2008 4372 ἀλλ’

363 4409 452 4464 ἐάν
481 4430 563 4474 τις
591 4407 724 4484 ἔλθῃ
766 4408 902 4482 πρὸς
955 4406 1093 4480 ὑμᾶς
1139 4404 1395 4484 ἀδελφὸς,
1427 4406 1462 4475 ἢ
1496 4405 1679 4483 φίλος,
1712 4405 1746 4474 ἢ
1776 4408 1936 4483 γυνὴ,
1969 4409 2004 4478 ἢ

361 4501 564 4573 πατὴρ,
597 4497 632 4568 ἤ
669 4500 876 4572 μήτηρ,
910 4495 944 4566 ἢ
978 4495 1234 4576 ἀδελφὸς,
1265 4495 1300 4564 ἢ
1343 4492 1689 4567 διδάσκαλος,
1721 4495 1755 4565 ἢ
1789 4501 1934 4559 παῖς,
1968 4496 2002 4566 ἢ

2133 1908 2358 1972 εὕλυτος
2387 1909 2597 1964 πάντων
2629 1912 2708 1980 τῷ
2749 1912 2866 1979 Θεῷ
2915 1905 3336 1980 παριστάμενος,
3389 1907 3478 1960 ὑπ’
3519 1904 3775 1980 οὐδεμιᾶς

2133 1997 2420 2077 φροντίδος
2479 1997 2660 2073 ἐτέρας
2709 1998 2928 2053 ὅπισοεν
2977 1998 3404 2070 κατασπώμενος
3443 2013 3458 2027 ’
3508 1997 3564 2051 Ὀ
3606 2001 3778 2050 τοιοῦ-

2129 2112 2229 2154 τος
2277 2090 2380 2167 γὰρ
2430 2093 2546 2161 Θεῷ
2586 2089 2838 2163 συνάγει,
2899 2091 3015 2158 Θεῷ
3079 2084 3556 2160 συμπολιτεύεται,
3603 2084 3773 2140 ἀπαύο

2133 2202 2278 2243 στοις
2311 2181 2504 2256 ὕμνοις
2535 2179 2615 2236 ἀεὶ
2649 2181 2832 2253 ὑμνῶν
2862 2180 2990 2236 Θεόν
3017 2223 3032 2240 .

2205 2361 2334 2419 Οἶδα
2366 2363 2471 2438 γὰρ
2502 2359 2608 2437 ἐγὼ
2637 2360 2921 2434 ἄνθρωπον
2954 2356 3007 2413 έν
3053 2363 3122 2433 τῇ
3156 2358 3370 2432 ἐρήμῳ,
3431 2356 3599 2432 μηδὲν
3650 2360 3780 2433 γήϊ-

2133 2472 2224 2506 νον
2260 2452 2458 2526 βρῶμα
2501 2450 2588 2505 ἐπὶ
2636 2447 2765 2504 δέκα
2808 2443 2899 2518 ἔτη
2949 2445 3277 2524 γευσαμένον
3306 2467 3318 2480 ·
3372 2445 3498 2502 ἀλλ’
3545 2445 3779 2522 ἅγγελος

2134 2539 2280 2611 αὐεῷ
2330 2541 2466 2594 κατὰ
2510 2543 2656 2612 τρεῖς
2698 2537 2908 2613 ἡμέρας
2952 2535 3200 2611 οὐράνιον
3251 2537 3448 2611 βρῶμα
3504 2534 3777 2608 ἐκόμιζεν,

2133 2632 2222 2686 καὶ
2274 2625 2502 2685 ἔϐαλλεν
2563 2629 2726 2684 αὐτοῦ
2776 2629 2851 2692 εἷς
2907 2627 2970 2683 τὸ
3023 2627 3219 2701 στόμα,
3269 2627 3359 2681 καὶ
3415 2630 3576 2681 τοῦτο
3628 2627 3778 2695 αὐτῷ

2134 2720 2248 2776 ἀντὶ
2277 2725 2485 2797 τροφῆς
2516 2721 2605 2774 καὶ
2637 2718 2806 2774 πότου
2851 2717 3057 2792 ἐγίνετο
3085 2761 3098 2774 .
3149 2717 3246 2770 Καὶ
3297 2713 3421 2771 οἶδα
3464 2715 3555 2772 τὸν
3603 2720 3781 2771 τοιοῦο

2131 2829 2225 2863 τον
2284 2805 2604 2882 ἄνθρωπον,
2664 2805 2746 2860 ὅτι
2803 2805 2974 2874 ἦλθον
3033 2806 3167 2880 πρὸς
3236 2804 3392 2858 αὐτὸν
3470 2802 3522 2858 ἐν
3576 2825 3780 2882 φαντα-

2134 2899 2274 2959 σίαις
2314 2898 2366 2952 οῖ
2407 2895 2682 2969 δαίμονες,
2723 2895 3020 2970 ἀγγελικάς
3062 2895 3312 2968 στρατιὰς
3368 2891 3778 2960 ἐπιδείκνυντες,

2133 2989 2224 3043 καὶ
2256 2987 2471 3060 ἅρματα
2501 2987 2692 3060 πυρὸς,
2739 2986 2828 3038 καὶ
2879 2983 3180 3058 δορυφορία
3229 2982 3417 3053 πολλή
3471 2986 3568 3056 [αἱ.
3619 2982 3778 3057 δορυ-

2134 3075 2330 3153 φορίαν
2362 3073 2628 3146 πολλὴν],
2681 3075 2772 3127 οἶά
2816 3093 2874 3126 τε
2925 3072 3195 3146 βασιλέως
3245 3071 3392 3133 τινὸς
3437 3069 3779 3144 ἐπιδημοῦν-

2131 3186 2246 3235 τος,
2277 3164 2366 3219 καὶ
2399 3163 2651 3239 λέγοντες
2706 3165 2802 3235 [αι.
2839 3160 3121 3236 λέγουτος]
3173 3161 3318 3233 αὐτῷ
3343 3177 3358 3192 ⁸
3407 3161 3779 3234 Κατώρθωσας

2131 3255 2322 3323 πάντα,
2355 3253 2624 3328 ἄνθρωπε,
2659 3251 2853 3307 λοιπὸν
2879 3251 3222 3323 προκύνησόν
3259 3270 3345 3324 με,
3369 3250 3458 3305 καὶ
3490 3251 3564 3312 ὡς
3591 3249 3777 3305 Ἠλίαν

2133 3365 2191 3399 σε
2221 3343 2616 3416 ἀναλήψομαι.
2658 3340 2850 3417 Ἔλεγε
2899 3339 2956 3396 δὲ
3008 3341 3035 3394 ὁ
3090 3341 3333 3415 μοναχὸς
3379 3337 3431 3393 ἐν
3489 3343 3559 3412 τῇ
3607 3340 3774 3394 αὐτοῦ

2133 3431 2342 3504 διανοίᾳ
2375 3451 2389 3466 ο
2442 3431 2764 3506 Καθημέραν
2810 3435 3098 3507 προσκυνῶ
3154 3431 3234 3501 τῷ
3279 3428 3396 3500 ἐμῷ
3443 3429 3660 3504 βασιλεῖ
3697 3433 3775 3501 τῷ

2133 3525 2376 3597 Σωτῆρι,
2407 3523 2496 3577 καί
2528 3521 2574 3576 εί
2613 3523 2679 3590 ἦν
2732 3522 2889 3582 οὗτος
2933 3519 3155 3588 ἐκεῖνος,
3208 3517 3306 3573 οὐκ
3353 3517 3413 3573 ἃν
3465 3519 3592 3592 παρ’
3638 3517 3773 3592 ἐμοῦ

2126 3616 2290 3668 τοῦτο
2320 3614 2438 3687 ᾔτει
2460 3657 2474 3671 .
2508 3615 2596 3674 Ὦς
2627 3608 2683 3665 δέ
2716 3610 2882 3684 μόνον
2913 3611 3055 3664 εἶπεν
3093 3608 3143 3661 ἐν
3177 3609 3350 3679 ἑαυεῷ
3399 3609 3466 3662 τά
3511 3613 3614 3677 τῆς
3653 3605 3772 3662 δια-

2127 3703 2296 3772 νοίας,
2329 3701 2414 3757 ὅτι
2444 3705 2604 3776 ’Έχω
2635 3700 2740 3775 ἐγὼ
2769 3701 2860 3755 τὸν
2893 3698 3026 3772 ἐμὸν
3064 3695 3292 3772 βασιλέα
3317 3698 3454 3771 [καὶ]
3483 3701 3572 3752 τὸν
3616 3697 3768 3768 Θεὸν,

2127 3789 2183 3846 ὅν
2217 3791 2299 3846 ἀεὶ
2330 3794 2637 3866 προσκυνῶ,
2671 3788 2734 3843 σὺ
2785 3787 2841 3843 δὲ
2884 3788 2982 3842 οὐκ
3019 3787 3069 3842 εἶ
3102 3785 3234 3859 ἐμὸς
3286 3785 3566 3860 βασιλεὺς,
3612 3785 3769 3848 εὐθὺς

2125 3878 2355 3947 ἄφαντος
2384 3877 2637 3955 γέγονεν.
2680 3882 2860 3932 Ταῦτα
2909 3873 2966 3929 δὶ
3006 3876 3082 3935 ὡς
3125 3874 3249 3950 περὶ
3293 3871 3467 3930 ἄλλου
3518 3871 3770 3946 διαλεγό-

2127 3989 2304 4039 μενος,
2338 3968 2433 4028 τὰς
2461 3968 2654 4021 ἑαυτοῦ
2703 3961 2989 4026 πολιτείας
3032 3961 3285 4038 κρύπτειν
3337 3957 3649 4030 ἠϐούλετο.
3699 3963 3766 4018 Οἱ

2121 4057 2179 4113 δὲ
2237 4055 2483 4120 συνόντες
2551 4056 2698 4128 αὐτῷ
2756 4054 3008 4131 Πατέρες,
3077 4053 3238 4109 αὐτὸν
3320 4048 3506 4128 ἔλεγον
3599 4055 3766 4108 ταῦτα

2119 4143 2409 4222 ἑωρακέναι
2437 4191 2454 4209 .

2185 4421 2359 4472 Ταῦτα
2386 4418 2476 4472 καὶ
2504 4416 2649 4472 ἄλλα
2680 4413 2993 4490 πάμπολλα
3022 4418 3157 4489 ἡμῖν
3205 4413 3564 4489 διηγούμενος
3595 4415 3624 4470 ὃ
3659 4436 3759 4488 μα-

2116 4503 2306 4579 κάριος
2337 4505 2594 4576 Ἰωάννης
2629 4504 2715 4560 ἐπὶ
2762 4509 2906 4580 τρεῖς
2948 4504 3158 4581 ἡμέρας
3204 4501 3308 4567 ἕως
3350 4503 3570 4575 ἔννάτης
3615 4505 3757 4578 ὥρας

363 4586 598 4656 οἰκέτης,
633 4590 851 4660 πρῶτον
892 4584 968 4646 εἰς
1018 4585 1330 4659 προσευχὴν
1361 4583 1456 4644 τὰς
1502 4588 1696 4673 χεῖρας
1743 4583 2006 4673 ἐκτείνατε
2035 4596 2082 4662 D
2115 4592 2523 4668 διαλεγόμενος,
2553 4595 2647 4657 τὰς
2695 4595 2877 4673 ψυχὰς
2917 4597 3076 4668 ἡμῶν
3133 4595 3419 4670 ἐθεράπευε
3451 4637 3465 4651 .
3525 4593 3661 4654 Δοὺς
3701 4593 3758 4649 δὲ

362 4675 450 4730 καὶ
483 4675 569 4730 ἐὰν
671 4674 972 4753 φάντασμα,
1005 4674 1249 4752 φεύξεται
1282 4674 1370 4750 ἀφ’
1403 4675 1552 4744 ὑμῶν
1582 4689 1596 4703 ·
1639 4672 1734 4728 κᾶν
1786 4672 2006 4729 ἀπατώ-

365 4784 445 4817 σιν
491 4763 630 4835 ὑμᾶς
681 4765 733 4816 οἱ
765 4760 1016 4836 δαίμονες
1047 4764 1082 4834 ἢ
1116 4760 1388 4838 ἅνθρωποι
1430 4761 1817 4825 κολακεύοντες
1867 4764 2004 4837 ὑμᾶς

361 4851 452 4906 καὶ
515 4851 875 4920 ἐπαινοῦντες,
941 4852 1016 4921 μή
1074 4853 1258 4906 πείσθε
1303 4849 1486 4913 αὐτοῖς
1537 4849 1678 4926 μηδὲ
1725 4850 2005 4926 ἐπαίρεσθε

362 4945 430 5015 τῇ
461 4939 705 5014 διανοίᾳ.
740 4942 891 5016 Κάμὲ
938 4943 1040 5019 γάρ
1092 4942 1267 5007 οὕτως
1313 4940 1586 5006 πολλάκις
1634 4940 1918 5013 ἠπάτησαν
1952 4943 2004 4998 οἱ

362 5029 624 5105 δαίμονες
669 5029 721 5086 ἐν
769 5031 941 5103 νυκτὶ,
971 5033 1062 5087 καὶ
1111 5030 1234 5087 οὕτε
1276 5029 1521 5104 εὔξασθαί
1575 5053 1661 5106 με,
1706 5029 1829 5088 οὔτε
1876 5031 2006 5087 ἀνα-

359 5121 660 5177 παύσασθαι
727 5122 1094 5198 συνεχώρουν,
1154 5123 1443 5202 φαντασίας
1504 5123 1599 5200 μοί
1657 5144 1806 5188 τινας
1860 5143 1998 5198 παρ·

358 5210 580 5288 έχοντες
609 5210 746 5284 ὅλην
777 5214 876 5282 τὴν
908 5213 1072 5269 νύκτα
1095 5234 1108 5248 ο
1141 5215 1231 5268 καὶ
1256 5214 1406 5288 πρωῒ
1434 5215 1789 5287 ἐμπαίζοντες
1828 5233 2002 5288 προσ-

356 5300 546 5357 έπεσάν
599 5322 694 5375 μοι
738 5299 989 5379 λέγοντες
1025 5320 1038 5335 ’
1073 5304 1446 5378 Συγχώρησον
1498 5304 1657 5376 ἡμῖν,
1702 5297 1866 5368 ἂϐϐἆ,
1916 5303 1998 5358 ὅτι

353 5390 555 5454 κόπους
612 5413 698 5446 σοι
746 5393 1095 5467 παρέσχομεν
1155 5391 1292 5461 ὅλην
1332 5394 1433 5462 τὴν
1489 5391 1693 5450 νύκτα.
1750 5392 1893 5467 Ἐγὼ
1943 5389 1999 5448 δὲ

353 5484 500 5538 εἶπον
549 5505 685 5559 προς
736 5484 962 5547 αὐτούς·
1022 5485 1326 5555 Ἀπόστησε
1375 5486 1465 5541 ἀπ’
1510 5485 1645 5558 ἐμοῦ
1695 5483 1887 5547 πάντες
1945 5486 1995 5540 οἱ

349 5567 698 5645 ἐργαζόμενοι
752 5574 854 5643 τήν
902 5573 1132 5649 ἀνομίαν
1168 5615 1183 5631 .
1231 5575 1307 5630 Οὐ
1357 5575 1462 5652 γὰρ
1509 5575 1585 5648 μή
1641 5573 1996 5649 ἐκπειράσητε

349 5656 548 5717 δοῦλον
581 5659 785 5738 Κυρίου
810 5704 825 5722 .

2114 4684 2250 4754 ἡμῖν
2297 4681 2572 4757 εὐλογίας,
2633 4683 2682 4738 ἐν
2740 4684 2930 4757 εἱρήνῃ
2999 4684 3330 4758 πορευθῆναι
3387 4678 3705 4757 προσέταξεν
3742 4726 3755 4740 .

2116 4769 2281 4826 εἰπὼν
2335 4773 2470 4845 ἡμῖν
2529 4773 2619 4828 καὶ
2677 4773 3012 4847 προφητείαν
3057 4773 3214 4826 τινάο
3270 4770 3355 4826 ὅτι
3411 4773 3650 4847 σήμερον
3692 4772 3758 4826 τά

2113 4859 2351 4916 ἐπινίκια
2407 4868 2504 4917 τοῦ
2556 4858 2808 4925 εὐσεϐοὺς
2879 4860 3147 4937 βασιλέως
3201 4859 3488 4918 Θεοδοσίου
3543 4862 3619 4923 είς
3657 4863 3757 4930 τήν

2113 4947 2516 5025 Ἀλεξάνδρειαν
2545 4950 2985 5023 εἰσεληλύθασιν,
3016 4950 3152 5005 κατὰ
3207 4950 3306 5020 τῆς
3355 4952 3453 5004 τοῖ’)
3492 4950 3754 5023 τυράννου

2111 5037 2364 5114 Εὐγενίου
2404 5040 2726 5116 ἀναιρέσεως
2760 5060 2773 5075 ο
2807 5040 2896 5096 καὶ
2928 5039 3012 5098 δτι
3044 5037 3126 5096 δεῖ
3153 5040 3244 5095 τὸν
3288 5038 3518 5116 βασιλέα
3565 5038 3754 5113 οἰκείῳ

2111 5127 2320 5201 θανάτῳ
2347 5127 2669 5203 τελευτῆσαι
2704 5149 2716 5164 ·
2752 5132 2886 5205 ἅπερ
2910 5125 3106 5202 συνέϐη
3129 5129 3264 5185 κατά
3287 5127 3548 5202 ἀλήθειαν
3581 5127 3752 5194 οὕτως

2108 5217 2350 5293 γενέσθαι
2375 5263 2391 5280 .

2177 5400 2271 5452 Ἠν
2314 5395 2370 5454 δὲ
2402 5397 2532 5455 ἰδεῖν
2559 5403 2622 5456 τὸ
2669 5401 2880 5468 πλῆθος
2926 5406 3034 5459 τῶν
3084 5401 3344 5458 συνόντων
3388 5399 3538 5470 αὐτῷ
3583 5417 3749 5470 μονα-

2107 5493 2222 5562 χῶν
2246 5487 2297 5543 ἕν
2327 5494 2396 5563 τῇ
2429 5491 2712 5566 ἐκκλησίᾳ,
2747 5493 2911 5550 οἷονεὶ
2944 5496 3146 5570 χορούς
3177 5511 3326 5553 τινας
3361 5487 3581 5544 δικαίων
3611 5487 3749 5562 λαμ-

2104 5585 2535 5657 προφοροῦντας,
2594 5583 2684 5639 καὶ
2736 5584 3034 5648 ἀπαύστοις
3091 5580 3283 5656 ὕμνοις
3339 5577 3430 5634 τὸν
3473 5574 3602 5634 θεὸν
3663 5575 3751 5633 δο-

2104 5669 2356 5744 ξάζοντας
2379 5711 2394 5729 .
