4074 6278
290 375 321 434 1
337 376 451 436 133

1728 357 2023 419 STORIA
2067 356 2478 420 LAUSIACA.

3662 362 3817 422 1134

366 509 684 578 Postquam
714 512 904 562 autem
932 505 1145 561 mullos
1187 519 1421 575 quoque
1451 502 1594 559 alios
1629 502 1823 557 Patres
1858 495 2006 552 vidi-
2041 492 2094 558 Α
2125 495 2182 547 et
2203 492 2464 562 seipsum
2487 491 2873 563 vilipendens.
2914 494 3060 549 Cum
3097 511 3202 551 nos
3234 497 3428 549 autem
3453 493 3703 550 multum
3734 513 3821 550 ro-

288 616 449 664 mus,
484 600 770 652 venerunt
800 597 1008 652 fratres
1033 595 1228 667 fnobis
1271 595 1687 650 annuntiantes
1727 604 2007 648 consum—

292 697 520 742 rnatum
537 703 664 742 esse
696 686 1248 757 beatum:Joannem
1283 685 1457 739 modo
1492 685 1744 754 quodam
1762 683 2005 738 admira-

293 777 403 832 bili
438 793 448 830 :
487 777 620 832 ham
647 794 780 832 cum
812 777 1088 846 iussisset
1119 780 1180 830 ut
1214 775 1489 846 tresﬁdies
1534 774 1826 829 neminem
1850 775 2003 829 sinc-

293 876 424 922 rent
455 870 522 922 ad
558 884 619 922 se
642 869 855 936 venire,
875 865 1308 937 genibuszflexis
1359 866 1429 920 ad
1492 865 1838 930 orationem,
1871 881 2004 918 con-

292 961 633 1012 summatus
665 962 775 1026 est,
808 957 879 1011 ad
912 956 1094 1012 Deum
1148 955 1410 1024 veniens,
1442 956 1534 1010 cui
1592 953 1781 1025 gloria
1812 954 1869 1008 in
1903 969 2006 1009 sae-

291 1045 447 1102 cuia.

902 1117 1136 1172 CAPUT
1182 1117 1396 1173 XLVII.

952 1209 1022 1262 Dc
1053 1210 1351 1264 Prrmem'a.

369 1300 424 1354 Is
458 1315 687 1370 quoque
717 1315 847 1353 cum
896 1297 1112 1353 Christi
1142 1297 1353 1353 ancilla
1385 1298 1699 1367 Poemenia,
1754 1312 1877 1368 quas
1932 1297 2002 1352 ad

292 1403 431 1444 eum
464 1389 776 1443 videndum
809 1395 1146 1454 accesserat,
1181 1405 1299 1444 non
1329 1393 1417 1443 est
1460 1387 1693 1460 quidem
1744 1389 2004 1444 collucu-

292 1483 415 1547 tus,
442 1477 792 1548 significavit
824 1480 1015 1532 autem
1041 1476 1091 1531 ei
1126 1492 1353 1547 quoque
1377 1479 1639 1548 quaedam
1673 1494 1900 1534 arcana.
1939 1479 2003 1534 Ei

295 1575 489 1621 autem
531 1566 824 1637 praecepit,
861 1565 1060 1622 dicens
1090 1566 1134 1637 :3
1173 1567 1538 1622 Descendens
1597 1585 1626 1621 a
1685 1567 2001 1636 Thebaide,

294 1671 368 1710 ne
401 1656 672 1711 deﬂectas
702 1655 1124 1720 Alexandriam,
1149 1656 1618 1727 quandoquidem
1645 1658 1902 1712 futurum
1917 1661 2005 1713 est

297 1746 551 1800 utcadas
573 1745 630 1799 in
669 1747 1037 1802 tentationes.
1060 1748 1138 1802 Ea
1159 1751 1354 1803 autem
1388 1749 1835 1820 magniloannis
1865 1763 2007 1819 prae-

2119 596 2416 652 garemus,
2452 585 2514 636 ut
2547 582 3012 639 adhortatorium
3029 583 3197 640 nobis
3228 599 3555 638 sermonem
3582 583 3816 649 diceret,

2117 671 2214 724 vix
2245 669 2302 723 in
2335 671 2601 725 animum
2649 672 2875 726 induxit
2899 681 2956 727 ut
2991 673 3159 729 nobis
3195 689 3378 743 pauca
3408 674 3718 727 dissereret
3750 673 3820 727 de

2117 761 2586 815 mansuetudine.
2623 762 2693 829 Is,
2741 778 2870 816 cum
2912 762 3698 833 hippopotamusaliquando
3730 779 3824 817 va-

2117 853 2289 904 staret
2321 851 2565 906 vicinam
2590 850 2906 922 regionem,
2933 860 3094 906 stans
3142 868 3321 923 prope
3352 852 3618 919 ﬂuvium,
3652 867 3822 918 roga-

2116 943 2212 994 tus
2230 941 2300 994 ab
2334 939 2625 1011 agricolis,
2652 941 2775 995 visa
2798 939 2990 995 bellua
3019 941 3276 1011 ingentis
3299 940 3744 1010 magnitudinis,
3768 940 3819 996 ei

2115 1033 2411 1104 praecepit,
2473 1032 2715 1088 dicens:
2781 1034 3069 1089 Denuntio
3132 1033 3238 1087 tibi
3299 1033 3355 1086 in
3405 1033 3639 1087 nomine
3683 1035 3819 1088 Jesu

2114 1122 2352 1189 Christi,
2387 1139 2458 1178 ne
2477 1124 2730 1194 amplius
2754 1128 2950 1179 vastes
2981 1124 3132 1178 hanc
3155 1122 3467 1193 regionem.
3495 1121 3602 1175 Illa
3624 1126 3818 1177 autem

2115 1217 2396 1281 tanquam
2431 1214 2502 1268 ab
2533 1213 2738 1286 angelo
2770 1214 2893 1270 loco
2928 1213 3117 1284 pulsa,
3168 1212 3407 1269 omnino
3440 1211 3692 1266 evanuit.
3727 1213 3820 1267 Sic

2115 1303 2292 1358 etiam
2327 1303 2650 1373 aliquando
2682 1303 2873 1374 abegit
2906 1301 3284 1357 crocodilum.

2800 1393 3032 1448 CAPUT
3066 1393 3126 1447 L.

2612 1483 2687 1536 De
2715 1482 2909 1537 abbate
2949 1483 3154 1537 Theona
3186 1480 3319 1550 (98).

2185 1573 2448 1628 Vidimus
2479 1573 2654 1627 etiam
2689 1573 2868 1627 alium
2905 1589 3018 1628 non
3053 1569 3253 1642 procul
3285 1587 3314 1624 a
3346 1568 3600 1635 civitate,
3637 1569 3693 1623 in
3722 1583 3823 1623 so—

2115 1663 2382 1734 litudine,
2409 1663 2644 1718 nomine
2674 1662 3137 1727 Theona,virum
3171 1664 3462 1728 sanctum,
3488 1661 3546 1714 in
3569 1659 3821 1714 domun-

2115 1754 2247 1808 cula
2276 1769 2541 1808 seorsum
2571 1752 2886 1817 inclusum,
2919 1753 3018 1824 qui
3052 1761 3305 1821 tempore
3346 1750 3584 1821 triginta
3637 1764 3824 1804 anno-

298 1835 619 1928 dictionem,
673 1836 761 1890 vel
856 1836 1022 1928 nihili
1125 1838 1365 1905 ducens,
1427 1839 1515 1894 vel
1618 1840 1742 1908 ejus
1801 1838 2000 1906 oblita,
2040 1865 2088 1928 Β
2120 1859 2248 1898 rum
2282 1841 2581 1897 silentium
2640 1847 2976 1896 exercuerat
3015 1842 3206 1912 (Ra/7.,
3245 1840 3342 1894 lib.
3380 1857 3442 1905 ιι,
3490 1855 3608 1908 cap.
3640 1837 3717 1906 6).
3771 1837 3824 1892 Is

300 1924 537 1980 deﬂexit
561 1926 992 1995 Alexandriam,
1020 1933 1082 1983 ut
1111 1930 1332 1984 videret
1357 1929 1668 1985 civitatem.
1704 1930 1765 1983 In
1800 1929 2004 1986 itinere

307 2019 500 2070 autem
533 2032 711 2086 prope
738 2017 940 2073 urbem
974 2019 1254 2079 Nicia3,ad
1287 2034 1415 2074 eam
1442 2024 1814 2075 accesserunt
1834 2036 2008 2075 naves

307 2106 436 2175 ejus
467 2107 806 2176 quiescendi
840 2109 1042 2179 gratia.
1072 2110 1300 2178 Egressi
1332 2116 1518 2164 autem
1553 2109 1758 2164 famuli
1789 2125 1856 2164 ex
1879 2126 2011 2179 qua-

311 2194 444 2249 dam
487 2195 961 2268 insolentiazcum
1004 2198 1161 2254 illius
1193 2198 1300 2254 loci
1336 2199 1782 2266 habitatoribus,
1814 2215 2011 2255 amen-

312 2285 473 2340 tibus
509 2289 564 2339 et
585 2286 902 2356 proﬂigatis
935 2288 1292 2357 hominibus,
1328 2306 1540 2345 manus
1561 2298 2008 2346 conseruerunt:

315 2378 414 2448 qui
434 2378 670 2447 quidem
707 2378 880 2433 unius
895 2380 1132 2449 quidem
1148 2381 1398 2436 eunuchi
1413 2383 1661 2452 digitum
1679 2389 2011 2452 secuerunt,

316 2469 496 2523 alium
541 2475 733 2522 autem
748 2468 1104 2539 occiderunt,
1129 2469 1469 2542 Dionysium
1502 2477 1696 2528 autem
1722 2473 2023 2528 sanctissi-

315 2575 478 2614 mum
498 2558 832 2629 episcopum
866 2558 924 2612 in
965 2559 1204 2614 ﬂuvium
1243 2559 1580 2631 ignorantes
1639 2563 2030 2632 projecerunt,

315 2652 371 2703 et
393 2648 548 2703 illam
575 2650 760 2718 ipsam
792 2648 1064 2704 conviciis
1087 2653 1143 2703 et
1167 2649 1496 2705 maledictis
1521 2650 2026 2722 impertierunt,et

315 2737 568 2808 reliquos
600 2753 803 2794 omnes
833 2755 1029 2794 servos
1061 2739 1421 2794 sauciarunt.

911 2827 1137 2883 CAPUT
1174 2829 1422 2884 XLVIII.

319 2919 435 2972 Vita
468 2917 682 2972 abbatis
732 2920 1007 2974 Ammona
1055 2918 1192 2990 (96),
1217 2923 1269 3043 ἵε
1326 2935 1514 2975 eorum
1570 2923 1666 2991 qui
1722 2937 1846 2976 cum
1905 2922 2020 2994 ipso

1084 3006 1216 3043 eran
1253 3032 1264 3043 .

1084 3006 1264 3044 cram.

388 3079 648 3135 Vidimus
672 3082 866 3133 autem
901 3079 1077 3134 alium
1110 3096 1342 3150 quoque
1364 3081 1549 3134 virum
1574 3080 1888 3150 Thebaide,
1924 3100 2022 3139 no-

2118 1949 2250 1990 cum
2284 1933 2568 2003 plurimas
2601 1932 2838 1987 virtutes
2883 1939 3197 2003 perageret,
3232 1931 3553 1984 habebatur
3611 1927 3681 1982 ab
3739 1928 3824 1981 eis

2119 2039 2221 2094 pro
2254 2022 2552 2092 prOpheta.
2586 2021 2786 2076 Exibat
2819 2021 2974 2076 enim
3008 2021 3078 2074 ad
3112 2020 3305 2090 ipsum
3339 2035 3436 2088 per
3470 2018 3594 2073 dies
3617 2016 3822 2086 singu-

2122 2114 2208 2169 los
2233 2113 2545 2168 multitudo
2569 2113 2999 2184 aegrotantium.
3031 2111 3246 2182 quibus
3270 2125 3481 2165 manus
3513 2108 3823 2178 imponens

2122 2221 2224 2275 per
2255 2204 2592 2272 fenestram,
2624 2202 2956 2258 dimittebat
3004 2218 3102 2258 eos
3136 2202 3298 2256 abire
3331 2199 3542 2256 salvos.
3595 2195 3827 2252 Licebat

2124 2293 2279 2349 enim
2330 2293 2530 2348 videre
2589 2293 2788 2364 ipsum
2841 2293 3149 2348 habentem
3172 2290 3395 2346 vultum
3427 2287 3639 2359 angeli,
3675 2283 3820 2340 laetis

2124 2383 2328 2453 oculis,
2366 2388 2422 2437 et
2479 2388 2663 2438 totum
2725 2383 2966 2454 plenum
3009 2382 3263 2436 maxima
3304 2380 3505 2451 gratia.
3561 2379 3635 2444 Is,
3691 2389 3821 2429 cum

2125 2490 2233 2528 non
2265 2472 2448 2527 multo
2479 2477 2610 2527 ante
2642 2478 2902 2544 tempore
2936 2472 3188 2526 latrones
3221 2486 3354 2526 eum
3388 2472 3562 2524 noctu
3587 2463 3828 2519 invasis-

2126 2577 2272 2634 sent,
2306 2563 2706 2619 existimantes
2738 2580 2799 2618 se
2831 2562 3078 2618 multum
3113 2561 3239 2616 auri
3280 2561 3431 2632 apud
3467 2574 3602 2613 eum
3633 2557 3829 2611 inven-

2125 2657 2313 2720 turos,
2346 2659 2399 2708 et
2430 2653 2638 2709 vellent
2667 2669 2800 2708 eum
2833 2653 3114 2717 occidere,
3148 2658 3418 2723 peccatus
3451 2652 3558 2717 est,
3589 2651 3646 2701 et
3665 2660 3829 2699 man-

2127 2752 2327 2800 serunt
2347 2743 2675 2800 immobiles
2695 2745 2762 2798 ad
2789 2745 3117 2815 portasejus
3140 2758 3328 2812 usque
3359 2742 3430 2795 ad
3456 2737 3829 2794 matutinum.

2127 2835 2272 2891 Cum
2305 2834 2484 2890 turbae
2519 2839 2711 2890 autem
2747 2850 2913 2888 mane
2939 2835 3010 2888 ad
3041 2850 3171 2889 eum
3196 2831 3598 2897 accessissent,
3646 2832 3701 2882 et
3733 2842 3830 2881 eos

2129 2925 2252 2996 igni
2285 2926 2565 2980 mandare
2596 2926 2652 2979 in
2687 2926 2881 2979 animo
2915 2924 3216 2988 haberent,
3251 2938 3430 2977 unum
3466 2925 3688 2974 tantum
3711 2934 3830 2972 ver-

2128 3016 2270 3071 bum
2305 3018 2374 3071 ad
2406 3033 2504 3071 eos
2534 3021 2622 3070 est
2653 3016 2882 3070 locutus
2918 3032 2931 3070 ι
2966 3015 3147 3071 Sinite
3169 3031 3264 3069 eos
3300 3014 3459 3068 abire
3492 3028 3704 3079 sanos;
3739 3009 3830 3064 sin

2132 3105 2347 3173 minus,
2381 3119 2522 3158 ame
2555 3105 2736 3175 fugiet
2767 3103 2954 3174 gratia
2994 3104 3383 3158 curationum.
3420 3100 3616 3154 Iivero
3640 3100 3832 3167 ipsum

317 3169 470 3268 mlite
527 3171 876 3268 Ammsmam
933 3169 1125 3238 (nu/1"
1177 3169 1330 3268 1",“,
1381 3185 1508 3239 δαν·
1543 3171 1614 3268 θ’
1648 3173 1876 3268 ξθξτξηξ
1931 3177 2019 3227 ter
2049 3202 2090 3268 ς
2130 3169 2478 3259 audierunt;
2515 3169 2945 3246 nonvaudebant
2976 3191 3127 3245 enim
3161 3194 3361 3244 contra
3382 3204 3515 3242 eum
3540 3187 3750 3244 dicere.
3776 3189 3833 3240 et

317 3259 476 3315 mille
509 3258 924 3315 monachorum
959 3274 972 3313 :
1018 3274 1160 3327 quos
1200 3257 1375 3312 etiam
1410 3258 1748 3315 nominabat
1778 3262 2016 3316 Taben-

318 3351 591 3419 nesiotas,
617 3350 716 3421 qui
749 3348 1039 3404 habebant
1071 3364 1349 3419 magnum
1374 3348 1502 3403 vitae
1534 3350 1771 3420 agendas
1795 3350 2022 3407 institu-

317 3443 464 3506 tum,
489 3443 553 3494 ut
585 3439 680 3509 qui
712 3443 767 3493 et
807 3437 1006 3493 ovillas
1056 3437 1238 3510 pelles
1271 3438 1506 3507 ferrent,
1541 3447 1593 3493 et
1650 3439 1810 3494 vultu
1875 3445 2019 3498 tecto

318 3532 707 3598 comederent,
734 3533 787 3586 et
810 3547 870 3586 se
901 3531 1174 3586 deorsum
1196 3528 1563 3597 inclinantes,
1589 3545 1658 3585 ne
1682 3531 1813 3602 quis
1837 3535 2022 3603 proxi-

317 3638 475 3678 mum
509 3611 909 3678 comedenten’i
968 3622 1251 3691 aspiceret
1280 3624 1374 3688 ;et
1402 3624 1635 3676 tantum
1687 3628 2022 3680 exercerent

316 3712 634 3783 silentium,
682 3720 744 3768 ut
791 3712 1125 3768 viderentur
1183 3727 1308 3767 esse
1355 3711 1689 3780 solitudine,
1750 3729 2019 3785 unoquo-

318 3819 428 3875 que
459 3803 676 3860 occulte
711 3806 1020 3874 peragente
1052 3818 1226 3857 suum
1258 3801 1384 3857 vitas
1425 3802 1758 3859 institutum
1787 3821 1799 3871 ;
1829 3803 2017 3859 solum

314 3899 507 3949 autem
532 3893 722 3962 specie
750 3893 1000 3959 quadam
1054 3893 1111 3946 in
1146 3907 1352 3946 mensa
1393 3893 1679 3958 sederent,
1741 3899 2018 3950 conantes

316 3998 376 4037 se
417 3982 663 4036 invicem
723 3980 919 4036 latere.
956 3980 1151 4050 Aliqui
1184 3980 1337 4034 enim
1370 3996 1439 4033 ex
1469 3980 1559 4034 his
1586 3981 1760 4035 semel
1801 3982 1884 4036 vel
1928 3984 2019 4038 bis

317 4088 554 4128 manum
589 4071 672 4125 ori
707 4069 1066 4135 admovebat,
1101 4071 1406 4139 tangentes
1440 4085 1649 4137 panem
1682 4070 1765 4124 vel
1800 4070 2017 4141 oleum,

318 4162 402 4217 vel
435 4160 758 4232 aliquidjex
780 4159 848 4212 iis
878 4174 1002 4228 quas
1034 4161 1200 4212 erant
1223 4158 1508 4228 apposita,
1536 4165 1587 4211 et
1621 4174 1754 4214 cum
1779 4160 1847 4213 de
1880 4177 2019 4216 uno-

316 4265 545 4322 quoque
575 4248 814 4305 obsonio
847 4247 1024 4303 semel
1050 4248 1680 4318 gustassent,contenti
1717 4253 1880 4303 erant
1911 4249 2018 4305 hoc

315 4341 628 4406 alimento;
665 4338 761 4394 alii
795 4341 984 4392 autem
1019 4351 1230 4406 panem
1263 4337 1480 4390 sensim
1515 4337 1874 4406 mandentes,
1909 4339 2019 4395 alia

316 4434 508 4486 autem
533 4428 882 4499 accipientes
911 4427 1056 4482 citra
1077 4424 1533 4495 simulationem,
1565 4426 1647 4481 sic
1679 4443 2018 4497 persevera—

317 4521 487 4588 bant;
520 4519 614 4575 alii
647 4515 1154 4588 autemjusculum
1175 4519 1263 4571 ter
1291 4519 1517 4570 tantum
1549 4515 1956 4587 degustabant,
1987 4534 2020 4572 a

319 4610 558 4682 reliquis
593 4615 784 4666 autem
839 4608 1227 4664 abstinebant.
1255 4607 1386 4672 Quae
1421 4621 1576 4672 cum,
1611 4609 1672 4660 ut
1709 4611 1834 4661 erat
1879 4623 2015 4662 con-

321 4705 685 4768 sentaneum,
719 4715 902 4755 essem
945 4698 1287 4763 admiratus,
1324 4711 1438 4751 non
1500 4695 1842 4767 praetermisi
1890 4713 2015 4752 eam

321 4806 442 4862 quae
474 4805 544 4845 ex
573 4789 656 4845 eis
689 4788 1266 4860 capitur_utilitatem.

947 4876 1177 4932 CAPUT
1208 4875 1396 4932 XLIX.

890 4971 962 5025 De
995 4969 1190 5025 abbate
1235 4971 1306 5024 Be
1336 4969 1474 5041 (97).

387 5060 656 5115 Vidimus
687 5063 880 5115 autem
916 5059 1084 5115 aliem
1111 5076 1343 5132 quoque
1374 5075 1594 5124 senem,
1627 5059 1724 5128 qui
1782 5058 2019 5114 lenitate

320 5151 630 5224 superabat
652 5165 850 5205 omnes
874 5149 1165 5217 homines,
1192 5151 1427 5205 nomine
1456 5149 1722 5204 abbatem
1755 5149 1829 5203 Be
1858 5150 2022 5220 (Ruf-

318 5243 439 5313 ﬁn.,
474 5242 510 5295 ι.
561 5258 622 5306 ιι,
672 5255 789 5309 cap.
826 5240 925 5309 4):
981 5240 1047 5293 de
1115 5256 1228 5310 quo
1276 5237 1644 5293 afﬁrmabant
1685 5239 1888 5293 fratres
1920 5238 2020 5308 qui

319 5334 466 5404 apud
500 5330 1253 5403 ipsumversabantur,‘sum
1279 5344 1579 5398 nunquam
1607 5328 1861 5396 jurasse,
1882 5344 2022 5382 nun-

321 5437 493 5491 quam
535 5422 606 5475 de
636 5419 831 5490 aliquo
864 5418 1171 5472 mentitum
1205 5432 1354 5486 esse,
1389 5432 1575 5487 neque
1614 5414 1809 5486 aliquo
1849 5416 2019 5470 verbo

322 5509 667 5580 increpasse,
691 5524 878 5580 neque
900 5507 1117 5562 iratum
1150 5506 1366 5573 fuisse;
1397 5513 1516 5560 erat
1555 5504 1710 5559 enim
1743 5504 1868 5573 ejus
1906 5505 2023 5562 vita

319 5598 486 5654 valde
517 5598 733 5670 quieta,
766 5602 822 5653 et
863 5613 1053 5652 mores
1085 5595 1394 5663 mansueti,
1439 5599 1498 5649 ut
1528 5594 1625 5665 qui
1674 5597 1892 5648 statum
1925 5595 2022 5650 ha-

332 5688 494 5746 beret
523 5687 848 5762 angelicum
877 5706 890 5758 ;
923 5694 1043 5746 erat
1074 5691 1268 5744 autem
1297 5685 1462 5742 valde
1494 5700 1724 5756 quoque
1755 5683 2017 5754 humilis,

2128 3281 2394 3352 protinus
2412 3282 2604 3336 abiere
2635 3281 2892 3335 latrones
2923 3280 2994 3334 ad
3024 3297 3090 3335 ea
3121 3296 3247 3349 quae
3267 3282 3430 3332 erant
3451 3276 3830 3332 circumcirca

2130 3370 2506 3436 monasteria,
2540 3370 2749 3425 mutati
2785 3369 3063 3435 moribus,
3099 3374 3154 3423 et
3211 3368 3279 3422 de
3312 3367 3384 3421 iis
3417 3383 3543 3437 qua:
3576 3366 3834 3419 fecerant

2129 3458 2290 3514 ducti
2321 3460 2681 3529 pmnitentia.
2714 3460 2849 3514 Erat
2883 3463 3077 3514 autem
3107 3455 3195 3512 vir
3227 3457 3489 3512 eruditus
3521 3455 3581 3509 in
3613 3451 3828 3524 triplici

2129 3548 2311 3620 gratia
2341 3565 2703 3616 sermonum,
2745 3548 2803 3601 in
2861 3547 3090 3618 scriptis
3139 3545 3441 3611 Romanis,
3482 3542 3714 3608 Graecis,
3777 3544 3833 3595 et

2126 3637 2498 3709 Egyptiacis,
2533 3637 2684 3692 sicut
2714 3653 2746 3691 a
2807 3635 3008 3690 multis
3040 3640 3098 3690 et
3127 3635 3197 3690 ab
3228 3633 3326 3689 illo
3358 3634 3485 3704 ipso
3535 3632 3830 3688 audimus.

2128 3729 2272 3783 Cum
2303 3729 2458 3784 enim
2484 3744 2585 3782 nos
2608 3727 2939 3799 agnovisset
2969 3742 3095 3782 esse
3127 3725 3408 3794 hospites,
3469 3723 3731 3779 scribens
3772 3721 3831 3774 in

2128 3816 2358 3884 tabella,
2393 3817 2508 3871 Deo
2540 3821 2770 3886 propter
2801 3832 2905 3871 nos
2938 3815 3055 3884 egit
3083 3814 3318 3884 gratias.
3345 3812 3696 3867 Comedebat
3727 3826 3830 3864 au-

2127 3911 2242 3962 tem
2275 3907 2500 3962 semina
2531 3922 2644 3960 non
2677 3911 2857 3960 cocta.
2891 3905 3075 3958 Noctu
3107 3908 3322 3969 autem,
3359 3908 3420 3955 ut
3450 3901 3634 3967 aiunt,
3670 3916 3832 3970 egre-

2129 3996 2395 4050 diebatur
2424 3993 2638 4057 ecella,
2671 3999 2727 4048 et
2775 3993 3235 4063 congregabatur
3288 4006 3420 4045 cum
3461 3989 3617 4055 feris,
3650 3993 3706 4041 et
3735 4004 3832 4043 eas

2130 4083 2364 4154 potabat
2395 4100 2460 4137 ex
2490 4100 2556 4138 ea
2587 4098 2762 4153 quam
2805 4081 3055 4138 habebat
3087 4097 3255 4151 aqua.
3288 4079 3425 4134 Erat
3453 4077 3609 4133 enim
3644 4077 3833 4132 videre

2126 4173 2370 4245 vestigia
2402 4174 2768 4241 bubalorum,
2823 4177 2881 4228 et
2946 4187 3313 4242 onagrorum,
3343 4173 3398 4225 et
3445 4168 3831 4240 quarumdam

2127 4281 2490 4336 caprearum,
2523 4268 2673 4320 circa
2703 4266 2830 4336 ejus
2863 4264 3308 4331 monasterium,
3349 4260 3562 4333 quibus
3601 4275 3831 4329 semper

2129 4354 2545 4411 delectabatur.

2792 4425 3027 4482 CAPUT
3069 4425 3158 4480 LI.

2721 4517 2791 4571 De
2835 4515 3031 4571 abbate
3068 4513 3192 4570 Elia
3212 4513 3347 4586 (99).

2721 4564 2786 4571 η
2835 4564 3023 4571 ηπ--
3068 4564 3189 4570 ---η
3216 4564 3346 4586 \_-,-

2049 4564 2094 4628 Β
2197 4605 2462 4660 Vidimus
2490 4608 2680 4660 autem
2708 4605 2886 4660 alium
2929 4620 3159 4675 quoque
3190 4619 3386 4658 senem
3420 4602 3479 4657 in
3521 4599 3828 4657 solitudine

2126 4695 2382 4761 Antinoi,
2397 4711 2524 4765 qua
2538 4699 2626 4750 est
2640 4693 2974 4763 metropolis
2988 4693 3319 4759 Thebaidis,
3345 4691 3529 4745 Eliam
3573 4689 3826 4753 nomine,

2128 4785 2228 4856 qui
2260 4789 2434 4840 natus
2466 4787 2589 4838 erat
2620 4787 2856 4838 centum
2889 4787 2946 4838 et
2977 4783 3172 4837 decem
3199 4796 3385 4836 annos
3405 4779 3599 4849 (Ruﬂ.,
3633 4778 3728 4834 lib.
3764 4794 3826 4844 ιι,

2126 4893 2245 4947 cap.
2282 4876 2388 4945 12).
2425 4874 2609 4944 Super
2639 4889 2772 4928 eum
2803 4870 3359 4941 dicebantlspiritum
3380 4869 3514 4924 Elias
3531 4868 3830 4939 prophetae

2130 4965 2484 5038 requievisse
2520 4981 2534 5031 ;
2569 4967 2693 5017 erat
2722 4962 2874 5017 enim
2925 4961 3092 5016 valde
3139 4959 3488 5026 celebratus,
3520 4966 3582 5013 ut
3639 4958 3740 5028 qui
3772 4958 3831 5012 in

2128 5054 2375 5112 terribili
2407 5052 2503 5106 illa
2524 5052 2842 5107 solitudine
2855 5050 3451 5122 egissetseptuaginta
3470 5065 3678 5104 annos.
3705 5048 3833 5103 Non

2131 5148 2318 5217 potest
2339 5148 2533 5200 autem
2576 5141 2758 5198 oratio
2790 5159 2892 5214 pro
2947 5141 3508 5214 dignitate‘narrare
3565 5153 3832 5210 asperam

2129 5235 2287 5290 illam
2347 5233 2748 5300 solitudinem,
2783 5251 2910 5305 quas
2960 5239 3046 5288 est.
3099 5232 3156 5286 in
3209 5235 3406 5288 monte
3462 5231 3520 5284 in
3578 5245 3692 5299 quo
3734 5227 3830 5282 ille

2130 5327 2388 5394 sedebat,
2421 5340 2718 5394 nunquam
2752 5323 3110 5380 descendens
3142 5324 3198 5377 in
3232 5339 3358 5377 eam
3377 5318 3833 5392 quzejhabitatur

2130 5417 2446 5487 regionem.
2480 5415 2579 5469 Est
2610 5414 2764 5470 enim
2824 5413 3090 5484 quaedam
3134 5414 3342 5467 semita
3375 5423 3577 5464 eorum
3610 5407 3709 5475 qui
3759 5408 3830 5461 ad

2130 5508 2326 5578 ipsum
2361 5504 2640 5560 accedunt
2669 5502 2976 5575 ejusmodi,
3015 5506 3077 5556 ut
3131 5501 3222 5555 vix
3278 5499 3504 5568 possint
3563 5495 3831 5551 insistere

2128 5595 2391 5665 vestigiis
2421 5594 2459 5647 ii
2491 5594 2588 5662 qui
2623 5595 2921 5660 accedunt,
2946 5592 3084 5646 hinc
3114 5589 3316 5644 etinde
3348 5586 3643 5659 lapidibus
3669 5602 3833 5655 aspe-

2133 5686 2212 5744 ris
2242 5683 2550 5742 obvallata.
2581 5683 2717 5740 Erat
2746 5688 2940 5741 autem
2973 5681 3177 5736 sedens
3216 5678 3324 5735 sub
3375 5679 3630 5752 quadam
3665 5681 3829 5749 petra
