4074 6278
270 225 426 286 1135

1848 220 2210 288 PALLADII

3633 221 3816 285 1136

266 355 327 412 in
359 355 662 428 spelunca,
697 352 837 410 adeo
869 354 935 408 ut
968 351 1163 425 ipsum
1196 352 1638 424 quoquevidere
1670 356 1823 410 esset
1853 353 1973 410 for-
2007 358 2061 424 Α
2093 363 2297 430 prater
2327 359 2659 429 opinionem
2721 356 2943 414 ratione
2987 374 3020 412 a
3078 358 3192 414 Deo
3242 355 3674 428 suppeditatur.
3742 354 3810 408 Ei

267 446 563 504 midabile.
596 444 904 501 Tremebat
935 447 1131 499 autem
1183 443 1307 513 jam
1348 447 1526 510 totus,
1562 447 1627 498 ut
1672 461 1846 513 quem
1883 461 1971 499 se-

266 540 474 594 nectus
502 535 863 608 opprimeret.
885 533 1066 590 Multa
1097 537 1290 589 autem
1323 533 1488 605 signa
1525 534 1780 606 quotidie
1809 551 1970 605 pera-

2076 449 2233 503 enim
2255 449 2312 504 in
2343 449 2652 504 solitudine
2676 465 2777 518 per
2801 447 3074 519 angelum
3100 447 3448 502 efferebatur
3472 447 3818 501 nutrimen-

2077 541 2220 593 tum.
2254 539 2393 608 Ejus
2443 543 2638 594 autem
2672 537 3088 592 indumentum
3144 544 3261 592 erat
3329 536 3572 603 lebiton,
3632 537 3802 608 quod

267 629 457 699 gebat,
489 643 593 684 nec
625 625 894 684 cessabat
923 623 1141 680 mederi
1203 625 1640 694 aegrotantibus.
1690 625 1973 681 Dicebant
2080 626 2344 682 nonnulli
2401 627 2694 682 colobium
2753 626 3068 698 appellant,
3121 629 3175 680 et
3245 642 3492 695 parvum
3545 627 3805 680 linteum

269 725 461 774 autem
494 716 589 789 qui
622 714 778 786 apud
808 713 1000 785 ipsum
1030 715 1196 769 erant
1247 716 1475 782 Patres,
1528 716 1824 770 nominem
1857 731 1975 769 me-

269 806 509 863 minisse
539 805 667 877 ejus
700 820 976 860 ascensus
998 803 1056 859 in
1088 809 1362 859 montem.
1397 802 1749 860 Comedebat
1780 810 1973 861 autem

268 898 328 954 in
362 900 655 954 senectute
686 898 804 951 tres
831 894 1035 950 uncias
1083 895 1274 966 panis,
1306 899 1362 951 et
1393 903 1503 951 tres
1530 895 1684 952 oleas
1714 911 1974 966 vespere.

271 987 654 1056 Injuventute
683 987 879 1043 autem
909 999 1146 1056 semper
1175 984 1355 1041 semel
1386 985 1724 1042 comedebat
1743 986 1803 1042 in
1835 985 1977 1040 heb-

268 1075 546 1133 domada.

924 1162 1158 1219 CAPUT
1201 1164 1311 1220 LlI.

737 1253 856 1308 I’ita
883 1252 1100 1308 abbatis
1130 1253 1320 1325 Apollo
1350 1255 1516 1323 (100).

342 1341 612 1396 Vidimus
641 1343 836 1396 autem
868 1340 1049 1397 alium
1082 1357 1310 1413 quoque
1355 1343 1543 1400 virum
1597 1347 1864 1399 sanctum
1923 1344 1984 1399 in

271 1430 585 1499 Thebaide,
617 1430 678 1485 in
717 1429 928 1486 tinibus
960 1431 1322 1502 Hermopolis
1353 1432 1545 1503 (Ra/)2,
1584 1433 1618 1486 ἱ.
1663 1451 1726 1501 ιι,
1750 1451 1870 1505 cap.
1905 1435 1983 1505 7):

273 1524 336 1580 in
367 1536 545 1592 quam
578 1520 849 1577 Servator
877 1520 1034 1576 venit
1064 1536 1192 1575 cum
1227 1527 1430 1578 sancta
1462 1523 1643 1577 Maria
1665 1527 1720 1578 et
1749 1523 1989 1604 Ioseph,

274 1611 530 1682 impleas
562 1609 920 1682 prophetiam
955 1609 1139 1680 Isaias,
1174 1628 1301 1682 quae
1335 1611 1478 1668 dicit
1512 1613 1685 1668 :Ecce
1709 1613 1991 1669 Dominus

2079 717 2138 771 in
2172 718 2297 786 ejus
2330 717 2540 788 capite.
2593 717 2718 771 Hanc
2780 716 2935 771 enim
2988 716 3040 770 ei
3093 716 3405 770 manebant
3473 715 3532 770 in
3597 715 3815 771 solitu-

2082 807 2237 873 dine,
2274 823 2381 862 nec
2428 805 2880 860 veterascebant.
2924 806 3061 860 Erat
3117 813 3308 858 autem
3369 804 3430 859 in
3478 804 3815 859 solitudine

2085 895 2410 966 propinqua
2440 898 2600 948 terrae
2625 910 2751 963 quae
2784 893 3104 953 habitatur,
3145 890 3362 946 faciens
3396 890 3564 962 signa
3596 896 3651 946 et
3687 891 3805 946 vir-

2087 990 2237 1040 tutes
2267 983 2644 1039 admirabiles
2677 983 2735 1037 in
2765 983 2979 1036 virtute
3010 980 3259 1052 Spiritus
3294 997 3306 1035 :
3350 997 3499 1052 quas
3561 985 3814 1051 propter

2088 1074 2352 1130 miraculi
2383 1074 2669 1147 insignem
2696 1072 3159 1144 magnitudinem
3184 1087 3354 1128 nemo
3378 1074 3569 1143 potest
3590 1087 3808 1126 omnes

2088 1166 2301 1231 dicere,
2335 1164 2488 1221 sicut
2511 1163 2844 1218 audivimus
2875 1180 2905 1217 a
2935 1162 3176 1217 senibus
3205 1160 3303 1232 qui
3334 1177 3468 1218 cum
3500 1177 3565 1216 eo
3595 1176 3807 1216 versa-

2089 1257 2324 1323 bantur,
2358 1255 2454 1326 qui
2487 1255 2600 1326 ipsi
2632 1271 2862 1325 quoque
2892 1257 3055 1307 erant
3075 1253 3180 1307 viri
3213 1251 3470 1323 perfecti,
3504 1256 3561 1306 et
3614 1267 3814 1322 praee-

2091 1348 2223 1400 rant
2253 1343 2452 1399 multis
2482 1342 2782 1399 fratribus.
2819 1343 2950 1398 Fuit
2982 1342 3180 1413 itaque
3205 1344 3473 1414 protinus
3504 1342 3697 1396 clarus
3743 1357 3814 1398 ac

2093 1434 2440 1499 celebratus,
2475 1438 2755 1503 tanquam
2788 1449 2968 1488 novus
2997 1431 3212 1503 aliquis
3237 1431 3518 1502 propheta
3539 1432 3626 1487 vel
3651 1448 3806 1502 apo-

2096 1524 2297 1589 stolus,
2332 1523 2432 1593 qui
2463 1524 2714 1579 venisset
2736 1531 2931 1578 nostro
2951 1522 3200 1589 saeculo;
3237 1525 3291 1577 et
3322 1537 3456 1576 cum
3482 1537 3696 1592 magna
3726 1522 3808 1576 fa-

2099 1629 2194 1668 ma
2227 1614 2293 1668 de
2325 1629 2389 1668 eo
2421 1630 2626 1684 sparsa
2656 1616 2830 1677 esset,
2880 1628 3086 1668 omnes
3125 1612 3219 1682 qui
3280 1611 3660 1666 circumcirca
3693 1611 3816 1666 dis-

276 1701 439 1759 sedet
458 1715 634 1771 super
663 1698 879 1756 nubem
905 1701 1112 1771 levem,
1145 1705 1200 1756 et
1230 1702 1423 1756 veniet
1456 1702 1516 1757 in
1549 1703 1901 1774 .Egyptum;
1935 1705 1988 1758 et
2018 1723 2066 1788 B
2101 1704 2251 1775 persi
2286 1704 2631 1760 habitabant
2656 1703 2943 1771 monachi,
2968 1718 3197 1772 semper
3219 1703 3289 1758 ad
3323 1718 3455 1757 eum
3475 1702 3810 1768 veniebant,

276 1791 618 1865 quatientur
647 1790 979 1848 manufacta
1003 1791 1279 1862 Egyptia
1312 1791 1456 1848 facie
1484 1794 1630 1863 ejus,
1672 1803 1726 1848 et
1773 1795 1985 1850 cadent

276 1881 335 1936 in
367 1884 581 1935 terram
614 1877 802 1950 (Isaia
841 1879 980 1951 xix).
1033 1879 1299 1936 Vidimus
1356 1882 1511 1937 enim
1574 1881 1694 1938 illic
1753 1899 1986 1954 quoque

277 1968 584 2040 templum,
618 1967 680 2026 in
710 1985 843 2040 quo,
875 1968 1141 2040 ingresso
1170 1971 1374 2026 urbem
1412 1971 1732 2038 Servatore,
1763 1973 1986 2028 cecide-

279 2061 417 2115 runt
445 2058 646 2116 omnia
668 2056 982 2115 simulacra
1017 2059 1073 2114 in
1108 2059 1313 2115 faciem
1353 2077 1529 2132 super
1569 2064 1803 2116 terram.
1828 2062 1986 2116 Vidi-

281 2166 414 2206 mus
445 2156 637 2205 autem
667 2149 786 2204 illic
813 2147 872 2203 in
908 2147 1218 2205 solitudine
1238 2149 1453 2218 virum,
1497 2151 1697 2222 Apollo
1730 2151 1984 2221 nomine,

281 2239 384 2312 qui
416 2237 770 2294 monasteria
816 2238 1069 2294 habebat
1125 2255 1302 2311 super
1345 2243 1624 2296 montem.
1669 2241 1800 2297 Erat
1829 2242 1986 2297 enim

281 2335 442 2401 pater
470 2328 891 2386 monachorum
939 2328 1168 2385 circiter
1215 2330 1693 2402 quingentorum,
1735 2330 1836 2403 qui
1866 2334 1989 2386 erat

281 2417 446 2475 valde
474 2418 666 2474 clarus
687 2424 741 2472 et
771 2416 1095 2474 celebratus
1119 2418 1490 2474 inThebaide
1517 2436 1531 2487 ;
1564 2423 1847 2492 erantque
1862 2421 1989 2490 ejus

284 2522 496 2578 magna
521 2522 712 2578 opera,
743 2510 800 2561 et
833 2521 1047 2578 magna
1101 2507 1346 2563 virtutes
1404 2525 1507 2578 per
1563 2525 1697 2564 eum
1748 2509 1991 2564 faciebat

282 2593 583 2662 Dominus,
615 2596 672 2647 et
701 2591 954 2664 plurima
1010 2594 1179 2663 signa
1208 2597 1264 2648 et
1299 2594 1673 2650 admirabilia
1725 2611 1823 2664 per
1853 2609 1988 2650 eum

281 2681 702 2738 efficiebantur.
722 2679 824 2735 Hic
854 2681 1011 2735 enim
1043 2697 1175 2737 eum
1198 2699 1231 2737 a
1259 2681 1502 2752 pueritia
1534 2681 1778 2738 multam
1801 2688 1990 2739 osten-

282 2772 462 2828 disset
508 2769 997 2839 exercitationem,
1055 2770 1115 2825 in
1175 2772 1431 2842 perfecta
1480 2776 1646 2829 atate
1674 2773 1844 2829 talem
1905 2779 1992 2829 est

285 2864 635 2919 consecutus
673 2861 942 2934 gratiam.
973 2863 1119 2916 Cum
1164 2860 1319 2917 enim
1365 2865 1519 2918 esset
1560 2865 1990 2935 octogenarius,

283 2954 396 3011 sibi
426 2968 708 3026 magnum
741 2953 1555 3025 congregavitmonasterium
1581 2954 1833 3011 virorum
1866 2973 1992 3028 per-

282 3044 726 3146 fectorum,_qui
777 3047 1043 3116 poterant
1074 3059 1276 3102 omnes
1309 3045 1424 3102 fere
1447 3046 1620 3146 signa
1651 3046 1897 3102 efficere.
1934 3047 1987 3105 Is
2019 3079 2062 3146 Ο

281 3151 416 3193 eum
449 3136 781 3207 quindecim
811 3150 995 3192 annos
1027 3141 1198 3192 natus
1228 3153 1260 3190 a
1283 3136 1500 3192 mundo
1541 3137 1900 3206 secessisset,
1933 3141 1988 3192 et

282 3225 868 3298 quadragintaannos
890 3225 949 3280 in
980 3225 1296 3282 solitudine
1327 3226 1732 3299 transegisset,
1757 3230 1813 3282 et
1836 3227 1893 3280 in
1925 3243 1992 3282 ea

286 3330 523 3373 omnem
551 3314 822 3371 virtutem
846 3315 1197 3372 exercuisset
1230 3329 1244 3369 :
1279 3315 1439 3371 visus
1459 3320 1547 3371 est
1571 3323 1770 3387 postea
1791 3317 1992 3372 audire

288 3403 391 3462 Dei
421 3418 640 3472 vocem,
673 3403 921 3459 dicentis
959 3403 1013 3458 ei
1047 3421 1060 3459 :
1104 3404 1335 3473 Apollo,
1385 3404 1609 3475 Apollo,
1654 3421 1752 3475 per
1782 3409 1836 3459 te
1895 3423 1996 3462 sa-

289 3491 576 3568 pientium
601 3490 658 3545 in
689 3495 956 3561 Egypto,
997 3496 1053 3546 et
1084 3493 1457 3562 prudentiam
1475 3493 1732 3564 gentium
1756 3497 1995 3565 pruden-

293 3583 440 3639 tium
473 3579 733 3636 abolebo.
771 3579 981 3634 Perdes
1013 3584 1210 3635 autem
1245 3581 1389 3636 mihi
1421 3598 1552 3637 cum
1585 3583 1667 3637 eis
1698 3583 1870 3639 etiam
1904 3601 1996 3639 sa-

297 3670 522 3743 pientes
558 3665 892 3739 Babylonis,
923 3672 978 3723 et
1009 3670 1078 3723 de
1111 3669 1302 3724 medio
1327 3669 1493 3726 tolles
1515 3686 1748 3726 omnem
1781 3671 1995 3728 cultum

297 3757 757 3826 demoniacum;
791 3760 847 3813 et
879 3773 1033 3814 nunc
1063 3758 1206 3814 vade
1236 3757 1295 3813 in
1327 3775 1455 3814 eam
1518 3776 1643 3830 quas
1698 3760 1998 3816 habitatur

297 3849 632 3922 regionem;
660 3847 973 3919 generabis
1005 3849 1163 3905 enim
1225 3848 1366 3904 mihi
1407 3849 1688 3923 populum
1745 3850 1998 3922 peculia-

297 3956 439 4009 rem,
471 3939 869 3996 aamulatorem
928 3940 1214 3995 bonorum
1264 3956 1525 4011 operum.
1559 3943 1615 3997 Is
1667 3946 1859 3998 autem
1904 3958 2000 3996 re—

295 4030 614 4103 spondens,
643 4030 792 4086 dixit
822 4044 835 4085 :
866 4030 1044 4086 Aufer
1073 4047 1104 4084 a
1136 4046 1248 4097 me,
1273 4031 1540 4096 Domine,
1582 4031 1995 4103 arrogantiam,

296 4137 371 4178 ne
401 4120 544 4177 forte
572 4119 947 4194 elatussupra
979 4119 1632 4190 fraternitatem,priver
1661 4121 1822 4176 omni
1848 4122 1999 4176 bono

298 4227 469 4281 opere
497 4210 622 4280 (Tit.
691 4210 777 4281 ιι).
827 4209 892 4263 Ei
942 4214 1136 4265 autem
1195 4226 1400 4264 rursus
1433 4208 1577 4264 dixit
1605 4225 1714 4265 vox
1757 4210 1999 4265 divina:

299 4300 466 4356 Mitte
498 4314 736 4354 manum
786 4304 948 4354 tuam
997 4315 1175 4370 super
1221 4297 1434 4356 collum
1466 4302 1660 4366 tuum,
1692 4303 1748 4354 et
1797 4299 2004 4355 deinde

301 4386 781 4460 comprehendes,
805 4399 861 4443 et
891 4387 1140 4444 infodies
1161 4403 1354 4444 arena.
1392 4393 1446 4444 Is
1479 4392 1674 4444 autem
1716 4405 1848 4444 cum
1891 4396 2003 4444 sta-

298 4483 430 4536 tum
462 4493 704 4534 manum
739 4477 1205 4550 mississetsuper
1223 4478 1862 4551 collum,apprehendit
1883 4497 2003 4551 par-

299 4586 438 4627 vum
469 4567 818 4640 Ethiopem,
851 4573 908 4624 et
936 4584 1071 4625 eum
1114 4569 1319 4625 infodit
1347 4569 1408 4625 in
1447 4586 1624 4626 arena
1653 4570 2004 4627 clamantem

301 4665 360 4720 et
389 4661 723 4719 dicentem:
756 4660 873 4732 Ego
905 4677 1035 4716 sum
1069 4660 1294 4716 daemon
1343 4661 1647 4732 superbiae.
1683 4662 1750 4716 Et
1803 4679 2006 4719 rursus

304 4753 457 4810 facta
493 4755 583 4808 est
613 4767 721 4808 vox
749 4751 820 4808 ad
855 4767 1012 4821 eum,
1055 4750 1294 4807 dicens:
1331 4748 1510 4816 Vade,
1545 4750 1820 4820 quoniam
1851 4752 2005 4822 quod

302 4859 339 4898 a
368 4840 483 4896 Deo
516 4839 772 4911 petieris,
806 4840 1075 4910 accipies.
1104 4839 1158 4896 le
1202 4843 1396 4896 autem
1429 4855 1562 4894 cum
1597 4839 1848 4910 primum
1899 4841 2008 4896 hoc

305 4928 589 4988 audisset,
631 4929 922 4997 profectus
953 4933 1039 4986 est
1060 4929 1118 4985 in
1151 4945 1279 4985 eam
1313 4945 1439 5001 quae
1500 4928 1792 4984 habitatur
1815 4931 2008 5001 regio-

306 5034 464 5086 nem,
496 5021 755 5088 tempore
783 5017 999 5076 Juliani
1032 5019 1284 5093 tyranni,
1316 5024 1371 5077 et
1411 5023 1548 5076 tunc
1578 5019 1742 5075 venis
1766 5022 1824 5076 in
1875 5038 2007 5091 pro-

308 5112 590 5184 pinquam
623 5106 1024 5165 solitudinem.

376 5203 522 5260 Cum
555 5199 873 5274 quamdam
914 5204 1109 5257 autem
1144 5218 1374 5271 parvam
1398 5206 1748 5273 occupasset
1781 5202 2013 5273 spelun-

307 5309 459 5362 cam,
491 5291 769 5348 manebat
800 5291 999 5348 subter
1029 5295 1303 5347 montem.
1338 5293 1474 5363 Ejus
1495 5300 1843 5364 autemopus
1866 5296 2009 5362 erat,

310 5387 431 5440 toto
461 5383 675 5441 diurno
696 5381 882 5454 spatio
905 5395 1103 5454 preces
1136 5381 1339 5450 edere;
1395 5386 1569 5438 noctu
1611 5382 1844 5454 quidem
1876 5399 2012 5440 cen-

314 5471 446 5539 ties,
481 5471 730 5531 inwrdiu
754 5477 951 5531 autem
975 5472 1162 5541 toties,
1185 5469 1349 5527 ﬂexis
1360 5471 1628 5543 genibus.
1662 5471 1798 5542 Ejus
1820 5480 2011 5532 autem

317 5561 659 5637 alimentum
708 5568 848 5621 tunc
891 5579 1123 5638 quoque
1155 5563 1308 5622 icut
1351 5562 1533 5634 prius,
1573 5563 1900 5620 admirabili
1959 5573 2014 5624 et

2097 1803 2150 1850 et
2183 1798 2462 1864 tanquam
2495 1793 2643 1864 patri
2673 1809 2972 1864 germano,
2997 1793 3149 1846 dona
3169 1809 3300 1847 suas
3335 1793 3654 1846 offerebant
3682 1792 3811 1845 ani-

2098 1900 2240 1939 mas.
2278 1883 2326 1938 Is
2363 1887 2554 1938 autem
2587 1883 2732 1938 alios
2781 1882 3016 1953 quidem
3067 1881 3400 1936 hortabatur
3440 1882 3508 1937 ad
3543 1886 3808 1936 contem-

2099 1973 2412 2043 plationem
2439 1989 2451 2037 ;
2484 1972 2627 2026 alios
2659 1988 2790 2026 vero
2822 1970 3183 2036 instituebat,
3221 1975 3285 2024 ut
3318 1976 3811 2042 persequerentur

2098 2062 2395 2130 virtutem,
2429 2077 2554 2132 quae
2599 2065 2860 2116 versatur
2892 2060 2948 2115 in
2991 2059 3232 2127 actione,
3292 2061 3550 2131 primum
3611 2065 3806 2115 osten-

2097 2153 2239 2207 dens
2271 2168 2438 2222 opere
2469 2167 2536 2207 ea
2563 2168 2688 2222 quae
2721 2151 2876 2222 ipsos
2909 2151 3093 2206 facere
3125 2150 3470 2206 admonebat
3513 2167 3811 2205 sermone.

2101 2244 2260 2314 Saepe
2294 2244 2447 2297 enim
2499 2243 2582 2298 eis
2614 2243 2927 2298 ostendens
2957 2242 3455 2303 exercitationem,
3503 2241 3810 2296 Dominica

2101 2333 2293 2388 solum
2317 2351 2448 2389 cum
2473 2336 2557 2389 eis
2590 2334 2932 2389 versabatur
2959 2349 2972 2389 :
3006 2334 3132 2404 ipse
3155 2333 3394 2403 quidem
3413 2350 3526 2388 non
3551 2333 3808 2403 amplius

2102 2440 2361 2494 sumens,
2394 2439 2569 2495 quam
2601 2424 2756 2478 olera
2789 2439 2916 2494 qum
2968 2440 3075 2478 sua
3124 2433 3322 2492 sponte
3389 2426 3703 2477 nascuntur
3748 2421 3809 2475 in

2100 2527 2288 2582 terra;
2326 2531 2440 2569 non
2475 2529 2678 2584 panem
2713 2513 2945 2569 interim
2983 2514 3068 2568 vel
3100 2512 3389 2584 legumen,
3436 2528 3543 2568 non
3576 2529 3642 2568 ex
3684 2511 3809 2564 fru-

2102 2605 2293 2660 ctibus
2317 2603 2590 2658 arborum
2622 2602 2846 2672 aliquid
2905 2603 3240 2672 comedens,
3293 2617 3396 2656 nec
3442 2616 3803 2671 quacunque

2101 2693 2219 2764 igni
2250 2693 2483 2746 admota
2512 2691 2754 2747 veniunt
2787 2693 2842 2746 in
2880 2709 3022 2746 usus
3058 2690 3386 2746 hominum.

2171 2830 2312 2882 Cum
2338 2830 2530 2881 autem
2563 2832 2825 2897 tempore
2886 2825 3106 2880 Juliani
3166 2825 3475 2896 aliquando
3520 2824 3809 2879 audiisset

2101 2921 2336 2976 fratrem
2362 2921 2417 2972 in
2450 2917 2702 2973 exercitu
2735 2925 2961 2987 captum
2997 2916 3247 2972 vinctum
3285 2915 3462 2971 teneri
3520 2915 3580 2970 in
3613 2923 3812 2970 custo-

2101 3010 2217 3077 dia,
2251 3010 2495 3064 accessit
2518 3008 2588 3062 ad
2612 3023 2745 3061 eum
2779 3023 2910 3062 cum
2937 3007 3320 3072 fraternitate,
3355 3022 3562 3076 rogans
3594 3020 3730 3059 eum
3755 3009 3814 3060 et

2100 3100 2445 3166 admonens,
2479 3099 2542 3151 ut
2572 3100 2726 3151 esset
2759 3095 2925 3150 fortis
2956 3100 3299 3150 etconstans
3323 3094 3380 3148 in
3412 3093 3728 3160 laboribus,
3755 3099 3811 3148 et

2099 3186 2421 3258 despiceret
2455 3185 2710 3254 pericula
2741 3183 2851 3238 sibi
2892 3184 3277 3238 imminentia.
3315 3182 3467 3237 Dicit
3499 3183 3653 3237 enim
3679 3199 3811 3237 esse

2101 3275 2210 3330 sibi
2268 3282 2497 3345 tempus
2544 3273 2951 3339 certaminum,
3015 3277 3077 3327 ut
3137 3276 3274 3328 tunc
3334 3287 3564 3343 quoque
3641 3287 3808 3326 mens

2101 3365 2228 3434 ejus
2250 3365 2524 3435 probetur
2556 3363 2775 3417 insultu
2809 3362 3215 3418 tentationum.
3269 3367 3586 3433 Postquam
3614 3365 3811 3416 autem

2102 3455 2192 3509 bis
2217 3455 2403 3509 verbis
2436 3455 2562 3524 ejus
2578 3452 2840 3507 animum
2873 3453 3255 3521 confirmavit,
3290 3454 3596 3508 adveniens
3631 3453 3814 3506 tribu-

2104 3561 2237 3613 nus,
2271 3546 2371 3614 qui
2404 3544 2655 3613 quodam
2681 3542 3216 3599 scelerisferebatur
3248 3543 3639 3613 impetu,cum
3672 3543 3811 3612 qui-

2105 3635 2238 3690 dam
2262 3633 2312 3686 ei
2344 3634 2414 3687 de
2445 3633 2589 3704 ipsis
2622 3633 3027 3704 significasset,
3062 3632 3272 3688 clausis
3300 3633 3480 3704 portis
3505 3633 3809 3698 custodian,

2105 3732 2158 3779 et
2189 3724 2381 3794 ipsum
2414 3727 2468 3777 et
2498 3739 2698 3777 omnes
2731 3724 2988 3794 quicum
3009 3739 3074 3779 eo
3098 3727 3262 3778 erant
3287 3724 3600 3778 monachos
3633 3723 3820 3777 inclu-

2108 3815 2200 3880 sit,
2233 3819 2514 3884 tanquam
2550 3816 2772 3868 futuros
2805 3821 2967 3884 aptos
3003 3815 3072 3868 ad
3110 3814 3378 3868 militiam
3409 3831 3422 3882 ;
3462 3819 3518 3868 et
3566 3831 3698 3868 cum
3735 3813 3817 3868 eis

2107 3912 2239 3975 quot
2271 3905 2414 3958 satis
2446 3911 2639 3958 essent
2676 3905 2942 3958 custodes
2976 3904 3396 3970 constituisset,
3424 3905 3666 3959 domum
3732 3921 3819 3959 re-

2108 3994 2234 4061 diit,
2295 3993 2712 4048 necauditione
2745 3993 2975 4064 quidem
3001 3995 3070 4048 ab
3102 3993 3186 4048 eis
3241 3994 3432 4065 rogari
3490 3994 3816 4048 sustinens.

2111 4085 2300 4140 Media
2323 4088 2516 4139 autem
2551 4084 3086 4154 nocte,lampadem
3113 4085 3298 4139 ferens
3338 4085 3582 4156 angelus
3639 4103 3818 4156 appa—

2111 4181 2196 4230 ret
2223 4175 2578 4240 custodibus,
2607 4175 2829 4229 lumine
2871 4175 3171 4230 illustrans
3204 4191 3409 4229 omnes
3437 4175 3535 4245 qui
3566 4185 3722 4230 erant
3757 4176 3812 4227 in

2113 4281 2360 4327 carcere,
2387 4265 2526 4319 adeo
2559 4267 2623 4318 ut
2656 4282 2767 4333 pra:
2810 4268 3046 4335 stupore
3070 4264 3294 4319 hiantes
3336 4269 3561 4319 starent
3617 4269 3809 4317 custo-

2113 4357 2235 4410 des.
2263 4354 2368 4418 Qui
2401 4370 2526 4408 cum
2581 4355 2990 4422 surrexissent,
3047 4371 3146 4409 eos
3196 4362 3464 4425 rogarunt
3505 4358 3562 4407 ut
3607 4368 3798 4406 omnes

2039 4452 2079 4517 [)
2112 4446 2355 4514 abirent,
2390 4444 2471 4499 eis
2494 4445 2704 4514 apertis
2728 4444 2967 4515 januis;
3003 4445 3337 4499 fatebantur
3377 4443 3519 4498 enim
3552 4456 3670 4494 esse
3711 4457 3798 4492 sa-

2115 4535 2232 4589 tius
2257 4551 2357 4604 pro
2389 4533 2456 4588 iis
2491 4534 2657 4600 mori,
2692 4549 2863 4604 quam
2898 4549 3024 4604 quae
3065 4535 3135 4588 ad
3182 4549 3277 4588 eos
3328 4531 3579 4587 divinitus
3605 4529 3792 4583 venis-

2115 4629 2200 4679 set
2229 4623 2553 4678 libertatem
2584 4623 2680 4694 qui
2713 4623 2855 4678 citra
2889 4625 3173 4678 rationem
3192 4622 3592 4678 detinebantur
3622 4617 3803 4688 despi-

2114 4730 2262 4770 cere.
2295 4713 2589 4767 Tribunus
2613 4713 2808 4783 itaque
2830 4729 2964 4769 cum
3015 4713 3454 4780 magistratibus
3517 4724 3680 4765 mane
3723 4725 3815 4762 ve-

2114 4803 2279 4858 niens
2309 4802 2368 4856 in
2401 4801 2745 4868 custodiam,
2781 4802 3250 4857 contendebatut
3270 4803 3374 4855 viri
3410 4801 3815 4870 egrederentur

2117 4909 2146 4947 e
2168 4892 2396 4947 civitate
2423 4917 2436 4959 ;
2469 4891 2696 4947 dicebat
2728 4891 3139 4960 enimdomum
3164 4907 3333 4946 suam
3349 4890 3628 4945 cecidisse
3649 4895 3810 4944 terra:

2119 4986 2305 5048 motu,
2340 4985 2395 5034 et
2425 4997 2453 5038 e
2484 4981 2609 5036 suis
2659 4981 2837 5037 servis
2887 4982 3139 5050 optimos
3188 4997 3500 5052 oppressos
3534 4980 3732 5034 fuisse.
3780 4978 3822 5032 li

2119 5074 2306 5124 autem
2333 5069 2450 5124 haec
2472 5069 2792 5136 audientes,
2828 5068 2942 5124 Deo
2975 5069 3191 5139 gratias
3247 5073 3506 5140 agentes,
3557 5068 3829 5122 abierunt

2121 5159 2178 5212 in
2251 5158 2647 5227 solitudinem,
2706 5167 2985 5230 erantque
3045 5175 3247 5214 omnes
3308 5155 3512 5224 simul,
3575 5168 3633 5211 ut
3687 5157 3836 5210 dicit

2120 5247 2448 5317 Apostolus,
2489 5249 2765 5304 habentes
2813 5264 2912 5303 cor
2969 5264 3152 5303 unum
3211 5250 3266 5302 et
3314 5263 3492 5301 unam
3561 5245 3830 5300 animam

2121 5339 2253 5408 (Act.
2280 5338 2376 5406 IV).

2192 5469 2442 5527 Docebat
2471 5473 2666 5528 autem
2699 5472 2954 5544 quotidie
2982 5470 3176 5528 ornari
3214 5467 3550 5535 virtutibus,
3607 5471 3665 5523 et
3707 5483 3845 5525 ma-

2121 5561 2324 5618 chinas
2347 5561 2558 5619 diaboli
2591 5562 2648 5617 in
2682 5562 3126 5633 cogitationibus
3157 5562 3215 5620 in
3238 5559 3524 5630 principio
3547 5557 3840 5631 protinus
