4074 6278
303 360 460 424 1137

1594 363 1970 426 HISTORIA
2011 361 2426 426 LAUSIACA.

3552 363 3708 425 H38

304 493 596 566 σπήλαιον,
638 490 778 548 ὥστε
806 491 894 548 καὶ
932 493 994 548 1:6
1042 491 1174 548 ἰδεῖν
1213 491 1370 548 αὐτὸν
1413 493 1536 572 λίαν
1586 495 1651 564 ἧν
1693 491 1950 574 φοϐερόν.
1985 499 2038 564 Α
2065 497 2382 557 τοσαυτάκις
2423 495 2480 550 δὲ
2523 494 2574 550 ἐν
2623 499 2691 569 τῇ
2735 494 2936 571 ἡμέρᾳ,
2986 497 3327 569 κάμπτοντος
3374 493 3440 550 τὰ
3485 493 3702 571 γόνατα.

300 573 538 657 ’Έτρεμε
571 580 626 637 δὲ
649 581 846 638 λοιπὸν
878 583 1009 646 ὅλος
1037 585 1138 638 ὑπὸ
1182 587 1282 638 τοῦ
1322 586 1510 660 γήρως
1566 585 1950 659 συνεχόμενος.

309 671 506 728 Πολλὰ
557 669 614 726 δέ
670 673 784 726 καθ’
844 671 1070 740 ἑκάστην
1131 671 1343 746 ἡμέραν
1402 677 1604 745 σημεῖα
1663 672 1952 741 ἐπιτελῶν,

307 761 394 816 καὶ
447 761 682 830 ἰώμενος
736 763 860 823 τοὺς
909 763 1212 834 κάμνοντας
1269 761 1367 816 οὐκ
1423 761 1670 822 ἐπαύετο.
1719 761 1952 838 ’Ἔλεγον

311 849 366 906 δὲ
431 851 556 923 περὶ
621 850 788 906 αὐτοῦ
847 853 900 906 οἱ
979 851 1230 926 Πατέρες,
1300 853 1384 906 ὅτι
1442 849 1618 914 ούδεὶς
1683 852 1954 926 μέμνηται

308 941 406 1009 τὴν
451 940 616 995 αὐτοῦ
665 939 719 994 ἐν
765 945 846 1012 τῷ
886 937 998 1014 ὄρει
1047 942 1422 1018 γεγενημένην
1471 939 1676 998 ἄνοδον.
1733 944 1953 998 ’Ἡσθιεν

309 1027 367 1084 δὲ
422 1027 474 1084 ἐν
534 1035 613 1101 τῷ
671 1032 830 1106 γήρει
883 1049 1028 1105 τρεις
1093 1029 1318 1106 ούγγίας
1356 1031 1520 1104 ἄρτου
1571 1032 1648 1094 εἰς
1705 1032 1954 1104 ἑσπέραν,

307 1120 393 1173 καὶ
427 1125 572 1194 τρεῖς
614 1118 816 1180 ἐλαίας.
857 1122 945 1174 Ἐν
1001 1121 1217 1191 νεότητι
1286 1117 1342 1175 δὲ
1399 1121 1480 1176 ἀεὶ
1533 1119 1602 1175 δι’
1649 1118 1955 1195 ἑϐδομάδος

309 1211 502 1266 ἐσθίων
531 1212 667 1285 ἅπαξ
697 1207 948 1267 διετέλει.

930 1377 1182 1428 ΚΕΦΔΛ.
1236 1375 1364 1431 ΝΒ’.

739 1500 868 1576 Περὶ
917 1504 1014 1556 τοῦ
1065 1496 1206 1558 ἀϐϐἆ
1239 1499 1525 1559 Ἀπολλῶ.

381 1659 744 1734 Ἐθεασάμεθα
793 1657 850 1714 δὲ
907 1661 997 1716 καὶ
1055 1657 1236 1729 ἕτερον
1291 1659 1460 1734 ἄνδρα
1509 1663 1666 1736 ἅγιον
1729 1657 1955 1737 ὀνόματι

311 1748 592 1818 ’Ἀπολλώ⁷
623 1752 676 1804 ’ev
722 1745 976 1821 Θηϐαΐδι,
1010 1749 1062 1805 ἐν
1121 1750 1294 1826 ὁρίοις
1346 1751 1770 1826 Ἐρμουπόλεως
1797 1772 1810 1785 ·
1843 1751 1896 1808 ἐν

311 1838 338 1891 6
372 1840 570 1912 Σωτὴρ
605 1836 738 1910 μετᾶ
773 1845 874 1906 τῆς
904 1839 1170 1911 παρθένου
1217 1837 1425 1912 Μαρίας
1466 1838 1552 1894 καὶ
1601 1844 1697 1895 τοῦ
1746 1837 1956 1896 δικαίου

311 1927 512 2000 Ἰωσὴφ
569 1927 915 2001 παρεγένετο,
966 1926 1224 1984 Ἣασαΐου
1275 1929 1375 1996 τὴν
1431 1929 1763 2006 προφητείαν
1819 1931 1952 1985 ἀνα-

305 2015 556 2090 πληρῶν,
600 2013 856 2090 λέγοντος
901 2035 914 2048 ·
957 2017 1099 2072 Ἰδοὺ
1147 2018 1342 2093 Κύριος
1388 2018 1619 2090 κάθηται
1671 2020 1757 2075 ἐπὶ
1803 2020 1954 2098 νεφέ-

309 2105 414 2175 λης
443 2103 674 2180 κούφης,
695 2107 785 2160 καὶ
813 2104 931 2176 ἥξει
982 2106 1057 2168 εἰς
1094 2105 1398 2184 Αἴγυπτον,
1448 2109 1538 2162 καὶ
1585 2111 1954 2180 σεισθήσονται

313 2194 674 2269 χειροποίητα
711 2196 989 2269 Αἰγύπτου
1020 2197 1126 2251 ἀπὸ
1169 2199 1467 2272 προσώπου
1499 2197 1686 2268 αὐτοῦ,
1721 2200 1810 2253 καὶ
1859 2219 1958 2253 πε-

312 2288 531 2338 σοῦνται
561 2283 650 2338 ἐπὶ
689 2286 788 2352 τὴν
821 2293 948 2361 γῆν.
978 2285 1196 2360 ’Ίδομεν
1232 2285 1340 2341 ἐκεῖ
1379 2289 1467 2342 καὶ
1500 2290 1590 2343 τὸν
1641 2291 1764 2344 ναὸν
1812 2286 1954 2350 ἔνθα,

314 2372 652 2436 εἰσελθόντος
683 2378 779 2428 τοῦ
805 2381 1063 2448 Σωτῆρος
1085 2375 1138 2430 ἐν
1167 2380 1234 2449 τῇ
1268 2374 1452 2447 πόλει,
1476 2377 1542 2432 τὰ
1560 2376 1762 2433 εἷ’δωλα
1785 2378 1958 2432 πάντα

313 2460 599 2516 κατέπεσεν
658 2460 747 2516 ἐπὶ
806 2463 1102 2536 πρόσωπον
1159 2465 1234 2524 εἰς
1291 2467 1390 2534 τήν
1439 2473 1563 2541 γῆν,
1615 2464 1828 2540 Ἴδομεν
1862 2466 1953 2522 οῦν

313 2549 405 2604 τὸν
437 2547 601 2625 ἄνδρα
627 2554 820 2606 τοῦτον
851 2550 904 2606 ἐν
948 2557 1016 2626 τῇ
1066 2551 1258 2628 ἐρήμῳ
1309 2554 1410 2608 ὑπὸ
1467 2555 1528 2608 τὸ
1578 2553 1704 2629 ὄρος
1758 2551 1956 2630 ἔχοντα

321 2642 712 2714 μοναστήριον,
753 2642 965 2715 Πατέρα
1012 2641 1086 2704 ὡς
1151 2642 1515 2698 πεντακοσίων
1566 2649 1825 2720 μοναχῶν
1851 2663 1864 2676 ·
1899 2647 1958 2709 ’ὀς

318 2723 609 2800 διαϐόητος
655 2729 705 2784 ἐν
765 2726 1000 2800 Θηϐαίδι
1034 2751 1045 2763 ·
1105 2733 1196 2786 καὶ
1245 2727 1377 2808 ἔργα
1429 2735 1642 2807 μεγάλα
1671 2735 1738 2804 ἦν
1785 2735 1954 2807 αὐτῷ,

313 2817 402 2872 καὶ
453 2815 706 2891 δυνάμεις
778 2817 1017 2895 μεγάλας
1075 2818 1244 2875 ἐποίει
1311 2818 1380 2874 δι’
1439 2821 1602 2876 αὐτοῦ
1661 2823 1688 2876 6
1729 2821 1952 2897 Κύριος.

316 2911 531 2978 Σημεῖα
560 2904 616 2961 δὲ
653 2909 790 2963 πάνυ
823 2907 1008 2965 πολλὰ
1042 2906 1113 2963 δι’
1149 2910 1314 2965 αὐτοῦ
1362 2909 1741 2970 ἐπετελοῦντο.
1782 2913 1956 2976 Οὗτος

311 2996 412 3070 γάρ
435 2994 494 3050 ἐκ
524 2995 778 3051 παιδόθεν
811 2999 1030 3066 πολλὴν
1074 2997 1301 3069 ἄσκησιν
1353 2997 1742 3072 ἐνδειξάμενος,
1776 3000 1826 3056 ἐν
1876 3005 1954 3073 τῷ

315 3083 462 3138 τέλει
490 3091 590 3154 τῆς
622 3083 848 3154 ἡλικίας
887 3088 1156 3156 τοσαύτης
1195 3085 1356 3164 ἔτυχε
1386 3091 1634 3164 χάριτος.
1666 3088 1954 3164 Ὀγδοηκο-

316 3178 441 3228 στοῦ
471 3173 571 3250 γὰρ
606 3171 677 3229 ὢν
709 3172 866 3236 ἔτους
900 3174 1036 3251 μέγα
1069 3179 1433 3253 μοναστήριον
1481 3179 1653 3250 ἑαυτῷ
1699 3179 1952 3254 συνεκρό-

2063 590 2126 641 Ὴ
2192 587 2366 663 τροφή
2427 583 2484 640 δὲ
2540 587 2706 639 αὐτοῦ
2774 585 2909 646 τέως
2975 585 3217 659 καθάπερ
3275 587 3492 659 πρῶτον
3560 583 3705 656 παρὰ

2067 679 2199 729 Θεοῦ
2239 674 2290 745 ἐξ
2349 675 2664 749 ἀμηχάνίας
2713 674 3062 751 ἐχορηγεῖτο.
3115 675 3200 729 Ἐν
3249 677 3317 748 τῇ
3377 672 3566 745 ἐρήμῳ
3604 671 3706 747 γὰρ

2063 763 2210 835 αὐτῷ
2237 766 2270 832 ἡ
2303 765 2477 842 τροφὴ
2511 765 2636 837 παρ’
2677 761 2915 839 ἀγγέλου
2948 761 3244 836 ἐκομίξετο.
3280 763 3348 818 Τὸ
3396 759 3454 815 δέ
3503 758 3704 833 ἔνδυμα

2064 855 2128 924 ἦν
2159 853 2304 926 αὐτῷ
2335 855 2367 909 ά
2415 849 2670 921 λεῦιτὼν,
2717 851 2881 928 ὅνπερ
2933 853 3070 914 τινες
3121 848 3382 906 κολόῦιον
3432 871 3707 926 προσαγο-

2067 943 2300 1018 ρεύουσι,
2331 944 2420 998 καὶ
2463 942 2671 998 λέντιον
2705 945 2899 1018 μικρὸν
2941 941 3029 998 ἐπὶ
3078 943 3177 1011 τὴν
3226 939 3472 1015 κεφαλήν
3521 939 3706 998 αὐτοῦ.

2062 1037 2236 1088 Ταῦτα
2267 1033 2371 1109 γὰρ
2401 1033 2550 1105 αὐτῷ
2581 1054 2632 1087 εν
2682 1037 2748 1106 τῇ
2801 1032 2993 1106 ἐρήμῳ
3041 1028 3253 1105 ἔμειναν
3318 1032 3393 1103 μὴ
3437 1029 3708 1086 παλαιού-

2067 1123 2220 1196 μένα.
2253 1125 2354 1179 Ἦν
2383 1127 2512 1198 γοῦν
2548 1122 2598 1176 ἐν
2632 1126 2699 1196 τῇ
2731 1121 2970 1193 πλησίον
3003 1125 3103 1187 τῆς
3128 1122 3456 1194 οἰκουμένης
3489 1119 3704 1193 ἐρήμῳ,

2063 1211 2117 1268 ἐν
2145 1217 2214 1285 τῇ
2249 1209 2471 1285 δυνάμει
2525 1208 2722 1286 διάγων
2764 1213 2859 1264 τοῦ
2893 1208 3225 1282 [Ινεύματος,
3259 1211 3464 1282 σημεῖα
3511 1205 3568 1262 δὲ
3615 1206 3704 1260 καὶ

2066 1301 2234 1364 ἰάσεις
2279 1299 2541 1354 ἐπιτελῶν
2591 1299 2922 1372 θαυμαστὰς,
2973 1299 3034 1360 ἅς
3086 1298 3188 1352 οὐκ
3219 1295 3278 1351 ἅν
3319 1317 3402 1360 τις
3434 1294 3504 1350 δι’
3545 1295 3706 1370 ὓπερ-

2063 1386 2238 1459 6ολῆν
2281 1390 2552 1462 θαύματος
2594 1389 2766 1450 πάσας
2807 1387 3032 1460 ἐξειπεῖν
3078 1385 3318 1454 δύναται,
3349 1383 3532 1446 καθὼς
3564 1383 3708 1458 παρὰ

2061 1484 2166 1535 τῶν
2221 1481 2488 1532 συνὸντων
2555 1479 2706 1550 αῦτῷ
2785 1471 3159 1552 πρεσϐυτέρων
3225 1477 3564 1548 ἠκούσαμεν,
3617 1472 3706 1526 καὶ

2067 1567 2238 1622 αὐτῶν
2267 1563 2493 1621 τελείων
2526 1563 2696 1620 ὅντων
2736 1564 2824 1620 καὶ
2857 1563 3176 1640 ἡγουμένων
3205 1561 3424 1633 πολλῆς
3468 1559 3705 1640 ἀδελφό-

2063 1678 2250 1729 τητος.
2303 1656 2516 1730 Γέγονεν
2583 1653 2672 1710 οῦν
2728 1655 2885 1718 εὐθὺς
2945 1651 3241 1725 διαϐόητος
3291 1655 3320 1709 6
3352 1654 3505 1728 ανὴρ,
3539 1653 3613 1715 ὡς
3643 1651 3702 1705 ἂν

2065 1749 2182 1808 νέος
2211 1768 2294 1808 τις
2329 1747 2617 1821 προφήτης
2666 1747 2758 1800 καὶ
2802 1743 3109 1807 ἀπόστολος
3148 1749 3216 1819 τῇ
3260 1742 3500 1817 ἡμετέρᾳ
3553 1745 3705 1815 γενεᾷ

2064 1834 2440 1913 ἐπιφοιτήσας.
2492 1837 2696 1908 Φήμης
2737 1833 2794 1889 δὲ
2840 1833 3059 1903 πολλῆς
3109 1833 3231 1908 περί
3281 1831 3443 1886 αὐτοῦ
3485 1827 3704 1902 διαδρα-

2071 1924 2299 1999 μούσης,
2331 1926 2522 1987 πάντες
2555 1925 2606 1978 οἱ
2645 1924 2795 1998 πέριξ
2851 1921 3130 1999 σποράδην
3177 1921 3423 1996 μένοντες
3474 1919 3706 1994 μοναχοί

2068 2016 2202 2090 πρὸς
2241 2014 2399 2069 αὐτὸν
2425 2013 2504 2068 ἀεὶ
2537 2011 2782 2090 ἔφθανρν,
2815 2012 2890 2074 ὡς
2921 2013 3084 2086 πατρὶ
3113 2010 3324 2085 γνησίῳ
3362 2010 3457 2071 τὰς
3501 2009 3702 2063 ἑαυτῶν

2068 2106 2247 2179 ψυχάς
2279 2102 2428 2180 δῶρα
2455 2103 2870 2180 προσφέροντες.
2904 2105 2960 2157 '0
3001 2099 3057 2157 δὲ
3105 2099 3196 2166 οῦς
3247 2101 3338 2173 μὲν
3389 2099 3522 2174 πρὸς
3571 2099 3704 2154 θεω-

2069 2195 2185 2268 ρίαν
2215 2191 2639 2269 προσεκαλεῖτος
2681 2191 2773 2254 οῦς
2819 2189 2874 2246 δὲ
2911 2193 3010 2261 τὴν
3059 2190 3359 2264 πρακτικὴν
3391 2182 3706 2257 συνεὸίὸαζε

2071 2283 2346 2359 μετελθεῖν
2379 2280 2572 2358 ἀρετήν
2607 2299 2621 2312 ·
2653 2285 2868 2356 πρῶτον
2917 2279 3120 2342 δείκνὺς
3169 2277 3332 2355 ἔργῳ,
3366 2273 3500 2352 ἅπερ
3547 2275 3702 2351 λόγῳ

2065 2380 2242 2428 ποιεῖν
2283 2371 2490 2434 ἄλλους
2538 2371 2819 2429 ἐνουθέτει.
2861 2369 3142 2432 Πολλάκις
3194 2371 3296 2446 γὰρ
3352 2365 3698 2424 ἐπιδεικνύων

2066 2463 2251 2523 αὐτοῖς
2287 2464 2388 2532 τὴν
2420 2461 2670 2531 ἄσκησιν,
2693 2461 2830 2516 κατά
2861 2461 3131 2536 Κυριακὴν
3167 2459 3330 2534 μόνον
3382 2458 3496 2530 μετ’
3529 2455 3702 2511 αύτῶν

2071 2546 2476 2625 μετελάμϐανεν
2516 2568 2528 2581 ·
2558 2551 2718 2614 αὐτὸς
2755 2551 2873 2624 μὲν,
2915 2549 2951 2618 ἢ
2993 2548 3116 2604 ὅσον
3154 2570 3252 2622 περ
3301 2551 3409 2602 τῶν
3454 2546 3706 2620 λαχάνων

2067 2641 2394 2714 αὐτομάτως
2441 2639 2502 2695 ἐκ
2546 2647 2645 2709 τῆς
2703 2647 2804 2716 γῆς
2871 2640 3148 2717 ἀνεφύετο,
3210 2637 3308 2692 ούκ
3367 2634 3550 2708 ἄρτον,
3610 2633 3708 2690 οὐκ

2066 2727 2315 2806 ὄσπριον,
2348 2731 2409 2786 οὐ
2449 2735 2554 2785 τῶν
2585 2731 2636 2785 ἐν
2668 2736 2784 2792 τοῖς
2817 2735 3006 2809 φυτοῖς
3047 2729 3279 2804 ὀπώρων
3311 2749 3363 2782 τι
3414 2725 3707 2798 διαιτώμε-

2065 2843 2176 2891 νος,
2211 2819 2324 2876 ούδ⁹
2358 2823 2456 2876 ὅσα
2477 2819 2565 2876 διὰ
2591 2825 2688 2876 τοῦ
2717 2821 2888 2895 πυρὸς
2917 2817 3034 2894 ἔχει
3064 2820 3162 2888 τὴν
3193 2825 3420 2896 χρῆσιν.

2135 2909 2400 2972 Ἀκούσας
2448 2908 2504 2965 δέ
2549 2930 2680 2965 ποτε
2727 2909 2778 2963 ἐν
2827 2913 2942 2970 τοῖς
2999 2906 3310 2964 Ἰουλιανοῦ
3360 2909 3593 2981 καιροῖς,
3626 2905 3709 2959 δτι

2065 2999 2297 3078 ἀδελφὸς
2331 2999 2406 3060 εἰς
2465 2998 2738 3072 στρατείαν
2779 3000 3069 3073 κρατηθεὶς
3111 2999 3162 3052 ἓν
3215 2995 3432 3076 φυλακῇ
3492 2992 3710 3066 δεσμώ-

2062 3111 2161 3160 της
2194 3090 2448 3159 κάθηται,
2479 3089 2801 3161 παρεγένετο
2835 3089 2970 3160 πρὸς
3003 3087 3160 3141 αὐτὸν
3221 3087 3354 3158 μετὰ
3397 3091 3495 3153 τῆς
3545 3081 3708 3136 ἀδελ-

2065 3180 2324 3254 φότητος,
2373 3175 2701 3248 παρακαλῶν
2758 3177 2924 3231 αὐτὸν
2971 3176 3060 3230 καὶ
3115 3177 3379 3230 νουθετων
3431 3177 3707 3247 καρτερεῖν

314 3285 473 3334 τησεν
517 3263 742 3320 τελείων
793 3264 1002 3340 ἀνδρῶν
1055 3267 1424 3320 πεντακοσίων
1477 3264 1780 3340 δυναμένων
1824 3288 1956 3342 σχε-
1986 3238 2028 3305 C'
2069 3266 2119 3321 ἐν
2147 3270 2264 3327 τοῖς
2296 3265 2500 3334 πόνοις,
2539 3264 2627 3320 καί
2655 3265 2782 3327 τοὺς
2815 3264 3220 3341 ἐπερχομένους
3253 3265 3402 3335 αύτῷ
3433 3261 3712 3325 κινδύνους

319 3350 408 3407 δὸν
451 3356 664 3408 πάντων
705 3357 908 3426 σημεῖα
955 3353 1246 3410 ἐπιτελεῖν.
1281 3356 1448 3418 Οὗτος
1504 3353 1791 3411 δεκαπέντε
1831 3357 1960 3411 ἐτῶν

321 3443 686 3518 ἀναχωρήσας
717 3447 814 3497 τοῦ
863 3444 1073 3516 κόσμου
1104 3444 1196 3498 καὶ
1241 3445 1636 3520 τεσσαράκοντα
1667 3443 1758 3518 ἔτη
1794 3445 1844 3500 ἐν
1895 3449 1962 3519 τῇ

321 3529 515 3606 ἐρήμῳ
566 3529 898 3603 διατελέσας,
971 3537 1141 3588 πᾶσαν
1209 3535 1402 3611 ἀρετήν
1466 3531 1706 3610 ἀκριϐῶς
1771 3535 1962 3607 ἐξασή-

321 3642 435 3690 σας,
486 3620 707 3696 ὕστερον
766 3629 948 3700 φωνῆς
1007 3622 1220 3678 ἀκούειν
1263 3621 1412 3694 ἔδοξε
1459 3629 1556 3680 τοῦ
1614 3629 1768 3688 Θεοῦ,
1826 3627 1962 3700 πρὸς

321 3713 478 3768 αὐτὸν
529 3713 784 3787 λέγοντος
835 3731 850 3746 ο
903 3713 1189 3783 Ἀπολλῶ,
1241 3713 1527 3784 Ἀπολλῶ,
1581 3713 1669 3770 διὰ
1719 3721 1813 3770 σοῦ
1860 3717 1958 3786 τήν

318 3803 508 3878 σοφίαν
555 3809 662 3858 τῶν
711 3804 1016 3879 Αἰγυπτίων
1067 3805 1160 3860 καὶ
1208 3807 1308 3874 τήν
1341 3805 1548 3860 σύνεσιν
1588 3809 1696 3861 τῶν
1727 3811 1957 3862 συνετῶν

316 3893 480 3948 ἐθνῶν
509 3896 778 3965 ἀθετήσω.
813 3895 1070 3956 Ἀπολεῖς
1113 3892 1168 3949 δέ
1201 3915 1293 3968 μοι
1329 3893 1420 3949 σὺν
1464 3895 1651 3957 αὐτοῖς
1699 3896 1788 3951 καὶ
1832 3899 1959 3959 τοὺς

313 3981 512 4058 σοφοὺς
565 3979 912 4053 Βαϐυλῶνος,
959 3983 1048 4036 καὶ
1099 3987 1272 4036 πᾶσαν
1319 3984 1420 4050 τήν
1485 3981 1806 4056 δαιμονικὴν
1855 3985 1959 4038 λα-

310 4071 486 4146 τρείαν
539 4070 887 4148 ἐξαφανίσεις.
939 4071 1038 4126 Καὶ
1079 4075 1171 4126 νῦν
1221 4071 1457 4146 πορεύου
1515 4073 1592 4134 εἰς
1636 4075 1734 4142 τὴν
1773 4073 1955 4127 οἰκου-

315 4161 502 4234 μένην.
544 4162 825 4230 Γεννήσεις
855 4160 953 4236 γάρ
1011 4181 1104 4234 μοι
1153 4160 1284 4215 λαὸν
1333 4160 1641 4234 περιούσιον
1695 4160 1952 4232 ζηλωτὴν

311 4249 493 4304 καλῶν
555 4244 746 4324 ἔργων.
795 4251 858 4306 '0
919 4246 976 4304 δὲ
1023 4249 1336 4324 ἀποκριθεὶς
1389 4250 1555 4317 εἶπεν,
1611 4250 1815 4324 ’Ἂφελε
1865 4251 1956 4305 ἀπ’

311 4339 468 4412 ἐμοῦ,
503 4339 764 4405 Δέσποτα,
816 4340 914 4408 τὴν
961 4337 1272 4408 ἂλαζονίαν,
1327 4341 1402 4412 μή
1455 4359 1574 4403 πως
1639 4341 1952 4414 ὑπεραρθεὶς

315 4428 447 4502 ὑπὲρ
477 4429 577 4498 τὴν
611 4425 977 4506 ἀδελφότητα,
1007 4427 1069 4482 τὸ
1112 4431 1215 4481 πᾶν
1265 4427 1461 4502 ἀγαθὸν
1498 4431 1784 4501 ζημιωθῶ.
1821 4431 1954 4485 Eine

313 4515 370 4574 δὲ
416 4518 580 4574 πάλιν
613 4521 647 4589 ἡ
712 4519 828 4575 θεία
861 4521 1012 4597 φωνὴ
1065 4520 1200 4594 πρὸς
1259 4519 1420 4574 αὐτόν
1475 4537 1489 4552 ·

313 4609 484 4688 χαῖρά
525 4631 618 4664 σου
670 4609 755 4664 ἐπὶ
804 4611 896 4664 τὸν
957 4608 1159 4684 αὐχένα
1209 4630 1303 4664 σου
1337 4627 1350 4641 ⁸

1539 4515 1831 4575 Ἐπίϐαλον
1881 4523 1946 4592 τὴ

311 4699 622 4774 κατορύξεις
663 4699 826 4767 αὐτὴν
881 4699 932 4754 ἐν
987 4703 1056 4774 τῇ
1115 4697 1304 4772 ἄμμῳ.
1357 4703 1414 4754 '0
1481 4695 1536 4752 δὲ
1592 4701 1807 4773 ταχέως
1846 4701 1945 4768 τὴν

313 4794 468 4862 γεῖρα
516 4785 602 4840 ἐπὶ
640 4788 732 4841 τὸν
783 4787 987 4862 αὐχένα
1035 4783 1332 4858 ἐπιϐαλών,
1382 4785 1640 4860 ἐδράξατο
1688 4787 1952 4850 Αἰθίοπος

318 4879 519 4951 μικροῦ
549 4895 560 4908 ·
611 4877 702 4930 καὶ
753 4878 1060 4952 κατέχωσεν
1092 4875 1252 4931 αὐτὸν
1291 4875 1343 4930 ἐν
1392 4881 1461 4951 τῇ
1512 4878 1704 4950 ἄμμῳ,
1741 4880 1954 4952 βοῶντα

314 4966 400 5018 καὶ
437 4962 659 5037 λέγοντα
691 4983 704 4996 ’
739 4964 878 5040 Ἐγώ
935 4965 1048 5039 εἰμι
1083 4967 1110 5019 6
1156 4971 1256 5035 τῆς
1310 4965 1674 5040 ὑπερηφανίας
1721 4963 1953 5040 δαίμων,

315 5053 419 5108 Καὶ
445 5052 610 5108 πάλιν
643 5055 792 5130 φωνὴ
833 5053 1041 5128 ἐγένετο
1088 5053 1224 5129 πρὸς
1271 5053 1454 5128 αὐτὸν,
1507 5053 1737 5129 λέγουσα
1769 5073 1784 5090 ⁸
1840 5063 1956 5111 Πο-

315 5141 494 5216 ρεύου,
529 5142 610 5196 ὅτι
657 5148 758 5196 πᾶν
809 5143 837 5196 '6
886 5143 973 5197 ἐὰν
1017 5142 1216 5218 αἰτήσῃ
1261 5145 1406 5219 παρά
1453 5147 1549 5199 τοῦ
1597 5143 1728 5200 Θεοῦ
1773 5145 1952 5219 λήψῃ.

315 5231 372 5285 Ὀ
413 5228 468 5286 δέ
517 5231 673 5294 εὐθὺς
703 5231 936 5292 ἀκούσας
983 5231 1058 5293 εἰς
1103 5234 1201 5302 τήν
1261 5233 1589 5305 οἰκουμένης
1649 5233 1954 5310 ἐξώρμησε,

317 5321 453 5376 κατά
491 5322 580 5376 τὸν
617 5323 802 5396 καιρὸν
854 5319 1152 5377 Ἰουλιανοῦ
1198 5325 1295 5375 τοῦ
1336 5322 1620 5394 τυράννου,
1651 5322 1740 5376 καὶ
1781 5343 1956 5397 παρα-

319 5405 512 5464 ϐάλλει
539 5411 673 5474 τέως
706 5411 756 5466 ἐν
785 5415 854 5486 τῇ
885 5409 1121 5482 πλησίον
1153 5410 1367 5483 ἐρήμῳ.

391 5499 672 5569 Σπήλαιον
717 5499 854 5556 δέτι
885 5501 1078 5576 μικρὸν
1124 5495 1472 5570 καταλαϐὼν,
1524 5499 1634 5555 ἐκεῖ
1670 5500 1952 5575 κατέμενεν

319 5587 422 5642 ὑπὸ
446 5590 507 5643 τὸ
542 5587 688 5664 ὅρος.
729 5591 798 5645 Τὸ
831 5589 888 5646 δὲ
916 5585 1069 5666 ἔργον
1103 5589 1274 5646 αὐτοῦ
1313 5591 1379 5658 ἧν
1418 5589 1480 5644 τὸ
1512 5593 1638 5658 πᾶν,
1689 5591 1956 5666 ἡμερίους

317 5673 483 5754 εὐχάς
533 5675 824 5735 ἀποδοῦναι
867 5683 944 5754 τῷ
983 5684 1119 5754 Θεῷ,
1152 5679 1496 5740 ὲκατοντάκις
1542 5679 1634 5754 μὲν
1674 5677 1724 5735 ἐν
1780 5681 1952 5756 νυκτὶ,

2072 3356 2352 3430 ὖπερορᾷν.
2414 3356 2612 3429 Καιρὸν
2671 3355 2769 3430 γάρ
2837 3377 2997 3434 φησιν
3064 3355 3200 3410 εἶναι
3267 3353 3496 3431 ἀγώνων
3557 3353 3706 3422 αὐτῷ

2067 3447 2190 3500 τότε
2215 3445 2304 3502 καὶ
2333 3446 2432 3516 τήν
2460 3446 2688 3521 γνώμην
2724 3443 2886 3499 αὐτοῦ
2913 3449 2983 3512 τῆ
3031 3445 3136 3500 τῶν
3189 3448 3506 3521 πειρασμῶν
3538 3463 3712 3518 προσ-

2067 3531 2210 3609 ϐολῇ
2266 3534 2674 3608 δοκιμάζεσθαι.
2735 3537 2823 3596 Ὠς
2883 3532 2942 3590 δὲ
2997 3535 3339 3610 ἐπεστήριξεν
3397 3535 3562 3589 αὐτοῦ
3609 3534 3709 3602 τὴν

2067 3627 2272 3700 ψυχὴν,
2302 3631 2419 3688 τοῖς
2449 3625 2640 3700 λόγοις
2673 3623 2886 3686 τούτοις
2909 3623 3127 3689 ἐπιστάς
3157 3625 3184 3679 6
3221 3623 3524 3703 χιλίαρχος
3559 3623 3707 3698 ὁρμῇ

2064 3721 2164 3784 τῆς
2220 3714 2409 3779 κακίας
2465 3715 2781 3789 φερόμενος,
2842 3713 3258 3790 ἐπαγγείλαντος
3335 3713 3482 3784 αύτῷ
3561 3733 3709 3776 τινος

2063 3804 2184 3880 περῖ
2219 3805 2420 3874 αὐτῶν,
2450 3803 2652 3864 ἐπιθεὶς
2683 3802 2908 3876 κλεῖθρα
2937 3807 3054 3864 ταῖς
3083 3803 3272 3876 θύραις
3299 3809 3396 3871 τῆς
3433 3799 3706 3877 φυλακῆς,

2063 3895 2223 3948 αὐτόν
2253 3915 2310 3947 τε
2340 3894 2428 3948 καὶ
2457 3893 2582 3953 τοὺς
2631 3894 2746 3965 μετ’
2794 3892 2958 3946 αὐτοῦ
3011 3892 3288 3966 μοναχοὺς
3335 3891 3537 3952 πάντας
3578 3912 3710 3945 κατ-

2062 3981 2321 4053 έκλεισεν,
2355 3983 2428 4042 ὡς
2495 3977 2836 4050 ἐπιτηδείους
2887 3979 3176 4053 ἐσομένους
3227 3981 3364 4055 πρὸς
3411 3982 3509 4049 τήν
3551 3998 3705 4052 στρα-

2058 4069 2227 4140 τείαν,
2267 4070 2356 4124 καὶ
2407 4066 2650 4146 φύλακας
2706 4067 2924 4132 ἱκανοὺς
2974 4069 3156 4131 αὐτοῖς
3204 4070 3562 4140 καταστήσας,
3607 4067 3694 4122 ἐπὶ

2061 4161 2155 4227 τήν
2190 4159 2382 4214 ἑαυτοῦ
2412 4157 2581 4213 οἰκίαν
2634 4157 2973 4235 ἀνεχώρησε,
3008 4157 3148 4232 μηδέ
3201 4158 3334 4234 ὀίχρι
3373 4159 3543 4228 ἀκοῆς
3595 4179 3697 4213 πα-

2059 4245 2362 4324 ρακλθῆναι
2421 4249 2510 4303 ὑπ’
2562 4249 2738 4304 αὐτῶν
2807 4249 3201 4324 ἀνασχόμενος.
3279 4248 3423 4304 Κατᾶ
3511 4245 3568 4302 δέ
3635 4249 3697 4303 τὸ

2062 4337 2408 4408 μεσονύκτιον
2443 4334 2876 4416 λαμπαδηφόρος
2919 4335 3149 4412 ἄγγελος
3180 4337 3420 4415 φαίνεται
3448 4343 3564 4403 τοῖς
3598 4361 3699 4416 φυ-

2059 4423 2337 4494 λάττουσι,
2387 4425 2524 4501 φωτὶ
2585 4426 3006 4500 καταστράπτων
3067 4427 3270 4490 πάντας
3313 4429 3364 4483 ἐν
3412 4433 3494 4502 τῷ
3539 4429 3698 4500 οἰκή-

2058 4534 2185 4587 ματι
2221 4533 2233 4547 ·
2269 4515 2344 4576 ὡς
2372 4515 2458 4569 ὑπ’
2491 4511 2804 4584 ἐκπλήξεως
2836 4515 3060 4594 ἀχανεῖς
3091 4518 3338 4592 γενέσθαι
3370 4519 3498 4582 τοὺς
3521 4518 3698 4597 φύλα·

1406 4606 1496 4662 καί
1551 4607 1812 4679 καθέξεις,
1857 4611 1948 4664 καὶ
1981 4611 2024 4674 D
2056 4623 2173 4672 κας,
2209 4603 2261 4656 οἳ
2291 4603 2378 4657 καί
2410 4602 2732 4665 ἀναστάντες
2767 4604 2954 4674 ἠξίουν
3006 4606 3201 4669 αὐτοὺς
3251 4607 3505 4662 ἀπελθεῖν
3539 4609 3706 4662 ἅπαν-

2058 4713 2176 4760 τας,
2223 4695 2328 4746 τῶν
2377 4693 2554 4766 θυρῶν
2611 4693 2796 4756 αὐτοῖς
2854 4695 3231 4772 ἀνοιχθεισῶν.
3281 4702 3540 4770 ’Ἄμεινον
3597 4699 3698 4772 γάρ

2061 4781 2198 4836 εἶναι
2239 4780 2426 4842 αὐτοῖς
2471 4779 2710 4836 τεθνάναι
2753 4782 2886 4856 ὑπὲρ
2925 4783 3097 4838 αὐτῶν
3150 4783 3495 4860 ὡμολόγουν,
3525 4785 3561 4856 ἢ
3603 4788 3702 4856 τὴν

2063 4874 2239 4927 θεόθεν
2270 4870 2528 4926 ἐλθοῦσαν
2555 4877 2670 4934 τοῖς
2721 4870 2939 4947 ἀλόγως
2972 4879 3362 4952 κατεχομένοις
3395 4877 3698 4953 ἐλευθερίαν

2062 4958 2332 5034 παριδεῖνὃ
2386 4962 2448 5016 Ὁ
2513 4961 2691 5015 τοίνυν
2738 4961 3060 5038 χιλίαρχος,
3121 4965 3212 5020 σὺν
3267 4973 3385 5029 τοῖς
3433 4967 3700 5044 ἄρχουσιν

2061 5048 2224 5106 ἕωθεν
2256 5053 2324 5123 τῇ
2373 5049 2590 5127 φυλακῇ
2649 5051 2884 5118 ἐπιστάς,
2955 5053 3278 5128 ἐσπούδαζεν
3339 5065 3440 5129 τῆς
3485 5060 3703 5123 πόλεως

2063 5140 2188 5202 τοὺς
2220 5136 2411 5212 ἄνδρας
2444 5139 2672 5209 ἐξελθεῖν
2705 5159 2718 5173 ⁸
2771 5147 2977 5216 σεισμῷ
3033 5148 3132 5220 γὰρ
3189 5148 3281 5202 τὸν
3340 5149 3494 5204 οἶκον
3540 5149 3705 5206 αὐτοῦ

2065 5225 2260 5306 ἔφασκε
2288 5231 2650 5302 πεπτωκέναι,
2697 5233 2786 5285 καὶ
2835 5231 2961 5296 τοὺς
3022 5235 3342 5308 βελτίστους
3401 5244 3510 5294 τῶν
3553 5243 3705 5311 θερα-

2065 5321 2276 5376 πόντων
2311 5321 2476 5374 αὐτοῦ
2514 5319 2917 5396 κατειληφέναι.
2945 5325 3012 5381 Οἱ
3043 5323 3100 5380 δε
3131 5328 3204 5390 ὡς
3237 5326 3488 5399 ἤκουσαν,
3521 5331 3702 5405 φωνὰς

2065 5407 2517 5484 εὐχαριστηρίους
2547 5406 2771 5480 ᾅδοντες
2817 5417 2896 5483 τῷ
2953 5418 3091 5486 Θεῷ,
3159 5415 3396 5486 ἀπήεσαν
3459 5416 3546 5470 ἐπὶ
3603 5419 3702 5487 τήν

2063 5495 2294 5576 ἔρημον,
2324 5498 2413 5552 καὶ
2442 5499 2578 5569 ἦσαν
2607 5499 2802 5556 λοιπὸν
2835 5501 2975 5576 ὁμοῦ
3030 5505 3218 5568 πάντες
3258 5507 3394 5560 κατά
3429 5505 3521 5560 τὸν
3571 5506 3707 5564 ἀπο-

2070 5587 2322 5645 στολικὸν
2365 5587 2526 5664 λόγον
2547 5585 2764 5665 ἔχοντες
2794 5589 3016 5666 καρδίαν
3048 5596 3136 5647 καὶ
3163 5597 3348 5669 ψυχήν
3384 5594 3530 5668 μίαν.

2139 5673 2416 5735 Έδίδασκέ
2455 5698 2512 5734 τε
2544 5678 2738 5742 αὐτοὺς
2799 5683 2920 5737 καθ’
2970 5682 3177 5756 ἡμέραν
3233 5679 3547 5762 διαπρέπειν
3597 5693 3716 5750 ταῖς
