4074 6278
386 395 541 458 H39

388 607 680 685 λογισμοῖς
710 609 855 684 παρά
874 611 973 678 τὴν
1008 610 1185 684 ἀρχὴν
1211 608 1364 670 εὐθὺς
1395 607 1835 685 ἀποκρούεσθαι,
1858 612 2037 679 Θραυε-

389 684 609 760 σθείσης
638 690 762 764 γὰρ,
801 689 960 766 φησί,
1010 696 1108 759 τῆς
1153 688 1396 766 κεφαλῆς
1438 693 1534 745 τοῦ
1579 689 1776 765 ὄφεως,
1810 684 1944 743 ἅπαν
1975 689 2035 742 τὸ

388 775 549 843 σῶμα
576 770 761 847 νεκρόν
798 769 942 842 ξέστι.
985 774 1185 845 Τηρεῖν
1231 772 1332 845 γὰρ
1363 772 1522 844 ἡμῖν,
1553 771 1735 846 φησὶν,
1769 771 1796 825 ὁ
1840 770 2036 843 Κύριος

388 850 694 931 ἐντέλλεται
726 854 824 922 τήν
858 849 1102 928 κεφαλὴν
1153 856 1248 906 τοῦ
1314 851 1510 931 ὄφεως.
1560 856 1726 906 Τοῦτο
1786 849 1842 905 δέ
1894 850 2033 905 ἐστιν

381 930 475 987 ’ίνα
510 930 651 1005 μηδέ
699 933 846 1006 παρά
890 934 990 1010 τὴν
1042 932 1223 1008 ἀρχὴν
1273 932 1399 993 τοὺς
1453 931 1693 1010 φαύλους
1747 932 1835 986 καὶ
1867 931 2037 1010 ἀπρε-

387 1018 507 1075 πεῖς
556 1011 863 1088 λογισμοὺς
925 1009 1255 1068 διανοεῖσθαι
1302 1008 1741 1086 καταδεξώμεθα,
1786 1015 1924 1086 μήτε
1981 1008 2039 1067 δὲ

388 1095 480 1148 καὶ
518 1094 616 1163 τὴν
670 1094 903 1171 αἰσχράν
953 1096 1243 1171 φαντασίαν
1288 1100 1384 1149 τοῦ
1429 1096 1553 1158 νοὸς
1590 1097 1750 1167 ἡμῶν
1799 1092 2036 1148 ἀπαλεῖ-

388 1176 508 1246 ψαι,
539 1175 827 1247 πειρᾶσθαι
861 1170 918 1227 δὲ
949 1170 1238 1244 ἀλλήλους
1264 1170 1626 1248 ὑπερϐάλλειν
1657 1179 1776 1236 ταῖς
1798 1173 2037 1248 ἀρεταῖς,

397 1255 471 1326 μή
502 1273 584 1314 τις
612 1251 851 1307 ἐλάττων
886 1252 940 1308 ἐν
974 1259 1093 1316 ταῖς
1140 1252 1531 1328 εὐδοκιμήσεσι
1577 1256 1796 1317 ταύταις
1848 1252 2033 1330 φανείη

388 1339 485 1390 τοῦ
526 1334 731 1410 ἐτέρου.
766 1338 1073 1411 Τεκμήριον
1109 1336 1188 1407 δέ,
1239 1339 1429 1415 φησὶν,
1467 1339 1624 1411 ὑμῶν
1673 1333 1807 1391 ἔστω
1852 1339 1887 1405 ἡ
1928 1340 2034 1390 τῶν

390 1417 595 1488 ἀρετῶν
647 1417 925 1488 προκοπὴ,
976 1414 1102 1471 ὅταν
1156 1414 1259 1485 τήν
1301 1418 1555 1472 ἀπάθειαν
1585 1416 1672 1471 καί
1719 1419 1819 1485 τήν
1853 1418 2036 1490 ἀνορε-

390 1495 502 1566 ξίαν
534 1497 833 1567 κτήσησθε.
868 1496 1045 1571 Ἀρχή
1080 1499 1183 1573 γὰρ
1215 1496 1324 1552 τῶν
1364 1503 1459 1553 τοῦ
1503 1504 1636 1553 Θεοῦ
1677 1499 2036 1573 χαρισμάτων

389 1575 501 1631 ἐστί
549 1581 737 1633 ταῦτα.
798 1579 959 1632 Ὅταν
1009 1576 1065 1632 δὲ
1112 1580 1203 1633 καὶ
1259 1584 1369 1634 τῶν
1426 1581 1713 1653 θαυμάτων
1785 1578 2038 1649 ἐπίδειξιν

391 1659 537 1739 παρά
568 1663 702 1713 Θεοῦ
732 1659 1137 1730 κτήσηταίτις,
1193 1658 1333 1733 μηδὲ
1385 1662 1458 1723 ὡς
1507 1663 1704 1723 ἱκανῶς
1753 1660 1896 1737 ἔχων
1947 1683 2040 1739 φυ-

392 1738 650 1807 σιούσθω,
685 1739 827 1813 μηδέ
859 1741 1217 1814 ὑπεραρθήτω
1273 1746 1353 1813 τῷ
1403 1740 1681 1817 λογισμῷ,
1725 1744 1799 1805 ὠς
1838 1738 2037 1811 ἤδηίτι

390 1819 557 1874 πλέον
578 1821 723 1893 παρὰ
750 1819 879 1882 τοὺς
930 1818 1141 1883 ἄλλους
1192 1822 1579 1896 τετιμημένος,
1616 1823 1756 1896 μηδὲ
1803 1825 1879 1887 ὠς
1920 1823 2039 1879 ἐπι-

1902 388 2264 453 PALLADII

385 528 620 604 ἀρεταῖς,
663 525 755 583 καί
789 523 885 590 τᾶς
929 530 1186 603 μηχανᾶς
1230 532 1327 584 τοῦ
1380 522 1643 582 διαϐόλου
1692 547 1784 588 τας
1832 523 1884 581 ἐν
1915 528 2033 586 τοῖς
2059 525 2107 593 Α
2141 522 2272 604 τιν-ά.
2319 518 2601 604 ἐθεράπε-υν

3631 379 3796 441 11,ιο

2665 532 2681 551 ⁶
2740 513 2830 571 καί
2898 513 3151 590 σκόροδα,
3205 513 3296 569 καὶ
3353 513 3619 589 κρόμμυα
3699 512 3802 567 καὶ

2144 601 2325 658 πολλν
2355 605 2469 655 τῶα
2501 597 2734 654 εὐτελῶν
2768 597 3049 671 λαχάνων,
3082 596 3239 657 θεοὺς
3267 594 3521 668 ἐνόμιζον
3555 614 3569 627 ·
3602 594 3680 655 ὡς
3704 594 3805 648 αύ-

2140 688 2237 740 τοῦ
2301 685 2398 738 τοῦ
2447 682 2600 756 ἁγίου
2660 676 2957 741 Ἀπολλῶς
2994 675 3202 747 ἤκουσα
3249 674 3616 751 διηγουμένου
3664 677 3802 749 περὶ

2143 764 2341 831 αὐτων,
2374 755 2592 829 καὶτῆς
2624 760 2892 834 προτέρας
2930 755 3226 819 πολυθεΐας
3264 759 3364 827 τήν
3410 755 3582 811 αἰτίαν
3624 755 3808 829 ἀπαγ-

2143 843 2468 920 γέλλοντος.
2501 843 2601 896 Τὸν
2645 843 2738 913 μὲν
2771 841 2875 916 γὰρ
2924 842 3074 914 βοῦν,
3108 839 3286 916 φασὶν,
3320 838 3701 920 ἐθεοποιοῦντο
3734 836 3801 891 οἳ

2141 914 2203 978 τὸ
2234 923 2361 996 πρὶν
2391 914 2794 996 παροικοῦντες
2832 922 2966 992 ἡμῖν
3017 914 3313 989 ’Ἑλ-ληνες,
3352 914 3540 987 ἐπειδή
3575 914 3643 971 δι’
3692 915 3805 971 αὖ·

2142 1009 2238 1060 τοῦ
2286 1005 2384 1072 τήν
2442 1003 2709 1078 γεωργίαν
2771 999 3141 1064 ἐπιτελοῦντες
3187 1001 3288 1068 τήν
3328 998 3539 1074 τροφὴν
3598 996 3809 1069 ἐκομί-

2146 1090 2330 1155 ζοντο,
2358 1083 2419 1138 τὸ
2460 1080 2517 1137 δὲ
2545 1077 2691 1157 ὕδωρ
2731 1084 2827 1135 τοῦ
2866 1078 3101 1152 Νείλου,
3133 1079 3194 1142 ὃς
3237 1080 3334 1141 τὰς
3386 1080 3573 1152 χώρας
3618 1077 3807 1138 πάσας

2144 1164 2393 1240 ἡρδευεν.
2427 1158 2712 1221 Ἐσέϐοντο
2756 1159 2813 1216 δὲ
2850 1161 2940 1216 καί
2988 1163 3091 1229 τήν
3129 1166 3232 1240 γῆν
3282 1156 3804 1240 ώς-εύφορωτάτην

2147 1235 2307 1300 οῦσαν
2337 1246 2482 1315 παρὰ
2507 1245 2602 1305 τὰς
2631 1240 2803 1304 ἄλλας
2854 1242 3045 1319 χώρας
3080 1262 3094 1275 ο
3143 1239 3211 1295 τά
3265 1260 3324 1294 τε
3375 1235 3545 1294 λοιπὰ
3588 1235 3810 1319 βδελύ-

2144 1347 2344 1399 γματα,
2376 1325 2536 1387 κύνας
2575 1345 2634 1379 τε
2661 1323 2749 1377 καὶ
2793 1315 3062 1391 πιθήκους
3108 1322 3201 1375 καί
3244 1324 3415 1374 πᾶσαν
3452 1318 3553 1386 τὴν
3594 1315 3807 1385 λοιπήν

2147 1398 2440 1481 ἀπρέπειαν
2479 1410 2584 1460 τῶν
2646 1405 2799 1473 ζώων
2855 1424 2913 1458 τε
2978 1401 3067 1456 καί
3128 1400 3390 1479 λαχάνων
3475 1398 3803 1473 ἐθεράπευον

2146 1477 2261 1542 καθ’
2292 1487 2375 1543 ὅτι
2423 1488 2693 1563 πρόφασις
2732 1484 2916 1545 αότοῖς
2955 1484 3045 1537 καὶ
3084 1477 3425 1556 περῖ-ταῦτα
3462 1477 3652 1555 γέγονε
3691 1500 3809 1533 σω-

2142 1569 2335 1643 τηρίας
2390 1567 2439 1622 ἐν
2503 1561 2582 1639 τῷ
2637 1569 2809 1638 καιρῷ
2862 1568 2959 1619 τοῦ
3027 1564 3232 1643 Φαραώ
3286 1562 3419 1643 τοὺς
3476 1561 3809 1633 ἀνθρώπους

2145 1639 2554 1723 ἀπασχολῆσαι,
2586 1646 2744 1717 ἡνίκα
2784 1644 2982 1705 ἐκεῖνος
3014 1642 3238 1717 Ἰσραὴλ
3281 1639 3499 1697 διώκων
3531 1661 3804 1696 κατεπον-

2141 1718 2331 1798 τίσθη.
2352 1730 2616 1790 Ἕκαστος
2648 1726 2751 1802 γὰρ
2784 1725 2905 1796 περὶ
2942 1724 3003 1779 οὗ
3035 1724 3336 1797 ἠσχολήθη
3371 1723 3462 1802 ,μὴ
3514 1718 3807 1802 ἐξακολουτ

2143 1796 2310 1878 θήσας
2339 1812 2417 1879 τῷ
2466 1796 2690 1881 Φαραώ,
2725 1796 2912 1859 τοῦτο
2969 1796 3309 1873 ἐθεοποίησε,
3369 1801 3567 1881 λέγων,
3624 1796 3807 1855 Τοῦτὸ

392 1900 737 1977 δεικνύμενος
787 1908 947 1957 πᾶσιν
986 1903 1068 1959 ὅτι
1117 1879 1408 1975 τοιαύτης..
1437 1879 1637 1981 ﬂuis;
1681 1879 1932 1982 lxa'zpwoc.
1976 1908 2037 1962 Εἰ
2068 1917 2116 1983 Β
2151 1910 2245 1963 μοι
2277 1889 2407 1951 Θεὸς
2436 1887 2619 1962 γέγονε
2658 1890 2942 1983 ἴσήρσερεξν,
2995 1881 3099 1983 διὸΊΓ
3121 1883 3183 1937 οὐ
3242 1879 3673 1983 ξευναπωλόμηἹνἸ
3694 1885 3800 1975 ..τῷ

392 1981 448 2038 δὲ
492 1984 592 2066 μή,
638 1988 949 2060 φρεναπατᾷ
987 1986 1197 2053 ἑαυτὸν,
1239 1984 1492 2066 συληθείς
1541 1988 1635 2049 τὰς
1685 1981 1896 2066 φρένας,
1942 1990 2032 2044 καὶ

390 2070 489 2132 τῆς
522 2062 749 2139 χάριτος
794 2066 1118 2136 ζημιωθείς.
1174 2066 1336 2142 Εἶχεν
1388 2065 1478 2121 οῦν
1530 2062 1740 2142 μεγάλά
1786 2072 1954 2124 ταῦτα
1985 2068 2035 2123 ἐν

389 2149 507 2206 τοῖς
567 2142 864 2218 λογισμοῖς
921 2142 1229 2219 διδάγματα
1262 2165 1274 2178 ’
1329 2149 1402 2202 ὧν
1434 2147 1523 2203 καὶ
1572 2150 1737 2220 ἡμεῖς
1764 2148 2036 2210 πολλάκις

391 2226 519 2305 παρ’
567 2224 733 2305 αὐτοῦ
774 2225 996 2305 ὕστερον
1050 2226 1389 2301 ἀκηκόαμεν.
1439 2230 1526 2285 Ἐν
1580 2227 1636 2284 δέ
1682 2235 1798 2291 τοῖς
1854 2227 2035 2305 ἔργοις

397 2302 617 2384 μείζονα
649 2304 908 2364 ἐπετέλει.
944 2311 1053 2363 Πᾶν
1097 2307 1197 2383 γὰρ
1256 2308 1464 2384 αἴτημα
1503 2311 1654 2383 αύτῷ
1719 2302 1891 2374 εὐθὺς⁷
1928 2302 2038 2368 ἐδί-

393 2382 520 2439 δοτο
542 2387 688 2460 παρὰ
716 2390 814 2441 τοῦ
846 2392 978 2441 Θεοῦ
1006 2382 1336 2461 αἰτουμένῳ.

466 2465 565 2521 Καὶ
617 2466 993 2551 ἀποκαλύψεις
1044 2466 1101 2523 δέ
1164 2468 1305 2545 ἐώρα
1361 2469 1528 2533 τινάς.
1586 2470 1713 2527 Εἶδε
1769 2473 1873 2551 γὰρ
1946 2474 2035 2528 τὸν

392 2545 585 2629 ἒαοτοῦ
603 2543 976 2629 πρεσϐύτατον
1007 2543 1249 2629 ἀδελφὸν
1268 2550 1355 2605 καί
1411 2552 1566 2607 αὐτὸν
1619 2553 1671 2607 ἐν
1719 2543 1793 2626 τῇ
1844 2543 2038 2629 ἐρήμῳ

395 2623 771 2693 τελειωθέντα,
802 2627 891 2679 καί
945 2623 1165 2698 μείζονα
1212 2630 1491 2686 πολιτείαν
1541 2633 1577 2701 ἢ
1609 2623 1773 2695 αὐτὸς
1817 2623 2041 2704 ἐνδειξά-

398 2724 577 2788 μενον,
611 2706 655 2776 ᾧ
688 2705 980 2788 καίᾼαύτὸς
1011 2706 1076 2788 ἐν
1094 2712 1163 2780 τῇ
1197 2708 1390 2782 ἐρήμῳ
1438 2710 1614 2765 πολὺν
1664 2714 1866 2788 χρύνον
1917 2736 2042 2769 συν-

398 2786 577 2854 έζησε.
631 2787 757 2839 Καθ’
789 2784 955 2840 ὕπνον
1016 2784 1107 2840 οῦν
1169 2786 1487 2863 ἐφαντάζετο
1542 2784 1822 2861 σύνθρονον
1882 2796 2042 2854 αὐτὸν

390 2870 501 2950 τῶν
542 2863 861 2950 ἀηοστόλων
895 2865 1206 2950 γινόμενον,
1239 2870 1330 2923 καὶ
1385 2872 1485 2939 τήν
1528 2870 1903 2950 κληρονομίαν
1937 2884 2041 2935 τῶν

396 2947 599 3037 ἀρετῶν
643 2946 791 3019 αύτῷ
837 2945 1253 3023 καταλείψαντα,
1284 2950 1375 3005 καί
1425 2952 1499 3015 ὡς
1548 2945 1865 3029 ἐπρέσϐευεν
1909 2959 2040 3037 ὑπὲρ

410 3035 574 3093 αὐτοῦ
615 3039 707 3092 τὸν
739 3039 868 3093 Θεὸν
899 3039 1152 3094 ἱκετεύων
1189 3046 1410 3116 ταχεῖαν
1464 3041 1628 3099 αὐτοῦ
1670 3046 1771 3116 τήν
1824 3035 2041 3121 μετάθε-

401 3148 480 3183 σιν
514 3129 810 3197 ποιεῖσθαι,
842 3128 933 3183 καί
984 3128 1076 3185 σὺν
1126 3129 1275 3202 αύτῷ
1320 3130 1397 3194 εἰς
1443 3132 1569 3197 τοὺς
1618 3135 1881 3212 οὐρανοὺς
1924 3140 2047 3195 ἀνα-

393 3215 677 3285 παύεσθαι,
710 3217 961 3281 εἰπόντος
1006 3216 1062 3274 δὲ
1089 3222 1226 3294 πρὸς
1272 3220 1432 3277 αὐτὸν
1470 3227 1567 3278 τοῦ
1625 3233 1909 3302 Σωτῆρος,
1958 3225 2037 3283 ἔτι

2148 1959 2371 2044 Φαραώ.
2405 1959 2586 2023 Ταῦτα
2618 1968 2712 2041 μὶν
2738 1965 2790 2020 ἐν
2822 1965 3009 2041 λόγοις
3049 1964 3195 2040 εἶχεν
3238 1964 3265 2018 ὁ
3287 1964 3439 2044 ᾇγιος
3471 1959 3798 2044 ’ᾼπολλῶφ

2216 2039 2329 2125 Πρὸ
2363 2047 2419 2104 δέ
2455 2053 2562 2104 τῶν
2593 2039 2800 2124 λόγων,
2843 2039 2977 2119 ύπερ
3024 2045 3075 2100 ἐν
3122 2039 3235 2106 τοῖς
3285 2039 3463 2125 ἔργοις
3519 2042 3785 2112 ἐκέκτητο

2145 2122 2277 2206 χρὴ⁷
2310 2127 2535 2203 γράψαι.
2567 2122 2733 2183 Ἦσαν
2765 2128 2870 2202 γὰρ
2908 2125 3058 2198 αύτῷ
3103 2145 3234 2179 ποτε
3281 2122 3555 2194 Ἓλληνες
3602 2142 3802 2197 παροι-

2145 2222 2365 2280 κοῦντες
2423 2217 2558 2272 κατά
2605 2218 2807 2277 πάντας
2881 2213 3008 2276 τοὺς
3058 2213 3279 2283 τόπους,
3336 2213 3426 2267 καί
3490 2215 3676 2285 κῶμαι
3734 2209 3800 2266 δὲ

2153 2307 2365 2383 μᾶλλον
2402 2309 2457 2362 αἰ
2521 2308 2756 2379 πλησίον
2802 2304 2969 2361 αὐτοῦ
3023 2306 3123 2373 τὴν
3190 2302 3515 2378 δαιμονικὴν
3570 2301 3795 2374 πλάνην

2146 2395 2416 2454 ἐσέϐοντο.
2477 2399 2622 2460 Ναὸς
2656 2395 2713 2453 δὲ
2752 2398 2815 2467 ἦν
2851 2397 3105 2471 μέγιστος
3154 2393 3205 2449 ἐν
3260 2399 3359 2469 μιᾷ
3402 2397 3509 2449 τῶν
3558 2398 3793 2467 κωμῶν,

2146 2489 2236 2542 καὶ
2269 2485 2501 2543 εἷ’δωλον
2533 2486 2586 2542 ἐν
2620 2486 2765 2558 αύτῷ
2812 2485 3252 2563 ἐπιφανέστατον.
3293 2481 3530 2538 Ξύλινον
3581 2478 3639 2536 δὲ
3686 2480 3796 2555 ἄρα

2145 2582 2208 2635 τὸ
2240 2578 2427 2651 ξόανον
2464 2583 2626 2633 τοῦτο
2657 2579 2745 2646 ἦν.
2770 2578 3116 2650 Ἐπόμπευον
3150 2575 3209 2630 δέ
3250 2572 3623 2651 περιφέροντες
3650 2573 3794 2628 αὐτὸ

2147 2671 2283 2726 κατὰ
2310 2669 2404 2732 τὰς
2434 2668 2626 2742 κώμας
2667 2668 2718 2721 οἱ
2766 2666 2953 2741 μιαροὶ
2992 2668 3178 2739 ἱερεῖς,
3240 2666 3593 2741 βακχεύοντες
3646 2663 3789 2734 μετά

2146 2765 2245 2817 τοῦ
2272 2761 2521 2830 πλήθους
2557 2778 2570 2791 ·
2603 2758 2677 2820 ὡς
2708 2757 2797 2812 καί
2822 2758 2951 2831 ὑπὲρ
2983 2760 3080 2812 τοῦ
3100 2755 3428 2831 ποταμιαίου
3456 2751 3642 2814 ὕδατος
3673 2754 3778 2823 τὴν

2149 2847 2373 2917 τελετήν
2421 2844 2737 2909 ἀποδόντες.
2771 2842 2976 2917 Συνέϐη
3012 2844 3067 2901 δὲ
3096 2847 3214 2900 κατ’
3245 2844 3437 2901 ἐκεῖνον
3463 2844 3553 2898 τὸν
3594 2843 3789 2917 καιρὸν

2153 2941 2351 2997 ἐκεῖθεν
2382 2941 2628 3014 παριέναι
2659 2942 2750 2994 τὸν
2793 2939 2947 3015 ἅγιον
2996 2937 3281 3010 Ἀπολλῶ,
3323 2932 3435 3010 ἅμα
3480 2935 3619 2992 τισὶν
3670 2932 3797 2989 ὀλί-

2152 3052 2274 3109 γοις
2305 3028 2584 3109 ἀδελφοῖς.
2617 3032 2707 3091 Ὠς
2740 3027 2796 3083 δὲ
2826 3025 2910 3082 ἴδε
2937 3028 3000 3082 τὸ
3048 3028 3264 3097 πλῆθος
3303 3027 3551 3106 ἐξαίφνης
3599 3021 3801 3098 δαιμοο

2152 3118 2362 3182 νιωδῶς
2392 3119 2527 3175 κατά
2554 3119 2653 3189 τὴν
2686 3117 2875 3192 χώραν
2931 3116 3273 3191 μαινόμενον,
3324 3117 3544 3190 κάμψας
3584 3113 3653 3169 τά
3695 3116 3800 3189 γό-

2154 3233 2287 3268 νατα
2306 3215 2385 3282 τῷ
2416 3215 2636 3283 Σωτῆρι
2666 3208 2868 3271 πάντας
2897 3206 3146 3286 ἐξαίφνης
3175 3208 3302 3268 τοὺς
3341 3203 3619 3274 ’Έλληνας
3669 3205 3800 3258 ἀκι-

399 3306 591 3377 μικρὸν
634 3304 790 3360 αὐτὸν
850 3290 1148 3381 χρεωστεῖν
1190 3307 1338 3379 αύτῷ
1396 3311 1596 3385 χρόνον
1646 3312 1733 3367 ἐπὶ
1770 3290 1907 3384 τῆς.
1935 3322 2037 3390 γῆς
2068 3290 2110 3358 C
2149 3306 2349 3374 νήτους
2379 3298 2649 3369 ἐποίησεν.
2692 3302 2779 3360 Ὠς
2813 3294 2870 3352 δέ
2908 3294 3200 3369 προελθεῖν
3231 3294 3440 3351 ἐκείνου
3486 3298 3585 3350 τοῦ
3622 3295 3798 3349 τόπου

396 3393 534 3465 πρὸς
565 3395 663 3461 τήν
713 3393 1018 3465 τελείωσιν,
1053 3397 1216 3471 ἄχρις
1268 3397 1328 3453 ἂν
1386 3406 1489 3468 τῆς
1546 3398 1827 3467 πολιτείας
1875 3401 2039 3460 αὐτοῦ

397 3477 605 3533 πολλοὶ
638 3481 883 3550 ζηλωταὶ
930 3479 1158 3540 ἔσονται.
1210 3485 1353 3547 Λαὸς
1402 3487 1501 3561 γὰρ
1552 3489 1700 3563 αύτῷ
1733 3492 1901 3569 μέγας
1930 3498 2038 3550 τῶν

404 3586 664 3641 μοναχων
712 3569 858 3654 αύτῖρ
913 3570 1431 3642 ἐμπιστευθήσεσθαι
1484 3574 1698 3649 μέλλει,
1748 3582 1836 3634 καὶ
1877 3602 2045 3654 στρα-

401 3655 518 3711 τεία
566 3676 648 3717 τις
692 3653 941 3727 εὐσεϐὴς,
972 3656 1061 3712 ἵνα
1100 3659 1248 3729 ἀξίαν
1295 3666 1402 3716 τῶν
1451 3665 1708 3737 καμάτων
1759 3670 1857 3739 τήν
1891 3653 2042 3727 εύδο-

401 3746 630 3817 κίμησιν
662 3744 804 3800 οὕτω
837 3746 998 3823 σχοίη
1032 3750 1179 3825 παρά
1217 3754 1296 3823 τῷ
1324 3751 1618 3826 κρείττονι.
1662 3761 1836 3813 Ταῦτα
1879 3759 2045 3837 ἐώρα,

403 3837 538 3913 ἅπερ
570 3838 658 3891 καὶ
689 3836 894 3915 γέγονε.
944 3839 1320 3897 Συνελθόντων
1357 3843 1458 3919 γὰρ
1508 3844 1742 3903 πολλῶν
1789 3850 2043 3907 πάντοθεν

401 3926 453 3997 ἐξ
485 3926 653 3993 ἀκοῆς
698 3934 979 4005 μοναχῶν,
1012 3930 1101 3985 καί
1156 3928 1245 3986 διὰ
1291 3940 1390 4003 τῆς
1442 3932 1675 4011 διδαχῆς
1730 3939 1896 3996 αὐτοῦ
1957 3943 2046 3998 καί

402 4014 747 4093 ἀναστροφῆς
797 4016 1071 4075 πλείστων
1137 4021 1421 4087 παντελῶς
1481 4024 1900 4101 ἀποταξαμένων
1968 4036 2047 4105 τῷ

404 4106 621 4179 κόσμῳ,
656 4105 867 4183 ἐγένετο
908 4110 1153 4165 συνοικία
1181 4115 1288 4167 τῶν
1321 4110 1568 4190 ἀδελφῶν
1605 4116 1745 4190 ὁμοῦ
1776 4121 1911 4195 πρὸς
1960 4121 2050 4176 αύ-

399 4197 494 4251 τὸν
528 4194 579 4251 ἐν
623 4194 703 4269 τῷ
752 4196 864 4272 ὄρει
906 4200 1038 4274 ἄχρι
1094 4200 1484 4273 πεντακοσίων,
1514 4207 1697 4261 κοινὸν
1754 4194 1863 4265 τῶν
1927 4212 2044 4285 βίον

404 4286 645 4362 ἐχόντων
680 4290 767 4343 καὶ
802 4291 1066 4363 τράπεζαν
1096 4290 1222 4365 μίαν
1257 4289 1649 4369 διαιτωμένων.
1686 4298 1786 4355 Καὶ
1816 4301 1884 4370 ἦν
1919 4299 2048 4357 ἰδεῖν

406 4376 601 4439 αὐτοὺς
663 4377 963 4454 ἀγγελικήν
1030 4402 1151 4437 τινα
1210 4384 1518 4459 στραττείαν
1595 4390 2046 4464 κεκοσμημένων,

402 4468 625 4558 κόσμῳ-
668 4467 826 4523 παντί
876 4467 1376 4558 λευκοφορούντων,
1418 4477 1508 4530 καί
1565 4478 1626 4533 τὸ
1682 4486 1782 4549 τῆς
1829 4486 2046 4558 Γραφῆς

406 4555 494 4612 ἐπὶ
533 4556 748 4646 τούτοις
778 4557 1195 4634 πεπληρῶσθαι,
1231 4562 1522 4639 λεγούσης,
1547 4555 1911 4645 Εὐφράνθητι,
1932 4555 2045 4646 ἔρῃ·

2146 3391 2246 3447 οὐκ
2273 3388 2557 3462 ἠδύναντο,
2592 3386 2767 3449 ἄλλος
2788 3387 2878 3442 τὸν
2919 3384 3095 3441 ἄλλον
3145 3387 3435 3456 ὠθοῦντες,
3493 3383 3792 3462 ἐφρύγοντο

2145 3486 2225 3555 τῷ
2272 3481 2509 3553 καύματι
2547 3476 2898 3552 πανημέριοι,
2927 3477 2990 3531 τὸ
3030 3470 3241 3550 συμϐὰν
3284 3475 3470 3536 αὐτοῖς
3519 3474 3797 3547 ἀποροῦν-

2148 3592 2234 3635 τες
2268 3570 2430 3627 πόθεν
2473 3570 2776 3645 γεγένηται.
2808 3568 2945 3622 Τότε
2992 3568 3044 3621 οἰ
3091 3567 3256 3643 ἱερεῖς
3311 3564 3489 3621 αὐτῶν
3535 3561 3799 3639 ἔφασκον,

2153 3660 2476 3734 Χριστιανόν
2516 3678 2635 3713 τινα
2670 3658 2803 3712 εἶναι
2849 3654 2901 3711 ἐν
2942 3659 3057 3719 τοῖς
3099 3654 3275 3731 ὁρίοις
3329 3655 3505 3710 αὐτῶν
3554 3654 3798 3726 καταμέ-

2152 3769 2314 3805 νοντα
2344 3749 2419 3809 εἰς
2449 3748 2547 3816 τήν
2578 3740 2672 3819 ἕρη
2685 3767 2813 3819 μον,
2856 3747 2945 3800 καὶ
3000 3749 3168 3801 ταῦτα
3205 3744 3395 3807 αὐτοῖς
3452 3743 3797 3821 ἐνεργοῦντα.

2152 3839 2255 3895 Τὸν
2298 3835 2563 3895 Ἀπολλῶ
2593 3834 2847 3915 ἔφασκον,
2878 3834 2967 3890 καί
3026 3832 3135 3889 δεῖν
3188 3834 3349 3889 αὐτὸν
3393 3833 3673 3901 έκετεύειν,
3704 3831 3799 3889 ’ἱνα

2158 3930 2235 4003 μή
2268 3924 2679 3983 κινδυνεύσωσιν
2716 3944 2729 3958 ·
2764 3926 2840 3987 ὡς
2873 3921 2929 3979 δὲ
2962 3924 3014 3978 οἰ
3053 3921 3333 3999 πόρρωθεν
3378 3920 3799 3999 προσοικοῦντες

2152 4021 2246 4083 τὰς
2278 4020 2461 4100 φωνὰς
2494 4019 2584 4073 καὶ
2614 4017 2709 4073 τὸν
2760 4014 2999 4091 θρύλλον
3047 4014 3370 4075 ἀκούσαντες
3420 4013 3800 4091 παρεγένοντο,

2155 4108 2263 4182 καί,
2294 4111 2376 4182 Τί,
2410 4109 2559 4187 φασὶ,
2590 4108 2653 4161 τὸ
2676 4101 2887 4179 συμϐάν
2920 4105 3047 4179 ὑμῖν
3080 4103 3354 4178 ἐξαπίνης,
3377 4104 3412 4173 ἢ
3446 4106 3610 4159 πόθεν
3641 4105 3799 4181 γέγο-

2153 4222 2234 4255 νεν
2269 4221 2283 4270 ;
2316 4200 2378 4255 Οἱ
2410 4196 2468 4253 δὲ
2518 4199 2618 4252 ούκ
2665 4196 2855 4251 εἰδέναι
2914 4192 3169 4269 ἔφασκον,
3222 4192 3370 4264 πλὴν
3431 4194 3485 4249 ἐν
3544 4194 3803 4268 ὑποψίαις

2156 4290 2292 4347 εἶναι
2337 4287 2460 4362 περὶ
2508 4291 2603 4342 τοῦ
2653 4284 2847 4361 ἀνδρὸς
2897 4283 3155 4361 λέγοντος
3203 4285 3277 4346 ὡς
3328 4280 3413 4338 δεῖ
3466 4283 3800 4355 ἐξιλεοῦσθαι

2154 4379 2373 4436 ἐκεῖνον.
2405 4380 2467 4433 Οἱ
2518 4375 2576 4432 δὲ
2622 4377 2713 4431 καὶ
2754 4374 3116 4450 ἐμαρτύρουν,
3146 4375 3222 4438 ὡς
3269 4374 3588 4447 θεασάμενοι
3637 4374 3794 4428 αὐτὸν

2152 4469 2416 4546 παριόντα
2449 4487 2461 4501 ’
2495 4470 2582 4523 καί
2630 4469 2711 4531 ,ὡς
2770 4466 2954 4537 ἠξίουν
3023 4465 3211 4528 αὐτοῖς
3272 4470 3493 4540 ταχεῖαν
3548 4465 3786 4538 γενέσθαι

2153 4563 2252 4631 τήν
2286 4561 2564 4636 βοήθειαν,
2599 4558 2731 4633 βόας
2762 4556 3052 4632 ἀγαγόντες
3087 4560 3385 4630 μετακινεῖν
3434 4554 3493 4607 τὸ
3547 4549 3777 4606 εἴδωλον

407 4664 521 4735 μυεῖ,
552 4645 785 4722 διψῶσα)
820 4649 981 4722 ῥῆξον
1012 4652 1097 4706 καὶ
1136 4652 1339 4727 βόησον
1386 4656 1421 4725 ἡ
1474 4656 1575 4712 οὐκ
1627 4641 1911 4730 ώδίνουσα,
1963 4641 2045 4717 δτι
2077 4670 2123 4735 D
2154 4649 2446 4727 ἐπειρῶντο
2482 4670 2495 4683 ⁸
2526 4648 2589 4705 τὸ
2621 4646 2680 4703 δὲ
2730 4648 2989 4717 ἀκίνητον
3022 4645 3116 4702 σὺν
3176 4648 3360 4708 αὐτοῖς
3410 4646 3528 4704 τοῖς
3578 4641 3783 4715 ἱερεῦσι

398 4734 585 4792 πολλά
616 4739 682 4793 τὰ
703 4740 858 4793 τέκνα
886 4745 985 4809 τῆς
1012 4738 1223 4815 ἐρήμου
1253 4742 1465 4816 μᾶλλον
1489 4744 1524 4815 ἢ
1555 4752 1655 4817 τῆς
1687 4748 1923 4823 ἐχούσης
1950 4751 2041 4806 τὸν

402 4823 587 4900 ἄνδρα.
651 4825 994 4903 Πεπλήρωτο
1055 4832 1150 4903 μὲν
1208 4832 1308 4909 γὰρ
1365 4834 1453 4888 καὶ
1513 4833 1599 4891 ἐπὶ
1628 4843 1730 4906 τῆς
1766 4836 1815 4911 ἐξ
1872 4839 2037 4895 ἐθνῶν

399 4913 731 4985 Ἐκκλησίας
772 4918 835 4973 τὸ
874 4921 1213 4995 προφητικὸν
1245 4924 1405 4978 τοῦτο
1432 4923 1618 5000 λόγιον
1654 4944 1669 4960 ο
1723 4926 2043 4985 τετελείωτο

402 5002 458 5059 δὲ
488 5004 577 5058 καὶ
621 5005 714 5060 ὲπῖ
749 5009 848 5079 τῇς
899 5008 1270 5081 Αἰγυπτιακῆς
1320 5010 1553 5088 ἐρήμου,
1603 5011 1832 5071 πλείονα
1885 5016 2043 5075 τέκνα

403 5096 483 5163 τῷ
517 5097 634 5165 Θεῷ
681 5097 1030 5169 παριστώσης
1080 5098 1211 5174 ὑπὲρ
1244 5102 1343 5171 τήν
1399 5102 1725 5176 οἰκουμένην
1754 5111 1873 5181 γῆν.
1930 5110 2043 5163 Ποῦ

400 5184 506 5260 γὰρ
535 5183 792 5239 τοσαύται
824 5185 874 5241 ἐν
906 5192 1023 5249 ταῖς
1063 5188 1257 5245 πόλεσι
1302 5195 1410 5246 τῶν
1471 5194 1796 5266 σωζομένων
1854 5194 2040 5269 ἀγέλαι

405 5276 689 5349 μοναχῶν,
731 5270 911 5349 ὥσπερ
942 5274 1063 5329 ὅσαι
1112 5277 1166 5330 αἰ
1226 5280 1340 5331 κατ’
1393 5278 1773 5356 Αἰγυπτιακὴν
1831 5280 2040 5358 ἔρημον

395 5370 475 5437 τῷ
507 5370 625 5439 Θεῷ
653 5370 992 5442 παριστῶσιν
1028 5385 1041 5435 ;
1075 5365 1190 5422 ὅσοι
1243 5369 1343 5445 γάρ
1389 5369 1611 5427 ἐνταῦθα
1652 5370 1798 5437 λαοί,
1848 5380 2043 5431 τοσοῦ-

395 5476 480 5511 τοι
513 5456 566 5512 ἐν
614 5462 734 5519 ταῖς
782 5454 1016 5531 ἐρήμοις
1046 5454 1151 5511 ἐκεί
1213 5460 1469 5538 μοναχοί.
1539 5464 1719 5537 Κάμοί
1787 5461 1935 5520 δοκεῖ
1979 5467 2043 5522 τὸ

396 5548 492 5599 τοῦ
535 5545 872 5602 ’Δποστόλου
906 5546 1071 5620 ῥητὸν
1130 5545 1218 5600 καί
1285 5545 1367 5601 ἐπ’
1426 5550 1613 5613 αὐτοῖς
1671 5550 2040 5627 πληροῦσθαι,

397 5629 657 5705 λέγοντος
687 5652 701 5669 ο
734 5635 909 5689 Ὃπου
941 5632 1263 5691 ἐπλεόνασεν
1318 5638 1352 5705 ἡ
1402 5637 1659 5711 ἁμαρτία,
1712 5640 1823 5696 ἐκεῖ
1881 5645 2043 5715 ὑπερ-

396 5721 767 5797 επερίσσευσεν
824 5727 859 5795 ἡ
919 5725 1104 5802 χάρις.
1160 5726 1483 5784 Ἐπλεόνασε
1531 5728 1631 5804 γάρ
1688 5749 1820 5784 ποτε
1877 5730 1929 5785 ἐν
1974 5734 2045 5805 τῇ

393 5811 664 5890 Αἰγύπτῳ
710 5811 899 5888 πολλή
950 5837 1032 5880 τις
1072 5817 1162 5872 καί
1201 5813 1433 5894 ἄσεμνος
1490 5814 1938 5895 εἰδωλολατρεία,
1970 5821 2045 5886 ὡς

394 5901 447 5957 ἐν
492 5899 672 5959 οὐδενί
701 5900 863 5965 ἔθνει.
921 5906 1102 5972 Κύνας
1157 5907 1262 5985 γὰρ
1305 5908 1399 5966 καὶ
1427 5908 1721 5985 πιθήκους,
1760 5911 1851 5968 καί
1898 5909 2047 5971 ἅλλα

2156 4739 2415 4815 διέμενεν.
2460 4740 2559 4796 Καὶ
2618 4734 2890 4812 μηδεμίαν
2932 4737 3113 4811 έτέραν
3165 4741 3422 4809 μηχανῆς
3475 4730 3790 4813 ἐφευρόντες

2152 4827 2436 4907 πρεσϐείαν
2468 4827 2557 4885 διὰ
2583 4832 2690 4883 τῶν
2741 4825 3172 4901 παροικούντων,
3204 4826 3341 4901 πρὸς
3387 4824 3479 4879 τὸν
3535 4820 3795 4879 Ἀπολλῶ

2152 4919 2415 4995 ἔπεμπον,
2467 4917 2607 4973 ὥστε
2649 4914 3062 4992 ἀπαλλαγέντας
3111 4915 3309 4969 ἐκεῖθεν
3356 4911 3659 4981 ἀποστῆναι
3694 4917 3795 4981 τῆς

2152 5010 2387 5082 πλάνης.
2421 5008 2633 5065 Τούτων
2669 5006 2724 5063 δὲ
2771 5012 2848 5080 τῷ
2904 5002 3057 5081 ἀνδρί
3107 5002 3498 5077 δηλωθέντων,
3526 5002 3796 5073 κατῆλθεν

2155 5102 2228 5164 ὡς
2255 5102 2490 5175 τάχιστα
2520 5100 2547 5154 ὁ
2577 5102 2674 5155 τοῦ
2706 5100 2841 5154 Θεοῦ
2903 5095 3188 5171 ἅνθρωπος
3238 5094 3376 5169 πρὸς
3435 5092 3651 5159 αὐτοὺς,
3710 5095 3798 5148 καὶ

2154 5189 2584 5263 προσευξάμενος
2616 5186 2818 5249 πάντας
2851 5182 3012 5241 ἔλυσε
3042 5186 3137 5240 τοῦ
3171 5183 3398 5260 δεσμοῦ.
3438 5184 3510 5240 Οἱ
3560 5180 3619 5237 δὲ
3666 5182 3805 5255 ὁμο-

2154 5277 2393 5354 θυμαδὸν
2442 5279 2636 5339 πάντες
2693 5278 2827 5347 πρὸς
2885 5274 3046 5331 αὐτὸν
3114 5271 3405 5349 ὥρμησαν,
3444 5276 3525 5344 τῷ
3582 5277 3810 5346 Σωτῆρι

2151 5376 2261 5425 τῶν
2310 5366 2455 5423 ὅλων
2506 5368 2595 5422 καί
2648 5363 3076 5440 παραδοξοποιῷ
3138 5367 3257 5435 Θεῷ
3305 5362 3709 5425 πιστεύσαντες,
3743 5361 3810 5414 τὸ

2153 5457 2385 5516 εἷ’δωλον
2443 5456 2598 5521 εὐθὺς
2662 5460 2741 5528 τῷ
2814 5454 2945 5530 πυρὶ
3018 5450 3360 5528 παρέδωκαν,
3418 5450 3509 5513 οὕς
3570 5452 3810 5510 ἅπαντας

2152 5548 2497 5623 κατηχήσας,
2565 5548 2682 5607 ταῖς
2733 5541 3050 5614 ἐκκλησίαις
3104 5540 3431 5615 προσέθηκε.
3484 5536 3702 5595 Πολλοὶ
3753 5534 3815 5591 δὲ

2156 5640 2328 5697 αὐτῶν
2383 5638 2549 5713 μέχρι
2606 5640 2695 5693 νῦν
2744 5635 2801 5705 ,ἐν
2865 5639 2982 5697 τοῖς
3043 5634 3434 5709 μοναστηρίοις
3502 5628 3812 5705 διάγουσιν.

2154 5729 2418 5805 Διέδραμε
2449 5726 2506 5784 δὲ
2536 5733 2792 5803 πανταχῆ
2828 5729 2863 5798 ἡ
2908 5728 3067 5805 φήμη
3119 5724 3245 5802 περὶ
3285 5722 3475 5782 αὐτοῦ.
3512 5720 3614 5778 Καὶ
3667 5719 3816 5776 πολ-

2153 5817 2245 5880 λοὶ
2275 5818 2586 5876 ἐπίστευσαν
2629 5817 2718 5874 ἐπὶ
2774 5815 2867 5876 τὸν
2924 5815 3148 5892 Κύριον,
3198 5813 3275 5880 ὥς
3326 5810 3527 5891 μηκέτι
3573 5809 3630 5869 ἐν
3684 5814 3815 5877 τοῖς

2156 5909 2331 5991 ὁρίοις
2358 5911 2526 5969 αὐτοῦ
2546 5906 2829 5987 ’Έλληνας
2864 5903 3255 5987 ὀνομάζεσθαι.
