4074 6278
287 434 440 495 1141

1633 430 2001 494 HISTORIA
2046 429 2447 494 LAUSIACA.

3642 428 3799 492 1142

283 567 642 641 propulsare.
694 565 952 622 Contrito
997 564 1152 621 enim
1205 564 1391 638 capite
1438 567 1747 637 serpentis,
1800 572 1983 622 totum
2020 572 2069 638 Α
2102 566 2223 623 haec
2245 559 3630 627 narrantemaudivimus,etreddentemcausam
3650 563 3803 634 prio-

283 674 495 729 corpus
526 662 610 711 est
644 660 960 711 mortuum.
992 655 1166 711 Jubet
1198 658 1354 710 enim
1390 656 1670 711 Dominus
1702 660 1763 711 ut
1796 658 1986 713 obser-

277 765 478 803 vemus
505 751 676 818 caput
702 746 1024 816 serpentis:
1059 746 1113 800 id
1147 752 1338 801 autem
1361 750 1468 813 est,
1506 763 1574 801 ne
1606 747 1663 801 in
1698 747 1984 818 principio

277 838 658 893 admittamus
684 836 866 892 malas
897 839 954 890 et
984 840 1180 907 turpes
1214 836 1613 907 cogitationes,
1648 854 1763 891 non
1796 836 1982 893 solum

278 936 341 986 ut
370 929 676 983 obscoenas
706 927 884 981 animi
918 926 1101 981 nostri
1148 926 1486 996 phantasias
1518 927 1855 984 deleamus:
1886 944 1982 983 co-

275 1018 399 1072 nari
434 1021 627 1071 autem
680 1033 782 1071 nos
829 1017 1071 1071 invicem
1123 1032 1398 1086 superare
1448 1016 1780 1086 virtutibus,
1829 1024 1881 1073 et
1914 1033 1984 1072 ne

273 1106 405 1177 quis
436 1106 495 1161 in
529 1106 620 1161 his
653 1104 924 1160 laudibus
948 1105 1128 1161 altero
1146 1105 1410 1160 videatur
1435 1106 1694 1161 inferior.
1728 1106 1845 1161 Hoc
1877 1123 1979 1161 au-

269 1200 407 1255 tem,
443 1194 656 1265 inquit,
691 1194 762 1248 sit
814 1194 972 1249 vobis
1018 1199 1427 1266 argumentum
1480 1195 1769 1264 profectus
1803 1195 1978 1249 virtu-

270 1287 415 1353 tum,
451 1284 679 1355 quando
715 1283 940 1339 fueritis
970 1284 1131 1339 vacui
1168 1284 1571 1341 affectionibus
1594 1291 1649 1340 et
1678 1285 1982 1357 appetitio—

268 1372 464 1441 nibus,
488 1373 609 1427 haec
639 1372 793 1427 enim
828 1376 965 1428 sunt
1014 1373 1229 1429 Christi
1262 1374 1545 1429 donorum
1596 1374 1974 1445 principium.

269 1462 509 1526 Quando
540 1467 733 1517 autem
768 1480 798 1517 a
848 1463 963 1518 Deo
1016 1463 1281 1519 habuerit
1331 1462 1544 1535 aliquis
1578 1464 1974 1519 ostensionem

269 1551 704 1621 miraculorum,
726 1570 795 1607 ne
818 1554 1063 1608 nimium
1091 1554 1461 1620 intumescat,
1496 1555 1661 1625 quasi
1685 1555 1976 1611 sufficien-

268 1648 352 1698 ter
382 1642 687 1714 profecerit
716 1661 819 1699 nec
867 1643 1140 1699 efferatur
1179 1644 1545 1715 cogitatione,
1578 1648 1859 1716 tanquam
1896 1646 1974 1701 sit

264 1732 388 1803 jam
423 1732 611 1803 magis
645 1732 963 1788 honoratus
994 1751 1170 1805 quam
1194 1735 1312 1801 alii,
1350 1751 1535 1805 neque
1570 1739 1631 1790 ut
1664 1740 1969 1791 ostentans

260 1820 412 1889 quod
448 1819 619 1874 talem
654 1821 901 1892 gratiam
936 1822 1253 1892 acceperit;
1290 1822 1378 1878 sin
1435 1824 1651 1890 minus,
1708 1823 1965 1894 seipsum

262 1908 686 1979 deeipitmente
701 1912 1197 1982 captus,etgratia
1220 1910 1585 1966 multabitur.
1607 1911 1813 1967 Habuit
1831 1928 1964 1983 ergo

264 1996 415 2051 hanc
449 2014 720 2069 magnam
752 2000 1073 2055 doctrinam
1111 2001 1167 2055 in
1219 2001 1609 2071 sermonibus,
1643 2019 1821 2074 quam
1866 2020 1971 2059 nos

269 2102 501 2157 quoque
532 2105 681 2159 sape
712 2093 908 2160 postea
938 2091 1010 2145 ab
1043 2091 1169 2161 ipso
1200 2091 1530 2147 audivimus
1567 2109 1579 2146 :
1613 2091 1672 2148 in
1696 2092 1974 2163 operibus

270 2179 461 2232 autem
484 2178 775 2235 efficiebat
807 2182 1043 2251 majora,
1096 2181 1284 2236 omnis
1333 2181 1488 2237 enim
1544 2181 1745 2251 petitio
1772 2181 1821 2238 ei
1854 2185 1973 2236 sta-

269 2264 375 2319 tim
409 2266 657 2322 dabatur
689 2285 722 2322 a
760 2268 896 2324 Deo.

336 2355 484 2417 Quin
534 2357 708 2411 etiam
758 2358 985 2413 videbat
1034 2360 1320 2429 quasdam
1370 2359 1746 2415 revelationes
1784 2377 1796 2416 :
1830 2359 1973 2415 vidit

263 2444 416 2499 enim
450 2461 621 2500 suum
663 2446 892 2502 fratrem
917 2452 1055 2502 natu
1090 2449 1429 2515 maximum,
1464 2450 1561 2520 qui
1595 2450 1718 2520 ipse
1741 2465 1970 2521 quoque

265 2533 453 2589 fuerat
483 2541 925 2592 consummatus
972 2540 1029 2593 in
1077 2538 1415 2608 solitudine,
1460 2545 1513 2593 et
1554 2540 1679 2610 ipso
1723 2539 1965 2608 pulchro

260 2623 383 2676 vitae
414 2624 681 2681 instituto
705 2641 835 2681 eum
867 2632 1261 2697 superaverat,
1288 2644 1420 2682 cum
1446 2645 1556 2698 quo
1582 2628 1705 2698 ipse
1731 2645 1966 2700 quoque

258 2710 427 2782 longo
482 2718 729 2786 tempore
780 2716 919 2771 vixit
969 2717 1027 2770 in
1076 2715 1411 2773 solitudine.
1463 2717 1785 2775 Videbatur
1825 2733 1961 2786 ergo

253 2815 387 2856 eum
420 2801 609 2858 videre
635 2805 929 2861 sedentem
950 2805 1009 2860 in
1036 2808 1237 2862 eodem
1262 2806 1471 2861 throno
1493 2822 1629 2861 cum
1662 2808 1960 2879 apostolis,

252 2903 385 2943 cum
419 2890 469 2944 ei
493 2890 825 2963 reliquisset
856 2911 1095 2950 suarum
1131 2895 1413 2951 virtutum
1446 2895 1832 2951 haareditatem
1860 2914 1873 2965 ;
1908 2901 1964 2953 et

254 2978 335 3033 sic
368 2995 470 3050 pro
500 2996 558 3034 se
588 2982 716 3051 ipso
767 2985 1179 3052 intercedebat,
1238 2987 1415 3040 Deum
1448 3002 1683 3057 rogans,
1717 2993 1777 3040 ut
1808 2991 1959 3043 esset

252 3067 415 3123 velox
444 3070 569 3139 ejus
601 3071 933 3140 translatio,
968 3078 1024 3128 et
1052 3090 1184 3128 cum
1228 3074 1353 3145 ipso
1385 3075 1495 3129 sibi
1530 3075 1789 3145 requiem
1816 3092 1959 3146 prae-

253 3161 433 3213 staret
467 3158 526 3214 in
560 3160 738 3216 costis.
779 3161 941 3217 Visus
973 3165 1061 3217 est
1106 3167 1302 3218 autem
1334 3163 1383 3218 ei
1416 3164 1634 3219 dixisse
1667 3165 1954 3232 Servator,

250 3257 512 3320 oportere
545 3268 679 3307 eum
712 3254 901 3309 adhuc
934 3270 1108 3325 parvo
1157 3258 1416 3325 tempore
1447 3270 1574 3310 esse
1605 3254 1662 3309 in
1696 3260 1850 3311 terra
1881 3255 1951 3309 ad

255 3340 569 3396 multorum
605 3344 1036 3413 perfectionem,
1083 3344 1263 3399 donec
1305 3344 1471 3399 multi
1508 3345 1647 3399 fiant
1677 3346 1803 3415 ejus
1837 3345 1950 3399 vir-

250 3427 394 3483 tutis
417 3431 801 3487 azmulatores.
826 3437 1068 3505 Magnus
1091 3434 1243 3488 enim
1261 3434 1676 3489 monachorum
1703 3434 1952 3506 populus

252 3516 517 3572 credetur
546 3519 673 3588 ejus
707 3521 860 3588 ﬁdei,
895 3531 944 3577 et
982 3522 1113 3594 pius
1148 3521 1455 3592 exercitus,
1490 3526 1557 3578 ut
1586 3524 1831 3595 gloriam
1867 3524 1951 3578 di-

248 3621 420 3677 gnam
458 3610 751 3665 laboribus
784 3616 1180 3683 consequatur
1200 3613 1356 3683 apud
1382 3613 1585 3668 Deum.
1623 3613 1752 3668 Hac
1784 3612 1951 3682 vidit,

249 3710 371 3765 qua:
404 3697 574 3752 etiam
618 3706 954 3757 evenerunt.
1008 3703 1150 3757 Nam
1183 3718 1316 3757 cum
1374 3701 1542 3757 multi
1595 3704 1855 3774 undique
1884 3719 1953 3758 ex

247 3788 541 3844 auditione
566 3791 636 3846 ad
660 3806 793 3846 eum
826 3793 1235 3849 convenissent
1267 3794 1562 3863 monachi,
1604 3798 1659 3849 et
1702 3810 1800 3865 per
1821 3796 1951 3865 ejus

248 3875 573 3933 doctrinam
606 3885 662 3935 et
685 3883 1175 3937 conversationem
1201 3882 1436 3953 plurimi
1466 3884 1701 3938 omnino
1735 3885 1949 3939 mundo

249 3965 703 4035 renuntiassent,
739 3969 887 4025 facta
916 3974 1005 4024 est
1036 3971 1277 4025 fratrum
1312 3970 1683 4037 cohabitatio,
1719 3987 1845 4026 cum
1878 3975 1948 4027 ad

250 4055 599 4125 quingentos
634 4058 834 4112 fratres
866 4059 1041 4113 simul
1065 4060 1221 4130 apud
1253 4060 1442 4131 ipsum
1476 4076 1848 4115 communem
1872 4062 1951 4115 vi-

247 4151 362 4199 tam
386 4143 686 4213 haberent,
712 4151 769 4200 et
801 4164 975 4203 unam
1003 4164 1282 4219 mensam,
1310 4154 1426 4203 tota
1452 4153 1607 4204 veste
1625 4150 1946 4219 candidati;

246 4239 301 4291 et
334 4234 390 4288 in
423 4237 507 4291 eis
560 4235 801 4307 impleta
848 4242 935 4293 est
965 4238 1285 4311 Scriptura,
1337 4256 1464 4309 quae
1508 4239 1647 4295 dicit
1680 4256 1693 4295 :
1732 4241 1949 4295 Laetare

245 4325 536 4380 desertum
562 4325 786 4395 sitiens,
812 4343 1048 4398 erumpe
1067 4332 1122 4383 et
1142 4328 1330 4384 clama
1352 4346 1481 4399 quae
1512 4346 1625 4384 non
1653 4331 1903 4400 parturis
1931 4347 1943 4398 ;

242 4413 518 4483 quoniam
552 4414 713 4469 multi
745 4421 885 4471 sunt
917 4416 1020 4471 filii
1054 4417 1312 4485 desertas,
1338 4418 1523 4488 magis
1555 4434 1729 4487 quam
1752 4418 1944 4473 virum

242 4501 515 4559 habentis
548 4506 727 4577 (Isaia
759 4507 889 4578 Liv).
925 4506 1068 4563 Nam
1117 4506 1423 4578 impletum
1456 4506 1687 4579 quidem
1720 4512 1807 4563 est
1838 4508 1946 4563 hoc

243 4592 540 4665 eloquium
572 4597 974 4668 propheticum
1007 4613 1074 4651 ex
1122 4596 1375 4654 Ecclesia
1423 4613 1549 4667 quae
1595 4602 1942 4669 congregata

240 4688 328 4737 est
357 4701 425 4738 ex
457 4687 728 4755 gentibus
770 4705 782 4743 :

242 4770 575 4843 Egyptiaca
603 4774 941 4841 solitudine,
974 4792 1102 4847 quae
1135 4776 1325 4846 plures
1360 4777 1513 4832 ﬁlios
1544 4777 1658 4832 Deo
1689 4779 1943 4847 exhibet,

243 4876 414 4927 quam
437 4864 587 4917 terra
608 4878 734 4933 quze
756 4864 1131 4920 esthabitala.
1158 4864 1263 4920 Ubi
1286 4867 1442 4921 enim
1466 4872 1601 4922 sunt
1620 4867 1676 4921 in
1704 4867 1945 4923 urbibus

242 4953 325 5003 tot
355 4966 550 5019 greges
582 4968 779 5006 eorum
812 4954 909 5023 qui
940 4954 1082 5010 salvi
1133 4954 1299 5025 fiunt,
1330 4960 1471 5027 quot
1520 4956 1635 5012 Deo
1669 4957 1945 5012 exhibent

243 5056 366 5109 quae
407 5047 537 5094 sunt
569 5040 627 5093 in
659 5041 902 5113 Egypto
930 5044 1275 5099 solitudines
1295 5045 1322 5100 (Ι
1344 5046 1491 5110 Quot
1514 5050 1649 5102 sunt
1670 5047 1824 5102 enim
1851 5046 1944 5101 hic

244 5128 461 5200 populi,
497 5132 581 5184 tot
620 5134 758 5185 sunt
798 5131 914 5186 illic
965 5134 1023 5187 in
1073 5133 1317 5190 desertis
1369 5135 1656 5190 monachi.
1690 5137 1769 5191 Ac
1797 5135 1942 5189 mihi

243 5216 469 5272 videtur
498 5218 718 5272 dictum
751 5219 1029 5289 Apostoli,
1080 5220 1252 5276 etiam
1282 5222 1337 5275 in
1388 5222 1527 5292 ipsis
1576 5238 1704 5277 esse
1734 5223 1944 5291 imple-

241 5310 365 5361 tum
393 5323 406 5362 :
441 5307 548 5363 Ubi
579 5308 733 5363 enim
760 5308 1073 5363 abundavit
1095 5315 1418 5380 peccatum,
1450 5312 1946 5380 superabundavit

241 5401 297 5450 et
344 5398 531 5466 gratia
576 5398 874 5470 (Rom.v).
936 5398 1266 5453 Abundavit
1313 5400 1468 5455 enim
1531 5401 1822 5472 quondam
1885 5403 1942 5458 in

240 5485 481 5556 Egypto
515 5487 734 5541 multus
788 5494 841 5542 et
880 5487 1099 5558 impius
1140 5487 1423 5543 idolorum
1456 5488 1671 5555 cultus,
1706 5490 1848 5545 adeo
1882 5496 1946 5545 ut

239 5576 298 5629 in
334 5575 493 5631 nulla
523 5582 693 5648 gente
725 5578 911 5649 magis
940 5595 952 5646 ;
979 5592 1151 5633 canes
1184 5578 1339 5633 enim
1373 5583 1428 5634 et
1460 5578 1664 5634 simias
1700 5580 1938 5650 quidam

245 5664 509 5721 colebant
541 5683 554 5733 ;
591 5666 688 5720 alii
732 5667 869 5723 allia
908 5674 965 5723 et
1006 5685 1157 5741 caepe
1197 5686 1210 5737 ;
1243 5674 1299 5724 et
1328 5686 1396 5725 ex
1442 5668 1655 5725 vilibus
1687 5669 1944 5728 oleribus

243 5754 427 5811 multa
450 5756 587 5814 deos
614 5756 1046 5829 existimabant,
1082 5762 1144 5815 ut
1174 5759 1368 5830 ipsum
1399 5764 1666 5815 sanctum
1700 5761 1931 5819 Patrem

2096 657 2174 711 ris
2206 651 2605 725 ignorationis.
2639 650 2781 705 Nam
2805 650 3005 706 bovem
3026 650 3286 721 quidem,
3318 649 3529 718 aiebat,
3566 650 3625 705 in
3658 652 3800 709 deos

2095 744 2423 800 referebant
2452 740 2697 815 gentiles
2748 740 2849 814 qui
2896 741 3060 813 prius
3117 741 3269 812 apud
3299 757 3403 796 nos
3434 741 3801 811 habitabant,

2096 834 2369 907 quoniam
2404 847 2506 905 per
2536 836 2729 904 ipsum
2755 836 3081 888 exercentes
3102 832 3541 903 agriculturam,
3578 833 3797 889 victum

2092 926 2205 983 sibi
2237 928 2519 998 parabant
2556 944 2570 996 ;
2606 941 2814 996 aquam
2858 926 3053 979 autem
3104 924 3241 991 Nili,
3286 923 3561 995 quoniam
3595 924 3804 997 irrigat

2091 1033 2293 1072 omnes
2326 1033 2493 1088 agros
2526 1033 2538 1070 :
2577 1020 2787 1070 terram
2823 1029 3051 1085 quoque
3075 1012 3359 1083 colebant,
3394 1016 3457 1068 ut
3488 1030 3613 1082 quae
3647 1021 3800 1070 esset

2098 1106 2227 1162 aliis
2261 1106 2533 1162 omnibus
2583 1103 2917 1178 regionibus
2960 1103 3221 1160 fertilior.
3275 1102 3553 1174 Reliquas
3599 1106 3795 1159 autem

2088 1197 2576 1261 abominationes,
2611 1210 2782 1249 canes
2805 1198 2860 1249 et
2892 1193 3111 1256 simias,
3145 1197 3203 1249 et
3243 1192 3526 1263 reliquam
3560 1208 3793 1248 omnem

2088 1286 2478 1342 animantium
2502 1288 2557 1341 et
2587 1284 2809 1339 olerum
2852 1282 3115 1337 colebant
3165 1281 3610 1352 turpitudinem,
3646 1298 3796 1352 qua-

2086 1381 2255 1431 tenus
2280 1391 2480 1430 eorum
2504 1391 2645 1429 usus
2670 1374 2778 1428 fuit
2797 1373 2880 1428 eis
2908 1372 3133 1427 occasio
3159 1370 3385 1437 salutis,
3408 1370 3503 1441 qui
3529 1374 3790 1442 tempore

2084 1465 2400 1521 Pharaonis
2468 1463 2735 1518 homines
2784 1464 3094 1531 occupatos
3144 1459 3350 1526 tenuit,
3412 1461 3641 1529 quando
3692 1460 3789 1515 ille

2082 1554 2349 1610 Israelem
2402 1568 2777 1624 persequens,
2828 1551 3169 1605 submersus
3210 1552 3319 1604 est.
3361 1548 3785 1620 Unusquisque

2079 1641 2234 1697 enim
2270 1643 2322 1697 id
2357 1643 2416 1697 in
2448 1658 2562 1713 quo
2596 1642 2700 1697 fuit
2729 1645 3066 1712 occupatus,
3108 1655 3243 1693 cum
3276 1638 3639 1695 Pharaonem
3672 1656 3786 1696 non

2080 1736 2235 1785 esset
2308 1736 2567 1798 secutus,
2646 1730 2756 1787 hoc
2826 1731 2885 1784 in
2967 1731 3100 1785 deos
3186 1728 3407 1797 retulit,
3482 1729 3690 1786 dicens
3770 1746 3785 1787 :

2076 1820 2193 1876 Hoc
2229 1821 2334 1876 fuit
2366 1821 2510 1877 mihi
2532 1823 2673 1876 deus
2694 1821 2867 1875 hodie
2886 1836 2986 1892 per
3008 1821 3153 1890 quod
3178 1820 3447 1876 effectum
3480 1828 3563 1877 est
3587 1825 3648 1875 ut
3672 1836 3783 1877 non

2078 1909 2325 1978 perirem
2357 1927 2470 1965 una
2500 1926 2634 1963 cum
2687 1909 3000 1964 Pharaone.
3042 1908 3166 1963 Haec
3195 1909 3430 1980 quidem
3464 1908 3519 1964 in
3555 1924 3786 1965 sermo-

2081 2000 2255 2055 nibus
2288 1999 2493 2055 habuit
2524 2006 2758 2057 sanctus
2790 1998 3021 2070 Apollo.

2149 2184 2295 2235 Ante
2327 2196 2623 2236 sermones
2661 2188 2853 2237 autem
2906 2181 3274 2238 scribendum
3309 2183 3397 2238 est
3430 2198 3556 2254 quae
3587 2198 3781 2251 posse-

2075 2271 2159 2325 dit
2207 2270 2264 2325 in
2315 2272 2611 2342 operibus.
2666 2273 2925 2329 Fuerunt
2969 2273 3118 2328 enim
3180 2271 3490 2342 aliquando
3542 2271 3782 2342 gentiles

2074 2377 2250 2432 prope
2297 2363 2620 2419 accolentes
2670 2363 2728 2417 in
2778 2362 2923 2418 colis
2962 2363 3257 2431 omnibus,
3307 2367 3361 2417 et
3411 2362 3612 2418 decem
3648 2363 3777 2434 pagi

2074 2451 2172 2523 qui
2204 2457 2365 2507 erant
2396 2452 2446 2507 ei
2480 2452 2916 2523 propinquiores
2948 2453 3129 2524 magis
3160 2451 3427 2508 colebant
3464 2455 3777 2509 daemones.

2071 2541 2205 2596 Erat
2235 2546 2429 2598 autem
2475 2541 2758 2612 templum
2806 2544 3129 2597 maximum
3182 2542 3239 2596 in
3290 2558 3405 2597 uno
3442 2544 3582 2611 vico,
3617 2547 3675 2597 et
3704 2544 3777 2598 si-

2070 2630 2396 2685 mulacrum
2431 2631 2683 2686 maxime
2714 2632 2965 2703 insigne,
3017 2631 3210 2701 lignea
3257 2636 3455 2688 autem
3506 2634 3628 2687 erat
3662 2631 3778 2687 haec

2070 2722 2279 2773 statua.
2315 2719 2588 2791 Pompam
2611 2725 2801 2775 autem
2836 2721 3145 2785 ducebant,
3180 2735 3309 2775 eam
3345 2735 3446 2790 per
3476 2717 3633 2775 vicos
3668 2719 3779 2774 cir-

2067 2809 2453 2864 cumferentes
2513 2810 2714 2864 nefarii
2770 2810 3114 2880 sacerdotes,
3178 2809 3278 2881 qui
3341 2808 3773 2865 baechabantur

2067 2912 2200 2951 cum
2237 2896 2628 2966 multitudine,
2651 2896 2828 2953 veluti
2853 2914 2955 2969 pro
2974 2915 3119 2969 aqua
3140 2897 3391 2953 ﬂaviatili
3414 2897 3773 2954 celebrantes

2068 2985 2357 3056 mysteria.
2389 2986 2614 3041 Accidit
2646 2990 2835 3041 autem
2870 2991 2935 3041 ut
2974 2986 3071 3041 illo
3103 2992 3363 3058 tempore
3393 2986 3509 3041 illic
3539 2989 3774 3045 adesset

2063 3072 2265 3143 Apollo
2299 3089 2430 3127 cum
2466 3074 2666 3143 paucis
2707 3074 3063 3144 quibusdam
3096 3074 3373 3129 fratribus
3409 3088 3421 3128 :
3457 3078 3767 3145 postquam

2064 3165 2256 3215 autem
2289 3162 2431 3217 vidit
2465 3164 2900 3220 multitudinem
2922 3168 3159 3235 repente
3183 3164 3538 3220 daemoniace
3571 3165 3766 3219 furen-

2066 3254 2182 3305 tem
2213 3267 2314 3320 per
2344 3253 2659 3323 regionem,
2694 3252 2856 3308 ﬂexis
2879 3253 3161 3309 Servatori
3185 3254 3450 3324 genibus,
3487 3254 3619 3310 fecit
3649 3270 3769 3309 om-

2071 3356 2171 3395 nes
2214 3342 2461 3412 gentiles
2504 3347 2737 3415 repente
2786 3343 3338 3415 immobilesgﬂum
3392 3348 3584 3399 autem
3647 3360 3762 3400 non

2069 3436 2308 3502 possent
2337 3449 2404 3488 ex
2436 3432 2532 3488 illo
2563 3432 2689 3489 loco
2740 3435 3027 3505 progredi,
3055 3434 3203 3489 alius
3235 3434 3412 3489 alium
3445 3435 3766 3504 trudentes,

2067 3524 2124 3575 et
2155 3525 2295 3576 aestu
2329 3526 2448 3578 toto
2477 3523 2567 3578 die
2599 3527 2977 3593 torrerentur,
3007 3524 3340 3595 ignorantes
3372 3524 3527 3580 unde
3552 3526 3660 3580 hoc
3685 3525 3768 3581 eis

2065 3611 2372 3677 evenisset,
2407 3614 2733 3669 sacerdotes
2762 3630 2963 3670 eorum
2997 3615 3269 3670 dixerunt
3297 3630 3423 3670 esse
3455 3615 3767 3686 quemdam

2066 3699 2463 3757 Christianum
2499 3703 2851 3760 habitantem
2880 3704 2939 3759 in
2972 3721 3170 3761 eorum
3205 3705 3421 3760 ﬁnibus
3441 3705 3548 3760 sub
3571 3704 3769 3761 solitu-

2066 3790 2221 3856 dine,
2257 3791 2357 3862 qui
2400 3792 2517 3847 hzec
2569 3794 2800 3859 faceret,
2834 3794 3091 3850 dicentes
3124 3795 3192 3849 de
3222 3793 3418 3864 Apollo
3451 3814 3464 3863 ;
3499 3799 3555 3852 et
3584 3812 3759 3864 opor-

2066 3886 2179 3935 tere
2208 3880 2257 3934 ei
2290 3881 2636 3949 supplicare,
2670 3882 2759 3935 sin
2795 3883 2987 3937 minus
3026 3882 3145 3937 fore
3179 3886 3241 3936 ut
3270 3883 3505 3937 veniant
3539 3885 3592 3937 in
3620 3884 3766 3955 peri-

2061 3969 2282 4023 culum.
2357 3969 2667 4040 Postquam
2748 3975 2940 4025 autem
2991 3972 3091 4042 qui
3150 3971 3349 4042 procul
3400 3972 3760 4036 habitabant,

2060 4058 2270 4114 auditis
2301 4058 2651 4115 clamoribus
2693 4065 2750 4116 et
2783 4062 3315 4130 lamentationibus,
3372 4068 3761 4128 accesserunt,

2059 4155 2111 4204 et
2143 4162 2239 4202 eos
2274 4154 2581 4218 rogarunt:
2616 4150 2905 4216 Quidnam
2951 4156 3060 4221 est,
3094 4153 3377 4220 dicentes,
3411 4154 3561 4222 quod
3594 4154 3759 4209 vobis

2058 4240 2291 4307 repente
2321 4238 2523 4293 accidit
2550 4240 2578 4294 ‘l
2608 4256 2721 4311 quo
2754 4246 2921 4312 pacto
2966 4242 3067 4299 hoc
3115 4243 3329 4299 factum
3362 4247 3450 4298 est
3478 4242 3505 4296 ‘I
3535 4239 3624 4295 Illi
3656 4259 3761 4297 au-

2056 4330 2172 4382 tem
2216 4329 2483 4384 dixerunt
2512 4346 2570 4386 se
2598 4332 2840 4398 nescire,
2883 4333 2993 4387 nisi
3042 4334 3197 4404 quod
3246 4334 3431 4389 virum
3463 4333 3755 4391 habebant

2056 4422 2408 4487 suSpectum,
2437 4419 2694 4475 dicentes
2723 4425 2984 4491 oportere
3014 4422 3178 4479 illum
3215 4422 3458 4494 placare.
3490 4424 3601 4482 Alii
3624 4440 3756 4481 vero

2056 4508 2414 4563 testabantur
2443 4525 2502 4563 se
2533 4526 2665 4565 eum
2696 4511 2909 4568 vidisse
2939 4519 3380 4584 praetereuntem
3417 4534 3431 4584 ;
3464 4524 3517 4571 et
3547 4516 3630 4571 sic
3661 4532 3759 4570 ro-

2056 4604 2266 4669 garunt
2295 4616 2393 4655 eos
2425 4604 2488 4655 ut
2509 4601 2593 4656 eis
2615 4601 2725 4657 cito
2750 4603 2984 4660 daretur
3000 4606 3279 4661 auxilium
3314 4624 3327 4661 :
3363 4605 3628 4661 adductis
3652 4606 3752 4660 bo-

840 4687 1157 4758 perfectum
1192 4693 1277 4743 est
1308 4692 1501 4743 autem
1536 4687 1594 4743 in
1631 4687 1739 4743 hac
1770 4690 1944 4744 etiam
1981 4678 2026 4741 D
2058 4689 2166 4744 bus
2198 4690 2391 4745 conati
2423 4695 2561 4746 sunt
2592 4708 2821 4749 movere
2852 4694 3233 4751 simulacrum
3270 4715 3284 4765 ;
3316 4697 3371 4750 id
3406 4699 3598 4750 autem
3634 4712 3756 4751 ma-

2055 4776 2228 4831 nebat
2259 4781 2537 4849 tanquam
2590 4779 2889 4837 immobile
2942 4799 3074 4837 cum
3122 4783 3263 4853 ipsis
3321 4782 3748 4840 sacerdotibus.

2054 4865 2195 4921 Cum
2246 4866 2469 4922 nullam
2517 4885 2654 4940 ergo
2711 4871 2987 4926 evadendi
3034 4872 3313 4928 rationem
3362 4871 3749 4942 invenissent,

2054 4957 2342 5011 miserunt
2374 4974 2475 5028 per
2504 4959 2728 5015 accolas
2766 4960 3113 5031 legationem
3143 4963 3211 5017 ad
3242 4961 3465 5033 Apollo,
3501 4966 3561 5017 ut
3594 4962 3753 5019 illinc

2051 5044 2282 5102 liberati
2314 5049 2385 5103 ab
2416 5065 2607 5106 errore
2630 5053 2979 5107 recederent.
3004 5052 3102 5109 His
3125 5052 3549 5124 autem:Apollo
3573 5052 3751 5126 signi-

2053 5136 2257 5206 ficatis,
2292 5138 2588 5197 celerrime
2614 5142 2916 5198 descendit
2963 5143 3134 5199 homo
3171 5143 3266 5200 Dei
3300 5160 3313 5213 ;
3347 5146 3403 5199 et
3432 5159 3561 5199 cum
3596 5159 3749 5197 oras-

2052 5230 2159 5294 set,
2212 5244 2414 5285 omnes
2462 5231 2632 5285 solvit
2678 5250 2709 5287 a
2758 5233 3007 5291 vinculo.
3060 5234 3127 5289 Hi
3161 5238 3356 5290 autem
3403 5249 3604 5288 omnes
3635 5248 3746 5287 uno

2052 5317 2243 5373 animo
2276 5319 2341 5373 ad
2377 5320 2569 5390 ipsum
2601 5328 3021 5391 processerunt,
3057 5325 3459 5380 universorum
3480 5323 3747 5375 Servato-

2053 5407 2097 5462 ri
2129 5410 2449 5476 credentes,
2482 5416 2536 5467 et
2565 5413 2679 5469 Deo
2711 5414 2808 5486 qui
2840 5415 2975 5470 facit
3006 5414 3393 5480 admirabilia,
3426 5412 3577 5466 idolo
3611 5427 3751 5480 pro-

2053 5497 2210 5553 tinus
2242 5499 2360 5572 igni
2389 5504 2686 5559 mandato.
2719 5505 2870 5569 Quos
2902 5521 3106 5561 omnes
3128 5502 3410 5559 catechesi
3444 5500 3747 5556 institutos

2054 5589 2266 5659 adjecit
2321 5592 2596 5649 ecclesiis.
2652 5595 2814 5651 Multi
2867 5601 3059 5651 autem
3111 5611 3178 5648 ex
3218 5594 3309 5648 his
3349 5592 3406 5647 in
3439 5591 3747 5647 hodierum

2054 5696 2239 5752 usque
2271 5682 2423 5739 diem
2455 5684 2672 5757 degunt
2706 5688 2763 5742 in
2806 5686 3195 5742 monasteriis.
3229 5684 3413 5755 Hujus
3449 5688 3642 5740 autem
3666 5681 3747 5737 rei

2054 5769 2202 5827 fama
2233 5775 2481 5845 pervasit
2510 5778 2569 5833 in
2601 5793 2805 5833 omnes
2845 5784 3051 5848 partes,
3086 5782 3137 5831 et
3166 5774 3332 5831 multi
3376 5773 3748 5831 crediderunt
