4074 6278
310 334 468 399 1143

1857 341 2219 406 PALLADII

3668 341 3851 402 1144

299 476 359 531 in
396 477 743 547 Dominum;
777 478 919 535 adeo
952 480 1013 536 ut
1045 478 1243 535 nullus
1268 477 1522 550 amplius
1552 476 1786 551 gentilis
1820 481 2009 536 nomi-
2043 488 2095 554 Α
2127 483 2497 551 miraculum,
2550 486 2607 539 et
2654 484 2926 538 eventum
2958 478 3085 550 ejus
3131 479 3285 550 quod
3328 477 3576 547 dixerat,
3629 490 3850 531 omnes

315 569 483 621 netur
512 566 569 620 in
603 567 729 636 ejus
762 568 1001 626 ﬁnibus.

382 657 509 713 Non
538 658 717 714 multo
750 664 880 730 post
909 662 1125 727 autem,
1147 663 1431 731 tempore,
1466 660 1576 715 duo
1609 660 1743 732 pagi
1774 661 1925 716 inter
1956 677 2015 719 se

312 744 533 823 bellum
568 746 856 818 incipiunt
887 749 1267 818 committere,
1301 765 1403 819 pro
1445 750 1598 819 agris
1629 749 2012 807 decertantes.

309 833 625 906 Postquam
660 841 850 891 autem
886 840 973 891 est
1009 836 1216 907 Apollo
1266 838 1684 903 renuntiatum,
1720 840 1908 895 statim
1942 841 2010 894 ad

305 940 405 979 eos
456 926 774 987 descendit,
827 929 978 982 inter
1019 943 1118 984 eos
1170 943 1372 1000 pacem
1418 929 1852 986 conciliaturus.
1907 930 2013 993 Qui

307 1018 471 1070 erant
504 1022 700 1069 autem
730 1031 795 1070 ex
819 1023 977 1086 parte
999 1018 1237 1072 adversa
1262 1034 1375 1073 non
1410 1019 1711 1088 parebant,
1747 1020 1847 1074 sed
1882 1035 2016 1073 con-

309 1102 697 1174 tradicebant,
741 1105 870 1160 freti
904 1122 1018 1160 uno
1052 1107 1345 1162 latronum
1380 1107 1662 1178 principe,
1698 1112 1760 1164 ut
1788 1109 1910 1165 viro
1944 1110 2011 1163 ad

305 1192 527 1249 bellum
553 1194 1057 1265 praestantissimo.
1074 1195 1217 1251 Cum
1241 1212 1374 1251 eum
1401 1213 1536 1269 ergo
1552 1198 1752 1268 Apollo
1775 1198 2016 1254 vidisset

307 1282 827 1349 contradicentem,
861 1282 999 1338 dixit
1031 1284 1082 1339 ei
1118 1301 1131 1340 :
1181 1286 1238 1340 Si
1273 1288 1557 1357 parueris,
1601 1303 1633 1342 o
1682 1288 1885 1355 amice,
1921 1304 2016 1342 ro-

299 1373 447 1446 gabo
479 1372 787 1427 Dominum
817 1389 1037 1442 meum,
1084 1378 1148 1429 ut
1190 1379 1293 1430 tua
1341 1380 1575 1447 peccata
1625 1377 2014 1432 remittantur.

305 1463 361 1519 Is
390 1473 571 1518 autem
602 1461 702 1517 ubi
728 1462 833 1518 hoc
864 1462 1106 1530 audivit,
1142 1481 1258 1520 non
1293 1470 1622 1535 cunctatus,
1656 1466 1896 1537 abjectis
1930 1483 2017 1522 ar-

313 1551 449 1618 mis,
509 1552 636 1621 ejus
680 1551 927 1623 genibus
977 1552 1284 1609 advolutus
1335 1554 1684 1626 supplicavit
1730 1572 1743 1624 ;
1795 1562 1847 1611 et
1879 1570 2017 1627 pace

317 1640 464 1695 facta
512 1640 639 1710 ejus
687 1640 1129 1712 intercessione,
1182 1659 1320 1698 suos
1362 1644 1583 1698 remisit
1634 1644 1707 1699 ad
1758 1645 2011 1716 propria.

317 1729 462 1786 Cum
502 1729 542 1784 ii
564 1733 758 1785 autem
793 1748 991 1803 pacem
1023 1734 1301 1804 egissent,
1342 1739 1398 1789 et
1428 1734 1729 1803 abiissent,
1764 1735 2017 1807 insignis

318 1834 519 1875 eorum
552 1825 965 1891 propugnator,
1013 1821 1215 1894 Apollo
1264 1824 1335 1878 de
1384 1828 1588 1879 caetero
1634 1826 2012 1896 sequebatur,

314 1906 673 1978 promissum
709 1917 899 1979 aperte
926 1910 1182 1982 exigens.
1216 1913 1396 1976 Quem
1430 1929 1561 1969 eum
1597 1915 2018 1987 assumpsisset

313 1997 517 2053 beatus
549 1998 751 2069 Apollo
785 1999 843 2053 in
888 2002 1216 2073 propinqua
1265 2002 1602 2073 solitudine,
1637 2006 1937 2060 admonuit
1966 2010 2023 2060 et

324 2086 587 2143 hortatus
630 2092 719 2144 est
769 2093 831 2144 ut
878 2090 1123 2160 patienti
1171 2096 1229 2147 et
1276 2094 1567 2148 constanti
1612 2098 1765 2150 esset
1802 2096 2018 2163 animo,

320 2193 489 2249 posse
519 2177 673 2234 enim
714 2178 892 2235 Deum
934 2181 985 2235 ei
1034 2182 1382 2238 condonare.
1415 2182 1523 2238 Ubi
1555 2191 1743 2239 autem
1779 2201 1891 2239 nox
1922 2185 2023 2240 ad-

315 2267 494 2333 venit,
529 2268 701 2323 ambo
735 2268 1006 2325 viderunt
1035 2270 1093 2324 in
1118 2271 1341 2327 somnis
1371 2288 1433 2327 se
1463 2276 1653 2327 astare
1689 2277 1821 2328 ante
1844 2274 2023 2329 tribu-

315 2355 413 2411 nal
445 2355 658 2412 Christi
687 2374 700 2413 :
734 2358 969 2430 utrique
999 2364 1193 2415 autem
1218 2362 1759 2433 contemplabantur
1784 2362 2023 2435 angelos

316 2443 495 2499 Deum
530 2461 647 2500 una
676 2462 809 2500 cum
847 2447 1028 2516 justis
1077 2449 1407 2505 adorantes.
1462 2450 1725 2521 Cumque
1757 2450 1869 2522 ipsi
1905 2466 2021 2506 una

316 2549 446 2603 cum
481 2534 565 2587 eis
596 2535 1063 2604 procubuissent,
1094 2537 1317 2593 Patrem
1361 2539 1739 2595 adoraverunt
1772 2556 1786 2608 ;
1820 2543 1874 2595 et
1913 2556 2021 2594 vox

318 2621 386 2674 ad
421 2636 519 2675 eos
552 2621 698 2676 facta
731 2630 820 2678 est
855 2626 949 2679 Dei
1002 2626 1247 2681 dicentis
1284 2644 1295 2682 :
1330 2632 1463 2692 Quis
1512 2633 1600 2684 est
1630 2630 1874 2684 societas
1904 2628 2022 2683 luci

319 2724 449 2763 cum
483 2711 738 2765 tenebris
768 2712 795 2765 ‘I
825 2719 926 2767 aut
950 2731 1074 2784 quas
1127 2734 1261 2786 pars
1287 2721 1371 2771 est
1406 2718 1591 2772 ﬁdelis
1638 2734 1771 2771 cum
1802 2715 2023 2771 inﬁdeli

322 2796 390 2865 (If
422 2796 542 2851 Cor.
576 2799 636 2871 ιι)
669 2799 695 2853 ?
726 2800 875 2864 Quid
897 2818 1029 2857 vero
1062 2807 1177 2858 stat
1208 2806 1511 2875 cumjusto
1538 2806 1854 2873 homicida,
1888 2821 2023 2861 cum

316 2886 390 2941 sit
436 2886 706 2957 indignus
758 2889 854 2945 tali
906 2893 1398 2963 contemplatione
1431 2893 1458 2950 ἢ
1488 2897 1573 2951 Tu
1617 2900 1805 2951 autem
1839 2895 1956 2960 abi,
1990 2912 2022 2950 o

316 2976 510 3042 homo,
543 2978 648 3033 tibi
681 2981 835 3035 enim
860 2985 947 3036 est
976 2997 1288 3038 concessus
1310 2984 1403 3039 hic
1435 2984 1594 3041 tarde
1627 2991 1797 3041 natus
1826 2985 2020 3057 perfu-

312 3092 401 3146 ga.
434 3069 540 3134 Qui
569 3088 701 3127 cum
735 3070 849 3126 alia
880 3071 1067 3127 multa
1084 3072 1369 3129 vidissent
1392 3078 1448 3129 et
1476 3075 1800 3132 audiissent
1831 3073 2022 3130 admi-

2128 573 2418 630 Servatori
2454 575 2753 631 credentes
2783 588 2915 627 eum
2950 570 3342 642 praedicabant
3376 567 3741 639 prophetam.

2196 666 2328 719 Erat
2358 668 2551 720 autem
2585 663 2775 719 adhuc
2818 665 2989 718 antea
3028 662 3090 715 in
3141 647 3355 715 montis
3386 656 3669 729 spelunca
3701 673 3854 712 san—

2124 761 2252 809 ctus
2284 754 2507 825 Apollo,
2545 769 2677 808 cum
2706 752 2965 823 quinque
3015 749 3144 805 aliis
3175 748 3476 812 fratribus,
3527 746 3627 818 qui
3658 746 3848 817 primi

2127 842 2360 898 fuerunt
2387 844 2511 914 ejus
2541 841 2840 914 discipuli,
2874 856 3003 895 cum
3047 842 3308 894 recenter
3343 836 3597 892 venisset
3627 852 3658 890 e
3690 834 3852 891 soli-

2124 932 2349 987 tudine.
2383 932 2526 987 Cum
2559 936 2754 986 autem
2790 931 3156 985 adventasset
3204 927 3326 981 dies
3360 926 3542 979 festus
3576 923 3846 989 Pascha,

2126 1030 2178 1077 et
2205 1022 2304 1077 Dei
2337 1022 2557 1078 cultum
2590 1021 2951 1092 implessent,
2994 1022 3159 1073 erant
3202 1016 3358 1072 esuri
3391 1031 3458 1071 ea
3506 1031 3635 1084 quae
3667 1014 3841 1070 inve-

2127 1111 2476 1168 niebantur:
2508 1116 2674 1167 erant
2705 1114 2898 1166 autem
2928 1109 3150 1179 aliquot
3194 1106 3332 1162 sicci
3367 1121 3568 1177 panes,
3593 1109 3649 1160 et
3676 1120 3847 1175 quee-

2126 1201 2260 1256 dam
2293 1202 2449 1257 olera
2482 1201 2750 1272 reposita.
2800 1200 2895 1254 Eis
2945 1202 3142 1253 autem
3193 1195 3339 1250 dixit
3365 1193 3603 1266 Apollo:
3638 1194 3698 1249 Si
3730 1210 3844 1248 su-

2130 1306 2255 1346 mus
2288 1290 2507 1358 ﬁdeles,
2559 1307 2590 1346 ο
2639 1288 2763 1356 filii,
2811 1292 2867 1344 et
2915 1285 3175 1357 germani
3226 1283 3442 1340 Christi
3490 1281 3617 1347 ﬁlii,
3673 1284 3847 1353 petat

2128 1380 2532 1451 unusquisque
2554 1382 2809 1434 vestrum
2843 1395 2876 1431 a
2908 1376 3022 1433 Deo
3054 1375 3112 1429 id
3139 1374 3291 1445 quod
3320 1373 3451 1443 ejus
3482 1371 3671 1426 animo
3701 1385 3847 1442 gra-

2129 1472 2254 1524 tum
2288 1476 2373 1524 est
2404 1470 2476 1523 ad
2502 1467 2873 1525 vescendum.
2917 1464 3004 1521 Illi
3044 1479 3179 1519 vero
3226 1463 3279 1519 ei
3332 1461 3659 1518 universum
3696 1476 3849 1531 per-

2129 1559 2436 1626 miserunt,
2469 1557 2868 1614 existimantes
2917 1569 2979 1610 se
3015 1569 3142 1609 esse
3190 1552 3467 1623 indignos
3496 1550 3598 1607 tali
3628 1550 3841 1622 gratia.

2128 1648 2271 1704 Cum
2303 1649 2432 1705 laeto
2470 1653 2663 1703 autem
2694 1646 2862 1702 vultu
2913 1648 3159 1713 orasset,
3207 1646 3265 1699 et
3305 1658 3508 1698 omnes
3548 1640 3843 1697 dixissent

2126 1741 2328 1809 Amen,
2356 1738 2623 1811 protinus
2656 1742 2827 1794 noctu
2850 1738 3129 1793 venerunt
3152 1734 3207 1789 in
3233 1732 3571 1805 speluncam
3604 1732 3841 1803 quidam

2130 1830 2234 1885 viri
2277 1829 2510 1900 penitus
2542 1827 2844 1900 incogniti,
2877 1826 2976 1896 qui
3005 1824 3278 1880 dicebant
3326 1838 3389 1877 se
3421 1820 3613 1878 venire
3641 1839 3673 1876 a
3705 1820 3843 1876 lon—

2132 1920 2353 1991 ginqua
2385 1920 2618 1991 regione
2646 1937 2659 1986 ;
2694 1923 2751 1973 et
2773 1916 2971 1973 omnis
3002 1914 3282 1982 ferebant,
3309 1929 3376 1968 ea
3408 1910 3582 1967 etiam
3615 1911 3685 1966 de
3713 1912 3845 1981 qui-

2131 2009 2243 2065 bus
2276 2026 2347 2065 ne
2378 2009 2677 2066 auditione
2699 2008 2933 2080 quidem
2964 2007 3327 2077 acceperant,
3362 2007 3419 2058 et
3440 2019 3569 2073 quae
3593 2018 3707 2057 non
3740 2018 3845 2056 na-

2133 2104 2377 2155 scuntur
2424 2100 2482 2152 in
2532 2099 2793 2170 Egyplo,
2844 2097 2996 2151 horti
3051 2096 3273 2151 fructus
3338 2092 3531 2147 omnis
3587 2090 3841 2161 generis,

2132 2206 2275 2245 uvas
2306 2193 2362 2244 et
2393 2188 2546 2244 mala
2579 2188 2807 2260 punica,
2842 2191 2899 2242 et
2928 2187 3074 2241 ﬁcus
3106 2189 3163 2240 et
3194 2198 3391 2249 nuces,
3416 2181 3613 2238 omnia
3634 2180 3841 2237 intem-

2132 2279 2385 2350 pestive:
2419 2279 2561 2349 quin
2594 2276 2767 2331 etiam
2800 2275 3084 2347 quosdam
3131 2273 3400 2328 inventos
3432 2270 3624 2326 mellis
3654 2270 3840 2337 favos,

2133 2373 2189 2424 et
2230 2384 2434 2423 urnam
2488 2365 2736 2421 recentis
2786 2365 2971 2432 lactis,
3020 2370 3075 2418 et
3120 2360 3379 2419 nicolaos
3431 2360 3734 2424 maximos,
3788 2367 3842 2414 et

2137 2474 2317 2529 panes
2343 2455 2592 2512 mundos
2624 2459 2680 2510 et
2709 2453 2927 2509 calidos
2957 2453 3109 2524 (101)
3139 2466 3168 2506 e
3200 2450 3431 2521 regione
3462 2454 3713 2505 externa.
3748 2448 3843 2505 Illi

2134 2553 2329 2604 autem
2371 2548 2471 2618 qui
2504 2563 2570 2603 ea
2595 2545 2928 2613 attulerant,
2973 2560 3107 2599 cum
3157 2542 3526 2599 solummodo
3558 2541 3840 2597 tradidis-

2133 2646 2281 2706 sent,
2316 2641 2592 2707 tanquam
2627 2632 2792 2689 missi
2822 2633 2994 2689 aviro
3028 2647 3238 2703 magno
3259 2634 3317 2686 et
3347 2630 3536 2699 divite,
3569 2630 3839 2699 protinus

2133 2743 2382 2799 propere
2426 2727 2813 2781 recesserunt.
2865 2724 3008 2780 Cum
3042 2730 3235 2778 autem
3284 2738 3408 2792 quas
3453 2723 3617 2776 erant
3663 2734 3838 2774 escu-

2135 2816 2294 2871 lenta
2316 2814 2742 2886 peqcepissent,
2766 2830 2833 2867 ea
2862 2812 2978 2867 illis
3000 2811 3356 2867 suffecerunt
3382 2824 3559 2879 usque
3590 2808 3657 2862 ad
3690 2808 3840 2862 Pen-

2137 2909 2431 2972 tecosten;
2473 2905 2613 2958 adeo
2646 2906 2712 2957 ut
2759 2903 2870 2973 ipsi
2921 2917 3155 2973 quoque
3193 2901 3557 2958 mirarentur.
3593 2901 3648 2953 et
3676 2897 3840 2953 dice-

2137 2999 2267 3051 rent
2298 2994 2477 3050 Iuisse
2506 3010 2573 3048 ea
2606 3007 2735 3047 vere
2764 3009 2795 3047 a
2826 2992 2940 3047 Deo
2969 2991 3167 3046 missa.

2206 3085 2451 3150 Quidam
2484 3087 2677 3138 autem
2711 3098 2778 3137 ex
2809 3080 3113 3137 monachis
3137 3080 3377 3151 rogabat
3399 3081 3628 3134 Patrem
3655 3080 3840 3132 utsta-

314 3164 539 3232 rabilia,
586 3180 711 3234 quae
746 3177 935 3235 neque
965 3163 1138 3218 audet
1186 3164 1368 3219 oratio
1416 3164 1627 3232 dicere,
1663 3181 1846 3236 neque
1869 3163 2017 3219 auris

2183 3192 2239 3230 m
2270 3176 2453 3230 Deum
2487 3190 2589 3245 pro
2621 3173 2749 3244 ipso
2781 3176 2991 3239 oraret,
3028 3175 3091 3225 ut
3133 3170 3383 3242 gratiam
3416 3169 3671 3239 aliquam
3703 3183 3844 3223 con-

312 3256 531 3326 audire,
564 3254 794 3309 excitati
823 3254 1244 3309 annuntiarunt
1276 3255 1349 3310 iis
1380 3255 1479 3327 qui
1511 3272 1641 3311 cum
1674 3256 1757 3311 eis
1788 3271 2019 3310 conver-
2052 3243 2094 3310 C
2133 3243 2501 3336 sequeretur,
2524 3243 2668 3319 cuni
2691 3262 2814 3333 ipse
2832 3265 3028 3318 autem
3051 3266 3295 3327 orasset,
3315 3259 3365 3315 ei
3389 3258 3635 3313 dabatur
3655 3255 3843 3328 gratia

311 3345 613 3401 sabantur.
648 3343 862 3397 Omnes
894 3347 1091 3397 autem
1136 3345 1390 3399 maxima
1442 3346 1654 3400 invasit
1683 3345 2015 3411 admiratio,

311 3432 578 3501 utrisque
601 3446 775 3486 unam
810 3433 1185 3489 narrantibus
1217 3434 1524 3489 visionem.
1560 3437 1887 3493 Permansit
1917 3455 2020 3493 au-

312 3527 431 3576 tem
464 3536 599 3573 cum
640 3519 1139 3585 exercitatoribus,
1191 3523 1240 3576 is
1281 3524 1379 3592 qui
1430 3541 1545 3579 non
1593 3530 1714 3581 erat
1764 3528 2016 3599 amplius

314 3606 631 3675 homicida,
664 3622 851 3674 usque
883 3608 950 3661 ad
1001 3617 1244 3662 mortem
1295 3610 1471 3665 vitam
1503 3629 1669 3667 suam
1704 3616 2015 3686 corrigens,

314 3715 383 3755 ex
418 3698 551 3766 lupo
582 3694 641 3748 in
674 3694 998 3765 simplicem
1020 3702 1074 3751 et
1097 3697 1463 3754 innocentem
1496 3718 1713 3773 agnum
1739 3709 2017 3765 mutatus.

318 3785 382 3841 In
415 3801 480 3839 eo
515 3798 744 3856 quoque
773 3783 1012 3855 impleta
1042 3788 1130 3841 est
1181 3786 1339 3842 Isaias
1371 3789 1692 3859 prophetia,
1726 3792 1970 3850 dicentis
2007 3811 2020 3851 ι

315 3874 459 3945 Lupi
493 3878 547 3930 et
580 3874 716 3946 agni
761 3875 935 3931 simul
987 3880 1315 3946 pascentur,
1371 3883 1427 3934 et
1476 3878 1562 3935 leo
1611 3886 1666 3937 et
1716 3884 1817 3938 bos
1848 3884 2022 3940 simul

313 3966 620 4022 comedent
652 3965 845 4036 paleas
876 3966 1062 4038 (Isaiae
1090 3969 1234 4039 ων).
1278 3969 1509 4026 Licebat
1538 3971 1694 4027 enim
1726 3973 1844 4029 illic
1876 3992 2020 4045 quo-

315 4071 427 4126 que
459 4056 651 4110 videre
698 4055 992 4129 Ethiopes
1041 4074 1168 4113 cum
1220 4059 1523 4115 monachis
1563 4077 1623 4115 se
1671 4072 2018 4133 exercentes,

315 4150 371 4200 et
430 4144 645 4201 multos
691 4144 1005 4201 virtutibus
1053 4152 1418 4218 superantes,
1462 4153 1521 4205 et
1572 4150 1928 4222 Scripturam
1961 4154 2019 4208 in

311 4234 395 4290 eis
429 4234 752 4305 impletum,
785 4251 909 4306 quae
941 4235 1111 4291 dicit:
1142 4238 1758 4310 Ethiopiaprzeveniet
1781 4258 2019 4298 manum

313 4325 441 4394 ejus
470 4326 586 4379 Deo
628 4324 799 4395 (Psal.
834 4325 1023 4396 vau).

384 4413 711 4484 Aliquando
770 4421 960 4469 autem
1019 4416 1389 4474 decertabant
1445 4419 1690 4491 gentiles
1746 4423 2019 4479 adversus

312 4501 676 4558 Christianos
720 4503 969 4559 rusticos
1021 4521 1119 4575 pro
1171 4504 1296 4561 suis
1346 4508 1565 4566 finibus
1616 4530 1629 4565 :
1676 4516 1799 4567 erat
1828 4517 2015 4568 autem

2130 3353 2484 3410 humilitatis
2500 3356 2556 3408 et
2574 3350 3068 3418 mansuetudinis,
3093 3351 3235 3405 adeo
3260 3352 3323 3403 ut
3344 3348 3693 3403 mirarentur
3713 3362 3841 3400 om-

2133 3461 2237 3501 nes
2268 3460 2401 3500 eum
2431 3459 2559 3499 esse
2580 3446 2703 3497 tam
2730 3448 3120 3496 mansuetum.
3148 3439 3262 3495 Has
3284 3441 3481 3495 autem
3504 3438 3632 3507 ejus
3664 3435 3848 3492 virtu-

2133 3544 2215 3592 tes
2248 3536 2562 3590 narrarunt
2592 3532 2759 3588 nobis
2791 3532 2889 3603 qui
2919 3547 3049 3587 cum
3097 3531 3224 3602 ipso
3253 3532 3419 3585 erant
3450 3529 3680 3594 fratres,
3714 3526 3834 3581 haec

2133 3624 2335 3681 multis
2368 3638 2599 3694 quoque
2631 3621 3040 3677 attestantibus
3069 3618 3363 3675 fratribus.

2204 3713 2431 3769 Etenim
2465 3728 2597 3767 cum
2632 3728 2747 3767 non
2782 3711 2964 3767 multo
3014 3713 3146 3765 ante
3195 3713 3459 3780 tempore
3492 3707 3705 3764 fuisset
3735 3705 3844 3762 ali-

2133 3804 2365 3875 quando
2397 3802 2569 3856 fames
2600 3801 2661 3855 in
2692 3800 3007 3868 Thebaide,
3049 3797 3146 3869 qui
3197 3801 3395 3853 autem
3424 3812 3495 3851 ea
3524 3795 3651 3851 loca
3678 3811 3841 3850 acco-

2132 3892 2330 3947 lebant
2361 3889 2559 3962 populi
2610 3890 2912 3945 audissent
2960 3888 3115 3959 quod
3160 3887 3262 3958 qui
3311 3892 3478 3942 erant
3520 3885 3675 3956 apud
3707 3900 3840 3939 eum

2133 3982 2404 4037 monachi
2439 3983 2644 4052 printer
2668 3996 2830 4051 spem
2862 3995 3096 4035 omnem
3129 3983 3183 4033 et
3213 3977 3553 4048 opinionem
3581 3974 3842 4046 quotidie

2132 4070 2443 4138 alerentur,
2477 4086 2589 4125 uno
2618 4069 2815 4125 animo
2846 4069 2997 4141 apud
3047 4069 3245 4138 ipsum
3293 4068 3661 4122 accesserant
3709 4079 3839 4119 cum

2133 4161 2413 4217 uxoribus
2446 4164 2503 4216 et
2535 4160 2758 4226 liberis,
2790 4158 2969 4215 simul
2998 4156 3463 4213 benedictionem
3496 4158 3755 4227 petentes
3786 4156 3843 4208 et

2132 4252 2497 4308 alimentum.
2534 4251 2587 4305 Is
2620 4255 2815 4305 autem
2860 4248 3006 4304 nihil
3052 4248 3293 4311 veritus,
3343 4263 3415 4302 ne
3446 4247 3612 4302 cibus
3640 4245 3691 4300 ei
3723 4244 3840 4300 ali-

2131 4342 2361 4414 quando
2394 4341 2637 4407 deesset,
2673 4341 2851 4397 dabat
2882 4339 3155 4395 omnibus
3187 4338 3571 4404 venientibus,
3605 4335 3839 4391 unicui-

2130 4450 2245 4505 que
2275 4432 2520 4504 quodin
2573 4431 2725 4487 diem
2776 4431 3092 4487 sufficeret.
3145 4428 3387 4484 Relictis
3433 4433 3615 4481 autem
3651 4424 3837 4478 tribus

2132 4523 2271 4579 solis
2305 4522 2530 4594 magnis
2564 4522 2774 4593 sportis
2823 4538 2955 4578 cum
3009 4520 3280 4592 panibus,
3320 4522 3373 4573 et
3417 4516 3564 4569 fame
3601 4512 3831 4568 invale-

315 4593 637 4649 multitudo
699 4600 1080 4668 utrorumque
1138 4602 1517 4666 armatorum,
1569 4602 1781 4672 quibus
1831 4605 2018 4659 astitit
2049 4620 2094 4684 D
2126 4617 2344 4681 agente,
2374 4593 2538 4682 jubet
2580 4616 2810 4683 sportas
2863 4610 3054 4666 afferri
3107 4610 3167 4666 in
3210 4606 3473 4673 medium,
3519 4616 3663 4673 quas
3693 4600 3820 4669 ipso

309 4685 513 4757 Apollo
543 4701 746 4757 pacem
780 4685 931 4741 inter
960 4700 1061 4742 eos
1087 4687 1427 4746 concilians.
1473 4690 1535 4744 Ei
1568 4699 1756 4747 autem
1804 4693 2016 4749 restitit

308 4774 609 4844 gentilium
644 4774 701 4829 in
754 4792 950 4848 pugna
990 4779 1428 4850 antesignanus,
1480 4782 1577 4852 qui
1627 4786 1744 4837 erat
1769 4782 1854 4837 vir
1882 4800 2013 4855 gra-

309 4863 395 4917 vis
429 4871 484 4919 et
509 4880 723 4930 saevus;
747 4866 1074 4922 afﬁrmabat
1099 4874 1291 4925 autem
1322 4874 1379 4926 et
1406 4871 1632 4926 dicebat
1661 4889 1720 4927 se
1752 4889 1867 4929 non
1891 4889 2015 4931 esse

312 4953 583 5009 daturum
615 4971 816 5025 pacem
852 4974 1034 5029 usque
1057 4961 1126 5015 ad
1163 4965 1425 5016 mortem.
1462 4962 1516 5016 Is
1550 4971 1739 5018 autem
1772 4964 1822 5018 ei
1847 4964 2016 5020 dicit:

309 5044 495 5114 Atque
519 5044 660 5099 adeo
681 5045 785 5101 tibi
808 5046 907 5103 ﬁat
937 5049 1088 5117 quod
1120 5049 1363 5120 elegisti,
1398 5050 1597 5108 nullus
1629 5052 1785 5108 enim
1810 5058 2017 5125 praeter

309 5136 367 5187 te
399 5134 714 5189 occidetur.
765 5134 891 5191 Tibi
943 5144 1132 5194 autem
1185 5146 1413 5197 mortuo
1446 5158 1560 5198 non
1605 5141 1712 5198 erit
1741 5147 1894 5199 terra
1922 5160 2017 5199 se-

306 5221 598 5293 pulcrum,
688 5224 787 5280 sed
846 5230 1073 5283 ventres
1146 5229 1399 5286 ferarum
1478 5235 1534 5287 et
1609 5231 1901 5288 vulturum
1959 5237 2016 5289 te

305 5311 731 5385 implebuntur.
775 5317 953 5388 Atque
1003 5319 1143 5373 adeo
1193 5322 1375 5376 oratio
1427 5322 1695 5378 effectum
1748 5323 2013 5395 protinus

305 5406 393 5457 est
424 5404 648 5475 sortita,
684 5420 818 5461 cum
857 5422 923 5461 ex
975 5410 1219 5477 utraque
1261 5418 1421 5478 parte
1474 5410 1673 5467 nullus
1726 5412 1801 5466 sit
1832 5412 2011 5469 inter-

305 5493 488 5549 fectus
544 5499 751 5565 praeter
781 5496 1249 5566 antesignanum.
1311 5500 1493 5563 Quem
1538 5502 1715 5557 etiam
1747 5519 1883 5558 cum
1951 5504 2010 5559 in

306 5598 482 5639 arena
512 5586 921 5655 tumulassent,
954 5587 1481 5646 maneinvenerunt
1504 5592 1767 5648 membra
1796 5592 2012 5649 laniata

2126 4702 2217 4757 die
2249 4705 2413 4757 erant
2457 4702 2614 4756 esuri
2665 4700 2977 4768 monachi;
3030 4704 3087 4757 et
3137 4693 3505 4754 audientibus
3551 4690 3826 4747 omnibus

2128 4790 2404 4846 fratribus
2435 4794 2490 4845 et
2526 4790 2728 4863 populi
2782 4789 3176 4859 multitudine,
3229 4785 3373 4841 dixit
3414 4796 3623 4852 magna
3650 4793 3828 4834 voce:

2126 4878 2254 4933 Non
2288 4882 2493 4950 potens
2542 4884 2628 4934 est
2678 4894 2883 4933 manus
2926 4876 3161 4933 Domini
3211 4875 3339 4930 haec
3389 4866 3832 4943 implere?Hs:c

2125 4971 2319 5023 autem
2353 4967 2492 5023 dicit
2522 4968 2774 5040 Spiritus
2806 4972 3085 5023 sanctus:
3120 4965 3247 5020 Non
3271 4962 3503 5019 deﬁciet
3542 4956 3706 5030 panis
3767 4972 3833 5011 ex

2123 5056 2213 5113 his
2244 5057 2484 5128 sportis,
2516 5059 2698 5114 donec
2740 5074 2886 5114 novo
2938 5058 3230 5112 frumento
3282 5050 3570 5108 fuerimus
3619 5045 3833 5103 satiati.

2123 5150 2193 5204 Et
2240 5148 2609 5205 afﬁrmarunt
2657 5165 2861 5206 omnes
2910 5147 3008 5218 qui
3056 5150 3199 5202 tunc
3252 5143 3499 5200 aderant
3542 5138 3626 5195 eis
3656 5150 3837 5209 panes

2122 5240 2422 5296 suffecisse
2479 5248 2686 5312 quator
2750 5238 3042 5308 mensesﬁ
3070 5234 3356 5292 Similiter
3412 5236 3611 5288 autem
3669 5233 3725 5283 et
3776 5227 3838 5283 in

2121 5328 2245 5385 oleo
2277 5333 2333 5385 et
2360 5330 2679 5400 frumento;
2723 5333 2861 5386 adeo
2914 5333 2981 5385 ut
3018 5327 3240 5383 veniret
3290 5327 3550 5387 satanas,
3583 5322 3639 5374 et
3667 5318 3719 5374 ei
3750 5317 3835 5371 di-

2119 5422 2273 5475 ceret
2324 5435 2338 5475 :
2391 5423 2541 5475 Num
2594 5425 2657 5475 tu
2689 5436 2750 5476 es
2785 5419 2958 5488 Elias,
3012 5415 3287 5473 autalius
3320 5428 3389 5469 ex
3436 5406 3737 5482 prophetis
3784 5409 3841 5461 et

2119 5509 2425 5580 apostolis,
2481 5510 2633 5581 quod
2689 5510 2811 5565 haec
2867 5506 3089 5564 facias?
3138 5505 3193 5561 Is
3243 5506 3441 5559 autem
3491 5496 3638 5553 dixit
3683 5495 3838 5567 ipsi:

2118 5599 2266 5663 Quid
2300 5599 2455 5655 enim
2478 5597 2508 5655 ‘f
2539 5614 2654 5655 non
2687 5598 2955 5654 homines
3010 5594 3199 5652 sancti
3233 5593 3469 5647 fuerant
3501 5584 3754 5658 apostoli
3785 5588 3841 5640 et

303 5672 374 5729 ab
404 5671 624 5744 hyaenis
672 5680 728 5733 et
774 5676 1124 5734 vulturibus.
1177 5677 1269 5735 Illi
1322 5683 1515 5737 autem
1560 5696 1694 5738 cum
1727 5682 2011 5741 vidissent
2115 5687 2435 5762 prophetae,
2468 5689 2570 5760 qui
2599 5689 2723 5747 haec
2753 5688 2923 5746 nobis
2955 5685 3330 5747 tradiderunt
3358 5680 3387 5738 ?
3412 5681 3503 5738 An
3534 5679 3675 5737 tunc
3708 5674 3836 5747 qui-
