4074 6278
335 397 494 462 1145

1623 392 1989 458 HISTORIA
2032 389 2443 456 LAUSIACA.

3579 403 3734 466 1146

405 535 529 588 Μετ’
562 530 624 584 οὗ
663 527 806 584 πολὺ
841 525 898 582 δὲ
941 531 1036 583 τοῦ
1069 525 1296 605 χρόνου,
1329 525 1424 584 δύο
1455 531 1640 604 κῶμαι
1688 531 1825 604 πρὸς
1874 528 1975 586 ἀλ-
2005 533 2060 599 Α
2091 531 2226 604 πρὸς
2259 531 2417 586 αὐτὸν
2477 527 2898 601 ἔμοίθτὶτεῦοψιτον
2949 533 3142 589 νεωστῖ
3195 541 3293 604 τῆς
3344 536 3554 611 ἒΡῖνίμου
3601 539 3734 611 ἔλη-

333 619 508 690 λήλας
551 617 923 692 ἐμβάλλουσιν
981 619 1056 678 εἰς
1097 615 1342 692 πόλεμον
1406 619 1534 694 ὑπὲρ
1577 620 1823 694 ἀρουρῶν
1858 618 1976 674 δια-

337 708 670 784 μαχόμεναι.
703 709 792 768 Ὡς
826 704 882 760 δὲ
913 705 1202 782 ἀπηγγέλη
1236 707 1314 780 τῷ
1362 706 1534 782 ἀνδρὶ,
1587 709 1736 772 εὐθὺς
1786 710 1977 784 κατῄει

331 801 466 874 πρὸς
497 796 713 868 αὐτοὺς,
758 795 1104 852 διαλλάσσων
1157 797 1350 860 αὐτοὺς
1379 799 1514 873 πρὸς
1556 799 1796 876 εἰρήνην.
1822 802 1888 856 Οἱ
1921 799 1978 854 δὲ

325 888 376 960 ἐξ
417 887 655 950 ἐναντίας
707 887 805 942 οὐκ
863 888 1165 958 ἐπείθοντο,
1199 886 1325 943 ἀλλ’
1382 889 1516 958 ἦσαν
1572 889 1718 961 αὐτῷ
1764 889 1974 945 ἀντιλέ-

327 998 536 1052 γοντες,
571 977 651 1054 ἐφ’
682 976 757 1032 ἐνί
813 997 918 1030 τινι
972 975 1290 1055 ἀρχιλῃστῇ
1350 980 1694 1048 πεποιθότες,
1729 980 1802 1040 ὡς
1857 999 1974 1056 γεν-

323 1070 596 1141 ναιοτάτῳ
627 1068 764 1142 πρὸς
802 1065 1066 1141 πόλεμον.
1103 1065 1252 1123 Ἰδὼν
1285 1065 1340 1122 δέ
1389 1069 1548 1124 αὐτὸν
1604 1072 1632 1124 ὁ
1681 1069 1972 1130 ’Δπολλὼς

325 1157 698 1235 ἀντιλέγοντα,
731 1163 848 1213 εἷπε
878 1159 1018 1234 πρὸς
1057 1159 1240 1213 αὐτόν’
1275 1158 1340 1214 Εἰ
1381 1162 1605 1234 πεισθῇς
1641 1181 1756 1232 μοι,
1788 1159 1861 1213 ὧν
1893 1157 1975 1234 φί-

329 1245 450 1318 λος,
503 1248 766 1324 ἐρωτήσω
820 1269 923 1321 μου
969 1248 1060 1303 τὸν
1111 1247 1388 1319 Δεσπότην
1438 1249 1698 1322 ἀφεθῆναί
1741 1269 1826 1304 σοι
1879 1248 1974 1310 τὰς

331 1337 622 1413 ἁμαρτίας.
655 1337 716 1394 Ὀ
765 1335 822 1391 δὲ
879 1338 953 1400 ὡς
993 1335 1244 1408 ἤκουσεν,
1278 1339 1384 1394 οὐκ
1439 1337 1744 1412 ἐμέλλησεν
1780 1358 1792 1372 '
1828 1337 1972 1394 ἀλλᾶ

329 1427 490 1502 ῥίψας
520 1429 589 1483 τά
618 1426 786 1497 ὅπλα,
816 1432 937 1492 τοῖς
966 1427 1185 1503 γόνασιν
1226 1427 1391 1484 αὐτοῦ
1421 1427 1854 1504 προσικέτευνεν,
1883 1429 1972 1484 καὶ

329 1517 554 1591 μεσίτης
610 1517 832 1593 εἰρήνης
874 1517 1168 1594 γενόμενος
1215 1521 1343 1582 τοὺς
1401 1515 1576 1582 ἰδίους
1620 1517 1695 1582 εἰς
1752 1524 1818 1574 τὰ
1859 1517 1971 1575 ἴδια

322 1603 642 1682 ἀπέστρεψε.
710 1607 924 1662 Τούτων
977 1607 1394 1682 εἰρηνευσάντων
1451 1609 1542 1664 καὶ
1599 1609 1967 1678 ἀπελθόντων,

321 1695 444 1749 τότε
476 1696 503 1750 6
551 1689 842 1765 διαϐόητος
881 1695 1057 1756 αὐτῶν
1104 1695 1398 1771 πρόμαχος
1439 1695 1616 1752 ε’ίπετο
1666 1699 1862 1753 λοιπὸν
1890 1703 1970 1771 τῷ

323 1781 498 1860 ἀνδρὶ,
531 1785 631 1854 τὴν
693 1783 986 1862 ὑπόσχεσιν
1046 1791 1289 1863 φανερῶς
1338 1787 1602 1844 ἀπαιτῶν.
1649 1789 1746 1845 "Ov
1797 1808 1970 1864 προσ-

323 1869 627 1973 λαϐόμενος
659 1875 686 1929 6
714 1875 977 1946 μακάριος
998 1875 1294 1936 ’Δπολλῶς
1324 1875 1378 1932 ἐν
1407 1879 1475 1950 τῇ
1508 1875 1744 1973 πλησίον
1776 1878 1970 1953 ἐρήμῳ
2001 1909 2046 1973 Β

319 1959 584 2016 ἐνουθέτει
627 1963 718 2018 καὶ
771 1963 1066 2038 παρεκάλει
1131 1967 1522 2040 μακροθυμεῖν,
1590 1963 1812 2020 δυνατὸν
1864 1967 1967 2042 γὰρ

321 2051 459 2106 εἶναι
492 2055 658 2106 τοῦτο
691 2051 869 2127 λέγων
898 2055 990 2108 τὸν
1025 2055 1151 2108 Θεὸν
1203 2059 1522 2129 παρασχεῖν.
1565 2059 1655 2116 Ὠς
1707 2053 1763 2108 δὲ
1803 2057 1836 2125 ἡ
1879 2055 1968 2126 νῦξ

319 2139 516 2211 ἐπέστη
549 2141 638 2196 καί
681 2139 746 2211 δὴ
778 2141 943 2222 ἄμφω
975 2144 1093 2198 κατ’
1143 2139 1270 2218 ὄναρ
1320 2143 1479 2214 ἦσαν,
1529 2142 1580 2197 ἐν
1633 2144 1845 2219 οὐρανῷ
1891 2149 1970 2218 τῷ

323 2229 658 2302 βήματιτοῦ
705 2235 938 2306 Χριστοῦ
995 2237 1358 2308 παρεστῶτες,
1409 2231 1671 2308 ἐθεώρουν
1729 2234 1968 2312 ἀμφότε-

323 2337 408 2392 ροι
441 2319 567 2379 τοὺς
601 2317 867 2395 ἀγγέλους
900 2319 991 2375 σὺν
1033 2327 1148 2384 τοῖς
1182 2319 1412 2386 δικαίοις
1442 2327 1522 2394 τῷ
1567 2327 1683 2395 Θεῷ
1722 2343 1965 2398 προσκυ-

316 2411 560 2478 νοῦντας,
612 2410 698 2470 Ὡς
732 2405 783 2462 δι
841 2409 929 2464 καὶ
998 2407 1157 2463 οῦτοὲ
1203 2411 1458 2472 πεσόντες
1506 2413 1649 2484 ὁμοῦ
1699 2412 1970 2488 προσεκύ-

321 2519 482 2568 νησαν
541 2500 620 2570 τῷ
680 2503 924 2572 Σωτῆρι,
958 2500 1112 2574 φωνὴ
1173 2501 1308 2572 πρὸν
1364 2498 1559 2563 αὐτοὺς
1617 2501 1820 2576 γέγονε,
1871 2506 1966 2556 τοῦ

321 2589 455 2642 Θεοῦ
487 2585 745 2662 λέγοντος
780 2605 794 2618 ο
827 2585 914 2648 Τίς
942 2587 1201 2642 κοινωνία
1243 2589 1382 2666 φωτὶ
1423 2590 1560 2665 πρὸς
1603 2589 1794 2653 σκότος
1831 2611 1844 2660 ;
1885 2593 1969 2656 τίς

325 2679 479 2751 μερίς
520 2683 694 2752 πιστῷ
729 2677 863 2754 μετᾶ
893 2679 1122 2736 ἀπίστου
1165 2697 1178 2750 ;
1221 2676 1362 2735 τίδὲ
1417 2679 1506 2732 καὶ
1559 2680 1584 2732 6
1636 2678 1970 2759 ἀνδροφόνος

324 2768 416 2823 σὺν
448 2773 527 2841 τῷ
557 2765 750 2842 δικαίῳ
799 2770 1158 2843 παρέστηκεν,
1191 2769 1405 2839 ἀνάξιος
1437 2767 1508 2824 ὢν
1557 2776 1659 2839 τῆς
1707 2771 1966 2842 τοιαύτης

323 2856 601 2932 θεωρίας;
644 2857 820 2915 Ἀλλά
867 2859 1070 2915 ἄπελθε
1119 2859 1203 2932 σὺ,
1237 2858 1282 2912 ὦ
1326 2857 1597 2934 ἄνθρωπε,
1648 2859 1970 2937 κεχάρισταί

324 2967 408 3000 σοι
439 2947 541 3022 γὰρ
575 2947 602 3000 6
647 2947 901 3022 ὀψίγονος
960 2949 1120 3012 οὗτος
1176 2950 1437 3026 πρόσφυξ.
1499 2948 1679 3004 ’Δλλα
1732 2971 1791 3006 τε
1833 2952 1971 3026 πάμ-

323 3034 510 3090 πολλα
561 3034 808 3110 θαύματα
868 3035 1074 3100 ἰδόντες
1118 3059 1176 3093 τε
1231 3039 1320 3092 καὶ
1377 3038 1721 3105 ἀκούσαντες,
1763 3039 1796 3094 ἃ
1849 3039 1970 3096 οὕτε

328 3123 496 3202 λόγος
554 3124 739 3198 τολμᾷ
798 3127 1020 3202 φράσαι,
1089 3123 1213 3182 οῦτε
1283 3125 1378 3192 οῦς
1443 3129 1690 3202 ἀκοῦσαι,
1757 3125 1968 3200 ἔξυπνοι

317 3212 556 3288 γίοονται
620 3213 708 3268 καὶ
764 3219 882 3277 τοῖς
963 3219 1180 3270 συνοῦσι
1258 3215 1594 3294 ἀπήγγελον.
1665 3224 1856 3292 Θαυμα
1913 3217 1970 3276 δε

316 3303 521 3365 πάντας
556 3303 702 3378 εἶχεν
762 3301 994 3376 ἐξαίσιον
1049 3307 1109 3360 τὸ
1150 3300 1331 3380 ὅραμα
1374 3306 1696 3386 ἀμφοτέρων
1737 3305 1966 3384 διηγου-

323 3391 520 3464 μένων.
575 3387 794 3465 Διέμενε
849 3398 978 3471 γοῦν
1013 3393 1106 3449 σῦν
1164 3401 1280 3458 τοῖς
1338 3395 1600 3466 ἀσκηταῖς
1657 3399 1686 3452 6
1745 3399 1842 3454 οὐκ
1890 3396 1969 3454 ἔτι

325 3479 674 3560 ἀνδροφόνος,
707 3481 840 3563 ἄχρι
897 3491 998 3555 τῆς
1063 3485 1322 3558 τελευτῆς
1381 3488 1470 3543 τὸν
1517 3489 1714 3545 ἑαυτοῦ
1761 3487 1964 3563 τρόπον

322 3565 785 3645 διορθωσάμενος,
822 3575 936 3628 οἷον
969 3573 1149 3648 ἀρνίον
1176 3596 1229 3631 τι
1261 3577 1458 3632 ἄκακον
1491 3575 1551 3631 ἐκ
1581 3577 1751 3632 λύκου
1797 3599 1970 3652 μετα-

321 3653 570 3730 ϐληθείς.
614 3662 963 3738 Ἐπληροῦτο
1010 3660 1066 3718 δὲ
1117 3666 1207 3719 καί
1255 3663 1340 3720 ἐπ’
1386 3667 1534 3738 αὐτῷ
1581 3668 1616 3736 ἡ
1661 3669 1967 3745 προφητεία

317 3747 538 3805 Ἡσαΐου
602 3749 858 3827 λέγοντος
891 3770 905 3786 ·
943 3752 1111 3809 Λύκοι
1170 3756 1261 3810 καὶ
1309 3753 1462 3830 ἄρνες
1522 3755 1634 3830 ἃμα
1687 3758 1966 3832 βοσκηθή-

321 3859 526 3909 σονται,
557 3842 646 3896 καὶ
697 3840 836 3897 λέων
885 3845 974 3898 καὶ
1029 3845 1159 3917 βοῦς
1201 3844 1312 3916 ἅμα
1343 3845 1605 3921 φάγονται
1637 3844 1835 3920 ἄχυρα.
1867 3852 1965 3902 Ἦν

320 3927 420 4002 γὰρ
483 3925 614 3982 ἰδεῖν
681 3929 791 3986 ἐκεῖ
858 3932 949 3985 καὶ
1025 3931 1290 3994 Αἰθίοπας
1349 3935 1441 3987 σὺν
1518 3939 1634 3994 τοῖς
1695 3941 1964 4010 μοναχοῖς

324 4015 636 4089 ἀσκοῦντας,
668 4019 760 4072 καὶ
801 4017 1048 4080 πολλοὺς
1092 4015 1538 4092 ὑπερϐάλλοντας
1588 4021 1640 4078 ἐν
1676 4029 1794 4086 ταῖς
1843 4024 1965 4099 ἀρε-

319 4110 437 4166 ταῖς
482 4126 495 4139 ·
529 4107 618 4160 καί
684 4105 1126 4182 πεπληρωμένην
1184 4107 1266 4164 ἐπ’
1327 4109 1507 4173 αὐτοῖς
1561 4112 1659 4180 τήν
1725 4115 1965 4192 Γραφὴν,

321 4193 582 4268 λέγουσαν
643 4213 658 4228 ⁸
723 4197 977 4254 Αἰθιοπία
1033 4196 1331 4274 προφθάσει
1407 4204 1569 4276 χεῖρα
1637 4202 1810 4272 αὐτῆς
1889 4207 1968 4276 τῷ

321 4289 458 4357 Θεῷ.

397 4373 638 4432 Ἅλλοτε
669 4375 724 4432 δὲ
763 4378 898 4447 ἦσαν
957 4375 1231 4450 Ἕλληνες
1261 4379 1400 4456 πρὸς
1448 4383 1804 4456 Χριστιανοὺς
1858 4405 1966 4440 κω-

333 4465 508 4539 μήτας
571 4463 974 4545 διαμαχόμενοι
1023 4467 1156 4543 ὑπὲρ
1202 4467 1365 4544 ὁρίων
1403 4471 1606 4529 αὐτῶν.
1649 4471 1869 4542 Πλῆθος
1913 4471 1968 4528 δὲ

323 4553 389 4624 ἦν
424 4553 686 4631 ἑκατέρων
735 4555 1006 4630 ἐνόπλων,
1039 4561 1124 4621 οἷς
1165 4557 1360 4632 ἐπέστη
1397 4560 1424 4614 ὁ
1476 4559 1769 4622 ’Δπολλὼς
1817 4563 1966 4637 εἰρη-

2089 619 2339 681 λυθότος.
2375 619 2614 690 Ἐπῆλοε
2669 617 2725 674 δὲ
2883 623 3040 696 έορτῆ
3093 629 3189 680 τοῦ
3235 628 3451 702 Πάσχα,
3497 631 3585 684 καὶ
3633 633 3730 699 τήν

2087 707 2342 781 λατρείαν
2381 715 2459 782 τῷ
2491 714 2608 780 Θεῷ
2658 708 2711 764 ἐν
2767 715 2846 782 τῷ
2903 711 3160 787 σπηλαίῳ
3207 717 3731 792 ἀποπληρώσαντες,

2086 791 2109 817 ν
2411 801 2424 816 “
2533 801 2545 820 ²
2917 798 2940 818 λ
3063 807 3088 818 ν
3442 791 3446 792 ν
3533 807 3574 826 9“

2085 797 2323 870 εμελλον
2370 822 2436 854 τα
2495 800 2853 872 ευρισκόμενα
2914 807 3236 860 οιαιτασθαι,
3301 808 3466 863 Ἦσαν
3529 827 3584 862 οε
3641 812 3732 864 καὶ

2085 885 2240 962 ἄρτοι
2289 887 2472 964 ὀλίγοι
2523 889 2704 964 ξηροὶ,
2756 891 2843 944 καὶ
2905 892 3124 947 συνθετά
3170 916 3289 948 τινα
3339 896 3571 971 λάχανα.
3633 902 3731 955 Καὶ

2085 974 2150 1045 δὴ
2185 980 2321 1052 πρὸς
2361 977 2556 1042 αὐτοὺς
2586 979 2613 1032 6
2666 978 2962 1042 Ἀπολλὼς
2995 975 3094 1057 ἔφη
3135 1001 3146 1014 '
3195 983 3261 1039 Εἰ
3309 987 3488 1041 πιστοί
3549 989 3730 1061 ἐσμεν,

2085 1063 2333 1140 ὦτέκνα,
2382 1069 2470 1122 καί
2510 1071 2720 1144 γνήσιοι
2753 1073 2850 1124 τοῦ
2901 1076 3134 1146 Χριστοῦ
3183 1071 3393 1145 παῖδες,
3440 1076 3732 1147 αἰτήσασθε

2082 1151 2308 1218 ἕκαστος
2347 1157 2498 1230 ὑμῶν
2554 1157 2700 1231 παρὰ
2757 1163 2889 1213 Θεοῦ
2957 1161 2984 1213 6
3041 1162 3374 1234 καταθύμιον
3423 1161 3540 1238 ἔχει
3599 1169 3732 1241 πρὸς

2085 1247 2183 1314 τήν
2223 1245 2551 1321 μετάληψιν.
2594 1248 2655 1301 Οἱ
2707 1245 2764 1301 δὲ
2813 1248 2964 1320 αὐτῷ
3010 1249 3074 1304 τὸ
3130 1255 3233 1304 πᾶν
3292 1251 3606 1327 ἐπέτρεψαν,
3640 1257 3730 1310 ἀν-

2084 1335 2265 1405 αξίους
2287 1336 2506 1398 ἑαυτοὺς
2530 1335 2830 1412 ἡγούμενοι
2853 1337 3060 1408 ταύτης
3083 1347 3182 1410 τῆς
3214 1339 3465 1415 χάριτος.
3503 1343 3728 1419 Φαιδρῷ

2084 1421 2140 1480 δὲ
2186 1425 2264 1496 τῷ
2316 1426 2597 1500 προσώπῳ
2656 1427 3092 1501 προσευξαμένου
3153 1431 3321 1485 αὐτοῦ
3371 1435 3456 1488 καὶ
3519 1435 3730 1492 πάντων

2080 1514 2143 1569 τὸ
2196 1514 2343 1587 ἀμὴν
2414 1513 2736 1588 εἰρηκότων,
2787 1515 2942 1577 εὐθὺς
2995 1516 3291 1590 ἐπέστησαν
3339 1526 3418 1594 τῷ
3469 1523 3727 1598 σπηλαίῳ

2079 1599 2222 1664 τινὲς
2262 1597 2450 1675 ἄνδρες
2519 1603 2808 1677 ἄγνωστοι,
2841 1603 3120 1665 παντελῶς
3177 1608 3268 1660 καὶ
3317 1608 3597 1684 πόρῥωθεν
3637 1613 3727 1666 καὶ

2081 1689 2277 1752 αὐτοὺς
2324 1689 2477 1759 ἥκειν
2548 1690 2860 1764 φάσκοντες,
2919 1696 3091 1748 πάντα
3139 1693 3388 1772 φέροντες
3444 1700 3543 1753 ὅσα
3600 1698 3729 1755 οὐδὲ

2081 1777 2158 1840 εἰς
2199 1779 2364 1847 ἀκοήν
2395 1778 2568 1833 αὐτῶν
2623 1777 2903 1850 ἔληλύθει,
2955 1782 3044 1835 καὶ
3095 1783 3194 1837 ὅσα
3242 1783 3294 1838 έν
3343 1785 3604 1861 Αἰγύπτῳ
3663 1791 3725 1844 οὗ

2081 1865 2341 1941 γίνονται,
2399 1867 2641 1942 καρποὺς
2713 1867 3093 1932 παντοδαποὺς
3171 1871 3520 1948 παραδείσου,
3599 1900 3726 1934 στα-

2082 1955 2276 2034 φυλὰς,
2311 1959 2398 2012 καί
2434 1956 2583 2032 ῥοὰς,
2625 1959 2714 2013 καὶ
2771 1962 2924 2029 σῦκα,
2957 1961 3046 2014 καί
3103 1962 3275 2038 κάρυα
3329 1966 3472 2039 παρᾶ
3537 1965 3723 2042 καιρόν

2081 2047 2288 2102 ἅπαντα
2347 2047 2638 2120 εύρήμένα,
2705 2049 2797 2103 καὶ
2859 2047 3006 2122 μέλι,
3057 2050 3145 2104 καὶ
3197 2052 3362 2126 κηρία
3437 2053 3576 2122 τινα,
3635 2059 3723 2112 καὶ

2077 2133 2350 2210 γάλακτος
2397 2141 2592 2211 νεαροῦ
2652 2137 2908 2210 στάμνον,
2953 2139 3044 2193 καὶ
3100 2139 3390 2204 νικολάους
3437 2147 3724 2220 παμμεγέ-

2081 2225 2190 2288 θεις
2251 2223 2444 2300 ἄρτους
2493 2223 2619 2280 δέκα
2669 2226 2937 2300 καθαροὺς
2993 2229 3083 2282 καὶ
3161 2230 3394 2304 θερμοὺς
3459 2232 3612 2305 ξένης
3665 2258 3724 2292 τε

2082 2316 2268 2392 χώρας
2311 2317 2496 2379 αὐτοῖς
2545 2319 2940 2391 κομιζομένης.
2991 2320 3054 2374 Οἱ
3112 2317 3170 2375 δὲ
3226 2322 3546 2396 κομίσαντες
3587 2327 3723 2382 αὐτὰ

2078 2401 2268 2478 ἄνδρες
2310 2403 2582 2467 ἐπιδόντες
2618 2406 2781 2479 μόνον
2830 2407 2904 2469 ὡς
2942 2410 3087 2480 παρά
3129 2430 3276 2472 τινος
3338 2413 3580 2488 μεγάλου
3632 2415 3724 2470 ἀν-

2079 2489 2205 2567 δρὸς
2236 2495 2322 2548 καὶ
2359 2495 2628 2549 πλουσίου
2660 2495 3035 2553 ἀποσταλέντα
3087 2497 3239 2562 εὐθὺς
3292 2503 3429 2575 μετά
3477 2501 3720 2574 σπουδῆς

2077 2581 2458 2656 ἀνεχώρησαν,
2514 2580 2924 2648 Μεταλαὸόντες
2984 2583 3040 2640 δὲ
3097 2593 3202 2643 τῶν
3265 2587 3550 2664 ἐδωδίμων
3591 2594 3723 2670 ἄχρι

2077 2679 2446 2742 πεντηκοστῆς
2515 2672 2564 2744 ἐξ
2614 2674 2792 2729 αὐτῶν
2842 2673 3274 2748 ἒπηρκέσθησαν,
3327 2677 3466 2736 ὥστε
3515 2684 3723 2755 θαυμά-

2080 2764 2182 2829 ζειν
2216 2757 2409 2822 αὐτοὺς
2441 2761 2526 2816 καὶ
2559 2759 2758 2836 λέγειν,
2792 2763 2875 2816 ὅτι
2906 2759 3160 2834 Ἀληθῶς
3189 2770 3356 2821 ταῦτα
3398 2767 3544 2843 παρᾶ
3591 2773 3723 2824 Θεοῦ

2078 2849 2358 2921 ἀπεστάλη
2368 2871 2483 2907 σαν.

2149 2941 2244 3002 Εἷς
2279 2937 2336 2995 δέ
2391 2961 2474 3002 τις
2529 2945 2636 2996 τῶν
2696 2946 2960 3021 μοναχῶν
3019 2944 3174 3014 ἠξίου
3227 2955 3574 3024 παραχρῆμα
3631 2950 3722 3004 τὸν

2079 3028 2290 3103 Πατέρα
2333 3027 2594 3098 δεηθῆναι
2647 3031 2778 3105 ὑπὲρ
2828 3032 3016 3098 αὐτοῦ,
3068 3033 3295 3107 χάριτός
3344 3056 3492 3098 τινος
3539 3037 3720 3106 ἀξιοῦ-

2081 3119 2222 3172 σθαι.
2285 3119 2732 3191 Προσευξαμένου
2777 3117 2833 3172 δὲ
2883 3118 3075 3190 αὐτοῦ,
3125 3123 3158 3190 ἡ
3205 3125 3303 3186 τῆς
3361 3145 3720 3204 ταπεινοφρο-

2079 3206 2242 3277 σύνης
2273 3204 2420 3280 αὒτῷ
2469 3205 2678 3263 δίδοται
2739 3209 2923 3286 χάρις,
2955 3209 3043 3262 καὶ
3091 3213 3188 3280 τῆς
3243 3213 3549 3284 πραότητος
3586 3234 3598 3246 ·
3649 3215 3724 3279 ὡς

2080 3297 2370 3369 θαυμάζειν
2415 3297 2618 3360 πάντας
2682 3299 2814 3372 ὑπὲρ
2881 3295 3046 3352 αὐτοῦ
3111 3295 3421 3374 ὑπερϐολὴν
3468 3304 3720 3378 πραότη-

2079 3407 2173 3441 τοι.⁹
2200 3385 2560 3460 κτησαμένου.
2610 3387 2941 3462 Ἐξηγοῦντο
3001 3383 3058 3442 δὲ
3094 3390 3228 3462 ἡμῖν
3289 3393 3340 3446 οἱ
3392 3392 3514 3466 περὶ
3560 3393 3718 3450 αὐτὸν

2085 3478 2317 3552 Πατέρες
2364 3477 2562 3542 ταύτας
2609 3475 2771 3533 αὐτοῦ
2818 3479 2916 3540 τὰς
2966 3475 3241 3553 δυνάμεις,
3299 3483 3718 3558 μαρτυρούντων

2079 3565 2224 3638 αὐτῷ
2249 3571 2415 3623 ταῦτα
2444 3567 2533 3621 καὶ
2565 3565 2792 3622 πολλῶν
2825 3564 3101 3643 ἀδελφῶν.

2149 3657 2250 3711 Καὶ
2282 3657 2385 3732 γὰρ
2419 3655 2586 3730 λιμοῦ
2619 3678 2750 3712 ποτε
2783 3656 2844 3712 οὐ
2889 3659 2994 3731 πρὸ
3045 3657 3260 3714 πολλοῦ
3314 3681 3462 3726 τινος
3518 3665 3720 3738 χρόνου

2075 3746 2212 3800 κατά
2241 3747 2338 3814 τὴν
2369 3742 2614 3816 Θηϐαίδα
2647 3745 2964 3822 γενομένου,
3013 3747 3338 3813 ἀκούσαντες
3389 3752 3441 3806 οἱ
3492 3774 3725 3828 προσοι-

2076 3843 2294 3901 κοῦντες
2325 3838 2420 3900 τὰς
2451 3838 2640 3901 πόλεις
2664 3839 2786 3893 λαοὶ
2824 3839 2904 3893 ὅτι
2947 3859 3045 3912 περ
3090 3841 3140 3894 οἱ
3188 3842 3311 3916 περὶ
3361 3844 3521 3896 αὐτὸν
3573 3867 3724 3916 μονα-

2082 3927 2176 4005 χοί
2210 3927 2487 3990 πολλάκις
2519 3928 2568 4000 ἐξ
2599 3927 2905 4002 ἀμηχάνων
2939 3926 3248 4005 ἐτρέφοντο,
3285 3937 3530 4004 παρῆσαν
3591 3935 3724 4005 ὁμο-

2078 4014 2316 4089 θυμαδὸν
2365 4017 2499 4087 πρὸς
2547 4016 2706 4070 αὐτὸν
2750 4015 2840 4070 σῦν
2898 4019 3102 4090 γυναιξὶ
3155 4019 3244 4072 καὶ
3283 4020 3515 4090 τέκνοις,
3565 4020 3722 4076 εὐλο-

2078 4105 2200 4180 γίας
2230 4105 2344 4178 ἅμα
2371 4106 2460 4160 καὶ
2492 4107 2698 4185 τροφὴν
2751 4105 3047 4168 αἰτοῦντες.
3099 4107 3156 4160 Ὀ
3203 4105 3261 4162 δέ
3312 4105 3480 4180 μηδὲν
3533 4107 3723 4174 δεδιὼς

2082 4196 2158 4267 μή
2203 4215 2334 4249 ποτε
2373 4194 2530 4270 λήψῃ
2588 4199 2695 4250 τῶν
2759 4196 3090 4272 βρωμάτιον,
3145 4194 3329 4250 ἐδίδου
3387 4202 3544 4252 πᾶσιν
3605 4205 3722 4262 τοῖς

2078 4283 2400 4359 ἐρχομένοις
2461 4286 2666 4358 ἑκάστῳ
2721 4285 2781 4340 τὸ
2840 4281 3101 4360 αὔταρκες
3169 4285 3418 4360 ἡμέριον.
3481 4287 3726 4344 Ὑπολει-

2078 4375 2314 4452 φθέντων
2372 4372 2429 4429 δὲ
2483 4380 2649 4450 τριῶν
2717 4372 2993 4449 σπυρίδων
3058 4373 3314 4453 μεγάλων
3375 4375 3536 4449 μόνον
3589 4381 3724 4453 μετά

2076 4469 2185 4519 τῶν
2217 4463 2413 4540 ἄρτων,
2436 4467 2526 4520 καὶ
2557 4469 2652 4520 τοῦ
2693 4464 2864 4539 λιμοῦ
2902 4463 3345 4540 ἐπικρατοῦντος,
3399 4470 3724 4542 προστάσσει

2078 4554 2154 4618 εἰς
2187 4554 2347 4627 μέσον
2377 4553 2626 4634 φέρεσθαι
2655 4555 2749 4615 τὰς
2791 4551 3075 4629 σπυρίδας,
3108 4555 3170 4618 ἃς
3222 4556 3274 4610 οἳ
3327 4558 3560 4634 μοναχοί
3606 4559 3724 4613 κατ’

323 4643 513 4702 νεύων.
545 4644 861 4702 Ἀνθίστατο
895 4645 952 4702 δὲ
992 4647 1136 4720 αὐτῷ
1158 4650 1185 4703 6
1208 4653 1315 4704 τῶν
1337 4647 1622 4720 Ἑλλήνων
1654 4671 1968 4727 προμαχος,
2003 4647 2048 4712 D
2079 4643 2246 4713 αὐτὴν
2274 4645 2372 4714 τὴν
2411 4642 2622 4718 ἡμέραν
2655 4641 2848 4699 ἐσθίειν
2896 4638 3153 4718 ἔμελλον,
3209 4645 3298 4700 καὶ
3347 4645 3424 4708 εἷς
3481 4647 3722 4716 ὑπήκοον

327 4729 496 4794 δεινός
525 4753 609 4794 τις
638 4734 727 4788 καὶ
761 4733 946 4809 ἄγριος
986 4737 1085 4808 ὢν,
1127 4733 1610 4813 διαϐεϐαιούμενος
1649 4741 1734 4794 καὶ
1771 4738 1965 4814 λέγων,

327 4821 415 4888 Μὴ
453 4817 612 4875 δώσω
648 4821 870 4898 εἰρήνην
929 4825 1063 4902 ἄχρι
1119 4827 1368 4884 θανάτου.
1400 4828 1457 4882 Ὀ
1526 4825 1582 4883 δέ
1632 4851 1764 4904 φησι
1833 4831 1967 4904 πρὸς

325 4909 486 4965 αὐτόν
523 4927 535 4941 ⁸
571 4911 674 4967 Καὶ
707 4908 774 4981 δὴ
806 4914 1039 4988 γενέσθω
1067 4914 1195 4990 ὅπερ
1229 4913 1383 4973 εἰλω.
1419 4914 1611 4981 Οὐδεὶς
1640 4920 1740 4994 γὰρ
1788 4916 1968 4994 ἕτερος

325 4999 732 5076 ἀναιρεθήσεται
780 5001 929 5070 πλὴν
979 5005 1063 5064 σύ.
1111 5007 1299 5062 Ἔσται
1346 5005 1402 5062 δὲ
1432 5009 1518 5063 σοὶ
1550 5009 1764 5064 θανόντι
1795 5011 1904 5088 οὐχ
1932 5012 1967 5081 ἡ

325 5092 393 5164 γῆ
423 5089 612 5165 τάφος,
646 5087 794 5144 ἀλλὰ
821 5089 1074 5167 γαστέρες
1107 5094 1310 5168 θηρίων
1342 5097 1431 5151 καί
1478 5101 1666 5173 γυπῶν
1713 5097 1971 5171 πλησθή-

327 5197 511 5233 σονται
541 5177 646 5264 ἀπο
679 5182 795 5236 σοῦ.
833 5180 930 5236 Καὶ
963 5179 1030 5250 δὴ
1064 5182 1090 5236 6
1124 5180 1287 5258 λόγος
1329 5183 1482 5248 εὐθὺς
1532 5185 1607 5248 εἷς
1661 5181 1822 5264 ἔργον
1873 5186 1970 5264 γέ-

324 5285 498 5340 γονεν,
555 5261 775 5328 οὐδενὸς
832 5265 882 5336 ἐξ
968 5267 1227 5342 ἑκατέρου
1315 5270 1515 5345 μέρους
1601 5261 1972 5349 ἀναιρεθέντος

325 5351 472 5422 πλὴν
500 5357 596 5409 τοῦ
627 5354 930 5435 προμάχου
964 5375 976 5390 ·
1011 5357 1068 5412 ὃν
1120 5359 1210 5413 καί
1243 5363 1520 5434 χώσαντες
1570 5362 1621 5418 ἐν
1669 5367 1737 5437 τῇ
1779 5363 1972 5439 ἄμμῳ,

327 5443 478 5515 πρωῒ
508 5443 661 5519 εὗρον
709 5445 785 5507 εἷς
819 5447 960 5520 μέλη
1024 5445 1430 5524 ἐσπαραγμένον
1494 5452 1596 5508 ὑπὸ
1654 5457 1841 5530 γυπῶν
1882 5455 1974 5510 καὶ

333 5531 553 5588 ὑαίνων.
587 5533 648 5588 Οἱ
683 5533 739 5589 δὲ
770 5539 843 5600 ὼς
875 5534 996 5592 ἴδον
1045 5538 1108 5593 τὸ
1158 5539 1340 5613 θαῦμα
1367 5543 1456 5596 καί
1513 5543 1612 5613 τὴν
1661 5547 1757 5598 τοῦ
1804 5544 1975 5621 λόγου

330 5615 790 5693 ἔκϐασιν,πάντες
844 5628 922 5700 τῷ
963 5629 1182 5704 Σωτῆρι
1236 5629 1636 5703 πιστεύσαντες,
1682 5635 1974 5711 προφήτην

331 5709 490 5767 αὐτὸν
521 5710 907 5791 ἂνεκήρυττον.

399 5803 500 5861 Ἦν
531 5798 588 5858 δὲ
619 5799 700 5861 ἔτι
729 5807 836 5885 πρὸ
863 5805 1060 5864 τούτου
1091 5807 1146 5866 ἐν
1198 5814 1278 5885 τῷ
1306 5811 1564 5890 σπηλαίῳ
1606 5817 1704 5871 τοῦ
1745 5811 1908 5892 ὅρους
1947 5816 1978 5872 6

333 5891 489 5970 ἅγιος
517 5893 810 5962 Ἀπολλῶς
852 5899 944 5958 σὺν
995 5899 1152 5960 πέντε
1178 5901 1316 5961 τισὶν
1364 5897 1653 5988 ἀδελφοῖς,
1684 5905 1736 5962 οἳ
1766 5891 1976 5984 πρῶτοι

2077 4731 2290 4786 πάντων
2320 4735 2428 4786 τῶν
2469 4729 2744 4809 ἀδελφῶν,
2775 4731 2865 4785 καί
2911 4736 3019 4786 τῶν
3072 4729 3286 4805 ὄχλων,
3337 4732 3455 4786 εἶπε
3506 4731 3722 4807 μεγάλῃ

2073 4826 2141 4892 τῇ
2173 4826 2328 4900 φωνῇ
2372 4839 2386 4854 ·
2419 4823 2508 4890 Μὴ
2560 4821 2666 4897 οὐχ
2711 4821 2887 4896 ἰσχύει
2934 4824 2968 4890 ἠ
3020 4821 3144 4896 χεὶρ
3203 4821 3402 4896 Κυρίου
3453 4822 3726 4894 πληθῦναι

2073 4913 2239 4968 ταῦτα
2275 4931 2289 4982 ;
2326 4910 2416 4967 καὶ
2463 4909 2590 4966 τάδε
2631 4911 2774 4987 λέγει
2825 4912 2887 4966 τὸ
2945 4915 3164 4985 Πνεῦμα
3202 4913 3262 4966 τὸ
3290 4911 3439 4988 ἅγιον
3479 4929 3491 4942 ⁸
3526 4914 3598 4967 Οὐ
3647 4916 3722 4988 μή

2077 5000 2318 5076 ἐκλείψει
2361 5001 2521 5077 ἄρτος
2562 5001 2622 5057 ἐκ
2657 5005 2763 5057 τῶν
2825 4999 3098 5075 σπυρίδων
3167 5002 3398 5072 τούτων,
3449 5001 3614 5077 ἄχρις
3663 5002 3724 5058 ἂν

2075 5094 2405 5168 κορεσθῶσιν
2439 5091 2667 5154 ἅπαντες
2697 5095 2794 5146 τοῦ
2842 5089 2960 5146 νέου
3013 5091 3184 5150 σίτου.
3241 5092 3338 5148 Καὶ
3394 5087 3724 5147 διαϐεϐαιώ-

2079 5203 2242 5236 σαντο
2283 5183 2478 5246 πάντες
2509 5183 2559 5237 οἰ
2591 5182 3024 5256 παραγενόμενοι
3074 5181 3196 5236 τότε
3243 5182 3581 5258 τετράμηνον
3616 5187 3720 5236 π’ἄ-

2079 5293 2158 5327 σιν
2226 5269 2515 5346 ἐπαρκέσαι
2580 5272 2706 5334 τοὺς
2783 5269 2995 5346 ἄρτους.
3058 5272 3296 5346 Ὁμοίως
3359 5269 3414 5325 δὲ
3488 5271 3577 5324 καί
3635 5269 3726 5324 ἐπὶ

2081 5361 2266 5418 ἐλαίου
2298 5361 2386 5416 καί
2442 5360 2591 5416 σίτου
2643 5361 2900 5416 πεποίκεν
2935 5379 2947 5394 ·
2993 5361 3068 5423 ὡς
3121 5366 3367 5436 παρεῖναι
3413 5359 3504 5412 τὸν
3551 5364 3723 5413 Σατα·

2081 5455 2195 5520 νᾶν,
2227 5453 2313 5506 καὶ
2347 5449 2516 5506 έίπεῖν
2550 5449 2715 5523 αὐτῷ,
2749 5453 2838 5520 Μὴ
2881 5449 3071 5511 Ἠλίας
3104 5451 3152 5504 εἰ
3205 5451 3291 5518 σὺ,
3341 5447 3376 5516 ἢ
3415 5444 3601 5520 ἕτερός
3642 5467 3725 5510 τις

2080 5545 2189 5595 τῶν
2220 5543 2516 5617 προφητῶν
2551 5540 2640 5595 καί
2673 5539 3016 5608 ἀποστόλων,
3052 5538 3133 5594 ὅτι
3183 5539 3352 5591 ταῦτα
3383 5533 3594 5609 τολμᾶς
3629 5553 3642 5605 ;
3670 5542 3728 5596 Ὀ

2084 5627 2140 5684 δὲ
2187 5631 2323 5705 πρὸς
2382 5629 2542 5685 αὑτὸν
2601 5623 2701 5707 ἔφη
2739 5650 2751 5663 ·
2786 5629 2850 5686 Τί
2877 5629 2978 5706 γάρ
3011 5650 3025 5699 ;
3060 5627 3158 5680 οὐκ
3197 5622 3474 5700 ἅνθρωποι
3507 5624 3643 5696 ἦσαν
3677 5627 3728 5682 οἳ

2084 5719 2230 5798 ἅγιοι
2275 5722 2556 5795 προφῆται
2586 5720 2677 5775 καὶ
2722 5717 3023 5775 ἀπόστολοι
3067 5715 3118 5769 οἰ
3150 5717 3316 5770 ταῦτα
3366 5717 3499 5789 ἡμῖν
3551 5721 3726 5772 ποιεῖν

2081 5805 2550 5886 παραδώσαντες;
2607 5807 2644 5879 ἢ
2701 5805 2824 5864 τότε
2875 5811 3055 5880 παρῆν
3119 5803 3214 5879 μὶν
3282 5805 3310 5859 6
3350 5804 3502 5874 Θεὸς,
3529 5808 3620 5859 νῦν
3673 5801 3731 5859 δὲ

2086 5897 2434 5974 ἀπεδήμησεν
2469 5924 2486 5971 ς
2517 5897 2736 5954 δύναται
2793 5896 2822 5951 6
2881 5893 3010 5956 Θεὸς
3055 5892 3136 5948 ἀεὶ
3185 5897 3360 5949 ποιεῖν
3417 5895 3608 5968 ταῦτα,
3638 5893 3731 5950 καὶ
