4074 6278
271 371 428 434 1149

1646 359 2018 424 HISTORIA
2060 360 2478 425 LAUSIACA.

3643 366 3802 427 1150

268 507 403 561 dem
435 505 637 560 aderat
691 502 867 569 Deus,
901 513 1060 555 nunc
1117 501 1310 554 autem
1371 510 1606 568 peregre
1655 501 1744 551 est
1799 497 1985 567 profe-
2018 502 2073 568 Î‘
2102 497 2162 553 in
2195 511 2458 553 sermone
2490 494 2755 566 gratiam,
2789 496 2844 548 et
2871 492 3125 564 reliquas
3173 495 3301 565 ejus
3361 496 3619 569 virtutes,
3657 517 3801 572 quas

268 594 441 650 ctus?
471 597 668 649 Potest
699 596 894 647 autem
932 591 1079 645 Deus
1129 589 1248 643 haec
1293 603 1523 658 semper
1568 587 1768 653 facere,
1800 593 1855 642 et
1895 588 1978 641 ni-

267 683 350 739 hil
403 685 508 738 erit
566 683 715 754 quod
771 680 894 751 ipse
949 696 1063 734 non
1131 677 1336 750 possit.
1390 677 1444 731 Si
1500 692 1635 746 ergo
1694 677 1844 731 Deus
1891 680 1980 730 est

270 772 479 838 bonus,
502 787 606 827 cur
636 772 694 825 in
763 767 1167 831 maluszuid
1219 782 1349 822 vero
1407 783 1520 821 non
1581 769 1807 836 oportet
1873 781 1978 819 nos

266 877 497 933 quoque
529 861 720 916 dicere
750 876 817 914 ea
848 875 978 929 quae
1016 856 1293 924 vidimus,
1325 872 1533 926 nempe
1573 855 1723 926 quod
1774 855 1979 908 fratres

265 951 750 1022 ingrediebantur
787 965 920 1005 cum
953 947 1187 1016 sportis,
1222 946 1292 1000 ad
1346 961 1580 1000 mensas
1630 959 1808 1015 panes
1842 941 1978 998 affe-

264 1045 457 1096 rentes
499 1045 713 1095 etcum
745 1038 1118 1094 comederent
1177 1034 1478 1105 quingenti
1537 1035 1739 1088 fratres
1787 1033 1856 1086 ad
1890 1049 1978 1087 sa-

261 1131 546 1197 tietatem,
580 1147 674 1185 eas
706 1145 910 1184 rursus
940 1127 1142 1198 plenas
1165 1123 1575 1196 accipiebant?

332 1221 503 1278 Aliud
535 1235 767 1291 quoque
800 1217 1171 1284 miraculum,
1193 1216 1348 1288 quod
1380 1214 1638 1270 videntes
1670 1212 1980 1284 obstupui-

264 1327 416 1380 mus,
451 1327 554 1382 par
580 1313 667 1365 est
698 1308 907 1364 dicere.
949 1307 1090 1362 Cum
1141 1306 1294 1360 enim
1347 1305 1416 1359 ad
1470 1319 1567 1359 eos
1617 1301 1978 1358 venissemus

262 1401 450 1472 spatio
481 1400 656 1456 trium
724 1398 973 1466 dierum,
1014 1395 1227 1466 cogniti
1283 1410 1511 1460 sumus,
1552 1392 1751 1464 procul
1810 1391 1919 1446 visi
1949 1407 1981 1445 a

266 1488 569 1552 fratribus,
605 1485 699 1556 qui
733 1501 801 1540 ex
831 1501 895 1539 eo
923 1483 1231 1538 audierunt
1264 1482 1333 1535 de
1384 1484 1580 1535 nostro
1609 1479 1678 1532 ad
1720 1493 1846 1533 eum
1882 1477 1980 1532 ad-

263 1582 480 1632 ventu:
516 1576 617 1646 qui
642 1574 872 1646 quidem
907 1588 1149 1646 propere
1192 1574 1562 1626 accurrantes
1603 1568 1770 1624 nobis
1802 1583 1981 1622 vene-

266 1670 403 1722 runt
433 1665 662 1721 obviam
691 1663 1024 1735 psallentes,
1060 1667 1149 1717 est
1196 1660 1351 1716 enim
1384 1659 1478 1713 hic
1511 1675 1636 1715 mos
1666 1657 1821 1729 apud
1853 1672 1978 1711 om-

266 1772 368 1811 nes
402 1753 740 1810 monachos.
776 1755 843 1807 Et
875 1768 1005 1808 cum
1040 1750 1205 1822 proni
1232 1749 1291 1805 in
1352 1754 1567 1804 terram
1636 1747 1980 1802 adorassent

268 1861 371 1899 nos
403 1842 725 1899 deosculati
785 1845 942 1908 sunt,
976 1856 1083 1896 nos
1141 1839 1252 1894 sibi
1313 1838 1556 1892 invicem
1605 1837 1979 1892 ostendentes

266 1939 324 1990 et
353 1935 610 1990 dicentes
638 1949 650 1988 :
685 1933 828 1987 Ecce
873 1934 1156 1988 venerunt
1198 1931 1426 1996 fratres,
1451 1929 1520 1984 de
1578 1928 1789 1998 quibus
1822 1930 1981 1998 pater

269 2029 467 2080 noster
497 2023 640 2079 dixit
697 2023 880 2078 tribus
929 2027 1062 2077 ante
1119 2021 1350 2090 diebus,
1379 2019 1622 2074 dicendo
1659 2035 1671 2074 :
1707 2018 1842 2072 Post
1872 2021 1987 2072 tres

269 2114 388 2169 dies
410 2113 643 2168 venient
674 2112 744 2167 ad
804 2127 908 2165 nos
965 2114 1082 2165 tres
1132 2109 1363 2176 fratres,
1405 2108 1702 2162 venientes
1759 2107 1992 2161 Jeroso-

268 2202 458 2273 lymis.
496 2202 559 2255 Et
590 2201 688 2256 alii
720 2200 958 2270 quidem
1016 2215 1120 2254 nos
1179 2196 1562 2264 deducebant,
1592 2195 1688 2251 alii
1728 2211 1858 2251 vero
1882 2211 1989 2249 000

272 2295 424 2346 retro
492 2290 904 2360 sequebantur,
943 2288 1275 2358 psallentes.
1325 2287 1510 2342 donec
1565 2302 1741 2357 prope
1792 2285 1989 2356 ipsum

269 2380 556 2435 venimus.
586 2379 730 2433 Cum
765 2385 958 2432 autem
998 2376 1281 2431 audiisset
1341 2381 1506 2447 pater
1554 2375 1755 2445 Apollo
1792 2390 1989 2428 vocem

275 2469 675 2540 psallentium,
710 2467 866 2524 venit
898 2465 1062 2521 nobis
1092 2465 1348 2532 obviam,
1380 2469 1441 2520 ut
1475 2481 1600 2519 mos
1631 2465 1680 2519 ei
1703 2469 1827 2519 erat
1856 2479 1993 2534 erga

275 2575 479 2615 omnes
511 2559 755 2613 fratres:
792 2561 848 2613 et
879 2572 1010 2611 cum
1039 2571 1143 2610 nos
1176 2555 1435 2623 vidisset,
1470 2553 1734 2609 adoravit
1767 2553 1992 2623 primus

277 2667 338 2706 se
361 2650 419 2704 in
462 2656 612 2704 terra
640 2649 997 2709 extendens;
1028 2650 1084 2702 et
1128 2661 1260 2700 cum
1305 2643 1675 2713 surrexisset,
1709 2646 1799 2698 est
1828 2659 1992 2698 oscu-

277 2738 473 2806 latus;
527 2743 584 2793 et
631 2741 939 2809 postquam
998 2734 1440 2801 introduxisset,
1472 2732 1673 2802 oravit,
1707 2741 1761 2788 et
1819 2733 1995 2803 pedes

279 2833 508 2884 nostros
538 2828 803 2882 manibus
826 2825 966 2881 lavit
995 2824 1265 2897 propriis,
1299 2827 1356 2879 et
1386 2823 1654 2879 hortatus
1679 2826 1767 2878 est
1796 2823 1867 2877 ad
1902 2838 1994 2877 re-

282 2919 614 2975 fectionem.
650 2919 766 2974 lIoc
789 2921 983 2972 autem
1018 2916 1264 2972 faciebat
1294 2915 1568 2970 omnibus
1588 2913 1863 2970 fratribus
1896 2913 1993 2985 qui

281 3010 353 3065 ad
385 3008 575 3078 ipsum
606 3007 929 3062 veniebant.
956 3008 1064 3071 Qui
1097 3005 1247 3059 enim
1268 3019 1396 3059 cum
1430 3005 1556 3075 ipso
1578 3006 1743 3058 erant
1767 3003 2000 3057 fratres-

283 3097 632 3153 alimentum
667 3112 780 3150 non
815 3095 973 3166 prius
996 3093 1375 3164 accipiebant,
1409 3109 1588 3162 quam
1621 3091 1998 3147 Eucharistiae

283 3188 496 3244 Christi
519 3187 1060 3243 communicassent
1093 3201 1107 3239 :
1160 3184 1269 3240 hoc
1313 3189 1505 3240 autem
1540 3183 1828 3240 faciebant
1857 3183 2001 3238 hora

284 3294 438 3334 nona
460 3277 590 3332 diei.
625 3276 840 3331 Deinde
871 3291 1004 3330 cum
1037 3275 1123 3329 sic
1154 3274 1564 3341 comedissent,
1596 3273 1878 3328 sedebant
1899 3290 2003 3328 au-

285 3367 516 3422 dientes
565 3382 696 3421 eum
740 3353 1063 3420 docentem
1113 3363 1308 3419 omnia
1368 3367 1673 3434 praecepta,
1708 3377 1889 3433 usque
1934 3362 2005 3416 ad

287 3458 546 3530 primum
603 3470 897 3511 somnum.
936 3453 1101 3508 Illinc
1161 3452 1258 3506 alii
1303 3453 1540 3523 quidem
1574 3469 1640 3507 ex
1673 3453 1814 3524 ipsis
1847 3468 2009 3507 sece-

288 3545 508 3602 debant
565 3545 625 3600 in
731 3542 1128 3610 solitudinem,
1189 3541 1517 3613 Seripturas
1627 3547 1750 3597 tota
1843 3546 2011 3598 nocte

290 3630 626 3688 memoriter
674 3632 1107 3699 expromentes;
1145 3626 1240 3681 alii
1299 3643 1432 3682 vero
1493 3625 1610 3681 illic
1670 3643 2007 3698 persevera-

290 3724 451 3790 bant,
509 3720 760 3776 assiduis
819 3718 1050 3790 hymnis
1100 3720 1277 3772 Deum
1349 3715 1681 3782 laudantes,
1725 3719 1792 3772 ad
1855 3717 2009 3772 diem

291 3826 517 3881 usque:
553 3825 698 3880 quos
756 3823 860 3877 ego
902 3806 1016 3861 vidi
1061 3805 1150 3859 his
1183 3805 1390 3872 oculis,
1427 3822 1559 3860 cum
1583 3822 1816 3877 vespere
1848 3806 2010 3877 hym-

293 3916 400 3956 nos
430 3901 765 3969 ccepissent,
799 3912 985 3965 usque
1035 3896 1104 3949 ad
1157 3896 1507 3950 matutinum
1549 3912 1661 3950 non
1694 3910 1955 3951 cessasse
1984 3912 2018 3949 a

291 3996 483 4045 cantu.
521 3986 688 4041 Multi
723 3990 875 4041 certe
915 4001 982 4038 ex
1013 3984 1085 4038 iis
1118 3984 1257 4039 hora
1291 4001 1444 4038 nona
1476 3984 1662 4039 solum
1695 3983 2016 4040 descende-

294 4082 439 4135 bant
469 4078 538 4132 de
571 4080 786 4142 monte,
820 4079 876 4129 et
901 4073 1330 4129 Eucharistiam
1355 4079 1897 4142 sumentes,rursus
1921 4073 2018 4128 ad-

295 4167 673 4234 scendebant,
700 4166 954 4221 contenti
999 4163 1242 4235 spiritali
1298 4163 1662 4220 nutrimento
1721 4181 1907 4235 usque
1946 4165 2015 4218 ad

295 4259 472 4316 aliam
531 4272 769 4312 nonam.
828 4253 944 4310 Hoc
995 4257 1188 4309 autem
1267 4253 1436 4308 multi
1503 4271 1572 4309 ex
1606 4254 1674 4309 iis
1734 4253 2022 4309 faciebant

299 4349 517 4404 multos
571 4345 715 4401 dies.
752 4343 983 4399 Licebat
1053 4349 1241 4398 autem
1299 4358 1398 4397 eos
1435 4342 1631 4399 videre
1661 4344 2020 4398 exsultantes

302 4439 364 4494 in
389 4436 718 4500 solitudine,
746 4433 887 4489 adeo
924 4435 988 4487 ut
1020 4431 1242 4488 nullam
1276 4433 1562 4501 ejusmodi
1600 4431 1773 4487 aliam
1801 4431 2021 4487 exulta-

302 4527 518 4584 tionem
558 4524 616 4578 in
651 4526 803 4578 terra
833 4521 1024 4578 videre
1054 4520 1240 4591 liceat,
1275 4536 1378 4576 nec
1437 4519 1700 4575 ltetitiam
1751 4536 2022 4591 corpora-

2032 3235 2082 3297 ÎŸ

2091 592 2323 657 propter
2339 599 2636 640 summum
2657 582 3000 638 miraculum
3031 583 3320 653 siluimus,
3356 587 3578 642 auditas
3603 589 3805 659 utique

2090 694 2158 732 ex
2187 678 2314 749 ipso
2346 681 2401 732 et
2431 694 2499 733 ex
2529 676 2661 731 aliis
2683 675 2709 728 â€˜?

2160 769 2300 822 Cum
2344 772 2536 822 autem
2595 768 2664 822 de
2723 766 3131 822 exercitatione
3161 777 3214 822 et
3257 768 3668 826 vitaeinstituto
3703 790 3804 826 no-

2089 858 2316 912 biscum
2353 874 2502 927 scepe
2536 874 2799 912 seorsum
2845 857 3242 926 disseruisset,
3279 876 3426 929 saepe
3458 861 3626 915 etiam
3663 863 3806 917 dixit

2088 947 2159 1001 de
2177 947 2561 1018 suscipiendis
2593 946 2916 1014 monachis,
2949 947 3101 1015 quod
3161 951 3386 1017 oportet
3417 950 3656 1005 adorare
3690 952 3806 1007 fra-

2088 1040 2205 1091 tres
2228 1038 2597 1092 advenientes
2633 1052 2645 1092 :
2682 1035 2806 1092 Non
2839 1035 2992 1090 enim
3037 1035 3216 1106 ipsos,
3243 1037 3452 1103 aiebat,
3485 1041 3584 1093 sed
3620 1040 3803 1096 Deum

2088 1125 2362 1181 adorasti.
2414 1126 2624 1181 Vidisti
2697 1126 2874 1193 enim,
2951 1125 3164 1195 inquit,
3250 1126 3482 1180 fratrem
3592 1129 3809 1183 tuum?

2085 1214 2281 1270 vidisti
2341 1214 2655 1269 Dominum
2719 1217 2894 1269 Deum
2955 1218 3256 1282 tuum;et
3314 1214 3441 1279 hoc,
3489 1215 3697 1286 inquit,
3732 1219 3803 1272 ab

2087 1302 2379 1358 Abraham
2411 1304 2741 1374 accepimus
2765 1302 2916 1373 (Gen.
2953 1309 3149 1370 xvm);
3206 1310 3257 1357 et
3309 1304 3459 1372 quod
3513 1308 3800 1373 oporteat,

2087 1393 2302 1463 inquit,
2339 1409 2758 1462 nonnunquam
2796 1409 3000 1462 cogere
3052 1393 3255 1447 fratres
3309 1393 3377 1446 ad
3429 1393 3803 1449 refectionem

2087 1500 2119 1537 a
2149 1483 2251 1537 Lot
2282 1484 2632 1552 accepimus,
2679 1481 2779 1552 qui
2839 1482 3028 1552 coegit
3088 1481 3322 1551 angelos
3355 1482 3509 1552 (Gen.
3555 1483 3716 1552 xu);
3751 1485 3809 1537 et

2088 1572 2240 1636 quod
2293 1575 2535 1642 oportet,
2581 1573 2626 1626 si
2713 1571 2832 1625 tieri
2895 1575 3103 1642 potest,
3163 1571 3483 1626 monachos
3549 1571 3808 1641 quotidie

2089 1656 2956 1715 communicareVsacramentis.
2996 1661 3102 1723 Qui
3141 1661 3294 1715 enim
3330 1677 3389 1716 se
3448 1660 3518 1714 ab
3553 1661 3634 1715 eis
3676 1678 3809 1731 pro-

2088 1750 2176 1806 cul
2209 1755 2454 1818 amovet,
2488 1751 2642 1806 Deus
2707 1767 2941 1821 quoque
2975 1751 3171 1820 procul
3234 1751 3301 1805 ab
3325 1766 3390 1805 eo
3433 1752 3666 1806 recedit.
3697 1751 3809 1814 Qui

2013 1860 2056 1924 B
2089 1844 2280 1894 autem
2339 1840 2445 1896 hoc
2494 1841 2630 1895 facit
2666 1841 2923 1907 assidue,
2955 1840 3184 1895 assidue
3233 1840 3474 1908 suscipit
3545 1841 3809 1896 Servato-

2103 1947 2240 1987 rem.
2277 1931 2378 1984 Est
2417 1929 2829 1999 enim,inquit,
2892 1946 2995 1984 vox
3057 1929 3321 1984 salutaris
3357 1946 3369 1983 :
3403 1929 3508 1991 Qui
3556 1931 3808 1985 comedit

2098 2037 2327 2077 carnem
2397 2036 2607 2083 meam,
2651 2024 2707 2074 et
2770 2019 2918 2074 bibit
2988 2035 3184 2074 meum
3235 2019 3604 2090 sanguinem,
3679 2037 3802 2076 ma-

2101 2115 2198 2166 net
2264 2109 2325 2163 in
2396 2125 2505 2176 me,
2533 2112 2590 2162 et
2647 2124 2752 2178 ego
2813 2108 2870 2162 in
2928 2125 2993 2162 00
3046 2109 3220 2177 (Joan.
3257 2109 3356 2178 v1).
3413 2109 3527 2163 Hoc
3586 2110 3809 2165 confert

2102 2199 2406 2255 monachis
2437 2198 2711 2253 salutaris
2733 2198 3021 2268 passionis
3043 2199 3655 2255 commemorationem
3680 2216 3805 2256 con-

2100 2289 2353 2343 tinenter
2383 2288 2732 2342 facientibus
2763 2287 3023 2357 quotidie
3070 2289 3242 2342 etiam
3279 2304 3338 2343 se
3371 2305 3713 2360 praeparare,
3748 2293 3811 2344 ut

2103 2377 2260 2432 omni
2293 2382 2551 2446 tempore
2582 2375 2741 2446 digni
2774 2376 2886 2430 sint
2913 2375 3013 2446 qui
3051 2376 3370 2446 suscipiant
3424 2377 3683 2433 ccelestia
3714 2395 3812 2432 sa-

2102 2469 2424 2533 cramenta,
2483 2465 2955 2535 quandoquidem
3017 2466 3100 2520 sic
3144 2481 3375 2537 quoque
3433 2468 3811 2537 consequitur

2104 2555 2506 2609 remissionem
2564 2560 2940 2625 peccatorum.
2976 2555 3269 2611 Catholica
3291 2559 3485 2611 autem
3541 2559 3597 2610 et
3644 2571 3812 2628 gene-

2106 2643 2490 2714 raliajejunia
2521 2660 2632 2698 non
2667 2643 2800 2699 licet
2841 2645 3056 2698 solvere
3116 2645 3242 2700 sine
3310 2645 3531 2716 ingenti
3563 2647 3811 2701 necessi-

2104 2737 2221 2788 tate
2250 2751 2262 2801 ;
2290 2734 2346 2787 in
2395 2738 2601 2804 quarta
2648 2734 2805 2789 enim
2867 2735 3005 2789 feria
3056 2735 3304 2789 traditur
3344 2735 3626 2804 Servatur,
3663 2740 3718 2790 et
3751 2736 3809 2790 in

2108 2839 2414 2894 parasceve
2464 2824 2864 2895 crucifigitur;
2896 2827 2997 2896 qui
3046 2841 3114 2880 ea
3163 2842 3297 2897 ergo
3329 2825 3515 2894 solvit,
3550 2827 3815 2882 Servato-

2109 2929 2229 2968 rem
2279 2930 2393 2968 una
2439 2913 2636 2976 tradit,
2663 2922 2717 2967 et
2750 2931 2864 2968 una
2905 2915 3210 2983 crucifigit.
3261 2916 3372 2970 Sed
3405 2917 3454 2970 si
3485 2916 3556 2969 ad
3591 2931 3687 2970 vos
3717 2933 3812 2970 ve-

2109 3003 2226 3059 niat
2260 3004 2435 3059 frater
2467 3003 2565 3074 qui
2599 3021 2745 3075 opus
2781 3004 2953 3058 habet
2987 3010 3049 3060 ut
3091 3005 3382 3060 reficialur
3412 3022 3543 3060 eum
3568 3005 3815 3076 sitjeju-

2109 3095 2292 3160 nium,
2329 3094 2440 3165 ipsi
2498 3093 2601 3148 soli
2655 3111 2911 3148 mensam
2942 3095 3254 3165 apponite;
3289 3095 3380 3149 sin
3416 3100 3608 3150 autem
3643 3095 3810 3164 nolit,

2111 3200 2183 3238 ne
2213 3185 2451 3254 cogatis,
2486 3184 2772 3239 habemus
2808 3185 2961 3239 enim
2987 3201 3357 3240 communem
3391 3184 3586 3240 traditi
3619 3202 3810 3240 onem.

2113 3273 2362 3328 Multum
2393 3278 2582 3328 autem
2615 3274 3069 3345 reprehendebat
3090 3291 3187 3330 eos
3228 3276 3328 3346 qui
3355 3278 3570 3330 ferrum
3620 3280 3814 3346 gesta-

2112 3364 2273 3429 bant,
2333 3367 2390 3417 et
2448 3379 2652 3418 coman
2713 3363 3064 3418 nutriebant.
3120 3363 3189 3418 Hi
3249 3365 3428 3433 enim,
3486 3364 3692 3434 inquit,
3754 3380 3815 3420 se

2113 3453 2423 3509 ostendant
2463 3457 2519 3508 et
2549 3458 2816 3522 quaerunt
2846 3452 3066 3524 placere
3100 3454 3458 3522 hominibus,
3501 3473 3625 3511 cum
3655 3471 3818 3525 opor-

2117 3547 2231 3597 teat
2290 3542 2448 3612 ipsos
2506 3544 2696 3613 potius
2749 3559 2959 3614 corpus
3017 3543 3236 3599 solvere
3268 3545 3532 3615 jejuniis,
3576 3552 3629 3600 et
3661 3543 3817 3616 quod

2115 3631 2333 3685 bonum
2391 3637 2479 3687 est
2533 3633 2719 3688 facere
2767 3633 2825 3686 in
2875 3632 3137 3698 occulto;
3173 3634 3211 3688 ii
3244 3650 3375 3689 vero
3425 3653 3539 3690 non
3581 3635 3678 3704 sic,
3715 3637 3815 3692 sed

2117 3737 2178 3777 se
2210 3722 2519 3793 propalant
2549 3722 2842 3777 omnibus.
2872 3723 2940 3777 Et
2998 3723 3137 3794 quid
3169 3740 3316 3794 opus
3358 3723 3659 3796 pluribus?
3688 3732 3822 3782 0m-

2120 3812 2211 3866 nis
2243 3811 2393 3866 enim
2424 3813 2551 3881 ejus
2583 3812 2843 3866 doctrina
2861 3816 2947 3866 est
2978 3813 3105 3880 eius
3128 3812 3257 3866 vitae
3290 3814 3556 3868 instituto
3589 3816 3794 3870 similis

2120 3917 2292 3970 quam
2326 3916 2431 3954 nec
2461 3900 2592 3969 quis
2633 3900 2884 3955 scribere
2920 3899 3292 3969 potueritnee
3325 3901 3534 3957 dicere.
3570 3903 3821 3958 Plurima

2121 4005 2253 4058 ergo
2289 3988 2595 4042 nobiscum
2629 4005 2913 4051 seorsum,
2947 3991 3087 4053 tota,
3122 4005 3272 4058 saepe
3305 3989 3669 4045 hebdomada
3701 3993 3821 4046 dis-

2123 4078 2392 4146 serendo,
2448 4077 2683 4131 tandem
2735 4077 3035 4132 dimittens
3093 4077 3282 4132 dixit:
3342 4077 3556 4135 Iâ€”Iabete
3623 4097 3819 4150 pacem

2126 4167 2275 4221 inter
2303 4183 2425 4232 vos,
2451 4183 2635 4237 neque
2667 4167 3018 4237 separemini
3054 4167 3109 4222 in
3144 4168 3250 4223 via.

2197 4255 2335 4310 Cum
2366 4259 2558 4311 autem
2591 4256 2832 4311 dixisset
2854 4257 2925 4311 iis
2958 4258 3052 4325 qui
3094 4273 3226 4311 cum
3286 4257 3412 4328 ipso
3439 4263 3602 4313 erant
3635 4259 3824 4314 fratri-

2125 4345 2258 4412 bus,
2293 4346 2559 4417 quisnam
2593 4363 2660 4400 ex
2692 4347 2836 4417 ipsis
2866 4345 3032 4401 vellet
3065 4362 3168 4401 nos
3227 4347 3512 4403 deducere
3574 4349 3644 4403 ad
3695 4349 3827 4403 visi-

2127 4435 2334 4489 tandos
2393 4433 2538 4489 alios
2593 4435 2812 4502 Patres,
2858 4438 3092 4489 sanctus
3148 4435 3376 4505 Apollo,
3438 4436 3625 4493 tribus
3686 4438 3828 4492 viris

2126 4523 2362 4579 delectis
2394 4524 2494 4594 qui
2542 4522 2796 4579 valerent
2850 4527 2905 4578 et
2946 4540 3213 4580 sermone
3271 4530 3327 4580 et
3375 4526 3502 4581 vita:
3535 4526 3826 4593 instituto,

300 4618 438 4674 lem.
475 4614 672 4684 Neque
704 4612 858 4667 enim
911 4616 1032 4666 erat
1092 4612 1242 4666 inter
1266 4627 1361 4665 eos
1392 4608 1604 4680 aliquis
1637 4613 1882 4665 maestus
1913 4612 2014 4664 aut
2039 4611 2092 4678 D
2123 4620 2405 4683 erantque
2437 4613 2606 4684 periti
2638 4613 2852 4684 linguas
2882 4613 3088 4668 Graecae
3130 4619 3184 4669 et
3217 4614 3491 4669 Romanae
3523 4620 3577 4669 et
3613 4616 3829 4685 zEgyp-

300 4707 533 4773 tristis;
561 4703 658 4758 sed
702 4702 748 4758 si
778 4703 908 4771 quis
939 4701 1238 4755 videbatur
1271 4717 1382 4771 prae
1424 4716 1482 4755 se
1532 4702 1679 4756 ferre
1721 4700 2020 4768 tristitam,

302 4796 502 4854 statim
538 4796 698 4863 pater
729 4782 933 4862 Apollo
993 4807 1060 4846 ex
1111 4806 1176 4845 eo
1237 4792 1477 4862 rogabat
1507 4808 1764 4859 causam,
1799 4795 1856 4846 et
1896 4807 2021 4861 quae

302 4888 471 4946 erant
502 4883 559 4937 in
584 4882 805 4937 occulte
858 4880 1324 4951 uniuscujusque
1377 4882 1591 4950 cordis,
1627 4881 2019 4938 renuntiabat.

302 4972 547 5032 Dicebat
577 4975 808 5026 autem:
843 4968 969 5027 Non
1003 4973 1229 5042 oportet
1280 4987 1403 5026 esse
1435 4973 1632 5029 tristes
1663 4977 1896 5044 propter
1929 4991 2023 5029 sa-

304 5069 504 5130 lutem,
535 5077 667 5117 cum
709 5060 891 5115 futuri
939 5061 1127 5117 simus
1184 5060 1442 5118 haeredes
1509 5064 1671 5135 regni
1741 5064 2020 5120 caelorum

303 5154 523 5212 Tristes
552 5157 764 5216 autem,
798 5149 1011 5220 inquit,
1043 5155 1214 5206 erunt
1250 5151 1515 5223 gentiles,
1550 5153 1771 5208 ï¬‚ebunt
1808 5153 2023 5221 Judaei,

306 5244 593 5315 lugebunt
624 5245 956 5312 peccatores
987 5240 1168 5308 ;justi
1192 5245 1382 5296 autem
1413 5237 1802 5311 laetabuntur;
1835 5251 1888 5298 et
1923 5245 2024 5314 qui

308 5339 540 5391 terrena
582 5331 816 5402 quidem
878 5330 1070 5385 animo
1129 5329 1371 5400 agitant,
1422 5330 1687 5386 laetantur
1745 5332 1804 5386 in
1849 5334 2022 5391 rebus

307 5422 595 5491 terrenis;
623 5438 730 5477 nos
753 5425 950 5477 autem
974 5419 1074 5490 qui
1109 5423 1268 5474 tanta
1298 5435 1398 5489 spe
1431 5421 1591 5492 digni
1615 5437 1824 5477 sumus
1857 5422 2017 5478 habi-

312 5514 376 5580 ti,
411 5514 699 5584 quomodo
733 5529 838 5568 000
870 5512 1138 5568 laetamur
1161 5515 1437 5583 perpetuo
1463 5512 1490 5567 ?
1516 5529 1647 5569 cum
1681 5513 1849 5570 nobis
1884 5519 2024 5587 Apo-

313 5602 501 5660 stolus
557 5603 819 5670 suadeat,
870 5606 934 5656 ut
984 5617 1210 5672 semper
1239 5599 1521 5674 laetemur,
1554 5607 1610 5659 et
1663 5603 1720 5659 in
1754 5605 2028 5660 omnibus

313 5692 532 5767 gratias
593 5692 899 5764 agamus(I
930 5691 1102 5748 Thess.
1137 5689 1213 5764 v).
1249 5692 1386 5759 Quis
1417 5698 1610 5751 autem
1641 5692 1848 5754 dixerit
1895 5697 2028 5768 ejus

2133 4703 2318 4772 tiacae,
2374 4720 2506 4758 cum
2566 4703 2645 4758 eis
2696 4721 2798 4759 nos
2856 4703 3177 4772 dimittens,
3224 4704 3401 4773 jussit
3459 4705 3540 4758 eis
3604 4719 3673 4758 ne
3724 4722 3828 4760 nos

2132 4794 2295 4864 prius
2346 4793 2740 4863 relinquerent
2797 4808 2973 4863 quam
3020 4792 3387 4847 satisfactum
3437 4799 3586 4848 esset
3636 4796 3834 4848 nostro

2130 4885 2514 4940 videndorum
2572 4885 2806 4940 Patrum
2848 4883 3343 4953 desideriozquos
3375 4883 3424 4938 si
3492 4883 3622 4953 quis
3664 4883 3835 4939 vellet

2133 4990 2337 5031 omnes
2369 4973 2581 5044 videre,
2614 4976 2680 5030 ad
2704 4991 2800 5030 eos
2833 4973 3194 5046 aspiciendos
3235 4977 3352 5030 tota
3381 4973 3498 5030 vita
3528 4991 3644 5029 non
3668 4973 3834 5029 sufï¬-

2133 5069 2308 5122 ceret.
2342 5065 2486 5120 Cum
2527 5064 2694 5120 nobis
2743 5081 2878 5135 ergo
2906 5064 3316 5134 benedixisset,
3366 5063 3721 5129 amandavit,
3746 5063 3834 5117 di-

2134 5170 2271 5209 cens
2301 5170 2313 5209 :
2338 5155 2643 5210 Benedicat
2664 5171 2762 5209 vos
2785 5154 3062 5210 Dominus
3077 5170 3144 5209 ex
3171 5155 3306 5210 Sion
3339 5153 3655 5210 etvideatis
3682 5153 3835 5208 bona

2132 5245 2451 5302 Jerusalem
2485 5243 2760 5300 omnibus
2793 5244 3136 5300 diebusvitae
3162 5250 3356 5300 vestras
3391 5245 3566 5314 (Î¡Î´á½·Î¹á½·.
3598 5240 3832 5311 cxxvn).

2206 5337 2331 5393 Non
2372 5341 2563 5392 autem
2619 5337 3064 5393 ambulantibus
3119 5337 3357 5393 meridie
3418 5351 3518 5406 per
3566 5332 3838 5388 solitudi-

2137 5442 2288 5496 nem,
2346 5427 2604 5482 videmus
2663 5431 2908 5482 tractum
2955 5427 3150 5497 magni
3203 5423 3492 5492 draconis,
3552 5423 3652 5492 qui
3707 5425 3835 5477 tan-

2135 5531 2310 5586 quam
2342 5515 2533 5571 trahes
2566 5521 2688 5571 erat
2713 5519 3034 5588 protractus
3068 5531 3166 5586 per
3191 5528 3462 5568 arenam:
3497 5528 3669 5583 quem
3704 5527 3836 5566 cum

2136 5606 2510 5674 vidissemus,
2545 5622 2651 5661 nos
2711 5623 2956 5678 magnus
3010 5605 3182 5658 timor
3221 5602 3455 5660 invasit.
3488 5602 3594 5667 Qui
3643 5606 3835 5657 autem

2139 5712 2246 5754 nos
2299 5697 2590 5754 ducebant
2645 5696 2874 5766 fratres,
2924 5690 3131 5750 hortati
3181 5695 3318 5749 sunt
3370 5707 3442 5748 ne
3481 5694 3840 5753 timeremus,
