  <div class='ocr_page' id='page_1' title='image "/cluster/home/n/w/nwhite01/storage/ocr_20150623/34/mdp.39015041165401/643.png"; bbox 0 0 4074 6278; ppageno 0'>
   <div class='ocr_carea' id='block_1_1' title="bbox 319 356 470 420">
    <p class='ocr_par' dir='ltr' id='par_1_1' title="bbox 319 356 470 420">
     <span class='ocr_line' id='line_1_1' title="bbox 319 356 470 420; baseline -0.013 0"><span class='ocrx_word' id='word_1_1' title='bbox 319 356 470 420; x_wconf 76' lang='grc'><strong>1151</strong></span> 
     </span>
    </p>
   </div>
   <div class='ocr_carea' id='block_1_2' title="bbox 1894 344 2257 408">
    <p class='ocr_par' dir='ltr' id='par_1_2' title="bbox 1894 344 2257 408">
     <span class='ocr_line' id='line_1_2' title="bbox 1894 344 2257 408; baseline 0 -3"><span class='ocrx_word' id='word_1_2' title='bbox 1894 344 2257 408; x_wconf 84' lang='lat' dir='ltr'><strong>PALLADII</strong></span> 
     </span>
    </p>
   </div>
   <div class='ocr_carea' id='block_1_3' title="bbox 3675 318 3853 411">
    <p class='ocr_par' dir='ltr' id='par_1_3' title="bbox 3675 318 3853 411">
     <span class='ocr_line' id='line_1_3' title="bbox 3675 318 3853 411; baseline 0.011 -2"><span class='ocrx_word' id='word_1_3' title='bbox 3675 318 3853 411; x_wconf 63' lang='lat' dir='ltr'><strong>tisi</strong></span> 
     </span>
    </p>
   </div>
   <div class='ocr_carea' id='block_1_4' title="bbox 317 479 3847 557">
    <p class='ocr_par' dir='ltr' id='par_1_4' title="bbox 317 479 3847 557">
     <span class='ocr_line' id='line_1_4' title="bbox 317 479 3847 557; baseline -0.001 -7"><span class='ocrx_word' id='word_1_4' title='bbox 317 494 417 550; x_wconf 90' lang='lat' dir='ltr'><strong>sed</strong></span> <span class='ocrx_word' id='word_1_5' title='bbox 465 507 728 549; x_wconf 79' lang='lat' dir='ltr'><strong>essemus</strong></span> <span class='ocrx_word' id='word_1_6' title='bbox 773 490 921 545; x_wconf 88' lang='lat' dir='ltr'><strong>bono</strong></span> <span class='ocrx_word' id='word_1_7' title='bbox 967 486 1181 553; x_wconf 87' lang='lat' dir='ltr'><strong>animo,</strong></span> <span class='ocrx_word' id='word_1_8' title='bbox 1229 489 1285 541; x_wconf 93' lang='lat' dir='ltr'><strong>et</strong></span> <span class='ocrx_word' id='word_1_9' title='bbox 1328 498 1705 555; x_wconf 80' lang='lat' dir='ltr'><strong>sequeremur</strong></span> <span class='ocrx_word' id='word_1_10' title='bbox 1746 483 2014 539; x_wconf 85' lang='lat' dir='ltr'><strong>draconis</strong></span> <span class='ocrx_word' id='word_1_11' title='bbox 2045 483 2097 550; x_wconf 80' lang='grc' dir='ltr'><strong>Α</strong></span> <span class='ocrx_word' id='word_1_12' title='bbox 2128 482 2371 550; x_wconf 84' lang='lat' dir='ltr'><strong>dimisit,</strong></span> <span class='ocrx_word' id='word_1_13' title='bbox 2407 485 2467 536; x_wconf 93' lang='lat' dir='ltr'><strong>ut</strong></span> <span class='ocrx_word' id='word_1_14' title='bbox 2523 480 2623 551; x_wconf 88' lang='lat' dir='ltr'><strong>qui</strong></span> <span class='ocrx_word' id='word_1_15' title='bbox 2676 479 2760 535; x_wconf 90' lang='lat' dir='ltr'><strong>eis</strong></span> <span class='ocrx_word' id='word_1_16' title='bbox 2810 479 3046 536; x_wconf 78' lang='lat' dir='ltr'><strong>tristitia</strong></span> <span class='ocrx_word' id='word_1_17' title='bbox 3101 483 3322 539; x_wconf 79' lang='lat' dir='ltr'><strong>affectis</strong></span> <span class='ocrx_word' id='word_1_18' title='bbox 3381 485 3524 540; x_wconf 90' lang='lat' dir='ltr'><strong>nihil</strong></span> <span class='ocrx_word' id='word_1_19' title='bbox 3558 490 3847 557; x_wconf 82' lang='lat' dir='ltr'><strong>prodesse</strong></span> 
     </span>
    </p>
   </div>
   <div class='ocr_carea' id='block_1_5' title="bbox 321 572 2016 653">
    <p class='ocr_par' dir='ltr' id='par_1_5' title="bbox 321 572 2016 653">
     <span class='ocr_line' id='line_1_5' title="bbox 321 572 2016 653; baseline -0.008 -15"><span class='ocrx_word' id='word_1_20' title='bbox 321 583 631 653; x_wconf 82' lang='lat' dir='ltr'><strong>vestigium</strong></span> <span class='ocrx_word' id='word_1_21' title='bbox 669 597 681 636; x_wconf 90' lang='lat'>:</span> <span class='ocrx_word' id='word_1_22' title='bbox 718 578 1003 634; x_wconf 88' lang='lat' dir='ltr'><strong>Videbitis</strong></span> <span class='ocrx_word' id='word_1_23' title='bbox 1036 577 1188 630; x_wconf 86' lang='lat' dir='ltr'><strong>enim</strong></span> <span class='ocrx_word' id='word_1_24' title='bbox 1234 575 1407 630; x_wconf 83' lang='lat' dir='ltr'><strong>fidem</strong></span> <span class='ocrx_word' id='word_1_25' title='bbox 1442 577 1719 640; x_wconf 87' lang='lat' dir='ltr'><strong>nostram,</strong></span> <span class='ocrx_word' id='word_1_26' title='bbox 1745 588 1874 627; x_wconf 91' lang='lat' dir='ltr'><strong>cum</strong></span> <span class='ocrx_word' id='word_1_27' title='bbox 1908 572 2016 643; x_wconf 92' lang='lat' dir='ltr'><strong>ipsi</strong></span> 
     </span>
    </p>
   </div>
   <div class='ocr_carea' id='block_1_6' title="bbox 322 660 2014 737">
    <p class='ocr_par' dir='ltr' id='par_1_6' title="bbox 322 660 2014 737">
     <span class='ocr_line' id='line_1_6' title="bbox 322 660 2014 737; baseline -0.008 -10"><span class='ocrx_word' id='word_1_28' title='bbox 322 673 503 727; x_wconf 87' lang='lat' dir='ltr'><strong>simus</strong></span> <span class='ocrx_word' id='word_1_29' title='bbox 562 686 695 725; x_wconf 90' lang='lat' dir='ltr'><strong>eum</strong></span> <span class='ocrx_word' id='word_1_30' title='bbox 732 685 923 737; x_wconf 38' lang='lat' dir='ltr'><strong>.manu</strong></span> <span class='ocrx_word' id='word_1_31' title='bbox 966 674 1160 721; x_wconf 88' lang='lat' dir='ltr'><strong>nostra</strong></span> <span class='ocrx_word' id='word_1_32' title='bbox 1185 663 1533 734; x_wconf 81' lang='lat' dir='ltr'><strong>superaturi.</strong></span> <span class='ocrx_word' id='word_1_33' title='bbox 1568 662 1802 727; x_wconf 89' lang='lat' dir='ltr'><strong>Multos,</strong></span> <span class='ocrx_word' id='word_1_34' title='bbox 1838 660 2014 728; x_wconf 90' lang='lat' dir='ltr'><strong>enim,</strong></span> 
     </span>
    </p>
   </div>
   <div class='ocr_carea' id='block_1_7' title="bbox 323 751 2014 833">
    <p class='ocr_par' dir='ltr' id='par_1_7' title="bbox 323 751 2014 833">
     <span class='ocr_line' id='line_1_7' title="bbox 323 751 2014 833; baseline -0.008 -16"><span class='ocrx_word' id='word_1_35' title='bbox 323 762 620 833; x_wconf 82' lang='lat' dir='ltr'><strong>inquiunt,</strong></span> <span class='ocrx_word' id='word_1_36' title='bbox 664 763 719 814; x_wconf 89' lang='lat' dir='ltr'><strong>et</strong></span> <span class='ocrx_word' id='word_1_37' title='bbox 781 760 1061 813; x_wconf 85' lang='lat' dir='ltr'><strong>dracones</strong></span> <span class='ocrx_word' id='word_1_38' title='bbox 1104 760 1159 809; x_wconf 91' lang='lat' dir='ltr'><strong>et</strong></span> <span class='ocrx_word' id='word_1_39' title='bbox 1208 757 1451 809; x_wconf 80' lang='lat' dir='ltr'><strong>cerastas</strong></span> <span class='ocrx_word' id='word_1_40' title='bbox 1498 769 1675 806; x_wconf 88' lang='lat' dir='ltr'><strong>manu</strong></span> <span class='ocrx_word' id='word_1_41' title='bbox 1725 751 2014 807; x_wconf 89' lang='lat' dir='ltr'><strong>interfeci-</strong></span> 
     </span>
    </p>
   </div>
   <div class='ocr_carea' id='block_1_8' title="bbox 321 840 2015 918">
    <p class='ocr_par' dir='ltr' id='par_1_8' title="bbox 321 840 2015 918">
     <span class='ocr_line' id='line_1_8' title="bbox 321 840 2015 918; baseline -0.009 -10"><span class='ocrx_word' id='word_1_42' title='bbox 321 869 474 918; x_wconf 90' lang='lat' dir='ltr'><strong>mus,</strong></span> <span class='ocrx_word' id='word_1_43' title='bbox 512 851 660 906; x_wconf 81' lang='lat' dir='ltr'><strong>sicut</strong></span> <span class='ocrx_word' id='word_1_44' title='bbox 692 848 997 917; x_wconf 91' lang='lat' dir='ltr'><strong>scriptum,</strong></span> <span class='ocrx_word' id='word_1_45' title='bbox 1032 849 1137 900; x_wconf 92' lang='lat' dir='ltr'><strong>est.</strong></span> <span class='ocrx_word' id='word_1_46' title='bbox 1176 845 1237 898; x_wconf 87' lang='lat' dir='ltr'><strong>In</strong></span> <span class='ocrx_word' id='word_1_47' title='bbox 1260 844 1343 898; x_wconf 90' lang='lat' dir='ltr'><strong>eis</strong></span> <span class='ocrx_word' id='word_1_48' title='bbox 1373 844 1526 897; x_wconf 91' lang='lat' dir='ltr'><strong>enim</strong></span> <span class='ocrx_word' id='word_1_49' title='bbox 1560 841 1911 913; x_wconf 88' lang='lat' dir='ltr'><strong>implebatur</strong></span> <span class='ocrx_word' id='word_1_50' title='bbox 1942 840 2015 893; x_wconf 90' lang='lat' dir='ltr'><strong>il—</strong></span> 
     </span>
    </p>
   </div>
   <div class='ocr_carea' id='block_1_9' title="bbox 318 930 2017 1007">
    <p class='ocr_par' dir='ltr' id='par_1_9' title="bbox 318 930 2017 1007">
     <span class='ocr_line' id='line_1_9' title="bbox 318 930 2017 1007; baseline -0.008 -10"><span class='ocrx_word' id='word_1_51' title='bbox 318 943 417 996; x_wconf 91' lang='lat' dir='ltr'><strong>lud</strong></span> <span class='ocrx_word' id='word_1_52' title='bbox 454 957 467 995; x_wconf 86' lang='lat'><strong>:</strong></span> <span class='ocrx_word' id='word_1_53' title='bbox 502 940 644 996; x_wconf 92' lang='lat' dir='ltr'><strong>Dedi</strong></span> <span class='ocrx_word' id='word_1_54' title='bbox 693 936 855 992; x_wconf 86' lang='lat' dir='ltr'><strong>vobis</strong></span> <span class='ocrx_word' id='word_1_55' title='bbox 918 938 1260 1007; x_wconf 85' lang='lat' dir='ltr'><strong>potestatem</strong></span> <span class='ocrx_word' id='word_1_56' title='bbox 1312 930 1653 987; x_wconf 85' lang='lat' dir='ltr'><strong>ambulandi</strong></span> <span class='ocrx_word' id='word_1_57' title='bbox 1686 948 1861 1001; x_wconf 89' lang='lat' dir='ltr'><strong>super</strong></span> <span class='ocrx_word' id='word_1_58' title='bbox 1892 946 2017 984; x_wconf 81' lang='lat' dir='ltr'><strong>ser-</strong></span> 
     </span>
    </p>
   </div>
   <div class='ocr_carea' id='block_1_10' title="bbox 316 1021 2013 1100">
    <p class='ocr_par' dir='ltr' id='par_1_10' title="bbox 316 1021 2013 1100">
     <span class='ocr_line' id='line_1_10' title="bbox 316 1021 2013 1100; baseline -0.007 -16"><span class='ocrx_word' id='word_1_59' title='bbox 316 1032 520 1100; x_wconf 87' lang='lat' dir='ltr'><strong>pentes</strong></span> <span class='ocrx_word' id='word_1_60' title='bbox 572 1030 629 1081; x_wconf 87' lang='lat' dir='ltr'><strong>et</strong></span> <span class='ocrx_word' id='word_1_61' title='bbox 698 1024 1057 1095; x_wconf 87' lang='lat' dir='ltr'><strong>scorpiones,</strong></span> <span class='ocrx_word' id='word_1_62' title='bbox 1093 1026 1149 1076; x_wconf 93' lang='lat' dir='ltr'><strong>et</strong></span> <span class='ocrx_word' id='word_1_63' title='bbox 1189 1036 1366 1091; x_wconf 90' lang='lat' dir='ltr'><strong>super</strong></span> <span class='ocrx_word' id='word_1_64' title='bbox 1395 1035 1627 1075; x_wconf 91' lang='lat' dir='ltr'><strong>omnem</strong></span> <span class='ocrx_word' id='word_1_65' title='bbox 1672 1021 2013 1090; x_wconf 86' lang='lat' dir='ltr'><strong>potestatem</strong></span> 
     </span>
    </p>
   </div>
   <div class='ocr_carea' id='block_1_11' title="bbox 316 1109 2018 1187">
    <p class='ocr_par' dir='ltr' id='par_1_11' title="bbox 316 1109 2018 1187">
     <span class='ocr_line' id='line_1_11' title="bbox 316 1109 2018 1187; baseline -0.005 -16"><span class='ocrx_word' id='word_1_66' title='bbox 316 1117 538 1173; x_wconf 91' lang='lat' dir='ltr'><strong>inimici</strong></span> <span class='ocrx_word' id='word_1_67' title='bbox 579 1116 766 1187; x_wconf 69' lang='lat' dir='ltr'><strong>(Luca?</strong></span> <span class='ocrx_word' id='word_1_68' title='bbox 797 1115 874 1184; x_wconf 69' lang='grc' dir='ltr'><strong>χ).</strong></span> <span class='ocrx_word' id='word_1_69' title='bbox 909 1114 1024 1169; x_wconf 90' lang='lat' dir='ltr'><strong>Nos</strong></span> <span class='ocrx_word' id='word_1_70' title='bbox 1066 1115 1257 1167; x_wconf 90' lang='lat' dir='ltr'><strong>autem</strong></span> <span class='ocrx_word' id='word_1_71' title='bbox 1317 1109 1416 1181; x_wconf 88' lang='lat' dir='ltr'><strong>qui</strong></span> <span class='ocrx_word' id='word_1_72' title='bbox 1474 1110 1804 1165; x_wconf 82' lang='lat' dir='ltr'><strong>ferebamur</strong></span> <span class='ocrx_word' id='word_1_73' title='bbox 1831 1109 2018 1163; x_wconf 89' lang='lat' dir='ltr'><strong>incre-</strong></span> 
     </span>
    </p>
   </div>
   <div class='ocr_carea' id='block_1_12' title="bbox 316 1197 2012 1276">
    <p class='ocr_par' dir='ltr' id='par_1_12' title="bbox 316 1197 2012 1276">
     <span class='ocr_line' id='line_1_12' title="bbox 316 1197 2012 1276; baseline -0.006 -15"><span class='ocrx_word' id='word_1_74' title='bbox 316 1206 581 1275; x_wconf 89' lang='lat' dir='ltr'><strong>dulitate,</strong></span> <span class='ocrx_word' id='word_1_75' title='bbox 613 1215 667 1261; x_wconf 89' lang='lat' dir='ltr'><strong>et</strong></span> <span class='ocrx_word' id='word_1_76' title='bbox 722 1206 822 1276; x_wconf 92' lang='lat' dir='ltr'><strong>qui</strong></span> <span class='ocrx_word' id='word_1_77' title='bbox 878 1202 1083 1272; x_wconf 87' lang='lat' dir='ltr'><strong>majori</strong></span> <span class='ocrx_word' id='word_1_78' title='bbox 1144 1217 1376 1257; x_wconf 87' lang='lat' dir='ltr'><strong>eramus</strong></span> <span class='ocrx_word' id='word_1_79' title='bbox 1438 1200 1622 1255; x_wconf 74' lang='lat' dir='ltr'><strong>effecti</strong></span> <span class='ocrx_word' id='word_1_80' title='bbox 1686 1197 2012 1265; x_wconf 84' lang='lat' dir='ltr'><strong>formidine,</strong></span> 
     </span>
    </p>
   </div>
   <div class='ocr_carea' id='block_1_13' title="bbox 314 1288 2011 1367">
    <p class='ocr_par' dir='ltr' id='par_1_13' title="bbox 314 1288 2011 1367">
     <span class='ocr_line' id='line_1_13' title="bbox 314 1288 2011 1367; baseline -0.007 -14"><span class='ocrx_word' id='word_1_81' title='bbox 314 1297 662 1367; x_wconf 84' lang='lat' dir='ltr'><strong>rogabamus</strong></span> <span class='ocrx_word' id='word_1_82' title='bbox 693 1311 791 1350; x_wconf 93' lang='lat' dir='ltr'><strong>eos</strong></span> <span class='ocrx_word' id='word_1_83' title='bbox 818 1309 887 1349; x_wconf 89' lang='lat' dir='ltr'><strong>ne</strong></span> <span class='ocrx_word' id='word_1_84' title='bbox 921 1293 1141 1348; x_wconf 88' lang='lat' dir='ltr'><strong>iremus</strong></span> <span class='ocrx_word' id='word_1_85' title='bbox 1177 1307 1277 1362; x_wconf 91' lang='lat' dir='ltr'><strong>per</strong></span> <span class='ocrx_word' id='word_1_86' title='bbox 1316 1290 1558 1361; x_wconf 86' lang='lat' dir='ltr'><strong>vestigia</strong></span> <span class='ocrx_word' id='word_1_87' title='bbox 1590 1289 1881 1357; x_wconf 84' lang='lat' dir='ltr'><strong>draconis,</strong></span> <span class='ocrx_word' id='word_1_88' title='bbox 1911 1288 2011 1343; x_wconf 92' lang='lat' dir='ltr'><strong>sed</strong></span> 
     </span>
    </p>
   </div>
   <div class='ocr_carea' id='block_1_14' title="bbox 314 1378 2016 1449">
    <p class='ocr_par' dir='ltr' id='par_1_14' title="bbox 314 1378 2016 1449">
     <span class='ocr_line' id='line_1_14' title="bbox 314 1378 2016 1449; baseline -0.006 -8"><span class='ocrx_word' id='word_1_89' title='bbox 314 1390 473 1442; x_wconf 90' lang='lat' dir='ltr'><strong>recta</strong></span> <span class='ocrx_word' id='word_1_90' title='bbox 502 1386 615 1441; x_wconf 89' lang='lat' dir='ltr'><strong>via.</strong></span> <span class='ocrx_word' id='word_1_91' title='bbox 650 1384 815 1439; x_wconf 92' lang='lat' dir='ltr'><strong>Unus</strong></span> <span class='ocrx_word' id='word_1_92' title='bbox 846 1386 1037 1437; x_wconf 89' lang='lat' dir='ltr'><strong>autem</strong></span> <span class='ocrx_word' id='word_1_93' title='bbox 1092 1382 1266 1435; x_wconf 84' lang='lat' dir='ltr'><strong>frater</strong></span> <span class='ocrx_word' id='word_1_94' title='bbox 1308 1397 1375 1435; x_wconf 88' lang='lat' dir='ltr'><strong>ex</strong></span> <span class='ocrx_word' id='word_1_95' title='bbox 1415 1380 1576 1449; x_wconf 91' lang='lat' dir='ltr'><strong>ipsis,</strong></span> <span class='ocrx_word' id='word_1_96' title='bbox 1601 1395 1807 1448; x_wconf 85' lang='lat' dir='ltr'><strong>magna</strong></span> <span class='ocrx_word' id='word_1_97' title='bbox 1838 1378 2016 1432; x_wconf 89' lang='lat' dir='ltr'><strong>animi</strong></span> 
     </span>
    </p>
   </div>
   <div class='ocr_carea' id='block_1_15' title="bbox 315 1468 2015 1540">
    <p class='ocr_par' dir='ltr' id='par_1_15' title="bbox 315 1468 2015 1540">
     <span class='ocr_line' id='line_1_15' title="bbox 315 1468 2015 1540; baseline -0.005 -9"><span class='ocrx_word' id='word_1_98' title='bbox 315 1475 632 1540; x_wconf 90' lang='lat' dir='ltr'><strong>alacritate,</strong></span> <span class='ocrx_word' id='word_1_99' title='bbox 664 1490 797 1528; x_wconf 90' lang='lat' dir='ltr'><strong>eum</strong></span> <span class='ocrx_word' id='word_1_100' title='bbox 822 1488 928 1527; x_wconf 91' lang='lat' dir='ltr'><strong>nos</strong></span> <span class='ocrx_word' id='word_1_101' title='bbox 961 1488 1026 1527; x_wconf 93' lang='lat' dir='ltr'><strong>eo</strong></span> <span class='ocrx_word' id='word_1_102' title='bbox 1058 1471 1113 1524; x_wconf 91' lang='lat' dir='ltr'><strong>in</strong></span> <span class='ocrx_word' id='word_1_103' title='bbox 1168 1470 1291 1525; x_wconf 88' lang='lat' dir='ltr'><strong>loco</strong></span> <span class='ocrx_word' id='word_1_104' title='bbox 1350 1468 1691 1536; x_wconf 91' lang='lat' dir='ltr'><strong>dimisisset,</strong></span> <span class='ocrx_word' id='word_1_105' title='bbox 1724 1468 2015 1538; x_wconf 84' lang='lat' dir='ltr'><strong>profectus</strong></span> 
     </span>
    </p>
   </div>
   <div class='ocr_carea' id='block_1_16' title="bbox 314 1557 2013 1632">
    <p class='ocr_par' dir='ltr' id='par_1_16' title="bbox 314 1557 2013 1632">
     <span class='ocr_line' id='line_1_16' title="bbox 314 1557 2013 1632; baseline -0.005 -12"><span class='ocrx_word' id='word_1_106' title='bbox 314 1570 404 1620; x_wconf 89' lang='lat' dir='ltr'><strong>est</strong></span> <span class='ocrx_word' id='word_1_107' title='bbox 436 1566 494 1619; x_wconf 91' lang='lat' dir='ltr'><strong>in</strong></span> <span class='ocrx_word' id='word_1_108' title='bbox 527 1564 902 1619; x_wconf 87' lang='lat' dir='ltr'><strong>solitudinem</strong></span> <span class='ocrx_word' id='word_1_109' title='bbox 938 1576 1203 1632; x_wconf 74' lang='lat' dir='ltr'><strong>quaerens</strong></span> <span class='ocrx_word' id='word_1_110' title='bbox 1252 1557 1528 1613; x_wconf 91' lang='lat' dir='ltr'><strong>belluam.</strong></span> <span class='ocrx_word' id='word_1_111' title='bbox 1562 1557 1744 1620; x_wconf 81' lang='lat' dir='ltr'><strong>Quam</strong></span> <span class='ocrx_word' id='word_1_112' title='bbox 1768 1573 1899 1610; x_wconf 86' lang='lat' dir='ltr'><strong>eum</strong></span> <span class='ocrx_word' id='word_1_113' title='bbox 1933 1557 2013 1611; x_wconf 88' lang='lat' dir='ltr'><strong>in-</strong></span> 
     </span>
    </p>
   </div>
   <div class='ocr_carea' id='block_1_17' title="bbox 312 1647 2012 1724">
    <p class='ocr_par' dir='ltr' id='par_1_17' title="bbox 312 1647 2012 1724">
     <span class='ocr_line' id='line_1_17' title="bbox 312 1647 2012 1724; baseline -0.006 -13"><span class='ocrx_word' id='word_1_114' title='bbox 312 1656 588 1722; x_wconf 87' lang='lat' dir='ltr'><strong>venisset,</strong></span> <span class='ocrx_word' id='word_1_115' title='bbox 622 1671 736 1709; x_wconf 91' lang='lat' dir='ltr'><strong>non</strong></span> <span class='ocrx_word' id='word_1_116' title='bbox 796 1650 991 1724; x_wconf 90' lang='lat' dir='ltr'><strong>procul</strong></span> <span class='ocrx_word' id='word_1_117' title='bbox 1045 1650 1116 1705; x_wconf 91' lang='lat' dir='ltr'><strong>ab</strong></span> <span class='ocrx_word' id='word_1_118' title='bbox 1170 1654 1357 1713; x_wconf 88' lang='lat' dir='ltr'><strong>antro,</strong></span> <span class='ocrx_word' id='word_1_119' title='bbox 1401 1664 1609 1718; x_wconf 86' lang='lat' dir='ltr'><strong>magna</strong></span> <span class='ocrx_word' id='word_1_120' title='bbox 1657 1662 1791 1702; x_wconf 91' lang='lat' dir='ltr'><strong>voce</strong></span> <span class='ocrx_word' id='word_1_121' title='bbox 1824 1647 2012 1702; x_wconf 85' lang='lat' dir='ltr'><strong>excla-</strong></span> 
     </span>
    </p>
   </div>
   <div class='ocr_carea' id='block_1_18' title="bbox 316 1736 2011 1809">
    <p class='ocr_par' dir='ltr' id='par_1_18' title="bbox 316 1736 2011 1809">
     <span class='ocr_line' id='line_1_18' title="bbox 316 1736 2011 1809; baseline -0.006 -8"><span class='ocrx_word' id='word_1_122' title='bbox 316 1746 515 1801; x_wconf 90' lang='lat' dir='ltr'><strong>mabat</strong></span> <span class='ocrx_word' id='word_1_123' title='bbox 546 1745 853 1798; x_wconf 88' lang='lat' dir='ltr'><strong>draconem</strong></span> <span class='ocrx_word' id='word_1_124' title='bbox 878 1757 1004 1797; x_wconf 89' lang='lat' dir='ltr'><strong>esse</strong></span> <span class='ocrx_word' id='word_1_125' title='bbox 1038 1741 1095 1794; x_wconf 91' lang='lat' dir='ltr'><strong>in</strong></span> <span class='ocrx_word' id='word_1_126' title='bbox 1129 1739 1440 1809; x_wconf 87' lang='lat' dir='ltr'><strong>spelunca;</strong></span> <span class='ocrx_word' id='word_1_127' title='bbox 1475 1741 1530 1791; x_wconf 88' lang='lat' dir='ltr'><strong>et</strong></span> <span class='ocrx_word' id='word_1_128' title='bbox 1562 1736 1800 1791; x_wconf 87' lang='lat' dir='ltr'><strong>vocabat</strong></span> <span class='ocrx_word' id='word_1_129' title='bbox 1832 1736 2011 1807; x_wconf 90' lang='lat' dir='ltr'><strong>ipsos,</strong></span> 
     </span>
    </p>
   </div>
   <div class='ocr_carea' id='block_1_19' title="bbox 313 1829 2015 1899">
    <p class='ocr_par' dir='ltr' id='par_1_19' title="bbox 313 1829 2015 1899">
     <span class='ocr_line' id='line_1_19' title="bbox 313 1829 2015 1899; baseline -0.007 -8"><span class='ocrx_word' id='word_1_130' title='bbox 313 1840 379 1891; x_wconf 90' lang='lat' dir='ltr'><strong>ut</strong></span> <span class='ocrx_word' id='word_1_131' title='bbox 411 1836 477 1889; x_wconf 90' lang='lat' dir='ltr'><strong>ad</strong></span> <span class='ocrx_word' id='word_1_132' title='bbox 514 1849 574 1889; x_wconf 90' lang='lat' dir='ltr'><strong>se</strong></span> <span class='ocrx_word' id='word_1_133' title='bbox 605 1832 872 1889; x_wconf 85' lang='lat' dir='ltr'><strong>venirent</strong></span> <span class='ocrx_word' id='word_1_134' title='bbox 905 1829 1079 1885; x_wconf 87' lang='lat' dir='ltr'><strong>visuri</strong></span> <span class='ocrx_word' id='word_1_135' title='bbox 1115 1829 1253 1899; x_wconf 89' lang='lat' dir='ltr'><strong>quid</strong></span> <span class='ocrx_word' id='word_1_136' title='bbox 1315 1832 1469 1882; x_wconf 86' lang='lat' dir='ltr'><strong>esset</strong></span> <span class='ocrx_word' id='word_1_137' title='bbox 1526 1831 1868 1883; x_wconf 88' lang='lat' dir='ltr'><strong>eventurum</strong></span> <span class='ocrx_word' id='word_1_138' title='bbox 1904 1843 1919 1894; x_wconf 90' lang='lat'><strong>;</strong></span> <span class='ocrx_word' id='word_1_139' title='bbox 1960 1829 2015 1880; x_wconf 90' lang='lat' dir='ltr'><strong>et</strong></span> 
     </span>
    </p>
   </div>
   <div class='ocr_carea' id='block_1_20' title="bbox 314 1918 2015 1984">
    <p class='ocr_par' dir='ltr' id='par_1_20' title="bbox 314 1918 2015 1984">
     <span class='ocr_line' id='line_1_20' title="bbox 314 1918 2015 1984; baseline -0.007 -3"><span class='ocrx_word' id='word_1_140' title='bbox 314 1924 681 1981; x_wconf 86' lang='lat' dir='ltr'><strong>hortantibus</strong></span> <span class='ocrx_word' id='word_1_141' title='bbox 732 1938 836 1976; x_wconf 92' lang='lat' dir='ltr'><strong>nos</strong></span> <span class='ocrx_word' id='word_1_142' title='bbox 895 1919 1024 1975; x_wconf 88' lang='lat' dir='ltr'><strong>aliis</strong></span> <span class='ocrx_word' id='word_1_143' title='bbox 1070 1920 1346 1973; x_wconf 87' lang='lat' dir='ltr'><strong>fratribus</strong></span> <span class='ocrx_word' id='word_1_144' title='bbox 1388 1935 1459 1972; x_wconf 89' lang='lat' dir='ltr'><strong>ne</strong></span> <span class='ocrx_word' id='word_1_145' title='bbox 1490 1918 1855 1984; x_wconf 88' lang='lat' dir='ltr'><strong>timeremus,</strong></span> <span class='ocrx_word' id='word_1_146' title='bbox 1883 1933 2015 1970; x_wconf 90' lang='lat' dir='ltr'><strong>cum</strong></span> 
     </span>
    </p>
   </div>
   <div class='ocr_carea' id='block_1_21' title="bbox 314 2006 2017 2085">
    <p class='ocr_par' dir='ltr' id='par_1_21' title="bbox 314 2006 2017 2085">
     <span class='ocr_line' id='line_1_21' title="bbox 314 2006 2017 2085; baseline -0.007 -15"><span class='ocrx_word' id='word_1_147' title='bbox 314 2030 524 2085; x_wconf 86' lang='lat' dir='ltr'><strong>magno</strong></span> <span class='ocrx_word' id='word_1_148' title='bbox 584 2016 739 2068; x_wconf 91' lang='lat' dir='ltr'><strong>metu</strong></span> <span class='ocrx_word' id='word_1_149' title='bbox 800 2010 1053 2065; x_wconf 86' lang='lat' dir='ltr'><strong>abiimus</strong></span> <span class='ocrx_word' id='word_1_150' title='bbox 1097 2008 1274 2063; x_wconf 87' lang='lat' dir='ltr'><strong>visuri</strong></span> <span class='ocrx_word' id='word_1_151' title='bbox 1309 2006 1791 2062; x_wconf 88' lang='lat' dir='ltr'><strong>belluam.Nobis</strong></span> <span class='ocrx_word' id='word_1_152' title='bbox 1822 2009 2017 2060; x_wconf 91' lang='lat' dir='ltr'><strong>autem</strong></span> 
     </span>
    </p>
   </div>
   <div class='ocr_carea' id='block_1_22' title="bbox 316 2100 2019 2175">
    <p class='ocr_par' dir='ltr' id='par_1_22' title="bbox 316 2100 2019 2175">
     <span class='ocr_line' id='line_1_22' title="bbox 316 2100 2019 2175; baseline -0.006 -16"><span class='ocrx_word' id='word_1_153' title='bbox 316 2110 550 2175; x_wconf 89' lang='lat' dir='ltr'><strong>repente</strong></span> <span class='ocrx_word' id='word_1_154' title='bbox 600 2117 912 2157; x_wconf 86' lang='lat' dir='ltr'><strong>occurrens</strong></span> <span class='ocrx_word' id='word_1_155' title='bbox 994 2100 1171 2153; x_wconf 89' lang='lat' dir='ltr'><strong>frater</strong></span> <span class='ocrx_word' id='word_1_156' title='bbox 1236 2114 1405 2166; x_wconf 82' lang='lat' dir='ltr'><strong>unus,</strong></span> <span class='ocrx_word' id='word_1_157' title='bbox 1471 2113 1648 2151; x_wconf 88' lang='lat' dir='ltr'><strong>manu</strong></span> <span class='ocrx_word' id='word_1_158' title='bbox 1719 2112 1822 2150; x_wconf 92' lang='lat' dir='ltr'><strong>nos</strong></span> <span class='ocrx_word' id='word_1_159' title='bbox 1897 2100 2019 2149; x_wconf 88' lang='lat' dir='ltr'><strong>tra-</strong></span> 
     </span>
    </p>
   </div>
   <div class='ocr_carea' id='block_1_23' title="bbox 315 2188 2021 2256">
    <p class='ocr_par' dir='ltr' id='par_1_23' title="bbox 315 2188 2021 2256">
     <span class='ocr_line' id='line_1_23' title="bbox 315 2188 2021 2256; baseline -0.005 -8"><span class='ocrx_word' id='word_1_160' title='bbox 315 2195 395 2248; x_wconf 81' lang='lat' dir='ltr'><strong>xit</strong></span> <span class='ocrx_word' id='word_1_161' title='bbox 436 2195 494 2248; x_wconf 91' lang='lat' dir='ltr'><strong>in</strong></span> <span class='ocrx_word' id='word_1_162' title='bbox 545 2210 717 2248; x_wconf 90' lang='lat' dir='ltr'><strong>suum</strong></span> <span class='ocrx_word' id='word_1_163' title='bbox 780 2190 1229 2255; x_wconf 83' lang='lat' dir='ltr'><strong>monasterium,</strong></span> <span class='ocrx_word' id='word_1_164' title='bbox 1263 2188 1460 2243; x_wconf 90' lang='lat' dir='ltr'><strong>dicens</strong></span> <span class='ocrx_word' id='word_1_165' title='bbox 1518 2204 1624 2241; x_wconf 91' lang='lat' dir='ltr'><strong>nos</strong></span> <span class='ocrx_word' id='word_1_166' title='bbox 1684 2202 1799 2241; x_wconf 90' lang='lat' dir='ltr'><strong>non</strong></span> <span class='ocrx_word' id='word_1_167' title='bbox 1852 2200 2021 2256; x_wconf 88' lang='lat' dir='ltr'><strong>posse</strong></span> 
     </span>
    </p>
   </div>
   <div class='ocr_carea' id='block_1_24' title="bbox 320 2274 2026 2354">
    <p class='ocr_par' dir='ltr' id='par_1_24' title="bbox 320 2274 2026 2354">
     <span class='ocr_line' id='line_1_24' title="bbox 320 2274 2026 2354; baseline -0.006 -15"><span class='ocrx_word' id='word_1_168' title='bbox 320 2286 467 2339; x_wconf 90' lang='lat' dir='ltr'><strong>ferre</strong></span> <span class='ocrx_word' id='word_1_169' title='bbox 498 2284 780 2354; x_wconf 88' lang='lat' dir='ltr'><strong>impetum</strong></span> <span class='ocrx_word' id='word_1_170' title='bbox 813 2280 1043 2347; x_wconf 55' lang='lat' dir='ltr'><strong>bellua),</strong></span> <span class='ocrx_word' id='word_1_171' title='bbox 1076 2288 1126 2333; x_wconf 91' lang='lat' dir='ltr'><strong>et</strong></span> <span class='ocrx_word' id='word_1_172' title='bbox 1159 2278 1411 2333; x_wconf 85' lang='lat' dir='ltr'><strong>maxime</strong></span> <span class='ocrx_word' id='word_1_173' title='bbox 1468 2278 1617 2348; x_wconf 92' lang='lat' dir='ltr'><strong>quod</strong></span> <span class='ocrx_word' id='word_1_174' title='bbox 1652 2276 1910 2330; x_wconf 90' lang='lat' dir='ltr'><strong>nondum</strong></span> <span class='ocrx_word' id='word_1_175' title='bbox 1944 2274 2026 2329; x_wconf 87' lang='lat' dir='ltr'><strong>vi-</strong></span> 
     </span>
    </p>
   </div>
   <div class='ocr_carea' id='block_1_25' title="bbox 323 2366 2021 2443">
    <p class='ocr_par' dir='ltr' id='par_1_25' title="bbox 323 2366 2021 2443">
     <span class='ocr_line' id='line_1_25' title="bbox 323 2366 2021 2443; baseline -0.006 -14"><span class='ocrx_word' id='word_1_176' title='bbox 323 2374 615 2429; x_wconf 89' lang='lat' dir='ltr'><strong>dissemus</strong></span> <span class='ocrx_word' id='word_1_177' title='bbox 638 2372 833 2439; x_wconf 89' lang='lat' dir='ltr'><strong>talem,</strong></span> <span class='ocrx_word' id='word_1_178' title='bbox 856 2386 928 2443; x_wconf 46' lang='lat' dir='ltr'><strong>,se</strong></span> <span class='ocrx_word' id='word_1_179' title='bbox 952 2386 1080 2425; x_wconf 90' lang='lat' dir='ltr'><strong>vero</strong></span> <span class='ocrx_word' id='word_1_180' title='bbox 1112 2384 1266 2439; x_wconf 85' lang='lat' dir='ltr'><strong>saepe</strong></span> <span class='ocrx_word' id='word_1_181' title='bbox 1288 2368 1507 2423; x_wconf 90' lang='lat' dir='ltr'><strong>vidisse</strong></span> <span class='ocrx_word' id='word_1_182' title='bbox 1546 2369 1735 2438; x_wconf 85' lang='lat' dir='ltr'><strong>ipsam</strong></span> <span class='ocrx_word' id='word_1_183' title='bbox 1764 2366 2021 2421; x_wconf 89' lang='lat' dir='ltr'><strong>belluam</strong></span> 
     </span>
    </p>
   </div>
   <div class='ocr_carea' id='block_1_26' title="bbox 321 2457 2024 2532">
    <p class='ocr_par' dir='ltr' id='par_1_26' title="bbox 321 2457 2024 2532">
     <span class='ocr_line' id='line_1_26' title="bbox 321 2457 2024 2532; baseline -0.005 -13"><span class='ocrx_word' id='word_1_184' title='bbox 321 2469 440 2519; x_wconf 89' lang='lat' dir='ltr'><strong>tam</strong></span> <span class='ocrx_word' id='word_1_185' title='bbox 472 2466 633 2517; x_wconf 87' lang='lat' dir='ltr'><strong>vasta</strong></span> <span class='ocrx_word' id='word_1_186' title='bbox 664 2460 1089 2532; x_wconf 80' lang='lat' dir='ltr'><strong>magnitudine,</strong></span> <span class='ocrx_word' id='word_1_187' title='bbox 1126 2462 1188 2513; x_wconf 91' lang='lat' dir='ltr'><strong>ut</strong></span> <span class='ocrx_word' id='word_1_188' title='bbox 1220 2476 1345 2529; x_wconf 76' lang='lat' dir='ltr'><strong>qua:</strong></span> <span class='ocrx_word' id='word_1_189' title='bbox 1379 2458 1453 2513; x_wconf 88' lang='lat' dir='ltr'><strong>sit</strong></span> <span class='ocrx_word' id='word_1_190' title='bbox 1486 2457 1615 2528; x_wconf 90' lang='lat' dir='ltr'><strong>plus</strong></span> <span class='ocrx_word' id='word_1_191' title='bbox 1648 2472 1824 2528; x_wconf 90' lang='lat' dir='ltr'><strong>quam</strong></span> <span class='ocrx_word' id='word_1_192' title='bbox 1855 2458 2024 2526; x_wconf 90' lang='lat' dir='ltr'><strong>quin-</strong></span> 
     </span>
    </p>
   </div>
   <div class='ocr_carea' id='block_1_27' title="bbox 318 2546 2021 2618">
    <p class='ocr_par' dir='ltr' id='par_1_27' title="bbox 318 2546 2021 2618">
     <span class='ocr_line' id='line_1_27' title="bbox 318 2546 2021 2618; baseline -0.005 -10"><span class='ocrx_word' id='word_1_193' title='bbox 318 2554 507 2608; x_wconf 88' lang='lat' dir='ltr'><strong>decim</strong></span> <span class='ocrx_word' id='word_1_194' title='bbox 538 2552 885 2606; x_wconf 89' lang='lat' dir='ltr'><strong>cubitorum.</strong></span> <span class='ocrx_word' id='word_1_195' title='bbox 920 2552 1065 2605; x_wconf 88' lang='lat' dir='ltr'><strong>Cum</strong></span> <span class='ocrx_word' id='word_1_196' title='bbox 1092 2566 1197 2602; x_wconf 90' lang='lat' dir='ltr'><strong>nos</strong></span> <span class='ocrx_word' id='word_1_197' title='bbox 1229 2564 1360 2618; x_wconf 88' lang='lat' dir='ltr'><strong>ergo</strong></span> <span class='ocrx_word' id='word_1_198' title='bbox 1389 2547 1661 2617; x_wconf 89' lang='lat' dir='ltr'><strong>jussisset</strong></span> <span class='ocrx_word' id='word_1_199' title='bbox 1694 2562 1923 2600; x_wconf 90' lang='lat' dir='ltr'><strong>manere</strong></span> <span class='ocrx_word' id='word_1_200' title='bbox 1963 2546 2021 2599; x_wconf 92' lang='lat' dir='ltr'><strong>in</strong></span> 
     </span>
    </p>
   </div>
   <div class='ocr_carea' id='block_1_28' title="bbox 313 2636 2025 2705">
    <p class='ocr_par' dir='ltr' id='par_1_28' title="bbox 313 2636 2025 2705">
     <span class='ocr_line' id='line_1_28' title="bbox 313 2636 2025 2705; baseline -0.004 -11"><span class='ocrx_word' id='word_1_201' title='bbox 313 2642 459 2705; x_wconf 92' lang='lat' dir='ltr'><strong>loco,</strong></span> <span class='ocrx_word' id='word_1_202' title='bbox 492 2640 630 2694; x_wconf 90' lang='lat' dir='ltr'><strong>abiit</strong></span> <span class='ocrx_word' id='word_1_203' title='bbox 661 2639 733 2693; x_wconf 92' lang='lat' dir='ltr'><strong>ad</strong></span> <span class='ocrx_word' id='word_1_204' title='bbox 765 2639 1021 2703; x_wconf 85' lang='lat' dir='ltr'><strong>fratrem,</strong></span> <span class='ocrx_word' id='word_1_205' title='bbox 1054 2638 1251 2691; x_wconf 89' lang='lat' dir='ltr'><strong>dicens</strong></span> <span class='ocrx_word' id='word_1_206' title='bbox 1302 2637 1351 2690; x_wconf 91' lang='lat' dir='ltr'><strong>ei</strong></span> <span class='ocrx_word' id='word_1_207' title='bbox 1403 2640 1465 2689; x_wconf 91' lang='lat' dir='ltr'><strong>ut</strong></span> <span class='ocrx_word' id='word_1_208' title='bbox 1515 2636 1801 2689; x_wconf 87' lang='lat' dir='ltr'><strong>recederet</strong></span> <span class='ocrx_word' id='word_1_209' title='bbox 1845 2651 1878 2688; x_wconf 90' lang='lat' dir='ltr'><strong>a</strong></span> <span class='ocrx_word' id='word_1_210' title='bbox 1926 2649 2025 2688; x_wconf 86' lang='lat' dir='ltr'><strong>ca-</strong></span> 
     </span>
    </p>
   </div>
   <div class='ocr_carea' id='block_1_29' title="bbox 312 2723 2019 2796">
    <p class='ocr_par' dir='ltr' id='par_1_29' title="bbox 312 2723 2019 2796">
     <span class='ocr_line' id='line_1_29' title="bbox 312 2723 2019 2796; baseline -0.005 -11"><span class='ocrx_word' id='word_1_211' title='bbox 312 2746 533 2796; x_wconf 88' lang='lat' dir='ltr'><strong>verna;</strong></span> <span class='ocrx_word' id='word_1_212' title='bbox 568 2728 890 2782; x_wconf 86' lang='lat' dir='ltr'><strong>conabatur</strong></span> <span class='ocrx_word' id='word_1_213' title='bbox 947 2726 1103 2779; x_wconf 92' lang='lat' dir='ltr'><strong>enim</strong></span> <span class='ocrx_word' id='word_1_214' title='bbox 1163 2725 1260 2779; x_wconf 89' lang='lat' dir='ltr'><strong>ille</strong></span> <span class='ocrx_word' id='word_1_215' title='bbox 1306 2742 1338 2778; x_wconf 92' lang='lat' dir='ltr'><strong>a</strong></span> <span class='ocrx_word' id='word_1_216' title='bbox 1380 2724 1503 2779; x_wconf 89' lang='lat' dir='ltr'><strong>loco</strong></span> <span class='ocrx_word' id='word_1_217' title='bbox 1558 2740 1671 2777; x_wconf 90' lang='lat' dir='ltr'><strong>non</strong></span> <span class='ocrx_word' id='word_1_218' title='bbox 1735 2723 2019 2793; x_wconf 90' lang='lat' dir='ltr'><strong>recedere,</strong></span> 
     </span>
    </p>
   </div>
   <div class='ocr_carea' id='block_1_30' title="bbox 311 2812 2021 2891">
    <p class='ocr_par' dir='ltr' id='par_1_30' title="bbox 311 2812 2021 2891">
     <span class='ocr_line' id='line_1_30' title="bbox 311 2812 2021 2891; baseline -0.003 -19"><span class='ocrx_word' id='word_1_219' title='bbox 311 2819 655 2891; x_wconf 82' lang='lat' dir='ltr'><strong>priusquam</strong></span> <span class='ocrx_word' id='word_1_220' title='bbox 691 2815 1078 2870; x_wconf 84' lang='lat' dir='ltr'><strong>interfecisset</strong></span> <span class='ocrx_word' id='word_1_221' title='bbox 1111 2814 1443 2869; x_wconf 89' lang='lat' dir='ltr'><strong>draconem.</strong></span> <span class='ocrx_word' id='word_1_222' title='bbox 1479 2812 1581 2867; x_wconf 86' lang='lat' dir='ltr'><strong>Cui</strong></span> <span class='ocrx_word' id='word_1_223' title='bbox 1614 2828 1743 2867; x_wconf 93' lang='lat' dir='ltr'><strong>cum</strong></span> <span class='ocrx_word' id='word_1_224' title='bbox 1777 2828 2021 2882; x_wconf 90' lang='lat' dir='ltr'><strong>persua-</strong></span> 
     </span>
    </p>
   </div>
   <div class='ocr_carea' id='block_1_31' title="bbox 314 2903 2019 2975">
    <p class='ocr_par' dir='ltr' id='par_1_31' title="bbox 314 2903 2019 2975">
     <span class='ocr_line' id='line_1_31' title="bbox 314 2903 2019 2975; baseline -0.004 -12"><span class='ocrx_word' id='word_1_225' title='bbox 314 2909 506 2975; x_wconf 80' lang='lat' dir='ltr'><strong>sisset,</strong></span> <span class='ocrx_word' id='word_1_226' title='bbox 539 2923 669 2962; x_wconf 89' lang='lat' dir='ltr'><strong>eum</strong></span> <span class='ocrx_word' id='word_1_227' title='bbox 704 2903 866 2960; x_wconf 91' lang='lat' dir='ltr'><strong>ducit</strong></span> <span class='ocrx_word' id='word_1_228' title='bbox 897 2905 966 2959; x_wconf 91' lang='lat' dir='ltr'><strong>ad</strong></span> <span class='ocrx_word' id='word_1_229' title='bbox 1003 2921 1107 2959; x_wconf 91' lang='lat' dir='ltr'><strong>nos</strong></span> <span class='ocrx_word' id='word_1_230' title='bbox 1138 2903 1535 2974; x_wconf 86' lang='lat' dir='ltr'><strong>increpantem</strong></span> <span class='ocrx_word' id='word_1_231' title='bbox 1587 2903 1876 2958; x_wconf 88' lang='lat' dir='ltr'><strong>modicam</strong></span> <span class='ocrx_word' id='word_1_232' title='bbox 1919 2919 2019 2957; x_wconf 86' lang='lat' dir='ltr'><strong>no-</strong></span> 
     </span>
    </p>
   </div>
   <div class='ocr_carea' id='block_1_32' title="bbox 314 2992 2019 3065">
    <p class='ocr_par' dir='ltr' id='par_1_32' title="bbox 314 2992 2019 3065">
     <span class='ocr_line' id='line_1_32' title="bbox 314 2992 2019 3065; baseline -0.005 -11"><span class='ocrx_word' id='word_1_233' title='bbox 314 3003 493 3054; x_wconf 89' lang='lat' dir='ltr'><strong>stram</strong></span> <span class='ocrx_word' id='word_1_234' title='bbox 530 2998 722 3053; x_wconf 87' lang='lat' dir='ltr'><strong>fidem.</strong></span> <span class='ocrx_word' id='word_1_235' title='bbox 747 2995 1118 3061; x_wconf 86' lang='lat' dir='ltr'><strong>Quiescentes</strong></span> <span class='ocrx_word' id='word_1_236' title='bbox 1150 2998 1344 3050; x_wconf 90' lang='lat' dir='ltr'><strong>autem</strong></span> <span class='ocrx_word' id='word_1_237' title='bbox 1378 2995 1528 3065; x_wconf 86' lang='lat' dir='ltr'><strong>apud</strong></span> <span class='ocrx_word' id='word_1_238' title='bbox 1563 2992 1727 3048; x_wconf 92' lang='lat' dir='ltr'><strong>illum</strong></span> <span class='ocrx_word' id='word_1_239' title='bbox 1761 2993 2019 3062; x_wconf 89' lang='lat' dir='ltr'><strong>fratrem,</strong></span> 
     </span>
    </p>
   </div>
   <div class='ocr_carea' id='block_1_33' title="bbox 313 3083 2019 3161">
    <p class='ocr_par' dir='ltr' id='par_1_33' title="bbox 313 3083 2019 3161">
     <span class='ocr_line' id='line_1_33' title="bbox 313 3083 2019 3161; baseline -0.002 -18"><span class='ocrx_word' id='word_1_240' title='bbox 313 3090 411 3161; x_wconf 90' lang='lat' dir='ltr'><strong>qui</strong></span> <span class='ocrx_word' id='word_1_241' title='bbox 433 3089 663 3146; x_wconf 86' lang='lat' dir='ltr'><strong>circiter</strong></span> <span class='ocrx_word' id='word_1_242' title='bbox 692 3086 940 3143; x_wconf 90' lang='lat' dir='ltr'><strong>milliare</strong></span> <span class='ocrx_word' id='word_1_243' title='bbox 973 3090 1257 3143; x_wconf 89' lang='lat' dir='ltr'><strong>remotum</strong></span> <span class='ocrx_word' id='word_1_244' title='bbox 1293 3085 1544 3141; x_wconf 78' lang='lat' dir='ltr'><strong>habebat</strong></span> <span class='ocrx_word' id='word_1_245' title='bbox 1584 3083 2019 3155; x_wconf 88' lang='lat' dir='ltr'><strong>monasterium,</strong></span> 
     </span>
    </p>
   </div>
   <div class='ocr_carea' id='block_1_34' title="bbox 314 3179 942 3235">
    <p class='ocr_par' dir='ltr' id='par_1_34' title="bbox 314 3179 942 3235">
     <span class='ocr_line' id='line_1_34' title="bbox 314 3179 942 3235; baseline -0.003 0"><span class='ocrx_word' id='word_1_246' title='bbox 314 3180 455 3235; x_wconf 87' lang='lat' dir='ltr'><strong>satis</strong></span> <span class='ocrx_word' id='word_1_247' title='bbox 489 3179 685 3235; x_wconf 89' lang='lat' dir='ltr'><strong>refecti</strong></span> <span class='ocrx_word' id='word_1_248' title='bbox 716 3194 942 3235; x_wconf 89' lang='lat' dir='ltr'><strong>sumus.</strong></span> 
     </span>
    </p>
   </div>
   <div class='ocr_carea' id='block_1_35' title="bbox 954 3267 1376 3325">
    <p class='ocr_par' dir='ltr' id='par_1_35' title="bbox 954 3267 1376 3325">
     <span class='ocr_line' id='line_1_35' title="bbox 954 3267 1376 3325; baseline 0.005 -2"><span class='ocrx_word' id='word_1_249' title='bbox 954 3267 1187 3323; x_wconf 89' lang='lat' dir='ltr'>CAPUT</span> <span class='ocrx_word' id='word_1_250' title='bbox 1229 3268 1376 3325; x_wconf 86' lang='lat' dir='ltr'><strong>LIII.</strong></span> 
     </span>
    </p>
   </div>
   <div class='ocr_carea' id='block_1_36' title="bbox 872 3358 1474 3415">
    <p class='ocr_par' dir='ltr' id='par_1_36' title="bbox 872 3358 1474 3415">
     <span class='ocr_line' id='line_1_36' title="bbox 872 3358 1474 3415; baseline -0.003 -1"><span class='ocrx_word' id='word_1_251' title='bbox 872 3360 992 3415; x_wconf 81' lang='lat' dir='ltr'><strong>Vita</strong></span> <span class='ocrx_word' id='word_1_252' title='bbox 1032 3358 1244 3413; x_wconf 74' lang='lat' dir='ltr'><strong>abbatis</strong></span> <span class='ocrx_word' id='word_1_253' title='bbox 1277 3360 1474 3412; x_wconf 79' lang='lat' dir='ltr'><strong>Aman.</strong></span> 
     </span>
    </p>
   </div>
   <div class='ocr_carea' id='block_1_37' title="bbox 390 3445 2025 3524">
    <p class='ocr_par' dir='ltr' id='par_1_37' title="bbox 390 3445 2025 3524">
     <span class='ocr_line' id='line_1_37' title="bbox 390 3445 2025 3524; baseline 0.006 -26"><span class='ocrx_word' id='word_1_254' title='bbox 390 3445 489 3499; x_wconf 91' lang='lat' dir='ltr'><strong>Ille</strong></span> <span class='ocrx_word' id='word_1_255' title='bbox 521 3449 713 3501; x_wconf 91' lang='lat' dir='ltr'><strong>autem</strong></span> <span class='ocrx_word' id='word_1_256' title='bbox 758 3447 926 3501; x_wconf 91' lang='lat' dir='ltr'><strong>nobis</strong></span> <span class='ocrx_word' id='word_1_257' title='bbox 968 3446 1261 3513; x_wconf 88' lang='lat' dir='ltr'><strong>narrabat,</strong></span> <span class='ocrx_word' id='word_1_258' title='bbox 1294 3446 1351 3499; x_wconf 91' lang='lat' dir='ltr'><strong>in</strong></span> <span class='ocrx_word' id='word_1_259' title='bbox 1384 3446 1481 3501; x_wconf 92' lang='lat' dir='ltr'><strong>illo</strong></span> <span class='ocrx_word' id='word_1_260' title='bbox 1512 3447 1634 3503; x_wconf 89' lang='lat' dir='ltr'><strong>loco</strong></span> <span class='ocrx_word' id='word_1_261' title='bbox 1668 3450 1724 3504; x_wconf 90' lang='lat' dir='ltr'><strong>in</strong></span> <span class='ocrx_word' id='word_1_262' title='bbox 1756 3468 1869 3521; x_wconf 90' lang='lat' dir='ltr'><strong>quo</strong></span> <span class='ocrx_word' id='word_1_263' title='bbox 1902 3452 2025 3524; x_wconf 92' lang='lat' dir='ltr'><strong>ipse</strong></span> 
     </span>
    </p>
   </div>
   <div class='ocr_carea' id='block_1_38' title="bbox 314 3533 2025 3608">
    <p class='ocr_par' dir='ltr' id='par_1_38' title="bbox 314 3533 2025 3608">
     <span class='ocr_line' id='line_1_38' title="bbox 314 3533 2025 3608; baseline 0.004 -20"><span class='ocrx_word' id='word_1_264' title='bbox 314 3534 574 3599; x_wconf 85' lang='lat' dir='ltr'><strong>sedebat,</strong></span> <span class='ocrx_word' id='word_1_265' title='bbox 608 3533 788 3587; x_wconf 89' lang='lat' dir='ltr'><strong>fuisse</strong></span> <span class='ocrx_word' id='word_1_266' title='bbox 836 3534 1026 3587; x_wconf 89' lang='lat' dir='ltr'><strong>virum</strong></span> <span class='ocrx_word' id='word_1_267' title='bbox 1078 3537 1361 3599; x_wconf 88' lang='lat' dir='ltr'><strong>sanctam,</strong></span> <span class='ocrx_word' id='word_1_268' title='bbox 1396 3538 1565 3605; x_wconf 87' lang='lat' dir='ltr'><strong>cujus</strong></span> <span class='ocrx_word' id='word_1_269' title='bbox 1624 3539 1747 3608; x_wconf 89' lang='lat' dir='ltr'><strong>ipse</strong></span> <span class='ocrx_word' id='word_1_270' title='bbox 1789 3541 1897 3594; x_wconf 87' lang='lat' dir='ltr'><strong>fuit</strong></span> <span class='ocrx_word' id='word_1_271' title='bbox 1930 3543 2025 3595; x_wconf 89' lang='lat' dir='ltr'><strong>di-</strong></span> 
     </span>
    </p>
   </div>
   <div class='ocr_carea' id='block_1_39' title="bbox 313 3620 2022 3694">
    <p class='ocr_par' dir='ltr' id='par_1_39' title="bbox 313 3620 2022 3694">
     <span class='ocr_line' id='line_1_39' title="bbox 313 3620 2022 3694; baseline 0.006 -18"><span class='ocrx_word' id='word_1_272' title='bbox 313 3621 591 3689; x_wconf 89' lang='lat' dir='ltr'><strong>scipulus.</strong></span> <span class='ocrx_word' id='word_1_273' title='bbox 628 3620 864 3676; x_wconf 91' lang='lat' dir='ltr'><strong>nomine</strong></span> <span class='ocrx_word' id='word_1_274' title='bbox 922 3621 1117 3676; x_wconf 87' lang='lat' dir='ltr'><strong>Amun</strong></span> <span class='ocrx_word' id='word_1_275' title='bbox 1170 3622 1357 3692; x_wconf 48' lang='lat' dir='ltr'><strong>(Buff,</strong></span> <span class='ocrx_word' id='word_1_276' title='bbox 1395 3622 1433 3676; x_wconf 86' lang='grc' dir='ltr'><strong>ι.</strong></span> <span class='ocrx_word' id='word_1_277' title='bbox 1499 3640 1557 3686; x_wconf 87' lang='lat' dir='ltr'><strong>II,</strong></span> <span class='ocrx_word' id='word_1_278' title='bbox 1592 3642 1717 3694; x_wconf 88' lang='lat' dir='ltr'><strong>cap.</strong></span> <span class='ocrx_word' id='word_1_279' title='bbox 1775 3629 1808 3682; x_wconf 91' lang='lat'>8</span> <span class='ocrx_word' id='word_1_280' title='bbox 1866 3641 2022 3687; x_wconf 84' lang='lat' dir='ltr'><strong>vocat</strong></span> 
     </span>
    </p>
   </div>
   <div class='ocr_carea' id='block_1_40' title="bbox 311 3710 2019 3789">
    <p class='ocr_par' dir='ltr' id='par_1_40' title="bbox 311 3710 2019 3789">
     <span class='ocr_line' id='line_1_40' title="bbox 311 3710 2019 3789; baseline 0.008 -23"><span class='ocrx_word' id='word_1_281' title='bbox 311 3710 912 3782; x_wconf 84' lang='lat' dir='ltr'><strong>Ammonem),quiillo</strong></span> <span class='ocrx_word' id='word_1_282' title='bbox 944 3711 1068 3767; x_wconf 93' lang='lat' dir='ltr'><strong>loco</strong></span> <span class='ocrx_word' id='word_1_283' title='bbox 1113 3711 1391 3782; x_wconf 89' lang='lat' dir='ltr'><strong>plurimas</strong></span> <span class='ocrx_word' id='word_1_284' title='bbox 1444 3714 1570 3769; x_wconf 85' lang='lat' dir='ltr'><strong>fecit</strong></span> <span class='ocrx_word' id='word_1_285' title='bbox 1629 3716 1867 3775; x_wconf 89' lang='lat' dir='ltr'><strong>virtutes</strong></span> <span class='ocrx_word' id='word_1_286' title='bbox 1902 3738 1914 3789; x_wconf 90' lang='lat'><strong>;</strong></span> <span class='ocrx_word' id='word_1_287' title='bbox 1949 3726 2019 3779; x_wconf 87' lang='lat' dir='ltr'><strong>ad</strong></span> 
     </span>
    </p>
   </div>
   <div class='ocr_carea' id='block_1_41' title="bbox 310 3800 2019 3882">
    <p class='ocr_par' dir='ltr' id='par_1_41' title="bbox 310 3800 2019 3882">
     <span class='ocr_line' id='line_1_41' title="bbox 310 3800 2019 3882; baseline 0.006 -26"><span class='ocrx_word' id='word_1_288' title='bbox 310 3818 484 3874; x_wconf 89' lang='lat' dir='ltr'><strong>quem</strong></span> <span class='ocrx_word' id='word_1_289' title='bbox 517 3818 669 3873; x_wconf 61' lang='lat' dir='ltr'><strong>saepe</strong></span> <span class='ocrx_word' id='word_1_290' title='bbox 698 3800 948 3858; x_wconf 86' lang='lat' dir='ltr'><strong>latrones</strong></span> <span class='ocrx_word' id='word_1_291' title='bbox 998 3803 1319 3870; x_wconf 90' lang='lat' dir='ltr'><strong>venientes,</strong></span> <span class='ocrx_word' id='word_1_292' title='bbox 1349 3803 1712 3876; x_wconf 84' lang='lat' dir='ltr'><strong>accipiebant</strong></span> <span class='ocrx_word' id='word_1_293' title='bbox 1759 3809 1883 3878; x_wconf 88' lang='lat' dir='ltr'><strong>ejus</strong></span> <span class='ocrx_word' id='word_1_294' title='bbox 1914 3829 2019 3882; x_wconf 87' lang='lat' dir='ltr'><strong>pa-</strong></span> 
     </span>
    </p>
   </div>
   <div class='ocr_carea' id='block_1_42' title="bbox 306 3892 2017 3964">
    <p class='ocr_par' dir='ltr' id='par_1_42' title="bbox 306 3892 2017 3964">
     <span class='ocr_line' id='line_1_42' title="bbox 306 3892 2017 3964; baseline 0.006 -18"><span class='ocrx_word' id='word_1_295' title='bbox 306 3908 437 3948; x_wconf 92' lang='lat' dir='ltr'><strong>nem</strong></span> <span class='ocrx_word' id='word_1_296' title='bbox 474 3897 530 3947; x_wconf 91' lang='lat' dir='ltr'><strong>et</strong></span> <span class='ocrx_word' id='word_1_297' title='bbox 560 3892 855 3948; x_wconf 83' lang='lat' dir='ltr'><strong>alimenta.</strong></span> <span class='ocrx_word' id='word_1_298' title='bbox 890 3893 1022 3949; x_wconf 76' lang='lat' dir='ltr'><strong>Haec</strong></span> <span class='ocrx_word' id='word_1_299' title='bbox 1074 3909 1206 3961; x_wconf 79' lang='lat' dir='ltr'><strong>ergo</strong></span> <span class='ocrx_word' id='word_1_300' title='bbox 1266 3910 1415 3964; x_wconf 67' lang='lat' dir='ltr'><strong>aegre</strong></span> <span class='ocrx_word' id='word_1_301' title='bbox 1477 3895 1689 3964; x_wconf 82' lang='lat' dir='ltr'><strong>ferens,</strong></span> <span class='ocrx_word' id='word_1_302' title='bbox 1732 3914 1864 3954; x_wconf 91' lang='lat' dir='ltr'><strong>cum</strong></span> <span class='ocrx_word' id='word_1_303' title='bbox 1903 3918 2017 3958; x_wconf 92' lang='lat' dir='ltr'><strong>uno</strong></span> 
     </span>
    </p>
   </div>
   <div class='ocr_carea' id='block_1_43' title="bbox 308 3983 2014 4055">
    <p class='ocr_par' dir='ltr' id='par_1_43' title="bbox 308 3983 2014 4055">
     <span class='ocr_line' id='line_1_43' title="bbox 308 3983 2014 4055; baseline 0.006 -18"><span class='ocrx_word' id='word_1_304' title='bbox 308 3983 397 4038; x_wconf 88' lang='lat' dir='ltr'><strong>die</strong></span> <span class='ocrx_word' id='word_1_305' title='bbox 428 3999 698 4055; x_wconf 88' lang='lat' dir='ltr'><strong>egressus</strong></span> <span class='ocrx_word' id='word_1_306' title='bbox 758 3990 912 4041; x_wconf 86' lang='lat' dir='ltr'><strong>esset</strong></span> <span class='ocrx_word' id='word_1_307' title='bbox 952 3984 1009 4038; x_wconf 90' lang='lat' dir='ltr'><strong>in</strong></span> <span class='ocrx_word' id='word_1_308' title='bbox 1070 3983 1475 4055; x_wconf 84' lang='lat' dir='ltr'><strong>solitudinem,</strong></span> <span class='ocrx_word' id='word_1_309' title='bbox 1519 3988 1760 4044; x_wconf 87' lang='lat' dir='ltr'><strong>adduxit</strong></span> <span class='ocrx_word' id='word_1_310' title='bbox 1816 4008 2014 4047; x_wconf 89' lang='lat' dir='ltr'><strong>secum</strong></span> 
     </span>
    </p>
   </div>
   <div class='ocr_carea' id='block_1_44' title="bbox 308 4073 2013 4145">
    <p class='ocr_par' dir='ltr' id='par_1_44' title="bbox 308 4073 2013 4145">
     <span class='ocr_line' id='line_1_44' title="bbox 308 4073 2013 4145; baseline 0.006 -18"><span class='ocrx_word' id='word_1_311' title='bbox 308 4073 456 4129; x_wconf 88' lang='lat' dir='ltr'><strong>duos</strong></span> <span class='ocrx_word' id='word_1_312' title='bbox 489 4090 730 4145; x_wconf 84' lang='lat' dir='ltr'><strong>magnos</strong></span> <span class='ocrx_word' id='word_1_313' title='bbox 783 4075 1089 4142; x_wconf 87' lang='lat' dir='ltr'><strong>dracones,</strong></span> <span class='ocrx_word' id='word_1_314' title='bbox 1122 4077 1176 4127; x_wconf 93' lang='lat' dir='ltr'><strong>et</strong></span> <span class='ocrx_word' id='word_1_315' title='bbox 1220 4074 1399 4143; x_wconf 87' lang='lat' dir='ltr'><strong>jussit</strong></span> <span class='ocrx_word' id='word_1_316' title='bbox 1454 4074 1539 4130; x_wconf 92' lang='lat' dir='ltr'><strong>eis</strong></span> <span class='ocrx_word' id='word_1_317' title='bbox 1587 4081 1649 4131; x_wconf 89' lang='lat' dir='ltr'><strong>ut</strong></span> <span class='ocrx_word' id='word_1_318' title='bbox 1702 4079 1759 4133; x_wconf 89' lang='lat' dir='ltr'><strong>in</strong></span> <span class='ocrx_word' id='word_1_319' title='bbox 1792 4097 1856 4135; x_wconf 92' lang='lat' dir='ltr'><strong>eo</strong></span> <span class='ocrx_word' id='word_1_320' title='bbox 1890 4081 2013 4137; x_wconf 91' lang='lat' dir='ltr'><strong>loco</strong></span> 
     </span>
    </p>
   </div>
   <div class='ocr_carea' id='block_1_45' title="bbox 309 4164 2012 4235">
    <p class='ocr_par' dir='ltr' id='par_1_45' title="bbox 309 4164 2012 4235">
     <span class='ocr_line' id='line_1_45' title="bbox 309 4164 2012 4235; baseline 0.006 -18"><span class='ocrx_word' id='word_1_321' title='bbox 309 4168 630 4232; x_wconf 90' lang='lat' dir='ltr'><strong>manerent,</strong></span> <span class='ocrx_word' id='word_1_322' title='bbox 666 4169 721 4218; x_wconf 93' lang='lat' dir='ltr'><strong>et</strong></span> <span class='ocrx_word' id='word_1_323' title='bbox 780 4168 1008 4235; x_wconf 90' lang='lat' dir='ltr'><strong>portam</strong></span> <span class='ocrx_word' id='word_1_324' title='bbox 1063 4164 1445 4219; x_wconf 88' lang='lat' dir='ltr'><strong>custodirent.</strong></span> <span class='ocrx_word' id='word_1_325' title='bbox 1482 4164 1791 4224; x_wconf 72' lang='lat' dir='ltr'><strong>Homicida:</strong></span> <span class='ocrx_word' id='word_1_326' title='bbox 1819 4176 2012 4227; x_wconf 88' lang='lat' dir='ltr'><strong>autem</strong></span> 
     </span>
    </p>
   </div>
   <div class='ocr_carea' id='block_1_46' title="bbox 306 4252 2011 4329">
    <p class='ocr_par' dir='ltr' id='par_1_46' title="bbox 306 4252 2011 4329">
     <span class='ocr_line' id='line_1_46' title="bbox 306 4252 2011 4329; baseline 0.004 -19"><span class='ocrx_word' id='word_1_327' title='bbox 306 4270 435 4310; x_wconf 89' lang='lat' dir='ltr'><strong>cum</strong></span> <span class='ocrx_word' id='word_1_328' title='bbox 483 4271 583 4324; x_wconf 91' lang='lat' dir='ltr'><strong>pro</strong></span> <span class='ocrx_word' id='word_1_329' title='bbox 648 4269 803 4309; x_wconf 90' lang='lat' dir='ltr'><strong>more</strong></span> <span class='ocrx_word' id='word_1_330' title='bbox 860 4253 1179 4319; x_wconf 90' lang='lat' dir='ltr'><strong>venissent,</strong></span> <span class='ocrx_word' id='word_1_331' title='bbox 1211 4257 1267 4307; x_wconf 92' lang='lat' dir='ltr'><strong>et</strong></span> <span class='ocrx_word' id='word_1_332' title='bbox 1318 4252 1599 4312; x_wconf 82' lang='lat' dir='ltr'><strong>vidissent</strong></span> <span class='ocrx_word' id='word_1_333' title='bbox 1639 4258 2011 4329; x_wconf 89' lang='lat' dir='ltr'><strong>miraculum,</strong></span> 
     </span>
    </p>
   </div>
   <div class='ocr_carea' id='block_1_47' title="bbox 308 4344 2013 4420">
    <p class='ocr_par' dir='ltr' id='par_1_47' title="bbox 308 4344 2013 4420">
     <span class='ocr_line' id='line_1_47' title="bbox 308 4344 2013 4420; baseline 0.006 -22"><span class='ocrx_word' id='word_1_334' title='bbox 308 4362 425 4416; x_wconf 81' lang='lat' dir='ltr'><strong>prae</strong></span> <span class='ocrx_word' id='word_1_335' title='bbox 460 4349 726 4413; x_wconf 88' lang='lat' dir='ltr'><strong>stupores</strong></span> <span class='ocrx_word' id='word_1_336' title='bbox 759 4344 986 4400; x_wconf 89' lang='lat' dir='ltr'><strong>hiantes</strong></span> <span class='ocrx_word' id='word_1_337' title='bbox 1018 4344 1431 4400; x_wconf 91' lang='lat' dir='ltr'><strong>cecideruntin</strong></span> <span class='ocrx_word' id='word_1_338' title='bbox 1475 4346 1696 4402; x_wconf 88' lang='lat' dir='ltr'><strong>faciem.</strong></span> <span class='ocrx_word' id='word_1_339' title='bbox 1732 4352 2013 4420; x_wconf 84' lang='lat' dir='ltr'><strong>Egressus</strong></span> 
     </span>
    </p>
   </div>
   <div class='ocr_carea' id='block_1_48' title="bbox 311 4430 2012 4506">
    <p class='ocr_par' dir='ltr' id='par_1_48' title="bbox 311 4430 2012 4506">
     <span class='ocr_line' id='line_1_48' title="bbox 311 4430 2012 4506; baseline 0.005 -18"><span class='ocrx_word' id='word_1_340' title='bbox 311 4436 497 4489; x_wconf 89' lang='lat' dir='ltr'><strong>autem</strong></span> <span class='ocrx_word' id='word_1_341' title='bbox 530 4430 749 4487; x_wconf 89' lang='lat' dir='ltr'><strong>invenit</strong></span> <span class='ocrx_word' id='word_1_342' title='bbox 804 4448 903 4486; x_wconf 91' lang='lat' dir='ltr'><strong>eos</strong></span> <span class='ocrx_word' id='word_1_343' title='bbox 945 4436 1157 4500; x_wconf 89' lang='lat' dir='ltr'><strong>mutes,</strong></span> <span class='ocrx_word' id='word_1_344' title='bbox 1200 4437 1257 4488; x_wconf 89' lang='lat' dir='ltr'><strong>et</strong></span> <span class='ocrx_word' id='word_1_345' title='bbox 1316 4434 1431 4489; x_wconf 90' lang='lat' dir='ltr'><strong>fere</strong></span> <span class='ocrx_word' id='word_1_346' title='bbox 1474 4436 1918 4506; x_wconf 90' lang='lat' dir='ltr'><strong>semimortuos;</strong></span> <span class='ocrx_word' id='word_1_347' title='bbox 1955 4444 2012 4496; x_wconf 87' lang='lat' dir='ltr'><strong>et</strong></span> 
     </span>
    </p>
   </div>
   <div class='ocr_carea' id='block_1_49' title="bbox 309 4522 2006 4596">
    <p class='ocr_par' dir='ltr' id='par_1_49' title="bbox 309 4522 2006 4596">
     <span class='ocr_line' id='line_1_49' title="bbox 309 4522 2006 4596; baseline 0.004 -16"><span class='ocrx_word' id='word_1_348' title='bbox 309 4541 442 4581; x_wconf 91' lang='lat' dir='ltr'><strong>cum</strong></span> <span class='ocrx_word' id='word_1_349' title='bbox 502 4537 600 4579; x_wconf 89' lang='lat' dir='ltr'><strong>eos</strong></span> <span class='ocrx_word' id='word_1_350' title='bbox 657 4522 982 4591; x_wconf 86' lang='lat' dir='ltr'><strong>excitasset,</strong></span> <span class='ocrx_word' id='word_1_351' title='bbox 1047 4523 1269 4594; x_wconf 88' lang='lat' dir='ltr'><strong>probris</strong></span> <span class='ocrx_word' id='word_1_352' title='bbox 1339 4541 1438 4579; x_wconf 92' lang='lat' dir='ltr'><strong>eos</strong></span> <span class='ocrx_word' id='word_1_353' title='bbox 1506 4526 1715 4596; x_wconf 75' lang='lat' dir='ltr'><strong>affecit,</strong></span> <span class='ocrx_word' id='word_1_354' title='bbox 1777 4529 2006 4586; x_wconf 90' lang='lat' dir='ltr'><strong>dicens:</strong></span> 
     </span>
    </p>
   </div>
   <div class='ocr_carea' id='block_1_50' title="bbox 2128 572 3846 642">
    <p class='ocr_par' dir='ltr' id='par_1_50' title="bbox 2128 572 3846 642">
     <span class='ocr_line' id='line_1_50' title="bbox 2128 572 3846 642; baseline 0.005 -16"><span class='ocrx_word' id='word_1_355' title='bbox 2128 576 2339 642; x_wconf 88' lang='lat' dir='ltr'><strong>posset.</strong></span> <span class='ocrx_word' id='word_1_356' title='bbox 2371 576 2538 627; x_wconf 87' lang='lat' dir='ltr'><strong>Mane</strong></span> <span class='ocrx_word' id='word_1_357' title='bbox 2605 574 2796 625; x_wconf 90' lang='lat' dir='ltr'><strong>autem</strong></span> <span class='ocrx_word' id='word_1_358' title='bbox 2850 586 3118 641; x_wconf 89' lang='lat' dir='ltr'><strong>surgens,</strong></span> <span class='ocrx_word' id='word_1_359' title='bbox 3152 572 3306 629; x_wconf 88' lang='lat' dir='ltr'><strong>venit</strong></span> <span class='ocrx_word' id='word_1_360' title='bbox 3364 574 3422 629; x_wconf 93' lang='lat' dir='ltr'><strong>in</strong></span> <span class='ocrx_word' id='word_1_361' title='bbox 3471 592 3606 631; x_wconf 91' lang='lat' dir='ltr'><strong>eum</strong></span> <span class='ocrx_word' id='word_1_362' title='bbox 3639 577 3846 634; x_wconf 88' lang='lat' dir='ltr'><strong>locum</strong></span> 
     </span>
    </p>
   </div>
   <div class='ocr_carea' id='block_1_51' title="bbox 2126 658 3847 732">
    <p class='ocr_par' dir='ltr' id='par_1_51' title="bbox 2126 658 3847 732">
     <span class='ocr_line' id='line_1_51' title="bbox 2126 658 3847 732; baseline 0.003 -17"><span class='ocrx_word' id='word_1_363' title='bbox 2126 677 2238 731; x_wconf 91' lang='lat' dir='ltr'><strong>quo</strong></span> <span class='ocrx_word' id='word_1_364' title='bbox 2290 659 2613 714; x_wconf 88' lang='lat' dir='ltr'><strong>transitura</strong></span> <span class='ocrx_word' id='word_1_365' title='bbox 2652 661 2772 714; x_wconf 89' lang='lat' dir='ltr'><strong>erat</strong></span> <span class='ocrx_word' id='word_1_366' title='bbox 2820 658 3059 714; x_wconf 87' lang='lat' dir='ltr'><strong>bellua:</strong></span> <span class='ocrx_word' id='word_1_367' title='bbox 3115 664 3425 732; x_wconf 86' lang='lat' dir='ltr'><strong>postquam</strong></span> <span class='ocrx_word' id='word_1_368' title='bbox 3494 670 3691 721; x_wconf 90' lang='lat' dir='ltr'><strong>autem</strong></span> <span class='ocrx_word' id='word_1_369' title='bbox 3758 672 3847 721; x_wconf 86' lang='lat' dir='ltr'><strong>ter</strong></span> 
     </span>
    </p>
   </div>
   <div class='ocr_carea' id='block_1_52' title="bbox 2128 748 3841 821">
    <p class='ocr_par' dir='ltr' id='par_1_52' title="bbox 2128 748 3841 821">
     <span class='ocr_line' id='line_1_52' title="bbox 2128 748 3841 821; baseline 0.004 -17"><span class='ocrx_word' id='word_1_370' title='bbox 2128 750 2281 804; x_wconf 77' lang='lat' dir='ltr'><strong>ﬂexit</strong></span> <span class='ocrx_word' id='word_1_371' title='bbox 2310 766 2501 820; x_wconf 87' lang='lat' dir='ltr'><strong>genua</strong></span> <span class='ocrx_word' id='word_1_372' title='bbox 2533 751 2603 804; x_wconf 90' lang='lat' dir='ltr'><strong>ad</strong></span> <span class='ocrx_word' id='word_1_373' title='bbox 2637 748 3024 819; x_wconf 85' lang='lat' dir='ltr'><strong>ornationem,</strong></span> <span class='ocrx_word' id='word_1_374' title='bbox 3065 750 3123 805; x_wconf 90' lang='lat' dir='ltr'><strong>in</strong></span> <span class='ocrx_word' id='word_1_375' title='bbox 3171 750 3361 821; x_wconf 90' lang='lat' dir='ltr'><strong>ipsum</strong></span> <span class='ocrx_word' id='word_1_376' title='bbox 3404 754 3670 810; x_wconf 84' lang='lat' dir='ltr'><strong>veniebat</strong></span> <span class='ocrx_word' id='word_1_377' title='bbox 3711 756 3841 811; x_wconf 89' lang='lat' dir='ltr'><strong>bel-</strong></span> 
     </span>
    </p>
   </div>
   <div class='ocr_carea' id='block_1_53' title="bbox 2126 837 3848 911">
    <p class='ocr_par' dir='ltr' id='par_1_53' title="bbox 2126 837 3848 911">
     <span class='ocr_line' id='line_1_53' title="bbox 2126 837 3848 911; baseline 0.004 -19"><span class='ocrx_word' id='word_1_378' title='bbox 2126 838 2240 902; x_wconf 90' lang='lat' dir='ltr'><strong>lua,</strong></span> <span class='ocrx_word' id='word_1_379' title='bbox 2275 855 2486 908; x_wconf 87' lang='lat' dir='ltr'><strong>magno</strong></span> <span class='ocrx_word' id='word_1_380' title='bbox 2541 855 2673 893; x_wconf 79' lang='lat' dir='ltr'><strong>cum</strong></span> <span class='ocrx_word' id='word_1_381' title='bbox 2734 837 2978 893; x_wconf 91' lang='lat' dir='ltr'><strong>stridore</strong></span> <span class='ocrx_word' id='word_1_382' title='bbox 3028 855 3255 911; x_wconf 82' lang='lat' dir='ltr'><strong>gravem</strong></span> <span class='ocrx_word' id='word_1_383' title='bbox 3314 842 3584 898; x_wconf 89' lang='lat' dir='ltr'><strong>emittens</strong></span> <span class='ocrx_word' id='word_1_384' title='bbox 3618 845 3848 901; x_wconf 85' lang='lat' dir='ltr'><strong>anheli-</strong></span> 
     </span>
    </p>
   </div>
   <div class='ocr_carea' id='block_1_54' title="bbox 2127 930 3842 1006">
    <p class='ocr_par' dir='ltr' id='par_1_54' title="bbox 2127 930 3842 1006">
     <span class='ocr_line' id='line_1_54' title="bbox 2127 930 3842 1006; baseline 0.005 -21"><span class='ocrx_word' id='word_1_385' title='bbox 2127 934 2274 995; x_wconf 89' lang='lat' dir='ltr'><strong>tum,</strong></span> <span class='ocrx_word' id='word_1_386' title='bbox 2307 935 2363 984; x_wconf 89' lang='lat' dir='ltr'><strong>et</strong></span> <span class='ocrx_word' id='word_1_387' title='bbox 2421 930 2812 985; x_wconf 87' lang='lat' dir='ltr'><strong>intumescens</strong></span> <span class='ocrx_word' id='word_1_388' title='bbox 2870 946 2936 985; x_wconf 92' lang='lat' dir='ltr'><strong>ac</strong></span> <span class='ocrx_word' id='word_1_389' title='bbox 2995 930 3256 999; x_wconf 88' lang='lat' dir='ltr'><strong>sibilans,</strong></span> <span class='ocrx_word' id='word_1_390' title='bbox 3295 937 3625 1006; x_wconf 89' lang='lat' dir='ltr'><strong>tetrumque</strong></span> <span class='ocrx_word' id='word_1_391' title='bbox 3658 938 3842 993; x_wconf 84' lang='lat' dir='ltr'><strong>edens</strong></span> 
     </span>
    </p>
   </div>
   <div class='ocr_carea' id='block_1_55' title="bbox 2128 1018 3837 1091">
    <p class='ocr_par' dir='ltr' id='par_1_55' title="bbox 2128 1018 3837 1091">
     <span class='ocr_line' id='line_1_55' title="bbox 2128 1018 3837 1091; baseline 0.005 -18"><span class='ocrx_word' id='word_1_392' title='bbox 2128 1018 2420 1090; x_wconf 88' lang='lat' dir='ltr'><strong>spiritum.</strong></span> <span class='ocrx_word' id='word_1_393' title='bbox 2457 1022 2509 1074; x_wconf 93' lang='lat' dir='ltr'><strong>Is</strong></span> <span class='ocrx_word' id='word_1_394' title='bbox 2542 1024 2734 1075; x_wconf 89' lang='lat' dir='ltr'><strong>autem</strong></span> <span class='ocrx_word' id='word_1_395' title='bbox 2770 1019 2913 1075; x_wconf 88' lang='lat' dir='ltr'><strong>nihil</strong></span> <span class='ocrx_word' id='word_1_396' title='bbox 2948 1020 3203 1091; x_wconf 88' lang='lat' dir='ltr'><strong>territus,</strong></span> <span class='ocrx_word' id='word_1_397' title='bbox 3236 1024 3308 1078; x_wconf 92' lang='lat' dir='ltr'><strong>ad</strong></span> <span class='ocrx_word' id='word_1_398' title='bbox 3358 1025 3663 1081; x_wconf 90' lang='lat' dir='ltr'><strong>draconem</strong></span> <span class='ocrx_word' id='word_1_399' title='bbox 3697 1044 3837 1083; x_wconf 85' lang='lat' dir='ltr'><strong>con-</strong></span> 
     </span>
    </p>
   </div>
   <div class='ocr_carea' id='block_1_56' title="bbox 2125 1107 3838 1183">
    <p class='ocr_par' dir='ltr' id='par_1_56' title="bbox 2125 1107 3838 1183">
     <span class='ocr_line' id='line_1_56' title="bbox 2125 1107 3838 1183; baseline 0.007 -22"><span class='ocrx_word' id='word_1_400' title='bbox 2125 1123 2345 1175; x_wconf 86' lang='lat' dir='ltr'><strong>versus,</strong></span> <span class='ocrx_word' id='word_1_401' title='bbox 2382 1107 2523 1163; x_wconf 87' lang='lat' dir='ltr'><strong>dixit</strong></span> <span class='ocrx_word' id='word_1_402' title='bbox 2558 1125 2569 1163; x_wconf 91' lang='lat'><strong>:</strong></span> <span class='ocrx_word' id='word_1_403' title='bbox 2604 1108 2807 1164; x_wconf 85' lang='lat' dir='ltr'><strong>Vincet</strong></span> <span class='ocrx_word' id='word_1_404' title='bbox 2855 1113 2909 1164; x_wconf 86' lang='lat' dir='ltr'><strong>te</strong></span> <span class='ocrx_word' id='word_1_405' title='bbox 2954 1111 3121 1166; x_wconf 82' lang='lat' dir='ltr'><strong>Jesus</strong></span> <span class='ocrx_word' id='word_1_406' title='bbox 3179 1111 3464 1183; x_wconf 86' lang='lat' dir='ltr'><strong>Christus,</strong></span> <span class='ocrx_word' id='word_1_407' title='bbox 3505 1114 3680 1171; x_wconf 87' lang='lat' dir='ltr'><strong>Filius</strong></span> <span class='ocrx_word' id='word_1_408' title='bbox 3732 1116 3838 1173; x_wconf 84' lang='lat' dir='ltr'><strong>Dei</strong></span> 
     </span>
    </p>
   </div>
   <div class='ocr_carea' id='block_1_57' title="bbox 2126 1198 3833 1275">
    <p class='ocr_par' dir='ltr' id='par_1_57' title="bbox 2126 1198 3833 1275">
     <span class='ocr_line' id='line_1_57' title="bbox 2126 1198 3833 1275; baseline 0.005 -23"><span class='ocrx_word' id='word_1_409' title='bbox 2126 1198 2379 1269; x_wconf 87' lang='lat' dir='ltr'><strong>vivi,qui</strong></span> <span class='ocrx_word' id='word_1_410' title='bbox 2430 1206 2514 1254; x_wconf 91' lang='lat' dir='ltr'><strong>est</strong></span> <span class='ocrx_word' id='word_1_411' title='bbox 2574 1214 2849 1270; x_wconf 86' lang='lat' dir='ltr'><strong>magnum</strong></span> <span class='ocrx_word' id='word_1_412' title='bbox 2905 1206 3097 1255; x_wconf 87' lang='lat' dir='ltr'><strong>cetum</strong></span> <span class='ocrx_word' id='word_1_413' title='bbox 3155 1201 3432 1258; x_wconf 87' lang='lat' dir='ltr'><strong>victurus.</strong></span> <span class='ocrx_word' id='word_1_414' title='bbox 3465 1204 3643 1275; x_wconf 89' lang='lat' dir='ltr'><strong>quue</strong></span> <span class='ocrx_word' id='word_1_415' title='bbox 3691 1223 3833 1261; x_wconf 84' lang='lat' dir='ltr'><strong>cum</strong></span> 
     </span>
    </p>
   </div>
   <div class='ocr_carea' id='block_1_58' title="bbox 2128 1287 3836 1364">
    <p class='ocr_par' dir='ltr' id='par_1_58' title="bbox 2128 1287 3836 1364">
     <span class='ocr_line' id='line_1_58' title="bbox 2128 1287 3836 1364; baseline 0.006 -23"><span class='ocrx_word' id='word_1_416' title='bbox 2128 1287 2389 1353; x_wconf 87' lang='lat' dir='ltr'><strong>dixisset,</strong></span> <span class='ocrx_word' id='word_1_417' title='bbox 2421 1287 2683 1358; x_wconf 85' lang='lat' dir='ltr'><strong>protinus</strong></span> <span class='ocrx_word' id='word_1_418' title='bbox 2716 1288 3018 1360; x_wconf 91' lang='lat' dir='ltr'><strong>disruptus</strong></span> <span class='ocrx_word' id='word_1_419' title='bbox 3044 1293 3133 1344; x_wconf 91' lang='lat' dir='ltr'><strong>est</strong></span> <span class='ocrx_word' id='word_1_420' title='bbox 3170 1290 3366 1358; x_wconf 91' lang='lat' dir='ltr'><strong>draco,</strong></span> <span class='ocrx_word' id='word_1_421' title='bbox 3403 1308 3501 1364; x_wconf 89' lang='lat' dir='ltr'><strong>per</strong></span> <span class='ocrx_word' id='word_1_422' title='bbox 3554 1309 3618 1348; x_wconf 90' lang='lat' dir='ltr'><strong>os</strong></span> <span class='ocrx_word' id='word_1_423' title='bbox 3658 1311 3836 1350; x_wconf 89' lang='lat' dir='ltr'><strong>omne</strong></span> 
     </span>
    </p>
   </div>
   <div class='ocr_carea' id='block_1_59' title="bbox 2126 1377 3837 1449">
    <p class='ocr_par' dir='ltr' id='par_1_59' title="bbox 2126 1377 3837 1449">
     <span class='ocr_line' id='line_1_59' title="bbox 2126 1377 3837 1449; baseline 0.005 -18"><span class='ocrx_word' id='word_1_424' title='bbox 2126 1377 2284 1431; x_wconf 92' lang='lat' dir='ltr'><strong>virus</strong></span> <span class='ocrx_word' id='word_1_425' title='bbox 2316 1392 2590 1431; x_wconf 90' lang='lat' dir='ltr'><strong>evomens</strong></span> <span class='ocrx_word' id='word_1_426' title='bbox 2622 1393 2755 1431; x_wconf 91' lang='lat' dir='ltr'><strong>cum</strong></span> <span class='ocrx_word' id='word_1_427' title='bbox 2788 1377 3089 1449; x_wconf 88' lang='lat' dir='ltr'><strong>sanguine.</strong></span> <span class='ocrx_word' id='word_1_428' title='bbox 3124 1382 3266 1434; x_wconf 91' lang='lat' dir='ltr'><strong>Cum</strong></span> <span class='ocrx_word' id='word_1_429' title='bbox 3311 1386 3507 1436; x_wconf 89' lang='lat' dir='ltr'><strong>autem</strong></span> <span class='ocrx_word' id='word_1_430' title='bbox 3540 1383 3837 1440; x_wconf 87' lang='lat' dir='ltr'><strong>venissent</strong></span> 
     </span>
    </p>
   </div>
   <div class='ocr_carea' id='block_1_60' title="bbox 2125 1467 3832 1540">
    <p class='ocr_par' dir='ltr' id='par_1_60' title="bbox 2125 1467 3832 1540">
     <span class='ocr_line' id='line_1_60' title="bbox 2125 1467 3832 1540; baseline 0.005 -19"><span class='ocrx_word' id='word_1_431' title='bbox 2125 1467 2325 1521; x_wconf 90' lang='lat' dir='ltr'><strong>rustici</strong></span> <span class='ocrx_word' id='word_1_432' title='bbox 2377 1467 2674 1538; x_wconf 89' lang='lat' dir='ltr'><strong>postridie,</strong></span> <span class='ocrx_word' id='word_1_433' title='bbox 2708 1472 2763 1522; x_wconf 93' lang='lat' dir='ltr'><strong>et</strong></span> <span class='ocrx_word' id='word_1_434' title='bbox 2812 1468 2955 1523; x_wconf 93' lang='lat' dir='ltr'><strong>illud</strong></span> <span class='ocrx_word' id='word_1_435' title='bbox 3016 1484 3293 1540; x_wconf 87' lang='lat' dir='ltr'><strong>magnum</strong></span> <span class='ocrx_word' id='word_1_436' title='bbox 3338 1472 3617 1527; x_wconf 89' lang='lat' dir='ltr'><strong>vidissent</strong></span> <span class='ocrx_word' id='word_1_437' title='bbox 3651 1475 3832 1530; x_wconf 89' lang='lat' dir='ltr'><strong>mira-</strong></span> 
     </span>
    </p>
   </div>
   <div class='ocr_carea' id='block_1_61' title="bbox 2124 1554 3834 1627">
    <p class='ocr_par' dir='ltr' id='par_1_61' title="bbox 2124 1554 3834 1627">
     <span class='ocr_line' id='line_1_61' title="bbox 2124 1554 3834 1627; baseline 0.005 -19"><span class='ocrx_word' id='word_1_438' title='bbox 2124 1554 2433 1619; x_wconf 89' lang='lat' dir='ltr'><strong>culum,et</strong></span> <span class='ocrx_word' id='word_1_439' title='bbox 2486 1572 2599 1610; x_wconf 90' lang='lat' dir='ltr'><strong>non</strong></span> <span class='ocrx_word' id='word_1_440' title='bbox 2651 1555 2867 1610; x_wconf 87' lang='lat' dir='ltr'><strong>ferrent</strong></span> <span class='ocrx_word' id='word_1_441' title='bbox 2923 1557 3218 1627; x_wconf 88' lang='lat' dir='ltr'><strong>spiritum,</strong></span> <span class='ocrx_word' id='word_1_442' title='bbox 3278 1558 3336 1612; x_wconf 87' lang='lat' dir='ltr'><strong>in</strong></span> <span class='ocrx_word' id='word_1_443' title='bbox 3391 1560 3606 1616; x_wconf 88' lang='lat' dir='ltr'><strong>animal</strong></span> <span class='ocrx_word' id='word_1_444' title='bbox 3666 1562 3834 1616; x_wconf 84' lang='lat' dir='ltr'><strong>mul-</strong></span> 
     </span>
    </p>
   </div>
   <div class='ocr_carea' id='block_1_62' title="bbox 2125 1645 3836 1719">
    <p class='ocr_par' dir='ltr' id='par_1_62' title="bbox 2125 1645 3836 1719">
     <span class='ocr_line' id='line_1_62' title="bbox 2125 1645 3836 1719; baseline 0.006 -23"><span class='ocrx_word' id='word_1_445' title='bbox 2125 1650 2240 1697; x_wconf 88' lang='lat' dir='ltr'><strong>tam</strong></span> <span class='ocrx_word' id='word_1_446' title='bbox 2275 1659 2510 1699; x_wconf 87' lang='lat' dir='ltr'><strong>arenam</strong></span> <span class='ocrx_word' id='word_1_447' title='bbox 2544 1660 2752 1715; x_wconf 89' lang='lat' dir='ltr'><strong>conges</strong></span> <span class='ocrx_word' id='word_1_448' title='bbox 2793 1649 2981 1699; x_wconf 88' lang='lat' dir='ltr'><strong>erunt.</strong></span> <span class='ocrx_word' id='word_1_449' title='bbox 3017 1645 3182 1700; x_wconf 91' lang='lat' dir='ltr'><strong>Patre</strong></span> <span class='ocrx_word' id='word_1_450' title='bbox 3214 1646 3331 1701; x_wconf 91' lang='lat' dir='ltr'><strong>illic</strong></span> <span class='ocrx_word' id='word_1_451' title='bbox 3363 1647 3443 1702; x_wconf 88' lang='lat' dir='ltr'><strong>eis</strong></span> <span class='ocrx_word' id='word_1_452' title='bbox 3483 1653 3728 1719; x_wconf 84' lang='lat' dir='ltr'><strong>astante,</strong></span> <span class='ocrx_word' id='word_1_453' title='bbox 3762 1653 3836 1705; x_wconf 84' lang='lat' dir='ltr'><strong>ad</strong></span> 
     </span>
    </p>
   </div>
   <div class='ocr_carea' id='block_1_63' title="bbox 2125 1731 3835 1795">
    <p class='ocr_par' dir='ltr' id='par_1_63' title="bbox 2125 1731 3835 1795">
     <span class='ocr_line' id='line_1_63' title="bbox 2125 1731 3835 1795; baseline 0.005 -10"><span class='ocrx_word' id='word_1_454' title='bbox 2125 1731 2433 1788; x_wconf 91' lang='lat' dir='ltr'><strong>draconem</strong></span> <span class='ocrx_word' id='word_1_455' title='bbox 2466 1734 2621 1788; x_wconf 90' lang='lat' dir='ltr'><strong>enim</strong></span> <span class='ocrx_word' id='word_1_456' title='bbox 2637 1733 2770 1787; x_wconf 91' lang='lat' dir='ltr'><strong>licet</strong></span> <span class='ocrx_word' id='word_1_457' title='bbox 2789 1738 3085 1791; x_wconf 90' lang='lat' dir='ltr'><strong>mortuum</strong></span> <span class='ocrx_word' id='word_1_458' title='bbox 3107 1752 3218 1790; x_wconf 92' lang='lat' dir='ltr'><strong>non</strong></span> <span class='ocrx_word' id='word_1_459' title='bbox 3234 1736 3835 1795; x_wconf 86' lang='lat' dir='ltr'><strong>audebantaccedere.</strong></span> 
     </span>
    </p>
   </div>
   <div class='ocr_carea' id='block_1_64' title="bbox 2197 1824 3842 1899">
    <p class='ocr_par' dir='ltr' id='par_1_64' title="bbox 2197 1824 3842 1899">
     <span class='ocr_line' id='line_1_64' title="bbox 2197 1824 3842 1899; baseline 0.006 -24"><span class='ocrx_word' id='word_1_460' title='bbox 2197 1824 2346 1877; x_wconf 86' lang='lat' dir='ltr'><strong>Puer</strong></span> <span class='ocrx_word' id='word_1_461' title='bbox 2379 1826 2593 1892; x_wconf 89' lang='lat' dir='ltr'><strong>autem,</strong></span> <span class='ocrx_word' id='word_1_462' title='bbox 2628 1824 2842 1894; x_wconf 91' lang='lat' dir='ltr'><strong>inquit,</strong></span> <span class='ocrx_word' id='word_1_463' title='bbox 2876 1841 3117 1890; x_wconf 88' lang='lat' dir='ltr'><strong>pascens</strong></span> <span class='ocrx_word' id='word_1_464' title='bbox 3156 1843 3289 1881; x_wconf 92' lang='lat' dir='ltr'><strong>cum</strong></span> <span class='ocrx_word' id='word_1_465' title='bbox 3337 1833 3569 1899; x_wconf 89' lang='lat' dir='ltr'><strong>repente</strong></span> <span class='ocrx_word' id='word_1_466' title='bbox 3591 1829 3842 1886; x_wconf 80' lang='lat' dir='ltr'><strong>vidisset</strong></span> 
     </span>
    </p>
   </div>
   <div class='ocr_carea' id='block_1_65' title="bbox 2126 1914 3844 1984">
    <p class='ocr_par' dir='ltr' id='par_1_65' title="bbox 2126 1914 3844 1984">
     <span class='ocr_line' id='line_1_65' title="bbox 2126 1914 3844 1984; baseline 0.003 -16"><span class='ocrx_word' id='word_1_467' title='bbox 2126 1914 2315 1968; x_wconf 86' lang='lat' dir='ltr'><strong>adhuc</strong></span> <span class='ocrx_word' id='word_1_468' title='bbox 2375 1914 2567 1968; x_wconf 89' lang='lat' dir='ltr'><strong>vivum</strong></span> <span class='ocrx_word' id='word_1_469' title='bbox 2641 1914 2976 1984; x_wconf 90' lang='lat' dir='ltr'><strong>draconem,</strong></span> <span class='ocrx_word' id='word_1_470' title='bbox 3009 1916 3207 1970; x_wconf 87' lang='lat' dir='ltr'><strong>statim</strong></span> <span class='ocrx_word' id='word_1_471' title='bbox 3266 1922 3457 1972; x_wconf 91' lang='lat' dir='ltr'><strong>emota</strong></span> <span class='ocrx_word' id='word_1_472' title='bbox 3499 1924 3685 1974; x_wconf 83' lang='lat' dir='ltr'><strong>mente</strong></span> <span class='ocrx_word' id='word_1_473' title='bbox 3720 1919 3844 1974; x_wconf 76' lang='lat' dir='ltr'><strong>fuit</strong></span> 
     </span>
    </p>
   </div>
   <div class='ocr_carea' id='block_1_66' title="bbox 2128 2002 3840 2078">
    <p class='ocr_par' dir='ltr' id='par_1_66' title="bbox 2128 2002 3840 2078">
     <span class='ocr_line' id='line_1_66' title="bbox 2128 2002 3840 2078; baseline 0.003 -20"><span class='ocrx_word' id='word_1_474' title='bbox 2128 2002 2487 2058; x_wconf 87' lang='lat' dir='ltr'><strong>exanimatus</strong></span> <span class='ocrx_word' id='word_1_475' title='bbox 2513 2021 2527 2073; x_wconf 88' lang='lat'><strong>;</strong></span> <span class='ocrx_word' id='word_1_476' title='bbox 2551 2003 2738 2073; x_wconf 90' lang='lat' dir='ltr'><strong>jacuit</strong></span> <span class='ocrx_word' id='word_1_477' title='bbox 2766 2005 2962 2075; x_wconf 89' lang='lat' dir='ltr'><strong>itaque</strong></span> <span class='ocrx_word' id='word_1_478' title='bbox 2993 2021 3134 2075; x_wconf 90' lang='lat' dir='ltr'><strong>puer</strong></span> <span class='ocrx_word' id='word_1_479' title='bbox 3164 2005 3308 2060; x_wconf 86' lang='lat' dir='ltr'><strong>nihil</strong></span> <span class='ocrx_word' id='word_1_480' title='bbox 3358 2007 3588 2078; x_wconf 90' lang='lat' dir='ltr'><strong>spirans</strong></span> <span class='ocrx_word' id='word_1_481' title='bbox 3616 2008 3673 2062; x_wconf 93' lang='lat' dir='ltr'><strong>in</strong></span> <span class='ocrx_word' id='word_1_482' title='bbox 3705 2008 3840 2063; x_wconf 85' lang='lat' dir='ltr'><strong>laco</strong></span> 
     </span>
    </p>
   </div>
   <div class='ocr_carea' id='block_1_67' title="bbox 2129 2092 3843 2170">
    <p class='ocr_par' dir='ltr' id='par_1_67' title="bbox 2129 2092 3843 2170">
     <span class='ocr_line' id='line_1_67' title="bbox 2129 2092 3843 2170; baseline 0.005 -23"><span class='ocrx_word' id='word_1_483' title='bbox 2129 2096 2249 2147; x_wconf 90' lang='lat' dir='ltr'><strong>tota</strong></span> <span class='ocrx_word' id='word_1_484' title='bbox 2280 2092 2371 2146; x_wconf 90' lang='lat' dir='ltr'><strong>die</strong></span> <span class='ocrx_word' id='word_1_485' title='bbox 2414 2093 2470 2147; x_wconf 91' lang='lat' dir='ltr'><strong>in</strong></span> <span class='ocrx_word' id='word_1_486' title='bbox 2503 2092 2837 2149; x_wconf 87' lang='lat' dir='ltr'><strong>solitudine.</strong></span> <span class='ocrx_word' id='word_1_487' title='bbox 2882 2095 3023 2150; x_wconf 90' lang='lat' dir='ltr'><strong>Cum</strong></span> <span class='ocrx_word' id='word_1_488' title='bbox 3068 2111 3201 2150; x_wconf 91' lang='lat' dir='ltr'><strong>eum</strong></span> <span class='ocrx_word' id='word_1_489' title='bbox 3255 2101 3450 2152; x_wconf 88' lang='lat' dir='ltr'><strong>autem</strong></span> <span class='ocrx_word' id='word_1_490' title='bbox 3483 2099 3843 2170; x_wconf 85' lang='lat' dir='ltr'><strong>suivespcre</strong></span> 
     </span>
    </p>
   </div>
   <div class='ocr_carea' id='block_1_68' title="bbox 2129 2181 3847 2255">
    <p class='ocr_par' dir='ltr' id='par_1_68' title="bbox 2129 2181 3847 2255">
     <span class='ocr_line' id='line_1_68' title="bbox 2129 2181 3847 2255; baseline 0.005 -20"><span class='ocrx_word' id='word_1_491' title='bbox 2129 2181 2491 2237; x_wconf 88' lang='lat' dir='ltr'><strong>invenissent</strong></span> <span class='ocrx_word' id='word_1_492' title='bbox 2542 2199 2748 2253; x_wconf 91' lang='lat' dir='ltr'><strong>parum</strong></span> <span class='ocrx_word' id='word_1_493' title='bbox 2806 2185 3146 2255; x_wconf 88' lang='lat' dir='ltr'><strong>spirantem,</strong></span> <span class='ocrx_word' id='word_1_494' title='bbox 3207 2189 3387 2241; x_wconf 86' lang='lat' dir='ltr'><strong>totum</strong></span> <span class='ocrx_word' id='word_1_495' title='bbox 3447 2186 3703 2242; x_wconf 86' lang='lat' dir='ltr'><strong>inflatum</strong></span> <span class='ocrx_word' id='word_1_496' title='bbox 3768 2204 3847 2243; x_wconf 83' lang='lat' dir='ltr'><strong>ex</strong></span> 
     </span>
    </p>
   </div>
   <div class='ocr_carea' id='block_1_69' title="bbox 2130 2272 3840 2347">
    <p class='ocr_par' dir='ltr' id='par_1_69' title="bbox 2130 2272 3840 2347">
     <span class='ocr_line' id='line_1_69' title="bbox 2130 2272 3840 2347; baseline 0.005 -21"><span class='ocrx_word' id='word_1_497' title='bbox 2130 2272 2339 2327; x_wconf 87' lang='lat' dir='ltr'><strong>ecstasi</strong></span> <span class='ocrx_word' id='word_1_498' title='bbox 2397 2273 2692 2329; x_wconf 89' lang='lat' dir='ltr'><strong>deducunt</strong></span> <span class='ocrx_word' id='word_1_499' title='bbox 2747 2275 2818 2329; x_wconf 89' lang='lat' dir='ltr'><strong>ad</strong></span> <span class='ocrx_word' id='word_1_500' title='bbox 2871 2279 3117 2345; x_wconf 87' lang='lat' dir='ltr'><strong>patrem,</strong></span> <span class='ocrx_word' id='word_1_501' title='bbox 3176 2276 3515 2347; x_wconf 89' lang='lat' dir='ltr'><strong>ignorantes</strong></span> <span class='ocrx_word' id='word_1_502' title='bbox 3592 2295 3840 2334; x_wconf 79' lang='lat' dir='ltr'><strong>causam</strong></span> 
     </span>
    </p>
   </div>
   <div class='ocr_carea' id='block_1_70' title="bbox 2130 2359 3842 2433">
    <p class='ocr_par' dir='ltr' id='par_1_70' title="bbox 2130 2359 3842 2433">
     <span class='ocr_line' id='line_1_70' title="bbox 2130 2359 3842 2433; baseline 0.006 -20"><span class='ocrx_word' id='word_1_503' title='bbox 2130 2359 2257 2428; x_wconf 87' lang='lat' dir='ltr'><strong>ejus</strong></span> <span class='ocrx_word' id='word_1_504' title='bbox 2302 2362 2450 2429; x_wconf 91' lang='lat' dir='ltr'><strong>quod</strong></span> <span class='ocrx_word' id='word_1_505' title='bbox 2512 2362 2817 2418; x_wconf 87' lang='lat' dir='ltr'><strong>acciderat.</strong></span> <span class='ocrx_word' id='word_1_506' title='bbox 2852 2363 2995 2419; x_wconf 92' lang='lat' dir='ltr'><strong>Cum</strong></span> <span class='ocrx_word' id='word_1_507' title='bbox 3031 2365 3078 2420; x_wconf 88' lang='lat' dir='ltr'><strong>is</strong></span> <span class='ocrx_word' id='word_1_508' title='bbox 3120 2370 3313 2421; x_wconf 88' lang='lat' dir='ltr'><strong>autem</strong></span> <span class='ocrx_word' id='word_1_509' title='bbox 3345 2370 3585 2433; x_wconf 87' lang='lat' dir='ltr'><strong>orasset,</strong></span> <span class='ocrx_word' id='word_1_510' title='bbox 3620 2375 3669 2421; x_wconf 90' lang='lat' dir='ltr'><strong>et</strong></span> <span class='ocrx_word' id='word_1_511' title='bbox 3696 2383 3842 2423; x_wconf 85' lang='lat' dir='ltr'><strong>eum</strong></span> 
     </span>
    </p>
   </div>
   <div class='ocr_carea' id='block_1_71' title="bbox 2133 2448 3849 2527">
    <p class='ocr_par' dir='ltr' id='par_1_71' title="bbox 2133 2448 3849 2527">
     <span class='ocr_line' id='line_1_71' title="bbox 2133 2448 3849 2527; baseline 0.005 -24"><span class='ocrx_word' id='word_1_512' title='bbox 2133 2448 2395 2504; x_wconf 84' lang='lat' dir='ltr'><strong>unxisset</strong></span> <span class='ocrx_word' id='word_1_513' title='bbox 2424 2448 2568 2518; x_wconf 92' lang='lat' dir='ltr'><strong>oleo,</strong></span> <span class='ocrx_word' id='word_1_514' title='bbox 2603 2452 2849 2507; x_wconf 84' lang='lat' dir='ltr'><strong>surrexit</strong></span> <span class='ocrx_word' id='word_1_515' title='bbox 2895 2469 3037 2524; x_wconf 90' lang='lat' dir='ltr'><strong>puer</strong></span> <span class='ocrx_word' id='word_1_516' title='bbox 3086 2471 3331 2510; x_wconf 91' lang='lat' dir='ltr'><strong>narrans</strong></span> <span class='ocrx_word' id='word_1_517' title='bbox 3367 2455 3424 2509; x_wconf 93' lang='lat' dir='ltr'><strong>id</strong></span> <span class='ocrx_word' id='word_1_518' title='bbox 3458 2456 3607 2527; x_wconf 90' lang='lat' dir='ltr'><strong>quod</strong></span> <span class='ocrx_word' id='word_1_519' title='bbox 3646 2456 3849 2512; x_wconf 83' lang='lat' dir='ltr'><strong>fuerat</strong></span> 
     </span>
    </p>
   </div>
   <div class='ocr_carea' id='block_1_72' title="bbox 2133 2538 3843 2616">
    <p class='ocr_par' dir='ltr' id='par_1_72' title="bbox 2133 2538 3843 2616">
     <span class='ocr_line' id='line_1_72' title="bbox 2133 2538 3843 2616; baseline 0.005 -25"><span class='ocrx_word' id='word_1_520' title='bbox 2133 2538 2581 2609; x_wconf 90' lang='lat' dir='ltr'><strong>deprehensum.</strong></span> <span class='ocrx_word' id='word_1_521' title='bbox 2617 2542 2735 2604; x_wconf 90' lang='lat' dir='ltr'><strong>Qua</strong></span> <span class='ocrx_word' id='word_1_522' title='bbox 2764 2559 2823 2597; x_wconf 90' lang='lat' dir='ltr'><strong>re</strong></span> <span class='ocrx_word' id='word_1_523' title='bbox 2862 2544 2947 2599; x_wconf 90' lang='lat' dir='ltr'><strong>vir</strong></span> <span class='ocrx_word' id='word_1_524' title='bbox 2988 2545 3236 2600; x_wconf 81' lang='lat' dir='ltr'><strong>maxime</strong></span> <span class='ocrx_word' id='word_1_525' title='bbox 3287 2550 3497 2616; x_wconf 80' lang='lat' dir='ltr'><strong>motUS,</strong></span> <span class='ocrx_word' id='word_1_526' title='bbox 3526 2547 3595 2602; x_wconf 87' lang='lat' dir='ltr'><strong>ad</strong></span> <span class='ocrx_word' id='word_1_527' title='bbox 3627 2544 3843 2602; x_wconf 90' lang='lat' dir='ltr'><strong>interi-</strong></span> 
     </span>
    </p>
   </div>
   <div class='ocr_carea' id='block_1_73' title="bbox 2133 2629 3233 2691">
    <p class='ocr_par' dir='ltr' id='par_1_73' title="bbox 2133 2629 3233 2691">
     <span class='ocr_line' id='line_1_73' title="bbox 2133 2629 3233 2691; baseline 0.007 -10"><span class='ocrx_word' id='word_1_528' title='bbox 2133 2629 2405 2683; x_wconf 90' lang='lat' dir='ltr'><strong>mendum</strong></span> <span class='ocrx_word' id='word_1_529' title='bbox 2432 2631 2744 2687; x_wconf 90' lang='lat' dir='ltr'><strong>draconem</strong></span> <span class='ocrx_word' id='word_1_530' title='bbox 2776 2637 2865 2687; x_wconf 88' lang='lat' dir='ltr'><strong>est</strong></span> <span class='ocrx_word' id='word_1_531' title='bbox 2897 2650 3233 2691; x_wconf 86' lang='lat' dir='ltr'><strong>conversus.</strong></span> 
     </span>
    </p>
   </div>
   <div class='ocr_carea' id='block_1_74' title="bbox 2772 2722 3183 2780">
    <p class='ocr_par' dir='ltr' id='par_1_74' title="bbox 2772 2722 3183 2780">
     <span class='ocr_line' id='line_1_74' title="bbox 2772 2722 3183 2780; baseline 0.007 -4"><span class='ocrx_word' id='word_1_532' title='bbox 2772 2722 3001 2777; x_wconf 88' lang='lat' dir='ltr'><strong>CAPUT</strong></span> <span class='ocrx_word' id='word_1_533' title='bbox 3042 2724 3183 2780; x_wconf 89' lang='lat' dir='ltr'><strong>LIV.</strong></span> 
     </span>
    </p>
   </div>
   <div class='ocr_carea' id='block_1_75' title="bbox 2429 2812 3512 2891">
    <p class='ocr_par' dir='ltr' id='par_1_75' title="bbox 2429 2812 3512 2891">
     <span class='ocr_line' id='line_1_75' title="bbox 2429 2812 3512 2891; baseline 0.004 -25"><span class='ocrx_word' id='word_1_534' title='bbox 2429 2812 2549 2866; x_wconf 80' lang='lat' dir='ltr'><strong>Vita</strong></span> <span class='ocrx_word' id='word_1_535' title='bbox 2578 2812 2789 2868; x_wconf 81' lang='lat' dir='ltr'><strong>abbatis</strong></span> <span class='ocrx_word' id='word_1_536' title='bbox 2820 2814 2989 2885; x_wconf 74' lang='lat' dir='ltr'><strong>Capra</strong></span> <span class='ocrx_word' id='word_1_537' title='bbox 3028 2816 3178 2888; x_wconf 77' lang='lat'><strong>(102)</strong></span> <span class='ocrx_word' id='word_1_538' title='bbox 3198 2816 3512 2891; x_wconf 78' lang='lat' dir='ltr'><strong>presbyteri.</strong></span> 
     </span>
    </p>
   </div>
   <div class='ocr_carea' id='block_1_76' title="bbox 2218 2901 3840 2977">
    <p class='ocr_par' dir='ltr' id='par_1_76' title="bbox 2218 2901 3840 2977">
     <span class='ocr_line' id='line_1_76' title="bbox 2218 2901 3840 2977; baseline 0.002 -20"><span class='ocrx_word' id='word_1_539' title='bbox 2218 2903 2348 2958; x_wconf 82' lang='lat' dir='ltr'><strong>Erat</strong></span> <span class='ocrx_word' id='word_1_540' title='bbox 2386 2905 2579 2957; x_wconf 88' lang='lat' dir='ltr'><strong>autem</strong></span> <span class='ocrx_word' id='word_1_541' title='bbox 2616 2901 2733 2956; x_wconf 91' lang='lat' dir='ltr'><strong>illic</strong></span> <span class='ocrx_word' id='word_1_542' title='bbox 2757 2901 2994 2973; x_wconf 90' lang='lat' dir='ltr'><strong>quidam</strong></span> <span class='ocrx_word' id='word_1_543' title='bbox 3057 2905 3375 2977; x_wconf 79' lang='lat' dir='ltr'><strong>presbyter,</strong></span> <span class='ocrx_word' id='word_1_544' title='bbox 3406 2906 3505 2976; x_wconf 87' lang='lat' dir='ltr'><strong>qui</strong></span> <span class='ocrx_word' id='word_1_545' title='bbox 3536 2909 3840 2961; x_wconf 84' lang='lat' dir='ltr'><strong>monaste-</strong></span> 
     </span>
    </p>
   </div>
   <div class='ocr_carea' id='block_1_77' title="bbox 2132 2990 3840 3065">
    <p class='ocr_par' dir='ltr' id='par_1_77' title="bbox 2132 2990 3840 3065">
     <span class='ocr_line' id='line_1_77' title="bbox 2132 2990 3840 3065; baseline 0 -16"><span class='ocrx_word' id='word_1_546' title='bbox 2132 2995 2281 3050; x_wconf 92' lang='lat' dir='ltr'><strong>rium</strong></span> <span class='ocrx_word' id='word_1_547' title='bbox 2316 3008 2490 3065; x_wconf 90' lang='lat' dir='ltr'><strong>prope</strong></span> <span class='ocrx_word' id='word_1_548' title='bbox 2546 2990 2792 3046; x_wconf 87' lang='lat' dir='ltr'><strong>habebat</strong></span> <span class='ocrx_word' id='word_1_549' title='bbox 2852 2992 2911 3046; x_wconf 90' lang='lat' dir='ltr'><strong>in</strong></span> <span class='ocrx_word' id='word_1_550' title='bbox 2962 2992 3299 3061; x_wconf 88' lang='lat' dir='ltr'><strong>solitudine,</strong></span> <span class='ocrx_word' id='word_1_551' title='bbox 3335 2995 3546 3065; x_wconf 88' lang='lat' dir='ltr'><strong>Copres</strong></span> <span class='ocrx_word' id='word_1_552' title='bbox 3598 2994 3840 3049; x_wconf 87' lang='lat' dir='ltr'><strong>nomine</strong></span> 
     </span>
    </p>
   </div>
   <div class='ocr_carea' id='block_1_78' title="bbox 2129 3081 3839 3156">
    <p class='ocr_par' dir='ltr' id='par_1_78' title="bbox 2129 3081 3839 3156">
     <span class='ocr_line' id='line_1_78' title="bbox 2129 3081 3839 3156; baseline 0.002 -17"><span class='ocrx_word' id='word_1_553' title='bbox 2129 3085 2323 3156; x_wconf 55' lang='lat' dir='ltr'><strong>(Ra/)1,</strong></span> <span class='ocrx_word' id='word_1_554' title='bbox 2357 3084 2449 3137; x_wconf 79' lang='lat' dir='ltr'><strong>lib.</strong></span> <span class='ocrx_word' id='word_1_555' title='bbox 2486 3100 2545 3151; x_wconf 78' lang='grc' dir='ltr'><strong>ιι,</strong></span> <span class='ocrx_word' id='word_1_556' title='bbox 2577 3099 2692 3153; x_wconf 81' lang='lat' dir='ltr'><strong>cap.</strong></span> <span class='ocrx_word' id='word_1_557' title='bbox 2726 3082 2783 3152; x_wconf 81' lang='lat'><strong>9)</strong></span> <span class='ocrx_word' id='word_1_558' title='bbox 2817 3097 2829 3136; x_wconf 90' lang='lat'><strong>:</strong></span> <span class='ocrx_word' id='word_1_559' title='bbox 2862 3081 2950 3137; x_wconf 91' lang='lat' dir='ltr'><strong>vir</strong></span> <span class='ocrx_word' id='word_1_560' title='bbox 3008 3088 3263 3151; x_wconf 91' lang='lat' dir='ltr'><strong>sanctus,</strong></span> <span class='ocrx_word' id='word_1_561' title='bbox 3336 3100 3511 3155; x_wconf 89' lang='lat' dir='ltr'><strong>prope</strong></span> <span class='ocrx_word' id='word_1_562' title='bbox 3577 3101 3839 3156; x_wconf 85' lang='lat' dir='ltr'><strong>nonage-</strong></span> 
     </span>
    </p>
   </div>
   <div class='ocr_carea' id='block_1_79' title="bbox 2133 3173 3837 3247">
    <p class='ocr_par' dir='ltr' id='par_1_79' title="bbox 2133 3173 3837 3247">
     <span class='ocr_line' id='line_1_79' title="bbox 2133 3173 3837 3247; baseline 0.002 -18"><span class='ocrx_word' id='word_1_563' title='bbox 2133 3175 2351 3241; x_wconf 89' lang='lat' dir='ltr'><strong>narius,</strong></span> <span class='ocrx_word' id='word_1_564' title='bbox 2386 3173 2726 3244; x_wconf 75' lang='lat' dir='ltr'><strong>praepositus</strong></span> <span class='ocrx_word' id='word_1_565' title='bbox 2786 3173 3032 3229; x_wconf 89' lang='lat' dir='ltr'><strong>fratrum</strong></span> <span class='ocrx_word' id='word_1_566' title='bbox 3095 3176 3542 3247; x_wconf 85' lang='lat' dir='ltr'><strong>quinquaginta,</strong></span> <span class='ocrx_word' id='word_1_567' title='bbox 3576 3178 3674 3247; x_wconf 89' lang='lat' dir='ltr'><strong>qui</strong></span> <span class='ocrx_word' id='word_1_568' title='bbox 3707 3176 3837 3247; x_wconf 85' lang='lat' dir='ltr'><strong>ipse</strong></span> 
     </span>
    </p>
   </div>
   <div class='ocr_carea' id='block_1_80' title="bbox 2051 3239 3840 3335">
    <p class='ocr_par' dir='ltr' id='par_1_80' title="bbox 2051 3239 3840 3335">
     <span class='ocr_line' id='line_1_80' title="bbox 2051 3239 3840 3335; baseline 0.002 -17"><span class='ocrx_word' id='word_1_569' title='bbox 2051 3239 2093 3304; x_wconf 67' lang='grc' dir='ltr'><strong>Ο</strong></span> <span class='ocrx_word' id='word_1_570' title='bbox 2134 3239 2365 3335; x_wconf 87' lang='lat' dir='ltr'><strong>quoque</strong></span> <span class='ocrx_word' id='word_1_571' title='bbox 2387 3239 2588 3334; x_wconf 78' lang='lat' dir='ltr'><strong>plures</strong></span> <span class='ocrx_word' id='word_1_572' title='bbox 2638 3262 2886 3318; x_wconf 89' lang='lat' dir='ltr'><strong>faciebat</strong></span> <span class='ocrx_word' id='word_1_573' title='bbox 2928 3239 3193 3331; x_wconf 74' lang='lat' dir='ltr'><strong>virtutes,</strong></span> <span class='ocrx_word' id='word_1_574' title='bbox 3226 3239 3445 3321; x_wconf 78' lang='lat' dir='ltr'><strong>morbis</strong></span> <span class='ocrx_word' id='word_1_575' title='bbox 3489 3239 3748 3334; x_wconf 69' lang='lat' dir='ltr'><strong>medens,</strong></span> <span class='ocrx_word' id='word_1_576' title='bbox 3776 3271 3840 3321; x_wconf 84' lang='lat' dir='ltr'><strong>et</strong></span> 
     </span>
    </p>
   </div>
   <div class='ocr_carea' id='block_1_81' title="bbox 2134 3352 3837 3428">
    <p class='ocr_par' dir='ltr' id='par_1_81' title="bbox 2134 3352 3837 3428">
     <span class='ocr_line' id='line_1_81' title="bbox 2134 3352 3837 3428; baseline 0.002 -19"><span class='ocrx_word' id='word_1_577' title='bbox 2134 3354 2346 3409; x_wconf 86' lang='lat' dir='ltr'><strong>multas</strong></span> <span class='ocrx_word' id='word_1_578' title='bbox 2397 3352 2614 3409; x_wconf 87' lang='lat' dir='ltr'><strong>faciens</strong></span> <span class='ocrx_word' id='word_1_579' title='bbox 2664 3353 3013 3423; x_wconf 90' lang='lat' dir='ltr'><strong>curationes,</strong></span> <span class='ocrx_word' id='word_1_580' title='bbox 3073 3359 3128 3411; x_wconf 91' lang='lat' dir='ltr'><strong>et</strong></span> <span class='ocrx_word' id='word_1_581' title='bbox 3183 3354 3476 3412; x_wconf 75' lang='lat' dir='ltr'><strong>daemones</strong></span> <span class='ocrx_word' id='word_1_582' title='bbox 3520 3355 3837 3428; x_wconf 85' lang='lat' dir='ltr'><strong>expellens,</strong></span> 
     </span>
    </p>
   </div>
   <div class='ocr_carea' id='block_1_82' title="bbox 2130 3443 3838 3516">
    <p class='ocr_par' dir='ltr' id='par_1_82' title="bbox 2130 3443 3838 3516">
     <span class='ocr_line' id='line_1_82' title="bbox 2130 3443 3838 3516; baseline 0.001 -17"><span class='ocrx_word' id='word_1_583' title='bbox 2130 3448 2187 3499; x_wconf 91' lang='lat' dir='ltr'><strong>et</strong></span> <span class='ocrx_word' id='word_1_584' title='bbox 2219 3460 2309 3499; x_wconf 91' lang='lat' dir='ltr'><strong>res</strong></span> <span class='ocrx_word' id='word_1_585' title='bbox 2342 3444 2556 3498; x_wconf 90' lang='lat' dir='ltr'><strong>multas</strong></span> <span class='ocrx_word' id='word_1_586' title='bbox 2588 3443 2869 3511; x_wconf 85' lang='lat' dir='ltr'><strong>efficiens,</strong></span> <span class='ocrx_word' id='word_1_587' title='bbox 2902 3448 3077 3514; x_wconf 88' lang='lat' dir='ltr'><strong>atque</strong></span> <span class='ocrx_word' id='word_1_588' title='bbox 3136 3445 3277 3501; x_wconf 89' lang='lat' dir='ltr'><strong>adeo</strong></span> <span class='ocrx_word' id='word_1_589' title='bbox 3309 3447 3605 3516; x_wconf 89' lang='lat' dir='ltr'><strong>quandam</strong></span> <span class='ocrx_word' id='word_1_590' title='bbox 3640 3446 3696 3502; x_wconf 91' lang='lat' dir='ltr'><strong>in</strong></span> <span class='ocrx_word' id='word_1_591' title='bbox 3730 3463 3838 3503; x_wconf 86' lang='lat' dir='ltr'><strong>no-</strong></span> 
     </span>
    </p>
   </div>
   <div class='ocr_carea' id='block_1_83' title="bbox 2132 3534 3838 3605">
    <p class='ocr_par' dir='ltr' id='par_1_83' title="bbox 2132 3534 3838 3605">
     <span class='ocr_line' id='line_1_83' title="bbox 2132 3534 3838 3605; baseline 0.002 -17"><span class='ocrx_word' id='word_1_592' title='bbox 2132 3535 2268 3589; x_wconf 90' lang='lat' dir='ltr'><strong>stris</strong></span> <span class='ocrx_word' id='word_1_593' title='bbox 2293 3534 2495 3590; x_wconf 91' lang='lat' dir='ltr'><strong>oculis.</strong></span> <span class='ocrx_word' id='word_1_594' title='bbox 2530 3535 2580 3589; x_wconf 89' lang='lat' dir='ltr'><strong>Is</strong></span> <span class='ocrx_word' id='word_1_595' title='bbox 2610 3551 2742 3604; x_wconf 82' lang='lat' dir='ltr'><strong>ergo</strong></span> <span class='ocrx_word' id='word_1_596' title='bbox 2783 3542 3090 3605; x_wconf 89' lang='lat' dir='ltr'><strong>postquam</strong></span> <span class='ocrx_word' id='word_1_597' title='bbox 3142 3552 3245 3590; x_wconf 90' lang='lat' dir='ltr'><strong>nos</strong></span> <span class='ocrx_word' id='word_1_598' title='bbox 3278 3534 3416 3590; x_wconf 88' lang='lat' dir='ltr'><strong>vidit</strong></span> <span class='ocrx_word' id='word_1_599' title='bbox 3446 3535 3743 3603; x_wconf 80' lang='lat' dir='ltr'><strong>salutavit,</strong></span> <span class='ocrx_word' id='word_1_600' title='bbox 3778 3541 3838 3591; x_wconf 86' lang='lat' dir='ltr'><strong>et</strong></span> 
     </span>
    </p>
   </div>
   <div class='ocr_carea' id='block_1_84' title="bbox 2130 3624 3838 3695">
    <p class='ocr_par' dir='ltr' id='par_1_84' title="bbox 2130 3624 3838 3695">
     <span class='ocr_line' id='line_1_84' title="bbox 2130 3624 3838 3695; baseline 0.001 -18"><span class='ocrx_word' id='word_1_601' title='bbox 2130 3640 2233 3694; x_wconf 88' lang='lat' dir='ltr'><strong>pro</strong></span> <span class='ocrx_word' id='word_1_602' title='bbox 2277 3624 2442 3679; x_wconf 90' lang='lat' dir='ltr'><strong>nobis</strong></span> <span class='ocrx_word' id='word_1_603' title='bbox 2468 3624 2669 3690; x_wconf 89' lang='lat' dir='ltr'><strong>oravit,</strong></span> <span class='ocrx_word' id='word_1_604' title='bbox 2702 3628 2757 3677; x_wconf 86' lang='lat' dir='ltr'><strong>et</strong></span> <span class='ocrx_word' id='word_1_605' title='bbox 2810 3628 3121 3694; x_wconf 89' lang='lat' dir='ltr'><strong>postquam</strong></span> <span class='ocrx_word' id='word_1_606' title='bbox 3181 3624 3356 3695; x_wconf 90' lang='lat' dir='ltr'><strong>pedes</strong></span> <span class='ocrx_word' id='word_1_607' title='bbox 3399 3630 3629 3679; x_wconf 91' lang='lat' dir='ltr'><strong>nostros</strong></span> <span class='ocrx_word' id='word_1_608' title='bbox 3660 3626 3838 3679; x_wconf 87' lang='lat' dir='ltr'><strong>lavis-</strong></span> 
     </span>
    </p>
   </div>
   <div class='ocr_carea' id='block_1_85' title="bbox 2128 3712 3839 3783">
    <p class='ocr_par' dir='ltr' id='par_1_85' title="bbox 2128 3712 3839 3783">
     <span class='ocr_line' id='line_1_85' title="bbox 2128 3712 3839 3783; baseline 0.002 -17"><span class='ocrx_word' id='word_1_609' title='bbox 2128 3717 2234 3781; x_wconf 89' lang='lat' dir='ltr'><strong>set,</strong></span> <span class='ocrx_word' id='word_1_610' title='bbox 2269 3712 2595 3767; x_wconf 89' lang='lat' dir='ltr'><strong>sciscitatus</strong></span> <span class='ocrx_word' id='word_1_611' title='bbox 2626 3716 2714 3766; x_wconf 91' lang='lat' dir='ltr'><strong>est</strong></span> <span class='ocrx_word' id='word_1_612' title='bbox 2758 3728 2791 3766; x_wconf 89' lang='lat' dir='ltr'><strong>a</strong></span> <span class='ocrx_word' id='word_1_613' title='bbox 2840 3712 3030 3778; x_wconf 87' lang='lat' dir='ltr'><strong>nobis,</strong></span> <span class='ocrx_word' id='word_1_614' title='bbox 3074 3729 3337 3783; x_wconf 68' lang='lat' dir='ltr'><strong>quaenam</strong></span> <span class='ocrx_word' id='word_1_615' title='bbox 3399 3713 3457 3768; x_wconf 93' lang='lat' dir='ltr'><strong>in</strong></span> <span class='ocrx_word' id='word_1_616' title='bbox 3494 3715 3708 3770; x_wconf 89' lang='lat' dir='ltr'><strong>mundo</strong></span> <span class='ocrx_word' id='word_1_617' title='bbox 3737 3714 3839 3769; x_wconf 87' lang='lat' dir='ltr'><strong>fie-</strong></span> 
     </span>
    </p>
   </div>
   <div class='ocr_carea' id='block_1_86' title="bbox 2126 3802 3834 3878">
    <p class='ocr_par' dir='ltr' id='par_1_86' title="bbox 2126 3802 3834 3878">
     <span class='ocr_line' id='line_1_86' title="bbox 2126 3802 3834 3878; baseline 0.004 -21"><span class='ocrx_word' id='word_1_618' title='bbox 2126 3810 2288 3869; x_wconf 90' lang='lat' dir='ltr'><strong>rent;</strong></span> <span class='ocrx_word' id='word_1_619' title='bbox 2324 3820 2428 3857; x_wconf 86' lang='lat' dir='ltr'><strong>nos</strong></span> <span class='ocrx_word' id='word_1_620' title='bbox 2484 3806 2675 3858; x_wconf 88' lang='lat' dir='ltr'><strong>autem</strong></span> <span class='ocrx_word' id='word_1_621' title='bbox 2733 3802 3084 3873; x_wconf 87' lang='lat' dir='ltr'><strong>rogavimus,</strong></span> <span class='ocrx_word' id='word_1_622' title='bbox 3137 3808 3201 3859; x_wconf 90' lang='lat' dir='ltr'><strong>ut</strong></span> <span class='ocrx_word' id='word_1_623' title='bbox 3249 3805 3369 3875; x_wconf 88' lang='lat' dir='ltr'><strong>ipse</strong></span> <span class='ocrx_word' id='word_1_624' title='bbox 3428 3806 3593 3861; x_wconf 89' lang='lat' dir='ltr'><strong>nobis</strong></span> <span class='ocrx_word' id='word_1_625' title='bbox 3638 3807 3834 3878; x_wconf 89' lang='lat' dir='ltr'><strong>potius</strong></span> 
     </span>
    </p>
   </div>
   <div class='ocr_carea' id='block_1_87' title="bbox 2124 3892 3832 3966">
    <p class='ocr_par' dir='ltr' id='par_1_87' title="bbox 2124 3892 3832 3966">
     <span class='ocr_line' id='line_1_87' title="bbox 2124 3892 3832 3966; baseline 0.002 -18"><span class='ocrx_word' id='word_1_626' title='bbox 2124 3897 2435 3964; x_wconf 89' lang='lat' dir='ltr'><strong>exponeret</strong></span> <span class='ocrx_word' id='word_1_627' title='bbox 2491 3892 2581 3947; x_wconf 89' lang='lat' dir='ltr'><strong>sui</strong></span> <span class='ocrx_word' id='word_1_628' title='bbox 2630 3892 2756 3947; x_wconf 70' lang='lat' dir='ltr'><strong>vita:</strong></span> <span class='ocrx_word' id='word_1_629' title='bbox 2806 3892 3058 3949; x_wconf 90' lang='lat' dir='ltr'><strong>instituti</strong></span> <span class='ocrx_word' id='word_1_630' title='bbox 3104 3894 3363 3963; x_wconf 89' lang='lat' dir='ltr'><strong>virtutes,</strong></span> <span class='ocrx_word' id='word_1_631' title='bbox 3398 3901 3453 3950; x_wconf 88' lang='lat' dir='ltr'><strong>et</strong></span> <span class='ocrx_word' id='word_1_632' title='bbox 3504 3912 3618 3966; x_wconf 91' lang='lat' dir='ltr'><strong>quo</strong></span> <span class='ocrx_word' id='word_1_633' title='bbox 3660 3899 3832 3952; x_wconf 87' lang='lat' dir='ltr'><strong>modo</strong></span> 
     </span>
    </p>
   </div>
   <div class='ocr_carea' id='block_1_88' title="bbox 2122 3981 3830 4053">
    <p class='ocr_par' dir='ltr' id='par_1_88' title="bbox 2122 3981 3830 4053">
     <span class='ocr_line' id='line_1_88' title="bbox 2122 3981 3830 4053; baseline 0.003 -16"><span class='ocrx_word' id='word_1_634' title='bbox 2122 3986 2275 4037; x_wconf 89' lang='lat' dir='ltr'><strong>esset</strong></span> <span class='ocrx_word' id='word_1_635' title='bbox 2315 3984 2467 4037; x_wconf 92' lang='lat' dir='ltr'><strong>Deus</strong></span> <span class='ocrx_word' id='word_1_636' title='bbox 2497 3981 2546 4036; x_wconf 92' lang='lat' dir='ltr'><strong>ei</strong></span> <span class='ocrx_word' id='word_1_637' title='bbox 2580 3983 2733 4037; x_wconf 88' lang='lat' dir='ltr'><strong>dona</strong></span> <span class='ocrx_word' id='word_1_638' title='bbox 2759 3982 3022 4053; x_wconf 83' lang='lat' dir='ltr'><strong>largitus,</strong></span> <span class='ocrx_word' id='word_1_639' title='bbox 3046 3987 3101 4037; x_wconf 90' lang='lat' dir='ltr'><strong>et</strong></span> <span class='ocrx_word' id='word_1_640' title='bbox 3125 4000 3377 4053; x_wconf 90' lang='lat' dir='ltr'><strong>quanam</strong></span> <span class='ocrx_word' id='word_1_641' title='bbox 3411 3986 3632 4041; x_wconf 89' lang='lat' dir='ltr'><strong>ratione</strong></span> <span class='ocrx_word' id='word_1_642' title='bbox 3685 3987 3830 4042; x_wconf 87' lang='lat' dir='ltr'><strong>fuis-</strong></span> 
     </span>
    </p>
   </div>
   <div class='ocr_carea' id='block_1_89' title="bbox 2122 4072 3826 4143">
    <p class='ocr_par' dir='ltr' id='par_1_89' title="bbox 2122 4072 3826 4143">
     <span class='ocr_line' id='line_1_89' title="bbox 2122 4072 3826 4143; baseline 0.002 -14"><span class='ocrx_word' id='word_1_643' title='bbox 2122 4077 2209 4129; x_wconf 89' lang='lat' dir='ltr'><strong>set</strong></span> <span class='ocrx_word' id='word_1_644' title='bbox 2241 4074 2529 4143; x_wconf 88' lang='lat' dir='ltr'><strong>particeps</strong></span> <span class='ocrx_word' id='word_1_645' title='bbox 2560 4072 2686 4139; x_wconf 89' lang='lat' dir='ltr'><strong>ejus</strong></span> <span class='ocrx_word' id='word_1_646' title='bbox 2716 4073 2931 4143; x_wconf 69' lang='lat' dir='ltr'><strong>gratiae.</strong></span> <span class='ocrx_word' id='word_1_647' title='bbox 2966 4072 3020 4127; x_wconf 91' lang='lat' dir='ltr'><strong>Is</strong></span> <span class='ocrx_word' id='word_1_648' title='bbox 3062 4077 3255 4129; x_wconf 87' lang='lat' dir='ltr'><strong>autem</strong></span> <span class='ocrx_word' id='word_1_649' title='bbox 3290 4075 3453 4130; x_wconf 88' lang='lat' dir='ltr'><strong>nulla</strong></span> <span class='ocrx_word' id='word_1_650' title='bbox 3481 4092 3546 4131; x_wconf 91' lang='lat' dir='ltr'><strong>eo</strong></span> <span class='ocrx_word' id='word_1_651' title='bbox 3589 4078 3826 4133; x_wconf 89' lang='lat' dir='ltr'><strong>nomine</strong></span> 
     </span>
    </p>
   </div>
   <div class='ocr_carea' id='block_1_90' title="bbox 2120 4162 3834 4234">
    <p class='ocr_par' dir='ltr' id='par_1_90' title="bbox 2120 4162 3834 4234">
     <span class='ocr_line' id='line_1_90' title="bbox 2120 4162 3834 4234; baseline 0.002 -16"><span class='ocrx_word' id='word_1_652' title='bbox 2120 4162 2307 4218; x_wconf 90' lang='lat' dir='ltr'><strong>elatus</strong></span> <span class='ocrx_word' id='word_1_653' title='bbox 2350 4163 2623 4234; x_wconf 90' lang='lat' dir='ltr'><strong>superbia</strong></span> <span class='ocrx_word' id='word_1_654' title='bbox 2665 4162 2832 4218; x_wconf 90' lang='lat' dir='ltr'><strong>nobis</strong></span> <span class='ocrx_word' id='word_1_655' title='bbox 2886 4179 3053 4218; x_wconf 90' lang='lat' dir='ltr'><strong>suam</strong></span> <span class='ocrx_word' id='word_1_656' title='bbox 3112 4163 3291 4219; x_wconf 89' lang='lat' dir='ltr'><strong>vitam</strong></span> <span class='ocrx_word' id='word_1_657' title='bbox 3324 4166 3596 4233; x_wconf 88' lang='lat' dir='ltr'><strong>narravit,</strong></span> <span class='ocrx_word' id='word_1_658' title='bbox 3630 4172 3834 4222; x_wconf 88' lang='lat' dir='ltr'><strong>etma-</strong></span> 
     </span>
    </p>
   </div>
   <div class='ocr_carea' id='block_1_91' title="bbox 2112 4254 3836 4327">
    <p class='ocr_par' dir='ltr' id='par_1_91' title="bbox 2112 4254 3836 4327">
     <span class='ocr_line' id='line_1_91' title="bbox 2112 4254 3836 4327; baseline 0.003 -18"><span class='ocrx_word' id='word_1_659' title='bbox 2112 4255 2311 4326; x_wconf 89' lang='lat' dir='ltr'><strong>jorum</strong></span> <span class='ocrx_word' id='word_1_660' title='bbox 2342 4270 2587 4308; x_wconf 90' lang='lat' dir='ltr'><strong>suorum</strong></span> <span class='ocrx_word' id='word_1_661' title='bbox 2622 4255 2723 4325; x_wconf 92' lang='lat' dir='ltr'><strong>qui</strong></span> <span class='ocrx_word' id='word_1_662' title='bbox 2782 4254 2978 4326; x_wconf 92' lang='lat' dir='ltr'><strong>ipsum</strong></span> <span class='ocrx_word' id='word_1_663' title='bbox 3017 4260 3391 4326; x_wconf 84' lang='lat' dir='ltr'><strong>superarunt,</strong></span> <span class='ocrx_word' id='word_1_664' title='bbox 3428 4273 3679 4327; x_wconf 90' lang='lat' dir='ltr'><strong>quorum</strong></span> <span class='ocrx_word' id='word_1_665' title='bbox 3713 4259 3836 4327; x_wconf 87' lang='lat' dir='ltr'><strong>ipse</strong></span> 
     </span>
    </p>
   </div>
   <div class='ocr_carea' id='block_1_92' title="bbox 2118 4343 3831 4416">
    <p class='ocr_par' dir='ltr' id='par_1_92' title="bbox 2118 4343 3831 4416">
     <span class='ocr_line' id='line_1_92' title="bbox 2118 4343 3831 4416; baseline 0.001 -17"><span class='ocrx_word' id='word_1_666' title='bbox 2118 4344 2245 4399; x_wconf 77' lang='lat' dir='ltr'><strong>vita:</strong></span> <span class='ocrx_word' id='word_1_667' title='bbox 2282 4344 2619 4398; x_wconf 89' lang='lat' dir='ltr'><strong>institutum</strong></span> <span class='ocrx_word' id='word_1_668' title='bbox 2654 4352 2740 4399; x_wconf 90' lang='lat' dir='ltr'><strong>est</strong></span> <span class='ocrx_word' id='word_1_669' title='bbox 2772 4343 3073 4400; x_wconf 90' lang='lat' dir='ltr'><strong>imitatus:</strong></span> <span class='ocrx_word' id='word_1_670' title='bbox 3105 4344 3228 4399; x_wconf 92' lang='lat' dir='ltr'><strong>Non</strong></span> <span class='ocrx_word' id='word_1_671' title='bbox 3271 4350 3373 4415; x_wconf 84' lang='lat' dir='ltr'><strong>est,</strong></span> <span class='ocrx_word' id='word_1_672' title='bbox 3398 4346 3608 4416; x_wconf 90' lang='lat' dir='ltr'><strong>inquit,</strong></span> <span class='ocrx_word' id='word_1_673' title='bbox 3635 4363 3666 4402; x_wconf 92' lang='lat' dir='ltr'><strong>o</strong></span> <span class='ocrx_word' id='word_1_674' title='bbox 3702 4346 3831 4412; x_wconf 82' lang='lat' dir='ltr'><strong>lilii,</strong></span> 
     </span>
    </p>
   </div>
   <div class='ocr_carea' id='block_1_93' title="bbox 2117 4433 3825 4505">
    <p class='ocr_par' dir='ltr' id='par_1_93' title="bbox 2117 4433 3825 4505">
     <span class='ocr_line' id='line_1_93' title="bbox 2117 4433 3825 4505; baseline -0.001 -16"><span class='ocrx_word' id='word_1_675' title='bbox 2117 4435 2270 4505; x_wconf 91' lang='lat' dir='ltr'><strong>quod</strong></span> <span class='ocrx_word' id='word_1_676' title='bbox 2304 4450 2337 4489; x_wconf 92' lang='lat' dir='ltr'><strong>a</strong></span> <span class='ocrx_word' id='word_1_677' title='bbox 2367 4449 2461 4488; x_wconf 90' lang='lat' dir='ltr'><strong>me</strong></span> <span class='ocrx_word' id='word_1_678' title='bbox 2518 4434 2579 4487; x_wconf 83' lang='lat' dir='ltr'><strong>fit</strong></span> <span class='ocrx_word' id='word_1_679' title='bbox 2610 4433 2974 4505; x_wconf 87' lang='lat' dir='ltr'><strong>admirabile,</strong></span> <span class='ocrx_word' id='word_1_680' title='bbox 3008 4433 3055 4490; x_wconf 92' lang='lat' dir='ltr'><strong>si</strong></span> <span class='ocrx_word' id='word_1_681' title='bbox 3080 4435 3398 4491; x_wconf 85' lang='lat' dir='ltr'><strong>conferatur</strong></span> <span class='ocrx_word' id='word_1_682' title='bbox 3425 4450 3553 4488; x_wconf 89' lang='lat' dir='ltr'><strong>cum</strong></span> <span class='ocrx_word' id='word_1_683' title='bbox 3588 4434 3659 4488; x_wconf 87' lang='lat' dir='ltr'><strong>iis</strong></span> <span class='ocrx_word' id='word_1_684' title='bbox 3692 4451 3825 4503; x_wconf 81' lang='lat' dir='ltr'><strong>quae</strong></span> 
     </span>
    </p>
   </div>
   <div class='ocr_carea' id='block_1_94' title="bbox 2116 4522 3815 4595">
    <p class='ocr_par' dir='ltr' id='par_1_94' title="bbox 2116 4522 3815 4595">
     <span class='ocr_line' id='line_1_94' title="bbox 2116 4522 3815 4595; baseline -0.001 -17"><span class='ocrx_word' id='word_1_685' title='bbox 2116 4524 2173 4579; x_wconf 89' lang='lat' dir='ltr'><strong>in</strong></span> <span class='ocrx_word' id='word_1_686' title='bbox 2206 4524 2321 4579; x_wconf 85' lang='lat' dir='ltr'><strong>vita</strong></span> <span class='ocrx_word' id='word_1_687' title='bbox 2353 4528 2513 4595; x_wconf 84' lang='lat' dir='ltr'><strong>gesta</strong></span> <span class='ocrx_word' id='word_1_688' title='bbox 2544 4528 2683 4579; x_wconf 90' lang='lat' dir='ltr'><strong>sunt</strong></span> <span class='ocrx_word' id='word_1_689' title='bbox 2713 4541 2746 4578; x_wconf 89' lang='lat' dir='ltr'><strong>a</strong></span> <span class='ocrx_word' id='word_1_690' title='bbox 2799 4523 3067 4580; x_wconf 90' lang='lat' dir='ltr'><strong>Patribus</strong></span> <span class='ocrx_word' id='word_1_691' title='bbox 3100 4524 3324 4581; x_wconf 88' lang='lat' dir='ltr'><strong>nostris.</strong></span> <span class='ocrx_word' id='word_1_692' title='bbox 3357 4522 3580 4575; x_wconf 84' lang='lat' dir='ltr'><strong>Etcum</strong></span> <span class='ocrx_word' id='word_1_693' title='bbox 3612 4538 3815 4577; x_wconf 89' lang='lat' dir='ltr'><strong>narra-</strong></span> 
     </span>
    </p>
   </div>
   <div class='ocr_carea' id='block_1_95' title="bbox 305 4605 3811 4687">
    <p class='ocr_par' dir='ltr' id='par_1_95' title="bbox 305 4605 3811 4687">
     <span class='ocr_line' id='line_1_95' title="bbox 305 4605 3811 4687; baseline 0.001 -18"><span class='ocrx_word' id='word_1_694' title='bbox 305 4616 504 4671; x_wconf 91' lang='lat' dir='ltr'><strong>Videte</strong></span> <span class='ocrx_word' id='word_1_695' title='bbox 534 4618 821 4686; x_wconf 89' lang='lat' dir='ltr'><strong>quantum</strong></span> <span class='ocrx_word' id='word_1_696' title='bbox 872 4614 1012 4669; x_wconf 91' lang='lat' dir='ltr'><strong>estis</strong></span> <span class='ocrx_word' id='word_1_697' title='bbox 1059 4614 1265 4669; x_wconf 88' lang='lat' dir='ltr'><strong>bestiis</strong></span> <span class='ocrx_word' id='word_1_698' title='bbox 1305 4617 1685 4687; x_wconf 87' lang='lat' dir='ltr'><strong>agrestiorcs;</strong></span> <span class='ocrx_word' id='word_1_699' title='bbox 1720 4635 1854 4673; x_wconf 90' lang='lat' dir='ltr'><strong>nam</strong></span> <span class='ocrx_word' id='word_1_700' title='bbox 1888 4620 2011 4675; x_wconf 68' lang='lat' dir='ltr'><strong>istae</strong></span> <span class='ocrx_word' id='word_1_701' title='bbox 2045 4605 2089 4669; x_wconf 84' lang='lat' dir='ltr'><strong>D</strong></span> <span class='ocrx_word' id='word_1_702' title='bbox 2123 4622 2203 4667; x_wconf 71' lang='lat' dir='ltr'><strong>r81</strong></span> <span class='ocrx_word' id='word_1_703' title='bbox 2262 4612 2430 4667; x_wconf 79' lang='lat' dir='ltr'><strong>DObiS</strong></span> <span class='ocrx_word' id='word_1_704' title='bbox 2490 4614 2701 4683; x_wconf 83' lang='lat' dir='ltr'><strong>Copres</strong></span> <span class='ocrx_word' id='word_1_705' title='bbox 2758 4613 3057 4684; x_wconf 71' lang='lat' dir='ltr'><strong>presbyter</strong></span> <span class='ocrx_word' id='word_1_706' title='bbox 3101 4628 3224 4685; x_wconf 56' lang='lat' dir='ltr'><strong>qua?</strong></span> <span class='ocrx_word' id='word_1_707' title='bbox 3254 4612 3396 4665; x_wconf 63' lang='lat' dir='ltr'><strong>recte</strong></span> <span class='ocrx_word' id='word_1_708' title='bbox 3426 4612 3481 4665; x_wconf 63' lang='lat' dir='ltr'><strong>et</strong></span> <span class='ocrx_word' id='word_1_709' title='bbox 3501 4624 3566 4663; x_wconf 74' lang='lat' dir='ltr'><strong>ex</strong></span> <span class='ocrx_word' id='word_1_710' title='bbox 3600 4608 3811 4665; x_wconf 65' lang='lat' dir='ltr'><strong>Virtute</strong></span> 
     </span>
    </p>
   </div>
   <div class='ocr_carea' id='block_1_96' title="bbox 303 4700 2007 4777">
    <p class='ocr_par' dir='ltr' id='par_1_96' title="bbox 303 4700 2007 4777">
     <span class='ocr_line' id='line_1_96' title="bbox 303 4700 2007 4777; baseline 0.002 -16"><span class='ocrx_word' id='word_1_711' title='bbox 303 4706 541 4777; x_wconf 88' lang='lat' dir='ltr'><strong>quidem</strong></span> <span class='ocrx_word' id='word_1_712' title='bbox 574 4700 811 4777; x_wconf 83' lang='lat' dir='ltr'><strong>propter</strong></span> <span class='ocrx_word' id='word_1_713' title='bbox 840 4704 1021 4760; x_wconf 92' lang='lat' dir='ltr'><strong>Deum</strong></span> <span class='ocrx_word' id='word_1_714' title='bbox 1056 4712 1267 4761; x_wconf 81' lang='lat' dir='ltr'><strong>nostrae</strong></span> <span class='ocrx_word' id='word_1_715' title='bbox 1308 4710 1515 4777; x_wconf 89' lang='lat' dir='ltr'><strong>parent</strong></span> <span class='ocrx_word' id='word_1_716' title='bbox 1573 4706 1873 4769; x_wconf 85' lang='lat' dir='ltr'><strong>voluntati,</strong></span> <span class='ocrx_word' id='word_1_717' title='bbox 1907 4726 2007 4765; x_wconf 90' lang='lat' dir='ltr'><strong>vos</strong></span> 
     </span>
    </p>
   </div>
   <div class='ocr_carea' id='block_1_97' title="bbox 303 4794 2005 4864">
    <p class='ocr_par' dir='ltr' id='par_1_97' title="bbox 303 4794 2005 4864">
     <span class='ocr_line' id='line_1_97' title="bbox 303 4794 2005 4864; baseline 0.003 -16"><span class='ocrx_word' id='word_1_718' title='bbox 303 4799 493 4848; x_wconf 89' lang='lat' dir='ltr'><strong>autem</strong></span> <span class='ocrx_word' id='word_1_719' title='bbox 527 4810 716 4864; x_wconf 91' lang='lat' dir='ltr'><strong>neque</strong></span> <span class='ocrx_word' id='word_1_720' title='bbox 750 4795 928 4849; x_wconf 92' lang='lat' dir='ltr'><strong>Deum</strong></span> <span class='ocrx_word' id='word_1_721' title='bbox 962 4794 1268 4862; x_wconf 87' lang='lat' dir='ltr'><strong>timuistis,</strong></span> <span class='ocrx_word' id='word_1_722' title='bbox 1302 4811 1488 4864; x_wconf 86' lang='lat' dir='ltr'><strong>neque</strong></span> <span class='ocrx_word' id='word_1_723' title='bbox 1538 4794 2005 4853; x_wconf 88' lang='lat' dir='ltr'><strong>Christianorum</strong></span> 
     </span>
    </p>
   </div>
   <div class='ocr_carea' id='block_1_98' title="bbox 300 4882 2004 4955">
    <p class='ocr_par' dir='ltr' id='par_1_98' title="bbox 300 4882 2004 4955">
     <span class='ocr_line' id='line_1_98' title="bbox 300 4882 2004 4955; baseline 0.003 -18"><span class='ocrx_word' id='word_1_724' title='bbox 300 4882 441 4937; x_wconf 87' lang='lat' dir='ltr'><strong>estis</strong></span> <span class='ocrx_word' id='word_1_725' title='bbox 498 4882 726 4937; x_wconf 89' lang='lat' dir='ltr'><strong>reveriti</strong></span> <span class='ocrx_word' id='word_1_726' title='bbox 794 4884 1153 4955; x_wconf 82' lang='lat' dir='ltr'><strong>religionem.</strong></span> <span class='ocrx_word' id='word_1_727' title='bbox 1189 4884 1539 4939; x_wconf 87' lang='lat' dir='ltr'><strong>Introductis</strong></span> <span class='ocrx_word' id='word_1_728' title='bbox 1596 4889 1789 4941; x_wconf 87' lang='lat' dir='ltr'><strong>autem</strong></span> <span class='ocrx_word' id='word_1_729' title='bbox 1834 4886 1915 4942; x_wconf 86' lang='lat' dir='ltr'><strong>eis</strong></span> <span class='ocrx_word' id='word_1_730' title='bbox 1947 4887 2004 4942; x_wconf 88' lang='lat' dir='ltr'><strong>in</strong></span> 
     </span>
    </p>
   </div>
   <div class='ocr_carea' id='block_1_99' title="bbox 302 4970 2008 5043">
    <p class='ocr_par' dir='ltr' id='par_1_99' title="bbox 302 4970 2008 5043">
     <span class='ocr_line' id='line_1_99' title="bbox 302 4970 2008 5043; baseline 0.002 -16"><span class='ocrx_word' id='word_1_731' title='bbox 302 4970 531 5037; x_wconf 90' lang='lat' dir='ltr'><strong>cellam,</strong></span> <span class='ocrx_word' id='word_1_732' title='bbox 565 4986 825 5025; x_wconf 88' lang='lat' dir='ltr'><strong>mensam</strong></span> <span class='ocrx_word' id='word_1_733' title='bbox 861 4976 1150 5043; x_wconf 90' lang='lat' dir='ltr'><strong>apposuit,</strong></span> <span class='ocrx_word' id='word_1_734' title='bbox 1174 4976 1231 5027; x_wconf 91' lang='lat' dir='ltr'><strong>et</strong></span> <span class='ocrx_word' id='word_1_735' title='bbox 1289 4973 1514 5028; x_wconf 90' lang='lat' dir='ltr'><strong>monuit</strong></span> <span class='ocrx_word' id='word_1_736' title='bbox 1564 4978 1626 5028; x_wconf 92' lang='lat' dir='ltr'><strong>ut</strong></span> <span class='ocrx_word' id='word_1_737' title='bbox 1658 4991 1844 5031; x_wconf 85' lang='lat' dir='ltr'><strong>mores</strong></span> <span class='ocrx_word' id='word_1_738' title='bbox 1878 4992 2008 5030; x_wconf 89' lang='lat' dir='ltr'><strong>mu-</strong></span> 
     </span>
    </p>
   </div>
   <div class='ocr_carea' id='block_1_100' title="bbox 306 5056 2005 5134">
    <p class='ocr_par' dir='ltr' id='par_1_100' title="bbox 306 5056 2005 5134">
     <span class='ocr_line' id='line_1_100' title="bbox 306 5056 2005 5134; baseline 0.002 -19"><span class='ocrx_word' id='word_1_739' title='bbox 306 5062 518 5115; x_wconf 89' lang='lat' dir='ltr'><strong>tarent.</strong></span> <span class='ocrx_word' id='word_1_740' title='bbox 564 5056 655 5112; x_wconf 89' lang='lat' dir='ltr'><strong>Illi</strong></span> <span class='ocrx_word' id='word_1_741' title='bbox 697 5062 885 5115; x_wconf 89' lang='lat' dir='ltr'><strong>autem</strong></span> <span class='ocrx_word' id='word_1_742' title='bbox 928 5071 1253 5133; x_wconf 86' lang='lat' dir='ltr'><strong>surgentes,</strong></span> <span class='ocrx_word' id='word_1_743' title='bbox 1313 5064 1581 5134; x_wconf 88' lang='lat' dir='ltr'><strong>protinus</strong></span> <span class='ocrx_word' id='word_1_744' title='bbox 1637 5065 1836 5120; x_wconf 89' lang='lat' dir='ltr'><strong>multis</strong></span> <span class='ocrx_word' id='word_1_745' title='bbox 1901 5065 2005 5120; x_wconf 90' lang='lat' dir='ltr'><strong>visi</strong></span> 
     </span>
    </p>
   </div>
   <div class='ocr_carea' id='block_1_101' title="bbox 308 5148 2006 5226">
    <p class='ocr_par' dir='ltr' id='par_1_101' title="bbox 308 5148 2006 5226">
     <span class='ocr_line' id='line_1_101' title="bbox 308 5148 2006 5226; baseline 0.001 -20"><span class='ocrx_word' id='word_1_746' title='bbox 308 5153 445 5206; x_wconf 82' lang='lat' dir='ltr'><strong>sunt</strong></span> <span class='ocrx_word' id='word_1_747' title='bbox 477 5148 767 5214; x_wconf 89' lang='lat' dir='ltr'><strong>meliores,</strong></span> <span class='ocrx_word' id='word_1_748' title='bbox 800 5166 915 5205; x_wconf 90' lang='lat' dir='ltr'><strong>non</strong></span> <span class='ocrx_word' id='word_1_749' title='bbox 976 5153 1154 5207; x_wconf 91' lang='lat' dir='ltr'><strong>multo</strong></span> <span class='ocrx_word' id='word_1_750' title='bbox 1205 5161 1330 5224; x_wconf 90' lang='lat' dir='ltr'><strong>post</strong></span> <span class='ocrx_word' id='word_1_751' title='bbox 1380 5156 1567 5209; x_wconf 87' lang='lat' dir='ltr'><strong>autem</strong></span> <span class='ocrx_word' id='word_1_752' title='bbox 1630 5154 1737 5224; x_wconf 87' lang='lat' dir='ltr'><strong>ipsi</strong></span> <span class='ocrx_word' id='word_1_753' title='bbox 1774 5170 2006 5226; x_wconf 90' lang='lat' dir='ltr'><strong>quoque</strong></span> 
     </span>
    </p>
   </div>
   <div class='ocr_carea' id='block_1_102' title="bbox 304 5238 1225 5309">
    <p class='ocr_par' dir='ltr' id='par_1_102' title="bbox 304 5238 1225 5309">
     <span class='ocr_line' id='line_1_102' title="bbox 304 5238 1225 5309; baseline 0.001 -14"><span class='ocrx_word' id='word_1_754' title='bbox 304 5241 409 5297; x_wconf 80' lang='lat' dir='ltr'><strong>visi</strong></span> <span class='ocrx_word' id='word_1_755' title='bbox 443 5243 584 5297; x_wconf 91' lang='lat' dir='ltr'><strong>sunt</strong></span> <span class='ocrx_word' id='word_1_756' title='bbox 605 5238 805 5295; x_wconf 88' lang='lat' dir='ltr'><strong>eadem</strong></span> <span class='ocrx_word' id='word_1_757' title='bbox 830 5238 997 5309; x_wconf 89' lang='lat' dir='ltr'><strong>signa</strong></span> <span class='ocrx_word' id='word_1_758' title='bbox 1024 5241 1225 5296; x_wconf 85' lang='lat' dir='ltr'><strong>facere.</strong></span> 
     </span>
    </p>
   </div>
   <div class='ocr_carea' id='block_1_103' title="bbox 372 5329 2004 5404">
    <p class='ocr_par' dir='ltr' id='par_1_103' title="bbox 372 5329 2004 5404">
     <span class='ocr_line' id='line_1_103' title="bbox 372 5329 2004 5404; baseline 0.001 -17"><span class='ocrx_word' id='word_1_759' title='bbox 372 5332 701 5403; x_wconf 83' lang='lat' dir='ltr'><strong>Aliquando</strong></span> <span class='ocrx_word' id='word_1_760' title='bbox 734 5333 949 5396; x_wconf 90' lang='lat' dir='ltr'><strong>autem,</strong></span> <span class='ocrx_word' id='word_1_761' title='bbox 986 5329 1192 5399; x_wconf 89' lang='lat' dir='ltr'><strong>inquit,</strong></span> <span class='ocrx_word' id='word_1_762' title='bbox 1215 5348 1346 5386; x_wconf 92' lang='lat' dir='ltr'><strong>cum</strong></span> <span class='ocrx_word' id='word_1_763' title='bbox 1381 5348 1529 5388; x_wconf 89' lang='lat' dir='ltr'><strong>unus</strong></span> <span class='ocrx_word' id='word_1_764' title='bbox 1563 5349 1807 5404; x_wconf 88' lang='lat' dir='ltr'><strong>magnus</strong></span> <span class='ocrx_word' id='word_1_765' title='bbox 1832 5334 2004 5388; x_wconf 87' lang='lat' dir='ltr'><strong>draco</strong></span> 
     </span>
    </p>
   </div>
   <div class='ocr_carea' id='block_1_104' title="bbox 304 5420 2007 5495">
    <p class='ocr_par' dir='ltr' id='par_1_104' title="bbox 304 5420 2007 5495">
     <span class='ocr_line' id='line_1_104' title="bbox 304 5420 2007 5495; baseline 0.001 -18"><span class='ocrx_word' id='word_1_766' title='bbox 304 5424 686 5495; x_wconf 85' lang='lat' dir='ltr'><strong>prepinquam</strong></span> <span class='ocrx_word' id='word_1_767' title='bbox 738 5423 990 5475; x_wconf 88' lang='lat' dir='ltr'><strong>vastaret</strong></span> <span class='ocrx_word' id='word_1_768' title='bbox 1038 5420 1354 5491; x_wconf 84' lang='lat' dir='ltr'><strong>regionem.</strong></span> <span class='ocrx_word' id='word_1_769' title='bbox 1389 5426 1447 5476; x_wconf 86' lang='lat' dir='ltr'><strong>et</strong></span> <span class='ocrx_word' id='word_1_770' title='bbox 1506 5422 1688 5478; x_wconf 89' lang='lat' dir='ltr'><strong>multa</strong></span> <span class='ocrx_word' id='word_1_771' title='bbox 1719 5425 2007 5480; x_wconf 88' lang='lat' dir='ltr'><strong>occideret</strong></span> 
     </span>
    </p>
   </div>
   <div class='ocr_carea' id='block_1_105' title="bbox 300 5508 1990 5581">
    <p class='ocr_par' dir='ltr' id='par_1_105' title="bbox 300 5508 1990 5581">
     <span class='ocr_line' id='line_1_105' title="bbox 300 5508 1990 5581; baseline 0.003 -17"><span class='ocrx_word' id='word_1_772' title='bbox 300 5512 594 5576; x_wconf 84' lang='lat' dir='ltr'><strong>animalia,</strong></span> <span class='ocrx_word' id='word_1_773' title='bbox 629 5511 968 5581; x_wconf 88' lang='lat' dir='ltr'><strong>quicunque</strong></span> <span class='ocrx_word' id='word_1_774' title='bbox 999 5508 1342 5565; x_wconf 88' lang='lat' dir='ltr'><strong>habitabant</strong></span> <span class='ocrx_word' id='word_1_775' title='bbox 1374 5511 1535 5580; x_wconf 83' lang='lat' dir='ltr'><strong>juxta</strong></span> <span class='ocrx_word' id='word_1_776' title='bbox 1593 5512 1990 5580; x_wconf 85' lang='lat' dir='ltr'><strong>solitudinem,</strong></span> 
     </span>
    </p>
   </div>
   <div class='ocr_carea' id='block_1_106' title="bbox 298 5600 2001 5674">
    <p class='ocr_par' dir='ltr' id='par_1_106' title="bbox 298 5600 2001 5674">
     <span class='ocr_line' id='line_1_106' title="bbox 298 5600 2001 5674; baseline 0.003 -19"><span class='ocrx_word' id='word_1_777' title='bbox 298 5615 500 5655; x_wconf 90' lang='lat' dir='ltr'><strong>omnes</strong></span> <span class='ocrx_word' id='word_1_778' title='bbox 549 5600 726 5655; x_wconf 90' lang='lat' dir='ltr'><strong>simul</strong></span> <span class='ocrx_word' id='word_1_779' title='bbox 784 5605 1067 5658; x_wconf 90' lang='lat' dir='ltr'><strong>venerunt</strong></span> <span class='ocrx_word' id='word_1_780' title='bbox 1097 5602 1168 5656; x_wconf 92' lang='lat' dir='ltr'><strong>ad</strong></span> <span class='ocrx_word' id='word_1_781' title='bbox 1230 5601 1475 5670; x_wconf 90' lang='lat' dir='ltr'><strong>Patrem,</strong></span> <span class='ocrx_word' id='word_1_782' title='bbox 1511 5608 1779 5674; x_wconf 88' lang='lat' dir='ltr'><strong>rogantes</strong></span> <span class='ocrx_word' id='word_1_783' title='bbox 1813 5608 1874 5659; x_wconf 88' lang='lat' dir='ltr'><strong>ut</strong></span> <span class='ocrx_word' id='word_1_784' title='bbox 1904 5606 2001 5661; x_wconf 88' lang='lat' dir='ltr'><strong>de-</strong></span> 
     </span>
    </p>
   </div>
   <div class='ocr_carea' id='block_1_107' title="bbox 295 5689 2002 5764">
    <p class='ocr_par' dir='ltr' id='par_1_107' title="bbox 295 5689 2002 5764">
     <span class='ocr_line' id='line_1_107' title="bbox 295 5689 2002 5764; baseline 0.001 -17"><span class='ocrx_word' id='word_1_785' title='bbox 295 5689 511 5748; x_wconf 87' lang='lat' dir='ltr'><strong>leretur</strong></span> <span class='ocrx_word' id='word_1_786' title='bbox 541 5690 736 5747; x_wconf 89' lang='lat' dir='ltr'><strong>bellua</strong></span> <span class='ocrx_word' id='word_1_787' title='bbox 766 5708 834 5746; x_wconf 85' lang='lat' dir='ltr'><strong>ex</strong></span> <span class='ocrx_word' id='word_1_788' title='bbox 887 5706 1087 5748; x_wconf 90' lang='lat' dir='ltr'><strong>eorum</strong></span> <span class='ocrx_word' id='word_1_789' title='bbox 1138 5691 1390 5764; x_wconf 89' lang='lat' dir='ltr'><strong>regione.</strong></span> <span class='ocrx_word' id='word_1_790' title='bbox 1428 5692 1481 5747; x_wconf 90' lang='lat' dir='ltr'><strong>Is</strong></span> <span class='ocrx_word' id='word_1_791' title='bbox 1530 5696 1724 5749; x_wconf 88' lang='lat' dir='ltr'><strong>autem</strong></span> <span class='ocrx_word' id='word_1_792' title='bbox 1770 5709 1868 5749; x_wconf 91' lang='lat' dir='ltr'><strong>eos</strong></span> <span class='ocrx_word' id='word_1_793' title='bbox 1919 5694 2002 5749; x_wconf 89' lang='lat' dir='ltr'><strong>ita</strong></span> 
     </span>
    </p>
   </div>
   <div class='ocr_carea' id='block_1_108' title="bbox 2118 4699 3820 4773">
    <p class='ocr_par' dir='ltr' id='par_1_108' title="bbox 2118 4699 3820 4773">
     <span class='ocr_line' id='line_1_108' title="bbox 2118 4699 3820 4773; baseline -0.001 -17"><span class='ocrx_word' id='word_1_794' title='bbox 2118 4710 2277 4773; x_wconf 87' lang='lat' dir='ltr'><strong>gesta</strong></span> <span class='ocrx_word' id='word_1_795' title='bbox 2310 4704 2540 4757; x_wconf 90' lang='lat' dir='ltr'><strong>fuerant</strong></span> <span class='ocrx_word' id='word_1_796' title='bbox 2584 4719 2615 4757; x_wconf 90' lang='lat' dir='ltr'><strong>a</strong></span> <span class='ocrx_word' id='word_1_797' title='bbox 2656 4702 2949 4771; x_wconf 90' lang='lat' dir='ltr'><strong>Patribus,</strong></span> <span class='ocrx_word' id='word_1_798' title='bbox 2979 4720 3131 4758; x_wconf 91' lang='lat' dir='ltr'><strong>unus</strong></span> <span class='ocrx_word' id='word_1_799' title='bbox 3182 4719 3249 4759; x_wconf 75' lang='lat' dir='ltr'><strong>ex</strong></span> <span class='ocrx_word' id='word_1_800' title='bbox 3296 4699 3567 4756; x_wconf 83' lang='lat' dir='ltr'><strong>fratribus</strong></span> <span class='ocrx_word' id='word_1_801' title='bbox 3608 4699 3820 4755; x_wconf 86' lang='lat' dir='ltr'><strong>nostris</strong></span> 
     </span>
    </p>
   </div>
   <div class='ocr_carea' id='block_1_109' title="bbox 2118 4790 3821 4864">
    <p class='ocr_par' dir='ltr' id='par_1_109' title="bbox 2118 4790 3821 4864">
     <span class='ocr_line' id='line_1_109' title="bbox 2118 4790 3821 4864; baseline -0.001 -18"><span class='ocrx_word' id='word_1_802' title='bbox 2118 4793 2458 4860; x_wconf 87' lang='lat' dir='ltr'><strong>dormitans,</strong></span> <span class='ocrx_word' id='word_1_803' title='bbox 2493 4796 2556 4849; x_wconf 91' lang='lat' dir='ltr'><strong>ut</strong></span> <span class='ocrx_word' id='word_1_804' title='bbox 2587 4791 2687 4863; x_wconf 92' lang='lat' dir='ltr'><strong>qui</strong></span> <span class='ocrx_word' id='word_1_805' title='bbox 2735 4792 2806 4847; x_wconf 90' lang='lat' dir='ltr'><strong>iis</strong></span> <span class='ocrx_word' id='word_1_806' title='bbox 2839 4810 2959 4864; x_wconf 75' lang='lat' dir='ltr'><strong>quae</strong></span> <span class='ocrx_word' id='word_1_807' title='bbox 3020 4793 3361 4849; x_wconf 90' lang='lat' dir='ltr'><strong>dicebantur</strong></span> <span class='ocrx_word' id='word_1_808' title='bbox 3388 4790 3561 4845; x_wconf 83' lang='lat' dir='ltr'><strong>fidem</strong></span> <span class='ocrx_word' id='word_1_809' title='bbox 3604 4806 3821 4862; x_wconf 84' lang='lat' dir='ltr'><strong>nequa-</strong></span> 
     </span>
    </p>
   </div>
   <div class='ocr_carea' id='block_1_110' title="bbox 2117 4881 3825 4955">
    <p class='ocr_par' dir='ltr' id='par_1_110' title="bbox 2117 4881 3825 4955">
     <span class='ocr_line' id='line_1_110' title="bbox 2117 4881 3825 4955; baseline -0.002 -17"><span class='ocrx_word' id='word_1_810' title='bbox 2117 4900 2291 4954; x_wconf 91' lang='lat' dir='ltr'><strong>quam</strong></span> <span class='ocrx_word' id='word_1_811' title='bbox 2325 4883 2582 4953; x_wconf 87' lang='lat' dir='ltr'><strong>haberet,</strong></span> <span class='ocrx_word' id='word_1_812' title='bbox 2606 4884 2760 4939; x_wconf 91' lang='lat' dir='ltr'><strong>videt</strong></span> <span class='ocrx_word' id='word_1_813' title='bbox 2791 4884 2848 4939; x_wconf 89' lang='lat' dir='ltr'><strong>in</strong></span> <span class='ocrx_word' id='word_1_814' title='bbox 2881 4886 3008 4955; x_wconf 89' lang='lat' dir='ltr'><strong>ejus</strong></span> <span class='ocrx_word' id='word_1_815' title='bbox 3076 4884 3352 4939; x_wconf 88' lang='lat' dir='ltr'><strong>manibus</strong></span> <span class='ocrx_word' id='word_1_816' title='bbox 3393 4881 3608 4937; x_wconf 91' lang='lat' dir='ltr'><strong>librum</strong></span> <span class='ocrx_word' id='word_1_817' title='bbox 3641 4881 3825 4936; x_wconf 86' lang='lat' dir='ltr'><strong>admi-</strong></span> 
     </span>
    </p>
   </div>
   <div class='ocr_carea' id='block_1_111' title="bbox 2118 4972 3825 5044">
    <p class='ocr_par' dir='ltr' id='par_1_111' title="bbox 2118 4972 3825 5044">
     <span class='ocr_line' id='line_1_111' title="bbox 2118 4972 3825 5044; baseline -0.001 -17"><span class='ocrx_word' id='word_1_818' title='bbox 2118 4972 2377 5032; x_wconf 89' lang='lat' dir='ltr'><strong>rabilem,</strong></span> <span class='ocrx_word' id='word_1_819' title='bbox 2412 4973 2698 5044; x_wconf 89' lang='lat' dir='ltr'><strong>scriptum</strong></span> <span class='ocrx_word' id='word_1_820' title='bbox 2748 4972 2956 5028; x_wconf 87' lang='lat' dir='ltr'><strong>litteris</strong></span> <span class='ocrx_word' id='word_1_821' title='bbox 3015 4974 3233 5042; x_wconf 90' lang='lat' dir='ltr'><strong>aureis,</strong></span> <span class='ocrx_word' id='word_1_822' title='bbox 3265 4978 3321 5028; x_wconf 91' lang='lat' dir='ltr'><strong>et</strong></span> <span class='ocrx_word' id='word_1_823' title='bbox 3379 4988 3593 5028; x_wconf 89' lang='lat' dir='ltr'><strong>canum</strong></span> <span class='ocrx_word' id='word_1_824' title='bbox 3638 4972 3825 5026; x_wconf 89' lang='lat' dir='ltr'><strong>virum</strong></span> 
     </span>
    </p>
   </div>
   <div class='ocr_carea' id='block_1_112' title="bbox 2117 5060 3829 5119">
    <p class='ocr_par' dir='ltr' id='par_1_112' title="bbox 2117 5060 3829 5119">
     <span class='ocr_line' id='line_1_112' title="bbox 2117 5060 3829 5119; baseline 0 -3"><span class='ocrx_word' id='word_1_825' title='bbox 2117 5065 2405 5116; x_wconf 84' lang='lat' dir='ltr'><strong>astantem</strong></span> <span class='ocrx_word' id='word_1_826' title='bbox 2446 5068 2500 5115; x_wconf 87' lang='lat' dir='ltr'><strong>et</strong></span> <span class='ocrx_word' id='word_1_827' title='bbox 2558 5061 2856 5117; x_wconf 88' lang='lat' dir='ltr'><strong>minaciter</strong></span> <span class='ocrx_word' id='word_1_828' title='bbox 2911 5063 2961 5117; x_wconf 92' lang='lat' dir='ltr'><strong>ei</strong></span> <span class='ocrx_word' id='word_1_829' title='bbox 3008 5062 3297 5117; x_wconf 89' lang='lat' dir='ltr'><strong>dicentem</strong></span> <span class='ocrx_word' id='word_1_830' title='bbox 3332 5078 3346 5116; x_wconf 88' lang='lat'><strong>:</strong></span> <span class='ocrx_word' id='word_1_831' title='bbox 3385 5061 3507 5119; x_wconf 88' lang='lat' dir='ltr'><strong>Non</strong></span> <span class='ocrx_word' id='word_1_832' title='bbox 3543 5060 3709 5116; x_wconf 91' lang='lat' dir='ltr'><strong>audis</strong></span> <span class='ocrx_word' id='word_1_833' title='bbox 3744 5066 3829 5116; x_wconf 45' lang='lat' dir='ltr'><strong>at-</strong></span> 
     </span>
    </p>
   </div>
   <div class='ocr_carea' id='block_1_113' title="bbox 2116 5150 3831 5219">
    <p class='ocr_par' dir='ltr' id='par_1_113' title="bbox 2116 5150 3831 5219">
     <span class='ocr_line' id='line_1_113' title="bbox 2116 5150 3831 5219; baseline 0.001 -14"><span class='ocrx_word' id='word_1_834' title='bbox 2116 5156 2273 5205; x_wconf 85' lang='lat' dir='ltr'><strong>tente</strong></span> <span class='ocrx_word' id='word_1_835' title='bbox 2302 5150 2594 5219; x_wconf 85' lang='lat' dir='ltr'><strong>tecturam,</strong></span> <span class='ocrx_word' id='word_1_836' title='bbox 2620 5153 2719 5207; x_wconf 91' lang='lat' dir='ltr'><strong>sed</strong></span> <span class='ocrx_word' id='word_1_837' title='bbox 2752 5152 3035 5207; x_wconf 89' lang='lat' dir='ltr'><strong>dormitas</strong></span> <span class='ocrx_word' id='word_1_838' title='bbox 3060 5153 3087 5207; x_wconf 85' lang='lat'><strong>?</strong></span> <span class='ocrx_word' id='word_1_839' title='bbox 3112 5153 3164 5207; x_wconf 93' lang='lat' dir='ltr'><strong>Is</strong></span> <span class='ocrx_word' id='word_1_840' title='bbox 3197 5157 3395 5207; x_wconf 80' lang='lat' dir='ltr'><strong>autem</strong></span> <span class='ocrx_word' id='word_1_841' title='bbox 3424 5152 3831 5217; x_wconf 89' lang='lat' dir='ltr'><strong>conturbatus,</strong></span> 
     </span>
    </p>
   </div>
   <div class='ocr_carea' id='block_1_114' title="bbox 2116 5238 3829 5312">
    <p class='ocr_par' dir='ltr' id='par_1_114' title="bbox 2116 5238 3829 5312">
     <span class='ocr_line' id='line_1_114' title="bbox 2116 5238 3829 5312; baseline -0.002 -17"><span class='ocrx_word' id='word_1_842' title='bbox 2116 5241 2283 5295; x_wconf 91' lang='lat' dir='ltr'><strong>nobis</strong></span> <span class='ocrx_word' id='word_1_843' title='bbox 2314 5257 2447 5296; x_wconf 88' lang='lat' dir='ltr'><strong>eum</strong></span> <span class='ocrx_word' id='word_1_844' title='bbox 2481 5242 2875 5309; x_wconf 88' lang='lat' dir='ltr'><strong>audientibus,</strong></span> <span class='ocrx_word' id='word_1_845' title='bbox 2900 5242 3098 5297; x_wconf 89' lang='lat' dir='ltr'><strong>statim</strong></span> <span class='ocrx_word' id='word_1_846' title='bbox 3154 5242 3311 5312; x_wconf 82' lang='lat' dir='ltr'><strong>quod</strong></span> <span class='ocrx_word' id='word_1_847' title='bbox 3370 5240 3635 5295; x_wconf 90' lang='lat' dir='ltr'><strong>audierat</strong></span> <span class='ocrx_word' id='word_1_848' title='bbox 3665 5244 3718 5294; x_wconf 91' lang='lat' dir='ltr'><strong>et</strong></span> <span class='ocrx_word' id='word_1_849' title='bbox 3750 5238 3829 5292; x_wconf 82' lang='lat' dir='ltr'><strong>vi-</strong></span> 
     </span>
    </p>
   </div>
   <div class='ocr_carea' id='block_1_115' title="bbox 2116 5329 3829 5401">
    <p class='ocr_par' dir='ltr' id='par_1_115' title="bbox 2116 5329 3829 5401">
     <span class='ocr_line' id='line_1_115' title="bbox 2116 5329 3829 5401; baseline -0.002 -16"><span class='ocrx_word' id='word_1_850' title='bbox 2116 5331 2550 5385; x_wconf 80' lang='lat' dir='ltr'><strong>deratHomane</strong></span> <span class='ocrx_word' id='word_1_851' title='bbox 2582 5332 2864 5401; x_wconf 85' lang='lat' dir='ltr'><strong>exposuit.</strong></span> <span class='ocrx_word' id='word_1_852' title='bbox 2929 5331 3001 5386; x_wconf 78' lang='lat' dir='ltr'><strong>Eo</strong></span> <span class='ocrx_word' id='word_1_853' title='bbox 3036 5334 3230 5388; x_wconf 89' lang='lat' dir='ltr'><strong>autem</strong></span> <span class='ocrx_word' id='word_1_854' title='bbox 3285 5331 3402 5385; x_wconf 60' lang='lat' dir='ltr'><strong>haec</strong></span> <span class='ocrx_word' id='word_1_855' title='bbox 3438 5330 3607 5385; x_wconf 88' lang='lat' dir='ltr'><strong>nobis</strong></span> <span class='ocrx_word' id='word_1_856' title='bbox 3638 5329 3829 5383; x_wconf 85' lang='lat' dir='ltr'><strong>adhuc</strong></span> 
     </span>
    </p>
   </div>
   <div class='ocr_carea' id='block_1_116' title="bbox 2114 5422 3827 5493">
    <p class='ocr_par' dir='ltr' id='par_1_116' title="bbox 2114 5422 3827 5493">
     <span class='ocr_line' id='line_1_116' title="bbox 2114 5422 3827 5493; baseline 0.001 -17"><span class='ocrx_word' id='word_1_857' title='bbox 2114 5422 2357 5491; x_wconf 90' lang='lat' dir='ltr'><strong>dicente,</strong></span> <span class='ocrx_word' id='word_1_858' title='bbox 2416 5423 2571 5477; x_wconf 87' lang='lat' dir='ltr'><strong>venit</strong></span> <span class='ocrx_word' id='word_1_859' title='bbox 2628 5424 2863 5493; x_wconf 89' lang='lat' dir='ltr'><strong>quidam</strong></span> <span class='ocrx_word' id='word_1_860' title='bbox 2935 5424 3191 5480; x_wconf 91' lang='lat' dir='ltr'><strong>rusticus</strong></span> <span class='ocrx_word' id='word_1_861' title='bbox 3253 5422 3475 5478; x_wconf 87' lang='lat' dir='ltr'><strong>habens</strong></span> <span class='ocrx_word' id='word_1_862' title='bbox 3531 5422 3827 5478; x_wconf 81' lang='lat' dir='ltr'><strong>calathum</strong></span> 
     </span>
    </p>
   </div>
   <div class='ocr_carea' id='block_1_117' title="bbox 2112 5512 3824 5585">
    <p class='ocr_par' dir='ltr' id='par_1_117' title="bbox 2112 5512 3824 5585">
     <span class='ocr_line' id='line_1_117' title="bbox 2112 5512 3824 5585; baseline 0.001 -20"><span class='ocrx_word' id='word_1_863' title='bbox 2112 5529 2315 5582; x_wconf 69' lang='lat' dir='ltr'><strong>arenas,</strong></span> <span class='ocrx_word' id='word_1_864' title='bbox 2338 5512 2432 5583; x_wconf 90' lang='lat' dir='ltr'><strong>qui</strong></span> <span class='ocrx_word' id='word_1_865' title='bbox 2464 5514 2838 5584; x_wconf 84' lang='lat' dir='ltr'><strong>exspectabat</strong></span> <span class='ocrx_word' id='word_1_866' title='bbox 2855 5514 3037 5570; x_wconf 91' lang='lat' dir='ltr'><strong>donec</strong></span> <span class='ocrx_word' id='word_1_867' title='bbox 3068 5512 3372 5585; x_wconf 89' lang='lat' dir='ltr'><strong>implesset</strong></span> <span class='ocrx_word' id='word_1_868' title='bbox 3395 5512 3824 5568; x_wconf 87' lang='lat' dir='ltr'><strong>narrationem:</strong></span> 
     </span>
    </p>
   </div>
   <div class='ocr_carea' id='block_1_118' title="bbox 2113 5602 3827 5677">
    <p class='ocr_par' dir='ltr' id='par_1_118' title="bbox 2113 5602 3827 5677">
     <span class='ocr_line' id='line_1_118' title="bbox 2113 5602 3827 5677; baseline 0.001 -21"><span class='ocrx_word' id='word_1_869' title='bbox 2113 5602 2441 5674; x_wconf 85' lang='lat' dir='ltr'><strong>rogavimus</strong></span> <span class='ocrx_word' id='word_1_870' title='bbox 2492 5608 2683 5659; x_wconf 90' lang='lat' dir='ltr'><strong>autem</strong></span> <span class='ocrx_word' id='word_1_871' title='bbox 2727 5622 2831 5661; x_wconf 87' lang='lat' dir='ltr'><strong>nos</strong></span> <span class='ocrx_word' id='word_1_872' title='bbox 2881 5606 3323 5677; x_wconf 85' lang='lat' dir='ltr'><strong>presbyterum:</strong></span> <span class='ocrx_word' id='word_1_873' title='bbox 3359 5604 3507 5671; x_wconf 87' lang='lat' dir='ltr'><strong>Quid</strong></span> <span class='ocrx_word' id='word_1_874' title='bbox 3553 5602 3667 5657; x_wconf 89' lang='lat' dir='ltr'><strong>sibi</strong></span> <span class='ocrx_word' id='word_1_875' title='bbox 3700 5602 3827 5657; x_wconf 86' lang='lat' dir='ltr'><strong>vult</strong></span> 
     </span>
    </p>
   </div>
   <div class='ocr_carea' id='block_1_119' title="bbox 2112 5692 3824 5765">
    <p class='ocr_par' dir='ltr' id='par_1_119' title="bbox 2112 5692 3824 5765">
     <span class='ocr_line' id='line_1_119' title="bbox 2112 5692 3824 5765; baseline 0.002 -20"><span class='ocrx_word' id='word_1_876' title='bbox 2112 5692 2365 5749; x_wconf 89' lang='lat' dir='ltr'><strong>rusticus</strong></span> <span class='ocrx_word' id='word_1_877' title='bbox 2395 5708 2529 5750; x_wconf 88' lang='lat' dir='ltr'><strong>cum</strong></span> <span class='ocrx_word' id='word_1_878' title='bbox 2561 5709 2737 5750; x_wconf 84' lang='lat' dir='ltr'><strong>arena</strong></span> <span class='ocrx_word' id='word_1_879' title='bbox 2762 5694 2789 5749; x_wconf 83' lang='lat'><strong>‘?</strong></span> <span class='ocrx_word' id='word_1_880' title='bbox 2820 5695 2991 5751; x_wconf 92' lang='lat' dir='ltr'><strong>nobis</strong></span> <span class='ocrx_word' id='word_1_881' title='bbox 3025 5693 3328 5765; x_wconf 86' lang='lat' dir='ltr'><strong>respondit</strong></span> <span class='ocrx_word' id='word_1_882' title='bbox 3352 5693 3540 5760; x_wconf 87' lang='lat' dir='ltr'><strong>Pater,</strong></span> <span class='ocrx_word' id='word_1_883' title='bbox 3573 5692 3777 5748; x_wconf 86' lang='lat' dir='ltr'><strong>dicens</strong></span> <span class='ocrx_word' id='word_1_884' title='bbox 3809 5708 3824 5749; x_wconf 90' lang='lat'><strong>:</strong></span> 
     </span>
    </p>
   </div>
  </div>
