4074 6278
323 354 481 416 1153

1616 354 1992 418 HISTORIA
2035 354 2448 418 LAUSIACA.

3569 372 3729 434 1154

333 479 548 553 μᾶλλον
582 476 796 551 θαρρεῖν
830 478 918 531 καὶ
955 475 1241 551 ἐπέχεσθαι
1262 482 1340 550 τῶ
1365 477 1503 552 ἰ¹χνει
1534 483 1630 534 τοῦ
1662 478 1975 556 δράκοντος.
2007 481 2060 549 Α
2091 480 2288 543 αὐτοὺς
2318 481 2574 560 ὠφελεῖν,
2618 480 2991 558 λυπουμένους
3031 489 3158 553 τοὺς
3199 489 3394 569 ἄνδρας
3443 493 3726 556 ἀπέλυσεν.

330 571 560 643 Ὀψεσθε
589 569 714 642 γὰρ,
749 565 903 640 φησί,
938 568 1035 636 τήν
1087 567 1265 622 πίστιν
1313 570 1486 639 ἡηῶν,
1524 564 1840 642 μελλόντων
1875 570 1977 624 0:6—

335 663 442 714 τῶν
474 659 811 733 χειροῦσθαι.
863 655 1116 718 Πολλοὺς
1158 658 1282 731 γὰρ,
1315 659 1472 734 φησί,
1519 658 1609 712 καὶ
1659 657 1974 734 δράκοντας,

331 748 421 802 καί
474 745 725 814 ἂσπίδας,
786 745 877 802 καὶ
934 746 1193 820 κεραστάς
1251 745 1311 801 ἐκ
1358 748 1546 825 χειρὸς
1600 747 1973 824 ἀνῃρήκειμεν.

326 839 426 892 Καὶ
468 838 530 892 τὸ
559 833 934 912 γεγραμμένον
986 834 1069 891 ἐπ’
1107 833 1293 898 αὑτοῖς
1343 835 1651 911 ἐπληροῦτο
1685 855 1698 868 ⁶
1759 835 1976 892 Δέδωκα

331 928 460 1004 ὑμῖν
508 924 751 998 ἐξουσίαν
797 929 894 980 τοῦ
944 929 1129 980 πατεῖν
1189 924 1366 980 ἐπάνω
1416 923 1608 1002 ὄφεων,
1663 931 1752 981 καί
1806 947 1973 1004 σκορ-

331 1015 494 1087 πίων,
524 1015 614 1070 καὶ
645 1013 733 1070 ἐπὶ
766 1021 937 1069 πᾶσιν
968 1016 1067 1084 τήν
1098 1012 1327 1087 δύναμιν
1356 1016 1452 1070 τοῦ
1502 1016 1724 1091 ἐχθροῦ.
1776 1019 1974 1089 Ἦμεῖς

333 1104 426 1161 οῦν
486 1105 707 1176 ἀπιστίᾳ
766 1107 1076 1180 φερόμενοι,
1137 1106 1225 1159 καὶ
1286 1105 1373 1160 ἐπὶ
1453 1104 1665 1179 μᾶλλον
1739 1101 1972 1185 ἔμφοϐοι

333 1195 642 1272 γένόμενοι,
680 1196 754 1267 μὴ
804 1197 920 1250 κατ’
971 1193 1124 1270 ἷδχνος
1172 1200 1267 1250 τοῦ
1312 1193 1628 1270 δράκοντος,
1677 1195 1823 1251 ἀλλά
1872 1199 1971 1266 τήν

332 1287 540 1341 εὐθεῖαν
592 1282 828 1359 βαδίζειν
870 1285 1132 1358 ἠξιοῦμεν
1176 1284 1396 1347 αὐτούς.
1450 1287 1546 1347 Εἷς
1599 1282 1654 1339 δὲ
1706 1284 1758 1354 ἐξ
1799 1285 1971 1340 αὐτῶν

331 1373 588 1452 ἀδελφὸς,
620 1374 727 1428 ἀπὸ
757 1372 978 1443 πολλῆς
998 1373 1304 1448 προθυμίας
1331 1373 1654 1430 καταλιπὼν
1697 1377 1846 1448 ἡμᾶς
1885 1375 1972 1430 ἐπὶ

331 1470 428 1518 τοῦ
464 1464 657 1532 τόπου,
712 1462 802 1518 ἐπὶ
847 1465 944 1532 τὴν
996 1457 1201 1537 ἔρημον
1256 1464 1508 1538 ὥρμησεν
1556 1463 1854 1543 ἀνιχνεύων
1909 1466 1972 1519 τὸ

331 1554 545 1630 θηρίον,
588 1555 676 1609 καὶ
709 1553 878 1626 εὑρὼν
912 1553 1012 1610 οῦκ
1053 1554 1128 1617 εἰς
1175 1555 1380 1628 μακρὰν
1407 1555 1501 1610 τὸν
1551 1554 1783 1632 φωλεὸν,
1817 1558 1971 1632 φωνῇ

335 1640 466 1700 ἐϐόα
491 1645 669 1718 ςὴμῖν,
702 1641 754 1696 ἐν
799 1646 879 1714 τῷ
929 1641 1188 1716 σπηλαίῳ
1238 1644 1374 1698 εἶναι
1420 1645 1510 1698 τὸν
1566 1643 1851 1719 δράκοντα,
1882 1643 1972 1699 καὶ

336 1733 516 1790 ἐκάλει
556 1737 692 1810 πρὸς
721 1736 884 1789 αὐτὸν
935 1733 1160 1808 ὄψεσθαι
1208 1734 1270 1790 τὸ
1320 1731 1707 1809 ἐκϐησόμενον,
1741 1757 1974 1812 προτρε-

2087 570 2296 623 ἝωΟεν
2325 566 2380 623 6‘s
2431 569 2660 632 ἀναστὰς
2707 571 2793 625 ἐπὶ
2842 575 2938 643 τὴν
2991 574 3114 632 ὁδὸν
3163 584 3260 634 τοῦ
3301 566 3500 656 θηρίου
3551 582 3726 657 ἀπήρ‹

2088 676 2240 746 χετο.
2283 661 2374 746 Ὡς
2443 656 2497 713 δὲ
2551 655 2731 715 ἔκλινε
2785 665 2854 717 τὰ
2909 663 3105 740 γόνατα
3143 667 3220 730 εἰς
3277 655 3593 746 προσευχὴν
3638 655 3726 727 ἐπὶ

2085 745 2286 820 τρίτον,
2319 745 2527 822 ἤρχετο
2557 751 2694 822 πρὸς
2734 748 2893 805 αὐτὸν
2943 754 3004 807 τὸ
3056 757 3274 830 θηρίον,
3308 745 3604 834 ῥοιζήματι
3641 782 3729 834 με·

2083 833 2239 911 γάλῳ
2273 835 2453 910 ἆσθμα
2494 835 2663 893 δεινὸν
2712 839 3060 914 προπέμπον,
3093 846 3179 900 καὶ
3243 833 3586 923 φυσοῦν,καί
3635 833 3727 905 συ-

2086 924 2253 998 ρίζον,
2318 925 2409 981 καί
2449 928 2616 996 πνοήν
2671 928 2912 1000 πονηρὰν
2970 931 3323 1006 ἀποπέμπον.
3358 939 3414 991 '0
3464 935 3520 992 δὲ
3569 937 3723 995 οὐδὲν

2085 1009 2364 1089 φοϐηθεὶς,
2407 1013 2756 1095 ἐπιστραφεὶς
2782 1017 2871 1072 τὸν
2924 1017 3213 1094 δράκοντα,
3259 1023 3423 1096 εἶπεν,
3458 1029 3728 1101 Χειρώσε-

2085 1101 2169 1156 ταί
2202 1123 2258 1156 σε
2289 1104 2316 1158 6
2346 1107 2585 1180 Χριστὸς
2615 1107 2642 1160 6
2680 1106 2804 1169 1":64
2829 1112 2926 1164 106
2958 1114 3090 1165 Θεοῦ
3115 1115 3213 1166 τοῦ
3255 1117 3477 1187 ζῶντος,
3511 1116 3540 1169 ὁ
3592 1111 3726 1188 μέλ-

2085 1189 2196 1246 λῶν
2245 1193 2307 1246 τὸ
2364 1193 2502 1269 μέγα
2554 1200 2720 1264 κῆτος
2781 1193 3266 1274 διαχειρώσασθαι.
3302 1203 3400 1257 Καὶ
3465 1207 3625 1260 τοῦτο
3683 1204 3727 1259 εἰ

2084 1278 2281 1341 πόντος
2318 1281 2478 1344 εὐθὺς
2529 1283 2555 1336 6
2608 1279 2820 1356 δράκων
2877 1283 3105 1362 ἐρῥάγη,
3139 1289 3310 1345 πάντα
3355 1291 3446 1345 τὸν
3480 1292 3559 1346 ἰὸν
3596 1295 3730 1364 μετά

2082 1371 2178 1420 τοῦ
2206 1366 2434 1441 α’ίματος
2468 1370 2556 1425 διὰ
2585 1376 2682 1427 τοῦ
2724 1374 2995 1447 πόματος
3036 1377 3312 1451 ἐξεμέσας.
3341 1379 3622 1444 Ἐλθόντες
3672 1378 3730 1435 δὲ

2085 1458 2136 1510 οἱ
2166 1455 2412 1532 ἄγροικοι
2463 1462 2583 1533 μεθ’
2629 1462 2864 1538 ἡμέρας,
2894 1464 2983 1519 καί
3031 1466 3092 1520 τὸ
3145 1466 3285 1542 μέγα
3333 1469 3517 1542 θαῦμα
3556 1468 3729 1525 ἐκεῖνο

2084 1547 2460 1621 θεασσάμενοι,
2489 1549 2580 1605 καὶ
2610 1553 2680 1621 τὴ
2727 1553 2903 1624 πνοὴν
2957 1555 3034 1628 μὴ
3085 1554 3358 1632 φέροντες,
3391 1554 3577 1632 ἅμμον
3624 1579 3730 1614 πο·-

2083 1633 2181 1691 λὺν
2210 1636 2295 1692 ἐπὶ
2336 1638 2399 1693 τὸ
2457 1643 2597 1709 ζῶον
2643 1638 2966 1717 ἐσώρευσαν,
2992 1650 3341 1718 παρεστῶτος
3391 1647 3580 1710 αὐτοῖς
3621 1646 3732 1704 ἐκεῖ

2082 1730 2178 1778 τοῦ
2212 1726 2473 1801 Πατέρος.
2517 1728 2588 1784 O6
2620 1730 2722 1805 γὰρ
2776 1729 3027 1805 ἐτόλμων
3079 1734 3361 1808 προσιέναι
3419 1737 3598 1792 καίτοι
3645 1759 3729 1794 νε-

329 1827 581 1899 πομένων
616 1827 762 1897 ἡμᾶς
802 1824 988 1880 ἄλλων
1031 1827 1121 1880 καὶ
1161 1827 1236 1898 μὴ
1289 1823 1538 1883 δεδιέναι,
1573 1828 1661 1888 Ὠς
1711 1824 1768 1880 δὲ
1811 1829 1974 1900 ἡμεῖς
2008 1856 2056 1922 Β
2085 1819 2218 1888 κροῦ
2251 1814 2402 1879 ὄντος
2441 1819 2537 1872 166
2581 1815 2892 1892 δράκοντος.
2927 1827 3080 1893 Παῖς,
3133 1826 3320 1898 φησὶν,
3352 1823 3554 1882 ἄλλοτε
3601 1849 3732 1882 ποι..

446 1915 458 1922 .
592 1909 890 1922 ..μω
1675 1915 1887 1922 .-.
2176 1904 2186 1922 1
2357 1903 2764 1922 η,,ν....
2964 1908 3158 1922 ....
3383 1914 3535 1922 -.

333 1915 468 1986 μετά
516 1911 736 1968 πολλοῦ
785 1909 958 1989 φόϐου
1009 1911 1274 1987 ἀπήέιμεν
1323 1914 1586 1987 ὀψόμενοι
1635 1915 1697 1969 τὸ
1759 1915 1974 1989 θηρίον,

332 2002 657 2072 συνήντησεν
687 2000 825 2071 ἡμῖν
877 1999 1124 2076 ἐξαίφνης
1165 2002 1242 2065 εἴς
1284 1998 1521 2080 ἀδελφὸς
1551 2000 1612 2056 ἐκ
1643 2003 1834 2080 χειρὸς
1889 2001 1980 2057 αὖ·

329 2095 431 2146 τοῦ
483 2088 660 2145 ἕλκων
701 2091 776 2151 εἰς
828 2090 890 2144 τὸ
947 2092 1142 2146 ἐαυτοῦ
1190 2093 1577 2165 μοναστήριον,
1629 2093 1846 2168 φάσκων
1901 2093 1976 2164 μή

333 2178 595 2242 δυνατούς
645 2182 793 2251 ἡμᾶς
838 2180 974 2234 εἶναι
1036 2181 1340 2253 ὑπενεγκεῖν
1390 2182 1491 2250 τήν
1534 2181 1713 2254 ὁρμὴν
1743 2185 1840 2235 τοῦ
1880 2182 1982 2251 θη-

335 2270 475 2344 ρίου,
508 2270 597 2324 καί
635 2270 870 2342 μάλιστα
901 2269 985 2324 ὅτι
1039 2268 1298 2326 οὐδέποτε
1327 2272 1467 2344 ἦμεν
1516 2271 1762 2327 τοιοῦτόν
1794 2293 1846 2327 τι
1880 2273 1982 2327 ἐω-

330 2358 560 2434 ρακότες
593 2377 606 2389 ⁸
679 2357 953 2420 πολλάκις
1000 2359 1102 2432 γὰρ
1149 2359 1311 2414 αὑτὸν
1361 2359 1542 2434 ἓλεγεν
1595 2361 1888 2435 ἑωρακέναι
1920 2361 1982 2415 τὸ

338 2452 498 2517 ζῶον.
556 2445 913 2521 ὑπερμέγεθες
968 2446 1215 2521 ὑπάρχον
1265 2447 1353 2502 καὶ
1399 2446 1823 2522 ὑπερδεκαπέντε
1870 2451 1982 2518 πή-

341 2555 461 2611 χεις
499 2533 650 2609 ἔχον.
700 2534 892 2590 Μένειν
934 2532 1029 2596 ,οῦν
1075 2537 1222 2608 ἡμᾶς
1270 2534 1526 2598 κελεύσας
1577 2538 1737 2609 ἀπῄει
1773 2536 1859 2590 ἐπὶ
1889 2540 1985 2591 τοῦ

336 2626 510 2680 τόπου
542 2624 677 2698 πρὸς
717 2623 807 2678 τὸν
853 2620 1108 2701 ἀδελφὸν,
1141 2624 1337 2679 πείθων
1397 2632 1724 2697 μεταστῆναι
1751 2628 1848 2679 τοῦ
1878 2646 1986 2703 φω-

343 2715 494 2771 λεοῦ.
547 2715 829 2790 Ἐπειρᾶτο
883 2714 984 2789 γὰρ
1035 2712 1237 2776 ἐκεῖνος
1286 2714 1362 2786 μή
1406 2721 1728 2786 μεταστῆναι
1775 2713 1990 2769 τοῦτό-

344 2826 451 2860 που
503 2802 628 2876 πρὶν
689 2800 896 2858 ἀνελεῖν
954 2803 1046 2857 τὸν
1109 2799 1394 2876 δράκοντα.
1479 2805 1570 2858 Καὶ
1651 2801 1718 2873 δὴ
1799 2801 1987 2865 πείσας

343 2892 503 2946 αὐτὸν
551 2889 665 2966 ἄγει
713 2893 850 2965 πρὸς
881 2893 1052 2965 ἡμᾶς,
1082 2893 1181 2962 τὴν
1234 2892 1612 2969 ὀλιγοπιστίαν
1661 2895 1809 2962 ἡυῶν
1849 2915 1992 2967 μεμ-

344 2982 598 3054 ψάμενον.
644 2980 1101 3053 Ἀναπαυσάμενοι
1135 2978 1192 3035 δὲ
1237 2983 1361 3051 παρ’
1410 2980 1598 3054 ἐκείνῳ
1643 2985 1723 3053 τῷ
1769 2980 1989 3056 ἀδελφῷ

339 3072 413 3131 ὡς
457 3070 562 3123 ἀπὸ
617 3070 736 3131 ἐνὸς
791 3068 983 3141 μιλίου
1028 3070 1091 3123 τὸ
1145 3072 1507 3145 μοναστήριον
1557 3066 1740 3144 ἔχοντι
1787 3071 1987 3130 ἱκανῶς

346 3158 774 3231 ἀνεκτησάμεθα.

953 3254 998 3304 Κ
1009 3253 1218 3306 ΕΦΑΛ.
1262 3256 1301 3303 Ν
1312 3251 1380 3306 Γ’.

786 3339 917 3412 Περί
949 3342 1046 3394 τοῦ
1079 3333 1222 3392 ἀϐϐἆ
1265 3340 1537 3411 Ἀμμοῦν.

417 3433 672 3504 Διηγεῖτο
722 3424 778 3482 δὲ
817 3431 956 3501 ἡμῖν
1005 3427 1206 3490 ἐκεῖνος
1264 3430 1581 3503 γεγενῆσθαι
1624 3429 1740 3482 κατ’
1788 3425 1987 3484 ἐκεῖνον

345 3521 436 3576 τὸν
489 3521 677 3591 τόπον,
709 3517 935 3594 ἔνθαπερ
979 3520 1140 3583 αὐτὸς
1181 3519 1500 3590 ἐκαθέζετο,
1534 3518 1695 3594 ἄνδρα
1748 3521 1901 3598 ἅγιον
1943 3522 1988 3592 ᾧ

344 3611 504 3674 αὐτὸς
592 3609 960 3684 ἐμαθητεύθη,
1050 3611 1300 3684 Ἀμμοῦν
1392 3608 1640 3684 ὀνόματι,
1729 3609 1989 3670 πλείστας

347 3696 604 3772 δυνάμεις
664 3699 723 3754 ἐκ
780 3699 966 3772 ἐκείνῳ
1022 3704 1102 3771 τῷ
1156 3698 1312 3772 τόπῳ
1365 3702 1690 3770 ποιήσαντα.
1747 3701 1889 3774 Πρὸς
1929 3701 1987 3753 ὅν

340 3788 616 3852 πολλάκις
649 3788 901 3852 ἐλθόντες
933 3789 984 3844 οἰ
1016 3788 1335 3846 λωποδύται
1371 3790 1498 3853 τοὺς
1537 3791 1732 3866 ἄρτους
1763 3790 1850 3844 καὶ
1894 3789 1986 3853 τάς

345 3879 544 3953 τροσάς
575 3877 738 3932 αὐτοῦ
769 3875 1094 3951 ἐλάμϐανον.
1129 3879 1391 3948 Ἐξελθὼν
1427 3877 1483 3933 δὲ
1535 3883 1662 3951 μιᾶς
1698 3883 1804 3935 τῶν
1855 3880 1990 3950 ἠμε-

345 3971 451 4041 ρῶν
500 3964 594 4020 δύο
647 3963 943 4040 δράκοντας
989 3966 1265 4040 μεγάλους
1314 3967 1374 4022 ἐκ
1427 3974 1525 4036 τῆς
1584 3965 1795 4041 ἐρήμου
1852 3967 1988 4040 πρὸς

342 4055 503 4110 αὐτὸν
565 4053 927 4130 συνηγάγετο,
975 4053 1230 4117 κελεύσας
1291 4055 1477 4118 αὐτοῖς
1522 4054 1847 4129 παραμένειν
1898 4056 1985 4109 καὶ

347 4143 640 4221 φυλάσσειν
698 4145 799 4212 τὴν
866 4142 1052 4217 θύραν.
1086 4144 1152 4200 Οἱ
1194 4141 1252 4198 δὲ
1307 4141 1628 4223 ἀνδροφόνοι
1669 4142 1986 4206 ἐπελθόντες

302 4231 484 4300 ,κατᾶ
533 4231 592 4286 τὸ
650 4225 798 4303 ἔθος,
856 4231 947 4286 καί
1008 4232 1326 4304 θεασάμενοι
1391 4231 1452 4285 τὸ
1511 4232 1711 4304 θαῦμα,
1772 4231 1988 4305 ἀχανεῖς

349 4321 637 4396 γινόμενοι
699 4320 784 4373 ὑπ’
857 4319 1170 4390 ἐκπλήξεως
1246 4316 1436 4376 ἔπεσαν
1496 4319 1582 4375 ἐπὶ
1669 4320 1984 4394 πρόσωπον.

342 4408 610 4484 Ἐξελθὼν
655 4407 711 4464 δὲ
752 4407 860 4464 ἴδεν
893 4408 1087 4473 αὐτοὺς
1119 4408 1323 4473 ἐννεοὺς
1364 4410 1712 4486 γενομένους,
1744 4412 1832 4464 καὶ
1865 4428 1988 4483 σχε-

345 4498 436 4555 δὸν
465 4502 750 4573 ἡμιθανεῖς
786 4520 798 4532 ·
831 4500 921 4554 καὶ
945 4500 1246 4570 ἀναστήσας
1278 4499 1473 4562 αὐτοὺς
1505 4496 1746 4568 ὠνείδιζε
1774 4499 1980 4574 λέγων·

2017 3218 2065 3283 C
2096 3218 2390 3315 115xov1an°

2092 1904 2312 1977 μαίνων,
2347 1907 2558 1982 ἀθρόως
2589 1903 2667 1962 ἔτι
2701 1911 2876 1976 ζῶντα
2923 1910 3014 1964 τὸν
3064 1908 3333 1986 δράκοντα
3379 1914 3730 1988 θεασάμενος,

2090 1992 2142 2048 ἐν
2193 1995 2437 2050 ἐκστάσει
2484 1995 2776 2071 γενόμενος
2836 1995 3309 2078 ἐλειποψύχησεν.
3371 2003 3582 2058 Ἔκειτο
3642 2005 3732 2058 οὗν

2090 2081 2288 2146 ἄπνους
2321 2086 2348 2139 ὁ
2379 2090 2506 2146 παῖς
2544 2085 2594 2140 ἐν
2627 2090 2707 2158 τῷ
2747 2087 2944 2163 χωρίῳ
2975 2090 3118 2163 παρά
3146 2091 3245 2158 τήν
3306 2085 3511 2166 ἔρημον
3557 2098 3729 2147 πᾶσαν

2090 2174 2320 2248 ἡμέραν.
2379 2174 2641 2250 Εύρόντες
2704 2175 2761 2231 δὲ
2820 2177 2978 2232 αὐτὸν
3028 2181 3164 2255 πρὸς
3214 2181 3438 2256 ἑσπέραν
3499 2183 3550 2236 οἱ
3597 2180 3730 2237 ἴδιοι

2095 2264 2288 2339 μικρὸν
2324 2263 2645 2339 ἐμπνέοντα,
2687 2270 3067 2341 πεφυσημένον
3117 2267 3252 2325 6'10v
3294 2269 3353 2325 ἐκ
3397 2278 3499 2342 τῆς
3548 2271 3736 2328 ἐκστά-

2094 2373 2251 2424 σεως,
2281 2352 2470 2426 ἄγουσι
2499 2355 2634 2428 πρὸς
2662 2357 2768 2425 ξτὸν
2824 2357 3058 2433 Πατέρα,
3090 2359 3382 2433 ἀγνοοῦτες
3428 2362 3525 2430 τὴν
3567 2361 3740 2415 αἰτίαν

2091 2445 2188 2496 106
2221 2436 2528 2514 συμϐάντος
2560 2444 2727 2516 αὐτῷ.
2762 2444 3077 2521 Εὖξαμένου
3121 2445 3177 2503 δὲ
3221 2450 3388 2504 αὐτοῦ
3431 2450 3522 2504 καὶ
3569 2449 3739 2522 ἐλαίῳ

2094 2531 2257 2586 αὐτὸν
2299 2531 2611 2607 χρίσαντος,
2643 2533 2833 2604 ἀνέστη
2871 2537 2898 2590 6
2942 2542 3070 2602 παῖς
3114 2535 3479 2614 διηγούμενος
3509 2541 3571 2595 τὸ
3613 2541 3739 2614 ὁρα-

2097 2619 2182 2674 θέν
2218 2640 2230 2652 ’
2265 2623 2384 2676 ὃθεν
2423 2621 2659 2695 μάλιστα
2705 2627 2946 2696 κινηθεὶς
2985 2628 3012 2681 ὁ
3071 2629 3230 2703 ἀνὴρ,
3262 2629 3399 2704 πρὸς
3447 2631 3546 2699 τὴν
3588 2628 3741 2684 ἀναί-

2099 2732 2242 2786 ρεσιν
2268 2709 2472 2785 ἐτράπη
2513 2718 2611 2768 τοῦ
2643 2712 2953 2790 δράκοντος.
3050 2775 3063 2786 _

2703 2807 2959 2861 ΚΕΦΑΛ.
3002 2808 3128 2862 ΝΔ’.

2454 2891 2583 2966 Περὶ
2607 2888 2748 2946 ὰϐϐἆ
2773 2893 2961 2970 Κόπρη
2994 2890 3382 2971 πρεσϐυτέρου.

2169 2983 2267 3034 Ἢν
2301 2976 2358 3034 δέ
2411 3000 2496 3041 τις
2535 2975 2900 3056 πρεσϐύτερος
2960 2981 3104 3058 ἔχων
3137 2983 3373 3055 πλησίον
3421 2983 3534 3040 ἐκεῖ
3573 3007 3740 3060 μονα-

2103 3069 2323 3143 στήριον
2359 3067 2410 3122 ἐν
2443 3072 2510 3141 τῇ
2543 3066 2757 3142 ἐρήμῳ,
2802 3068 3024 3143 Κόπρης
3055 3069 3379 3145 λεγόμενος,
3400 3070 3533 3146 ἀνὴρ
3564 3071 3739 3147 ἅγιος,

2103 3155 2235 3211 ἐτῶν
2301 3153 2496 3230 σχεδὸν
2564 3155 2908 3228 ἐνενήκοντα,
2953 3159 3258 3234 ἡγούμενος
3311 3156 3564 3234 ἀδελφῶν
3612 3181 3740 3217 πεν-

2452 3247 2512 3309 64
2561 3247 2652 3300 καὶ
2710 3247 2870 3310 αὐτὸς
2921 3245 3181 3312 πλείστας
3229 3245 3486 3323 δυνάμεις
3544 3249 3739 3309 ἐποίει.

2100 3335 2408 3408 θεραπεύων
2436 3335 2532 3396 τὰς
2581 3334 2794 3406 νόσους,
2846 3337 2936 3392 καὶ
2984 3334 3151 3400 ἰάσεις
3191 3336 3403 3402 πολλὰς
3452 3337 3739 3409 ἐπιτελῶν,

2097 3423 2188 3478 καὶ
2242 3421 2502 3498 δαίμονας
2548 3424 2890 3498 ἀπελαύνων,
2941 3426 3032 3482 καί
3089 3425 3275 3482 πολλὰ
3319 3426 3567 3501 θαύματα
3604 3429 3742 3483 ἀπο-

2099 3512 2497 3587 πραττόμενος,
2527 3513 2649 3568 τινὰ
2689 3514 2786 3588 μὲν
2823 3516 2912 3569 καὶ
2964 3513 3015 3569 ἐν
3068 3511 3251 3589 ὄψεσιν
3304 3513 3618 3592 ἡμετέραις.
3654 3521 3741 3580 Ὧς

2097 3607 2227 3678 γοῦν
2256 3605 2403 3678 ἡμᾶς
2435 3603 2708 3677 ἐθεάσατο,
2750 3606 2838 3659 καί
2890 3606 3233 3680 ὑπερεύξατο,
3266 3607 3356 3662 καὶ
3412 3607 3539 3670 τοὺς
3570 3605 3740 3670 πόδας

2099 3695 2258 3766 ἡμῶν
2301 3693 2479 3768 νίψας,
2511 3695 2702 3764 ἠρώτα
2731 3697 2882 3768 ἡμᾶς
2927 3698 2995 3751 10‘:
3040 3695 3092 3751 ἐν
3144 3701 3223 3768 τῷ
3267 3696 3461 3770 κόσμῳ
3509 3698 3741 3772 πραττό-

2103 3803 2236 3854 μενα
2269 3801 2282 3815 ·
2317 3785 2480 3856 ἡμεῖς
2527 3781 2583 3837 δὲ
2639 3783 2896 3857 ἠξιοῦμεν
2955 3783 3112 3838 αὐτὸν
3169 3783 3381 3857 μᾶλλον
3438 3787 3573 3858 ἡμῖν
3639 3794 3738 3856 τῆς

2101 3871 2300 3934 οἰκείας
2343 3872 2512 3926 αὐτοῦ
2559 3869 2843 3932 πολιτείας
2907 3872 3004 3933 τὰς
3060 3872 3250 3947 ἀρετὰς
3311 3874 3691 3949 ὑφηγήσασθαι
3723 3895 3736 3908 ⁸

2097 3961 2189 4014 καὶ
2228 3965 2344 4022 πῶς
2390 3960 2538 4030 αὐτῷ
2565 3961 2632 4014 10‘:
2671 3958 2986 4034 χαρίσματα
3035 3961 3063 4015 6
3121 3961 3247 4022 Θεὸς
3286 3958 3622 4036 ἐδωρήσατο,
3650 3965 3736 4018 καὶ

2100 4048 2159 4104 ἐκ
2189 4049 2346 4108 ποίας
2384 4045 2615 4120 μεθόδου
2657 4047 2859 4119 ταύτης
2889 4047 3106 4126 εἰλήφει
3135 4056 3235 4118 τῆς
3290 4047 3536 4123 χάριτος.
3568 4051 3630 4108 Ὁ
3685 4049 3742 4106 δὲ

2102 4134 2272 4210 μηδὲν
2314 4136 2651 4214 ὑπερήφανον
2696 4137 3082 4212 λογισάμενος,
3133 4138 3394 4216 ὑφηγεῖτο
3452 4140 3586 4211 ἡμῖν
3646 4141 3738 4196 τὸν

2099 4227 2297 4280 ἑαυτοῦ
2349 4224 2487 4300 βίον,
2520 4227 2608 4280 καὶ
2658 4230 2767 4281 τῶν
2818 4227 2984 4282 αὐτοῦ
3043 4227 3482 4302 προγενεστέρων
3521 4228 3739 4302 καί-με-

2095 4314 2282 4392 γάλων
2340 4315 2429 4369 καὶ
2489 4314 2716 4370 πολλῶν
2757 4317 3021 4388 μειζόνων
3065 4315 3228 4372 αὐτοῦ
3294 4316 3614 4392 γεγονότων,
3664 4316 3740 4374 ὧν

2096 4404 2194 4472 τήν
2247 4401 2528 4458 πολιτείαν
2585 4401 2745 4465 αὐτὸς
2802 4401 3078 4476 ἐμιμεῖτο.
3137 4400 3308 4461 Οὐδὲν
3366 4405 3492 4481 γὰρ,
3551 4405 3737 4484 φησὶν,

2099 4490 2403 4563 θαυμαστὸν
2463 4491 2526 4545 16
2567 4489 2699 4564 ἐμὸν
2758 4488 2936 4567 ἔργον,
2995 4492 3040 4546 ὦ
3096 4493 3276 4565 τέκνα,
3330 4494 3468 4569 πρὸς
3522 4493 3584 4548 τὸ
3629 4497 3738 4549 τῶν

340 4592 527 4664 Ὁρᾶτε
569 4590 740 4644 πόσον
789 4591 945 4661 ὑμεῖς
994 4590 1318 4665 ἀγριώτεροι
1360 4589 1468 4644 τῶν
1516 4587 1718 4662 θηρίων
1749 4606 1762 4619 ’
1797 4588 1849 4642 οἱ
1892 4588 1986 4661 μὲν
2021 4590 2068 4654 D
2099 4576 2352 4654 Πατὲρων
2421 4581 2582 4653 ἡμῶν
2636 4581 2966 4656 πολίτευμα.
3027 4583 3126 4638 Καἲ
3200 4585 3273 4647 ὡς
3325 4585 3392 4656 ἠν
3441 4582 3517 4638 ἔτι
3576 4587 3743 4638 ταῦτα

339 4679 442 4752 γὰρ
474 4680 634 4751 ἡμῶν
667 4675 756 4732 διὰ
787 4679 918 4733 Θεὸν
949 4685 1066 4741 τοῖς
1120 4679 1432 4754 βουλήμασι
1483 4677 1783 4747 πείθονται,
1834 4677 1988 4751 ὑμεῖς

343 4764 398 4820 δὲ
431 4763 558 4820 οὐδὲ
587 4767 679 4821 τὸν
712 4768 838 4820 Θεὸν
872 4762 1198 4844 ἐφοϐήθητε,
1235 4765 1360 4822 οὐδὲ
1386 4769 1486 4838 τήν
1517 4773 1622 4824 τῶν
1657 4769 1990 4842 Χριστιανῶν

342 4849 627 4908 εὐλάϐειαν
662 4851 1088 4925 ἐδωσωπήθητε.
1139 4856 1452 4932 Εἴσαγαγὼν
1505 4854 1561 4912 δὲ
1603 4856 1797 4920 αὐτοὺς
1842 4858 1991 4929 αύτῷ

339 4941 552 5014 κελλίῳ
616 4944 890 5017 παρέθηκε
954 4944 1241 5020 τράπεζαν,
1305 4946 1396 5002 καὶ
1440 4945 1701 5002 ἐνουθέτει
1752 4940 1991 5020 μεταϐα-

344 5033 458 5089 λεῖν
503 5037 601 5088 τοῦ
661 5034 890 5109 τρόπου.
924 5037 986 5089 0':
1037 5032 1093 5090 δὲ
1149 5037 1276 5112 παρ’
1332 5037 1507 5094 αὐτῶν
1573 5039 1991 5112 μεταναστάντες

343 5123 627 5200 κρείττους
668 5123 895 5182 πολλῶν
935 5125 1272 5201 ἀνεφάνησαν
1306 5151 1318 5162 ·
1357 5131 1471 5200 μετ’
1504 5129 1565 5185 o6
1606 5125 1750 5184 πολὺ
1799 5126 1855 5183 δὲ
1901 5127 1990 5182 καὶ

346 5215 503 5271 αὐτοὶ
533 5213 600 5270 τὰ
639 5216 773 5270 αὐτὰ
806 5220 1004 5290 σημεῖα
1036 5216 1409 5280 ἐπιτελοῦντες
1441 5217 1721 5297 ὤφθησαν.

417 5303 652 5360 Ἃλλοτε
684 5301 764 5373 δὲ,
797 5304 951 5382 φησί,
997 5307 1238 5382 μεγάλου
1271 5304 1560 5380 δράκοντος
1599 5309 1697 5377 τήν
1753 5305 1989 5377 πλησίον

340 5393 517 5467 νώραν
548 5391 976 5469 λυμαινομένου,
1007 5395 1096 5449 καί
1128 5394 1196 5450 τὰ
1232 5393 1419 5452 πολλὰ
1465 5401 1573 5451 τῶν
1632 5397 1787 5467 ζώων
1851 5397 1995 5451 ἀναι-

351 5485 596 5557 ροῦντος,
629 5482 802 5552 ἦλθον
855 5485 905 5539 οἱ
954 5488 1375 5560 προσοικοῦντες
1414 5486 1512 5554 τὴν
1555 5485 1762 5562 ἔρημον
1800 5486 1993 5548 πάντες

344 5571 484 5645 ὁμοῦ
515 5573 650 5647 πρὸς
689 5573 781 5629 τὸν
830 5573 1061 5650 Πατέρα,
1096 5573 1344 5650 δεόμενοι
1396 5577 1756 5654 ἀφανισθῆναι
1805 5573 1865 5632 ἐκ
1892 5582 1992 5647 τῆς

345 5659 532 5736 χώρας
563 5659 740 5717 αὐτῶν
771 5661 834 5718 τὸ
873 5661 1084 5740 θηρίον.
1114 5667 1173 5722 Ὁ
1230 5659 1287 5718 δὲ
1333 5663 1408 5727 ὡς
1477 5661 1645 5741 μηδὲν
1699 5662 1995 5739 δυνάμενος

668 5765 936 5829 ΡΑΤιιοι.
982 5769 1096 5829 Gn.
1143 5765 1418 5830 XXXIV.

2102 4668 2464 4747 διηγούμενος
2520 4672 2742 4746 Κόπρης
2799 4673 2827 4726 6
2905 4671 3292 4749 πρεσϐύτερος,
3359 4674 3741 4746 ἀπονυστάξας,

2102 4762 2178 4820 εἷς
2221 4757 2272 4829 ἐξ
2319 4760 2472 4832 ὑμῶν
2525 4756 2760 4836 ἀδελφὸς
2809 4759 3031 4834 ἀπιστίᾳ
3087 4763 3212 4837 περὶ
3267 4765 3374 4818 τῶν
3436 4761 3744 4838 λεγομένων

2099 4849 2422 4928 φερόμενος,
2455 4849 2555 4924 ὁρᾷ
2601 4843 2792 4922 βίϐλον
2836 4852 3152 4925 θαυμαστὴν
3186 4850 3238 4906 ἐν
3277 4855 3398 4916 ταῖς
3443 4851 3603 4930 χερσί
3647 4855 3744 4908 τοῦ

2099 4934 2293 5012 ἀνδρὸς
2336 4935 2685 5010 ἐπικειμένην
2724 4943 2952 5014 χρυσοῖς
2998 4940 3284 5016 γράμμασι
3331 4939 3743 5017 γεγραμμένην,

2099 5028 2191 5082 καὶ
2229 5025 2504 5104 ἐφεστῶτα
2540 5025 2708 5100 ἄνδρα
2749 5031 2871 5083 τινὰ
2908 5027 3104 5085 πολιὸν
3155 5032 3290 5104 μετά
3331 5029 3562 5101 ἀπειλῆς
3596 5032 3747 5102 αὐτῷ

2104 5117 2326 5191 λέγοντα
2359 5136 2372 5150 ·
2409 5115 2518 5171 Οὐκ
2548 5117 2761 5180 ἀκούεις
2803 5123 3097 5197 προσεχῶς
3139 5124 3236 5174 τοῦ
3289 5119 3743 5199 ἀναγνώσματος,

2102 5204 2249 5262 ἀλλᾶ
2294 5205 2619 5277 νυστάζειςς
2695 5207 2756 5264 Ὀ
2817 5205 2874 5262 δὲ
2929 5210 3188 5284 ταραχείς
3261 5208 3417 5274 εὐθὺς
3477 5211 3611 5281 ἡμῖν
3683 5207 3747 5260 16

2106 5295 2459 5371 ἀκροώμενον
2509 5296 2597 5351 καὶ
2657 5297 3143 5374 ἀφθένῬωμαῖστὶ
3192 5297 3450 5376 ἐξέφηνίι.
3510 5298 3634 5354 Ἔτι
3690 5291 3747 5348 δὲ

2101 5385 2302 5441 τούτου
2361 5383 2663 5448 λαλοῦντος
2718 5387 2855 5462 πρὸς
2931 5390 3078 5461 ἡμᾶς
3140 5393 3330 5456 ταῦτα,
3391 5383 3597 5454 ἐπῆλθέ
3663 5403 3747 5445 τις

2102 5475 2362 5552 ἀγροῖκος
2409 5473 2647 5531 κάλαθον
2678 5474 2822 5551 ἔχων
2875 5479 3076 5551 μεστὴν
3104 5480 3335 5552 ψάμμου
3368 5491 3382 5507 ⁶
3427 5473 3518 5529 καὶ
3565 5493 3750 5550 παρει-

2104 5567 2293 5637 στήκει
2337 5562 2701 5641 ἐκδεχόμενος
2762 5566 3056 5644 πληρῶσαι
3105 5565 3266 5620 αὐτὸν
3317 5565 3419 5634 τὴν
3469 5560 3748 5639 διήγησιν.

2101 5654 2544 5730 Ἐπυνθανόμεθα
2592 5654 2650 5712 δὲ
2696 5659 2859 5734 ἡμεῖς
2907 5656 3068 5713 αὐτοῦ
3116 5658 3212 5710 τοῦ
3244 5648 3635 5732 πρεσϐυτέρου,
3684 5652 3748 5711 Τί

3355 5759 3433 5816 37
