4074 6278
431 352 585 413 1155

427 486 530 556 ἄρα
560 480 706 535 θέλει
737 481 765 532 6
795 478 1049 554 ἀγροῖκος
1085 479 1218 550 μετὰ
1256 484 1354 546 τῆς
1385 479 1616 551 ψάμμου
1651 497 1664 547 ;

426 569 483 626 δὲ
513 571 648 645 πρὸς
681 572 828 642 ἡμᾶς
861 590 875 602 ·
910 569 937 621 ὸ
972 569 1158 641 Πατὴρ
1191 567 1363 641 λέγων
1391 589 1403 598 ’
1427 567 1619 638 Τέκνα,
1649 567 1747 622 οὐκ
1777 568 1945 643 ἐχρῆν
1970 569 2063 641 μὲν

426 663 571 733 ἡμᾶς
621 659 924 732 καυχᾶσθαι
978 658 1112 731 πρὸς
1165 656 1326 729 ὑμᾶς,
1379 653 1502 711 οὐδὲ
1551 655 1773 725 ἐξειπεῖν
1823 658 1890 711 τὰ
1953 663 2060 712 τῶν

423 748 675 824 Πατέρων
743 747 1162 818 κατορθώματα,
1207 742 1300 798 ’ίνα
1379 747 1454 817 μή
1524 744 1837 819 ἐπαρθέντες
1927 746 2062 801 κατά

422 839 685 906 διάνοιαν,
725 836 815 890 τὸν
871 835 1061 908 μέσθὸν
1111 833 1487 907 ἀπολέσωμεν.
1534 835 1630 890 Διά
1669 833 1726 889 δὲ
1760 837 1859 904 τὴν
1905 837 2057 908 ὑμῶν

421 925 665 996 σπουδὴν
703 925 792 980 καὶ
822 924 1110 1000 ὠφέλειαν,
1142 925 1227 978 ’ὁτι
1257 923 1316 978 ἐκ
1353 923 1614 980 τοσούτου
1656 928 1888 998 μήκους,
1920 927 2056 999 πρὸς

419 1019 559 1090 ὑμᾶς
597 1014 924 1086 ἐληλύθατε,
976 1015 1038 1068 οὐ
1088 1016 1382 1087 ζημειώσω
1427 1017 1566 1088 ὑμᾶς
1610 1021 1709 1084 τῆς
1768 1014 2055 1091 ὠφελείας,

413 1103 544 1161 ἀλλ’
579 1102 710 1178 ἅπερ
771 1101 841 1157 δι’
897 1105 1058 1174 ἡμῶν
1108 1103 1135 1155 6
1193 1103 1322 1164 Θεὸς
1380 1101 1722 1176 ᾠκονόμησε,
1773 1103 2057 1174 παρόντων

414 1199 522 1249 τῶν
553 1193 805 1267 ἀδελφῶν
840 1190 1199 1266 διηγήσομαι.

483 1286 762 1356 ’Ἃκαρπος
790 1283 857 1351 ἦν
889 1284 924 1351 ἡ
965 1280 1204 1352 πλησίον
1235 1283 1395 1354 ἡμῶν
1429 1284 1610 1356 χώρα,
1639 1282 1729 1335 καὶ
1761 1282 1812 1335 οἱ
1857 1302 2053 1351 κεκτη-

417 1377 568 1451 μένοι
601 1374 768 1441 αὐτὴν
802 1373 1053 1447 ἂγροῖκοι
1085 1371 1394 1446 σπείραντες
1444 1371 1590 1426 σίτον
1646 1369 1812 1443 μόλις
1857 1371 1912 1425 ἐν
1963 1369 2050 1425 δι-

409 1465 538 1534 πλῷ
565 1466 630 1519 τὸ
658 1462 874 1538 σπέρμα
914 1461 1170 1534 ἐθέριζον.
1204 1460 1433 1531 Σκώληξ
1479 1461 1582 1536 γὰρ
1632 1463 1968 1538 γεννώμενος
1999 1463 2050 1518 ἐν

409 1559 487 1626 τῷ
535 1553 734 1626 στάχυϊ
786 1550 914 1605 ὅλον
971 1549 1063 1605 τὸν
1113 1549 1325 1622 ἀμητὸν
1385 1547 1702 1626 διέφθειρεν.
1734 1552 1801 1608 Οἱ
1833 1549 1891 1606 δὲ
1920 1571 2046 1606 κατ-

409 1643 709 1716 ηχηθεντες
751 1640 989 1715 γεωργοὶ
1036 1640 1161 1712 παρ’
1219 1640 1380 1708 ἡμῶν
1426 1639 1516 1692 καὶ
1545 1640 1857 1713 Χριστιανοῖ
1889 1663 2044 1718 γεγο·

403 1735 574 1803 νότες,
633 1731 817 1802 ἠξίουν
874 1731 1023 1802 ἡμᾶς
1079 1726 1330 1802 εὔχεσθαι
1399 1728 1529 1804 ὑπὲρ
1595 1733 1692 1785 τοῦ
1763 1731 2044 1805 θερισμοῦ.

1938 348 2308 410 PALLADII

1705 479 2310 554 ἈπεκρίνατοΑπρὸς
2367 481 2514 551 ἡμᾶς
2594 474 2924 548 διεκόμισεν,
2982 473 3310 550 παρακαλῶν
3387 478 3827 550 συγχωρηθῆναι

3668 345 3829 406 1156

2173 568 2321 640 αὐτῷ
2382 569 2445 621 τὸ
2493 564 2914 639 πλημμέλημα,
2973 564 3062 618 καὶ
3132 563 3375 639 γενέσθαι
3455 567 3775 639 Χριστιανός
3811 611 3823 622 .

2172 660 2338 732 Ὅπερ
2371 657 2460 711 καὶ
2490 656 2727 730 γέγονεν.
2771 657 2939 711 Ἦσαν
2988 655 3091 728 γὰρ
3141 655 3256 709 κατ’
3304 656 3475 722 αὐτὴν
3521 657 3618 724 τῆν
3673 657 3821 730 ὥραν

2171 745 2306 815 ξένοι
2337 747 2474 820 πρὸς
2508 747 2657 818 ἡμᾶς
2710 743 2958 805 ἐλθόντες
3009 740 3258 818 ἀδελφοὶ,
3313 741 3384 796 δι’
3428 743 3522 805 οὓς
3575 745 3820 816 μαλιστα

2168 831 2491 904 ἐπιτηδείως
2540 835 2678 906 ἡμῖν
2749 835 2816 888 τὰ
2879 831 3092 907 λάχανα
3139 834 3510 906 προσηνέχθη.
3562 835 3815 890 Μεταλα-

2168 920 2354 985 ϐόντες
2383 922 2475 979 οῦν
2507 923 2554 993 ἐξ
2588 922 2785 991 αὐτῶν,
2818 922 3290 999 εὐχαριστήσαμεν
3324 926 3402 993 τῷ
3433 927 3570 994 Θεῷ,
3603 921 3809 994 διπλῆν

2167 1015 2500 1091 εὐφροσύνην
2530 1014 2912 1087 ποιησάμενοι,
2945 1015 3046 1084 τήν
3073 1033 3131 1068 τε
3159 1018 3256 1068 τοῦ
3288 1013 3576 1089 ἀνθρώπου
3625 1035 3809 1087 σωτη-

2168 1103 2283 1180 ρίαν
2315 1104 2405 1159 καὶ
2435 1105 2534 1174 τὴν
2564 1108 2671 1158 τῶν
2703 1101 2956 1177 ἀδελφῶν
2987 1102 3306 1161 ἀνάπαυσιν.

2768 1195 3029 1248 ΚΕΦΑΛ.
3072 1191 3196 1248 ΝΕ’.

2687 1285 2814 1355 Περί
2843 1277 2985 1336 ἆϐϐἆ
3015 1281 3278 1356 Σούρους,

2227 1367 2403 1430 Ἀϐϐἆ
2462 1371 2701 1448 Σούρους
2760 1369 2818 1426 δέ
2864 1391 2997 1426 ποτε
3051 1370 3140 1426 καὶ
3199 1366 3343 1425 ἀϐϐἆ
3408 1371 3649 1442 Ἡσαΐας,
3705 1375 3797 1428 καὶ

2159 1457 2302 1518 ἀϐϐἆ
2345 1459 2560 1525 Παῦλος
2617 1461 2907 1535 συνέτυχον
2947 1459 3243 1531 ἀλλήλοις,
3301 1457 3492 1535 ἄνδρες
3549 1457 3800 1526 εὐλαϐεῖς

2157 1554 2247 1606 καὶ
2306 1553 2555 1621 ἀσκηταὶ,
2614 1552 2704 1606 τὸν
2767 1550 2933 1627 μέγαν
2991 1549 3347 1625 ὁμολογητήν
3401 1546 3543 1606 ἀϐϐᾶ
3600 1550 3798 1610 Ἀνοὸϐ

2156 1640 2599 1714 ἐπισκεψόμενοι.
2659 1643 2910 1714 Ἀπεῖχεν
2972 1637 3028 1693 δὲ
3083 1638 3263 1694 αὐτῶν
3314 1645 3461 1715 τρεῖς
3524 1645 3687 1714 μονὰς
3732 1644 3796 1699 τὸ

2157 1729 2452 1803 διάστημα.
2511 1729 2609 1784 Καί
2665 1749 2791 1807 φασι
2848 1728 2983 1804 πρὸς
3040 1727 3329 1799 ἀλλήλους
3363 1750 3376 1762 '
3440 1729 3796 1800 Ἐπιδειξάτω

406 1825 564 1897 Εἶρον
625 1819 716 1876 οῦν
775 1820 910 1893 πρὸς
968 1817 1166 1880 αὐτούς
1207 1837 1224 1854 ο
1281 1818 1342 1872 Εἰ
1385 1816 1540 1895 ἔχετε
1577 1818 1756 1875 πίστιν
1785 1821 1920 1895 πρὸς
1951 1822 2042 1876 τὸν
2078 1845 2122 1910 Β
2153 1818 2376 1881 ἕκαστος
2405 1822 2564 1892 ἡμῶν
2599 1819 2697 1887 τήν
2731 1819 2923 1873 ἑαυτοῦ
2951 1815 3254 1890 πολιτείαν,
3307 1820 3396 1874 καὶ
3453 1821 3604 1884 ὅπως
3650 1825 3799 1896 παρᾶ

403 1914 531 1968 Θεὸν
555 1909 644 1967 καὶ
675 1911 709 1979 ἠ
761 1907 1000 1984 ἐρημική
1051 1907 1184 1978 αὕτη
1236 1906 1464 1980 ψάμμος
1518 1910 1644 1980 ὑμῖν
1687 1913 2042 1985 καρποφορή-

402 2026 480 2059 σει
523 2023 536 2035 °
563 2002 619 2056 οἱ
651 1998 708 2056 δὲ
739 1997 890 2055 οὐδὲν
921 1993 1382 2070 ἀναϐαλλόμενοι,
1422 2005 1522 2068 τῆς
1561 2000 1793 2072 ψάμμου
1841 2002 2044 2072 ταύτης

396 2101 498 2162 τῆς
555 2092 680 2165 παρ’
738 2091 899 2164 ἡμῶν
960 2088 1304 2161 πατουμένης
1361 2086 1490 2151 τοὺς
1539 2088 1740 2143 ἑαυτῶν
1798 2089 2041 2152 κόλπους

397 2181 806 2254 πληρώσαντες,
867 2175 1113 2251 εὐλογεῖν
1163 2177 1497 2254 προσέφερον
1555 2177 1846 2246 ἀξιοῦντες,
1902 2181 2041 2255 Ἐγὼ

400 2270 456 2324 δὲ
487 2270 560 2330 ὡς
592 2268 842 2340 ηὐξάμην
875 2265 1059 2328 αὐτοῖς
1090 2265 1225 2320 κατά
1273 2266 1373 2334 τὴν
1425 2265 1605 2321 πίστιν
1665 2267 1839 2324 αὐτῶν
1890 2268 2037 2343 γενέ-

397 2361 542 2430 σθαι,
575 2354 823 2432 ἕσπειραν
872 2356 1044 2424 αὐτὴν
1087 2356 1178 2409 σὺν
1212 2359 1292 2427 τῷ
1323 2355 1456 2428 σίτῳ
1516 2355 1567 2410 ἐν
1613 2361 1732 2419 ταῖς
1773 2359 1987 2433 χώραις
2019 2379 2034 2393 ·

394 2450 482 2503 καὶ
541 2448 794 2524 ἐξαίφνης
832 2444 1188 2519 πολύκαρπος
1245 2445 1422 2500 αὐτῶν
1474 2447 1509 2515 ἡ
1562 2447 1722 2522 χώρα
1759 2447 2034 2523 γεγένηται

393 2537 539 2610 παρὰ
593 2539 764 2590 πᾶσαν
819 2541 924 2608 γῆν
970 2534 1269 2608 Αἰγύπτου,
1328 2538 1496 2589 Τοῦτο
1545 2533 1636 2589 οῦν
1692 2542 1868 2591 ποιεῖν
1914 2535 2035 2602 ἔθος

393 2619 775 2698 ἕχοντες,κατ’
821 2620 1061 2676 ἐνιαυτὸν
1092 2623 1227 2693 ἡμῖν
1279 2619 1626 2695 ἐνοχλοῦσιν,
1678 2625 1773 2678 ’Ἐν
1827 2623 1882 2678 δέ
1938 2647 2030 2699 μοι

397 2713 552 2787 μέγα,
584 2711 766 2788 φησὶν,
801 2711 829 2763 6
879 2712 1006 2770 Θεὸς
1057 2708 1286 2764 πολλῶν
1331 2709 1614 2785 παρόντων
1662 2714 1840 2784 θαῦμα
1887 2736 2028 2790 παρ.

391 2803 571 2874 ἐσχεν.
621 2798 906 2854 Κατελθὼν
954 2799 1057 2874 γὰρ
1105 2797 1215 2873 ἐγὼ
1271 2819 1402 2854 ποτε
1451 2798 1502 2852 ἐν
1546 2804 1615 2873 τῇ
1663 2801 1845 2874 πόλει,
1879 2805 2030 2878 εὗρον

390 2887 553 2964 ἄνδρα
581 2889 702 2944 τινὰ
732 2891 1059 2961 Μανιχαῖον,
1100 2885 1226 2948 τοὺς
1274 2884 1487 2960 δήμους
1517 2887 1978 2962 ἀποπλανήσαντα
2010 2917 2022 2929 ο

388 2979 462 3042 ὡς
494 2976 551 3034 δὲ
580 2979 779 3033 πείθειν
812 2975 971 3031 αὐτὸν
1006 2973 1247 3050 δημοσίᾳ
1278 2976 1375 3032 οὐκ
1421 2975 1730 3052 ἠδυνάμην,
1775 2984 2026 3063 στραφεὶς

385 3070 520 3144 πρὸς
553 3070 614 3122 τὸ
645 3066 886 3138 πλῆθος,
919 3065 1095 3133 εἶπον,
1129 3066 1306 3141 Πυρὰν
1349 3065 1594 3141 μεγάλην
1625 3069 1704 3130 εἰς
1751 3071 1850 3140 τὴν
1883 3071 2024 3127 πλα.

381 3165 525 3213 τεῖαν
557 3157 811 3231 ἀνάψατε,
844 3155 934 3210 καὶ
976 3154 1354 3229 εἷσερχώμεθα
1402 3152 1568 3234 όίμφω
1600 3157 1651 3211 ἐν
1701 3157 1770 3231 τῇ
1830 3161 2017 3236 φλογί,

385 3248 481 3302 Καὶ
514 3247 566 3301 εἷ’
588 3267 672 3310 τις
701 3248 860 3318 ἡμῶν
891 3243 1222 3322 ἂφλόγιστος
1253 3243 1523 3319 διαμείνῃ,
1555 3247 1710 3309 οὗτος
1759 3246 1874 3323 ἔχει
1918 3253 2018 3318 τήν

376 3334 552 3404 καλὴν
593 3334 791 3390 πίστιν.
839 3337 928 3396 Ὠς
980 3331 1037 3386 δὲ
1073 3335 1258 3408 γέγονε
1305 3339 1490 3404 τοῦτο,
1522 3335 1611 3390 καὶ
1661 3337 1713 3390 οἱ
1757 3333 1925 3411 ὄχλοι
1965 3339 2016 3395 ἐν

378 3420 590 3494 σπουδῇ
619 3424 719 3489 τὴν
765 3421 938 3495 πυρὰν
988 3423 1211 3491 ἀνῆκαν,
1253 3424 1440 3477 εἷλκον
1503 3423 1660 3479 αὐτὸν
1710 3427 1825 3498 μετ’
1882 3427 2018 3501 ἐμοῦ

375 3510 452 3570 εἷς
485 3509 548 3562 τὸ
578 3513 706 3581 πῦρ.
739 3510 795 3562 'O
827 3507 884 3562 δέ
915 3530 1100 3581 φησιν,
1147 3513 1410 3571 ’Ἐκαστος
1459 3514 1619 3582 ἡμῶν
1665 3515 1801 3569 κατᾶ
1853 3518 2019 3588 μόνας

374 3594 682 3664 εἰσελθέτω,
732 3596 823 3650 καὶ
879 3599 1100 3670 πρῶτος
1155 3596 1414 3652 εἰσελθεῖν
1475 3596 1712 3671 ὄφείλεις
1768 3602 1930 3666 αὐτὸς
1987 3608 2016 3661 6

372 3682 694 3759 προστάξας,
748 3688 834 3748 Ὡς
891 3679 948 3737 δὲ
1005 3682 1058 3738 ἐν
1117 3685 1344 3758 ὀνόματι
1391 3690 1489 3741 τοῦ
1562 3688 1798 3762 Χριστοῦ
1861 3712 2017 3749 κατα-

369 3775 810 3854 σφραγισάμενος
862 3771 1209 3844 εἰσελήλυθα,
1259 3776 1294 3843 ἡ
1355 3774 1490 3853 φλόξ
1545 3775 1651 3832 ὥδε
1701 3781 1858 3834 κάκεῖ
1897 3780 2010 3838 δια-

370 3866 683 3939 μερισθεῖσα
735 3862 796 3918 οὐ
835 3861 1234 3938 παρηνόχλησέ
1267 3885 1384 3937 μοι,
1449 3868 1717 3944 ἡμιώριον
1765 3867 1817 3924 ἐν
1873 3871 2008 3946 αὐτῇ

2155 1914 2290 1964 Θεοῦ
2319 1908 2370 1963 ἐν
2403 1912 2481 1980 τῷ
2514 1908 2620 1981 βίῳ
2648 1907 2828 1979 τούτῳ
2874 1905 3186 1979 τετίμηται.
3227 1902 3403 1965 Ἀϐϐἇ
3451 1910 3693 1985 Σούρους
3738 1909 3798 1967 δὲ

2154 1999 2290 2072 πρὸς
2318 1997 2517 2057 αὐτοὺς
2547 1995 2648 2070 ἔφη
2685 2013 2698 2028 ⁸
2733 1996 3000 2070 Αίτοῦμαι
3044 1998 3190 2070 παρᾶ
3242 2001 3338 2052 τοῦ
3393 2003 3531 2054 Θεοῦ
3589 1997 3792 2074 δῶρον,

2151 2085 2464 2157 ἀκαμάτους
2494 2087 2642 2157 ἡμᾶς
2691 2085 2887 2160 φθάσαι
2926 2083 3014 2138 ἐπὶ
3069 2089 3166 2139 τοῦ
3221 2086 3396 2141 τόπου
3455 2087 3506 2142 ἐν
3566 2085 3796 2163 δυνάμει

2149 2179 2246 2229 τοῦ
2277 2173 2588 2248 Πνεύματος
2620 2191 2634 2205 ⁶
2667 2174 2755 2227 καὶ
2794 2174 2958 2246 μόνον
3006 2172 3301 2246 εὐξαμένοῦ
3351 2175 3538 2247 αὐτοῦ,
3593 2177 3794 2235 πλοῖον

2148 2260 2367 2336 ἕτοιμον
2412 2261 2604 2336 εὑρέθη
2653 2269 3021 2336 παραχρῆμα.
3072 2262 3161 2316 καὶ
3209 2262 3405 2335 ἄνεμος
3455 2264 3795 2342 ἐπιτήδειος,

2147 2352 2235 2407 καὶ
2275 2352 2326 2407 ἐν
2383 2351 2526 2428 ῥοπῇ
2580 2351 2872 2426 εὑρέθησαν
2932 2351 3019 2408 ἐπὶ
3077 2355 3176 2408 τοῦ
3230 2353 3402 2409 τόπου
3479 2355 3797 2422 ἀνελθόντες

2145 2441 2281 2496 κατά
2306 2445 2405 2496 τοῦ
2436 2442 2725 2515 ῥεύματος.

2737 2537 2991 2588 ΚΕΦΔΛ.
3046 2533 3191 2606 Νς.

2597 2619 2725 2695 Περὶ
2755 2621 2844 2674 καὶ
2885 2614 3059 2675 ’Λϐϐἆ
3086 2621 3330 2680 Ἡσαΐου.

2212 2709 2430 2770 Ἡσαΐας
2462 2707 2518 2764 δέ
2550 2730 2681 2785 φησι
2725 2709 2860 2783 πρὸς
2910 2709 3124 2782 αὐτοὺς,
3176 2715 3276 2767 Καὶ
3332 2712 3384 2769 τί
3441 2715 3776 2790 θαυμαστὸν,

2139 2798 2185 2852 ὦ
2242 2797 2419 2870 φίλοι,
2451 2798 2539 2853 ἐὰν
2591 2801 2892 2874 συναντήσῃ
2949 2802 3084 2873 ἡμῖν
3147 2801 3175 2855 ὁ
3232 2801 3371 2877 ἀνὴρ
3425 2802 3639 2859 ἑκάστου
3672 2809 3776 2870 τὰς

2137 2888 2421 2949 πολιτείας
2454 2888 2782 2962 διαγορεύων
2821 2907 2834 2958 ;

2732 2982 2985 3034 ΚΕΦΑΛ.
3057 2981 3178 3036 ΝΖ’.

2613 3068 2742 3140 Περὶ
2771 3068 2861 3122 καὶ
2893 3062 3034 3122 ἀϐϐἆ
3065 3069 3304 3125 Παύλου.

2207 3155 2418 3218 Παῦλος
2449 3153 2505 3211 δέ
2536 3177 2668 3229 φησι
2698 3157 2835 3230 πρὸς
2893 3155 3090 3221 αὐτούς
3123 3181 3136 3192 ·
3198 3161 3258 3214 Εἰ
3317 3160 3632 3236 ἀπεκάλυψε
3684 3168 3779 3220 καὶ

2133 3247 2268 3317 ἡμῖν
2327 3247 2356 3299 6
2413 3246 2562 3315 Θεὸς,
2606 3245 2688 3300 ὅτι
2749 3248 2884 3318 μετά
2937 3252 3080 3320 τρεῖς
3134 3249 3342 3323 ἡμέρας
3400 3248 3777 3326 ἀναλαμϐάνει

2129 3336 2221 3390 τὸν
2256 3335 2539 3410 ἄνθρωπον
2575 3355 2590 3405 ;
2623 3339 2710 3396 Ὧς
2744 3332 2800 3389 δὲ
2830 3336 3111 3409 προῆλθον
3135 3334 3437 3412 ἔμπροσθεν
3460 3340 3557 3397 τοῦ
3573 3343 3775 3415 τόπου,

2128 3424 2156 3477 6
2204 3422 2342 3496 ἀνὴρ
2397 3423 2582 3485 αὐτοῖς
2633 3425 2942 3494 ἀπαντήσας
2995 3425 3291 3496 ἠσπάζετοο
3341 3430 3399 3485 Ὀ
3449 3428 3506 3486 δὲ
3554 3433 3774 3496 Παῦλός

2127 3533 2260 3587 φησι
2305 3513 2442 3582 πρὸς
2482 3511 2642 3567 αὐτόν
2671 3533 2684 3546 ο
2737 3515 2951 3589 Φρόίσον
3001 3517 3136 3588 ἡμῖν
3182 3519 3248 3572 τὰ
3297 3525 3522 3575 σεαυτοῦ
3570 3542 3771 3597 κατορ-

2126 3602 2354 3674 θώματα
2383 3623 2396 3635 ·
2434 3603 2720 3677 μεθαύριον
2751 3605 2852 3678 γὰρ
2883 3604 3018 3679 πρὸς
3051 3607 3180 3661 Θεὸν
3215 3607 3513 3684 ἀπελεύσῃ.

2727 3698 2986 3752 ΚΕΦΑΛ.
3019 3696 3153 3755 NH'.

2581 3779 2711 3854 Περὶ
2752 3782 2841 3837 καὶ
2886 3778 3030 3838 ἀϐϐἆ
3075 3783 3294 3842 Ἀνούϐ.

2192 3870 2324 3925 Εἶπε
2354 3867 2412 3925 δὲ
2459 3865 2600 3924 ἀϐϐἆ
2647 3868 2841 3928 Ἀνοὺϐ
2891 3874 3028 3946 πρὸς
3077 3876 3279 3938 αὐτούς
3315 3920 3328 3933 .
3381 3878 3703 3958 Εὐλογητὸς
3734 3887 3763 3940 ὁ

2118 3960 2244 4021 Θεὸς
2278 3962 2305 4013 ὁ
2335 3958 2503 4033 κάμοὶ
2534 3965 2700 4015 ταῦτα
2730 3963 3025 4037 γνωρίσας,
3054 3965 3143 4019 καὶ
3181 3968 3281 4035 τήν
3335 3969 3488 4042 ὑμῶν
3547 3992 3763 4046 παρου-

2115 4048 2228 4103 σίαν
2261 4051 2348 4104 καὶ
2395 4049 2698 4106 πολιτείαν.
2749 4051 2934 4108 Εἰπὼν
2984 4050 3041 4108 δὲ
3087 4053 3315 4111 ἑκάστου
3362 4057 3429 4113 τά
3473 4064 3762 4136 κατορθώ-

2115 4160 2276 4210 ματα,
2308 4139 2491 4193 καὶτὰ
2523 4139 2712 4194 ἑαυτοῦ
2759 4139 2952 4196 λοιπὸν
3005 4141 3269 4218 ἐξηγεῖτο,
3324 4145 3520 4224 λέγων·
3554 4150 3644 4220 Ἐξ
3695 4151 3757 4206 οὗ

2110 4228 2172 4282 τὸ
2205 4235 2459 4302 Σωτῆρος
2483 4227 2657 4301 ὄνομα
2680 4228 2766 4284 ἐπὶ
2786 4237 2886 4300 τῆς
2907 4238 3008 4306 γῆς
3029 4233 3388 4310 ὡμολόγησα,
3415 4237 3476 4291 οὐ
3509 4239 3757 4313 προῆλθε

2109 4314 2306 4391 ψεῦδος
2332 4317 2392 4372 ἐκ
2418 4322 2513 4372 τοῦ
2547 4321 2815 4392 στόματός
2852 4342 2977 4394 μου,
3013 4325 3202 4399 γήϊνον
3250 4324 3406 4382 οὐδὲν
3457 4325 3752 4402 διῃτήθην,

367 3953 728 4029 διατρίψαντι.
762 3950 989 4014 Ἰδόντες
1021 3949 1077 4006 δὲ
1125 3955 1177 4008 οἱ
1222 3951 1389 4032 ὄχλοι
1435 3956 1498 4011 τὸ
1548 3959 1727 4031 θαῦμα
1777 3955 2006 4033 ἀνεϐόη-

363 4065 476 4114 σαν,
525 4043 614 4097 καὶ
661 4042 968 4116 ὴνόίγκαζον
1016 4040 1183 4097 πάλιν
1231 4044 1475 4100 κάκεῖνον
1528 4045 1604 4106 εἷς
1667 4049 1766 4117 τήν
1832 4053 2002 4126 πυρὰν

360 4133 642 4188 εἰσελθεῖν.
675 4133 736 4188 Ὀ
771 4128 828 4186 δὲ
858 4131 933 4193 ὡς
961 4133 1060 4185 οὐκ
1096 4129 1261 4200 ἤθελε
1305 4129 1518 4202 δεδιὼς,
1553 4132 1807 4200 λαϐόντες
1838 4143 2005 4197 αὐτὸν

361 4224 410 4276 οἱ
437 4220 604 4295 δῆμοι
639 4221 713 4282 εἷς
749 4221 910 4293 μέσον
941 4218 1184 4289 ὤθησαν,
1215 4222 1306 4274 καὶ
1346 4222 1789 4299 περιφλογισθεὶς
1829 4226 2000 4298 ὅλως,

357 4310 566 4380 ἀτίμως
597 4316 698 4378 τῆς
731 4308 946 4371 πόλεως
979 4308 1256 4387 ἐξερρίφη,
1288 4314 1392 4364 τῶν
1427 4309 1620 4385 δήμων
1666 4318 1998 4388 κραζόντων,

355 4399 452 4452 Τὸν
473 4396 678 4451 πλάνον
707 4403 879 4466 ζῶντα
899 4398 1130 4453 καύσατε
1155 4418 1166 4431 ·
1194 4399 1291 4472 ἐμὲ
1314 4397 1370 4454 δὲ
1387 4399 1748 4467 ἀναλαϐόντες
1770 4407 1796 4460 6
1820 4406 1998 4486 ἀχλος
2105 4409 2200 4460 τοῦ
2233 4405 2465 4482 ἀγγέλου
2501 4429 2566 4480 με
2599 4410 2828 4483 ἡμέριον
2859 4396 3151 4485 τρέφοντος
3188 4415 3287 4483 τὴν
3319 4415 3568 4489 οὐράνιον
3612 4439 3748 4490 τρο-

350 4486 440 4540 καὶ
474 4485 868 4560 εὐφημοῦντες,
905 4486 979 4548 εἲς
1011 4489 1108 4554 τήν
1142 4486 1440 4558 ἐκκλησίαν
1470 4495 1849 4569 προέπεμψαν,
2105 4497 2208 4572 φήν
2245 4513 2257 4525 ⁸
2293 4494 2421 4551 οὐδέ
2479 4497 2662 4572 ἐτέρου
2722 4500 2867 4561 τινὸς
2924 4500 3184 4576 ἐπιθυμία
3236 4485 3462 4571 ἀνῆλθεν
3508 4505 3587 4565 εἰς
3633 4485 3736 4573 τὴν

424 4574 667 4631 Ἀλλοτε
700 4573 756 4630 δέ
789 4596 895 4649 μου
924 4575 1220 4649 παριόντος
1255 4575 1343 4632 διὰ
1373 4584 1504 4634 ναοῦ
1533 4603 1698 4655 τινος,
1719 4585 1858 4648 τινὲς
1889 4587 1996 4640 τῶν
2027 4585 2076 4650 D
2106 4581 2326 4658 καρδίαν
2360 4606 2484 4658 μου,
2518 4585 2666 4656 πλὴν
2724 4588 2759 4656 ἢ
2817 4592 2916 4643 τοῦ
2975 4573 3130 4648 Θεοῦ.
3184 4587 3315 4647 Οὐδὲ
3367 4589 3668 4663 ἀπέκρυψεν
3698 4593 3728 4645 ὁ

349 4665 510 4721 ἐθνῶν
543 4669 660 4728 τοῖς
693 4662 951 4728 εἰδώλοις
982 4664 1157 4721 αὐτῶν
1203 4668 1482 4738 ἒθυσίαζον
1519 4687 1532 4700 ·
1576 4671 1725 4726 εἶπον
1780 4670 1838 4727 δὲ
1893 4675 1989 4729 αὐ·
2100 4672 2228 4736 Θεός
2255 4697 2308 4730 τι
2337 4681 2444 4730 τῶν
2475 4675 2747 4752 ἐπιγείων,
2780 4677 2809 4734 ὃ
2849 4678 2948 4734 οὐκ
2996 4679 3251 4756 ἐγνώρισέ
3285 4700 3394 4753 μοι.
3425 4679 3540 4738 Οὐκ
3567 4677 3731 4754 ἔληξε

344 4760 460 4814 τοῖς
485 4775 497 4786 ·
524 4753 590 4808 Εἴ
612 4753 830 4832 λογικοὶ
859 4752 1029 4825 ὅντες,
1064 4754 1290 4832 ἀλόγοις
1313 4758 1365 4812 τί
1387 4757 1536 4814 θύετε
1561 4780 1574 4832 ;
1597 4761 1687 4816 καὶ
1715 4764 1870 4835 ὑμεῖς
1891 4765 1990 4820 αὐ-
2098 4771 2214 4843 φῶς
2267 4772 2382 4828 τοῖς
2451 4769 2760 4843 ὀφθαλμοῖς
2831 4791 2935 4844 μου
2966 4791 2979 4804 ·
3036 4752 3153 4828 οὐκ⁷
3179 4774 3230 4828 ἐν
3274 4771 3453 4848 ἡμέρᾳ
3490 4752 3738 4844 ὕπνωσα,

341 4847 449 4896 τῶν
487 4842 602 4896 ἐστε
634 4842 827 4898 λοιπὸν
865 4843 1227 4918 ἀλογώτεροι.
1263 4849 1323 4900 Οἱ
1365 4844 1423 4901 δὲ
1471 4848 1545 4910 ὡς
1577 4849 1758 4913 καλῶς
1783 4851 1986 4909 εἰπόντι
2097 4842 2198 4910 οὐκ
2229 4856 2279 4911 ἐν
2308 4857 2460 4913 νυκτὶ
2509 4857 2914 4934 ἀνεπαυσάμην,
2947 4863 3037 4917 τὸν
3091 4864 3221 4918 Θεὸν
3265 4863 3533 4935 ἐκζητῶν,
3596 4862 3743 4919 ἂλλά

343 4930 540 4992 εὐθέως
578 4952 670 5003 μοι
700 4931 1110 5004 ἠκολούθησαν,
1143 4939 1221 5007 τῷ
1255 4941 1476 5010 Σωτῆρι
1509 4939 1913 5003 πιστεύσαντες.
2095 4941 2326 5020 ἄγγελός
2362 4967 2453 5020 μοι
2488 4955 2665 5021 παρῆν
2694 4949 2796 5019 ἀεὶ,
2829 4951 2925 5012 τὰς
2951 4955 3049 5006 τοῦ
3078 4952 3293 5026 κόσμου
3333 4949 3585 5026 δυνάμεις
3617 4953 3742 5008 ἐπι-

414 5021 604 5116 Κήλπου
637 5018 694 5116 δέ
729 5024 821 5092 μοί
853 5043 984 5077 ποτε
1014 5023 1066 5078 ἐν
1097 5027 1165 5097 τῇ
1195 5024 1432 5094 πλησίον
1475 5029 1635 5104 χώρᾳ
1697 5031 1984 5110 ὑπάρχον-
2095 5018 2390 5090 δεικνύων-⁸
2431 5039 2493 5093 τὸ
2527 5018 2640 5115 φῶς
2689 5018 2790 5110 τῆς
2851 5039 3088 5103 διανοίας
3141 5018 3248 5116 μὸυ
3308 5043 3406 5099 οὐκ
3463 5018 3690 5115 ἐσϐέσθη
3727 5064 3740 5078 ⁰

339 5131 433 5208 τος
479 5105 568 5162 διὰ
623 5108 1080 5208 τὴνβρχομένην
1123 5115 1261 5208 πρὸς
1312 5117 1462 5208 ἡμᾶς
1528 5105 1980 5190 ἀδελότηταῖκαὶ
2092 5130 2194 5180 πᾶν
2221 5123 2430 5200 αἴτημα
2470 5105 2615 5204 πκρὰ
2663 5105 2795 5186 Θεοῦ
2847 5152 2951 5203 μου
2999 5105 3151 5196 εὐθὺς
3202 5129 3534 5208 ἐλάμϐανον.
3595 5105 3744 5191 Ἵδον

335 5199 452 5261 ἑνός
493 5219 642 5260 τινος
700 5197 858 5252 αὐτὸν
912 5203 1146 5272 πένητος
1194 5204 1575 5280 ἐργαζομένου,
1622 5209 1840 5278 εἰσῆλθέ
1895 5233 1979 5275 τις
2090 5213 2362 5276 πολλάκις
2395 5216 2660 5292 μυριάδας
2709 5218 2960 5297 ἀγγέλων
3023 5226 3102 5294 τῷ
3162 5228 3282 5296 Θεῷ
3339 5226 3690 5299 παρεστώσας
3729 5245 3744 5258 ⁸

331 5294 440 5346 τῶν
474 5288 760 5388 Ἐλλήνων
801 5287 1036 5359 συλῆσαι
1078 5293 1145 5346 τὰ
1189 5292 1422 5369 λάχανα.
1479 5299 1568 5360 Ὠς
1628 5295 1685 5352 δὲ
1735 5299 1978 5371 συλήσας
2089 5300 2203 5358 ἴδον
2238 5287 2443 5380 χοροῦς
2472 5287 2714 5363 δικαίων
2795 5287 2937 5365 ’ἴδον
3000 5287 3292 5388 μαρτύρων
3352 5287 3694 5387 ἀθροίσματα
3733 5337 3746 5348 ·

332 5378 595 5453 ἀπῆλθεν,
653 5375 760 5442 ἕως
805 5386 905 5448 τῆς
963 5379 1154 5453 τρίτης
1210 5385 1422 5459 ἡμέρας
1486 5386 1630 5460 ἐψεῖν
1691 5387 1826 5444 αὐτᾶ
1879 5392 1977 5446 οὐκ
2089 5390 2202 5449 ἷ¹δον
2235 5394 2451 5450 πάντων
2483 5398 2545 5451 τὸ
2586 5395 2739 5472 ἔργον
2790 5404 2898 5456 τῶν
2937 5401 3030 5456 τὸν
3091 5403 3220 5457 Θεὸν
3285 5402 3690 5478 εὐφημούντων
3732 5426 3746 5440 ·

333 5465 575 5533 ἐδυνάτο,
609 5468 736 5526 ἀλλ’
767 5468 978 5544 ἔμειναν
1005 5470 1057 5525 ἐν
1089 5475 1157 5545 τῇ
1190 5469 1384 5545 λέϐητι
1426 5477 1520 5531 οἶά
1558 5499 1656 5554 περ
1705 5482 1795 5535 καὶ
1843 5479 1973 5552 ἐλή-
2086 5480 2201 5538 ἴδον
2256 5484 2347 5538 τὸν
2399 5490 2636 5541 Σατανᾶν
2697 5489 2827 5562 πυρὶ
2885 5488 3326 5565 παραδιδόμενον
3359 5465 3390 5526 Ι·
3455 5490 3572 5547 ἴδον
3605 5493 3741 5557 τοὺς

332 5559 576 5653 φθησάν,
625 5562 700 5632 μή
760 5561 1188 5638 θερμαινομένου
1238 5561 1386 5627 ὅλως
1442 5571 1538 5621 τοῦ
1614 5567 1828 5633 ὕδατος.
1881 5573 1975 5626 Ἐκ
2083 5571 2348 5648 ἀγγέλους
2381 5575 2548 5630 αὐτοῦ
2591 5559 2998 5653 κολαζομένου-ς
3030 5600 3042 5613 ·
3101 5578 3219 5636 ἴδον
3258 5601 3271 5615 ·
3322 5583 3452 5644 τοὺς
3493 5578 3754 5648 δικαίους

332 5649 508 5723 ἑαυτῷ
555 5646 610 5704 Si
653 5653 938 5728 γενόμενος
997 5655 1025 5708 6
1083 5654 1242 5732 ἀνὴρ,
1301 5654 1588 5714 ἀναλαϐὼν
1630 5662 1698 5717 τὰ
1732 5661 1969 5737 λάχανα,
2082 5646 2318 5725 αἷίωνίως
2359 5646 2844 5744 εὐφραινομένους.
2904 5675 3078 5727 Ταῦτα
3131 5669 3190 5727 δὲ
3243 5670 3333 5727 καὶ
3396 5669 3546 5728 ἄλλα
3595 5646 3751 5732 πολέ
