4074 6278
256 422 410 483 1157

1598 413 1975 476 HISTORIA
2019 417 2434 483 LAUSIACA.

3617 432 3645 489 1
3660 430 3773 492 158

256 555 441 612 Filloli
476 553 609 622 mei,
670 568 781 606 non
853 551 1153 621 Oportebat
1199 565 1286 605 me
1333 548 1564 620 gloriari
1616 549 1769 619 apud
1829 564 1949 614 vos,
1983 549 2035 614 Α
2068 552 2493 609 condonaretur
2523 556 2801 619 erratum,
2835 558 2892 608 et
2923 557 2987 608 ut
3019 555 3582 627 ﬂeretChristianus,
3616 562 3773 631 quod

253 662 441 717 neque
473 662 541 700 ea
571 643 877 699 enuntiare
910 659 1036 712 quae
1094 646 1253 711 gesta
1285 646 1422 694 sunt
1455 658 1484 694 a
1534 640 1798 694 Palrihus
1827 664 1839 705 ;
1884 656 1953 694 ne

253 739 447 790 mente
553 733 689 790 elati
794 730 1134 785 amittamus
1238 729 1604 784 mercedem:
1721 736 1955 798 propter

252 825 512 881 studium
573 831 765 879 autem
836 827 1083 876 vestrum
1134 823 1190 873 et
1251 818 1575 885 utilitatem,
1628 819 1780 887 quod
1830 821 1951 873 tam

250 915 451 986 procul
487 916 556 969 ad
592 930 698 967 nos
750 910 1017 975 venistis,
1048 926 1162 964 non
1206 908 1480 963 fraudabo
1513 924 1616 962 vos
1668 909 1948 977 utilitate;

251 1006 353 1059 sed
386 1021 512 1075 quae
546 1020 647 1073 per
677 1017 782 1057 nos
835 1001 1101 1055 Servator
1148 997 1348 1069 gessit,
1390 998 1637 1051 narrabo
1695 1014 1955 1068 praesen—

250 1094 407 1148 tibus
432 1093 728 1148 fratribus.

320 1182 546 1238 Sterilis
580 1186 703 1237 crat
724 1195 861 1251 ager
892 1179 992 1250 qui
1023 1182 1110 1233 est
1143 1194 1315 1249 prope
1345 1194 1472 1243 nos,
1505 1180 1561 1233 et
1606 1176 1801 1233 rustici
1851 1177 1951 1248 qui

250 1273 440 1342 ipsum
478 1271 879 1342 possidebant,
908 1268 1284 1336 seminantes,
1317 1267 1406 1322 vix
1440 1284 1638 1323 semen
1684 1265 1955 1338 duplica-

249 1369 369 1415 tum
398 1361 724 1425 metebant;
761 1360 971 1414 vermis
1004 1358 1157 1413 enim
1192 1372 1438 1411 nascens
1464 1355 1521 1410 in
1554 1356 1736 1426 spica,
1767 1359 1949 1412 totam

253 1465 502 1505 messem
534 1450 960 1519 corrumpebat.
994 1445 1273 1517 Agricola
1306 1450 1501 1500 autem
1535 1445 1886 1499 catechismo
1918 1463 1951 1501 a

247 1541 414 1596 nobis
447 1538 720 1604 instituti,
748 1547 798 1594 et
830 1537 1015 1593 eﬂ‘ecti
1047 1535 1385 1600 Christiani,
1418 1543 1696 1607 rogarunt
1740 1552 1847 1591 nos
1887 1540 1950 1590 ut

248 1646 548 1685 oraremus
586 1645 687 1699 pro
722 1644 928 1683 messe.
966 1626 1093 1682 Dixi
1134 1629 1326 1681 autem
1361 1624 1443 1680 eis
1479 1640 1491 1679 :
1522 1624 1579 1678 Si
1612 1624 1838 1681 habetis
1880 1625 1945 1678 {i-

246 1719 451 1774 demin
483 1718 685 1783 Deum,
719 1717 805 1771 vel
839 1732 1014 1772 arena
1044 1715 1253 1771 deserti
1305 1714 1559 1769 fructum
1590 1713 1753 1768 vobis
1812 1713 1950 1769 aﬂ‘e-

248 1813 357 1863 ret.
382 1808 422 1861 Ii
459 1813 653 1862 autem
676 1806 819 1861 nihil
855 1805 1129 1871 cunctati,
1163 1821 1295 1859 cum
1355 1804 1462 1859 hac
1503 1819 1698 1871 arena,
1732 1820 1858 1873 quae
1915 1820 1949 1857 a

2061 640 2236 695 etiam
2271 643 2482 699 factum
2515 647 2621 697 est.
2660 643 2835 697 Erant
2865 650 3053 697 autem
3092 645 3197 699 hac
3227 644 3354 717 ipsa
3384 647 3527 703 hora
3571 648 3771 721 hospi-

2061 731 2147 782 tes
2180 731 2385 787 fratres
2416 733 2515 803 qui
2548 734 2615 787 ad
2659 749 2763 787 nos
2793 738 3074 787 venerant
3102 749 3115 786 :
3160 740 3395 807 prOpter
3443 755 3591 809 quos
3622 745 3777 795 tem-

2060 818 2282 887 pestive
2313 821 2631 876 admodum
2665 822 2734 875 ad
2771 837 2877 876 nos
2909 820 3087 876 allata
3108 828 3245 877 sunt
3266 826 3441 880 olera.
3478 828 3612 892 Quae
3637 845 3770 884 cum

2060 907 2538 978 comedissemus,
2572 910 2802 980 egimus
2846 909 3093 964 Domino
3150 911 3389 981 gratias,
3430 915 3647 986 duplici
3681 934 3774 972 ac-

2058 1001 2227 1066 cepta
2254 998 2478 1067 laetitia,
2511 1008 2564 1055 et
2614 1017 2681 1056 ex
2730 1001 2916 1056 salute
2967 1000 3244 1071 hominis,
3281 1007 3338 1057 et
3366 1018 3434 1058 ex
3464 1004 3771 1061 refectione

2060 1088 2334 1147 fratrum.

2733 1180 2968 1237 CAPUT
2994 1186 3105 1237 LV.

2640 1273 2766 1326 Vita
2805 1271 3020 1327 abbatis
3060 1272 3205 1327 Suri.

2126 1356 2319 1410 Abbas
2350 1362 2543 1413 autem
2577 1359 2785 1429 Surus,
2819 1359 3030 1431 inquit,
3065 1365 3122 1414 et
3174 1360 3349 1416 Isaias
3404 1362 3595 1433 (Ra/7.,
3627 1364 3666 1419 Ι.
3710 1381 3775 1435 u,

2056 1457 2173 1511 cap.
2209 1443 2323 1514 10),
2355 1452 2408 1499 et
2465 1445 2681 1501 Paulus
2712 1447 2823 1501 sibi
2860 1446 3102 1502 invicem
3132 1455 3363 1517 repente
3394 1456 3774 1506 occurrerunt

2054 1530 2127 1586 ad
2157 1532 2422 1602 ﬂuvium,
2447 1535 2554 1590 viri
2586 1535 2663 1605 pii
2697 1540 2753 1591 et
2783 1536 3000 1608 egregii
3059 1537 3489 1608 exercitatores,
3522 1540 3769 1595 invisuri

2056 1636 2337 1691 magnum
2370 1623 2640 1679 abbatem
2683 1625 2916 1695 Anuph.
2978 1625 3240 1682 Distabat
3290 1632 3485 1683 autem
3554 1645 3756 1685 eorum

2056 1710 2430 1767 intervallum
2479 1714 2670 1770 tribus
2730 1715 3135 1771 mansionibus
3169 1732 3182 1782 ;
3216 1720 3273 1772 et
3319 1717 3524 1773 dicunt
3570 1721 3641 1774 ad
3700 1736 3763 1777 se

2052 1798 2304 1854 invicem
2342 1817 2356 1854 :
2389 1802 2668 1857 Ostendat
2702 1805 3103 1875 unusquisque
3137 1810 3405 1861 nostrum
3436 1823 3607 1864 suum
3632 1809 3763 1865 vite

247 1897 410 1951 nobis
440 1897 722 1960 calcatur,
744 1895 909 1949 sinus
945 1894 1310 1966 implessent.
1371 1892 1713 1961 attulerunt,
1742 1907 1947 1962 rogan—
1979 1914 2027 1978 Β
2055 1889 2418 1956 institutum,
2450 1895 2505 1946 et
2536 1894 3033 1963 quemadmodum
3068 1895 3175 1949 fuit
3205 1895 3261 1949 in
3294 1895 3404 1951 hac
3433 1898 3553 1953 vita
3594 1915 3626 1954 a
3651 1900 3767 1955 Deo

247 1991 333 2039 tes
359 1988 419 2039 ut
444 1984 943 2039 benediceremus.
980 1982 1263 2052 Posquam
1318 1987 1511 2037 autem
1561 1997 1691 2036 sum
1750 1997 1947 2052 preca-

247 2079 342 2129 tus
375 2080 435 2127 ut
467 2073 584 2128 illis
626 2074 781 2127 fieret
812 2072 1133 2127 secundum
1180 2072 1435 2141 ipsorum
1462 2072 1651 2140 ﬁdem,
1675 2072 1785 2142 ipsi
1818 2087 1946 2127 eam

246 2182 373 2220 cum
406 2166 698 2220 frumento
730 2163 1096 2218 seminarunt
1133 2164 1193 2217 in
1234 2162 1389 2217 arvis
1421 2162 1544 2216 suis
1570 2180 1584 2227 ;
1610 2165 1665 2216 et
1715 2168 1948 2231 repente

246 2270 441 2309 eorum
474 2270 609 2325 ager
638 2255 717 2309 ita
750 2252 1150 2323 multiplicavit
1183 2254 1453 2317 fructum,
1486 2257 1549 2305 ut
1578 2267 1810 2307 omnem
1848 2268 1948 2306 su-

249 2347 471 2414 peraret
521 2344 850 2413 Egyptum.
913 2342 1029 2397 Hoc
1079 2358 1214 2413 ergo
1286 2342 1472 2397 facere
1528 2341 1703 2407 soliti,
1780 2340 1947 2396 nobis

243 2433 557 2501 quotannis
581 2430 859 2487 exhibent
888 2430 1238 2484 molestiam.
1278 2430 1463 2484 Unum
1497 2436 1710 2493 autem,
1732 2428 1943 2498 inquit,

243 2535 520 2589 magnum
559 2519 906 2574 miraculum
938 2517 1185 2589 praebuit
1207 2516 1349 2570 mihi
1382 2516 1535 2570 Deus
1568 2515 1767 2569 multis
1790 2532 1944 2586 prae-

239 2609 529 2664 sentibus.
561 2610 699 2663 Cum
732 2607 888 2662 enim
922 2608 979 2660 in
1012 2606 1299 2663 civitatem
1333 2605 1646 2676 aliquando
1703 2604 1942 2659 descen-

241 2698 483 2756 dissem,
516 2697 705 2752 inveni
730 2697 1037 2767 quemdam
1072 2695 1256 2750 virum
1289 2694 1673 2749 Manichaeum
1707 2694 1808 2764 qui
1840 2710 1943 2764 po-

237 2787 409 2858 pulos
433 2788 744 2843 seduxerat
769 2804 782 2854 ;
809 2803 941 2842 cum
974 2790 1167 2841 autem
1201 2802 1314 2840 non
1348 2800 1582 2854 possem
1628 2784 1677 2838 ei
1712 2784 1942 2855 publice

236 2878 607 2946 persuadere,
660 2879 778 2933 dixi
827 2892 1137 2931 conversus
1195 2875 1263 2929 ad
1316 2872 1784 2929 multitudinem:
1819 2873 1942 2928 Ma-

239 2980 424 3035 gnum
452 2980 657 3035 rogum
686 2965 740 3019 in
790 2966 980 3036 platea
1011 2964 1325 3031 accendite,
1356 2966 1412 3017 et
1450 2962 1853 3033 ingrediamur
1883 2962 1937 3016 iu

237 3054 569 3111 ﬂammam:
603 3062 655 3109 et
677 3054 775 3124 qui
798 3071 865 3108 ex
899 3055 1063 3108 nobis
1090 3052 1307 3107 illaesus
1330 3069 1363 3107 a
1385 3053 1620 3107 ﬂamma
1636 3051 1937 3120 manserit,

233 3142 283 3197 is
308 3142 487 3197 habet
518 3143 724 3198 bonam
756 3143 948 3197 fidem.
982 3143 1293 3211 Postquam
1325 3146 1517 3195 autem
1574 3141 1680 3195 hoc
1720 3140 1936 3195 factum

230 3235 340 3296 est,
376 3236 433 3287 et
464 3232 641 3288 turba:
673 3246 911 3302 regnum
936 3230 1048 3285 cito
1078 3228 1685 3300 accenderunt,ipsum
1710 3243 1935 3284 mecum

233 3322 543 3378 trahebant
574 3323 632 3376 in
674 3322 892 3393 ignem.
927 3321 978 3375 Is
1029 3325 1221 3376 autem
1280 3320 1467 3376 dicit:
1528 3319 1939 3389 Unusquisque

233 3428 499 3468 seorsum
532 3411 912 3482 ingrediatur,
945 3411 1089 3465 debe
1112 3427 1239 3480 quae
1285 3411 1505 3479 primus
1554 3409 1776 3479 ingredi
1836 3408 1936 3480 qui

224 3503 485 3575 jussisti.
520 3504 665 3558 Cum
707 3510 897 3557 autem
930 3501 988 3555 in
1024 3501 1259 3556 nomine
1307 3501 1519 3556 Christi
1552 3502 1813 3571 signatus
1860 3516 1941 3555 es-

229 3606 353 3646 sem
374 3592 697 3661 ingressus,
729 3591 966 3646 ﬂamma
998 3589 1056 3645 in
1106 3590 1258 3645 hanc
1300 3593 1356 3645 et
1386 3589 1546 3644 illam
1576 3593 1794 3661 partem
1847 3589 1932 3643 di-

229 3680 377 3751 visa,
404 3696 495 3734 me
526 3679 685 3735 nulla
709 3680 900 3735 affecit
937 3678 1226 3748 molestia,
1259 3694 1392 3735 cum
1415 3679 1768 3734 semihoram
1792 3678 1847 3736 in
1869 3696 1937 3734 ea

229 3785 422 3826 essem
473 3777 752 3826 moratus.
786 3769 987 3824 Turbae
1036 3773 1231 3823 autem
1260 3769 1381 3823 viso
1432 3768 1711 3824 miracqu
1742 3769 1941 3824 excla-

233 3863 492 3927 marunt,
544 3863 598 3913 et
629 3859 911 3929 cogebant
941 3857 1106 3912 illum
1143 3874 1340 3928 pyram
1376 3859 1707 3927 pervadere,
1760 3858 1811 3912 is
1842 3875 1938 3913 au-

228 3954 345 4000 tem
384 3946 638 4012 nolebat,
672 3947 878 4000 timore
910 3947 1175 3999 aﬂ‘ectus.
1210 3945 1353 3998 Cum
1389 3960 1519 3999 eum
1561 3950 1749 4000 autem
1777 3963 1941 4000 acce-

227 4035 451 4103 pissent
493 4034 710 4105 pepuli,
746 4035 803 4088 in
880 4035 1131 4089 medium
1186 4037 1634 4104 protruserunt;
1686 4039 1742 4088 et
1782 4039 1940 4090 totus

232 4122 475 4177 ﬂamma
492 4122 815 4181 ambustus,
851 4123 1066 4191 ejectus
1088 4126 1175 4177 est
1206 4138 1235 4177 e
1266 4121 1514 4185 civitate,
1548 4124 1941 4181 clamantibus

232 4213 467 4284 populis
501 4211 780 4267 :Planum
809 4213 1089 4267 viventem
1123 4212 1367 4266 exurite.
1420 4212 1509 4266 Me
1540 4218 1729 4268 autem
1761 4216 1940 4269 turbat

232 4302 604 4373 accipientes,
639 4306 695 4356 et
725 4300 999 4357 laudibus
1033 4305 1468 4371 prosequentes,
1496 4302 1941 4360 deduxeruntin

231 4390 562 4448 ecclesiam.

304 4484 444 4538 Cum
479 4485 675 4537 autem
702 4498 806 4553 ego
837 4480 1150 4552 aliquando
1183 4497 1283 4553 per
1305 4480 1591 4551 quoddam
1652 4484 1940 4553 templum

232 4572 571 4635 transirem,
605 4572 841 4643 quidam
875 4587 941 4626 ex
987 4572 1256 4642 gentibus
1288 4571 1411 4626 suis
1458 4570 1625 4626 idolis
1656 4573 1943 4628 sacrifica-

2059 1980 2398 2037 honoratus.
2427 1982 2620 2037 Abbas
2645 1990 2837 2039 autem
2868 1984 3053 2039 Surus
3104 1984 3219 2039 dixi
3254 1986 3337 2040 eis
3364 2002 3376 2039 :
3428 1987 3565 2042 Peto
3591 2004 3621 2041 a
3655 1989 3768 2045 Deo

2058 2070 2297 2139 donum,
2332 2075 2395 2126 ut
2426 2087 2529 2127 nos
2562 2072 2771 2127 virtute
2829 2074 3069 2144 spiritus
3128 2072 3405 2130 indefessi
3438 2077 3508 2130 ad
3568 2076 3765 2134 locum

2058 2161 2501 2231 perveniamus;
2536 2165 2592 2217 et
2621 2177 2753 2217 cum
2788 2162 2911 2233 ipse
2941 2164 3129 2218 solum
3172 2168 3414 2230 orasset,
3456 2164 3765 2222 inventum

2056 2255 2144 2304 est
2177 2250 2439 2321 protinus
2478 2256 2744 2321 paratum
2778 2252 3095 2323 navigium,
3120 2261 3177 2310 et
3204 2258 3413 2309 ventus
3446 2257 3762 2326 secundus,

2057 2341 2114 2391 et
2147 2341 2440 2392 momento
2472 2339 2751 2410 temporis
2774 2339 2990 2395 inventi
3020 2344 3159 2396 sunt
3206 2342 3265 2395 in
3311 2341 3454 2407 loco,
3489 2359 3619 2398 cum
3651 2345 3763 2399 ad-

2055 2440 2217 2480 verso
2249 2426 2488 2481 ﬂumine
2510 2429 2899 2498 navigassent.

2615 2534 2619 2538 ‘
2714 2517 2945 2573 CAPUT
2974 2518 3112 2573 LVI.

2625 2608 2739 2662 Vita
2771 2608 2994 2664 abbatis
3016 2611 3191 2665 Isaia.

2126 2694 2304 2749 Isaias
2336 2698 2534 2750 autem
2565 2695 2708 2751 dicit
2737 2696 2819 2753 eis
2860 2714 2872 2751 :
2902 2699 2970 2753 Et
2991 2698 3130 2768 quid
3165 2699 3401 2767 mirum,
3435 2716 3467 2755 ο
3496 2700 3689 2772 amici,
3710 2704 3760 2760 si

2054 2782 2137 2836 vir
2168 2783 2337 2838 nobis
2368 2786 2706 2853 occurrerit,
2741 2787 2838 2857 qui
2872 2787 3050 2842 vitam
3074 2791 3269 2843 narret
3298 2788 3762 2862 uniuscujusque

2052 2870 2245 2942 (Buff,
2280 2870 2375 2927 lib.
2402 2888 2606 2943 u,cap.
2651 2874 2738 2942 10)
2761 2874 2789 2928 ‘I

2672 2963 2909 3019 CAPUT
2951 2965 3118 3021 LVII.

2614 3052 2745 3105 Vita
2775 3052 2984 3107 abbatis
3011 3053 3204 3107 Pauli.

2120 3140 2337 3194 Paulus
2371 3143 2566 3194 autem
2603 3139 2744 3195 dicit
2775 3142 2858 3196 eis
2889 3158 2902 3194 :
2934 3141 2993 3195 Si
3028 3142 3177 3197 Deus
3208 3142 3376 3198 nobis
3425 3144 3759 3204 revelaverit

2050 3226 2205 3297 quod
2243 3234 2371 3297 post
2402 3231 2521 3281 tres
2553 3226 2678 3282 dies
2708 3227 2959 3282 assumit
3012 3228 3357 3285 hominem?
3386 3230 3531 3286 Cum
3564 3240 3754 3290 autem

2051 3313 2226 3386 paulo
2258 3314 2501 3370 ulterius
2525 3316 2962 3386 processissent,
2988 3317 3079 3371 vir
3092 3316 3176 3372 eis
3206 3318 3436 3374 obviam
3450 3320 3638 3377 factus
3659 3338 3756 3379 eos

2047 3403 2293 3471 salutat;
2318 3403 2533 3460 Paulus
2565 3408 2759 3460 autem
2790 3406 2839 3462 ei
2872 3405 3012 3460 dicit
3046 3405 3185 3462 :Dic
3215 3408 3386 3463 nobis
3430 3425 3556 3480 quae
3606 3416 3758 3468 recte

2047 3492 2268 3564 gessisti
2296 3510 2311 3560 ;
2339 3509 2474 3549 nam
2516 3498 2644 3565 post
2674 3495 2999 3551 crastinum
3040 3497 3193 3552 diem
3244 3498 3431 3555 abibis
3465 3501 3537 3555 ad
3572 3500 3756 3558 Deum

2047 3583 2303 3654 (Rufﬁn.,
2336 3582 2376 3638 ι.
2402 3598 2462 3650 Il,
2496 3599 2612 3655 cap.
2648 3584 2757 3655 10).

2668 3673 2906 3729 CAPUT
2934 3674 3132 3730 LVIII.

2519 3765 2630 3817 Vita
2655 3762 2865 3818 abbatis
2902 3764 3097 3832 Anuph
3124 3764 3294 3835 (103).

2120 3850 2274 3906 Dixit
2296 3856 2489 3906 autem
2505 3853 2587 3906 eis
2609 3851 2821 3921 Anuph
2856 3867 2871 3904 :
2905 3852 3247 3907 Benedictus
3272 3853 3445 3921 Deus,
3480 3856 3579 3926 qui
3612 3858 3757 3913 mihi

2053 3940 2169 3994 haec
2201 3957 2431 4010 quoque
2461 3940 2733 4010 signavit,
2762 3943 2818 3994 et
2848 3947 3104 3995 vestrum
3148 3941 3274 3995 vitae
3334 3943 3668 3999 institutum
3702 3951 3758 4001 et

2050 4029 2362 4081 adventum
2386 4028 2643 4097 (Ru/ﬁn.,
2681 4032 2720 4081 ι.
2756 4044 2819 4095 n,
2852 4044 2970 4099 cap.
3009 4028 3115 4098 10).
3165 4028 3303 4084 Cum
3344 4037 3536 4087 autem
3576 4033 3755 4088 dixis-

2052 4120 2138 4170 set
2161 4133 2287 4187 quae
2319 4116 2726 4187 unusquisque
2755 4133 2956 4171 eorum
2984 4125 3135 4172 recte
3166 4122 3443 4187 gesserat,
3489 4121 3759 4191 exposuit

2051 4204 2347 4274 deinceps,
2380 4220 2505 4274 quae
2537 4204 2657 4274 ipse
2712 4205 2949 4271 faceret,
2974 4205 3210 4260 dicens:
3242 4207 3323 4261 Ex
3348 4223 3465 4278 quo
3495 4208 3759 4265 Servato-

2052 4290 2133 4346 ris
2168 4308 2374 4347 nomen
2410 4294 2707 4363 professus
2735 4309 2862 4347 sum
2914 4294 2970 4347 in
3013 4307 3184 4360 terra,
3217 4311 3281 4350 ex
3313 4310 3411 4351 ore
3460 4312 3588 4352 meo
3639 4315 3755 4355 non

2052 4384 2140 4435 est
2160 4397 2461 4453 egressum
2479 4383 2849 4437 mendacium
2880 4383 3151 4439 :humani
3189 4385 3300 4439 cibi
3339 4385 3483 4442 nihil
3506 4389 3755 4461 sumpsi,

2055 4485 2146 4523 me
2219 4470 2433 4525 caelesti
2509 4470 2786 4526 alimento
2881 4470 3071 4527 alente
3145 4473 3405 4543 quotidie
3497 4476 3753 4548 angelo:

2053 4558 2274 4613 nullius
2305 4559 2547 4614 alterius
2578 4560 2656 4613 rei
2689 4559 2981 4631 cupiditas
3010 4561 3073 4616 in
3102 4577 3198 4616 cor
3227 4578 3422 4619 meum
3472 4566 3754 4632 ascendit,

228 4661 538 4718 bant.Dixi
576 4668 768 4718 autem
803 4663 885 4717 eis
914 4679 925 4717 :
961 4662 1077 4717 Cur
1106 4678 1235 4718 cum
1268 4662 1397 4717 sitis
1428 4661 1741 4733 participes
1764 4664 1935 4718 ratio-
1972 4652 2018 4716 D
2053 4652 2436 4720 ρνεείθτίιυειω
2468 4648 2567 4703 DEI
2595 4667 2614 4714 ἒ
2639 4648 2784 4703 nihil
2806 4665 2873 4704 ex
2930 4650 3106 4705 rebuﬁ
3154 4651 3404 4707 terrenis
3451 4653 3759 4709 οοουίιᾶνίι

227 4752 345 4823 nis,
370 4753 719 4809 sacriﬁcatis
783 4754 854 4807 iis
889 4769 1011 4823 quae
1035 4757 1234 4809 carent
1273 4754 1536 4808 ratione:
1568 4768 1780 4824 vosque
1805 4755 1943 4812 estis

2123 4737 2190 4792 ibi
2242 4738 2415 4807 Deus,
2479 4738 2630 4808 quod
2691 4753 2804 4793 non
2863 4738 3281 4809 significaverit
3325 4742 3383 4795 et
3438 4742 3759 4798 ostenderit

226 4842 299 4896 de
331 4846 540 4898 cetero
574 4843 645 4897 iis
670 4843 858 4915 magis
893 4847 1156 4915 expertes
1193 4843 1433 4899 rationis
1456 4842 1484 4897 ?
1513 4842 1598 4898 Illi
1633 4848 1849 4912 autem,
1885 4849 1943 4901 ut

2123 4826 2228 4882 ibi.
2262 4827 2387 4882 Non
2410 4826 2661 4882 interdiu
2677 4842 2947 4882 somnum
2981 4828 3128 4899 cepi,
3154 4843 3270 4883 non
3284 4832 3458 4885 noctu
3475 4828 3754 4902 requievi,

229 4929 327 4997 qui
357 4932 510 4984 recte
543 4928 845 4998 dixissem,
881 4945 973 4984 me
1004 4929 1199 4985 statim
1235 4936 1371 4984 sunt
1415 4930 1620 4995 secuti,
1645 4932 1944 4988 credentes

229 5016 539 5073 Servatori.

303 5108 445 5163 Cum
479 5110 669 5163 autem
706 5112 860 5164 esset
895 5109 1037 5163 mihi
1089 5110 1398 5181 aliquando
1454 5110 1655 5167 hortus
1713 5110 1771 5166 in
1804 5128 1938 5181 agro

228 5198 581 5269 prepinquo,
616 5202 842 5269 propter
874 5215 999 5254 eam
1034 5214 1154 5268 quae
1199 5200 1268 5253 ad
1304 5215 1407 5255 nos
1428 5199 1694 5255 veniebat
1734 5200 1939 5255 frater-

230 5284 498 5355 nitatem,
532 5292 587 5343 et
609 5288 848 5359 quidam
883 5304 1101 5359 pauper
1132 5304 1261 5343 eum
1322 5293 1674 5359 operaretur,
1717 5289 1938 5359 ingres-

228 5388 332 5428 sus
366 5381 455 5432 est
485 5379 719 5447 quidam
753 5377 1007 5450 gentilis,
1029 5381 1092 5433 ut
1122 5379 1412 5433 iuraretur
1438 5378 1591 5434 olera
1629 5395 1640 5432 :
1685 5379 1781 5435 ubi
1805 5394 1935 5434 vero

226 5478 296 5517 ea
341 5466 663 5523 suﬂ'uratus
732 5468 1086 5523 recessisset.
1146 5484 1327 5540 eaque
1382 5468 1565 5523 tribus
1606 5469 1765 5525 horis
1820 5486 1937 5526 non

228 5554 517 5621 potuisset
549 5572 815 5628 coquere,
841 5559 941 5614 sed
1003 5557 1359 5613 mansissent
1402 5557 1461 5611 in
1512 5558 1699 5614 lebete
1747 5558 1939 5629 qualia

228 5653 553 5715 acceperat,
578 5649 774 5718 utpote
801 5646 957 5719 quod
988 5663 1140 5719 aqua
1171 5646 1411 5702 minime
1448 5646 1753 5717 caleﬁeret,
1777 5649 1865 5705 vir
1881 5666 1940 5705 se

228 5732 535 5809 colligens,
569 5742 799 5809 accepta
829 5738 985 5795 olera
1015 5738 1081 5793 ad
1118 5755 1222 5795 nos
1251 5737 1486 5811 detulit,
1514 5754 1719 5810 rogans
1750 5740 1937 5795 utsibi

2059 4918 2235 4971 Deum
2268 4932 2530 4987 quaerens
2564 4931 2577 4970 :
2614 4915 2738 4970 Una
2779 4915 2922 4971 mihi
2978 4931 3206 4987 semper
3263 4918 3448 4973 adfuit
3487 4919 3755 4993 angelus,

2054 5006 2251 5061 mondi
2274 5006 2585 5061 ostendens
2605 5009 2957 5076 potestates;
2981 5005 3179 5060 lumen
3204 5007 3571 5079 cogitationis
3614 5027 3755 5067 mea

2051 5111 2354 5165 nunquam
2392 5094 2500 5149 fuit
2517 5093 2867 5149 exstinctum
2894 5112 2910 5163 ;
2945 5110 3177 5150 omnem
3202 5095 3534 5167 petitionem
3558 5100 3754 5171 accepi

2050 5202 2081 5239 a
2123 5187 2239 5239 Deo
2273 5184 2558 5256 protinus.
2620 5183 2745 5238 Vidi
2796 5200 3187 5255 saepenumero
3235 5190 3349 5243 Deo
3407 5189 3752 5244 assistentes

2049 5274 2334 5346 myriades
2366 5273 2728 5345 angelorum,
2758 5273 3106 5329 vidichoros
3131 5276 3573 5346 justorum,vidi
3607 5292 3754 5331 mar-

2046 5371 2236 5437 tyrum
2272 5364 2626 5435 congeriem,
2659 5363 2773 5418 vidi
2806 5364 3228 5421 monachorum
3258 5367 3384 5421 vitae
3416 5363 3749 5420 institutio-

2048 5454 2357 5520 nem;vidi
2398 5469 2545 5524 opus
2565 5456 2756 5508 autem
2794 5454 3059 5509 omnium
3124 5455 3303 5509 Deum
3363 5451 3746 5510 laudantium.

2048 5546 2180 5601 Vidi
2212 5545 2487 5600 Satanam
2519 5543 2638 5614 igni
2673 5545 2978 5611 traditum,
3010 5544 3127 5597 vidi
3159 5540 3402 5612 angelus
3417 5541 3544 5612 ejus
3581 5545 3750 5616 puni-

2048 5634 2297 5706 tos,vidi
2323 5634 2512 5704 justos
2552 5631 2811 5689 lattantes
2865 5634 2923 5688 in
2946 5636 3247 5686 aeternum.
3296 5633 3422 5685 Haec
3452 5639 3506 5687 et
3564 5633 3750 5689 multa

2051 5725 2161 5782 alia
2196 5741 2460 5794 narrans,
2485 5723 2655 5781 tertio
2686 5724 2775 5780 die
2811 5723 2982 5777 tradit
3013 5718 3307 5788 animam;
3341 5736 3582 5793 eamque
3629 5726 3748 5780 sta-
