4074 6278
404 364 559 423 1159

1979 366 2335 429 PALLADII

3756 358 3922 420 1160

399 497 500 551 tim
533 494 921 565 suscipientes
954 493 1140 564 angeli
1177 497 1232 547 et
1263 492 1424 547 chori
1458 497 1800 563 martyrum,
1832 496 1890 550 in
1925 498 2097 555 ccelos
2129 507 2179 568 Α
2212 500 2509 571 galitatem
2546 498 2896 568 admiratus,
2928 511 3062 552 eum
3095 498 3332 550 secutus
3362 496 3452 549 est
3493 494 3818 549 abeuntem
3854 493 3923 546 ad

395 585 780 650 sustulerunt,
814 583 960 654 ipsis
991 582 1322 636 videntibus
1345 586 1401 635 et
1424 581 1671 652 hymnos
1691 585 2088 643 audientibus.

1035 672 1268 727 CAPUT
1307 675 1452 728 LIX.

825 765 948 819 Vita
977 763 1195 817 abbatis
1227 763 1463 818 Helleni:
1501 765 1663 834 (104).

466 855 708 920 Quidam
743 858 935 909 autem
972 852 1122 908 alius
1175 858 1358 923 pater,
1393 855 1491 923 qui
1542 856 1857 910 vocabatur
1912 857 2092 911 abbas

395 946 593 1002 Hellen
633 945 886 1014 (Ruf/im,
943 945 1034 998 tib.
1090 960 1151 1010 ιι,
1206 961 1324 1015 cap.
1379 945 1489 1013 11),
1546 960 1677 1000 cum
1729 947 1800 1000 ab
1860 947 2096 1002 ineunte

394 1039 558 1089 aitate
579 1050 640 1088 se
669 1035 890 1088 fortiter
911 1032 1286 1100 exercuisset,
1335 1049 1729 1102 saepenumero
1761 1035 1952 1103 ignem
2000 1051 2096 1106 ge-

391 1125 583 1178 stabat
612 1123 670 1176 in
703 1123 856 1189 sinu,
900 1121 1150 1176 incitans
1181 1137 1279 1177 eos
1311 1121 1405 1190 qui
1441 1138 1616 1192 prope
1674 1129 1840 1179 erant
1890 1125 2095 1182 fratres

392 1214 462 1267 ad
497 1211 859 1267 ostendenda
890 1211 1076 1281 signa,
1116 1211 1317 1265 dicens
1349 1209 1431 1265 eis
1465 1211 1564 1266 :Si
1599 1230 1695 1269 vos
1744 1230 1875 1269 vere
1930 1231 2092 1270 exer-

391 1301 551 1368 cetis,
576 1301 808 1355 virtutis
840 1301 1009 1370 signa
1048 1301 1116 1354 de
1160 1304 1365 1355 caetero
1410 1302 1713 1357 ostendite.
1769 1303 2097 1375 Aliquando

389 1395 584 1447 autem
617 1406 750 1444 cum
783 1406 884 1460 per
915 1405 976 1444 se
1007 1391 1160 1444 esset
1192 1389 1250 1442 in
1283 1389 1616 1451 solitudine,
1671 1393 1906 1448 incessit
1965 1411 2095 1451 eum

389 1481 579 1537 mellis
597 1480 990 1544 desiderium;
1024 1495 1155 1533 cum
1187 1495 1321 1534 vero
1370 1479 1524 1535 illico
1559 1481 1715 1538 favos
1777 1483 2097 1540 invenisset

393 1570 498 1626 sub
530 1572 710 1639 petra,
754 1567 898 1622 dixit
930 1583 942 1620 :
978 1567 1195 1623 Recede
1227 1585 1259 1622 a
1309 1583 1398 1622 me
1430 1567 1826 1640 intemperans
1869 1574 2094 1644 cupidi-

388 1664 516 1726 tas;
552 1658 831 1730 scriptum
857 1657 1120 1712 estenim
1156 1675 1167 1710 :
1202 1656 1419 1728 Spiritu
1439 1660 1753 1728 ambulate,
1776 1665 1832 1717 et
1862 1663 2094 1719 deside-

388 1750 541 1805 rium
575 1749 764 1804 carnis
822 1763 939 1803 non
989 1748 1297 1818 perﬁcietis
1332 1748 1475 1819 (Gal.
1506 1752 1580 1820 v),
1639 1751 1840 1822 eisque
1884 1753 2094 1808 relictis

389 1840 551 1895 abiit.
586 1842 725 1894 Cum
758 1842 949 1893 autem
975 1837 1096 1908 jam
1134 1847 1246 1893 tres
1277 1839 2005 1912 hebdomadasjejunasset
2031 1844 2088 1898 in

386 1929 987 1994 solitudine,inventis
1018 1929 1116 1999 qui
1141 1930 1368 2000 disjecti
1391 1939 1553 1986 erant
1585 1931 2084 2002 fructibus,dixit:

387 2021 509 2078 Non
545 2021 866 2087 comedam,
936 2035 1125 2089 neque
1166 2019 1447 2090 attingam
1509 2021 1731 2092 aliquid
1767 2040 1834 2078 ex
1881 2025 1977 2092 iis,
2024 2041 2094 2079 ne

386 2113 622 2166 fratrem
646 2125 842 2165 meum
876 2110 1279 2177 scandalizem,
1314 2127 1523 2182 nempe
1547 2129 1734 2168 meam
1786 2114 2040 2169 animam
2077 2133 2090 2183 ;

386 2202 668 2272 scriptum
718 2203 808 2256 est
863 2200 1019 2255 enim
1055 2201 1214 2255 :Non
1250 2201 1310 2254 in
1370 2201 1646 2258 alimento
1706 2202 1894 2258 solum
1954 2204 2095 2260 vivit

385 2292 560 2346 homo
591 2291 796 2360 (Matth
829 2307 923 2358 iv;
959 2291 1110 2345 Lucae
1133 2291 1230 2361 ιν).
1267 2290 1410 2346 Cum
1444 2297 1637 2347 autem
1684 2292 1870 2349 adhuc
1924 2294 2096 2349 aliam

383 2381 709 2450 jejunasset
738 2380 1189 2447 hebdomadam,
1223 2384 1424 2451 postea
1480 2382 1854 2451 dormitavit;
1888 2389 1942 2439 et
1997 2401 2093 2440 ve-

396 2471 562 2526 niens
593 2470 835 2542 angelus
878 2469 934 2524 in
969 2470 1213 2542 somnis,
1246 2471 1296 2526 ei
1329 2470 1512 2526 dixit:
1571 2472 1755 2544 Surge
1776 2477 1832 2529 et
1864 2473 2001 2528 tolle
2033 2489 2099 2528 ea

389 2576 515 2629 quae
551 2560 948 2624 inveniuntur,
1008 2565 1065 2615 et
1115 2561 1367 2615 comede.
1402 2561 1456 2615 Is
1506 2566 1702 2617 autem
1736 2564 2009 2632 surrexit,
2043 2566 2099 2617 et

385 2648 845 2717 circumquaque
876 2649 1184 2718 aspiciens,
1217 2649 1375 2703 videt
1407 2649 1697 2705 fontemin
1729 2652 1925 2706 orbem
1960 2651 2097 2706 her-

384 2738 491 2792 bas
523 2735 614 2791 del
646 2739 805 2791 catas
836 2737 1222 2806 germinasse.
1245 2739 1389 2793 Cum
1421 2743 1613 2794 autem
1645 2743 1696 2794 et
1717 2743 1917 2810 potum
1948 2757 2096 2798 sum-

385 2827 616 2899 psisset,
651 2831 708 2882 et
737 2827 1087 2882 comedisset
1117 2827 1293 2892 olera,
1320 2829 1646 2885 afﬁrmabat
1678 2830 2094 2904 nihilunquam

387 2917 499 2973 ibi
535 2916 1067 2986 fuissejucundius.
1090 2919 1226 2972 Cum
1257 2935 1496 2989 parvam
1530 2924 1724 2976 autem
1758 2922 2094 2992 speluncam

388 3009 448 3062 in
483 3007 608 3062 loco
631 3006 967 3074 invenisset,
997 3007 1205 3062 mansit
1236 3007 1354 3063 illic
1422 3025 1634 3080 paucos
1681 3010 1802 3066 dies
1829 3012 2090 3081 jejunus.

394 3098 504 3153 Ubi
528 3102 721 3154 autem
762 3097 970 3169 egebat
1002 3098 1300 3168 alimento,
1351 3101 1554 3155 orabat
1586 3101 1746 3156 flexis
1798 3103 2048 3173 genibus
2083 3119 2094 3157 :

387 3190 438 3244 ei
463 3194 658 3244 autem
693 3189 960 3259 protinus
987 3191 1432 3261 apponebantur
1462 3191 1756 3247 esculenta
1783 3193 1996 3259 omnia,
2041 3197 2098 3247 et

389 3278 816 3347 paniscalidus,
849 3278 1107 3349 etolivae,
1140 3285 1194 3334 et
1224 3280 1366 3334 varii
1396 3281 1639 3337 fructus.

460 3366 789 3436 Aliquando
822 3371 1018 3421 autem
1053 3368 1253 3423 invisit
1294 3369 1498 3426 fratres
1543 3387 1682 3427 suos
1709 3389 1721 3439 ;
1745 3378 1798 3426 et
1829 3387 1964 3427 cum
1997 3389 2094 3429 eos

393 3453 642 3506 multum
696 3454 1042 3521 monuisset,
1076 3458 1460 3512 contendebat
1499 3459 1555 3513 in
1584 3461 1901 3530 desertum,
1953 3462 2097 3517 affe-

392 3556 524 3594 rens
556 3540 820 3608 quaedam
850 3541 923 3594 ad
961 3555 1128 3595 usum
1179 3547 1522 3600 necessaria.
1558 3551 1698 3602 Cum
1760 3554 1953 3605 autem
2011 3551 2103 3606 vi—

397 3630 579 3683 disset
602 3628 887 3698 quosdam
920 3644 1168 3700 onagros
1201 3637 1522 3701 pascentes,
1549 3637 1629 3689 ait
1675 3637 1817 3706 ipsis
1852 3653 1864 3691 :
1900 3639 1956 3693 in
1991 3657 2102 3695 no-

397 3716 554 3771 mine
585 3716 716 3771 Jesu
742 3715 970 3787 Christi,
1003 3717 1194 3774 veniat
1227 3736 1379 3775 unus
1409 3737 1476 3776 ex
1507 3723 1690 3790 vobis,
1719 3728 1774 3779 et
1824 3727 2105 3798 suscipiat

395 3823 544 3862 onus
579 3822 789 3862 meum.
820 3805 872 3862 Is
904 3811 1099 3864 autem
1133 3810 1417 3867 statimad
1447 3811 1638 3883 ipsum
1663 3816 1925 3871 accessit.
1955 3821 2102 3872 Cum

396 3903 592 3954 autem
625 3898 1048 3971 supellcctilem
1080 3905 1136 3956 et
1178 3903 1579 3974 imposuisset,
1612 3909 1666 3961 et
1696 3907 1746 3963 ei
1770 3906 2102 3979 insedisset,

397 4007 512 4046 uno
546 3991 636 4045 die
667 3992 930 4062 pervenit
961 3993 1028 4046 ad
1087 3992 1444 4063 speluncam.
1481 3997 1546 4051 In
1598 3997 1718 4053 sole
1749 4015 1880 4054 vero
1913 4000 1983 4054 ab
2038 4014 2103 4054 eo

402 4082 609 4153 positis
642 4081 892 4152 panibus
930 4087 985 4136 et
1016 4083 1317 4149 fructibus,
1381 4101 1510 4140 curn
1567 4088 1635 4142 ad
1689 4104 1754 4143 ea
1812 4090 2106 4145 venissent

404 4171 554 4237 ferae,
589 4175 650 4226 ut
681 4171 872 4228 solent
902 4171 969 4226 ad
1006 4171 1513 4244 fontem,etpanes
1545 4176 1735 4233 solum
1757 4178 2104 4249 tetigissent,

403 4266 650 4317 mortuae
679 4264 838 4319 sunt.

473 4352 730 4406 Accessit
761 4355 955 4408 autem
987 4353 1298 4425 aliquando
1329 4357 1401 4411 ad
1448 4357 1731 4428 quosdam
1766 4361 2108 4431 monachos,

355 4469 361 4501 ;
403 4458 534 4497 cum
559 4445 712 4496 esset
738 4442 859 4497 dies
881 4441 1242 4510 Dominicus,
1267 4454 1320 4500 et
1342 4446 1484 4501 dixit
1505 4447 1590 4502 eis
1616 4464 1628 4502 :
1659 4449 1773 4505 Cur
1795 4449 1966 4507 hodie
1991 4466 2108 4506 non

401 4529 602 4604 egistis
625 4530 888 4602 synaxim
918 4532 946 4584 ?
975 4533 1118 4588 Cum
1157 4533 1195 4587 ii
1229 4539 1422 4590 autem
1455 4541 1648 4607 aperte
1693 4539 1951 4595 dicerent
1985 4557 1997 4594 :
2031 4541 2109 4595 Eo

2203 590 2465 645 ﬂuvium.
2502 590 2643 644 Cum
2675 595 2866 643 autem
2901 604 3013 658 qua
3071 585 3582 641 transveherentur
3643 582 3922 655 cymbam

2203 697 2319 735 non
2351 679 2729 744 invenissent,
2775 693 2974 734 vocem
3007 675 3202 731 emisit
3230 673 3411 728 abbas
3459 672 3680 741 Hellen,
3738 671 3926 727 advo—

2204 784 2342 824 cans
2366 766 2743 824 crocodilum.
2781 766 2833 820 Is
2865 769 3059 820 autem
3093 763 3140 818 ei
3167 763 3361 818 statim
3381 762 3656 817 obediens
3688 762 3919 815 aderab

2205 864 2434 928 tergum
2467 857 2838 911 substernens
2874 872 2887 921 ;
2922 854 3146 926 rogavit
3176 857 3370 908 autem
3423 851 3820 922 presbyterum
3863 856 3921 905 ut

2206 965 2332 1003 cum
2365 964 2430 1002 eo
2464 947 2837 1012 ascenderet;
2873 945 2923 1000 is
2940 961 3070 1000 vero
3104 944 3309 998 timore
3341 941 3608 1008 affectus,
3642 957 3782 996 cum
3835 941 3919 994 vi-

2205 1039 2384 1094 disset
2415 1037 2690 1101 belluam,
2729 1034 3080 1092 retrocessit.
3113 1035 3256 1089 Cum
3293 1036 3483 1087 autem
3517 1049 3651 1086 eum
3697 1038 3916 1086 teneret

2207 1129 2529 1197 admiratio,
2563 1133 2619 1183 et
2649 1144 2744 1182 eos
2774 1127 2875 1196 qui
2907 1131 3063 1182 trans
3119 1123 3359 1179 fluvium
3409 1121 3762 1177 habitabant
3811 1120 3912 1175 fra-

2205 1222 2343 1286 tres,
2375 1219 2634 1272 videntes
2665 1232 2796 1272 eum
2847 1231 2977 1270 cum
3031 1213 3223 1268 bellua
3276 1212 3777 1266 transmittentem
3832 1209 3912 1264 al-

2207 1323 2397 1376 veum,
2432 1307 2526 1361 ille
2558 1306 2879 1362 ascendens
2909 1304 2966 1357 in
3018 1307 3253 1365 terram,
3289 1318 3406 1356 una
3436 1317 3629 1355 secum
3673 1301 3914 1354 attraxit

2208 1396 2477 1464 belluam,
2513 1395 2731 1462 dicens,
2765 1395 2970 1450 melius
3003 1408 3126 1448 esse
3148 1392 3198 1447 ei
3251 1394 3316 1446 ut
3348 1394 3694 1456 moraretur,
3732 1405 3916 1459 quam

2208 1487 2681 1558 interemptarum
2713 1485 3042 1540 animarum
3065 1482 3387 1553 acquireret
3417 1479 3801 1552 supplicium.
3841 1479 3921 1534 Ea

2205 1581 2398 1633 autem
2433 1578 2666 1645 cadens,
2699 1574 2962 1646 protinus
2994 1576 3346 1630 estmortua.

2275 1695 2416 1750 Tres
2448 1701 2641 1750 autem
2679 1693 2801 1748 dies
2833 1706 3177 1764 permanens
3208 1690 3361 1761 apud
3396 1690 3625 1758 fratres,
3650 1688 3924 1755 sedebat,

2205 1783 2417 1840 docens
2450 1801 2546 1841 eos
2578 1789 2884 1854 praecepta,
2907 1786 2963 1837 et
3019 1797 3146 1852 quas
3195 1783 3362 1835 erant.
3420 1778 3650 1836 occulta
3706 1779 3924 1834 unius-

2123 1880 2168 1945 B
2203 1875 2488 1946 cujusque
2512 1873 2752 1930 consilia
2787 1876 2981 1943 aperte
3003 1870 3313 1926 enuntians
3348 1869 3538 1925 :hunc
3565 1869 3818 1940 quidem
3839 1869 3927 1925 di-

2207 1980 2344 2020 cens
2383 1965 2571 2020 vexari
2603 1981 2636 2019 a
2670 1962 3064 2028 fornicatione,
3100 1959 3265 2015 illum
3294 1975 3474 2016 veroa
3510 1976 3660 2014 vana
3703 1958 3920 2030 gloria,

2206 2054 2384 2109 alium
2409 2072 2439 2108 a
2476 2052 2718 2120 deliciis,
2749 2051 2927 2106 alium
2960 2050 3030 2105 ab
3065 2050 3168 2117 ira,
3202 2053 3259 2103 et
3287 2048 3470 2103 alium
3501 2048 3746 2118 quidem
3778 2065 3920 2118 pro-

2205 2143 2515 2199 nuntiabat
2544 2142 2690 2198 lasse
2712 2142 2932 2206 mitem,
2955 2140 3130 2196 alium
3145 2155 3275 2194 vero
3290 2138 3597 2210 paciﬁcum
3631 2153 3644 2191 :
3671 2136 3920 2193 illorum

2209 2234 2442 2303 quidem
2481 2232 2638 2301 vitia,
2703 2232 2907 2286 horum
2968 2246 3100 2286 vero
3149 2229 3393 2284 virtutes
3451 2242 3729 2299 arguens.
3787 2227 3921 2282 Haec

2207 2328 2326 2380 tem
2359 2322 2681 2381 audientes,
2716 2321 3081 2376 mirabantur
3103 2318 3346 2374 dicendo
3392 2331 3588 2372 revera
3615 2315 3701 2370 ita
3757 2333 3915 2372 esse.

2207 2413 2302 2468 Eis
2336 2415 2527 2467 autem
2550 2410 2694 2465 dixit
2726 2426 2738 2463 :
2774 2411 2976 2464 Parate
3009 2407 3175 2463 nobis
3232 2407 3411 2474 olera,
3442 2405 3614 2460 hodie
3641 2404 3808 2460 enim
3845 2407 3916 2461 ad

2209 2517 2314 2556 nos
2341 2500 2569 2556 venient
2603 2498 2797 2570 plures
2831 2498 3060 2552 fratres.
3088 2500 3229 2551 Cum
3260 2494 3554 2551 illiautem
3587 2493 3787 2549 adhuc
3817 2511 3920 2564 pa—

2209 2595 2418 2661 rarent,
2473 2587 2944 2660 supervenientes
2995 2587 3197 2642 fratres
3257 2601 3318 2640 se
3379 2583 3622 2640 invicem
3681 2583 3923 2639 saluta-

2209 2684 2366 2735 runt.

2281 2793 2721 2865 Rogavitautem
2754 2807 2883 2846 eum
2909 2791 3148 2862 quidam
3171 2806 3239 2846 ex
3263 2787 3559 2855 fratribus,
3577 2787 3773 2844 volens
3796 2803 3918 2841 una

2209 2901 2340 2941 cum
2408 2900 2473 2939 eo
2541 2883 2746 2953 degere
2811 2882 2869 2936 in
2935 2882 3185 2935 deserto.
3252 2879 3330 2933 Eo
3407 2882 3604 2933 autem
3678 2877 3912 2932 dicente

2209 2993 2323 3030 non
2360 2990 2525 3045 posse
2556 2972 2719 3027 illum
2754 2971 3044 3026 sustinere
3083 2969 3425 3024 tentationes
3473 2970 3824 3030 daemonum,
3869 2967 3910 3020 is

2210 3064 2610 3122 contentiosus
2642 3079 2699 3118 se
2731 3062 2925 3117 omnia
2956 3061 3338 3117 toleraturum
3359 3060 3734 3115 asseveravit.
3769 3059 3904 3113 Cum

2211 3170 2344 3207 eum
2377 3160 2567 3207 autem
2596 3151 2934 3222 excepisset,
2961 3150 3142 3219 jussit
3189 3148 3452 3203 habitare
3507 3149 3564 3201 in
3607 3147 3723 3202 alia
3785 3163 3910 3217 spe-

2129 3250 2171 3317 c
2213 3243 2401 3299 lunca.
2436 3243 2518 3296 Ad
2551 3257 2683 3295 eum
2709 3245 2901 3295 autem
2936 3243 3107 3295 noctu
3159 3239 3538 3294 adventantes
3599 3239 3912 3302 daemones,

2209 3351 2342 3389 eum
2376 3332 2664 3388 suffocare
2683 3330 3154 3401 aggediebantur,
3191 3345 3322 3383 cum
3359 3343 3492 3382 eum
3521 3328 3777 3398 primum
3805 3332 3920 3381 tur-

2211 3425 2379 3496 pibus
2432 3421 2864 3494 perturbassent
2911 3418 3384 3489 cogitationibus.
3431 3417 3532 3472 Ille
3579 3421 3777 3472 autem
3828 3433 3921 3471 ex-

2211 3529 2452 3569 currens
2486 3509 2838 3567 renuntiavit
2869 3508 3063 3563 abbati
3122 3507 3346 3564 Helleni
3416 3523 3540 3578 quas
3589 3513 3918 3563 evenerant.

2211 3610 2338 3674 Ipse
2363 3607 2554 3658 autem
2573 3618 2704 3656 cum
2729 3600 2851 3656 loco
2875 3600 3120 3670 figuram
3149 3598 3920 3669 impressisset,jussiteurn

2212 3693 2420 3748 deinde
2455 3707 2688 3747 manere
2728 3705 2943 3746 secure.
2977 3689 3120 3744 Cum
3153 3692 3346 3744 autem
3378 3688 3696 3760 aliquando
3737 3703 3921 3759 panes

2214 3782 2263 3836 ei
2296 3782 2632 3837 deﬁcissent
2663 3780 2722 3834 in
2771 3779 3072 3850 spelunca,
3129 3778 3451 3833 adventans
3495 3776 3735 3847 angelus
3769 3776 3830 3830 in
3872 3776 3924 3829 li-

2215 3887 2360 3941 gura
2387 3871 2578 3926 fratris
2609 3869 2660 3924 ei
2693 3868 2886 3924 attulit
2916 3867 3360 3923 nutrimentum.

2286 3995 2510 4048 Rursus
2544 3991 2955 4064 autemipsum
2981 3991 3295 4062 aliquando
3339 3994 3662 4061 quaerentes
3714 3991 3923 4047 fratres

2215 4085 2411 4140 decem
2445 4098 2712 4151 numero,
2744 4082 3013 4137 errabant
3068 4096 3168 4150 per
3215 4080 3615 4151 solitudinem,
3675 4083 3926 4150 septimo

2209 4176 2330 4246 jam
2362 4175 2454 4228 die
2479 4174 3132 4244 jejunipermanentes;
3167 4186 3301 4225 cum
3331 4187 3464 4226 vero
3483 4187 3580 4226 eos
3603 4171 3930 4228 invenisset

2211 4264 2388 4336 jussit
2420 4263 2476 4317 in
2503 4262 2780 4334 spelunca
2810 4262 3128 4333 quiescere,
3152 4259 3238 4314 illi
3269 4277 3401 4318 vero
3433 4277 3566 4316 eum
3599 4260 3790 4316 vietus
3825 4263 3934 4316 ad:

2217 4356 2588 4409 monuerunt.
2626 4352 2726 4406 Ille
2749 4351 2849 4422 qui
2873 4349 3013 4405 nihil
3047 4349 3292 4405 habebat
3315 4350 3468 4420 quod
3500 4349 3584 4404 eis
3608 4355 3936 4421 apponeret

2218 4443 2362 4497 dixit
2382 4442 2465 4498 eis
2500 4458 2512 4497 :
2548 4441 2752 4496 Potens
2778 4443 2861 4495 est
2892 4444 3044 4494 Deus
3067 4454 3328 4494 mensam
3354 4452 3554 4507 parare
3586 4438 3642 4488 in
3665 4438 3931 4492 deserto.

2217 4534 2428 4590 Statim
2463 4535 2653 4587 autem
2690 4530 2930 4602 quidam
2972 4529 3301 4585 adolescens
3329 4527 3398 4580 de
3453 4527 3708 4594 pontone
3771 4526 3932 4595 ipsis

399 4622 554 4694 quod
616 4636 730 4676 non
789 4621 1011 4677 venerit
1069 4624 1387 4695 presbyter,
1456 4626 1599 4682 dixit
1664 4628 1745 4684 eis
1781 4644 1793 4684 :
1827 4631 1944 4700 Ego
2014 4633 2108 4690 ibo
2139 4626 2185 4692 D
2217 4625 2518 4683 orantibus
2553 4623 2805 4695 pulsavit
2835 4623 3006 4677 fores.
3051 4625 3188 4677 Cum
3219 4621 3406 4673 autem
3443 4613 3789 4686 aperuisset,
3826 4617 3928 4668 vi-

398 4718 454 4769 et
483 4728 617 4768 eum
651 4713 887 4768 vocabo.
915 4713 959 4766 Ii
1007 4717 1201 4768 autem
1261 4715 1548 4783 dixerunt,
1607 4735 1721 4773 non
1785 4736 1954 4790 posse
1997 4722 2110 4778 ali-

397 4818 571 4870 quem
641 4803 1037 4858 transmittere
1103 4802 1331 4859 alveum
1402 4809 1634 4877 propter
1709 4808 2100 4869 altitudinem.

398 4889 724 4952 Quinetiam
757 4891 1031 4947 dicebant
1061 4909 1126 4947 eo
1180 4893 1240 4948 in
1273 4893 1396 4949 loco
1429 4911 1552 4950 esse
1604 4895 1857 4952 belluam
1919 4901 2105 4955 maxi—

397 4993 796 5049 mam,nempe
826 4980 1204 5046 crocodilum,
1267 4982 1366 5054 qui
1418 4982 1627 5039 multos
1674 4985 1939 5044 homines
1972 5005 2104 5044 con-

396 5071 749 5137 sumpserat.
785 5067 838 5123 Is
862 5075 1053 5125 autem
1095 5087 1214 5126 non
1249 5077 1576 5141 cunctatus,
1608 5075 1806 5130 statim
1853 5094 2102 5150 surgens

393 5155 683 5228 prefectus
717 5159 805 5210 est
845 5157 916 5211 ad
973 5159 1162 5216 valum
1201 5177 1213 5215 :
1263 5177 1438 5232 quem
1487 5181 1614 5219 cum
1661 5165 1854 5222 bellua
1911 5169 2104 5223 statim

390 5253 555 5318 tergo
591 5245 929 5317 excepisset,
962 5249 1033 5302 ad
1081 5255 1302 5320 partem
1366 5254 1500 5324 ripa:
1561 5254 1853 5312 ulterioris
1909 5261 2104 5313 trans-

398 5338 565 5395 vexit.
603 5336 745 5391 Cum
781 5338 973 5391 autem
1007 5337 1064 5391 in
1117 5355 1252 5407 agro
1303 5341 1624 5398 invenisset
1682 5346 2104 5417 presbyterum,

398 5426 624 5498 rogavit
655 5443 726 5483 ne
758 5427 1075 5497 despiceret
1131 5427 1565 5488 fraternitatem.
1599 5432 1698 5489 Ille
1741 5439 1936 5492 autem
1973 5454 2104 5492 eum

401 5517 604 5571 videns
635 5516 834 5573 multis
857 5517 1118 5574 consutis
1146 5519 1355 5588 pannis
1376 5522 1656 5592 obsitum,
1687 5526 2107 5597 rogavitunde-

405 5621 540 5660 nam
572 5623 830 5676 pannum
860 5608 1182 5679 habuisset,
1205 5608 1405 5665 dicens
1431 5612 1646 5670 :Habes
1661 5619 1875 5672 vestem
1900 5618 2105 5673 animae

405 5693 881 5768 pulcherrimam,
915 5716 946 5754 ο
979 5699 1154 5756 frater
1179 5715 1190 5728 ·
1217 5699 1456 5772 ejusque
1490 5702 1869 5762 humilitatem
1903 5710 1960 5761 et
1982 5706 2107 5762 fru-

2221 4715 2429 4768 derunt
2492 4711 2915 4768 adolescentem
2976 4708 3284 4764 habentem
3337 4717 3601 4774 magnam
3641 4706 3920 4771 sportam

2214 4806 2382 4879 panis
2407 4807 2463 4860 et
2494 4801 2796 4858 olivarum.
2831 4801 2908 4855 Iis
2932 4803 3124 4856 autem
3175 4794 3475 4868 suscepiis,
3519 4792 3926 4862 comederunt,

2214 4897 2328 4952 Deo
2345 4901 2579 4964 agentes
2595 4891 2830 4963 gratias,
2849 4909 2918 4946 cu
2931 4907 2982 4945 m
2998 4889 3339 4945 adolescens
3356 4884 3554 4941 statim
3567 4882 3927 4938 evanuisset.

2216 4987 2344 5040 Haec
2374 4989 2430 5040 et
2461 4983 2573 5038 alia
2606 4981 2785 5038 multa
2818 4979 3096 5036 miracula
3117 4994 3252 5034 cum
3279 4976 3445 5031 nobis
3477 4976 3735 5029 narasset
3757 4973 3934 5028 Pater

2216 5076 2448 5146 Copres,
2487 5091 2710 5146 [1081118
2740 5073 2989 5143 benigne
3020 5077 3072 5125 et
3099 5068 3438 5125 humaniter
3465 5068 3798 5133 tractasset,
3841 5063 3937 5118 in-

2218 5167 2381 5223 duxit
2410 5165 2466 5220 in
2502 5182 2671 5221 suum
2707 5161 3295 5231 hortum,ostendens
3354 5158 3523 5214 nobis
3579 5155 3833 5227 palmas,
3881 5158 3937 5207 et

2219 5258 2361 5313 alias
2394 5257 2625 5312 arbores
2661 5253 2961 5324 frugiferas
2994 5268 3140 5322 quas
3166 5250 3292 5320 ipse
3324 5247 3607 5321 plantavit
3639 5246 3694 5299 in
3718 5244 3935 5300 solitu-

2218 5347 2373 5417 dine,
2400 5345 2733 5401 admonitus
2767 5361 2799 5399 a
2823 5343 2934 5397 (ide
2958 5341 3337 5405 rusticorum,
3363 5337 3579 5408 quibus
3611 5335 3757 5389 dixit
3791 5352 3802 5390 :
3838 5334 3936 5388 Po-

2217 5442 2331 5494 test
2362 5437 2651 5492 desertum
2686 5436 2906 5490 fructus
2939 5433 3254 5504 producere
3285 5429 3356 5483 iis
3383 5427 3484 5498 qui
3521 5427 3694 5481 fidem
3721 5423 3939 5478 habent

2217 5529 2274 5584 in
2310 5531 2516 5583 Deum.
2549 5527 2866 5595 Postquam
2883 5522 3039 5578 enim
3067 5519 3207 5588 vidi,
3235 5517 3420 5574 aiebat
3448 5533 3547 5571 eos
3568 5515 3672 5586 qui
3696 5528 3936 5569 arenam

2219 5617 2667 5681 seminaverant,
2702 5617 2758 5669 et
2788 5628 2987 5669 eorum
3022 5623 3226 5681 agrum
3261 5608 3519 5662 fructum
3545 5604 3783 5672 tulisse,
3808 5602 3936 5674 ipse

2220 5720 2447 5778 quoque
2478 5705 2630 5760 idem
2664 5718 2993 5776 aggressus,
3019 5700 3172 5756 idem
3205 5713 3338 5755 sum
3370 5700 3750 5754 consecutus.
