4074 6278
302 447 454 507 1161

1586 441 1961 501 HISTORIA
2002 438 2414 500 LAUSIACA.

3546 444 3701 506 1162

304 577 460 639 λάκις
508 573 811 650 ἡγούμενος
859 572 947 627 ἐπὶ
1002 577 1146 646 τρεῖς
1197 572 1407 647 ἡμέρας
1455 569 1793 648 παραδίδωσι
1841 571 1941 641 τήν
1976 573 2029 641 Α
2060 570 2555 648 ταπεινοφροσύνην
2635 572 2798 627 αὑτοῦ
2884 574 3164 649 Θαυμάσας
3239 575 3326 630 καὶ
3406 574 3700 645 εὐτέλειαν,

301 668 513 741 ψυχήν,
545 667 651 733 Τὴν
705 661 761 716 δὲ
794 660 952 723 εὐθὺς
1004 660 1228 737 ἄγγελοι
1280 658 1666 734 ὑποδεξάμενοι
1714 660 1806 715 καὶ
1854 679 1952 734 χο-

304 757 389 833 ροὶ
439 754 753 829 μαρτύρων,
786 751 861 811 εἷς
913 750 1172 826 οὐρανοὺς
1221 751 1415 827 ἀνῆγον
1466 749 1640 805 αὐτῶν
1692 750 1948 825 ὁρώντῶν

302 845 391 901 καὶ
423 844 733 899 ἀκουόντων
766 840 890 903 τοὺς
924 840 1149 913 ὕμνους,

914 932 1180 987 ΚΕΦΑΛ.
1224 930 1349 985 ΝΘ¹.

834 1020 966 1092 Περὶ
1002 1013 1173 1073 Ἀϐϐἆ
1200 1016 1423 1087 Ἑλλῆν.

378 1110 591 1172 Ἀλλος
641 1108 697 1164 δέ
746 1130 828 1170 τις
882 1108 1068 1181 Πατῆρ
1103 1103 1301 1179 Ἀϐϐά,
1333 1105 1534 1176 Ἑλλῆν
1584 1105 1946 1178 καλούμενος,

305 1202 565 1259 παιδόθεν
594 1202 692 1270 τῆν
740 1200 935 1274 ἀρετήν
983 1199 1303 1269 ἐξασκήσας,
1344 1202 1460 1259 τοῖς
1509 1196 1744 1267 πλησίον
1786 1199 1950 1250 αύτοῦ

306 1291 565 1370 ἀδελφοῖς
619 1286 891 1352 πολλάκις
941 1291 1047 1363 πῦρ
1095 1286 1145 1341 ἐν
1185 1287 1381 1359 κόλπῳ
1428 1281 1734 1355 ἐϐάσταζεν,
1774 1283 1949 1360 ἐρεθί-

307 1390 413 1453 ζων
462 1378 657 1441 αὐτοὺς
708 1372 1020 1454 προϐαίνειν
1070 1375 1145 1438 εἷς
1205 1373 1454 1444 ἐπίδειξιν
1509 1380 1617 1429 τῶν
1680 1373 1945 1446 σημείων,

311 1471 486 1546 λέγων
519 1469 725 1535 αὐτοῖς,
760 1466 821 1522 Εἰ
870 1466 1006 1520 κατά
1054 1464 1311 1535 ἀλήθειαν
1355 1465 1583 1533 ἀσκεῖτε,
1632 1464 1698 1516 τὰ
1748 1464 1950 1534 σημεῖα

307 1558 507 1614 λοιπὸν
536 1562 636 1626 τῆς
669 1556 863 1628 ἀρετῆς
896 1550 1254 1624 ἐπιδείξασθε.
1293 1551 1534 1609 ’Άλλοτε
1565 1549 1623 1605 δὲ
1656 1550 1803 1621 αύτῴ
1833 1550 1950 1603 καθ’

307 1648 497 1702 ἑαυτὸν
528 1646 825 1722 γενομένῳ,
862 1644 914 1698 ἐν
961 1646 1029 1717 τῇ
1062 1641 1280 1717 ἐρήμῳ,
1308 1642 1360 1696 ἐν
1410 1640 1667 1714 ἐπιθυμίᾳ
1704 1638 1948 1714 μέλιτος,

308 1733 464 1798 εὔθὺς
543 1732 600 1789 δὲ
678 1734 779 1788 ὑπὸ
854 1734 1052 1807 πέτραν
1128 1733 1297 1805 κηρία
1373 1728 1688 1805 εῦράμενος,
1765 1726 1953 1806 φησὶν,

307 1825 546 1880 ’Δπελθε
604 1825 693 1878 ἀπ’
745 1823 904 1895 ἐμοῦ,
955 1824 990 1890 ἡ
1034 1819 1338 1882 ἀκόλαστος
1389 1817 1647 1892 ἐπιθυμία
1677 1834 1692 1849 ⁶
1754 1818 1950 1893 γέγρα-

307 1936 436 1969 πται
506 1913 628 1989 γὰρ,
707 1910 986 1983 Πνεύματι
1054 1914 1420 1985 περιπατεῖτε,
1496 1910 1584 1963 καὶ
1664 1906 1950 1978 ἐπιθυμίαν
1986 1946 2033 2012 Β

452 2002 465 2012 .
580 2001 594 2012 .
708 2002 720 2012 .
846 1998 900 2012 ς.
1168 2000 1181 2012 .
1371 1998 1389 2012 ς
1485 1999 1499 2012 .
1624 1997 1636 2012 .
1690 1998 1704 2012 ε
1770 1997 1787 2012 ,.
1880 1995 1900 2012 κ

307 2002 507 2078 σαρκὸς
538 2001 600 2056 ού
654 2002 730 2073 μὴ
782 1998 1061 2071 τελέσητε,
1095 2000 1184 2053 καὶ
1234 1998 1546 2054 καταλιπὼν
1579 1997 1713 2052 αὐτά
1760 1995 1953 2066 ἀπηλ-

311 2093 475 2169 λάγη.
510 2088 655 2161 ’Ήδη
711 2088 769 2144 δὲ
815 2089 979 2145 αὐτοῦ
1029 2088 1079 2143 ἐν
1113 2092 1181 2162 τῇ
1231 2088 1423 2162 ἐρήμῳ
1454 2092 1599 2162 τρεῖς
1645 2082 1953 2158 ἑϐδομάδας

311 2182 689 2253 νηστεύοντος,
744 2178 962 2253 ὀπώρας
1012 2178 1182 2252 εὑρὼν
1233 2174 1585 2250 ἐρριμμένας,
1637 2176 1779 2230 εἶπεν
1812 2191 1827 2205 ⁸
1878 2176 1952 2229 Οὐ

316 2272 391 2343 μὴ
426 2271 601 2345 φάγω,
635 2265 760 2321 οὐδὲ
808 2267 1033 2341 ἅψωμαί
1077 2286 1225 2329 τινος
1267 2263 1316 2335 ἐξ
1366 2269 1566 2335 αὐτῶν,
1595 2262 1690 2319 ’ίνα
1742 2265 1816 2337 μή
1864 2263 1955 2317 τὸν

314 2357 548 2433 ἀδελφόν
602 2378 705 2430 μου
751 2354 1118 2417 σκανδαλίσω,
1166 2354 1410 2410 τουτέστι
1457 2356 1557 2422 τήν
1606 2355 1812 2427 ψυχήν.
1859 2351 1957 2407 Γέ-

310 2468 543 2526 γραπται
592 2446 717 2522 γὰρ,
762 2446 871 2501 Οὔκ
920 2443 1008 2499 ἐπὶ
1054 2447 1231 2522 τροφῇ
1291 2446 1427 2517 μόνῃ
1472 2446 1691 2513 ζήσεται
1747 2441 1954 2517 ἄνθρω-

312 2560 433 2602 πος.
466 2535 782 2607 Νηστεύσας
812 2534 869 2589 δὲ
915 2534 1003 2590 καὶ
1034 2531 1213 2603 ἄλλην
1266 2528 1568 2604 ἑϐδομάδα,
1600 2532 1822 2606 ὕστερον
1861 2529 1955 2584 ἁπ-

314 2626 558 2697 ενύσταξε
580 2643 594 2655 ⁸
625 2625 717 2679 καὶ
749 2625 921 2698 εὑρὼν
956 2624 983 2677 ὁ
1030 2618 1263 2697 ἅγγελος
1292 2622 1410 2674 κατ’
1460 2618 1610 2695 ὄναρ,
1644 2618 1772 2697 φησί
1818 2619 1954 2693 πρὸς

312 2716 499 2785 αὐτὸν,
551 2712 806 2777 Ἀναστάς
850 2714 918 2767 τὰ
967 2710 1323 2785 εὑρισκόμενα
1370 2710 1529 2785 φάγε.
1579 2713 1635 2763 Ὀ
1695 2705 1751 2761 δὲ
1809 2706 1955 2777 ἐξαν-

313 2807 466 2875 έστη,
497 2803 587 2858 καὶ
635 2801 825 2874 κύκλῳ
855 2796 1325 2875 περιϐλεπόμενος
1361 2800 1461 2873 ὁρᾷ
1505 2798 1688 2872 πηγὴν
1726 2796 1956 2871 βοτάνας

312 2894 579 2968 τρυφερᾶς
639 2889 828 2963 κύκλῳ
888 2888 1293 2964 βλαστήσασαν.
1345 2886 1705 2963 Μετειληφὼς
1758 2882 1814 2939 δὲ
1861 2887 1956 2939 τοῦ

312 2982 482 3036 πότου
532 2981 623 3035 καὶ
670 2988 769 3048 τῆς
816 2985 1026 3056 τροφῆς
1081 2982 1187 3031 τῶν
1249 2976 1530 3050 λαχάνων,
1584 2969 1955 3028 διεϐεϐαιοῦτο

316 3068 485 3144 μηδὲν
530 3066 792 3142 ἡδύτερον
842 3066 1016 3121 αὐτῶν
1064 3067 1287 3120 πώποτε
1333 3064 1639 3138 γεύσασθαι.
1676 3060 1958 3132 Σπήλαιον

316 3158 372 3214 δὲ
421 3159 590 3233 εὑρὼν
639 3156 831 3232 μικρὸν
882 3153 933 3209 ἐν
988 3158 1067 3226 τῷ
1116 3155 1290 3225 τόπῳ,
1343 3146 1548 3224 ἔμεινεν
1600 3150 1712 3205 ἐκεῖ
1769 3148 1958 3223 ὀλίγας

312 3248 524 3323 ἡμέρας
574 3246 778 3308 ἄσιτος.
813 3249 902 3308 Ὠς
950 3241 1007 3298 δὲ
1039 3241 1233 3297 λοιπὸν
1280 3248 1489 3320 τροφῆς
1539 3236 1737 3308 ἐδέετο,
1768 3237 1957 3300 κλίνας

2061 658 2240 714 έίπετο
2290 660 2439 733 αὐτῷ
2488 660 2703 716 ἀπιόντι
2753 660 2828 722 εἷς
2868 663 2960 717 τὸν
3008 664 3277 738 ποταμόν.
3330 668 3417 727 Ὠς
3466 662 3523 718 δὲ
3568 665 3701 738 πόρ-

2062 748 2225 820 θμιον
2276 749 2386 827 οὐχ
2443 748 2621 821 εὗρον,
2672 749 2856 825 φωνὴν
2912 751 3132 828 ἄφίησιν
3193 754 3221 805 ὁ
3280 747 3450 813 ἀϐϐἆς
3493 749 3729 823 Ἑλλῆν.

2059 836 2543 911 προσκαλούμενος
2593 838 2684 891 τὸν
2743 835 3121 913 κροκόδειλον.
3164 842 3221 893 Ὀ
3275 838 3331 893 δὲ
3389 840 3541 902 εὐθὺς
3602 840 3703 895 ὑπ-

2061 925 2295 989 ακούσας
2343 926 2526 995 αὐτοῦ,
2579 934 2757 1000 παρῆν
2815 928 2908 981 τὸν
2963 931 3133 982 νῶτον
3193 929 3698 1002 ὑποστρωσάμενος.

2061 1016 2251 1085 Ἠξίου
2284 1012 2341 1070 δὲ
2367 1014 2459 1069 τὸν
2492 1011 2856 1091 πρεσϐύτερον
2888 1013 3241 1086 συνέπιϐῆναι
3290 1018 3457 1089 αὐτῷ.
3490 1020 3727 1097 ’Έμφογ

2062 1100 2157 1165 ϐος
2190 1102 2247 1157 δὲ
2292 1104 2581 1179 γενόμενος
2631 1104 2838 1167 ἐκεῖνος
2872 1107 3225 1179 συνεωρακὼς
3271 1106 3332 1159 τὸ
3374 1106 3580 1179 θηρίον,
3614 1106 3701 1161 ἐπὶ

2059 1193 2124 1249 τδ.
2168 1190 2384 1248 ὄπισθεν
2438 1194 2736 1269 ὑπεχώρει.
2794 1196 2883 1256 Ὡς
2935 1191 2992 1248 δὲ
3050 1190 3260 1269 θάμϐος
3313 1189 3467 1271 ἔσχεν
3518 1195 3699 1256 αὐτὸν,

2058 1282 2149 1337 καὶ
2176 1284 2306 1344 τοὺς
2350 1281 2635 1359 ἀντιπέραν
2684 1284 2965 1345 οἰκοῦντας
3015 1280 3306 1363 ἀδελφοὺς,
3342 1282 3701 1358 θεασαμένους

2058 1370 2255 1434 αὐτοὺς
2307 1372 2398 1427 σὺν
2450 1377 2528 1444 τῷ
2585 1372 2761 1446 θηρίῳ
2807 1374 2899 1427 τὸν
2950 1372 3121 1447 πόρον
3173 1372 3701 1449 διαπορθμεύσαντα,

2058 1462 2299 1517 ἀνελθὼν
2356 1461 2431 1522 εἷς
2485 1462 2586 1531 τὴν
2638 1464 2803 1535 ξηράν
2866 1464 3301 1519 συνεπεσπάσατο
3349 1465 3411 1518 τὸ
3460 1464 3650 1537 θηρίον
3687 1485 3699 1497 ·

2057 1551 2304 1605 τεθνάναι
2363 1550 2537 1627 λέγων
2598 1555 2747 1607 αύτῶ
2809 1550 3056 1625 ἄμεινον,
3116 1553 3207 1607 καὶ
3264 1550 3517 1627 κερδάναι
3592 1557 3701 1608 τῶν

2060 1642 2438 1715 ἀναιρεθεισῶν
2488 1645 2682 1715 ψυχῶν
2739 1641 2839 1709 τὴν
2897 1639 3073 1711 δίκην.
3135 1643 3203 1697 T6
3254 1639 3311 1697 δὲ
3357 1649 3701 1718 παραχρῆμα

2060 1730 2222 1785 πεσὸν
2256 1729 2488 1803 ἐξέψυξε.

2134 1820 2617 1893 Προσκαρτερήσας
2674 1817 2731 1873 δὲ
2804 1822 3015 1893 ἡμέρας
3071 1821 3214 1892 τρεῖς
3268 1826 3384 1884 τοῖς
3442 1821 3700 1900 ἀδελφοῖς

2062 1907 2294 1978 ἐκάθητο
2346 1904 2614 1962 διδάσκων
2666 1908 2860 1969 αὐτοὺς
2901 1909 2995 1970 τὰς
3038 1908 3283 1978 ἐντολὰς,
3333 1912 3421 1964 καὶ
3469 1912 3536 1965 τὰ
3592 1912 3701 1966 ἐκά-

2064 2018 2190 2051 στου
2240 1997 2292 2051 ἐν
2342 2001 2567 2071 κρυπτῷ
2629 1995 2977 2072 βουλεύματα
3037 1999 3279 2074 φανερῶς
3330 1997 3699 2075 ἐξαγγέλλων.

2061 2088 2161 2142 Τὸν
2226 2086 2320 2160 μὲν
2380 2086 2481 2140 ὑπὸ
2539 2085 2791 2159 πορνείας
2852 2085 3197 2161 ἐνοχλεῖσθαι
3255 2086 3454 2164 λέγων,
3502 2089 3593 2143 τὸν
3646 2086 3703 2142 δὲ

2065 2177 2166 2230 ὑπὸ
2217 2172 2547 2246 κενοδοξίας,
2598 2171 2768 2230 ἄλλον
2819 2176 2920 2230 ὑπὸ
2976 2182 3207 2251 τρυφῆς,
3253 2176 3431 2250 ἕτερον
3484 2175 3541 2231 δέ
3598 2177 3701 2231 ὑπὸ

2064 2264 2253 2342 ὀργῇς,
2287 2265 2377 2320 καὶ
2408 2265 2467 2320 ’ὀν
2503 2266 2597 2339 μὲν
2629 2269 2824 2340 πρᾶον,
2859 2266 2915 2320 ’ὀν
2951 2262 3006 2319 δὲ
3039 2266 3312 2339 εἰρηνικὸν
3361 2268 3697 2347 ἀπεφήνατο,

2062 2356 2150 2410 καὶ
2182 2360 2277 2412 τοῦ
2311 2357 2405 2429 μὲν
2438 2357 2537 2427 τὴν
2567 2354 2773 2428 κακίαν,
2804 2360 2900 2410 τοῦ
2933 2353 2989 2410 δέ
3014 2356 3108 2418 τάς
3141 2356 3332 2432 ἀρετὰς
3372 2356 3698 2433 ἐξελέγχων.

2061 2445 2377 2506 Ἀκούοντες
2435 2444 2492 2500 δὲ
2549 2450 2715 2501 ταῦτα
2772 2445 3078 2521 ἐθαύμαζον
3154 2446 3400 2523 λέγοντες
3476 2445 3700 2517 άληθῶς

2064 2535 2237 2597 οὕτως
2296 2535 2450 2592 εἶναι.
2510 2536 2639 2590 Εἶπε
2697 2534 2754 2590 δὲ
2810 2538 2947 2612 πρὸς
3022 2537 3215 2599 αὐτούς
3249 2556 3261 2570 ’
3340 2537 3705 2611 Ἑτοιμάσατε

2062 2627 2199 2698 ἡμῖν
2257 2624 2518 2700 λάχανον
2582 2622 2893 2680 ἐλεύσονται
2968 2627 3070 2702 γὰρ
3148 2628 3385 2702 σήμερον
3453 2625 3703 2688 πλείονες

2065 2712 2293 2790 ἀδελφοὶ
2342 2715 2478 2787 πρὸς
2528 2716 2695 2786 ἡμᾶς.
2742 2716 2805 2768 Οἱ
2855 2712 2912 2769 δὲ
2961 2715 3034 2777 ὡς
3085 2709 3161 2769 ἔτι
3217 2712 3543 2790 ηῦτρέπιζον
3588 2713 3705 2770 ἐπι-

2066 2803 2301 2858 στάντων
2331 2806 2438 2858 τῶν
2468 2800 2737 2877 ἀδελφῶν,
2769 2802 3054 2874 ἀλλήλους
3087 2804 3418 2874 ἠσπάζοντο.

2136 2895 2319 2966 Ἠξίου
2352 2891 2407 2947 δέ
2436 2914 2518 2956 τις
2548 2892 2722 2947 αὐτῶν
2756 2897 2863 2948 τῶν
2904 2890 3175 2968 ἀδελφῶν,
3207 2892 3509 2971 συνδιάγειν
3561 2894 3707 2966 αύτῴ

2069 2982 2121 3039 ἐν
2171 2986 2242 3057 τῇ
2304 2981 2498 3058 ἐρήμῳ
2556 2981 2916 3055 βουλόμενος.
2966 2984 3234 3057 Λέγοντος
3293 2981 3349 3037 δὲ
3402 2982 3567 3038 αὐτοῦ
3628 2986 3703 3055 μή

2069 3070 2318 3127 δύνασθαι
2372 3073 2676 3147 ὑπενεγκεῖν
2711 3072 2841 3134 τοὺς
2888 3072 3224 3146 πειρασμοὺς
3256 3076 3366 3125 τῶν
3410 3069 3706 3144 δαιμόνων,

2068 3160 2508 3239 φιλονεικότερον
2560 3159 2765 3221 ἐκεῖνος
2825 3157 3107 3228 διατεθεὶς,
3168 3160 3337 3214 πάντα
3398 3161 3706 3236 ὑπενεγκεῖν

2068 3247 2466 3326 ἐπηγγέλλετο.
2500 3250 2606 3305 Καὶ
2653 3246 2719 3317 δὴ
2771 3246 3168 3323 ὑποδεξάμενος
3202 3249 3359 3304 αὐτὸν
3405 3250 3480 3311 εἰς
3526 3246 3707 3325 ἓτερον

311 3340 376 3392 τά
419 3338 620 3412 γόνατα
664 3333 890 3411 ηὔχετο.
949 3331 1123 3394 Εὐθὺς
1176 3329 1232 3386 δὲ
1290 3331 1439 3401 αὖτῷ
1497 3330 1672 3385 πάντα
1725 3330 1793 3383 τὰ
1846 3332 1954 3383 τῶν
1988 3321 2031 3387 C
2072 3337 2346 3411 σπήλαιον
2378 3338 2546 3393 οἰκεῖν
2578 3337 2986 3413 παρεκελεύετο.
3024 3338 3363 3401 Ἐπιστάντες
3395 3336 3451 3393 δὲ
3496 3339 3711 3413 νύκτωρ

316 3427 613 3501 βρωσίμων
658 3423 998 3497 παρέκειντο,
1030 3421 1116 3476 καὶ
1168 3419 1322 3496 ἄρτοι
1366 3417 1580 3493 θερμοὶ,
1611 3418 1699 3472 καὶ
1755 3416 1955 3489 ἐλαῖαι,

310 3517 397 3571 καὶ
432 3516 623 3590 ὀπώρα
646 3535 728 3575 τις
760 3511 1043 3587 διάφορος.

385 3605 747 3677 Ἐπεσκέψατο
802 3599 859 3656 δέ
904 3621 1036 3655 ποτε
1088 3601 1216 3661 τοὺς
1267 3601 1460 3654 ἑαυτοῦ
1517 3595 1812 3674 ἀδελφοὺς,
1865 3596 1959 3660 οὓς

311 3694 402 3748 καὶ
463 3692 650 3748 πολλά
701 3692 1029 3761 νουθετήσας
1081 3689 1168 3745 ἐπὶ
1237 3691 1336 3758 τήν
1416 3686 1622 3763 ἔρημον
1682 3682 1955 3753 ἔσπευδεν,

313 3780 773 3855 ἐπικομιζόμενός
816 3800 933 3835 τινα
964 3783 1069 3833 τῶν
1124 3778 1197 3841 εἷς
1227 3777 1322 3838 τὰς
1372 3775 1562 3852 χρείας
1611 3771 1954 3845 ἐπιτηδείων.

312 3870 467 3926 Ἰδὼν
526 3869 583 3924 δὲ
640 3870 898 3945 ὀνάγρους
970 3869 1115 3929 τινὰς
1195 3867 1550 3942 βοσκομένάς,
1611 3865 1743 3943 φησί
1820 3864 1954 3937 πρὸς

311 3959 474 4020 αὐτάς
508 3977 521 3990 ⁸
556 3959 644 4012 Ἐν
696 3958 924 4030 ὀνόματι
954 3960 1052 4010 τοῦ
1092 3959 1327 4029 Χριστοῦ
1358 3954 1538 4022 ἡκέτω
1575 3952 1672 4025 μία
1717 3950 1767 4025 ἐξ
1804 3953 1956 4024 ὑμῶν

314 4040 682 4119 ὑποδεξαμένη
734 4066 839 4118 μου
884 4044 947 4098 τὸ
1001 4044 1184 4119 βάρος.
1236 4044 1299 4097 Ἡ
1350 4040 1406 4095 δέ
1455 4040 1612 4102 εὐθὺς
1660 4039 1742 4096 ἐπ’
1791 4041 1953 4095 αὐτὸν

313 4136 590 4213 ὥρμησεν,
640 4134 877 4195 Ἐπιθεὶς
927 4130 984 4187 δὲ
1032 4132 1169 4205 αὐτῇ
1218 4132 1284 4185 τὰ
1335 4132 1523 4200 σκεύη,
1568 4130 1653 4184 καὶ
1710 4128 1955 4184 ἐπικαθί-

314 4247 432 4296 σας,
464 4223 516 4279 ἐν
554 4222 850 4298 μονημέρῳ
882 4221 971 4277 ἐπὶ
1000 4221 1063 4276 τὸ
1105 4220 1375 4291 σπήλαιον
1424 4218 1638 4298 ἔφθασε.
1673 4217 1955 4279 Διαθέντσς

314 4313 370 4370 δὲ
402 4314 564 4369 αὐτοῦ
609 4312 737 4375 τοὺς
780 4308 974 4386 ἄρτους
1024 4309 1239 4371 καὶτὰς
1288 4309 1507 4383 ὀπώρας
1555 4307 1607 4362 ἐν
1654 4309 1733 4380 τῷ
1782 4306 1954 4379 ἡλίῳ,

313 4403 481 4474 ἦλθεν
509 4402 591 4458 ἐπ’
624 4401 780 4471 αὐτὰ,
812 4402 887 4462 ὦς
918 4399 1035 4463 ἔθος
1063 4400 1153 4471 ἦν,
1184 4399 1249 4453 τὰ
1281 4397 1442 4471 θηρία
1474 4396 1561 4452 ἐπὶ
1591 4399 1689 4466 τήν
1744 4397 1954 4473 πηγὴν,

312 4494 401 4548 καὶ
436 4493 684 4567 ἁψάμενα
718 4491 883 4565 μόνον
910 4493 1019 4545 τῶν
1050 4487 1225 4564 ἄρτων
1254 4487 1549 4561 ἀπέψυξαν.

388 4576 730 4657 Παραϐαλὼν
788 4577 845 4634 δέ
910 4577 1046 4654 πρός
1120 4598 1268 4640 τινας
1344 4573 1625 4649 μοναχοὺς
1684 4579 1955 4648 Κυριακῆς

2068 3430 2119 3483 οἱ
2181 3426 2438 3499 δαίμονες
2497 3426 2702 3503 πνίγειν
2762 3426 2924 3482 αὐτόν
2984 3426 3324 3501 ἐπεχείρουν,
3374 3428 3435 3482 τὸ
3491 3433 3708 3503 πρῶτον

2064 3517 2323 3592 αἰσχροῖς
2381 3515 2679 3594 λογισμοῖς
2737 3517 2934 3577 ἱκανῶς
2993 3514 3430 3590 διαταράξαντες.
3482 3516 3708 3590 Ἐκδρα-

2069 3608 2184 3680 μὼν
2248 3604 2305 3660 δὲ
2358 3605 2561 3668 ἐκεῖνος
2617 3606 2683 3660 τά
2741 3602 3020 3679 συμϐάντα
3074 3604 3344 3683 ἐπήγγελε
3414 3611 3492 3680 τῷ
3566 3603 3710 3663 ἀϐϐἆ

2061 3694 2312 3766 Ἑλλῆνι.
2348 3697 2722 3771 Περιχαράξας
2755 3693 2811 3751 δὲ
2849 3695 3053 3760 ἐκεῖνος
3095 3698 3185 3752 τὸν
3236 3699 3426 3769 τόπον,
3458 3696 3708 3753 ἐκέλευσε

2061 3787 2123 3842 τὸ
2154 3785 2350 3841 λοιπὸν
2391 3785 2529 3858 μετὰ
2559 3783 2739 3849 ἀδείας
2771 3782 2947 3858 μένειν
2976 3784 3157 3843 αὐτόν.

2134 3879 2352 3950 νΑρτων
2399 3870 2456 3928 δὲ
2503 3873 2697 3935 αὐτούς
2746 3894 2878 3928 ποτε
2926 3872 3293 3930 ἐπιλιπόντων
3340 3874 3391 3930 ἐν
3439 3881 3519 3947 τῷ
3560 3898 3704 3947 σπη-

2065 3963 2227 4036 λαίῳ,
2257 3962 2476 4023 ἐπιστὰς
2507 3958 2743 4039 ἅγγελος
2792 3961 2842 4016 ἐν
2873 3959 3112 4040 ἀδελφοῦ
3156 3965 3408 4039 σχήματι
3452 3964 3701 4039 ἐκόμιζεν

2063 4054 2252 4108 αὐτοῖς
2282 4053 2381 4120 τήν
2414 4053 2646 4127 τροφήν.
2678 4048 2922 4107 Ἀλλοτε
2955 4050 3012 4107 δέ
3042 4050 3425 4124 ἐπιζητοῦντες
3454 4053 3612 4109 αὐτὸν
3648 4057 3700 4109 οἱ

2065 4138 2291 4217 ἀδελφοὶ
2325 4136 2450 4194 δέκα
2496 4140 2587 4194 τὸν
2618 4140 2873 4217 ἀριθμὸν,
2924 4140 3219 4211 ἐπλάζοντο
3262 4144 3398 4199 κατὰ
3434 4144 3533 4212 τὴν
3575 4141 3707 4219 ἕρη-

2068 4251 2169 4304 μον
2200 4224 2442 4302 ἑϐδόμην
2487 4230 2696 4304 ἡμέραν
2746 4227 2921 4285 ἄσιτοι
2972 4228 3364 4294 διατελοῦντες.
3406 4233 3598 4307 Εύρὼν
3647 4231 3705 4287 δὲ

2064 4316 2259 4381 αὐτοὺς
2306 4317 2549 4373 ἐκέλευεν
2600 4318 2963 4374 ἀναπαύεσθαι
2997 4319 3048 4373 ἐν
3088 4325 3166 4392 τῷ
3217 4320 3498 4395 σπηλαίῳ.
3544 4324 3606 4378 Οἱ
3646 4320 3705 4377 δὲ

2064 4407 2138 4469 ὡς
2202 4406 2511 4482 ὑπέμνησαν
2571 4408 2696 4482 περὶ
2769 4405 3004 4479 διαίτης,
3066 4408 3269 4472 ἐκεῖνος
3341 4407 3510 4483 μηδὲν
3566 4405 3710 4487 ἔχων

2063 4499 2405 4571 παραθεῖναι,
2458 4494 2609 4573 ἔλεγε
2676 4498 2816 4569 πρὸς
2892 4498 3110 4569 αὐτοὺς,
3168 4500 3400 4563 Δυνατός
3478 4499 3618 4555 ἐστιν
3678 4503 3705 4555 ὁ

2065 4587 2193 4648 Θεὸς
2240 4586 2527 4659 ἑτοιμάσαι
2584 4585 2848 4660 τράπεζαν
2908 4585 2961 4641 ἐν
3011 4586 3225 4663 ἐρήμῳ.
3276 4588 3448 4645 Εύθὺ)
3498 4587 3555 4644 δὲ
3603 4591 3710 4663 πρὸ

313 4669 502 4741 οὔσης,
534 4666 685 4743 ἔλεγε
731 4670 869 4743 πρὸς
916 4667 1111 4730 αὐτούς
1140 4688 1151 4701 ⁸
1184 4666 1242 4721 Τί
1290 4662 1357 4734 δὴ
1409 4666 1646 4737 σήμερον
1686 4664 1787 4731 τὴν
1839 4662 1958 4717 σῦν-
1989 4689 2035 4752 D
2066 4678 2239 4750 θυρῶν
2319 4680 2448 4739 παῖς
2524 4696 2605 4737 τις
2679 4675 2847 4738 καλὸς
2920 4678 3124 4739 νεανίας
3180 4677 3426 4752 ἐπέμενε,
3496 4662 3708 4752 κρούων

313 4762 428 4828 αξιν
476 4758 575 4812 οὐκ
621 4755 1005 4826 ἐπιτελέσατε,
1055 4760 1175 4810 Τῶν
1227 4753 1283 4809 δὲ
1332 4755 1643 4830 φασκόντων
1697 4754 1772 4826 μὴ
1826 4752 1955 4823 ἐλη-

314 4847 533 4904 λυθέναι
561 4847 790 4921 πέρηθεν
818 4847 909 4901 τὸν
941 4841 1303 4919 πρεσϐύτερον
1330 4861 1343 4875 ·
1378 4839 1533 4918 ἔλεγε
1563 4844 1699 4919 πρὸς
1719 4842 1913 4904 αὐτούς
1941 4862 1952 4874 ·

314 4935 594 4993 Ἀπελθὼν
637 4933 858 4990 καλέσω
891 4933 1073 4991 αὐτόν.
1108 4934 1169 4989 Οἱ
1203 4931 1261 4988 δὲ
1308 4928 1539 5008 ἔφασκον
1571 4933 1648 5005 μὴ
1703 4929 1954 4986 δύνασθαί

309 5046 430 5082 τινα
480 5018 774 5079 διαϐαίνειν
815 5022 906 5077 τὸν
951 5022 1122 5095 πόρον
1175 5018 1266 5076 διὰ
1310 5022 1373 5075 τὸ
1409 5021 1598 5094 βάθος.
1632 5019 1807 5077 Ἀλλὰ
1854 5020 1958 5095 γὰρ

308 5117 399 5171 καὶ
444 5115 633 5190 θηρίον
686 5111 937 5188 μέγιστον
988 5107 1173 5185 ἔλεγον
1215 5112 1345 5167 εἶναι
1393 5109 1446 5165 ἐν
1496 5114 1574 5181 τῷ
1622 5111 1775 5183 τόπῳ
1826 5130 1956 5186 κρο-

310 5201 559 5259 κόδειλόν
617 5221 760 5273 τινα,
810 5199 1060 5262 πολλοὺς
1108 5199 1423 5272 ἀνθρώπους
1475 5196 1952 5255 καταναλώσαντα.

309 5297 366 5349 'O
399 5293 457 5349 δὲ
489 5294 566 5367 μή
612 5291 916 5367 μελλήσας,
969 5288 1123 5351 εὒθὺς
1157 5287 1383 5348 ἀναστάς
1433 5284 1690 5359 ὥρμησεν
1736 5284 1825 5341 ἐπὶ
1866 5288 1958 5340 τὸν

309 5387 500 5461 πόρον,
552 5385 644 5439 καὶ
692 5380 848 5443 εὐθὺς
904 5378 1064 5434 αὐτὸν
1116 5378 1179 5433 τὸ
1236 5376 1424 5449 θηρίον
1482 5375 1567 5431 ἐπὶ
1627 5379 1722 5430 τοῦ
1783 5377 1957 5431 νώτου

314 5472 709 5543 ὑποδεξάμενον
770 5470 849 5532 εἷς
907 5470 971 5523 τὸ
1023 5468 1190 5535 πέραν
1248 5463 1706 5536 ἀποκατέστησεν.
1771 5465 1955 5539 Εὐρὼν

313 5561 369 5617 δὲ
395 5563 487 5616 τὸν
516 5558 878 5635 πρεσϐύτερον
912 5557 963 5613 ἐν
991 5560 1073 5629 τῷ
1103 5557 1320 5631 χωρίῳ,
1354 5553 1649 5629 παρεκάλει
1683 5556 1759 5628 μὴ
1800 5574 1956 5629 περιο

318 5650 445 5706 ιδεῖν
533 5651 633 5718 τήν
701 5646 1069 5727 ἀδελφότητα.
1151 5641 1307 5699 Ἰδὼδ
1386 5641 1443 5697 δὲ
1518 5643 1680 5699 αὐτὸν
1754 5642 1956 5707 ἐκεῖνος

314 5742 475 5818 ῥάκος
524 5737 875 5812 ἐνδεδυμένον
923 5734 1302 5815 πολύρῥαφον,
1355 5735 1481 5809 πάρ’
1527 5735 1695 5789 αὐτοῦ
1727 5732 1956 5791 ἐπυνθά-

312 5854 455 5906 νετο,
487 5830 651 5888 πόθεν
692 5829 798 5907 ἄρα
842 5830 905 5884 τὸ
951 5826 1115 5905 ῥάκος
1169 5825 1427 5897 ἐκέκτητο
1459 5842 1474 5860 ⁸
1525 5825 1780 5897 ἐπειπὼν,
1818 5825 1958 5885 Κάλ-

314 5922 499 5981 λιστον
551 5917 700 5997 ἔχεις
755 5918 974 5994 ἱμάτιον
1024 5922 1124 5990 τῆς
1182 5920 1391 5992 ψυχῆς,
1451 5913 1669 5998 ἀδελφέ.
1730 5917 1834 5988 Τὴν
1900 5915 1959 5972 δὲ

2066 4765 2383 4840 εὐχομένων
2435 4764 2636 4821 αὐτῶν.
2668 4766 3002 4836 Ἀνοίξαντες
3049 4765 3105 4821 δὲ
3156 4764 3295 4822 εἶδον
3344 4768 3437 4822 τὸν
3474 4769 3712 4839 νεανίαν,

2064 4853 2299 4931 σπυρίδα
2384 4854 2630 4930 μεγάλην
2708 4859 2908 4929 μεστήν
2982 4855 3160 4932 ἄρτων
3219 4879 3279 4914 τε
3350 4859 3442 4913 καὶ
3512 4858 3709 4915 ἐλαιῶν

2064 4941 2266 5020 ἔχοντα
2297 4963 2310 4976 ’
2352 4942 2738 5017 ὑποδεξάμενοι
2788 4942 2845 5000 δὲ
2895 4945 3027 5001 αὐτά
3080 4942 3511 5020 μετελάμϐανον,
3544 4947 3711 5024 εὐχα-

2068 5036 2373 5106 ριστοῦντες
2431 5037 2510 5105 τῷ
2571 5033 2778 5108 Κυρίῳ,
2833 5038 2929 5091 τοῦ
2998 5032 3194 5097 παιδὸς
3266 5034 3425 5099 εὐθὺς
3482 5037 3715 5115 ἀφανοῦς

2063 5121 2381 5195 γενομένου.
2432 5124 2608 5177 Ταῦτά
2656 5143 2713 5178 τε
2762 5121 2851 5178 καὶ
2905 5120 3049 5178 ἄλλα
3096 5123 3325 5181 πλείονα
3373 5127 3653 5201 θαυμαστὰ
3685 5128 3713 5181 ὁ

2064 5210 2245 5283 πατὴρ
2300 5214 2523 5285 Κοπρῆς
2580 5214 2715 5285 ἡμῖν
2767 5213 3179 5290 ὑφηγησάμενος
3236 5215 3326 5270 καὶ
3376 5214 3713 5294 φιλοφρονη-

2066 5298 2299 5371 σάμενος
2351 5302 2501 5372 ἡμᾶς
2547 5301 2685 5355 κατὰ
2733 5300 2960 5375 τρόπον,
3011 5302 3089 5365 εἷς
3143 5303 3234 5358 τὸν
3296 5304 3487 5359 ἑαυτοῦ
3533 5305 3712 5369 κῆπον

2066 5388 2336 5466 εἰσήγαγε,
2397 5389 2650 5445 δεικνύων
2704 5394 2838 5465 ἡμῖν
2896 5390 3162 5470 φοίνικας,
3218 5393 3304 5447 καὶ
3365 5390 3509 5446 ἅλλα
3557 5390 3713 5445 ὀπω-

2069 5478 2211 5548 ρικά,
2276 5478 2408 5551 ἅπερ
2467 5478 2627 5542 αὐτὸς
2677 5479 2729 5533 ἐν
2783 5482 2852 5551 τῇ
2899 5479 3094 5554 ἐρήμῳ
3144 5478 3424 5556 ἐφύτευσεν
3469 5478 3571 5533 ὑπὸ
3615 5482 3713 5548 τῆς

2063 5570 2171 5621 τῶν
2206 5566 2479 5642 ἀγροίκων
2514 5568 2747 5633 πίστέως
2784 5569 3172 5644 ὑπομνησθείς.
3216 5566 3357 5642 Πρὸς
3407 5565 3498 5630 οὓς
3545 5569 3710 5640 εἶπεν,

2067 5658 2148 5712 ὅτι
2184 5656 2416 5716 Δύναται
2450 5660 2536 5714 καὶ
2587 5661 2622 5730 ἡ
2656 5656 2862 5736 ἔρημος
2909 5659 3329 5737 κφρποφορῆσαι
3374 5662 3489 5722 τοῖς
3522 5652 3712 5734 ἔχουσι

2064 5746 2241 5803 πίστιν
2298 5749 2372 5811 είς
2419 5749 2510 5804 τὸν
2566 5750 2720 5808 Θεόν.
2772 5754 2859 5809 Ὡς
2908 5748 3013 5822 γὰρ
3060 5742 3221 5818 εἶδον,
3279 5748 3464 5822 φησὶν,
3513 5746 3710 5809 αὐτοὺς

2064 5838 2163 5907 τῆν
2193 5837 2423 5915 ψάμμον
2467 5840 2810 5915 σπείραντας,
2855 5837 2944 5891 καὶ
2995 5836 3096 5907 τήν
3128 5836 3316 5913 χώραν
3362 5836 3539 5909 αὐτῶν
3586 5856 3712 5912 καρ-

2067 5933 2435 6006 ποφοροῦσαν,
2456 5930 2617 6004 κάγὼ
2647 5927 2709 5983 τὸ
2740 5924 2870 5981 αὐτὸ
2891 5924 3247 6001 ἐπιχειρήσας
3277 5922 3566 5999 ἐπέτυχον.
