4074 6278
339 328 495 391 1163

964 455 1230 509 ΚΕΦΑΛ.
1270 452 1355 507 Ξ’.

527 545 657 618 [Ιερὶ
686 547 782 598 τοῦ
812 538 957 598 ἇϐϐἄ
986 538 1234 609 Ἀπέλλη
1267 544 1365 595 τοῦ
1395 533 1783 613 πρεσϐυτέρου.

402 631 624 708 Ἴδομεν
672 632 729 688 δὶ
770 633 857 686 καὶ
908 628 1091 704 ἕτερον
1128 624 1490 702 πρεσϐύτερον
1540 628 1590 681 ἐν
1642 631 1757 687 τοῖς
1795 622 1979 697 μέρεσι

330 728 449 787 τοῖς
504 724 819 798 ἷινωτέροις,
880 721 1106 793 ὀνόματι
1164 717 1463 789 ’Δπέλλην,
1524 714 1692 789 ἄνδρα
1746 714 1975 782 δίκαιον,

328 815 431 881 τήν
490 812 861 889 χαλκευτικήν
915 810 1119 884 τέχνην
1185 811 1401 883 πρῶτον
1469 807 1818 881 μετελθόντα,
1885 802 1975 858 καὶ

330 902 531 959 ἐκεῖθεν
567 904 644 965 εἷς
681 902 908 972 ἄσκησιν
956 900 1224 976 τραπέντα
1256 919 1269 932 ⁸
1302 901 1361 959 ’ὀς
1412 897 1672 961 ἐλθόντος
1708 897 1840 951 ποτε
1880 897 1977 947 τοῦ

331 987 597 1046 διαϐόλου
628 991 763 1066 πρὸς
810 991 974 1045 αὐτὸν
1025 988 1077 1043 ἐν
1123 987 1416 1064 γυναικείῳ
1454 989 1727 1062 σχήματι,
1772 985 1847 1047 ὡς
1884 982 1977 1043 τὰς

328 1079 515 1155 χρείας
554 1084 663 1135 τῶν
718 1082 981 1153 μυναχῶν
1031 1075 1321 1152 χαλκεύων
1374 1076 1687 1150 ἐτύγχανεν,
1732 1074 1974 1149 ἁρπάσας

326 1168 386 1224 ἐκ
440 1172 537 1224 τοῦ
594 1168 765 1242 πυρὸς
821 1168 1222 1242 πεπυρωμένον
1266 1167 1329 1222 τὸ
1388 1162 1637 1237 σιδήριον
1685 1167 1754 1237 τῇ
1805 1162 1973 1236 χειρὶ,

327 1256 415 1312 διὰ
446 1256 689 1327 σποὺδῆς
728 1258 791 1311 τὸ
822 1256 1117 1330 πρόσωπον
1171 1255 1338 1323 αὐτῆς
1390 1253 1520 1308 ὅλον
1572 1254 1663 1307 καὶ
1709 1253 1769 1307 τὸ
1816 1255 1977 1322 σῶμα

323 1347 667 1402 κατέκαυσεν.
702 1346 799 1399 Καὶ
831 1344 1036 1412 ἤκουον
1064 1344 1269 1412 ταύτης
1298 1344 1350 1395 οἳ
1382 1340 1611 1415 ἀδελφοὶ
1663 1338 1973 1407 ὀλολυζού-

327 1455 429 1505 σης
460 1434 511 1489 ἐν
538 1439 618 1505 τῷ
646 1432 853 1505 κελλίῳ
882 1450 896 1465 ⁸
946 1431 996 1503 ἐξ
1029 1432 1228 1486 ἐκείνου
1282 1429 1477 1484 λοιπὸν
1510 1431 1537 1483 6
1582 1429 1714 1502 ἀνὴρ
1746 1429 1974 1482 πάντοτε

324 1524 387 1578 τὸ
446 1521 694 1597 σιδήριον
755 1524 826 1593 τῇ
878 1521 1027 1597 χειρὶ
1086 1526 1273 1595 κρατεῖ
1318 1518 1831 1591 πεπυρακτῶμένον,
1880 1522 1973 1573 καὶ

328 1615 405 1687 μὴ
442 1612 822 1688 βλαπτόμενος
848 1633 859 1645 ·
894 1614 954 1675 ’ὸς
984 1614 1133 1685 ἡμᾶς
1165 1611 1516 1687 φιλοφρόνως
1552 1607 1970 1682 ὑποδεξάμενος,

322 1704 447 1777 περὶ
478 1708 585 1757 τῶν
613 1704 704 1757 σὺν
756 1702 905 1774 αύτῷ
935 1703 1243 1778 γενομένων
1294 1701 1549 1773 ἀξιοθέων
1588 1698 1795 1772 ἀνδρῶν
1833 1702 1971 1778 ὑφη-

322 1797 495 1868 γεῖτο,
527 1785 606 1845 ἔτι
637 1795 727 1846 νῦν
761 1790 1078 1865 περιόντων.

934 1882 1193 1938 ΚΕΦΑΛ.
1234 1880 1373 1935 ΞΝ.

844 1970 975 2043 Περὶ
1007 1964 1147 2023 ἇϐϐἆ
1182 1967 1456 2023 Ἰωάννου.

393 2058 569 2129 Ἔστι,
614 2057 801 2134 φησὶν,
831 2057 887 2111 ἓν
936 2061 1005 2130 τῇ
1039 2056 1232 2128 ἐρήμῳ
1276 2056 1445 2128 ταύτῃ
1500 2051 1738 2127 ἀδελφὸς
1776 2053 1972 2127 ἡμέτε-

323 2168 417 2223 ρος
449 2146 729 2217 Ἰωάννης,
760 2143 939 2216 ἄλλης
988 2147 1084 2218 μὲν
1140 2144 1333 2199 λοιπὸν
1364 2142 1584 2212 ἡλικίας
1620 2144 1818 2203 πάντας
1876 2143 1969 2213 μὲν

320 2236 450 2296 τοὺς
506 2239 595 2289 νῦν
659 2233 939 2308 μοναχοὺς
992 2238 1113 2293 ταῖς
1173 2235 1386 2307 ἀρεταῖς
1466 2226 1855 2305 ὑπερϐάλλων.
1916 2230 1973 2283 ὃν

325 2321 508 2385 οὐδεὶς
536 2322 751 2397 ταχέως
783 2324 958 2396 εὑρεῖν
1008 2319 1253 2390 δύναται,
1284 2320 1375 2376 δια
1417 2320 1480 2375 τὸ
1511 2320 1590 2375 ἀεὶ
1639 2315 1973 2392 μεταϐαίνειν

325 2415 486 2470 αὐτὸν
514 2415 681 2469 τόπον
711 2411 771 2467 ἐκ
798 2412 970 2467 τόπου
1001 2413 1055 2467 ἐν
1083 2416 1153 2486 τῇ
1182 2412 1397 2487 ἐρήμῳ.
1431 2412 1603 2474 Οὗτος
1654 2412 1713 2465 τὸ
1754 2414 1969 2483 πρῶτον

326 2504 494 2565 ἐστὼς
539 2504 629 2556 ἐπὶ
684 2500 856 2575 τρισίν
909 2498 1078 2557 ἔτεσιν
1134 2503 1237 2557 ὑπὸ
1294 2500 1494 2574 πέτραν
1550 2501 1674 2554 τινὰ
1721 2502 1972 2567 πάντοτε,

326 2591 799 2665 προσευχόμενος,
844 2588 1111 2643 διετέλεσε
1145 2591 1221 2660 μὴ
1272 2590 1494 2649 καθίσας
1540 2587 1695 2653 ὅλος,
1746 2588 1820 2657 μὴ
1864 2608 1976 2640 κοι-

332 2678 547 2751 μηθεὶς,
581 2675 706 2731 ἀλλ’
740 2678 863 2730 ὅσον
916 2679 1083 2737 ἑστὼς
1112 2681 1209 2732 τοῦ
1258 2677 1426 2729 ὕπνου
1464 2676 1627 2747 μόνον
1668 2676 1973 2751 ἀφήρπαζε,

328 2770 399 2840 τῇ
446 2770 691 2839 Κυριακῇ
746 2766 911 2837 μόνον
961 2773 1062 2834 τῆς
1113 2764 1461 2838 εὐχαριστίας
1515 2758 1975 2836 μεταλαμϐάνων,

327 2860 426 2913 τοῦ
484 2850 856 2930 πρεσϐυτέρου
932 2852 1080 2927 αὒτῷ
1156 2854 1547 2933 ἂποφέροντος,
1605 2852 1746 2908 ἄλλο
1823 2852 1974 2909 οὐδὲν

331 2945 580 3021 διῃτᾶτο.
615 2944 715 3001 Καὶ
747 2940 815 3013 δὴ
850 2949 979 3018 μιᾶς
1010 2949 1120 3000 τῶν
1150 2947 1376 3018 ἡμερῶν
1412 2943 1976 3018 μετασχηματισάμε-

328 3056 419 3098 νος
449 3034 639 3090 ἑαυτὸν
672 3035 700 3089 ὁ
734 3039 977 3097 Σατανᾶς
1025 3034 1101 3097 εἰς
1132 3035 1225 3089 τὸν
1278 3028 1643 3107 πρεσϐύτερον
1691 3032 1978 3111 ταχυτέρω

330 3126 465 3200 πρὸς
524 3122 686 3180 αὑτὸν
733 3122 936 3197 ἄπεισι,
988 3121 1461 3195 προσποιούμενος
1512 3122 1665 3194 αύτῷ
1711 3123 1809 3189 τὴν
1866 3142 1975 3176 κοι-

329 3213 523 3267 νωνίαν
582 3208 904 3270 ἐπιδιδόναι.
957 3211 1244 3286 Ἐπιγνοὺς
1302 3208 1358 3265 δὲ
1416 3210 1573 3265 αὐτὸν
1626 3212 1654 3263 6
1708 3211 1976 3282 μακάριος

334 3302 588 3371 Ἰωάννης
622 3303 738 3356 εἶπε
767 3302 903 3375 πρὸς
935 3300 1119 3367 αὐτὸν,
1143 3303 1209 3354 Ὠ
1239 3300 1437 3360 παντὸς
1472 3297 1643 3353 δόλου
1674 3299 1763 3354 καὶ
1796 3300 1975 3367 πάσης

333 3387 686 3461 ῥᾳδιουργίας
747 3389 937 3461 πάτερ,
996 3388 1159 3463 ἐχθρὶ
1236 3389 1415 3457 πάσης
1493 3386 1857 3458 δικαιοσύνης,
1912 3391 1975 3442 ού

332 3474 490 3530 παύει
547 3476 764 3529 ἀπατῶν
817 3478 911 3535 τὰς
982 3481 1088 3528 τῶν
1152 3481 1491 3547 Χριστιανῶν
1574 3477 1772 3549 ψυχὰς,
1834 3474 1977 3529 ἀλλὰ

331 3561 547 3633 τολμᾷς
594 3562 685 3615 καὶ
724 3560 911 3622 αὐτοῖς
962 3558 1219 3630 ἐπιϐῆναι
1266 3568 1382 3621 τοῖς
1432 3562 1725 3636 ἀχράντοις
1767 3585 1981 3635 μυστη-

336 3650 515 3725 ρίοις;
549 3651 605 3704 Ὀ
657 3646 715 3703 δὲ
744 3650 880 3723 πρὸς
929 3650 1090 3704 αὐτὸν
1144 3649 1470 3723 ἀπεκρίνατο
1505 3669 1517 3681 ·
1577 3652 1727 3723 Παρὰ
1785 3652 1979 3725 μικρὸν

338 3735 603 3812 ἐκέρδησα
650 3738 711 3793 ἄν
754 3759 812 3794 σε
840 3735 1188 3796 καταλαϐών.
1231 3738 1385 3794 οὕτω
1434 3741 1535 3815 γὰρ
1583 3739 1669 3794 καί
1718 3761 1835 3794 τινα
1870 3744 1976 3795 τῶν

340 3832 447 3884 σῶν
512 3826 762 3905 ἀδελφῶν
818 3828 1197 3900 ἀπεπλάνησα,
1258 3830 1345 3884 καὶ
1403 3829 1636 3907 ἔκφρονα
1687 3831 1977 3906 γενόμενον

338 3917 416 3981 εἷς
449 3918 641 3989 μανίαν
676 3917 973 3996 ἐπήγαγον.
1007 3919 1165 3993 Ὑπὲρ
1197 3920 1259 3973 οῦ
1308 3916 1511 3974 πολλοὶ
1545 3916 1745 3974 δίκαιοι
1792 3917 1983 3974 πολλὰ

335 4007 762 4083 προσευξάμενοι
825 4007 988 4080 μόλις
1044 4006 1270 4081 ἷ¹σχυσαν
1342 4007 1507 4062 αὐτὸν
1585 4007 1660 4069 εἷς
1717 4006 1978 4085 φρόνησιν

337 4097 583 4171 ἀγαγεῖν.
635 4096 734 4150 Καὶ
807 4100 976 4150 ταῦτα
1033 4093 1201 4149 εἰπὼν
1280 4096 1308 4149 6
1368 4092 1579 4167 δαίμων
1656 4094 1747 4149 ἀπ’
1817 4094 1981 4150 αὐτοῦ

336 4182 661 4258 ἀπηλλάγη.

409 4272 815 4347 Διαῤῥαγέντων
847 4269 905 4327 δέ
952 4272 1118 4327 αὐτοῦ
1146 4272 1251 4327 τῶν
1301 4268 1487 4327 ποδῶν
1532 4270 1592 4325 ἐκ
1636 4278 1733 4340 τῆς
1786 4271 1985 4340 ἀκινη-

337 4358 454 4420 σίας
475 4363 573 4414 τοῦ
602 4358 819 4415 πολλοῦ
852 4360 1079 4435 χρόνου,
1110 4362 1200 4416 καὶ
1228 4365 1333 4415 τῶν
1371 4361 1593 4435 ἰχώρών
1629 4358 1983 4437 προερχομέ-

335 4469 466 4516 νων,
529 4447 750 4510 ἐπιστὰς
811 4447 1045 4525 ἅγγελος
1096 4448 1277 4524 ἥψατο
1333 4454 1430 4503 τοῦ
1489 4448 1781 4521 στόματος,
1838 4449 1983 4520 αύτῷ

1844 306 2220 373 PALLADII

2012 439 2069 507 Α
2100 436 2495 513 μοναστηρίων,
2529 440 2615 494 ὅτι
2660 437 2803 499 τινὲς
2835 437 3010 493 αὐτῶν
3054 434 3154 491 ούκ
3201 437 3369 509 ὀρθὴν
3416 432 3604 513 ἔχουσι
3639 460 3743 493 πο-

2004 1798 2052 1863 Β

3586 306 3741 366 1164

2090 526 2293 584 λιτείαν
2328 548 2341 562 ⁵
2392 529 2482 583 καὶ
2534 526 2729 604 γράφει
2776 531 2936 581 πᾶσιν
2985 524 3285 594 ἐπιστολὴν
3337 524 3427 580 διὰ
3467 532 3565 583 τοῦ
3609 549 3747 603 πρε-

2088 615 2374 692 σϐυτέρου,
2424 617 2510 672 ὅτι
2543 617 2595 671 οἱ
2648 618 2743 689 μέν
2787 636 2927 677 τινες
2978 613 3336 689 ῥᾳθυμοῦσιν,
3369 616 3421 669 οἱ
3472 614 3527 670 δὲ
3578 616 3751 672 σπεύ-

2088 705 2241 760 δουσι
2315 706 2451 778 πρὸς
2528 705 2748 778 ἀρετήν.
2810 703 2909 757 Καὶ
2984 703 3174 777 εὑρέθη
3253 702 3488 772 ἀλήθεια
3562 704 3745 765 οὕτως

2086 791 2312 869 ἔχουσα.
2372 793 2571 867 Γράφει
2622 790 2681 846 δὲ
2726 792 2816 845 καὶ
2862 795 2979 852 τοῖς
3031 780 3321 863 Πατράσιν,
3370 790 3454 845 ὅτι
3502 795 3641 853 τινὶς
3690 793 3742 863 ἐξ

2087 885 2263 940 αὐτῶν
2297 882 2629 958 ὀλιγωροῦσι
2682 882 2809 954 περί
2839 887 2939 949 τῆς
2987 886 3095 934 τῶν
3128 878 3381 957 ἀδελφῶν
3415 882 3691 956 σωτηρίας
3726 903 3740 915 ·

2086 971 2251 1028 ἄλλοι
2306 970 2362 1026 δὲ
2418 974 2615 1034 ἱκανῶς
2671 975 3043 1045 παρακακοῦσι
3102 990 3113 1002 ·
3165 971 3255 1023 καὶ
3313 970 3577 1045 ἑκατέρων
3640 972 3740 1033 τὰς

2084 1062 2248 1135 τιμὰς
2295 1062 2383 1117 καὶ
2433 1062 2527 1121 τὰς
2576 1058 2828 1119 κολάσεις
2876 1058 3232 1134 ἀπήγγειλεν.
3286 1060 3386 1114 Καὶ
3435 1058 3598 1114 πάλιν
3644 1060 3746 1116 ἅλ-

2086 1151 2219 1213 λους
2268 1152 2405 1225 πρὸς
2458 1151 2558 1219 τὴν
2611 1148 2948 1222 τελειοτέραν
3008 1149 3331 1204 κατάστασιν
3386 1149 3740 1222 προσκαλού-

2090 1263 2270 1315 μενος,
2331 1240 2760 1312 ὑπεμίμνησκεν,
2820 1239 2925 1293 ἀπὸ
2983 1241 3090 1293 τῶν
3150 1239 3426 1309 αἰσθητῶν
3484 1240 3559 1300 εἰς
3629 1242 3733 1308 τήν

2081 1332 2267 1400 νόησιν
2314 1330 2617 1403 ἀναχωρεῖν
2685 1328 2880 1402 Καιρὸς
2926 1326 3026 1402 γὰρ
3076 1326 3271 1381 λοιπὸν
3320 1331 3418 1396 τὴν
3466 1329 3735 1399 τοιαύτην

2082 1418 2405 1488 ἐνδείξασθαι
2465 1417 2769 1473 πολιτείαν.
2829 1418 2902 1471 Οὐ
2970 1417 3069 1491 γὰρ
3146 1413 3358 1483 παῖδες,
3422 1417 3577 1492 φησὶ,
3639 1419 3736 1471 καὶ

2080 1512 2267 1578 νήπιοι
2297 1510 2389 1562 τὸν
2435 1508 2609 1561 πάντα
2657 1507 2851 1582 χρόνον
2904 1504 3199 1578 ὀφείλομεν
3252 1503 3549 1578 διαμένειν,
3598 1506 3739 1561 ἀλλ’

2080 1595 2189 1667 ἤδη
2239 1602 2355 1657 τοῖς
2403 1594 2760 1669 τελειοτέροις
2823 1589 3119 1649 ἐπιϐαίνειν
3168 1598 3433 1667 νοήμασι,
3488 1598 3579 1650 καὶ
3628 1605 3735 1665 τῆς

2080 1684 2326 1760 ἀνδρείας
2403 1684 2705 1764 ἐφάψασθαι
2782 1685 2872 1738 καὶ
2951 1688 3066 1744 ταῖς
3149 1685 3427 1761 μεγίσταις
3506 1685 3737 1759 ἀρεταῖς

2081 1770 2362 1839 ἐπιϐῆναι.
2394 1778 2570 1828 Ταῦτα
2617 1772 2708 1828 καὶ
2752 1774 2957 1828 τούτων
3004 1771 3226 1827 πλείονα
3280 1774 3307 1825 ὁ
3364 1775 3555 1846 Πατὴρ
3603 1776 3741 1847 περί

2085 1861 2181 1920 τοῦ
2222 1861 2413 1939 ἀνδρὸς
2462 1862 2706 1937 διηγεῖτο
2738 1881 2753 1895 ⁸
2804 1865 2937 1938 ἅπερ
2971 1860 3040 1916 δι’
3092 1858 3404 1935 ὑπερϐολὴν
3454 1863 3743 1935 θαύματος

2084 1950 2292 2009 ἅπαντα
2322 1953 2419 2007 οὐκ
2449 1951 2758 2027 ἐγράψαμεν
2792 1969 2805 1981 ·
2841 1950 2944 2025 οὐχ
2976 1951 3057 2005 ὅτι
3091 1951 3189 2005 οὐκ
3228 1952 3292 2018 ἦν
3344 1950 3557 2020 ἀληθῆ,
3584 1950 3743 2005 ἀλλὰ

2085 2041 2173 2097 διὰ
2200 2045 2297 2113 τήν
2347 2061 2509 2096 τινων
2557 2041 2828 2098 ἀπιστίαν.
2854 2041 3045 2112 Ἡμεῖς
3100 2037 3155 2093 δὲ
3185 2040 3385 2101 ἱκανῶς
3437 2038 3744 2113 πεπληρο-

2084 2133 2372 2211 φορήμεθα
2396 2129 2621 2184 πολλῶν
2654 2130 2742 2183 καὶ
2778 2127 3033 2203 μεγάλων
3063 2129 3127 2183 τὰ
3163 2128 3298 2183 αὑτὰ
3326 2130 3461 2202 ἡμῖν
3498 2126 3743 2202 διηγου-

2087 2222 2285 2295 μένων,
2316 2221 2405 2275 καὶ
2436 2221 2623 2281 αὑταῖς
2654 2219 2837 2292 ὄψεσιν
2868 2218 3211 2294 ἑωρακότων.

2687 2315 2941 2364 ΚΕΦΑΛ.
2985 2311 3117 2364 ΞΒ’.

2663 2398 2675 2415 ς
2731 2393 2786 2419 ’ρ
2833 2403 2856 2412 υ
3163 2397 3173 2415 r

2548 2405 2679 2471 Περι
2718 2394 2862 2451 αοϐα
2900 2403 3261 2473 Παφνουτιου.

2157 2488 2521 2560 Ἐθεασάμεθα
2566 2484 2622 2540 δέ
2669 2488 2757 2541 καὶ
2804 2483 2983 2561 ἕτερον
3025 2489 3191 2541 τόπον
3246 2488 3581 2565 Παφνουτίου
3625 2489 3734 2542 τοῦ

2084 2580 2470 2653 ἂναχωρητοῦ,
2513 2573 2708 2650 ἀνδρὸς
2757 2574 3001 2649 μεγάλου
3050 2576 3141 2630 καὶ
3194 2575 3443 2651 ἐναρέτου
3481 2596 3493 2608 ·
3543 2578 3606 2638 ’ὀς
3671 2578 3736 2632 ού

2085 2669 2190 2741 πρὸ
2214 2665 2428 2720 πολλοῦ
2476 2685 2622 2726 τινος
2654 2666 2857 2740 χρόνου
2906 2664 3201 2734 ἐτελειώθη
3236 2664 3289 2719 ἐν
3331 2670 3399 2738 τῇ
3432 2667 3729 2741 περιχώρῳ

2084 2755 2400 2829 Ἡρακλέως
2446 2760 2547 2823 τῆς
2603 2750 2921 2825 Θηϐάϊδοςο
2982 2755 3106 2827 περὶ
3165 2755 3224 2808 οὗ
3282 2754 3487 2810 πολλοὶ
3549 2754 3734 2809 πολλὰ

2087 2843 2446 2921 διηγήσαντο.

2692 2936 2949 2989 ΚΕΦΑΛ.
2991 2936 3120 2987 EI“.

2640 3023 2770 3096 Περὶ
2802 3019 3141 3095 σαλπιγκτοῦ
3152 3064 3162 3077 .

2159 3113 2327 3174 Οὗτος
2359 3112 2494 3185 μετὰ
2538 3109 2755 3179 πολλὴν
2803 3108 3026 3181 ἄσκησιν
3076 3108 3249 3166 δέεται
3298 3117 3395 3167 τοῦ
3446 3118 3581 3168 Θεοῦ
3624 3114 3733 3168 τίνι

2084 3206 2191 3257 τῶν
2224 3202 2685 3276 κατορθωσάντων
2714 3200 2886 3277 ἁγίων
2933 3202 3035 3274 ἄρα
3067 3200 3151 3270 εἴη
3206 3200 3426 3273 ὅμοιος.
3459 3203 3732 3279 Ἀγγελος

2087 3290 2144 3347 δέ
2176 3295 2357 3370 ὀφθεὶς
2409 3291 2549 3345 εἶπεν
2597 3291 2781 3362 αὐτῷ·
2833 3294 3064 3362 Ὅμοιος
3114 3293 3162 3345 εἴ
3194 3291 3336 3364 τῷδέ
3383 3298 3461 3365 τῷ
3510 3293 3732 3368 αὑλητῇ

2084 3386 2162 3453 τῷ
2205 3380 2257 3436 ἐν
2310 3378 2437 3453 τῇδε
2478 3384 2546 3453 τῇ
2596 3379 2755 3433 πόλει
2806 3379 3068 3454 διάγοντι.
3100 3381 3156 3435 '0
3202 3379 3259 3435 δὲ
3308 3382 3444 3453 μετᾶ
3484 3382 3733 3451 σπουδῆς

2088 3474 2335 3547 ὁρμήσας
2367 3473 2502 3546 πρὸς
2553 3470 2734 3539 αὑτὸν,
2788 3470 3012 3525 ἐπύθετο
3044 3477 3169 3543 παρ’
3219 3471 3383 3527 αὑτοῦ
3414 3475 3515 3543 τήν
3562 3474 3733 3529 αὑτοῦ

2086 3560 2361 3630 πολιτίαν,
2411 3561 2496 3613 καὶ
2546 3559 2640 3620 τὰς
2687 3558 2901 3630 πράξεις
2962 3559 3125 3614 αὑτοῦ
3185 3558 3515 3634 διερευνᾶτο.
3565 3564 3621 3615 Ὀ
3676 3559 3735 3617 δὲ

2089 3648 2223 3723 φησὶ
2274 3650 2408 3715 πρὸς
2463 3648 2641 3717 αὐτὸν,
2692 3647 2823 3722 ὅπερ
2873 3648 2961 3702 καὶ
3008 3650 3073 3716 ἦν
3121 3648 3347 3718 ἀληθὲς,
3404 3650 3737 3724 ἁμαρτωλὸν

2090 3737 2274 3792 ἑαυτὸν
2307 3736 2439 3791 εἶναι
2468 3738 2558 3791 καὶ
2594 3737 2846 3809 μέθυσον,
2880 3736 2970 3789 καὶ
3010 3740 3236 3811 πόρνον,
3270 3738 3332 3792 οὐ
3378 3741 3483 3813 πρὸ
3514 3738 3737 3794 πολλοῦ

2088 3846 2232 3888 τινος
2264 3826 2466 3903 χρόνου
2494 3823 2553 3879 ἐκ
2577 3832 2673 3894 τῆς
2708 3823 3013 3900 λῃστρικῆς
3046 3825 3120 3887 εἷς
3146 3831 3308 3881 τοῦτο
3344 3823 3735 3899 μεταϐληθείς.

2088 3916 2177 3977 Ὠς
2224 3913 2280 3969 δέ
2319 3910 2638 3988 ἠκριϐεύετο
2689 3915 2815 3985 παρ’
2869 3915 3055 3983 αὐτοῦ,
3099 3914 3149 3969 τί
3199 3920 3307 3969 τῶν
3357 3918 3541 3973 καλῶν
3589 3918 3739 3989 αὐτῷ

2089 4004 2417 4079 κατώρθωτο
2467 4004 2709 4072 πώποτε,
2742 3999 2907 4079 ἔφησε
2956 4005 3090 4078 πρὸς
3138 4003 3296 4059 αὐτὸν
3344 4004 3515 4078 μηδὲν
3555 4003 3738 4081 ἕτερον

2091 4094 2264 4166 ἑαυτῷ
2312 4089 2477 4146 καλὸν
2532 4090 2847 4161 συνειδέναι,
2895 4091 3041 4161 πλὴν
3093 4090 3177 4146 ὅτι
3225 4095 3359 4147 ποτὲ
3396 4092 3447 4147 ἐν
3501 4100 3579 4167 τῷ
3630 4094 3736 4169 λῃ-

2092 4185 2295 4253 στρικῷ
2322 4183 2477 4251 τόπῳ
2528 4182 2789 4254 ὑπάρχων
2840 4181 3103 4255 παρθένον
3137 4183 3371 4251 Χριστοῦ
3425 4182 3737 4257 μέλλουσαν

2093 4271 2195 4325 ὑπὸ
2244 4267 2460 4343 λῃστῶν
2509 4266 2890 4345 διαφθαρῆναι,
2924 4268 3164 4342 ἐξείλατο
3213 4273 3426 4341 νυκτὸς,
3459 4274 3547 4327 καὶ
3598 4273 3736 4348 ἄχρι

2089 4367 2189 4429 τῆς
2219 4360 2413 4431 κώμης
2444 4358 2895 4429 ἀποκατέστησεν.
2923 4358 3169 4415 ’Άλλοτε
3202 4358 3256 4416 δὲ
3290 4359 3451 4415 πάλιν
3501 4368 3728 4435 γυναῖκα

2093 4446 2363 4524 εὔμορφον
2423 4449 2593 4521 εὑρῶν
2671 4447 3036 4520 πλανωμένην
3115 4451 3246 4504 κατὰ
3322 4451 3415 4515 τὴν
3483 4443 3718 4519 ἔρημον,

337 4536 540 4613 λέγων,
574 4542 631 4593 '0
684 4538 883 4613 Κύριος
929 4537 1075 4593 ἔσται
1128 4559 1213 4592 σοι
1254 4538 1466 4607 ἀληθὴς
1521 4540 1745 4613 βρῶσις,
1778 4538 1869 4593 καὶ
1914 4538 1978 4593 τὸ
2009 4545 2059 4608 D
2089 4534 2507 4613 φυγαδευθεῖσαν
2560 4536 2662 4590 ὑπὸ
2702 4541 2807 4589 τῶν
2858 4538 3135 4606 ταξεωτῶν
3181 4540 3270 4591 τοῦ
3319 4532 3585 4609 ἄρχοντος
3624 4534 3715 4587 καί

335 4631 553 4699 Πνεῦμα
598 4628 660 4681 τὸ
707 4628 861 4704 ἅγιον
913 4626 1112 4698 ἀληθὲς
1161 4628 1331 4700 πόμα.
1370 4626 1467 4681 Καὶ
1516 4627 1671 4701 ἀρκεῖ
1716 4648 1798 4680 σοι
1843 4625 1977 4688 τέως

337 4719 372 4784 ἡ
404 4718 741 4789 πνευματική
765 4718 923 4779 πόσις
957 4717 1047 4772 καὶ
1077 4718 1278 4791 τροφὴ,
1302 4714 1387 4770 ἵνα
1415 4718 1490 4789 μὴ
1523 4716 1786 4782 πλησθεὶς
1808 4715 1983 4787 ἐξεμέ-

336 4829 436 4880 σῃς
470 4826 484 4839 ·
538 4807 627 4861 καὶ
686 4809 1015 4881 θεραπεύσας
1064 4808 1219 4862 αὑτὸν
1272 4807 1597 4879 μετέστησεν
1646 4808 1703 4861 ἐκ
1749 4811 1848 4861 τοῦ
1895 4806 1983 4859 τό-

336 4917 464 4952 που.
515 4901 679 4963 Διῆγε
722 4894 779 4950 δὲ
825 4899 962 4952 κατὰ
1016 4898 1114 4966 τὴν
1167 4895 1375 4969 ἔρημον
1432 4895 1624 4949 λοιπὸν
1684 4896 1978 4971 περιάγων,

336 4981 428 5037 καὶ
478 4981 668 5037 ἐσθίων
723 4984 971 5057 βοτάνας.
1025 4988 1101 5059 Τῇ
1153 4989 1395 5058 Κυριακῇ
1447 4982 1503 5039 δὲ
1554 4984 1627 5046 εἰς
1678 4986 1766 5039 τὸν
1819 4984 1978 5037 αὑτὸν

335 5073 503 5127 τόπον
578 5070 867 5143 ηὑρίσκετο
949 5081 1051 5142 τῆς
1124 5076 1434 5141 κοινωνίας,

336 5159 471 5220 Βαία
520 5157 577 5214 δὶ
630 5159 794 5235 ὀλίγα
842 5161 987 5235 παρὰ
1033 5166 1129 5215 τοῦ
1175 5160 1540 5238 πρεσϐυτέρου
1590 5164 1979 5234 αἰτησάμενος,

337 5251 510 5321 ζώνας
538 5254 658 5311 τοῖς
693 5248 853 5318 ζώοις
886 5250 1187 5326 εἷ’ργάζετο.
1222 5253 1592 5323 Βουληθέντος
1626 5250 1684 5305 δέ
1728 5250 1981 5306 ἀπελθεῖν

332 5340 470 5415 πρὸς
521 5339 684 5394 αὐτὸν
734 5336 929 5413 χωλοῦ
976 5358 1121 5402 τινος
1178 5342 1462 5414 θεραπείας
1508 5338 1682 5409 ἕνεκα,
1731 5340 1821 5395 καὶ
1864 5340 1983 5395 ἐπι-

336 5426 532 5489 ϐάντος
568 5428 728 5502 μόνον
761 5432 841 5499 τῷ
884 5425 1011 5500 ὄνῳ,
1044 5428 1119 5488 ὼς
1153 5429 1204 5481 οἱ
1253 5427 1416 5491 πόδες
1463 5431 1629 5485 αὐτοῦ
1685 5432 1849 5502 μόνον
1880 5434 1980 5495 τῇς

339 5518 513 5585 ζώνης
541 5515 747 5589 ἥψαντο
778 5524 877 5587 τῆς
908 5518 1056 5594 παρὰ
1084 5521 1181 5572 τοῦ
1228 5519 1386 5591 ἁγίου
1420 5516 1608 5594 ἀνδρὸς
1658 5516 1979 5593 γενομένης,

334 5612 681 5681 παραχρῆμα
760 5607 1089 5681 ἐσεραπεύθη
1144 5624 1157 5638 ⁸
1235 5605 1440 5662 ἄλλοτε
1527 5608 1781 5681 εὐλογίας
1863 5614 1980 5669 τοῖς

333 5692 638 5771 ἀῤῥώστοις
684 5695 987 5767 ἀπέστειλε,
1038 5696 1129 5751 καὶ
1178 5695 1583 5771 ἀπηλλάγησαν
1637 5696 1833 5770 εὖρέως
1882 5704 1979 5766 τῆς

334 5785 521 5844 νόσου.
592 5782 1065 5844 Ἀποκαλύπτεται
1120 5783 1179 5843 δέ
1249 5786 1399 5859 αὐτῷ
1454 5786 1577 5860 περὶ
1651 5788 1758 5840 τῶν
1819 5783 1983 5842 αὐτοῦ

1520 5068 1976 5146 μεταλαμϐάνων.

2089 4630 2213 4681 τῶν’
2252 4626 2559 4699 βουλευτῶν
2608 4622 2696 4679 διὰ
2753 4627 2915 4701 χρέος
2975 4623 3237 4699 δημόσιον
3305 4620 3575 4696 ἀνδρικὸν,
3626 4623 3719 4676 καὶ

2091 4712 2508 4789 ἆποδυρομένην
2539 4716 2636 4782 την
2667 4713 2902 4784 πλάνην,
2952 4714 3232 4787 ἐπυθόμην
3264 4714 3388 4789 παρ’
3435 4711 3603 4780 αὐτῆς
3632 4717 3732 4766 τοῦ

2094 4802 2338 4879 ὀδυρμοῦ
2381 4807 2479 4873 τὴν
2525 4804 2720 4862 αἰτίαν.
2755 4808 2819 4859 Ἡ
2869 4800 2926 4857 δὲ
2957 4804 3077 4858 εἶπε
3114 4823 3125 4835 ⁸
3180 4800 3363 4873 Μηδέν
3421 4823 3486 4875 με
3535 4801 3733 4876 ἐρώτα,

2093 4891 2345 4960 δέσποτα,
2397 4892 2537 4966 μηδέ
2586 4893 2791 4963 ἐξέταζε
2832 4894 2931 4961 τὴν
2980 4893 3201 4961 ἀθλίαν,
3261 4890 3388 4947 ἀλλ’
3447 4892 3521 4953 ὡς
3580 4893 3738 4964 θερα-

2092 4980 2313 5039 παινίδα
2344 4985 2463 5051 σὴν,
2498 4984 2633 5037 ὅπου
2687 4982 2898 5059 βούλει,
2945 4981 3214 5059 ἀπάγαγε.
3249 4986 3353 5036 Τοῦ
3406 4982 3507 5056 γὰρ
3542 4978 3743 5054 ἀνδρός

2096 5096 2199 5146 μου
2246 5072 2517 5135 πολλάκις
2574 5076 2961 5151 μαστιχθέντος
3012 5073 3099 5128 ἐπὶ
3151 5072 3299 5143 διετῆ
3357 5074 3559 5147 χρόνον
3607 5073 3743 5146 ὑπὲρ

2093 5162 2291 5237 χρέους
2350 5161 2617 5236 δημοσίου
2667 5165 2939 5239 χρυσίνων
2986 5163 3337 5239 τριακοσίων,
3382 5163 3469 5215 καὶ
3530 5161 3583 5215 ἐν
3644 5183 3751 5239 φυ-

2093 5252 2235 5326 λακῇ
2287 5252 2702 5328 κατειργμένου,
2735 5255 2822 5306 καὶ
2874 5257 2979 5307 τῶν
3033 5250 3312 5324 φιλτάτων
3368 5272 3473 5322 μου
3531 5248 3750 5305 παίδων

2091 5348 2258 5413 τριῶν
2312 5338 2730 5415 διαπραθέντων,
2781 5341 2890 5415 ἐγὼ
2936 5342 3105 5419 φυγὰς
3158 5339 3420 5418 οἷ’χομαι,
3469 5339 3638 5393 τόπον
3690 5338 3754 5393 ἐκ

2089 5432 2260 5485 τόπου
2304 5433 2729 5505 περιερχομένη.
2780 5434 2890 5487 Νῦν
2946 5428 3001 5485 δέ
3045 5431 3132 5485 καὶ
3185 5431 3323 5484 κατὰ
3376 5430 3477 5496 τὴν
3535 5427 3752 5501 ἔρημον

2091 5517 2410 5593 πλανῶμαι,
2463 5519 2734 5584 πολλάκις
2782 5520 3087 5591 εὑρεθεῖσα,
3122 5520 3210 5573 καὶ
3264 5523 3509 5591 συνεχῶς
3555 5539 3759 5589 μαστι-

2089 5612 2324 5683 γωθεῖσα
2358 5630 2368 5643 ’
2417 5609 2505 5664 καὶ
2555 5609 2742 5683 τρίτην
2774 5609 2890 5685 ἔχω
2940 5608 2991 5664 ἐν
3044 5615 3113 5683 τῇ
3165 5607 3361 5683 ἐρήμῳ
3412 5604 3602 5667 ἄσιτος
3636 5604 3765 5659 δια-

2094 5699 2337 5771 μείνασα.
2386 5701 2523 5772 Ἐγὼ
2556 5697 2612 5753 δέ
2658 5696 2887 5769 ἐλεήσας
2937 5698 3125 5769 αὐτὴν,
3175 5696 3265 5751 καὶ
3316 5696 3617 5769 ἀπαγαγὼν
3673 5695 3755 5756 εἰς

2086 5788 2149 5842 τὸ
2180 5786 2475 5862 σπήλαιον,
2497 5784 2622 5849 δούς
2651 5808 2708 5842 τε
2735 5788 2873 5861 αὐτῇ
2904 5788 3033 5850 τοὺς
3064 5805 3411 5861 τριακοσιους
3446 5784 3759 5859 χρυσίνους
