4074 6278
255 413 409 471 1165

902 551 1130 606 CAPUT
1184 552 1300 605 LX.

701 645 820 696 Vita
852 643 1064 697 abbatis
1095 644 1315 714 Appetle
1342 646 1514 715 (105).

320 733 590 787 Vidimus
622 735 815 788 autem
842 731 1021 788 alium
1057 749 1287 804 quoque
1318 735 1719 805 presbyterum
1746 735 1802 790 in
1831 753 1954 806 par-

246 824 402 878 tibus
425 822 740 894 superioris
756 821 1026 893 regionis,
1046 822 1341 892 Appellem
1360 824 1594 878 nomine
1615 823 1806 895 (Ruﬂ.,
1831 826 1868 878 Ι.
1893 843 1950 894 ii,

242 929 362 983 cap.
411 913 517 980 15),
569 912 757 965 virum
783 911 1038 980 justum,
1083 911 1182 980 qui
1233 911 1462 965 fabricae
1505 912 1717 966 aerariae
1769 918 1950 968 artem

243 1004 502 1074 primum
541 1001 829 1066 tractavit,
880 1005 936 1055 et
981 1001 1188 1056 exinde
1217 1017 1530 1058 conversus
1559 1006 1644 1056 est
1675 1004 1742 1057 ad
1787 1020 1951 1058 eaer-

241 1093 598 1147 citationem.
625 1094 676 1147 Is
698 1107 828 1145 eum
855 1091 925 1144 ad
959 1107 1091 1145 eum
1112 1091 1367 1146 venisset
1391 1092 1657 1147 diabolus
1684 1093 1741 1147 in
1767 1094 1950 1162 ﬁgura

242 1183 533 1248 muliebri,
578 1199 692 1252 quo
726 1187 984 1252 tempore
1017 1181 1090 1236 ad
1125 1199 1296 1236 usum
1332 1183 1753 1239 monachorum
1786 1201 1941 1254 quae-

238 1275 374 1328 dam
402 1273 693 1328 tractabat
723 1272 983 1340 fabrilia;
1027 1274 1212 1328 ferrea
1246 1273 1462 1328 lamina
1494 1289 1561 1327 ex
1594 1275 1724 1344 igne
1763 1279 1944 1345 rapta,

234 1363 414 1434 idque
440 1380 615 1417 manu
640 1363 1341 1433 propterfestinationem,
1366 1368 1551 1418 totum
1569 1365 1695 1433 ejus
1717 1365 1943 1420 vultum

231 1461 291 1508 et
321 1469 529 1524 corpus
572 1453 912 1517 combussit,
945 1469 1190 1524 eamque
1219 1455 1530 1508 audierunt
1564 1455 1769 1509 fratres
1802 1455 1941 1509 ulu-

233 1542 452 1598 lantem
488 1543 546 1598 in
579 1543 743 1600 cella.
777 1545 864 1599 Ab
895 1560 958 1599 eo
991 1549 1254 1615 tempore
1276 1545 1363 1599 vir
1385 1544 1482 1599 ille
1510 1561 1738 1615 semper
1762 1563 1938 1600 manu

231 1633 468 1688 tenebat
499 1633 711 1688 ferrum
740 1633 1012 1704 ignitum,
1069 1651 1172 1689 nec
1203 1634 1539 1689 lisdebatnr.
1577 1638 1628 1689 Is
1666 1650 1799 1690 cum
1834 1653 1941 1691 nos

226 1724 478 1794 benigne
509 1729 564 1780 et
613 1724 949 1779 humaniter
1003 1725 1341 1796 accepisset,
1377 1725 1632 1780 narravit
1674 1725 1839 1781 nobis
1871 1726 1940 1780 de

225 1814 370 1869 viris
404 1813 697 1884 prieclaris
750 1819 806 1868 et
837 1816 950 1869 Deo
983 1815 1178 1885 dignis
1210 1815 1310 1884 qui
1337 1831 1469 1870 cum
1501 1831 1567 1869 eo
1602 1815 1855 1883 fuerant,
1881 1820 1939 1870 et

223 1907 394 1958 erant
424 1903 616 1958 adhuc
646 1904 1014 1973 superstites.

869 1992 1102 2048 CAPUT
1144 1992 1288 2048 LXI.

659 2082 786 2138 Vita
820 2082 1048 2137 alterius
1077 2084 1302 2138 Joannis
1335 2082 1503 2153 (106).

301 2170 419 2236 Est,
453 2169 665 2241 inquit,
690 2169 751 2224 in
778 2169 886 2225 hac
919 2168 1233 2224 solitudine
1255 2170 1429 2224 frater
1456 2174 1675 2237 noster,
1709 2169 1931 2225 nomine

217 2263 478 2314 Joannes
530 2260 727 2330 (Ra/1.,
780 2260 818 2314 t.
872 2276 935 2326 ιι,
977 2275 1024 2313 c.
1070 2261 1178 2329 15),
1229 2259 1471 2314 alterius
1530 2259 1764 2330 quidem
1809 2260 1928 2329 jam

214 2348 432 2416 aetatis,
464 2363 670 2402 omnes
703 2351 899 2402 autem
924 2349 1240 2403 monachos
1264 2365 1547 2418 superans
1570 2349 1884 2403 virtutibus
1912 2366 1924 2403 :

213 2455 394 2508 quem
429 2453 599 2493 nemo
632 2440 820 2508 potest
850 2436 964 2492 cito
996 2437 1273 2505 invenire,
1311 2440 1463 2507 quod
1489 2454 1719 2506 semper
1749 2438 1808 2492 in
1842 2454 1928 2492 so-

213 2529 572 2583 litudinibus
603 2528 794 2583 locum
829 2527 954 2584 loco
1007 2532 1349 2584 commutet.
1385 2531 1439 2583 Is
1470 2529 1728 2599 primum
1761 2533 1927 2582 stans

214 2625 342 2674 tres
376 2635 561 2674 annos
611 2620 722 2674 sub
774 2620 1030 2689 quadam
1065 2635 1226 2688 rupe,
1273 2636 1447 2674 orans
1482 2621 1777 2689 perpetuo,
1813 2634 1926 2672 non

211 2709 431 2764 sedens
464 2708 722 2778 omnino,
758 2725 873 2763 non
907 2708 1226 2774 dormiens,
1262 2708 1375 2762 nisi
1414 2711 1699 2777 quantum
1734 2708 1924 2761 somni

213 2803 390 2854 stans
422 2799 842 2868 snlfnrabatnr,
877 2803 933 2853 et
962 2797 1263 2854 Dominica
1313 2798 1502 2853 solum
1545 2815 1780 2853 sumens
1812 2798 1924 2852 Eu-

210 2888 583 2954 charistiam,
609 2888 883 2943 afferente
922 2889 970 2943 ei
996 2888 1353 2960 presbytero,
1379 2887 1524 2942 nihil
1559 2887 1712 2942 aliud
1737 2904 1923 2944 come-

209 2979 406 3035 debat.
441 2979 626 3047 Atque
649 2979 787 3034 adeo
814 2995 945 3032 cum
979 2979 1231 3049 quodam
1259 2978 1351 3033 die
1383 2994 1442 3032 se
1467 2978 1710 3032 Satanas
1739 2981 1919 3031 trans-

214 3071 530 3139 ﬁgurasset
580 3066 636 3119 in
671 3068 1092 3136 presbyterum,
1148 3067 1216 3120 ad
1251 3082 1383 3120 eum
1417 3067 1614 3120 abibat
1653 3065 1921 3137 celerius,

209 3174 332 3230 prae
375 3173 436 3212 se
485 3158 670 3211 ferens
711 3172 770 3210 se
820 3156 870 3209 ei
918 3155 1062 3210 velle
1106 3156 1240 3210 dare
1285 3155 1727 3211 Eueharistiam.
1778 3157 1919 3210 Cum

211 3264 352 3303 eum
396 3254 592 3302 autem
641 3244 972 3316 agnovisset
1010 3246 1216 3299 beatus
1263 3244 1541 3307 Joannes,
1576 3244 1722 3298 dixit
1753 3245 1840 3298 ei:
1875 3244 1918 3299 Ο

205 3336 408 3394 omnis
439 3335 659 3390 fraudis
692 3339 747 3390 et
778 3334 1012 3389 malitiae
1046 3339 1226 3404 pater,
1263 3334 1496 3389 inimice
1529 3333 1720 3388 omnis
1746 3335 1923 3403 justi-

205 3427 330 3492 tim,
362 3442 475 3481 non
500 3425 756 3482 cessabis
776 3425 1042 3496 decipere
1064 3425 1290 3479 animas
1309 3423 1798 3491 Christianorum,
1822 3425 1918 3478 sed

204 3516 395 3572 audes
423 3516 640 3571 sanctis
691 3516 979 3571 insultare
1011 3513 1400 3570 Sacramentis
1421 3514 1447 3568 ‘?
1477 3513 1532 3569 Is
1569 3521 1756 3569 autem
1807 3513 1920 3584 ipsi

204 3605 508 3675 respondit
544 3622 556 3658 :
611 3606 816 3660 Parum
864 3604 1044 3659 abfuit
1077 3604 1219 3675 quin
1269 3609 1325 3658 te
1357 3603 1650 3673 dejectnm
1691 3602 1922 3657 lucrife-

204 3694 421 3759 cerim;
461 3710 596 3749 nam
630 3695 711 3749 sic
736 3710 967 3764 quoque
993 3693 1196 3748 seduxi
1223 3693 1540 3764 quemdam
1573 3708 1639 3746 ex
1672 3692 1787 3746 tuis
1811 3691 1920 3744 fra-

199 3785 420 3852 tribus,
451 3788 510 3839 et
549 3788 744 3840 mente
786 3789 1009 3840 motum
1063 3783 1274 3840 deduxi
1326 3784 1397 3838 ad
1447 3782 1761 3838 insaniam.
1817 3787 1918 3836 Pro

204 3891 327 3945 quo
351 3892 482 3929 cum
511 3875 846 3945 multijusti
871 3877 1121 3930 multum
1146 3877 1466 3944 rogassent,
1493 3874 1583 3928 vix
1607 3875 1920 3943 potuerunt

201 3964 436 4019 efﬁcere
462 3968 526 4018 ut
556 3973 709 4020 esset
740 3981 893 4019 sanm
928 3965 1165 4019 mentis.
1200 3964 1448 4034 Haecque
1481 3979 1616 4018 cum
1650 3961 1917 4017 dixisset.

201 4055 459 4117 daemon,
493 4053 563 4107 ab
595 4069 659 4108 eo
693 4054 954 4109 recessit.

277 4144 421 4198 Cum
454 4147 649 4198 autem
677 4147 872 4198 essent
900 4141 1151 4213 disrupti
1201 4142 1329 4211 ejus
1363 4141 1539 4212 pedes
1571 4156 1639 4195 ex
1668 4155 1734 4195 eo
1767 4139 1917 4210 quod

201 4238 373 4289 tanto
419 4237 677 4302 tempore
728 4231 994 4288 stetisset
1022 4231 1365 4295 immobilis,
1399 4235 1457 4286 et
1486 4230 1669 4286 exiret
1698 4230 1914 4297 sanies,

200 4321 522 4378 adveniens
555 4322 819 4391 angelus,
847 4322 1042 4392 tetigit
1064 4322 1191 4391 ejus
1224 4337 1460 4392 corpus,
1487 4320 1686 4375 dicens
1712 4336 1724 4373 :
1761 4317 1919 4375 Chri-

201 4416 339 4467 stus
379 4412 491 4466 erit
525 4411 626 4466 tibi
659 4428 829 4467 verus
859 4411 1046 4478 cibus,
1093 4415 1150 4465 et
1183 4414 1417 4465 sanctus
1449 4409 1700 4479 Spiritus
1746 4425 1916 4463 verus

201 4509 399 4572 polus,
435 4501 671 4556 interim
705 4505 901 4555 autem
924 4500 1031 4555 tibi
1063 4499 1283 4556 sufﬁcit
1317 4498 1578 4568 spiritale
1601 4497 1915 4552 nutrimen-

202 4599 353 4658 tum,
388 4606 458 4645 ne
492 4589 745 4659 repletus
778 4607 1030 4646 evomas.
1078 4590 1148 4643 Et
1178 4605 1312 4643 cum
1354 4604 1485 4643 eum
1517 4589 1795 4651 curasset,
1828 4585 1916 4639 di-

1601 415 1974 477 HISTORIA
2020 412 2430 477 LAUSIACA.

1985 557 2039 622 Α
2071 553 2301 625 quidem
2337 555 2467 604 sunt
2489 547 2602 601 otio
2628 544 2826 610 dediti,
2854 543 2910 598 hi
2936 558 3066 597 vero
3091 538 3452 595 contendunt
3472 537 3540 590 ad
3584 535 3766 589 virtu-

3615 397 3770 458 1166

2071 654 2208 710 tem,
2237 646 2291 697 et
2322 642 2553 695 inventa
2583 640 2671 692 est
2703 635 2786 691 sic
2816 650 2876 689 se
2907 632 3114 687 habere
3157 629 3392 685 veritas.
3425 625 3631 683 Scribit
3664 642 3768 680 au-

2065 737 2184 787 tem
2219 732 2291 785 ad
2332 744 2527 784 eorum
2577 739 2804 796 quoque
2839 725 3057 787 Patres,
3090 720 3240 789 quod
3273 717 3514 788 quidam
3563 732 3630 770 ex
3675 714 3766 767 his

2066 826 2205 878 sunt
2235 822 2305 876 de
2354 820 2595 874 fratrum
2647 814 2831 870 salute
2861 811 3060 866 minus
3091 808 3337 874 solliciti,
3373 806 3471 861 alii
3503 821 3633 861 vero
3666 820 3763 859 eos

2065 919 2350 985 quantum
2401 907 2544 964 satis
2595 909 2685 960 est
2729 904 3054 964 hortantur,
3087 897 3567 966 annuntiavitque
3617 903 3764 950 ntro-

2062 984 2310 1071 rinmque
2341 999 2590 1054 honores
2620 998 2676 1049 et
2699 990 3002 1063 supplicia.
3033 989 3100 1042 Et
3127 1003 3332 1040 rursus
3355 984 3497 1040 alios
3530 999 3763 1055 quoque

2061 1105 2382 1162 provocans
2415 1087 2484 1142 ad
2539 1088 2755 1140 statum
2789 1078 3211 1149 perfectiorem,
3263 1074 3609 1129 admonebat
3637 1076 3703 1162 ut
3730 1088 3761 1123 a

2060 1161 2373 1237 sensilibus
2434 1193 2497 1232 se
2554 1172 2940 1230 transferrent
2991 1169 3062 1222 ad
3115 1182 3181 1220 ea
3255 1179 3377 1234 quae
3434 1161 3760 1232 percipiun-

2058 1275 2152 1324 tur
2186 1265 2588 1337 intelligentia.
2631 1267 2884 1330 Tempus
2914 1261 3000 1313 est
3032 1255 3211 1319 enim,
3243 1252 3455 1322 inquit,
3491 1251 3758 1318 deinceps

2057 1360 2169 1415 tale
2200 1358 2327 1412 vitis
2370 1355 2674 1410 ostendere
2713 1349 3073 1404 institutum.
3107 1349 3231 1397 Non
3263 1342 3545 1395 debemus
3577 1338 3756 1405 enim,

2056 1447 2266 1518 inquit,
2314 1444 2472 1500 omni
2523 1448 2785 1511 tempore
2833 1449 3172 1508 permanere
3203 1430 3363 1501 pueri
3398 1437 3450 1483 et
3481 1428 3756 1509 infantes,

2054 1540 2146 1595 sed
2174 1538 2291 1606 jam
2326 1552 2431 1590 nos
2485 1528 2924 1604 perfectioribus
2955 1523 3247 1595 applicare
3280 1518 3751 1591 cogitationibus,

2053 1632 2107 1686 et
2147 1627 2336 1696 magni
2368 1629 2424 1679 et
2461 1622 2668 1678 excelsi
2710 1618 2886 1673 animi
2924 1616 3197 1670 virtutem
3232 1612 3535 1680 attingere,
3567 1611 3622 1660 et
3647 1623 3752 1661 ca:-

2049 1722 2199 1773 teras
2220 1714 2508 1770 maximas
2532 1711 2776 1764 virtutes
2800 1706 3054 1778 aggredi.
3081 1703 3208 1758 Haec
3240 1705 3295 1755 et
3316 1698 3616 1768 complura
3638 1696 3754 1751 alia

2051 1807 2217 1863 nobis
2249 1809 2418 1859 Pater
2460 1804 2530 1856 de
2583 1804 2752 1856 Patre
2802 1796 3088 1862 narrabat,
3120 1809 3245 1863 quae
3279 1790 3539 1861 quidem,
3573 1803 3749 1858 prop—

2046 1902 2208 1953 terea
2258 1894 2410 1966 quod
2461 1892 2740 1946 excedant
2771 1885 3036 1942 miraculi
3084 1883 3347 1947 modum,
3395 1878 3592 1935 omnia
3636 1893 3747 1933 non

2045 1985 2426 2056 scripsimus;
2460 1997 2573 2036 non
2608 1979 2758 2050 quod
2791 1993 2903 2031 non
2935 1977 3050 2030 sint
3079 1988 3233 2038 vera,
3271 1971 3366 2025 sed
3401 1973 3632 2056 prepter
3665 1966 3750 2019 in-

2045 2055 2449 2134 credulitatem
2482 2072 2826 2141 aliquorum.
2867 2071 2977 2121 Nos
2998 2067 3196 2119 autem
3229 2060 3373 2115 satis
3407 2058 3475 2112 de
3506 2055 3598 2110 his
3630 2071 3750 2109 cer-

2041 2167 2218 2223 tiores
2244 2164 2380 2222 facti
2412 2177 2638 2221 sumus,
2672 2173 2806 2214 eum
2840 2155 3011 2210 multi
3042 2157 3099 2208 et
3127 2148 3326 2220 magni
3348 2146 3455 2202 viri
3485 2161 3552 2200 ea
3582 2144 3747 2200 nobis

2043 2253 2430 2320 narraverint,
2465 2251 2564 2322 qni
2596 2249 2718 2305 suis
2748 2246 3018 2301 viderunt
3050 2242 3257 2298 oculis.

2663 2337 2890 2393 CAPUT
2942 2335 3115 2390 LXII.

2467 2433 2539 2486 De
2569 2430 2764 2485 abbate
2801 2422 3110 2496 Paphnutio
3142 2420 3315 2492 (108).

2108 2523 2377 2578 Vidimus
2412 2525 2604 2576 autem
2658 2518 2851 2574 locum
2885 2528 3113 2585 quoque
3141 2505 3456 2579 Paphnutii
3486 2502 3743 2558 anacho—

2036 2620 2191 2678 retis,
2212 2611 2318 2665 viri
2340 2609 2533 2681 magni
2569 2615 2621 2662 et
2646 2606 2850 2660 virtute
2873 2601 3122 2674 praediti,
3145 2599 3242 2669 qui
3272 2593 3430 2650 haud
3455 2593 3535 2647 ita
3560 2590 3739 2644 multo

2035 2701 2245 2756 abhinc
2278 2704 2537 2769 tempore
2562 2699 3003 2752 consummatus
3035 2693 3124 2744 est
3155 2689 3210 2741 in
3247 2684 3478 2754 regione
3499 2697 3626 2752 quae
3652 2683 3741 2733 est

2035 2791 2186 2846 circa
2208 2788 2572 2845 Heracleotes
2599 2783 2941 2848 Thebaidis;
2976 2782 3043 2834 de
3061 2793 3176 2850 quo
3209 2773 3376 2829 multi
3405 2770 3587 2826 multa
3606 2785 3738 2824 nar-

2034 2888 2236 2936 rarunt
2268 2879 2458 2949 (Hum,
2490 2877 2585 2933 lib.
2621 2893 2684 2941 ii,
2717 2891 2832 2944 cap.
2869 2874 2976 2940 16).

2658 2965 2880 3020 CAPUT
2922 2960 3116 3016 LXIII.

2703 3058 2776 3109 De
2817 3052 3065 3106 Tibicina.

2100 3156 2156 3208 Is
2187 3153 2339 3207 enim
2374 3155 2499 3220 post
2526 3145 2765 3203 multam
2797 3138 3264 3196 exercitationem
3297 3133 3473 3189 Deum
3509 3125 3736 3197 rogavit

2035 3247 2099 3298 ut
2128 3242 2179 3297 ei
2211 3239 2634 3312 signiﬁcaretur
2657 3234 2891 3289 cuinam
2924 3245 2989 3284 ex
3024 3228 3095 3281 iis
3127 3223 3341 3280 sanctis
3373 3220 3558 3312 quise
3581 3223 3734 3312 recte

2034 3309 2509 3405 gesseruntesset
2541 3323 2752 3381 similis
2784 3319 2976 3392 (Ra/7.,
3012 3318 3047 3371 ι.
3083 3331 3144 3382 ιι,
3177 3330 3295 3405 cap,
3475 3309 3729 3405 Angelus

2030 3398 2220 3478 autem
2246 3433 2530 3491 apparens
2563 3416 2612 3472 ei
2635 3414 2778 3468 dixit
2813 3428 2825 3465 ε
2860 3413 2930 3464 Es
2954 3405 3160 3462 similis
3191 3401 3417 3460 tibicini
3441 3399 3543 3491 qui
3572 3398 3734 3468 degit

2028 3512 2084 3567 in
2123 3512 2221 3565 hac
2249 3489 2498 3565 civitate.
2545 3508 2599 3561 Is
2629 3508 2822 3560 autem
2857 3498 3112 3554 studiose
3143 3495 3215 3550 ad
3246 3509 3380 3549 eum
3415 3489 3730 3562 profectus,

2027 3603 2154 3671 ejus
2187 3599 2311 3653 vitae
2361 3596 2698 3652 institutum
2753 3591 2824 3646 ab
2856 3605 2921 3643 eo
2953 3594 3030 3643 est
3067 3584 3416 3644 sciscitatus,
3445 3575 3734 3671 et-omnia

2026 3665 2153 3762 ejus
2183 3690 2312 3745 vita:
2345 3689 2495 3744 facta
2526 3690 2614 3741 est
2647 3683 3060 3754 perserutatus.
3097 3678 3153 3732 Is
3185 3677 3378 3729 autem
3410 3669 3461 3726 ei
3494 3665 3730 3766 disit'id

2028 3760 2177 3852 quod
2209 3780 2380 3836 etiam
2407 3780 2531 3832 erat
2555 3788 2776 3837 verum,
2809 3785 2869 3823 se
2897 3782 3024 3823 esse
3048 3767 3428 3834 peccatorem,
3460 3762 3516 3812 et
3545 3760 3729 3852 ebrio-

2027 3844 2178 3937 sum,
2229 3874 2284 3924 et
2332 3869 2739 3926 scortatorem;
2774 3858 2931 3912 haud
2973 3855 3053 3908 ita
3085 3853 3256 3922 longo
3288 3854 3480 3904 autem
3513 3844 3726 3937 abhinc

2026 3935 2305 4032 tempore,
2337 3972 2398 4011 se
2431 3957 2651 4009 ex’arte
2683 3944 3066 4004 latrocinandi
3101 3958 3166 3997 eo
3197 3937 3537 3996 eontnlisee.
3587 3935 3728 3987 Cum

2026 4027 2219 4106 autem
2250 4051 2516 4102 accurate
2535 4040 2963 4096 examinaretur
2989 4031 3270 4104 quidnam
3297 4042 3554 4097 unquam
3579 4027 3732 4079 recte

2024 4141 2096 4196 ab
2128 4155 2193 4193 eo
2228 4141 2454 4208 gestum
2487 4135 2660 4200 esset,
2702 4127 2847 4182 dixit
2870 4142 2931 4181 se
2964 4121 3180 4179 nullius
3213 4119 3294 4175 rei
3327 4119 3584 4174 honestae
3615 4113 3731 4208 sibi

2023 4249 2144 4288 esse
2177 4205 2497 4296 co—nscinm,
2536 4223 2648 4279 nisi
2682 4221 2835 4292 quod
2868 4233 2998 4273 cum
3028 4213 3342 4285 aliquando
3375 4207 3618 4265 latronis
3648 4205 3730 4260 vi-

2023 4327 2141 4378 tam
2176 4321 2394 4390 ageret,
2425 4313 2641 4373 Christi
2673 4309 2982 4381 virginem,
3031 4305 3125 4360 cui
3174 4306 3296 4358 erat
3342 4318 3375 4356 a
3404 4297 3729 4390 latronibus

2021 4389 2237 4466 vitium“
2273 4405 2654 4466 afferendum,
2705 4395 3056 4465 liberaverit,
3099 4397 3156 4449 et
3187 4396 3357 4448 noctu
3411 4390 3482 4445 ad
3531 4389 3725 4442 vicum

2021 4517 2208 4573 usque
2251 4497 2561 4554 reduxerit.
2600 4495 2826 4548 Rursus
2873 4493 3086 4555 autem,
3137 4485 3347 4557 inquit,
3382 4479 3727 4573 inveni-ali-

2025 4570 2258 4664 quando
2290 4590 2601 4645 formosam
2635 4582 2938 4638 mulierem
2981 4583 3268 4635 errantem
3299 4576 3359 4629 in
3388 4570 3723 4664 solitudine,

201 4678 388 4732 movit
415 4695 447 4732 a
473 4678 618 4733 loco.
645 4678 925 4749 Deinceps
941 4682 1136 4732 autem
1153 4677 1322 4732 vitam
1351 4677 1464 4745 egit
1490 4676 1548 4729 in
1580 4673 1916 4740 solitudine,
1951 4661 1994 4724 Ι)
2028 4659 2288 4753 fugatam
2349 4679 2418 4732 ab
2469 4674 2893 4747 apparitoribus
2925 4678 2976 4726 et
3025 4659 3636 4753 curialihnsipraesidis
3669 4661 3726 4710 et

199 4767 581 4834 circumiens,
616 4773 674 4821 et
707 4768 902 4822 herbis
934 4785 1172 4822 vescens
1208 4784 1220 4821 :
1259 4766 1559 4823 Dominica
1596 4771 1788 4821 autem
1831 4767 1914 4819 in-

199 4876 306 4914 ven
319 4857 542 4910 iebatnr
557 4857 616 4911 in
630 4858 833 4912 eodem
847 4856 972 4912 loco
986 4873 1226 4912 sumens
1239 4858 1738 4912 Communionem.
1770 4861 1910 4910 Cum

199 4962 423 5020 paucos
472 4949 668 4999 autem
723 4945 928 5016 palmae
976 4962 1168 5000 ramos
1217 4945 1457 5016 petisset
1489 4963 1522 5000 a
1551 4947 1909 5016 presbytero,

197 5036 491 5092 efﬁciebat
535 5034 772 5106 cingula
814 5036 1187 5092 animalibus.
1238 5036 1383 5091 Cum
1416 5053 1548 5091 vero
1578 5035 1746 5091 vellet
1779 5035 1911 5105 qui-

197 5129 334 5181 dam
359 5125 608 5180 claudus
639 5125 712 5179 ad
743 5141 877 5180 eum
899 5126 1101 5181 venire
1137 5131 1199 5180 ut
1229 5130 1555 5192 curaretur,
1588 5131 1644 5180 et
1674 5125 1906 5180 asinum

197 5215 568 5272 solummodo
602 5215 1010 5282 inscendisset,
1047 5215 1144 5269 ubi
1178 5215 1430 5285 primum
1463 5216 1591 5284 ejus
1623 5215 1800 5282 pedes
1832 5220 1907 5270 te-

194 5307 382 5375 tigere
429 5303 733 5374 cingulum
784 5305 938 5375 quod
983 5304 1170 5358 fuerat
1209 5323 1241 5358 a
1271 5315 1471 5358 sancto
1502 5305 1622 5357 viro
1669 5306 1905 5370 factum,

197 5395 307 5448 fuit
341 5391 493 5448 illico
526 5397 787 5449 curatus.
820 5393 974 5447 Alias
1007 5398 1202 5448 autem
1225 5393 1456 5463 aegrotis
1480 5391 1745 5446 mittebat
1773 5393 1904 5448 enlo

195 5484 322 5553 glas
356 5483 525 5551 (107),
568 5491 620 5536 et
651 5499 682 5536 a
714 5482 934 5536 morbis
966 5482 1366 5536 liberabantur
1399 5483 1685 5552 protinus.
1730 5482 1903 5536 Porro

195 5576 392 5626 autem
418 5569 779 5625 revelabalur
807 5573 875 5626 de
899 5573 1025 5641 ejus
1065 5571 1448 5633 monasteriis,
1474 5569 1631 5640 quod
1663 5571 1901 5640 quidam

194 5679 264 5716 ex
300 5661 373 5714 iis
396 5659 491 5728 qui
519 5660 734 5714 suntin
761 5661 926 5730 ipsis,
949 5660 1125 5715 vitam
1161 5677 1276 5715 non
1309 5664 1456 5714 recte
1489 5660 1821 5727 instituunt,
1850 5672 1901 5716 et

195 5767 296 5824 per
321 5749 721 5820 presbyterum
739 5752 807 5806 ad
831 5756 1071 5806 cunctos
1091 5749 1601 5819 scribitepistolas,
1622 5751 1776 5820 quod
1809 5751 1900 5806 illi

2024 4751 2381 4838 senatorum,
2416 4770 2650 4838 propter
2682 4762 2980 4834 publicum
3012 4757 3208 4812 mariti
3241 4752 3521 4814 debitum,
3556 4751 3611 4802 et
3641 4762 3726 4799 er-

2023 4877 2211 4916 rorem
2245 4876 2417 4915 suum
2451 4859 2792 4924 deﬂentem,
2815 4850 3150 4907 Sciscitatus
3182 4859 3310 4901 sum
3333 4844 3527 4897 autem
3559 4852 3629 4892 ex
3658 4851 3724 4890 ea

2021 4966 2262 5005 causam
2287 4949 2476 5004 ﬂetus.
2508 4947 2609 5002 llla
2627 4949 2820 5000 autem
2845 4941 2992 4996 dixit
3014 4942 3124 4994 :Ne
3149 4951 3240 4990 me
3261 4948 3448 5004 roges,
3465 4928 3719 4993 domine,

2021 5056 2123 5095 nec
2159 5040 2436 5094 miseram
2469 5036 2802 5102 examines;
2827 5031 2930 5088 sed
2955 5037 3228 5099 tanquam
3258 5020 3526 5079 ancillam
3559 5022 3720 5074 tuam

2019 5129 2278 5186 abducas
2309 5145 2421 5198 quo
2457 5128 2613 5182 velis.
2649 5126 2796 5180 Nam
2829 5138 2960 5178 cum
3001 5118 3245 5174 maritus
3278 5119 3534 5185 tempore
3567 5109 3720 5164 bien-

2019 5219 2099 5274 nii
2147 5219 2218 5273 ob
2264 5219 2527 5274 debitum
2588 5216 2921 5288 publicum-
2962 5212 3351 5266 trecentorum
3408 5212 3716 5256 aureorum

2018 5326 2168 5380 Βεθρο
2201 5310 2369 5364 fuerit
2387 5308 2739 5380 flagellatus,
2772 5309 2828 5359 et
2860 5304 2919 5358 in
2943 5315 3171 5357 carcere
3201 5296 3484 5359 inclusus,
3517 5293 3574 5380 et
3607 5295 3717 5380 tres

2018 5377 2161 5454 mihi
2200 5377 2544 5467 charissimi
2564 5397 2668 5452 ﬁlii
2699 5394 2917 5452 venditi
2961 5393 3193 5457 fuerint,
3253 5401 3356 5456 ego
3389 5378 3593 5436 recedo
3626 5377 3715 5429 fn-

2014 5491 2210 5560 gitiva,
2237 5489 2424 5545 locum
2448 5491 2568 5545 loco
2592 5490 2954 5545 commutans
2979 5502 2990 5538 :
3017 5496 3172 5538 nunc
3205 5480 3395 5530 autem
3430 5469 3602 5523 etiam
3617 5481 3711 5560 er-

2013 5595 2148 5633 rans
2181 5597 2282 5651 per
2321 5581 2718 5646 solitudinem,
2763 5593 2915 5649 saepe
2955 5573 3208 5632 inventa,
3237 5569 3293 5619 θῑ
3337 5560 3571 5617 “Sidae
3609 5557 3713 5610 θλ·

2011 5667 2398 5739 gellata,ijam
2436 5679 2548 5727 tres
2578 5672 2702 5726 dies
2750 5663 3044 5740 permensi
3069 5654 3349 5732 jejunain
3380 5651 3708 5709 solitudine.

2009 5757 2128 5827 E80
2169 5767 2362 5815 autem
2394 5763 2522 5832 ejus
2553 5779 2688 5820 sum
2722 5762 3015 5828 misertus,
3048 5753 3241 5824 inquit
3268 5753 3447 5819 latro;
3491 5754 3548 5806 et
3577 5763 3709 5804 cum
