4074 6278
259 377 417 438 1167

1837 369 2203 435 PALLADII

3629 368 3792 427 1168

260 525 389 567 eam
421 505 792 565 deduxissem
823 504 884 559 in
916 502 1276 575 speluncam,
1301 503 1434 558 dedi
1467 503 1519 559 ei
1543 506 1824 560 trecentos
1856 521 1960 560 au-
1991 507 2046 573 Α
2074 507 2177 563 viri
2211 507 2448 564 virtutes
2478 502 2758 560 audiisset
2793 499 3175 571 Paphnutius,
3208 499 3335 569 ejus
3368 502 3539 569 caput
3562 500 3792 554 oscula-

259 616 405 665 reos,
438 602 494 655 et
524 596 735 654 deduxi
767 611 894 651 eam
927 609 1112 665 usque
1145 593 1217 648 ad
1250 592 1565 662 civitatem,
1600 598 1657 649 et
1686 595 1815 664 ejus
1845 610 1968 651 ma-

253 691 440 746 ritum
473 686 713 743 liberavi
761 701 894 741 cum
940 683 1162 751 liberis,
1197 687 1344 738 citra
1373 683 1558 738 ullum
1593 683 1870 754 probrum
1916 688 1974 739 et

263 776 700 834 contumeliam.
723 773 823 830 Cui
841 772 1136 843 respondit
1165 771 1527 843 Paphnutius
1553 787 1566 826 :
1590 772 1707 843 Ego
1731 772 1970 842 quidem

262 865 485 923 nullius
516 863 597 920 rei
627 861 760 919 talis
795 861 938 916 mihi
970 877 1104 916 sum
1134 861 1426 928 conscius,
1459 861 1518 914 in
1572 859 1973 915 exercitatione

263 961 460 1012 autem
487 952 726 1011 omnino
758 951 996 1008 audiisti
1038 965 1130 1006 me
1163 965 1289 1007 esse
1314 950 1634 1019 celebrem;
1671 967 1784 1006 non
1819 950 1969 1005 enim

260 1048 437 1104 vitam
465 1045 693 1102 traduxi
726 1045 786 1100 in
811 1045 948 1099 otio.
982 1043 1122 1098 Mihi
1146 1058 1286 1113 ergo
1310 1045 1464 1098 Deus
1496 1044 1566 1097 de
1593 1047 1649 1098 te
1681 1041 1972 1109 revelavit,

264 1142 320 1193 te
360 1135 534 1192 rebus
593 1134 776 1206 gestis
829 1132 1010 1188 nihilo
1044 1149 1138 1187 me
1187 1148 1315 1188 esse
1342 1133 1697 1200 inferiorem;
1730 1132 1778 1186 si
1818 1147 1973 1200 ergo,

264 1244 296 1282 ο
329 1226 520 1292 frater,
573 1241 688 1280 non
740 1240 917 1295 parva
947 1241 978 1278 a
1028 1222 1253 1278 Deitate
1284 1221 1367 1277 tui
1417 1222 1668 1277 habetur
1708 1221 1874 1287 ratio,
1904 1235 1974 1275 ne

261 1319 425 1371 tuam
448 1314 706 1370 animam
732 1320 946 1369 temere
963 1311 1308 1382 neglexeris.
1335 1312 1388 1367 Is
1414 1316 1612 1367 autem
1629 1310 1824 1365 statim
1841 1326 1978 1380 pro-

259 1405 433 1476 jectis
455 1419 602 1475 quos
634 1403 841 1457 habuit
871 1403 929 1456 in
965 1401 1240 1457 manibus
1271 1400 1453 1470 tibiis,
1479 1405 1536 1456 et
1566 1400 1702 1472 lyre
1737 1400 1972 1455 musica:

264 1493 576 1550 harmonia
597 1493 655 1546 in
676 1490 994 1562 spiritalem
1021 1492 1278 1545 traducta
1301 1490 1636 1556 melodiam,
1673 1491 1860 1544 virum
1889 1506 1977 1544 se-

268 1589 436 1637 cutus
465 1585 556 1636 est
593 1582 650 1635 in
701 1580 1018 1636 desertum.
1069 1580 1214 1634 Cum
1248 1584 1443 1636 autem
1477 1580 1667 1635 tribus
1705 1579 1876 1634 annis
1915 1596 1978 1635 se

271 1688 373 1744 pro
402 1671 624 1726 viribus
675 1669 1050 1737 exercuisset,
1085 1673 1142 1725 et
1173 1670 1231 1725 in
1261 1669 1492 1742 hymnis
1523 1673 1578 1725 et
1610 1669 1976 1726 orationibus

269 1762 395 1818 vita
427 1777 546 1818 suis
578 1765 809 1832 tempus
835 1760 1171 1831 peregisset,
1197 1761 1254 1815 in
1282 1760 1492 1816 coelum
1527 1761 1634 1816 iter
1663 1760 1895 1827 direxit,
1920 1762 1976 1815 et

2078 601 2173 653 tus
2215 601 2324 665 est,
2377 597 2619 650 dicens:
2653 591 2961 649 benedicat
2990 593 3046 645 te
3075 589 3362 644 Dominus
3415 605 3482 642 ex
3524 589 3699 657 Sion;
3735 594 3795 644 et

2077 687 2274 742 videas
2296 686 2446 740 bona
2460 682 2784 738 Jerusalem
2806 679 3078 736 omnibus
3102 679 3304 734 diebus
3318 677 3447 732 vitae
3473 681 3584 733 ture
3611 681 3791 749 (Psal.

2078 776 2306 848 cxxvu).
2341 777 2401 831 In
2433 775 2505 829 iis
2554 774 2712 829 enim
2756 777 2810 826 te
2862 774 3016 826 recte
3045 768 3317 840 gessisti:
3357 785 3538 823 unum
3588 775 3793 825 autem

2079 867 2182 921 tibi
2217 869 2393 921 restat
2417 865 2565 934 quod
2597 867 2687 918 est
2717 861 3208 931 caputvirtutum,
3250 873 3460 929 nempe
3483 858 3582 914 Dei
3621 862 3792 916 omni

2082 972 2151 1012 ex
2177 963 2334 1027 parte
2367 954 2597 1025 sapiens
2629 951 2905 1021 cognitio,
2939 966 3114 1021 quam
3149 964 3263 1003 non
3296 949 3510 1018 poteris
3543 949 3671 1005 sine
3703 950 3794 1005 la-

2082 1048 2219 1102 bore
2252 1045 2553 1116 consequi,
2574 1043 2686 1098 nisi
2720 1058 2853 1099 cum
2874 1041 3121 1111 teipsum
3150 1056 3182 1094 a
3213 1039 3429 1094 mundo
3452 1039 3791 1111 abnegaris,

2083 1153 2310 1194 crucem
2346 1135 2617 1205 accipias,
2661 1137 2716 1189 et
2760 1131 3020 1204 sequaris
3050 1131 3433 1187 Servatorem.
3489 1131 3544 1186 Is
3585 1138 3791 1188 autem

2083 1228 2184 1283 ubi
2217 1228 2333 1283 haec
2355 1225 2563 1296 audiit,
2587 1223 2785 1280 statim
2809 1239 2914 1278 nec
2937 1222 3061 1278 suis
3093 1221 3329 1292 quidem
3363 1222 3548 1278 valere
3570 1223 3792 1292 jussis,

2085 1320 2276 1376 virum
2311 1321 2549 1374 secutus
2581 1319 2668 1371 est
2709 1314 2768 1369 in
2820 1317 3094 1370 montem.
3124 1313 3193 1368 Et
3221 1329 3355 1368 cum
3389 1312 3679 1368 venissent
3709 1315 3790 1369 ad

2083 1413 2344 1482 ﬂuvium,
2378 1409 2596 1480 scapha
2641 1424 2755 1464 non
2790 1407 3022 1462 inventa
3045 1405 3224 1476 jussit
3256 1405 3614 1476 Paphnutius
3647 1423 3791 1461 eum

2083 1507 2301 1560 ﬂumen
2335 1501 2602 1571 trajicere
2651 1498 2916 1570 pedibus,
2961 1496 3113 1567 quod
3147 1498 3382 1566 propter
3411 1495 3785 1551 altitudinem

2083 1609 2253 1651 nemo
2283 1590 2383 1645 illo
2429 1594 2687 1658 tempore
2737 1586 2983 1656 pedibus
3022 1585 3348 1654 trajecerat.
3395 1583 3539 1639 Cum
3587 1592 3790 1640 autem

2085 1681 2478 1746 transiissent,
2513 1682 2568 1733 et
2597 1678 2674 1733 eis
2708 1675 3061 1748 pervenisset
3087 1692 3235 1746 aqua
3267 1691 3452 1745 usque
3483 1675 3553 1729 ad
3586 1675 3796 1747 cingu-

2085 1774 2226 1843 lum,
2261 1769 2566 1826 constituit
2595 1783 2722 1824 eum
2751 1767 2811 1821 in
2843 1766 3096 1838 quodam
3139 1763 3287 1820 loco.
3323 1765 3466 1820 Cum
3498 1781 3556 1820 se
3585 1771 3791 1820 autem

273 1867 406 1909 cum
437 1851 630 1907 choris
659 1850 1001 1950 angelorum
1034 1853 1089 1906 et
1111 1851 1408 1919 justorum
1434 1849 1737 1906 ordinibus
1761 1864 1977 1906 connu-
2008 1888 2054 1953 B
2086 1868 2430 1936 separasset,
2463 1862 2645 1916 Deum
2679 1857 2901 1929 rogavit
2933 1861 2990 1911 ut
3013 1855 3300 1925 ejusmodi
3336 1855 3674 1910 hominibus
3707 1856 3797 1910 νί-

272 1945 550 2013 meratus,
578 1939 887 2013 requievit.

893 2029 1124 2085 CAPUT
1164 2029 1353 2085 LXIV.

880 2120 953 2176 De
989 2121 1370 2176 Protocomz'tc.

347 2213 455 2269 Ubi
495 2229 631 2285 ergo
664 2212 830 2268 illum
861 2211 961 2282 qui
993 2228 1052 2267 se
1084 2216 1422 2268 exercuerat
1454 2213 1788 2281 virtutibus,
1823 2213 1981 2284 prius

276 2303 348 2359 ad
380 2303 557 2358 Deum
600 2303 781 2372 misit,
817 2302 1023 2372 majori
1053 2309 1107 2357 et
1156 2303 1494 2359 accuratiori
1521 2304 1647 2359 vitae
1687 2304 1978 2372 instituto,

278 2409 454 2463 quam
504 2392 668 2462 prius
716 2396 891 2459 esset,
941 2391 1050 2446 sibi
1083 2390 1380 2463 imposito,
1412 2393 1631 2464 rogavit
1675 2393 1860 2448 Deum
1922 2400 1983 2447 ut

277 2481 389 2537 sibi
422 2482 850 2553 signiﬁcaretur
880 2482 1115 2537 cuinam
1147 2498 1215 2538 ex
1236 2483 1456 2538 sanctis
1487 2487 1636 2539 esset
1667 2483 1902 2549 similis,
1925 2486 1982 2537 et

280 2587 488 2626 rursus
517 2587 626 2625 vox
673 2571 865 2625 divina
891 2571 963 2625 ad
994 2587 1124 2625 eum
1176 2572 1328 2627 facta
1378 2576 1484 2640 est,
1519 2574 1755 2629 dicens:
1800 2577 1870 2626 Es
1901 2572 1982 2627 si-

276 2658 435 2714 milis
466 2659 637 2713 vicini
673 2659 803 2729 pagi
836 2659 1204 2730 protocomiti
1237 2661 1425 2730 (Ra/7.,
1460 2661 1496 2715 ι.
1531 2679 1592 2727 ιι,
1627 2678 1744 2732 cap.
1784 2663 1890 2731 16).
1929 2665 1981 2717 Is

277 2751 476 2805 autem
510 2747 580 2804 ad
611 2762 743 2802 eum
768 2748 910 2802 abiit
935 2748 1267 2816 celerrime;
1301 2756 1356 2803 et
1386 2765 1516 2804 cum
1540 2749 1666 2820 ipse
1688 2749 1982 2820 pulsasset

274 2836 516 2902 ostium,
539 2835 814 2906 processit
833 2834 952 2905 ille,
994 2839 1058 2890 ut
1079 2835 1129 2890 ei
1153 2851 1274 2891 mos
1297 2840 1440 2903 erat,
1482 2838 1552 2893 ad
1575 2838 1978 2910 accipiendum

273 2927 589 2999 hospitem.
625 2927 691 2982 Et
731 2941 863 2982 cum
885 2927 1061 2998 pedes
1081 2927 1209 2998 ejus
1232 2927 1480 2997 lavisset,
1511 2933 1567 2984 et
1597 2946 1857 2985 mensam
1890 2946 1978 3000 ap-

274 3019 590 3090 posuisset,
644 3017 907 3075 hortatus
956 3021 1042 3073 est
1082 3021 1149 3072 ut
1193 3025 1534 3075 vesceretur.
1597 3021 1738 3076 Cum
1790 3025 1978 3076 autem

277 3110 426 3166 facta
456 3110 583 3180 ejus
613 3108 1032 3178 sciscitaretur,
1084 3112 1140 3165 et
1171 3109 1222 3164 ei
1254 3109 1506 3166 diceret:
1538 3111 1717 3167 Narra
1750 3111 1913 3181 mihi,
1947 3130 1978 3168 ο

274 3200 472 3268 homo,
520 3200 855 3256 institutum
883 3199 1015 3256 vitae
1046 3206 1186 3269 tuae;
1242 3201 1442 3258 multis
1469 3201 1624 3258 enim
1659 3202 1976 3269 monachis,

2084 1955 2316 2010 daretur
2331 1949 2720 2024 praestantior.
2742 1947 2868 2005 Non
2892 1945 3074 2001 multo
3098 1945 3607 2017 auteminterjecto
3632 1951 3792 2002 tem-

2085 2060 2245 2115 pore,
2269 2042 2454 2098 viddit
2475 2039 2579 2094 vrri
2609 2038 2860 2093 animam
2885 2035 3103 2091 assumi
3124 2036 3193 2089 ab
3219 2035 3442 2106 angelis
3466 2037 3642 2090 Deum
3667 2036 3796 2090 lau-

2087 2134 2366 2190 dantibus
2401 2137 2457 2186 et
2499 2127 2857 2184 dicentibus:
2909 2127 3118 2180 Beatus
3150 2142 3322 2196 quem
3355 2126 3571 2191 elegisti
3604 2131 3662 2181 et
3693 2144 3797 2182 as-

2087 2221 2390 2294 sumpsisti
2427 2238 2440 2276 :
2486 2217 2776 2274 habitabit
2822 2217 2882 2270 in
2934 2216 3094 2270 atriis
3142 2216 3257 2270 tuis
3291 2215 3441 2285 (Psat
3488 2218 3665 2286 Lxrv).
3726 2217 3797 2270 Et

2088 2331 2290 2369 rursus
2342 2311 2518 2384 justis
2563 2307 3052 2380 respondentibus
3109 2310 3165 2361 et
3215 2305 3543 2362 dicentibus
3597 2321 3611 2360 :
3670 2310 3794 2361 Pax

2089 2403 2274 2459 multa
2292 2399 2664 2472 diligentibus
2688 2398 2870 2468 legem
2890 2404 3069 2458 tuam,
3103 2401 3155 2450 et
3183 2411 3296 2450 non
3317 2399 3403 2451 est
3428 2395 3507 2450 eis
3533 2395 3788 2451 scanda-

2089 2491 2208 2547 lum
2241 2491 2411 2560 (Psat.
2443 2486 2657 2558 cxvm).
2691 2486 2758 2542 Et
2794 2489 2930 2540 tunc
2962 2482 3230 2554 cognovit
3259 2483 3438 2538 virum
3469 2499 3594 2538 esse
3625 2498 3798 2537 mor-

2090 2585 2280 2637 tuum.

2718 2663 2946 2718 CAPUT
2990 2662 3080 2717 LX
3092 2663 3152 2717 V.

2659 2755 2727 2809 De
2758 2754 3048 2808 Mercatore
3071 2751 3220 2823 (109)

2160 2848 2300 2901 Cum
2342 2849 2538 2901 autem
2573 2845 2962 2914 perseveraret
2995 2841 3169 2895 abbas
3203 2840 3568 2911 Paphnutius
3601 2843 3789 2895 Deum

2092 2935 2351 2993 venerari
2379 2933 2666 3006 precibus,
2693 2930 3151 3002 etmultiplicare
3172 2929 3418 3000 jejunia,
3443 2947 3649 2985 rursus
3672 2947 3796 2985 ora-

2087 3027 2167 3082 vit
2197 3030 2260 3081 ut
2292 3025 2403 3080 sibi
2441 3023 2842 3079 ostenderetur
2892 3020 3122 3074 cuinam
3166 3023 3322 3074 esset
3351 3019 3557 3075 similis
3593 3019 3794 3092 (Ruf,

2092 3116 2132 3171 ι.
2165 3134 2227 3184 ιι,
2260 3133 2383 3186 cap.
2417 3114 2494 3186 6).
2547 3113 2698 3168 Dicit
2729 3112 2779 3167 ei
2813 3127 3019 3166 rursus
3050 3127 3155 3166 vox
3201 3109 3439 3166 divina:
3477 3110 3698 3166 Similis
3733 3127 3792 3165 es

2093 3206 2394 3262 mercatori
2419 3202 2697 3275 quaerenti
2721 3202 2899 3256 bonas
2922 3199 3290 3270 margaritas;
3317 3199 3416 3255 sed
3440 3215 3609 3271 surge
3635 3200 3798 3256 dein-

427 3255 471 3268 7.
600 3255 603 3256 7
955 3255 959 3256 7
1174 3255 1186 3269 .
1314 3255 1336 3257 77
1378 3255 1383 3256 7
1425 3255 1437 3258 τ
1478 3255 1538 3257 --
1573 3255 1624 3258 7s
2094 3255 2394 3262 ..η-η----
2740 3255 2782 3256 77
2884 3255 2889 3256 7
3048 3255 3081 3270 υ
3279 3255 3289 3266 ,
3541 3255 3573 3271 υ
3686 3255 3694 3256 7

276 3295 340 3345 ut
370 3290 512 3344 mihi
545 3291 698 3345 Deus
729 3292 1000 3358 ostendit,
1034 3291 1265 3346 evasisti
1297 3292 1580 3363 superior,
1616 3293 1714 3348 ille
1746 3293 1892 3349 dixit
1923 3310 1981 3349 se
2013 3255 2056 3322 C
2095 3311 2247 3366 ceps,
2291 3299 2346 3349 et
2392 3310 2462 3348 ne
2511 3295 2811 3357 cunctere;
2861 3288 2964 3344 tibi
2997 3287 3147 3344 enim
3181 3292 3446 3344 occurret
3492 3289 3580 3342 vir
3610 3289 3704 3345 cui
3735 3305 3798 3345 es

277 3397 402 3436 esse
433 3385 796 3450 peccatorem
827 3386 884 3437 et
912 3381 1219 3452 indignum
1273 3385 1508 3440 nomine
1536 3385 1980 3447 monachorum,

279 3471 421 3524 Cum
455 3475 647 3525 autem
680 3471 924 3526 instaret
956 3473 1302 3541 percontari,
1335 3473 1504 3529 homo
1538 3476 1856 3545 respondit,
1892 3477 1982 3531 di-

279 3573 453 3613 cens:
489 3557 612 3612 Non
667 3558 850 3612 habeo
883 3559 1122 3628 quidem
1156 3576 1389 3615 necesse
1421 3579 1656 3619 narrare
1702 3579 1768 3618 ea
1795 3581 1920 3635 quas
1953 3583 1985 3619 a

280 3664 374 3706 me
407 3648 559 3701 facta
589 3652 756 3713 sunt;
802 3648 902 3701 sed
935 3648 1214 3717 quoniam
1261 3649 1407 3704 dicis
1436 3653 1490 3705 te
1520 3667 1552 3705 a
1585 3652 1697 3707 Deo
1737 3654 1984 3722 venisse,

279 3753 407 3810 quae
438 3734 582 3790 mihi
607 3736 820 3791 adsunt
849 3736 1112 3794 referam.
1147 3737 1276 3793 Jam
1299 3738 1490 3810 agitur
1522 3740 1855 3812 trigesimus
1888 3761 1989 3799 an-

280 3845 412 3896 nus,
447 3841 516 3882 ex
545 3843 660 3898 quo
694 3841 784 3882 me
825 3844 857 3882 a
905 3843 1036 3882 mea
1068 3843 1238 3884 uxore
1294 3830 1577 3900 separavi,
1631 3847 1765 3888 cum
1797 3834 1986 3890 tribus

282 3918 455 3974 annis
488 3916 679 3972 solum
734 3930 865 3971 cum
923 3932 990 3971 ea
1022 3917 1358 3975 habuissem
1391 3922 1898 3991 consuetudinem,
1933 3927 1989 3979 et

280 4014 400 4065 tres
432 4025 499 4064 ex
521 4025 587 4064 ea
614 4007 765 4062 ﬁlios
797 4006 1208 4079 suscepissem,
1232 4010 1334 4081 qui
1357 4010 1529 4066 etiam
1565 4013 1706 4067 mihi
1731 4014 1802 4068 ad
1829 4030 1987 4071 meos

283 4115 424 4155 usus
450 4098 806 4166 inserviunt;
843 4097 1294 4168 hospitalitatem
1323 4106 1514 4154 autem
1547 4119 1846 4171 nunquam
1894 4103 1990 4158 in—

282 4188 509 4244 termisi
541 4205 732 4260 usque
762 4189 822 4243 in
846 4187 1196 4244 hodiernum
1222 4189 1412 4243 diem:
1440 4206 1552 4245 non
1576 4191 1861 4261 gloriatur
1891 4193 1990 4248 ali-

284 4279 416 4348 quis
445 4294 514 4333 ex
543 4277 856 4333 comitibus
915 4294 976 4332 se
1029 4277 1318 4347 hospitem
1369 4282 1502 4333 ante
1535 4296 1626 4334 me
1671 4283 1989 4352 excepisse.

286 4371 409 4422 Non
464 4382 734 4438 egressus
784 4373 866 4421 est
904 4382 1124 4438 pauper
1174 4384 1278 4422 nec
1328 4367 1536 4439 hospes
1581 4387 1648 4425 ex
1697 4386 1826 4425 mea
1858 4372 1992 4426 aula

284 4455 484 4510 vacuis
518 4455 816 4524 manibus,
863 4456 963 4526 qui
1015 4471 1130 4510 non
1163 4456 1322 4525 prius
1351 4457 1563 4514 rationi
1613 4462 1989 4518 conveniente

284 4548 439 4601 esset
481 4544 688 4601 viatico
729 4547 1112 4601 sustentatus.
1166 4547 1289 4602 Non
1355 4548 1592 4619 adspexi
1656 4551 1989 4620 praeteriens

2093 3384 2475 3441 assimilatus.
2500 3382 2644 3436 Cum
2666 3379 2764 3436 ille
2781 3383 2974 3435 autem
2995 3378 3414 3445 descendisset,
3441 3378 3587 3433 vidit
3605 3380 3799 3434 virum

2093 3475 2407 3547 quemdam
2431 3475 2805 3528 mercatorem
2827 3469 3302 3538 Alexandrinum,
3320 3468 3480 3540 pium
3504 3476 3556 3524 et
3576 3468 3798 3525 Christi

2095 3573 2410 3630 amantem,
2443 3562 2617 3618 vicies
2641 3560 2800 3616 mille
2831 3558 3022 3614 aureis
3046 3559 3462 3629 negotiantem,
3498 3574 3636 3613 cum
3675 3576 3806 3614 cen-

2095 3663 2219 3710 tum
2271 3655 2511 3709 navibus
2562 3651 3009 3708 descendentem
3041 3664 3108 3703 ex
3149 3648 3447 3719 superiore
3478 3649 3801 3714 Thebaide,

2096 3743 2198 3814 qui
2228 3759 2429 3797 omnes
2454 3757 2590 3796 suas
2615 3739 2919 3795 facultates
2943 3743 2995 3792 et
3018 3753 3238 3792 merces
3261 3737 3640 3793 distribuerat
3663 3755 3803 3809 pau-

2097 3833 2352 3906 peribus.
2379 3832 2431 3887 Is
2458 3847 2588 3888 cum
2622 3829 2742 3885 suis
2775 3828 2908 3883 {iliis
2957 3829 3153 3882 decem
3198 3843 3399 3882 saccos
3431 3828 3802 3899 leguminum

2099 3924 2166 3979 ad
2201 3939 2334 3977 eum
2365 3920 2658 3976 afferebat.
2693 3919 2762 3974 Et
2793 3917 2930 3988 quid
2963 3916 3104 3984 haec,
3137 3933 3168 3970 ο
3192 3915 3425 3971 amice?
3457 3915 3507 3970 ei
3531 3917 3681 3971 dixit
3704 3917 3805 3971 Pa-

2099 4011 2405 4084 phnutius.
2437 4011 2491 4065 Is
2515 4012 2707 4065 autem
2733 4006 2879 4062 dixit
2898 4005 3007 4076 ipsi
3027 4022 3039 4059 :
3063 4006 3203 4060 Sunt
3227 4005 3454 4060 fructus
3480 4022 3618 4060 meae
3650 4022 3808 4061 mer-

2099 4106 2332 4168 caturae,
2377 4100 2474 4173 qui
2526 4098 2642 4153 Deo
2691 4098 3013 4154 offeruntur
3047 4096 3118 4150 ad
3142 4096 3372 4165 justam
3406 4096 3806 4152 refectionem.

2100 4191 2248 4257 Quid
2281 4195 2474 4246 autem
2499 4190 2638 4255 haec,
2665 4188 2856 4259 inquit
2879 4187 2988 4258 ipsi
3021 4186 3410 4257 Paphnutius,
3437 4193 3492 4242 et
3518 4193 3577 4243 tu
3607 4196 3806 4243 nostro

2102 4282 2338 4338 nomine
2371 4297 2485 4335 non
2521 4277 2780 4334 frueris?
2811 4280 2864 4332 Is
2897 4281 3090 4332 autem
3123 4276 3430 4332 confessus
3452 4281 3538 4332 est
3557 4294 3619 4332 se
3649 4278 3717 4331 ad
3746 4278 3803 4332 id

2102 4371 2362 4428 studiose
2376 4370 2743 4426 contendere.
2767 4366 2827 4422 Ei
2847 4366 3518 4436 responditPaphnutins
3542 4383 3555 4418 :
3577 4367 3808 4428 Quous-

2101 4479 2214 4533 que
2262 4478 2396 4532 ergo
2449 4469 2507 4515 tu
2558 4464 2841 4515 terrenam
2894 4473 3124 4514 exerces
3183 4456 3636 4528 negotiationem,
3688 4473 3801 4510 nec

2101 4551 2357 4607 coelestia
2388 4550 2624 4620 attingis
2675 4547 3101 4604 mercimonia?
3150 4546 3248 4600 Sed
3289 4544 3405 4597 haec
3454 4542 3689 4614 quidem
3726 4559 3790 4597 es

286 4651 598 4707 pauperem
628 4635 944 4692 infortunio
978 4637 1273 4704 atl‘ectum,
1308 4637 1399 4691 cui
1437 4655 1548 4694 non
1574 4641 1990 4711 suppeditarim
2025 4628 2070 4692 D
2103 4641 2232 4698 aliis
2260 4642 2640 4708 dimissurus;
2674 4645 2735 4695 tu
2777 4654 2907 4694 vero
2941 4639 3012 4695 iis
3044 4642 3099 4694 te
3128 4637 3438 4706 adjungens
3481 4649 3605 4704 quae
3649 4639 3792 4688 sunt

287 4727 441 4797 quod
471 4727 617 4783 satis
647 4727 752 4782 fuit
785 4727 996 4784 solatii.
1032 4732 1158 4784 Non
1189 4729 1383 4800 accepi
1408 4746 1718 4800 personam
1741 4731 1846 4784 filii
1879 4732 1993 4786 mei

288 4818 348 4870 in
389 4818 635 4886 judicio,
687 4835 802 4875 non
873 4818 1123 4890 ingressi
1189 4827 1326 4874 sunt
1376 4819 1436 4874 in
1511 4820 1746 4875 domum
1803 4837 1993 4877 meam

289 4906 509 4960 fruetus
542 4907 740 4976 alieni,
784 4924 900 4964 non
931 4908 1045 4964 fuit
1073 4907 1147 4964 lis
1177 4907 1375 4980 aliqua
1409 4925 1583 4981 quam
1616 4927 1729 4968 non
1759 4928 1990 4983 compo-

290 4995 505 5051 suerim
539 4999 595 5050 et
625 4997 1068 5070 pacificaverim,
1101 5015 1216 5054 non
1239 4999 1558 5072 increpavit
1588 5002 1802 5072 aliquis
1835 5019 1995 5059 meos

291 5085 442 5143 ﬁlios
492 5086 647 5157 quod
699 5103 757 5141 se
807 5088 1114 5145 inhoneste
1166 5098 1454 5161 gererent,
1513 5107 1625 5146 non
1678 5093 1997 5165 tetigerunt

293 5179 512 5234 fructus
560 5175 782 5232 alienos
833 5179 943 5232 mei
992 5195 1214 5251 greges,
1277 5197 1392 5237 non
1436 5182 1718 5238 seminavi
1769 5184 1995 5253 primus

291 5284 463 5341 agros
509 5284 691 5336 meos,
745 5268 846 5323 sed
897 5283 1030 5322 cum
1091 5284 1186 5324 eos
1232 5271 1506 5327 omnibus
1557 5272 1996 5343 proposuissem

293 5375 650 5426 communes,
704 5358 1053 5431 colligebam
1102 5375 1168 5414 ea
1217 5377 1342 5430 quae
1383 5367 1546 5418 erant
1578 5362 1821 5434 reliqua.
1871 5363 1995 5418 Non

292 5453 552 5507 concessi
587 5456 649 5506 ut
697 5467 920 5523 pauper
966 5450 1396 5521 opprimeretur
1428 5469 1459 5506 a
1489 5455 1747 5524 potentia
1778 5455 1995 5521 divitis,

293 5555 404 5594 non
438 5542 624 5597 affecti
665 5543 918 5614 aliquem
960 5538 1228 5596 molestia
1261 5541 1320 5595 in
1351 5541 1463 5596 vita
1494 5559 1645 5612 mea,
1696 5561 1995 5615 nunquam

294 5627 514 5684 malum
541 5630 832 5699 judicium
876 5629 1092 5702 protuli
1135 5630 1194 5684 in
1226 5628 1499 5700 aliquem.
1531 5632 1658 5689 Haec
1689 5651 1722 5689 a
1749 5649 1841 5689 me
1871 5651 1999 5689 esse

293 5721 445 5776 facta
473 5718 589 5776 Deo
621 5719 843 5777 volente
900 5721 1045 5778 mihi
1094 5737 1224 5777 sum
1271 5719 1557 5780 conscius.
1605 5724 1748 5779 Cum
1800 5727 1996 5780 autem

2105 4733 2357 4787 maxime
2407 4735 2746 4802 Opportuna,
2811 4745 3053 4800 sequere
3100 4729 3495 4792 Servatorem;
3545 4723 3616 4777 ad
3665 4739 3802 4779 eum

2106 4826 2380 4877 venturus
2411 4819 2582 4892 paulo
2616 4823 2764 4890 post.
2800 4820 2852 4873 Is
2869 4834 3002 4874 vero
3026 4817 3170 4872 nihil
3203 4815 3495 4881 differens,
3523 4813 3705 4884 jussit
3732 4817 3806 4867 ti-

2103 4911 2211 4967 lios
2235 4927 2369 4966 suos
2393 4909 2612 4979 reliqua
2633 4909 2887 4965 dividere
2910 4907 3290 4979 pauperibus;
3316 4905 3443 4976 ipse
3461 4910 3656 4960 autem
3671 4919 3808 4960 cum

2106 5002 2162 5056 in
2189 5004 2444 5056 montem
2476 4999 2856 5059 ascendisset,
2899 5003 2954 5052 et
2975 4997 3236 5067 seipsum
3273 4996 3330 5050 in
3364 5011 3431 5050 eo
3473 4994 3596 5050 loco
3630 4993 3818 5048 inclu-

2105 5092 2299 5158 sisset,
2337 5090 2431 5144 ubi
2463 5091 2576 5145 duo
2609 5090 2829 5161 priores
2859 5086 3250 5144 consummati
3273 5086 3523 5145 fuerant.
3553 5099 3814 5156 perseve-

2105 5180 2269 5236 rabat
2299 5179 2356 5234 in
2390 5179 2767 5235 orationibus.
2819 5179 2998 5234 Parvo
3054 5181 3252 5232 autem
3285 5175 3485 5246 elapso
3530 5179 3817 5244 tempore,

2106 5271 2303 5327 relicto
2349 5286 2607 5340 corpore,
2654 5271 2843 5324 factus
2889 5273 2978 5325 est
3009 5268 3149 5324 civis
3181 5266 3456 5322 coelestia.
3493 5270 3817 5335 Postquam

2107 5365 2303 5417 autem
2329 5376 2459 5415 eum
2488 5374 2717 5432 quoque
2740 5359 3016 5429 praemisit
3048 5358 3104 5411 in
3129 5357 3326 5424 cmlos,
3354 5357 3478 5426 ipse
3513 5355 3688 5410 etiam
3721 5357 3820 5411 de-

2107 5450 2342 5523 spondit
2373 5449 2660 5509 animum,
2692 5452 2756 5504 ut
2787 5449 2887 5519 qui
2914 5465 2972 5504 se
3003 5465 3114 5502 non
3154 5453 3345 5518 posset
3377 5443 3634 5515 amplius
3660 5461 3822 5500 exer-

2105 5558 2254 5599 cere.
2283 5539 2570 5595 Assistens
2602 5543 2795 5596 autem
2817 5538 3058 5610 angelus
3088 5538 3138 5591 ei
3163 5536 3340 5590 dixit:
3377 5534 3501 5589 Huc
3531 5535 3815 5604 deinceps

2107 5631 2332 5698 accede,
2369 5629 2494 5684 veni
2526 5631 2588 5685 tu
2629 5645 2877 5700 quoque,
2911 5645 2941 5684 ο
2967 5629 3147 5694 beate,
3179 5627 3236 5680 in
3261 5629 3475 5680 aeterna
3507 5622 3606 5677 Dei
3627 5625 3818 5679 taber-

2107 5719 2332 5788 nacula,
2380 5723 2659 5776 venerunt
2689 5719 2844 5776 enim
2877 5718 3171 5790 prophetas
3225 5719 3279 5770 te
3338 5714 3398 5768 in
3431 5728 3572 5769 suos
3604 5711 3821 5772 choros
