4074 6278
335 433 490 494 1169

331 563 462 642 ἄχρι
509 571 610 633 τῆς
675 562 894 626 πόλεως
951 561 1216 638 ὡδήγησα
1267 581 1279 596 ·

335 657 470 730 μετά
496 659 605 709 τῶν
633 655 850 726 τέκνων,
883 653 973 710 καὶ
1002 654 1096 710 τὸν
1129 651 1318 728 ἄνδρα.
1355 653 1498 727 Πρὸς
1551 653 1602 706 έν
1653 650 1982 726 ἀπεκρίνατο

331 747 358 800 6
391 745 733 818 Παφνούτιος
767 762 780 778 ⁸
814 744 958 820 Ἐγὼ
993 745 1088 817 μὲν
1122 740 1279 798 οὐδὲν
1331 741 1551 815 ἐμαυτῷ
1601 736 1820 794 σύνοιϐα
1869 744 1978 794 τῶν

327 837 592 892 τοιούτων
651 837 1072 912 κατυρθωκότι·
1133 835 1186 889 ἐν
1257 832 1314 890 δὲ
1363 837 1430 908 τῇ
1490 833 1712 904 ἀσκήσει
1760 833 1982 892 πάντως

331 929 571 997 ἀκήκοάς
606 949 671 1000 με
713 929 846 982 εἶναι
898 923 1214 997 διαϐόητον.
1276 925 1353 982 Ού
1411 927 1514 1000 γὰρ
1574 925 1832 998 ῥᾳθύμως
1883 923 1980 992 τὴν

329 1014 564 1088 ἐμαυτοῦ
596 1017 741 1086 ζωήν
773 1013 1096 1086 διελήλυθα.
1129 1015 1289 1088 Ἐμοὶ
1321 1011 1411 1069 οὖν
1453 1015 1481 1068 ὁ
1543 1013 1672 1076 Θεὸς
1718 1011 1845 1086 περὶ
1884 1013 1979 1064 σοῦ

327 1107 694 1182 ἀπεκάλυψεν,
751 1107 833 1162 ὅτι
893 1105 1044 1162 οὐδὲν
1093 1101 1318 1162 ἔλαττον
1371 1105 1494 1179 ἐμοὶ
1551 1103 1698 1179 ἔχεις
1757 1103 1808 1157 ἐν
1858 1105 1976 1164 τοῖς

331 1197 774 1271 κατορθώμασιν.
809 1197 870 1252 Εἰ
903 1196 994 1250 οὖν
1029 1195 1128 1251 οὐκ
1159 1195 1346 1269 ὀλίγος
1389 1193 1576 1269 λόγος,
1609 1191 1830 1268 ἀδελφέ,
1853 1191 1978 1266 περὶ

330 1289 425 1339 σοῦ
474 1289 542 1358 τῇ
595 1284 809 1356 θεότητι
857 1284 1083 1360 γίνεται,
1138 1287 1214 1357 μή
1260 1291 1361 1354 τῆς
1411 1285 1602 1337 ἑαυτοῦ
1649 1285 1856 1356 ψυχῆς,
1900 1283 1974 1341 ὡς

331 1371 544 1448 ἔτυχεν,
587 1377 1027 1454 καταφρονήσῃς.
1068 1378 1124 1426 '0
1156 1371 1214 1427 δὲ
1267 1373 1425 1446 ῥίψας
1485 1371 1636 1433 εὐθὺς
1699 1372 1772 1432 ὡς
1829 1370 1972 1446 εἶχεν

331 1461 382 1516 ἐν
413 1468 532 1524 ταῖς
565 1464 724 1540 χερσὶ
754 1463 880 1523 τοὺς
931 1461 1152 1530 αὐλοὺς,
1205 1461 1294 1514 καὶ
1338 1462 1436 1528 τὴν
1487 1459 1810 1534 ἐναρμόνιον
1871 1465 1972 1529 τῆς

334 1559 600 1622 μουσικῆς
640 1550 790 1624 ᾠδῆς
850 1551 926 1614 εἲς
977 1552 1349 1625 πνευματικὴν
1413 1547 1733 1623 μεταϐαλὼν
1800 1547 1970 1622 μελῳ-

331 1639 472 1710 δίαν,
521 1645 599 1713 τῷ
645 1641 798 1717 ἀνδρὶ
860 1642 935 1703 εἰς
1001 1641 1100 1710 τὴν
1162 1634 1370 1716 ἔρημον
1424 1637 1824 1709 ἠκολούθησεν.
1880 1639 1970 1692 Ἐν

330 1729 472 1802 τρισὶ
505 1727 562 1785 δὲ
619 1725 790 1786 ἔτεσιν
850 1731 1005 1792 ὅλοις
1054 1729 1190 1784 κατά
1236 1729 1432 1802 κράτος
1483 1727 1744 1798 ἀσκήσας,
1777 1727 1866 1782 καὶ
1913 1729 1968 1781 ἒν

331 1818 524 1891 ὕμνοις
571 1820 662 1873 καὶ
721 1819 770 1874 ἐν
831 1823 1164 1895 προσευχαῖς
1208 1818 1301 1872 τὸν
1362 1819 1554 1872 ἑαυτοῦ
1611 1815 1810 1890 χρόνον
1870 1821 1970 1886 τῆς

1626 429 2000 494 HISTORIA
2042 427 2442 495 LAUSIACA.

1359 561 1728 634 ἐλευθερώσας
1809 561 2432 635 αύτῆνΑΠαφνούτιος
2489 560 2556 617 τὰ
2610 565 2704 615 τοῦ
2781 559 2972 635 ἀνδρὸς
3051 561 3264 634 ἀρετὰς,
3323 561 3420 629 τὴν
3493 558 3736 638 κεφαλὴν

3582 425 3740 492 1170

2091 651 2254 706 αὐτοῦ
2297 651 2492 726 ἐφίλει,
2525 651 2702 727 λέγων
2735 673 2748 684 ·
2785 651 3086 728 Εὐλογήσει
3130 673 3187 706 σε
3229 651 3424 725 Κύριος
3457 650 3514 704 ἐκ
3562 651 3730 716 Σιὼν,

2089 741 2178 794 καὶ
2237 739 2376 803 ἴδοις
2435 743 2500 798 τὰ
2567 743 2736 818 ἀγαθά
2790 741 3170 816 Ἱερουσαλήμ.
3233 741 3487 796 Λείπεται
3529 737 3585 794 δέ
3647 760 3730 794 σοι

2088 850 2194 884 των
2243 831 2446 904 ἀρετῶν
2495 834 2554 886 τὸ
2605 831 2922 909 κεράλαιον,
3076 832 3346 907 πάνσοφος
3404 831 3526 902 περὶ
3596 833 3728 885 Θεοῦ

2087 924 2304 994 γνῶσις,
2353 923 2418 992 ἢν
2481 921 2578 976 οὐκ
2636 921 2694 976 ἂν
2756 920 2885 996 δύνῃ
2937 920 3154 982 ἀπόνως
3214 923 3535 992 κτήσασθαι,
3570 919 3614 973 εἰ
3652 919 3725 992 μὴ

2090 1013 2286 1066 σαυτὸν
2337 1017 2416 1084 τῷ
2503 1013 2694 1086 κόσμῳ
2760 1011 3321 1087 ἀπαρνησοὶμενος,καὶ
3384 1007 3566 1066 λαϐὼν
3639 1015 3728 1064 τὸν

2087 1102 2313 1174 σταυρὸν
2347 1106 2426 1173 τῷ
2455 1110 2676 1175 Σωτῆρι
2727 1101 3130 1175 ἀκολουθήσῃς.
3166 1105 3220 1154 Ὀ
3290 1097 3346 1153 δὲ
3403 1100 3476 1161 ὡς
3527 1096 3726 1167 ἤκουσε

2081 1195 2268 1261 ταῦτα,
2307 1189 2446 1264 μηδὲ
2474 1198 2590 1255 τοῖς
2641 1194 2829 1247 ἑαυτοῦ
2881 1193 3302 1264 ἀποταξάμενος,
3337 1189 3490 1250 εὐθὺς
3543 1187 3725 1242 εἵπετο

2121 1283 2148 1293 .-
2197 1277 2211 1296 ν
2265 1277 2287 1296 ῃ
2383 1279 2396 1300 ν
2451 1281 2462 1297 ς
2535 1283 2548 1298 ς
2591 1277 2615 1298 ν
2795 1285 2810 1302 γ
2857 1282 2868 1296 ι
2913 1279 2964 1298 ῃ,
3034 1279 3046 1298 ν
3145 1279 3156 1306 ῃ
3350 1277 3362 1294 ο
3417 1278 3430 1294 ς
3520 1277 3532 1292 \

2080 1298 2161 1350 τῳ
2193 1280 2346 1352 ἀνορὶ
2378 1301 2464 1336 επι
2495 1303 2556 1336 το
2587 1302 2734 1355 ορος.
2771 1286 2872 1337 Im:
2910 1301 2974 1350 οη
3031 1279 3306 1334 ελθοντων
3346 1300 3432 1333 επι
3479 1297 3570 1331 τον
3621 1297 3728 1330 πο-

2079 1369 2274 1440 ταμὸν,
2327 1368 2588 1442 μηδαμοῦ
2655 1371 2890 1449 σκάφους
2945 1371 3372 1444 παραφανέντος,
3434 1365 3726 1436 προσέτατ-

2079 1479 2164 1512 τεν
2208 1459 2235 1512 6
2276 1460 2618 1536 Παφνούτιος
2673 1459 2916 1530 πεζεύειν
2975 1460 3068 1514 τὸν
3121 1459 3392 1530 ποταμὸν,
3429 1455 3485 1512 ὅν
3548 1454 3724 1516 οὐδεὶς

2081 1547 2300 1600 πώποτε
2353 1551 2473 1603 κατ’
2522 1545 2742 1603 ἐκεῖνον
2785 1549 2877 1603 τὸν
2933 1549 3098 1602 τόπον
3161 1547 3440 1615 ἐπέζεοσεν
3502 1542 3590 1598 διὰ
3664 1545 3725 1596 τὸ

2083 1633 2267 1708 βάθος.
2299 1636 2686 1710 Παρελθόντων
2722 1635 2778 1692 δέ
2808 1639 2985 1693 αὐτῶν
3018 1637 3108 1691 καὶ
3149 1640 3246 1690 τοῦ
3295 1633 3489 1696 ὕδατος
3541 1634 3727 1694 αὐτοῖς

2076 1723 2180 1790 ἕως
2206 1732 2307 1796 τῆς
2339 1731 2517 1800 ζώνης
2561 1731 2876 1804 γενομένου,
2927 1731 3249 1800 κατέστησεν
3302 1728 3460 1783 αὐτὸν
3511 1721 3564 1782 ἓν
3617 1748 3722 1781 τινι

2080 1814 2254 1887 τόπῳ.
2304 1817 2476 1880 Αὐτὸς
2521 1817 2577 1873 δὲ
2627 1819 2788 1874 αὐτὸν
2837 1817 3197 1894 διαχωρίσας,
3231 1816 3402 1873 ἐδεῖτο
3448 1821 3546 1872 τοῦ
3589 1820 3724 1871 Θεοῦ

331 1914 476 1976 ζωῆς
509 1906 840 1977 διατελέσας,
880 1911 1016 1983 πρὸς
1065 1910 1164 1976 τὴν
1211 1906 1462 1982 οὐράνιον
1512 1906 1732 1980 πορείαν
1781 1903 1969 1960 ἐστέλ-
1999 1938 2048 2002 Β
2077 1905 2333 1980 κρείττων
2367 1915 2593 1986 φανῆναι
2643 1913 2747 1962 τῶν
2792 1911 3075 1963 τοιούτων.
3137 1909 3266 1962 Μετ’
3320 1908 3380 1962 ού
3438 1905 3612 1960 πολὺν
3667 1904 3726 1962 δὲ

330 1993 476 2065 λετο,
522 1995 614 2050 σὺν
659 2003 856 2072 χοροῖς
911 1997 1077 2072 ἀγίων
1127 1997 1215 2052 καὶ
1269 1999 1504 2072 τάγμασι
1555 1993 1777 2051 δικαίων
1823 1995 1968 2069 ἀριθ-

333 2087 531 2158 μηθείς
563 2085 924 2144 ἀνεπαύσατο.

930 2178 1186 2234 ΚΕΦΔΛ.
1231 2177 1362 2232 ΞΔ’.

819 2266 950 2339 Περὶ
1006 2265 1466 2339 πρωτοκόμητος.

393 2356 482 2414 Ὦς
513 2351 640 2426 γοῦν
687 2353 890 2408 ἐκεῖνον
937 2353 1304 2424 ἐνασκήσαντα
1343 2355 1529 2418 καλῶς
1576 2361 1696 2418 ταῖς
1755 2358 1968 2434 ἀρεταῖς

325 2442 460 2516 πρὸς
491 2443 617 2498 Θεὸν
663 2441 1001 2514 ἀπέστειλεν,
1033 2443 1237 2507 ἐπιθεὶς
1285 2446 1459 2515 ἑαυτῷ
1522 2445 1746 2517 μείζονα
1802 2445 1971 2501 πολι-

325 2531 468 2586 τείαν
499 2537 598 2600 τῆς
648 2529 974 2606 ἔμπροσθεν,
1033 2531 1222 2605 ἤρώτα
1259 2533 1349 2587 τὸν
1405 2534 1535 2588 Θεὸν
1567 2533 1730 2588 πάλιν
1785 2533 1970 2604 δηλω-

327 2619 650 2694 θῆναιαύτῷ
677 2622 780 2676 τίνι
808 2624 917 2676 τῶν
959 2621 1122 2697 ἁγίων
1153 2617 1254 2697 ἄρα
1303 2620 1386 2692 εἷή
1433 2621 1627 2694 ὅμοιος
1663 2643 1676 2657 ⁸
1725 2623 1816 2678 καὶ
1865 2625 1968 2678 πά-

327 2708 412 2764 λιν
474 2713 628 2788 φωνή
685 2733 767 2773 τις
825 2709 1012 2787 γέγονε
1066 2711 1202 2780 θεία,
1255 2711 1392 2786 πρὸς
1443 2709 1598 2766 αὺτὸν
1663 2711 1899 2790 λέγουσα
1954 2725 1964 2745 ¹

324 2799 542 2860 Ἔοικας
571 2803 650 2870 τῷ
705 2805 803 2868 τῆς
859 2797 1094 2870 πλησίον
1145 2799 1342 2872 κώμης
1399 2803 1849 2874 πρωτοκωμήτῇ.
1911 2806 1968 2857 '0

326 2885 381 2940 δὲ
414 2888 486 2948 ὡς
517 2889 752 2964 τάχιστα
799 2889 934 2962 πρὸς
975 2887 1135 2943 αὐτὸν
1168 2891 1288 2957 ἧκε.
1350 2888 1452 2943 Καὶ
1511 2886 1578 2956 δὴ
1638 2891 1967 2960 κρούσαντος

325 2974 488 3029 αὐτοῦ
518 2975 608 3030 τὸν
655 2976 896 3046 πυλῶνα,
927 2976 1236 3048 προσῆλθεν
1283 2975 1508 3046 ἐκεῖνος,
1559 2978 1694 3032 κατά
1739 2979 1800 3032 τὸ
1849 2977 1966 3043 ἔθος

322 3066 410 3120 τὸν
440 3062 585 3135 ξένον
616 3065 1035 3140 ὐποδεξὲὶμενος.
1069 3065 1247 3140 Νίψας
1298 3065 1356 3121 δὲ
1383 3066 1510 3128 τοὺς
1553 3065 1725 3130 πόδας
1778 3071 1964 3140 αὐτοῦ,

321 3155 410 3210 καὶ
495 3158 752 3230 παραθεὶς
835 3157 1126 3230 τράπεζαν,
1186 3156 1546 3230 προετρέπετο
1645 3155 1968 3231 μεταλαϐεῖν

320 3249 424 3300 τῶν
476 3243 786 3320 ἐδωδίμων.
848 3245 1165 3318 Πυθομένου
1220 3243 1276 3300 δὲ
1330 3247 1426 3308 τὰς
1495 3247 1714 3322 πράξεις
1775 3247 1961 3318 αὐτοῦ,

322 3335 414 3389 καὶ
474 3335 722 3412 λέγοντος
757 3354 770 3369 ·
831 3339 896 3389 Ὤ
971 3337 1239 3410 ἄνθρωπε,
1299 3336 1394 3396 τὰς
1463 3339 1659 3390 σαυτοῦ
1685 3334 1966 3400 πολιτείας

323 3425 526 3502 φράσον
564 3444 577 3456 ·
611 3423 859 3486 πολλοὺς
889 3423 991 3500 γὰρ
1027 3423 1327 3499 μοναχοὺς,
1362 3421 1436 3486 ὥς
1471 3447 1563 3498 μοι
1598 3428 1624 3480 ὁ
1669 3428 1799 3490 Θεὸς
1839 3426 1971 3499 ἐδή-

323 3514 516 3584 λωσεν,
551 3509 946 3587 ὁπερϐέϐηκας.
999 3515 1055 3566 '0
1114 3511 1169 3568 δὲ
1228 3513 1406 3590 ἔλεγεν
1465 3515 1650 3570 ἑαυτὸν
1709 3517 1969 3592 ἁμαρτω-

323 3603 419 3658 λὸν
454 3603 609 3675 εἶναι,
656 3604 746 3658 καὶ
805 3603 1016 3674 ἀνάξιον
1065 3606 1162 3658 τοῦ
1211 3603 1478 3676 ὀνόματος
1523 3609 1630 3659 τῶν
1684 3611 1966 3682 μοναχῖυν.

324 3698 412 3759 Ὠς
471 3693 527 3750 δὲ
575 3693 826 3769 ἐπέμενεν
883 3696 1122 3770 ἐρωτῶν,
1179 3694 1506 3771 ἀπεκρίνατο
1577 3698 1604 3750 6
1664 3695 1966 3774 ἅνθρωπος,

325 3783 498 3858 λέγων
536 3805 550 3820 ο
612 3785 756 3862 Ἐγὼ
819 3787 912 3857 μὲν
968 3784 1066 3840 ούκ
1125 3784 1274 3859 εἶχον
1323 3785 1562 3862 ἀνάγκην
1620 3786 1686 3842 τὰ
1734 3788 1968 3860 ἐμαυτοῦ

326 3870 572 3946 δρᾶματα
616 3874 982 3948 ἐξαγορεῦσαι.
1025 3871 1243 3942 Ἐπειδή
1297 3871 1354 3928 δὲ
1409 3875 1557 3948 παρά
1609 3879 1742 3929 Θεοῦ
1793 3874 1970 3950 λέγεις

321 3961 665 4034 ἐληλυθέναι,
710 3965 777 4016 τά
823 3961 1093 4037 προσόντα
1150 3982 1242 4032 μοι
1293 3962 1590 4036 ἀπαγγελῶ
1639 3983 1747 4022 σοι.
1807 3965 1966 4036 Ἐμοὶ

320 4053 638 4126 τριακοστὸν
665 4049 773 4120 ἤδη
823 4048 969 4104 τοῦτ’
1000 4045 1140 4104 ἔστιν
1181 4048 1320 4115 ἔτος,
1381 4049 1431 4122 ἐξ
1481 4051 1542 4104 οὗ
1591 4048 1820 4120 ἐμαυτὸν
1865 4060 1965 4122 τῆς

318 4148 560 4218 γαμετῆς
613 4161 718 4216 μου
769 4140 1034 4219 ἐχώρισα,
1075 4138 1200 4212 τρία
1240 4137 1374 4212 αὐτῇ
1411 4137 1574 4211 μόνον
1623 4139 1964 4214 προσομιλή-

318 4253 412 4294 σας
444 4225 560 4302 ἔτη,
599 4232 690 4286 καὶ
721 4236 868 4305 τρεῖς
901 4227 1051 4290 υῗοῦς
1095 4229 1145 4299 ἐξ
1178 4226 1342 4298 αὐτῆς
1372 4231 1625 4298 ποιήσας,
1661 4227 1719 4282 ο⁹ί
1771 4227 1836 4299 δὴ
1871 4232 1959 4286 καὶ

315 4329 431 4386 ταῖς
463 4325 677 4399 χρείαις
727 4344 831 4396 μου
875 4320 1234 4396 ὑπηρετοῦσίν
1271 4336 1284 4349 ⁶
1338 4319 1436 4374 οὐκ
1485 4317 1806 4392 ἐπαυσάμην
1855 4329 1954 4392 τῆς

317 4415 622 4494 φιλοξενίας
667 4415 830 4490 μέχρι
862 4419 960 4482 τῆς
993 4414 1256 4486 σήμερον.
1292 4408 1364 4463 Ού
1413 4411 1686 4487 καυχᾶταί
1718 4430 1805 4470 τις
1853 4417 1962 4466 τῶν

316 4508 578 4580 κομήτων
635 4507 739 4581 πρὸ
789 4505 924 4578 ἐμοῦ
983 4506 1075 4558 τὸν
1143 4500 1284 4570 ξένον
1362 4497 1784 4572 ὑποδεξάμενος.
1851 4501 1962 4555 Οὐκ

316 4595 509 4666 ἐξῆλθε
538 4595 770 4666 πένηςῆ
808 4593 954 4666 ξένος
981 4597 1160 4652 κεναῖς
1210 4589 1369 4668 χερσῖ
1417 4589 1517 4657 τὴν
1569 4587 1710 4661 ἐμὴν
1762 4587 1958 4659 αὐλὴν»

321 4689 394 4760 μή
445 4687 708 4763 πρότερον
752 4685 1087 4764 ἐφοδιασθεὶς
1140 4683 1273 4736 κατά
1329 4678 1495 4754 λόγον

316 4779 520 4846 πένητα
565 4776 994 4850 δυστυχήσαντα,
1050 4775 1124 4846 μή
1179 4771 1369 4840 ἱκανήν
1420 4769 1762 4840 παραμυθίαν
1815 4768 1960 4840 αύτῷ

320 4867 644 4942 χορηγήσας
688 4883 700 4894 ·
735 4865 834 4919 ούκ
863 4857 1060 4918 ἔλαϐον
1098 4859 1390 4932 πρόσωπον
1431 4854 1616 4910 τέκνου
1649 4854 1699 4909 ἐν
1734 4855 1905 4932 κρίσει
1942 4877 1954 4890 ·

318 4957 419 5010 ούκ
474 4953 734 5025 εἰσῆλθον
785 4953 859 5016 εἷς
901 4953 992 5007 υὸν
1041 4951 1187 5005 οἶκόν
1245 4969 1348 5021 μου
1389 4945 1588 5021 καρποὶ
1620 4945 1907 5020 ἀλλότριοι
1942 4966 1955 4980 ·

317 5043 416 5100 οὐκ
457 5043 659 5118 ἐγένετο
714 5043 892 5119 μάχη,
940 5041 1004 5111 ἣν
1063 5041 1136 5113 μὴ
1185 5037 1469 5113 εἷρήνευσα
1499 5053 1510 5066 ⁸
1547 5033 1644 5088 οὐκ
1675 5031 1958 5108 ἐμέμψατὸ

313 5155 398 5197 τις
427 5134 508 5188 ἐπ’
539 5133 739 5204 ἀτοπίᾳ
767 5132 896 5195 τοὺς
947 5129 1113 5204 ἐμοὺς
1160 5125 1354 5187 παῖδας
1388 5145 1400 5158 ·
1437 5123 1545 5202 οὐχ
1591 5119 1802 5197 ἥψαντο
1849 5128 1958 5178 τῶν

315 5223 626 5300 ἀλλοτρίων
655 5225 879 5297 καρπῶν
911 5221 964 5276 αἱ
997 5217 1188 5294 ἀγέλαι
1223 5237 1325 5289 μου
1359 5231 1374 5246 ·
1407 5213 1504 5267 οὐκ
1555 5209 1774 5285 ἔσπειρα
1812 5215 1957 5287 πρῶ-

313 5335 404 5375 τος
436 5315 528 5377 τὰς
569 5313 704 5386 ἐμὰς
733 5312 942 5386 χώρας,
972 5307 1118 5363 ἀλλά
1163 5309 1322 5360 πᾶσιν
1371 5301 1536 5362 αὐτὰς
1591 5301 1776 5362 κοινὰς
1817 5321 1954 5375 προ-

316 5405 560 5476 θέμενος,
609 5401 706 5463 τὰς
751 5395 1170 5476 ὕπο).ειφθείσας
1222 5388 1618 5465 ἐκαρπωσάλην
1653 5408 1665 5421 ·
1715 5386 1776 5441 ού
1836 5407 1956 5441 συν-

314 5493 574 5566 εχώρησα
634 5487 1190 5554 καταδυναστευθῆναι
1229 5481 1435 5553 πένητα
1488 5477 1588 5532 ὑπὸ
1640 5476 1906 5530 πλουσίου
1939 5496 1950 5508 ·

312 5586 375 5639 οὐ
399 5581 760 5658 παρελύπησά
789 5600 908 5636 τινα
939 5579 989 5634 ἐν
1020 5581 1098 5650 τῷ
1139 5575 1242 5651 βίῳ
1295 5593 1397 5647 μου
1430 5587 1442 5602 ·
1489 5569 1662 5644 κρίσιν
1711 5567 1952 5642 πονηρὰν

307 5676 422 5731 κατ’
453 5657 666 5736 οὐδενός
696 5693 828 5729 ποτε
873 5671 971 5726 οὐκ
999 5669 1292 5740 ἐξενήνοχα
1317 5683 1331 5695 ·
1381 5663 1547 5716 ταῦτα
1593 5661 1726 5714 Θεοῦ
1769 5657 1953 5714 θέλον-

309 5790 401 5835 τος
451 5763 672 5826 σύνοιδα
726 5764 948 5842 ἐμαυτῷ
1020 5757 1397 5836 πεπραγμένα.
1479 5751 1737 5814 Ἀκούσας
1795 5746 1852 5804 δὲ
1924 5751 1952 5804 ὁ

2081 1995 2280 2070 χρόνον
2315 1994 2393 2051 ί¹δε
2423 2000 2521 2066 τὴν
2551 2000 2736 2074 ψυχὴν
2769 2003 2864 2052 τοῦ
2911 1995 3102 2072 ἀνδρὸς
3155 1997 3254 2052 ὑπὸ
3309 1994 3554 2068 ἀγγέλων
3596 1997 3724 2049 ἀνα-

2079 2082 2520 2161 λαμϐανομένην,
2569 2089 2875 2162 ὑμνουντων
2927 2090 3020 2144 τὸν
3071 2089 3199 2144 Θεὸν
3257 2088 3343 2141 καὶ
3397 2084 3668 2161 λεγόντων
3707 2101 3722 2116 ⁶

2079 2177 2359 2250 Μακάριος
2391 2178 2450 2234 ὅν
2493 2177 2715 2248 ἐξελέξω
2761 2180 2852 2234 καὶ
2903 2173 3268 2252 προσελάϐου,
3313 2174 3724 2245 κατασκηνώσει

2083 2263 2136 2319 ἐν
2157 2271 2275 2329 ταῖς
2307 2265 2499 2330 αὐλαῖς
2531 2290 2626 2324 σου
2660 2287 2673 2302 '
2703 2269 2794 2324 καὶ
2843 2269 3008 2324 πάλιν
3057 2273 3163 2325 τῶν
3215 2267 3433 2322 δικαίων
3487 2267 3720 2340 ἃποκρι-

2078 2353 2320 2427 νομένων
2352 2358 2438 2411 καὶ
2473 2355 2766 2431 λεγόντων,
2802 2359 3008 2432 Εἰρήνη
3061 2357 3247 2426 πολλὴ
3297 2361 3414 2416 τοῖς
3464 2355 3720 2430 ἀγαπῶσι

2075 2443 2138 2498 τὸ
2169 2441 2343 2518 ὅνομά
2375 2467 2490 2504 σου.
2527 2447 2624 2504 Καὶ
2655 2442 2792 2521 ἔγνω
2821 2450 2904 2503 ὃτι
2937 2450 2964 2502 ὁ
2996 2448 3132 2522 ἀνὴρ
3163 2447 3526 2502 τετελείωται.

2683 2542 2936 2594 ΚΕΦΑΛ.
2988 2539 3117 2596 EE'.

2687 2628 2815 2702 Περί
2863 2626 3128 2701 ἐμπόρου.

2150 2715 2236 2772 Ὡς
2294 2709 2350 2766 δὲ
2407 2711 2658 2786 ἐπέμενεν
2737 2717 2764 2770 ὁ
2843 2715 3178 2790 [Ιαφνούτιος
3254 2711 3517 2768 δυσωπῶν
3602 2718 3721 2775 ταῖς

2077 2803 2264 2877 εὐχαῖς
2296 2806 2384 2859 τὸν
2427 2808 2574 2876 Θεὸν,
2629 2807 2716 2862 καὶ
2766 2809 2864 2877 τήν
2911 2810 3162 2878 νηστείαν
3211 2807 3569 2880 παρατείνων,
3619 2805 3720 2859 πά-

2079 2891 2164 2946 λιν
2197 2893 2352 2964 ἠξίου
2384 2893 2702 2967 δηλωθῆναι
2735 2899 2905 2972 αὐτῷ,
2937 2897 3042 2952 τίνι
3080 2897 3140 2953 ἂν
3175 2895 3258 2968 εἷή
3307 2897 3520 2969 ὅμοιος.
3571 2897 3715 2972 ’Έφη

2078 2978 2134 3036 δὲ
2172 2981 2336 3037 πάλιν
2388 2987 2420 3054 ἡ
2481 2986 2594 3040 θεία
2652 2991 2804 3065 φωνή
2843 3005 2855 3018 ·
2915 2987 3177 3061 Ἐμπόρῳ
3236 2985 3416 3049 ἔοικας
3467 2989 3719 3055 ζητοῦντι

2075 3077 2277 3140 καλοὺς
2311 3079 2864 3154 μαργαρίτας.Ἀλλά
2909 3080 3172 3149 ἀνάστηθι
3226 3079 3442 3147 λοιπὸν,
3493 3077 3582 3130 καὶ
3636 3079 3710 3148 μὴ

2081 3165 2269 3234 μέλλε.
2305 3170 2716 3241 Προαπαντήσει
2745 3169 2844 3242 γάρ
2877 3189 2961 3222 σοι
3008 3171 3034 3222 ὁ
3085 3169 3219 3242 ἀνὴρ
3269 3167 3313 3240 ᾦ
3365 3165 3714 3234 ἀπεικάσθης.

2085 3263 2124 3310 Κ
2163 3257 2321 3311 ηρλθς
2405 3254 2454 3288 τοι
2491 3255 2524 3288 τ,
2550 3262 2598 3290 ρ..
2669 3279 2689 3292 ρ
2721 3255 2800 3290 ,μορ
2865 3259 2886 3274 ν
3171 3257 3184 3272 ς
3234 3251 3258 3290 ῃ
3559 3257 3570 3277 9
3667 3276 3684 3286 _

2130 3277 2218 3310 om.
2296 3279 2367 3310 ων
2402 3275 2457 3311 οε
2487 3277 2688 3319 εκεινος
2724 3273 2830 3312 ιοεν
2859 3255 3023 3333 ανδρα
3075 3279 3196 3313 τινα
3234 3278 3497 3330 εμπορον,
3575 3254 3718 3311 Αλε-

2081 3343 2320 3420 ξανδρέα,
2355 3345 2520 3422 ἄνδρα
2565 3345 2771 3417 εὐλαϐῆ
2805 3351 2894 3402 καί
2939 3347 3302 3426 φιλόχριστον
3363 3345 3457 3401 δύο
3510 3347 3716 3420 μυριά-

2079 3433 2172 3498 δας
2210 3435 2481 3510 χρυσίνων
2511 3438 3034 3513 πραγματευόμενον
3086 3440 3220 3512 μετά
3268 3438 3458 3492 ἑκατὸν
3506 3435 3712 3504 πλοίω,

2077 3522 2135 3578 ἐκ
2199 3532 2297 3594 τῆς
2351 3525 2620 3600 ἀνωτέρας
2675 3522 2948 3596 Θηϐαίδος
3017 3528 3298 3594 κατιόντα,
3365 3531 3538 3581 πᾶσαν
3619 3525 3717 3593 τὴν

2077 3611 2260 3668 οὐσίαν
2293 3616 2461 3670 αὐτοῦ
2493 3617 2577 3670 καί
2624 3614 2890 3692 ἐμπορίαν
2942 3623 3058 3679 τοῖς
3105 3622 3354 3693 πτωχοῖς
3405 3617 3490 3672 καὶ
3549 3635 3719 3689 μονα-

2076 3710 2200 3780 χοῖς
2232 3703 2596 3777 διανείμαντα.
2629 3707 2729 3765 ’Ός
2772 3707 2904 3778 μετά
2944 3711 3050 3761 τῶν
3109 3707 3272 3762 αὐτοῦ
3312 3705 3519 3762 παίδων
3573 3703 3722 3760 δέκα·

2075 3795 2302 3856 σάκκους
2335 3793 2573 3869 ὀσπρίων
2604 3791 2846 3872 ἀνέφερεν
2883 3797 3017 3867 πρὸς
3065 3797 3248 3854 αὐτόν.
3284 3796 3383 3852 Καὶ
3433 3797 3482 3851 τί
3525 3799 3715 3860 ταῦτα,

2082 3881 2111 3902 1'
2211 3883 2248 3902 μ
2383 3879 2406 3900 ν
2614 3883 2626 3900 ε
2771 3883 2783 3903 ν
2831 3884 2844 3900 ε
2945 3885 2957 3902 ρ
3225 3885 3237 3904 r
3415 3889 3426 3906 ς
3503 3883 3546 3902 κκ
3615 3877 3638 3900 ’ν
3697 3897 3702 3904 .

2073 3905 2116 3937 ω
2167 3901 2338 3961 (PU-‘6;
2381 3903 2480 3960 εφη
2531 3903 2666 3958 προς
2727 3905 2884 3936 αυτόν
2939 3905 2965 3937 ο
3019 3893 3381 3961 Παφνουτιος.
3433 3893 3470 3938 Ο
3501 3899 3556 3937 οε
3613 3905 3713 3958 εφη

2071 3975 2207 4046 πρὸς
2239 3972 2398 4026 αὐτόν
2431 3990 2442 4002 ·
2479 3969 2602 4025 Οἵδε
2633 3974 2684 4028 οἱ
2735 3975 2932 4045 καρποὶ
2983 3980 3082 4042 τῆς
3136 3973 3400 4047 ἐμπορίας
3451 3973 3582 4026 εἰσὶν
3643 3971 3718 4034 εἰς

2073 4057 2296 4116 δικαίων
2340 4061 2636 4117 ἀνάπαυσιν
2684 4068 2762 4136 τῷ
2812 4066 2927 4134 Θεῷ
2983 4061 3439 4141 προσφερόμενοι.
3488 4060 3556 4116 Τί
3609 4058 3712 4128 δέ;

2072 4149 2235 4222 φησὶν
2265 4151 2397 4225 πρὸς
2421 4150 2581 4207 αῦτὸν
2616 4153 2643 4206 6
2676 4152 3034 4231 Παφνούτιος,
3067 4152 3156 4206 καὶ
3186 4150 3247 4204 σὺ
3297 4155 3392 4204 τοῦ
3449 4148 3714 4222 ὀνόματος

2073 4237 2171 4293 οὐκ
2200 4239 2495 4303 ἀπολαύεις
2552 4247 2650 4296 τοῦ
2709 4241 3026 4316 ἡμετέρου;
3077 4243 3132 4296 Ὀ
3188 4239 3243 4294 δὲ
3289 4241 3362 4304 ὡς
3414 4239 3498 4294 ἐπὶ
3549 4243 3710 4294 τοῦτο

2070 4327 2315 4383 σπεύδειν
2376 4331 2510 4406 πρὸς
2567 4331 2730 4386 αὐτὸν
2807 4331 3113 4406 ὡμολόγει,
3169 4329 3488 4406 ἀπεκρίνατο
3577 4329 3714 4398 πρὸς

2068 4417 2249 4475 αὐτόν.
2285 4421 2464 4496 Μέχρι
2496 4421 2640 4481 τίνος
2674 4419 2763 4474 οῦν
2805 4421 2870 4474 τὰ
2929 4423 3095 4494 γήϊνα
3153 4418 3546 4496 πραγματεύει,
3601 4423 3709 4472 τῶν

2068 4506 2330 4582 οὐρανίων
2357 4509 2786 4584 ἐμπορευμάτων
2825 4513 2899 4584 μὴ
2943 4510 3254 4584 ἁπτόμενος
3291 4537 3304 4580 ;
3357 4507 3500 4564 ἀλλά
3546 4512 3710 4564 ταῦτα

2072 4597 2164 4668 μέν
2189 4596 2396 4670 ἑτέροις
2427 4597 2646 4670 μέλλων
2681 4599 2911 4676 ἀφεῖναι,
2946 4603 3007 4653 σὺ
3063 4597 3120 4654 δὲ
3163 4605 3272 4654 τῶν
3330 4599 3704 4673 καιριωτάτων

1550 4697 1563 4711 ⁸
1616 4680 1678 4733 οὗ
1730 4677 1956 4755 παρίδον
1991 4667 2036 4730 D
2068 4684 2355 4763 ἐχόμενος,
2410 4687 2782 4758 ἀκολούθησον
2829 4693 2909 4760 τῷ
2959 4690 3199 4764 Σωτῆρι,
3246 4689 3435 4763 ὀλίγον
3487 4687 3706 4760 ὕστερον

2990 4775 3028 4792 ἡκ

2070 4775 2202 4846 πρὸς
2259 4776 2420 4830 αὐτὸν
2477 4776 2828 4852 ἀριξόμενος.
2871 4779 2926 4829 ’0
2986 4775 3040 4830 δε

2065 4869 2180 4925 τοῖς
2210 4862 2402 4919 ἐαυτοῦ
2434 4866 2614 4921 παισὶν
2647 4865 2963 4922 ἀνετέλλετο
3004 4866 3070 4920 τὰ
3101 4865 3269 4920 λοιπᾶ
3299 4871 3413 4927 τοῖς
3455 4870 3704 4939 πτωχοῖς

2069 4950 2361 5027 διανεῖμαι,
2394 4956 2555 5019 αὐτὸς
2589 4955 2645 5011 δέ
2677 4957 2912 5012 ἀνελθὼν
2957 4957 3032 5019 εἷς
3071 4959 3133 5011 τὸ
3188 4956 3339 5032 ὅρος,
3389 4956 3478 5011 καὶ
3520 4957 3706 5010 ἑαυτὸν

2065 5042 2115 5098 ἐν
2147 5043 2331 5116 ἐκείνῳ
2361 5050 2438 5116 τῷ
2464 5045 2615 5118 τόπῳ
2643 5046 2936 5121 ξκαθείρξας
2967 5041 3091 5100 ἔνθα
3135 5047 3185 5100 οἱ
3240 5047 3344 5119 πρὸ
3384 5046 3551 5101 αὐτοῦ
3609 5043 3704 5099 δύο

2065 5131 2482 5204 ἐτελειώθησαν,
2555 5135 2967 5211 προσεκαρτέρει
3034 5140 3113 5208 τῷ
3157 5140 3274 5208 Θεῷ
3324 5135 3710 5213 προσευχόμε-

2065 5243 2181 5284 νος.
2213 5222 2436 5298 Ὀλίγου
2470 5222 2525 5278 δὲ
2570 5223 2988 5288 διιππεύσαντος
3021 5225 3248 5300 χρόνου,
3297 5224 3612 5280 καταλιπὼν
3645 5224 3706 5276 τὸ

2065 5316 2222 5384 σῶμα
2256 5313 2698 5390 ούρανοπολίτης
2729 5315 2958 5391 ἐγένετο.
2995 5321 3081 5378 Ὠς
3111 5313 3166 5370 δὲ
3197 5315 3284 5371 καὶ
3325 5320 3515 5369 τοῦτον
3567 5333 3710 5386 προ-

2063 5399 2282 5474 πέμψας
2314 5403 2388 5464 εἷς
2435 5403 2713 5478 οὐρανοὺς,
2761 5405 2954 5460 λοιπὸν
3002 5407 3088 5460 καὶ
3150 5405 3314 5464 αὐτὸς
3369 5404 3469 5472 τήν
3522 5402 3708 5474 ψυχὴν

2062 5491 2405 5565 ἀπελείπετο,
2459 5497 2654 5566 μηκέτι
2718 5495 2883 5551 πλέον
2949 5495 3181 5564 ἀσκῆσαι
3236 5491 3551 5563 δυνάμενος.
3586 5494 3710 5563 "Ay-

2129 5579 2160 5635 λ
2261 5579 2304 5602 tu
2594 5587 2644 5620 ιβ
2725 5587 2752 5628 Τ
2794 5607 2811 5618 ρ
2935 5585 3026 5618 τ’-
3064 5603 3076 5615 .
3179 5585 3204 5618 τε
3311 5577 3364 5598 ας
3407 5579 3440 5634 λ
3549 5579 3562 5596 κ
3671 5581 3696 5600 γ

2063 5599 2122 5655 γε
2168 5602 2224 5644 ος
2257 5599 2313 5637 οε
2369 5604 2642 5660 παραστα..
2703 5607 2842 5641 επεν
2891 5607 3038 5655 αυιῳ
3109 5589 3274 5654 Δεδρο
3307 5597 3372 5650 οη
3445 5601 3626 5650 οιπον,
3659 5603 3703 5634 ω

2071 5674 2320 5747 μακάριε,
2365 5677 2452 5730 καὶ
2507 5679 2567 5731 σὺ
2635 5677 2711 5740 εἰς
2759 5679 2852 5739 τὰς
2915 5675 3166 5733 αἰωνίους
3237 5673 3456 5741 σκηνάς.
3508 5673 3707 5728 "Hm:

2065 5761 2168 5838 γὰρ
2227 5765 2278 5817 οἱ
2336 5771 2610 5843 προφῆται
2669 5769 2744 5831 εἰς
2800 5768 2927 5831 τοὺς
2973 5767 3176 5822 ἑαυτῶν
3225 5761 3426 5838 χορούς
3486 5781 3544 5816 σε
3601 5763 3702 5816 ὑπο

3093 4775 3260 4848 μηδὲν
3322 4775 3704 4850 ὑπερθέμενος,
