4074 6278
329 364 481 425 1171

1779 389 1782 392 ’
1844 363 2206 424 PALLADII

3580 367 3735 427 11⁵12

328 499 626 574 δεξάμενοι.
654 501 831 555 Τοῦτο
865 496 921 552 δὲ
950 499 1001 552 ἐν
1035 499 1124 552 σοὶ
1155 500 1216 553 τὸ
1264 496 1389 572 πρὶν
1438 497 1537 552 οὑκ
1576 497 1824 571 ἐξεφάνη,
1878 495 1974 550 ’ίνα
2007 501 2060 566 Α
2093 495 2405 570 Φιλήμονα.
2441 498 2637 574 ’Πγετο
2671 495 2761 551 οῦν
2796 497 2888 551 σῦν
2929 495 3110 560 αὐτοῖς
3149 498 3178 551 6
3226 495 3606 560 Ἀπολλώνιος
3647 498 3742 553 καὶ

327 585 403 654 μὴ
466 581 718 654 ἐπαρθεὶς
791 582 1079 654 ζημιωθῇς
1154 587 1254 648 τῆς
1311 580 1480 648 ἀξίας.
1543 580 1836 649 Ἐπιζήσας
1911 576 1969 632 δὲ

327 662 452 735 μίαν
485 660 692 736 ἡμέραν
747 662 936 734 μόνον,
993 655 1369 734 πρεσϐυτέρων
1427 663 1592 714 τινῶν
1644 660 1779 714 κατά
1834 660 1967 714 ἀπο-

323 741 558 814 κάλυψιν
610 742 746 815 πρὸς
791 740 947 794 αὑτὸν
1006 738 1378 809 ἐληλυθότων,
1422 741 1595 795 πάντα
1638 739 1820 801 αὐτοῖς
1871 739 1967 814 ὑφ-

326 822 696 897 ηγησάμενος,
727 817 1008 894 παρέδωκε
1036 822 1134 890 τῆν
1167 822 1372 894 ψυχήν,
1399 822 1687 896 Ἐμφανῶς
1720 818 1776 874 δὲ
1806 819 1965 874 αὑτὸν

326 903 378 955 οἱ
430 898 787 975 πρεσϐύτεροι
847 901 1127 954 ἐθεάσαντο
1186 900 1278 954 σὺν
1341 907 1533 975 χοροῖς
1600 898 1820 954 δικαίων
1879 899 1967 954 καὶ

324 981 574 1056 ἀγγέλων
626 975 1163 1053 ἀναλαμϐανόμενον,
1198 981 1288 1034 καὶ
1341 981 1648 1053 ὑμνούντων
1689 981 1780 1035 τὸν
1813 981 1964 1035 Θεόν.

923 1066 1183 1116 ΚΕΦΑΛ.
1217 1062 1366 1134 Eg”.

709 1148 748 1196 Π
760 1141 839 1216 ερὶ
873 1140 1257 1198 Ἀπολλωνίου
1293 1143 1584 1217 μάρτυρος,

395 1223 592 1296 Γέγονε
625 1220 680 1276 δέ
709 1242 792 1282 τις
825 1221 960 1276 κατὰ
987 1225 1086 1291 τήν
1150 1218 1396 1292 Θηϐαίδα
1439 1227 1704 1298 μοναχὸς,
1737 1224 1968 1295 ὀνόματι

324 1302 724 1376 Ἀρολλώνιος.
759 1303 926 1365 Οὗτος
955 1302 1211 1364 πλείστας
1243 1301 1502 1376 δυνάμεις
1545 1312 1645 1374 τῆς
1683 1303 1966 1366 πολιτείας

322 1383 486 1437 αὐτοῦ
535 1381 841 1452 ἐπεδείξατο
879 1401 890 1413 ⁸
942 1384 1006 1450 ἧν
1060 1380 1136 1457 δὲᾼ
1161 1382 1251 1437 καὶ
1295 1387 1391 1437 τοῦ
1420 1384 1686 1457 ὀνόματος
1717 1391 1817 1452 τῆς
1851 1382 1966 1438 δια-

321 1460 504 1522 κονίας
563 1461 887 1533 ἠξιωμένος.
945 1455 1332 1533 ’Υπερϐάλλων
1393 1459 1449 1514 δὲ
1507 1455 1701 1523 πάσαις
1752 1462 1966 1533 ἀρεταῖς

319 1542 449 1601 τοὺς
481 1541 705 1594 πώποτε
737 1538 1202 1612 εὐδοκιμήσαντας
1233 1540 1283 1593 ἐν
1317 1545 1396 1612 τῷ
1426 1545 1601 1613 καιρῷ
1654 1545 1750 1596 τοῦ
1801 1539 1966 1614 διωγ-

326 1617 452 1691 μοῦ,
485 1621 904 1694 παραθαρσύνων
934 1619 1058 1680 τούς
1109 1621 1351 1694 Χριστοῦ
1401 1619 1780 1697 ὁμολογητὰς,
1826 1619 1964 1674 πολ-

321 1701 453 1760 λούς
487 1702 779 1774 μάρτωρας
828 1700 1135 1754 ἀπετέλεσε.
1171 1701 1274 1756 Καὶ
1321 1701 1482 1765 αὐτὸς
1529 1700 1585 1756 δέ
1632 1701 1963 1778 συλληφθεὶς

321 1780 374 1834 ἐν
436 1783 506 1853 τῇ
556 1781 741 1857 εἱρκτῇ
801 1779 1130 1855 ἐφυλάττετο
1174 1801 1188 1813 ⁸
1250 1783 1385 1856 πρὸς
1445 1785 1506 1838 δν
1554 1781 1800 1856 ἤρχοντο
1858 1786 1964 1836 τῶν

323 1859 603 1932 Ἑλλήνων
635 1862 689 1942 οἱ
733 1862 1082 1939 φαυλότεροι,
1126 1863 1215 1917 καὶ
1270 1863 1470 1938 λόγους
1518 1863 1667 1934 αὐτῷ
1715 1865 1958 1937 παρωξυσ
1994 1876 2042 1942 Β

323 1946 464 2014 σμοῦ
493 1945 582 1997 καὶ
617 1941 973 2020 βλασφημίας
1012 1951 1381 2018 προσεπῆγον.

937 2035 1188 2087 ΚΕΦΑΛ.
1234 2034 1357 2088 ΞΖ’.

319 2119 447 2193 Περὶ
497 2118 825 2192 Φιλήμονος
873 2122 1153 2195 μάρτυρος.
1190 2120 1280 2174 καὶ
1338 2121 1461 2195 περὶ
1491 2125 1601 2175 τῶν
1658 2123 1771 2193 μετ’
1817 2119 1964 2194 αὑτῷ

983 2192 1270 2265 μα’ρτύρῶν
1283 2237 1294 2249 .

386 2281 484 2335 Ἦν
520 2277 576 2333 δέ
603 2300 686 2341 τις
720 2278 771 2350 ἐξ
802 2281 977 2336 αὑτῶν
1033 2279 1317 2354 χοραύλης
1368 2283 1528 2354 ἀνὴρ,
1562 2276 1856 2352 διαϐόητος
1907 2281 1959 2336 ἐν

313 2371 429 2430 τοῖς
487 2368 860 2442 ἀτοπήμασιν,
940 2372 997 2432 ὅς
1084 2370 1402 2444 προσελθὼν
1477 2371 1636 2425 αὑτὸν
1721 2369 1959 2445 ὕϐριζεν,

312 2457 525 2513 ἀνόσιον
561 2459 756 2535 λέγων,
789 2460 877 2514 καὶ
935 2459 1209 2530 ἐπιθέτην,
1241 2461 1331 2515 καὶ
1385 2459 1615 2524 πλάνον,
1668 2461 1755 2515 καὶ
1813 2463 1961 2536 παρά

312 2548 512 2609 πάντας
554 2549 680 2609 τούς
739 2549 1054 2619 ἀνθρώπους
1107 2551 1457 2623 μισούμενον,
1516 2552 1606 2605 καὶ
1669 2551 1958 2626 ὀφείλοντα

312 2637 502 2690 θᾶττον
533 2638 841 2691 ἀποθανεῖν.
903 2641 1046 2711 Πρὸς
1097 2639 1154 2692 ὅν
1217 2661 1378 2711 φησιν
1440 2641 1467 2693 ὁ
1517 2638 1906 2702 Ἀπολλώνιος
1943 2660 1954 2672 ⁸

309 2723 568 2793 Ἐλεήσαι
627 2746 683 2778 σε
734 2727 952 2797 Κύριος,
1012 2725 1283 2799 ἄνθρωπε,
1326 2727 1415 2780 καὶ
1487 2725 1652 2799 μηδέν
1712 2749 1796 2781 σοι
1848 2733 1956 2782 τῶν

306 2815 455 2889 παρὰ
489 2818 584 2868 σοῦ
616 2813 919 2888 εἷ’ρημένων
951 2815 1028 2876 εἷς
1083 2817 1349 2888 ἁμαρτίαν
1409 2815 1724 2890 λογίσηται.
1783 2822 1957 2873 Ταῦτα

308 2905 365 2961 δὲ
395 2904 626 2967 ἀκούσας
678 2907 705 2960 ὁ
764 2903 1050 2980 χοραύλης
1107 2906 1334 2977 ἐκεῖνος,
1368 2905 1642 2980 Φιλήμῶν
1709 2908 1954 2980 ὀνόματι,

306 2994 556 3050 ἐδάκνετο
586 3001 705 3057 ταῖς
737 2997 921 3073 φρεσὶν
957 2995 1061 3050 ὑπὸ
1105 2999 1212 3050 τῶν
1263 2995 1441 3070 λόγων
1480 3000 1576 3051 τοῦ
1622 2994 1813 3070 ἀνδρὸς
1859 3017 1956 3051 κα-

303 3086 574 3164 τανυγείς.
628 3087 904 3161 Ὁρμήσας
961 3083 1017 3140 δὲ
1076 3085 1229 3147 εὐθὺς
1285 3084 1374 3140 ἐπὶ
1422 3086 1485 3140 τὸ
1538 3087 1823 3161 βῆμα,τῷ
1871 3084 1953 3140 δι-

301 3179 474 3248 καστῇ
507 3175 894 3248 παρέιστήκει·
932 3176 1024 3229 καὶ
1057 3195 1221 3250 φησιν
1275 3175 1423 3247 αὑτῷ
1469 3173 1558 3230 ἐπὶ
1603 3179 1700 3230 τοῦ
1746 3172 1949 3247 δήμου,

2078 583 2241 642 ἄλλοί
2272 589 2412 650 τινες
2439 587 2952 664 ὁμολογησάμενοι.
2979 590 3374 662 Πορευομένων
3407 586 3465 643 δὲ
3493 590 3741 660 πάντων,

2078 677 2212 731 κατά
2240 679 2338 746 τὴν
2373 675 2497 732 ὁδὸν
2543 677 2752 746 ἐπῆλθε
2794 679 2956 752 χάρις
3015 677 3097 730 ἐπ’
3146 678 3330 747 αὑτὸν,
3388 677 3479 732 καὶ
3531 678 3742 752 ἤρξατο

2079 762 2346 820 διδάσκειν
2390 765 2516 830 τοὺς
2565 767 2913 840 στρατιώτας.
2957 767 3046 828 Ὡς
3105 764 3162 820 δὲ
3219 769 3309 821 καὶ
3358 765 3508 822 αὐτοὶ
3564 789 3743 823 κατα-

2076 853 2319 929 νυγέντες
2369 855 2681 909 ἐπίστευσαν
2733 860 2814 927 τῷ
2893 861 3133 930 Σωτῆρι,
3201 856 3396 917 πάντες
3453 857 3741 931 ὁμοθυμαο

2077 939 2166 997 δὸν
2195 943 2283 999 ἐπὶ
2314 945 2374 999 τὸ
2411 947 2566 1017 βῆμα
2598 942 2817 1018 δέσμιοι
2851 945 3006 1013 ἦσαν.
3053 943 3159 1008 Οὕς
3210 947 3446 1010 ἅπαντας
3480 947 3508 1001 6
3561 945 3736 1023 ἔπαρ-

2075 1054 2178 1109 χος
2225 1035 2575 1108 θεασάμενος,
2616 1036 2692 1099 ὡς
2739 1033 2846 1091 ἷίδεν
2906 1037 3269 1108 ἀμεταθέτους
3307 1044 3407 1106 τῆς
3470 1037 3732 1109 πίστεως,

2072 1123 2152 1196 τῷ
2206 1127 2356 1198 βυθῷ
2393 1126 2492 1195 τῇς
2537 1124 2815 1195 θαλάσσης
2861 1125 3072 1180 κελεύει
3121 1124 3522 1201 παραδοθῆναι.
3553 1132 3733 1182 Τοῦτο

2078 1209 2134 1266 δὲ
2167 1208 2448 1286 σύμϐολον
2481 1213 2663 1276 αὐτοῖς
2704 1213 2914 1288 ἐγένετο
2943 1218 3039 1269 τοῦ
3072 1214 3451 1290 βαπτίσματος
3480 1231 3495 1246 ⁸
3538 1214 3737 1291 εὑρόν-

2072 1322 2157 1363 τες
2211 1298 2266 1355 δὲ
2305 1300 2500 1363 αὐτοῦς
2552 1303 2603 1354 οἰ
2653 1300 2854 1356 οῖκεῖοι
2904 1303 3039 1376 πρὸς
3092 1302 3185 1364 τὰς
3228 1299 3402 1378 ὄχθας
3459 1301 3736 1378 έρῥιμμέ-

2073 1411 2222 1461 νους,
2259 1395 2418 1444 πᾶσιν
2461 1392 2601 1463 ὁμοῦ
2631 1392 2850 1464 τέμενος
2894 1391 3280 1447 κατεσκεύασαν
3315 1411 3326 1424 ⁸
3393 1389 3515 1447 ἔνθα
3567 1390 3736 1448 δυνά-

2077 1500 2194 1550 μεις
2219 1477 2426 1532 πολλαί
2458 1500 2516 1533 τε
2556 1478 2953 1538 ἐπιτελοῦνται.
2990 1479 3242 1550 Τοσαύτη
3279 1480 3380 1555 γάρ
3429 1501 3510 1542 τις
3561 1482 3735 1557 χάρις

2071 1567 2253 1641 γέγονε
2293 1572 2390 1622 τοῦ
2429 1566 2647 1642 ἀνδρὸς,
2687 1567 2825 1624 ὥστε
2881 1570 2971 1624 καὶ
3023 1569 3152 1644 ὑπὲρ
3207 1571 3280 1623 ὧν
3326 1568 3525 1642 ηὔξατο
3569 1570 3738 1631 εὐθὺς

2074 1655 2518 1726 εἰσακουσθῆναι,
2561 1662 2658 1711 τοῦ
2716 1665 2976 1733 Σωτῆρος
3027 1658 3184 1712 αὑτὸν
3265 1657 3406 1714 οὕτω
3452 1662 3740 1731 τιμήσαν-

2071 1766 2161 1806 τος
2196 1765 2208 1778 ⁸
2254 1746 2310 1800 ’ὸν
2345 1745 2433 1800 καὶ
2482 1748 2645 1819 ἡμεὶς
2693 1745 2746 1801 ἐν
2789 1751 2867 1819 τῷ
2917 1747 3199 1824 μαρτυρίῳ
3247 1746 3528 1822 εὐξάμενοι
3586 1749 3738 1802 ἐθεα-

2074 1835 2281 1907 σάμεθα
2356 1836 2468 1906 ἅμα
2536 1840 2652 1898 τοῖς
2727 1837 2820 1892 σὺν
2902 1838 3054 1909 αὑτῷ
3124 1839 3551 1914 μαρτυρήσασιν.
3628 1840 3737 1892 Καὶ

2074 1926 2544 1999 προσκυνήσαντες
2581 1928 2660 1996 τῷ
2699 1929 2814 1998 Θεῷ
2843 1927 3203 2000 ἠσπασάμεθα
3250 1927 3422 1982 αὐτῶν
3471 1929 3540 1983 τὰ
3597 1949 3740 1998 σκη-

2073 2014 2300 2086 νώματα
2329 2012 2380 2067 ἐν
2411 2016 2479 2086 τῇ
2503 2009 2755 2084 Θηϐαίδι.

2676 2112 2930 2167 ΚΕΦΔΛ.
2974 2112 3108 2168 ΞΗ’.

2323 2198 2452 2272 Περὶ
2505 2194 2681 2255 Ἀϐϐιῖι⁹
2732 2199 3030 2276 Διοσκόρου
3080 2197 3467 2275 πρεσϐυτέρου.

2145 2293 2348 2352 ’Δλλον
2381 2294 2439 2350 δὲ
2468 2291 2831 2370 πρεσϐύτερον
2879 2294 3067 2369 ἴδομεν
3101 2297 3154 2352 ἐν
3203 2293 3435 2368 Θηϐαΐδι
3484 2299 3722 2355 Διόσκο-

2072 2396 2164 2450 ρον
2199 2375 2450 2449 ὀνόματι,
2480 2377 2694 2452 Πατέρα
2727 2382 2984 2452 μοναχῶν
3025 2378 3238 2449 ἑκατὸν,
3288 2379 3347 2440 ’ὸς
3410 2376 3723 2452 μέλλοντας

2069 2454 2267 2518 αὐτοὺς
2299 2454 2619 2530 προσελθεῖν
2651 2461 2720 2531 τῇ
2761 2458 2951 2533 χάριτι
3007 2461 3102 2512 τοῦ
3153 2461 3309 2528 Θεοῦ,
3358 2456 3508 2535 ἔλεγε
3572 2462 3717 2534 πρὸς

2068 2536 2264 2598 αὑτούς
2300 2541 2530 2612 ’Ὁρᾶτε
2590 2540 2666 2610 μή
2719 2559 2801 2601 τις
2848 2537 2898 2592 ἐν
2951 2539 3219 2616 φαντασίᾳ
3275 2541 3520 2613 γυναικὸς
3554 2540 3714 2616 γενό-

2071 2638 2248 2690 μενος,
2309 2617 2360 2672 ἐν
2415 2620 2563 2673 νυκτὶ
2620 2616 2921 2691 τολμήσειε
2976 2620 3296 2694 προσελθεῖν
3361 2626 3475 2682 τοῖς
3534 2622 3711 2697 ἁγίοις

2070 2697 2433 2771 μυστηρίοις,ι
2486 2700 2561 2770 μή
2647 2719 2729 2759 τις
2799 2698 2846 2768 ἐξ
2921 2701 3073 2772 ὑμῶν
3157 2702 3560 2776 φανταζόμενος
3628 2700 3707 2755 ἐν-

2067 2779 2358 2849 υπνιασθῇ.
2408 2779 2474 2834 Αἰ
2530 2779 2632 2853 γὰρ
2682 2777 2804 2833 ἄνευ
2860 2783 2967 2833 τῶν
3035 2784 3338 2855 φαντασιῶν
3397 2779 3706 2856 γονόρῥοια.

2065 2859 2388 2930 αὐτομάτως
2420 2857 2726 2932 γινόμεναι,
2779 2859 2877 2912 οὐκ
2927 2860 2986 2914 ἐκ
3034 2862 3410 2934 προαιράσεως
3461 2863 3712 2932 ἑκάστου,

2063 2936 2192 3017 ἀλλί
2241 2934 2568 3009 ἀϐουλήτως
2626 2939 2915 3013 γενόμεναί
2974 2940 3131 2996 εἶσιν.
3189 2943 3281 2996 Ἐκ
3337 2940 3553 3017 φύσεως
3609 2945 3715 3017 γὰρ

2063 3016 2451 3092 προέρχονται,
2503 3019 2594 3073 καὶ
2652 3019 2712 3073 ἐκ
2768 3021 3083 3094 περιουσίας
3139 3019 3279 3091 ὕλης
3346 3016 3716 3096 ἐκκρίνονται.

2065 3100 2158 3152 Διὸ
2189 3096 2376 3152 οὑδεὺ
2463 3098 2512 3153 ’θ
2621 3100 2634 3153 ί
2697 3098 2716 3120 ’³
2836 3105 2864 3115 ⁴⁹
2929 3102 2944 3120 ’
3109 3099 3123 3154 ί
3357 3103 3372 3118 ‘
3647 3103 3659 3122 '

2382 3119 2480 3153 πευ
2518 3120 2626 3179 υνο.
2668 3120 2769 3154 εισι
2799 3120 2867 3175 τῃ
2919 3121 3098 3174 αμαρτ
3129 3123 3179 3172 α.
3211 3102 3277 3157 Αἰ
3327 3099 3384 3157 δε
3434 3124 3716 3179 φαντασιαι

2063 3176 2124 3233 ἐκ
2179 3179 2546 3255 προαιρέσεως
2601 3175 2877 3255 ἔρχονται,
2935 3181 3027 3235 καὶ
3084 3187 3184 3250 τῆς
3250 3175 3715 3256 κακῆς-γνώμης

302 3264 499 3320 ’Ἄδικα
540 3267 815 3340 πράττεις,
850 3265 896 3318 ὦ
947 3262 1193 3336 δικαστά,
1225 3264 1498 3342 θεοφιλεῖς
1539 3267 1628 3320 καὶ
1681 3264 1949 3326 ἀναιτίοος
1983 3242 2031 3308 C
2062 3259 2172 3314 ἐστί
2206 3261 2531 3342 τεκμήριον.
2564 3266 2659 3342 Δεῖ
2684 3261 2775 3316 οῦν
2807 3263 2896 3316 τὸν
2930 3263 3169 3342 μοναχὸν
3207 3263 3296 3316 καὶ
3346 3270 3448 3332 τῆς
3498 3265 3713 3341 φύσεως

301 3351 496 3426 ἄνδρας
548 3354 818 3422 κολάζων.
873 3351 1038 3408 Οὐδέν
1086 3355 1190 3428 γὰρ
1251 3353 1458 3430 φαῦλον
1518 3359 1568 3408 οἳ
1628 3353 1947 3430 Χριστιανοὶ

300 3445 572 3508 ποιοῦσιν,
607 3440 732 3496 οὐδὲ
764 3441 1034 3516 λέγουσιν,
1069 3440 1324 3496 ἀλλὰκαὶ
1347 3445 1478 3504 τοὺς
1510 3443 1738 3518 ἐχθροὺς
1772 3442 1946 3498 αὑτῶν

301 3526 656 3599 εὑλογοῦσιν.
683 3531 744 3584 Ὀ
776 3526 853 3594 δὲ,
905 3533 1072 3582 ταῦτα
1130 3529 1293 3582 αὑτοῦ
1329 3529 1607 3603 λέγοντος,
1638 3534 1704 3586 τὰ
1760 3538 1951 3606 πρῶτα

306 3614 403 3687 μὲν
445 3611 584 3684 ᾤετο
631 3613 795 3666 αὑτὸν
847 3611 1220 3686 εἰρωνεύεσθαι
1276 3615 1367 3667 καὶ
1408 3616 1737 3690 γελοιάζειν,
1779 3620 1852 3680 ὡς
1895 3617 1951 3674 δὲ

303 3701 626 3774 ἐπιμένοντα
685 3697 818 3754 εἶδεν
857 3720 869 3732 ⁸
931 3701 1214 3774 Μέμηνας,
1291 3703 1473 3780 φησὶν,
1550 3703 1594 3758 ὦ
1678 3706 1947 3782 ἄνθρωπε,

303 3791 439 3866 πρὸς
487 3790 672 3861 αὑτὸν,
705 3791 794 3845 καὶ
846 3789 904 3846 ἐκ
963 3796 1168 3869 φρενῶν
1223 3794 1446 3870 γέγονας
1497 3794 1736 3866 ἐξάπινα.
1769 3797 1830 3854 Ὀ
1871 3799 1948 3866 ὀὶ,

305 3879 380 3936 OG
425 3878 714 3953 μαίνομαι,
766 3881 952 3953 φησὶν,
996 3877 1295 3936 ἀδικώτατε
1347 3879 1588 3943 δικαστά.
1622 3887 1948 3958 Χριστιανὸς

304 3971 406 4046 γάρ
469 3968 605 4041 εἰμι.
639 3972 700 4026 Ὀ
760 3966 816 4023 δὲ
872 3968 1111 4031 πολλαῖς
1161 3969 1470 4034 κολακείαις
1519 3973 1632 4047 ἅμα
1678 3980 1758 4048 τῷ
1789 3971 1949 4055 ὄχλῳ

304 4058 501 4113 πείθειν
532 4059 696 4114 αὑτὸν
721 4059 992 4134 ἐπειρᾶτο.
1028 4063 1114 4121 Ὡς
1158 4059 1214 4115 δὲ
1261 4060 1589 4135 ἀμετάθετον
1635 4062 1764 4129 εἶδε,
1813 4086 1948 4120 παν-

302 4149 455 4209 τοίας
488 4149 753 4222 βασάνους
785 4149 934 4219 αὑτῷ
974 4156 1268 4224 προσῆγεν.
1300 4150 1399 4205 Τὸν
1454 4149 1510 4206 δὲ
1567 4152 1950 4212 Ἀπολλώνιον

304 4237 644 4311 ἀνάρπαστον
677 4237 1068 4311 ποιησάμενος,
1125 4239 1215 4292 καὶ
1263 4238 1501 4303 πολλαῖς
1548 4241 1752 4306 αἰκίαις
1794 4265 1950 4319 περι-

307 4322 514 4392 ϐαλὼν,
545 4325 618 4387 ὡς
647 4325 852 4380 πλάνον
903 4327 1064 4380 αὑτὸν
1127 4322 1458 4399 ἐϐάσανιζεν.
1516 4331 1572 4385 Ὀ
1631 4328 1687 4386 δὲ
1744 4333 1951 4388 Ἀπολ-

307 4413 509 4473 λώνιος
539 4415 674 4488 πρὸς
708 4412 866 4468 αὑτὸν
899 4409 999 4491 ἔφη
1035 4435 1047 4447 ⁸
1087 4415 1364 4490 Εὐξαίμην
1390 4418 1452 4472 ἃν
1477 4420 1566 4473 καὶ
1596 4420 1674 4491 σὲ,
1708 4418 1950 4492 δικαστά,

306 4501 398 4558 καὶ
441 4501 614 4556 πάντα
662 4500 794 4563 τοὺς
845 4504 1227 4577 συμπαρόντας
1281 4527 1375 4577 μοι
1425 4508 1591 4582 ταύτῃ
1637 4515 1706 4583 τῇ
1773 4510 1954 4585 πλάνῃ

2059 3337 2400 3414 ὑπερϐαίνειν
2459 3341 2550 3396 τὸν
2605 3341 2795 3414 νόμον,
2853 3342 2944 3397 καὶ
3005 3340 3146 3416 μηδὲ
3205 3342 3281 3406 εἴς
3339 3366 3461 3398 τινα
3511 3337 3712 3419 μικρὸν

2062 3419 2348 3493 μολυσμὸν
2405 3421 2601 3494 σαρκὸς
2673 3423 2960 3496 εὑρεθῆναι
3020 3441 3034 3456 ⁸
3092 3422 3237 3478 ἀλλὰ
3332 3427 3516 3494 τήκειν
3612 3427 3714 3493 τὴν

2058 3502 2250 3574 σάρκα,
2313 3500 2401 3554 καὶ
2472 3503 2546 3573 μή
2609 3508 2868 3579 συγχρεῖν
2913 3503 2964 3558 ἐν
3034 3503 3170 3578 αὐτῇ
3238 3507 3568 3580 περισσεύειν
3608 3507 3711 3574 τήν

2057 3580 2219 3652 ὕλην.
2280 3585 2541 3656 Πειρᾶσθε
2600 3581 2661 3637 οὗ
2727 3589 2958 3638 κενῶσαι
3013 3586 3111 3652 τὴν
3175 3584 3314 3653 ὕλην
3364 3589 3431 3659 τῇ
3473 3593 3575 3655 τῆς
3605 3609 3715 3656 νη-

2058 3663 2236 3722 στείας
2292 3660 2447 3734 ΐκανῇ
2507 3665 2805 3738 παρατάσει
2850 3670 2865 3696 ‘
2927 3665 2971 3719 εἰ
3038 3662 3096 3719 δὲ
3139 3666 3239 3736 μή,
3289 3667 3379 3720 καὶ
3428 3668 3565 3739 πρὸς
3614 3670 3715 3729 τάς

2057 3741 2256 3824 όρέξεις
2321 3743 2469 3824 ἡμᾶς
2526 3742 2770 3824 ἐρεθίζει.
2831 3745 2904 3799 Οὐ
2964 3742 3045 3824 δεῖ
3088 3743 3146 3799 δὲ
3191 3746 3284 3800 τὸν
3321 3747 3565 3824 μοναχὸν
3595 3752 3712 3802 τῶν

2058 3820 2282 3896 ὀρέξεων
2343 3820 2489 3884 ὅλως
2548 3821 2876 3902 ἐφάπτεσθαι
2908 3842 2920 3855 ⁸
2980 3823 3097 3880 ἐπεὶ
3129 3824 3181 3880 ἐν
3222 3824 3325 3881 τίνι
3372 3820 3563 3881 διοίσει
3594 3832 3706 3882 τῶν

2056 3905 2386 3982 κοσμικῶνς
2447 3901 2538 3982 οῦς
2589 3903 2862 3966 πολλάκις
2919 3905 3131 3980 ὁρῶμεν
3186 3907 3276 3961 καὶ
3327 3911 3436 3962 τῶν
3465 3908 3709 3982 τέρψεων

2060 3979 2438 4057 ἀπεχομένους
2471 3979 2540 4036 δι’
2575 3981 2749 4057 ὑγείαν
2799 3979 3074 4057 σώματος,
3105 3986 3140 4054 ἢ
3191 3983 3260 4040 δι’
3317 3983 3492 4049 ἄλλοις
3532 3979 3711 4049 -τινὰς

2059 4060 2160 4116 οὐκ
2187 4059 2426 4138 ἀλόγους
2459 4062 2632 4125 αἰτίας
2669 4081 2682 4133 ;
2725 4063 2879 4136 πόσῳ
2927 4063 2994 4135 δὴ
3047 4063 3138 4120 οὖν
3185 4063 3397 4140 μᾶλλον
3440 4066 3712 4140 ἐπιμελη-

2057 4142 2178 4197 τέον
2233 4143 2312 4214 τῷ
2356 4148 2589 4218 μοναχῴ
2617 4151 2718 4214 τῆς
2765 4148 2948 4220 ψυχῆς
3005 4147 3105 4216 τὴν
3137 4145 3312 4201 αἰτίαν
3360 4147 3451 4203 καὶ
3506 4148 3711 4222 ὑγείαν,

2059 4223 2146 4277 καὶ
2188 4227 2289 4277 τοῦ
2319 4227 2434 4289 νοῦ,
2465 4224 2554 4278 καὶ
2586 4228 2684 4279 τοῦ
2715 4227 3022 4298 πνεύματος
3055 4247 3071 4296 ;

2669 4329 2927 4381 ΚΕΦΑΛ.
2969 4325 3094 4381 ΞΘ’.

2372 4412 2501 4484 Περὶ
2532 4416 2640 4466 τῶν
2681 4412 2733 4467 ἐν
2767 4416 2835 4487 τῇ
2878 4413 3073 4487 Νιτρία
3106 4420 3383 4488 μοναχῶν.

2137 4514 2504 4586 Κατήχθημεν
2547 4509 2604 4567 δῖε
2641 4513 2730 4567 καὶ
2775 4514 2852 4578 εἰς
2898 4515 3144 4589 Νιτρίαν,
3175 4509 3290 4569 ἔνθα
3333 4511 3569 4573 πολλοὺς
3600 4513 3692 4566 καὶ

309 4612 413 4663 μου
444 4590 900 4679 ἐξακολουθῆσαι.
934 4592 993 4647 Ὁ
1025 4589 1081 4646 δὲ
1109 4597 1204 4646 τοῦ
1256 4598 1423 4650 ταῦτα
1473 4594 1734 4672 λέγοντος
1775 4599 1950 4676 ἀμφο-
1983 4613 2030 4678 D
2066 4602 2341 4679 μεγάλους
2374 4604 2734 4678 ἀναχωρητὰς
2770 4603 3086 4679 ἑωράκαμεν
3123 4625 3134 4638 ·
3166 4607 3318 4659 τοῦτο
3369 4602 3460 4675 μὶν
3512 4600 3690 4675 ἐγχω-

301 4679 490 4756 τέρους
523 4681 648 4755 πυρὶ
705 4677 1076 4755 παραδοθῆναι
1135 4682 1455 4758 προστάττει
1507 4685 1558 4740 ἐν
1616 4684 1769 4761 ὄψεσι
1827 4710 1956 4743 παν-

302 4772 394 4833 τὸς
425 4773 520 4825 τοῦ
552 4770 823 4842 πλήθους.
862 4773 947 4833 Ὠς
981 4769 1036 4826 δὲ
1059 4771 1110 4827 ἐν
1161 4776 1230 4846 τῇ
1263 4772 1432 4853 φλογὶ
1481 4775 1636 4846 ἦσαν,
1687 4777 1952 4852 παρόντος

302 4863 401 4913 τυῦ
433 4856 708 4929 δικαστοῦ,
743 4863 925 4938 φωνὴν
958 4863 1149 4937 ἀφίησι
1192 4863 1328 4937 πρὸς
1368 4865 1459 4919 τὸν
1511 4867 1640 4920 Θεὸν
1693 4868 1720 4921 6
1780 4869 1951 4940 μακά-

305 4967 422 5022 ριος
449 4944 829 5011 Ἀπολλώνιος
864 4949 940 5010 εἰς
977 4951 1218 5021 ὑπήκοον
1253 4953 1449 5014 παντὸς
1498 4957 1595 5007 τοῦ
1645 4951 1825 5028 δήμου
1862 4958 1951 5012 καὶ

303 5040 403 5092 τοῦ
436 5032 708 5090 δικαστοῦ·
768 5039 858 5106 Μὴ
917 5038 1194 5112 παραδῷς,
1256 5041 1518 5111 Δέσποτα,
1569 5049 1686 5108 τοῖς
1737 5045 1949 5119 θηρίοις

305 5125 488 5200 ψυχὰς
537 5122 1048 5199 ἐξομολογουμένας
1096 5150 1202 5200 σοι,
1256 5129 1403 5184 ἀλλά
1451 5131 1642 5186 σαυτὸν
1696 5133 1949 5211 ἐμφανῶς

300 5219 438 5288 ἡμῖν
474 5211 756 5283 ἐπίδειξον.
793 5213 892 5268 Καὶ
926 5212 992 5283 δὴ
1024 5217 1217 5294 νεφέλη
1248 5217 1563 5294 δροσοειδῆς
1595 5222 1685 5277 καὶ
1718 5227 1949 5300 φωτεινὴ

302 5305 602 5362 ἐπελθοῦσα
649 5302 888 5377 ἐκάλυψε
943 5303 1069 5368 τοῦς
1125 5305 1341 5380 ἄνδρας,
1396 5311 1459 5364 τὸ
1528 5315 1631 5385 πῦρ
1718 5309 1948 5368 ἀποσϐέ-

304 5417 455 5450 σασα.
518 5393 895 5469 Θαυμάσαντες
958 5390 1012 5447 δὲ
1084 5394 1134 5448 οἱ
1203 5393 1369 5469 δῆμοι
1432 5399 1520 5454 καὶ
1584 5403 1611 5455 6
1671 5399 1949 5475 δικαστὴς,

301 5480 494 5553 ἐϐόων,
527 5486 616 5545 Εἷς
662 5485 689 5538 6
750 5485 878 5544 Θεὸς
937 5488 1043 5537 τῶν
1104 5490 1455 5558 Χριστιανῶν.
1518 5490 1835 5567 ’Λναγγέλει
1897 5491 1952 5547 δέ

299 5594 381 5632 τις
438 5577 604 5627 ταῦτα
680 5581 786 5629 τῶν
847 5575 1168 5649 κακούργων
1241 5579 1319 5648 τῷ
1378 5584 1479 5646 τῆς
1549 5579 1952 5656 Ἀλεξανδρείας

301 5660 530 5735 ἐπάρχῳ
580 5679 592 5693 ⁸
635 5664 697 5724 ὃς
741 5665 927 5738 ὠμούς
968 5685 1119 5728 τινας
1169 5665 1257 5719 καὶ
1315 5666 1539 5740 ἀγρίους
1589 5672 1950 5745 προτέκτορας

299 5751 390 5805 καὶ
460 5750 725 5820 ταξεώτας
804 5751 1218 5828 ἐπιλεξάμενος,
1294 5753 1634 5826 ἐξαπέστειλε
1691 5760 1828 5832 πρὸς
1888 5761 1950 5815 τὸ

303 5837 559 5912 δεσμίους
587 5841 791 5904 πάντας
823 5841 1062 5916 ἀχθῆναι
1091 5842 1219 5910 τοὺς
1249 5845 1376 5920 περὶ
1423 5846 1518 5902 τὸν
1566 5843 1823 5918 δικαστὴν
1859 5849 1952 5904 καὶ

2059 4694 2233 4765 ρίους,
2262 4696 2428 4746 τοῦτο
2462 4689 2519 4747 δὲ
2564 4693 2653 4746 καὶ
2713 4690 2910 4764 ξένους,
2967 4691 3252 4764 ἀλλήλους
3307 4696 3423 4752 ταῖς
3479 4690 3697 4764 ἀρεταῖς

2061 4775 2528 4856 ὑπερϐάλλοντας,
2561 4781 2649 4836 καὶ
2681 4781 3135 4859 φιλονεικώτερον
3167 4783 3303 4856 πρὸς
3350 4783 3446 4849 τὴν
3479 4775 3700 4848 ἄσκησιν

2061 4867 2449 4942 διακειμένους,
2481 4871 2652 4924 πᾶσάν
2692 4891 2751 4924 τε
2815 4870 3011 4946 ἀρετήν
3088 4867 3555 4943 ἐνδεικνυμένους,
3616 4869 3708 4922 καὶ

2058 4959 2110 5016 ἐν
2136 4965 2204 5034 τῇ
2263 4959 2514 5031 πολιτείᾳ
2550 4959 2838 5031 ἀλλήλους
2873 4957 3240 5036 ὑπερϐάλλειν
3275 4981 3288 4994 ⁸
3347 4960 3438 5015 καὶ
3497 4960 3550 5013 οἰ
3611 4960 3704 5032 μὲν

2060 5050 2232 5106 αὐτῶν
2279 5051 2400 5124 περὶ
2433 5052 2530 5119 τήν
2586 5051 2834 5125 θεωρίαν,
2867 5052 2919 5106 οἱ
2964 5049 3020 5106 δὲ
3060 5051 3186 5126 περὶ
3244 5051 3345 5120 τὴν
3405 5052 3710 5125 πρακτικὴν

2058 5141 2406 5218 ἠσχολοῦντο
2434 5187 2445 5200 .
2480 5139 2700 5204 Ἰδόντες
2728 5145 2831 5218 γὰρ
2858 5143 3005 5217 ἡμᾶς
3026 5164 3165 5206 τινες
3197 5143 3252 5214 ἒξ
3283 5143 3464 5197 αὐτῶν
3495 5140 3715 5215 ποβρω·

2059 5232 2146 5285 θεν
2175 5230 2508 5305 ἐρχομένους
2550 5229 2638 5285 διὰ
2684 5237 2782 5300 τῆς
2812 5231 3023 5306 ἐρήμου
3059 5250 3070 5263 ⁸
3109 5233 3160 5286 οἱ
3197 5231 3294 5304 μὲν
3331 5231 3470 5304 μετᾶ
3517 5227 3713 5291 ὕδατος

2057 5323 2191 5393 ἡμῖν
2225 5322 2669 5393 προῦπήντησαν,
2709 5321 2759 5374 οἱ
2791 5318 2848 5375 δέ
2889 5319 3016 5381 τοὺς
3047 5317 3218 5381 πόδας
3260 5322 3421 5392 ἡμῶν
3476 5317 3717 5390 ἔνιπτον,

2058 5411 2108 5464 οἱ
2134 5407 2189 5464 δέ
2211 5410 2274 5465 τὰ
2301 5411 2494 5482 ἱμάτια
2523 5407 2774 5481 ἔπλυνον,
2799 5412 2852 5464 οἱ
2876 5408 2931 5464 δὲ
2963 5408 3051 5464 ἐπὶ
3075 5409 3284 5487 τροφὴν
3319 5407 3668 5483 παρεκάλουν
3697 5426 3711 5438 ⁸

2058 5496 2223 5552 ἄλλοι
2250 5496 2306 5553 δέ
2324 5497 2411 5553 ἐπὶ
2433 5499 2531 5567 τὴν
2557 5499 2763 5573 ἀρετῶν
2788 5499 3044 5570 μάθησιν,
3079 5497 3246 5552 ἄλλοι
3269 5495 3328 5551 δὶ
3349 5495 3439 5552 ἐπὶ
3461 5497 3560 5565 τὴν
3586 5498 3723 5551 θεω-

2057 5588 2174 5660 ρίαν
2208 5588 2297 5643 καὶ
2327 5589 2424 5656 τήν
2457 5591 2553 5642 τοῦ
2576 5592 2708 5643 Θεοῦ
2735 5592 2936 5661 γνῶσιν
2969 5607 2984 5620 ⁸
3008 5587 3097 5642 καὶ
3133 5586 3264 5662 ὅπερ
3294 5583 3522 5648 ἕκαστος
3542 5585 3724 5643 αὐτῶν

2057 5673 2317 5747 ἠδύνατο,
2365 5681 2525 5732 τοῦτο
2581 5674 2828 5733 ἔσπευδεν
2898 5679 3044 5750 ἡμᾶς
3113 5677 3370 5754 ὠφελεῖν,
3415 5676 3514 5730 Καὶ
3573 5675 3630 5730 τί
3662 5677 3724 5730 ἂν

2060 5785 2140 5828 ςις
2181 5763 2325 5821 εἷ’ποι
2383 5767 2557 5829 πάσας
2617 5764 2794 5822 αὑτῶν
2851 5767 2947 5828 τὰς
2997 5767 3215 5842 ἀρετὰς,
3270 5761 3441 5838 μηδὲν
3481 5762 3723 5837 ἐπαξίως

2058 5851 2238 5932 λέγειν
2297 5854 2591 5931 δυνάμενος
2625 5873 2642 5930 ;
2679 5857 2929 5931 Ἐρημον
2963 5853 3055 5912 οὖν
3085 5855 3295 5911 οἰκοῦσι
3343 5853 3436 5909 τὸν
3491 5853 3664 5910 τόπον
3704 5874 3720 5888 ⁸
