4074 6278
271 401 424 460 1173

1607 394 1975 456 HISTORIA
2017 388 2433 455 LAUSIACA.

3636 398 3786 458 1174

266 534 579 606 accepturi.
613 534 731 588 Hoc
770 536 968 588 autem
1002 548 1114 586 non
1149 530 1250 585 tibi
1303 530 1460 601 prius
1490 529 1794 599 declaravi,
1831 545 1902 584 ne
1926 529 1972 583 si
2006 532 2055 597 Α
2088 546 2211 585 cem
2271 533 2328 584 et
2380 528 2799 585 Philemonem.
2834 529 3166 586 Ducebatur
3215 546 3347 599 ergo
3398 547 3516 585 una
3536 546 3667 586 cum
3702 533 3785 586 eis

263 624 477 680 fuisses
507 624 710 692 elatus,
736 623 807 678 de
838 622 957 677 tuis
980 620 1378 676 detraheretur
1398 618 1637 674 meritis.
1665 620 1806 673 Cum
1831 634 1964 688 ergo

262 732 375 769 uno
394 715 508 769 solo
543 714 635 767 die
661 712 1166 783 supervixisset,et
1190 727 1288 781 per
1321 709 1726 764 revelationem
1743 709 1811 762 ad
1830 724 1964 763 eum

262 803 555 858 venissent
589 802 829 874 quidam
864 799 1203 870 presbyteri,
1236 799 1507 854 omnibus
1543 796 1663 852 illis
1695 798 1963 863 narratis,

258 892 495 946 tradidit
542 892 1053 960 animam.Aperte
1102 893 1295 944 autem
1347 889 1609 943 videntes
1643 886 1967 957 presbyteri

257 996 387 1035 eum
432 981 657 1036 assumi
681 982 737 1035 in
772 980 964 1035 choris
986 981 1283 1051 justorum
1309 986 1363 1033 et
1395 976 1963 1047 angelorum,Deum

256 1069 597 1126 laudabant.

886 1177 1116 1233 CAPUT
1150 1176 1334 1232 LXVI.

674 1271 807 1325 Vita
844 1269 1058 1326 abbatis
1088 1267 1364 1339 Apollonii
1396 1267 1563 1338 (110).

330 1363 456 1417 Fuit
488 1363 541 1416 in
586 1362 884 1417 Thebaide
913 1360 1151 1431 quidam
1186 1358 1524 1421 monachus,
1556 1356 1787 1412 nomine
1808 1355 1968 1427 Apol-

255 1450 449 1506 lonius
480 1452 670 1522 (Πυθίη
706 1452 743 1505 1.
776 1469 836 1517 II,
861 1467 979 1521 cap.
1018 1451 1125 1519 19).
1159 1450 1215 1504 Is
1247 1450 1524 1519 plurimas
1556 1448 1811 1502 ostendit
1850 1447 1966 1501 vir-

254 1543 408 1595 tutes
439 1545 495 1595 et
536 1542 688 1597 facta
733 1539 984 1610 egregia,
1018 1539 1232 1609 dignus
1290 1554 1520 1608 quoque
1573 1537 1682 1591 fuit
1728 1536 1965 1591 habitus

253 1630 402 1686 dono
436 1632 710 1687 doctrinas
743 1648 924 1702 supra
955 1630 1167 1686 multos
1204 1631 1306 1701 qui
1337 1635 1473 1684 tunc
1517 1630 1670 1684 luere
1702 1629 1966 1697 insignes

250 1720 584 1777 virtutibus.
610 1721 664 1776 Is
706 1721 763 1775 in
795 1727 1056 1791 tempore
1113 1719 1534 1790 persecutionis
1588 1719 1808 1773 addens
1840 1718 1965 1772 ani-

251 1827 408 1866 mum
442 1810 654 1867 Christi
687 1810 1146 1876 confessoribus,
1181 1809 1396 1864 multos
1436 1808 1625 1863 effecit
1657 1815 1960 1875 martyres.

250 1900 421 1954 Porro
446 1904 638 1955 autem
680 1900 806 1970 ipse
838 1914 1066 1970 quoque
1098 1898 1556 1969 comprehensus
1589 1896 1959 1951 custodieba~
1994 1902 2039 1966 Β

249 1995 342 2042 tur
372 1989 429 2043 in
464 2003 731 2044 carcere:
769 1989 835 2043 ad
863 2004 1030 2059 quem
1076 1987 1403 2053 veniebant,
1438 1988 1535 2057 qui
1588 2002 1655 2041 ex
1684 1987 1958 2057 gentibus

248 2082 414 2134 erant
444 2080 771 2149 nequiores,
804 2084 861 2133 et
890 2094 1024 2134 cum
1055 2094 1120 2134 eo
1146 2079 1541 2148 disputabant,
1571 2076 1956 2133 incessebant-

249 2184 361 2237 que
392 2167 739 2236 maledictis,
774 2172 831 2223 et
850 2167 1196 2223 irridebant.

866 2259 1100 2312 CAPUT
1141 2257 1328 2312 LXVI.

249 2345 319 2400 De
349 2344 665 2401 Philemone
702 2347 852 2418 (111)
884 2352 1140 2415 martyre
1177 2352 1229 2401 et
1269 2349 1337 2401 iis
1367 2349 1461 2417 qui
1497 2363 1621 2403 cum
1659 2350 1778 2419 ipso
1808 2350 1961 2416 fuere

918 2419 1281 2489 martyribus.

318 2508 446 2561 Erat
479 2511 667 2562 autem
702 2508 939 2577 quidam
994 2524 1063 2562 ex
1108 2508 1251 2577 ipsis
1283 2507 1611 2575 choraules,
1646 2509 1728 2562 vir
1762 2510 1957 2577 nequi-

244 2596 344 2651 tiis
378 2596 653 2664 famosus,
690 2596 790 2667 qui
822 2598 1102 2651 accedens
1133 2612 1268 2650 eum
1320 2598 1627 2667 appetabat
1668 2600 1958 2651 contume-

248 2685 361 2753 liis,
396 2686 594 2740 dicens
626 2702 757 2740 eum
789 2685 1029 2756 impium
1062 2690 1119 2741 et
1169 2685 1570 2756 impostorem,
1605 2690 1661 2741 et
1692 2686 1954 2755 planum,

242 2779 299 2830 et
337 2775 437 2846 qui
492 2776 562 2829 ab
594 2776 865 2831 omnibus
899 2776 1226 2831 habebatur
1249 2777 1401 2843 odio,
1453 2782 1509 2830 et
1554 2778 1647 2847 qui
1711 2778 1959 2832 debebat

246 2866 387 2919 mori
421 2864 594 2920 citius
631 2865 825 2937 (Ra/71,
856 2866 893 2918 ι.
930 2882 990 2933 n,
1022 2881 1146 2935 cap.
1202 2866 1309 2937 19).
1343 2865 1485 2920 Cum
1557 2866 1697 2921 dicit
1729 2868 1957 2938 Apollo-

244 2955 375 3009 nius
410 2972 420 3007 :
460 2955 830 3011 Miserebitur
862 2957 947 3011 tui
1007 2958 1308 3024 Dominus,
1341 2974 1372 3011 ο
1420 2957 1614 3025 homo,
1651 2962 1706 3011 et
1754 2974 1953 3014 eorum

244 3059 369 3113 quae
403 3043 556 3098 dicta
576 3048 715 3098 sunt
738 3044 883 3097 nihil
914 3044 1019 3098 tibi
1052 3049 1351 3116 reputetur
1380 3046 1452 3099 ad
1486 3054 1803 3113 peccatum.
1832 3049 1957 3103 Haec

244 3138 439 3189 autem
472 3148 601 3188 eum
636 3134 919 3190 audiisset
945 3135 1040 3189 ille
1087 3135 1412 3198 choraules,
1449 3136 1747 3191 Philemon
1775 3138 1960 3192 nomi-

244 3238 336 3289 ne,
369 3222 739 3278 mordebatur
788 3222 1007 3291 animo,
1058 3241 1091 3277 a
1137 3223 1326 3279 verbis
1380 3224 1504 3293 ejus
1548 3230 1954 3295 compunctus.

248 3312 457 3367 Statim
488 3318 683 3367 autem
716 3314 784 3368 ad
822 3312 1081 3367 tribunal
1105 3314 1419 3382 prolectus,
1452 3331 1648 3370 coram
1676 3317 1876 3386 judice
1895 3333 1956 3371 se

246 3402 418 3467 sistit,
454 3407 511 3456 et
567 3402 798 3468 eidicit,
823 3402 1034 3473 populo
1087 3407 1412 3473 praesente:
1460 3407 1679 3474 lnjuste
1738 3406 1953 3472 facis,o

239 3491 436 3560 judex,
479 3493 575 3561 qui
630 3494 780 3548 viros
857 3493 982 3564 pios
1031 3500 1087 3549 et
1135 3492 1281 3548 nulli
1344 3495 1527 3564 culpa:
1584 3496 1788 3550 afﬁnes
1847 3512 1954 3567 pu-

243 3581 370 3645 nis;
408 3579 552 3633 nihil
584 3579 739 3635 enim
788 3581 925 3635 mali
969 3582 1190 3638 faciunt
1234 3598 1337 3637 nec
1380 3583 1585 3639 dicunt
1615 3584 1950 3638 Christiani.

240 3669 340 3724 Ille
363 3672 557 3725 autem
589 3685 721 3724 cum
747 3670 871 3741 ipse
902 3670 1022 3726 haec
1054 3671 1290 3737 diceret,
1318 3673 1373 3727 in
1404 3673 1687 3743 principio
1713 3674 1952 3743 quidem

238 3758 604 3813 existimabat
634 3759 939 3830 eumloqui
962 3760 1179 3816 ironice
1209 3766 1267 3815 et
1299 3760 1615 3826 ludiﬁcari;
1642 3766 1952 3832 postquam

235 3850 421 3900 autem
458 3863 589 3901 eum
622 3847 765 3902 vidit
796 3848 1142 3918 persistere:
1180 3850 1657 3919 lnsauis,inquit,
1692 3865 1723 3903 o
1755 3849 1950 3921 homo,

237 3938 294 3987 et
326 3950 491 3990 mens
514 3937 619 3990 tibi
654 3942 889 4007 repente
922 3943 1011 3991 est
1040 3942 1255 4004 emota,
1293 3937 1395 3991 Ille
1455 3944 1642 3992 autem
1670 3956 1680 3992 :
1707 3941 1833 3993 Non
1868 3942 1953 3996 in-

236 4024 423 4087 sanio,
459 4024 669 4093 inquit,
706 4026 931 4094 ojudex
982 4025 1395 4095 injustissime,
1428 4043 1558 4081 sum
1603 4028 1759 4081 enim
1793 4028 1955 4083 Chri-

240 4112 485 4165 stianus.
512 4111 567 4166 Is
590 4115 784 4167 autem
820 4112 1017 4167 multis
1048 4112 1357 4168 blanditiis
1392 4131 1507 4169 una
1537 4131 1665 4170 cum
1704 4116 1872 4170 turba
1900 4122 1948 4174 ei

239 4201 561 4256 conabatur
593 4201 937 4271 persuadere
963 4219 976 4268 ;
1002 4206 1313 4273 postquam
1338 4208 1536 4259 autem
1560 4205 1704 4259 vidit
1734 4205 1948 4260 immo-

239 4289 436 4358 bilem,
456 4295 512 4344 et
541 4306 712 4345 omne
740 4306 926 4360 genus
945 4296 1233 4347 tormenta
1253 4292 1539 4348 adhibuit.
1575 4294 1718 4349 Cum
1751 4300 1947 4350 autem

239 4379 944 4451 rapuissetApollonium,
986 4385 1041 4436 et
1092 4380 1283 4436 multis
1314 4399 1443 4438 eum
1486 4384 1795 4439 afﬁecisset
1817 4402 1945 4440 con-

237 4468 515 4539 tumeliis,
548 4470 740 4541 ipsum
776 4473 1084 4542 torquebat
1112 4476 1391 4543 tanquam
1429 4473 1690 4543 planum.
1714 4475 1949 4544 Apollo-

240 4556 370 4611 nius
402 4564 595 4614 autem
623 4560 674 4615 ei
706 4561 853 4616 dixit
885 4580 896 4616 :
924 4562 1212 4633 Optarem,
1245 4580 1275 4617 ο
1299 4564 1502 4632 judex,
1535 4568 1599 4617 ut
1622 4569 1681 4617 tu
1732 4571 1789 4619 et
1821 4582 1947 4621 om-

238 4662 364 4714 nes,
402 4654 706 4717 praasentes
736 4651 889 4707 hunc
925 4670 1117 4708 meum
1161 4669 1411 4708 errorem
1448 4655 1852 4724 sequeremini.
1888 4660 1942 4711 Is
1978 4640 2021 4703 D

236 4742 426 4790 autem
459 4754 522 4791 eo
555 4739 675 4792 haec
709 4740 957 4809 dicente,
983 4743 1167 4811 jussit
1215 4742 1415 4796 ambos
1466 4742 1587 4811 igni
1631 4745 1944 4813 tradi,toto

236 4826 578 4895 inspiciente
594 4830 827 4899 populo.
849 4831 991 4885 Cum
1018 4836 1209 4887 autem
1240 4833 1297 4886 in
1325 4835 1561 4887 ﬂamma
1585 4837 1779 4888 essent
1803 4852 1946 4905 pras-

234 4920 395 4970 sente
419 4917 643 4984 judice,
675 4935 873 4974 vocem
914 4921 984 4974 ad
1046 4923 1225 4975 Deum
1268 4922 1486 4977 emittit
1529 4924 1732 4977 beatus
1769 4924 1944 4995 Apol-

233 5003 443 5074 lonius,
474 5009 596 5061 toto
656 5008 868 5078 populo
927 5010 1197 5065 audiente
1255 5014 1305 5065 et
1335 5012 1566 5081 judice:
1603 5014 1682 5067 Ne
1723 5014 1938 5068 tradas.

232 5093 495 5161 Domine,
522 5095 725 5151 bestiis
756 5097 1010 5154 animam
1036 5100 1406 5155 conﬁtentem
1432 5101 1670 5167 tibi,sed
1688 5101 1942 5172 teipsum

236 5182 402 5237 nobis
433 5188 627 5253 aperte
658 5188 896 5241 ostende
926 5187 1102 5257 (Psal.
1149 5191 1362 5260 Lxxm).
1397 5189 1590 5244 Nubes
1614 5195 1810 5245 autem
1847 5208 1942 5245 ro-

236 5272 397 5328 scida
426 5274 690 5329 etlucida
720 5276 1054 5346 adveniens,
1089 5279 1239 5334 viros
1273 5280 1430 5348 texit,
1464 5280 1597 5349 igne
1634 5281 1940 5335 exstincto.

236 5363 543 5418 Admiratus
572 5370 767 5420 autem
816 5368 997 5422 turbae
1042 5373 1098 5421 et
1149 5369 1269 5439 ipse
1313 5369 1515 5438 judex,
1559 5368 1938 5424 clamabant:

234 5452 395 5507 Unus
427 5459 515 5507 est
546 5455 701 5510 Deus
740 5457 1247 5525 Christianorum;
1283 5458 1582 5513 maleﬁcus
1627 5476 1757 5513 vero
1783 5463 1940 5531 quis-

233 5541 387 5612 piam
423 5542 541 5597 hasc
589 5547 882 5602 renuntiat
935 5548 1199 5619 praefecto
1250 5548 1630 5602 Alexandriae.
1667 5549 1937 5614 Quicum

232 5631 494 5687 crudeles
525 5636 805 5704 quosdam
865 5642 921 5693 et
956 5639 1243 5693 immanes
1288 5637 1557 5709 elegisset
1588 5644 1938 5708 protectores

230 5726 288 5777 et
315 5723 697 5797 apparitores,
719 5743 819 5784 eos
860 5729 1022 5785 misit
1052 5734 1115 5785 ut
1145 5730 1369 5785 vinctos
1399 5728 1754 5785 adducerent
1775 5730 1937 5800 judi-

2073 620 2426 689 Apollonius,
2461 628 2515 674 et
2563 619 2801 690 quidam
2855 620 2948 674 alii
2995 621 3373 677 confessorcs.
3410 623 3549 675 Cum
3584 638 3787 676 omnes

2074 714 2269 765 autem
2302 710 2407 764 iter
2437 709 2900 780 ingrederentur,
2932 726 3063 764 eum
3116 711 3325 766 invasit
3355 712 3558 783 gratia,
3593 718 3648 767 et
3680 730 3787 767 coe-

2077 801 2160 872 pit
2185 804 2388 856 docere
2411 802 2660 856 mihites.
2688 800 2791 855 Ubi
2827 805 3019 855 autem
3058 802 3165 872 ipsi
3190 820 3421 874 quoque
3452 806 3785 873 compuncti

2076 891 2443 945 crediderunt
2464 889 2771 956 Servatori,
2795 893 2960 943 erant
2984 906 3184 945 omnes
3209 908 3322 944 uno
3354 893 3549 947 animo
3582 893 3783 948 vincti.

2077 983 2229 1047 Quos
2262 996 2461 1034 omnes
2495 996 2624 1033 cum
2648 979 2889 1033 vidisset
2941 979 3244 1049 praefectus
3268 999 3297 1033 a
3330 980 3440 1034 lidc
3472 997 3583 1036 non
3618 999 3785 1051 posse

2078 1071 2562 1139 dimoveri,jussit
2596 1071 2795 1141 projici
2827 1072 2884 1125 in
2919 1071 3267 1141 profundum
3303 1073 3519 1127 maris:
3557 1073 3665 1127 hoc
3697 1090 3787 1129 au-

2074 1164 2188 1216 tem
2225 1160 2434 1215 fuiteis
2475 1163 2708 1231 signum
2740 1160 3134 1231 baptismatis.
3167 1164 3310 1215 Cum
3345 1178 3442 1216 eos
3475 1166 3667 1216 autem
3690 1164 3786 1218 sui

2078 1249 2431 1305 invenissent
2488 1249 2762 1319 disiectos
2831 1250 2886 1303 in
2918 1250 3105 1304 littore
3164 1251 3445 1316 fecerunt,
3515 1252 3787 1306 omnibus

2077 1340 2253 1395 redom
2307 1358 2505 1408 unum,
2541 1341 2640 1394 ubi
2700 1358 2852 1395 nunc
2911 1340 3103 1396 multae
3155 1343 3394 1396 virtutes
3429 1347 3786 1413 peraguntur

2076 1430 2265 1484 Tanta
2304 1436 2497 1485 autem
2530 1431 2635 1483 fuit
2668 1432 2765 1484 viri
2802 1432 3003 1498 gratia,
3028 1440 3086 1485 ut
3118 1430 3186 1485 de
3220 1432 3290 1485 iis
3308 1448 3433 1502 quze
3467 1438 3620 1487 esset
3653 1449 3787 1502 pre-

2076 1524 2264 1585 catus,
2297 1520 2490 1573 statim
2523 1519 2912 1579 exaudiretur,
2954 1536 3081 1574 eum
3113 1518 3195 1573 sic
3227 1520 3544 1574 honorante
3577 1522 3784 1575 Serva-

2074 1611 2213 1663 tore.
2277 1608 2455 1672 Quem
2508 1609 2680 1663 etiam
2736 1626 2838 1663 nos
2897 1609 2951 1663 in
3023 1609 3297 1680 martyrio
3357 1610 3503 1680 (112)
3547 1610 3783 1678 precati,

2070 1697 2323 1753 vidimus
2354 1714 2486 1752 cum
2512 1698 2581 1753 iis
2605 1699 2703 1769 qui
2736 1716 2867 1753 cum
2886 1698 3009 1768 ipso
3034 1700 3547 1768 fueruntmartyrio
3570 1700 3780 1765 ell'ecti,

2074 1792 2129 1842 et
2159 1789 2335 1841 Deum
2370 1789 2700 1854 adorantes,
2751 1804 2948 1843 eorum
2991 1789 3363 1845 tebernacula
3394 1790 3545 1859 (113)
3568 1789 3784 1843 saluta-

2072 1878 2263 1933 vimus
2296 1878 2357 1932 in
2380 1878 2692 1933 Thebaide.

2673 1967 2900 2023 CAPUT
2934 1968 3174 2023 LXVIII.

2326 2058 2439 2112 Vita
2460 2058 2674 2113 abbatis
2708 2058 3144 2127 DioscuriUtri).
3176 2058 3509 2128 presbyteri.

2137 2147 2401 2202 Vidimus
2423 2154 2614 2201 autem
2648 2146 2825 2201 alium
2858 2161 3086 2216 quoque
3118 2147 3513 2218 presbyterum
3548 2146 3603 2199 in
3628 2146 3779 2200 The-

2065 2237 2251 2303 baide,
2296 2236 2532 2292 nomine
2564 2237 2927 2305 Dioscurum,
2954 2236 3179 2291 Patrem
3203 2239 3431 2291 centum
3463 2235 3780 2290 monacho-

2068 2343 2194 2381 rum
2227 2326 2413 2397 (Ru/f.,
2449 2327 2486 2380 ι.
2521 2343 2581 2392 u,
2614 2342 2732 2396 cap.
2753 2327 2864 2395 20).
2909 2325 3012 2388 Qui
3076 2342 3206 2379 cum
3269 2326 3338 2379 ad
3400 2324 3493 2380 Dei
3528 2324 3774 2395 gratiam

2066 2420 2263 2471 essent
2293 2416 2603 2485 accessuri,
2630 2416 2858 2470 dicebat
2912 2415 2996 2470 eis
3032 2431 3043 2468 :
3089 2415 3287 2469 Videte
3329 2430 3397 2468 ne
3429 2415 3526 2483 qui
3605 2417 3776 2468 noctu

2067 2504 2433 2575 phantasiam
2467 2503 2670 2559 habuit
2698 2504 2949 2558 mulieris
2981 2504 3195 2558 audeat
3257 2504 3525 2557 accedere
3555 2504 3622 2556 ad
3650 2520 3783 2556 san-

2067 2599 2159 2650 cta
2197 2595 2584 2649 Sacramenta.
2618 2594 2699 2648 Ne
2730 2595 2863 2664 quis
2911 2611 2977 2648 ex
3030 2593 3184 2649 vobis
3213 2593 3351 2647 visis
3375 2598 3430 2647 ct
3461 2592 3775 2662 phantasiis

2068 2685 2272 2755 pulsus
2304 2684 2693 2739 somniaverit.
2728 2684 2871 2738 Nam
2898 2685 2995 2754 qui
3030 2684 3248 2753 absque
3273 2682 3597 2754 phantasiis
3629 2684 3773 2736 liunt

2066 2774 2258 2827 ﬂuxus
2291 2773 2551 2840 seminis,
2579 2791 2710 2828 casu
2745 2776 2930 2840 ﬁunt;
2966 2790 3070 2829 nec
3111 2791 3177 2829 ex
3209 2775 3677 2844 uniuscujusque
3710 2774 3775 2827 li-

2067 2863 2204 2918 bero
2247 2864 2424 2918 animi
2484 2864 2719 2919 arbitrio
2772 2864 2995 2928 insunt,
3030 2866 3127 2919 sed
3180 2866 3396 2933 absque
3427 2864 3722 2919 voluntate
3757 2882 3771 2930 ;

2066 2953 2386 3021 procedunt
2404 2953 2559 3007 enim
2592 2970 2660 3008 ex
2691 2962 2915 3022 natura,
2950 2960 3004 3006 et
3035 2969 3101 3007 ex
3146 2954 3498 3007 redundanti
3533 2952 3776 3007 materia

2065 3048 2477 3110 excernuntur,
2501 3042 2771 3113 quocrica
2802 3058 2904 3096 nec
2936 3050 3069 3096 sunt
3096 3048 3326 3110 peccato
3371 3042 3669 3105 obonoxii;
3694 3040 3774 3095 vi-

2066 3149 2131 3186 sa
2162 3139 2353 3187 autem
2380 3148 2445 3186 ac
2476 3132 2793 3201 phantasia)
2828 3132 3145 3200 procedunt
3176 3147 3242 3185 ex
3275 3130 3453 3185 libera
3485 3136 3541 3184 et
3570 3130 3777 3199 gendi-

2065 3220 2377 3281 voluntate,
2410 3225 2625 3275 etsunt
2656 3224 3066 3290 argumentum
3127 3220 3263 3273 mali
3313 3218 3513 3274 animi.
3540 3220 3776 3289 Oportet

2065 3317 2281 3379 autem,
2306 3310 2510 3380 inquit,
2545 3310 2897 3364 monachum
2930 3309 3223 3364 transilire
3253 3310 3426 3364 etiam
3460 3310 3645 3379 legem
3669 3327 3773 3363 na.

2064 3406 2206 3457 turae
2241 3419 2253 3468 ;
2298 3419 2507 3472 corpus
2539 3407 2732 3456 autem
2758 3400 3000 3473 liquare,
3035 3416 3138 3455 nec
3172 3400 3419 3456 inveniri
3450 3401 3508 3455 in
3541 3400 3657 3456 ullo
3692 3401 3774 3455 in-

2064 3492 2442 3563 quinamento
2482 3491 2690 3557 carnis,
2752 3492 2852 3546 sed
2905 3506 3134 3545 carnem
3180 3505 3492 3557 macerare,
3548 3498 3596 3544 et
3660 3507 3772 3544 non

2063 3581 2376 3636 concedere
2400 3584 2462 3635 ut
2491 3581 2548 3635 in
2580 3581 2706 3652 ipsa
2727 3581 3006 3636 redundet
3030 3580 3288 3635 materia.
3315 3580 3614 3634 Conamini
3642 3596 3773 3649 ergo

2062 3652 2223 3725 illam
2256 3670 2562 3726 exhaurire
2585 3671 2983 3741 frequentibus
3014 3678 3065 3725 et
3098 3669 3335 3741 prolixis
3368 3669 3647 3741 jejuniis;
3683 3668 3771 3723 sin

2063 3761 2261 3815 minus
2299 3765 2510 3826 autem,
2538 3777 2642 3816 nos
2684 3761 2752 3814 ad
2804 3760 3187 3831 appetitiones
3218 3764 3275 3813 et
3313 3760 3600 3813 desideria
3634 3759 3773 3812 inci-

2063 3856 2209 3907 tant.
2244 3851 2367 3905 Non
2399 3857 2621 3920 oportet
2644 3855 2833 3903 autem
2878 3849 3224 3902 monachum
3285 3848 3568 3915 attingere
3601 3865 3772 3917 appe-

2059 3941 2290 3995 titiones
2347 3940 2546 3994 animi.
2584 3941 2646 3993 lu
2680 3954 2791 4008 quo
2845 3937 2999 3991 enim
3061 3936 3285 3990 differet
3340 3954 3372 3989 a
3432 3936 3765 4002 mundanis,

2062 4047 2208 4101 quos
2241 4045 2392 4100 saepe
2427 4029 2690 4083 videmus
2722 4026 3014 4081 abstinere
3044 4044 3076 4080 a
3107 4024 3505 4095 voluptatibus
3539 4029 3773 4095 preptcr

2061 4120 2373 4174 sanitatem
2398 4118 2676 4187 corporis,
2702 4125 2798 4171 aut
2848 4120 3076 4186 propter
3126 4114 3351 4183 aliquas
3386 4113 3531 4167 alias
3562 4130 3771 4167 causas

2060 4225 2091 4263 a
2125 4207 2348 4262 ratione
2381 4208 2620 4261 minime
2645 4206 2863 4261 alienas
2885 4206 2911 4256 ?
2936 4209 3153 4275 quanto
3200 4209 3397 4257 autem
3444 4201 3649 4270 magis,
3686 4201 3772 4255 in-

2060 4299 2208 4369 quit,
2242 4297 2527 4353 monacho
2550 4297 2803 4352 curanda
2826 4298 2911 4351 est
2931 4292 3381 4364 animiesanitas
3412 4296 3466 4347 et
3489 4291 3771 4361 spiritus?

2705 4383 2935 4437 CAPUT
2978 4382 3166 4436 LXIX.

2508 4477 2803 4531 Nitrz'enses
2832 4473 2975 4543 (115)
3011 4470 3375 4526 Anachoretw.

2128 4566 2474 4621 Devenimus
2536 4583 2769 4637 quoque
2828 4568 2896 4621 ad
2950 4562 3414 4634 Nitrienses,ubi
3465 4561 3678 4615 multos
3710 4564 3773 4614 ct

2056 4672 2293 4725 magnos
2316 4656 2571 4711 vidimus
2596 4657 2976 4711 anachoretas
3002 4674 3016 4723 ;
3044 4654 3252 4725 partim
3285 4653 3523 4722 quidem
3548 4650 3772 4720 indige-

2058 4764 2185 4813 nas,
2220 4748 2424 4815 partim
2458 4764 2587 4802 vero
2619 4749 2788 4803 etiam
2822 4747 3103 4817 hospites,
3149 4744 3248 4814 qui
3307 4759 3367 4797 sc
3400 4742 3649 4797 invicem
3675 4758 3771 4796 sn-

2056 4840 2332 4907 perabant
2366 4838 2512 4891 virtu
2548 4838 2699 4900 ibus,
2742 4842 2797 4891 et
2830 4854 3036 4906 magno
3070 4834 3257 4889 studio
3308 4848 3368 4887 se
3399 4831 3766 4897 exercebant,

2054 4934 2110 4982 et
2142 4927 2196 4979 in
2222 4928 2337 4981 vita
2369 4946 2429 4983 se
2474 4928 2721 4982 invicem
2772 4926 3210 4982 contendebant
3267 4939 3540 4994 superare
3563 4923 3757 4993 (Ru/].,

2055 5017 2090 5071 ι.
2126 5034 2188 5071 11.
2229 5035 2349 5088 cap.
2373 5019 2483 5088 21).
2520 5018 2587 5072 Et
2618 5017 2714 5072 alii
2748 5017 2983 5088 quidem
3008 5032 3075 5070 ex
3111 5014 3252 5085 ipsis
3286 5014 3667 5068 versabantur
3700 5012 3757 5065 in

2053 5107 2560 5178 contemplatione,
2594 5108 2687 5162 alii
2740 5124 2872 5162 vero
2924 5106 2981 5161 in
3040 5104 3284 5159 actione.
3309 5106 3447 5159 Cum
3484 5101 3767 5157 vidissent

2053 5200 2245 5251 autem
2287 5197 2461 5266 aliqui
2513 5213 2579 5250 ex
2624 5197 2769 5267 ipsis
2818 5214 2920 5250 nos
2974 5194 3171 5266 procul
3230 5196 3545 5258 venientes,
3581 5190 3760 5258 aliqui

2052 5286 2284 5356 quidem
2318 5285 2484 5341 nobis
2514 5303 2647 5339 cum
2680 5302 2829 5357 aqua
2875 5291 3288 5351 occurrerunt;
3320 5288 3376 5337 et
3396 5281 3493 5336 alii
3526 5278 3759 5347 quidem

2053 5377 2226 5445 pedes
2260 5383 2485 5431 nostros
2507 5375 2790 5441 levabant,
2825 5377 2918 5431 alii
2954 5393 3085 5430 vero
3133 5381 3320 5430 vestes
3371 5368 3753 5431 mundabant,

2049 5465 2143 5518 alii
2180 5482 2309 5520 vero
2343 5467 2414 5521 ad
2444 5469 2639 5521 cibum
2672 5467 3013 5533 invitabant,
3038 5466 3135 5520 alii
3167 5468 3353 5517 autem
3386 5459 3457 5513 ad
3488 5459 3742 5512 contem,

2049 5554 2366 5624 plationem
2400 5560 2455 5611 et
2489 5558 2585 5610 Dei
2626 5557 3039 5627 cognitionem,
3076 5556 3130 5606 et
3150 5550 3300 5620 quod
3345 5546 3754 5618 unusquisque

2048 5660 2114 5699 ex
2138 5645 2206 5699 iis
2241 5650 2478 5714 poterat,
2515 5646 2569 5699 in
2606 5662 2670 5700 eo
2703 5647 2974 5701 studebat
3010 5658 3112 5697 nos
3148 5641 3369 5707 juvare.
3406 5637 3473 5690 Et
3503 5636 3641 5706 quid
3675 5634 3759 5688 di-

2045 5736 2195 5790 xerit
2216 5737 2508 5808 quispiam
2532 5752 2736 5793 omnes
2782 5749 2981 5791 eorum
3005 5730 3265 5797 virtutes,
3297 5745 3431 5784 cum
3464 5727 3610 5783 nihil
3631 5740 3761 5795 pos-
