4074 6278
279 382 435 443 1175

1858 379 1955 439 PA
1966 378 2225 439 LLADII

3668 369 3841 430 1176

279 515 356 571 sit
387 514 579 570 dicere
608 529 710 585 pro
742 513 1022 584 dignitate
1042 513 1068 567 ?
1099 513 1374 569 Habitant
1418 514 1613 585 itaque
1664 513 1853 569 locum
1887 513 1987 568 de-
2017 517 2075 580 A
2106 513 2335 582 quando
2364 510 2832 579 uniuscujusque
2848 507 3097 564 venisset
3128 504 3456 570 translatio,
3476 502 3532 558 id
3553 502 3840 559 omnibus

283 608 531 670 sertum,
565 608 622 659 et
653 603 872 659 habent
902 602 1076 659 cellas
1126 618 1337 674 magno
1398 604 1548 659 inter
1594 618 1656 658 se
1700 601 2001 658 intervallo

286 695 631 765 disjunctas,
665 697 729 748 ut
762 692 962 748 nullus
994 692 1178 763 possit
1207 692 1403 763 procul
1430 693 1665 764 agnosci
1698 693 1769 748 ab
1803 692 2000 755 altero,

282 801 474 854 neque
533 784 645 839 cito
703 782 903 848 videri,
936 799 1041 838 nec
1087 799 1191 837 vox
1238 782 1425 838 audiri
1462 800 1476 851 ;
1511 783 1606 838 sed
1663 783 1879 853 degunt
1941 782 2002 837 in

286 874 474 929 multa
505 874 717 944 quiete,
753 873 1162 944 unusquisque
1222 890 1324 944 per
1371 887 1432 928 se
1469 872 1752 928 inclusus.
1805 871 2002 927 Solum

284 971 477 1019 autem
496 964 749 1019 Sabbato
769 967 822 1017 et
853 962 1157 1019 Dominico
1192 970 1623 1034 congregantur
1640 963 1698 1017 in
1716 960 2001 1027 ecclesiis,

284 1059 338 1109 et
378 1070 438 1109 se
495 1051 741 1108 invicem
801 1052 1117 1123 excipiunt.
1153 1052 1320 1107 Multi
1353 1056 1547 1107 autem
1613 1068 1682 1106 ex
1731 1051 1803 1105 iis
1853 1066 2005 1122 sepe

285 1143 449 1199 etiam
484 1150 735 1213 quatuor
766 1142 890 1196 dies
924 1142 1305 1198 inveniuntur
1348 1142 1404 1196 in
1439 1142 1623 1208 cellis,
1657 1158 1722 1197 eo
1756 1141 1909 1212 quod
1943 1154 2004 1195 se

284 1234 531 1289 invicem
567 1249 679 1288 non
704 1233 955 1299 videant,
992 1236 1377 1303 prieterquam
1422 1233 1480 1287 in
1514 1232 1772 1287 collecta.
1810 1232 1877 1285 Et
1907 1229 2006 1284 alii

288 1322 523 1392 quidem
583 1336 650 1374 ex
702 1320 794 1375 his
849 1320 1157 1375 veniebant
1222 1322 1291 1374 ad
1325 1320 1625 1376 collectam
1675 1319 1901 1375 atertio
1950 1323 2007 1372 et

289 1414 499 1482 quarto
531 1410 743 1480 lapide,
777 1414 895 1465 tam
932 1409 1103 1481 longe
1143 1414 1279 1464 sunt
1328 1410 1531 1464 remoti
1573 1426 1606 1463 a
1636 1425 1697 1463 se
1736 1408 2003 1463 invicem.

298 1501 548 1555 Tantam
584 1502 775 1554 autem
809 1499 1028 1553 habent
1050 1500 1201 1553 inter
1226 1516 1284 1554 se
1301 1499 1667 1565 charitatem,
1700 1498 1872 1552 etiam
1906 1514 2006 1551 su-

290 1605 391 1657 pra
439 1587 726 1658 reliquam
790 1588 1221 1654 fraternitatem,
1282 1592 1344 1643 ut
1428 1587 1630 1642 multis
1706 1586 1805 1657 qui
1864 1590 2004 1639 'cum

288 1675 432 1747 ipsis
465 1674 606 1729 salvi
637 1690 765 1731 esse
796 1675 1103 1744 voluerint,
1138 1677 1540 1748 unusquisque
1571 1676 1805 1731 studeat
1834 1689 2002 1730 suam

290 1766 498 1822 cellam
533 1765 615 1819 eis
648 1766 782 1820 dare
822 1766 890 1821 ad
924 1783 986 1821 se
1017 1766 1416 1821 reficiendum.

928 1854 1162 1910 CAPUT
1207 1856 1369 1910 LXX.

363 1947 439 1999 De
467 1945 669 2001 Abbate
691 1945 973 2000 Ammom’o
994 1944 1142 2016 (116)
1167 1951 1219 1999 et
1238 1945 1307 1999 iis
1328 1946 1425 2015 qui
1453 1952 1611 2000 erant
1642 1961 1766 1999 cum
1800 1947 1932 2014 ipso.

364 2034 633 2089 Vidimus
685 2040 875 2089 autem
947 2035 1174 2090 Patrem
1225 2051 1458 2105 quoque
1506 2051 1702 2090 eorum
1754 2033 1855 2104 qui
1888 2032 2007 2086 illio

297 2128 486 2193 erant,
521 2124 759 2180 nomine
779 2125 1512 2190 Ammonium,habentem
1543 2124 1785 2179 eximias
1811 2122 2005 2187 cellas,

299 2224 353 2270 et
384 2214 613 2281 atrium,
644 2221 697 2269 et
725 2219 988 2284 puteum,
1024 2218 1078 2270 et
1109 2214 1333 2285 reliqua
1367 2214 1712 2269 necessaria.
1737 2213 1877 2267 Cum
1912 2230 2011 2267 au-

303 2308 421 2359 tem
456 2304 529 2359 ad
554 2321 684 2360 eum
718 2305 967 2360 venisset
989 2306 1227 2375 quidam
1259 2306 1433 2361 frater
1454 2306 1554 2375 qui
1576 2303 1801 2360 volebat
1822 2303 2011 2360 salvus

305 2394 449 2464 ﬁeri,
473 2397 529 2449 et
559 2394 843 2451 eidiceret
875 2402 934 2449 ut
954 2394 1066 2464 ipsi
1098 2395 1381 2451 inveniret
1405 2395 1610 2451 cellam
1640 2395 1713 2449 ad
1744 2393 2014 2449 habitan-

301 2484 444 2538 dum
503 2483 659 2540 illico
717 2500 1003 2555 egressus,
1038 2485 1305 2555 praecepit
1352 2484 1405 2539 ei
1445 2501 1516 2540 ne
1555 2485 1928 2555 egrederetur
1957 2484 2012 2538 et

301 2573 483 2641 cellis,
519 2574 701 2628 donec
732 2572 842 2642 ipsi
876 2573 1195 2628 invenisset
1242 2578 1440 2643 aptum
1490 2572 1927 2639 habitaculum;
1957 2574 2015 2626 et

300 2680 435 2719 cum
479 2662 590 2732 ipsi
624 2661 955 2730 reliquisset
977 2662 1171 2715 omnia
1228 2678 1353 2730 quae
1414 2661 1685 2728 habebat,
1710 2676 1839 2715 cum
1871 2658 2016 2729 ipsis

300 2751 482 2816 cellis,
516 2749 774 2817 seipsum
810 2748 1047 2803 inclusit
1093 2750 1149 2803 in
1217 2766 1441 2819 pravam
1498 2750 1723 2803 cellam.
1776 2748 1937 2813 Quod
1968 2747 2015 2802 si

302 2842 498 2914 plures
524 2842 689 2894 erant
747 2839 847 2909 qui
908 2838 1337 2893 conveniebant
1394 2837 1648 2893 volentes
1690 2837 1832 2894 salvi
1867 2836 2015 2903 fieri,

304 2930 694 3004 congregabat
724 2928 1053 2984 universam
1107 2929 1542 2999 fraternitatem,
1573 2933 1628 2984 et
1657 2928 1751 2983 illo
1784 2928 2017 2998 quidem

304 3024 573 3079 tradente
632 3019 858 3088 lateres,
919 3019 1027 3075 hoc
1085 3035 1216 3076 vero
1268 3035 1508 3090 aquam,
1568 3018 2020 3090 perﬁciebantur

306 3114 461 3169 cellae
493 3112 556 3167 in
591 3128 706 3167 uno
741 3111 853 3166 die.
888 3111 997 3167 Eos
1028 3118 1218 3167 autem
1265 3111 1365 3181 qui
1414 3113 1577 3165 erant
1615 3106 1928 3164 habitaturi
1962 3106 2021 3161 in

311 3202 560 3270 oellis,in
575 3201 875 3257 ecclesiam
891 3202 1173 3257 vocabant
1186 3203 1256 3257 ad
1272 3200 1553 3269 convivia;
1570 3201 1708 3255 dum
1725 3214 1836 3269 que
1855 3196 1935 3252 illi
1961 3212 2024 3251 se

314 3297 578 3350 recreant
608 3297 664 3347 et
693 3292 1040 3362 exhilarant,
1084 3292 1494 3363 unusquisque
1535 3308 1666 3346 cum
1693 3306 1722 3345 e
1748 3305 1852 3345 sua
1883 3289 2028 3346 cella

314 3384 546 3439 ovillam
579 3399 745 3439 suam
781 3384 987 3453 pellem
1020 3388 1119 3438 aut
1166 3387 1418 3454 sportam
1470 3398 1617 3453 pane
1664 3381 1751 3437 vel
1809 3380 2029 3435 caeteris

311 3473 617 3542 implesset
647 3473 1012 3537 necessariis,
1049 3473 1379 3527 deferebant
1416 3474 1483 3525 ad
1529 3488 1708 3528 novas
1745 3470 1935 3537 cellas,
1966 3474 2031 3524 ut

313 3561 460 3618 nulli
497 3564 631 3613 nota
658 3560 1293 3630 essetuniuscujusque
1326 3558 1557 3615 oblatio.
1591 3560 1776 3614 Noctu
1834 3564 2027 3614 autem

313 3650 614 3705 venientes
635 3646 951 3701 habitaturi
983 3663 1119 3702 suas
1151 3647 1348 3715 cellas,
1384 3653 1618 3719 repente
1657 3648 2031 3703 inveniebant

311 3739 511 3795 omnia
543 3736 887 3793 necessaria.
920 3736 1086 3793 Multi
1122 3741 1315 3794 autem
1332 3754 1398 3794 ex
1438 3738 1582 3809 ipsis
1605 3754 1792 3809 neque
1832 3752 2031 3808 panem

310 3828 690 3886 comedebant
723 3843 827 3883 nec
861 3827 1105 3896 fructus,
1138 3828 1238 3885 sed
1281 3828 1469 3884 solum
1503 3828 1709 3900 intyba
1755 3827 2029 3899 agrestia.

312 3919 555 3985 Quidam
588 3920 779 3973 autem
814 3934 882 3974 ex
912 3917 1056 3989 ipsis
1089 3922 1208 3974 tota
1240 3922 1406 3973 nocte
1448 3934 1563 3973 non
1623 3916 2028 3983 dormiebant;

315 4011 415 4065 sed
449 4008 716 4065 sedentes
748 4006 835 4064 vel
858 4012 1083 4065 stantes
1123 4024 1309 4080 usque
1355 4009 1425 4063 ad
1471 4024 1661 4075 mane,
1694 4022 2029 4077 persevera-

313 4101 455 4154 bant
484 4099 541 4153 in
575 4098 851 4155 oratione.

933 4187 1170 4243 CAPUT
1209 4184 1409 4240 LXXI.

326 4278 458 4334 Vita
480 4279 699 4333 abbatis
728 4276 929 4333 lsidori
955 4277 1103 4347 (117)
1128 4282 1181 4330 et
1209 4291 1398 4331 eorum
1435 4274 1531 4346 qui
1558 4283 1715 4330 erant
1742 4290 1868 4329 cum
1895 4277 2029 4346 ipso.

394 4366 655 4421 Vidimus
670 4368 939 4421 autemin
957 4364 1250 4421 Thebaide
1272 4364 1689 4421 monasterium
1724 4365 2032 4435 cujusdam

325 4456 521 4527 magni
554 4456 784 4523 Isidori,
816 4456 971 4525 quod
1030 4455 1189 4510 intus
1238 4455 1486 4511 habebat
1525 4454 1682 4510 mille
1716 4454 2032 4510 monachos

318 4548 513 4619 (Ra/1.,
558 4547 594 4601 Ι.
630 4564 691 4613 II,
722 4562 841 4617 cap.
872 4546 981 4617 17).
1019 4546 1277 4601 Habebat
1307 4550 1498 4601 autem
1541 4547 1699 4601 intus
1741 4550 1948 4617 puteos
1980 4548 2035 4600 et

319 4640 534 4709 hortos,
553 4642 989 4709 etquaecunque
1010 4637 1232 4691 suntad
1255 4653 1427 4693 usum
1442 4635 2031 4701 necessaria,nemine
2063 4627 2108 4691 D

314 4731 648 4801 egrediente
678 4731 838 4785 extra
900 4727 1318 4784 monasterium
1353 4742 1366 4783 :
1400 4728 1499 4783 sed
1550 4730 1673 4783 erat
1729 4726 2033 4797 presbyter

304 4820 543 4891 janitor,
578 4822 675 4890 qui
707 4819 931 4875 nullum
962 4818 1332 4890 permittebat
1372 4817 1590 4889 egredi,
1615 4832 1803 4887 neque
1851 4815 2028 4871 alium

314 4909 559 4980 ingredi,
594 4913 975 4979 praeterquam
1010 4908 1059 4962 si
1091 4908 1223 4979 quis
1253 4906 1423 4962 vellet
1451 4921 1633 4976 usque
1675 4906 1742 4960 ad
1782 4910 2029 4960 mortem

316 5000 435 5055 illic
485 5015 822 5070 permanere
872 5016 1160 5070 nusquam
1202 4997 1601 5071 progrediens.
1635 4997 1804 5052 Porro
1836 5003 2029 5051 autem

322 5106 417 5146 eos
449 5088 549 5160 qui
581 5088 1373 5159 portamingrediebanturin
1398 5104 1569 5159 parvo
1598 5081 2033 5142 labitaculo'ex-

320 5179 573 5252 cipiebat
604 5177 853 5247 hospitio
879 5194 892 5243 ;
925 5182 980 5232 et
1010 5195 1139 5234 cum
1174 5194 1344 5233 mane
1369 5176 1627 5232 dedisset
1658 5174 1937 5246 eulogias,
1972 5175 2030 5230 in

319 5290 458 5345 pace
489 5270 831 5329 deducebat.
860 5269 982 5325 Duo
1001 5274 1193 5326 autem
1226 5287 1293 5325 ex
1322 5270 1465 5340 ipsis
1498 5267 1814 5341 presbyteri
1844 5267 2031 5321 solum

316 5365 549 5421 exibant
579 5380 753 5436 Opera
784 5363 1028 5418 fratrum
1081 5360 1576 5429 administrantes,
1609 5362 1665 5414 et
1713 5357 2035 5413 referebant

313 5470 379 5509 ea
413 5472 542 5526 quae
572 5458 739 5510 erant
770 5452 914 5525 ipsis
949 5451 1021 5508 ad
1071 5466 1231 5504 usum
1280 5448 1625 5505 necessaria.
1661 5447 1815 5503 Dixit
1838 5450 2033 5503 autem

319 5544 465 5599 mihi
498 5546 545 5598 is
559 5547 658 5615 qui
677 5554 904 5617 portam
921 5540 1283 5601 custodiebat
1300 5539 1617 5611 presbyter,
1633 5554 1729 5595 eos
1754 5537 1853 5609 qui
1876 5538 2035 5593 intus

315 5642 451 5691 sunt
468 5638 708 5689 sanctus
721 5652 848 5690 esse
866 5634 1028 5702 tales,
1046 5636 1108 5688 ut
1125 5630 1355 5705 possint
1376 5644 1579 5683 omnes
1603 5627 1766 5699 signa
1784 5626 2032 5697 efﬁcere;

310 5729 366 5782 et
397 5722 696 5783 neminem
727 5729 860 5779 ante
893 5725 1197 5782 decessum
1237 5720 1299 5778 in
1324 5717 1595 5776 morbum
1617 5715 1873 5771 incidere
1898 5733 1912 5783 ;
1936 5716 2036 5771 sed

2037 1888 2084 1951 B

2114 602 2271 673 prius
2303 600 2729 672 signiﬁcantem
2758 601 2815 653 et
2835 613 2899 653 se
2928 595 3329 662 reclinantem,
3362 592 3639 649 dormire.

2718 686 2951 742 CAPUT
2994 686 3217 741 LXXII.

2383 782 2500 835 Vita
2532 778 2743 833 abbatis
2773 778 3038 833 Ammona
3066 775 3221 846 (118)
3240 773 3563 846 presbyteri.

2186 873 2288 927 Est
2311 874 2505 925 autem
2532 869 2646 924 alia
2695 882 2921 938 quoque
2974 864 3230 922 solitudo
3284 864 3339 919 in
3374 863 3639 935 Egypto,
3666 862 3855 917 mari-

2114 961 2256 1017 tima
2287 961 2547 1033 quidem,
2581 958 2681 1014 sed
2706 956 3056 1025 difﬁcilima,
3096 956 3154 1011 in
3187 971 3306 1025 qua
3354 952 3526 1008 multi
3556 956 3613 1008 et
3643 952 3857 1023 magni

2116 1051 2375 1107 habitant
2408 1047 2766 1105 anachoreta;
2789 1064 2915 1117 quae
2972 1048 3061 1101 est
3118 1060 3297 1115 prope
3335 1042 3537 1097 urbem
3597 1041 3856 1097 Diolcon

2118 1142 2305 1213 (Ra/7.,
2341 1140 2381 1207 l,
2414 1156 2473 1205 ιι,
2530 1154 2649 1208 cap.
2684 1137 2771 1196 32,
2809 1137 2903 1190 cui
2948 1133 3161 1189 dicitur
3202 1133 3536 1203 Piammon).
3568 1130 3861 1186 Vidimus

2119 1235 2312 1287 autem
2349 1230 2467 1284 illic
2501 1228 2904 1300 presbyterum
2934 1226 3123 1280 virum
3160 1226 3424 1279 sanctum
3465 1226 3521 1278 et
3540 1222 3706 1277 valde
3728 1222 3861 1275 hu-

2120 1322 2337 1387 milem,
2371 1324 2426 1375 et
2453 1319 2689 1375 assidue
2720 1318 3010 1372 videntem
3042 1314 3321 1380 visiones,
3351 1312 3587 1368 nomine
3612 1312 3862 1366 Ammo-

2116 1428 2275 1467 nam.
2314 1413 2368 1465 ls
2436 1408 2751 1478 aliquando
2809 1406 3055 1461 olferens
3113 1403 3230 1459 Deo
3282 1401 3631 1458 sacrificium
3673 1401 3861 1472 (119),

2115 1503 2268 1559 videt
2293 1499 2565 1571 angelum
2598 1502 2852 1554 stantem
2884 1514 2918 1551 a
2948 1494 3160 1551 dextris
3196 1493 3423 1561 altaris,
3454 1497 3510 1547 et
3545 1497 3861 1547 notantem

2117 1595 2321 1649 fratres
2349 1592 2687 1647 accedentes
2711 1589 2780 1644 ad
2816 1587 3115 1659 gratriam,
3147 1590 3205 1641 et
3238 1584 3662 1641 scribentemin
3699 1582 3864 1637 libro

2117 1700 2318 1740 eorum
2352 1681 2606 1738 nomina.
2650 1682 2789 1735 Cum
2823 1682 3012 1734 autem
3052 1692 3167 1732 non
3221 1674 3547 1729 adfuissent
3578 1671 3759 1744 aliqui
3798 1674 3863 1728 in

2117 1773 2341 1846 synaxi,
2375 1770 2521 1826 vidit
2573 1769 2753 1825 deleri
2801 1783 3002 1823 eorum
3061 1764 3319 1833 nomine,
3382 1763 3481 1834 qui
3541 1766 3675 1834 post
3732 1766 3867 1820 tres

2117 1865 2241 1920 dies
2274 1866 2412 1919 sunt
2444 1860 2681 1916 mortui.
2714 1860 2856 1914 Eum
2894 1873 3050 1929 saepe
3075 1858 3416 1927 torquentes
3449 1855 3753 1909 daemones
3802 1854 3865 1908 in

2116 1958 2340 2009 tantam
2375 1952 2737 2008 adduxerunt
2759 1946 3317 2015 imbecillitatem,ut
3348 1960 3464 1999 non
3499 1943 3864 2015 possetipse

2117 2049 2267 2098 stare
2294 2043 2361 2096 ad
2389 2057 2572 2108 aram,
2606 2055 2710 2094 nec
2754 2038 2958 2093 offerre
2989 2055 3008 2091 :
3032 2034 3281 2106 angelus
3343 2037 3538 2089 autem
3580 2034 3859 2091 veniens.

2117 2133 2243 2202 ejus
2278 2146 2454 2186 manu
2503 2127 2888 2201 apprehensa,
2925 2126 3187 2196 protinus
3235 2140 3371 2180 eum
3452 2121 3843 2178 conﬁrmavit‘

2122 2227 2177 2276 et
2206 2236 2417 2276 sanum
2450 2219 2521 2274 ad
2553 2234 2714 2273 aram
2746 2217 2973 2273 statuit.
2992 2216 3165 2285 Cujus
3186 2217 3477 2270 tormenta
3496 2228 3628 2268 cum
3650 2212 3854 2268 vidis-

2122 2318 2251 2367 sent
2283 2309 2505 2380 fratres,
2540 2307 2986 2378 obstupuerunt.

2717 2395 2947 2451 CAPUT
2996 2393 3244 2450 LXXIII.

2620 2488 2692 2541 De
2714 2486 2917 2542 abbate
2943 2487 3149 2540 Joanne
3175 2482 3344 2553 (120).

2192 2578 2459 2634 Vidimus
2492 2581 2688 2633 autem
2721 2574 2899 2630 alium
2931 2590 3157 2645 quoque
3187 2574 3245 2627 in
3278 2570 3489 2638 Diolco,
3556 2569 3858 2625 Joannem

2126 2669 2360 2725 nomine
2392 2670 2583 2741 (Ra/7.,
2608 2667 2645 2737 ι,
2682 2683 2744 2733 II,
2776 2682 2893 2736 cap.
2929 2665 3039 2731 33),
3074 2666 3298 2734 patrem
3343 2659 3854 2716 monasteriorum.

2125 2758 2226 2829 qui
2257 2758 2380 2829 ipse
2413 2771 2642 2828 quoque
2670 2753 2911 2811 multam
2944 2752 3198 2808 habebat
3227 2752 3495 2822 gratiam,
3528 2752 3585 2805 et
3612 2747 3855 2803 Abrahae

2126 2848 2414 2913 habitum,
2448 2854 2499 2903 et
2527 2846 2767 2901 barbam
2794 2846 3005 2899 Aaron.
3031 2841 3331 2897 Efficiebat
3381 2842 3580 2896 autem
3609 2839 3854 2893 virtutes

2126 2944 2299 3010 atque
2327 2938 2680 3002 curationes,
2701 2939 2763 2990 ut
2794 2934 2897 3007 qui
2933 2932 3149 2989 multos
3183 2930 3406 2987 curavit
3429 2927 3781 3001 paralyticos
3802 2931 3857 2982 et

2132 3030 2388 3101 podagra
2417 3027 2771 3083 laborantes.

2730 3115 2963 3171 CAPUT
3008 3112 3254 3169 LXXIV.

2145 3211 2257 3266 Vita
2290 3207 2507 3263 abbatis
2565 3207 2874 3277 Pityrionis
2917 3209 2971 3260 et
3028 3204 3172 3274 (121)
3196 3217 3382 3258 eorum
3436 3200 3535 3271 qui
3562 3215 3687 3255 cum
3716 3199 3831 3269 ipso

2912 3297 3089 3350 erant.

2214 3388 2478 3445 Vidimus
2510 3391 2701 3441 autem
2727 3385 2785 3439 in
2816 3383 3106 3439 Thebaide
3154 3382 3341 3438 altum
3393 3382 3650 3436 montem
3686 3378 3858 3432 ﬂuvio

2139 3479 2575 3543 imminentem,
2603 3474 2769 3529 valde
2794 3471 3106 3529 terribilem
3148 3479 3199 3527 et
3233 3468 3606 3541 praecipitem,
3640 3472 3698 3522 et
3725 3483 3859 3522 mo-

2141 3568 2359 3624 nachos
2384 3566 2500 3621 illic
2525 3565 2784 3623 viventes
2805 3562 2864 3617 in
2898 3560 3193 3633 speluncis
3223 3559 3411 3631 (Ruﬂ.,
3440 3557 3481 3627 ι,
3508 3576 3566 3625 η,
3600 3574 3721 3628 cap.
3749 3558 3859 3626 3t).

2139 3661 2347 3714 Eorum
2381 3660 2577 3711 autem
2637 3657 2800 3724 pater
2857 3655 2978 3707 erat
3020 3650 3255 3707 nomine
3314 3646 3719 3720 Pityrion,qui
3757 3646 3867 3700 fuit

2144 3763 2293 3804 unus
2324 3764 2391 3802 ex
2417 3744 2744 3816 discipulis.
2770 3742 3022 3814 Antonii,
3044 3745 3100 3797 et
3122 3739 3334 3797 tertius
3357 3738 3457 3810 qui
3481 3736 3649 3792 illum
3675 3735 3867 3793 locum

2140 3835 2386 3907 excepit,
2420 3834 2520 3906 qui
2551 3833 2783 3904 quidem
2818 3831 3032 3887 multas
3062 3829 3304 3885 virtutes
3321 3826 3634 3895 efficiebat,
3657 3829 3715 3880 et
3736 3824 3864 3880 efﬁ-

2142 3925 2354 3982 caciter
2407 3924 2650 3994 spiritus
2701 3920 3044 3992 expellebat.
3093 3920 3236 3975 Cum
3307 3917 3463 3973 enim
3532 3914 3871 3972 sucessisset

2142 4014 2392 4070 Antonio
2416 4016 2472 4070 et
2523 4013 2649 4083 ejus
2708 4009 2999 4083 discipulo
3058 4013 3384 4076 Ammonae,
3428 4006 3637 4062 merito
3687 4004 3865 4060 etiam

2144 4105 2393 4162 sucessit
2450 4102 2769 4160 haereditati
2827 4103 3112 4158 donorum
3150 4115 3163 4156 :
3197 4098 3300 4170 qui
3359 4097 3574 4153 multos
3623 4094 3864 4167 quidem

2145 4195 2290 4251 alios
2326 4209 2557 4265 quoque
2577 4192 2727 4263 apud
2764 4208 2866 4247 nos
2883 4190 3421 4255 habuitsermones,
3440 4184 3771 4258 quinetiam
3795 4183 3870 4238 de

2143 4285 2495 4341 discretione
2526 4283 2845 4356 spirituum
2881 4284 3149 4338 accurate
3180 4279 3475 4346 disseruit,
3508 4276 3705 4330 dicens
3734 4289 3867 4328 esse

2144 4374 2371 4446 aliquos
2404 4374 2694 4429 daemones
2726 4373 2827 4444 qui
2856 4374 3182 4442 sequuntur
3203 4367 3379 4424 animi
3414 4370 3622 4428 motus,
3646 4367 3701 4417 et
3724 4378 3869 4417 nos-

2143 4470 2263 4519 tras
2297 4464 2629 4519 affectiones
2671 4463 2741 4517 ad
2774 4461 2993 4517 malum
3028 4476 3177 4531 saepe
3211 4458 3559 4514 convertunt.
3586 4449 3867 4517 Quisquis

2144 4570 2301 4625 ergo,
2327 4570 2359 4608 o
2394 4553 2497 4607 ﬁlii
2531 4552 2761 4607 dicebat
2791 4552 2840 4606 is
2874 4551 3065 4617 nobis,
3099 4548 3221 4605 vult
3265 4545 3486 4614 exigere
3534 4540 3859 4625 daemones,

2141 4623 2304 4716 prius
2334 4643 2393 4697 in
2413 4641 2750 4698 servitutem
2785 4640 3008 4711 redigat
3029 4637 3349 4695 affectiones
3364 4630 3541 4687 animi
3569 4643 3584 4695 ;
3615 4623 3854 4716 qualem

2140 4714 2297 4788 enim
2325 4732 2458 4803 quis
2490 4731 2781 4804 superarit
2812 4730 3196 4797 affectionem,
3216 4726 3341 4797 ejus
3369 4735 3597 4794 quoque
3625 4714 3868 4788 expellit

2141 4822 2725 4893 damonemﬂportet
2755 4824 2945 4877 autem
2968 4836 3070 4875 vos
3103 4815 3384 4890 paulatim
3428 4810 3655 4866 vincere
3686 4806 3861 4862 aﬁ'ec-

2139 4915 2349 4978 tiones,
2384 4919 2447 4969 ut
2476 4930 2677 4969 earum
2708 4910 3004 4984 expellatis
3034 4900 3640 4973 daemones.Sequitur
3669 4897 3865 4969 gulam

2142 5008 2391 5061 daemon.
2454 5004 2513 5058 Si
2573 5003 2706 5074 quis
2767 5016 2901 5073 ergo
2958 5000 3150 5071 gulam
3220 4990 3604 5067 superaverit,
3672 4985 3869 5058 expelo

2140 5096 2209 5152 lit
2273 5095 2398 5166 ejus
2473 5095 2827 5149 daemonem.
2868 5093 2923 5147 Is
2992 5093 3189 5146 autem
3256 5082 3601 5142 comedebat
3662 5077 3756 5133 bis
3810 5076 3870 5131 in

2142 5185 2526 5252 hebdomada,
2550 5184 2848 5240 Dominica
2868 5186 2925 5238 et
2947 5182 3147 5250 quinta
3169 5176 3335 5242 feria,
3353 5187 3589 5245 parvam
3619 5168 3871 5241 pultem,

2142 5292 2209 5331 ex
2244 5274 2428 5329 farina
2457 5274 2784 5345 (t22);nec
2840 5276 3065 5343 poterat
3122 5265 3343 5337 aliquid
3404 5261 3560 5318 aliud
3611 5272 3875 5321 sumere,

2144 5373 2445 5437 propterea
2475 5363 2622 5434 quod
2651 5379 2823 5419 suum
2856 5361 3121 5417 habitum
3143 5358 3224 5411 ita
3255 5354 3593 5410 form‘asset.

2766 5450 2998 5508 CAPUT
3038 5445 3249 5505 LXXV.

2553 5545 2667 5601 Vita
2699 5542 2923 5614 Eulogii
2952 5540 3095 5610 (123)
3122 5533 3454 5610 presbyteri.

2216 5635 2480 5692 Vidimus
2510 5640 2701 5692 autem
2726 5634 2904 5691 alium
2931 5647 3158 5705 quoque
3181 5628 3611 5702 presbyterum,
3639 5617 3880 5674 nomine

2146 5725 2474 5797 Eulogium,
2503 5727 2604 5797 qui
2633 5726 2693 5782 in
2723 5722 3034 5782 oft‘erendis
3053 5721 3170 5778 Deo
3193 5718 3363 5775 donis
3384 5716 3613 5770 tantam
3647 5706 3881 5778 accepit
