4074 6278
375 375 531 436 “77

445 508 460 530 ‘
539 507 550 524 ‘
593 525 604 536 ·
657 503 754 559 λλί
840 504 864 558 ἐ
955 502 978 521 ⁸
1297 525 1319 540 ο
1367 500 1391 524 ’¹
1621 524 1634 537 ·

373 529 461 562 και
497 527 562 561 τα
595 526 651 560 κε
757 525 790 559 α
865 526 899 558 κ
951 507 1318 580 οιαστήματο..
1365 525 1585 582 εχουσιν

377 594 814 670 διαγνωρίζεσθαι
863 591 1143 669 πόρρωθεν
1198 595 1280 671 ὑφ’
1333 593 1536 668 ἐτέρου,
1589 592 1729 666 μηδὲ
1789 595 2012 668 ὁρᾶσθαι

374 684 614 760 ταχέως,
662 681 804 758 μηδέ
845 690 1030 762 φωνῆς
1082 682 1389 754 ἐπακούειν,
1448 683 1673 738 ἑκάστου
1721 684 1839 737 καθ’
1899 684 2016 738 ἐαυ-

373 775 464 830 τὸν
515 773 929 848 καθειργμένου.
981 773 1158 828 Μόνον
1223 770 1280 827 δὲ
1334 771 1386 827 ἐν
1449 767 1717 844 Σαϐϐάτῳ
1773 772 1862 826 καὶ
1909 779 2018 826 Κυ-

379 866 540 938 ριακῇ
589 861 639 916 ἐν
680 867 799 924 ταῖς
848 860 1141 932 ἐκκλησίας
1199 862 1542 937 συνάγονται,
1593 861 1682 914 καὶ
1731 860 2017 932 ἀλλήλους

375 945 886 1023 ἀπολαμϐάνουσιν.
945 947 1160 1004 Πολλοὶ
1221 947 1278 1004 δὲ
1327 951 1506 1006 αὐτῶν
1574 945 1851 1012 πολλάκις
1926 949 2012 1002 καὶ

374 1040 678 1114 τεταρταῖοι
755 1039 806 1094 ἐν
881 1044 1002 1100 τοῖς
1075 1037 1326 1102 κελλίοις
1401 1038 1579 1094 αὐτῶν
1661 1038 2016 1114 εὑρίσκονται,

377 1128 435 1184 ἐκ
477 1133 573 1184 τοῦ
626 1129 702 1201 μὴ
750 1129 878 1202 ὁρᾷν
925 1125 1212 1199 ἀλλήλους
1267 1125 1415 1196 πλὴν
1468 1125 1520 1182 ἒν
1575 1133 1696 1189 ταῖς
1746 1127 2015 1196 συνάξεσι.

379 1220 476 1273 Καὶ
513 1219 564 1272 οἱ
615 1219 710 1290 μέν
739 1217 912 1272 αὐτῶν
964 1217 1070 1272 ἀπὸ
1115 1221 1280 1290 τριῶν
1324 1217 1566 1290 σημείων
1615 1217 1706 1270 καὶ
1743 1217 2013 1290 τεσσάρων

379 1308 454 1367 εἷς
511 1309 609 1375 τήν
665 1306 871 1376 σύναξιν
939 1303 1219 1381 ἔρχονται,
1281 1310 1536 1360 τοσοῦτον
1620 1306 1827 1380 μακρὰν
1889 1302 2015 1358 ἀλλ’

379 1395 643 1468 ἀλλήλων
691 1391 1050 1467 διεστήκασιν.
1100 1396 1346 1470 Ἀγάπην
1404 1395 1460 1450 δὲ
1507 1396 1776 1465 τοσαύτην
1824 1387 2017 1467 ἔχουσι

377 1489 513 1560 πρὸς
544 1483 850 1557 ἀλλήλους,
880 1485 968 1540 καὶ
1001 1483 1124 1557 περὶ
1154 1485 1254 1554 τήν
1287 1483 1489 1553 λοιπήν
1537 1480 1908 1560 ἀδελφότητα,
1942 1481 2016 1542 ὡς

377 1574 617 1638 πολλοῖς
651 1570 1044 1647 συμϐουλεύειν
1076 1572 1265 1635 αὺτοῖς
1298 1574 1664 1646 συσσωθῆναι,
1695 1568 1922 1626 ἕκαστον
1954 1569 2016 1625 τὸ

378 1664 569 1718 ἐαυτοῦ
597 1661 822 1720 κελλίον
856 1659 1102 1718 σπεύδειν
1136 1661 1324 1725 αὐτοῖς
1357 1661 1432 1724 εἰς
1459 1661 1755 1718 ἀνάπαυσιν
1803 1658 2016 1718 δοῦναι.

1010 1759 1265 1811 ΚΕΦΑΛ.
1308 1754 1382 1809 Ο’.

517 1845 646 1919 Περὶ
675 1847 772 1900 τοῦ
802 1837 946 1898 ἀϐϐἆ
975 1842 1300 1916 ’Δμμωνίου
1325 1839 1414 1896 καὶ
1444 1843 1550 1896 τῶν
1586 1841 1676 1896 σὺν
1705 1838 1871 1912 αὐτῷ.

1653 373 2028 436 HISTORIA
2073 371 2486 434 LAUSIACA.

1687 505 1763 567 ὡς
1811 505 1900 559 καὶ
1935 505 2099 588 μήΙΑ
2130 505 2254 560 ἀλλ’
2289 504 2415 560 ὅταν
2463 505 2688 570 ἑκάστου
2731 508 2764 576 ἡ
2819 511 3098 580 μετάθεσις
3149 508 3380 586 ἤρχετο,
3431 515 3770 586 προμηνύων

3612 383 3768 442 1178

2122 593 2290 648 ἅπασι
2320 590 2668 654 κατακλιθεὶς
2702 591 2986 667 ἐκοιμᾶτο.

2749 691 3004 740 ΚΕΦΔΛ.
3047 689 3162 743 ΟΒ’.

2694 773 2822 846 Περὶ
2880 775 3194 847 Ἀμμωνᾶν.

2197 865 2348 914 Ἔστι
2379 860 2468 916 καὶ
2501 858 2646 932 ἄλλη
2698 857 2904 935 ἔρημος
2935 863 2986 918 ἐν
3038 865 3321 940 Αἲγυπτῳ,
3363 869 3634 944 παράλιος
3669 873 3766 945 μὲν

2126 948 2278 1016 οὖσα,
2309 949 2455 1004 ἀλλά
2501 949 2870 1026 χαλεπωτάτη
2908 971 2920 982 ·
2975 951 3026 1007 ἐν
3137 954 3344 1011 πολλοὶ
3391 959 3480 1012 καὶ
3530 961 3763 1035 μεγάλοι

2125 1037 2478 1112 ἀναχωρηταὶ
2548 1039 2908 1095 κατοικοῦσι·
2972 1042 3210 1114 πλησίον
3291 1045 3609 1122 ὑπάρχουσα
3665 1054 3764 1114 τῆς

2125 1127 2343 1198 Διόλκῳ
2373 1127 2610 1192 πόλεως.
2644 1128 2859 1204 Ἰδομεν
2894 1129 2951 1185 δὲ
3000 1131 3111 1186 ἐκεί
3140 1129 3502 1209 πρεσϐύτερον
3557 1139 3766 1212 Πατέρα

2125 1216 2300 1290 ἅγιον,
2349 1218 2438 1272 καὶ
2497 1218 2618 1274 λίαν
2673 1221 2840 1294 μέγαν
2897 1217 3318 1297 ταπεινόφρονα,
3365 1225 3453 1278 καὶ
3504 1225 3764 1290 ὀπτασίας

2124 1311 2369 1380 συνεχεῖς
2419 1309 2649 1378 ὁρῶντα,
2706 1311 2933 1383 ὀνόματι
2990 1313 3308 1386 Ἀμμωνᾶν.
3371 1314 3537 1376 Οὗτος
3593 1336 3767 1391 προσ-

2121 1394 2296 1471 φέρων
2355 1400 2432 1468 τῷ
2486 1402 2600 1470 Θεῷ
2658 1399 2792 1470 ἅπαξ
2852 1401 2943 1462 τὰς
3017 1399 3294 1477 λατρείας,
3356 1405 3454 1478 ὁρᾷ
3529 1403 3762 1479 ἄγγελον

2123 1483 2328 1538 ἑστῶτα
2357 1483 2416 1540 ἐκ
2465 1482 2648 1555 δεξιῶν
2679 1492 2774 1542 τοῦ
2823 1490 3231 1567 θυσιαστηρίου,
3275 1494 3362 1547 καὶ
3411 1493 3538 1555 τοὺς
3593 1516 3766 1571 προσ-

2125 1575 2460 1648 ερχομένους
2505 1579 2574 1649 τῇ
2633 1577 2821 1650 χάριτι
2879 1575 3148 1652 ἀδελφοὺς
3199 1581 3624 1654 σημειούμενον,
3675 1587 3764 1638 καί

2121 1663 2396 1741 γράφοντα
2441 1665 2620 1718 αὐτῶν
2668 1667 2736 1719 τά
2783 1667 3024 1739 ὀνόματα
3071 1667 3123 1723 ἐν
3171 1665 3395 1744 βιϐλίῳ.
3451 1673 3540 1741 Μὴ
3592 1693 3764 1748 παρα-

2123 1751 2422 1824 γενομένων
2484 1750 2540 1806 δέ
2613 1777 2774 1809 τινων
2831 1754 2884 1809 ἐν
2963 1759 3194 1830 συνάξει,
3253 1757 3332 1814 ἴδε
3407 1761 3473 1815 τά
3528 1763 3766 1835 ὀνόματα

2125 1839 2300 1894 αὐτῶν
2351 1839 2776 1919 ἀπαλειφόμενα.
2829 1846 2890 1899 Οἱ
2943 1843 2998 1900 δὲ
3045 1847 3180 1916 μετά
3227 1847 3500 1923 δεκατρεῖς
3555 1853 3768 1926 ᾑμέρας

595 1904 604 1919 ¹
1045 1904 1102 1916 ¹¹
1825 1904 1836 1912 ”
2563 1904 2574 1919 ι
2629 1904 2638 1916 ι
3045 1904 3054 1916 ι
3388 1904 3397 1923 ι
3488 1904 3498 1912 -
3566 1904 3765 1917 ..κη-ης.

451 1931 666 2007 Ἵδομεν
703 1929 760 1988 δὲ
806 1931 896 1996 καὶ
946 1932 1158 2006 Πατέρα
1201 1932 1319 1986 τινὰ
1364 1935 1472 1985 τῶν
1525 1931 1654 1999 ἐκεῖ,
1694 1929 2015 2002 Ἀμμώνιον
2047 1904 2096 1969 Β
2129 1930 2502 2003 ἐτελεύτησαν.
2553 1938 2750 1988 Τοῦτον
2801 1934 3072 1999 πολλάκις
3123 1938 3176 1991 οἳ
3235 1935 3486 2012 δαίμονες
3539 1904 3768 2016 βοίσοίνί-

380 2021 632 2095 ὀνόματι,
693 2021 934 2097 ἐξαίρετα
994 2019 1192 2076 κέλλια
1265 2019 1464 2095 ἔχοντα
1531 2019 1620 2076 καὶ
1679 2018 1853 2087 αὐλὴν
1929 2018 2020 2072 καὶ

380 2111 545 2189 φρέαρ
603 2113 695 2166 καὶ
745 2111 839 2173 τὰς
899 2110 1098 2172 λοιπὰς
1155 2110 1366 2186 χρείας.
1424 2110 1714 2171 Ἐλθόντος
1772 2105 1830 2162 δὲ
1881 2107 2017 2182 πρὸς

381 2203 542 2257 αὐτόν
585 2221 733 2263 τινος
783 2199 1042 2278 ἀδελφοῦ,
1097 2202 1335 2270 σωθῆναι
1385 2196 1734 2268 σπεύδοντος,
1783 2197 1872 2252 καὶ
1925 2195 2018 2251 λέ-

379 2311 569 2367 γοντος
621 2289 768 2361 αὐτῷ
823 2288 1055 2345 ἐπινοεῖν
1110 2289 1255 2360 αύτῷ
1311 2287 1530 2344 κελλίον
1589 2287 1726 2364 πρὸς
1779 2285 2018 2356 οἷ’κησιν,

383 2379 442 2442 ὃς
468 2379 554 2434 ἐπὶ
586 2378 764 2450 τούτῳ
812 2377 1063 2448 ἐξελθὼν,
1095 2375 1468 2454 παρήγγειλεν
1519 2378 1664 2450 αὐτῷ
1699 2379 1772 2449 μή
1805 2377 2024 2452 ἀναχω-

384 2473 494 2544 ρεῖν
525 2467 686 2523 αὐτὸν
714 2465 773 2521 ἐκ
802 2471 909 2520 τῶν
955 2464 1215 2536 κελλίων,
1250 2463 1410 2540 ἄχρις
1443 2465 1502 2520 ἂν
1557 2465 1687 2540 εὕρῃ
1722 2467 1870 2536 αὐτῷ
1903 2465 2021 2519 ἐπι-

380 2555 594 2628 τήδειον
625 2557 964 2632 καταγώγιον
1000 2575 1012 2588 ·
1045 2555 1134 2609 καὶ
1167 2553 1482 2610 καταλιπὼν
1517 2554 1664 2626 αὐτῷ
1697 2556 1872 2608 πάντα
1925 2551 2022 2608 ὅσα

381 2649 496 2722 εἶχε
526 2645 620 2700 σὺν
669 2645 854 2706 αὐτοῖς
897 2651 1014 2707 τοῖς
1059 2642 1326 2712 κελλίοις,
1358 2644 1544 2698 ἐαυτὸν
1599 2643 1675 2705 εἷς
1728 2644 1923 2718 μικρόν
1970 2665 2024 2698 τι

379 2734 601 2791 κελλίον
633 2735 840 2809 μακρὰν
869 2734 1067 2789 ἐκεῖθεν
1099 2732 1438 2789 ἀπέκλεισεν.
1475 2733 1535 2788 Εἰ
1570 2729 1625 2786 δὲ
1656 2731 1744 2786 καὶ
1769 2731 2022 2794 πλείονες

382 2827 518 2895 ἦσαν
551 2827 602 2880 οἱ
634 2825 1024 2901 συνερχόμενοι
1056 2827 1292 2894 σωθῆναι
1326 2822 1595 2892 θέλοντες,
1625 2825 1820 2899 συνῆγε
1851 2827 2022 2877 πᾶσαν

384 2915 482 2982 τὴν
513 2912 856 2991 ἀδελφότητα
887 2933 900 2946 ·
953 2914 1167 2968 καὶτοῦ
1210 2913 1304 2985 μὲν
1353 2911 1612 2974 πλίνθους
1659 2908 2023 2980 ἐπιδιδόντος,

385 3007 480 3058 τοῦ
513 3001 570 3058 δὲ
599 3002 766 3078 ὕδωρ,
799 3003 852 3059 ἐν
887 3003 1070 3078 ἡμέρᾳ
1121 3007 1218 3076 μιᾷ
1243 3002 1310 3058 τά
1359 3001 1554 3058 κελλία
1585 3002 2021 3075 ἀπεπληροῦντο.

386 3093 518 3156 Τοὺς
547 3091 604 3147 δὲ
637 3093 938 3166 μέλλοντας
969 3091 1134 3145 οἰκεῖν
1163 3092 1229 3145 τὰ
1255 3090 1451 3146 κελλία
1480 3089 1706 3146 ἐκάλουν
1739 3091 1875 3166 πρὸς
1921 3092 2022 3158 τὴν

387 3182 676 3254 ἐκκλησίαν
710 3183 785 3243 εἰς
833 3180 1070 3259 εὐωχίαν
1104 3201 1116 3214 ·
1166 3181 1255 3234 καὶ
1287 3182 1361 3240 ὡς
1411 3177 1488 3234 ἔτι
1538 3179 1733 3235 ἐκεῖνοι
1783 3179 2026 3258 ηὐφραί-

388 3293 565 3342 νοντο,
592 3270 814 3336 ἕκαστος
843 3272 902 3326 ἐκ
925 3275 1022 3327 τοῦ
1053 3270 1256 3326 οἰκείου
1305 3269 1529 3325 κελλίου
1561 3270 1788 3344 γεμίσας
1834 3271 2026 3326 ἑαυτοῦ
2058 3274 2108 3340 C

387 3364 484 3430 τὴν
523 3361 790 3436 μηλωτήν
831 3363 866 3432 ἢ
913 3362 1012 3428 τὴν
1061 3357 1293 3434 σπυρίδα
1342 3355 1540 3432 ἄρτιον,
1571 3359 1606 3428 ἢ
1657 3363 1763 3414 τῶν
1813 3357 2022 3414 λοιπῶν

389 3447 729 3520 ἐπιτηδείων,
763 3449 836 3511 εἰς
883 3449 950 3504 τά
977 3449 1068 3503 νέα
1110 3447 1304 3502 κελλία
1355 3447 1628 3524 ἐπέφερεν,
1659 3446 1752 3502 ἵνα
1803 3446 2026 3521 μεηδενί

390 3541 616 3614 φανερὸν
666 3539 953 3614 γένηταιὴ
1007 3539 1234 3594 ἑκάστου
1283 3537 1646 3614 καρποφορία.
1699 3540 2028 3614 Ἐρχόμενοι

393 3628 448 3685 δὲ
480 3629 555 3692 εἷς
586 3628 807 3704 ἑσπέραν
842 3631 891 3684 οἱ
945 3627 1240 3703 μέλλοντες
1271 3627 1436 3682 οἰκεῖν
1466 3629 1532 3684 τά
1573 3626 1792 3698 κελλία,
1823 3630 2028 3704 ηὕρισ-

391 3741 485 3776 κον
512 3720 734 3799 ἐξαίφης
764 3718 931 3775 πάντα
961 3721 1026 3774 τὰ
1058 3715 1362 3789 ἐπιτήδεια.

467 3808 681 3866 Πολλοί
709 3830 766 3864 τε
815 3809 990 3865 αὐτῶν
1037 3805 1158 3863 οὔτε
1192 3810 1286 3881 [αἱ.
1322 3806 1379 3862 δὲ
1421 3809 1528 3862 τῶν
1578 3807 1747 3862 ἐκεῖσε
1779 3807 2032 3884 Πατέρων

396 3898 514 3970 οὐκ]
547 3897 705 3972 ἄρτον
751 3895 962 3967 ἤσθιον,
996 3895 1118 3951 οὗτε
1167 3897 1410 3969 ὀπώρας,
1450 3894 1599 3950 ἀλλά
1644 3894 1894 3970 πικρίδας
1929 3899 2032 3970 μό-

393 4007 507 4042 νον.
535 3987 688 4048 Τινές
721 3984 780 4040 δὲ
827 3983 1002 4040 αὒτῶν
1051 3982 1175 4039 οὒδῖε
1205 3982 1488 4060 ἐκάθευδον
1529 3983 1666 4053 ὅλην
1698 3987 1798 4053 τὴν
1845 3986 2030 4056 νύκτα,

397 4074 540 4130 ἀλλά
594 4076 892 4147 καθήμενοι
947 4072 984 4143 ἢ
1043 4073 1268 4134 ἑστῶτες
1322 4059 1454 4148 ἄχρι
1511 4075 1660 4148 πρωῒ
1711 4071 2030 4150 ἐκαρτέρουν

395 4163 672 4240 προσευχό
683 4185 810 4238 μενο
823 4186 858 4223 ι.

997 4255 1254 4310 ΚΕΦΛΛ.
1298 4253 1428 4309 OA'.

893 4343 1020 4417 Περὶ
1055 4337 1196 4396 ἀϐϐἀ
1226 4339 1530 4418 Ἰσιδώρόυ.

466 4433 681 4512 Ἰδομεν
709 4432 797 4490 καὶ
829 4434 965 4489 κατὰ
996 4433 1094 4502 τήν
1139 4426 1384 4502 Θηϐαίδα
1420 4432 1591 4506 μονὴν
1641 4431 1762 4487 τινὰ
1815 4429 2032 4487 Ἰσιδώ-

397 4549 494 4604 ρου
549 4527 694 4586 τινὸς
751 4522 970 4598 μεγάλῳ
1029 4520 1200 4595 τείχει
1259 4517 1556 4576 πλινθίνων
1631 4519 2033 4596 ὠχυρωμένην,

2127 2041 2308 2082 σαντες
2359 2022 2595 2096 τοσαύτῃ
2657 2022 2896 2095 ἀσθενείᾳ
2951 2021 3334 2099 περιέϐαλλον,
3395 2030 3468 2090 ὡς
3533 2031 3607 2102 μή
3671 2029 3764 2084 δύ-

2127 2113 2312 2165 νασθαι
2345 2109 2505 2166 αὐτὸν
2557 2118 2742 2182 στῆναι
2776 2114 2826 2168 ἐν
2876 2119 2954 2187 τῷ
2987 2117 3378 2190 θυσιαστηρίῳ,
3415 2116 3556 2190 μηδέ
3595 2140 3766 2194 προσ-

2169 2198 2326 2274 έρειν.
2357 2200 2632 2276 Ἄγγελος
2665 2199 2722 2256 δὲ
2769 2201 2941 2258 ἐλθὼν
2974 2205 3064 2258 καὶ
3115 2201 3415 2279 λαϐόμενος
3463 2207 3628 2262 αὐτοῦ
3668 2213 3765 2278 τῆς

2130 2291 2337 2364 χειρὸς,
2395 2289 2791 2364 ἐνεδυνάμωσεν
2851 2293 3008 2348 αὐτὸν
3063 2299 3426 2370 παραχρῆμα,
3488 2299 3573 2352 καὶ
3636 2300 3764 2375 ὑγιῆ

2130 2383 2208 2448 τῷ
2256 2379 2624 2454 θυσιαστηρίῳ
2672 2379 3029 2456 παρέστησεν,
3075 2384 3136 2438 ού
3183 2386 3278 2448 τὰς
3332 2387 3592 2460 βασάνους
3643 2390 3768 2441 θεα-

2135 2466 2356 2540 σάμενοι
2390 2469 2440 2523 οἳ
2471 2467 2700 2547 ἀδελφοὶ
2732 2469 3128 2546 ἐξεπλάγησαν.

2738 2567 2995 2620 ΚΕΦΑΛ.
3049 2563 3166 2620 ΟΓ’.

2652 2650 2781 2723 Περὶ
2813 2645 2956 2705 άϐϐἆ
2987 2652 3265 2710 Ἰωάννου.

2205 2733 2419 2808 Ἴδομεν
2453 2733 2510 2791 δὲ
2555 2739 2646 2792 καὶ
2679 2736 2848 2794 ἄλλον
2901 2741 3156 2810 Ἰωάννην
3193 2739 3246 2796 ἐν
3293 2743 3509 2816 Διόλκῳ
3561 2744 3773 2820 Πατέρα

2139 2825 2539 2898 μοναστηρίων,
2571 2827 2660 2880 καὶ
2699 2827 2860 2883 αὐτὸν
2905 2829 3118 2900 πολλὴν
3163 2829 3322 2908 χάριν
3365 2825 3587 2907 ἔχοντα,
3619 2831 3681 2888 τό
3716 2854 3774 2888 τε

2133 2908 2490 2988 Ἀϐραμιαῖον
2543 2923 2753 2993 σχῆμα,
2787 2917 2874 2972 καὶ
2922 2921 3012 2974 τὸν
3051 2921 3287 2995 πώγωνα
3337 2923 3566 2998 ’Δαρὼν,
3615 2921 3774 2978 δυνά-

2137 3021 2256 3072 μεις
2286 3023 2342 3055 τε
2372 3004 2459 3056 καὶ
2495 3001 2660 3066 ἰάσεις
2693 3005 3097 3078 ἐπιτελέσαντα,
3129 3009 3217 3062 καὶ
3249 3007 3496 3072 πολλοὺς
3528 3011 3772 3084 παραλυ-

2134 3093 2317 3154 τικοὺς
2349 3093 2438 3148 καὶ
2468 3091 2781 3170 ποδαγροὺς
2812 3097 3229 3169 θεραπεύσαντα.

2741 3187 3000 3238 ΚΕΦΑΛ.
3042 3188 3162 3239 ΟΔ’.

2715 3271 2728 3291 \
2781 3267 2909 3296 τρρυ
3137 3274 3148 3294 r

2601 3278 2730 3346 Περι
2769 3295 2912 3326 αοοα
2955 3279 3310 3347 ῐΙιτυριωνος.

2213 3361 2424 3436 Ἶδομεν
2460 3359 2516 3416 δέ
2543 3363 2676 3416 κατά
2715 3362 2813 3430 την
2847 3358 3114 3431 Θηϐαίδα,
3145 3361 3271 3436 ὅρος
3316 3362 3528 3438 ὑψηλὸν
3565 3369 3644 3436 τῷ
3673 3386 3774 3420 πο-

2136 3457 2298 3526 ταμῷ
2356 3451 2717 3524 ἐπικείμενον,
2775 3446 3003 3530 φοϐερὸν
3065 3451 3200 3526 ἄγαν
3263 3454 3354 3507 καὶ
3427 3453 3774 3527 κρημνῶδες,

2139 3541 2230 3597 καὶ
2292 3543 2570 3619 μοναχοὺς
2647 3540 2756 3595 ἐκεῖ
2833 3541 3081 3614 βιοῦντας
3149 3540 3200 3596 ἐν
3273 3547 3388 3604 τοῖς
3459 3541 3773 3613 σπηλαίοις.

2143 3631 2332 3704 Πατήρ
2361 3629 2416 3683 δὲ
2463 3629 2530 3698 ἦν
2565 3650 2648 3692 τις
2697 3627 2871 3684 αὐτῶν
2921 3629 3152 3702 ὀνόματι
3198 3631 3490 3704 Πιτυρίων,
3543 3632 3624 3694 εἷς
3669 3635 3778 3685 τῶν

2145 3721 2404 3794 μαθητῶν
2433 3717 2728 3774 Ἀντωνίου
2771 3717 3059 3794 γένομενος
3093 3739 3106 3753 ’
3139 3719 3228 3774 καὶ
3267 3719 3447 3792 τρίτος
3487 3719 3578 3774 τὸν
3609 3721 3774 3774 τόπον

2140 3807 2344 3864 ἐκεῖνον
2397 3805 2792 3880 διαδεξάμενος,
2825 3809 2882 3869 ὃς
2932 3807 3206 3871 πολλάκις
3251 3809 3340 3861 καὶ
3390 3807 3567 3872 ἄλλας
3618 3807 3776 3864 δυνά-

2147 3919 2264 3972 μεις
2295 3894 2585 3965 ἐπιτελῶν,
2618 3897 2716 3963 τὴν
2762 3899 2870 3950 τῶν
2909 3897 3228 3968 πνευμάτων
3279 3895 3495 3950 ἐλασίαν
3548 3897 3778 3972 ἐνεργῶς

2143 3988 2401 4043 ἐποιεῖτο.
2454 3981 2840 4058 Διαδεξάμενος
2889 3983 2992 4059 γὰρ
3043 3985 3335 4040 Ἀντώνιον
3375 3985 3464 4039 καὶ
3508 3984 3600 4040 τὸν
3647 3987 3777 4040 τού-

2141 4099 2237 4132 του
2272 4075 2521 4151 μαθητήν
2549 4075 2867 4147 Ἀμμωνᾶν,
2897 4074 3122 4138 εἰκότως
3149 4074 3240 4128 καὶ
3271 4075 3369 4143 τήν
3401 4073 3778 4149 κληρονομίαν

2141 4170 2248 4221 τῶν
2305 4163 2662 4241 χαρισμάτων
2703 4161 3010 4236 ὑπεδέξατο,
3043 4163 3102 4224 ὃς
3143 4162 3390 4224 πολλοὺς
3434 4164 3527 4236 μὲν
3559 4164 3646 4218 καὶ
3679 4164 3777 4220 ἄλ-

2145 4254 2276 4318 λους
2306 4255 2440 4327 πρὸς
2480 4255 2626 4326 ἡμᾶς
2657 4251 2952 4324 ἐποιήσατο
2993 4249 3216 4327 λόγους.
3247 4251 3319 4306 Ού
3364 4253 3472 4327 μὴν
3513 4250 3662 4306 ἀλλά
3689 4253 3778 4308 καὶ

2143 4344 2268 4420 περὶ
2313 4351 2416 4413 τῆς
2465 4347 2573 4396 τῶν
2623 4345 2945 4415 πνευμάτων
2995 4339 3317 4416 διακρίσεως
3369 4339 3614 4416 ἰσχυρῶς
3673 4339 3780 4396 διε-

2145 4430 2330 4503 δέξατο
2362 4429 2625 4504 δαίμονας
2653 4429 2788 4485 εἶναί
2815 4451 2959 4494 τινας
2991 4428 3118 4494 τοὺς
3149 4435 3263 4492 τοῖς
3295 4429 3514 4485 πάθεσιν
3539 4429 3780 4485 ἀκολου-

2145 4524 2394 4594 θόῦντας,
2425 4521 2516 4576 καὶ
2559 4521 2626 4576 τὰ
2674 4521 2820 4592 πάθη
2870 4522 3030 4594 ἡμῶν
3063 4519 3334 4583 πολλάκις
3385 4519 3474 4576 ἐπὶ
3505 4521 3566 4577 τὸ
3614 4521 3777 4576 κακὸν

397 4616 616 4695 χιλίους
651 4613 928 4693 μοναχοὺς
975 4607 1122 4666 ἔνδον
1173 4606 1430 4688 ἔχουσαν.
1465 4611 1595 4686 Εἶχε
1643 4608 1700 4664 δὲ
1745 4606 1895 4664 ἔνδον
1941 4611 2030 4663 καὶ
2065 4645 2110 4710 D
2146 4611 2558 4687 διατρέποντας.
2593 4611 2688 4672 "Oc
2717 4629 2802 4670 τις
2836 4608 2951 4680 οὖν,
2981 4611 3025 4664 ὦ
3054 4611 3237 4682 τέκνα,
3271 4610 3403 4688 φησὶ
3443 4611 3577 4684 πρὸς
3611 4612 3780 4680 ἡμᾶς,

396 4706 618 4783 φρέατα,
661 4705 752 4758 καὶ
812 4699 1195 4776 παραδείσους,
1243 4700 1333 4756 καὶ
1391 4699 1489 4754 ὅσα
1545 4697 1685 4754 ἐστὶν
1750 4699 2031 4774 ἀναγκαῖα,

400 4792 633 4868 μηδενὸς
689 4790 790 4862 ἔξω
847 4791 980 4846 ποτὲ
1034 4797 1142 4846 τῶν
1206 4795 1462 4864 μοναχῶν
1521 4788 1795 4860 ἐξιόντων.
1858 4789 2036 4846 Ἀλλά

394 4877 756 4957 πρεσϐύτερος
787 4882 853 4950 ἦν
906 4881 933 4934 ὁ
982 4879 1250 4954 θυρωρὸς,
1304 4877 1512 4952 μηδένα
1563 4883 1860 4954 συγχωρῶν
1903 4876 2034 4948 ἐξιέ-

397 4993 502 5045 ναι,
541 4968 681 5045 μηδὲ
728 4970 948 5026 εἰσιέναι
999 4967 1192 5037 ἄλλον,
1225 4965 1374 5038 πλὴν
1405 4967 1460 5023 εἷ’
1498 4989 1602 5024 που
1643 4988 1728 5030 τις
1777 4963 2036 5022 ἐϐούλετο

397 5062 528 5138 ἄχρι
585 5058 846 5130 τελευτῆς
904 5059 1018 5113 ἐκεῖ
1072 5057 1398 5133 παραμένειν
1461 5055 1726 5132 μηδαμοῦ
1775 5057 2038 5133 προερχό-

402 5171 562 5227 μενος
595 5167 608 5184 ⁸
642 5150 700 5212 ’ὀς
734 5147 799 5219 δή
831 5149 923 5203 καὶ
971 5150 1109 5223 πρὸς
1137 5149 1230 5202 τὸν
1262 5146 1492 5203 πυλῶνα
1537 5147 1612 5209 εἷς
1650 5147 1842 5222 μικρὸν
1875 5167 2038 5201 κατα-

397 5241 600 5318 γώγιον
629 5236 760 5300 τοὺς
808 5237 1144 5316 ἐρχομένους
1176 5235 1388 5306 ἐξένιζε,
1421 5235 1511 5290 καὶ
1562 5235 1744 5297 διδοὺς
1787 5233 2038 5310 εὐλογίας

398 5330 547 5405 πρωῒ
593 5327 643 5385 ἐν
693 5329 880 5402 εἰρήνῃ
932 5325 1270 5402 προέπεμπε.
1317 5325 1420 5379 Δύο
1477 5322 1534 5379 δὲ
1581 5323 1632 5395 ἐξ
1682 5325 1860 5379 αὐτῶν
1907 5345 2042 5398 πρε-

399 5415 648 5494 σϐύτεροι
707 5419 868 5492 μόνον
916 5415 984 5471 τά
1040 5410 1169 5491 ἔργα
1223 5418 1332 5469 τῶν
1391 5410 1640 5488 ἀδελφῶν
1707 5411 2040 5476 διοικοῦντες

397 5508 620 5579 ἐξίεσαν,
671 5507 761 5562 καὶ
816 5506 912 5569 τὰς
968 5503 1260 5582 ἀναγκαίας
1319 5501 1503 5564 αὐτοῖς
1573 5503 1763 5580 χρείας
1843 5503 2041 5558 ἀπεκό-

403 5602 579 5672 μιζον.
608 5595 832 5672 Ἔλεγεν
881 5593 937 5650 δὲ
974 5597 1110 5668 ἡμῖν
1163 5594 1191 5650 ὁ
1237 5597 1316 5666 τῷ
1363 5590 1574 5648 πυλῶνι
1619 5597 2040 5668 προσκαρτερῶν

399 5681 788 5763 πρεσϐύτερος,
835 5683 1117 5748 τοιούτους
1167 5684 1298 5740 εἶναι
1344 5681 1472 5746 τοὺς
1518 5678 1668 5739 ἔνδον
1716 5682 1926 5759 ἁγίους,
1969 5683 2044 5747 ὡς

401 5776 655 5835 δύνασθαι
707 5777 914 5840 πάντας
968 5779 1171 5850 σημεῖα
1225 5771 1517 5846 ἐπιτελεῖν,
1573 5772 1666 5830 καὶ
1726 5769 1933 5848 μηδένα
1991 5772 2040 5842 ἐξ

402 5869 576 5928 αὒτῶν
631 5873 993 5950 προεμπεσεῖν
1048 5867 1125 5933 εἷς
1175 5869 1333 5925 νόσον
1391 5869 1498 5943 πρὸ
1556 5869 1656 5936 τῆς
1731 5865 1992 5938 τελευτῆς
2027 5882 2042 5902 ⁸

2148 4699 2404 4777 βούλεται
2433 4699 2558 4761 τοὺς
2589 4697 2850 4772 δαίμονας
2881 4698 3224 4767 ἀπελαύνειν,
3247 4698 3512 4774 πρότερον
3542 4698 3606 4752 τά
3636 4699 3779 4766 πάθη

2145 4787 2423 4862 δουλώσῃ.
2457 4789 2528 4842 Οὗ
2571 4788 2674 4863 γὰρ
2707 4787 2768 4842 ἂν
2815 4787 3017 4850 πάθους
3059 4809 3143 4850 τις
3193 4787 3558 4863 περιγένηται,
3587 4785 3782 4841 τούτου

2143 4881 2234 4935 καὶ
2263 4879 2354 4932 τὸν
2387 4875 2618 4950 δαίμονα
2647 4875 2938 4931 ἀπελαύνει
2973 4895 2986 4910 ·
3021 4876 3110 4930 καὶ
3144 4873 3384 4930 δεῖκατά
3419 4877 3610 4950 μικρὸν
3643 4877 3782 4950 ὑμᾶς

2148 4968 2420 5024 δουλῶσαι
2451 4967 2518 5021 τά
2563 4967 2733 5036 πάθη,
2770 4964 2862 5020 ’ίνα
2909 4966 3117 5021 τούτων
3161 4965 3288 5028 τοὺς
3341 4963 3601 5040 δαίμονας
3649 4964 3786 5020 ἀπε-

2149 5057 2372 5128 λάσητε.
2405 5057 2630 5112 ’Ἐπεται
2682 5052 2891 5129 δαίμων
2936 5058 3005 5128 τῇ
3053 5052 3473 5131 γαστριμαργίᾳ.
3526 5055 3648 5111 Ἐὰν
3689 5053 3782 5110 οὖν

2146 5155 2246 5218 τῆς
2276 5149 2707 5222 γαστριμαργίας
2735 5148 3066 5222 κρατήσητε,
3100 5145 3424 5202 ἀπελαύνετε
3462 5147 3664 5216 ταύτης
3695 5148 3785 5202 τὸν

2151 5236 2403 5311 δαίμονα.
2434 5237 2650 5292 Ἦσθιεν
2685 5234 2740 5291 δὲ
2771 5237 2798 5290 ὁ
2847 5237 2983 5310 ἀνὴρ
3015 5243 3114 5306 τῆς
3167 5232 3479 5311 ἑϐδομάδος
3516 5234 3783 5306 δεύτερον,

2149 5324 2201 5382 ἔν
2229 5347 2288 5381 τε
2314 5331 2382 5400 τῇ
2433 5329 2696 5399 Κυριακῇ,
2737 5326 2825 5380 καὶ
2877 5329 2944 5399 τῇ
2995 5326 3244 5400 πέμπτῃ,
3298 5325 3480 5396 ζωμὸν
3527 5321 3783 5395 ἀλεύρου,

2155 5413 2384 5490 μηδενὸς
2414 5415 2598 5490 ἐτέρου
2632 5410 3068 5488 μεταλαμϐάνειν
3103 5413 3424 5485 δυνάμενος,
3459 5409 3550 5465 διὰ
3586 5409 3648 5465 τὸ
3681 5413 3782 5480 τήν

2147 5501 2252 5576 ἐξιν
2283 5503 2445 5560 αὐτοῦ
2474 5501 2618 5558 οὕτω
2647 5503 3040 5566 τετυπωκέναι,

2754 5599 3012 5652 ΚΕΦΔΛ.
3055 5591 3178 5648 ΟΕ’.

2455 5683 2584 5759 Περὶ
2613 5679 2756 5740 ἀϐϐἆ
2782 5681 3056 5759 Εὗλογίου
3089 5673 3485 5756 πρεσϐυτέρου.

2223 5771 2436 5851 Ἰδομεν
2467 5773 2524 5832 δὲ
2565 5775 2656 5832 καὶ
2704 5771 2881 5829 ὄίλλον
2929 5763 3292 5848 πρεσϐύτερον
3338 5769 3611 5848 Εύλόγιον
3665 5767 3794 5824 ὀνό-

2155 5887 2306 5942 ματι,
2337 5866 2398 5932 ὃς
2425 5864 2476 5924 ἐν
2507 5869 2587 5940 τῷ
2617 5865 2940 5944 προσφέρειν
2967 5865 3048 5936 τῷ
3077 5865 3191 5934 Θεῷ
3217 5861 3285 5918 τὰ
3315 5858 3484 5936 δῶρα,
3513 5859 3794 5926 τοσαύτην
