4074 6278
240 376 391 434 1181

1579 368 1951 430 HISTORIA
1992 369 2146 430 LAU
2156 366 2403 427 SIACA.

3589 373 3745 434 1182

233 508 474 579 gratiam
500 507 864 579 cognitionis,
899 510 963 559 ut
992 504 1435 573 unuscujusque
1465 518 1532 557 ex
1562 501 1634 557 iis
1654 501 1749 573 qui
1772 517 1930 557 acee-
1965 502 2018 567 Α
2121 500 2237 554 Hoc
2268 503 2463 555 autem
2497 499 2844 555 miraculum
2880 502 3009 557 fecit
3058 502 3262 558 beatus
3312 504 3656 560 Posidonius
3690 509 3748 561 in

234 596 763 652 debantmonachis
787 601 1043 650 mentem
1068 592 1650 664 cognosceret(Ru/f.,
1668 593 1704 645 Ι.
1733 608 1793 658 11,
1816 608 1933 662 cap.

237 687 344 757 14).
378 687 430 742 Is
462 703 593 743 cum
626 702 774 756 saepe
806 685 1041 740 vidisset
1071 682 1299 754 aliquos
1330 682 1647 738 monachos
1679 683 1746 736 ari
1774 697 1935 736 aram

237 793 595 841 accessuros,
637 792 738 831 eos
790 774 1045 841 retinuit,
1097 772 1329 829 dicens:
1366 772 1661 835 Quomodo
1712 770 1937 825 audetis

239 867 306 921 ad
342 871 547 922 sancta
573 866 843 921 accedere
875 867 1262 930 sacramenta,
1295 878 1424 917 cum
1460 861 1725 916 habeatis
1757 859 1939 913 malas

239 955 659 1026 cogitationes?
689 957 756 1010 Et
779 961 834 1008 tu
860 953 1094 1025 quidem
1128 952 1234 1006 hac
1256 955 1419 1008 nocte
1452 950 1648 1005 animo
1698 948 1937 1003 versasti

239 1050 465 1116 turpem
517 1044 920 1100 fornicationis
964 1042 1416 1113 cogitationem;
1467 1040 1617 1095 alius
1658 1046 1845 1095 autem
1880 1037 1938 1091 in

240 1136 436 1189 animo
467 1151 571 1191 suo
603 1133 1131 1205 reputavit,dicens
1154 1132 1297 1186 nihil
1325 1131 1536 1187 referre
1568 1148 1640 1184 an
1675 1131 1942 1200 peccator

240 1242 309 1278 an
336 1225 536 1294 justus
585 1224 822 1281 accedat
871 1223 940 1277 ad
995 1222 1091 1278 Dei
1139 1221 1382 1292 gratiam
1413 1237 1425 1287 ;
1459 1219 1610 1274 alius
1642 1222 1836 1273 autem
1872 1219 1941 1271 de

241 1312 393 1366 dono
442 1311 741 1377 dubitavit,
794 1311 993 1365 dicens
1036 1326 1049 1364 :
1099 1309 1371 1380 Nunquid
1432 1323 1521 1363 me
1570 1306 1938 1362 accedentem

240 1401 623 1456 sanctiﬁcabit
642 1401 670 1455 ‘i
700 1403 915 1456 Parum
968 1415 1104 1471 ergo
1153 1398 1402 1455 secedite
1431 1416 1464 1453 a
1493 1397 1713 1451 sanctis
1745 1411 1939 1451 sacra-

240 1489 472 1552 mentis,
507 1492 563 1544 et
593 1504 660 1544 ex
692 1488 885 1545 animo
931 1488 1082 1560 agite
1114 1487 1539 1558 pcenitentiam,
1575 1490 1637 1540 ut
1669 1485 1746 1539 sit
1778 1483 1938 1539 vobis

240 1577 508 1632 remissio
543 1583 935 1649 peccatorum,
969 1583 1024 1633 et
1064 1577 1189 1632 sitis
1238 1576 1400 1647 digni
1432 1574 1641 1630 Christi
1675 1589 1937 1628 commu-

239 1667 433 1724 nione.
468 1668 586 1724 Nisi
616 1668 770 1725 enim
807 1669 1055 1740 primum
1091 1665 1509 1723 mundaveritis
1540 1664 1937 1735 cogitationes,

241 1775 354 1814 non
388 1759 649 1829 poteritis
678 1760 745 1814 ad
779 1757 990 1814 Christi
1020 1758 1264 1829 gratiam
1300 1756 1589 1811 accedere.

825 1847 1055 1903 CAPUT
1097 1847 1346 1902 LXXVI.

592 1940 708 1995 Vita
739 1938 1057 2007 Serapionis
1090 1938 1235 2007 (124)
1266 1935 1587 2006 presbyteri.

309 2026 575 2083 Vidimus
609 2045 742 2083 vero
765 2029 939 2083 etiam
973 2028 1029 2082 in
1064 2027 1329 2097 partibus
1360 2024 1672 2080 Arsenoitae
1707 2023 1939 2094 presby-

238 2122 424 2170 terum
470 2118 805 2188 quemdam,
857 2118 1092 2172 nomine
1123 2115 1493 2187 Serapionem
1546 2114 1732 2184 (Ruﬂ.,
1788 2112 1829 2167 ι.
1877 2128 1938 2180 n,

236 2219 357 2276 cap.
395 2207 503 2279 18),
553 2207 782 2263 Patrem
838 2206 1156 2263 multorum
1201 2204 1707 2270 monasteriorum,
1752 2206 1807 2257 et
1839 2201 1940 2272 qui

236 2301 446 2366 praeest
495 2297 689 2351 multa:
738 2298 1110 2362 fraternitati,
1162 2301 1226 2351 ut
1274 2296 1371 2367 qui
1407 2296 1526 2351 sint
1558 2295 1749 2350 decies
1782 2292 1940 2348 mille

236 2401 498 2455 numero,
535 2402 921 2457 magnamque
954 2402 1054 2457 per
1085 2387 1287 2440 fratres
1338 2384 1671 2455 exsequitur
1701 2384 1943 2453 dispen-

238 2475 544 2543 sationem,
579 2490 713 2532 eum
746 2490 948 2530 omnes
964 2474 1165 2543 simul,
1191 2479 1450 2545 tempore
1483 2473 1712 2540 messis,
1738 2488 1941 2527 omnes

238 2581 376 2620 suos
409 2566 631 2621 fructus
664 2566 732 2620 ad
761 2568 950 2635 ipsum
972 2565 1236 2632 aﬂ'erant,
1264 2579 1408 2634 quos
1434 2579 1533 2633 pro
1560 2561 1768 2617 messis
1798 2577 1941 2615 mer-

240 2655 375 2711 cede
407 2660 768 2728 acceperunt,
802 2656 1209 2727 unusquisque
1240 2653 1518 2709 frumenti
1548 2670 1773 2709 annuas
1807 2653 1944 2706 duo-

240 2746 425 2801 decim
465 2747 697 2802 artabas
730 2748 897 2818 (125),
931 2747 1028 2818 qui
1059 2750 1194 2800 sunt
1223 2744 1397 2800 veluti
1432 2743 1820 2816 quadraginta
1844 2741 1945 2812 qui

240 2837 393 2903 apud
421 2851 525 2890 nos
556 2836 828 2891 dicuntur
859 2836 1073 2902 modii;
1110 2842 1161 2889 et
1193 2850 1258 2889 ea
1281 2834 1347 2888 ad
1378 2833 1765 2887 ministerium
1801 2848 1946 2901 pau—

242 2940 439 2993 perum
484 2940 583 2994 per
614 2942 674 2979 se
704 2926 1020 2996 dispensat,
1051 2923 1193 2977 adeo
1226 2928 1291 2977 ut
1322 2922 1594 2992 deinceps
1626 2921 1683 2974 in
1718 2936 1785 2974 ea
1818 2936 1944 2990 quae

238 3014 322 3063 est
350 3010 727 3066 circumcirca
755 3012 991 3081 regione
1026 3010 1222 3064 nullus
1253 3010 1330 3063 sit
1372 3024 1609 3079 pauper,
1647 3006 1748 3061 sed
1773 3008 1946 3060 etiam

239 3098 431 3153 mittat
463 3100 530 3154 ad
566 3116 662 3155 eos
696 3101 791 3169 qui
822 3111 959 3154 sunt
992 3099 1351 3153 Alexandria:
1394 3114 1697 3168 pauperes.
1723 3097 1827 3150 Sed
1856 3111 1945 3149 ne-

1971 1878 2023 1943 B

2050 590 2368 645 Bethleem.
2401 590 2669 652 Quaedam
2706 591 2914 646 mulier
2935 593 3173 663 gravida
3195 592 3445 649 habebat
3473 595 3745 666 spiritum

2047 680 2441 746 immundum,
2477 688 2529 734 et
2583 680 2641 735 in
2675 681 2801 751 ipso
2856 685 3113 753 tempore
3164 700 3278 755 quo
3327 690 3450 739 erat
3498 686 3750 755 paritura

2050 770 2348 825 laborabat
2376 770 2432 823 in
2486 778 2676 840 partu,
2724 771 2910 841 ipsam
2964 777 3294 829 conterente
3342 775 3572 844 Spiritu.
3606 779 3747 829 Cum

2051 875 2185 929 ergo
2219 875 2251 914 a
2282 860 2541 915 tltemone
2570 864 2871 914 vexaretur
2906 860 3132 927 mulier,
3164 864 3396 918 advenit
3426 865 3551 933 ejus
3576 866 3752 920 mari-

2048 952 2166 1013 tus,
2216 951 2272 1004 et
2320 949 2541 1017 rogavit
2592 953 2861 1004 sanctum
2894 948 3060 1004 illum
3105 954 3166 1004 ut
3198 951 3459 1007 adesset:
3495 959 3551 1007 et
3583 954 3751 1007 nobis

2052 1035 2330 1105 ingressis
2385 1037 2457 1091 ad
2515 1038 2823 1105 orandum,
2876 1054 3008 1093 cum
3087 1039 3339 1094 stetisset
3397 1045 3451 1095 et
3482 1047 3752 1111 precatus

2051 1132 2224 1194 esset,
2255 1132 2382 1197 post
2417 1129 2733 1183 secundam
2766 1129 3232 1199 genuflexionem
3256 1131 3427 1201 ejecit
3459 1133 3750 1201 spiritum.

2051 1217 2307 1286 Surgens
2346 1221 2539 1271 autem
2582 1217 2721 1271 dixit
2775 1218 2978 1276 nobis:
3015 1218 3205 1286 Orate,
3260 1221 3430 1275 modo
3472 1222 3626 1274 enim
3659 1238 3752 1276 ex-

2050 1305 2277 1374 pellitur
2309 1306 2649 1361 immundus
2690 1307 2951 1376 spiritus.
2987 1308 3224 1379 Oportet
3275 1314 3466 1365 autem
3500 1327 3623 1365 esse
3650 1311 3756 1365 ali-

2050 1397 2203 1465 quod
2237 1396 2471 1466 signum
2520 1402 2582 1451 ut
2613 1400 2682 1455 de
2727 1416 2792 1455 eo
2836 1400 3047 1455 tiamus
3101 1401 3389 1457 certiores.
3446 1402 3756 1473 Egrediens

2052 1488 2240 1541 autem
2276 1487 2523 1554 daemon,
2556 1487 2734 1542 diruit
2782 1505 2815 1543 a
2848 1490 3229 1544 fundamento
3260 1495 3438 1546 totum
3474 1492 3617 1546 aulae
3649 1509 3756 1562 pa-

2050 1575 2265 1629 rietem.
2320 1575 2522 1631 Mulier
2572 1580 2767 1632 autem
2820 1577 3093 1633 sexennio
3145 1594 3258 1633 non
3312 1579 3495 1635 fuerat
3528 1581 3751 1635 locuta:

2050 1668 2355 1736 postquam
2389 1670 2583 1720 autem
2617 1682 2884 1737 egressus
2924 1672 3014 1723 est
3046 1668 3292 1736 daemon,
3327 1674 3383 1723 et
3427 1668 3667 1740 peperit,
3703 1672 3759 1725 et

2051 1754 2248 1811 locuta
2277 1761 2383 1809 est.

2608 1844 2841 1899 CAPUT
2892 1846 3189 1901 LXXVIII.

2588 1933 2661 1987 De
2691 1932 3015 2004 Hieronymo
3047 1934 3216 2005 (1'27).

2122 2021 2307 2091 Hujus
2338 2021 2528 2078 sancti
2561 2022 2691 2077 novi
2726 2022 2871 2077 hanc
2922 2038 3153 2094 quoque
3188 2023 3588 2094 prophetiam;
3626 2027 3756 2081 Hie-

2052 2128 2327 2183 ronymus
2359 2111 2514 2166 enim
2573 2111 2811 2183 quidam
2877 2113 3174 2183 presbyter
3225 2113 3521 2168 habitabat
3555 2114 3611 2168 in
3642 2114 3758 2171 illis

2052 2198 2215 2269 locis,
2260 2200 2360 2270 qui
2412 2201 2467 2254 in
2516 2216 2787 2256 sermone
2829 2201 3087 2255 Romano
3139 2218 3347 2271 magna
3394 2210 3511 2257 erat
3542 2202 3755 2259 virtute

2051 2295 2308 2358 ornatus,
2341 2297 2397 2347 et
2426 2292 2699 2363 praeclaro
2741 2293 2974 2363 ingenio
3000 2311 3013 2360 ;
3047 2294 3141 2348 sed
3179 2298 3335 2348 tanta
3364 2295 3473 2349 fuit
3502 2295 3629 2364 ejus
3660 2296 3748 2350 in-

2050 2382 2223 2449 vidia,
2258 2386 2320 2437 ut
2351 2383 2421 2437 ab
2453 2399 2521 2438 ea
2550 2384 2891 2439 obrueretur
2920 2383 3100 2438 virtus
3129 2384 3419 2440 doctrinae.
3452 2386 3592 2440 Cum
3618 2402 3752 2457 ergo

2055 2474 2257 2528 multis
2296 2474 2501 2530 diebus
2536 2490 2667 2529 cum
2700 2490 2765 2529 eo
2796 2480 3059 2529 versatus
3083 2480 3235 2531 esset
3259 2479 3499 2531 sanctus
3522 2475 3759 2531 Posido-

2056 2560 2211 2628 nius,
2240 2561 2382 2617 dicit
2411 2562 2554 2617 mihi
2585 2563 2643 2617 in
2676 2578 2875 2618 aurem
2908 2580 2920 2617 :

2647 2670 2880 2725 CAPUT
2922 2670 3159 2727 LXXIX.

2659 2761 2732 2815 De
2771 2761 2945 2815 Paula
2977 2760 3149 2830 (128).

2128 2852 2387 2923 Ingenua
2413 2851 2644 2921 quidem
2672 2851 2868 2919 Paula,
2901 2867 3025 2921 quae
3050 2853 3176 2921 ejus
3199 2868 3398 2908 curam
3422 2854 3588 2923 gerit,
3626 2873 3763 2927 prea-

2060 2942 2333 2997 morietur
2367 2943 2603 2996 liberata
2637 2942 2706 2997 ab
2738 2942 2862 3010 ejus
2897 2942 3129 2997 invidia.
3166 2944 3234 2995 Ut
3262 2950 3453 2998 autem
3491 2946 3761 3013 arbitror,

2063 3035 2298 3101 propter
2344 3030 2499 3084 hunc
2553 3030 2743 3084 virum
2797 3046 2908 3083 non
2960 3031 3250 3084 habitabit
3298 3032 3384 3085 vir
3430 3038 3670 3088 sanctus
3702 3036 3762 3088 in

2060 3116 2151 3170 his
2201 3115 2362 3180 locis,
2417 3116 2513 3168 sed
2568 3116 2694 3182 ejus
2747 3115 3016 3183 pervadet
3065 3114 3279 3170 invidia
3323 3115 3411 3170 vel
3458 3132 3642 3187 usque
3690 3122 3760 3175 ad

236 3204 342 3257 que
375 3189 635 3259 praedicti
691 3190 887 3244 Patres
938 3205 1040 3259 per
1090 3192 1269 3242 totam
1320 3187 1629 3259 {Egyptum
1683 3201 1939 3257 unquam

2123 3204 2359 3274 'oprium
2392 3204 2651 3258 fratrem.
2687 3204 2917 3273 Resque
2948 3203 3022 3257 ita
3058 3202 3287 3259 accidit.

237 3279 613 3348 neglexerunt
631 3277 780 3332 hanc
805 3277 1365 3332 administrationem
1395 3293 1408 3343 ;
1434 3277 1531 3331 sed
1554 3293 1620 3330 ex
1644 3275 1939 3330 laboribus

235 3366 636 3433 fraternitatis,
674 3367 903 3437 navigia
935 3367 1106 3437 plena
1158 3368 1448 3419 frumento
1489 3369 1543 3419 et
1573 3365 1936 3419 vestimentis

239 3456 591 3526 pauperibus
644 3456 923 3511 miserunt
967 3454 1401 3521 Alexandriam,
1452 3457 1755 3525 propterea
1788 3456 1933 3524 quod

237 3545 349 3599 rari
382 3553 573 3600 essent
605 3547 758 3617 apud
789 3546 947 3617 ipsos
981 3545 1081 3616 qui
1113 3549 1366 3615 egerent.

816 3634 1044 3690 CAPUT
1084 3634 1353 3690 LXXVII.

743 3725 857 3781 Vita
887 3725 1102 3782 abbatis
1134 3724 1441 3780 Posidonii.

311 3814 600 3871 Posidonii
631 3814 891 3870 Thebani
927 3815 1113 3870 multa
1140 3814 1372 3885 quidem
1407 3819 1568 3881 sunt,
1602 3830 1783 3885 eaque
1814 3830 1943 3868 nar-

237 3912 360 3957 ratu
412 3904 692 3971 difficilia,
741 3904 1237 3975 quemadmodum
1289 3907 1412 3958 erat
1458 3903 1632 3968 mitis,
1682 3908 1737 3957 et
1770 3904 1825 3958 in
1884 3919 1942 3958 se

234 3992 553 4046 exercendo
586 3991 960 4061 accerrimus,
1004 3997 1061 4046 et:
1111 3999 1326 4061 quanta
1378 3992 1548 4045 fuerit
1581 3992 1637 4044 in
1672 4008 1735 4046 eo
1768 3991 1942 4045 inno-

233 4080 437 4135 centia.
470 4078 673 4134 Nescio
699 4096 769 4133 an
799 4078 985 4133 ullum
1010 4078 1184 4134 talem
1210 4078 1599 4134 convenerim.
1629 4078 1756 4133 Vixi
1782 4079 1937 4133 enim

235 4186 365 4224 cum
402 4186 466 4224 eo
496 4186 645 4223 anno
697 4185 813 4223 uno
841 4167 899 4222 in
952 4168 1267 4235 Bethleem,
1321 4169 1557 4237 quando
1605 4169 1752 4223 sedit
1785 4168 1941 4222 ultra

232 4259 593 4313 Poemenium
617 4256 789 4329 (126),
816 4265 869 4312 et
900 4257 1112 4312 multas
1144 4256 1259 4312 vidi
1292 4257 1422 4324 ejus
1454 4258 1690 4312 virtutes
1718 4277 1732 4327 ;
1766 4262 1941 4328 atque

232 4349 382 4401 inter
411 4353 610 4401 cetera
652 4346 777 4417 ipse
823 4344 967 4399 mihi
1017 4345 1271 4416 quodam
1327 4344 1416 4399 die
1468 4348 1761 4401 narravit:
1793 4346 1936 4402 Cum

231 4436 575 4503 habitarem,
610 4436 822 4507 inquit,
857 4436 915 4491 in
949 4434 1071 4491 loco
1104 4434 1444 4505 Porphyrite
1471 4452 1624 4489 anno
1660 4452 1793 4503 uno,
1822 4440 1936 4492 toto

231 4542 382 4581 anno
418 4526 645 4581 nullum
677 4526 976 4581 hominem
1003 4524 1266 4591 conveni,
1304 4540 1417 4578 non
1443 4524 1639 4578 audivi
1672 4527 1938 4580 sermoci-

2669 3312 2899 3368 CAPUT
2952 3313 3168 3367 LXXX.

2657 3403 2729 3457 De
2768 3403 3152 3473 Oxyperentio.

2123 3492 2345 3547 Etenim
2392 3492 2621 3547 beatum
2673 3492 3126 3562 Oxyperentium
3161 3492 3374 3549 Italum
3409 3494 3457 3550 is
3490 3495 3625 3551 hinc
3659 3515 3756 3554 ex-

2054 3581 2222 3654 pulit.

2645 3690 2872 3745 CAPUT
2918 3691 3152 3747 LXXXI.

2759 3782 2832 3836 De
2859 3783 3041 3836 Petro.

2123 3870 2187 3923 Et
2217 3869 2450 3924 Petrum
2485 3869 2663 3922 alium
2698 3870 3013 3937 quemdam
3046 3870 3393 3941 ngyptium.

2625 3977 2855 4033 CAPUT
2896 3977 3167 4034 LXXXII.

2713 4067 2783 4119 De
2814 4065 3083 4121 Sz'meone.

2122 4155 2188 4208 Et
2210 4155 2563 4221 Simeonem,
2586 4155 2739 4209 viros
2763 4155 3157 4227 admirabiles,
3182 4173 3323 4228 quos
3342 4172 3445 4229 ego
3464 4160 3752 4217 adnotavi.

2122 4243 2378 4298 Narravit
2410 4243 2550 4298 mihi
2601 4244 2695 4298 hic
2736 4244 3078 4299 Posidonius
3118 4245 3664 4303 continentissimus
3698 4254 3755 4305 et

2050 4334 2275 4389 virtutis
2306 4334 2871 4403 observantissimus,
2921 4334 3074 4404 quod
3116 4337 3504 4408 quadraginta
3534 4339 3747 4394 abhinc

2050 4425 2219 4479 annis
2250 4441 2453 4494 panem
2487 4440 2599 4479 non
2646 4427 2957 4495 gustasset,
3008 4440 3196 4495 neque
3245 4430 3489 4498 acceptae
3519 4427 3745 4498 injuriae

2049 4513 2126 4568 sit
2157 4514 2488 4569 recordatus
2521 4529 2705 4583 usque
2734 4514 2800 4568 ad
2834 4513 2949 4569 diei
2980 4514 3312 4570 dimidium.

229 4616 546 4677 nationem,
581 4634 693 4673 non
728 4632 931 4686 panem
967 4615 1211 4687 gustavi,
1246 4614 1355 4667 nisi
1389 4613 1439 4667 si
1470 4614 1696 4684 quando
1730 4615 1930 4685 paucis
1964 4603 2015 4666 D
2122 4602 2248 4657 Haec
2280 4606 2413 4657 sunt
2436 4602 2749 4658 certamina
2779 4606 2833 4658 et
2858 4603 3021 4672 signa
3044 4604 3299 4674 praeclari
3328 4605 3539 4660 Christi
3574 4607 3754 4660 athle-

230 4709 422 4761 uterer
452 4706 714 4777 dactylis,
744 4720 801 4760 et
830 4706 1013 4760 sicubi
1047 4705 1256 4759 herbas
1303 4703 1621 4759 invenirem
1658 4710 1935 4775 agrestes.

228 4796 349 4860 Quo
379 4795 615 4865 quidem
650 4799 909 4865 tempore
935 4811 1066 4849 cum
1113 4794 1221 4849 mei
1262 4811 1441 4864 panes
1484 4794 1800 4865 aliquando
1834 4797 1939 4851 de-

227 4883 517 4949 fecissent,
572 4900 839 4954 agressus
887 4898 1019 4938 sum
1057 4897 1085 4936 e
1133 4880 1432 4954 spelunca,
1480 4887 1543 4936 ut
1590 4883 1848 4938 venirem
1880 4885 1937 4939 in

228 4972 424 5027 orbcm
448 4975 609 5027 terrae
643 4972 1049 5039 habitabilem,
1092 4975 1147 5027 et
1191 4987 1326 5028 cum
1362 4976 1482 5027 toto
1513 4973 1605 5027 die
1638 4971 1938 5027 ambulas-

228 5077 371 5130 sem,
405 5062 496 5117 vix
528 5062 759 5117 aberam
794 5080 826 5117 a
858 5062 1134 5132 spelunca
1165 5063 1280 5118 duo
1314 5061 1603 5118 milliaria.
1629 5063 1772 5117 Cum
1802 5078 1937 5134 ergo

228 5151 443 5206 circum
466 5151 780 5222 pexissem,
814 5152 976 5206 video
1007 5151 1263 5221 equitem
1292 5151 1498 5206 militis
1530 5152 1792 5205 habitum
1821 5168 1938 5222 prae

227 5256 289 5295 se
322 5240 623 5309 ferentem,
666 5240 978 5296 habentem
1012 5240 1072 5296 in
1105 5241 1287 5311 capite
1320 5240 1541 5311 galeam
1574 5239 1890 5295 tiariferam
1922 5260 1934 5309 ;

227 5337 445 5389 etcum
492 5334 907 5405 oonjectassem
968 5348 1099 5387 eum
1152 5349 1281 5388 esse
1327 5333 1600 5399 militem,
1646 5334 1937 5402 profectus

227 5438 359 5477 sum
395 5438 580 5492 usque
609 5424 679 5477 ad
721 5423 1089 5494 speluncam,
1124 5430 1177 5477 et
1219 5422 1408 5477 inveni
1439 5422 1761 5477 canistrum
1799 5440 1939 5477 uva-

227 5526 358 5565 rum
391 5517 443 5565 et
478 5511 692 5567 ticuum
728 5528 912 5583 nuper
930 5513 1335 5583 decerptarum
1365 5529 1377 5566 :
1414 5527 1584 5581 quem
1611 5528 1744 5565 cum
1775 5528 1938 5567 acce-

228 5598 466 5671 pissem,
520 5600 685 5657 laetus
729 5604 857 5657 veni
906 5602 975 5658 ad
1028 5601 1395 5674 speluncam,
1448 5601 1674 5657 habens
1710 5602 1936 5659 duobus

226 5690 528 5747 mensibus
560 5692 721 5748 cibos
754 5692 886 5748 illos
911 5693 978 5749 ad
1016 5709 1203 5749 meam
1238 5692 1639 5749 refectionem.

2052 4694 2105 4744 te
2136 4688 2451 4753 Posidonii,
2483 4706 2608 4760 quae
2642 4689 2771 4744 fecit
2804 4690 3169 4759 providentia
3200 4693 3327 4761 ejus
3360 4708 3485 4761 quae
3518 4696 3603 4747 est
3629 4709 3753 4749 om-

2051 4780 2214 4834 nium
2269 4779 2543 4833 virtutum
2590 4778 2842 4834 maxime
2873 4799 2886 4847 ;
2920 4787 2976 4836 et
3007 4780 3064 4835 in
3102 4781 3189 4835 his
3216 4786 3306 4836 est
3337 4781 3585 4852 insignis
3620 4783 3753 4837 ﬁnis

2050 4869 2173 4923 vitae
2206 4868 2382 4938 hujus
2414 4869 2590 4924 beati.

2616 4976 2847 5032 CAPUT
2888 4976 3181 5032 LXXXIII.

2401 5066 2512 5120 Vita
2542 5064 2856 5135 Serapionis
2893 5065 3042 5135 (129)
3076 5064 3402 5121 Sindonites.

2124 5154 2252 5208 Fuit
2281 5153 2429 5210 alius
2462 5156 2704 5226 quidam
2738 5154 3010 5226 Serapion
3047 5154 3380 5212 Sindonites
3411 5156 3572 5228 (nam
3608 5174 3750 5226 prae-

2058 5251 2143 5299 ter
2192 5244 2497 5301 sindonem
2551 5245 2694 5300 nihil
2727 5262 2985 5316 unquam
3030 5246 3332 5312 induebat,
3368 5247 3465 5316 qui
3500 5246 3753 5301 exercuit

2049 5350 2314 5404 magnam
2363 5336 2793 5404 possessionum
2848 5339 2904 5389 et
2956 5335 3296 5391 facultatum
3349 5333 3748 5387 vacuitatem:

2050 5440 2227 5493 quam
2258 5423 2328 5478 ob
2360 5441 2594 5481 causam
2628 5430 2684 5481 et
2719 5426 3116 5496 impassabilis
3146 5426 3477 5480 vocabatur.
3506 5423 3647 5477 Cum
3671 5439 3754 5479 es-

2049 5516 2135 5569 set
2166 5520 2358 5568 autem
2390 5514 2697 5586 imperitus
2747 5516 3091 5579 litterarum,
3155 5512 3492 5568 memoriter
3526 5512 3757 5569 dicebat

2049 5617 2251 5659 omnes
2280 5604 2621 5677 Scripturas.
2659 5605 2726 5662 Et
2752 5623 2939 5677 neque
2962 5606 3033 5660 ob
3065 5602 3506 5673 possessionum
3539 5608 3757 5676 egesta-

2048 5697 2168 5750 tem
2220 5700 2273 5752 et
2332 5694 2762 5769 Scripturarum
2822 5693 3255 5751 meditationem
3307 5693 3494 5766 potuit
3523 5694 3582 5749 in
3616 5694 3755 5750 cella
