4074 6278
368 334 523 396 1183
1928 336 2068 394 ΡΑΙ

2246 337 2305 395 πΙΙ
3737 340 3769 400 1
3786 343 3919 401 181

369 472 667 541 quiescere
701 510 715 536 ,
748 484 863 523 non
898 467 1050 539 quod
1098 465 1431 521 traheretur
1478 482 1512 520 a
1542 469 1773 522 terrena
1802 468 2065 537 materia,
2100 472 2151 535 Α
2183 467 2252 521 de
2283 466 2710 522 feneratoribus
2740 465 2900 521 uteie
2924 466 3345 535 satisfacerent,
3368 468 3565 540 ipsum
3585 472 3923 543 rogabant:

372 561 475 617 sed
518 559 672 632 quod
701 558 1075 629 apostolicam
1096 556 1273 610 vitam
1306 556 1653 627 sectabatur,
1686 557 1884 614 orbem
1908 563 2068 614 terrae
2177 556 2279 613 Ubi
2312 557 2496 612 sunt?
2527 556 2656 627 quis
2690 559 2778 610 est
2809 556 2907 627 qui
2928 555 3031 611 tibi
3062 557 3288 612 exhibet
3310 559 3642 617 molestiam
3666 562 3697 615 ‘?
3721 567 3918 620 osten-

371 650 572 705 obiens
606 646 1042 702 exactissimam
1075 643 1433 717 paupertatis
1482 645 1752 701 virtutem
1794 646 2068 718 praesefe-
2174 645 2244 700 de
2287 644 2461 700 nobis
2493 660 2651 709 eum,
2688 650 2753 698 ut
2785 642 2891 698 tibi
2918 643 3173 699 feramus
3197 646 3494 702 auxilium.
3518 649 3690 704 Tunc
3712 651 3807 705 eis
3832 652 3918 706 di—

370 741 552 809 rebat,
576 740 659 795 sic
693 743 756 793 ut
786 737 1098 808 perfectam
1131 734 1672 807 impassabilitatem
1704 736 1798 791 hic
1826 737 1898 791 sit
1922 753 2073 792 asse-
2175 730 2293 785 cit:
2340 730 2667 785 Molestiam
2720 729 2862 785 mihi
2913 730 3173 786 exhibuit
3217 732 3475 800 avaritia,
3535 740 3594 790 et
3642 737 3821 807 gula,
3853 742 3913 793 et

368 834 560 887 cutus.
595 827 777 884 Natus
809 826 964 881 enim
998 828 1118 881 erat
1148 824 1256 878 hac
1282 828 1522 893 natura;
1556 828 1695 879 sunt
1716 825 1870 881 enim
1900 829 2070 880 natu-
2176 819 2518 887 fornicatio;
2553 824 2609 874 et
2648 836 2683 873 a
2712 818 2943 874 duobus
2966 819 3201 890 quidem
3226 838 3355 877 sum
3377 822 3683 892 liberatus,
3707 828 3912 882 avari-

369 935 592 985 rarum,
644 933 759 971 non
813 915 1281 971 substantiarum
1331 915 1666 971 differentias
1696 916 1885 985 (Caute
1915 916 2069 986 lege).
2173 908 2255 963 tia
2281 908 2501 965 scilicet
2519 913 2576 964 et
2602 908 2981 964 fornicatione
3006 928 3021 979 ;
3056 926 3240 981 neque
3264 912 3417 967 enim
3445 929 3660 969 aurum
3686 914 3909 977 habeo,

370 1008 698 1064 Narrabant
729 1006 928 1077 itaque
960 1005 1177 1074 Patres,
1211 1006 1365 1075 quod
1398 1020 1529 1059 cum
1564 1006 1871 1075 quemdam
1903 1021 2071 1062 acce-
2174 1015 2364 1069 neque
2396 999 2613 1070 aliquid
2644 996 2793 1053 aliud
2831 999 3141 1070 possideo;
3175 1016 3286 1057 non
3322 1002 3479 1058 fruor
3503 1003 3741 1060 deliciis
3776 1022 3904 1077 qua:

369 1099 553 1170 pissct
583 1096 1014 1152 exercitatorem
1050 1094 1149 1165 qui
1181 1110 1311 1149 cum
1359 1110 1424 1150 eo
1466 1094 1706 1162 luderet,
1746 1112 1805 1149 se
1835 1095 1892 1150 in
1926 1112 2072 1165 qua-
2175 1095 2311 1143 sunt
2332 1089 2589 1143 nutrices
2620 1088 2797 1158 huius
2820 1089 3047 1145 morbi:
3075 1090 3349 1160 quocirca
3380 1092 3523 1147 nihil
3556 1093 3711 1150 mihi
3731 1094 3910 1150 exhi-

370 1191 505 1245 dam
526 1188 667 1244 urbe
689 1186 1006 1258 gentilibus
1035 1184 1692 1241 vendidithistrionibus
1713 1186 1917 1257 viginti
1940 1186 2072 1242 soli-
2174 1178 2315 1233 bent
2364 1179 2618 1248 amplius
2668 1177 2968 1235 molestias.
3008 1180 3055 1234 A
3101 1178 3238 1251 gula
3269 1183 3463 1236 autem
3494 1198 3612 1239 non
3648 1200 3901 1254 possum

374 1278 463 1333 dis
493 1277 666 1349 (130),
717 1280 773 1332 et
820 1292 953 1331 cum
1004 1274 1427 1331 recondidisset
1468 1275 1682 1331 solidus
1715 1275 1822 1330 sub
1854 1275 2068 1346 sigillo,

2246 1265 2437 1320 cedere
2462 1265 2619 1336 ;jam
2654 1265 2809 1321 enim
2842 1268 3093 1335 quatuor
3123 1265 3331 1321 diebus
3380 1267 3526 1322 nihil
3556 1269 3820 1339 comedi,
3857 1275 3906 1325 et

369 1386 467 1424 eos
499 1368 653 1439 apud
686 1384 747 1422 se
794 1366 1080 1421 servabat.
1133 1365 1359 1421 Tandiu
1412 1369 1606 1420 autem
1665 1366 1988 1435 permansit
2018 1369 2074 1421 et

370 1458 570 1514 serviit
601 1456 800 1512 mimis
834 1455 933 1526 qui
957 1471 1090 1509 eum
1113 1458 1393 1521 emerant,
1426 1454 1606 1510 donec
1636 1471 1731 1511 eos
1762 1455 1895 1510 fecit
1916 1454 2076 1509 Chri-

370 1548 620 1607 stianos,
665 1550 721 1601 et
750 1561 850 1600 eos
883 1543 1092 1600 avulsit
1137 1561 1170 1599 a
1199 1544 1421 1600 theatro
1455 1559 1469 1611 ;
1517 1550 1720 1615 praeter
1766 1561 1977 1616 panem
2018 1552 2072 1601 et

369 1652 584 1707 aquam
606 1634 748 1690 nihil
771 1649 1032 1703 sumens,
1057 1649 1243 1705 neque
1267 1650 1381 1705 prae
1424 1635 1796 1690 meditatione
1818 1635 2071 1705 Scriptu-

370 1742 570 1782 rarum
603 1740 699 1780 ore
731 1724 909 1780 silens
935 1740 947 1777 :
983 1723 1154 1793 longo
1174 1728 1365 1778 autem
1390 1726 1650 1794 tempore
1673 1724 1894 1795 primus
1918 1741 2073 1780 com-

2178 1352 2318 1408 mibi
2351 1353 2538 1423 pergit
2568 1358 2767 1409 venter
2793 1352 3126 1408 molestiam
3144 1354 3434 1419 exhibere,
3461 1372 3738 1426 quaerens
3763 1375 3905 1413 con-

2176 1443 2735 1514 suetumdebitum,
2768 1444 2893 1501 sine
2920 1460 3034 1516 quo
3066 1460 3181 1500 non
3211 1461 3450 1516 possum
3480 1446 3698 1503 vivere.
3726 1448 3906 1503 Tunc

2176 1531 2416 1602 quidam
2440 1532 2773 1605 philosophi
2796 1533 3079 1604 suspicati
3102 1548 3239 1589 eum
3270 1535 3595 1607 composita
3618 1537 3903 1608 quaedam

2177 1625 2231 1676 et
2262 1621 2396 1678 ﬁcta
2444 1637 2700 1691 narrare,
2747 1623 2887 1677 dant
2935 1623 2988 1679 ei
3037 1623 3329 1679 solidum:
3365 1640 3539 1697 quem
3586 1634 3904 1697 acceptum

2178 1711 2377 1780 posuit
2408 1710 2468 1765 in
2499 1710 2738 1767 officina
2769 1711 3033 1782 panaria,
3070 1715 3126 1766 et
3165 1716 3395 1783 accepto
3428 1729 3579 1784 pane
3610 1716 3903 1782 recessit;

372 1819 624 1890 punctus
656 1819 745 1870 est
801 1814 1019 1881 minus,
1068 1813 1273 1869 deinde
1317 1813 1518 1878 mima,
1572 1814 1778 1870 deinde
1808 1815 2072 1871 universa
2105 1839 2149 1903 Β
2187 1801 2387 1856 statim
2432 1803 2781 1872 Pl‘Ofecwsa
2831 1801 3078 1869 ClVilale,
3112 1806 3168 1903 fit
3218 1803 3279 1858 in
3308 1819 3431 1858 eam
3462 1820 3576 1860 non
3628 1819 3909 1861 reversus

368 1922 564 1963 eorum
597 1903 838 1960 familia.
878 1903 1104 1957 Dictum
1138 1906 1227 1958 est
1258 1906 1452 1958 autem
1482 1904 1635 1973 quod
1661 1920 1775 1973 quo
1816 1909 2072 1975 tempore

366 2015 498 2053 eum
534 1994 901 2068 ignorabant,
927 1992 1151 2048 lavabat
1174 1994 1346 2063 pedes
1369 1992 1698 2049 amborum.
1732 1994 1915 2050 Ambo
1937 2010 2069 2065 ergo

363 2086 661 2157 baptizati,
694 2103 724 2138 a
775 2083 995 2138 theatro
1050 2086 1457 2150 recesserunt;
1492 2089 1547 2137 et
1586 2100 1720 2138 cum
1772 2085 1842 2138 ad
1893 2084 2071 2139 vitam

364 2178 673 2231 honestam
707 2179 765 2229 et
786 2174 938 2244 piam
962 2172 1410 2244 processissent,
1460 2174 1653 2227 virum
1671 2173 1833 2228 valde
1858 2189 2074 2228 revere-

365 2266 597 2320 bantur.
639 2264 699 2317 Ei
750 2263 943 2333 itaque
991 2262 1236 2317 dicunt:
1289 2261 1608 2329 Adesdum,
1662 2263 1855 2329 frater,
1891 2280 1993 2317 nos
2016 2266 2071 2319 te

365 2353 763 2419 liberabimus,
790 2352 1023 2422 quando
1047 2351 1283 2422 quidem
1308 2352 1429 2421 ipse
1451 2369 1555 2407 nos
1579 2352 1840 2407 liberasti
1863 2352 2068 2423 aturpi

365 2443 658 2499 servitute.
692 2442 842 2497 Dicit
871 2457 1007 2512 ergo
1038 2442 1123 2497 eis
1153 2457 1165 2495 :
1200 2441 1683 2512 Quandoquidem
1723 2441 1875 2497 Deus
1906 2457 2069 2496 meus

364 2536 453 2587 est
484 2536 779 2603 operatus,
812 2535 868 2586 et
898 2548 996 2587 vos
1023 2532 1311 2601 cooperati
1344 2531 1507 2599 estis,
1539 2534 1596 2585 et
1627 2530 1783 2587 salva
1813 2532 1962 2586 facta
1984 2534 2068 2585 est

361 2624 551 2674 vestra
582 2620 798 2689 anima,
833 2620 994 2674 vobis
1025 2620 1211 2674 dicam
1240 2620 1582 2690 mysterium
1615 2626 1799 2675 actus.

435 2711 550 2777 Ego
577 2711 783 2763 vestrae
817 2708 1023 2761 anima:
1076 2709 1354 2762 misertus
1404 2723 1533 2777 quae
1561 2708 1620 2762 in
1666 2708 1846 2763 multo
1879 2724 2068 2764 errore

361 2797 723 2864 versabatur,
758 2812 891 2851 cum
915 2812 1104 2851 essem
1127 2795 1270 2851 liber
1292 2796 1655 2864 exercitator,
1675 2812 1883 2868 genere
1903 2802 2066 2867 Egy-

362 2888 541 2958 ptius,
574 2902 641 2940 ea
660 2885 729 2941 de
750 2901 928 2940 causa
951 2886 1240 2956 meipsum
1265 2884 1515 2952 vendidi,
1542 2890 1605 2940 ut
1634 2902 1732 2942 vos
1764 2902 2063 2943 servarem.

361 2974 643 3043 Quoniam
678 2982 870 3031 autem
905 2974 1008 3031 hoc
1042 2975 1175 3031 fecit
1204 2975 1377 3042 Deus,
1411 2978 1467 3030 et
1497 2992 1593 3045 per
1617 2992 1807 3031 meam
1832 2976 2063 3031 humili-

359 3071 536 3123 tatem
573 3066 733 3122 salva
766 3066 945 3121 evasit
974 3065 1171 3121 anima
1200 3069 1412 3127 vestra,
1456 3064 1695 3135 accipite
1726 3083 1934 3121 aurum
1966 3082 2066 3122 ve-

361 3160 572 3223 strum,
592 3159 656 3210 ut
672 3154 847 3210 etiam
872 3154 1000 3209 aliis
1023 3170 1189 3225 Opem
1218 3154 1414 3209 feram.
1442 3152 1527 3208 Illi
1552 3158 1745 3209 autem
1769 3171 1900 3209 cum
1922 3154 2065 3210 mul-

362 3248 486 3299 tum
518 3246 817 3315 rogassent
847 3252 899 3298 et
926 3244 1336 3310 afﬁrmassent,
1359 3244 1624 3299 dicendo.
1677 3244 1755 3298 Te
1786 3252 2062 3315 tanquam

364 3341 583 3402 patrem
617 3336 672 3387 et
702 3331 1003 3388 dominum
1034 3333 1400 3401 habebimus,
1439 3332 1628 3387 solum
1671 3349 1840 3388 mane
1862 3333 2067 3389 nobis-

364 3437 538 3486 cum;
584 3438 696 3475 non
738 3427 1053 3491 potuerunt
1084 3424 1135 3477 ei
1169 3421 1538 3492 persuadere.
1564 3423 1728 3477 Tunc
1752 3422 2061 3478 dicuntei:

366 3509 446 3563 Da
481 3514 541 3561 tu
582 3526 789 3563 aurum
835 3513 1206 3579 pauperibus,
1260 3528 1388 3565 nam
1424 3513 1479 3566 id
1532 3513 1702 3567 nobis
1754 3514 1863 3570 fuit
1893 3531 2067 3569 causa.

361 3596 597 3653 salutis.
630 3597 729 3650 Ait
759 3597 916 3652 illis:
954 3599 1095 3652 Date
1125 3615 1222 3652 vos
1273 3599 1437 3665 illud,
1480 3601 1615 3669 quia
1644 3616 1903 3656 vestrum
1937 3609 2061 3673 est;

359 3703 465 3757 ego
498 3686 653 3740 enim
686 3684 895 3740 alienis
938 3686 1217 3757 pecunias
1249 3703 1360 3742 non
1396 3689 1468 3742 do
1501 3690 1879 3759 pauperibus.
1915 3693 2065 3747 Tum

358 3776 443 3831 illi
469 3775 852 3833 cohortantur
866 3793 1021 3843 eum,
1039 3776 1328 3834 dicentes:
1354 3779 1459 3833 Sed
1477 3782 1678 3835 saltem
1703 3785 1831 3851 post
1853 3798 2067 3839 annum

356 3883 461 3923 nos
505 3867 750 3925 invisas.
783 3868 850 3923 Et
883 3868 965 3925 sic
995 3868 1065 3923 ab
1096 3868 1168 3924 iis
1200 3869 1360 3925 abiit.

430 3957 483 4013 Is
514 3958 915 4029 frequentibus
949 3959 1514 4030 peregrinationibus
1546 3963 1807 4032 pervenit
1829 3962 1885 4017 in
1918 3962 2068 4017 Grae-

361 4047 510 4102 ciam
539 4065 552 4116 ;
588 4052 645 4103 et
677 4064 809 4103 cum
842 4048 1034 4102 tribus
1065 4048 1269 4104 diebus
1304 4057 1561 4105 moratus
1609 4056 1763 4107 esset
1800 4051 2061 4122 Athenis,

360 4152 475 4191 non
510 4137 616 4191 fuit
647 4136 745 4207 qui
777 4137 827 4192 ei
860 4153 1062 4208 panem
1099 4136 1410 4208 przeberet;
1442 4156 1578 4193 nam
1611 4156 1800 4211 neque
1825 4158 1900 4197 me
1924 4143 2065 4196 fere-

357 4226 477 4291 bat,
511 4241 700 4296 neque
730 4242 950 4297 peram,
984 4242 1098 4281 non
1151 4226 1355 4297 pellem
1400 4226 1631 4283 ovillam
1672 4246 1785 4283 non
1817 4230 2060 4300 virgam,

353 4316 501 4371 nihil
561 4316 793 4381 horum,
845 4317 945 4371 sed
996 4316 1121 4372 sola
1169 4316 1413 4372 sindone
1456 4317 1698 4373 amictus
1727 4324 1869 4373 erat.
1919 4321 2061 4375 Cum

351 4409 548 4461 autem
572 4404 823 4460 venisset
846 4410 1089 4475 quartus
1112 4406 1254 4475 dies,
1278 4406 1439 4463 valde
1462 4407 1701 4476 esuriit;
1738 4408 1881 4464 nihil
1903 4410 2059 4465 enim

352 4493 457 4548 illo
491 4496 751 4563 tempore
782 4498 1135 4564 gustaverat.
1181 4495 1289 4551 Res
1330 4501 1419 4552 est
1457 4498 1609 4553 enim
1642 4499 1833 4569 gravis
1875 4499 2057 4555 fames

2094 3204 2143 3269 C

2185 1892 2639 1963 amplius.Tunc
2663 1897 3056 1965 cognoverunt
3072 1892 3403 1965 philosophi
3417 1911 3549 1951 eum
3564 1911 3701 1952 vere
3713 1897 3907 1953 fuisse

2180 1982 2399 2037 virtute
2428 1983 2739 2054 praeditum
2765 2001 2779 2052 ;
2813 1987 2870 2039 et
2898 1998 3029 2039 cum
3072 1984 3278 2055 pistori
3309 1984 3607 2041 dedissent
3638 1987 3902 2057 pretium

2182 2074 2369 2144 panis,
2401 2078 2751 2146 acceperunt
2782 2074 3059 2130 solidum.

2251 2164 2389 2218 Cum
2416 2167 2609 2218 autem
2636 2163 2896 2219 venisset
2915 2165 2975 2218 in
2999 2163 3125 2221 loca
3149 2164 3578 2222 Lacedaemonis
3602 2169 3901 2238 proxima,

2181 2252 2400 2307 audivit
2459 2254 2768 2323 quemdam
2826 2268 2895 2309 ex
2948 2252 3151 2324 primis
3209 2254 3456 2310 civitatis
3521 2272 3649 2312 esse
3708 2257 3902 2313 Mani-

2181 2341 2405 2396 chzeum
2437 2341 2615 2396 simul
2647 2358 2783 2398 cum
2815 2345 2937 2397 tota
2969 2343 3163 2414 domo,
3196 2342 3409 2414 alioqui
3430 2344 3619 2400 virum
3645 2346 3902 2413 bonum,

2178 2432 2282 2487 Hic
2312 2432 2567 2504 Optimus
2598 2432 2923 2488 monachus
2954 2431 3089 2487 huic
3111 2449 3319 2489 rursus
3342 2433 3597 2504 seipsum
3628 2437 3901 2491 vendidit

2184 2522 2334 2576 sicut
2366 2521 2424 2575 in
2459 2521 2644 2591 primo
2678 2529 2834 2577 actu.
2865 2523 2935 2577 Et
2965 2539 3100 2577 cum
3124 2522 3279 2579 intra
3308 2524 3452 2579 duos
3473 2540 3657 2580 annos
3686 2523 3895 2595 ipsum

2179 2611 2510 2668 abduxisset
2541 2611 2610 2666 ab
2644 2611 2847 2667 haeresi
2878 2615 2933 2666 et
2965 2612 3093 2683 ejus
3138 2628 3377 2668 uxorem
3407 2629 3540 2668 cum
3568 2617 3694 2669 tota
3718 2616 3899 2670 fami-

2177 2702 2275 2769 lia,
2307 2700 2547 2756 adduxit
2582 2700 2643 2756 in
2689 2700 3026 2757 Ecclesiam.
3076 2701 3239 2757 Tunc
3288 2718 3419 2758 eum
3446 2706 3729 2769 amantes,
3766 2720 3893 2760 non

2177 2790 2433 2861 amplius
2472 2790 2769 2845 habebant
2796 2793 3073 2861 tanquam
3113 2806 3366 2860 servum,
3413 2792 3513 2847 sed
3560 2791 3887 2862 plusquam

2176 2896 2518 2953 germanum
2551 2880 2787 2935 fratrem
2814 2883 2869 2936 et
2900 2884 3146 2950 patrem,
3180 2888 3232 2936 et
3264 2897 3472 2952 magno
3506 2880 3727 2937 honore
3758 2882 3892 2937 affi-

2176 2971 2425 3039 ciebant,
2459 2974 2516 3025 et
2546 2986 2677 3025 cum
2711 2986 2777 3026 eo
2806 2969 2987 3025 Deum
3020 2969 3354 3026 laudabant.

2241 3060 2418 3115 Paulo
2461 3063 2591 3131 post
2623 3060 2720 3114 ubi
2753 3075 2851 3116 eos
2900 3060 3170 3131 pluribus
3201 3060 3540 3117 cohortatus
3570 3065 3730 3117 esset
3764 3062 3871 3118 illis

2174 3150 2389 3205 relictis
2421 3149 2739 3221 spiritualis
2785 3150 2878 3205 hic
2925 3151 3164 3206 adamas
3216 3152 3518 3222 Serapion,
3571 3168 3698 3208 cum
3730 3153 3884 3208 beris

2172 3241 2304 3296 istis
2336 3241 2586 3312 pretium
2619 3257 2792 3295 suum
2824 3241 3210 3311 persolvisset,
3246 3242 3508 3312 seipsum
3543 3243 3799 3314 conjecit
3826 3242 3884 3297 in

2174 3347 2378 3386 navem
2410 3335 2688 3401 tanquam
2720 3331 2963 3386 Romam
2998 3331 3427 3403 navigaturum.
3460 3333 3663 3388 Nautes
3695 3337 3895 3389 autem

2175 3421 2543 3491 conjicientes
2573 3437 2706 3476 eum
2750 3420 2836 3475 vel
2883 3421 3153 3477 intulisse
3194 3427 3489 3493 sumptus,
3523 3423 3611 3478 vel
3644 3423 3701 3477 in
3737 3440 3883 3479 auro

2176 3511 2389 3566 habere
2421 3510 2577 3582 quod
2609 3511 2867 3580 expende
2897 3514 2972 3578 et,
3022 3510 3167 3565 nihil
3208 3511 3360 3567 aliud
3392 3512 3715 3583 percontati
3747 3528 3886 3568 eum

2174 3608 2540 3671 exceperunt,
2575 3601 2727 3655 alius
2758 3600 2937 3655 alium
2992 3600 3336 3656 existimans
3385 3602 3681 3673 accepisse
3745 3604 3882 3672 ejus

2176 3689 2471 3744 utensilia.
2504 3689 2647 3743 Cum
2693 3697 2885 3746 autem
2923 3688 3035 3760 ipsi
3060 3690 3486 3760 enavigassent,
3520 3694 3576 3746 et
3608 3691 3893 3747 abessent

2175 3779 2512 3850 quingentis
2546 3779 2750 3835 stadiis
2782 3780 2852 3835 ab
2883 3780 3247 3848 Alexandria,
3296 3785 3595 3852 coeperunt
3625 3786 3888 3838 vectores

2173 3868 2325 3924 vesci
2357 3869 2507 3924 circa
2541 3885 2814 3924 occasum
2846 3867 3010 3938 solis,
3032 3885 3162 3925 cum
3195 3875 3386 3925 nautae
3420 3870 3583 3943 prius
3606 3871 3891 3927 comedis-

2175 3962 2324 4014 sent.
2359 3958 2652 4014 Vinerunt
2674 3962 2868 4013 autem
2900 3974 3034 4013 eum
3053 3959 3242 4029 primo
3270 3960 3364 4016 die
3395 3977 3509 4015 non
3541 3961 3881 4029 comedere;

2176 4053 2232 4104 et
2263 4052 2863 4120 putaveruntcausam
2895 4065 3021 4105 esse
3051 4049 3499 4121 navigationem,
3532 4050 3797 4106 similiter
3829 4058 3887 4105 et

2176 4140 2451 4207 secundo,
2493 4142 2550 4194 et
2588 4139 2778 4207 tertio,
2812 4143 2869 4194 et
2914 4142 3116 4210 quarto
3166 4138 3299 4209 die;
3331 4139 3529 4211 quinto
3561 4144 3756 4197 autem
3789 4142 3885 4196 die

2173 4229 2372 4284 vident
2404 4229 2597 4299 ipsum
2628 4229 2926 4284 sedentem
2961 4230 3245 4300 quietum,
3279 4230 3417 4285 dum
3446 4246 3649 4286 omnes
3679 4246 3886 4286 come—

2173 4320 2397 4384 dérent,
2444 4322 2501 4373 et
2549 4319 2754 4375 dicunt
2784 4320 2872 4376 ei:
2924 4319 3131 4388 Homo,
3181 4336 3284 4375 cur
3330 4337 3445 4376 non
3491 4321 3797 4376 comedis?
3828 4322 3884 4377 Is

2173 4424 2307 4464 vero
2340 4408 2486 4465 dicit
2516 4408 2639 4463 eis:
2673 4408 2963 4472 Quoniam
2984 4424 3099 4465 non
3122 4408 3305 4464 habeo
3330 4409 3476 4480 quod
3508 4410 3699 4464 edam.
3726 4410 3879 4465 Cum

2174 4514 2308 4572 ergo
2340 4499 2494 4555 inter
2527 4514 2589 4554 se
2620 4498 3023 4569 quesivissent
3051 4500 3178 4569 quis
3208 4500 3332 4569 ejus
3362 4496 3671 4568 accepisset
3702 4504 3880 4554 uten-

353 4582 773 4652 involuntaria,
816 4599 937 4654 quae
970 4585 1310 4654 adjutricem
1352 4586 1526 4642 habet
1572 4588 2063 4645 incredulitatem-
2096 4576 2141 4641 Ι)
2172 4590 2309 4646 sitia
2338 4589 2425 4645 vel
2457 4589 2778 4660 impensas,
2812 4588 3101 4645 vidissent
3138 4592 3321 4643 autem
3368 4584 3658 4640 neminem
3690 4601 3872 4643 acce-

356 4673 425 4728 Et
453 4675 621 4728 stans
651 4686 827 4743 super
857 4672 1150 4728 tumulum
1199 4673 1465 4743 civitatis,
1498 4676 1557 4729 in
1609 4692 1720 4747 quo
1752 4692 2063 4749 congrega-

357 4762 570 4818 bantur
600 4761 701 4834 qui
731 4765 895 4818 erant
924 4761 982 4817 in
1016 4763 1295 4831 dignitate
1326 4764 1472 4836 (131)
1506 4765 1803 4821 constituti
1833 4765 1891 4820 in
1925 4766 2061 4822 civi-

354 4855 491 4921 tate,
524 4852 700 4922 cmpit
733 4852 1105 4908 vehementer
1134 4863 1189 4908 et
1220 4868 1353 4908 cum
1404 4854 1642 4924 planctu
1675 4853 1980 4910 lamentari
2002 4858 2059 4911 et

358 4939 641 4995 clamare:
673 4939 796 4995 Viri
827 4942 1235 5010 Athenienses,
1269 4944 1410 5000 ferte
1437 4960 1619 5014 Opem.
1650 4945 1737 4999 Ad
1761 4960 1931 5014 quem
1967 4962 2062 5001 ac-

2173 4680 2328 4751 pisse
2363 4680 2580 4751 (neque
2610 4678 2766 4734 enim
2784 4678 3035 4736 habebat
3057 4677 3295 4751 aliquid)
3323 4679 3616 4749 cmperunt
3642 4692 3787 4733 cum
3804 4693 3875 4734 eo

2171 4770 2561 4827 contendere:
2615 4768 2916 4832 Quomodo
2961 4771 3046 4827 sic
3093 4771 3391 4841 ingressus
3420 4783 3481 4825 es
3509 4767 3732 4839 absque
3763 4767 3872 4825 im-

2168 4857 2366 4929 pensis
2388 4856 2415 4911 ?
2446 4858 2737 4927 quomodo
2768 4857 2932 4913 dabis
2964 4857 3134 4914 nobis
3167 4854 3452 4913 naulum?
3482 4870 3738 4926 quonam
3770 4870 3871 4910 au-

2168 4950 2283 5003 tem
2315 4945 2486 5003 aleris
2512 4947 2539 5001 ?
2572 4947 2621 5002 Is
2651 4963 2781 5003 vero
2811 4947 2895 5002 eis
2935 4947 3113 5003 dicit:
3146 4948 3266 5019 Ego
3316 4945 3462 5003 nihil
3508 4945 3731 5012 habeo;
3766 4960 3873 5000 au-

2165 5034 2305 5091 ferte
2356 5050 2470 5103 me,
2522 5038 2579 5090 et
2630 5036 2863 5107 abjicite
2913 5035 3013 5091 ubi
3061 5035 3393 5092 invenistis.
3430 5033 3517 5090 Illi
3554 5050 3725 5089 vero:
3759 5033 3874 5089 Cur

2164 5126 2432 5182 irasceris
2452 5127 2479 5182 ?
2512 5142 2582 5181 ne
2614 5126 2664 5181 si
2692 5134 2919 5183 centum
2971 5126 3212 5198 quidem
3245 5141 3452 5183 aureos
3480 5125 3647 5181 nobis
3678 5124 3871 5192 dares,

2160 5216 2426 5273 lubenter
2456 5216 2564 5272 hoc
2591 5216 2933 5284 faceremus,
2986 5232 3121 5272 cum
3170 5217 3249 5272 sit
3278 5215 3448 5272 nobis
3488 5221 3694 5271 ventus
3728 5214 3871 5270 adeo

2159 5308 2489 5362 secundus:
2525 5323 2768 5377 scopum
2813 5322 2948 5379 ergo
2994 5322 3333 5378 urgeamus,
3379 5307 3717 5378 peragentes
3745 5320 3871 5376 quae

2156 5402 2292 5453 sunt
2323 5397 2490 5453 nobis
2522 5398 2836 5468 proposita.
2869 5398 2962 5454 Sic
3005 5398 3116 5453 fuit
3170 5397 3228 5453 in
3262 5397 3416 5465 navi,
3450 5399 3508 5452 et
3537 5411 3672 5451 eum
3704 5394 3871 5450 alue-

2154 5489 2291 5542 runt
2322 5486 2566 5542 Romam
2601 5502 2809 5558 usque.
2860 5486 3003 5543 Cum
3053 5488 3249 5543 autem
3300 5485 3547 5541 Romam
3588 5482 3870 5539 venisset.

2154 5577 2379 5633 curiose
2408 5576 2708 5648 indagavit
2735 5577 2869 5650 quis
2898 5584 3047 5635 esset
3078 5576 3135 5633 in
3159 5576 3390 5635 civitate
3421 5590 3678 5647 magnus
3710 5589 3872 5630 exer-

2152 5666 2357 5723 citator
2386 5669 2487 5722 aut
2515 5667 2897 5725 exercitatrix.

359 5032 658 5085 currentes
671 5046 869 5088 omnes
884 5033 982 5105 qui
996 5033 1173 5105 palliu
1185 5051 1239 5089 m
1254 5035 1565 5106 gestabant
1580 5036 1872 5107 etbyrrum
1889 5036 2058 5109 (132),

356 5119 562 5177 dicunt
628 5119 729 5176 ei:
796 5122 942 5186 Quid
1014 5123 1215 5193 habes,
1290 5126 1586 5182 undenam
1656 5143 1736 5196 es,
1806 5131 1861 5182 et
1918 5127 2056 5199 quid

354 5209 573 5283 pateris
603 5209 631 5263 ?
682 5210 733 5264 Is
785 5225 916 5265 vero
966 5212 1106 5268 dicit
1154 5214 1335 5285 ipsis:
1370 5216 1589 5273 Genere
1642 5217 1880 5288 quidem
1931 5234 2056 5275 sum

351 5300 673 5372 1Egyptius,
708 5299 1032 5356 monachus
1063 5304 1224 5373 profe
1253 5306 1446 5377 sione;
1470 5322 1539 5363 ex
1570 5323 1683 5377 quo
1718 5311 1907 5361 autem
1945 5308 2054 5363 ab-

349 5408 478 5447 sum
510 5410 541 5447 a
570 5408 707 5449 vera
740 5406 873 5447 mea
902 5391 1105 5462 patria,
1161 5392 1334 5449 incidi
1384 5396 1443 5451 in
1503 5401 1620 5453 tres
1653 5396 2045 5453 feneratores:

348 5486 404 5539 et
433 5483 543 5539 duo
578 5485 812 5555 quidem
855 5499 997 5540 eme
1031 5490 1397 5542 recesserunt
1427 5488 1683 5543 exsoluto
1715 5488 1800 5544 eis
1832 5488 2045 5560 debito,

348 5587 483 5628 cum
512 5588 624 5628 non
658 5574 937 5632 haberent
966 5574 1035 5630 de
1064 5589 1178 5646 quo
1212 5589 1302 5631 me
1328 5585 1685 5634 accerserent
1711 5596 1723 5647 ;
1759 5594 1912 5634 unus
1943 5595 2046 5634 au-

348 5663 467 5721 tem
502 5678 534 5719 a
564 5679 655 5719 me
687 5682 801 5721 non
834 5665 1101 5724 discedit.
1144 5664 1227 5722 Illi
1263 5681 1397 5739 ergo
1429 5668 1690 5725 studiose
1720 5673 2044 5740 quaerentes
