4074 6278
260 373 418 432 1185

1557 371 1932 434 HISTORIA
1973 373 2386 436 LAUSIACA.

3509 379 3668 441 1186

255 497 518 569 ἀσκητὴν,
548 499 817 572 πέπρακεν
864 497 1050 552 ἑαυτὸν
1079 492 1134 550 ἔν
1183 517 1288 552 τινι
1315 497 1476 553 πόλει
1522 497 1735 572 μίμοις,
1766 499 1904 554 Ἓλ-
1936 505 1990 570 Α
2021 499 2208 575 γυρίας
2264 501 2356 554 καὶ
2415 499 2689 574 πορνείας.
2739 497 2879 556 Οῦτε
2929 501 3032 576 γὰρ
3092 501 3297 576 χρυσὸν
3356 497 3494 578 ἔχω,
3546 501 3670 558 οὔτε

261 588 420 656 λησιν
468 586 634 657 οῦσιν,
681 587 852 644 εἴκοσι
903 588 1283 662 νομισμάτων.
1333 590 1432 642 Καὶ
1481 590 1910 666 σφραγισάμενος

257 680 323 733 τὰ
351 680 686 752 νομίσματα,
730 678 1024 758 ἐφύλαττεν
1071 681 1202 752 παρ’
1247 679 1440 752 ἐαυτῷ.
1473 681 1600 736 Ἐπὶ
1651 685 1912 736 τοσοῦτον

260 757 316 814 δὲ
373 760 714 833 παρέμεινεν,
770 757 982 834 μέχρις
1042 761 1108 814 οὗ
1167 761 1257 815 καὶ
1308 759 1664 833 Χριστιανοὺς
1707 761 1910 824 αὐτοὺς

259 850 490 922 ποιήσῃ,
522 850 608 903 καὶ
645 853 742 903 τοῦ
793 849 1018 922 θεάτρου
1051 848 1254 912 αὐτοὺς
1304 847 1611 924 ἀποστήσῃ,
1641 852 1909 926 παρεκτὸς

259 936 424 1013 ἄρτου
455 941 545 993 καὶ
578 937 772 1001 ὕδατος
799 935 1032 1011 μηδενὸς
1065 938 1242 994 ἄλλου
1277 938 1747 1014 λαμϐάνων,μηδὲ
1777 945 1912 1010 ἡσυ-

261 1019 444 1093 χάζων
477 1024 556 1092 τῷ
587 1020 820 1092 στόματι
853 1019 957 1074 ἀπὸ
989 1019 1222 1091 μελέτης
1255 1019 1412 1074 θείων
1445 1022 1688 1098 Γραφὼν.
1721 1021 1904 1084 Οὕτως

264 1103 320 1161 δὲ
349 1107 570 1168 τούτοις
601 1109 629 1162 6
676 1108 941 1182 μακάριος
980 1109 1314 1182 παραμείνας
1352 1131 1434 1180 τῳ
1479 1115 1674 1184 μακρῷ
1708 1109 1912 1184 χρόνῳ,

261 1202 482 1270 πρῶτον
511 1195 788 1267 κατένυξεν
839 1198 930 1251 τὸν
967 1203 1158 1269 μῖμον,
1188 1197 1302 1254 εἶτα
1353 1199 1450 1266 τήν
1505 1196 1738 1272 μιμάδα,
1791 1200 1907 1254 εἶτα

262 1278 352 1332 τὸν
415 1277 700 1350 σύμπαντα
757 1277 904 1332 οἶκον
963 1277 1158 1335 αὐτῶν.
1219 1277 1472 1353 Ἐλέγετο
1545 1277 1601 1334 δὲ
1674 1278 1726 1335 ἐν
1797 1279 1912 1353 ὅσῳ

263 1367 500 1440 ἠγνόουν
531 1366 690 1422 αὐτὸν
741 1369 1064 1442 ἀμφοτέρων
1104 1367 1306 1422 νίπτειν
1355 1369 1482 1429 τοὺς
1531 1367 1722 1431 πόδας.
1758 1370 1914 1426 Ἑκά-

259 1474 412 1529 τεροι
464 1453 554 1510 οὖν
608 1454 992 1530 βαπτίσθέντες
1050 1455 1354 1527 ἀπέστησαν
1413 1458 1500 1511 καὶ
1548 1463 1644 1512 τοῦ
1699 1459 1905 1534 θεατρίη

273 1541 378 1604 ζειν
411 1535 628 1608 λοιπὸν,
657 1539 746 1592 καὶ
779 1537 864 1592 ἐπὶ
893 1539 985 1592 τὸν
1018 1538 1212 1611 σεμνὸν
1245 1539 1334 1592 καὶ
1367 1539 1596 1615 θεοφιλῆ
1631 1538 1916 1603 ἐλάσαντες

277 1625 391 1700 βίον
427 1626 633 1705 σφόδρα
676 1625 908 1701 ᾐδοῦντο
938 1627 1029 1682 τὸν
1079 1625 1265 1702 ἄνδρα,
1299 1627 1386 1682 καὶ
1429 1626 1683 1704 λέγουσιν
1714 1629 1862 1700 αὐτῷ
1896 1647 1910 1664 '

271 1719 460 1788 Δεῦρο,
495 1713 714 1789 ἀδελφέ,
757 1716 1194 1790 ἐλευθερώσομέν
1238 1739 1294 1772 σε
1337 1717 1556 1787 λοιπὸν,
1589 1716 1778 1786 ἐπειδή
1811 1717 1915 1772 ἀπὸ

270 1795 500 1868 αἰσχρᾶς
530 1797 678 1868 ἡμᾶς
727 1795 979 1860 δουλείας
1009 1798 1172 1858 αὐτὸς
1219 1796 1624 1872 ἠλευθέρωσας.
1657 1799 1790 1852 Τότε
1831 1796 1920 1852 λέ-

270 1905 354 1959 γει
386 1885 571 1946 αὐτοῖς
606 1886 632 1938 ὀ
688 1887 856 1962 μέγας
903 1886 1180 1962 Σεραπίων
1211 1905 1224 1918 ⁸
1273 1885 1498 1956 Ἐπειδὴ
1545 1885 1842 1962 ἐνήργησεν
1887 1886 1915 1940 6
1949 1872 1994 1938 Β

268 1975 398 2035 Θεός
433 1995 562 2046 μου,
593 1977 682 2029 καὶ
721 1978 876 2048 ὑμεῖς
910 1979 1307 2052 συνηργήσατε,
1340 1978 1430 2031 καὶ
1461 1975 1642 2047 ἐσώθη
1679 1975 1750 2031 δι’
1783 1975 1918 2048 ἐμοῦ

268 2058 302 2125 ἡ
338 2056 492 2130 ψυχὴ
543 2057 717 2128 ὑμῶν,
753 2055 950 2112 λοιπὸν
999 2055 1136 2111 εἴπω
1171 2058 1298 2130 ὑμῖν
1350 2057 1486 2112 ἅπαν
1515 2060 1576 2114 τὸ
1613 2060 1912 2132 μυστήριον

267 2147 366 2196 τοῦ
399 2141 674 2216 δράματος
707 2163 720 2178 ⁸

347 2243 490 2319 Ἐγὼ
539 2246 988 2318 κατοικτειρήσας
1031 2247 1130 2314 τὴν
1187 2248 1372 2320 ψυχὴν
1429 2247 1580 2318 ὑμῶν
1627 2245 1680 2301 ἐν
1725 2245 1914 2321 πολλῇ

269 2321 450 2396 πλάνῃ
495 2321 802 2397 διάγουσαν,
857 2323 1136 2398 ἐλεύθερος
1187 2324 1260 2380 ὢν
1317 2327 1584 2398 ἀσκητὴς,
1643 2328 1721 2398 τῷ
1772 2329 1916 2402 γένει

271 2403 598 2478 Αἰγύπτιος,
632 2404 792 2478 χάριν
837 2408 935 2458 τοῦ
967 2407 1208 2474 σωθῆναι
1260 2407 1424 2478 ὑμᾶς,
1455 2409 1706 2482 πέπρακα
1750 2406 1914 2480 ἐμαυ-

268 2486 384 2554 τὸν,
407 2483 500 2540 ἵνα
532 2485 688 2558 ὑμεῖς
731 2484 1134 2558 ἐλευθερωθῆτε
1163 2485 1270 2540 ἀπὸ
1315 2487 1570 2560 μεγάλων
1605 2490 1912 2561 ἁμαρτιῶν.

269 2563 496 2634 Ἐπειδή
531 2562 586 2618 δὲ
633 2569 792 2619 τοῦτο
823 2563 1118 2634 πεποίηκεν
1168 2567 1196 2620 6
1229 2567 1358 2627 Θεὸς
1391 2563 1477 2620 διὰ
1525 2575 1625 2636 τῆς
1655 2567 1793 2638 ἐμῆς
1825 2589 1916 2622 τα-

271 2643 604 2718 πεινώσεως,
637 2646 842 2724 χαίρω.
887 2642 1090 2700 Λάϐετε
1122 2645 1212 2700 οὖν
1258 2647 1410 2719 ὑμῶν
1438 2648 1500 2702 τὸ
1543 2647 1792 2724 χρυσίον,
1822 2646 1914 2704 τίνα

269 2729 358 2781 καὶ
390 2725 586 2789 ἄλλοις
637 2728 887 2782 ἀπελθὼν
925 2730 1211 2806 βοηθήσω.
1245 2730 1307 2783 Οἱ
1340 2727 1397 2784 δὲ
1445 2729 1785 2806 παρεκάλουν
1815 2729 1914 2784 αὗ-

266 2810 380 2874 τὸν,
433 2806 710 2880 δεόμενοι,
759 2809 850 2863 καὶ
897 2803 1393 2881 διαϐεϐαιούμενοι,
1447 2803 1532 2863 ὅτι
1579 2812 1666 2870 Ὡς
1706 2811 1912 2884 πατέρα

269 2909 326 2942 σε
367 2887 556 2960 ἕξομεν
605 2893 701 2943 τοῦ
753 2888 974 2958 λοιποῦ,
1015 2891 1103 2944 καὶ
1155 2886 1422 2961 δεσπότην
1471 2895 1576 2946 τῶν
1632 2891 1912 2964 ἡμετέρων

269 2972 486 3045 ψυχῶν,
525 2969 690 3040 μόνον
742 2975 918 3041 μεῖνον
957 2971 1076 3041 μεθ’
1117 2973 1298 3042 ἡμῶν.
1345 2971 1453 3026 Οὐκ
1503 2970 1822 3047 ἰσχύσαντες
1854 2968 1911 3025 δὲ

267 3047 426 3103 αὐτὸν
473 3053 677 3118 πεῖσαι,
737 3047 990 3122 λέγουσιν
1045 3050 1191 3122 αύτῷ
1225 3069 1238 3082 ·
1294 3053 1392 3110 Δὸς
1443 3049 1504 3104 σὺ
1563 3051 1624 3104 τὸ
1676 3051 1908 3124 χρυσίον

263 3135 538 3208 πτωχοῖς,
571 3129 684 3184 ἐπεὶ
734 3126 986 3204 ἀρραϐὼν
1021 3133 1156 3202 ἡμῖν
1202 3129 1410 3206 ἐγένετο
1453 3132 1728 3206 σωτηρίας
1767 3151 1778 3164 ·
1827 3131 1910 3188 λέ-

2017 587 2158 644 όίλλο
2187 610 2238 642 τι
2287 590 2592 662 κέκτημαι·
2643 587 2703 642 ού
2744 591 2954 666 τρυφῆς
3005 589 3292 664 ἀπολαύω,
3323 597 3424 661 τῆς
3471 593 3671 669 τροφί-

2020 699 2123 750 μου
2155 676 2358 749 ταύτης
2388 685 2489 748 τῆς
2528 679 2693 734 νόσου
2729 696 2741 709 ·
2777 675 2862 732 διὸ
2911 678 3090 734 οὐκέτι
3127 701 3192 754 με
3233 678 3528 760 όχλοῦσιν.
3562 686 3669 736 Γα-

2017 767 2376 843 στριμαργίας
2435 766 2492 822 δὲ
2539 765 2928 841 ἀπαλλαγῆναι
2979 765 3038 822 ού
3089 765 3343 843 δύναμαι.
3391 769 3664 846 Τετάρτην

2015 858 2116 932 γὰρ
2146 860 2354 933 ἡμέραν
2402 853 2518 937 ἔχω
2569 861 2808 932 σήμερον
2861 859 2938 932 μὴ
2985 857 3196 934 φαγὼν,
3227 861 3316 914 καὶ
3364 861 3668 935 παραμένοι

2024 971 2116 1021 μοι
2151 951 2224 1013 ὡς
2275 951 2544 1026 αὐστηρὸς
2597 947 2882 1019 δανειστὴς
2923 951 2958 1019 ἡ
3011 953 3239 1026 γαστὴρ,
3273 948 3544 1028 ἄγχουσα,
3576 954 3667 1008 καὶ

2021 1039 2328 1096 ἀπαιτοῦσα
2373 1042 2435 1094 τὸ
2485 1041 2708 1110 σύνηθες
2753 1037 2938 1113 χρέος,
2990 1037 3123 1114 ὅπερ
3179 1037 3268 1094 ἐὰν
3326 1041 3402 1114 μὴ
3457 1039 3670 1114 ἀποδῶ,

2021 1135 2180 1198 ζῆσαι
2233 1131 2296 1184 ού
2347 1133 2630 1205 συγχωρεῖ
2679 1149 2795 1201 μοι.
2830 1129 2962 1182 Τότε
3005 1129 3150 1190 τινὲς
3196 1132 3304 1183 τῶν
3353 1127 3671 1205 φιλοσόφων

2020 1217 2270 1290 ἐνόμισαν
2306 1220 2511 1288 σκηνὴν
2541 1217 2672 1272 εἶναι
2703 1217 2764 1272 τὸ
2797 1222 3051 1291 πρᾶγμα,
3075 1217 3230 1290 ὅμως
3255 1213 3498 1272 διδόασιν
3525 1217 3672 1290 αὐτῷ

2016 1307 2260 1381 νόμισμα
2306 1303 2380 1362 ἓν.
2417 1310 2474 1360 '0
2524 1305 2580 1360 δὲ
2625 1310 2787 1362 τοῦτο
2841 1303 3130 1380 δεξάμενος
3179 1301 3366 1378 ἔθηκεν
3413 1305 3466 1362 ἐν
3513 1309 3675 1382 ἀρτο-

2018 1396 2264 1470 πωλείῳ,
2297 1397 2386 1452 καὶ
2420 1393 2604 1452 λαϐὼν
2647 1393 2740 1450 ἕνα
2771 1397 2934 1470 ἄρτον
2984 1395 3330 1474 ἀνεχώρησεν
3382 1400 3671 1471 παραχρῆ-

2023 1509 2097 1562 μα
2124 1485 2346 1551 ὁδεύσας
2391 1495 2491 1558 τῆς
2541 1487 2780 1557 πόλεως,
2812 1490 2904 1542 καὶ
2954 1487 3149 1561 μηκέτι
3199 1486 3276 1550 εἷς
3326 1490 3493 1558 αὐτὴν
3537 1488 3672 1544 ὑπο-

2021 1579 2270 1652 στρέψας.
2304 1580 2434 1634 Τότε
2481 1571 2721 1655 ἔγνωσαν
2755 1577 2806 1631 οἳ
2855 1575 3152 1656 φιλόσοφοι
3185 1575 3270 1632 ὅτι
3320 1577 3544 1648 ἀληθῶς
3581 1577 3664 1632 έν-

2021 1667 2210 1741 άρετον
2245 1667 2364 1740 βίον
2394 1667 2650 1735 κέκτηται
2683 1667 2710 1720 ὁ
2749 1665 3038 1740 ἄνθρωπος
3077 1665 3258 1729 οὗτος.
3293 1666 3392 1720 Καὶ
3425 1662 3669 1721 δεδωκό-

2019 1756 2107 1818 τές
2137 1754 2334 1811 ἐκεῖνοι
2361 1759 2458 1810 τοῦ
2499 1753 2662 1830 ἄρτου
2695 1756 2759 1810 τὸ
2798 1756 3042 1830 τίμημα,
3077 1751 3274 1811 ἔλαϐον
3309 1756 3374 1810 τὸ
3404 1755 3668 1830 νόμισμα.

2097 1842 2305 1900 Ἐλθὼν
2331 1841 2422 1900 οὖν
2469 1844 2498 1897 6
2545 1843 2810 1916 μακάριος
2860 1842 3060 1898 ἐκεῖθεν
3111 1841 3186 1904 εἰς
3234 1841 3360 1906 τοὺς
3411 1844 3535 1918 περί
3567 1851 3671 1900 Λα-

2025 1923 2324 1998 κεδαίμονα
2360 1923 2585 1992 τόπους,
2617 1922 2850 1991 ἤκουσέν
2885 1943 3003 1978 τινα
3035 1927 3144 1977 τῶν
3173 1921 3406 1990 πρώτων
3437 1929 3536 1992 τῆς
3563 1925 3674 1978 πό-

2028 2006 2166 2068 λεως
2215 2010 2523 2080 Μανιχαῖον
2583 2002 2723 2058 εἶναι
2777 2007 2856 2074 τῷ
2914 2000 3169 2076 δόγματι,
3221 2003 3336 2075 ἅμα
3383 2004 3544 2058 παντὶ
3592 2008 3674 2076 τῷ

2027 2085 2164 2160 οἴκῳ
2191 2089 2382 2157 αὐτοῦ,
2413 2085 2660 2156 ἐνάρετον
2695 2081 2860 2158 ἄνδρα
2889 2084 2956 2139 τά
2985 2082 3152 2140 ἄλλα.
3185 2083 3360 2146 Οὗτος
3391 2084 3418 2137 ὁ
3451 2084 3672 2156 ἄριστος

2023 2173 2132 2223 τῶν
2170 2171 2428 2240 μοναχῶν
2471 2165 2650 2236 τούτῳ
2699 2162 2863 2218 πάλιν
2903 2163 3170 2238 πέπρακεν
3204 2163 3392 2218 ἑαυτὸν
3440 2162 3582 2218 κατά
3609 2164 3671 2218 τὸ

2023 2253 2242 2321 πρῶτον
2275 2246 2477 2320 δρᾶμα,
2507 2247 2596 2300 καὶ
2649 2244 2800 2307 ἐντὸς
2827 2242 2921 2298 δύο
2971 2243 3103 2298 ἐτῶν
3151 2243 3461 2314 ἀποστήσας
3505 2242 3672 2298 αὐτὸν

2022 2335 2123 2398 τῆς
2172 2328 2452 2401 αἱρέσεως,
2501 2326 2593 2381 καὶ
2641 2327 2740 2394 τὴν
2790 2325 2987 2379 τούτου
3036 2323 3317 2398 ἐλευθέραν
3366 2324 3480 2396 ἅμα
3524 2324 3673 2398 πάσῃ

2019 2408 2090 2481 τῇ
2125 2408 2273 2479 οἰκίᾳ
2319 2409 2512 2478 αὐτοῦ,
2560 2407 2913 2481 προσήγαγεν
2955 2404 3184 2466 τούτους
3231 2407 3302 2478 τῇ
3348 2401 3673 2474 Ἐκκλησίᾳ.

2024 2487 2234 2550 Ο’ίτινες
2281 2492 2474 2542 τοῦτον
2531 2486 2822 2563 ἠγάπησαν
2878 2483 3064 2541 οὐκέτι
3120 2485 3196 2548 ὡς
3253 2483 3494 2554 οἰκέτην,
3539 2483 3669 2563 ἀλλ’

2029 2570 2158 2643 ὑπὲρ
2191 2571 2418 2644 γνήσιον
2463 2561 2698 2643 ἀδελφὸν
2749 2565 2840 2620 καὶ
2887 2565 3112 2640 πατέρα,
3147 2563 3371 2640 ἔχοντες
3410 2564 3570 2620 αὐτὸν
3617 2561 3672 2618 έν

2026 2649 2242 2726 μεγάλῃ
2275 2653 2434 2723 τιμῇ,
2467 2649 2556 2704 καὶ
2591 2644 2905 2720 δοξάζοντες
2942 2648 3058 2720 μετ’
3087 2645 3254 2702 αὐτοῦ
3281 2647 3373 2702 τὸν
3406 2646 3561 2703 Θεόν.

2093 2740 2221 2796 Μετ’
2247 2737 2440 2814 ὀλίγον
2473 2737 2637 2794 πάλιν
2671 2737 2873 2812 χρόνον
2901 2734 3284 2812 παρακαλέσας
3323 2735 3510 2792 πολλᾶ
3536 2736 3666 2791 τού-

2015 2843 2164 2890 τους,
2196 2823 2286 2878 καὶ
2335 2821 2699 2895 ἀναχωρήσας
2732 2821 2759 2874 6
2812 2819 3179 2892 πνευματικὸς
3231 2815 3444 2892 ἀδάμας
3487 2826 3678 2895 Σερα-

2019 2902 2176 2972 πίων,
2235 2897 2426 2957 ἕϐαλεν
2480 2901 2666 2956 ἑαυτὸν
2717 2899 2792 2961 εἰς
2844 2899 3066 2970 πλοῖον,
3117 2899 3516 2972 ἀπεμπολήσας
3572 2901 3664 2956 καὶ

2015 2981 2234 3044 τούτοις
2267 2982 2474 3048 ὁμοίως
2505 2986 2621 3042 τοῖς
2651 2977 2938 3043 δεσπόταις
2964 2981 3026 3036 τὸ
3057 2978 3306 3052 τίμημα,
3338 2977 3468 3051 μηδ’
3517 2979 3666 3041 ὅλως

2015 3083 2068 3117 τι
2126 3062 2602 3134 ἐπικομιζόμενος,
2661 3061 2736 3120 ὡς
2795 3058 3030 3135 ὀφείλων
3107 3057 3194 3112 ἐπὶ
3271 3058 3664 3131 τὴνῬώμην

2017 3141 2265 3198 πλεῦσαι.
2317 3142 2384 3198 Οἱ
2442 3138 2534 3194 οῦν
2590 3138 2832 3194 ναυτικοὶ
2888 3142 3080 3193 τοῦτον
3139 3135 3346 3199 ἰδόντες
3405 3137 3664 3192 ὑπενόουν

263 3231 345 3306 γει
377 3212 562 3273 αὐτοῖς
595 3226 618 3310 ξ
638 3209 774 3310 (Δότε
821 3215 984 3264 τοῦτο
1022 3211 1178 3284 ὑμεῖς
1213 3231 1224 3244 ·
1280 3212 1538 3286 ὑμέτερον
1575 3213 1678 3288 γάρ
1709 3212 1850 3267 ἐστιν
1889 3233 1901 3247 ·
1937 3242 1980 3310 C
2017 3223 2180 3276 αὐτὸν
2221 3217 2369 3296 ἔχειν
2401 3218 2660 3290 δαπάνας,
2690 3219 2780 3274 καὶ
2825 3217 2876 3274 ἐν
2903 3221 2983 3290 τῷ
3007 3215 3190 3290 πλοίῳ
3234 3216 3662 3291 εἰσενηνοχέναι,

340 3292 352 3308 \
451 3291 464 3310 \
572 3291 586 3310 9
690 3292 702 3310 1
886 3309 893 3310 ,
981 3292 994 3310 I
1240 3293 1252 3310 Ι
1430 3293 1476 3310 Ιι
1708 3291 1718 3310 ν
2026 3304 2048 3310 -.
2157 3303 2169 3310 .
2209 3301 2224 3310 ι
2267 3281 2286 3297 ν
2445 3305 2471 3310 ...
2647 3302 2676 3310 ..
2722 3301 2743 3310 Α
2928 3297 2987 3310 \\
3015 3299 3028 3310 ι
3077 3297 3092 3310 ο
3171 3296 3190 3310 κ
3230 3297 3242 3310 1
3513 3301 3542 3310 ι.

265 3289 371 3366 ἐγὼ
410 3291 512 3366 γὰρ
562 3289 832 3366 ἀλλότρια
883 3292 1146 3364 χρήματα
1197 3293 1260 3345 ού
1310 3293 1615 3366 χαρίζομαι
1657 3291 1902 3362 πένησιν.

263 3371 386 3428 Ἐπί
417 3372 636 3433 τούτοις
681 3371 1024 3444 παρεκάλουν
1081 3371 1267 3442 αὐτὸν,
1312 3371 1564 3447 λέγοντες
1600 3392 1613 3405 ·
1665 3372 1769 3426 Κάν
1819 3371 1908 3428 διὰ

264 3451 514 3506 ἐνιαυτοῦ
546 3452 694 3524 ἡμᾶς
723 3453 843 3526 δρα.

339 3541 506 3601 Οὗτος
539 3541 565 3594 ὁ
609 3539 760 3603 ὅσιος
800 3538 998 3603 δοῦλος
1031 3547 1264 3615 Χριστου
1311 3547 1434 3604 ταῖς
1466 3543 1744 3617 συνεχέσιν
1779 3542 1913 3598 ἀπο-

269 3619 496 3692 δημίαις
543 3623 880 3692 κατήντησέν
935 3643 1066 3677 ποτε
1096 3623 1183 3676 καὶ
1234 3622 1310 3684 εἷς
1359 3625 1458 3692 τήν
1509 3621 1770 3690 Ἑλλάδα,
1821 3625 1910 3678 καὶ

271 3700 556 3776 διατρίψας
616 3709 765 3776 τρεῖς
823 3703 1032 3775 ἡμέρας
1087 3701 1139 3756 ἐν
1202 3703 1482 3774 Ἀθήναις,
1545 3703 1644 3759 οὐκ
1699 3705 1909 3775 ἠξιώθη

267 3785 416 3857 παρά
441 3803 586 3844 τινος
636 3781 826 3856 ἄρτου,
877 3781 1002 3838 οὐδὲ
1050 3783 1224 3857 κέρμα
1273 3781 1578 3853 ἐϐάσταζεν.
1625 3783 1759 3839 Οὐδὲ
1807 3785 1912 3859 γὰρ

265 3863 410 3934 εἶχεν
447 3864 474 3916 ὁ
523 3859 678 3922 ἅϐιος
714 3865 874 3924 οὗτος
923 3863 985 3917 ού
1015 3865 1216 3936 πήραν,
1271 3862 1333 3916 οὒ
1379 3865 1673 3934 μηλωτήν,
1708 3865 1768 3917 ού
1820 3865 1912 3936 ῥά-

267 3937 418 4008 ϐδον,
453 3939 569 3995 οὐδ’
601 3941 748 4001 ὅλως
775 3963 828 3995 τι
879 3947 985 3997 τῶν
1022 3941 1312 4010 τοιούτων,
1436 3944 1598 4014 μόνον
1627 3945 1688 3998 τὸ
1739 3942 1916 3998 σινδό-

261 4040 395 4084 νιον,
447 4019 474 4071 ὃ
525 4013 947 4092 περιεϐέϐλητο.
999 4020 1269 4092 Τετάρτης
1314 4017 1406 4073 οὖν
1440 4013 1911 4093 ἐπιλαμϐανομέ-

265 4123 363 4172 νης
423 4101 602 4173 τούτῳ
660 4103 896 4175 ἡμέρας,
956 4099 1163 4180 σφόδρα
1211 4101 1502 4174 ἐπείνασεν,
1567 4102 1800 4176 μηδενὸς
1860 4103 1912 4158 ἐν

267 4183 486 4243 ταύταις
535 4183 885 4257 γευσάμενος.
948 4183 1101 4250 Δεινὴ
1161 4183 1264 4255 γάρ
1321 4181 1466 4237 ἐστιν
1525 4183 1783 4245 ἀκούσιος
1823 4204 1916 4252 νη-

271 4263 438 4334 στεία,
473 4263 771 4337 σύμμαχον
819 4257 1024 4338 ἔχουσα
1059 4265 1159 4331 τήν
1206 4261 1482 4320 ἀπιστίαν.
1519 4263 1617 4318 Καὶ
1669 4266 1792 4327 στάς
1827 4265 1914 4321 ἐπί

267 4365 412 4404 τινος
443 4343 734 4420 γεωλόφου
764 4349 864 4412 τῆς
891 4343 1132 4414 πόλεως,
1165 4341 1291 4398 ἔνθα
1323 4345 1373 4397 οἱ
1407 4343 1457 4398 ἐν
1489 4344 1633 4400 τέλει
1663 4350 1772 4400 τῶν
1805 4345 1916 4401 ἐκεῖ

267 4423 402 4490 ἦσαν
451 4424 948 4499 συναθροιζόμενοι,
999 4422 1201 4494 ἤρξατο
1249 4425 1463 4498 κράζειν
1503 4425 1598 4478 καὶ
1648 4424 1913 4502 ἀποδύρε-

265 4508 381 4560 σθαι
417 4505 538 4560 λίαν
572 4507 706 4578 μετά
736 4505 934 4580 κρότου
965 4509 1194 4580 χειρῶν,
1227 4504 1402 4580 λέγων
1439 4523 1451 4536 ·
1488 4503 1713 4580 Ἄνδρες
1754 4509 1914 4578 Ἀθη-

261 4591 424 4654 ναῖοι,
462 4587 730 4660 βοηθεῖτε.
785 4585 1192 4660 Συνδραμόντες
1225 4583 1282 4640 δὲ
1329 4585 1522 4645 πάντες
1573 4587 1660 4664 ὑφ’
1691 4585 1745 4640 ἓν
1795 4609 1908 4660 τρι·
1943 4609 1988 4674 D

1899 4667 1910 4688 Ι

263 4661 574 4742 ϐωνοφόροι
626 4688 685 4721 τε
739 4667 830 4721 καὶ
885 4665 1248 4742 βυρῥοφόροι,
1299 4665 1550 4742 λέγουσιν
1605 4661 1754 4739 αὐτῷ
1789 4688 1800 4700 ·
1851 4667 1910 4724 Τί

269 4744 288 4762 ,ι
472 4744 496 4762 ν
831 4747 844 4768 ς
951 4749 961 4766 ι
1251 4746 1264 4767 κ
1353 4745 1364 4762 .
1485 4747 1494 4762 .
1812 4747 1822 4764 1

264 4749 748 4820 εχεις,ανθρωπε;
809 4750 844 4814 ἡ
895 4750 1056 4801 ποθεν
1116 4747 1262 4814 εἶ;ἠ
1315 4767 1365 4800 τι
1425 4765 1696 4821 πασχειςς
1759 4755 1912 4821 Λεγει

263 4823 446 4888 αότοῖς
480 4845 492 4857 ·
535 4827 676 4900 Ἐγὼ
720 4828 814 4899 μέν
849 4825 964 4899 εἰμι
1005 4825 1084 4898 τῷ
1111 4828 1254 4902 γένει
1299 4825 1615 4900 Αἰγύπτιος,
1663 4829 1911 4902 μοναχὸς

263 4905 320 4961 δὲ
351 4911 418 4979 τῇ
451 4907 724 4978 πολιτείᾳ.
757 4909 878 4986 Ἀφ’
928 4908 989 4961 οὗ
1031 4905 1088 4961 δὲ
1116 4915 1214 4978 τῆς
1259 4915 1524 4984 σαρκικῆς
1562 4930 1665 4982 μου
1715 4911 1912 4984 πατρί-

267 4986 356 5049 δος
389 4987 647 5058 ἀπέστην,
679 4989 824 5059 τρισὶ
876 4986 1178 5050 δανεισταῖς
1207 4988 1500 5064 περιέπεσα
1531 5009 1544 5024 ·
1595 4992 1686 5045 καὶ
1731 4993 1782 5045 οἱ
1817 4992 1912 5064 μὲν

263 5067 360 5123 δύο
391 5069 533 5142 ὁμοῦ
563 5068 983 5143 ἀπηλλάγησαν,
1012 5069 1402 5145 πληρωθέντος
1434 5076 1530 5126 τοῦ
1558 5071 1778 5146 χρέους,
1814 5073 1913 5128 οὐκ

259 5147 484 5223 ἔχοντες
514 5150 542 5202 '6
575 5148 908 5225 ἐγκάλεσωσί
946 5173 1034 5224 με.
1064 5153 1120 5204 Ὀ
1155 5150 1212 5206 δὲ
1241 5151 1425 5223 τρίτος
1461 5173 1568 5224 μου
1601 5154 1703 5207 ούκ
1732 5153 1913 5209 ἀπαλ-

257 5229 532 5300 λάττεται,
563 5232 655 5286 καὶ
705 5231 808 5286 οὐκ
837 5225 955 5305 ἔχω
988 5232 1104 5286 ὅθεν
1153 5236 1345 5286 τοῦτον
1389 5230 1909 5310 πληροφορήσαιμι.

263 5309 860 5385 Φιλοπραγμονοῦντες
919 5309 974 5367 δέ
1033 5311 1224 5366 ἐκεῖνοι
1273 5311 1404 5373 τοὺς
1474 5309 1768 5384 δανειστάς,
1820 5313 1914 5368 ’ίνα

243 5390 459 5454 ,αὖτοὺς
503 5392 1031 5468 πληροφορήσωσιν,
1081 5391 1315 5466 ἠρώτων
1363 5390 1544 5464 αὒτὸν,
1607 5392 1854 5467 λέγοντες
1894 5419 1910 5436 ο

264 5476 378 5526 Ποῦ
429 5472 530 5526 εἰσι
580 5474 670 5528 καὶ
713 5473 853 5538 τίνες
883 5475 934 5528 οἱ
989 5472 1343 5552 διοχλοῦντές
1405 5494 1498 5542 σε;
1553 5471 1724 5546 δεῖξον
1775 5477 1908 5550 ἡμῖν

267 5550 486 5619 αὐτοὺς,
547 5549 635 5606 ’ίνα
692 5573 776 5608 σοι
841 5549 1222 5628 βοηθήσωμεν.
1284 5551 1411 5606 Τότε
1470 5551 1615 5629 λέγει
1677 5549 1860 5618 αὐτοῖς
1895 5575 1910 5590 ο

259 5640 542 5718 *Ὦχλησέν
581 5663 673 5715 μοι
723 5644 784 5698 ἐκ
831 5646 1090 5724 νεότητος
1141 5643 1500 5724 φιλαργυρία,
1531 5645 1621 5700 καὶ
1670 5646 1914 5720 πορνεία,

262 5725 353 5780 καὶ
385 5726 792 5801 γαστριμαργία
821 5744 834 5758 ·
887 5730 998 5782 τῶν
1031 5723 1122 5780 οῦν
1153 5721 1272 5779 ’δύο
1321 5721 1675 5800 ἀπηλλάγην,
1722 5726 1920 5806 φιλαρ-

581 5828 848 5892 PATROL.
896 5832 1012 5892 Gn.
1059 5827 1333 5892 XXXIV.

2017 3304 2052 3372 ἢ
2085 3303 2174 3357 καὶ
2207 3296 2484 3377 ἐνέχρυσῷ
2514 3301 2805 3365 κεκσῆσθαι
2851 3297 3039 3377 πολλὰ
3067 3296 3403 3377 ἀναλώματα
3447 3301 3662 3377 τοῦτον.

2018 3385 2111 3438 Διὸ
2135 3384 2225 3438 καὶ
2275 3375 2614 3458 ἀπεριέργως
2661 3379 2822 3436 αὐτὸν
2873 3375 3214 3450 ὑπεδέξαντο,
3267 3375 3459 3458 ἄλλος
3489 3375 3661 3458 ἄλλον

2017 3464 2248 3536 νομίσας
2279 3456 2564 3542 εἰληφέναι
2612 3460 2780 3516 αύτοῦ
2809 3459 2875 3516 τὰ
2923 3459 3112 3530 σκεύη.
3145 3459 3230 3514 Ἐν
3274 3459 3354 3530 τῷ
3400 3456 3491 3513 οὖν
3521 3457 3662 3514 ἀπο-

2017 3535 2246 3600 πλεῦσαι
2295 3535 2511 3614 αύτοῦς,
2561 3542 2650 3597 καὶ
2698 3543 2940 3616 γενέσθαι
2989 3540 3064 3602 ὡς
3113 3538 3220 3594 ἀπὸ
3261 3535 3492 3594 σταδίων
3535 3560 3665 3594 πεν-

2017 3627 2283 3682 τακοσίων
2315 3633 2416 3695 τῆς
2466 3621 2894 3695 Ἀλεξανδρείας,
2925 3621 3120 3677 λοιπὸν
3169 3621 3399 3695 ἤρξαντο
3449 3622 3502 3676 οἱ
3541 3619 3660 3676 ἐπι-

2022 3703 2176 3762 ϐάται
2225 3708 2348 3781 περὶ
2400 3705 2606 3777 δυσμὰς
2652 3703 2817 3774 ἡλίου
2869 3702 3058 3757 ἐσθίειν
3104 3699 3354 3769 ἕκαστος,
3384 3705 3670 3781 τῶνέναυ-

2019 3792 2184 3843 τικῶν
2214 3777 2628 3862 προσαγόντων.
2665 3781 2886 3844 Ἰδόντες
2925 3780 2984 3836 δὲ
3013 3779 3170 3836 αὐτὸν
3219 3778 3304 3835 ὅτι
3336 3781 3438 3834 ούκ
3477 3777 3663 3848 ἤσθιεν

2020 3874 2122 3940 τὴν
2171 3857 2680 3942 πρώτηκίὴμέραν,
2727 3860 3136 3938 προσεδόκησαν
3183 3857 3380 3929 ἀηδίαν
3431 3860 3554 3914 τινὰ
3607 3860 3669 3916 ἐκ

2021 3939 2117 4008 τοῦ
2175 3939 2349 4009 πλοὸς
2399 3939 2567 4016 αὐτῷ
2599 3943 3060 4018 προσγεγενῆσθαι
3095 3959 3109 3972 ·
3159 3939 3368 4013 ὁμοίως
3425 3939 3515 3993 καὶ
3567 3941 3666 4007 τήν

2023 4031 2274 4104 δευτέραν
2307 4048 2318 4062 ·
2353 4027 2442 4081 καὶ
2475 4025 2641 4080 πάλιν
2684 4026 2783 4094 τὴν
2825 4023 3038 4097 τρίτην,
3071 4021 3190 4076 εἶτα
3219 4019 3310 4074 καὶ
3355 4021 3454 4088 τὴν
3482 4019 3671 4094 τετάρ-

2017 4133 2142 4182 την.
2301 4105 2392 4162 οῦν
2437 4107 2658 4179 πέμπτῃ
2701 4104 2882 4176 ἡμέρᾳ
2925 4103 3142 4157 πάντων
3191 4098 3482 4182 ἐσθιόντων
3515 4099 3668 4182 *βλέ-

2019 4178 2181 4247 πουσι
2211 4178 2378 4245 πάλιν
2419 4191 2612 4242 τοῦτον
2637 4178 3012 4257 καθεζόμενον
3043 4184 3229 4255 ἡσυχῆ
3263 4199 3278 4214 ·
3329 4178 3420 4234 καὶ
3469 4178 3666 4253 λέγου-

2021 4293 2102 4327 σιν
2135 4273 2286 4342 αὐτῷ
2317 4287 2330 4300 ⁸
2370 4269 2466 4322 Διά
2497 4267 2550 4322 τί
2583 4268 2686 4321 ούκ
2713 4263 2928 4337 ἐσθίεις,
2957 4262 3242 4336 ἄνθρωπε;
3278 4259 3424 4335 λέγει
3455 4259 3664 4320 αὐτοῖς’

2018 4356 2133 4407 Ὃτι
2167 4339 2270 4406 οὐκ
2295 4343 2430 4423 ἔχω.
2467 4348 2821 4408 Ἀκούσαντες
2856 4343 2912 4399 δὲ
2940 4347 3100 4399 τοῦτο
3134 4343 3184 4396 οἱ
3214 4339 3666 4423 να-υτικοὶλπερι-

2021 4415 2363 4508 ειργάζοντιῖ
2383 4426 2690 4498 ἀλλήλους,
2739 4428 2825 4490 τίς
2876 4426 3042 4508 αὐτοῦ
3091 4415 3452 4508 ἀραῌέλαϐεν.
3483 4419 3538 4508 ἐν

2020 4497 2203 4587 πλόίῴ
2232 4514 2297 4568 τὰ
2344 4497 2702 4583 ἀναλώματα.
2735 4510 2823 4568 Ὠς
2873 4505 2929 4561 δὲ
2979 4497 3136 4580 εὗρον
3185 4501 3269 4558 ὅτι
3311 4499 3488 4564 οὐδεὶς
3519 4497 3670 4574 (οὐδὲ

2019 4598 2124 4671 γὰρ
2174 4581 2320 4671 εἶχέν
2369 4592 2445 4663 τι)
2492 4581 2942 4671 ἤρξαντολαύτοῦ
2994 4583 3357 4671 διαμάχεσθαι
3403 4581 3670 4671 λέγοντες,

2023 4657 2106 4731 ἐὺ·
2146 4657 2265 4738 πῶς
2305 4671 2551 4742 εἰσῆλθες
2603 4667 2788 4724 ἐνθάδε
2837 4670 2961 4723 ἄνευ
3014 4664 3430 4742 ἀναλωμάτων;
3475 4664 3670 4742 τοσοῦ-

2153 4754 2196 4774 M
2353 4757 2376 4768 υ
2411 4738 2419 4742 ⁷
2571 4771 2592 4784 ρ
2653 4744 2675 4770 Ἰ
3087 4768 3098 4776 _
3165 4751 3191 4761 υ
3416 4741 3430 4760 \
3483 4738 3586 4796 »ιλλ

2020 4777 2114 4811 τον
2151 4767 2207 4810 οε
2236 4754 2408 4809 πλουν
2459 4751 2621 4806 πόθεν
2649 4770 2800 4823 εχεις
2851 4747 3310 4819 οἰκονομηθηναι,
3343 4763 3432 4823 και
3477 4761 3509 4794 α
3591 4761 3669 4823 ως

2021 4841 2154 4911 ἡμῖν
2186 4837 2249 4891 16
2279 4833 2480 4911 ναῦλον
2511 4819 2858 4911 πόθενέχεις
2890 4827 3186 4901 πληρῶσαι
3209 4827 3316 4911 ;_'O
3350 4819 3415 4911 δὲ
3465 4822 3671 4911 μακρό-

2019 4901 2189 4990 θῦμος
2239 4915 2383 4990 λέγει
2433 4909 2617 4973 αὒτοῖς
2651 4929 2666 4944 ·
2717 4901 2864 4984 Ἐγὼ
2913 4911 3156 4990 πρᾶγμα.
3199 4903 3300 4958 οὐκ
3344 4901 3488 4990 έχω,
3549 4902 3672 4956 Ἀπ-

2021 4979 2266 5072 ενέγκατέ
2300 4979 2388 5068 με,
2436 4993 2527 5048 καὶ
2561 4991 2754 5067 ῥίψατε
2794 4979 3059 5072 ἱδπουᾌμέ
3101 4983 3300 5072 εὕρετε⁸
3333 4979 3496 5072 Οἱ.δέ
3541 5003 3668 5072 ναυ-

2019 5060 2162 5132 τικόὶ
2191 5060 2382 5146 τούτῳ.
2405 5060 2675 5149 λέγουσι’·
2711 5071 2896 5131 Χολᾶς
2926 5067 2980 5124 τί
3023 5084 3195 5134 ποτε;
3230 5060 3354 5120 οὔτε
3385 5061 3431 5117 εἰ
3481 5063 3669 5149 ἑκατὸν

2021 5155 2214 5219 ἐδίδως
2273 5143 2523 5231 χρύσινά,
2573 5157 2737 5231 τοῦτο
2791 5151 3088 5231 ἐποιοῦμεν
3141 5144 3370 5231 ἡδέωςρ
3401 5143 3674 5231 τοσαύτης

2021 5243 2156 5313 ἡμῖν
2200 5221 2428 5293 διά“’τοῦ
2477 5221 2616 5290 θεοῦ
2676 5229 2843 5303 ούσης
2893 5227 3178 5313 εὐπλοίας.
3232 5221 3667 5313 ’ξίχώμεθαηοῦν

2021 5299 2116 5377 τόῦ
2167 5321 2394 5388 σκοποῦ,
2445 5316 2511 5370 τὰ
2561 5314 2903 5388 προκείμενα
2941 5313 3078 5386 ἡμῖν
3129 5307 3453 5379 ἐξανύοντες.
3485 5299 3668 5388 Οβταξς

2021 5401 2112 5459 οῦν
2145 5401 2212 5470 ἦν
2245 5399 2295 5454 ἐν
2322 5401 2418 5478 ’τῷ
2455 5395 2642 5478 πλοίῳ
2693 5393 3019 5478 ἀμέρι-μνος,
3069 5381 3550 5478 καί-,οἱςναιυτικοὶ
3581 5379 3672 5478 26:-

2023 5461 2250 5558 ρέθησαν
2307 5461 2413 5539 ἕως
2483 5461 2704 5549 Ῥώμης
2733 5461 2742 5468 ’
2772 5461 3081 5558 τρέφοντες.
3136 5465 3462 5558 Εἰσελθὼνω
3491 5461 3582 5514 οῦν
3617 5461 3668 5558 ’ὁ

2021 5539 2266 5632 ἀθλητὴς
2323 5561 2424 5613 τοῦ
2480 5539 2717 5630 Χριστοῦ
2771 5539 2826 5609 ἓν
2883 5539 3074 5626 Ῥώμῃ
3138 5541 3556 5632 ⁸περιειργοὶζείτο
3613 5539 3668 5632 ἐν

2029 5617 2191 5716 αύτῇ,
2225 5617 2320 5702 ¹τίς
2367 5637 2470 5711 ἄρα
2517 5617 2658 5692 ἐστιν
2704 5634 2923 5716 ἀριστος
2969 5617 3079 5687 τίὒν
3125 5617 3378 5696 ἀσκητῶν
3432 5622 3601 5698 μέγας
3632 5617 3671 5690 ἢ

2027 5725 2118 5783 καὶ
2146 5715 2416 5796 ίάσκήτρια
2445 5717 2496 5776 έν
2526 5721 2596 5795 τῇ
2625 5715 2809 5774 πόλει.

3274 5809 3351 5868 38
