4074 6278
384 355 537 416 1187
1886 322 2031 382 ΡΑι

2151 317 2261 376 DlI

2048 455 2103 520 Α
2134 451 2279 502 ποιῶ
2313 465 2326 478 ·
2357 448 2519 501 τοῦτο
2565 446 2665 518 γὰρ
2717 444 2780 497 τὸ
2833 440 3024 515 μέτρον
3077 439 3175 494 οὐκ
3218 435 3393 506 ἦλθον
3445 435 3650 510 ἀκμὴν,
3687 436 3787 491 εὕ-

2130 554 2304 610 χομαι
2339 532 2394 588 δέ
2438 533 2637 589 ἐλθεῖν.
2673 532 2806 589 Τότε
2857 529 3004 606 λέγει
3037 529 3174 601 αὐτῇ
3207 528 3233 581 6
3266 524 3465 588 δοῦλος
3513 529 3611 580 τοῦ
3643 530 3785 581 Θεοῦ

987 473 1246 528 ΚΕΦΑΛ.
1291 467 1414 522 ΠΔ’.

951 573 1076 646 Περὶ
1139 566 1405 642 Δομνίνου
1442 610 1456 626 ,

452 683 544 735 Ἐν
575 679 662 740 οἷς
696 676 945 750 Δομνίνῳ
972 671 1079 727 τινὶ
1111 667 1340 745 γενναίῳ
1384 665 1437 720 ἐν
1468 666 1536 737 τῇ
1585 661 1806 729 ἀσκήσει
1841 651 2020 726 ἀνδρὶ»

386 773 604 846 μαθητῇ
655 768 966 844 Ὠριγένους
1023 761 1330 839 περιέτυχε,
1395 752 1878 846 μεγάλῃ-ἀσκήσει
1932 765 2022 799 πε-

381 837 728 933 πονηνμένῳί
774 837 897 930 περὶ
949 855 1008 908 οῦ
1042 837 1203 928 φήμη
1257 847 1503 921 διέτρεχε
1550 840 1735 933 πολλά
1773 837 2024 933 θαύματα

381 921 756 1017 πεποίηκέναι.
788 944 865 1002 Οὗ
909 943 944 1010 ἡ
993 939 1158 1009 κλίνη
1190 938 1281 993 καὶ
1335 934 1469 1010 μετά
1497 934 1588 989 τὸν
1636 928 1860 984 θάνατον
1892 921 2023 978 τού-

381 1062 479 1096 του
510 1037 724 1114 ἐλέγετο
755 1037 946 1096 νόσους
977 1034 1183 1088 ἱᾶσθαι.

987 1145 1247 1200 ΚΕΦΑΛ.
1291 1139 1417 1209 Πεν,

870 1243 882 1260 \
952 1245 979 1256 υ
1051 1240 1064 1262 Ἰ
1131 1239 1222 1262 (nl.

757 1243 886 1317 Περὶ
915 1245 1014 1306 τῆς
1049 1240 1101 1295 ἐν
1131 1239 1318 1310 Ῥώμῃ
1349 1233 1639 1308 παρθένου.

455 1345 776 1421 Περιτυχὼν
808 1342 899 1398 οῦν
932 1342 1100 1412 αὐτῷ,
1131 1341 1220 1394 καὶ
1269 1333 1654 1408 οῗκοὸομηθεὶς
1683 1332 1809 1404 παρ’
1855 1329 2024 1383 αὐτοῦ

385 1412 542 1497 (ἀνὴρ
585 1412 694 1496 γὰρ
734 1424 800 1492 ἦν
847 1420 1267 1496 τετρονευμένος
1317 1415 1369 1471 ἕν
1418 1435 1477 1470 τε
1506 1415 1624 1482 ἤθει
1674 1412 1764 1466 καὶ
1805 1413 2023 1497 γνώσει,

381 1488 469 1560 καὶ
497 1488 666 1580 λόγῳ.
696 1488 784 1557 καὶ
825 1488 954 1578 βίῳῇ
992 1488 1207 1575 ἐρωτῶν
1239 1520 1296 1552 τε
1346 1498 1533 1569 μαθεῖν
1566 1495 1691 1567 παρ’
1713 1491 1913 1580 ’,αὐτοῦ
1942 1488 2024 1580 τίς

382 1583 486 1658 ἄρα
517 1565 600 1652 εἴη
630 1565 744 1636 ἐκεῖ
788 1565 961 1643 ἄλλος
1016 1565 1254 1647 ἀσκητὴς
1385 1576 1672 1646 ἀσκήτρια,
1712 1565 1849 1658 ἕγννω
1898 1568 2024 1658 παρ’

383 1649 547 1717 αύτοῦ
579 1664 702 1736 περὶ
731 1659 1120 1736 ἡσυχαζούσης
1151 1659 1294 1736 τινὸς
1324 1653 1614 1728 παρθένου,
1649 1653 1721 1714 ὡς
1762 1649 1862 1736 εἴη.
1883 1650 2020 1736 αὕτη

385 1741 626 1796 εἷκοστὸν
651 1727 948 1814 ’πέμπτὸνν
975 1727 1177 1814 ἄγουσα
1214 1731 1332 1797 ἔτος
1381 1727 1932 1808 ἐγκατακεκλεισμένη
1962 1727 2020 1814 ἐν

382 1821 557 1896 κέλλῃ
610 1808 883 1895 μηδέποτε
935 1808 1128 1893 μηδενὶ
1178 1811 1879 1896 συντυγχάνουσατΜαθὼν
1927 1808 2021 1896 οὖν

384 1891 554 1970 αὐτῆς
586 1891 620 1955 6‘
645 1891 899 1973 ἀοίδιμος
937 1891 1107 1960 οὗτος
1139 1899 1231 1953 τὸν
1279 1891 1448 1956 οἷκον.
1483 1892 1722 1962 ἀπῆλθεν
1773 1891 1903 1960 ἐκεῖ,
1936 1893 2026 1944 καὶ

385 1981 528 2056 λέγει
557 1985 626 2054 τῇ
661 1979 1070 2054 ὑπηρετουμένῃ
1106 1979 1238 2052 αὐτῇ
1272 1975 1457 2054 γραίδι
1491 1994 1504 2008 ⁸
1537 1974 1705 2031 Εἰπὸν
1737 1976 1805 2045 τῇ
1837 1973 2030 2046 παρθέ-

383 2085 482 2134 νῳ,
517 2063 600 2116 ὅτι
646 2062 908 2130 Μονάζων
954 2081 1039 2121 τις
1071 2060 1377 2134 ἀναγκαίως
1410 2078 1494 2111 σοι
1546 2056 1690 2110 θέλει
1718 2057 2026 2134 συντυχεῖν.

390 2133 623 2198 Δεδώκει
655 2141 713 2197 δὲ
762 2143 908 2213 αύτῷ
957 2141 1241 2214 ἀπόκρισιν
1272 2143 1306 2207 ἡ
1353 2142 1543 2213 γραῦς,
1575 2136 1658 2190 ὅτι
1712 2133 1771 2190 ἐκ
1801 2134 2028 2188 πολλῶν

390 2225 526 2278 ἐτῶν
558 2221 736 2277 οὐδενὶ
770 2223 1186 2296 συντετύχηκεν.
1221 2221 1379 2296 Λέγει
1429 2218 1564 2289 αὐτῇ
1599 2257 1612 2271 .
1659 2218 1826 2271 Εἶπον
1869 2214 2033 2287 αὐτῇ,

391 2303 474 2359 ὅτι
503 2302 598 2357 τίνα
629 2325 714 2358 σοι
747 2294 1040 2378 συνειτύχωίι
1078 2304 1104 2356 ὁ
1139 2303 1267 2362 Θεὸς
1300 2294 1403 2375 γάρ
1441 2321 1504 2372 με
1535 2294 1844 2378 ἀπέστειλεν
1893 2295 2030 2368 πρὸς

389 2383 466 2440 σέ.
498 2384 561 2439 Ἡ
597 2381 653 2437 δὶ
685 2381 809 2438 066‘s
849 2375 1021 2444 οὕτως
1069 2382 1357 2456 ἠνέσχετο.
1391 2378 1739 2454 Παραμείνας
1790 2375 1851 2456 δὲ,
1885 2378 2033 2456 τρεῖς

389 2466 600 2539 ἡμέρας
632 2466 700 2536 τῇ
737 2465 955 2533 εὐτονίᾳ
994 2453 1388 2536 ὕστερονταύτῇ
1431 2453 1734 2538 συνέτυχεν,
1771 2453 2036 2539 καὶᾼίδὼν

391 2535 578 2613 αύτῆν,
654 2535 798 2616 λέγει
835 2564 848 2576 ·
924 2543 984 2597 Τί
1060 2535 1258 2616 καθέζῇ
1317 2535 2034 2616 ἐνταῦθα;-”Δποκρίνεται

391 2621 540 2694 αύτῷ
581 2615 754 2696 ἐκείνῇ
807 2621 1040 2699 λέγουσα
1071 2645 1085 2659 υ
1145 2615 1239 2677 Ούν
1275 2624 1594 2693 καθέζομαι,
1645 2617 1789 2673 ἀλλὰ
1837 2615 2029 2673 ὁδεύω.

393 2703 553 2777 Λέγει
583 2703 723 2775 αὐτῇ
764 2702 989 2775 ἐκεῖνος,
1025 2708 1138 2757 Ποῦ
1179 2701 1420 2768 ὁδεύεις;
1455 2701 1611 2774 Λέγει
1653 2700 1799 2766 αὐτῷ
1828 2700 1862 2766 ἡ
1895 2717 2036 2774 παρ-

393 2785 540 2846 θένος
574 2803 587 2817 ·
624 2785 765 2857 Πρὸς
796 2788 888 2839 τὸν
927 2783 1054 2840 Θεόν
1101 2805 1229 2855 μου.
1265 2784 1423 2856 Λέγει
1463 2782 1600 2853 αὐτῇ
1642 2781 1670 2833 6
1714 2777 1909 2840 δοῦλος
1939 2783 2034 2833 τοῦ

393 2870 527 2920 Θεοῦ
560 2885 573 2898 ⁵
627 2869 757 2938 Ζῇς,
807 2866 842 2933 ἢ
899 2865 1196 2933 ἂπέθανες;
1244 2864 1403 2938 Λέγει
1458 2863 1610 2932 αὐτῷ
1658 2859 1830 2930 ἐκείνη
1860 2877 1873 2892 ⁶
1938 2866 2033 2912 Πι-

393 2946 566 2999 στεύω
598 2945 673 3006 εἷς
703 2946 797 2999 τὸν
838 2946 966 3017 Θεὸν
997 2965 1116 3017 μου-
1142 2946 1224 2998 6'11
1251 2944 1515 3017 ἀπέθανον
1555 2946 1634 3012 τῷ
1672 2941 1887 3017 κόσμῳ·
1918 2944 2032 3017 Ζῶν

390 3019 496 3093 γὰρ
526 3022 594 3090 τῇ
628 3017 785 3091 σαρκὶ
838 3016 903 3070 ού
933 3011 1009 3088 μῆ
1064 3013 1258 3090 ὁδεύσῃ
1290 3016 1423 3089 πρὸς
1455 3016 1545 3069 τὸν
1585 3013 1735 3068 Θεόν.
1770 3011 2032 3072 Ἀκούσας

393 3097 450 3153 δέ
478 3104 645 3154 ταῦτα
677 3099 703 3150 6
736 3095 1002 3171 μακάρισς
1054 3097 1359 3168 Σεραπίων,
1395 3096 1537 3171 λέγει
1569 3094 1705 3166 αὐτῇ
1741 3115 1751 3125 ·
1805 3095 2033 3158 Ούκοῦν,

3625 303 3788 364 “88

2133 625 2409 698 Σεραπίων
2443 626 2471 678 6
2505 624 2858 699 ἀπροσπαθής
2893 641 2906 654 '
2944 619 3120 676 Βλέπε
3165 615 3280 685 οῦν,
3314 615 3549 692 ἀδελφή,
3585 615 3785 690 μηκέτι

2135 714 2533 792 μεγαλοφρόνει
2567 715 2653 768 ἐπὶ
2706 717 2900 786 σεαυτῇ
2931 713 3009 775 ὡς
3053 710 3271 765 πάντων
3304 705 3437 762 οῦσα
3488 709 3786 785 ἀγιωτέρα,

2135 803 2222 857 καὶ
2269 801 2603 878 καυχωμένη
2651 802 2725 864 ὡς
2786 806 2866 872 τῷ
2911 801 3104 871 κόσμῳ
3151 797 3331 869 τούτῳ
3385 796 3733 851 ἀποθανοῦσα
3767 814 3783 826 ⁸

2136 894 2337 970 ἔμαθες
2367 897 2471 972 γὰρ
2522 894 2604 950 6'11
2640 898 2756 968 ζῇς,
2798 893 2887 948 καὶ
2936 893 3116 965 ἀκμὴν
3173 889 3479 965 ἀνθρώποις
3510 889 3784 963 ἀρέσκεις.

2133 988 2279 1061 Ἐγὼ
2309 986 2410 1062 γάρ
2466 1006 2560 1040 σου
2593 981 2829 1058 δύναμαι
2877 982 3192 1058 νεκρότερος
3243 980 3400 1048 εἶναι,
3440 977 3580 1053 ἔργῳ
3613 976 3786 1033 δυνά-

2139 1097 2298 1149 μενος
2355 1073 2522 1145 δεῖξαι
2577 1075 2663 1128 6'11
2718 1078 2797 1146 τῷ
2837 1074 3031 1145 κόσμῳ
3088 1069 3367 1139 ἀπέθανον,
3418 1069 3785 1145 ἀπροσπαθῶς

2135 1161 2278 1241 ἔχων
2328 1167 2395 1220 τὰ
2443 1164 2582 1231 πρὸς
2630 1165 2816 1222 αὐτόν.
2865 1159 3336 1235 Ἀνεπαισχύντως
3385 1159 3488 1235 γάρ
3547 1157 3785 1233 δύναμαι

2136 1257 2228 1311 καὶ
2279 1251 2718 1315 ἀσκανὸαλίστως
2769 1257 2932 1308 τοῦτο
2979 1257 3206 1320 ποιῆσαι
3239 1248 3372 1324 ὅπερ
3418 1249 3636 1318 ἐπέταξα
3671 1269 3784 1304 σοι.

2139 1348 2276 1404 Ἀπὸ
2320 1349 2526 1402 τούτων
2555 1351 2661 1414 τῶν
2711 1346 2896 1422 λόγων
2943 1341 3237 1405 παιδεύσας
3283 1343 3456 1411 αὐτὴν
3503 1341 3552 1395 ἐν
3593 1363 3786 1397 ταπει-

2134 1438 2464 1513 νοφροσύνῃ,
2497 1435 2620 1492 τότε
2674 1433 2960 1490 κατέλιπεν
3009 1433 3208 1501 ταύτην
3257 1429 3493 1500 τελείαν,
3523 1433 3611 1485 καὶ
3651 1430 3787 1485 κλά-

2136 1548 2229 1588 σας
2262 1527 2428 1595 αύτῆς
2459 1525 2521 1580 τὸ
2567 1525 2792 1602 φύσημα
2821 1529 2918 1578 τοῦ
2959 1526 3152 1601 τύφου,
3187 1520 3358 1585 οὕτως
3407 1521 3573 1590 αὐτῆς
3614 1523 3641 1574 6
3678 1543 3788 1594 μα-

2133 1617 2325 1690 κάριος
2376 1614 2748 1690 ἀνεχώρησεν.
2807 1615 2982 1676 Οὗτος
3028 1613 3056 1666 6
3117 1613 3237 1686 βίος
3289 1611 3638 1686 Σεραπίωνος
3681 1617 3787 1667 τοῦ

2136 1706 2374 1768 ἀπαθοῦς
2401 1706 2492 1760 καὶ
2528 1705 2826 1780 ἀκροτάτου
2859 1705 3194 1778 ἀκτήμονος.

2056 1827 2104 1892 Β
2210 1793 2406 1850 Πολλά
2437 1793 2494 1849 δέ
2540 1793 2629 1848 καὶ
2664 1794 2891 1869 λαμπρά
2937 1793 2971 1846 ’ὰ
2999 1791 3296 1862 πεποίηκεν
3343 1792 3616 1865 θαυμάσια
3646 1794 3791 1869 πρά-

2360 1877 2373 1892 .
2434 1875 2448 1892 ,
2506 1876 2519 1892 ι
2797 1879 2818 1888 υ
2870 1877 2911 1892 υ
3079 1877 3104 1886 .-
3357 1874 3370 1890 ι
3503 1874 3517 1892 ς
3739 1875 3752 1892 ι

2139 1898 2322 1952 γματα
2353 1877 2381 1930 6
2431 1875 2679 1950 ἐνάρετος
2726 1879 2823 1928 τοῦ
2870 1877 3108 1947 Χριστοῦ
3153 1874 3415 1949 σοφιστὴς
3461 1874 3528 1927 τὰ
3575 1875 3793 1928 συντεί-

2137 1978 2294 2012 νοντα
2352 1956 2429 2018 είς
2487 1957 2766 2023 ἀπάθειαν,
2817 1957 2969 2009 ἅτινα
3025 1955 3127 2009 ἀπὸ
3185 1953 3413 2010 πολλῶν
3476 1953 3643 2028 ὀλίγα
3690 1976 3796 2030 γε·-

2140 2038 2445 2114 γράφαμεν,
2476 2038 2538 2090 τὸ
2581 2038 2817 2108 καθαρὸν
2860 2039 2956 2090 τοῦ
3006 2035 3128 2109 βίου
3173 2035 3368 2089 τούτου
3418 2033 3790 2106 δηλώσαντες.

2141 2119 2313 2179 Οὗτος
2365 2119 2393 2171 6
2451 2117 2714 2177 ἀθάνατος
2762 2115 2993 2186 τελευτᾷ
3051 2117 3196 2190 ἄγων
3245 2123 3344 2184 τῆς
3393 2115 3618 2184 ἡλικίας
3667 2117 3789 2179 ἔτος

2141 2198 2450 2269 ἑξηκοστὸν,
2483 2195 2532 2249 ἐν
2563 2195 2698 2269 αὐτῇ
2730 2198 2797 2267 τῇ
2826 2194 3020 2267 ἐρήμῳ
3051 2196 3258 2270 ταφείς.

2711 2289 2968 2341 ΚΕΦΑΛ.
3037 2285 3164 2358 Ος·’
3197 2328 3212 2342 .

2739 2376 2871 2441 Περὶ
2901 2374 3195 2450 Εὐαγρίου.

2214 2457 2286 2511 Τά
2315 2455 2449 2511 κατά
2498 2457 2768 2530 Εύάγριον
2802 2457 2891 2509 τὸν
2943 2452 3193 2526 ἀοίδιμον
3225 2453 3472 2510 διάκονον
3520 2461 3617 2511 τοῦ
3647 2465 3786 2531 Χρι-

2145 2541 2296 2608 στοῦ,
2347 2535 2511 2611 ἄνδρα
2571 2531 2878 2608 βεϐιωκότα
2933 2537 3069 2589 κατά
3124 2535 3251 2597 τοὺς
3307 2535 3667 2606 ἀποστόλους,
3722 2538 3786 2592 06

2146 2616 2354 2673 δίκαιον
2413 2618 2708 2692 ἡσυχάσαι,
2771 2615 2917 2670 ἀλλά
2973 2618 3142 2670 ταῦτα
3199 2620 3382 2692 γραφῇ
3452 2615 3788 2692 παραδοῦναι

2146 2697 2223 2760 εἷς
2281 2694 2584 2769 οἰκοδομὴν
2643 2701 2748 2750 τῶν
2809 2694 3268 2772 ἐντυγχανόντωνθ
3323 2698 3409 2750 καὶ
3466 2694 3616 2766 δόξαν
3676 2703 3788 2765 τῆς

2143 2780 2486 2856 ἀγαθότητος
2513 2783 2610 2833 τοῦ
2655 2785 2914 2848 Σωτῆρος
2947 2781 3132 2856 ἡμῶν,
3166 2775 3370 2832 δίκαιον
3411 2780 3782 2854 ἡγησάμενος,

2146 2855 2348 2912 ἄνωθεν
2409 2855 2710 2929 έκτίθεμαι,
2762 2862 2879 2919 πῶς
2936 2877 2994 2910 τε
3050 2855 3217 2926 ἦλθεν
3279 2856 3363 2910 ἐπὶ
3413 2858 3505 2910 τὸν
3565 2859 3781 2931 μονήρη

2146 2940 2368 3005 σκοπὸν,
2428 2939 2516 2991 καὶ
2579 2938 2729 2997 ὅπως
2789 2936 2952 3006 ἀξίως
3005 2940 3102 2990 τοῦ
3159 2935 3572 3011 ἐπαγγέλματος
3627 2939 3787 2990 αὑτὸν

2146 3019 2441 3088 ἐξασκήσας
2497 3016 2722 3087 τελευτᾷ
2778 3015 2911 3071 ἐτῶν
2969 3018 3305 3085 πεντήκοντα
3376 3017 3673 3092 τεσσάρων,
3733 3017 3783 3070 ἐν

2145 3104 2212 3172 τῇ
2273 3100 2487 3172 ἐρήμῳ,
2540 3099 2675 3152 κατά
2729 3099 2790 3151 τὸ
2856 3099 3234 3173 γεγραμμένον
3269 3117 3283 3131 ’
3359 3097 3675 3159 Τελειωθεὶς
3733 3095 3784 3151 έν

385 3178 477 3234 ἵνα
509 3200 593 3264 με-
619 3175 1051 3264 πὲληροφορήσῃς
1083 3178 1165 3264 ὅτι
1206 3177 1474 3264 ,ἀπέθανες
1505 3179 1582 3246 τῷ
1621 3176 1832 3264 κόσμῳ,
1866 3172 2034 3264 ποίη·
2065 3197 2107 3264 C
2149 3179 2645 3264 όλίγιμέπλήρωσε
2686 3172 2940 3264 χρόνους
2969 3179 3482 3264 μακρούς.-Ἀρεστὴ
3535 3179 3647 3264 γὰρ
3697 3177 3786 3231 ὅν-

391 3281 482 3314 σον
515 3262 542 3314 ’ὁ
577 3259 686 3335 ἐγὼ
713 3253 877 3313 ποιῶ.
903 3261 1062 3334 Λέγει
1095 3259 1239 3330 αύτῷ
1269 3258 1467 3328 ἐκείνη’
1495 3253 1702 3311 Δυνατά
1734 3276 1834 3327 μοι
1871 3255 2034 3327 μόνον

391 3340 661 3410 ἐπίταξον,
689 3341 776 3394 καὶ
810 3345 974 3396 ποιῶ.
1008 3341 1364 3414 Ἀπεκρίνατο
1395 3339 1532 3411 αὐτῇ
1565 3337 1767 3397 ἐκεῖνος
1792 3355 1805 3369 °
1842 3339 2033 3414 Νεκρῷ

393 3418 586 3472 δυνατά
618 3419 726 3472 ἐστι
772 3421 946 3475 πάντα
975 3425 1054 3492 τῷ
1098 3411 1234 3474 κατὰ
1266 3422 1342 3488 σέ,
1397 3419 1662 3494 παρεκτὸς
1693 3420 1790 3472 τοῦ
1838 3411 2037 3484 ἀσεϐῇ-

393 3520 498 3552 σαι.
533 3500 666 3554 Εἶτα
696 3499 839 3570 λέγει
871 3501 1008 3569 αὐτῇ
1039 3521 1054 3533 ³
1094 3500 1332 3554 Κάτελθε
1360 3501 1451 3554 καὶ
1491 3499 1743 3573 πρόελθε.
1776 3497 2036 3572 Ἀπεκρί-

390 3599 516 3632 νατο
550 3577 694 3647 αύτῷ
724 3577 900 3646 ἐκείνη
936 3597 950 3610 ·
985 3579 1248 3632 Εἱκοστὸν
1280 3579 1527 3650 πέμπτον
1557 3577 1679 3638 ἔτος
1714 3574 1830 3651 ἔχω
1866 3576 2033 3650 μηδέ-

391 3679 524 3713 ποτε
554 3655 920 3731 προελθοῦσα,
951 3659 1040 3712 καὶ
1071 3657 1164 3712 ’ίνα
1193 3658 1244 3713 τί
1275 3663 1514 3733 σήμερον
1545 3658 1799 3732 προέλθω
1825 3685 1839 3727 ;
1874 3662 2033 3731 Λέγει

392 3738 528 3812 αὐτῇ
563 3739 762 3798 ἐκεῖνος
797 3755 809 3769 ”
862 3737 1021 3808 Οὐαὶ,
1054 3737 1151 3793 οὐκ
1199 3740 1366 3808 εἶπες,
1411 3741 1492 3794 ὅτι
1539 3740 1684 3814 Ἐγὼ
1714 3745 1793 3810 τῷ
1841 3738 2032 3811 κόσμῳ

390 3819 567 3892 τούτῳ
596 3819 861 3873 ἀπέθανον
891 3838 904 3888 ;
939 3817 1109 3888 δῆλον
1142 3821 1354 3883 πάντως
1388 3821 1471 3875 δτι
1501 3821 1590 3875 καὶ
1632 3820 1717 3874 σοὶ
1750 3821 1776 3874 6
1825 3821 2030 3892 κόσμος

391 3901 493 3955 οὐκ
523 3894 687 3956 ἔστιν,
719 3898 784 3956 Εἰ
833 3897 923 3955 οῦν
957 3900 1118 3956 τοῦτό
1166 3901 1331 3973 ἐστιν,
1374 3903 1557 3976 νεκρὸς
1610 3898 1828 3962 οὐδενὸς
1877 3898 2032 3954 ἐπαι-

393 3983 660 4038 σθάνεται.
695 3981 893 4035 Ταυτόν
930 4003 1014 4036 σοι
1066 3980 1156 4037 οῦν
1191 3983 1333 4038 ἐστιν
1377 3985 1465 4038 καὶ
1496 3982 1780 4058 προελθεῖν
1829 3983 1920 4036 καὶ
1954 3982 2029 4054 μὴ

391 4062 699 4137 προελθεῖν.
735 4061 1046 4118 Ἀκούσασα
1093 4062 1154 4119 δὲ
1198 4064 1364 4120 ταῦτα
1410 4067 1445 4134 ἡ
1497 4067 1780 4138 παρθένος,
1815 4061 2033 4139 προῆλ-

393 4146 478 4200 θεν
514 4167 527 4179 ·
564 4145 698 4218 μετά
729 4140 786 4198 δὲ
815 4144 877 4198 τὸ
908 4147 1197 4219 προελθεῖν
1230 4147 1402 4212 αὐτὴν
1434 4141 1556 4218 ἔξω,
1588 4147 1677 4200 καὶ
1722 4144 1896 4201 ἐλθεῖν
1928 4143 2031 4212 ἕως

391 4225 688 4295 ἐκκλησίας
738 4226 907 4295 τινὸς,
957 4225 1130 4280 ἐλθὼν
1179 4227 1206 4280 6
1259 4229 1523 4299 μακάριος
1576 4228 1721 4300 εὗρεν
1761 4226 1927 4295 αὐτὴν
1980 4231 2030 4284 ἐν

387 4312 458 4379 τῇ
493 4304 780 4375 ἐκκλησίᾳ,
813 4305 904 4360 καὶ
957 4305 1099 4381 λέγει
1150 4305 1285 4380 αὐτῇ
1321 4325 1334 4338 ·
1388 4306 1455 4363 Εἴ
1502 4305 1673 4368 ὅντως
1723 4306 1896 4369 θέλεις
1945 4330 2030 4365 τε-

395 4385 556 4445 λείως
585 4383 1014 4461 πληροφορῆσαί
1049 4407 1116 4459 με
1155 4386 1237 4441 6'11
1271 4387 1548 4452 ἀπέθανες,
1581 4387 1672 4442 καὶ
1724 4388 1900 4443 οὐκέτι
1935 4395 2032 4463 ζῇς

393 4464 707 4544 ἀνθρώποις
749 4463 1072 4538 ἀρέσκουσα,
1103 4470 1338 4538 ποίησον
1371 4471 1400 4523 '6
1449 4469 1555 4544 ἐγὼ
1589 4467 1818 4542 δύναμαι
1867 4477 2031 4540 ποιῇ-

2147 3284 2254 3324 τως
2286 3261 2500 3338 γέγονεν
2528 3263 2562 3330 ἡ
2609 3263 2762 3334 ψυχὴ
2799 3259 2958 3314 αὐτοῦ
3006 3265 3086 3332 τῷ
3120 3259 3318 3338 κυρίῳ.
3352 3259 3522 3320 Οὗτος
3573 3258 3654 3331 τῷ
3691 3261 3786 3338 μὲν

2146 3335 2501 3418 γένεινγέγονε
2543 3342 2822 3412 Ποντικὸς,
2853 3339 3070 3402 πόλεως
3110 3335 3364 3413 ’15ήρων,
3397 3340 3515 3402 υἱὸς
3548 3336 3784 3414 πρεσϐυ-

2145 3427 2324 3496 τέρου,
2361 3423 2705 3495 ἀναγνώστης
2749 3420 3048 3496 προαχθείς
3078 3421 3223 3494 παρά
3269 3423 3364 3475 τοῦ
3413 3420 3571 3496 ἁγίου
3621 3428 3791 3476 B0131-

2146 3503 2297 3558 λείου
2329 3507 2424 3557 τοῦ
2473 3503 2772 3557 ἐπισκόπου
2801 3509 2900 3570 τῆς
2953 3501 3277 3572 Ἐκκλησίας
3328 3503 3646 3576 Καισαρείας
3683 3509 3787 3571 τῆς

2144 3585 2279 3658 πρὸς
2327 3583 2389 3638 τὸ
2437 3586 2670 3657 "Ap-few.
2724 3583 2870 3637 Μετά
2917 3578 2972 3635 δὲ
3018 3583 3117 3648 τήν
3169 3581 3431 3654 κοίμησιν
3482 3580 3576 3636 τοῦ
3626 3582 3787 3656 ἁγίου

2145 3663 2444 3718 ἐπισκόπου
2469 3663 2753 3718 Βασιλείου
2784 3661 3070 3736 προσέχων
3092 3661 3260 3716 αὐτοῦ
3278 3667 3345 3735 τῇ
3379 3659 3787 3732 ἐπιτηδειότητι

2145 3748 2172 3800 6
2206 3747 2541 3820 σοφώτατος,
2571 3745 2662 3798 καὶ
2694 3744 3057 3804 ἀπαθέστατος
3083 3743 3173 3796 καὶ
3205 3745 3352 3817 πάσῃ
3392 3742 3608 3814 παιδείᾳ
3637 3742 3789 3816 λάμ-

2141 3849 2256 3882 πων
2291 3828 2318 3880 ὁ
2352 3828 2504 3900 ἅγιος
2539 3825 2842 3902 Γρηγόριος
2869 3826 2895 3879 ὁ
2928 3825 3198 3886 Νυσσαεὺς
3223 3824 3522 3905 ἐπίσκοπος
3550 3823 3788 3905 ἀδελφὸς

2140 3912 2237 3962 τοῦ
2268 3906 2320 3962 ἐν
2371 3911 2509 3979 τιμῇ
2541 3911 2648 3960 τῶν
2704 3905 3023 3960 ἀποστόλων
3072 3905 3366 3960 Βασιλείου
3415 3904 3515 3961 τοῦ
3565 3904 3789 3961 ἐπισκό-

2141 4009 2268 4057 που,
2318 3987 2729 4060 προχειρίςεται
2772 3991 2961 4040 τοῦτον
3010 3983 3277 4042 διάκονον.
3333 3987 3563 4042 Ἐκεῖθεν
3610 3985 3787 4041 ἐλθὼν

2143 4069 2171 4122 6
2205 4070 2358 4144 ἅγιος
2391 4065 2696 4141 Γρηγόριος
2727 4067 2755 4120 ὁ
2781 4066 3098 4134 ἐπίσκοπος,
3131 4065 3182 4119 ἐν
3225 4067 3294 4137 τῇ
3327 4065 3543 4141 μεγάλῃ
3579 4067 3787 4141 συνόδῳ

2139 4151 2209 4220 τῇ
2267 4148 2405 4201 κατά
2470 4145 3064 4214 Κωνσταντινούπολιν,
3136 4146 3537 4219 καταλιμπάνει
3600 4148 3789 4218 αὐτὸν,

2145 4225 2422 4299 Νεκταρίῳ
2480 4230 2560 4297 τῷ
2623 4226 2874 4299 μακαρίῳ
2931 4225 3232 4298 ἐπισκόπῳ,
3291 4223 3790 4297 διᾳλεκτικώτατον

2145 4305 2270 4362 ὄντα
2317 4306 2453 4361 κατά
2498 4311 2681 4361 πασῶν
2733 4310 2838 4360 τῶν
2888 4307 3166 4380 αἱρέσεων.
3201 4307 3383 4361 Ἠνθει
3431 4310 3562 4382 γοῦν
3614 4307 3666 4361 ἐν
3718 4313 3790 4382 τῇ

2148 4385 2356 4461 μεγάλῃ
2386 4385 2567 4455 πόλει,
2602 4385 2796 4461 λόγοις
2848 4386 3249 4458 νεανιευόμενος
3295 4387 3426 4441 κατά
3477 4388 3658 4457 πάσης
3701 4390 3790 4441 αἱ-

2145 4468 2364 4542 ρέσεως.
2399 4463 2604 4537 Συνέϐη
2661 4467 2752 4523 οῦν
2804 4472 2994 4523 τοῦτον
3045 4463 3318 4541 ὑπερϐολῇ
3366 4465 3584 4537 τρόπων
3635 4485 3789 4540 χρη-

395 4567 504 4643 σαι,
529 4545 626 4643 καὶ,
648 4543 772 4643 τότε
792 4544 1243 4643 πληροφρρήσεις
1277 4571 1341 4643 με
1367 4549 1449 4606 ὅτι
1483 4550 1706 4643 ἀληθῶς
1735 4555 1813 4622 τῷ
1843 4553 2035 4625 κόσμῳ
2068 4559 2114 4624 D
2146 4550 2405 4618 στότητος
2452 4549 2762 4643 τξμώμενον
2816 4548 2963 4621 παρά
3011 4549 3182 4616 πάσης
3223 4553 3324 4641 τῆς
3361 4543 3576 4643 πόλεως
3625 4565 3785 4641 περι-

390 4626 570 4698 τούτῳ
602 4624 882 4689 ἀπέθανες.
937 4628 1040 4682 Καὶ
1087 4630 1121 4696 ἡ
1173 4627 1436 4703 παρθένος
1486 4627 1705 4702 λοιπὸν,
1755 4631 1814 4686 Τί
1858 4624 2034 4692 θέλεις

392 4709 651 4777 ποιήσω;
687 4705 839 4780 Λέγει
872 4707 1008 4781 αὐτῇ
1057 4708 1259 4771 ἐκεῖνος
1293 4727 1306 4740 ⁸
1359 4707 1727 4783 Ἐκδυσαμένη
1770 4710 1941 4765 πάντα
1971 4710 2038 4765 τὰ

393 4788 590 4862 ἰμάτιά
622 4807 739 4857 σου,
773 4789 846 4849 ὡς
895 4785 1030 4862 ἐγὼ,
1062 4789 1147 4843 ἐπὶ
1195 4795 1302 4844 τῶν
1338 4787 1504 4863 ὤμων
1555 4813 1651 4845 σου
1683 4793 1791 4859 θές,
1819 4793 1907 4844 καὶ
1939 4811 2036 4844 πε-

400 4866 575 4945 ρίελᾷθε
609 4865 776 4945 μέσην
809 4870 910 4937 τήν
942 4865 1128 4936 πόλιν,
1164 4869 1298 4942 ἐμοῦ
1331 4868 1628 4943 δυναμένου
1672 4872 2039 4945 ἀναισχύντως

396 4940 808 5026 προλαμϐάνειν
868 4969 924 5002 σε
974 4953 1053 5021 τῷ
1113 4940 1360 5024 σχήματι
1423 4940 1620 5023 τούτῳ.
1677 4940 2038 5026 Λέγει-αύτῷ

398 5022 573 5093 ἐκείνη
611 5043 622 5055 ·
658 5024 818 5081 Ἀλλ’
847 5028 956 5102 ἐγὼ
986 5028 1045 5084 ἃν
1070 5022 1242 5086 τοῦτο
1264 5033 1504 5102 ποιήσω,
1535 5022 1874 5100 σκανδαλίζω
1907 5030 2041 5086 πολ-

400 5103 533 5166 λοὺς
561 5103 650 5188 ἐπί
679 5110 767 5188 τῷ.
795 5107 936 5182 ἀσχή
950 5132 1035 5182 μῳ
1066 5117 1162 5167 τοῦ
1193 5113 1510 5188 πράγματος
1545 5132 1556 5144 ·
1595 5111 1682 5166 καὶ
1723 5107 1915 5186 ἔχουσι
1949 5112 2042 5166 λέ-

398 5206 512 5262 γειν
539 5185 703 5253 τινὲς,
738 5185 821 5266 δτι
853 5189 1066 5260 Ἐξέστη
1101 5193 1190 5246 καὶ
1223 5185 1564 5265 δαιμονιῶσά
1593 5185 2042 5266 ἒστινζἈροκρί-

399 5287 548 5322 νεται
580 5267 608 5321 6
643 5265 910 5350 μακάρισς
944 5271 1244 5343 Σεραπίων,
1277 5273 1367 5328 καὶ
1401 5272 1547 5350 λέγει
1592 5273 1725 5344 αὐτῇ
1761 5294 1773 5306 ο
1810 5265 1906 5326 καί
1955 5265 2040 5326 σοι

398 5349 450 5403 τί
489 5347 645 5421 μέλει
693 5345 781 5401 ἐὰν
814 5345 975 5400 τοῦτο
1027 5349 1291 5421 εἷ’πωσινς
1325 5355 1385 5407 σὺ
1429 5345 1532 5428 γάρ
1583 5354 1789 5419 αὐτοῖς,
1825 5353 1898 5414 ὡς
1953 5351 2040 5406 λέ·

398 5448 532 5504 γεις,
580 5427 855 5488 ἀπέθανες.
889 5433 1083 5502 Νεκρῷ
1132 5428 1187 5484 δὲ
1219 5427 1476 5488 οὐδέποτε
1527 5434 1680 5506 μέλει
1714 5431 1765 5488 εἷ’
1805 5454 1884 5493 τις
1916 5435 2040 5486 τοῦ·

401 5527 495 5589 τον
527 5507 773 5584 λοιδορεῖ
801 5509 835 5578 ἤ
868 5508 1138 5586 καταγελᾷ
1171 5530 1182 5542 ·
1234 5512 1552 5582 ἀναίσθητος
1584 5516 1686 5589 γὰρ
1718 5520 1833 5575 τοῖς
1881 5521 2038 5568 πᾶσιν

405 5584 743 5667 ἐστινηξΓότε
774 5587 918 5666 λέγει
971 5584 1117 5662 αύτῷ
1166 5593 1200 5660 ἡ
1252 5592 1512 5666 παρθένος
1564 5584 1742 5663 ἐκείνη
1774 5613 1786 5626 ·
1841 5594 2042 5667 Δέομαί

407 5685 524 5734 σου,
557 5663 681 5722 εἷ’τι
726 5663 864 5725 ἄλλο
915 5669 1086 5734 θέλεις
1130 5668 1180 5726 ἐν
1233 5675 1302 5747 τῇ
1330 5663 1598 5744 ἀσκήσει,
1647 5674 1902 5731 κέλευσον
1947 5663 2042 5732 καὶ

2145 4635 2382 4702 παγῆναι
2440 4625 2656 4700 εἰδώλῳ
2714 4634 3030 4702 γυναικικῆς
3110 4621 3412 4694 ἐπιθυμίας,
3471 4623 3547 4684 ὡς
3619 4623 3786 4686 αὐτὸς

2146 4711 2280 4781 ἡμῖν
2339 4707 2579 4780 διηγεῖτο
2651 4707 2871 4782 ὕστερον
2947 4704 3329 4781 ἐλευθυρωθεὶς
3397 4703 3458 4758 16
3530 4710 3787 4779 φρονοῦν.

2148 4789 2475 4860 Ἀντεράσθη
2530 4786 2586 4841 δὲ
2627 4787 2822 4842 τούτου
2869 4786 3032 4841 πάλιν
3081 4787 3141 4841 τὸ
3191 4785 3408 4859 γύναιον
3444 4803 3455 4816 '
3508 4785 3578 4852 ἦν
3629 4782 3685 4838 δέ
3733 4786 3787 4838 ἓν

2148 4872 2307 4922 τοῦτο
2339 4873 2443 4921 τῶν
2497 4868 2845 4942 μεγιστάνων.
2881 4872 2936 4921 Ὀ
2985 4864 3041 4920 δὲ
3091 4865 3360 4938 Εύάγριος
3391 4866 3477 4918 καὶ
3523 4865 3614 4918 τὸν
3664 4865 3791 4918 Θεὸν

2150 4943 2512 5022 φοϐούμενος,
2553 4949 2640 5001 καὶ
2675 4949 2736 5001 τὸ
2784 4947 2973 5002 ἑαυτοῦ
3023 4943 3266 5006 συνειδὸς
3316 4942 3660 5016 αἰδούμενος,
3700 4943 3791 4998 καὶ

2149 5030 2254 5100 πρὸ
2287 5028 2584 5102 ὀφθαλμῶν
2617 5031 2679 5084 τὸ
2730 5026 2938 5090 ὄνειδος
2963 5031 3062 5092 τῆς
3114 5025 3514 5102 ἀσχημοσύνης
3566 5025 3790 5099 θέμενος

2149 5109 2238 5164 καὶ
2286 5111 2346 5163 τὸ
2397 5112 2722 5184 χαιρέκακον
2773 5114 2880 5164 τῶν
2929 5109 3211 5184 αἱρέσεωτ,
3262 5105 3463 5178 ηὔξατο
3522 5108 3614 5162 τὸν
3664 5109 3797 5162 Θεὸν

2151 5191 2423 5251 ἱκετεύσας
2455 5189 2850 5262 ἐμποδισθῆναι
2894 5191 3022 5263 παρ’
3068 5189 3254 5258 αὐτοῦ,
3285 5193 3382 5243 τοῦ
3429 5189 3799 5260 προκειμένου

2153 5269 2370 5325 σκώλου
2399 5278 2497 5340 τῆς
2547 5273 2805 5347 γυναικὸς
2852 5271 3200 5343 ἐπικειμένης
3231 5269 3381 5339 αὐτῷ
3431 5269 3800 5342 συμπράττειν

2150 5354 2218 5424 τῇ
2251 5350 2529 5423 ἐπιθυμίᾳ,
2560 5353 2649 5406 καὶ
2684 5352 2972 5422 λυττώσης
3003 5355 3083 5421 τῷ
3112 5349 3293 5417 πάθει,
3327 5350 3498 5403 θέλων
3535 5368 3594 5402 τε
3629 5349 3801 5416 αὐτῆς

2155 5432 2586 5506 ὑπαναχωρῆσαι
2646 5432 2744 5486 οὐκ
2799 5429 3009 5506 ἴσχυεν,
3070 5427 3296 5502 δεσμοῖς
3354 5432 3451 5493 τῆς
3511 5429 3801 5502 θεραπείας

2153 5511 2320 5577 αύτῇς
2349 5515 2744 5591 κατεχόμενος.
2780 5515 2908 5568 Μετ’
2960 5511 3020 5566 06
3052 5510 3201 5566 πολὺ
3249 5507 3306 5564 δέ
3336 5517 3434 5578 τῆς
3483 5517 3806 5585 προσευχῆς

2154 5594 2317 5649 αὑτοῦ
2363 5597 2720 5670 προκοψάσης
2769 5595 2875 5670 πρὸ
2932 5600 3032 5663 τῆς
3079 5597 3176 5647 τοῦ
3234 5593 3558 5667 πράγματος
3619 5591 3813 5662 πείρας

2155 5673 2351 5748 ἐπέστη
2405 5676 2553 5750 αὐτῷ
2611 5677 2877 5756 ἀγγελικὴ
2939 5673 3172 5730 ὀπτασία
3229 5671 3283 5729 ἐν
3344 5672 3602 5749 σχήματι
3653 5692 3816 5749 στρα-
