4074 6278
278 408 434 467 1189

835 538 1066 592 CAPUT
1119 537 1412 592 LXXXIV.

745 628 864 682 Vita
894 626 1113 681 abbatis
1146 627 1488 681 Domnionz‘s.

358 723 510 774 Inter
538 734 679 788 quos
720 717 919 773 incidit
950 717 1006 781 in
1042 717 1352 788 quemdam
1387 716 1760 771 Domnionem
1793 714 1981 769 fortis-

276 809 495 863 simum
520 812 692 878 atque
714 806 1306 873 abstinentissimum,
1327 805 1592 875 Origenis
1609 804 1979 873 discipulum,

280 915 453 970 quem
490 915 690 954 rumor
728 902 852 953 erat
893 897 1078 952 multa
1111 897 1393 952 miracula
1422 896 1695 963 edidisse,
1728 898 1781 950 et
1809 894 1979 964 cujus

272 987 462 1044 lectus
503 989 727 1044 curavit
756 992 1002 1057 aagrotos
1034 990 1164 1055 post
1196 990 1461 1041 mortem.

855 1076 1089 1131 CAPUT
1130 1075 1391 1131 LXXXV.

836 1172 912 1222 De
958 1168 1173 1237 Virgine
1202 1166 1414 1221 silente.

347 1258 491 1312 Cum
524 1272 661 1328 ergo
692 1256 747 1311 in
789 1272 923 1310 eum
968 1254 1288 1319 incidisset,
1341 1259 1397 1309 et
1438 1268 1505 1308 ex
1553 1268 1618 1307 eo
1662 1253 1971 1306 utilitatem

276 1348 599 1418 accepisset
628 1346 774 1416 (erat
803 1345 957 1400 enim
992 1344 1076 1399 vir
1097 1348 1155 1399 et
1179 1344 1443 1399 moribus
1473 1345 1733 1408 ornatus,
1765 1345 1820 1396 et
1850 1357 1975 1396 eru-

273 1435 496 1490 ditione
530 1440 585 1490 et
615 1451 880 1491 sermone
912 1438 966 1489 et
996 1434 1157 1503 vita),
1190 1436 1248 1488 et
1278 1431 1349 1487 ab
1381 1448 1446 1486 eo
1479 1431 1781 1486 didicisset
1812 1430 1971 1500 quis—

271 1541 407 1579 nam
460 1529 613 1580 esset
662 1524 777 1579 illic
831 1524 984 1579 alius
1034 1522 1372 1578 exercitator
1419 1526 1521 1575 aut
1585 1520 1969 1589 exercitatrix,

264 1615 542 1685 cognovit
571 1631 697 1670 esse
727 1614 1043 1684 quamdam
1078 1612 1359 1682 virginem
1385 1610 1681 1665 silentium
1706 1615 1971 1681 agentem

263 1712 320 1759 et
352 1704 778 1774 quiescentem,
805 1703 1069 1774 quaejam
1095 1701 1299 1771 viginti
1318 1701 1574 1771 quinque
1596 1700 1764 1754 annis
1781 1701 1839 1753 in
1863 1698 1972 1754 cel-

258 1792 322 1846 la
362 1798 484 1848 erat
516 1793 762 1863 inclusa,
796 1797 850 1847 et
881 1808 1015 1848 cum
1052 1791 1279 1846 nemine
1312 1805 1573 1860 unquam
1605 1788 1971 1858 colloqueba-

1620 403 1983 464 HISTORIA
2029 406 2445 468 LAUSIACA.

2008 540 2057 603 Α
2092 537 2218 609 ipsa
2260 541 2497 597 ostendo
2538 558 2630 596 me
2664 556 2788 596 esse
2839 546 3132 599 mortuum
3184 545 3425 611 mundo,
3468 560 3600 599 nam
3647 546 3792 600 citra

3637 413 3797 474 1190

2093 627 2274 683 ullam
2306 631 2487 686 animi
2521 632 3019 700 perturbationem
3053 637 3107 688 et
3136 635 3417 704 pudorem
3461 634 3572 690 hoc
3620 633 3788 690 facio.

2091 717 2256 774 Tunc
2279 736 2411 774 cum
2437 736 2565 774 eam
2591 720 2661 775 ad
2684 720 3072 777 humilitatem
3097 723 3527 789 instituisset,et
3546 724 3670 793 ejus
3693 724 3792 779 fre-

2088 805 2269 874 gisset
2300 810 2718 880 arrogantiam,
2752 810 3009 865 recessit.

2160 896 2307 951 Sunt
2338 902 2533 953 autem
2568 898 2752 954 multa
2782 914 3013 970 quoque
3041 900 3158 955 alia
3188 916 3402 972 magna
3445 905 3501 957 et
3537 901 3795 958 illustria

2087 985 2238 1040 facta
2316 986 2488 1043 istius
2578 987 2793 1043 Christi
2879 988 3151 1056 doctoris,
3244 990 3452 1046 virtute
3538 993 3794 1063 prmditi,

2088 1091 2215 1145 quae
2268 1078 2561 1147 pertinent
2610 1080 2680 1132 ad
2735 1078 3248 1149 impatibilitatem,
3290 1096 3413 1149 qua:
3472 1096 3539 1136 ex
3586 1082 3791 1137 multis

2084 1180 2267 1233 pauca
2298 1166 2507 1222 selecta
2553 1167 3017 1240 perscripsimus,
3061 1175 3126 1223 ut
3165 1185 3234 1224 ex
3270 1169 3340 1224 iis
3388 1170 3622 1240 puritas
3666 1170 3794 1239 ejus

2082 1253 2213 1309 vitae
2244 1255 2557 1326 pateﬁeret.
2595 1260 2646 1313 ls
2677 1258 2922 1313 decessit
2952 1274 3129 1329 agens
3160 1273 3379 1313 annum
3411 1257 3596 1313 astatis
3628 1273 3790 1313 sexa-

2080 1343 2391 1413 gesimum,
2420 1344 2477 1399 in
2512 1347 2652 1401 locis
2684 1347 2930 1402 desertis
2962 1346 3229 1417 sepultus
3261 1356 3362 1402 est.

2664 1434 2895 1489 CAPUT
2935 1434 3214 1490 LXXXVI.

2389 1527 2467 1578 De
2500 1523 2520 1557 ³
2549 1526 2781 1594 Evagrio
2811 1524 2961 1595 (133)
2991 1525 3195 1579 celebri
3220 1526 3467 1581 diacono.

2148 1612 2229 1667 De
2259 1613 2500 1685 Evagrio
2532 1614 2684 1669 claro
2730 1614 2945 1670 Christi
2977 1615 3241 1681 diacono,
3275 1614 3374 1685 qui
3407 1613 3546 1669 vixit
3598 1616 3783 1671 instar

2079 1703 2497 1772 apostolorum,
2537 1721 2651 1759 non
2691 1710 2778 1760 est
2810 1720 3044 1775 aequum
3085 1709 3309 1772 tacere;
3350 1706 3449 1761 sed
3482 1721 3549 1762 ea
3578 1705 3786 1763 litteris

2076 1791 2351 1846 mandare
2386 1793 2456 1846 ad
2480 1793 2927 1848 aediﬁcationem
2959 1809 3156 1849 eorum
3189 1794 3285 1864 qui
3316 1802 3455 1850 sunt
3477 1794 3704 1863 lecturi,
3729 1801 3787 1851 et

260 1886 386 1935 tur.
439 1881 582 1935 Cum
628 1886 820 1936 autem
871 1881 999 1951 ejus
1039 1878 1280 1933 domum
1330 1877 1651 1943 didicisset,
1690 1877 1870 1941 venit,
1916 1879 1972 1930 et
2004 1915 2048 1978 Β
2078 1879 2149 1933 ad
2185 1880 2463 1935 bonitatis
2496 1880 2819 1935 Servatoris
2852 1881 3035 1936 nostri
3065 1882 3303 1950 gloriam
3352 1899 3583 1953 aequum
3634 1883 3791 1939 arbi-

261 1970 409 2024 dicit
449 1969 653 2024 vetulae
688 1987 812 2040 qua:
846 1969 897 2024 ei
929 1969 1281 2023 inserviebat
1313 1984 1325 2022 :
1361 1966 1463 2022 Dic
1493 1965 1701 2037 virgini
1735 1980 1822 2020 me
1864 1982 1971 2020 ne-

265 2074 431 2113 cesse
463 2057 676 2112 habere
720 2073 844 2113 eam
880 2058 1207 2113 convenire.
1251 2058 1412 2110 Anus
1455 2071 1584 2110 vero
1626 2070 1969 2125 responsum

264 2148 523 2203 reddidit
560 2146 719 2201 illam
752 2163 819 2202 ex
853 2146 1048 2202 multis
1084 2146 1254 2200 annis
1286 2143 1579 2199 neminem
1611 2144 1967 2200 convenisse.

260 2240 415 2293 Tum
448 2238 525 2293 ait
561 2237 645 2292 illi
680 2254 692 2291 :
727 2238 829 2292 Dic
860 2238 910 2293 ei
942 2242 1004 2292 ut
1035 2237 1371 2293 conveniam
1406 2237 1579 2300 illam,
1621 2236 1772 2292 Deus
1810 2237 1964 2291 enim

258 2344 353 2382 me
390 2328 576 2382 misit.
610 2330 681 2380 At
714 2326 811 2381 illa
845 2343 915 2382 ne
946 2326 1026 2382 sic
1058 2327 1294 2397 quidem
1328 2325 1628 2395 acquievit.
1678 2325 1819 2379 Cum
1869 2342 1966 2380 au-

258 2422 381 2472 tem
425 2418 568 2471 duos
616 2415 700 2471 vel
754 2420 871 2471 tres
920 2416 1042 2471 dies
1090 2414 1519 2480 intermisisset,
1572 2430 1698 2468 eam
1750 2430 1962 2470 convc-

258 2508 345 2561 nit
395 2513 612 2577 postea.
663 2507 729 2560 Et
775 2507 828 2561 ei
875 2506 1052 2560 dixit:
1105 2505 1243 2575 quid
1296 2503 1506 2559 sedes?
1537 2504 1614 2559 Ea
1646 2521 1777 2559 vero
1827 2504 1964 2559 dicit

261 2597 422 2666 ipsi:
476 2597 604 2653 Non
653 2596 842 2661 sedeo,
894 2596 995 2650 sed
1044 2594 1304 2649 ambulo.
1355 2593 1407 2647 Is
1439 2610 1571 2648 vero
1622 2594 1804 2649 dicit:
1840 2595 1961 2658 Quo

254 2686 525 2742 ambulas
547 2686 574 2739 ?
605 2685 708 2741 Illa
738 2702 874 2740 vera
904 2684 1079 2739 dicit:
1113 2684 1196 2738 Ad
1228 2684 1433 2738 Deum.
1468 2686 1521 2737 Is
1554 2687 1745 2737 autem
1782 2684 1957 2738 dicit:

257 2774 511 2844 Vivisne,
545 2790 616 2829 an
659 2791 718 2829 es
753 2772 1029 2829 mortua?
1059 2773 1160 2826 Illa
1198 2789 1327 2827 vero
1362 2771 1410 2826 ei
1453 2772 1593 2827 dicit
1628 2790 1639 2824 :
1682 2772 1857 2827 Credo
1900 2775 1957 2828 in

247 2866 437 2922 Deum
464 2882 555 2921 me
571 2881 698 2922 esse
723 2870 1007 2922 mortuam
1035 2864 1285 2919 mundo:
1307 2863 1408 2927 Qui
1430 2864 1583 2918 enim
1610 2880 1778 2919 carne
1798 2865 1954 2932 vivit,

247 2971 366 3010 non
404 2958 592 3025 potest
622 2956 691 3010 ad
725 2956 910 3012 Deum
944 2954 1262 3009 ambulare.
1291 2954 1342 3007 Is
1375 2957 1569 3008 autem
1602 2952 1742 3008 dicit
1773 2954 1851 3009 ei:
1886 2954 1957 3009 Ut

249 3060 351 3100 me
385 3059 520 3114 ergo
555 3044 857 3099 certiorem
893 3043 1100 3098 reddas
1132 3048 1186 3097 te
1211 3058 1345 3101 esse
1377 3046 1670 3096 mortuam
1713 3044 1955 3109 mundo,

247 3137 341 3190 fac
374 3135 526 3204 quod
560 3134 728 3189 facio.
760 3134 841 3188 Ea
873 3133 955 3188 illi
990 3132 1129 3187 dicit
1161 3149 1172 3185 :
1209 3131 1429 3202 Impera
1463 3132 1606 3187 mihi
1648 3148 1777 3202 quae
1815 3150 1957 3203 pos-

250 3229 397 3280 sunt
422 3223 564 3289 fieri,
599 3226 657 3277 et
686 3222 918 3277 faciam.
944 3222 999 3276 Is
1030 3225 1227 3277 autem
1251 3219 1385 3274 dicit
1407 3220 1492 3275 ei:
1520 3220 1675 3275 Nihil
1699 3225 1784 3276 est
1806 3221 1951 3291 quod

250 3331 372 3370 non
408 3312 588 3382 possit
618 3317 909 3371 mortuus,
940 3311 1157 3381 absque
1187 3326 1252 3365 eo
1284 3310 1438 3379 quod
1473 3326 1586 3365 non
1620 3314 1805 3380 potest
1826 3327 1956 3367 esse

249 3400 498 3471 impius.
530 3400 693 3454 Tunc
724 3399 863 3455 dicit
901 3400 949 3454 ei
987 3415 999 3451 :
1033 3396 1347 3464 Descende,
1390 3405 1441 3451 et
1474 3398 1835 3468 progredere.
1880 3402 1955 3453 Ea

248 3507 389 3547 vero
432 3489 733 3559 respondit
768 3489 931 3543 :Jam
958 3490 1151 3558 agitur
1172 3488 1488 3559 vigesimus
1510 3487 1746 3558 quintus
1770 3506 1956 3543 annus

249 3598 318 3637 ex
360 3594 479 3648 quo
512 3595 623 3632 non
659 3593 790 3632 sum
825 3593 1148 3648 progressa,
1171 3581 1227 3630 et
1253 3593 1354 3630 cur
1374 3576 1748 3648 progrediar?
1774 3578 1831 3631 Ei
1854 3594 1957 3632 au-

246 3679 366 3726 tem
408 3667 545 3721 dicit
580 3684 592 3722 :
627 3665 789 3721 Vah!
826 3682 1017 3721 nonne
1050 3674 1105 3719 tu
1149 3666 1369 3734 dixisti,
1404 3672 1632 3721 mortua
1663 3683 1789 3722 sum
1825 3667 1955 3722 huic

244 3758 471 3815 mundo
492 3758 518 3811 ?
548 3756 703 3811 unde
724 3760 779 3811 et
802 3755 1174 3811 manifestum
1200 3760 1282 3811 est
1299 3760 1353 3810 et
1374 3757 1661 3811 mundum
1686 3756 1784 3812 tibi
1808 3773 1955 3812 mor-

239 3858 418 3908 tuum
455 3866 599 3905 esse.
649 3849 708 3903 Si
753 3848 861 3902 hoc
902 3849 1138 3918 quidem
1190 3863 1391 3901 verum
1438 3852 1545 3914 est,
1592 3851 1646 3903 et
1690 3856 1953 3904 mortuus

242 3938 399 3996 nihil
434 3938 632 4005 sentit,
658 3936 814 3989 idem
847 3940 935 3989 est
966 3936 1071 3989 tibi
1103 3936 1367 4004 progredi
1404 3940 1459 3989 et
1490 3952 1601 3990 non
1647 3939 1909 4005 progredi
1939 3961 1952 4004 ;

240 4045 382 4099 ergo
419 4024 779 4097 progredere.
808 4023 910 4076 Illa
933 4039 1064 4077 vero
1088 4038 1389 4092 progressa
1416 4029 1522 4079 est.
1558 4025 1952 4095 Etpostquam

239 4131 552 4190 progressa
584 4113 695 4167 fuit
721 4128 903 4181 usque
934 4112 1001 4165 ad
1030 4112 1347 4181 quamdam
1381 4111 1706 4178 ecclesiam,
1740 4113 1790 4167 ei
1814 4114 1954 4169 dicit

238 4207 303 4263 in
336 4202 585 4261 ecclesia
623 4218 635 4257 :
670 4201 731 4256 Si
761 4200 847 4255 vis
879 4216 1011 4269 ergo
1043 4216 1132 4255 me
1164 4200 1471 4255 certiorem
1522 4202 1758 4257 reddere
1796 4202 1949 4272 quod

237 4311 376 4352 vere
408 4293 490 4348 sis
524 4297 776 4359 mortua,
808 4294 864 4345 et
895 4306 1007 4345 non
1039 4290 1291 4361 amplius
1329 4291 1471 4346 vivis
1502 4290 1736 4361 placens
1766 4292 1953 4349 homi-

241 4384 443 4451 nibus,
480 4381 571 4436 fac
602 4379 761 4451 quod
794 4379 959 4445 facio,
992 4383 1047 4433 et
1078 4380 1259 4433 sciam
1295 4384 1351 4434 te
1380 4396 1504 4435 esse
1540 4388 1842 4438 mortuam.
1882 4383 1949 4437 Et

241 4475 329 4531 ita
350 4489 421 4527 ue
452 4471 625 4527 dicit:
666 4470 897 4524 Exuens
928 4468 1082 4524 sicut
1112 4484 1214 4539 ego
1248 4469 1441 4524 omnia
1470 4471 1837 4540 vestimenta,
1882 4489 1949 4528 ea

240 4564 482 4633 impone
514 4559 796 4626 humeris,
824 4562 881 4613 et
918 4557 1100 4613 transi
1135 4558 1383 4613 mediam
1417 4558 1734 4627 civitatem,
1774 4578 1860 4616 me
1888 4562 1945 4616 in

2081 1972 2293 2034 tratus,
2327 1970 2397 2024 ab
2423 1968 2539 2024 alto
2569 1986 2812 2041 expono,
2852 1974 2910 2025 et
2939 1970 3435 2040 quemadmodum
3468 1973 3687 2026 venerit
3715 1973 3784 2026 ad

2081 2056 2412 2113 institutum
2458 2060 2872 2125 monasticam,
2905 2064 2962 2113 et
2992 2059 3283 2129 quomodo
3339 2073 3476 2114 cum
3517 2074 3580 2114 se
3612 2058 3786 2131 digne

2078 2147 2445 2215 exercuisset,
2477 2148 2719 2204 moritur
2749 2148 3173 2219 quinquaginta
3203 2159 3455 2219 quatuor
3482 2165 3667 2204 annos
3691 2166 3783 2206 na-

2077 2240 2192 2304 tus,
2228 2238 2285 2292 in
2336 2238 2697 2294 solitudine:
2748 2238 2867 2309 qui,
2926 2242 2987 2293 ut
3037 2238 3317 2305 scriptum
3367 2240 3474 2305 est,
3510 2238 3573 2293 In
3623 2239 3782 2295 brevi

2075 2333 2542 2397 consummatus,
2579 2327 2842 2400 implevit
2872 2328 3042 2397 longa
3072 2331 3337 2399 tempora
3358 2327 3505 2399 (Sap.
3528 2328 3625 2399 ιν).
3653 2328 3778 2384 Fuit

2074 2418 2228 2473 enim
2259 2436 2452 2475 revera
2484 2419 2609 2488 ejus
2637 2420 2833 2473 anima
2871 2422 3035 2490 grata
3064 2418 3327 2473 Domino.
3353 2418 3405 2472 Is
3426 2433 3635 2488 genere
3657 2417 3780 2486 qui-

2074 2506 2202 2561 dem
2228 2507 2337 2562 fuit
2358 2507 2627 2562 Ponticus
2649 2507 2901 2564 civitatis
2925 2508 3221 2563 [berorum
3245 2506 3418 2578 (134),
3444 2505 3601 2561 filius
3619 2522 3775 2576 pres-

2071 2593 2275 2665 byteri,
2334 2596 2515 2652 lector
2562 2602 2864 2668 promotus
2908 2614 2942 2652 a
2990 2600 3190 2653 sancto
3238 2595 3447 2652 Basilio
3498 2595 3768 2667 episcopo

2068 2684 2320 2741 ecclesias
2352 2686 2622 2742 Caesareas
2666 2688 2735 2741 ad
2786 2690 3029 2758 Argeum
3080 2686 3251 2759 (135).
3294 2685 3429 2742 Post
3466 2686 3771 2741 decessum

2068 2778 2259 2828 autem
2294 2776 2477 2831 sancti
2513 2776 2706 2830 Basilii
2742 2776 3015 2846 episc0pi,
3049 2776 3352 2830 attendens
3383 2774 3511 2844 ejus
3552 2774 3775 2846 aptitu-

2069 2864 2282 2931 dinem,
2317 2866 2815 2936 sapientissimus,
2850 2870 2906 2919 et
2935 2882 2967 2920 a
3011 2864 3549 2936 perturbationibus
3592 2863 3773 2919 animi

2068 2953 2312 3022 alienus,
2350 2964 2404 3010 et.
2435 2957 2595 3011 omni
2639 2956 2903 3010 doctrina
2950 2955 3142 3010 clarus
3189 2953 3499 3025 Gregorius
3540 2953 3771 3024 episco—

2068 3060 2176 3113 pus
2209 3042 2500 3112 Nyssenus
2554 3044 2723 3113 (135),
2765 3043 2942 3098 frater
2973 3043 3228 3113 episcopi
3260 3043 3353 3096 cui
3385 3044 3555 3096 datur
3586 3042 3773 3096 honor

2064 3133 2219 3189 inter
2261 3132 2577 3204 apostolos.
2634 3148 2763 3187 eum
2797 3131 3027 3187 ordinot
3058 3132 3388 3187 diaconum.
3424 3130 3593 3185 Illinc
3639 3146 3771 3186 cum

2071 3222 2323 3277 venisset
2343 3227 2581 3278 sanctus
2604 3221 2914 3293 Gregorius
2944 3221 3253 3293 episcopus
3276 3220 3334 3274 in
3356 3235 3623 3289 magnam
3651 3236 3775 3291 syn-

1990 3282 2037 3347 C
2073 3312 2248 3366 odum
2302 3282 3034 3383 Constantinopblitanam,
3084 3282 3363 3381 relinquit
3410 3282 3545 3364 eum
3603 3282 3774 3365 beato

2073 3399 2332 3455 Nectario
2357 3401 2646 3471 episcopo,
2672 3416 2802 3455 cum
2828 3408 2978 3455 esset
3000 3399 3265 3455 omnium
3288 3396 3613 3453 disserendi
3636 3396 3777 3453 artis

2065 3490 2485 3559 peritissimus.
2518 3490 2733 3545 Floruit
2762 3506 2896 3560 ergo
2928 3490 2987 3544 in
3020 3504 3235 3560 magna
3265 3487 3520 3553 civitate,
3562 3487 3619 3541 in
3656 3486 3776 3542 dis-

2066 3578 2469 3648 putationibus
2500 3578 2837 3649 juveniliter
2867 3578 3166 3634 exsultans
3211 3577 3494 3632 adversus
3540 3590 3774 3631 omnem

2066 3667 2355 3727 haeresim.
2382 3669 2594 3723 Accisit
2624 3677 2810 3724 autem
2844 3673 2907 3723 ut
2936 3669 2992 3723 id
3025 3668 3126 3740 qui
3158 3671 3389 3739 propter
3419 3681 3647 3722 morum
3679 3664 3771 3721 in-

2065 3759 2289 3829 signem
2316 3760 2631 3813 bonitatem
2660 3759 3053 3814 honorabatur
3076 3755 3771 3825 atotacivitate,conﬁge-

2064 3856 2220 3903 retur
2251 3865 2283 3902 a
2312 3848 2620 3903 simulacro
2672 3846 2972 3901 muliebris
3002 3845 3505 3916 concupiscentiae,
3540 3848 3605 3899 ut
3644 3844 3769 3913 ipse

2064 3939 2232 3993 nobis
2274 3936 2525 3990 narravit
2557 3939 2767 4004 postea,
2811 3950 2941 3989 cum
2985 3938 3137 3990 esset
3170 3950 3335 3989 mens
3377 3935 3504 4003 ejus
3546 3932 3764 3987 hibera.

2067 4026 2207 4080 Eum
2241 4030 2430 4079 autem
2465 4024 2721 4078 vicissim
2756 4024 2971 4079 amavit
3001 4023 3367 4079 muliercula.
3411 4022 3545 4077 Erat
3574 4024 3767 4077 autem

2062 4129 2126 4167 ea
2160 4130 2276 4167 una
2307 4129 2376 4168 ex
2408 4112 2634 4183 primis.
2670 4112 2947 4185 Evagrius
2987 4116 3178 4168 autem
3213 4116 3269 4167 et
3311 4112 3490 4166 Deum
3529 4109 3766 4177 timens,

2061 4210 2113 4257 et
2146 4218 2314 4257 suam
2348 4203 2567 4257 veritus
2597 4203 3039 4269 conscientiam,
3064 4206 3121 4257 et
3152 4202 3535 4269 habensante
3569 4198 3770 4255 oculos

2062 4292 2316 4347 dedecus
2367 4292 2771 4363 turpitudinis,
2822 4296 2879 4346 et
2926 4307 3102 4362 quam
3153 4290 3399 4345 hereses
3448 4289 3519 4344 de
3568 4287 3769 4343 alienis

2061 4381 2233 4437 malis
2264 4381 2601 4452 concipiunt
2630 4380 2908 4447 laetitiam,
2943 4385 3120 4434 Deum
3160 4378 3405 4451 supplex
3446 4378 3665 4449 rogavit
3706 4380 3770 4431 ut

2061 4472 2131 4527 ab
2175 4472 2304 4542 ipso
2343 4471 2722 4540 impediretur
2763 4486 2975 4542 scopus
3017 4484 3183 4540 quem
3227 4467 3340 4523 sibi
3381 4470 3765 4539 proposuerat

2058 4560 2291 4629 mulier,
2325 4577 2450 4630 quae
2482 4575 2613 4615 eum
2648 4559 2882 4629 urgebat
2921 4560 3256 4631 cupiditate.
3289 4563 3347 4613 et
3397 4558 3524 4627 ejus
3557 4556 3765 4611 insano

240 4654 355 4710 hoc
384 4652 585 4706 habitu
619 4654 974 4722 praeeunte‘.
1012 4651 1116 4705 Illa
1146 4667 1278 4705 vero
1310 4649 1360 4705 ei
1389 4649 1563 4704 dicit:
1599 4654 1718 4706 Hac
1743 4668 1800 4706 re
1834 4653 1943 4707 mi-
1979 4655 2022 4719 D
2055 4653 2360 4708 tenebatur
2383 4650 2687 4706 desiderio.
2726 4652 2985 4721 Cumque
3030 4650 3200 4705 vellet
3247 4649 3315 4703 ab
3360 4664 3426 4702 ea
3464 4645 3753 4711 recedere,

239 4743 397 4797 nime
430 4741 674 4794 honesta
714 4741 922 4794 multes
973 4740 1277 4807 offendam,
1329 4744 1385 4795 et
1433 4744 1705 4809 poterunt
1753 4740 1942 4798 dicere

240 4845 336 4887 me
367 4844 495 4884 esse
536 4831 737 4882 emota:
784 4827 993 4881 mentis
1044 4828 1484 4883 daemoniacam.
1527 4829 1578 4883 Is
1619 4837 1803 4887 autem
1847 4832 1942 4884 di—

239 4921 317 4977 cit
349 4917 400 4973 ei
437 4935 449 4973 :
483 4918 549 4972 Et
582 4917 720 4987 quid
753 4916 856 4971 tibi
888 4921 973 4971 est
1003 4934 1173 4984 curm,
1208 4918 1257 4973 si
1288 4918 1537 4975 dixerint
1568 4924 1619 4974 te
1644 4937 1771 4975 esse
1789 4936 1942 4977 emo-

237 5017 309 5068 tae
345 5008 557 5065 mentis
585 5012 637 5063 et
679 5007 1097 5064 daamoniacam
1119 5009 1145 5063 ?
1178 5015 1238 5065 tu
1273 5011 1429 5065 enim
1462 5027 1522 5066 es
1556 5012 1640 5067 eis
1673 5017 1937 5072 mortua:

235 5103 464 5157 mortuo
495 5115 628 5153 vero
662 5112 775 5152 non
822 5107 906 5153 est
954 5114 1111 5166 cura,
1158 5100 1205 5154 si
1248 5100 1375 5171 quis
1413 5102 1463 5155 ei
1505 5101 1591 5156 vel
1631 5102 1941 5157 detraxerit

233 5185 322 5243 vel
356 5201 488 5241 eum
521 5185 768 5240 irriserit
794 5227 809 5253 ,
844 5184 987 5239 nihil
1010 5186 1161 5239 enim
1200 5190 1381 5255 potest
1412 5190 1640 5243 sentire.
1664 5191 1819 5244 Tunc
1844 5186 1941 5243 illa

234 5278 284 5332 ei
319 5277 461 5332 dicit
495 5294 505 5330 :
534 5276 632 5331 Dic
662 5276 706 5330 si
740 5275 877 5346 quid
910 5274 1063 5329 aliud
1097 5276 1259 5343 velis,
1284 5293 1468 5347 neque
1499 5278 1654 5332 enim
1688 5279 1755 5333 ad
1784 5278 1939 5332 hunc

234 5383 424 5435 usque
458 5366 696 5421 modum
732 5381 823 5419 me
853 5364 1080 5418 venisse
1110 5362 1345 5434 glorior.
1378 5366 1539 5420 Tunc
1583 5367 1631 5421 ei
1683 5366 1822 5421 dicit
1843 5367 1941 5420 Se-

235 5453 439 5525 rapion
475 5452 851 5523 impassibilis
884 5468 896 5504 :
925 5452 1066 5507 Ecce
1092 5467 1249 5522 ergo,
1283 5470 1355 5508 ne
1386 5454 1639 5525 amplius
1672 5458 1724 5509 te
1750 5455 1940 5525 jactes

234 5550 287 5599 et
318 5543 422 5597 tibi
450 5542 698 5612 placeas,
733 5546 1002 5613 tanquam
1037 5542 1311 5598 omnibus
1346 5544 1530 5615 magis
1558 5545 1653 5616 pia
1680 5549 1735 5600 et
1773 5562 1940 5600 mun-

238 5634 311 5690 do
346 5640 592 5689 mortua.
636 5633 754 5705 Ego
785 5633 939 5689 enim
973 5649 1104 5689 sum
1137 5636 1191 5689 te
1225 5635 1410 5706 magis
1452 5642 1753 5707 mortuus;
1796 5640 1851 5693 et
1882 5652 1941 5691 re

308 5722 329 5764 ι
362 5722 691 5781 Mirandum
723 5722 852 5790 hoc,
889 5739 1003 5781 non
1038 5722 1406 5785 imitandum.

2049 4760 2165 4800 non
2200 4745 2440 4813 poterat,
2475 4747 2538 4795 ut
2567 4741 2664 4811 qui
2697 4741 2823 4810 ejus
2853 4739 3117 4810 obsequii
3150 4737 3382 4793 blandis
3405 4734 3765 4790 detineretur

2050 4832 2321 4889 vinculis.
2359 4831 2521 4886 Haud
2556 4831 2741 4885 multo
2770 4838 2897 4901 post
2930 4834 3124 4885 autem
3153 4844 3278 4884 eam
3313 4842 3435 4898 quae
3467 4824 3765 4897 praecessit

2051 4921 2396 4986 orationem,
2443 4923 2759 4989 antequam
2803 4934 2920 4975 rem
2962 4921 3117 4973 esset
3154 4919 3445 4988 expertus,
3484 4912 3671 4968 astitit
3709 4912 3762 4967 ei

2050 5012 2193 5067 visio
2226 5009 2508 5080 angelica,
2545 5026 2661 5080 prae
2692 5024 2749 5063 se
2784 5008 2971 5064 ferens
3013 5005 3269 5077 speciem
3315 5003 3569 5060 militum
3613 5018 3761 5074 praa-

2050 5099 2204 5167 fecti,
2238 5115 2367 5169 quas
2397 5115 2531 5153 eum
2567 5098 2734 5168 rapit,
2768 5102 2827 5152 et
2856 5096 3016 5151 ducit
3045 5103 3321 5167 tanquam
3355 5094 3414 5149 in
3442 5092 3755 5163 judicium,

2050 5193 2106 5245 et
2126 5188 2366 5258 conjicit
2396 5204 2531 5243 eum
2551 5186 2608 5240 in
2635 5202 2761 5241 eam
2788 5202 2914 5256 quae
2938 5184 3153 5240 dicitur
3174 5183 3523 5244 custodiam,
3560 5176 3759 5234 collari

2050 5277 2233 5332 ferreo
2278 5277 2404 5345 ejus
2446 5274 2593 5330 collo
2637 5274 2873 5344 injecto,
2922 5278 2978 5329 et
3016 5277 3221 5329 catena
3272 5274 3456 5327 ferrea
3503 5263 3760 5334 alligatis

2052 5365 2336 5429 manibus,
2369 5364 2442 5419 iis
2476 5362 2742 5419 videlicet
2772 5363 2867 5433 qui
2899 5362 2971 5418 ad
3004 5362 3192 5434 ipsum
3225 5361 3520 5416 venerant,
3555 5354 3605 5408 ei
3631 5368 3764 5406 cau-

2048 5471 2174 5511 sam
2219 5453 2455 5507 minime
2487 5451 2841 5508 dicentibus.
2874 5451 3001 5522 Ipse
3033 5456 3226 5507 autem
3261 5447 3359 5518 qui
3397 5441 3760 5515 pungebatur

2049 5543 2406 5601 conscientia
2436 5543 2805 5599 existimabat
2844 5559 2905 5599 se
2949 5560 3013 5598 ea
3044 5540 3237 5596 subire
3267 5537 3393 5607 ejus
3424 5531 3624 5602 gratia,
3660 5545 3753 5585 ar-

2052 5636 2276 5692 bitrans
2310 5634 2579 5690 maritum
2614 5633 2878 5690 mulieris
2908 5632 2977 5688 de
3007 5630 3115 5686 hac
3148 5643 3208 5683 re
3248 5624 3507 5699 judicem
3549 5635 3759 5680 conve-

2122 5728 2143 5763 ²
2185 5726 2516 5799 Origenista
2546 5725 2640 5782 hic
2673 5725 2800 5782 fuit.
