4074 6278
345 389 491 450 1191

1904 382 2281 445 PALLADII

3696 368 3869 429 1192

339 530 517 586 nisse.
550 526 741 582 Animi
784 526 979 595 itaque
1017 523 1326 579 admodum
1360 522 1563 577 anxius
1597 523 1853 579 constitit
1883 524 2030 579 Eva—
2065 524 2117 591 Α
2148 522 2291 577 Cum
2333 517 2526 586 itaque
2554 512 2795 569 vixisset
2825 510 3266 584 quatuordecim
3307 510 3477 565 annis
3518 510 3576 565 in
3610 509 3683 564 iis
3726 526 3868 581 qua:

337 621 520 693 grius,
554 618 695 672 dum
727 616 796 671 de
826 614 940 670 alia
966 630 1140 670 causa
1162 617 1451 683 ageretur,
1484 617 1541 668 et
1560 613 1631 667 de
1652 613 1781 668 aliis
1807 618 2034 684 prOpter

336 710 452 767 tale
483 709 701 765 crimen
733 706 1041 762 haberetur
1084 705 1350 776 quaestio.
1396 708 1535 760 Post
1580 720 1857 776 magnum
1900 721 2032 774 ergo

336 802 504 857 illum
546 805 767 856 metum
808 803 863 854 et
898 813 1199 854 summum
1231 796 1411 852 animi
1448 812 1744 867 angorem,
1790 796 2033 866 angelus

339 893 438 963 qui
470 892 541 945 ab
563 890 727 945 initio
760 888 1082 960 praebuerat
1113 887 1413 955 visionem,
1446 887 1527 943 ita
1557 887 2030 953 transformatur,

339 988 404 1039 ut
446 983 739 1039 videretur
773 982 976 1036 adesse
1019 996 1337 1051 germanus
1386 986 1439 1034 et
1496 978 1761 1034 sincerus
1810 978 2033 1033 amicus

336 1072 583 1143 Evagrii,
616 1068 776 1126 valde
808 1070 1270 1140 obstupefactus,
1312 1072 1369 1123 et
1408 1067 1643 1123 tristitia
1689 1066 1931 1123 affectus
1962 1065 2033 1121 ob

335 1167 557 1218 tantam
586 1159 949 1216 vinculorum
981 1158 1303 1225 infamiam,
1338 1161 1394 1212 et
1424 1158 1621 1212 dicens
1655 1157 1704 1213 ei
1735 1156 1926 1213 vincto
1952 1157 2035 1209 in-

335 1261 418 1307 ter
461 1254 694 1306 catenas
744 1247 1135 1321 quadraginta
1194 1264 1474 1303 reorum:
1525 1248 1639 1302 Cur
1679 1262 1813 1302 cum
1871 1249 2035 1300 tanta

334 1338 660 1412 ignominia
699 1338 980 1393 detineris
1010 1354 1140 1392 cum
1176 1339 1309 1403 reis,
1344 1336 1577 1393 domine
1608 1337 1851 1392 diacone
1874 1336 1901 1388 ?
1933 1333 2035 1390 Ille

332 1430 384 1484 ei
411 1429 551 1485 dicit
582 1446 595 1483 :
631 1428 850 1484 Revera
879 1426 1115 1497 quidem
1149 1426 1379 1493 nescio;
1414 1428 1677 1499 suspicor
1717 1432 1908 1481 autem
1937 1424 2029 1495 N.,

333 1520 433 1590 qui
468 1522 553 1573 est
584 1534 649 1573 ex
682 1517 985 1587 praefectis,
1016 1532 1110 1571 me
1149 1515 1449 1584 detulisse,
1493 1518 1717 1571 motum
1752 1514 2032 1585 zelotypia

332 1608 476 1664 citra
506 1606 686 1663 ullam
720 1606 1001 1662 rationem
1027 1623 1041 1674 ;
1074 1611 1132 1661 et
1161 1622 1356 1662 vereor
1386 1622 1459 1663 ne
1490 1605 1864 1677 magistratus
1904 1605 2031 1660 fuc-

330 1698 404 1753 rit
434 1698 504 1753 ab
535 1713 600 1752 eo
632 1699 941 1767 corruptus
982 1694 1249 1767 pecunia,
1281 1700 1337 1751 et
1384 1712 1477 1751 me
1516 1694 1769 1750 maximo
1819 1694 2031 1749 afﬁciat

330 1785 634 1858 supplicio.
667 1785 817 1841 Dicit
849 1785 899 1840 ei
930 1786 979 1841 is
1012 1786 1109 1856 qui
1143 1786 1313 1841 amici
1355 1786 1600 1856 ﬁguram
1644 1792 1981 1856 susceperat
2014 1799 2028 1839 :

330 1875 391 1931 Si
419 1876 622 1931 audias
654 1876 931 1944 amicum,
965 1875 1070 1931 tibi
1103 1874 1377 1944 consulo;
1411 1892 1525 1931 non
1558 1875 1662 1929 tibi
1696 1875 1921 1945 expedit
1945 1875 2031 1930 de-
2065 1902 2109 1966 Β

330 1983 459 2040 gere
489 1967 549 2022 in
587 1967 691 2022 hac
729 1966 983 2023 civitate.
1026 1965 1177 2021 Dicit
1216 1966 1267 2020 ei
1310 1965 1589 2036 Evagrius
1620 1980 1632 2021 :
1669 1966 1726 2019 Si
1758 1966 1908 2021 Deus
1943 1980 2034 2020 me

329 2059 659 2116 liberaverit
689 2059 760 2113 ab
793 2059 900 2114 hac
933 2057 1284 2127 calamitate,
1316 2062 1373 2112 et
1404 2074 1497 2113 me
1530 2057 1733 2112 videris
1758 2057 2035 2112 Constan-

330 2149 594 2221 tinopoli,
628 2148 779 2205 scias
812 2149 1049 2219 mejure
1080 2148 1276 2203 subire
1300 2147 1407 2202 hoc
1429 2146 1803 2216 supplicium,
1829 2150 1884 2201 et
1907 2162 2034 2201 esse

327 2241 569 2310 dignum
603 2240 716 2293 alio
748 2239 985 2308 majore.
1019 2238 1168 2293 Dicit
1207 2241 1263 2292 et
1295 2236 1518 2292 amicus
1555 2252 1566 2291 :
1608 2235 1667 2291 Si
1715 2237 1796 2290 ita
1836 2235 2031 2301 habet,

329 2330 447 2384 fero
478 2328 544 2382 ad
581 2332 634 2383 te
666 2335 926 2383 sanctum
957 2326 1321 2397 evangelium
1350 2327 1517 2396 ;jura
1542 2324 1687 2380 mihi
1709 2324 1767 2379 in
1793 2341 1857 2380 eo
1884 2325 2032 2394 quod

329 2414 559 2471 recedes
587 2414 657 2471 ab
700 2414 809 2470 hac
843 2414 1092 2482 civitate,
1134 2420 1189 2469 et
1227 2419 1339 2468 tuae
1382 2415 1587 2470 animae
1634 2431 1829 2469 curam
1862 2431 2030 2485 gere;

328 2508 385 2560 et
416 2509 469 2559 te
508 2502 549 2559 li
580 2503 752 2560 erabo
785 2503 854 2558 ab
901 2503 1001 2558 hac
1046 2503 1412 2560 necessitate.
1459 2503 1745 2575 Evagrius
1788 2507 1982 2559 autem
2015 2517 2030 2558 :

328 2594 487 2664 Rogo
522 2597 596 2662 te,
630 2592 840 2663 inquit,
881 2593 1089 2663 jurabo
1130 2598 1193 2647 ut
1224 2594 1503 2661 volueris;
1547 2609 1639 2648 me
1672 2593 2033 2649 solummodo

328 2683 511 2738 libera
540 2682 610 2735 ab
642 2681 748 2736 hac
778 2681 932 2736 nube
962 2683 1287 2738 tenebrosa.
1316 2683 1555 2738 Interim
1581 2686 1773 2738 autem
1802 2683 1853 2736 ei
1876 2682 2036 2737 affert

329 2774 596 2828 sanctum
615 2768 1004 2841 evangelium,
1027 2776 1080 2825 et
1102 2771 1732 2842 exigitjusjurandum.
1759 2770 2035 2842 Evagrius

329 2865 526 2918 autem
558 2859 608 2915 ei
634 2860 793 2929 jurat
822 2875 923 2931 per
952 2859 1316 2931 evangelium
1349 2860 1538 2916 verbis
1570 2861 1650 2915 sic
1699 2859 2029 2931 conceptis;

328 2952 453 3008 Non
497 2951 741 3007 manebo
772 2950 865 3005 hic
906 2955 1111 3020 preter
1156 2968 1334 3006 unum
1358 2950 1531 3019 diem,
1566 2951 1741 3021 idque
1784 2954 1847 3006 ut
1879 2966 2035 3006 meas

326 3046 516 3099 vestes
548 3042 604 3097 in
638 3057 843 3097 navem
876 3039 1219 3096 immittam.
1253 3040 1392 3096 Cum
1427 3048 1621 3095 autem
1657 3040 2037 3111 processisset

325 3132 770 3204 jusjurandum,
811 3132 881 3187 ad
923 3148 984 3186 se
1023 3131 1195 3187 rediit
1235 3131 1303 3186 ab
1352 3131 1557 3185 ecstasi
1594 3147 1719 3202 quae
1769 3129 1818 3185 ei
1864 3138 2033 3184 noctu

328 3227 614 3278 evenerat.
664 3221 928 3292 Cumque
970 3222 1338 3304 surrexisset,
1382 3222 1659 3292 cogitavit
1692 3238 1704 3275 :
1738 3220 1858 3275 Etsi
1896 3220 2031 3275 mihi

328 3312 440 3366 fuit
459 3314 660 3367 datum
679 3312 1096 3381 jusjurandum
1120 3312 1178 3366 in
1202 3312 1435 3378 ecstasi,
1454 3310 1646 3382 juravi
1673 3318 1885 3365 tamen.
1904 3310 2034 3365 Om-

330 3401 503 3455 nibus
533 3418 665 3472 ergo
694 3417 819 3472 quae
852 3401 1103 3457 habebat
1136 3403 1192 3455 in
1235 3418 1375 3457 nave
1406 3401 1705 3475 conjectis,
1748 3400 1905 3455 venit
1934 3400 2034 3455 Je-

332 3488 644 3557 rosolyma,
670 3494 725 3543 et
753 3489 871 3543 illic
902 3491 1187 3560 excipitur
1219 3508 1251 3544 a
1282 3492 1449 3545 beata
1480 3490 1725 3545 Melania
1746 3495 2030 3545 Romana.

333 3578 561 3632 Rursus
591 3591 726 3631 cum
780 3576 1045 3632 diabolus
1084 3578 1211 3644 ejus
1253 3593 1351 3632 cor
1388 3583 1663 3647 tanquam
1715 3579 2034 3634 Pharaonis

334 3667 686 3734 indurasset,
721 3667 921 3735 utpote
963 3665 1347 3721 adolescentis
1381 3671 1438 3721 et
1470 3674 1631 3724 aetate
1663 3668 2032 3740 luxuriantis,

336 3772 471 3812 eum
504 3771 704 3811 rursus
726 3753 962 3811 incessit
991 3756 1300 3823 dubitatio,
1336 3760 1390 3812 et
1414 3758 1590 3813 animi
1614 3759 1717 3815 fait
1741 3761 2034 3832 ancipitis,

338 3861 470 3901 cum
502 3848 693 3900 tamen
727 3844 944 3900 nemini
986 3843 1309 3917 quidquam
1365 3846 1618 3904 dixisset.
1654 3848 1774 3911 Quo
1822 3851 2036 3905 factum

336 3940 425 3992 est
456 3940 519 3991 ut
548 3939 603 3991 et
650 3939 838 3991 vestes
878 3953 1086 3992 rursus
1125 3941 1396 4005 mutaret,
1433 3946 1485 3993 et
1530 3940 1587 3994 in
1630 3938 1945 3995 differendo
1988 3942 2039 3998 ei

335 4030 638 4081 veternum
664 4026 890 4081 efferret
918 4044 1064 4082 vana
1094 4026 1282 4097 gloria
1316 4045 1329 4084 :
1359 4029 1458 4083 sed
1493 4026 1648 4085 Deus
1680 4030 1773 4100 qui
1797 4031 2040 4102 impedit

335 4115 597 4172 omnium
634 4120 901 4171 nostrum
936 4117 1260 4185 interitum,
1282 4119 1334 4173 ei
1357 4136 1561 4174 rursus
1586 4120 1784 4175 attulit
1807 4121 2041 4176 calami-

336 4210 534 4274 tatem,
568 4222 770 4261 rursus
801 4204 861 4261 in
895 4206 1115 4262 febrem
1145 4207 1483 4276 conjiciens,
1518 4212 1573 4263 et
1598 4208 1804 4263 deinde
1836 4209 1895 4265 in
1920 4209 2043 4265 lon-

334 4314 468 4371 gum
502 4298 797 4364 morbum,
833 4303 1090 4368 tempore
1120 4299 1386 4353 semestri
1417 4298 1544 4368 ejus
1586 4315 1816 4355 carnem
1852 4316 2040 4357 mace-

337 4404 495 4454 rans,
530 4403 656 4457 quae
687 4386 737 4441 ei
778 4386 1053 4442 afferebat
1081 4388 1566 4459 impedimentum
1622 4391 1692 4445 ad
1744 4390 2039 4460 virtutem,

338 4475 582 4531 medicis
635 4474 1060 4546 dubitantibus,
1092 4482 1148 4532 et
1179 4494 1292 4534 non
1323 4478 1763 4535 invenientibus
1798 4482 2040 4537 modum

337 4565 678 4625 curationis.
704 4565 855 4621 Dicit
881 4581 1013 4637 ergo
1046 4567 1095 4622 ei
1128 4569 1297 4624 beata
1328 4568 1673 4627 Melanium:
1704 4570 1829 4627 Non
1855 4570 2043 4642 placet

2064 3268 2113 3335 Ο

2145 611 2421 665 dicuntur
2449 604 2668 669 Celliis,
2709 602 3047 659 comedebat
3078 600 3311 672 quidem
3346 599 3515 671 panis
3548 599 3759 654 libram
3793 601 3857 655 in

2144 699 2272 764 die;
2323 696 2605 751 trimestri
2656 697 2849 748 autem
2899 696 3160 762 tempore
3210 688 3316 745 olei
3372 688 3717 754 sextarium,
3769 689 3863 744 vir

2145 788 2245 859 qui
2296 788 2351 841 in
2399 784 2558 840 molli
2592 782 2835 839 delicata
2873 789 2928 837 et
2958 782 3112 837 lauta
3140 780 3259 835 vita
3306 779 3491 835 fuerat
3544 780 3857 836 educatus.

2146 877 2413 933 Faciebat
2441 880 2632 931 autem
2663 878 2895 930 centum
2928 870 3521 937 orationes,scribens
3542 870 3854 924 annuatim

2146 966 2394 1039 pretium
2451 963 2642 1020 solum
2683 978 2881 1019 eorum
2945 977 3071 1032 quae
3113 959 3480 1027 comedebat;
3553 959 3857 1030 eleganter

2144 1057 2299 1113 enim
2340 1054 2627 1111 scribebat
2671 1051 2915 1107 celerem
2958 1051 3374 1106 characterem.
3409 1050 3553 1104 Cum
3587 1065 3725 1120 ergo
3760 1049 3853 1103 in-

2145 1152 2233 1203 tra
2264 1144 2591 1216 quindecim
2631 1159 2919 1199 annorum
2952 1142 3205 1212 spatium
3239 1144 3492 1196 mentem
3537 1140 3848 1210 expiasset,

2145 1237 2358 1309 dignus
2398 1240 2485 1291 est
2515 1235 2751 1291 habitus
2783 1234 2934 1289 dono
2970 1232 3320 1304 cognitionis
3350 1237 3409 1288 et
3439 1230 3763 1302 sapientiae,
3795 1234 3854 1286 et

2145 1327 2515 1383 discretionis
2547 1325 2872 1395 spirituum.
2904 1324 2959 1378 Is
2989 1322 3320 1393 composuit
3362 1327 3475 1376 tres
3523 1338 3715 1377 sacros
3766 1321 3851 1376 li-

2144 1418 2278 1473 bros
2310 1415 2753 1481 monachorum,
2786 1412 2885 1484 qui
2918 1411 3127 1467 dicitur
3166 1407 3570 1484 Ἀντιῤῥήτικα,
3604 1412 3713 1464 hoc
3758 1414 3854 1465 est

2142 1506 2615 1571 Contradictoria,
2664 1502 3048 1575 suppeditans
3097 1505 3250 1557 artes
3298 1500 3517 1572 quibus
3564 1501 3643 1555 sit
3676 1504 3855 1555 uten-

2142 1600 2279 1654 dum
2312 1600 2587 1653 adversus
2619 1597 2926 1651 daemones.
2960 1593 3024 1648 Ei
3057 1592 3370 1661 aliquando
3400 1607 3632 1664 gravem
3682 1591 3853 1647 exhi—

2142 1687 2268 1744 buit
2300 1687 2623 1743 molestiam
2656 1686 2883 1741 daemon
2935 1682 3354 1749 fornicationis,
3408 1686 3470 1737 ut
3510 1682 3632 1753 ipse
3680 1681 3857 1738 nobis

2144 1777 2443 1846 narravit;
2485 1781 2540 1832 et
2580 1779 2699 1831 tota
2748 1782 2912 1831 nocte
2960 1774 3119 1829 stetit
3162 1773 3225 1829 in
3274 1776 3446 1844 puteo
3509 1788 3641 1827 cum
3694 1775 3856 1827 esset

2142 1866 2352 1935 hiems,
2395 1867 2538 1922 adeo
2586 1870 2649 1921 ut
2691 1866 2818 1935 ejus
2863 1880 3066 1920 carnes
3112 1862 3238 1934 gelu
3284 1862 3849 1933 constringerentur.

2141 1957 2469 2027 Aliquando
2514 1958 2707 2011 autem
2742 1971 2948 2010 rursus
2980 1954 3031 2009 ei
3073 1952 3399 2008 molestiam
3430 1952 3696 2007 exhibuit
3727 1952 3854 2023 spi-

2144 2046 2291 2102 ritus
2343 2046 2756 2118 blasphemiaa;
2809 2053 2865 2100 et
2915 2044 3297 2116 quadraginta
3336 2044 3543 2099 diebus
3592 2060 3713 2099 non
3764 2049 3856 2101 est

2142 2141 2359 2192 tectum
2411 2137 2731 2205 ingressus,
2778 2139 2838 2190 ut
2884 2134 3010 2206 ipse
3055 2133 3221 2189 nobis
3271 2132 3545 2189 narravit.
3603 2135 3749 2190 adeo
3794 2139 3858 2189 ut

2143 2243 2351 2296 corpus
2396 2226 2541 2297 ejus,
2589 2242 2701 2282 non
2737 2241 2904 2280 secus
2936 2241 3002 2280 ac
3035 2240 3244 2295 corpus
3277 2224 3529 2280 ferarum
3578 2226 3857 2281 animan-

2143 2317 2310 2381 tium,
2335 2316 2532 2371 ricinis
2566 2320 2810 2371 scateret
2840 2315 3021 2386 (137).
3056 2315 3117 2369 Ei
3150 2319 3268 2369 tres
3303 2321 3704 2386 apparuerunt
3735 2317 3853 2372 dae-

2145 2421 2345 2461 mones
2384 2406 2442 2460 in
2481 2405 2682 2460 habitu
2716 2404 3076 2469 clericorum,
3111 2405 3181 2459 de
3216 2404 3331 2459 ﬁde
3361 2420 3497 2460 cum
3542 2421 3607 2461 eo
3650 2407 3855 2477 inqui-

2144 2502 2364 2565 rentes;
2400 2500 2456 2552 et
2483 2512 2636 2551 unus
2668 2495 2905 2566 quidem
2940 2494 3171 2551 dicebat
3200 2511 3333 2550 eum
3381 2510 3505 2552 esse
3540 2497 3853 2568 Arianum,

2143 2585 2285 2641 alter
2340 2600 2470 2640 vero
2530 2584 2979 2649 Eunomianum,
3044 2585 3249 2640 tertius
3314 2592 3504 2641 autem
3556 2585 3855 2656 Apollina-

2144 2677 2366 2745 ristam,
2422 2680 2479 2731 et
2528 2692 2625 2732 eos
2672 2676 2866 2747 paucis
2924 2676 3219 2747 superavit
3273 2676 3477 2747 spiritu
3521 2678 3851 2747 sapientiae.

2145 2766 2369 2821 Rursus
2404 2781 2530 2821 cum
2574 2766 2828 2837 quodam
2878 2766 2969 2821 die
3023 2766 3291 2834 periisset
3340 2765 3507 2821 clavis
3555 2766 3851 2834 ecclesias,

2144 2872 2270 2911 sera
2300 2872 2467 2910 cruce
2500 2855 2743 2925 signata,
2780 2872 2955 2910 manu
2991 2854 3228 2910 trudens
3258 2872 3385 2911 eam
3412 2856 3657 2926 aperuit,
3690 2855 3852 2911 Chri-

2145 2949 2235 3000 sto
2270 2945 2551 3000 invocato.
2595 2946 2650 2999 Is
2683 2962 2716 2999 a
2756 2944 3119 3000 daemonibus
3161 2946 3303 3001 adeo
3347 2946 3458 3000 fuit
3496 2945 3845 3017 ﬂageliatus,

2144 3040 2199 3088 et
2248 3034 2538 3090 variorum
2589 3035 2911 3089 daemonum
2958 3039 3182 3090 tantam
3230 3035 3364 3090 fecit
3403 3036 3844 3106 experientiam,

2146 3130 2205 3180 ut
2235 3125 2274 3179 ii
2307 3142 2420 3179 non
2454 3125 2678 3195 possint
2709 3125 2873 3180 facile
2904 3126 3254 3183 enumerari.
3291 3125 3399 3181 Uni
3430 3143 3499 3181 ex
3550 3126 3850 3196 discipulis

2146 3214 2288 3280 suis,
2323 3229 2447 3283 quae
2488 3217 2617 3283 post
2662 3213 2859 3268 decem
2891 3217 2946 3269 et
2986 3218 3112 3270 octo
3160 3231 3341 3269 annos
3370 3218 3541 3269 erant
3570 3218 3850 3269 eventura

2144 3305 2215 3373 ei,
2252 3305 2411 3373 dixit,
2454 3304 2654 3359 omnia
2691 3304 2741 3359 ei
2774 3306 3093 3375 praedicens
3133 3306 3191 3360 in
3222 3306 3438 3377 specie.
3473 3306 3715 3362 Dicebat
3745 3321 3850 3360 au-

2143 3400 2260 3451 tem
2296 3395 2388 3450 hic
2418 3396 2658 3450 beatus:
2693 3394 2773 3449 Ex
2805 3411 2917 3466 quo
2947 3397 3077 3451 veni
3109 3397 3167 3452 in
3196 3396 3599 3465 solitudinem,
3633 3412 3749 3452 non
3774 3400 3850 3451 te-

2142 3487 2246 3556 tigi
2279 3485 2585 3549 lactucam,
2621 3502 2733 3541 non
2771 3485 3061 3542 minutum
3096 3488 3224 3543 olus
3256 3504 3370 3544 non
3394 3487 3614 3559 aliquid
3644 3486 3851 3555 viride,

2142 3593 2255 3631 non
2289 3577 2563 3647 fructum,
2596 3592 2708 3633 non
2742 3593 2933 3649 uvam,
2970 3595 3084 3633 non
3116 3578 3430 3647 lavacrum,
3457 3596 3568 3634 non
3594 3594 3854 3647 carnem,

2144 3684 2257 3723 non
2287 3684 2518 3739 panem,
2554 3685 2667 3724 non
2691 3668 2910 3737 vinum,
2942 3685 3130 3740 neque
3162 3670 3399 3726 omnino
3432 3670 3658 3741 aliquid
3689 3687 3757 3724 ex
3783 3670 3852 3724 iis

2146 3774 2271 3827 quae
2317 3774 2417 3827 per
2477 3758 2671 3828 ignem
2738 3763 3059 3825 transeunt,
3118 3764 3326 3829 praeter
3374 3760 3636 3832 quaedam
3690 3760 3851 3815 olera

2146 3848 2346 3914 cruda,
2380 3856 2431 3902 et
2464 3850 2759 3903 modicum
2809 3865 2992 3920 aquae.
3042 3850 3251 3906 Postea
3290 3855 3488 3907 autem
3535 3855 3696 3906 sexto
3743 3850 3850 3905 de-

2147 3938 2297 3993 cimo
2329 3954 2479 3992 anno
2514 3939 2766 3993 instituti
2798 3938 2925 3994 vitae
2958 3957 3072 3995 suae
3105 3946 3244 3997 actas
3269 3942 3491 4012 obsque
3513 3943 3852 3998 decoctione

2147 4026 2319 4097 ignis,
2351 4044 2482 4082 cum
2515 4044 2668 4096 caro,
2721 4034 2951 4099 prepter
2996 4030 3453 4087 imbecillitatem
3502 4034 3753 4103 corporis
3792 4038 3851 4087 et

2146 4116 2452 4183 stomachi,
2486 4134 2631 4188 opus
2664 4117 2899 4173 haberet
2932 4124 2993 4174 ut
3024 4120 3241 4190 aliquid
3275 4126 3533 4178 sumeret
3563 4123 3717 4193 quod
3760 4138 3861 4187 per

2147 4207 2342 4278 ignem
2375 4207 2721 4277 transiisset,
2754 4225 2963 4279 panem
2998 4210 3227 4279 quidem
3248 4213 3455 4283 tetigit,
3483 4230 3854 4284 nequaquam

2148 4302 2338 4351 autem
2379 4297 2635 4368 sumpsit
2674 4302 2835 4354 cocta
2877 4298 3091 4371 olerat;
3132 4302 3232 4356 sed
3276 4302 3361 4358 vel
3412 4304 3723 4373 ptisanam,
3765 4305 3856 4360 vel

2150 4385 2441 4457 legamina
2472 4387 2618 4443 duos
2652 4405 2857 4444 annos.
2890 4390 2956 4444 In
2989 4389 3078 4446 his
3110 4407 3317 4463 corpus
3348 4394 3727 4448 consumebat
3758 4393 3856 4448 hic

2151 4477 2376 4546 beatus,
2409 4477 2709 4535 viviﬁcans
2743 4480 3005 4537 animam
3057 4488 3255 4538 sancto
3302 4482 3532 4553 Spiritu,
3586 4482 3646 4535 in
3702 4484 3865 4553 Epi-

2152 4567 2383 4638 phaniis
2414 4567 2474 4623 in
2505 4568 2749 4625 ecclesia
2781 4558 3240 4629 communicaris.
3270 4570 3443 4625 Nobis
3474 4573 3669 4625 autem
3712 4588 3857 4628 nar-

338 4657 504 4725 mibi,
540 4656 641 4724 ﬁli,
671 4656 911 4713 morbus
934 4664 1068 4713 tuus
1102 4657 1445 4727 diuturnus;
1478 4659 1569 4716 dic
1591 4676 1724 4731 ergo
1744 4661 1887 4715 mihi
1913 4678 2040 4734 qum
2073 4648 2118 4714 Ι)
2152 4656 2314 4712 rabat
2346 4657 2435 4712 hic
2466 4673 2780 4729 generosus
2803 4661 3019 4717 Christi
3043 4661 3249 4717 athleta
3269 4660 3418 4715 circa
3436 4662 3674 4731 tempus
3698 4677 3862 4717 mor-

334 4749 517 4805 habes
548 4747 834 4817 inanimo,
857 4765 972 4804 non
1005 4751 1093 4804 est
1110 4748 1267 4803 enim
1289 4766 1459 4804 verus
1493 4750 1585 4805 hic
1620 4755 1754 4807 tuus
1776 4753 2037 4809 morbus.

335 4838 647 4893 Confessus
677 4845 761 4893 est
791 4854 928 4909 ergo
959 4839 1009 4893 ei
1043 4856 1163 4894 rem
1189 4855 1318 4909 quas
1346 4838 1457 4893 sibi
1480 4846 1746 4895 evenerat
1767 4841 2043 4897 Constan-

334 4926 600 4995 tin0poli.
669 4926 821 4981 Dicit
887 4927 938 4983 ei
1006 4928 1172 4983 beata
1240 4944 1252 4983 :
1337 4929 1612 4984 Promitte
1684 4930 1827 4984 mihi
1899 4935 2039 4989 teste

338 5016 602 5083 Domino,
638 5018 693 5070 te
722 5016 848 5070 vita
883 5019 1212 5074 monasticae
1246 5034 1489 5091 scopum
1522 5035 1649 5075 esse
1674 5026 2037 5091 secuturum,

335 5112 387 5160 et
418 5118 524 5175 ego
558 5102 689 5159 licet
720 5108 1023 5175 peccatrix,
1054 5109 1227 5164 orabo
1260 5110 1465 5178 Deum,
1494 5113 1556 5164 ut
1578 5110 1745 5165 detur
1772 5111 1874 5166 tibi
1897 5116 2043 5170 tem-

337 5210 448 5266 pus
478 5198 858 5265 commeatus,
901 5200 956 5250 et
994 5198 1123 5254 vitae
1162 5199 1469 5256 terminus.
1519 5201 1574 5255 Is
1605 5204 1797 5257 autem
1827 5207 1915 5257 est
1946 5220 2043 5260 as-

336 5302 565 5343 sensus.
611 5284 756 5341 Cum
807 5301 873 5341 ea
924 5291 1113 5343 autem
1166 5295 1410 5363 orasset,
1464 5291 1616 5347 intra
1666 5308 1877 5361 paucos
1917 5294 2041 5351 dies

334 5378 662 5445 convaluit;
697 5394 948 5450 cumque
990 5378 1039 5433 is
1090 5382 1463 5450 surrexisset,
1512 5383 1583 5437 ab
1634 5381 1734 5439 illa
1784 5382 1910 5454 ipsa
1954 5388 2042 5441 est

334 5466 544 5522 amictu
581 5469 902 5525 monastico
948 5467 1207 5531 indutus,
1262 5474 1318 5524 et
1372 5487 1606 5541 peregre
1654 5472 2044 5544 proﬁciscitur

336 5555 395 5609 in
429 5563 687 5615 montem
719 5560 938 5626 Nitriae,
973 5560 1071 5632 qui
1112 5565 1199 5616 est
1241 5560 1299 5616 in
1338 5562 1579 5633 IEgypto
1612 5580 1625 5619 :
1669 5564 1728 5619 in
1762 5581 1875 5637 quo
1906 5580 2041 5622 cum

337 5644 658 5704 habitasset
715 5651 968 5722 biennio,
1036 5652 1204 5707 tertio
1257 5652 1583 5722 ingreditur
1644 5655 2040 5712 solitudinem.

410 5736 430 5768 ²
462 5734 662 5793 Simile
693 5755 890 5810 supra,
923 5742 983 5797 in
1011 5741 1226 5813 Pelag,
1258 5740 1436 5797 libell.
1472 5758 1511 5811 ι,
1545 5759 1703 5799 num.
1737 5746 1789 5799 5.

2147 4747 2222 4801 tis
2258 4764 2270 4802 :
2305 4748 2432 4802 Jam
2468 4752 2605 4803 sunt
2658 4752 2773 4806 tres
2825 4752 2961 4807 anni
3004 4769 3072 4807 ex
3103 4769 3215 4824 quo
3258 4768 3371 4807 non
3421 4767 3552 4807 sum
3594 4752 3846 4824 amplius

2148 4842 2384 4892 vexatus
2415 4856 2445 4893 a
2476 4839 2792 4910 cupiditate
2837 4841 3043 4897 carnis.
3078 4843 3133 4896 Si
3179 4846 3372 4897 autem
3409 4846 3536 4911 post
3562 4841 3739 4897 vitam
3772 4842 3851 4897 ita

2149 4944 2217 4982 ex
2247 4928 2460 4983 virtute
2507 4933 2717 4998 actam,
2761 4936 2817 4986 et
2864 4934 3220 4988 immensum
3268 4933 3524 4990 laborem
3573 4933 3858 4988 exercita-

2150 5018 2347 5083 tionis,
2382 5034 2625 5089 eumque
2653 5020 2736 5075 vel
2789 5023 3036 5078 maxime
3069 5022 3465 5089 inﬂexibilem,
3500 5026 3557 5078 et
3597 5024 3856 5077 sobriam

2152 5113 2425 5179 perpetuo
2458 5110 2802 5176 orationem,
2837 5111 2992 5167 hunc
3025 5113 3449 5181 immortalem,
3481 5114 3623 5169 adeo
3652 5114 3864 5169 invasit

2150 5197 2319 5253 bonis
2351 5198 2593 5254 infestus
2624 5204 2678 5254 et
2709 5201 2990 5257 exitiosus
3026 5202 3289 5271 daemon;
3328 5202 3467 5275 quid
3502 5203 3573 5256 ab
3602 5218 3863 5257 exsecra-

2151 5286 2251 5342 bili
2282 5288 2543 5343 dzemone
2576 5288 2695 5359 pati
2731 5294 3008 5360 putamus
3040 5306 3138 5345 eos
3173 5291 3266 5361 qui
3300 5296 3439 5346 sunt
3470 5291 3856 5356 socordiores,

2151 5380 2381 5446 propter
2413 5394 2580 5433 suam
2615 5378 3026 5450 negligentiam
3051 5380 3078 5434 ‘?
3110 5380 3255 5436 Huic
3290 5386 3489 5436 sancto
3538 5380 3869 5451 signiﬁcata

2150 5472 2239 5523 est
2270 5468 2579 5539 aliquando
2614 5485 2770 5525 mors
2804 5471 2981 5539 patris
3023 5471 3135 5539 sui,
3169 5475 3225 5526 et
3257 5472 3393 5525 dicit
3435 5470 3488 5526 ei
3517 5472 3621 5541 qui
3657 5487 3870 5527 renun-

2150 5558 2317 5614 tiavit
2352 5575 2364 5613 :
2398 5559 2607 5615 Desine
2640 5559 3066 5634 blasphemare,
3101 5577 3264 5617 meus
3282 5562 3438 5617 enim
3462 5561 3634 5618 Pater
3656 5570 3750 5619 est
3772 5564 3870 5619 im-

2152 5649 2414 5707 mortalis
2447 5655 2485 5704 ί.
2526 5652 2704 5709 Deum
2737 5657 2934 5710 autem
2967 5653 3215 5710 dicebat.
3251 5653 3567 5726 Hucusque
3597 5658 3687 5710 est
3718 5669 3869 5711 exac-
