4074 6278
330 377 444 442 193

279 515 482 572 τιώτου
541 516 638 568 τοῦ
685 511 929 589 ἐπάρχου
982 533 994 546 ·

289 715 382 763 νην
415 691 752 748 κουστωδίαν
786 691 1013 756 κλοιοὺς
1049 693 1308 770 σιδηροῦς
1339 699 1454 758 κατ’
1502 699 1706 772 αὐχένα
1731 698 1938 772 βαλὼν,

286 785 372 838 καὶ
427 783 615 838 ἁλύσει
665 783 886 858 σιδηρίᾷ
936 782 1360 856 καταδησάντων
1410 790 1506 850 τὰς
1573 795 1787 863 χεῖρας,
1832 796 1938 846 τῶν

281 873 361 929 ἐπ’
420 873 579 928 αὐτὸν
640 873 796 943 δῆθεν
849 873 1144 944 ἐλθόντων,
1196 879 1294 947 τήν
1345 877 1518 932 αἰτίαν
1577 879 1722 950 αὐτῷ
1753 879 1814 934 ού
1847 879 1940 935 λεο

281 965 490 1040 γόντων
530 983 544 995 ο
579 964 736 1026 αὐτὸς
771 961 827 1018 δὲ
871 967 939 1037 τῇ
981 963 1284 1036 συνειδήσει
1333 966 1686 1042 κεντούμενος
1727 967 1942 1044 ἐνόμιζε

283 1061 452 1110 ταῦτα
515 1055 674 1131 χάριν
750 1061 850 1122 τῆς
925 1056 1246 1128 προφάσεως
1317 1056 1524 1128 ἐκείνης
1600 1059 1937 1138 ὑφίστασθαι,

281 1144 670 1222 προσδοκήσας
733 1147 822 1201 τὸν
873 1149 968 1199 τοῦ
1025 1145 1244 1220 γυναίου
1303 1145 1466 1221 ἄνδρα
1524 1147 1938 1223 ἐντετυχηκέναι

281 1238 404 1312 περὶ
445 1245 544 1306 τῆς
593 1237 900 1299 ὑποθέσεως
947 1238 1149 1307 ταύτης
1198 1242 1275 1308 τῷ
1319 1235 1564 1314 δικαστῇ.
1622 1243 1706 1296 Ἐν
1768 1239 1824 1294 δὲ
1859 1245 1939 1312 τῷ

281 1330 491 1384 έστάναι
539 1329 698 1384 αὐτὸν
751 1329 872 1384 λίαν
919 1329 1262 1406 ἀγωνιῶντα,
1313 1331 1492 1402 ἄλλης
1561 1332 1720 1403 δίκης
1771 1331 1930 1402 δῆθεν

280 1420 681 1493 πραττομένης,
723 1421 814 1472 καὶ
851 1419 1289 1493 βασανιζομένων
1324 1421 1520 1496 ἐτέρων
1567 1421 1650 1477 ἐπὶ
1698 1424 1936 1496 τοιούτῳ

281 1505 612 1581 ἐγκλήματι,
667 1503 850 1580 ἔμενεν
930 1509 957 1562 6
1035 1509 1302 1585 Εύάγριος
1379 1507 1584 1588 σφόδρα
1657 1512 1933 1589 ἀγωνιῶν.

281 1598 428 1654 Μετά
483 1596 538 1653 δὲ
589 1599 680 1653 τὸν
740 1597 913 1652 πολὺν
961 1595 1130 1677 φόϐον
1193 1599 1395 1654 ἐκεῖνον
1427 1603 1518 1656 καὶ
1565 1603 1666 1672 τήν
1696 1601 1930 1678 ἄμετρον

278 1685 516 1762 ἀγωνίαν
572 1689 1110 1766 μετασχηματίζεται
1173 1690 1200 1743 ὁ
1259 1687 1489 1766 ἄγγελος
1542 1693 1570 1744 6
1619 1693 1710 1748 τὸν
1758 1693 1930 1748 πολὺν

281 1768 426 1840 αὐτῷ
485 1763 652 1849 φόϐον
697 1767 748 1824 ἐν
926 1768 1154 1841 ὀπτασίᾳ
1211 1763 1536 1849 παρασχὼν,
1580 1773 1671 1834 Εἰς
1723 1794 1932 1848 παρου-

281 1851 398 1906 σίαν
447 1851 670 1926 γνησίου
740 1849 903 1930 φίλου
963 1853 1100 1924 πρὸς
1159 1850 1436 1926 ἐπίσκεψιν
1493 1852 1724 1922 ἥκοντος
1793 1857 1928 1924 πρὸς
1963 1891 2006 1952 Β

291 1929 338 1952 η’
397 1931 409 1946 ι
493 1933 552 1952 an
689 1931 702 1950 κ
825 1929 872 1952 νδ
979 1929 1076 1952 ὒυΛ
1191 1931 1204 1948 τ
1291 1933 1311 1952 κ
1427 1933 1440 1949 \
1578 1933 1590 1952 ς
1749 1934 1759 1952 r

281 1929 458 1986 αὐτόν.
493 1933 586 1995 Ὃς
615 1931 704 1986 καὶ
739 1929 944 2010 σφόδρα
977 1929 1136 2001 δῆθεν
1187 1931 1472 2008 ἐκπλαγεὶς
1505 1933 1593 1988 καὶ
1641 1934 1927 2010 γενόμενος

279 2012 530 2088 κατηφής
560 2014 626 2084 τῇ
657 2011 896 2092 τοσαύτῃ
930 2012 1121 2084 ἀτιμίᾳ
1143 2017 1248 2066 τῶν
1292 2010 1502 2085 δεσμῶν
1554 2019 1649 2068 τοῦ
1699 2015 1926 2090 γνησίου

281 2089 468 2166 φίλου,
501 2089 648 2165 λέγει
679 2091 826 2163 αύτῷ
850 2089 859 2092 “
883 2089 1150 2165 δεδεμένῳ
1200 2093 1394 2164 μεταξῦ
1454 2099 1632 2169 σειρᾶς
1672 2089 1926 2169 τεσσαρά-

281 2192 445 2226 κοντα
488 2171 791 2228 καταδίκων
827 2192 839 2206 ·
894 2173 960 2230 Τί
1006 2173 1182 2236 οὕτως
1223 2174 1432 2248 ἀτίμως
1486 2177 1620 2248 μετά
1661 2181 1768 2232 τῶν
1823 2199 1927 2232 κα-

277 2253 510 2309 ταδίκων
545 2251 773 2330 κατέχῃ,
815 2256 966 2330 κύριε
997 2253 1212 2310 διάκονε
1245 2277 1257 2328 ;
1303 2258 1457 2332 Λέγει
1489 2257 1640 2330 αύτῷ
1670 2258 1872 2322 ἐκείνος
1908 2280 1921 2294 ·

281 2335 424 2389 Κατᾶ
472 2336 564 2408 μὲν
617 2335 875 2404 ἀλήθειαν
913 2335 1012 2390 οὐκ
1060 2337 1352 2410 ἐπίσταμαι
1397 2356 1410 2369 ’
1469 2339 1698 2393 ὑπόνοια
1748 2337 1804 2394 δέ
1859 2361 1925 2412 με

275 2410 393 2489 ἕχει
425 2413 508 2469 ὅτι
538 2416 565 2468 ὁ
599 2412 742 2469 δεῖνα
782 2416 809 2469 6
858 2416 963 2470 ἀπὸ
1021 2413 1278 2491 ἐπάρχων
1341 2417 1562 2492 ἐνέτυχε
1616 2423 1732 2473 κατ’
1787 2410 1922 2492 ἐμοῦ

275 2493 465 2571 ἀλόγῳ
535 2493 838 2566 ζηλοτυπίᾳ
892 2493 1146 2572 πληγεὶς,
1206 2496 1296 2552 καὶ
1356 2495 1572 2552 δέδοικα
1624 2501 1838 2571 μήποτε
1895 2503 1922 2555 6

277 2577 462 2650 ἅρχων
498 2578 806 2656 χρήμασιν.
841 2577 930 2631 ὑπ’
987 2577 1150 2656 αιίτοῦ
1219 2575 1512 2656 διαφθαρῇ,
1544 2579 1632 2634 καὶ
1685 2581 1924 2654 τιμωρίᾳ

281 2676 348 2728 με
375 2651 646 2730 περιϐάλῃ
681 2654 929 2732 μεγίστῃ.
963 2655 1116 2731 Λέγει
1149 2656 1294 2728 αὐτῷ
1322 2651 1374 2710 ”ὂ
1423 2651 1594 2734 φίλος
1652 2651 1755 2732 τῷ-
1781 2651 1924 2734 σχή.

280 2758 407 2810 ματι
440 2759 452 2771 ·
489 2738 549 2792 Εἰ
580 2737 793 2800 ἀκούεις
823 2741 920 2792 τοῦ
953 2736 1115 2814 φίλου
1165 2759 1280 2806 σου,
1333 2736 1728 2813 συμϐουλεύσω
1788 2763 1873 2795 σοι
1907 2762 1920 2775 ·

278 2817 339 2870 οὐ
372 2819 630 2892 συμφέρει
681 2837 762 2872 σοι
813 2816 864 2872 ἐν
911 2821 978 2890 τῇ
1036 2815 1196 2872 πόλει
1251 2818 1420 2894 ταύτῃ
1480 2817 1708 2896 διάγειν.
1763 2822 1921 2898 Λέγει

278 2897 426 2968 αύτῷ
458 2898 485 2950 6
517 2899 786 2972 Εὐαγριος
819 2917 834 2931 ·
867 2899 992 2953 Ἐὰν
1023 2901 1050 2953 6
1083 2900 1212 2960 Θεός
1267 2921 1331 2972 με
1382 2901 1584 2971 ταύτης
1632 2909 1732 2972 τῆς
1779 2897 1920 2976 συμ-

277 2983 448 3054 φορᾶς
481 2977 790 3052 ἀπαλλάξῃ,
822 2979 911 3032 καὶ
957 2977 1076 3051 ἴδῃς
1111 3001 1174 3052 με
1223 2980 1273 3033 ἐν
1327 2985 1922 3056 Κωνσταντινουπόλει,

273 3059 442 3134 γνῶθι
475 3057 556 3112 ὅτι
597 3059 837 3132 εὐλόγως
890 3059 1186 3134 ὑφίσταμαι
1219 3059 1423 3129 ταύτην
1472 3063 1572 3130 τῆν
1622 3067 1917 3138 τιμωρίαν,

275 3133 363 3193 καὶ
407 3137 590 3210 ἑτέρας
633 3137 880 3210 μείζονος
933 3133 1078 3207 ἄξιος
1130 3133 1227 3196 ὥν.
1263 3140 1421 3215 Λέγει
1454 3141 1600 3214 αύτῷ
1631 3144 1660 3197 6
1683 3133 1692 3137 ”
1718 3133 1920 3222 φίλος)

271 3219 336 3275 Εἰ
369 3219 539 3281 οὕτως
571 3217 709 3293 ἔχει,
745 3217 890 3296 φέρω
919 3221 980 3274 τὸ
1009 3219 1340 3298 Εύαγγέλιον
1373 3237 1388 3252 ·
1419 3225 1506 3276 καὶ
1549 3217 1766 3298 ὤμοσόν
1823 3251 1918 3302 μοι

269 3299 320 3354 ἐν
353 3300 499 3371 αύτῷ
531 3299 612 3354 ὅτι
643 3299 949 3374 ἀναχωρεῖς
980 3307 1080 3369 τῆς
1121 3299 1340 3363 πόλεως
1370 3301 1596 3374 ταύτης,
1629 3307 1718 3361 καὶ
1753 3299 1916 3382 φρόν·

267 3379 432 3449 τίζεις
464 3401 558 3434 σου
587 3386 687 3450 τῆς
727 3384 935 3454 ψυχῆς,
967 3381 1052 3435 καὶ
1096 3378 1436 3436 ἀπαλλάσσω
1469 3404 1524 3437 σε
1569 3384 1678 3458 ἐγὼ
1712 3378 1916 3461 ταύτης

267 3463 366 3528 τῆς
389 3459 651 3534 ἀνάγκης.
695 3463 751 3514 Ὁ
781 3458 836 3514 δὲ
867 3460 1133 3536 Εὐάγριος
1167 3479 1180 3492 ·
1216 3460 1416 3535 Δέομαί
1448 3485 1566 3532 σου,
1598 3462 1800 3541 ὄμνυμί
1834 3458 1916 3526 σοι

272 3541 346 3602 ὡς
378 3539 574 3606 θέλεις,
612 3541 776 3612 μόνον
812 3563 878 3613 με
907 3539 1221 3615 ἀπάλλαξον
1262 3545 1462 3599 τούτου
1498 3551 1594 3600 τοῦ
1647 3539 1918 3606 σκοτεινοῦ

273 3617 480 3697 νέφους.
517 3621 614 3676 Καὶ
648 3619 698 3675 ἐν
732 3621 948 3682 τούτοις
990 3621 1204 3694 κομίξει
1249 3623 1394 3694 αύτῷ
1439 3625 1502 3679 τὸ
1563 3625 1917 3704 Εύαγγέλιον,

271 3700 360 3755 καὶ
393 3701 610 3756 ἀπαιτεῖ
634 3703 725 3755 τὸν
760 3701 941 3776 ὅρκον.
977 3703 1038 3759 Ὁ
1084 3701 1140 3756 δὲ
1187 3702 1454 3780 Εὑάγριος
1503 3700 1730 3780 ὅμνυσίν
1773 3700 1920 3784 αὐτῷ

273 3784 408 3836 κατὰ
436 3788 531 3864 τοῦ
565 3781 924 3864 Ιῆῦαγγελίου,
957 3782 1065 3864 ὅτι,
1103 3786 1375 3864 Παρεκτὸς
1429 3793 1556 3858 μιᾶς
1605 3787 1816 3864 ἡμέρας
1859 3781 1920 3845 οὖ

280 3863 356 3934 μῆ
394 3862 560 3943 μείνω
592 3861 791 3943 ἐνθάδε,
824 3863 914 3917 καὶ
971 3863 1196 3943 ταύτης,
1245 3863 1339 3919 ’ίνα
1407 3869 1594 3938 φθάσω
1652 3861 1920 3943 ἐμϐαλεῖν

279 3962 384 4014 μου
414 3951 480 3994 τα
509 3941 702 4023 ίμάτια
731 3941 784 3996 ἒν
814 3946 894 4023 τῶ
923 3942 1129 4023 πλοίῳ.
1153 3947 1265 4023 ,Τοῦ
1297 3946 1462 4014 ὅρκου
1497 3945 1586 4000 οῦν
1621 3941 1919 4023 προχωρή-

279 4041 494 4090 σαντος,
520 4018 811 4094 ἐναγώνιος
852 4019 924 4076 ὢν
974 4021 1276 4090 ἐπανῆλθεν
1329 4023 1435 4077 ἀπὸ
1482 4033 1578 4094 τῆς
1623 4018 1923 4094 ἐκστάσεως

277 4109 378 4171 τῆς
409 4099 708 4176 γενομένης
760 4099 906 4172 αὐτῷ
951 4099 1003 4156 ἐν
1046 4105 1114 4174 τῇ
1163 4101 1334 4160 νυκτί.
1377 4105 1475 4157 Καὶ
1519 4107 1746 4169 ἀναστὰς
1793 4108 1922 4163 ἐλο-

278 4184 488 4259 γίσατο,
547 4183 651 4237 ὅτι.
702 4181 766 4239 Εἰ
825 4181 915 4236 καὶ
969 4181 1210 4238 ἐκστάσει
1248 4183 1460 4260 γέγονεν
1492 4188 1518 4240 6
1580 4189 1762 4262 ὅρκος,
1795 4186 1920 4246 ἀλλ’

280 4265 432 4336 ὅμως
464 4261 680 4337 ὤμασα.
715 4261 904 4317 Βαλὼν
939 4261 1028 4317 οῦν
1091 4263 1258 4318 πάντα
1307 4263 1340 4318 ἆ
1394 4266 1542 4345 εἶχεν
1579 4261 1654 4331 είς
1704 4271 1918 4340 πλοῖον,

276 4345 493 4422 ἔρχεται
526 4344 602 4407 είς
657 4343 1034 4418 Ἰεροσόλυμα,
1065 4345 1156 4398 καὶ
1188 4345 1298 4399 ἐκεῖ
1341 4343 1602 4420 δεξιοῦται
1629 4355 1776 4427 παρά
1821 4360 1921 4422 τῆς

283 4425 548 4500 μακαρίας
578 4423 834 4495 Μελάνης
883 4431 983 4493 τῆς
1031 4425 1332 4496 Ῥωμαίοις.
1367 4427 1539 4482 Πάλιν
1587 4423 1923 4486 τοῦ-διαϐό-

277 4507 379 4562 λου
419 4507 820 4582 σκληρύναντος
873 4507 1038 4560 αὐτοῦ
1084 4509 1185 4575 τὴν
1235 4504 1481 4581 καρδίαν,
1530 4512 1768 4586 καθάπερ
1825 4517 1922 4567 τοῦ

279 4589 503 4662 Φαραὼ,
538 4589 611 4649 ὡς
641 4588 746 4659 νέῳ
788 4588 878 4642 καὶ
937 4591 1234 4666 σφριγῶντι
1291 4591 1388 4656 τήν
1444 4588 1686 4661 ἡλικίαν,
1735 4593 1924 4668 γέγονε

277 4671 440 4726 πάλιν
487 4668 810 4742 ἐνδυασμὸς,
858 4670 948 4724 καὶ
997 4668 1342 4744 ἐδυσψύχησε
1403 4669 1596 4744 μηδενὶ
1641 4671 1808 4743 μηδὲν
1857 4674 1928 4729 εξ-

284 4751 464 4825 ρηκώς
501 4769 513 4783 ·
548 4751 764 4804 κάκεῖσε
791 4748 956 4803 πάλιν
989 4749 1334 4820 ἐξαλλάσσων
1379 4759 1496 4814 τοῖς
1545 4753 1808 4826 ἱματίοις,
1837 4755 1926 4810 καὶ

280 4833 332 4888 ἐν
387 4835 456 4904 τῇ
511 4829 779 4910 διαλέκτῳ
833 4831 1166 4906 καρούμενος
1242 4834 1346 4887 ῧπὸ
1421 4841 1522 4904 τῆς
1597 4835 1923 4910 κενοδοξίας,

283 4911 438 4968 Ἀλλ’
497 4913 525 4966 6
577 4909 916 4983 ἐμποδιστὴς
971 4917 1072 4981 τῆς
1128 4913 1342 4968 πάντων
1420 4917 1582 4988 ἡμῶν
1650 4909 1928 4982 ἀπωλείας

280 4993 432 5062 Θεὸς,
491 4989 739 5073 ἐνέϐαλεν
799 4989 960 5046 αὑτὸν
1001 4993 1088 5048 καὶ
1137 4989 1364 5050 ἐνταῦθα
1413 4995 1488 5058 εἷς
1535 4996 1718 5072 ἑτέραν
1765 5019 1922 5073 περι-

281 5095 480 5142 στασιν,
523 5067 800 5128 ἐπιϐαλὼν
859 5074 1006 5146 αὐτῷ
1053 5076 1307 5150 πυρετὸν,
1346 5075 1590 5134 κάκεῖθεν
1622 5067 1717 5143 ἐἰς
1767 5067 1926 5136 νόσον

284 5153 487 5230 μακρὰν
539 5154 590 5208 ἐν
641 5153 1006 5227 έξαμνηνιαίῳ
1055 5154 1242 5230 χρόνῳ
1283 5158 1612 5232 ταριχεύσας
1657 5160 1819 5215 αὐτοῦ
1863 5163 1924 5218 τὸ

283 5236 524 5310 σαρκίον,
575 5234 643 5290 δι’
704 5237 764 5291 οὔ
823 5233 1156 5304 ἐνεποδίζετο
1215 5237 1290 5300 εἰς
1367 5236 1583 5310 ἀρετήν.
1642 5247 1754 5296 Τῶν
1833 5241 1923 5297 οῦν

284 5317 480 5390 ἰητρῶν
517 5318 892 5390 ἀπορούντων,
933 5317 1022 5370 καὶ
1071 5317 1272 5392 τρόπον
1319 5321 1601 5391 θεραπείας
1657 5325 1730 5394 μή
1785 5325 1926 5397 εὑρι-

283 5398 540 5466 σκόντων,
593 5397 741 5474 λέγει
807 5401 842 5467 ἡ
900 5399 1138 5474 μακαρία
1184 5398 1455 5456 Μελόίνιον
1491 5419 1505 5434 ·
1557 5401 1670 5458 Ούκ
1718 5403 1927 5474 ἀρέσκει

287 5499 399 5551 μοι,
465 5478 573 5551 μὶἒ,
625 5481 658 5548 ἡ
711 5480 778 5546 σή
833 5477 1164 5559 μακρονοσία
1193 5498 1204 5511 ·
1259 5479 1377 5534 εἰπὲ
1423 5477 1516 5536 οῦν
1553 5503 1646 5552 μοι
1677 5503 1744 5538 τα
1774 5485 1826 5539 ἐν
1856 5488 1926 5559 τῇ

283 5557 493 5628 διανοίᾳ
553 5579 668 5628 σου,
729 5559 840 5613 Οὐκ
890 5553 999 5613 ἔστι
1054 5560 1158 5634 γὰρ
1215 5557 1450 5632 ἀληθείᾳ
1507 5559 1642 5632 αὕτη
1675 5565 1708 5633 ἡ
1749 5553 1926 5627 νόσος.

274 5637 654 5713 Ὣμολόγησεν
709 5637 798 5694 οῦν
863 5639 1002 5714 αὖτῇ
1047 5641 1108 5696 τὸ
1165 5640 1302 5696 κατὰ
1350 5643 1924 5700 Κωνσταντινούπολιν

290 5721 436 5794 αὐτῷ
494 5715 727 5795 συμϐάν.
781 5719 940 5795 Λέγει
990 5721 1139 5796 αὐτῷ
1187 5722 1222 5793 ἡ
1278 5727 1566 5800 μακαρῖτις
1601 5745 1613 5758 ·
1665 5726 1766 5789 Δός
1837 5747 1930 5801 μοι

1579 385 1958 448 HISTORIA
2001 389 2417 452 LAUSIACA.

1047 515 1136 568 καὶ
1187 511 1414 590 ἀρπάζει
1455 514 1638 589 άῦτὸν,
1690 519 1778 574 καὶ
1819 519 1938 594 ἄγει
1969 525 2023 591 Α
2055 519 2221 598 λόγον
2250 524 2335 578 ἐπὶ
2369 525 2576 598 Κυρίου
2609 523 2689 580 ὅτι
2725 520 2826 600 ἔχῃ
2854 531 2955 582 τοῦ
3003 529 3208 582 σκοποῦ
3255 524 3454 581 τούτου
3483 521 3560 586 εἷς
3606 523 3700 578 τὸν

289 605 362 666 ὡς
395 602 446 658 έν
485 600 842 676 δικαστηρίῳ,
875 603 964 658 καὶ
1011 603 1205 678 βάλλει
1247 605 1406 660 αὐτὸν
1441 608 1516 670 εἷς
1557 611 1655 678 τὴν
1707 610 1944 684 λεγομέ-

3545 392 3699 452 1194

2057 615 2268 686 μονήρη
2305 611 2446 688 βίον,
2480 615 2592 684 καὶ,
2626 615 2670 668 εἱ
2711 615 2800 670 καὶ
2848 611 3176 690 ἁμαρτωλός
3218 613 3356 690 εἶμι,
3405 613 3696 688 προσεύξο-

2055 723 2150 774 μαι
2181 702 2319 778 πρὸς
2348 704 2441 756 τὸν
2475 704 2672 778 Κύριον
2707 702 2800 758 ’ίνα
2849 725 2933 758 σοι
2984 704 3116 780 δοθῇ
3170 708 3358 779 καιρὸς
3405 705 3698 778 κομιάτου,

2050 793 2138 846 καὶ
2205 793 2512 866 προθεσμία
2570 795 2734 863 ξωῆς.
2795 794 2851 847 'O
2897 792 2953 848 δὲ
2998 795 3260 852 συνέθετο.
3295 795 3612 868 Εὐξαμένης
3643 791 3698 848 δὲ

2050 883 2240 954 αὐτῆς,
2291 882 2438 945 ἐντὸς
2485 883 2690 958 ὀλίγων
2746 887 2968 959 ἡμερῶν
3032 886 3263 960 ὑγίανεν.
3300 886 3398 940 Καὶ
3447 885 3696 946 ἀναστὰς,

2049 975 2175 1049 παρ’
2252 976 2423 1044 αὐτῆς
2519 973 2727 1044 ἐκείνης
2807 977 3220 1050 μετημφιάσθη,
3275 975 3363 1030 καὶ
3423 975 3695 1049 ἐξέρχεται

2051 1060 2369 1136 ἐκδημήσας
2403 1063 2477 1126 εἷς
2508 1064 2569 1118 τὸ
2609 1063 2736 1138 ὄρος
2775 1071 2874 1134 τῆς
2931 1065 3153 1137 Νιτρίας
3202 1065 3263 1119 τὸ
3307 1064 3357 1118 ἐν
3416 1063 3698 1138 Αἰγύπτῳ,

2051 1149 2104 1205 ἐν
2211 1150 2432 1221 οἰκήσας
2465 1149 2714 1226 δεύτερον
2763 1150 2900 1220 ἔτος,
2948 1157 3027 1224 τῷ
3082 1150 3250 1226 τρίτῳ
3300 1145 3578 1206 εἰσϐάλλει
3625 1150 3698 1212 είς

2047 1241 2146 1309 τῆν
2195 1238 2424 1313 ἔρημον.
2460 1243 2632 1311 Ζήσας
2685 1239 2774 1295 οὖν
2819 1240 3177 1316 δεκατέσσαρα
3229 1235 3321 1310 ἔτη
3357 1239 3408 1294 ἐν
3452 1245 3568 1300 τοῖς
3603 1238 3698 1293 λε-

2045 1331 2298 1404 γομένοις
2328 1330 2594 1400 κελλίοις,
2623 1332 2778 1399 ἤσθιε
2813 1333 2906 1405 μὲν
2958 1330 3120 1405 ἄρτου
3163 1330 3362 1406 λύτραν
3419 1333 3517 1400 τὴν
3565 1330 3699 1404 ἡμέ-

2047 1441 2138 1496 ραν
2167 1440 2178 1453 ·
2241 1421 2291 1474 ἐν
2338 1423 2672 1496 τριμηνιαίῳ
2721 1419 2778 1475 δῖε
2827 1421 3014 1496 χρόνῳ
3060 1421 3246 1492 ξέστην
3281 1421 3468 1476 ἐλαίου
3516 1440 3528 1454 ·
3559 1421 3695 1495 ἀνὴρ

2045 1511 2150 1566 ἀπὸ
2198 1505 2550 1584 ἁϐροδιαίτου
2587 1512 2678 1564 καὶ
2726 1511 3012 1590 τρυφηλοῦ
3063 1513 3188 1585 βίου
3236 1513 3324 1565 καί
3389 1512 3692 1588 ὑγροτάτου

2042 1600 2296 1674 ἠγμένος.
2324 1597 2610 1656 Ἐποίειδὲ
2663 1601 2829 1676 εὐχὰς
2873 1602 3082 1671 ἑκατὸν,
3127 1603 3347 1680 γράφων
3395 1605 3493 1656 τοῦ
3543 1599 3694 1666 ἔτους

2042 1691 2138 1757 τήν
2178 1691 2344 1758 τιμὴν
2394 1689 2556 1762 μόνον
2609 1690 2680 1743 ὧν
2739 1688 2925 1758 ἤσθιεν
2977 1711 2990 1726 ·
3051 1692 3263 1772 εὐφυῶς
3311 1690 3414 1766 γάρ
3464 1685 3692 1768 ἔγραφεν

2041 1771 2131 1824 τὸν
2172 1768 2472 1844 ὀξύρυγχον
2539 1777 2880 1844 χαρακτῆρα.
2931 1768 3137 1832 Ἐντὸς
3171 1770 3260 1823 οῦν
3311 1769 3690 1826 πεντεκαίδεκα

2042 1848 2176 1904 ἐτῶν
2223 1849 2552 1922 καθαρεύσας
2613 1849 2702 1902 τὸν
2762 1853 2910 1920 νοῦν,
2974 1851 3290 1922 κατηκιώθη
3347 1853 3690 1924 χαρίσματος

2036 1931 2288 2006 γνώσεως
2319 1931 2410 1984 καὶ
2459 1928 2648 2006 σοφίας
2687 1929 2778 1984 καὶ
2829 1927 3116 2002 διαρίσεως
3162 1929 3507 2001 πνευμάτων.
3553 1937 3691 1985 Συν-

2033 2005 2210 2064 τάττει
2244 2007 2334 2064 οῦν
2379 2005 2545 2072 οὗτος
2573 2011 2695 2083 τρία
2731 2005 2942 2084 βιϐλία,
2975 2009 3132 2084 Ἱερὰ,
3165 2009 3446 2083 Μοναχόν,
3471 2011 3687 2088 Ἀντιῤ-

2038 2091 2284 2164 ῥητικὸν,
2319 2087 2460 2146 οὕτω
2507 2088 2822 2162 καλούμενα
2872 2108 2886 2122 ⁸
2936 2088 3030 2151 τάς
3080 2089 3216 2163 πρὸς
3259 2089 3384 2151 τοὺς
3429 2087 3693 2162 δαίμονας

2041 2163 2367 2245 ὑποθέμενος
2399 2170 2611 2245 τέχνας.
2655 2169 2842 2242 Τούτῳ
2891 2163 3123 2250 ὤχλησέ
3171 2190 3302 2224 ποτε
3334 2169 3410 2234 είς
3460 2171 3628 2246 βάρος
3662 2175 3688 2228 6

2035 2259 2136 2321 τῆς
2192 2252 2446 2326 πορνείας
2505 2249 2735 2324 δαίμων,
2785 2251 2860 2327 ὡς
2914 2247 3074 2313 αὑτὸς
3123 2251 3259 2324 ἡμῖν
3291 2247 3685 2327 διηγεῖτο,καῖ

2037 2331 2124 2388 διά
2153 2325 2333 2403 πάσης
2362 2331 2550 2394 νυκτὸς
2580 2333 2786 2405 γυμνὸς
2835 2325 2962 2402 ἔστη
2993 2331 3046 2386 ἐν
3092 2337 3172 2404 τῷ
3222 2325 3432 2410 φρέατι,
3467 2337 3688 2407 χειμῶ-

2035 2434 2126 2478 νος
2175 2410 2348 2482 ὄντος,
2387 2413 2474 2476 ’ὡς
2523 2419 2765 2487 παγῆναι
2814 2411 2977 2468 αὐτοῦ
3024 2412 3120 2476 τὰς
3180 2411 3400 2488 σάρκας·
3446 2413 3684 2470 ’Ἃλλοτε

2035 2492 2201 2548 πάλιν
2252 2491 2510 2568 ὤχλησεν
2579 2493 2726 2564 αύτῷ
2782 2493 2992 2568 πνεῦμα
3053 2492 3431 2570 βλασφημίας,
3479 2495 3569 2548 καὶ
3629 2495 3682 2550 ἐν

2033 2576 2434 2648 τεσσαράκοντα
2482 2573 2715 2648 ἡμέραις
2762 2573 2865 2628 ὑπὸ
2913 2575 3104 2649 στέγην
3156 2574 3254 2628 οὐκ
3302 2571 3569 2647 εἰσῆλθεν,
3613 2575 3687 2635 ὡς

2034 2653 2122 2710 καὶ
2153 2655 2214 2710 τὸ
2248 2659 2408 2726 σῶμα
2435 2655 2623 2720 αὐτοῦ,
2654 2656 2893 2728 καθάπερ
2934 2659 3042 2710 τῶν
3093 2654 3300 2730 ἀγρίων
3345 2656 3523 2724 ζώων,
3555 2655 3687 2729 κρό-

2031 2756 2203 2797 τωνας
2253 2730 2526 2810 ἐκϐρέσαι.
2586 2735 2774 2808 Τούτῳ
2834 2740 2981 2809 τρεῖς
3051 2732 3345 2806 ἐπέστησαν
3401 2733 3453 2789 ἐν
3505 2735 3688 2810 ἡμέρᾳ

2034 2815 2305 2889 δαίμονες,
2347 2815 2400 2870 ἐν
2451 2817 2700 2890 σχήματι
2745 2815 3052 2890 κληρικῶν,
3113 2817 3238 2890 περὶ
3307 2815 3543 2879 πίστεως
3593 2839 3685 2871 συ-

2036 2902 2323 2968 ζητοῦντες
2362 2897 2512 2968 αὐτῷ
2555 2916 2566 2929 ο
2600 2895 2690 2950 καί
2720 2898 2747 2950 6
2794 2899 2888 2970 μέν
2939 2895 3115 2973 ἔλεγεν
3157 2896 3344 2952 ἑαυτὸν
3387 2899 3684 2968 Ἀρειανὸν,

2036 2979 2064 3032 6
2097 2976 2152 3031 δὲ
2191 2975 2554 3050 Εὕνομιανὸν,
2599 2977 2626 3030 ὁ
2671 2973 2728 3029 δέ
2779 2976 3294 3049 Ἀπρλλιναριστήν.
3330 2977 3429 3031 Καὶ
3479 2980 3683 3031 τούτων

2035 3057 2368 3136 περιεγένετο
2403 3056 2492 3112 διά
2549 3055 2800 3132 βραχέων
2846 3061 2916 3130 τῇ
2957 3059 3309 3136 ,πνευματικῇ
3358 3057 3538 3136 σοφίᾳ.
3573 3059 3690 3112 Πά-

2037 3133 2124 3196 λιν
2173 3133 2299 3210 μιᾶς
2337 3143 2442 3190 τῶν
2494 3139 2716 3208 ἡμερῶν
2767 3143 2866 3204 τῆς
2919 3133 3137 3198 κλειδὸς
3185 3134 3538 3208 ἀπολομένης
3585 3143 3686 3205 τῆς

2037 3216 2704 3292 Ἐκκλησίας,σφραγίσας
2751 3216 2814 3270 τὸ
2865 3218 3156 3290 πρόσωπον
3207 3216 3301 3270 τοῦ
3346 3216 3684 3292 ἡλωταρίου,

2037 3300 2128 3356 καὶ
2183 3303 2251 3374 τῇ
2311 3297 2458 3374 χειρὶ
2517 3297 2682 3364 ὦσας,
2752 3293 2982 3367 ἤνοιξεν,
3053 3295 3514 3370 ἐπικαλεσάμενος
3591 3297 3682 3352 τὸν

2026 3382 2276 3455 Χριστόν.
2325 3383 2570 3434 Τοσαῦτα
2617 3376 2974 3453 ἐμαστιγώθη
3029 3379 3184 3440 οὗτος
3236 3379 3337 3432 ὑπὸ
3384 3375 3686 3452 δαιμόνων,

2026 3465 2116 3518 καὶ
2144 3465 2402 3517 τοσοῦτον
2461 3455 2626 3514 ἔλαϐε
2684 3465 2875 3533 πεῖραν
2947 3457 3218 3532 δαιμόνων
3281 3457 3576 3530 ποικίλων,
3608 3460 3682 3521 ὡς

2033 3549 2106 3622 μὴ
2151 3541 2351 3618 ῥᾳδίως
2382 3541 2606 3604 τούτους
2647 3543 3042 3622 ἀριθμηθῆναι.
3072 3537 3274 3622 Ένὶᾼδὲ
3325 3543 3432 3595 τῶν
3485 3541 3677 3596 ἑαυτοῦ

2033 3615 2290 3704 μαθητῶν
2318 3625 2384 3678 τὰ
2419 3623 2552 3696 μετά
2582 3620 2706 3676 δέκα
2738 3622 2882 3675 ὀκτὼ
2930 3615 3022 3692 ἔτη
3077 3616 3468 3694 συμϐησόμενα
3503 3621 3682 3694 τούτῳ

2029 3699 2257 3785 προεῖπε
2300 3704 2494 3774 πάντα,
2525 3703 2643 3757 κατ’
2695 3699 2836 3764 εἶδος
2886 3703 3266 3777 προφητεύσας
3322 3703 3490 3774 αὐτῷ.
3525 3699 3681 3758 ’Ἑλε-

2029 3779 2118 3867 γεν
2154 3788 2210 3843 δὲ
2241 3789 2268 3841 6
2304 3785 2568 3859 μακάριος
2597 3784 2779 3849 οὗτος,
2813 3781 2899 3836 ὅτι
2947 3784 3065 3855 Ἀφ’
3115 3783 3178 3835 οὗ
3219 3779 3523 3837 κατέλαϐον
3577 3784 3678 3852 τὴν

2029 3861 2258 3948 ἔρημον,
2291 3867 2352 3920 οὐ
2405 3861 2686 3948 θριδακίρυ
2712 3863 2984 3948 ᾗψάμηγ,
3017 3861 3079 3915 οὐ
3114 3861 3570 3948 νλ-επτολαχάνου,
3621 3865 3684 3948 οὐ

2029 3941 2261 4028 χλιεροῦ
2291 3965 2455 4012 τινος,
2489 3943 2591 3997 οὐκ
2611 3942 2853 4013 ἀπώρας,
2889 3941 2950 3996 ού
2983 3941 3281 4038 σταφυλῆς,
3311 3942 3374 3996 ού
3426 3941 3686 4016 λουτροῦ,

2075 4033 2088 4038 -
2228 4029 2256 4038 -
2397 4023 2409 4038 .
2489 4022 2513 4038 ,ι
2753 4022 2767 4038 ,
2877 4019 2903 4038 ,ι
3123 4019 3165 4038 M
3201 4021 3250 4038 ..η
3481 4023 3494 4038 ε
3615 4027 3642 4038 ..

2031 4019 2095 4086 ἕο
2125 4019 2322 4100 κρεῶν,
2355 4023 2454 4080 οὐκ
2479 4022 2666 4099 ἄρτου,
2711 4022 2812 4077 οὐκ
2843 4019 3018 4092 οἷ’νου,
3050 4019 3165 4076 οὐδ’
3195 4021 3342 4084 ὅλως
3387 4023 3536 4084 τινὸς
3577 4027 3682 4078 τῶν

2031 4110 2122 4166 διὰ
2149 4108 2318 4184 πυρὸς
2351 4102 2767 4184 διερχομένων,
2787 4102 2935 4184 πλὴν
2959 4103 3140 4184 ῥητῶν
3177 4101 3438 4184 λαχάνων
3482 4101 3679 4184 ῶμῶν,

2029 4189 2120 4245 καὶ
2153 4179 2429 4261 ἐμμέτρου
2461 4179 2676 4246 ὕδατος.
2711 4181 2804 4244 EE";
2837 4180 3056 4257 ὕστερον
3088 4179 3146 4236 δὲ
3191 4179 3293 4253 τῷ’
3320 4179 3684 4253 ἑκκαιδεκάτῳ

2031 4264 2139 4326 ἔτει
2167 4259 2267 4337 τῆς
2299 4263 2605 4336 πολιτείας,
2632 4269 2734 4332 τῆς
2767 4261 2889 4318 ἄνευ
2919 4265 3091 4336 πυρός
3146 4261 3456 4334 ἑψήματος,
3493 4259 3686 4315 λοιπὸν

2032 4349 2219 4426 χρείαν
2249 4345 2489 4421 ἐχούσης
2529 4344 2694 4399 αὐτοῦ
2725 4349 2824 4413 τῆς
2871 4343 3068 4414 σαρκὸς
3101 4339 3192 4396 διά
3239 4343 3337 4410 τὴν
3388 4339 3683 4412 ἀσθένειαν,

2152 4429 2250 4497 τὴν
2281 4418 2380 4481 τοῦ
2421 4427 2709 4504 στομάχου
2743 4421 3081 4496 ἀνωμαλίαν,
3107 4426 3204 4477 τοῦ
3238 4418 3678 4496 μεταλαμϐάνειν

2034 4509 2123 4566 διὰ
2179 4509 2370 4582 πυρὸς,
2421 4501 2743 4579 ἅρτουἿμὲν
2793 4503 2994 4574 ἥψατο,
3057 4504 3235 4559 οὐκέτι
3295 4501 3352 4558 δέ
3427 4503 3684 4580 λαχάνων

2038 4583 2440 4666 μετελάμϐανεν
2465 4585 2756 4661 ἐψημένων
2791 4603 2806 4620 ⁸
2842 4584 2966 4666 ἀλλξ
2993 4585 3028 4654 ἢ
3064 4583 3326 4656 πτισάνης
3354 4587 3389 4653 ἢ
3446 4584 3684 4666 όσπρίων

2036 4661 2124 4726 ἐπι
2184 4661 2278 4724 δύο
2337 4671 2453 4737 ἔτη.
2487 4669 2576 4724 Ἐν
2630 4667 2848 4728 τούτοις
2893 4665 3120 4735 τελευτᾷ
3165 4667 3228 4718 τὸ
3260 4668 3421 4736 σῶμα
3451 4665 3480 4717 6
3509 4661 3685 4736 μακᾶ-

2039 4773 2174 4828 ριος,
2223 4751 2322 4817 τὴν
2381 4749 2566 4822 ψυχὴν
2628 4747 2974 4828 ζωοποιήσας
3030 4749 3110 4828 τῷ
3168 4743 3304 4828 ἁγίῳ
3361 4743 3634 4828 Πνεύματι
3667 4762 3684 4778 ο

2037 4823 2375 4900 κοινωνήσας
2403 4833 2472 4902 τῇ
2507 4829 2672 4903 ἑορτῇ
2702 4833 2811 4882 τῶν
2860 4823 3189 4899 Ἐπιφανίων
3239 4825 3292 4879 ἐν
3333 4831 3399 4893 τῆ
3453 4825 3688 4896 Ἐκκλη-

2035 4914 2146 4986 σίᾳ.
2205 4913 2498 4989 Ἀφηγεῖτο
2557 4909 2650 4964 οῦν
2706 4911 2842 4982 ἡμῖν
2987 4909 3248 4989 γενναῖος⁸
3280 4909 3407 4989 τοῦ-.
3447 4910 3686 4989 Χριστοῦ

2037 4983 2294 5064 ἀθλητὴς
2357 4990 2437 5064 ερὶ
2469 4990 2562 5048 τὸν
2593 4991 2844 5058 θάνατον,
2879 4988 2962 5044 ὅτι
2993 4987 3188 5060 Τρίτον
3223 4985 3341 5048 ἔτος
3382 4983 3498 5062 ἔχω
3529 4987 3684 5066 ἀφόὗ

2038 5074 2216 5130 οὐκέτι
2280 5071 2552 5154 ὦχλήθην
2599 5071 2702 5154 ὑπὸ
2753 5065 3043 5154 ἐπιθυμίας
3093 5073 3376 5154 σαρκικῆς.
3417 5067 3484 5154 If)":
3553 5065 3688 5141 μετά

2035 5159 2294 5212 τοσοῦτον
2331 5145 2536 5232 ἀρετῆς
2570 5151 2686 5227 βίον
2733 5151 2823 5204 καὶ
2869 5151 3151 5220 ἀσκήοεως
3199 5149 3368 5205 πόνον
3427 5147 3683 5225 ἄμετρον,

2037 5238 2126 5292 καὶ
2183 5231 2380 5293 κόπον
2413 5233 2842 5309 ἀκαμπέστατον,
2893 5231 2982 5285 καὶ
3052 5231 3366 5306 προσευχὴν
3410 5233 3682 5306 νήφουσαν

2037 5316 2412 5388 ἀδιάλειπτον,
2444 5307 2531 5372 καί
2579 5313 2667 5370 ἐπὶ
2731 5309 2992 5368 τοσοῦτον
3033 5312 3060 5365 6
3114 5312 3412 5385 μισόκαλος
3459 5309 3546 5363 καὶ
3584 5307 3685 5388 ,δι-

2041 5398 2368 5476 εφθαρμένος
2399 5387 2612 5469 δαίμων
2647 5393 2824 5466 τούτῳ
2862 5396 2941 5464 τῷ
2972 5391 3106 5463 ὁσίῳ
3155 5391 3395 5457 ἐπέθετο,
3423 5389 3475 5441 τί
3505 5387 3686 5441 τοίνυν

2038 5471 2268 5554 πάσχειν
2299 5478 2428 5541 τοὺς
2464 5475 2862 5554 ῥᾳθυμοτέρως
2897 5474 3124 5554 οἰόμεθα
3148 5471 3260 5554 ’ὑπὸ
3289 5473 3385 5554 τ-οὖ
3441 5472 3684 5554 μυσαροῦ

2041 5549 2318 5634 δαίμδνος,
2351 5561 2386 5632 ἢ
2435 5549 2540 5615 ὐπὸ
2579 5549 2676 5628 τῆς
2723 5558 2915 5612 ἑαυτοῦ
2965 5551 3275 5634 ἀμελείας)
3309 5549 3556 5634 ἐμηνύθη
3603 5553 3684 5634 τῶ

2040 5629 2184 5715 ἁγίῳ
2213 5629 2391 5714 τούτῳ
2417 5641 2551 5695 ποτε
2597 5641 2632 5707 ἡ
2681 5637 2909 5704 τελευτή
2950 5637 3046 5687 τοῦ
3076 5632 3268 5684 ἑαυτοῦ
3295 5629 3548 5707 πατέρος.
3581 5629 3682 5684 Καὶ

2041 5709 2190 5798 λέγει
2240 5725 2322 5798 τῳ
2359 5709 2759 5798 ἀναγγείλαντι,
2791 5719 2996 5774 Παῦσαι
3053 5709 3400 5786 βλασφημῶν
3433 5729 3446 5744 ·
3495 5713 3523 5767 6
3575 5710 3679 5786 γὰρ
