4074 6278
429 399 585 461 1195

1945 390 2314 456 PALLADII

3682 387 3842 449 “96

418 531 552 604 ἐμὸς
603 532 784 606 πατὴρ
842 531 1102 595 ἀθάνατός
1157 553 1318 588 εστιν.
1379 535 1524 594 Ἕως
1575 531 1797 587 ἐνταῦθα
1845 531 1872 583 ὁ
1903 525 2064 600 ἄκρος
2099 525 2150 589 Α
2180 527 2374 596 πικρᾶς
2401 530 2588 598 πηγῆς
2622 524 2837 579 αἰώνιον
2871 528 3014 596 νᾶμα
3045 519 3386 597 γλυκύτητος
3421 519 3558 592 μετᾶ
3583 520 3842 595 μεγάλης

421 615 547 690 βίος
576 620 677 684 τῆς
704 613 956 691 ἐναρέτου
993 612 1277 676 πολιτείας
1320 619 1417 669 106
1474 612 1730 689 ἀοιδίμου
1774 611 2068 689 Εὐαγρίου.

1036 709 1290 762 ΚΕΦΔΛ.
1342 705 1464 764 ΠΖ’.

1070 794 1202 867 Περὶ
1235 794 1409 868 Πίωρ.

492 880 647 956 Πίωρ
698 902 780 944 τις
849 881 1095 955 ὀνόματι,
1146 883 1208 937 τὸ
1271 883 1428 957 γένος
1473 883 1794 959 Αἷγύπτίος,
1836 883 1951 943 νέος
1999 885 2066 954 τῇ

418 958 631 1031 ἡλικίᾳ,
680 961 1070 1031 ἀποταξάῦενος
1127 960 1349 1033 ἐξῆλθεν
1397 967 1494 1018 106
1535 958 1690 1017 οἴκου
1731 964 1827 1017 106
1871 982 2070 1036 πατρι-

418 1045 540 1117 κοῦ,
580 1041 668 1096 καὶ
709 1039 778 1096 δι⁴
828 1038 1138 1116 ὑπερϐολήν
1199 1041 1403 1115 ἔρωτος
1459 1047 1830 1116 πνευματικοῦ
1897 1041 2064 1117 λόγον

417 1115 614 1177 ἔδωκεν
645 1126 726 1194 τῷ
765 1127 881 1194 Θεῷ
930 1115 1129 1194 μηκέτι
1177 1121 1307 1178 ῗδεῖν
1358 1145 1475 1194 τινα
1532 1115 1640 1178 τῶν
1695 1121 1866 1179 ἷδίων.
1921 1115 2067 1177 Μέτά

417 1201 509 1256 οὗν
546 1203 880 1273 πεντήκοντα
926 1199 1020 1272 ἔτη
1078 1205 1275 1258 τούτσυ
1335 1201 1544 1279 ἀδελφή
1613 1207 1920 1278 γηράσκσα,
1979 1202 2068 1257 καὶ

421 1285 665 1354 μαθοῦσα
694 1284 839 1356 παρά
867 1304 1016 1344 τινος
1048 1285 1130 1338 ὅτι
1164 1286 1191 1338 ὁ
1240 1282 1475 1357 ἀδελφὸς
1523 1283 1692 1352 αὐτῆς
1739 1287 1826 1356 ζῇ,
1873 1283 1948 1344 εἷς
1989 1283 2075 1337 ἐκ·

414 1363 626 1424 στάσεις
655 1360 886 1433 ἤλαυνεν
918 1363 1016 1431 ,ἐὰν
1069 1365 1142 1436 μὴ
1204 1362 1295 1438 ἴδῃ
1352 1363 1535 1420 αὐτόν.
1599 1363 1808 1420 Ἐλθεῖν
1871 1361 1927 1417 δέ
1990 1363 2065 1434 μὴ

416 1439 684 1514 δυναμένη
717 1440 770 1496 ἐν
797 1444 878 1515 ξτῇ
931 1441 1144 1515 ἐρήμῳ,
1196 1444 1460 1498 ἱκέτευσεν
1505 1444 1597 1497 τὸν
1641 1444 1779 1497 κατὰ
1829 1443 1919 1496 τὸν
1975 1443 2068 1496 τό-

413 1544 515 1579 πον
546 1523 840 1578 ἐπίσκοπον
870 1526 1073 1598 γράψαι
1103 1529 1220 1586 τοῖς
1272 1523 1322 1578 ἐν
1377 1528 1444 1597 τῇ
1499 1523 1716 1598 ἐρήμῳ,
1761 1522 1853 1578 ’ίνα
1909 1524 2068 1579 αὐτὸν

413 1603 812 1672 ἀποστείλωσι,
843 1605 934 1658 καὶ
980 1603 1070 1678 ἴδῃ
1107 1604 1291 1660 αὐτόν.
1327 1605 1453 1668 Βίας
1498 1603 1593 1658 οὖν
1645 1606 1796 1677 αύτῷ
1848 1605 2068 1674 πολλῆς

409 1685 786 1761 περιτεθείσης
826 1687 1157 1743 ὑπακοῦσται
1205 1691 1310 1740 τῶν
1365 1686 1641 1760 Πατέρων,
1674 1680 1849 1756 ἔδοξεν
1897 1683 2067 1740 ἄλλον

411 1763 503 1822 ἕνα
549 1761 938 1841 παραλαϐόντα
996 1764 1272 1823 ἀπελθεῖν.
1316 1766 1418 1822 Καὶ
1469 1766 1734 1839 ἐσήμανεν
1792 1770 1870 1837 τῷ
1928 1765 2065 1838 οἷ’κῳ

407 1853 509 1917 τῆς
548 1847 816 1923 ἀδελφῆς,
857 1848 939 1901 ὅτι
993 1847 1142 1920 Πίωρ
1193 1848 1220 1901 ὁ
1272 1844 1508 1923 ἀδελφός
1565 1868 1660 1901 σου
1722 1846 2062 1921 παρεγένετο,

408 1929 497 1984 καὶ
527 1922 629 2000 ἔξω
667 1926 910 1998 ἕστηκεν.
952 1925 1288 2000 Δίσθόμενος
1330 1924 1388 1981 δὲ
1415 1922 1512 1982 106
1543 1927 1721 2006 ψόφου
1751 1934 1853 1996 τῆς
1905 1928 2066 2001 θύρας

409 2012 492 2066 δτι
533 2009 609 2071 εἷς
650 2007 964 2074 συνάντησιν
1029 2008 1198 2062 αὐτοῦ
1259 2006 1534 2084 ἐξέρχεται
1566 2009 1600 2076 ἡ
1634 2005 1893 2084 ἀδελφὴ,
1925 2029 2069 2080 καμ-

411 2089 588 2163 μύσας
615 2089 642 2144 ὁ
683 2090 834 2163 Πίωρ
859 2089 986 2151 τοὺς
1029 2087 1368 2166 ὀφθαλμοὺς,
1402 2083 1628 2157 ἐϐόησεν
1666 2083 1814 2166 πρὸς
1848 2085 2018 2157 αὒτήν
2050 2100 2067 2116 ⁸

409 2168 655 2244 Ἀδελφή
714 2172 750 2239 ἡ
802 2166 971 2236 δεῖνα,
1023 2165 1134 2242 ἐγὼ
1193 2168 1305 2241 εἰμι
1358 2169 1511 2242 Πίωρ
1563 2168 1590 2221 ὁ
1650 2165 1887 2241 ἀδελφός
1946 2190 2066 2228 σου,

408 2251 514 2324 ἐγὼ
561 2251 698 2329 εἰμι,
744 2248 849 2320 ἴδε,
911 2247 1083 2329 βλέπε
1139 2270 1206 2323 με
1245 2248 1371 2304 ὅσον
1431 2247 1628 2313 θέλεις.
1699 2247 2070 2329 Πληροφορη.

409 2331 561 2385 θεῖσα
625 2327 716 2385 οὖν
789 2329 967 2401 ἐκείνη
1030 2327 1274 2400 ἐδόξασεν
1341 2329 1434 2385 τὸν
1509 2331 1659 2400 Θεὸν,
1716 2331 1804 2384 καὶ
1883 2327 2070 2386 πολλά

407 2413 682 2482 ποιήσασα
712 2409 811 2465 ούκ
849 2405 1058 2466 ἔπεισεν
1100 2409 1263 2466 αὐτὸν
1309 2410 1567 2465 εἰσελθεῖν
1601 2411 1679 2473 είς
1727 2411 1818 2465 τὸν
1869 2411 2015 2465 οἶκον
2050 2425 2064 2440 ⁶

407 2489 556 2547 ἀλλὰ
585 2491 755 2566 εὐχὴν
788 2493 1028 2562 ποιήσας
1060 2491 1147 2546 ἐπὶ
1178 2498 1278 2561 τῆς
1312 2490 1476 2568 φλιᾶς
1517 2489 1873 2564 ἀπεδήμησεν
1903 2491 2066 2547 πάλιν

407 2571 484 2631 εἷς
531 2572 631 2638 τὴν
677 2569 909 2645 ἔρημον,
959 2573 1059 2640 τὴν
1107 2569 1248 2626 ἰδίαν
1315 2569 1570 2643 πατρίδα,
1621 2570 1732 2626 ἐκεῖ
1789 2575 2065 2647 κατορθῶν

410 2651 512 2717 τήν
540 2656 640 2718 τῆς
673 2651 951 2720 ἀσκήσεως
973 2651 1188 2722 ἀρετήν.
1224 2649 1431 2705 Τούτου
1465 2649 1521 2704 δέ
1569 2655 1666 2705 106
1713 2653 1869 2724 ἁγίου
1906 2657 2066 2707 τοῦτο

449 2729 626 2804 έρεται
675 2733 776 2793 τῆς
827 2731 1107 2801 ὑπομονῆς
1152 2732 1215 2784 τὸ
1261 2732 1461 2801 θαῦμα.
1517 2731 1608 2791 Εῗς
1659 2733 1750 2784 τὸν
1795 2733 1960 2787 τόπον
2008 2735 2064 2789 ὃν

449 2752 626 2804 ερεται
675 2752 776 2793 της
827 2752 1107 2801 υπομονης
1152 2752 1215 2784 το
1261 2752 1461 2801 οαυμα.
1517 2752 1608 2791 ηις
1659 2752 1750 2784 τον
1795 2752 1960 2787 τοπον
2008 2755 2064 2789 ον

407 2752 626 2883 Σῦκησεν
679 2807 870 2882 ὀρύξας
928 2810 1118 2887 φρέαρ,
1177 2809 1326 2882 εὗρεν
1391 2807 1538 2884 ὕδωρ
1592 2811 1945 2885 πικρότατον,
1978 2815 2065 2868 καὶ

409 2889 611 2970 μέχρις
651 2888 778 2945 ὅτου
809 2887 1156 2960 ἐτελεύτησεν
1189 2887 1362 2970 ἐκεῖσε
1401 2889 1744 2964 παρέμεινεν,
1770 2895 2068 2967 στοιχήσας

416 2967 603 3045 ἐκείνῳ
644 2973 798 3045 μόνῳ
826 2975 904 3042 τῷ
933 2972 1245 3045 πικροτάτῳ
1277 2967 1450 3041 ὕδαιι,
1473 2970 1566 3026 *ίνα
1597 2970 1791 3048 δειχθῇ
1822 2977 1917 3027 τοῦ
1947 2995 2067 3048 γεν.

416 3053 568 3110 ναίου
597 3052 794 3108 τούτου
825 3051 1069 3124 ἀθλητοῦ
1101 3056 1198 3108 106
1229 3053 1464 3125 Χριστοῦ
1493 3054 1526 3122 ἡ
1563 3054 1834 3126 ὑπομονή.
1855 3055 2068 3110 Πολλοὶ

414 3140 548 3211 γοῦν
577 3139 688 3190 τῶν
733 3138 992 3208 μοναχῶν
1027 3131 1400 3206 δοκιμώτατοι
1422 3131 1611 3208 ἄνδρες
1636 3137 1770 3206 μετά
1795 3137 1884 3190 τὸν
1907 3138 2068 3192 θάνα-

413 3237 506 3271 τον
538 3219 636 3270 106
668 3214 934 3270 ἀθανάτου
967 3216 1445 3292 φιλονεικήσαντες
1477 3220 1656 3288 μεῖναι
1691 3215 1741 3269 ἐν
1771 3220 1840 3290 τῇ
1890 3217 2062 3292 κέλλῃ

415 3295 618 3369 ἐκείνῃ,
661 3294 900 3371 ἐνιαυτὸν
943 3295 1074 3351 ὅλον
1135 3295 1233 3350 ούκ
1281 3295 1508 3371 ἴσχυσαν
1565 3295 1860 3352 ἐκτελέσαι.
1911 3304 2062 3353 Ἔστι

415 3375 524 3457 γὰρ
558 3370 1021 3457 καθ’-ὑπερϐολὴν
1045 3375 1135 3430 καὶ
1179 3376 1242 3457 τὸ
1299 3370 1458 3457 ὕδωρ,
1477 3378 1692 3452 πικρὸν,
1718 3379 1809 3431 καὶ
1857 3376 2064 3457 σφόδρα

418 3449 651 3528 φοϐερὸς
679 3454 707 3507 ὁ
737 3454 924 3526 τόπος,
955 3460 1048 3510 καῖ
1071 3449 1846 3531 παντάπασινᾶπαράκλητος.

1027 3546 1282 3598 ΚΕΦΑΛ.
1325 3546 1456 3600 IIH'.

811 3627 941 3702 Περὶ
982 3630 1257 3691 Μωϋσέως
1301 3635 1398 3684 τοῦ
1448 3625 1669 3693 Λίϐυος.

485 3721 724 3788 Μωῦῆς
761 3719 789 3774 ὁ
838 3713 1028 3788 Λίϐυς,
1072 3719 1206 3793 ἀνὴρ
1255 3722 1565 3796 πραότατος
1623 3719 1744 3777 λίαν
1804 3725 1890 3780 καὶ
1933 3728 2061 3802 ἀγα-

409 3808 791 3879 πητικώτατος
827 3828 838 3842 ·
875 3809 1035 3870 οὗτος
1069 3809 1378 3882 κατηξιώθη
1413 3809 1756 3887 χαρίσματος
1791 3812 2058 3888 ἰαμάτων.

408 3897 584 3961 Αὐτός
621 3920 716 3971 μοι
745 3898 1093 3974 ἀφηγήσατο,
1124 3901 1208 3954 δτι
1240 3901 1328 3957 Ἐν
1374 3905 1454 3972 τῷ
1506 3903 1859 3978 μοναστηρίῳ
1905 3901 2056 3978 ἤμην

403 3988 521 4050 νέος
578 3987 782 4061 ἂκμήν,
832 3990 922 4043 καὶ
969 3990 1138 4066 φρέαρ
1205 3989 1487 4064 ὡρύξαμεν
1565 3990 1836 4066 μέγιστον,
1886 3993 2056 4050 εἴκοσι

405 4074 588 4132 ποδῶν
618 4075 862 4140 πλάτους
896 4097 910 4110 ·
944 4077 997 4132 έν
1045 4077 1222 4150 τούτῳ
1267 4083 1412 4152 τρεῖς
1451 4080 1660 4154 ἡμέρας
1709 4081 2054 4157 ἐκχοΐσαντες

403 4157 592 4228 ἄνδρες
623 4158 977 4238 ὀγδοήκοντα,
1006 4162 1096 4216 καὶ
1127 4163 1229 4231 τὴν
1261 4164 1464 4234 συνήθη
1501 4164 1589 4219 καὶ
1618 4165 1856 4223 ὕποπτον
1881 4166 2056 4246 φλέϐα

403 4251 769 4324 παρελθόντες
799 4251 873 4313 ὡς
905 4258 1113 4325 πῆχυν,
1150 4252 1258 4326 οὐχ
1287 4251 1512 4327 εὕρομεν
1546 4251 1716 4329 ὕδωρ.
1745 4258 1891 4312 Πάνυ
1924 4264 2054 4333 γοῦν

402 4337 845 4407 ἀπολυπηθέντες
886 4339 1256 4413 ἐσκεπτόμεθα
1301 4341 1655 4416 ἀναχωρῆσαι
1714 4349 1810 4399 τοῦ
1863 4344 2050 4422 ἔργου.

400 4425 500 4480 Καὶ
531 4423 583 4479 ἐν
603 4429 682 4497 τῷ
705 4427 1011 4482 σκέπιεσθαι
1041 4431 1191 4503 ἡμᾶς
1221 4434 1407 4502 τοῦτο,
1428 4430 1645 4495 ἐπιστὰς
1662 4435 1799 4508 ἡμῖν
1824 4435 1850 4490 ό
1875 4440 2051 4510 μακά-

400 4535 518 4592 ριος
544 4516 698 4591 Πίωρ
730 4513 790 4571 ἐκ
825 4522 924 4587 τῆς
963 4521 1166 4591 πανερή
1180 4540 1284 4592 μου
1315 4519 1366 4574 ἐν
1400 4520 1536 4596 αὐτῇ
1567 4527 1635 4596 τῇ
1657 4519 1784 4600 ἕκτῃ
1803 4530 1900 4581 106
1920 4529 2052 4582 καύ-

400 4626 592 4679 ματος,
624 4605 800 4682 γέρων
836 4602 1304 4682 περιϐεϐλημένος
1342 4612 1440 4680 τὴν
1477 4610 1860 4685 μηλωτὴν,καὶ
1883 4616 2050 4673 ἀσπα-
2081 4626 2126 4690 D
2230 4639 2328 4694 Καὶ
2383 4638 2551 4694 ἄλλον
2594 4640 2654 4694 ἐκ

397 4696 630 4770 σάμενος
660 4698 832 4772 ἡμᾶς,
876 4695 1018 4774 λέγει
1055 4697 1189 4771 μετά
1226 4699 1317 4753 τὸν
1366 4699 1649 4774 ἀσπασμὸν
1677 4704 1812 4777 πρὸς
1843 4707 1992 4779 ἡμᾶς
2028 4728 2041 4741 ο

394 4785 454 4840 Τί
500 4785 1009 4862 ἐμικροψυχήσατε,
1072 4787 1444 4862 ὀλιγόπιστοι,
1486 4791 1700 4865 έώρακα
1750 4795 1852 4869 γὰρ
1906 4795 2048 4869 ὗμᾶς

395 4872 502 4927 ἀπὸ
532 4874 691 4948 ἐχθὶς
725 4880 1232 4952 μικροψυχοῦντας.
1257 4878 1354 4931 Καὶ
1385 4883 1552 4933 10610
1595 4880 1764 4936 εἰπὼν
1794 4883 2043 4955 καθίησιν

393 4965 495 5033 τὴν
526 4962 774 5037 κλίμακα
803 4965 878 5029 είς
910 4968 972 5022 τὸ
1003 4963 1221 5044 ὄρυγμα
1257 4971 1354 5023 106
1387 4969 1636 5045 φρέατος,
1669 4972 1758 5025 καὶ
1781 4979 1930 5029 ποιεῖ
1961 4976 2044 5030 εύ-

397 5052 505 5128 χήν
536 5053 626 5106 σὺν
658 5054 864 5114 αὐτοῖς.
904 5056 998 5110 Καὶ
1034 5052 1220 5112 λαϐὼν
1250 5059 1340 5111 τὸν
1375 5054 1568 5133 ὅρυγα,
1587 5060 1677 5114 καὶ
1701 5066 2039 5140 κατενεγκὼν

391 5143 579 5220 τρίτην
609 5144 858 5220 πληγὴν,
891 5146 1055 5201 εἶπεν·
1078 5150 1134 5203 '0
1168 5149 1296 5210 Θεὸς
1319 5153 1423 5204 τῶν
1455 5149 1623 5225 ἁγίων
1657 5159 2037 5228 πατριαρχῶν,

394 5236 471 5311 μὴ
512 5234 826 5310 ἀχρειώσῃς
857 5234 948 5288 τὸν
973 5235 1133 5291 πόνον
1165 5241 1272 5291 τῶν
1308 5235 1521 5294 δούλων
1555 5261 1672 5308 σου,
1714 5241 1861 5296 ἀλλὰ
1898 5244 2038 5300 ἀπό-

390 5323 603 5382 στειλον
646 5323 832 5386 αὐτοῖς
862 5324 962 5394 τήν
987 5328 1094 5380 τῶν
1121 5323 1545 5406 ὑδάτωνχρείαν.
1574 5330 1672 5385 Καὶ
1695 5340 2039 5409 παραχρῆμα

386 5412 711 5488 ἐξεπήδησεν
767 5411 940 5490 ὕδωρ,
986 5413 1061 5476 ὡς
1111 5415 1366 5487 ῥανθῆναι
1407 5417 1606 5480 πάντας
1655 5421 1822 5493 ἡμᾶς.
1869 5421 2037 5479 Πάλιν

389 5504 480 5557 οὖν
531 5505 966 5578 προσευξάμενος
1015 5499 1217 5577 ᾤχετο,
1260 5506 1694 5582 Ἀναγκαζόντων
1738 5508 1831 5564 οὗν
1875 5513 2033 5568 αὐτὸν

391 5591 476 5647 ἵνα
505 5593 649 5668 φάγῃ
679 5593 809 5664 ἐκεῖ,
844 5593 942 5649 ούκ
970 5593 1256 5668 ἠνέσχετο,
1285 5593 1448 5650 εἰπὼν
1489 5616 1502 5630 ο
1532 5603 1608 5651 Δι’
1639 5599 1667 5652 ὃ
1698 5599 2033 5675 ἀπεστάλην,

388 5679 593 5752 ἠνύσθη
629 5697 643 5712 ⁸
686 5677 755 5734 δι’
786 5681 954 5737 ἐκεῖνο
988 5681 1044 5738 δέ
1085 5685 1180 5736 ούκ
1213 5681 1538 5752 ἀπεστάλην.
1558 5689 1734 5740 Ταῦτα
1760 5690 1825 5741 τὰ
1857 5691 2034 5762 παρά-

388 5769 515 5841 δοξα
545 5768 794 5841 θαύματα
824 5771 974 5844 Πίωρ
1014 5775 1110 5826 τοῦ
1141 5771 1389 5847 γενναίου
1419 5770 1618 5827 στύλου
1666 5777 1765 5839 τῆς
1819 5776 2033 5852 ὑπομο-

387 5864 510 5927 νῆς,
541 5856 632 5911 καὶ
669 5860 836 5913 τοῦτο
865 5859 930 5913 τὸ
959 5857 1120 5922 τέλος
1167 5867 1266 5930 τῆς
1299 5859 1503 5916 ἐκείνου
1533 5859 1750 5937 ἀρετῆς,
1783 5867 1899 5922 αντὶ
1929 5873 2026 5936 τῆς

2098 3265 2146 3330 C
2179 3267 2268 3339 ὑφ’
2297 3264 2349 3320 ἔν
2382 3263 2476 3320 δύο
2508 3271 2747 3339 χιτῶνας
2789 3266 2888 3319 ούκ
2925 3262 3105 3340 ἔσχεν)
3141 3282 3154 3294 ’

2181 620 2553 685 πνευματικῆς
2583 618 2756 690 χαρᾶς
2798 611 3090 668 ἀπολαύων
3125 609 3214 665 διὰ
3245 610 3469 671 παντός.

2784 705 3045 759 ΚΕΦΑΛ.
3098 701 3223 756 ΠΘ’.

2801 792 2931 867 Περὶ
2972 789 3221 866 Κρονίου.

2251 878 2485 956 Χρόνιός
2515 903 2597 945 τις
2629 884 2854 957 ὀνόματι
2887 883 3210 957 ὁρμώμενος
3257 879 3315 934 ἐκ
3343 886 3447 948 τῆς
3486 880 3684 951 κώμης
3736 889 3843 949 τῆς

2179 962 2480 1040 λεγομένης
2549 963 2820 1030 Φοίνικος,
2880 963 3264 1034 ἀπομετρήσας
3329 960 3437 1040 ἀπὸ
3507 966 3608 1028 τῆς
3686 957 3836 1023 ἰδίας

2177 1039 2372 1116 κώμης
2404 1044 2643 1114 πλησίον
2689 1042 2854 1113 οὔσης
2892 1050 2995 1111 τῆς
3053 1042 3267 1115 ἐρήμου
3321 1039 3489 1113 μύρια
3539 1061 3837 1096 πεντακισ-

2177 1124 2338 1197 χίλια
2391 1125 2634 1198 βήματα,
2682 1129 2763 1195 τῷ
2822 1121 2978 1196 δεξιῷ
3034 1118 3158 1176 ποδὶ
3220 1119 3618 1194 ἀριθμούμενα,
3657 1121 3836 1175 ἐκεῖσε

2176 1203 2607 1278 προσευξάμενος
2665 1204 2862 1273 ὤρυξεν
2929 1200 3119 1281 φρέαρ,
3179 1203 3267 1255 καὶ
3320 1203 3471 1275 εὗρεν
3530 1201 3834 1258 κάλλιστον

2177 1282 2323 1358 ὕδωρ
2355 1283 2562 1359 ἀπέχον
2592 1284 2666 1345 εἲς
2708 1285 2872 1358 βάθος
2918 1280 3140 1357 ὀργυιὰς
3172 1283 3324 1337 ἑπτά.
3377 1283 3474 1336 Καὶ
3529 1280 3836 1354 ᾠκοδόμη-

2176 1387 2259 1419 σεν
2291 1366 2464 1437 ἐαυτῷ
2504 1364 2612 1420 ἐκεῖ
2639 1365 2802 1435 ξενίαν
2852 1366 3071 1438 μικράν.
3119 1364 3215 1418 Καὶ
3250 1363 3340 1440 ἀφ’
3390 1365 3455 1433 ἧς
3507 1365 3712 1436 ἡμέρας
3741 1363 3829 1417 ἐν·

2175 1447 2431 1520 εθρίνισεν
2481 1448 2665 1501 ἑαυτὸν
2723 1450 2790 1520 τῇ
2838 1451 2996 1519 μονῇ,
3055 1442 3252 1515 ηὔξατο
3298 1449 3378 1515 τῷ
3417 1449 3536 1516 Θεῷ
3589 1447 3662 1517 μή
3707 1446 3835 1499 ἀνα.

2174 1526 2386 1599 κάμψαι
2435 1526 2613 1581 οὐκέτι
2667 1527 2742 1588 εἷς
2799 1525 3119 1598 οἰκούμενον
3178 1526 3373 1580 τόπον.
3440 1524 3831 1598 Παρελθόντων

2176 1604 2230 1660 δέ
2281 1606 2487 1679 ὀλίγων
2535 1606 2690 1672 ἐτων,
2741 1607 2949 1679 ἠξιώθη
2995 1600 3407 1681 πρεσϐυτερίου,
3449 1602 3837 1678 ἀδελφότητος

2175 1688 2299 1762 περὶ
2349 1687 2506 1742 αὐτὸν
2558 1687 2917 1763 συναχθείσης
2947 1687 3020 1746 ὡς
3066 1684 3271 1760 ἀνδρῶν
3321 1685 3644 1764 διακοφίων.
3682 1686 3833 1756 Αὕτη

2177 1768 2267 1826 οὖν
2301 1771 2475 1848 αὐτοῦ,
2497 1769 2709 1848 φέρεται
2737 1775 2837 1838 τῆς
2887 1769 3181 1848 ἀσκήσεως,
3205 1768 3391 1842 ἁρετὴ,
3425 1767 3510 1848 ὅτι
3569 1768 3838 1848 ἐξήκοντα

2177 1849 2268 1920 ἔτη
2320 1847 2688 1923 παρεδρεύσας
2726 1854 2806 1920 τῷ
2865 1847 3233 1920 θυσιαστηρίῳ
3276 1847 3593 1921 ἱερατεύων,
3627 1847 3692 1901 06
3732 1857 3837 1917 τῆς

2177 1932 2387 2004 ἐρήμου
2447 1929 2690 2001 ἐξῆλθεν,
2740 1929 2840 1984 οὒκ
2894 1928 3044 1989 ἐκτὸς
3098 1925 3256 2002 ἔργου
3308 1924 3456 1981 ἰδίων
3505 1929 3842 2003 χειρῶν

2179 2007 2386 2086 ϐρωκεν
2415 2009 2594 2085 ἄρτον.

2816 2090 3183 2165 KE¢AA.kz

2801 2180 2928 2250 Περὶ
2981 2175 3198 2235 Ἰακώϐ.

2245 2270 2430 2341 Τούτῳ
2461 2269 2686 2340 συνῴκει
2718 2262 2914 2326 Ἰακώϐ
2953 2290 3038 2330 τις
3077 2267 3137 2322 ἐκ
3187 2267 3461 2344 γειτόνων,
3513 2269 3541 2322 ὁ
3593 2267 3834 2339 ἐπίκλην

2177 2349 2393 2420 Χωλὺς,
2440 2350 2886 2423 γνωστικώτατος
2936 2349 3012 2409 εἷς
3071 2347 3254 2422 ἀκρον.
3296 2349 3626 2428 Ἀμφότεροι
3678 2352 3837 2424 γνώ-

2180 2450 2332 2505 ριμοι
2371 2433 2450 2501 τῷ
2484 2430 2733 2502 μακαρίῳ
2763 2427 3032 2500 Ἀντωνίῳ
3073 2427 3346 2502 ὑπῆρχον.

2782 2517 3214 2594 ΚΕΦΑΛ.ςΑκ

2739 2609 2865 2681 Περὶ
2899 2607 3261 2683 Παφνουτίου.

2250 2702 2359 2768 Μιᾷ
2414 2702 2517 2752 τῶν
2578 2699 2798 2773 ἡμερῶν
2855 2693 3251 2786 συνδραμόντος
3318 2696 3408 2751 καὶ
3471 2700 3825 2786 Παφνουτίου

2175 2783 2276 2833 τοῦ
2316 2777 2708 2853 ἐπιλεγομένου
2755 2775 2993 2854 Κεφαλᾶ,
3052 2775 3241 2850 ἀνδρὸς
3285 2775 3578 2851 θαυμαστοῦ
3626 2778 3822 2848 (οὗτος

2179 2857 2422 2932 χάρισμα
2452 2857 2708 2932 γνώσύως
2736 2858 2885 2935 εἶχεν
2917 2861 3022 2911 τῶν
3074 2858 3228 2913 θείων
3282 2864 3524 2936 Γραφῶν,
3570 2858 3826 2924 Παλαιᾶς

2176 2939 2265 2992 καὶ
2299 2944 2498 3007 Καινῆς
2560 2940 2852 3008 Διαθήκης,
2910 2943 3082 2992 πᾶσαν
3141 2939 3313 3007 αὐτὴν
3372 2941 3707 3014 ἡρμήνευσε,
3746 2944 3824 3013 μή

2177 3021 2494 3094 ἀνεγνωκὼς
2555 3021 2786 3096 Γραφάς.
2849 3025 3024 3094 Πρᾶος
3084 3019 3140 3075 δέ
3187 3023 3254 3090 ἧν
3294 3027 3578 3092 τοσοῦτον,
3611 3025 3688 3089 ὡς
3726 3047 3824 3079 καο

2179 3103 2472 3157 λύπτεσθαι
2539 3099 2623 3155 ἐπ’
2669 3101 2834 3155 αὐτοῦ
2891 3103 2991 3170 τήν
3041 3105 3387 3177 προφητικὴν
3466 3104 3689 3178 ἀρετήν.
3749 3103 3822 3159 06

2177 3185 2390 3261 φέρεται
2435 3183 2709 3259 ἐγκώμιον
2751 3183 2971 3255 ἀρετῆς,
3005 3184 3088 3237 ὅτι
3137 3181 3479 3257 ὀγδοήκοντα
3526 3182 3621 3254 ἔτη
3667 3188 3822 3248 οὗτος

3207 3266 3420 3326 τούτοις
3465 3268 3825 3342 συντυχόντες

2170 3349 2276 3421 ἐγώ
2305 3368 2362 3402 τε
2401 3346 2489 3402 καὶ
2523 3347 2574 3401 οἱ
2645 3348 2902 3420 μακάριοι
2963 3342 3202 3400 διάκονοι
3251 3347 3519 3420 Εύάγριος
3565 3348 3655 3401 καὶ
3689 3349 3824 3405 Ἀλ-

2171 3426 2344 3498 ϐίκος,
2390 3427 2684 3500 ἐζητοῦμεν
2731 3429 2916 3498 μαθεῖν
2961 3429 3087 3497 παρ’
3118 3427 3290 3481 αὐτῶν
3336 3427 3432 3490 τάς
3475 3427 3651 3491 αἰτίας
3710 3435 3820 3485 τῶν

2169 3511 2628 3588 παραπιπτόντων
2688 3511 2721 3580 ἢ
2789 3507 3188 3564 ἐπιπιπτόντων
3258 3507 3532 3588 ἀδελφῶν,
3579 3511 3614 3580 ἢ
3649 3514 3821 3591 σφαλ-

2169 3593 2417 3667 λομένων
2449 3593 2498 3647 ἐν
2527 3597 2605 3665 τῷ
2632 3594 2922 3662 καθήκοντι
2956 3591 3081 3666 βίῳ.

2789 3687 3042 3738 ΚΕΦΑΛ.
3087 3679 3202 3758 ιιΒκ

2726 3773 2851 3844 Περὶ
2885 3771 3252 3843 Χαιρήμονος.

2237 3859 2440 3932 Συνέϐη
2474 3864 2576 3936 γὰρ
2609 3861 2662 3917 ἐν
2692 3866 2812 3923 ταῖς
2844 3859 3076 3934 ἡμέραις
3101 3859 3331 3922 ἐκείναις
3362 3860 3452 3915 καὶ
3483 3864 3821 3936 Χαιρήμονα

2162 3943 2255 3998 τὸν
2282 3943 2522 4013 ἀσκητήν
2554 3942 2909 4015 καθεζόμενον
2936 3940 3257 4018 τελευτῆσαι
3283 3941 3371 3995 καὶ
3411 3943 3699 4018 εὑρεθῆναι
3725 3967 3811 4000 νε-

2163 4024 2290 4098 κρὸν
2325 4024 2374 4078 ἐν
2402 4023 2470 4097 τῇ
2501 4021 2753 4099 καθέδρα,
2783 4020 3084 4098 κατέχοντα
3106 4023 3167 4076 τὸ
3190 4017 3348 4099 ἔργον
3372 4021 3424 4078 ἐν
3456 4030 3575 4087 ταῖς
3598 4026 3814 4101 χερσίν.

2767 4111 3201 4189 ΛΕΦΑΑ.ςΓι

2803 4200 2932 4275 Περὶ
2961 4198 3158 4256 ἄλλου.

2233 4285 2440 4360 Συνέϐη
2499 4291 2587 4344 καὶ
2639 4289 2805 4346 ἄλλον
2857 4287 3088 4369 ἀδελφὸν
3145 4289 3441 4366 ὀρύσσοντα
3493 4291 3657 4372 φρέαρ
3705 4315 3809 4349 κα-

2165 4373 2512 4446 ταχωσθῆναι
2547 4373 2636 4426 ὑπ’
2668 4373 2854 4428 αὐτοῦ.

2775 4461 3198 4540 ΚΕΦΑΑ.ιΔκ

2793 4551 2924 4625 Περὶ
2978 4549 3168 4609 ἄλλου.

2707 4647 2805 4710 τῆς
2862 4644 3116 4714 Σκήτεῶς
3145 4639 3439 4716 ἐρχόμενον
3501 4639 3804 4696 ἀποθανεῖν

2159 4719 2262 4775 ἀπὸ
2296 4718 2459 4794 δίψης
2489 4719 2704 4784 ὕδατος.

2762 4805 3196 4882 ΚΕΦΑΑ.ιΕκ

2511 4892 2638 4969 Περὶ
2673 4895 2944 4971 Στεφάνου
2976 4899 3074 4951 106
3098 4893 3442 4957 ἐκπέσόντος.

2225 4981 2612 5054 Ἐμνήσθημεν
2645 4980 2702 5037 δὲ
2731 4984 2820 5038 καὶ
2867 4985 2933 5039 τὰ
2991 4983 3127 5039 κατά
3178 4980 3449 5060 Στέφανον
3504 4985 3595 5038 τὸν
3636 4983 3801 5039 ἐκπε-

2152 5069 2310 5124 σόντα
2341 5069 2416 5132 είς
2462 5072 2691 5147 αἰσχρὰν
2742 5072 2975 5129 ἀσωτίαν
3018 5091 3032 5106 '
3073 5074 3165 5129 καὶ
3222 5073 3555 5148 Εύκάρπιον,
3586 5076 3676 5129 καὶ
3736 5077 3802 5129 τὰ

2149 5159 2525 5235 κατὰ’Ήρωνα
2574 5163 2664 5217 τὸν
2711 5161 3084 5238 Ἀλεξανδρέα,
3114 5163 3207 5219 καί
3264 5167 3330 5219 τὰ
3390 5166 3524 5219 κατὰ
3583 5163 3805 5234 Οὗάλην

2149 5250 2239 5305 τὸν
2295 5249 2674 5322 Παλαιστῖνον,
2707 5253 2796 5308 καὶ
2842 5253 2908 5309 τὰ
2954 5255 3091 5310 κατὰ
3120 5255 3210 5308 τὸν
3240 5253 3584 5327 Πτολεμαῖον
3616 5255 3708 5307 τὸν
3747 5254 3801 5308 ἐν

2146 5342 2214 5412 τῇ
2273 5341 2467 5410 Σκήτει
2520 5341 2818 5416 Αίγύπτον.
2895 5343 3335 5416 Συνερωτώντων
3395 5344 3554 5416 ἡμῶν
3620 5343 3706 5404 τίς
3766 5347 3802 5412 ἡ

2148 5426 2315 5496 αἰτία,
2359 5433 2455 5484 106
2497 5427 2668 5493 οῧτως
2719 5435 2918 5500 ζῶντας
2970 5431 3021 5487 ἐν
3088 5433 3252 5506 ἀρετῇ
3309 5432 3432 5506 βίου
3491 5429 3542 5485 ἐν
3594 5430 3803 5506 ἐρημία

2142 5516 2375 5591 τοσαύτῃ
2403 5519 2530 5580 τοὺς
2575 5528 2668 5593 μὲν
2712 5521 3055 5593 ἀπατηθῆναι
3110 5518 3410 5596 βλαϐέντας
3463 5522 3560 5590 τήν
3613 5523 3803 5600 φρένα,

2141 5609 2268 5668 τοὺς
2300 5605 2356 5662 δὲ
2405 5608 2609 5665 ἁλῶναι
2657 5613 3082 5690 γαστριμαργίᾳ,
3113 5615 3253 5687 ςτοὺς
3284 5609 3341 5666 δὲ
3397 5608 3805 5685 περιρῥαγῆναι

2145 5695 2414 5768 ἀκολασία
2447 5718 2459 5732 ⁸
2494 5701 2692 5772 ταύτην
2726 5700 2816 5757 οὖν
2864 5705 2998 5776 ἡμῖν
3053 5704 3105 5758 οἱ
3155 5704 3301 5778 ἅγιοι
3350 5702 3450 5770 τήν
3507 5699 3799 5773 ἀπόκρισιν

2144 5789 2524 5861 πεποιήκασιν,
2585 5791 2919 5866 Παφνούτιός
2967 5814 3023 5847 τε
3091 5793 3118 5845 ὁ
3176 5790 3628 5865 γνωστικώτατος
3688 5790 3800 5846 ’ὁτι-

2139 5894 2237 5949 περ
2289 5875 2466 5933 Πάντα
2520 5879 2587 5934 τὰ
2641 5881 2902 5956 γινόμενα
2959 5879 3251 5957 διλιρεῖται
3310 5880 3387 5943 εἱς
3443 5876 3564 5951 δύο,
3605 5876 3689 5942 εἴς
3737 5901 3800 5938 τε
