4074 6278
231 348 392 407 1197

1585 347 1957 409 HISTORIA
2003 347 2413 409 LAUSIACA.

3606 348 3761 406 1198

228 481 531 538 tissimum
563 487 617 539 et
650 483 1139 554 perfectissimum
1171 481 1301 538 vitae
1336 483 1665 539 institutum
1699 482 1943 555 insignis
1975 490 2028 555 Α
2058 483 2139 537 illi
2175 483 2289 537 vim
2324 483 2576 537 facerent
2609 489 2664 536 ut
2720 481 2839 536 illic
2882 484 3228 550 comederet,
3275 501 3389 539 non
3456 484 3646 555 potuit
3698 485 3757 537 in

231 569 484 641 Evagrii.

796 662 1028 718 CAPUT
1064 662 1379 717 LXXXVII.

723 752 855 806 Vita
884 753 1103 806 abbatis
1134 753 1263 805 Pior
1294 752 1470 822 (138).

303 844 548 907 Quidam
581 844 715 897 Pior
764 843 999 898 nomine
1042 844 1231 915 (Ba/7.,
1265 844 1301 897 1.
1340 860 1423 911 ιιι,
1459 861 1515 904 n,
1568 844 1625 899 31
1660 861 1672 911 ;
1722 843 1940 913 Pelag.,

222 933 401 988 libell.
436 950 510 1001 ιν,
552 934 754 998 12.31).
816 932 1114 1005 [Egyptius
1173 949 1403 1004 genere,
1454 938 1617 988 aetate
1678 934 1941 1004 juvenis,

223 1038 358 1076 cum
387 1023 608 1077 mundo
659 1024 1075 1088 renuntiasset,
1110 1022 1245 1077 exiit
1277 1039 1307 1076 e
1364 1023 1537 1077 domo
1580 1026 1853 1094 paterna;
1887 1026 1943 1075 et

222 1116 465 1182 propter
497 1111 787 1182 insignem
820 1128 1076 1167 amorem
1118 1111 1458 1181 spiritalem,
1502 1112 1617 1167 Deo
1666 1119 1753 1169 est
1800 1129 1932 1183 pro-

222 1199 414 1256 fessus
447 1217 507 1255 se
532 1200 757 1256 nullum
792 1218 862 1256 ex
883 1201 1008 1256 suis
1037 1201 1299 1257 visurum
1332 1203 1608 1274 amplius.
1644 1204 1934 1274 Quinqua-

221 1290 388 1359 ginta
420 1307 553 1361 ergo
584 1295 712 1360 post
744 1291 911 1346 annis
944 1308 1107 1346 soror
1162 1293 1290 1361 ejus
1348 1309 1475 1363 quae
1529 1298 1934 1365 consenuerat,

221 1385 283 1435 et
314 1380 385 1434 ab
408 1379 604 1451 aliquo
638 1380 946 1435 resciverat
978 1383 1210 1437 fratrem
1273 1399 1447 1437 suum
1489 1382 1696 1451 vivere,
1752 1385 1937 1457 venie,

221 1469 327 1523 bat
355 1469 411 1522 in
447 1469 655 1523 mentis
686 1473 890 1524 emotae
924 1470 1271 1540 periculum,
1304 1470 1418 1525 nisi
1450 1472 1640 1541 ipsum
1693 1473 1930 1529 videret.

220 1559 365 1614 Cum
407 1560 603 1612 autem
639 1574 753 1612 non
787 1564 984 1629 posset
1017 1560 1207 1614 venire
1240 1561 1297 1613 in
1331 1564 1557 1615 vastum
1611 1562 1929 1634 desertum,

218 1646 446 1716 rogavit
478 1646 635 1702 illius
669 1647 778 1701 loci
810 1649 1155 1719 epiSCOpum
1190 1652 1252 1704 ut
1284 1650 1561 1705 scriberet
1590 1652 1658 1705 ad
1694 1658 1930 1709 sanctos

219 1737 422 1791 Patres
441 1737 541 1807 qui
573 1741 740 1791 erant
764 1738 821 1791 in
838 1736 1173 1804 solitudine,
1209 1744 1269 1793 ut
1291 1740 1485 1809 ipsum
1528 1741 1845 1809 mitterent,
1876 1746 1931 1797 et

2058 573 2323 628 animum
2358 572 2655 636 inducere,
2680 572 2881 626 dicens
2917 589 2928 626 :
2957 574 3191 643 Propter
3213 574 3365 643 quod
3393 573 3610 629 missus
3633 589 3759 635 sum

2055 658 2207 730 (141)
2234 662 2339 715 hoc
2378 662 2591 716 factum
2623 667 2727 715 est.
2765 660 2858 714 Hae
2892 665 3028 716 sunt
3058 677 3150 716 res
3201 661 3569 717 admirabiles
3627 663 3760 717 Pior

2054 750 2342 820 praeclaras
2376 752 2660 806 columnae
2691 750 3015 806 tolerantiae
3042 770 3054 819 ;
3090 756 3145 807 et
3176 752 3269 808 hic
3300 756 3387 808 est
3417 753 3549 807 finis
3597 752 3758 807 illius

2054 840 2302 908 virtutis,
2333 843 2432 913 qui
2466 858 2566 913 pro
2598 858 2795 897 amaro
2830 842 2985 897 fonte
3043 843 3252 897 fruitur
3292 847 3568 913 perpetuo
3627 842 3757 897 dul-

2053 932 2272 988 cedinis
2302 932 2520 988 ﬂuento
2551 948 2681 987 cum
2714 948 2928 1002 magno
2959 931 3208 1002 spiritali
3248 932 3478 1002 gaudio.

2622 1037 2853 1093 CAPUT
2895 1037 3185 1094 LXXXIX.

2483 1130 2606 1184 Vita
2635 1128 2849 1183 abbatis
2881 1127 3109 1182 Chronii
3146 1127 3315 1198 (142).

2119 1216 2362 1279 Quidam
2395 1217 2491 1287 qui
2531 1216 2831 1271 dicebatur
2876 1216 3183 1285 Chronius,
3217 1232 3285 1270 ex
3325 1215 3447 1271 vico
3474 1216 3569 1286 qui
3621 1217 3758 1272 dici-

2050 1310 2141 1360 tur
2170 1305 2433 1360 Phoenix.
2464 1322 2599 1361 cum
2628 1323 2661 1360 a
2706 1322 2809 1361 suo
2844 1306 2963 1360 vico
3011 1306 3107 1376 qui
3140 1308 3227 1359 est
3258 1321 3435 1376 prope
3489 1304 3757 1359 solitudi-

2050 1410 2200 1462 nem,
2219 1396 2967 1466 mensusessetquindecim
2996 1394 3180 1450 millia
3207 1411 3489 1466 passuum
3519 1396 3755 1450 dextero

2046 1487 2189 1557 pede
2223 1492 2671 1551 numeratorum,
2722 1484 2839 1539 illic
2872 1489 3141 1555 precatus
3182 1484 3326 1539 fodit
3387 1489 3624 1554 puteum
3653 1501 3666 1551 ;
3700 1489 3756 1539 et

2046 1592 2177 1631 cum
2209 1593 2419 1648 aquam
2464 1577 2779 1631 invenisset
2835 1576 3132 1646 Optimam,
3157 1592 3282 1646 quae
3340 1575 3401 1629 in
3462 1576 3753 1646 profundo

2043 1668 2243 1722 aberat
2264 1671 2485 1737 septem
2520 1666 2697 1732 ulnis,
2731 1665 2847 1721 illic
2878 1682 3107 1736 quoque
3129 1666 3241 1721 sibi
3281 1665 3587 1721 aediﬁcavit
3618 1682 3751 1736 par-

2044 1773 2177 1811 vum
2212 1756 2608 1827 hospitiolum.
2645 1758 2714 1810 Et
2742 1772 2808 1810 ex
2849 1772 2962 1826 quo
3010 1756 3103 1810 die
3161 1759 3412 1825 selpsum
3457 1755 3753 1812 collocavit

217 1842 353 1880 eum
387 1826 626 1881 videret.
660 1827 799 1881 Cum
834 1844 967 1896 ergo
1000 1829 1049 1883 ei
1092 1831 1176 1883 vis
1212 1845 1426 1899 magna
1476 1831 1804 1897 efferretur,
1832 1832 1904 1886 Pa

2093 1866 2101 1900 ι
2135 1826 2508 1913 monasterio,
2539 1847 2720 1899 Deum
2754 1845 2968 1915 rogavit
3002 1860 3074 1898 ne
3104 1848 3484 1899 reverteretur
3543 1845 3600 1898 in
3666 1846 3749 1902 lo-

217 1915 724 2006 ῐζίῧιξξοδθάίὲοει
776 1920 979 1973 Statu”
1012 1935 1122 1973 “00
1156 1918 1266 1973 alio
1315 1924 1635 1991 assumpto.
1658 1921 1847 1985 abire;
1874 1927 1931 1977 θῑ
1966 1915 2008 1924 ”
2041 1952 2173 1991 cum
2206 1935 2307 2006 qui
2337 1934 2655 1989 habitatur.
2690 1933 2832 1988 Cum
2858 1933 3027 2004 pauci
3059 1937 3250 1987 autem
3283 1932 3420 1987 anni
3447 1933 3754 2001 prateriis-

214 2004 577 2075 significavit
606 2005 804 2059 domui
838 2008 1053 2061 sororis
1090 2008 1328 2062 fratrem
1358 2024 1530 2063 suum
1564 2009 1694 2063 Pior
1759 2011 1929 2065 adve-

218 2093 363 2158 nire,
397 2097 453 2146 et
485 2093 623 2147 foris
657 2101 827 2148 stare.
863 2094 1006 2149 Cum
1057 2100 1247 2150 autem
1292 2096 1572 2152 sensisset
1621 2098 1929 2168 strepitum

213 2180 446 2245 ostii,et
478 2182 631 2251 quod
660 2184 786 2252 ejus
810 2200 976 2238 soror
1006 2185 1055 2239 ei
1079 2186 1573 2253 veniretobviam,
1599 2187 1752 2256 Pior,
1776 2188 1933 2244 clau'

213 2269 294 2323 sis
326 2268 524 2337 oculis,
568 2270 835 2326 clamavit
865 2274 931 2327 ad
976 2275 1160 2344 ipsam
1195 2291 1206 2329 :
1243 2278 1288 2329 Ο
1319 2292 1479 2331 soror
1509 2276 1601 2345 N.,
1635 2293 1739 2348 ego
1792 2293 1924 2332 sum

215 2358 348 2413 Pior
388 2358 562 2414 frater
592 2364 749 2427 tuus,
785 2377 891 2433 ego
924 2378 1055 2417 sum
1090 2380 1102 2418 ε
1138 2380 1287 2433 ecce,
1333 2365 1485 2433 vide,
1519 2366 1713 2435 aspice
1744 2382 1925 2435 quan-

214 2453 342 2503 tum
366 2448 522 2503 velis.
559 2449 661 2504 Illa
692 2466 824 2521 ergo
866 2451 1019 2506 facta
1074 2453 1286 2508 certior
1338 2454 1515 2508 Deum
1557 2454 1924 2525 gloriﬁcavit,

212 2545 431 2597 etcum
492 2540 678 2596 multa
718 2542 965 2604 fecisset,
1000 2559 1115 2598 non
1165 2544 1353 2614 potuit
1376 2545 1424 2600 ei
1467 2546 1816 2615 persuadere
1864 2550 1928 2602 ut

214 2629 454 2684 domum
490 2629 887 2700 ingrederetur
922 2648 935 2687 :
970 2634 1070 2687 sed
1105 2633 1366 2689 oratione
1416 2633 1567 2690 facta
1598 2636 1653 2689 in
1702 2635 1920 2705 limine,

215 2734 478 2773 reversus
510 2720 679 2775 estin
710 2722 1111 2787 solitudinem,
1156 2724 1451 2795 propriam
1500 2727 1746 2795 patriam
1806 2726 1923 2780 illic

212 2807 325 2860 sibi
368 2808 575 2863 virtute
614 2826 984 2881 comparans.
1018 2813 1133 2868 Hoc
1162 2814 1291 2883 ejus
1326 2815 1506 2869 fertur
1546 2818 1919 2885 miraculum,

212 2898 367 2966 quod
399 2913 529 2952 cum
563 2899 803 2955 fodisset
832 2902 890 2956 in
934 2902 1058 2957 loco
1117 2920 1283 2973 quem
1346 2905 1667 2972 aediﬁcavit,
1701 2906 1924 2964 invenit

211 3001 427 3057 aquam
460 2990 915 3060 amarissimam,
946 3001 998 3046 et
1042 2993 1224 3047 donec
1290 2994 1550 3062 decessit,
1610 2996 1727 3050 illic
1786 3014 1920 3067 per-

209 3078 761 3142 mansit,contentus
784 3080 1538 3138 inventisamaritudinibus
1563 3101 1725 3154 aquae
1747 3086 1919 3159 (139),

210 3174 270 3220 ut
300 3168 559 3235 generosi
592 3168 769 3239 hujus
804 3169 1113 3225 tolerantia
1172 3172 1578 3229 innotescerct.
1617 3174 1783 3231 Multi
1814 3193 1920 3230 au-

208 3264 321 3310 tem
362 3258 779 3329 monachipost
821 3261 948 3330 ejus
982 3266 1228 3316 mortem
1262 3278 1395 3319 cum
1429 3263 1483 3317 in
1510 3264 1654 3319 cella
1685 3282 1917 3323 manere

206 3346 662 3414 contendissent,
717 3366 826 3403 non
867 3354 1181 3418 potuerunt
1212 3368 1393 3407 unum
1428 3369 1648 3408 annum
1703 3355 1758 3408 id
1791 3356 1915 3410 effi-

204 3451 352 3491 cere.
391 3437 485 3492 Est
516 3438 673 3492 enim
724 3438 891 3496 locus
922 3441 1223 3507 terribilis,
1257 3451 1311 3497 et
1368 3443 1594 3500 alienus
1626 3446 1697 3499 ab
1756 3446 1914 3501 omni

204 3526 621 3583 consolatione.

195 3628 201 3633 ‘
753 3619 987 3675 CAPUT
1010 3622 1360 3678 LXXXVIII.

545 3709 664 3764 Vita
696 3711 907 3766 abbatis
938 3712 1133 3783 Moysis
1164 3714 1307 3784 (140)
1355 3715 1562 3787 Libyci.

308 3796 531 3866 Moyses
632 3800 879 3871 Libycus
981 3802 1089 3855 fuit
1192 3803 1278 3857 vir
1382 3805 1750 3873 mitissimus,
1854 3812 1911 3863 et

203 3883 454 3937 maxima
471 3884 754 3940 cbaritate
770 3889 1049 3957 praeditus
1074 3905 1087 3942 :
1116 3890 1165 3944 is
1179 3890 1392 3960 dignus
1407 3897 1490 3945 est
1505 3892 1738 3949 habitus
1758 3897 1909 3953 dono

200 3972 589 4027 curationum.
625 3972 678 4028 Is
710 3973 816 4029 hoc
848 3977 1099 4031 narravit
1127 3993 1138 4031 :
1192 3977 1255 4032 In
1289 3984 1661 4049 monasterio,
1696 3984 1906 4054 inquit,

200 4075 353 4115 eram
387 4061 549 4117 valde
580 4062 828 4131 iuvenis,
864 4072 919 4119 et
951 4065 1243 4121 fodiebam
1284 4068 1606 4125 maximum
1642 4076 1906 4143 puteum,

200 4146 376 4202 latum
408 4148 611 4218 viginti
646 4149 823 4219 pedes
857 4166 870 4204 :
904 4150 965 4206 in
994 4167 1061 4207 eo
1094 4168 1226 4208 cum
1250 4157 1365 4208 tres
1399 4155 1521 4210 dies
1554 4155 1907 4213 fodissemus

197 4234 296 4289 viri
330 4238 645 4307 octoginta,
679 4243 735 4293 et
765 4256 975 4296 venam
1005 4250 1368 4311 consuetam,
1421 4250 1477 4301 et
1509 4262 1635 4317 qua;
1668 4248 1907 4319 aspicie-

198 4325 363 4380 batur
392 4327 839 4384 transiissemus
868 4331 1021 4386 circa
1052 4332 1335 4398 cubitum,
1370 4352 1581 4405 aquam
1600 4354 1712 4393 non
1744 4337 1902 4395 inve-

201 4414 414 4471 nimus.
450 4415 660 4488 Magna
691 4434 827 4489 ergo
878 4420 1073 4475 affecti
1109 4423 1395 4488 molestia,
1430 4424 1902 4484 deliberabamus

198 4503 265 4557 de
304 4504 642 4561 desistendo
674 4508 746 4561 ab
778 4525 985 4580 opere;
1038 4511 1292 4583 dumque
1336 4513 1406 4568 de
1437 4528 1502 4568 eo
1553 4514 1901 4572 deliberare-

199 4609 340 4661 mus,
375 4596 444 4648 ad
478 4613 581 4651 nos
628 4598 943 4655 adveniens
976 4600 1105 4657 Pior
1162 4619 1230 4658 ex
1289 4609 1451 4659 vasta
1480 4604 1816 4673 solitudine,
1851 4608 1908 4661 in
1938 4596 1987 4658 D

196 4682 319 4753 ipsa
350 4688 510 4739 sexta
540 4685 681 4741 hora
712 4692 910 4759 aastus,
945 4706 1079 4744 cum
1110 4696 1262 4747 esset
1287 4708 1464 4761 senex
1508 4695 1743 4751 indutus
1786 4696 1902 4751 'sua

196 4771 336 4841 pelle
367 4771 557 4841 ovilla,
590 4781 810 4831 etcum
851 4793 953 4833 nos
1011 4779 1347 4849 salutasset,
1383 4784 1524 4840 dicit
1566 4786 1731 4841 nobis
1772 4797 1900 4859 post

198 4859 606 4915 salutationem
642 4880 654 4916 :
689 4862 834 4925 Quid
859 4864 1124 4923 animum
1148 4868 1467 4941 abjeoistis,
1502 4873 1766 4931 homines
1785 4893 1898 4934 mo-

200 4950 332 5005 dicae
357 4950 487 5006 ﬁdei
512 4952 541 5005 ?
569 4952 682 5007 vidi
714 4955 871 5011 enim
902 4973 1002 5012 vos
1024 4959 1150 5028 jam
1183 4962 1255 5015 ab
1313 4961 1587 5020 hesterno
1618 4965 1711 5021 die
1740 4968 1898 5040 abje-

200 5041 341 5095 cisse
364 5040 649 5097 animum.
682 5043 844 5106 Quod
893 5062 1025 5102 cum
1065 5049 1320 5118 dixisset,
1372 5052 1433 5107 in
1464 5056 1621 5123 putei
1682 5058 1896 5115 fossam

201 5130 387 5184 statim
411 5131 645 5187 demisit
676 5134 886 5201 scalas,
920 5139 975 5189 et
1007 5152 1140 5193 cum
1172 5139 1254 5195 eis
1292 5142 1427 5196 facit
1454 5144 1768 5202 orationem
1796 5166 1808 5215 ;
1842 5158 1899 5209 et

203 5225 424 5289 accepto
465 5220 679 5292 ligone,
713 5227 770 5277 et
818 5224 984 5280 tertio
1042 5225 1157 5281 ictu
1216 5229 1474 5299 incusso,
1505 5234 1688 5291 dixit:
1734 5238 1887 5296 Deus

202 5314 528 5364 sanctorum
565 5311 1050 5384 patriarcharum,
1074 5331 1147 5372 ne
1177 5316 1403 5375 irritum
1425 5329 1477 5377 et
1511 5323 1773 5381 inutilem
1812 5328 1897 5382 fe-

203 5396 337 5450 ceris
367 5396 621 5454 laborem
670 5416 967 5457 servorum
1017 5407 1278 5475 tuorum,
1313 5410 1409 5463 sed
1450 5412 1614 5467 mitte
1670 5416 1740 5470 ad
1799 5432 1897 5473 eos

204 5501 366 5539 usum
397 5502 581 5557 aqua).
618 5489 687 5544 Et
718 5491 913 5547 statim
963 5510 1113 5566 aqua
1144 5496 1303 5565 exiit,
1335 5503 1399 5554 ut
1452 5517 1557 5557 nos
1583 5519 1782 5559 omnes
1830 5520 1897 5561 ea

201 5590 646 5646 aspergeremur.
684 5579 749 5636 Et
780 5596 909 5637 cum
943 5600 1151 5640 rursus
1183 5592 1424 5657 orasset,
1454 5591 1619 5654 abiit,
1664 5593 1890 5652 dicens:

203 5663 307 5721 Hac
339 5665 407 5721 de
439 5682 614 5725 causa
642 5670 864 5729 missus
897 5690 1050 5730 sum.
1085 5676 1156 5733 Et
1178 5681 1378 5749 aperta
1400 5684 1505 5737 est.
1540 5681 1685 5740 Cum
1709 5690 1893 5745 autem

2040 2030 2196 2097 sent,
2228 2027 2443 2097 dignus
2493 2026 2601 2079 fuit
2660 2024 2891 2079 habitus
2922 2024 3342 2095 presbyteratu,
3375 2024 3604 2078 circiter
3634 2024 3750 2078 du-

2042 2125 2341 2171 centorum
2376 2115 2627 2170 virorum
2688 2114 2836 2168 circa
2866 2113 3059 2184 ipsum
3112 2117 3458 2184 congregata
3476 2112 3750 2167 fraterni-

2036 2211 2171 2264 tate.
2198 2212 2331 2263 Haac
2364 2222 2499 2278 ergo
2531 2207 2712 2261 fertur
2734 2207 2861 2275 ejus
2894 2204 3075 2260 virtus
3108 2204 3558 2272 exercitationis,
3593 2205 3749 2274 quod

2036 2316 2170 2356 cum
2203 2298 2499 2369 sexaginta
2530 2298 2700 2352 annis
2722 2314 2831 2351 arae
2856 2296 3167 2352 assedisset
3198 2296 3444 2365 fungens
3472 2296 3742 2350 sacerdo-

2036 2390 2141 2458 tio,
2174 2404 2288 2443 non
2315 2403 2588 2459 egressus
2636 2394 2781 2442 este
2830 2387 3074 2457 deserto,
3128 2402 3243 2441 non
3274 2389 3431 2440 extra
3482 2386 3737 2441 laborem

2036 2493 2322 2534 manuum
2354 2477 2608 2531 comedit
2639 2492 2869 2546 panem.

2710 2584 2939 2641 CAPUT
2977 2584 3085 2640 XC.

2587 2672 2705 2729 Vita
2735 2674 2947 2729 abbatis
2975 2675 3180 2729 Jacobi.

2102 2766 2245 2819 Cum
2278 2780 2342 2820 eo
2374 2763 2656 2819 habitavit
2688 2764 2925 2835 quidam
2959 2764 3135 2820 Jacob
3169 2779 3198 2819 e
3230 2762 3460 2829 vicinis,
3512 2762 3612 2835 qui
3644 2779 3740 2818 co-

2029 2855 2401 2923 gnominatus
2434 2859 2524 2910 est
2552 2854 2828 2923 Claudus,
2861 2855 2949 2909 vir
2982 2870 3213 2910 summa
3243 2853 3576 2925 cognitione
3599 2868 3742 2924 prte-

2032 2944 2206 3000 ditue.
2239 2945 2418 2999 Erant
2459 2948 2651 2999 autem
2687 2944 2858 2999 ambo
2883 2944 3003 2998 noti
3038 2945 3206 2998 beato
3237 2942 3509 2998 Antonio.

2672 3049 2905 3105 CAPUT
2952 3049 3098 3103 XCI.

2301 3139 2414 3194 Vita
2442 3138 2652 3193 abbatis
2684 3138 2989 3209 Paphnutii
3018 3137 3269 3208 Cephala
3297 3136 3466 3207 (143).

2103 3226 2247 3280 Cum
2280 3242 2413 3297 ergo
2437 3226 2690 3296 quodam
2723 3225 2815 3279 die
2847 3225 3211 3280 convenisset
3241 3224 3417 3277 etiam
3470 3221 3738 3291 Paphnu-

2030 3315 2146 3371 tius
2178 3316 2261 3370 vir
2296 3316 2579 3371 mirabilis
2611 3316 2709 3387 qui
2746 3314 3046 3372 dicebatur
3076 3313 3351 3385 Cephala,
3374 3311 3472 3383 qui
3497 3311 3733 3382 quidem

2024 3403 2228 3459 habuit
2260 3406 2478 3460 donum
2529 3405 2878 3476 cognitionis
2912 3404 3241 3459 divinarum
3299 3400 3733 3471 Scripturarum

2024 3492 2248 3549 Veteris
2279 3498 2335 3550 et
2364 3495 2505 3550 Novi
2538 3495 2910 3557 Testamenti,
2946 3510 3148 3548 omnes
3177 3508 3275 3548 eas
3322 3492 3732 3562 interpretans,

2024 3598 2155 3639 cum
2190 3599 2303 3639 non
2336 3584 2574 3655 legisset
2615 3583 2943 3655 Scripturas
2977 3600 2989 3635 ε
3026 3586 3149 3637 erat
3199 3585 3396 3637 autem
3431 3579 3572 3635 adeo
3610 3595 3734 3633 mo-

2023 3675 2246 3747 destus,
2280 3679 2340 3731 ut
2371 3675 2585 3731 celaret
2616 3676 2890 3730 virtutem
2937 3672 3357 3744 propheticam.
3396 3673 3470 3726 De
3503 3686 3616 3741 quo
3648 3670 3733 3725 di-

2021 3764 2191 3831 citur,
2229 3766 2383 3836 quod
2418 3765 2713 3834 octoginta
2743 3763 2910 3819 annis
2934 3779 3048 3816 non
3092 3761 3297 3815 habuit
3353 3760 3528 3814 simul
3588 3760 3731 3813 duas

2020 3855 2271 3911 tunicas.
2304 3856 2450 3910 Cum
2485 3870 2601 3908 una
2631 3853 2737 3908 hos
2769 3852 3266 3917 convenissemus,
3301 3864 3405 3918 ego
3465 3852 3521 3903 et
3573 3849 3727 3903 beati

2019 3940 2538 4011 diaconiEvagrius
2560 3949 2612 3995 et
2644 3940 2904 4003 Albinus,
2930 3937 3499 4008 querebamussoire
3520 3952 3729 3992 causas

2019 4029 2265 4084 fratrum
2298 4030 2754 4100 quidecidebant
2782 4028 2869 4084 vel
2899 4029 3247 4084 labebantur
3267 4025 3571 4082 inhonesta
3592 4027 3723 4082 vita.

2644 4137 2876 4194 CAPUT
2935 4136 3099 4193 XCII.

2639 4229 2713 4283 De
2751 4227 3108 4284 Cheremone.

2086 4316 2309 4373 Accidit
2341 4318 2499 4374 enim
2542 4314 2656 4371 illis
2686 4315 2889 4371 diebus
2921 4318 2987 4369 ut
3024 4313 3348 4369 Cheremon
3382 4309 3727 4366 exercitator

2015 4408 2228 4463 sedens
2259 4407 2583 4472 decederet,
2615 4410 2673 4461 et
2704 4404 3065 4461 inveniretur
3122 4407 3390 4459 mortuus
3422 4400 3634 4458 sedens
3664 4401 3724 4455 in

2014 4497 2312 4562 cathedra,
2336 4501 2394 4551 et
2422 4501 2629 4551 tenens
2660 4512 2807 4566 opus
2831 4494 2890 4549 in
2923 4494 3213 4555 manibus,

2631 4602 2865 4660 CAPUT
2906 4602 3104 4659 XCIII.

2747 4695 2821 4749 De
2852 4693 2981 4748 alio.

2083 4782 2308 4838 Accidit
2354 4783 2530 4840 etiam
2589 4786 2653 4839 ut
2703 4780 2851 4839 alius
2916 4779 3094 4835 frater
3147 4776 3372 4834 fodiens
3453 4774 3718 4846 puteum,

2014 4873 2358 4932 obrueretur
2390 4891 2423 4929 a
2453 4878 2645 4945 puteo.

2647 4962 2877 5021 CAPUT
2912 4959 3097 5018 XCIV.

2750 5054 2823 5108 De
2856 5053 2986 5108 alio.

2080 5146 2303 5202 Accidit
2332 5146 2507 5201 etiam
2540 5148 2607 5200 ut
2646 5144 2799 5200 alius
2832 5142 3069 5199 veniens
3092 5158 3125 5197 a
3170 5141 3359 5211 Scete,
3405 5138 3502 5196 siti
3551 5152 3718 5207 aquas

2012 5242 2352 5293 moreretur.

2647 5325 2877 5381 CAPUT
2917 5326 3078 5379 XCV.

2472 5419 2549 5471 De
2588 5415 2857 5486 Stephano
2888 5416 3039 5487 lapso
3080 5412 3247 5481 (144).

2080 5509 2236 5565 Inter
2267 5525 2414 5582 quos
2464 5508 3053 5565 commemoravimus
3111 5503 3287 5557 etiam
3319 5495 3706 5568 Stephanum,

2010 5598 2103 5670 qui
2137 5600 2195 5653 in
2230 5602 2456 5671 turpem
2488 5598 2688 5669 lapsus
2719 5602 2807 5653 est
2838 5589 3368 5662 intemperantiam,
3402 5589 3458 5642 et
3488 5586 3707 5640 Eucar-

2008 5690 2194 5761 pium,
2228 5694 2283 5746 et
2323 5690 2605 5748 Heronem
2637 5685 3092 5745 Alexandrinum
3150 5686 3207 5737 et
3263 5677 3562 5735 Valentem
3601 5673 3707 5728 Pa-
