4074 6278
345 346 506 411 1199

1928 342 2287 406 PALLADII

3744 339 3935 400 1200

341 482 657 548 uestinum,
682 481 739 536 et
767 476 1147 534 Ptolomaeum
1177 476 1505 549 Egyptium
1537 477 1638 549 qui
1676 481 1801 535 erat
1829 479 1888 533 in
1920 479 2052 536 Sce-
2084 480 2139 547 Α
2168 483 2327 532 tuum
2358 475 2530 546 (Psal.
2562 476 2654 545 49)
2678 474 2705 529 ?
2734 473 2950 528 Eorum
2982 471 3137 527 enim
3170 469 3377 525 anima
3404 470 3502 542 qui
3534 471 3698 527 vitiis
3733 471 3913 526 labo-

348 574 453 629 te‘.
497 570 686 627 Simul
744 584 881 640 ergo
941 568 1276 639 rogavimus
1326 584 1593 639 quaenam
1653 576 1802 625 esset
1851 586 2051 639 causa,

345 662 502 735 quod
535 659 739 732 quisic
769 658 971 713 vivunt
1018 658 1078 713 in
1124 658 1457 725 solitudine,
1498 658 1656 714 exiis
1678 660 1776 715 alii
1817 660 2051 730 quidem

341 758 539 811 mente
570 751 959 824 decipiuntur,
994 748 1092 804 alii
1128 764 1262 805 vero
1300 758 1611 819 erumpunt
1669 749 1729 805 in
1765 751 2054 822 intempe-

344 844 617 900 rantiam.
650 846 766 897 Hoc
796 855 928 911 ergo
961 854 1307 909 responsum
1340 839 1507 895 nobis
1525 839 1810 895 dederunt
1836 845 1891 897 et
1920 856 2051 895 cum

343 932 461 988 illis
493 934 729 988 sanctus
760 928 1140 1001 Paphnutius,
1172 930 1258 983 vir
1286 930 1541 985 maxima
1572 930 1895 1000 cognitione
1920 947 2052 1001 prae-

345 1022 502 1077 ditus
537 1038 549 1076 :
584 1023 948 1089 Quaecunque
972 1018 1140 1086 fiunt,
1172 1018 1230 1072 in
1291 1019 1406 1074 duo
1465 1019 1821 1088 dividuntur,
1847 1020 1906 1074 in
1950 1019 2052 1075 Dei

342 1111 643 1183 placitum,
703 1113 759 1164 et
802 1108 901 1165 Dei
949 1107 1412 1178 permissionem.
1473 1110 1660 1180 Atque
1690 1125 2051 1181 quaecunque

344 1199 584 1272 quidem
624 1199 776 1253 ﬁunt
807 1214 876 1253 ex
906 1196 1117 1253 virtute
1149 1197 1219 1252 ad
1254 1196 1354 1252 Dei
1386 1196 1651 1268 gloriam,
1684 1214 1751 1255 ea
1769 1199 1917 1255 ﬁunt
1950 1200 2053 1254 Dei

343 1288 557 1361 placito
584 1305 596 1344 :
623 1304 751 1359 qua:
780 1302 915 1342 vero
958 1287 1266 1354 damnosa,
1327 1287 1670 1357 periculosa,
1730 1293 1787 1344 et
1834 1306 1959 1360 quae
1991 1290 2050 1345 in

344 1378 599 1435 fortunia
628 1381 687 1433 et
706 1392 875 1433 casus
905 1376 1331 1446 important,ea
1361 1376 1509 1432 ﬁunt
1530 1377 2047 1448 Deipermissione.

345 1467 657 1525 Permissio
688 1469 883 1523 autem
903 1482 972 1521 ex
1002 1468 1254 1533 egestate
1291 1466 1551 1536 rationis,
1582 1466 1666 1521 vel
1704 1467 2049 1526 inﬁdelitate

347 1573 550 1615 eorum
585 1556 685 1628 qui
717 1557 1082 1612 deseruntur.
1106 1554 1255 1610 Fieri
1287 1556 1443 1609 enim
1467 1572 1577 1611 non
1599 1556 1803 1627 [potest
1834 1564 1892 1615 ut
1949 1562 2048 1631 qui

346 1649 439 1720 pie
469 1646 608 1704 vivit
630 1650 686 1702 et
715 1648 867 1702 recte
897 1644 1129 1716 cogitat,
1163 1644 1384 1700 incidat
1412 1646 1471 1699 in
1507 1644 2051 1719 ignominiae‘lapsua

344 1736 433 1793 vel
483 1736 820 1808 imposturae
871 1735 1225 1790 daemonum.
1285 1734 1623 1806 Quicunque
1681 1753 1813 1808 ergo
1874 1756 2049 1809 pravo

346 1843 523 1899 scapo
554 1843 619 1883 ac
651 1826 943 1893 instituto,
977 1840 1186 1896 nempe
1218 1828 1282 1879 ut
1310 1825 1647 1882 hominibus
1680 1828 1961 1899 placeant,
1995 1834 2051 1885 et

346 1917 641 1989 arroganti
665 1916 1041 1987 cogitatione,
1073 1915 1349 1972 virtutem
1383 1916 1655 1973 videntur
1668 1919 1922 1991 aggredi,
1938 1920 2047 1975 iiin

344 2025 519 2067 casus
584 2007 872 2073 incidunt,
943 2007 1057 2064 Deo
1125 2022 1223 2063 eos
1306 2008 1608 2063 deserente
1674 2010 1745 2063 ad
1846 2026 2050 2066 eorum

347 2098 685 2166 utilitatem;
726 2101 792 2153 ut
844 2113 974 2153 cum
1019 2112 1119 2167 per
1171 2096 1605 2154 derelictionem
1665 2100 2050 2157 mutationem

348 2188 661 2257 senserint,
704 2192 807 2245 aut
836 2189 1220 2261 propositum,
1254 2191 1358 2243 aut
1406 2189 1691 2245 actionem
1742 2192 2047 2263 corrigant.

346 2278 493 2334 Nam
525 2278 835 2349 aliquando
868 2279 1097 2351 quidem
1129 2282 1325 2350 peccat
1382 2279 1767 2351 propositum.
1818 2281 2048 2351 quando

345 2368 413 2425 ﬁt
443 2367 596 2425 malo
628 2384 841 2441 scopo;
874 2378 938 2427 ut
967 2385 1124 2440 saepe
1154 2368 1363 2425 accidit
1396 2369 1882 2441 intemperantem
1918 2388 2047 2442 pra-

341 2479 411 2519 vo
472 2477 646 2533 scopo
716 2463 901 2516 facere
967 2458 1397 2530 eleemosynam
1464 2460 1524 2515 in
1583 2460 2046 2518 adolescentulas

343 2554 579 2624 propter
607 2554 835 2621 turpem
868 2548 1083 2603 finem:
1117 2551 1174 2604 et
1202 2549 1486 2605 actionem
1513 2565 1638 2605 esse
1670 2550 1875 2606 rationi
1909 2568 2048 2607 con-

344 2643 712 2705 sentaneum,
756 2641 820 2691 ut
850 2636 1146 2707 orphanaa,
1178 2642 1233 2693 et
1264 2654 1389 2705 quae
1422 2641 1716 2694 exercetur
1748 2639 2047 2694 monachis

340 2729 479 2782 dare
500 2725 803 2781 auxilium.
834 2725 1059 2780 Accidit
1087 2732 1275 2780 autem
1306 2730 1460 2781 recto
1492 2740 1723 2795 quoque
1755 2743 1927 2799 secpo
1972 2731 2053 2784 fa-

340 2828 467 2870 cere
497 2810 951 2884 eleemosynam,
982 2811 1042 2866 in
1100 2816 1346 2881 aegrotos
1412 2811 1498 2867 vel
1555 2829 1653 2868 eos
1707 2815 1805 2886 qui
1864 2818 2046 2873 eversi

339 2907 479 2961 sunt
510 2902 701 2964 bonis.
734 2900 821 2958 vel
846 2917 945 2958 eos
994 2902 1095 2974 qui
1126 2908 1561 2959 consenuerunt
1592 2921 1607 2959 :
1639 2905 1738 2959 sed
1772 2923 1941 2977 parce
1994 2910 2050 2963 et

338 3012 475 3052 cum
507 2992 971 3049 murmuratione
996 3013 1009 3061 ;
1044 2991 1241 3064 etﬁesse
1268 3008 1509 3063 scopum
1539 2994 1773 3065 quidem
1802 3001 2046 3067 rectum,

338 3086 625 3143 actionem
656 3087 851 3141 autem
886 3098 1059 3154 secpo
1095 3082 1417 3154 indignam.
1452 3086 1687 3154 Oportet
1707 3085 1861 3141 enim
1879 3088 2050 3144 mise-

2086 1860 2137 1925 B

2166 571 2314 634 rant,
2339 570 2471 622 sunt
2513 580 2712 620 revera
2760 563 3005 618 diversis
3051 560 3309 617 fontibus
3365 561 3687 617 assimiles.
3745 563 3909 617 Nam

2163 656 2262 725 qui
2293 660 2432 710 sunt
2461 653 2609 727 gulae
2635 657 2693 709 et
2724 652 2854 708 vino
2889 651 3096 718 dediti,
3118 650 3426 705 lutulentis
3458 650 3761 717 fontibus;
3796 652 3908 721 qui

2159 760 2293 801 vero
2327 748 2601 800 tenentur
2634 743 2879 798 avaritia
2909 745 2967 796 et
3006 740 3173 812 plura
3224 740 3480 795 habendi
3536 741 3903 811 cupiditate,

2162 837 2423 893 fontibus
2455 852 2624 890 ranas
2656 833 3042 898 habentibus;
3079 831 3492 897 invidiautem,
3530 830 3631 902 qui
3667 831 3896 887 habent

2163 925 2550 997 aptitudinem
2579 920 2949 993 cognitionis,
2968 919 3230 974 fontibus
3247 923 3545 989 serpentes
3561 919 3889 985 alentibus,

2166 1014 2226 1070 in
2255 1014 2470 1087 quibus
2493 1009 3137 1084 semperﬂuctuatratio
3163 1024 3177 1074 ;
3205 1013 3513 1079 propterea
3534 1010 3691 1077 quod
3716 1027 3889 1067 nemo

2161 1107 2355 1163 haurit
2412 1122 2479 1160 ex
2528 1104 2695 1173 ipsis,
2752 1105 2985 1173 propter
3046 1116 3276 1154 morum
3328 1100 3737 1165 acerbitatem,
3797 1104 3885 1157 vel

2163 1201 2395 1269 propter
2425 1194 2778 1263 injustarum
2834 1189 3125 1245 actionum
3160 1188 3419 1243 odorem.
3453 1189 3741 1251 Quocirca
3775 1192 3886 1247 lria

2161 1288 2326 1354 rogat
2347 1282 2523 1337 David
2558 1297 2591 1335 a
2625 1282 2736 1335 Deo
2770 1279 2983 1344 doceri,
3018 1278 3365 1345 bonitatem,
3398 1281 3456 1331 et
3485 1277 3888 1347 disciplinam,

2161 1378 2217 1430 et
2246 1372 2638 1444 cognitionem
2687 1368 2857 1440 (Psal.
2890 1369 3107 1437 cxvm).
3139 1366 3286 1421 Nam
3334 1366 3558 1438 absque
3616 1368 3888 1425 bonitate

2163 1462 2416 1535 cognitio
2447 1466 2536 1517 est
2565 1458 2832 1527 inutilis;
2868 1462 2924 1513 et
2955 1456 3004 1512 si
3028 1459 3321 1512 correctus
3346 1456 3582 1526 quidem
3630 1458 3811 1512 fuerit
3835 1462 3887 1515 is

2159 1554 2259 1625 qui
2303 1559 2389 1607 est
2455 1548 2814 1620 hujusmodi,
2888 1547 3153 1617 deposita
3220 1562 3399 1603 causa
3451 1546 3885 1615 derelictionis,

2162 1659 2366 1712 nempe
2399 1638 2820 1711 arrogantia,et
2851 1637 3241 1707 assumpserit
3265 1635 3690 1704 humilitatem,
3722 1647 3775 1692 el
3793 1640 3889 1692 sui

2160 1734 2401 1787 modum
2424 1730 2775 1802 cognoverit,
2805 1744 2988 1797 neque
3029 1728 3304 1782 adversus
3332 1726 3585 1797 aliquem
3626 1743 3692 1781 se
3732 1728 3883 1781 eii'e-

2166 1825 2392 1890 rens,et
2415 1821 2528 1876 Deo
2560 1835 2737 1888 agens
2768 1818 3007 1889 gratias,
3038 1817 3109 1870 ad
3140 1833 3273 1870 eum
3307 1832 3512 1870 rursus
3547 1819 3889 1886 revertitur,

2169 1929 2290 1983 quae
2326 1910 2661 1967 testimonio
2721 1907 2962 1962 fulcitur
3022 1905 3297 1976 cognitio,
3359 1906 3671 1962 Orationes
3723 1908 3885 1963 enim

2166 2002 2478 2075 spiritales,
2508 2016 2634 2071 quae
2668 2015 2781 2053 non
2805 1997 3212 2052 habentvitam
3239 1997 3545 2052 honestam
3576 2002 3636 2053 et
3669 2006 3889 2070 tempe-

2163 2096 2386 2147 rantem
2419 2088 2601 2145 simul
2630 2087 3017 2158 equitantem,
3053 2090 3190 2141 sunt
3213 2086 3380 2154 spicae
3407 2096 3773 2158 quaeavenlo
3801 2090 3890 2145 iu-

2161 2185 2408 2246 tereunt,
2433 2195 2557 2251 quae
2578 2177 2793 2233 habent
2812 2177 3045 2248 quidem
3062 2175 3358 2246 spicarum
3382 2176 3654 2247 ﬁguram,
3682 2180 3789 2233 sed
3815 2180 3887 2234 ab

2163 2274 2244 2327 eis
2278 2276 2545 2344 ereptum
2576 2277 2665 2324 est
2697 2268 3061 2324 alimentum.
3095 2266 3298 2321 Omnis
3331 2283 3466 2337 ergo
3498 2267 3726 2340 lapsus,
3770 2270 3894 2326 sive

2161 2362 2262 2418 ﬁat
2295 2379 2396 2434 per
2426 2361 2714 2432 linguam,
2749 2358 2869 2414 sive
2901 2374 3003 2428 per
3025 2373 3282 2423 sensum,
3316 2357 3435 2413 sive
3462 2375 3561 2429 per
3597 2360 3889 2427 actiones,

2161 2452 2280 2508 sive
2312 2469 2411 2522 per
2438 2455 2625 2506 totum
2651 2465 2883 2520 corpus,
2904 2447 3331 2502 ’convenienter
3359 2448 3720 2518 praportioni
3775 2468 3883 2505 ar-

2162 2543 2456 2613 rogantiae,
2488 2541 2554 2596 fit
2585 2556 2685 2611 per
2725 2538 2827 2593 Dei
2860 2537 3304 2592 derelictionem
3338 2539 3622 2608 parcentis
3655 2539 3730 2595 iis
3774 2543 3882 2613 qui

2161 2633 2678 2702 derelinquuntur.
2712 2628 2768 2682 Si
2806 2629 2961 2683 enim
2993 2643 3125 2682 cum
3157 2626 3621 2699 intemperantia,
3663 2646 3877 2686 eorum

2159 2737 2390 2793 quoque
2422 2720 2662 2777 bonitati
2692 2717 2910 2788 ingenii
2942 2718 3220 2773 Dominus
3238 2716 3850 2773 tulerittestimonium

2170 2812 2599 2884 suppeditando
2621 2808 3031 2879 eloquentiam,
3066 2809 3361 2864 daemones
3414 2808 3569 2878 ipsos
3609 2808 3750 2863 facit
3782 2826 3884 2865 su-

2168 2901 2383 2972 perbia,
2417 2915 2479 2955 se
2500 2897 2836 2954 extollentes
2859 2912 2989 2951 cum
3015 2895 3410 2952 immunditia.

2238 2992 2368 3047 Haec
2400 3005 2635 3062 quoque
2664 2987 2935 3043 dicebant
2966 2986 3137 3042 nobis
3173 2986 3231 3041 hi
3261 2986 3448 3041 sancti
3480 2986 3609 3054 viri,
3639 2991 3701 3042 et
3730 2989 3877 3058 cpti-

2162 3084 2239 3139 mi
2275 3085 2473 3138 Patres
2508 3095 2669 3135 :cum
2691 3077 2953 3133 videritis
2976 3076 3233 3148 aliquem
3255 3078 3375 3131 vita
3401 3078 3641 3148 quidem
3663 3096 3879 3149 perver~

339 3174 633 3231 ricordem
664 3172 925 3228 misereri
957 3170 1015 3226 in
1041 3171 1332 3227 hilaritate
1359 3175 1414 3227 et
1445 3172 1722 3244 largitate.
1757 3174 1874 3230 Hoc
1906 3192 2049 3246 quo-
2090 3235 2132 3246 Α
2166 3190 2320 3243 sum,
2353 3171 2609 3227 oratione
2638 3171 2835 3224 autem
2857 3174 3057 3239 aptum
3084 3168 3154 3222 ad
3174 3167 3881 3237 persuadendum,recor-

340 3281 453 3336 que
483 3262 713 3319 dicebat
744 3278 758 3317 :
794 3263 857 3317 In
891 3262 1086 3318 multis
1144 3262 1358 3318 animis
1393 3235 1737 3320 suntvdotes
1789 3235 2053 3337 quaedam
2084 3235 2135 3302 Ο
2164 3235 2383 3321 domini
2410 3261 2689 3318 daemonis
2712 3260 2813 3332 qui
2846 3235 2911 3315 in
2939 3275 3105 3314 sacra
3133 3235 3434 3330 scriptura
3482 3276 3620 3315 cum
3653 3259 3881 3316 Christo

342 3352 674 3423 praecipuas,
704 3350 765 3406 in
795 3351 926 3407 aliis
968 3352 1203 3422 quidem
1240 3351 1469 3408 bonitas
1520 3353 1776 3425 ingenii;
1813 3355 1874 3411 in
1923 3356 2054 3413 aliis

338 3452 474 3492 vero
500 3439 762 3509 aptitudo
795 3440 867 3493 ad
900 3440 1409 3507 exercitationem;
1443 3440 1547 3496 sed
1579 3444 1813 3513 quando
1838 3462 1950 3500 non
1992 3446 2057 3501 fit

343 3529 579 3597 propter
602 3527 801 3596 ipsum
834 3527 1052 3581 bonum
1084 3533 1140 3582 et
1189 3545 1258 3583 ex
1285 3528 1482 3585 divino
1514 3546 1710 3600 scopo,
1743 3550 1931 3604 neque
1963 3552 2056 3589 ac-

344 3614 447 3677 tio,
482 3628 673 3684 neque
699 3613 919 3682 ingenii
952 3613 1203 3681 bonitas,
1236 3630 1425 3685 neque
1452 3617 1488 3669 ii
1522 3618 1623 3686 qui
1648 3620 1811 3674 dotes
1844 3622 2057 3679 habent

346 3701 693 3774 praecipuas,
729 3717 842 3757 non
870 3702 1157 3757 bonorum
1189 3702 1376 3758 datori
1403 3705 1516 3760 Deo
1550 3707 1927 3778 ascribentes,
1959 3715 2056 3769 sed

346 3806 457 3847 suo
487 3788 669 3846 libero
701 3791 963 3860 arbitrio,
996 3791 1249 3863 ingenio,
1276 3797 1332 3848 et
1362 3794 1761 3864 sufficientiae;
1786 3800 1883 3869 qui
1917 3801 2056 3860 tales

342 3886 504 3949 sunt,
536 3882 721 3939 relicti
754 3900 787 3939 a
812 3883 1197 3955 providentia,
1232 3885 1501 3944 incidunt
1538 3889 1597 3944 in
1657 3890 1806 3947 facta
1847 3894 2054 3965 turpia,

341 3978 543 4044 turpes
575 3974 1346 4048 perpessiones,probraquc
1376 3981 1432 4031 et
1461 3979 1762 4036 dedecora.
1789 3982 2058 4039 Derelicti

344 4078 500 4132 ergo,
517 4079 615 4134 per
634 4064 1039 4120 advenientem
1060 4064 1445 4122 humilitatem
1464 4072 1520 4123 et
1534 4070 2056 4139 pudorem,sensim

349 4152 546 4209 nescio
579 4155 871 4225 quomodo
904 4154 1204 4226 expellunt
1233 4158 1838 4231 arrogantiam,quam
1870 4180 2060 4219 susce-

356 4249 562 4312 perant
591 4258 659 4299 ex
687 4258 755 4300 ea
785 4261 913 4316 quae
944 4245 1126 4300 virtus
1159 4246 1563 4317 reputabatur;
1601 4265 1717 4304 non
1756 4250 1813 4303 in
1848 4252 2061 4323 seipsis

350 4332 559 4387 confisi
592 4333 866 4405 amplius,
898 4335 1000 4390 sed
1023 4334 1159 4404 Deo,
1193 4336 1293 4406 qui
1326 4342 1537 4393 cuncta
1557 4337 1822 4409 largitur,
1847 4341 2062 4397 benefi-

348 4419 504 4476 cium
536 4438 645 4476 sua
674 4423 1029 4479 confessione
1061 4425 1343 4483 tribuunt.
1377 4426 1484 4491 Qui
1515 4428 1669 4484 enim
1695 4430 2057 4505 estinflatus,

350 4511 452 4583 qui
482 4511 553 4568 dc
584 4512 840 4570 bonitate
861 4514 1102 4586 inquam
1150 4516 1369 4588 ingenii
1410 4519 1665 4590 eti'ertur,
1698 4525 1754 4577 et
1790 4520 1907 4577 Deo
1941 4542 2056 4582 non

2166 3356 2434 3428 10quitur,
2468 3358 2523 3408 et
2544 3350 2863 3409 testimonii
2889 3350 3038 3421 quod
3066 3348 3203 3404 dicit
3236 3366 3247 3404 :
3274 3349 3528 3418 Serpens
3543 3355 3739 3407 autem
3764 3360 3892 3411 erat

2176 3443 2670 3518 prudentissimus
2695 3440 2960 3496 omnium
2993 3439 3317 3494 bestiarum
3352 3456 3478 3510 qua
3514 3445 3685 3496 erant
3714 3459 3897 3515 super

2174 3539 2385 3591 terram
2418 3534 2572 3606 (Gen.
2607 3533 2692 3605 11).
2717 3530 3138 3601 Cuiprudentia
3155 3530 3349 3599 potius
3365 3530 3784 3588 detrimentum
3803 3540 3891 3589 at-

2171 3624 2327 3691 tulit,
2361 3640 2490 3679 cum
2523 3622 2635 3678 alia
2666 3622 2843 3676 virtus
2871 3636 2985 3675 non
3035 3623 3425 3675 concurreret.
3461 3621 3699 3692 Oportet
3731 3625 3886 3678 enim

2173 3729 2306 3768 eum
2334 3712 2432 3783 qui
2465 3716 2552 3766 est
2583 3709 2769 3765 fidelis
2802 3712 2857 3764 et
2879 3709 3066 3763 bonus
3088 3724 3154 3763 ea
3186 3708 3424 3779 quidem
3452 3710 3648 3765 animo
3668 3714 3887 3769 sentire

2178 3819 2304 3874 quae
2337 3802 2436 3856 dat
2464 3801 2637 3867 Deus,
2672 3799 2829 3870 loqui
2861 3802 3058 3854 autem
3083 3814 3206 3869 quae
3231 3798 3431 3867 sentit,
3468 3800 3653 3855 facere
3683 3806 3882 3857 autem

2166 3908 2289 3963 quae
2320 3891 2599 3961 loquitur.
2632 3889 2695 3945 Si
2723 3889 2875 3944 enim
2936 3904 3068 3943 cum
3112 3888 3350 3943 veritate
3399 3889 3709 3946 verborum
3767 3910 3893 3949 non

2169 3984 2479 4038 concurrat
2509 3980 2632 4034 vitae
2663 3977 2955 4049 cognatio,
2992 3977 3159 4049 panis
3200 3979 3436 4033 estsine
3459 3978 3603 4047 sale,
3638 3985 3703 4035 ut
3740 3981 3891 4037 dicit

2172 4071 2275 4125 Job
2308 4071 2449 4142 (Job.
2473 4069 2553 4141 v1)
2580 4086 2592 4136 ;
2622 4069 2718 4140 qui
2773 4070 2967 4123 autem
2998 4066 3153 4135 talis,
3207 4067 3451 4123 minime
3491 4068 3830 4126 comedetur
3863 4087 3877 4124 :

2170 4160 2328 4230 quod
2362 4159 2411 4215 si
2433 4159 2600 4214 etiam
2636 4158 2992 4226 comedatur,
3026 4157 3411 4227 conjiciteum
3435 4157 3536 4229 qui
3560 4160 3888 4214 comeditin

2171 4248 2380 4303 malam
2406 4248 2833 4303 habitudinem.
2856 4247 2914 4303 Si
2937 4247 3690 4317 comedeturenim,inquil,
3710 4248 3887 4318 panis

2171 4338 2296 4393 sine
2323 4339 2462 4403 sale,
2484 4341 2540 4393 et
2570 4337 2618 4393 si
2648 4346 2733 4393 est
2762 4340 2969 4407 gustus
2999 4337 3056 4390 in
3085 4336 3278 4391 verbis
3319 4335 3613 4402 inanibus,
3648 4335 3759 4391 hoc
3789 4344 3883 4393 est

2179 4444 2294 4483 non
2318 4428 2389 4483 ad
2422 4428 2733 4483 utilitatem
2765 4425 2936 4497 (145),
2989 4424 3245 4494 impletis
3301 4425 3579 4478 bonorum
3628 4440 3885 4492 operum

2174 4518 2523 4574 testimonio.
2569 4516 3023 4573 Derelictionum
3056 4531 3191 4588 ergo
3230 4513 3413 4585 plures
3443 4519 3577 4566 sunt
3626 4527 3825 4567 causae
3865 4534 3880 4571 :

351 4600 593 4656 ascribit
624 4599 943 4658 bonitatem
973 4604 1218 4676 ingenii,
1251 4622 1436 4678 neque
1465 4624 1593 4664 eam
1627 4626 1754 4681 qua
1786 4612 1896 4667 sibi
1930 4629 2061 4685 sup-
2094 4612 2139 4676 D
2175 4624 2287 4664 una
2318 4608 2552 4678 quidem
2597 4615 2682 4663 est
2726 4611 2790 4661 ut
2833 4605 3023 4661 virtus
3054 4603 3326 4662 occultata
3356 4600 3791 4667 manifestatur,
3814 4611 3888 4661 ut

352 4690 649 4762 peditatur
706 4693 1121 4767 cognitionem,
1156 4698 1257 4752 sed
1313 4695 1413 4767 _vel
1458 4714 1576 4753 suae
1665 4701 2060 4759 exercitationi

352 4780 444 4834 vel
477 4784 719 4852 naturae,
777 4783 1014 4840 abducit
1071 4785 1142 4840 ab
1202 4800 1268 4841 eo
1327 4785 1478 4842 Deus
1528 4787 1804 4860 angelum
1865 4792 2063 4863 provi-

354 4869 585 4940 dentiae,
624 4871 763 4928 huic
806 4874 1004 4945 gratiae
1056 4876 1563 4946 praefectum.Quo
1600 4894 1821 4949 averso,
1881 4899 2064 4955 supe-

356 4960 521 5013 ratus
552 4976 586 5014 a
604 4960 825 5017 viribus
856 4964 1167 5020 adversarii
1200 4966 1249 5020 is
1277 4966 1372 5036 qui
1396 4967 1631 5022 effertur
1648 4970 1718 5025 ob
1746 4969 2065 5030 bonitatem

353 5046 598 5117 ingenii,
628 5047 830 5105 incidit
859 5051 916 5107 id
949 5053 1463 5126 intemperantiam
1516 5062 1751 5129 propter
1808 5060 2064 5118 insolen-

352 5136 519 5207 tiam,
551 5143 612 5193 ut
635 5137 827 5195 ablata
855 5144 1001 5199 teste
1020 5146 1426 5217 temperantia,
1465 5163 1582 5204 non
1614 5148 1911 5206 videantur
1941 5168 2065 5209 cre-

356 5226 561 5286 dibilia
592 5243 724 5300 quae
753 5228 1031 5287 dicuntur
1046 5234 1117 5289 ab
1147 5235 1314 5307 ipsis,
1349 5236 1703 5309 fugientibus
1721 5240 1833 5310 piis
1851 5242 2062 5298 doctri-

350 5335 489 5374 nam
523 5335 651 5392 quae
681 5336 749 5376 ex
781 5320 879 5376 tali
912 5338 1007 5379 ore
1038 5325 1319 5394 procedit,
1371 5331 1655 5401 tanquam
1689 5330 1901 5387 fontem
1963 5333 2064 5406 qui

352 5411 535 5464 scatet
565 5408 962 5482 hirudinibus,
1000 5414 1063 5467 ut
1092 5412 1393 5483 impleatur
1423 5419 1573 5488 quod
1605 5419 1891 5488 scriptum
1922 5426 2011 5477 est
2042 5437 2057 5477 :

354 5499 649 5555 Peccatori
682 5505 880 5558 autem
911 5500 1057 5559 dixit
1085 5501 1239 5559 Deus
1274 5505 1502 5563 :Curtu
1535 5510 2066 5581 enerrasjustiﬁca-

363 5586 557 5641 tiones
582 5604 758 5651 meas.
793 5596 849 5647 et
880 5593 1129 5651 assumis
1160 5598 1573 5652 testamentum
1618 5615 1815 5656 meum
1874 5617 1975 5671 per
1996 5618 2059 5658 os

2171 4698 2352 4753 virtus
2374 4698 2505 4768 Job,
2539 4698 2654 4755 Deo
2713 4697 3097 4767 respondente
3155 4699 3212 4750 et
3266 4691 3489 4747 dicente
3557 4689 3675 4761 (Job
3734 4694 3875 4763 XL):

2172 4791 2254 4842 Ne
2286 4786 2823 4858 rejiciasjudicium
2856 4801 3075 4853 meum,
3109 4799 3299 4856 neque
3322 4785 3493 4854 putes
3526 4794 3614 4836 me
3640 4780 3749 4836 tibi
3784 4781 3882 4836 ali-

2172 4880 2261 4933 ter
2284 4878 2672 4949 respondisse,
2726 4878 2823 4933 sed
2883 4880 2946 4932 ut
2989 4877 3186 4947 justus
3234 4887 3559 4945 apparens;
3607 4886 3669 4927 es
3722 4870 3879 4925 enim

2172 4967 2317 5023 mihi
2354 4974 2523 5022 notus
2556 4967 2654 5038 qui
2685 4965 2819 5022 novi
2868 4964 3115 5031 occulta,
3148 4968 3207 5019 et
3264 4961 3554 5032 profunda
3582 4959 3883 5031 cogitatio-

2172 5074 2313 5114 num
2340 5058 2570 5113 intueor
2613 5056 3025 5112 humanarum.
3088 5053 3200 5109 Sed
3250 5051 3535 5125 quoniam
3594 5050 3883 5120 ignoraris

2171 5149 2241 5204 ab
2288 5148 2649 5214 hominibus,
2707 5147 3088 5216 suspicantur
3135 5143 3291 5199 enim
3341 5155 3764 5209 nonnunquam
3797 5156 3886 5195 me

2170 5242 2281 5294 ate
2309 5238 2417 5295 coli
2452 5244 2685 5308 propter
2715 5235 2967 5305 divitias,
3010 5234 3136 5290 ideo
3170 5233 3275 5289 feci
3331 5234 3396 5287 ut
3426 5230 3487 5285 in
3544 5229 3884 5299 huiusmodi

2171 5346 2367 5386 casum
2392 5329 2700 5385 incideres.
2746 5326 3045 5383 Demessui
3080 5324 3334 5390 divitias,
3370 5325 3435 5377 ut
3465 5320 3771 5376 ostendam
3805 5323 3885 5377 eis

2168 5424 2328 5477 tuam
2388 5419 2710 5491 gratiarum
2755 5416 3046 5473 actionem
3115 5418 3172 5471 et
3230 5410 3689 5484 philosophiam.
3755 5412 3880 5469 Alia

2169 5516 2357 5567 autem
2390 5513 2624 5582 propter
2656 5508 3025 5564 avertendam
3075 5503 3440 5577 superbiam,
3474 5504 3540 5557 ut
3568 5500 3629 5555 in
3678 5501 3882 5559 Paulo.

2172 5601 2428 5659 Relictus
2472 5604 2563 5657 est
2592 5599 2745 5655 enim
2778 5597 2991 5653 Paulus
3022 5596 3275 5663 casibus,
3302 5602 3358 5651 et
3378 5590 3773 5663 colaphorum
3805 5594 3890 5649 in-

432 5677 551 5731 ‘De
580 5679 1067 5754 Herone,‘supra,
1099 5700 1219 5756 cap.
1254 5685 1344 5741 32.
1368 5684 1445 5742 De
1477 5685 1735 5757 Valente,
1766 5706 1965 5761 supra,
1998 5706 2125 5763 cap.
2147 5692 2236 5748 31.
2268 5692 2349 5748 De
2383 5690 2715 5758 Ptolomaeo,
2749 5703 2947 5761 supra,
2981 5704 3108 5758 cap.
3143 5686 3229 5741 33.
