4074 6278
400 397 553 462 1203

397 534 760 612 χαυνωθέντα.

399 602 665 691 ἆμαρτίας
697 633 709 645 ·
745 614 790 684 ᾧ
823 602 966 666 εἶπεν
1000 612 1027 663 6
1059 602 1272 691 Ἰησοῦς
1305 603 1534 691 Χριστός
1561 603 1733 691 ·-’¹Ιδε,
1766 602 2036 691 ῦγιήςγέ-

396 683 582 772 γονάς,
619 683 812 766 μηκέτι
867 693 1162 764 ἁμάρτανε,
1191 688 1280 742 ’ίνα
1327 689 1408 772 Δμή
1443 686 1631 761 χεῖρόν
1683 685 1734 738 τί
1763 706 1849 739 σοι
1895 683 2046 772 γένη-

397 764 507 833 ται.
547 764 970 850 Ἐγκατελείφθη
1005 773 1093 824 καὶ
1136 773 1163 824 6
1215 768 1448 850 ’_Io_'5l0t:,
1479 764 2046 850 προτιμήσας-ἀργύ-

401 877 516 933 ριον
544 846 640 909 τοῦ
668 861 768 920 τῆς
821 858 968 921 ζωῆς
1000 851 1190 924 λόγου,
1227 847 1311 902 διὸ
1356 850 1444 902 καὶ
1479 847 1756 920 ἀπήγξατο
1785 864 1796 875 ·
1843 846 2041 918 ἐγκατ-

400 925 619 1011 ελείφθη
670 934 760 987 καὶ
811 933 838 985 6
885 933 1071 1000 Ἡσαῦ,
1125 929 1209 984 διὸ
1257 929 1345 982 καὶ
1395 927 1661 998 ἀκολασίᾳ
1709 925 2040 1001 περιέπεσεν,

399 1006 746 1092 προτιμήσας
825 1012 1027 1087 κόπρον
1114 1009 1342 1083 ἐντέρων
1424 1006 1677 1084 εὐλογίας
1753 1012 2042 1078 πατρικῆς.

399 1087 574 1152 Ταῦτα
617 1093 706 1150 οὖν
753 1095 929 1148 πάντα
979 1090 1390 1163 συναισθόμενος
1447 1094 1524 1160 τῷ
1583 1087 1719 1162 ἁγίῳ
1770 1087 2046 1158 Πνεύματι

401 1180 428 1233 6
465 1176 732 1250 μακάριος
754 1171 1062 1232 ἀπόστολος
1090 1168 1303 1229 Παῦλος
1332 1165 1514 1243 ἔλεγεν
1537 1168 1660 1241 περὶ
1680 1171 1785 1220 τῶν
1815 1164 2046 1236 τοιούτῳ

397 1246 587 1332 τρόπῳ
615 1246 1223 1329 ἐγκαταλελειμμένων·
1253 1251 1441 1310 Καθὼς
1475 1246 1566 1301 οῦν
1592 1249 1691 1301 οὐκ
1721 1246 2046 1318 ἐδοκίμασαν

398 1325 489 1393 τὸν
551 1325 680 1390 Θεὸν
742 1333 888 1408 ἔχειν
939 1332 990 1387 ἐν
1047 1331 1358 1405 ἐπιγνώσει,
1412 1327 1721 1402 παρέδωκεν
1771 1325 1968 1386 αὐτοὺς
2017 1326 2044 1379 6

403 1419 531 1478 Θεὸς
567 1417 642 1476 εἷς
674 1405 936 1485 ἀδόκιμον
965 1417 1089 1465 νοῦν
1121 1416 1295 1464 ποιεῖν
1328 1409 1394 1462 τὰ
1431 1411 1505 1480 μή
1552 1409 1877 1476 καθήκοντα.
1916 1405 2045 1479 Περὶ

401 1499 594 1572 ἐτέρων
626 1501 731 1551 τῶν
787 1493 1094 1548 δοκούντων
1148 1493 1348 1566 γνῶσιν
1402 1487 1547 1565 ἔχειν
1601 1494 1733 1544 Θεοῦ
1783 1490 1914 1561 μετά
1964 1488 2048 1543 δι-

402 1570 744 1653 εφθαρμένης
773 1574 1011 1653 γνώμης
1034 1571 1124 1653 καί
1155 1575 1311 1653 κενοῦ
1345 1572 1689 1653 φυσήματος,
1712 1570 1875 1653 λέγει’
1897 1572 2045 1653 Διότι

400 1647 615 1732 γνόντες
648 1656 737 1709 τὸν
773 1647 928 1722 Θεὸν,
961 1651 1068 1730 οὐχ
1099 1652 1172 1712 ὡς
1205 1651 1331 1705 Θεὸν
1367 1647 1680 1720 ἐδόξασαν,ἢ
1715 1649 2050 1724 εὐχαρίστη-

403 1728 519 1808 σαν,
546 1734 673 1790 ἀλλ’
707 1728 1124 1808 ἐματαιώθησαν
1160 1729 1209 1785 ἐν
1243 1736 1360 1790 τοῖς
1410 1728 1794 1804 διαλογισμοῖς
1844 1729 2045 1802 αὐτῶν,

401 1819 491 1873 καὶ
537 1814 820 1884 ἐσκοτίσθη
875 1816 908 1882 ἡ
956 1812 1208 1873 ἀσύνετος
1260 1810 1430 1865 αὐτῶν
1478 1809 1694 1884 καρδία.
1739 1809 2046 1873 Φάσκοντες

1916 386 2274 448 PALLADH

813 526 1236 604 Ἐγχατελείφθη
1287 525 1376 580 καὶ
1431 526 1457 578 6
1498 524 1899 604 παραλυτικὸς,
1947 521 2038 576 διά
2068 525 2232 591 Ατῷ
2286 523 2409 604 τιῖις⁵
2444 513 2732 604 ἐπιθυμίας
2794 505 3381 604 δαίμονικπεριπίὶπτει
3462 509 3541 576 τῷ
3613 501 3830 604 ἄγοντι

3651 370 3826 432 1204

2155 584 2229 661 εἰς
2289 584 2672 665 ἄκολασίαν,ἢ
2731 597 2811 665 τῷ
2861 594 3078 663 θυμικῷ
3146 587 3408 659 πνεύματι
3482 584 3830 656 περιπίπτει

2152 685 2230 751 τῷ
2284 682 2532 751 πονηρῷ,
2566 677 2687 730 ὅθεν
2746 675 2800 728 αἱ
2858 672 3055 746 ἄλογοι
3107 671 3379 751 τίκτονται
3449 666 3642 740 όρμαί.
3713 665 3830 751 δαὶ

2153 743 2250 828 τήν
2291 761 2384 830 μὲν
2416 743 2717 812 ἀκόλαστον
2769 743 3057 824 ἐπιθυμίαν
3109 746 3293 823 ἔλεγεν
3335 747 3466 802 εἶναι
3513 743 3826 816 κτηνώδη,

2193 825 2220 856 ε’
2279 825 2323 892 ὃς
2484 839 2495 853 ι
2845 832 2868 850 n
3087 828 3142 850 rh
3256 831 3274 853 ι
3399 832 3423 843 ι-
3483 825 3527 846 In
3593 827 3705 867 sum
3769 826 3782 844 ι

2154 861 2244 895 τον
2313 859 2335 893 ε
2366 841 2533 910 θυμον
2582 837 2792 906 κίνησιν
2842 847 3206 905 οαιμονιωοη.
3277 831 3430 901 Εμου
3479 846 3538 882 οε
3583 827 3829 882 aula-

2152 941 2362 996 γοντος,
2398 908 2480 973 ὅτι
2525 921 2647 977 Πῶς
2699 914 2921 969 δύνατόν
2970 911 3111 967 ἐστιν
3161 911 3298 964 εἶναι
3355 912 3478 962 νοῦν
3526 908 3828 981 ἀνθρώπι-

2153 987 2238 1057 νον
2272 999 2639 1060 ἀδιαλείπτως
2697 997 2828 1071 μετά
2877 998 3031 1060 Θεοῦ,
3074 991 3258 1066 ἔλεγεν
3311 991 3491 1057 οὗτος,
3521 987 3604 1042 δτι
3641 990 3734 1071 ’Ῐτὲι
3770 990 3821 1059 ᾧ

2157 1079 2203 1136 δ’
2253 1079 2313 1133 ἃν
2361 1080 2593 1150 νοήματι
2634 1077 2668 1144 ἢ
2697 1065 3006 1149 ’πράγματι
3049 1065 3313 1148 τυγχάνει
3360 1071 3395 1137 ἡ
3442 1069 3595 1142 ψυχὴ
3644 1065 3823 1150 οὖσα,

2161 1162 2320 1235 μόνον
2364 1158 2415 1212 ἐν
2446 1145 2666 1211 εὐσεϐεῖ
2707 1145 2962 1228 λογισμῷ
2991 1152 3077 1206 καὶ
3112 1145 3263 1222 θείῳ,
3297 1150 3433 1222 μετά
3461 1151 3595 1202 Θεοῦ
3640 1145 3818 1203 ἐστιν.

2771 1233 3194 1309 ΚΕΦΑΑ.ίσ.

2722 1317 2852 1390 Περὶ
2900 1314 3231 1373 Καπίτωνος.

2225 1407 2426 1458 Τοῦτου
2457 1404 2554 1454 τοῦ
2584 1397 2960 1474 γενναιοτάτου
2991 1394 3236 1465 ἀθλητοῦ
3279 1393 3518 1464 πλησίον
3569 1393 3812 1463 κατῴκει

2158 1484 2406 1540 Καπίτων
2437 1503 2524 1545 τις
2553 1470 2659 1536 ἀπὸ
2700 1479 2919 1552 λῃστῶν
2952 1475 3191 1552 γεγονὼς
3243 1473 3488 1548 μοναχὸς
3549 1470 3822 1546 δοκιμώ-

2155 1587 2337 1626 τατος.
2398 1563 2566 1625 Οὗτος
2631 1562 2968 1630 πεντήκοντα
3024 1552 3114 1626 ἔτη
3185 1556 3487 1630 πληρώσας
3565 1553 3619 1609 έν
3694 1559 3821 1615 τοῖς

2157 1643 2470 1716 σπηλαίοις,
2514 1643 2619 1697 ἀπὸ
2673 1641 2945 1714 τεσσάρων
3002 1637 3201 1712 μιλίων
3262 1643 3361 1706 τῆς
3405 1635 3628 1697 πόλεως
3689 1635 3822 1690 Ἀν-

2153 1715 2360 1796 τινόου,
2410 1724 2470 1778 οὐ
2523 1720 2789 1786 κατῆλθεν
2863 1720 2968 1775 ἀπὸ
3047 1719 3143 1774 τοῦ
3225 1715 3501 1788 σπηλαίου
3589 1717 3823 1784 ἑαυτοῦ,

2157 1803 2282 1860 οὐδὲ
2317 1804 2479 1879 μέχρι
2512 1808 2608 1858 τοῦ
2647 1805 2902 1874 ποταμοῦ
2947 1804 3044 1854 τοῦ
3096 1797 3329 1879 Νείλου,
3374 1796 3573 1874 λέγων,
3637 1798 3824 1879 μήπω

403 1899 542 1953 εἶναι
573 1896 753 1974 σοφοὶ,
785 1894 1193 1968 ἐμωράνθησαν·
1219 1893 1270 1946 οἱ
1301 1897 1380 1962 τῷ
1409 1898 1508 1960 τῆς
1540 1891 1768 1960 οἰήσεως
1791 1890 1880 1945 καὶ
1903 1891 2042 1946 ἀπο-
2073 1888 2120 1953 Β
2153 1884 2406 1941 δύνασθαι
2448 1885 2606 1940 αὐτὸν
2650 1883 3038 1957 συντυγχάνειν
3085 1884 3199 1941 τοῖς
3241 1877 3461 1956 ὃχλοις,
3492 1881 3574 1949 τῷ
3625 1876 3820 1950 ἀκμὴν

401 1978 550 2038 νοίας
583 1969 799 2051 δαίμονι
847 1973 1237 2050 προσραγέντες
1273 1993 1284 2004 ·
1335 1969 1418 2026 διὸ
1449 1969 1758 2047 παρέδωκεν
1790 1971 1984 2034 αὐτοὺς
2017 1973 2044 2026 6

403 2061 530 2122 Θεὸς
563 2057 638 2120 εἷς
688 2056 835 2126 πάθη
885 2053 1129 2126 ἀτιμίας,
1160 2056 1257 2108 τοῦ
1306 2053 1662 2125 ἀτιμάζεσθαι
1709 2051 1775 2105 τὰ
1820 2053 2046 2124 σώματα

402 2140 602 2194 αὐτῶν.
635 2139 798 2191 ’Ὠστε
851 2134 915 2190 ἐκ
968 2135 1162 2189 τούτου
1223 2133 1505 2210 γινώσκειν
1565 2134 1713 2204 ἡμᾶς
1769 2133 1906 2205 χρὴ,
1961 2133 2045 2186 ὅτι

402 2217 695 2293 ἀμήχακόν
728 2217 839 2271 ἐστι
889 2221 1067 2271 πεσεῖν
1119 2209 1243 2268 τινα
1279 2215 1354 2275 εἷς
1404 2212 1721 2284 ἀκολασίαν,
1759 2212 1834 2285 μὴ
1886 2209 2045 2287 ἐγκα-

400 2290 758 2374 ταλειφθέντα
791 2297 894 2351 ὑπὸ
923 2298 1021 2364 τῆς
1046 2298 1143 2350 τοῦ
1174 2298 1308 2350 Θεοῦ
1341 2291 1596 2368 προνοίας
1638 2291 1740 2346 ὑπὸ
1784 2290 2045 2365 ἀμελείας

400 2377 488 2432 καὶ
543 2370 811 2450 ῥ’ᾳθυμίας
864 2376 1068 2436 οἰκείας
1114 2379 1222 2429 τῶν
1271 2370 1905 2450 ἐγκαταλιμπανομένων
1952 2371 2043 2426 καὶ

402 2455 792 2533 διαδιδομένων
826 2457 901 2519 εἷς
932 2458 994 2511 τὸ
1025 2456 1191 2512 ταῦτα
1225 2451 1540 2528 συμϐαίνειν
1575 2453 1779 2515 αὐτοῖς.

1001 2536 1448 2613 ΚΕΦΑΑ.ιςἏ

940 2619 1069 2691 Περὶ
1121 2615 1510 2690 Σολομῶντος.

473 2699 559 2754 Ἐν
612 2695 890 2754 Ἀντινόου
934 2704 1036 2766 τῆς
1083 2692 1355 2766 Θηϐαΐδος
1422 2694 1704 2768 διατρίψας
1761 2695 1866 2771 ἐγὼ
1924 2696 2043 2750 τέσ-

400 2798 536 2853 σαρα
565 2772 682 2849 ἔτη,
715 2775 767 2831 ἐν
813 2778 1058 2846 τοσούτῳ
1106 2775 1292 2849 χρόνῳ
1338 2779 1533 2847 γνῶσιν
1581 2774 1783 2850 εἷ’ληφα
1828 2776 2039 2831 πάντων

401 2865 508 2915 τῶν
583 2859 757 2914 ἐκεῖσε
845 2857 1246 2930 μοναστηρίων.
1346 2856 1671 2923 Καθέζονται
1761 2857 1857 2929 μὲν
1939 2857 2041 2931 γὰρ

400 2938 542 3014 ἀμφί
597 2940 696 3008 τήν
747 2937 908 2992 πόλιν
969 2933 1156 3010 ἄνδρες
1216 2935 1288 2996 ὡς
1347 2934 1526 3008 χίλιοι
1586 2932 1872 3005 διακόσιοι,
1922 2941 2041 2997 ταῖς

399 3022 588 3100 χερσὶν
637 3022 966 3090 ἀποζῶντες,
1022 3018 1097 3080 εἷς
1149 3014 1310 3092 ἄκρον
1362 3015 1685 3088 ἀσκούμενοι
1735 3021 1804 3089 τῇ
1853 3019 2037 3090 ἀρετῇ.

398 3096 487 3160 Ἔν
532 3104 748 3163 τούτοις
801 3100 902 3155 εἶσὶ
952 3099 1043 3155 καὶ
1089 3097 1442 3176 ἀναχωρηταὶ
1491 3096 1542 3151 ἐν
1587 3103 1702 3159 τοῖς
1749 3097 2042 3167 σπηλαίοις

398 3190 507 3240 τῶν
532 3189 743 3259 πετρῶν
769 3184 990 3243 ἑαυτοὺς
1023 3180 1579 3255 ἐγκαθείρξαντες.Ἐν
1615 3181 1700 3240 οἷς
1730 3179 1841 3234 ἐστι
1874 3177 2044 3233 Σολο-

403 3265 518 3336 μών
549 3254 645 3325 τις·
679 3254 1071 3337 ἀναχωρητής,
1104 3262 1242 3334 ἀνὴρ
1290 3261 1614 3333 πραΰτατος,
1647 3259 1734 3313 καὶ
1786 3261 2040 3335 σώφρων,
2076 3254 2118 3320 C

399 3345 648 3419 χάρισμα
676 3339 818 3417 ἔχων
849 3345 1159 3414 ὑπομονῆς’
1195 3342 1254 3402 '6:
1285 3339 1465 3414 ἔλεγεν
1497 3337 1644 3418 ἔχειν
1675 3340 2038 3410 πεντηκοστὸν

398 3419 516 3484 ἔτος
545 3421 597 3475 ἒν
632 3421 713 3492 τῷ
764 3422 1043 3494 σπηλαίῳ,
1077 3419 1371 3495 ἐπαρκέσας
1420 3421 1594 3491 ἐαυτῷ
1625 3419 1684 3473 ἐκ
1711 3425 1817 3474 τῶν
1869 3419 2036 3496 ἔργων

400 3504 505 3554 τῶν
542 3505 765 3573 χειρῶν,
799 3502 888 3554 καὶ
920 3501 1167 3571 ἐκμαθὼν
1200 3505 1370 3552 πᾶσαν
1406 3500 1557 3572 ἀγίαν
1594 3502 1834 3576 Γραφήν.

1023 3579 1426 3652 ΚΕΦΑΑ.ίΖ.

991 3655 1121 3730 Περὶ
1180 3655 1461 3728 Δωροθέου
1479 3702 1491 3711 .

474 3736 776 3811 Δωρόθεος,
809 3735 862 3790 ἐν
896 3734 1056 3808 ἄλλῳ
1085 3733 1344 3807 σπηλαίῳ
1377 3735 1540 3790 οἰκῶν
1571 3732 2042 3811 πρεσϐύτερος,εἷς

402 3813 714 3893 ὑπερϐολήν
767 3818 1141 3892 ἀγαθώτατος,
1175 3817 1264 3871 καὶ
1316 3816 1475 3879 αὐτὸς
1523 3819 1690 3887 ζήσας
1729 3819 1822 3873 τὸν
1872 3819 2047 3872 ἀνεπί-

400 3897 608 3967 ληπτον
647 3898 785 3972 βίον,
818 3894 1208 3973 πρεσϐυτερίου
1234 3898 1558 3970 ἠξιωμένος,
1592 3899 1678 3952 καὶ
1714 3899 2042 3973 λειτουργῶν

399 3986 513 4042 τοῖς
547 3977 806 4054 ἀδελφοῖς
838 3987 955 4041 τοῖς
989 3979 1040 4033 ἐν
1095 3984 1209 4039 τοῖς
1241 3978 1557 4046 σπηλαίοις.
1590 3978 1778 4052 Τούτῳ
1810 3981 1942 4034 ποτε
1970 3985 2047 4052 τῷ

399 4058 761 4137 ἀφιλαργύρῳ
789 4061 882 4113 τὸν
933 4060 1134 4134 τρόπον
1166 4056 1412 4137 Μελανίη
1445 4060 1507 4137 ἡν.
1533 4058 1764 4132 νεωτέρα
1811 4066 1909 4128 τῆς
1947 4081 2044 4132 με-

395 4134 572 4216 γάλης
606 4136 877 4200 Μελανίας
933 4138 1151 4213 έκγόνη,
1200 4136 1324 4208 περὶ
1367 4139 1434 4204 ἧς
1481 4134 1698 4209 ὕστερον
1749 4137 1909 4208 λέξω,
1940 4139 2045 4193 ἀπ-

398 4221 633 4278 έστειλεν
682 4221 994 4294 νομίσματα
1040 4219 1386 4287 πεντακόσια,
1419 4217 1839 4292 παρακαλέσασα
1886 4220 2045 4275 αὐτὸν

399 4303 574 4357 ἐκεῖνα
625 4299 938 4370 διακονῆσαι
990 4305 1108 4361 τοῖς
1159 4297 1329 4353 ἐκεῖσε
1379 4295 1660 4374 ἀδελφοῖς.
1694 4301 1750 4354 '0
1803 4297 1858 4353 δὲ
1900 4301 2044 4374 τρία,

398 4382 714 4456 νομίσματα
772 4378 987 4452 λαϐὼν,
1043 4381 1393 4454 παρέπεμψεν
1456 4379 1523 4433 τὰ
1581 4378 1754 4433 λοιπά
1828 4379 2050 4436 Διοκλεῖ

397 4467 477 4534 τῷ
538 4461 895 4535 ἂναχωρητῇ,
955 4460 1109 4533 ἀνδρὶ
1168 4459 1628 4534 γνωστικωτάτῳ,
1701 4461 1902 4536 λέγων,
1961 4464 2046 4517 δτι

401 4543 722 4619 Σοφώτερός
775 4543 880 4619 μού
926 4543 1066 4619 ἐστιν
1120 4543 1146 4594 6
1196 4539 1431 4618 ἀδελφὸς
1493 4540 1748 4612 Διοκλῆς,
1799 4543 1888 4597 καὶ
1950 4541 2047 4597 δύ-

2155 1967 2528 2042 ἀντιπράττειν
2557 1964 2702 2036 αὐτῷ
2730 1963 2821 2018 τὸν
2857 1961 3193 2016 ὑπεναντίον.

2797 2045 3053 2099 ΚΕΦΑΛ.
3083 2041 3158 2096 Ρ“.

2476 2127 2606 2200 Περὶ
2645 2129 2742 2180 τοῦ
2765 2121 3052 2195 κενοδόξου
3085 2122 3472 2196 ἀναχωρητοῦ,

2226 2207 2424 2283 Ἑγγὺς
2471 2207 2682 2262 τούτων
2751 2205 3065 2279 ἑωράκαμεν
3127 2203 3217 2256 καὶ
3280 2201 3460 2275 ἕτερον
3507 2203 3820 2276 ἀναχωρη-

2153 2292 2274 2360 τὴν,
2303 2281 2534 2362 ήὸμοίως
2581 2287 2671 2341 καὶ
2733 2285 2892 2339 αὐτὸν
2937 2285 3251 2339 ἐνοικοῦντα
3286 2281 3605 2353 σπηλαίοις.
3641 2283 3826 2346 Οὗτος

2154 2369 2353 2443 οἴστρῳ
2381 2365 2690 2438 κενοδοξίας
2719 2365 3122 2439 ἒμπαιζόμενος
3183 2365 3286 2419 ὑπὸ
3347 2363 3638 2439 ὀνειράτων
3684 2365 3822 2418 ἀντ-

2153 2450 2423 2520 ενέπαιζεν
2501 2454 2619 2511 τοῖς
2713 2448 2847 2521 πρὸς
2947 2445 3106 2500 αὐτὸν
3181 2446 3642 2522 παραγινομένοις
3716 2445 3818 2499 καὶ

2152 2531 2552 2605 ἀπατωμένοις.
2600 2530 2818 2603 ’Ἄφρων
2868 2528 3124 2602 γεγονὼς,
3174 2527 3310 2580 κατά
3367 2526 3428 2581 τὸ
3481 2526 3811 2601 γεγραμμέ-

2151 2633 2263 2677 νον,
2315 2617 2430 2673 τοῖς
2491 2609 2757 2672 ἐνυπνίοις
2834 2608 3316 2683 ἀναπτερούμενος,
3385 2607 3610 2679 ἀνέμους
3671 2627 3812 2660 ποι-

2155 2694 2379 2770 μαίνων,
2437 2693 2524 2745 καὶ
2586 2688 2799 2744 διώκων
2853 2689 3026 2749 σκιάς.
3089 2689 3190 2742 Καὶ
3247 2689 3348 2756 τήν
3407 2688 3496 2760 μὲν
3551 2686 3687 2741 κατὰ
3736 2687 3806 2740 τὸ

2153 2765 2311 2850 σῶμα
2343 2771 2696 2850 σωφροσύνην
2731 2770 2984 2839 ἐκέκτητο
3017 2787 3030 2799 ·
3073 2769 3161 2850 καὶ
3225 2766 3318 2850 διδι
3343 2769 3407 2823 τὸ
3451 2775 3608 2843 γῆρας
3670 2765 3795 2850 λοι-

2239 2845 2248 2850 '
2351 2855 2365 2874 κ
2437 2845 2475 2871 '\
2558 2855 2570 2868 κ
2947 2851 2981 2867 μ
3071 2847 3094 2866 es
3241 2851 3254 2867 π
3369 2851 3383 2866 π
3482 2850 3494 2864 ι
3700 2845 3725 2864 σε

2151 2859 2249 2913 πὸν
2280 2877 2367 2910 και
2399 2851 2486 2908 δια
2517 2874 2609 2907 τον
2643 2854 2864 2927 χρόνον,
2897 2852 3041 2905 ταᾹα
3069 2851 3125 2904 οὲ
3168 2870 3258 2903 και
3300 2847 3394 2904 δια
3438 2869 3530 2916 την
3574 2859 3804 2902 κενοδο-

2153 2939 2283 3010 ξίαν,
2315 2938 2413 3006 τὴν
2440 2933 2497 2990 δὲ
2541 2935 2656 2989 κατ’
2698 2935 2890 3007 ἀρετὴν
2939 2933 3103 3008 φρένα
3143 2931 3449 3000 ἀπώλεσεν,
3488 2928 3808 3005 διαφθαρεὶς

2154 3021 2256 3076 ὑπὸ
2329 3025 2428 3087 τῆς
2486 3016 2789 3090 ἀκαθάρτου
2837 3013 3165 3087 κενοδοξίας,
3225 3013 3316 3068 καὶ
3383 3012 3676 3086 ἐξωκείλας
3735 3011 3808 3066 δι’

2152 3101 2317 3169 αὐτῆς
2349 3105 2448 3166 τῆς
2479 3096 2740 3169 ἐνθέσμου
2767 3093 3067 3158 πολίτείας.

2759 3180 3020 3232 ΚΕΦΑΛ.
3065 3176 3194 3233 ΡΔ’.

2761 3257 2890 3330 Περὶ
2938 3256 3193 3334 Ἐφραίμ.

2221 3342 2301 3398 Τά
2357 3336 2494 3393 κατά
2550 3338 2789 3415 Ἐφραίμ
2843 3336 2932 3389 τὸν
2989 3333 3230 3390 διάκονον
3299 3341 3402 3402 τῆς
3466 3333 3810 3406 Ἐδεσσηνῶν

2152 3419 2482 3490 Ἐκκλησίας
2513 3413 2729 3479 πάντως
2783 3417 3047 3487 ἀκήκοας.
3100 3413 3320 3490 Γέγονεν
3363 3417 3467 3490 γὰρ
3517 3418 3682 3477 οὗτος
3742 3419 3818 3478 εἰς

2150 3504 2212 3557 τὸ
2248 3500 2680 3575 μνημονεύεσθαι
2715 3496 2857 3567 ἄξιος
2891 3499 3035 3572 παρὰ
3091 3503 3202 3552 τῶν
3244 3496 3409 3551 ὁσίων
3443 3496 3660 3551 δούλων
3719 3503 3819 3553 τοῦ

2154 3585 2408 3655 Χριστοῦ.
2442 3578 2611 3639 Οὗτος
2667 3579 2694 3631 ὁ
2747 3575 2910 3647 ἀξίως
2961 3580 3058 3647 τήν
3109 3581 3205 3631 τοῦ
3277 3578 3439 3652 ἁγίου
3499 3578 3820 3651 Πνεύματος

2154 3661 2404 3732 ἐξανύσας
2445 3661 2544 3728 τήν
2573 3657 2829 3730 ὁδὸν,καὶ
2870 3657 3002 3730 μηδ’
3039 3657 3194 3719 ὅλως
3240 3656 3528 3732 ἐκτραπεὶς
3565 3665 3665 3728 τῆς
3721 3659 3824 3713 εὖ-

2155 3741 2298 3802 θείας
2366 3738 2516 3808 ὁδοῦ,
2566 3739 2879 3809 κατηξιώθη
2939 3739 3285 3813 χαρίσματος
3347 3740 3603 3813 γνώσεως
3659 3761 3823 3816 φυσι-

2152 3831 2277 3893 κῆς,
2311 3823 2377 3892 ἢν
2412 3819 2722 3896 διαδέχεται
2758 3819 3017 3894 θεολογία
3056 3820 3146 3874 καὶ
3191 3819 3398 3894 ἐσχάτη
3455 3821 3817 3895 μακαριότης,

2154 3904 2250 3958 Τὸν
2283 3902 2495 3980 ἥσυχον
2545 3901 2638 3955 οῦν
2697 3901 2778 3955 ἀεὶ
2841 3900 3136 3969 ἐξασκήσας
3203 3899 3318 3974 βίον
3377 3899 3454 3960 εἷς
3502 3899 3689 3974 ἄκρον,
3722 3901 3816 3955 καὶ

2155 3984 2280 4044 τοῦς
2335 3983 2856 4057 παρατυγχάνοντας
2919 3979 2984 4033 δι’
3053 3981 3219 4034 αὐτοῦ
3266 3980 3347 4035 ἀεὶ
3385 3979 3696 4054 οἰκοδομῶν
3724 3981 3810 4036 ἐπὶ

2156 4064 2310 4117 ἱκανά
2339 4056 2456 4133 ἔτη,
2491 4061 2565 4123 εἷς
2598 4061 2821 4132 ὕστερον
2854 4059 3134 4136 προῆλθεν
3163 4066 3263 4129 τῆς
3292 4059 3500 4132 κέλλης
3533 4061 3582 4134 ἐξ
3634 4061 3814 4124 αἰτίας

2154 4141 2370 4197 τοιᾶσδε
2404 4161 2416 4173 ·
2450 4146 2631 4215 Λιμοῦ
2665 4137 3079 4204 καταλαϐόντος
3131 4140 3373 4217 μεγάλου
3415 4142 3513 4210 τὴν
3561 4139 3822 4211 Ἐδεσση-

2156 4227 2262 4277 νῶν
2295 4221 2476 4290 πόλιν,
2529 4223 2620 4276 καὶ
2670 4223 3122 4295 κατοικτειρήσας
3177 4227 3348 4276 πᾶσαν
3393 4224 3493 4291 τήν
3543 4223 3823 4296 ἀγροικίαν

2158 4302 2608 4382 διαφθειρομένην
2700 4305 2727 4357 6
2821 4299 2998 4365 ἔνθεος
3064 4302 3247 4375 οὗτος,
3309 4302 3616 4378 προσῆλθεν
3698 4310 3819 4366 τοῖς

2159 4381 2343 4459 ἀδροῖς
2381 4383 2433 4438 ἐν
2495 4383 2624 4452 ὕλη,
2659 4383 2747 4438 καὶ
2803 4383 2949 4460 λέγει
3008 4383 3194 4448 αὐτοῖς
3226 4403 3242 4416 °
3301 4383 3460 4444 Τίνος
3488 4381 3662 4437 ἕνεκεν
3711 4385 3816 4438 οὐκ

2160 4463 2363 4519 ἐλεεῖτε
2403 4462 2858 4541 διαφθειρομένην
2904 4466 3004 4532 τὴν
3051 4463 3392 4538 ἀνθρωπίνην
3445 4462 3622 4538 φύσιν,
3656 4461 3812 4517 ἀλλά

2156 4547 2250 4600 τὸν
2285 4546 2526 4602 πλοῦτον
2577 4546 2730 4619 ὑμῶν
2769 4547 2968 4615 σήπετε
3006 4545 3084 4608 εἷς
3131 4547 3424 4615 κατάκριμα
3455 4545 3559 4594 τῶν
3601 4544 3802 4615 ψυχῶν

404 4645 558 4680 vam!
589 4624 723 4678 αὐτὰ
775 4618 1036 4683 ἀϐλαϐῶς
1072 4619 1372 4691 διοικῆσαι,
1423 4622 1779 4694 ἐπιστάμενος
1833 4624 2049 4696 μᾶλλον
2081 4626 2126 4690 D
2161 4627 2352 4699 ὗμῶνς
2390 4628 2618 4682 Ἐκεῖνοι
2689 4626 3028 4699 σκηψάμενοι
3083 4624 3232 4692 δῆθεν
3291 4618 3516 4697 εὔλογον
3576 4624 3808 4694 σκῆψιν,

403 4703 538 4778 ἐμοῦ
568 4704 695 4765 τοὺς
747 4701 990 4777 εὐλόγως
1043 4698 1365 4777 ὀφείλοντας
1413 4699 1862 4775 ἒπικουρηθῆναι.
1909 4704 2045 4780 Ἐγὼ

401 4789 502 4862 γὰρ
532 4785 750 4848 τούτοις
780 4784 1077 4858 ἀρκοῦμαι.

1013 4865 1443 4940 ΚΕΦΑΛ.ίΗκ

1031 4947 1162 5020 Περὶ
1196 4945 1423 5010 Διοκλῆ.

472 5024 640 5085 Οὗτος
677 5022 735 5078 δέ
782 5024 808 5078 6
844 5023 1080 5094 Διοκλῆς
1131 5023 1238 5080 ἄπὸ
1286 5027 1676 5101 γραμματικῆς
1712 5026 1804 5098 μὲν
1857 5025 2044 5100 ἀχθεὶς

395 5103 462 5160 τά
488 5108 701 5180 πρῶτα,
733 5103 808 5165 εἷς
862 5104 1079 5180 ὕστερον
1116 5104 1170 5160 δὲ
1220 5106 1344 5167 δοὺς
1372 5104 1558 5159 ἑαυτὸν
1610 5104 1686 5169 εἷς
1716 5105 2046 5184 φιλοσοφού-

399 5207 553 5261 μενα,
578 5189 657 5258 τῷ
688 5183 878 5261 χρόνῳ
908 5192 1008 5254 τῆς
1036 5187 1268 5261 χάριτος
1305 5187 1466 5241 αὺτὸν
1499 5185 1804 5256 ἐλκυσάσης
1839 5183 2041 5256 εἱςγτὴν

393 5269 638 5344 οὐράνιον
687 5264 1059 5344 φιλοσοφίαν·
1126 5268 1370 5322 εἰκοστὸν
1433 5269 1615 5322 τοίνυν
1674 5264 1868 5335 ὄγδοον
1923 5262 2042 5332 ἔτος

391 5353 535 5426 ἄγων
594 5357 695 5419 τῆς
753 5346 1002 5417 ἡλικίας,
1064 5347 1362 5416 ἀπετάξατο
1423 5349 1518 5422 μὲν
1576 5353 1682 5401 τῶν
1735 5346 2039 5422 ἐγκυκλίων

401 5430 802 5504 παιδευμάτων,
856 5426 1174 5495 συνετάξατο
1206 5427 1261 5482 δέ
1308 5435 1417 5483 τῶν
1465 5435 1579 5491 τοῖς
1629 5429 1901 5502 οὐρανίοις
1945 5435 2042 5485 τοῦ

386 5517 620 5584 Χριστοῦ
693 5513 1003 5583 μαθήμασι.
1085 5509 1183 5562 Καὶ
1273 5509 1434 5570 αὐτὸς
1505 5504 1649 5586 ἔχων
1721 5511 2038 5584 τριακοστὸν

382 5590 632 5663 πέμπτον
666 5587 787 5652 ἔτος
819 5591 870 5645 ἐν
900 5595 1021 5651 τοῖς
1061 5587 1383 5658 σπηλαίοις.
1418 5585 1586 5649 Οὗτος
1637 5585 1820 5664 ἔλεγεν
1850 5595 1987 5663 ἡμῖν
2024 5609 2038 5624 ·

382 5677 438 5728 Ὁ
468 5674 594 5731 νοῦς
626 5673 862 5731 ἀποστας
902 5677 1001 5740 τῆς
1049 5674 1147 5725 τοῦ
1180 5673 1314 5724 Θεοῦ
1367 5668 1594 5741 θεωρίας
1644 5676 1761 5724 κατ⁴
1812 5667 2037 5742 ἔννοιαν,

385 5753 420 5824 ἢ
454 5749 664 5825 δαίμων
692 5751 917 5826 γίνεται,
952 5753 986 5821 ἢ
1020 5759 1221 5822 κτῆνος
1253 5770 1266 5783 ·
1301 5751 1463 5824 ἡμῶν
1495 5747 1552 5804 δὲ
1595 5748 2037 5826 φιλοπευστούν-

377 5855 485 5908 των
531 5834 624 5886 τὸν
674 5834 878 5908 τρόπον
925 5833 982 5888 ὃν
1039 5833 1201 5904 εἶπεν,
1248 5828 1434 5906 ἕλεγεν
1496 5829 1693 5903 οὕτως,
1756 5833 1840 5887 ὅτι
1899 5838 2039 5900 Νοῦς

381 5905 678 5985 ἀνθρώπου
711 5905 862 5968 -Θεοῦ
917 5911 1145 5986 θεωρίας
1195 5905 1563 5990 ἀναχωρήσας
1612 5910 1664 5986 ἐξ
1716 5910 1963 5992 ἀνάγκης
2003 5917 2040 5992 ἢ

2158 4707 2378 4784 λέγουσι
2425 4714 2505 4781 τῷ
2563 4708 2726 4783 ἁγίῳ,
2761 4708 2842 4763 ὅτι
2905 4708 3014 4763 Οὐκ
3043 4703 3238 4785 ἔχομεν
3287 4725 3391 4760 τινι
3429 4703 3813 4778 πιστεύσωμεν

2153 4790 2289 4864 πρὸς
2319 4791 2382 4844 τὸ
2424 4787 2742 4855 διακονῆσαι
2766 4794 2882 4851 τοῖς
2930 4789 3300 4861 λιμώττουσιν
3352 4785 3571 4861 ἄρτους.
3605 4786 3811 4849 Πάντες

2153 4871 2260 4947 γὰρ
2325 4871 2700 4943 καπηλεύουσι
2760 4871 2827 4926 τά
2874 4871 3188 4947 πράγματα.
3280 4873 3442 4945 Λέγει
3525 4866 3707 4931 αῢτοῖς
3783 4872 3811 4924 6

2153 4951 2409 5026 ἀνάρετος
2442 4952 2601 5016 οὗτος
2633 4971 2645 4984 °
2678 4951 2751 5007 Τά
2798 4952 2922 5027 περὶ
2964 4952 3101 5022 ἐμοῦ
3162 4955 3283 5012 πῶς
3343 4947 3534 5024 ἔχετε;
3581 4951 3634 5004 τί
3686 4951 3811 5021 ὑμῖν

2155 5028 2301 5086 δοκῶ
2331 5029 2441 5107 ἐγώ
2473 5032 2835 5106 ,Ἄνθρωπόν
2871 5052 2927 5085 σε
2959 5028 3186 5103 οἷ’δαμεν
3203 5034 3304 5085 τοῦ
3335 5027 3469 5085 Θεοῦ
3511 5049 3524 5062 ’
3567 5027 3699 5105 φίλη
3749 5027 3812 5083 δά

2152 5110 2384 5182 ἀλήθεια
2444 5134 2456 5145 ·
2510 5112 2758 5186 μεγάλην
2813 5110 3093 5186 ὑπόληψιν
3146 5112 3292 5186 εἶχεν
3351 5111 3499 5186 παρά
3554 5114 3716 5164 πᾶσιν
3749 5111 3811 5164 οὐ

2153 5189 2383 5268 ψευδῶς,
2432 5191 2560 5246 ἀλλ’
2617 5193 2859 5264 ἀληθῶς,
2895 5190 3053 5247 Λέλει
3114 5192 3301 5252 αὐτοῖς
3358 5192 3385 5245 ὁ
3445 5194 3541 5246 τοῦ
3573 5191 3812 5264 Χριστοῦ

2153 5271 2350 5328 δοῦλος
2385 5294 2397 5306 ·
2440 5273 2503 5326 Εἰ
2538 5271 2713 5333 οὕτως
2775 5273 2950 5327 οἷέσθε
3008 5273 3074 5326 τὰ
3123 5275 3241 5326 κατ’
3292 5272 3411 5344 ἐμὲ,
3471 5270 3595 5343 ἐμοὶ
3649 5269 3814 5342 ἐμπι-

2150 5353 2402 5410 στεύσατε
2457 5355 2555 5422 τὴν
2622 5359 2729 5408 τῶν
2815 5353 3210 5426 λιμωττόντων
3288 5351 3623 5425 ἐπιμέλειαν.
3709 5351 3812 5406 Λέ-

2148 5456 2333 5510 γουσιν
2395 5433 2544 5506 αύτῷ
2603 5436 2654 5488 οἱ
2715 5430 2959 5510 σοϐαροί.
3014 5435 3142 5490 Εἴθε
3199 5436 3496 5505 καταξιοῖς.
3548 5432 3812 5506 ’Δποκρί-

2144 5535 2292 5568 νεται
2339 5513 2522 5576 αὐτοῖς
2583 5515 2824 5591 Ἐφραίμ
2886 5516 2913 5569 6
2974 5513 3235 5575 ἐκλεκτὸς
3293 5517 3388 5567 τοῦ
3435 5515 3606 5567 Θεοῦ’
3667 5511 3811 5568 Ἰδοὺ

2145 5594 2249 5648 ἀπὸ
2309 5595 2548 5668 σήμερον
2609 5591 2678 5647 δι’
2736 5595 2878 5666 ὑμᾶς
2962 5597 3265 5669 χειροτονῶ
3342 5591 3576 5666 ἐμαυτὸν
3661 5592 3812 5662 ξενο-

2146 5673 2313 5751 δόχον
2369 5679 2476 5730 τῶν
2531 5672 2800 5748 δεομένῶν
2834 5694 2848 5708 ⁸
2909 5677 2999 5730 καὶ
3055 5670 3239 5730 λαϐὼν
3298 5675 3425 5748 παρ’
3480 5673 3662 5728 αὐτῶν
3709 5676 3812 5749 ἀρ-

2144 5756 2333 5834 γύρια,
2389 5758 2477 5812 καί
2538 5754 2818 5831 διαφρίξας
2885 5759 3012 5819 τοὺς
3069 5753 3368 5832 ἐμϐόλους,
3436 5756 3527 5812 καὶ
3604 5757 3811 5827 στήσας

2143 5837 2336 5899 κλίνας
2413 5837 2487 5900 ὡς
2551 5839 2886 5915 τριακοσίας,
2959 5840 3280 5913 ἓνοσοκόμει
3368 5835 3807 5915 ἀσθενεστέρους,

2144 5917 2372 5994 ἐπήρκει
2430 5915 2490 5978 δὲ
2543 5913 2660 5986 τοῖς
2723 5917 3090 5995 λιμώττόοσι.
3149 5918 3251 5979 Καὶ
3319 5915 3452 5986 τοὺς
3527 5916 3622 5992 μιν
3709 5913 3808 5975 ἐκ·
