4074 6278
255 380 409 442 1208

1598 375 1970 437 HISTORIA
2012 376 2426 440 LAUSIACA.

3618 378 3772 441 1206

254 514 647 582 cussionibus,
717 516 774 569 et
856 493 1099 567 diversis
1178 510 1433 581 jactatus
1518 508 1949 580 afflictionibus,
1984 512 2039 579 Α
2069 528 2199 568 cum
2232 530 2293 568 se
2326 518 2527 585 postea
2550 515 2803 570 dedisset
2826 514 3486 587 philosophiae,tandem
3507 514 3772 570 trahente

253 609 309 660 et
347 604 529 659 dixit:
567 604 742 658 Datus
787 608 869 657 est
902 600 1043 655 mihi
1093 600 1368 656 stimulus
1399 600 1610 666 carnis,
1654 604 1719 655 ut
1753 614 1840 654 me
1870 616 1959 655 co-

251 693 523 765 laphizet,
569 708 640 747 ne
671 693 818 748 forte
849 690 1089 745 extollar
1119 691 1195 761 (Il
1227 690 1347 745 Cor.
1389 692 1503 761 x1);
1540 707 1609 745 ne
1650 691 1796 745 forte
1824 706 1955 746 cum

253 781 554 838 miraculis
587 782 753 852 quies
785 784 841 835 et
862 796 1052 835 rerum
1085 795 1390 836 successus
1413 784 1469 834 et
1502 780 1682 834 honor
1711 780 1761 835 ei
1791 796 1959 835 acce-

250 874 415 939 dens,
447 889 580 929 eum
614 872 672 926 in
724 872 1116 940 arrogantiam
1167 870 1419 940 injicerit
1466 869 1812 926 diabolicam
1856 886 1957 924 su—

248 963 449 1033 perbia
482 963 720 1017 elatum.
766 960 1025 1015 Relictus
1055 977 1284 1032 quoque
1314 964 1402 1015 est
1436 960 1789 1031 paralyticus
1824 976 1959 1029 pro-

250 1059 377 1127 pter
428 1058 750 1125 peccatum.
827 1051 930 1105 Cui
1000 1052 1148 1105 dixit
1198 1052 1480 1106 Dominus
1526 1068 1537 1103 :
1585 1052 1726 1105 Ecce
1776 1067 1957 1107 sanus

251 1148 441 1201 tactus
474 1162 555 1211 es,
598 1142 737 1198 moli
762 1142 1019 1213 amplius
1051 1157 1289 1210 peccare
1319 1140 1500 1212 (Joan.
1528 1142 1603 1211 v).
1639 1140 1957 1195 Derelictus

251 1250 481 1305 quoque
512 1236 601 1287 est
628 1232 837 1297 Judas,
871 1231 969 1301 qui
994 1229 1180 1301 pluris
1210 1230 1420 1285 fecerat
1452 1230 1753 1299 pecuniam
1779 1245 1954 1298 quam

248 1326 490 1379 verbum
523 1324 687 1389 vitm;
724 1321 996 1394 quocirca
1028 1321 1335 1376 fuitetiam
1369 1320 1683 1376 suffocatus
1713 1320 1853 1390 (Act.
1888 1326 1950 1387 1).

250 1413 568 1467 Derelictus
620 1427 848 1483 quoque
896 1427 956 1466 es
988 1410 1160 1478 Esau,
1212 1416 1267 1464 et
1313 1409 1520 1464 incidit
1561 1409 1619 1462 in
1669 1409 1957 1478 intempe-

250 1502 517 1568 rantiam,
567 1505 631 1554 ut
677 1500 774 1571 qui
833 1503 1054 1553 stercus
1112 1498 1523 1553 intestinorum
1577 1496 1953 1567 praeposuerit

252 1589 639 1646 benedictioni
672 1595 918 1660 paternae
950 1587 1109 1659 (Gen.
1145 1589 1353 1658 xxvn);
1388 1586 1530 1641 adeo
1573 1590 1635 1640 ut
1664 1602 1799 1642 cum
1832 1586 1952 1641 haec

250 1680 450 1736 omnia
481 1678 762 1735 sensisset
799 1682 1003 1733 beatus
1034 1677 1333 1749 apostolus
1366 1677 1601 1744 Paulus,
1636 1676 1847 1731 dixerit
1882 1676 1953 1731 de

252 1770 541 1839 aliquibus
584 1787 597 1825 :
649 1769 934 1835 Quoniam
985 1768 1142 1824 enim
1190 1785 1304 1825 non
1340 1767 1731 1839 probaverunt
1763 1768 1947 1822 Deum

2064 617 2195 657 eum
2231 603 2418 674 gratia
2450 604 2521 659 ad
2545 603 2833 659 caelestem
2867 605 3319 676 philosophiam,
3342 605 3529 660 aetatis
3550 621 3770 659 annum

2068 707 2241 761 agens
2259 693 2607 763 vigesimum
2633 698 2920 762 octavum,
2946 695 3296 750 renuntiavit
3330 695 3563 765 quidem
3598 694 3770 749 disci-

2066 780 2242 850 plinis
2274 780 2640 847 liberalibus,
2680 799 2740 838 se
2772 782 3000 839 Christo
3031 800 3163 838 vero
3197 784 3531 855 conjunxit;
3566 788 3619 839 et
3644 784 3768 852 jam

2065 867 2432 939 trigesimum
2468 872 2738 941 quintum
2773 888 2991 926 annum
3024 874 3140 942 agit
3170 873 3227 925 in
3262 873 3558 941 spelunca.
3592 872 3643 926 Is
3675 872 3771 925 di-

2065 959 2231 1012 cebat
2284 959 2454 1015 nobis
2508 960 2662 1030 quod
2718 977 2878 1015 mens
2912 978 3036 1031 qua
3069 961 3420 1030 cogitatione
3464 962 3702 1016 recessit
3737 978 3769 1015 a

2066 1046 2163 1100 Dei
2216 1047 2719 1119 contemplatione,
2773 1051 2837 1103 ﬁt
2870 1050 2954 1103 vel
2993 1050 3236 1116 daemon,
3273 1050 3355 1104 vel
3404 1049 3605 1104 bestia.
3654 1050 3768 1105 No-

2066 1134 2397 1207 bislautem
2453 1139 2794 1207 rogantibus
2841 1155 2852 1191 :
2890 1142 3151 1205 Quonam
3203 1138 3418 1193 modo?
3466 1139 3551 1191 sic
3589 1139 3764 1192 dixit:

2067 1225 2227 1280 Mens
2261 1243 2386 1296 qum
2423 1228 2661 1282 recessit
2701 1245 2733 1281 a
2769 1228 2863 1282 Dei
2905 1228 3414 1297 contemplatione,
3452 1229 3770 1283 necessario

2062 1316 2213 1385 (146)
2260 1316 2465 1371 incidit
2499 1318 2581 1371 vel
2615 1319 2669 1372 in
2707 1319 3028 1373 daemonem
3063 1318 3420 1388 cupiditatis,
3453 1318 3552 1387 qui
3602 1318 3657 1370 iu
3694 1317 3773 1371 la-

2062 1406 2301 1461 sciviam
2322 1407 2591 1478 impellit,
2620 1409 2702 1463 vel
2737 1410 2795 1463 in
2829 1410 3098 1479 spiritum
3129 1410 3225 1462 ira:
3252 1408 3593 1479 malignum,
3619 1408 3772 1462 unde

2063 1495 2430 1551 irrationales
2454 1501 2743 1570 appetitus
2775 1499 3116 1570 gignuntur.
3140 1500 3204 1551 Et
3237 1498 3502 1552 lascivam
3532 1498 3769 1568 quidem

2063 1587 2440 1657 cupiditatem
2493 1604 2620 1643 esse
2669 1588 2899 1644 dicebat
2931 1586 3271 1653 belluinam,
3304 1586 3447 1641 iram
3479 1603 3610 1641 vero
3651 1587 3770 1641 dte-

2063 1677 2387 1731 moniacam
2430 1677 2906 1733 commotionem.
2942 1679 3085 1733 Cum
3119 1694 3222 1747 ego
3252 1681 3447 1732 autem
3481 1675 3769 1731 contradi-

2060 1780 2248 1820 cerem
2294 1781 2306 1818 :
2357 1765 2656 1828 Quomodo
2709 1766 2830 1821 ﬁeri
2866 1770 3056 1837 potest
3106 1772 3169 1820 ut
3201 1782 3363 1821 mens
3392 1766 3657 1821 humana
3690 1765 3769 1820 sit

250 1861 464 1915 habere
492 1860 550 1914 in
592 1858 943 1930 cognitione,
977 1859 1212 1913 tradidit
1241 1874 1340 1913 eos
1373 1859 1430 1913 in
1476 1859 1785 1930 reprobum
1820 1875 1950 1914 sen-
1984 1887 2028 1951 Β
2058 1871 2191 1910 cum
2226 1854 2339 1909 Deo
2372 1855 2497 1909 sine
2531 1856 2962 1911 intermissione
2984 1857 3010 1908 ?
3054 1855 3177 1925 ipse
3206 1856 3435 1910 dicebat
3467 1872 3479 1910 :
3514 1856 3673 1918 Quod
3706 1856 3766 1910 in

248 1966 401 2016 sum,
432 1954 492 2003 ut
532 1949 745 2003 faciant
765 1964 891 2018 quas
917 1966 1029 2004 non
1053 1949 1406 2003 conveniunt
1431 1950 1604 2015 (Rom.
1631 1950 1692 2020 1).
1723 1953 1796 2003 De
1820 1946 1950 2003 aliis
1984 1943 2024 1951 ”
2058 1959 2405 2016 quacunque
2437 1944 2771 2013 cogitatione
2797 1944 2881 1999 vel
2916 1961 2975 1999 re
2995 1944 3089 2014 pia
3120 1951 3171 1999 et
3206 1944 3402 1999 divina
3435 1944 3608 1998 fuerit
3646 1943 3764 1998 ani-

244 2044 440 2095 autem
490 2038 587 2109 qui
634 2037 980 2093 videbantur
1019 2038 1232 2093 habere
1259 2038 1355 2093 Dei
1403 2038 1790 2108 cognitionem
1822 2055 1954 2094 cum

244 2132 437 2182 mente
483 2130 750 2196 corrupta
796 2130 853 2181 et
902 2126 1061 2181 inani
1111 2131 1362 2192 tumore,
1406 2128 1547 2182 dicit
1586 2144 1599 2180 :
1666 2127 1951 2189 Quoniam

244 2217 402 2272 enim
433 2233 565 2271 cum
597 2223 779 2271 Deum
812 2218 1243 2285 cognovissent,
1277 2234 1391 2273 non
1424 2220 1489 2272 ut
1521 2218 1700 2273 Deum
1734 2217 1953 2289 gloriﬁ-

249 2310 551 2375 caverunt,
582 2310 681 2361 aut
730 2308 951 2377 gratias
1001 2311 1263 2375 egerunt,
1313 2307 1552 2363 tradidit
1581 2325 1679 2364 eos
1711 2316 1864 2364 Deus
1894 2310 1952 2365 in

252 2397 556 2468 passiones
608 2395 967 2466 ignominiaa;
1017 2396 1159 2450 adeo
1192 2400 1257 2451 ut
1309 2414 1412 2451 nos
1444 2413 1512 2452 ex
1541 2414 1605 2452 eo
1639 2414 1951 2469 cognosca-

249 2501 378 2541 mus
410 2484 535 2540 fieri
575 2500 692 2540 non
733 2500 899 2554 posse
934 2488 994 2539 ut
1023 2485 1195 2541 cadat
1224 2484 1437 2556 aliquis
1468 2485 1526 2540 in
1558 2486 1953 2557 intemperan-

248 2576 410 2640 tiam,
444 2575 542 2645 qui
591 2591 706 2630 non
738 2574 914 2629 fuerit
969 2573 1279 2629 derelictus
1330 2592 1362 2629 a
1410 2575 1511 2630 Dei
1566 2575 1952 2645 providentia,

249 2668 486 2736 propter
518 2662 933 2734 negligentiam
970 2667 1028 2719 et
1071 2664 1396 2719 socordiam
1429 2680 1627 2719 eorum
1661 2665 1758 2735 qui
1788 2667 1953 2721 dere-

253 2753 685 2824 linquunturet
712 2753 1064 2808 deseruntur
1093 2753 1164 2807 ad
1191 2753 1297 2808 hoc
1330 2758 1393 2808 ut
1424 2754 1541 2809 haec
1559 2753 1643 2809 eis
1665 2755 1950 2811 eveniant.

862 2842 1100 2898 CAPUT
1138 2842 1338 2898 XCVI.

732 2932 853 2986 Vita
896 2930 1106 2985 abbatis
1146 2932 1472 2987 Solomonis.

319 3023 381 3076 In
413 3020 646 3075 Antinoi
688 3020 917 3075 civitate
940 3021 1191 3091 regionis
1218 3022 1533 3077 Thebaidis
1563 3023 1953 3093 quadraginta

248 3127 432 3173 annos
464 3116 743 3176 versatus,
768 3125 832 3164 eo
867 3115 1122 3179 tempore
1145 3110 1337 3178 accepi
1363 3110 1538 3165 etiam
1564 3110 1951 3178 cognitionem

2058 2049 2171 2101 ma,
2205 2050 2272 2089 ea
2302 2038 2392 2089 est
2426 2050 2558 2090 cum
2594 2034 2730 2088 Deo.

2674 2122 2898 2178 CAPUT
2944 2123 3145 2178 XCIX.

2575 2213 2698 2268 Vita
2730 2214 2946 2268 abbatis
2982 2213 3278 2283 Capitonis.

2129 2305 2309 2369 Prope
2340 2321 2474 2359 eum
2516 2304 2786 2358 manebat
2818 2303 3054 2375 quidam
3087 2303 3286 2373 Capito
3322 2302 3421 2372 qui
3466 2302 3652 2358 fuerat
3684 2301 3768 2356 la—-

2058 2398 2169 2459 tro,
2203 2394 2300 2464 qui
2342 2410 2468 2448 cum
2509 2393 2940 2465 quinquaginta
2990 2410 3176 2447 annos
3208 2392 3510 2461 implesset
3542 2392 3598 2445 in
3633 2408 3766 2462 spe-

2058 2482 2266 2551 luncis,
2310 2488 2563 2553 quatuor
2597 2483 2855 2537 millibus
2880 2484 3047 2551 longe
3082 2482 3151 2536 ab
3187 2482 3327 2536 urbe
3363 2481 3616 2545 Antinoi,
3650 2497 3766 2536 non

2057 2571 2200 2626 abiit
2231 2589 2264 2625 a
2295 2572 2573 2642 spelunca
2613 2588 2795 2642 usque
2826 2573 2896 2627 ad
2944 2571 3186 2627 fluvium
3219 2571 3439 2637 Nilum,
3473 2570 3671 2626 dicens
3703 2584 3766 2624 se

2056 2678 2168 2717 non
2204 2678 2373 2732 posse
2408 2664 2601 2717 turbas
2640 2662 2971 2732 convenire,
3004 2678 3068 2718 eo
3101 2662 3254 2733 quod
3299 2660 3619 2717 communis
3650 2660 3761 2715 ad-

2059 2754 2352 2808 versarius
2382 2753 2434 2807 ei
2464 2753 2656 2808 adhuc
2686 2753 3003 2808 resisteret.

2745 2843 2974 2899 CAPUT
3014 2845 3074 2899 C.

2410 2933 2526 2988 Vita
2546 2933 2896 2988 anachoreta?
2926 2935 3021 3003 qui
3050 2933 3410 2987 illudebatur.

2125 3023 2269 3077 Cum
2304 3020 2392 3076 bis
2424 3022 2678 3076 vidimus
2708 3022 2881 3076 etiam
2908 3021 3155 3075 alterum
3188 3022 3621 3086 anachoretam,
3658 3022 3759 3091 qui

2052 3110 2178 3181 ipse
2210 3126 2444 3181 quoque
2474 3114 2594 3163 erat
2636 3109 2906 3164 similiter
2938 3109 2996 3162 in
3028 3109 3327 3178 spelunca.
3368 3111 3416 3163 [s
3450 3110 3503 3162 in
3540 3111 3764 3165 somnis

244 3201 508 3256 omnium
541 3214 669 3270 quas
714 3201 849 3252 sunt
897 3197 1013 3252 illic
1071 3199 1579 3254 monasteriorum.
1614 3199 1759 3255 Nam
1796 3200 1949 3256 circa
1978 3228 2021 3298 ρ
2061 3199 2274 3254 illusus
2303 3206 2476 3254 oestro
2510 3214 2663 3253 vana:
2695 3199 2914 3268 gloriae,
2942 3198 3197 3253 vicissim
3222 3198 3504 3253 illudebat
3530 3215 3628 3252 eos
3661 3200 3761 3269 qui

244 3288 531 3344 civitatem
565 3288 768 3342 sedent
800 3286 901 3341 viri
937 3286 1169 3340 circiter
1216 3287 1304 3342 bis
1336 3288 1517 3355 mille,
1558 3288 1830 3344 manibus
1865 3291 1944 3346 vi-

244 3382 463 3448 ventes,
496 3382 552 3433 et
582 3392 643 3432 se
692 3392 920 3432 summe
961 3381 1319 3432 exercentes.
1372 3381 1434 3434 In
1467 3377 1557 3434 his
1604 3383 1742 3434 sunt
1772 3381 1946 3438 etiam

246 3467 604 3523 anachoreta
636 3466 731 3537 qui
775 3465 997 3536 seipsos
1036 3466 1400 3522 incluserunt
1428 3467 1489 3523 in
1522 3467 1819 3539 speluncis
1860 3487 1947 3527 ru-

248 3557 410 3628 pium
435 3574 448 3611 :
486 3557 631 3611 inter
663 3571 811 3626 quos
842 3559 930 3611 est
952 3555 1226 3612 Solomon
1251 3556 1334 3613 vir
1359 3558 1871 3614 mansuetissimus
1893 3566 1947 3615 et

247 3645 847 3717 temperantissimus,
866 3649 921 3700 et
944 3644 1040 3715 qui
1066 3645 1285 3701 donum
1313 3647 1485 3703 habet
1514 3647 1946 3703 toleramtisz

244 3735 671 3806 quinquaginta
713 3751 896 3790 annos
946 3734 1106 3805 degit
1138 3735 1193 3789 in
1237 3735 1537 3808 spelunca,
1580 3737 1689 3792 sibi
1730 3737 1943 3793 victum

245 3825 624 3893 suppeditans
648 3840 821 3894 opere
853 3840 1150 3894 manuum,
1184 3829 1241 3879 et
1270 3825 1475 3881 didicit
1505 3830 1682 3881 totam
1716 3842 1942 3882 sacram

242 3911 624 3980 Scripturam.

843 4001 1077 4056 CAPUT
1126 4002 1338 4057 XCVII.

753 4090 880 4144 Vita
906 4090 1119 4145 abbatis
1154 4092 1429 4147 Dorothei.

305 4177 435 4232 Fuit
463 4178 638 4232 etiam
659 4176 900 4247 quidam
926 4176 1251 4232 Dorotheus
1278 4178 1577 4249 presbyter
1598 4178 1655 4232 in
1680 4178 1793 4232 alia
1816 4195 1945 4249 spe-

226 4265 401 4322 lunca
432 4266 724 4333 habitans,
759 4266 857 4336 qui
894 4267 949 4321 in
982 4282 1217 4322 summa
1248 4268 1506 4322 bonitate
1539 4269 1666 4338 ipse
1709 4285 1943 4340 quoque

229 4357 406 4411 vitam
429 4356 569 4411 vixit
592 4356 974 4427 inculpatum,
1000 4356 1331 4428 dignusque
1350 4366 1435 4413 est
1460 4357 1694 4413 habitus
1710 4359 1943 4430 presby-

236 4451 445 4512 teratu,
480 4450 536 4502 et
580 4447 846 4502 ministat
892 4446 1167 4502 fratribus
1197 4447 1293 4516 qui
1340 4451 1480 4501 sunt
1513 4448 1568 4501 in
1621 4448 1937 4519 speluncis.

230 4536 374 4593 Huic
424 4538 739 4609 aliquando
786 4536 1103 4593 Melanium
1140 4538 1362 4606 junior,
1408 4554 1629 4606 magnae
1678 4538 1935 4593 Melaniae

2063 3287 2514 3358 dicipiebantur,
2549 3292 2749 3343 ventos
2782 3302 3028 3358 pascens
3062 3288 3231 3358 (147),
3276 3292 3332 3342 et
3366 3288 3601 3342 umbras
3635 3305 3762 3357 per-

2062 3394 2310 3450 sequens
2342 3378 2527 3450 (Eccli.
2562 3377 2772 3449 xxxnv).
2809 3378 2876 3432 Et
2905 3377 3153 3433 habebat
3196 3378 3435 3449 quidem
3469 3377 3528 3434 in
3563 3394 3763 3449 corpo—

2062 3485 2121 3522 re
2165 3468 2628 3539 temperantiam,
2675 3472 2729 3523 et
2774 3472 3007 3539 prepter
3038 3472 3414 3535 senectutem,
3449 3472 3505 3523 et
3536 3472 3764 3538 propter

2060 3562 2311 3630 tempus,
2344 3562 2401 3613 et
2438 3559 2583 3614 forte
2629 3559 2802 3614 etiam
2848 3564 3081 3631 propter
3111 3575 3320 3615 vanam
3351 3558 3625 3630 gloriam:
3660 3575 3762 3613 va-

2061 3664 2146 3702 nae
2185 3653 2379 3704 autem
2412 3648 2607 3719 gloriae
2648 3649 3097 3720 intemperantia
3138 3653 3451 3720 corruptus
3485 3652 3607 3703 erat
3638 3649 3761 3718 ejus

2058 3738 2312 3805 animus,
2345 3744 2397 3793 et
2427 3755 2459 3792 a
2487 3737 2759 3808 religiosa
2781 3740 3218 3794 conversatione
3243 3739 3757 3826 fueratalieqatps.

2724 3826 2958 3881 CAPUT
3008 3830 3092 3881 CI.

2372 3913 2493 3967 Vita
2520 3916 2694 3969 sancti
2734 3914 2993 3983 Ephraam
3025 3915 3170 3984 (148)
3202 3914 3443 3969 diaconi.

2126 4000 2348 4056 Audisti
2374 4001 2608 4055 omnino
2631 4002 2702 4056 de
2734 4001 2995 4072 Ephraam
3022 4002 3264 4056 diacono
3296 4000 3549 4056 ecclesiae
3572 4001 3758 4055 Edes-

2054 4106 2328 4146 senorum
2360 4090 2399 4146 ί.
2432 4090 2564 4145 Fuit
2594 4089 2749 4145 enim
2783 4106 2937 4145 unus
2984 4106 3054 4145 ex
3082 4090 3155 4145 iis
3186 4092 3287 4161 qui
3323 4090 3485 4161 digni
3518 4098 3653 4145 sunt
3683 4091 3754 4145 de

2052 4181 2268 4253 quibus
2318 4182 2417 4236 ﬁat
2450 4182 2666 4237 mentio
2707 4198 2739 4235 a
2770 4182 2985 4236 sanctis
3034 4181 3242 4236 Christi
3280 4181 3481 4236 servis.
3522 4182 3570 4235 Is
3620 4197 3752 4235 cum

2052 4270 2297 4343 spiritus
2328 4272 2476 4326 viam
2516 4272 2688 4338 digne
2739 4271 3071 4340 peregisset,
3107 4275 3163 4325 et
3192 4288 3221 4324 a
3273 4279 3422 4324 recta
3455 4286 3568 4324 non
3603 4268 3752 4325 decli

2053 4364 2272 4424 nasset,
2307 4360 2520 4430 dignus
2560 4364 2648 4413 est
2681 4359 2915 4414 habitus
2947 4362 3133 4429 gratia
3166 4359 3443 4413 naturalis
3476 4359 3753 4430 cognitio-

2052 4449 2163 4514 nis,
2199 4465 2374 4520 quam
2417 4449 2788 4518 consequitur
2838 4447 3149 4520 theologia,
3185 4453 3237 4503 et
3286 4454 3578 4520 postremo
3613 4448 3753 4504 bea—

2052 4539 2259 4595 titudo.
2306 4543 2448 4595 Cum
2501 4555 2635 4609 ergo
2687 4539 2865 4594 vitam
2928 4540 3287 4595 exercuisset
3353 4540 3636 4610 quietam,
3700 4544 3756 4594 et

228 4627 436 4696 neptis,
471 4607 542 4682 de
588 4645 703 4697 qua
735 4627 924 4683 dicam
960 4632 1176 4698 postea,
1216 4626 1376 4682 misit
1418 4626 1770 4697 quingentos
1813 4628 1938 4683 soli-
1972 4607 2014 4670 Ι)
2051 4630 2249 4684 multis
2274 4632 2396 4699 jam
2426 4607 2596 4685 annis
2617 4631 2928 4686 aediﬁcaret
2967 4648 3064 4687 eos
3097 4632 3196 4702 qui
3233 4607 3615 4695 ventitabant,
3653 4647 3746 4700 po-

224 4716 351 4781 dos,
386 4731 596 4785 rogans
638 4732 773 4770 eum
820 4722 879 4769 ut
912 4717 1267 4770 ministraret
1310 4715 1610 4771 fratribus.
1656 4717 1707 4772 Is
1742 4722 1934 4773 autem

223 4820 358 4860 cum
392 4809 507 4859 tres
537 4805 693 4860 solos
724 4806 1059 4875 accepisset,
1097 4807 1257 4860 misit
1289 4808 1542 4878 reliquos
1572 4807 1645 4863 ad
1680 4808 1933 4864 Dioclem

223 4893 656 4961 anachoretam,
711 4893 902 4948 virum
950 4910 1188 4949 summa
1249 4896 1576 4967 cognitione
1626 4898 1931 4967 praeditum

222 4983 420 5039 dicens
455 4998 467 5035 :
501 4983 603 5037 Est
644 4998 734 5037 me
783 4984 1097 5053 sapientior
1150 4985 1326 5041 frater
1377 4986 1629 5054 Diocles,
1662 4992 1719 5043 et
1743 4991 1934 5057 potest

222 5089 319 5128 eos
348 5072 571 5145 integre
602 5076 659 5128 et
688 5072 1026 5129 innocenter
1058 5076 1424 5147 dispensare,
1457 5081 1521 5132 ut
1551 5076 1652 5148 qui
1687 5094 1779 5132 me
1813 5093 1932 5132 me-

217 5161 329 5218 lius
361 5163 503 5218 sciat
535 5177 632 5218 eos
683 5163 896 5233 quibus
929 5164 1004 5219 sit
1046 5166 1249 5222 merito
1294 5166 1601 5222 ferendum
1643 5166 1929 5222 auxilium

222 5269 355 5309 nam
387 5252 447 5308 hi
480 5253 621 5309 mihi
654 5253 975 5309 sufﬁciunt.

820 5343 1047 5400 CAPUT
1086 5344 1335 5401 XCVIII.

762 5434 885 5489 Vita
917 5434 1131 5489 abbatis
1176 5436 1393 5492 Dioclis.

292 5521 393 5577 Hic
417 5522 710 5578 Dioclesin
734 5524 1118 5594 grammatica
1142 5524 1375 5594 quidem
1392 5525 1648 5596 primum
1663 5528 1929 5597 edoctus,

287 5708 300 5740 ¹
330 5705 457 5761 Vita
485 5706 612 5777 ejus
642 5710 829 5764 exstat
850 5722 1023 5779 supra
1046 5706 1145 5764 lib.
1183 5708 1237 5763 Ι.

2047 4724 2167 4775 etea
2199 4736 2229 4774 e
2261 4718 2405 4773 cella
2429 4734 2770 4789 progressus
2803 4724 2890 4774 est
2922 4720 3024 4774 hac
3048 4722 3117 4773 de
3149 4737 3344 4773 causa.
3374 4722 3514 4773 Cum
3540 4734 3752 4791 magna

2049 4807 2229 4861 fames
2274 4807 2588 4861 invasisset
2640 4807 2930 4862 civitatem
2972 4808 3417 4873 Edessenorum,
3471 4808 3748 4864 misertus

2046 4897 2307 4954 omnium
2328 4898 2429 4968 qui
2456 4898 2721 4967 peribant
2743 4901 3080 4969 agrestium,
3117 4899 3394 4970 processit
3418 4898 3491 4953 ad
3525 4914 3622 4952 eos
3646 4898 3748 4970 qui

2043 4996 2207 5043 erant
2246 4988 2452 5043 divites
2483 4990 2539 5044 in
2574 4990 2825 5058 civitate,
2861 4993 2914 5043 et
2946 4990 3084 5044 dicit
3114 4990 3231 5045 eis:
3267 4990 3381 5045 Cur
3413 5006 3527 5044 non
3564 4991 3746 5045 mise-

2044 5081 2249 5137 remini
2282 5082 2550 5137 humana:
2585 5086 2803 5137 natura:
2826 5099 2952 5154 quae
2983 5082 3201 5150 interit,
3227 5083 3325 5137 sed
3363 5100 3497 5154 opes
3529 5091 3745 5139 vestras

2042 5170 2227 5226 sinitis
2279 5179 2605 5242 putrescere
2673 5171 2745 5226 ad
2807 5173 3352 5229 condemnationem
3412 5174 3743 5227 animarum

2042 5268 2365 5316 vestrarum
2406 5260 2431 5314 ?
2476 5260 2549 5317 Se
2583 5266 2779 5317 autem
2812 5262 3056 5317 honeste
3100 5268 3467 5327 excusantes,
3510 5262 3743 5314 dicunt:

2042 5355 2162 5405 Non
2198 5351 2478 5406 habemus
2508 5351 2597 5406 cui
2631 5353 2936 5408 credamus
2968 5354 3038 5407 ad
3062 5352 3171 5409 hoc
3204 5359 3267 5407 ut
3300 5366 3507 5420 panem
3528 5348 3747 5402 submi-

2044 5438 2251 5495 nistret
2299 5439 2731 5497 esurientibus:
2778 5459 2979 5498 omnes
3022 5443 3180 5498 enim
3214 5456 3306 5495 res
3338 5442 3744 5508 cauponantur

2038 5529 2211 5599 (149),
2247 5529 2298 5584 Is
2332 5547 2460 5586 vero
2501 5532 2640 5586 dicit
2669 5533 2788 5588 eis:
2825 5534 2971 5598 Quid
3001 5549 3104 5601 ego
3146 5530 3302 5583 vobis
3337 5528 3534 5582 videor
3567 5527 3593 5581 ?
3623 5530 3745 5584 erat

2041 5624 2236 5674 autem
2267 5620 2422 5691 apud
2452 5638 2655 5677 omnes
2686 5624 2743 5677 in
2780 5638 2989 5693 magna
3009 5618 3462 5675 existimatione.
3499 5634 3613 5672 non
3645 5616 3742 5671 fal-

2040 5725 2126 5778 so,
2159 5710 2259 5764 sed
2294 5726 2501 5767 revera.
2536 5712 2595 5767 Ei
2647 5713 2841 5783 itaque
2872 5712 3076 5765 dicunt
3106 5725 3117 5760 ε
3156 5707 3435 5763 Novimus
3468 5712 3522 5763 te
3556 5702 3743 5761 homi-
