4074 6278
357 351 516 412 1207

1939 345 2037 405 PA
2050 345 2306 407 LLADII

3727 342 3899 402 1%08

358 501 492 540 nam
526 482 647 539 Dei.
698 482 759 538 Si
789 498 918 539 eam
951 482 1021 537 de
1065 497 1158 537 me
1201 480 1534 551 opinionem
1569 478 1939 550 concepistis,
1985 478 2063 533 ait
2097 481 2144 548 Α
2182 479 2240 535 in
2273 496 2448 536 suum
2485 478 2853 551 martyrium,
2885 478 3039 547 quod
3068 476 3192 548 ipse
3222 474 3558 543 aediﬁcarat,
3578 475 3639 529 in
3672 489 3794 546 quo
3820 476 3902 531 si—

356 574 563 629 Christi
615 590 833 641 servus,
888 572 1031 627 mihi
1096 573 1165 626 de
1214 576 1416 626 cetero
1462 570 1699 626 credite.
1766 569 1923 637 Ecce,
1978 584 2069 625 me

356 668 589 734 propter
618 679 721 717 vos
754 662 904 731 eligo
940 661 1235 732 hospitum
1261 665 1649 732 exceptorem.
1682 660 1944 730 Cumque
1975 674 2070 730 pe-

357 754 593 811 cuniam
628 752 965 823 accepisset,
1018 756 1075 806 et
1108 750 1304 805 inﬁxis
1336 751 1504 806 vallis
1538 758 1768 822 septum
1797 754 2068 805 constru-

358 846 558 911 xisset,
590 848 646 897 et
678 842 855 897 lectos
886 842 959 896 ad
1007 845 1296 897 trecentos
1338 841 1656 909 statuisset,
1688 841 1931 895 curabat
1969 855 2065 894 eos

357 935 453 1004 qui
487 932 834 987 inﬁrmiores
867 940 1052 997 erant,
1088 932 1504 1003 suppeditabat
1536 932 1607 985 iis
1632 930 1731 1001 qui
1754 931 1902 985 fame
1934 946 2064 984 con-

359 1024 750 1078 ﬁciebantur:
799 1038 897 1077 eos
948 1022 1183 1092 quidem
1236 1021 1336 1091 qui
1371 1020 1711 1076 deﬁciebant
1746 1020 2063 1091 sepeliens;

357 1128 555 1167 eorum
589 1127 718 1166 vero
752 1111 849 1180 qui
880 1127 1041 1181 spem
1083 1112 1217 1165 vita;
1248 1110 1547 1164 habebant
1577 1126 1779 1164 curam
1828 1124 2063 1180 gerens;

358 1206 413 1257 et
444 1206 507 1256 ut
536 1200 713 1256 semel
747 1200 957 1267 dicam,
991 1200 1308 1271 hospitium
1332 1204 1388 1253 et
1413 1200 1808 1255 ministerium
1835 1203 2068 1269 propter

359 1292 573 1346 famem
592 1290 853 1361 quotidie
875 1290 1156 1345 exhibens
1180 1290 1338 1345 exiis
1360 1307 1487 1360 quae
1510 1289 2063 1360 suppeditabantur.

357 1381 598 1452 Impleto
647 1397 782 1452 ergo
832 1398 1007 1449 anno,
1060 1398 1194 1435 cum
1235 1382 1609 1435 successisset
1662 1379 1952 1443 fertilitas,
2005 1382 2061 1433 et

359 1472 557 1526 omnia
586 1479 736 1526 recte
768 1472 1168 1536 succederent,
1202 1488 1335 1526 cum
1372 1470 1514 1525 nihil
1548 1470 1787 1526 haberet
1811 1469 2063 1539 amplius

360 1561 514 1631 quod
550 1565 765 1630 ageret,
814 1561 1111 1631 ingressus
1144 1565 1232 1616 est
1287 1562 1345 1615 in
1379 1576 1543 1615 suam
1577 1559 1806 1623 cellam;
1841 1563 1896 1613 et
1937 1562 2067 1627 post

361 1662 621 1703 mensem
654 1654 708 1701 et
738 1653 1028 1717 mortuus,
1073 1665 1204 1703 cum
1248 1649 1401 1703 Deus
1435 1648 1486 1701 ei
1518 1646 1669 1701 hanc
1700 1647 2064 1701 occasionem

358 1735 698 1809 praebuisset
744 1737 1130 1807 adipiscendae
1172 1753 1394 1793 coronae
1429 1738 1486 1790 in
1518 1736 1800 1791 extremis
1833 1735 2058 1790 diebus.

2181 574 2252 628 tae
2301 575 2438 627 sunt
2485 569 2741 640 reliquiae
2778 568 3019 623 Joannis
3070 568 3367 638 Baptistae;
3409 570 3465 621 et
3500 582 3637 621 cum
3682 582 3789 638 pro
3825 583 3897 622 eo

2174 665 2402 718 orasset
2424 677 2609 730 usque
2634 660 2701 714 ad
2727 659 2927 713 horam
2945 675 3157 714 nonam
3191 658 3262 712 ab
3294 657 3432 712 hora
3449 658 3641 723 tertia,
3668 674 3895 712 sanum

2172 750 2425 807 reddidit
2458 748 2885 804 adolescentem
2918 748 3109 814 matri,
3142 751 3199 801 et
3215 746 3417 801 eodem
3450 745 3541 801 die
3575 750 3632 801 et
3658 746 3898 819 paraly-

2175 840 2287 896 sim
2319 838 2543 910 expulit
2571 842 2627 895 et
2672 840 3015 893 daemonem.
3050 837 3182 891 Erat
3210 840 3405 890 autem
3436 836 3571 891 talis
3615 838 3750 906 ejus
3783 854 3892 908 pa-

2174 930 2401 1001 ralysis.
2431 934 2495 984 ut
2517 945 2736 999 spuens
2771 945 2911 997 puer
2940 932 3167 998 tergum
3202 942 3376 981 suum
3399 934 3775 997 conspueret;
3804 928 3890 983 ita

2173 1024 2298 1077 erat
2328 1021 2617 1075 inversus.
2653 1018 2823 1075 Aliud
2854 1034 3091 1073 rursum
3136 1016 3243 1071 fuit
3274 1017 3400 1086 ejus
3429 1017 3686 1088 signum.
3716 1020 3885 1084 Quaa-

2173 1111 2306 1165 dam
2341 1126 2485 1165 anus
2517 1126 2645 1180 quae
2675 1125 2810 1163 oves
2842 1110 3115 1178 pascebat
3144 1107 3204 1161 in
3237 1106 3380 1161 locis
3405 1106 3641 1162 Lazario
3672 1106 3886 1162 vicinis

2172 1203 2230 1255 et
2262 1216 2426 1255 ovem
2454 1201 2744 1268 amiserat,
2797 1199 3040 1253 accessit
3090 1198 3161 1253 ad
3195 1212 3331 1251 eum
3362 1197 3544 1265 ﬂens;
3578 1214 3757 1267 quam
3792 1213 3883 1254 se-

2173 1295 2343 1346 cutus
2365 1291 2505 1346 dicit
2536 1290 2621 1345 ei:
2654 1289 2903 1344 Ostende
2941 1288 3087 1343 mihi
3118 1287 3312 1343 locum
3345 1288 3444 1342 ubi
3480 1287 3764 1345 amiseris.
3803 1292 3889 1343 Ea

2171 1398 2305 1437 vero
2337 1382 2497 1437 ducit
2527 1397 2659 1437 eum
2692 1382 2761 1435 ad
2810 1380 2935 1435 loca
2978 1396 3104 1450 quae
3166 1386 3302 1434 sunt
3360 1379 3518 1433 circa
3553 1379 3886 1435 Lazarium.

2173 1471 2347 1526 Stans
2378 1488 2513 1543 ergo
2554 1470 2757 1527 oravit.
2805 1470 2912 1533 Qui
2944 1469 3210 1525 suﬁ'urati
3263 1476 3457 1523 autem
3488 1474 3654 1524 erant
3690 1471 3889 1526 adole-

2179 1564 2431 1631 scentes,
2464 1562 2650 1631 ipsam
2682 1561 2842 1631 prius
2881 1559 3230 1616 occiderant.
3266 1559 3410 1614 Dum
3435 1574 3568 1630 ergo
3598 1559 3731 1630 ipse
3760 1576 3892 1616 ora-

2168 1659 2275 1721 ret,
2310 1652 2543 1706 nemine
2577 1652 2907 1717 conﬁtente,
2936 1666 3110 1705 carne
3138 1648 3431 1705 occultata
3461 1648 3520 1704 in
3550 1649 3747 1715 vinea,
3780 1650 3892 1705 ali-

2173 1742 2361 1797 cunde
2390 1740 2628 1796 veniens
2659 1756 2865 1796 corvus
2883 1740 3041 1795 stetit
3060 1755 3235 1809 supra
3262 1739 3507 1803 furtum,
3530 1741 3592 1793 et
3626 1738 3891 1795 frustum

361 1826 618 1899 Reliquit
648 1831 841 1882 autem
872 1828 1088 1899 scripta
1114 1844 1343 1899 QUOQue
1370 1827 1559 1883 studio
1587 1827 1761 1897 digna
1793 1843 1918 1898 quae
1953 1842 2069 1881 ma-
2097 1848 2145 1913 Β
2179 1849 2245 1888 ex
2275 1830 2375 1887 illo
2406 1830 2622 1901 rapuit,
2655 1845 2719 1885 ac
2751 1846 2953 1886 rursus
2984 1828 3251 1884 evolavit.
3281 1829 3424 1884 Cum
3456 1827 3670 1884 beatus
3694 1836 3893 1885 autem

360 1934 533 1989 gnam
565 1917 670 1972 viri
702 1918 973 1974 virtutem
1004 1923 1314 1975 testantur.

1016 2045 1247 2102 CAPUT
1289 2046 1405 2100 CII.

894 2134 1015 2191 Vita
1054 2136 1265 2190 abbatis
1294 2135 1530 2192 Iuliani.

431 2240 637 2295 Audivi
678 2258 711 2296 a
740 2243 991 2313 quodam
1030 2243 1089 2297 in
1121 2243 1237 2299 illis
1271 2243 1532 2312 partibus
1564 2242 1743 2297 fuisse
1771 2239 2065 2295 Iulianum

360 2333 544 2388 virum
581 2333 848 2388 maxime
874 2334 1321 2404 exercitationis,
1355 2334 1455 2405 qui
1489 2350 1618 2389 cum
1645 2349 1876 2389 carnem
1902 2348 2066 2387 suam

360 2440 538 2494 supra
569 2424 809 2479 modum
843 2424 1169 2493 afflixisset,
1204 2442 1338 2480 ossa
1378 2423 1564 2480 solum
1595 2428 1650 2479 et
1692 2423 1903 2495 pellem
1949 2422 2064 2477 cir-

361 2514 734 2570 cumferebat.
766 2514 902 2571 Isin
925 2516 1201 2571 extremis
1220 2516 1351 2571 ﬁnis
1375 2515 1466 2571 sui
1488 2514 1693 2571 diebus
1731 2513 1944 2585 dignus
1984 2516 2069 2569 est

365 2604 599 2660 habitus
631 2606 821 2677 gratia
850 2608 1246 2663 curationum.

1004 2714 1234 2769 CAPUT
1284 2714 1421 2768 CIII.

886 2799 1005 2855 Vita
1043 2801 1188 2855 beati
1226 2803 1552 2856 Innocentii.

436 2910 512 2963 De
552 2908 715 2963 beato
761 2908 1098 2962 Innocentio
1150 2910 1481 2979 presbytero
1538 2907 1762 2977 Oliveti,
1798 2926 1830 2963 a
1862 2907 2063 2962 multis

361 3000 594 3071 quidem
644 3002 700 3053 et
755 2998 985 3069 magnis
1027 2998 1300 3054 audiisti:
1354 2999 1536 3054 nihilo
1586 2998 1776 3055 secius
1808 3007 1996 3053 autem
2037 3015 2069 3051 a

360 3090 527 3146 nobis
549 3106 781 3161 quoque
811 3091 1151 3160 audies,qui
1188 3094 1304 3144 tres
1332 3107 1517 3145 annos
1549 3106 1682 3143 cum
1708 3106 1773 3145 eo
1802 3090 2066 3155 viximus,

358 3183 505 3236 Nam
552 3198 679 3252 quae
729 3198 882 3253 saepe
930 3182 1061 3237 illos
1116 3181 1438 3247 latuerunt,
1480 3181 1647 3235 nobis
1696 3180 2063 3246 innoterunt;

362 3286 549 3340 neque
578 3286 711 3326 vero
748 3288 902 3326 unus
935 3270 1023 3325 vel
1058 3271 1225 3331 alter,
1270 3272 1369 3326 sed
1406 3288 1593 3341 neque
1625 3271 1822 3325 decem
1858 3273 2064 3340 potue-

361 3364 497 3413 runt
526 3360 706 3429 hujus
740 3360 844 3415 viri
880 3376 1112 3415 narrare
1143 3361 1407 3415 virtutes.
1444 3363 1498 3415 Is
1527 3360 1631 3414 fuit
1654 3360 1822 3431 longe
1841 3358 2063 3429 simpli-

361 3446 651 3502 cissimus.
678 3448 819 3502 Cum
845 3454 1035 3503 autem
1063 3450 1109 3502 is
1136 3448 1597 3503 fuissetillustris
1626 3449 1680 3501 in
1709 3448 1922 3518 palatio
1958 3447 2064 3503 sub

360 3536 710 3604 imperatore
742 3538 1085 3591 Constantio
1104 3540 1253 3607 (150)
1270 3540 1325 3591 in
1355 3538 1658 3607 principiis
1673 3540 1801 3607 ejus
1816 3538 2060 3608 imperii,

363 3624 587 3677 mundo
620 3624 989 3688 renuntiavit,
1026 3626 1321 3693 profectus
1352 3643 1382 3678 a
1416 3627 1823 3680 matrimonio:
1862 3626 1919 3679 in
1952 3641 2068 3695 quo

362 3712 535 3767 etiam
568 3711 775 3767 habuit
823 3712 1031 3783 ﬁlium,
1069 3714 1306 3769 Paulum
1359 3714 1613 3777 nomine,
1650 3714 1747 3785 qui
1780 3713 1928 3769 inter
1967 3716 2067 3769 do-

366 3802 640 3857 mesticos
690 3802 973 3858 militabat
1010 3805 1182 3875 (151).
1226 3804 1277 3859 Is
1309 3820 1440 3859 cum
1474 3813 1764 3874 peccasset
1796 3804 1853 3858 in
1889 3804 2068 3859 ﬁliam

365 3891 705 3965 presbyteri,
743 3894 1095 3963 imprecatus
1136 3899 1223 3950 est
1247 3894 1479 3965 proprio
1513 3894 1629 3950 ﬁlio
1668 3893 2063 3959 Innocentius,

364 3982 547 4039 Deum
577 4001 805 4053 rogans,
840 3991 897 4041 et
922 3986 1122 4042 dicens
1154 4004 1165 4041 :
1203 3986 1469 4051 Domine,
1507 3986 1579 4039 da
1602 3986 1651 4039 ei
1678 3986 1970 4057 spiritum,
1996 4001 2067 4039 ne

364 4074 617 4143 amplius
651 4074 907 4129 inveniat
939 4077 1065 4145 ejus
1103 4092 1233 4129 caro
1258 4080 1492 4146 tempus
1526 4074 1825 4145 peccandi,
1859 4073 2067 4128 melius

363 4164 675 4221 arbitratus
708 4181 840 4221 eum
868 4181 1126 4236 pugnare
1160 4182 1289 4219 cum
1318 4166 1576 4219 daemone
1610 4180 1786 4235 quam
1820 4179 1949 4219 cum
1985 4164 2067 4217 in-

363 4256 766 4324 temperantia.
820 4257 977 4320 Quod
1024 4256 1196 4309 etiam
1240 4255 1457 4309 factum
1505 4257 1593 4308 est
1636 4270 1649 4308 :
1710 4269 1844 4307 nam
1914 4270 2069 4308 nunc

362 4361 595 4414 quoque
626 4346 817 4399 adhuc
854 4353 937 4399 est
988 4346 1045 4400 in
1099 4350 1291 4401 monte
1342 4345 1664 4411 Olivarum,
1703 4345 1920 4399 ferrum
1965 4360 2066 4415 ge-

363 4438 548 4497 stans,
582 4438 637 4487 et
685 4434 1007 4505 castigatus
1041 4452 1073 4489 a
1106 4436 1345 4505 spiritu;
1381 4440 1436 4490 et
1471 4437 1625 4507 quod
1663 4434 1927 4489 mirabile
1959 4439 2066 4501 est,

364 4524 462 4594 qui
496 4525 655 4577 tanto
690 4526 949 4593 tempore
974 4524 1285 4578 adaamone
1308 4528 1629 4595 torquetur.
1655 4524 1758 4577 Hic
1790 4525 2070 4579 Innocen-

362 4614 480 4669 tius
539 4612 680 4667 adeo
725 4612 835 4668 fuit
886 4612 1208 4668 misericors
1257 4614 1525 4682 (fortasse
1575 4618 1767 4669 autem
1833 4614 2069 4668 videbor

361 4703 535 4759 etiam
564 4702 767 4775 nugari
800 4704 940 4758 dum
966 4718 1101 4759 vera
1128 4705 1341 4775 narro),
1377 4708 1438 4758 ut
1461 4719 1611 4775 saepe
1634 4704 2016 4758 suﬁ'uraretur
2037 4720 2069 4758 a

362 4794 660 4863 fratribus,
715 4798 770 4851 et
819 4794 982 4850 daret
1032 4795 1359 4866 egentibus.
1413 4793 1544 4849 Fuit
1592 4798 1789 4848 autem
1837 4810 2069 4848 summe

364 4885 613 4955 simplex
643 4889 700 4941 et
728 4886 1035 4942 innocens.
1067 4886 1120 4941 Is
1156 4886 1366 4955 dignus
1401 4894 1486 4940 est
1517 4884 1751 4939 habitus
1785 4885 1936 4939 dono
1968 4884 2067 4938 ad-

360 4990 562 5030 versus
585 4975 873 5031 daemones
910 4993 922 5031 :
957 4980 1013 5031 et
1053 4977 1123 5031 ad
1158 4992 1292 5031 eum
1325 4975 1638 5046 aliquando
1670 4975 1956 5029 adductus
1988 4980 2070 5028 est

363 5064 533 5122 nobis
563 5064 898 5121 videntibus
928 5065 1268 5121 adolescens
1298 5082 1467 5137 quem
1508 5065 1799 5119 invaserat
1829 5063 2068 5133 spiritus

362 5164 414 5214 et
446 5154 753 5227 paralysis,
802 5159 867 5210 ut
899 5171 1003 5226 ego
1051 5173 1180 5211 cum
1214 5156 1511 5221 vidissem,
1556 5154 1840 5211 voluerim
1872 5158 2069 5225 aperte

360 5253 610 5303 matrem
638 5243 919 5317 expellere
960 5263 1090 5300 cum
1124 5247 1195 5301 iis
1226 5265 1257 5302 a
1292 5248 1506 5317 quibus
1540 5248 1727 5301 fuerat
1756 5245 2065 5315 adductus,

362 5340 677 5410 desperans
708 5354 840 5393 eum
875 5351 1046 5407 posse
1077 5338 1291 5392 curari.
1341 5337 1565 5393 Accidit
1594 5341 1791 5391 autem
1826 5338 1889 5389 ut
1916 5334 2065 5389 inte-

360 5428 471 5484 rim
517 5430 755 5485 veniens
806 5443 983 5482 senex
1035 5426 1185 5481 hanc
1236 5426 1457 5482 videret
1495 5430 1803 5493 astantem,
1843 5424 2069 5479 deﬂen-

358 5523 612 5588 temque,
648 5524 704 5575 et
735 5518 1049 5591 ejulantem
1078 5521 1312 5589 propter
1333 5517 1783 5573 inenarrabilem
1826 5513 2070 5585 calami-

359 5612 540 5663 tatem
572 5610 696 5663 ﬁlii.
721 5614 1100 5681 Lacrymatus
1122 5624 1254 5681 ergo
1288 5608 1603 5679 praeclarus
1626 5622 1803 5663 senex
1833 5609 1888 5661 et
1918 5620 2068 5661 com-

363 5703 556 5755 motus
584 5698 928 5773 visceribus,
980 5705 1212 5772 accepto
1245 5697 1611 5757 adolescente
1651 5698 1951 5767 ingressus
1980 5698 2071 5751 est

2179 1920 2705 1986 animadvertisset,
2760 1919 2901 1974 vidit
2966 1922 3282 1974 mactatam
3318 1916 3646 1975 victimam.
3699 1920 3768 1973 Et
3812 1920 3890 1974 sic

2167 2012 2409 2081 juvenes
2453 2010 2524 2064 ad
2557 2010 2728 2080 pedes
2773 2010 2902 2079 ejus
2952 2009 3283 2064 accidentes
3331 2007 3588 2063 confessi
3638 2013 3787 2063 sunt
3830 2026 3889 2065 se

2174 2100 2476 2164 occidisse,
2496 2101 2784 2169 etjustum
2807 2098 3059 2168 pretium
3080 2098 3189 2153 fuit
3202 2097 3273 2152 ab
3288 2096 3371 2152 eis
3382 2100 3656 2153 exactum
3678 2115 3693 2166 ;
3719 2103 3889 2169 atque

2172 2191 2256 2247 ita
2286 2189 2552 2261 castigati
2583 2192 2741 2250 sunt,
2777 2193 2842 2243 ut
2872 2204 2943 2243 ne
2974 2188 3115 2258 quid
3147 2194 3258 2244 tate
3287 2187 3535 2259 amplius
3572 2188 3886 2245 auderent.

2822 2276 3048 2333 CAPUT
3089 2277 3223 2334 CIV.

2713 2373 2827 2427 Vita
2859 2370 3074 2426 abbatis
3105 2369 3331 2426 Adoliis.

2248 2462 2471 2518 Rursus
2504 2461 2635 2517 novi
2685 2460 3062 2532 Jerosolymis
3097 2461 3432 2531 quemdam,
3463 2460 3701 2517 nomine
3730 2462 3886 2519 Ado-

2172 2554 2341 2621 lium,
2387 2568 2597 2625 genere
2627 2554 3015 2608 Tarsensem:
3059 2552 3162 2622 qui
3193 2567 3326 2608 cum
3356 2551 3605 2608 venisset
3641 2552 3885 2609 Jeroso-

2174 2644 2352 2715 lyma,
2393 2643 2699 2715 ingressus
2737 2646 2827 2696 est
2852 2642 3002 2697 viam
3032 2641 3278 2698 minime
3329 2640 3515 2697 tritam
3545 2641 3723 2712 (152),
3762 2660 3885 2698 non

2176 2749 2354 2805 quam
2397 2733 2567 2788 multi
2610 2732 2859 2803 ingressi
2912 2735 3069 2800 sunt,
3104 2732 3206 2787 sed
3240 2732 3448 2788 selecto
3477 2731 3579 2786 sibi
3610 2733 3882 2801 quodam

2174 2839 2322 2878 novo
2366 2824 2492 2877 vitae
2543 2822 2833 2879 instituto.
2886 2823 2958 2877 Se
2987 2821 3144 2876 enim
3182 2836 3359 2892 snper
3398 2820 3688 2876 hominem
3718 2837 3885 2878 exer-

2174 2912 2353 2979 cuit;
2421 2919 2483 2965 ut
2554 2911 2729 2966 etiam
2782 2911 2894 2981 ipsi
2972 2912 3134 2981 pravi
3212 2912 3504 2966 daemones
3572 2911 3882 2967 horrentes

2175 3003 2302 3072 ejus
2334 3003 2753 3071 austeritatem,
2787 3016 2858 3055 ne
2888 3000 2960 3055 ad
2990 3017 3123 3055 eum
3155 2999 3388 3071 quidem
3425 3000 3706 3055 auderent
3734 3018 3879 3057 acceo

2176 3089 2327 3143 dere.
2363 3092 2599 3159 Propter
2636 3104 2930 3143 summam
2962 3091 3153 3142 autem
3204 3087 3672 3143 exercitationem
3706 3092 3763 3143 et
3794 3089 3879 3142 vi—

2179 3177 2399 3249 giliam,
2433 3178 2803 3233 existimatus
2835 3182 2925 3232 est
2953 3194 3081 3233 esse
3113 3180 3428 3249 spectrum.
3456 3178 3522 3232 In
3557 3179 3879 3249 quadrage-

2179 3269 2326 3323 sima
2366 3269 2519 3323 enim
2555 3268 2893 3324 comedebat
2912 3274 3041 3338 post
3064 3267 3323 3339 quinque
3343 3268 3490 3335 dies,
3536 3272 3657 3323 toto
3692 3274 3882 3333 autem

2178 3356 2289 3413 alio
2320 3362 2599 3428 tempore,
2640 3373 2756 3412 uno
2788 3356 2880 3412 die
2902 3357 3227 3426 interjeeto.
3260 3356 3379 3411 Hoc
3402 3363 3597 3411 autem
3627 3358 3738 3411 fuit
3760 3359 3885 3426 ejus

2177 3447 2405 3503 virtutis
2456 3462 2736 3519 magnum
2770 3447 3015 3501 facinus.
3050 3449 3095 3500 Α
3143 3462 3380 3515 vespera
3414 3463 3603 3517 usque
3634 3448 3704 3503 ad
3742 3448 3883 3503 illud

2178 3540 2410 3606 tempus
2450 3552 2564 3606 quo
2611 3536 3067 3607 congregabatur
3106 3536 3437 3591 fraternitas
3484 3536 3543 3590 in
3590 3538 3885 3602 oratoriis,

2177 3626 2237 3680 in
2269 3626 2509 3692 Oliveto,
2560 3625 2619 3679 in
2650 3625 2797 3680 colle
2826 3625 3253 3694 Assemptionis
3296 3627 3451 3680 unde
3480 3626 3745 3681 ascendit
3781 3627 3891 3683 Je-

2178 3732 2298 3775 sus,
2333 3719 2609 3785 perpetuo
2640 3714 2830 3770 stabat
2858 3713 3135 3786 psallens,
3160 3718 3218 3769 et
3246 3731 3447 3784 orans,
3470 3722 3527 3771 et
3547 3716 3886 3786 jejuuabat;

2178 3810 2234 3860 et
2264 3805 2382 3860 sive
2416 3804 2673 3876 pluebat,
2714 3806 2832 3861 sive
2864 3806 3269 3877 grandinabat,
3317 3808 3594 3862 manebat
3622 3807 3893 3863 immobi-

2178 3894 2267 3949 lis.
2326 3895 2566 3966 Impleto
2624 3900 2813 3951 autem
2883 3900 3142 3966 tempore
3199 3902 3499 3967 consueto,
3550 3898 3890 3953 excitatorio

2179 3986 2384 4040 malleo
2434 3986 2701 4057 pulsabat
2749 3986 2923 4041 cellas
2973 3987 3258 4057 omnium,
3293 4004 3391 4043 eos
3422 4004 3786 4059 congregans
3812 3990 3887 4043 ad

2177 4077 2446 4142 oratoria,
2510 4081 2566 4131 et
2610 4077 2665 4131 in
2736 4094 3091 4149 unoquoque
3156 4079 3407 4134 oratorio
3454 4095 3571 4133 una
3636 4095 3769 4133 cum
3797 4080 3886 4135 eis

2178 4166 2430 4237 psallens
2462 4183 2633 4221 unam
2681 4172 2781 4222 aut
2811 4168 2958 4223 duas
2991 4167 3366 4236 antiphonas,
3400 4172 3456 4223 et
3487 4185 3601 4222 una
3633 4183 3763 4222 cum
3800 4170 3887 4223 eis

2178 4275 2380 4325 orans;
2416 4266 2467 4313 et
2490 4259 2568 4313 sic
2600 4259 2692 4313 die
2723 4259 3226 4331 appropinquante
3251 4260 3374 4315 ibat
3406 4260 3462 4314 in
3497 4258 3795 4324 cellulam,
3829 4267 3885 4314 et

2180 4363 2374 4403 revera
2401 4347 2676 4403 fratribus
2709 4365 2837 4403 eum
2872 4350 3242 4415 exuentibus,
3262 4353 3316 4404 et
3340 4354 3524 4403 vestes
3548 4348 3886 4417 exprimen-

2176 4437 2335 4492 tibus
2360 4438 2592 4508 perinde
2616 4439 2783 4509 quasi
2808 4441 2936 4494 lotae
2966 4440 3208 4495 fuissent
3233 4440 3313 4494 ita
3340 4435 3706 4499 distillantes,
3736 4452 3882 4491 eum

2180 4526 2306 4581 aliis
2350 4527 2684 4582 induebant.
2737 4528 2961 4583 Etcum
2997 4529 3301 4599 quievisset
3340 4537 3517 4593 usque
3546 4522 3618 4576 ad
3663 4523 3878 4578 horam

2102 4593 2145 4657 D
2179 4612 2431 4677 tertiam,
2486 4612 2808 4683 psalmodia
2836 4593 3142 4684 excitatus,
3173 4617 3291 4669 erat
3319 4609 3369 4666 ei
3400 4612 3660 4665 intentus
3680 4624 3884 4680 usque

2180 4703 2249 4756 ad
2283 4718 2605 4773 vesperam.
2643 4709 2773 4758 Haec
2820 4712 2905 4759 est
2946 4722 3082 4777 ergo
3132 4704 3311 4760 virtus
3343 4698 3524 4757 Adolii
3552 4700 3871 4766 Tarsensis,

2182 4791 2282 4862 qui
2314 4797 2752 4849 consummatus
2781 4793 3186 4866 Jerosolymis,
3217 4798 3275 4850 et
3304 4790 3383 4849 ibi
3414 4795 3691 4848 aeternum
3725 4804 3876 4846 som-

2181 4896 2323 4938 num
2356 4883 2611 4953 dormiit,
2643 4888 2699 4940 et
2729 4885 2995 4956 sepultus
3029 4890 3137 4940 est.

2838 4973 3058 5030 CAPUT
3110 4974 3221 5030 CV.

2758 5065 2828 5120 De
2857 5066 3113 5120 Abramio
3136 5064 3314 5135 (153).

2250 5152 2381 5208 Fuit
2430 5153 2668 5224 quidam
2715 5153 3043 5220 Abramius,
3076 5169 3290 5225 genere
3322 5152 3640 5225 Egyptius,
3674 5148 3773 5219 qui
3804 5148 3885 5203 vi-

2178 5246 2298 5298 tam
2330 5244 2712 5314 asperrimam
2744 5249 2799 5299 et
2832 5246 3084 5299 maxime
3116 5246 3410 5315 agrestem
3443 5242 3557 5309 egit
3587 5240 3645 5295 in
3681 5237 3890 5294 solitu-

2179 5335 2333 5389 dine.
2356 5337 2406 5389 Is
2428 5335 2624 5389 animo
2648 5336 2943 5391 sauciatus
2960 5336 3030 5390 ab
3055 5333 3474 5404 intempestiva
3488 5330 3887 5403 persuasione,

2177 5425 2413 5480 veniens
2444 5425 2503 5479 in
2534 5425 2859 5492 ecclesiam,
2894 5424 3192 5480 contendit
3236 5439 3371 5479 eum
3407 5419 3784 5494 presbyteris,
3816 5420 3892 5474 di-

2180 5530 2351 5569 cens:
2388 5517 2567 5569 Noctu
2599 5533 2629 5570 a
2660 5515 2885 5570 Christo
2910 5514 3212 5571 ordinatus
3238 5528 3374 5569 sum
3406 5510 3734 5583 presbyter,
3770 5525 3890 5565 sus-

2179 5604 2351 5675 cipite
2392 5618 2483 5659 me
2523 5610 2585 5658 ut
2648 5604 3031 5659 sacerdotem.
3067 5604 3268 5659 Patres
3320 5616 3454 5656 cum
3508 5598 3892 5654 abduxissent

2179 5709 2313 5751 eum
2345 5712 2377 5751 a
2406 5692 2742 5763 solitudine,
2767 5700 2822 5750 et
2843 5694 2914 5750 ad
2942 5692 3120 5751 vitam
3144 5689 3523 5750 deduxissent
3543 5688 3894 5748 crassiorem
