4074 6278
281 392 436 454 1209

280 624 378 665 τας
437 603 738 678 διατρέφων
783 603 874 656 καὶ
923 604 1264 674 νοσοκομῶν,
1296 600 1384 655 καὶ
1440 597 1771 669 ἁπαξαπλῶς
1801 607 1932 656 πᾶσι

275 688 394 745 τοῖς
444 683 900 758 έπιχωριάζουσιν
937 681 1084 754 αὑτῷ
1132 686 1230 736 τοῦ
1274 682 1444 754 λιμοῦ
1491 679 1668 736 ἕνεκεν
1723 681 1932 754 ξενοδο-

277 763 428 839 χείαν
457 765 548 818 καὶ
607 763 899 838 ὑπηρεσίαν
951 767 1217 838 παρεῖχεν
1273 763 1403 818 καθ’
1440 761 1648 838 ἡμέραν
1716 763 1777 820 ἐκ
1822 771 1931 820 τῶν

278 846 672 922 παρεχομένων
736 845 900 916 αὐτῷ.
955 843 1355 918 Πληρωθέντος
1409 841 1468 898 δὲ
1525 849 1622 900 τοῦ
1661 844 1930 914 ἐνιαυτοῦ,

279 928 370 982 καὶ
438 925 822 1000 διαδεξαμένης
877 932 977 994 τῆς
1034 927 1284 996 εὐθηνίας
1345 927 1436 980 καὶ
1501 926 1716 982 πάντων
1790 925 1931 981 οἷ’κοι

277 1007 686 1082 πορευομένων,
746 1007 778 1060 ά
831 1003 1088 1077 ἀοίδίμος
1147 1007 1308 1068 οὗτος
1386 1009 1580 1082 μηκέτι
1667 1001 1810 1082 ἔχων
1904 1008 1932 1060 ὅ

277 1089 451 1164 πράξη
524 1088 676 1150 αὖθις
733 1087 1072 1162 ὑποστρέψας
1133 1088 1206 1150 εἰς
1273 1089 1375 1157 τήν
1461 1090 1654 1144 ἑαυτοῦ
1729 1087 1930 1143 κέλλαν

278 1169 444 1224 πάλιν
501 1167 774 1238 εἶσῆλθεν,
833 1168 920 1222 καὶ
980 1173 1239 1242 κοιμᾶται
1301 1172 1433 1240 μετᾶ
1503 1173 1666 1242 μῆνα,
1723 1169 1932 1242 κληρο-

279 1252 526 1322 νομήσας
585 1249 684 1318 τὴν
758 1248 1022 1324 μακαρίαν
1108 1257 1211 1323 γῆν
1278 1254 1388 1304 τῶν
1474 1251 1714 1322 πραέων,
1797 1251 1934 1323 πρὸς

287 1333 403 1390 τοῖς
447 1327 643 1391 ἄλλοις
699 1327 866 1382 αὐτοῦ
923 1328 1331 1402 κατορθώμασι.
1394 1330 1494 1383 Καὶ
1551 1329 1753 1397 ταύτην
1832 1330 1931 1398 τὴν

278 1407 551 1463 διακονίαν
583 1409 968 1483 παρασχόντος
1001 1409 1148 1482 αὑτῷ
1178 1413 1274 1463 τοῦ
1307 1413 1442 1464 Θεοῦ
1492 1409 1566 1471 εἷς
1615 1411 1680 1463 τὰ
1729 1403 1933 1483 ἔσχατα

279 1489 415 1564 πρὸς
475 1489 723 1544 ὑπόθεσιν
782 1487 1179 1564 λαμπροτέρων
1241 1489 1514 1564 στεφάνων
1572 1488 1660 1546 διὰ
1715 1489 1932 1562 τρόπων

279 1567 580 1638 πραότητα.
639 1568 1049 1624 Καταλέλοιπεν
1105 1567 1161 1622 δὲ
1225 1572 1314 1623 καὶ
1375 1572 1718 1646 συντάγματα
1777 1568 1933 1630 οὗτος

281 1649 308 1701 6
343 1646 739 1721 δοκιμώτατος,
774 1650 848 1704 ὧν
904 1651 970 1704 τὰ
1027 1647 1261 1704 πλεῖστα
1311 1648 1553 1720 σπουδῆς
1599 1649 1739 1705 ἐστιν
1791 1648 1929 1719 ἄξια,

281 1727 472 1798 πολλὴ
507 1731 700 1806 ἀρετήν
727 1735 806 1803 τῷ
838 1727 992 1805 ἀνδρὶ
1037 1729 1430 1806 μαρτυροῦντα.

903 1817 1159 1867 ΚΕΦΔΛ.
1207 1813 1318 1868 ΡΒ’.

849 1885 978 1958 Περὶ
1041 1882 1362 1940 Ἰουλιανοῦ.

352 1967 598 2035 Ἀκήκοά
653 1965 777 2038 περὶ
821 1963 1122 2018 Ἰουλιανοῢ
1189 1985 1332 2025 τινος
1417 1964 1468 2019 ἐν
1549 1971 1665 2026 τοῖς
1749 1964 1932 2038 μέρεσι

275 2053 384 2104 τῶν
453 2042 812 2115 Ἐδεσσηνῶν,
871 2043 1061 2118 ἀνδρὸς
1124 2044 1568 2115 ἀσκητικωτάτου
1623 2066 1634 2080 ·
1697 2045 1758 2108 ὅς
1815 2045 1933 2100 καθ’

283 2123 594 2202 ὑπερϐολὴν
655 2123 846 2180 ἑαυτοῦ
913 2126 1214 2194 κατατήξας
1271 2127 1334 2180 τὸ
1395 2125 1604 2198 σαρκίεν
1655 2125 1810 2180 ὀστέα
1845 2125 1933 2180 καὶ

280 2208 455 2284 δέρμα
511 2205 818 2282 περιέφερεν
881 2207 1068 2280 μόνον.
1131 2206 1300 2268 Θὺτος
1362 2206 1438 2270 είς
1491 2207 1556 2261 τὰ
1605 2203 1808 2282 ἔσχατα
1837 2210 1934 2262 τοῦ

278 2288 470 2350 τέλους
503 2288 814 2358 κατηξιώθη
853 2293 1022 2358 τιμῆς
1052 2285 1224 2342 ἕνεκεν
1277 2288 1620 2361 χαρίσματος
1665 2287 1933 2362 ῗαμάτων.

905 2371 1164 2422 ΚΕΦΑΛ.
1225 2370 1336 2423 ΡΓ’.

835 2449 965 2522 Περὶ
1015 2449 1396 2508 Ἰννοκεντίου.

353 2533 432 2588 Τά
479 2530 616 2585 κατά
664 2529 755 2584 τὸν
812 2528 1076 2602 μακάριον
1129 2529 1471 2584 Ἰννοκέντιον
1539 2529 1632 2585 τόν
1699 2529 1934 2606 πρεσϐύ-

283 2633 440 2685 τερον
469 2611 564 2666 τόῦ
595 2610 893 2671 Ἐλαιῶνος
921 2609 1067 2685 παρὰ
1113 2608 1342 2664 πολλῶν
1398 2610 1493 2684 μὶν
1539 2611 1627 2666 καὶ
1683 2612 1935 2686 μεγάλων

284 2694 526 2762 ἀκήκοας
561 2711 574 2724 ·
636 2688 786 2746 οὐδὲν
853 2691 910 2745 δὲ
948 2693 1138 2760 ἧττον,
1193 2690 1238 2744 εί
1295 2689 1386 2746 καὶ
1445 2694 1568 2766 παρ’
1625 2695 1786 2766 ἡμῶν
1828 2699 1934 2749 τῶν

284 2777 550 2828 ταπεινῶν
612 2772 810 2845 μάθοις
865 2771 932 2826 τὰ
979 2772 1105 2848 περὶ
1163 2771 1328 2826 αὐτοῦ
1401 2777 1509 2827 τῶν
1587 2775 1934 2844 συζησάντων

288 2853 434 2924 αὑτῷ
465 2859 648 2926 τριετῆ
687 2851 906 2926 χρόνον.
939 2855 1006 2908 "A
1054 2857 1156 2926 γάρ
1203 2850 1438 2917 ἐκείνους
1475 2853 1750 2916 πολλάκις
1808 2853 1939 2910 ἔλα-

289 2934 374 2986 θεν
439 2935 546 2986 τῶν
597 2933 801 3005 ἀρετῶν
877 2936 973 2986 τοῦ
1048 2930 1260 3005 ἀνδρος,
1337 2935 1471 3006 ἡμῖν
1545 2935 1936 3012 πεφανέρωται.

286 3011 361 3070 O6
393 3014 496 3086 γὰρ
539 3011 721 3088 ῥᾴδιον
771 3013 996 3067 τιούτου
1051 3011 1244 3085 ἀνδρὸς
1291 3015 1482 3088 ἀρετὰς
1531 3011 1934 3089 ἐξεργάσασθαι.

284 3091 376 3147 ἕνα
411 3092 499 3146 καὶ
560 3090 827 3166 δεύτερον,
885 3089 1014 3146 ἀλλ’
1067 3089 1188 3146 οὔτε
1249 3089 1486 3149 δέκατον.
1539 3094 1712 3156 Οὗτος
1759 3095 1934 3150 τοίνυν

288 3174 314 3226 6
347 3172 567 3246 ἄριστος
597 3175 705 3226 τῶν
737 3172 986 3241 ἀσκητῶν
1019 3171 1392 3234 ἁπλούστατος
1423 3174 1488 3242 ἧν
1535 3176 1654 3228 καθ’
1709 3171 1936 3251 ὑπερϐο-

1573 385 1944 450 HISTORIA
1986 381 2390 446 LAUSIACA.

283 522 656 595 λιμπάνοντας
687 521 928 590 θάπτων,
985 521 1111 582 τοὺς
1161 519 1217 574 δὲ
1285 517 1482 574 ἐλπίδα
1542 521 1687 588 ζωῆς
1763 515 2012 592 ἕχον-Α
2045 513 2276 587 λείψανα
2331 514 2432 567 τοῦ
2489 509 2941 595 θείου-Ἰωάννου
3003 513 3099 595 106

1961 1877 2292 1952 Βεύχεσθαι
2357 1875 2587 1950 μηδενὸς
2645 1881 2752 1930 τῶν
2825 1877 3011 1931 αῗτίων

3529 383 3690 444 1210

3187 511 3502 582 βαπτιστοῦ.
3587 512 3686 566 Καὶ

2047 593 2399 666 έπιυξάμενος
2459 591 2607 662 αὖτῷ
2653 589 2760 643 ἀπὸ
2815 589 3002 664 τρίτης
3071 591 3215 666 ὧρας
3291 591 3488 669 μέχρις
3535 591 3688 646 ἐννά-

2043 697 2164 745 της,
2201 675 2327 748 ὑγιῆ
2368 670 2642 728 ἀπέδωκεν
2691 671 2783 726 τὸν
2826 672 3099 726 νεανίσκον
3144 676 3214 746 τῇ
3255 671 3420 727 αὐτοῦ
3466 675 3633 749 μητρί
3675 719 3690 733 .

2040 756 2128 810 καὶ
2159 755 2252 810 τὸν
2305 752 2538 826 δαίμονα
2585 750 2836 820 ἐξελάσας
2895 751 2986 806 ἀπ’
3033 754 3219 820 αὐτοῦ,
3272 754 3359 807 καὶ
3407 755 3507 822 τήν
3551 756 3688 826 πάρ-

2043 857 2154 890 εσιν
2215 834 2520 906 ἰασάμενος.
2594 833 2826 902 Τοιαύτη
2908 829 2966 890 δὲ
3049 833 3115 899 ἦν
3188 835 3222 901 ἡ
3307 834 3550 904 πάρεσις,
3613 835 3687 896 ὡς

2042 915 2280 971 πτύοντα
2333 915 2424 968 τὸν
2483 917 2648 967 παῖσα
2710 913 2796 968 ἐπὶ
2853 913 2943 968 τὸν
3005 917 3172 966 νῶτον
3235 913 3418 968 ἑαυτὸν
3479 916 3687 972 πτύειν.

2043 997 2225 1057 Οὕτως
2283 997 2347 1064 ἦν
2417 994 2730 1072 έκστραιρεῖς
2779 1013 2790 1027 ·
2849 995 2939 1048 καὶ
3011 995 3037 1047 6
3107 993 3278 1054 οὓτως
3331 993 3561 1058 ἐλεεινὸς
3619 1001 3688 1069 τῇ

2048 1077 2188 1150 εὐχῇ
2219 1080 2314 1129 τοῦ
2347 1073 2556 1130 δικαίου
2588 1081 2932 1150 παραχρῆμα
2963 1073 3109 1144 ἰάθη.
3143 1075 3238 1136 Εἷς
3279 1074 3406 1137 τοὺς
3456 1076 3578 1144 περὶ
3625 1079 3686 1131 τὸ

2043 1157 2310 1230 Λαζάριον
2342 1157 2543 1216 τόπους
2590 1155 2828 1227 νέμουσα
2886 1150 3130 1228 πρόϐατα
3188 1159 3355 1228 γραῦς
3411 1154 3686 1210 ἀπώλεσεν

2039 1234 2117 1304 ἓν,
2149 1237 2426 1312 νεωτέρων
2457 1241 2564 1290 τῶν
2597 1237 2742 1308 ςκατά
2787 1236 2876 1288 τὸν
2933 1233 3098 1288 τόπον
3143 1233 3303 1289 τοῦτὸ
3353 1235 3686 1308 κλεψάντων.

2043 1317 2320 1370 Κλαίουτα
2364 1313 2452 1369 οὖν
2499 1318 2533 1383 ἡ
2586 1319 2754 1390 γραῦς
2793 1314 3100 1387 προσῆλθεν
3160 1316 3336 1387 τούτῳ
3393 1321 3471 1387 τῷ
3528 1316 3690 1389 ένθέῳ

2055 1397 2066 1408 ‘
2111 1394 2133 1411 "
2183 1395 2193 1412 '
2249 1401 2260 1418 ι
2345 1393 2386 1412 "‘
2476 1397 2484 1410 '
2537 1417 2552 1424 _
2673 1393 2684 1408 ‘
2731 1399 2760 1422 ,ν
2909 1396 2984 1424 -ψξ
3253 1397 3266 1412 κ
3392 1395 3404 1416 r
3569 1393 3591 1415 γ’

2044 1415 2214 1470 ανορι.
2267 1398 2308 1452 Ο
2342 1415 2396 1448 οε
2431 1396 2578 1472 λέγει
2627 1415 2784 1468 αυτῃ.
2839 1404 3016 1467 Δειςον
3074 1416 3166 1468 μοι
3213 1417 3304 1448 τον
3345 1417 3510 1450 τοπον
3567 1398 3689 1450 ενθα

2041 1482 2206 1530 τοῦτο
2275 1475 2586 1537 ἀπώλεσας.
2651 1475 2944 1546 Ἀπιούσης
3001 1475 3090 1530 οὑν
3145 1475 3312 1545 αὑτῆς
3353 1476 3438 1530 ἐπὶ
3489 1479 3548 1532 τὸ
3589 1486 3690 1532 Λα-

2049 1557 2250 1632 ζάριον,
2306 1555 2599 1625 ἠκολούθει
2665 1555 2692 1607 6
2757 1555 2943 1630 μέγας.
3007 1557 3106 1612 Καὶ
3185 1559 3470 1632 γενόμενος
3555 1561 3691 1614 κατά

2041 1637 2134 1691 τὸν
2190 1639 2380 1702 τόπον,
2446 1638 2572 1698 στὰς
2629 1637 2996 1709 προσηύξατο.
3075 1639 3136 1692 Οἱ
3215 1637 3305 1692 οὗν
3392 1639 3690 1713 κλέψαντες

2042 1721 2202 1771 τοῦτο
2255 1713 2548 1790 πρόϐατον,
2608 1713 2852 1793 ἔσφαξαν,
2909 1719 2998 1771 καὶ
3055 1719 3120 1772 τὰ
3180 1717 3308 1794 κρέα
3359 1719 3408 1773 έν
3463 1725 3531 1794 τῇ
3585 1722 3690 1794 ἀμ-

2043 1796 2197 1868 πέλῳ
2222 1797 2581 1870 κλτέκρυψαν.
2614 1797 2702 1852 Ἐν
2735 1799 2814 1869 τῷ
2845 1797 2936 1851 οὖν
2985 1799 3074 1852 τὸν
3124 1801 3271 1854 ὅσιον
3312 1799 3479 1876 ἄνδρα
3519 1822 3690 1875 προσ-

3091 1879 3542 1956 ὁμαλογούντων,
3591 1885 3688 1950 τῆς

2042 1959 2272 2031 χάριτος
2305 1955 2650 2031 ἐνεργούσης,
2679 1957 2842 2027 κόραξ
2883 1959 3043 2011 ποθὲν
3101 1955 3298 2027 ἐλθὼν,
3329 1961 3416 2013 καὶ
3467 1960 3690 2024 ἐπιστάς

2041 2043 2108 2112 τῇ
2139 2039 2345 2110 κλοπῇ,
2377 2033 2561 2093 λαϐὼν
2591 2036 2853 2093 κοπάδιον
2896 2039 2986 2092 ἀπ’
3025 2038 3189 2094 αὐτοῦ
3237 2040 3401 2096 πάλιν
3451 2041 3682 2113 ἀπέπτη.

2045 2120 2448 2193 Προσεσχηκὼς
2499 2118 2590 2172 οὖν
2627 2123 2786 2174 τοῦτο
2847 2120 2873 2173 6
2937 2121 3197 2194 μακάριος
3257 2123 3433 2193 οὗτος,
3498 2124 3688 2198 μικρὸν

2043 2198 2326 2274 προελθὼν
2358 2200 2504 2273 εὗρεν
2531 2199 2594 2253 τὸ
2635 2201 2798 2272 θῦμα,
2848 2201 2936 2253 καὶ
2984 2200 3111 2262 τοὺς
3161 2200 3462 2275 κλέψαντας
3505 2209 3689 2262 τοῦτο.

2043 2281 2158 2336 Εἶθ’
2221 2280 2389 2342 οὕτως
2443 2281 2839 2356 προσπεσόντες
2895 2281 3044 2354 αὑτῷ
3103 2283 3153 2336 οἱ
3204 2282 3499 2355 κλέψαντες
3529 2289 3690 2340 τοῦτο

2043 2365 2318 2437 νεώτεροι,
2363 2361 2452 2416 καὶ
2501 2363 2599 2431 τήν
2661 2361 2830 2416 αἰτίαν
2888 2361 3348 2438 ὁμολογήσαντες,
3405 2368 3692 2440 ἀπῃτήθη-

2047 2465 2140 2498 σαν
2197 2444 2259 2498 τὸ
2312 2441 2456 2510 ἀξιον
2513 2441 2752 2514 τίμημα,
2813 2445 2899 2498 καὶ
2967 2443 3138 2504 οὕτως
3191 2447 3690 2523 ἒσιυφρονίσθησαν,

2052 2528 2149 2580 τοῦ
2184 2524 2376 2597 μηκέτι
2415 2523 2482 2577 τὰ
2509 2526 2731 2577 τοιαῦτα
2761 2523 2995 2597 τολμᾷν.

2665 2608 2933 2662 ΚΕΦΑΛ.
2975 2611 3087 2662 ΡΔ¹.

2765 2684 2778 2704 κ
2821 2687 2832 2707 ν
2889 2683 2912 2702 vs
2965 2685 3006 2706 ιν

2651 2691 2779 2758 Περι
2839 2692 3095 2740 Λοολιου.

2119 2769 2327 2841 Ἔγνων
2378 2764 2543 2820 πάλιν
2598 2763 2717 2818 τινὰ
2773 2767 2850 2827 είς
2907 2767 2972 2820 τά
3026 2766 3406 2842 Ἰεροσόλυμα,
3461 2767 3692 2841 ὀνόματι

2048 2847 2324 2918 Ἀδόλιον,
2377 2844 2580 2920 Ταρσέα
2625 2848 2686 2902 τὸ
2737 2846 2914 2922 γένος.
2965 2850 3128 2911 Οὗνος
3169 2851 3608 2926 παραγενόμενος
3641 2851 3691 2907 έν

2045 2936 2161 2992 τοῖς
2228 2927 2634 3006 Ἰεροσολύμοις
2705 2925 2828 2981 λίαν
2883 2931 2983 2998 τήν
3039 2928 3294 3005 ἄτροπτον
3331 2925 3447 3000 τῆς
3499 2933 3694 3004 ἀρετῆς

2047 3010 2277 3066 ὥδευσεν
2339 3007 2466 3062 ὁδὸν
2519 3007 2622 3082 οὐχ
2667 3008 2734 3076 ἢν
2793 3011 2954 3080 ἡμεῖς
2995 3011 3044 3063 οἱ
3105 3009 3309 3064 πολλοὶ
3357 3008 3696 3084 ὡδεύσαμεν,

2052 3091 2196 3146 ἀλλά
2238 3089 2389 3162 ξένην
2450 3087 2564 3142 τινὰ
2623 3089 2709 3142 καὶ
2761 3089 2950 3156 καινὴν
3003 3090 3175 3159 ἑαυτῷ
3235 3089 3512 3162 ἀνατεμὼν
3564 3091 3696 3165 ὑπὲρ

2052 3179 2335 3250 ἄνθρωπον
2394 3170 2676 3226 πολιτείαν
2731 3170 2966 3242 ἤσκησεν
3015 3175 3066 3228 έν
3114 3174 3250 3246 αὐτῇ
3287 3192 3300 3207 ο
3347 3176 3420 3237 ὡς
3462 3176 3547 3229 κσὶ
3600 3176 3700 3229 αὖ-

289 3253 413 3323 λῆν.
447 3253 744 3325 Γενόμενος
784 3256 892 3306 τῶν
927 3249 1190 3321 ἐπιδόξων
1222 3255 1329 3306 τῶν
1378 3252 1429 3306 ἐν
1479 3259 1556 3326 τῷ
1608 3249 1856 3328 παλατίῴ
1887 3255 1936 3311 έν
1973 3249 2014 3317 C
2049 3249 2177 3318 τοὺς
2233 3256 2358 3314 τοὺς
2413 3250 2674 3324 δαίμονας
2733 3253 3006 3326 πονηροὺς
3067 3253 3350 3326 φρίξαντας
3415 3255 3580 3308 αὐτοῦ
3635 3256 3697 3310 τὸ

291 3339 407 3394 ταῖς
453 3333 651 3410 ἀρχαῖς
703 3332 1075 3388 Κωνσταντίου
1123 3337 1220 3387 τοῦ
1283 3333 1576 3406 βασιλέως,
1639 3335 1937 3406 ἀπετάξατο

293 3413 615 3488 ὁρμώμενος
646 3413 751 3467 ἀπὸ
782 3412 960 3488 γάμου
983 3431 994 3444 ·
1029 3411 1079 3466 ἐν
1114 3413 1194 3475 οἷς
1225 3413 1314 3466 καὶ
1347 3414 1494 3491 εἶχεν
1524 3415 1614 3469 καὶ
1646 3416 1942 3486 υἱὸν,Παῦ-

291 3495 388 3550 λον
422 3493 672 3566 ὀνόματι,
705 3490 1030 3566 δομέστικον
1063 3490 1502 3567 στρατευόμενον.
1537 3500 1739 3550 Τοῦτον
1770 3497 1942 3571 ἀμαρ-

288 3577 524 3646 τήσαντα
580 3575 718 3648 πρὸς
791 3574 1053 3650 θυγατέρα
1128 3571 1495 3650 πρεσϐυτέρου
1554 3575 1854 3651 έπαράσατο
1911 3578 1940 3632 6

291 3655 448 3730 ἅγιος
524 3655 876 3717 Ἰννοκέντιος
935 3659 1012 3727 τῷ
1087 3653 1214 3728 ἰδίῳ
1273 3657 1375 3726 υίῷ
1433 3656 1808 3730 παρακαλέσας
1846 3661 1938 3714 τὸν

291 3738 442 3805 Θεὸν,
475 3736 564 3791 καὶ
597 3734 764 3790 εἰπὼν
814 3734 980 3808 αύτῷ,
1013 3737 1097 3790 ὅτι
1147 3736 1326 3810 Κύριε,
1362 3733 1452 3798 δὸς
1501 3737 1647 3809 αὐτῷ
1693 3744 1938 3796 τοιοῦτον

293 3821 532 3889 Πνεῦμα,
579 3816 666 3870 ἳνα
721 3818 916 3889 μηκέτι
979 3813 1126 3890 εὕροι
1189 3818 1375 3890 καιρὸν
1426 3821 1523 3892 τοῦ
1573 3819 1940 3892 έξαμαρτῆσαι

289 3897 368 3965 τῷ
428 3892 649 3967 σαρκίῳ.
703 3893 964 3965 ’Άμεινόν
1021 3893 1184 3960 ἐστιν,
1248 3895 1439 3962 εἰπών,
1481 3891 1698 3966 δαίμονι
1750 3891 1944 3953 τοῦτον

293 3972 596 4040 πυκτεύειν,
631 3971 664 4039 ἢ
718 3971 984 4040 ἀκολασίᾳ
1015 3970 1310 4028 δουλεύειν.
1345 3974 1412 4028 ’Ό
1455 3970 1520 4042 δή
1578 3975 1666 4028 καί
1715 3975 1946 4051 γεγένη-

294 4075 402 4111 ται.
435 4055 527 4114 ’Ὀς
561 4047 638 4106 ἔτι
670 4051 760 4105 καὶ
790 4057 884 4106 νῦν
908 4051 1046 4106 ἐστιν
1091 4052 1166 4114 είς
1199 4049 1326 4124 ὅρος
1356 4057 1462 4108 τῶν
1515 4047 1744 4110 Ἐλαιῶν
1780 4047 1943 4127 σιδη-

301 4136 570 4211 ροφορῶν,
602 4133 692 4187 καὶ
722 4130 1117 4204 παιδευόμενος
1172 4133 1274 4188 ὑπὸ
1331 4139 1430 4188 106
1479 4135 1806 4208 πνεύματος.
1842 4139 1945 4193 Καὶ

296 4217 358 4270 τὸ
418 4216 722 4290 θαυμαστὸν
774 4217 801 4268 6
865 4214 1060 4270 τούτου
1147 4216 1334 4290 Πατὴρ
1411 4215 1622 4288 ἐτέρους
1694 4218 1944 4290 ἰώμενος,

297 4300 488 4349 τοῦτον
541 4294 640 4349 οὐκ
681 4293 888 4365 ἠλέησε
943 4299 1202 4350 τοσοῦντο
1262 4297 1460 4372 χρόνον
1530 4299 1944 4372 τιμωρούμενον

302 4377 402 4430 ὑπὸ
433 4379 529 4429 τοῦ
561 4373 844 4448 δαίμονος.
877 4373 1048 4437 Οὗτος
1085 4375 1112 4428 6
1146 4373 1400 4450 ἀοίδιμος
1441 4376 1787 4440 Ἰννοκέντιος
1828 4381 1946 4441 οἷος

303 4458 398 4528 μὲν
430 4457 651 4532 γέγονεν
713 4454 988 4530 ἐλεήμων,
1023 4457 1143 4517 οἶος
1195 4453 1252 4509 δὲ
1297 4453 1464 4511 πάλιν
1511 4455 1741 4528 ἀπλοῧςι
1775 4456 1948 4532 λῆρος

299 4537 612 4612 ὀφθήσομαι
642 4538 689 4591 τ’
730 4536 912 4607 ἀληθῆ
947 4536 1071 4610 περὶ
1115 4537 1280 4590 αὐτοῦ
1333 4533 1692 4610 διηγούμενος
1727 4555 1740 4567 ·
1790 4539 1948 4600 οὗτος

2052 3335 2322 3410 αὐστηρὸν
2378 3339 2480 3398 τῆς
2533 3332 2756 3404 ἀρίστης
2815 3331 3104 3394 πολιαείας
3163 3335 3237 3406 μή
3295 3331 3507 3407 τολμᾷν
3555 3336 3700 3407 αὐτῷ

2049 3409 2426 3490 προσεγγίσαι.
2500 3415 2587 3472 Δι’
2660 3409 2974 3488 ὑπερϐολὴν
3049 3416 3150 3490 γὰρ
3232 3415 3544 3490 ἐγκρατείας
3608 3416 3698 3470 καὶ

2049 3496 2341 3572 ἀγρυπνίας
2402 3493 2678 3567 σάντασμα
2736 3493 2868 3548 εἶναι
2941 3495 3239 3564 ὑπενοήθη.
3301 3497 3386 3550 Ἐν
3443 3497 3538 3568 μὲν
3597 3498 3698 3571 γάρ

2050 3581 2192 3652 πάσῃ
2225 3579 2293 3648 τῇ
2352 3579 2754 3649 τεσσαρακοστῇ
2795 3574 2976 3644 ἤσθιεν
3028 3573 3116 3629 διὰ
3167 3576 3356 3646 πάντε,
3395 3577 3486 3631 καὶ
3533 3581 3697 3632 τοῦτο

2053 3659 2102 3713 έν
2147 3656 2328 3730 μέτρῳ
2363 3675 2374 3689 ³
2425 3658 2514 3711 τὸν
2555 3655 2611 3710 δὲ
2651 3654 2822 3710 ἄλλον
2856 3658 3054 3731 χρόνον
3089 3657 3272 3724 ἤσθιεν
3303 3655 3501 3728 τρίτον.
3535 3658 3610 3712 Τὸ
3644 3656 3700 3712 δὲ

2057 3741 2190 3812 μέγα
2237 3737 2327 3792 καὶ
2376 3735 2676 3812 παράδοξον
2729 3739 2890 3790 10610
2929 3737 2991 3802 ἦν
3045 3738 3212 3791 αὐτοῦ
3272 3745 3372 3806 τῆς
3454 3740 3648 3812 ἀρετ-ῆς
3684 3761 3696 3773 ·

2054 3821 2210 3881 οὗτος
2243 3819 2574 3896 τρεφόμενος
2618 3819 2704 3892 ἀφ’
2735 3819 2960 3891 ἑσπέρας
3015 3817 3209 3890 μέχρις
3259 3817 3347 3870 ὅτε
3379 3823 3445 3888 τῇ
3499 3819 3698 3892 ἑωθινῇ

2054 3899 2169 3974 ὥρά
2199 3893 2361 3952 πάλιν
2391 3901 2424 3965 ἡ
2467 3895 2774 3974 ἀδελφότης
2824 3895 2874 3948 έν
2905 3901 3019 3956 τοῖς
3053 3893 3358 3970 εὑκτηρίοις
3414 3899 3697 3971 συνήγετο.

2055 3979 2284 4040 Οὖτοςὸ
2333 3977 2580 4046 ἀθλητὴς
2617 3973 2804 4036 ἑστὼς
2841 3974 2892 4030 έν
2939 3981 3018 4046 τῷ
3075 3973 3299 4030 έλαιῶνι
3348 3975 3423 4038 είς
3470 3978 3560 4031 τὸν
3600 3985 3698 4046 τῆς

2055 4058 2379 4130 ἀναλήψεως
2427 4057 2638 4130 βουνὸν,
2685 4056 2802 4109 ὅθεν
2853 4055 3128 4130 ἀνεγήφθη
3165 4057 3192 4109 ὁ
3235 4060 3467 4126 Ἰησοῦς,
3515 4057 3702 4124 ἑστὼς,

2055 4139 2143 4195 καὶ
2177 4135 2425 4212 ψάλλων,
2467 4137 2556 4191 καὶ
2605 4137 3044 4211 προσευχόμενος
3093 4133 3342 4212 διετέλει.
3397 4137 3498 4190 Καὶ
3537 4141 3704 4192 τοῦτο

2053 4210 2224 4275 ἒποίει
2254 4217 2305 4271 έν
2339 4218 2500 4272 παντὶ
2546 4221 2744 4290 καιρῷ,
2779 4210 2886 4271 εἴτε
2939 4214 3134 4294 ἔνιφεν,
3169 4215 3276 4270 εἴτε
3313 4210 3562 4290 ἔϐρεχεν,
3596 4217 3705 4273 εἴτε

2057 4300 2369 4376 ἐπάχνιζεν,
2401 4297 2694 4358 ἀσάλευτος
2725 4296 2930 4370 ἔμενεν,
2967 4297 3062 4350 Καὶ
3109 4296 3407 4370 πληρώσας
3438 4297 3530 4351 τὸν
3582 4319 3704 4352 συν.

2059 4383 2164 4452 ἤθη
2211 4386 2320 4436 τῶν
2379 4381 2554 4456 εὐχῶν
2605 4377 2823 4445 κανόνα,
2876 4377 2939 4432 τὸ
2999 4381 3298 4446 τηνικαῦτα
3345 4381 3424 4449 τῷ
3457 4376 3705 4450 ἐξυπνια-

2061 4467 2228 4533 στικῷ
2261 4455 2477 4539 σφυρίῳί
2517 4460 2613 4520 τὰς
2653 4455 2866 4512 πάντων
2919 4455 3135 4532 ἔκρουεν
3187 4456 3414 4528 κέλλας,
3465 4460 3704 4534 συνάγων

2060 4542 2252 4605 αὐτοὺς
2295 4537 2369 4606 έίς
2413 4542 2539 4602 τοὺς
2603 4537 2922 4613 εὐκτηρίους
2995 4537 3178 4601 οἷ’κους
3245 4539 3380 4613 πρὸς
3451 4540 3704 4614 ὀρθρινὴν

299 4617 574 4680 πολλάκις
629 4613 878 4673 κλέπτων
935 4619 1082 4692 παρὰ
1132 4621 1240 4673 τῶν
1281 4614 1558 4695 ἀδελφῶν,
1593 4617 1645 4670 εἷ’
1705 4641 1756 4674 τι
1807 4619 1950 4689 αύτῷ
1981 4623 2028 4688 D
2061 4621 2400 4698 δοξολογίαν,
2447 4622 2564 4675 καθ’
2605 4620 2830 4689 ἑκάστην
2881 4617 3081 4673 κέλλαν
3123 4617 3465 4691 συμψάλλων
3527 4613 3710 4680 αὐτοῖς

299 4696 561 4763 ἐνέπεσεν,
613 4695 790 4751 ἐδίδου
840 4703 954 4760 τοῖς
1008 4675 1310 4770 δεομένοις.
1363 4675 1488 4751 κᾶθ’
1547 4675 1864 4772 ὑπερϐολήν
1898 4675 1955 4752 δέ

301 4777 545 4855 γεφονὼς
595 4774 815 4845 ἄκακος,
857 4779 945 4832 καὶ
998 4779 1086 4832 τὸν
1135 4777 1334 4851 τρόπον
1375 4775 1604 4848 ἁπλοῦς,
1635 4779 1946 4849 κατηξιώθη

299 4858 644 4933 χαρίσματος
706 4860 840 4913 κατά
913 4856 1208 4930 δαιμόνων.
1265 4860 1348 4915 Ἐν
1417 4860 1504 4920 οἷς
1564 4881 1696 4915 ποτε
1743 4859 1948 4934 ἠνέχθη

303 4939 452 5009 αὑτῷ
490 4939 764 5000 νεανίσκος
795 4938 1047 5012 ὁρώντων
1076 4939 1360 5015 ἡμετέρων
1415 4940 1518 4993 ὑπὸ
1575 4945 1672 4994 106
1723 4939 1955 5011 πνεύμα-

301 5038 393 5079 τος
463 5015 690 5094 ληφθεὶς
754 5017 844 5072 καὶ
901 5017 1176 5092 παρέσεως
1235 5060 1247 5074 .
1317 5017 1391 5080 ὡς
1456 5017 1554 5092 ἐμὲ
1631 5020 1954 5093 θεασάμενον

304 5099 554 5170 ἄντικρὺς
625 5097 992 5166 ἂπευδοκῆσαι
1075 5109 1174 5170 τῆς
1252 5103 1418 5156 αὑτοῦ
1493 5102 1795 5176 θεραπείας,
1863 5104 1955 5158 καὶ

305 5181 530 5251 θελῆσαι
590 5177 778 5250 διῶξαι
853 5181 1048 5236 ἐκεῖθεν
1133 5183 1234 5250 τήν
1319 5185 1528 5256 μητέρα
1610 5185 1704 5237 τοῦ
1753 5182 1958 5259 δαιμο-

302 5268 528 5324 νιῶντος
587 5262 680 5316 σύν
728 5267 844 5325 τοῖς
887 5262 1044 5318 αὑτὸν
1096 5264 1428 5339 ένεγκοῦσιν.
1474 5261 1682 5336 Συνέϐη
1744 5265 1844 5321 οὖν
1901 5267 1953 5322 έν

433 5344 626 5416 μεταξὺ
677 5344 1026 5416 Θεωρούντων
1087 5345 1248 5415 ἡμῶν
1296 5345 1359 5398 τὸ
1426 5343 1701 5422 ἀφόρητον
1759 5343 1955 5422 ἄλγος,

306 5420 484 5478 ἒλθεῖν
569 5424 665 5478 τὸν
741 5427 820 5496 τῷ
895 5421 1158 5496 πνεύματί
1214 5420 1624 5498 νεανιευόμενον
1683 5420 1952 5502 γέρτνται

304 5505 394 5558 καὶ
461 5504 792 5578 θεασάμενον
865 5506 956 5560 τὸν
1034 5501 1426 5578 δαιμονιῶντα,
1499 5507 1590 5560 καὶ
1665 5512 1960 5580 περιεστῶ-

308 5605 399 5639 σαν
457 5585 556 5652 τὴν
617 5583 811 5640 τούτου
883 5585 1090 5662 μητέρα
1153 5583 1476 5656 κλαίουσαν,
1534 5587 1626 5642 καὶ
1699 5585 1960 5660 ὀδυρομέ-

306 5685 404 5736 νην
455 5663 541 5746 έπὶ
585 5663 1084 5746 τῇηᾶνεκδιηγήτῳ
1146 5671 1401 5746 συμφορᾷ
1439 5670 1536 5722 τοῦ
1595 5667 1714 5722 υἱου
1770 5668 1956 5734 αὐτῆς.

308 5744 584 5820 Δακρύσας
634 5745 724 5826 06v
782 5747 809 5803 6
866 5747 1201 5825 καλόγηρος,
1259 5744 1350 5803 καὶ
1401 5746 1825 5826 σπλαγχνισθεὶς
1878 5747 1962 5806 ἐπ’

308 5828 528 5908 αὐτοὺς,
571 5823 754 5886 λαϐὼν
798 5829 892 5886 τὸν
940 5823 1212 5886 νεανίσκον
1266 5827 1514 5906 εἶσῇλθεν
1563 5823 1646 5892 εἷς
1698 5830 1762 5886 τὸ
1821 5851 1960 5908 μαρ-

307 5907 495 5990 τύριον
547 5908 760 5983 ἑαυτοῦ,
805 5911 834 5966 ὃ
899 5909 1252 5988 ᾠκοδομήκει
1295 5910 1478 5982 αὐτὸς,
1509 5908 1562 5966 ἐν
1596 5911 1641 5986 ᾧ
1683 5907 1964 5971 κατέκειτο

2061 4700 2114 4757 έν
2259 4700 2504 4776 δεύτερον
2565 4700 2885 4775 ἀντίφωνον,
2935 4699 3024 4752 καὶ
3084 4699 3479 4771 συνευχόμενος
3537 4698 3712 4762 οὕτως

2061 4783 2223 4856 ἀπῄει
2255 4782 2360 4856 πρὸ
2392 4775 2602 4855 ἡμέρας
2633 4780 2708 4841 εἷς
2739 4780 2799 4833 τὸ
2830 4777 3052 4833 κελλίον
3081 4779 3170 4839 Ὡς
3205 4775 3260 4830 δὲ
3292 4775 3380 4830 ἕπὶ
3429 4781 3526 4841 τῆς
3569 4776 3712 4848 ἀλη-

2063 4854 2205 4924 θείας
2237 4854 2528 4934 ἐπίσταμαι
2577 4860 2736 4920 αὑτὸς
2787 4857 3060 4920 πολλάκις
3108 4861 3215 4912 τῶν
3264 4854 3512 4930 ἀδελφῶν
3547 4859 3710 4914 αὑτὸν

2063 4941 2407 4998 ἀποδυόντων
2439 4941 2490 4996 έν
2545 4943 2720 5014 καιρῷ
2761 4940 2947 5013 θέρους
2995 4939 3084 4993 καὶ
3153 4935 3555 5006 ἀποπιεζόντων
3603 4943 3709 4995 τῶν

2063 5023 2294 5098 ἱματίων
2333 5022 2498 5078 αὑτοῦ
2556 5021 2646 5074 τὸν
2705 5017 2934 5093 ἱδρῶτα,
2967 5019 3039 5080 ὡς
3099 5017 3205 5073 ἀπὸ
3257 5016 3492 5093 λουτροῦ
3541 5018 3714 5082 οὕτως

2064 5095 2384 5172 ἀ-πέσταζον,
2431 5101 2577 5158 ἄλλά
2635 5099 2690 5156 δὲ
2747 5095 3215 5174 περιϐαλλόμενοι
3273 5096 3377 5161 ἓως
3428 5100 3494 5153 οὗ
3548 5104 3714 5155 ταῦτα

2065 5185 2358 5260 έψύχοντο.
2394 5183 2491 5237 Καὶ
2526 5180 2692 5256 μέχρι
2748 5179 2940 5255 τρίτης
2993 5180 3137 5253 ὥρας
3199 5178 3713 5252 διαναπαυσάμενος,

2068 5256 2209 5320 06116
2235 5263 2399 5319 πάλιν
2428 5263 2520 5324 τὰς
2555 5260 2752 5322 λοιπὰς
2801 5258 2951 5334 ὥρας
2992 5257 3096 5322 ἕως
3155 5259 3378 5335 ἑσπέρας
3429 5263 3496 5331 τῇ
3537 5256 3717 5330 ψαλμ-

2067 5343 2208 5418 ῳδίᾳ
2235 5344 2324 5400 καὶ
2377 5344 2472 5406 τάς
2524 5346 2858 5418 προσευχαῖς
2905 5345 3215 5415 προσεῖχεν.
3260 5339 3410 5408 Αὕτη
3465 5335 3712 5406 τοίνυνὴ

2066 5426 2229 5500 ἀρετή
2261 5431 2362 5493 τῆς
2394 5423 2560 5498 ἄκρας
2610 5423 2894 5494 ὑπομονῆς
2926 5419 3186 5476 Ἀδολίου
3224 5426 3326 5487 τῆς
3367 5419 3563 5488 πέτρας
3614 5424 3714 5486 τῆς

2069 5497 2304 5580 σέερεᾶςν
2335 5503 2394 5568 ὃς
2429 5497 2641 5578 ἐγένετο
2688 5503 2751 5556 τὸ
2797 5502 2950 5576 γένος
2997 5497 3256 5572 Ταρσεύς.
3319 5497 3714 5556 Ἐντελειωθεὶς

2069 5585 2128 5640 δέ
2163 5577 2328 5662 μέχρι
2384 5577 2574 5646 τέλους
2621 5588 2738 5646 τοῖς
2791 5582 2982 5643 ἄθλοις
3029 5577 3312 5662 καρτερίας
3364 5579 3453 5662 τὸν
3485 5578 3713 5662 *αἰώνιον

2069 5658 2522 5741 ὕπνον-κοιμᾶται
2561 5663 2612 5721 ἐν
2667 5669 2784 5725 τοῖς
2837 5658 3266 5736 Ἰεροσολύμοις,
3296 5659 3387 5713 καὶ
3432 5659 3712 5715 θάπτεται.

2675 5748 2936 5802 ΚΕΦΑΛ.
2989 5743 3108 5798 ΡΕ¹.

2622 5827 2752 5900 Περὶ
2792 5819 3151 5898 Ἀϐρααμίου.

2143 5907 2474 5990 ’Δϐραάμιός
2531 5931 2614 5972 τις
2669 5897 2901 5984 γέγονεν
2941 5903 3182 5979 μοναχὸς
3232 5897 3463 5980 ἀκριϐὴς
3520 5903 3602 5976 τῷ
3628 5901 3718 5978 γέ-
