4074 6278
429 385 580 444 1211

1942 385 2306 446 PALLADII

3677 380 3849 439 1212

426 536 504 569 νει
534 513 852 589 Αιγύπτιος,
885 514 1229 592 τραχύτατον
1261 516 1349 569 καὶ
1383 515 1682 591 ἀγιώτὰτον
1737 516 1854 588 βίον
1908 517 2072 584 ζήσας
2100 519 2153 586 Α
2185 515 2433 585 ἀθλητὴς
2463 519 2563 582 τῆς
2595 512 2876 583 ὑπομονῆς
2908 510 3090 592 ἀφ’-οῦ
3139 507 3392 577 εἶσῆλθκν
3444 508 3517 592 εἷς
3566 511 3631 564 τὸ
3683 513 3850 581 σπή-

428 595 479 648 έν
529 601 596 669 τῇ
647 596 862 671 ἐρήμῳ.
906 596 1078 657 Οὗτος
1146 594 1364 670 ἐπλήγη
1414 597 1512 664 τὴν
1556 597 1716 670 φρένα
1765 597 1867 650 ὑπὸ
1907 598 2072 669 ἄκρας

430 675 666 744 οἷ’ήσεως
701 694 714 708 ’
773 677 860 729 καὶ
925 674 1099 729 ἐλθὼν
1149 680 1218 748 τῇ
1273 675 1556 746 ἐκκλησίᾳ,
1609 673 1907 750 διεμάχετο
1955 680 2072 737 τοῖς

426 751 836 830 πρεσϐυτέροις,
866 753 1064 830 λέγων,
1097 755 1177 809 ὅτι
1212 755 1309 809 Καὶ
1359 756 1467 831 ἐγὼ
1516 755 1878 831 πρεσϐύτερος
1927 756 2075 830 ἐχει-

430 838 735 909 ροτονήθην
795 837 964 908 ταύτῃ
1023 839 1091 908 τῇ
1149 836 1290 891 νυκτὶ
1351 836 1454 890 ὑπὸ
1505 839 1600 890 τοῦ
1669 838 1933 910 Χριστοῦ,
1982 835 2072 889 καὶ

428 913 676 988 ὀφείλετε
733 913 974 984 δέξασθαί
1040 937 1106 989 με
1190 916 1263 977 ὡς
1347 912 1706 991 πρεσϐύτερον
1785 915 2069 991 ἱερατεύειν

433 993 725 1066 μέλλοντα.
792 1000 993 1050 Τοῦτον
1052 997 1106 1049 οἱ
1163 991 1304 1071 ἅγιοι
1354 997 1585 1071 Πατέρες
1649 994 2073 1070 διαχωρίσαντες

429 1081 528 1143 τῆς
559 1074 791 1148 ἐρήμου,
823 1077 913 1129 καὶ
947 1075 1031 1129 ἐπὶ
1064 1075 1156 1129 τὸν
1190 1075 1502 1149 παχύτερον
1532 1077 1620 1130 καὶ
1669 1073 2072 1154 διαφορώτερον

427 1154 717 1230 ἀγαγόντες
782 1157 922 1230 βίον,
988 1156 1418 1231 ἀπεθεράπευσαν
1498 1164 1600 1226 τῆς
1680 1157 2070 1233 ὑπερηφανίας,

421 1237 512 1289 καὶ
563 1238 637 1298 εἰς
695 1242 893 1311 γνῶσιν
948 1236 1107 1292 αὐτὸν
1142 1239 1430 1314 ἀγαγόντες
1478 1241 1576 1306 τῆς
1635 1237 1838 1299 οἷ’κείας
1915 1241 2069 1292 ἀσθε-

431 1316 586 1384 νείας,
645 1315 846 1387 ἔδειξαν
895 1322 1086 1373 τοῦτον
1146 1321 1442 1392 παιχθέντα
1497 1321 1600 1375 ὑπὸ
1656 1325 1752 1374 τοῦ
1813 1318 2071 1392 δαίμονος

407 1403 524 1465 τῆσ
555 1397 947 1474 ὑπερηφανίας,
998 1400 1088 1452 καὶ
1134 1405 1252 1459 ταῖς
1303 1399 1475 1472 ἁγίαις
1528 1399 1707 1454 αὐτῶν
1761 1401 1954 1478 εὐχαῖς
1995 1401 2070 1462 εἷς

414 1477 515 1544 τήν
547 1476 780 1549 ἀρχαίαν
824 1477 946 1549 βίου
978 1477 1174 1550 ἀρετὴν
1212 1478 1673 1549 ἀποκατέστησαν.

1024 1580 1278 1634 ΚΕΦΑΛ.
1323 1579 1462 1652 Pg'.

989 1665 1118 1741 Περὶ
1187 1665 1492 1723 Ἐλπιδίου.

491 1761 630 1822 ’Ίδον
665 1762 840 1818 δὲκαὶ
881 1763 1066 1839 ἓτερον
1109 1762 1272 1838 ἄνδρα
1310 1766 1811 1839 ἀξιομνημόνευτον
1854 1767 1906 1820 ἐν
1948 1771 2063 1830 τοῖς

415 1848 551 1901 κατά
582 1845 799 1921 Ἰεριχὼ
834 1845 1151 1917 σπηλαίοις,
1183 1852 1292 1902 τῶν
1333 1850 1449 1903 κατ’
1481 1848 1655 1922 ἀρχὰς
1708 1853 1814 1902 τῶν
1863 1847 2068 1924 ’Δμορ-

415 1926 581 2002 ῥαίων
664 1927 991 2000 γεγονότων,
1072 1930 1207 2003 ἀπερ
1298 1928 1707 1998 λελαξεύκεισαν
1807 1928 2073 2004 φυγόντες

414 2007 572 2076 ἡνίκα
617 2007 720 2062 ὑπὸ
751 2008 934 2077 Ἰησοῦ
989 2012 1086 2062 τοῦ
1145 2013 1299 2078 Ναυῆ
1357 2010 1772 2083 ἐξεπορθοῦντο,
1811 2010 1947 2082 πρὸς
2003 2011 2065 2063 τὸ

413 2083 745 2164 ἐγκρυϐἧναι
783 2087 834 2140 ἐν
879 2087 1064 2148 αὐτοῖς
1108 2089 1296 2164 εἰς-τὸ
1345 2089 1470 2164 ὅρος
1528 2093 1625 2143 τοῦ
1678 2089 1883 2164 Λουκᾲ,
1943 2088 2066 2143 Ἐλ-

413 2155 596 2212 πίδίον
640 2155 915 2231 τοῦνομα,
967 2158 1332 2231 Καππαδόκην
1379 2155 1460 2231 τῷ
1506 2162 1667 2233 γένει,
1719 2159 1794 2220 είς
1843 2160 2062 2233 ὕστερον

411 2236 799 2313 πρεσϐυτερίου
843 2241 1144 2314 ἠξιωμένον
1195 2247 1290 2296 τοῦ
1350 2244 1716 2315 μοναστήριου
1765 2240 1933 2294 ἐκεῖσε
1983 2261 2067 2314 γε-

2185 584 2366 662 λαιον,
2400 593 2461 648 οὐ
2495 590 2764 661 κατῆλθεν
2791 589 2850 644 ἐκ
2879 594 2975 644 τοῦ
3009 584 3169 663 ὅρους
3204 589 3398 662 μέχρις
3447 585 3575 642 ὅτου
3636 588 3849 667 ἐτάφη.

2181 679 2356 729 Ταῦτα
2399 675 2466 728 τὰ
2513 674 2742 747 οὐράνια
2791 669 3169 746 ἐγχειρήματα
3215 672 3310 722 τοῦ
3365 668 3686 748 στεφανίτου
3747 671 3851 724 καὶ

2182 756 2456 825 ἀηττήτου
2515 753 2819 809 παλαιστοῦ
2877 748 3164 806 Ἐλπιδίου
3212 753 3308 804 τοῦ
3364 753 3451 802 νῦν
3524 750 3578 805 ἐν
3656 771 3854 826 παρα-

2184 834 2347 910 δείσῳ
2379 834 2740 908 διαιτωμένου
2775 833 2909 904 μετὰ
2937 835 3047 886 τῶν
3079 831 3244 885 αὐτοῦ
3277 828 3506 904 ὁμοίων.

2811 938 3067 988 ΚΕΦΔΛ.
3101 933 3228 989 ΡΘ’.

2764 1022 2893 1096 Περὶ
2953 1021 3248 1077 Σισιννίου.

2251 1123 2455 1180 Τούτου
2487 1128 2584 1180 τοῦ
2640 1123 2910 1178 ἀθανάτου
2958 1119 3245 1176 Ἐλπιδίου
3307 1121 3560 1192 μαθητὴς
3616 1121 3841 1196 γέγονεν

2182 1208 2449 1267 Σισίννιος
2499 1204 2746 1276 ὀνόματι,
2804 1203 2854 1275 ἐξ
2904 1203 3179 1270 οἰκετικῆς
3216 1201 3310 1274 μὲν
3362 1201 3692 1275 ὁρμώμενος
3741 1202 3843 1256 τύ-

2182 1309 2313 1365 χης,
2345 1285 2631 1361 ἐλεύθερος
2666 1285 2721 1339 δὲ
2761 1284 2897 1338 κατά
2942 1285 3042 1353 τήν
3092 1282 3294 1352 πίστιν,
3353 1286 3432 1353 τῷ
3487 1282 3625 1356 γένει
3678 1290 3846 1337 Καπ-

2179 1360 2444 1437 παδόκης,
2481 1373 2570 1422 Δεῖ
2600 1367 2701 1440 γὰρ
2736 1365 2923 1420 καὶτὰ
2973 1363 3098 1439 γένη
3151 1362 3434 1437 σημαίνειν
3495 1364 3630 1438 πρὸς
3672 1360 3836 1431 δόξαν

2176 1459 2273 1510 τοῦ
2306 1454 2728 1530 ἒξευγενίζοντος
2766 1455 2914 1525 ἡμᾶς
2974 1452 3230 1524 Χριστοῦ,
3281 1449 3372 1504 καὶ
3431 1448 3508 1510 εἷς
3557 1450 3660 1518 τὴν
3726 1471 3844 1521 μα-

2180 1536 2369 1610 καρίαν
2409 1537 2499 1589 καὶ
2559 1533 2830 1602 ἀληθινὴν
2886 1531 3193 1606 ἀπάγοντος
3250 1532 3398 1602 ἡμᾶς
3456 1530 3726 1605 εὐγένειαν
3762 1531 3839 1591 εἰς

2179 1617 2277 1685 τήν
2317 1619 2423 1669 τῶν
2491 1616 2731 1689 οὐρανῶν
2787 1611 3089 1687 βασιλείαν.
3147 1612 3424 1686 Χρονίσας
3469 1612 3642 1666 τοίνυν
3688 1613 3841 1687 παρά

2176 1700 2255 1767 τῷ
2289 1697 2538 1770 μακαρίῳ
2579 1691 2850 1765 Ἐλπιδίῳ
2897 1694 2924 1746 ὁ
2975 1689 3240 1766 διάπυρος
3290 1690 3522 1766 ἐραστὴς
3573 1696 3686 1770 τῶν
3733 1699 3838 1760 τῆς

2177 1767 2453 1846 ἀσκήσεως
2512 1775 2717 1850 ἀρετῶν
2778 1773 3044 1834 Σισίννιος
3102 1770 3260 1827 ἕκτον
3329 1773 3363 1841 ἢ
3421 1773 3512 1827 καὶ
3585 1767 3833 1845 ἕϐδομον

2179 1851 2317 1926 ἔτος,
2365 1857 2453 1911 καὶ
2503 1854 2903 1928 ἐκμεμαθηκὼς
2947 1857 3042 1908 τοῦ
3094 1850 3285 1927 ἀνδρὸς
3336 1854 3430 1914 τὰς
3478 1853 3697 1928 ἀρετὰς,
3743 1856 3835 1908 καὶ

2175 1938 2238 1991 τὸ
2271 1938 2526 2013 καρτερὸν
2568 1941 2676 1991 τῶν
2712 1938 2809 2003 τῆς
2870 1935 3150 2004 ἀσκήσεως
3207 1933 3405 2003 πόνων,
3466 1933 3545 1997 εἲς
3601 1935 3831 2005 ὕστερον

2178 2011 2349 2081 οὗτος
2395 2011 2638 2091 μνήματι
2709 2016 2898 2070 ἐαυτὸν
2974 2013 3324 2088 ἐγκαθεῖρξεν.
3378 2013 3500 2069 Ἐπὶ
3547 2015 3679 2088 τρία
3730 2011 3829 2085 ἐτη

2175 2099 2387 2159 σταθεὶς
2415 2098 2463 2151 ἐν
2515 2101 2592 2167 τῷ
2646 2097 2914 2168 μνήματι,
2963 2092 3014 2148 ἐν
3065 2099 3398 2168 προσευχαῖς
3460 2091 3829 2164 διετέλει,μή

2173 2177 2406 2248 νύκτωρ,
2460 2177 2535 2249 μὴ
2605 2177 2719 2248 μεθ’
2783 2174 3016 2248 ἡμέραν,
3066 2176 3141 2247 μή
3193 2175 3440 2245 καθίσας,
3491 2175 3566 2248 μή
3628 2174 3830 2228 ἀναπε-

2174 2258 2300 2329 σὼν,
2350 2259 2425 2330 μὴ
2483 2253 2704 2331 βαδίσας
2761 2250 2884 2328 ἔξω.
2943 2253 3121 2316 Οὗτος
3176 2255 3490 2325 κατηξιώθη
3553 2254 3835 2329 χαρίσμα-

405 2319 636 2391 νόμενον
673 2321 776 2375 ὑπὸ
825 2326 920 2376 τοῦ
973 2322 1398 2397 χωρεπισκόποῦ
1449 2320 1716 2394 Τιμοθέου
1763 2327 1865 2388 τῆς
1915 2327 2062 2374 Καπ-

408 2399 696 2470 παδοκίας,
730 2400 924 2476 ἀνδρὸς
953 2404 1313 2462 ἱκανωτάτου.
1357 2405 1529 2465 Οὗτος
1589 2402 1763 2458 ἐλθὼν
1791 2401 2064 2476 παρῴκη-

411 2505 496 2537 σεν
547 2482 598 2538 ἐν
662 2485 739 2538 ἐνὶ
787 2488 893 2538 τῶν
957 2484 1271 2554 σπηλαίων,
1323 2486 1380 2546 ὃς
1430 2485 1698 2554 τοσαύτην
1754 2483 2061 2558 ἐγκράτειαν

407 2565 686 2632 ἀσκήσεως
773 2561 1088 2634 ἐνεδείξατο,
1149 2567 1223 2627 ὡς
1308 2562 1548 2638 καλύψαι
1625 2563 1751 2624 τοὺς
1836 2563 2056 2625 πάντας.

2169 2360 2262 2401 τος
2293 2340 2429 2394 κατὰ
2461 2336 2761 2412 δαιμόνων.
2803 2338 2933 2393 Νυνὶ
2970 2334 3027 2391 δὲ
3077 2336 3384 2392 ἐπανελθὼν
3435 2336 3526 2393 ἐπὶ
3571 2339 3675 2406 τὴν
3728 2359 3832 2392 πα-

2169 2418 2326 2495 τρίδα
2373 2420 2581 2490 ἠξιώθη
2645 2415 3054 2493 πρεσϐυτερίου,
3115 2419 3420 2494 συναγαγὼν
3474 2416 3832 2492 ἀδελφότητα

2171 2497 2377 2574 ἀνδρῶν
2409 2519 2467 2554 τε
2495 2499 2903 2573 καὶγυναικῶν,
2946 2503 3015 2571 τῇ
3069 2499 3340 2572 μαρτυρίᾳ
3386 2505 3488 2567 τῆς
3538 2498 3827 2574 ἀπαθείας,

2170 2577 2260 2634 διὰ
2286 2588 2385 2650 τῆς
2417 2587 2620 2653 σεμνῆς
2666 2577 2968 2649 πολιτείας,
3001 2580 3090 2632 καὶ
3139 2581 3200 2633 τὸ
3260 2581 3452 2635 ἑαυτοῦ
3505 2576 3664 2655 ἅρῥεν
3718 2587 3826 2649 τῆς

403 2644 578 2711 Ζήσας
607 2643 708 2717 γὰρ
749 2641 916 2696 εἷ’κοσι
949 2646 1034 2697 καὶ
1070 2641 1228 2699 πέντε
1279 2643 1398 2715 ἔτη,
1428 2645 1495 2697 τὰ
1545 2640 1789 2698 σάϐϐατα
1831 2643 1920 2695 καὶ
1963 2643 2060 2703 τὰς

401 2724 670 2790 Κυριακὰς
723 2720 1094 2793 μετελάμδανε
1145 2723 1332 2794 μόνον.
1378 2727 1480 2784 Τὰς
1541 2721 1597 2776 δὲ
1644 2723 1840 2783 νύκτας
1885 2723 2056 2782 πάσας

397 2801 566 2862 ἑστὼς
607 2798 816 2874 ἔψαλλε
851 2819 866 2834 ο
913 2802 1153 2874 καθάπερ
1207 2800 1464 2876 βασιλεὺς
1511 2806 1616 2856 τῶν
1673 2799 1966 2873 μελισσῶν,
2002 2801 2052 2856 έν

404 2883 554 2953 μέσῳ
582 2884 680 2950 της
711 2879 1087 2957 ἀδελφότητος
1119 2882 1369 2952 οἰκήσας,
1415 2882 1477 2936 τὸ
1526 2879 1651 2956 ὄρος
1703 2879 1874 2935 ἐκεῖνο
1926 2881 2056 2936 ἐπό-

403 2959 760 3031 λισε,καίἧν
801 2959 932 3016 ἰδεῖν
992 2962 1104 3016 ἐκεῖ
1163 2961 1358 3017 λοιπὸν
1414 2968 1540 3036 παρ’
1598 2961 1805 3033 ἑκάστῳ
1863 2958 2054 3036 διαφό-

399 3063 526 3118 ρους
573 3049 671 3113 τῆς
709 3044 990 3112 ἀσκήσεως
1043 3042 1344 3104 πολιτείας.
1379 3043 1582 3098 Τοῦτόν
1637 3062 1769 3096 ποτε
1802 3044 1894 3095 τὸν
1929 3042 2052 3096 Ἐλ-

396 3123 577 3178 πίδιον
635 3125 725 3179 τὸν
784 3120 955 3186 ὅντως
1015 3123 1083 3197 τῇ
1143 3121 1328 3179 ἐλπίδι
1387 3122 1669 3198 χαίροντα,
1701 3123 1790 3177 καὶ
1843 3119 1929 3177 διὰ
1957 3123 2046 3177 τὸν

396 3206 628 3279 Χριστὸν
677 3209 745 3279 τῇ
810 3203 993 3279 θλίψει
1045 3206 1410 3277 ὑπομένοντα,
1453 3205 1731 3278 ψάλλοντα
1781 3203 1830 3258 ἐν
1873 3205 2048 3274 νυκτὶ,

393 3285 836 3359 συμψαλλόντων
887 3289 1046 3360 ἡμων
1088 3285 1257 3358 αὐτῷ,
1320 3288 1582 3358 σκορπίος
1654 3283 1886 3357 ἔπληξεν
1919 3303 1931 3315 ·

390 3369 638 3435 πατήσας
698 3366 880 3435 αὐτὸν,
937 3365 1060 3421 οὐδέ
1119 3367 1347 3439 μετέστη
1406 3373 1506 3435 τῆς
1579 3371 1676 3420 τοῦ
1760 3368 2048 3440 σχήματος

392 3447 658 3516 στάσεως,
716 3451 974 3500 τοσοῦτον
1028 3450 1096 3517 τῇ
1148 3447 1396 3519 ὑπομονῇ
1436 3447 1714 3520 ἀλογήσας
1765 3454 1865 3515 τῆς
1914 3448 2050 3501 κατᾶ

391 3522 483 3574 τὸν
546 3524 805 3595 σκορπίον
867 3522 1084 3592 ὅδύνης.
1134 3531 1274 3584 Μιᾶς
1335 3522 1391 3576 δὲ
1447 3525 1610 3578 πάλιν
1669 3531 1776 3579 τῶν
1825 3529 2046 3600 ἡμερῶν

397 3599 638 3678 ἀδελφοῦ
694 3622 845 3662 τινος
894 3603 1090 3674 κόμμα
1152 3605 1481 3676 κατέχοντος
1536 3604 1847 3675 κλήματος,
1885 3599 2047 3660 τοῦτο

396 3677 581 3737 λαϐὼν
640 3682 666 3735 ὁ
727 3682 992 3756 μακάριος
1052 3681 1102 3734 ἐν
1151 3686 1227 3753 τῷ
1273 3684 1536 3751 καθῆσθαι
1570 3685 1714 3757 παρά
1750 3687 1848 3753 τὴν
1879 3685 2049 3764 ὄχθαν

388 3765 487 3816 τοῦ
519 3757 699 3834 ὅρους,
739 3759 948 3839 ἔχωσεν
984 3763 1058 3824 ὡς
1116 3762 1379 3836 φυτεύων,
1414 3763 1605 3838 καίπερ
1660 3762 1712 3818 ἐν
1765 3764 1826 3818 οὐ
1875 3757 2048 3839 καιρῷ

391 3841 517 3906 θείς.
588 3839 859 3897 Τοσοῦτον
923 3839 979 3896 δὲ
1036 3843 1247 3913 πύξήθη
1311 3844 1398 3897 καὶ
1479 3843 1690 3919 γέγονεν
1776 3842 2045 3917 ἄμπελος,

391 3919 529 3977 ὥστε
560 3922 845 3992 σκεπάζειν
877 3929 1048 3978 πᾶσαν
1079 3925 1178 3993 τήν
1210 3923 1564 3993 Ἐκκλησίαν.

1003 4025 1089 4080 KE
1099 4027 1260 4078 ΦΑΛ.
1323 4025 1434 4080 ΡΖ’.

871 4112 994 4174 Βίος
1027 4113 1273 4167 Αἷνεσίου
1309 4116 1406 4167 τοῦ
1438 4107 1598 4168 ἀϐϐἆ.

462 4213 650 4285 Τούτῳ
689 4215 770 4282 τῷ
803 4210 941 4286 ἁγίῳ
973 4209 1188 4284 ἀθλητῇ
1220 4214 1316 4264 τοῦ
1362 4213 1601 4284 Χριστοῦ
1651 4210 2039 4282 συνετελειώθη

387 4295 477 4348 καὶ
509 4295 536 4347 ὁ
567 4290 819 4363 ἀοίδιμος
870 4289 1070 4352 δοῦλος
1126 4294 1224 4345 τοῦ
1279 4294 1416 4344 Θεοῦ
1473 4289 1740 4362 Αίνέσιος,
1773 4292 1905 4366 ἀνήρ
1959 4313 2042 4353 τις

388 4373 691 4440 ἀξιόλονος,
725 4372 816 4425 καὶ
847 4376 916 4445 τῇ
948 4371 1174 4441 ἀσκήσει
1205 4368 1530 4446 διαπρέψας.

997 4473 1256 4524 ΛΕΦΑΑ.
1309 4471 1430 4524 ΡΠ”

818 4557 950 4618 Αίος
984 4557 1287 4613 Εὐσταθίου
1317 4577 1412 4610 του
1445 4553 1609 4614 ἀϐϐἆ.

456 4660 553 4714 Καὶ
601 4657 904 4719 Εύστάθιος
955 4655 1187 4736 ἀδελφὸς
1226 4655 1421 4710 τούτου
1467 4658 1762 4732 ὁμότιμος,
1795 4659 2038 4722 καὶτοὺς

386 4741 587 4803 ἄθλους
635 4747 736 4810 τῆς
789 4739 924 4795 κατὰ
974 4738 1205 4813 Χριστὸν
1258 4735 1542 4801 πολιτείας
1602 4737 1858 4808 ἐξανύσας
1899 4760 2037 4815 προ-

390 4823 599 4893 θύμως.

464 4902 583 4955 Ἐπὶ
640 4905 896 4957 τοσοῦτον
946 4899 1003 4955 δὲ
1062 4902 1088 4954 ὁ
1160 4901 1424 4974 μακάριος
1496 4897 1780 4965 Ἐλπίδιος
1834 4902 2032 4970 ἤλασεν

386 4981 662 5053 ἀπαθείας,
721 4984 1046 5058 ταριχεύσας
1112 4983 1174 5036 τὸ
1237 4985 1421 5054 σῶμα,
1475 4985 1550 5045 ὡς
1598 4981 1727 5037 ὅλον
1763 4979 2032 5060 διαφαίνε-

385 5064 505 5117 σθαι
556 5063 722 5115 αὐτοῦ
777 5068 886 5117 τῶν
943 5064 1142 5117 ὀστέων
1194 5063 1255 5116 τὸ
1307 5069 1527 5139 πῆγμα.
1582 5063 1808 5137 Φέρεται
1858 5061 2032 5119 δὲκαὶ

381 5146 545 5198 τοῦτο
606 5139 827 5218 ἐντοῖς
888 5149 987 5211 τῆς
1047 5143 1241 5216 ἀρετῆς
1302 5143 1470 5197 αὐτοῦ
1503 5140 1840 5218 διηγήμασιν
1889 5145 2036 5218 παρά

381 5227 489 5279 τῶν
530 5217 839 5277 σπουδαίων
887 5221 1052 5275 αὐτοῦ
1096 5224 1377 5294 μαθητῶν,
1437 5224 1519 5277 ὅτι
1575 5223 1624 5277 ἐν
1674 5222 1829 5284 ὅλοις
1861 5217 2032 5278 εἷ’κοσι

382 5305 540 5359 πέντε
593 5300 762 5356 ἔτεσιν
823 5297 1082 5353 οὐδέποτε
1147 5301 1234 5356 ἐπὶ
1297 5299 1443 5356 δύσιν
1479 5301 1742 5379 ἐστράφη,
1775 5303 2033 5379 καίτοιγε

383 5389 480 5441 τοῦ
512 5383 788 5452 σπηλαίου
813 5385 911 5446 τῆς
939 5380 1100 5454 θύρας
1134 5380 1208 5443 είς
1252 5382 1313 5435 τὸ
1375 5384 1508 5456 ὕψος
1548 5388 1645 5438 τοῦ
1705 5380 1865 5459 ὅρους
1916 5383 2032 5438 ἐπιο

383 5464 664 5536 κειμένης,
699 5460 822 5518 οὐδὲ
886 5461 1002 5534 μετ’
1052 5460 1308 5532 ἐξαωρίαν
1357 5463 1448 5516 τὸν
1503 5462 1663 5531 ἥλιον
1717 5464 1846 5540 ὑπὲρ
1878 5485 2034 5541 κεφα-

384 5541 489 5612 λῆς
517 5544 711 5598 τούτου
740 5543 1028 5619 γενόμενον
1066 5537 1170 5593 ἴδεν
1213 5541 1343 5594 ποτε
1383 5541 1520 5595 κατὰ
1561 5541 1706 5597 δύσιν
1754 5537 2032 5618 κλίναντα,

384 5620 510 5678 οὐδὲ
542 5624 667 5685 τοὺς
723 5625 859 5680 κατὰ
915 5621 1120 5696 δυσμὰς
1179 5619 1574 5686 ἀνατέλλοντας
1629 5625 1849 5699 ἀστέρας
1902 5625 2034 5680 ποτὲ

385 5702 639 5764 ἐθεάσατο
697 5703 749 5759 ἐν
806 5709 924 5769 τοῖς
968 5703 1298 5760 εἰκοσιπέντε
1341 5700 1532 5765 ἔτεσιν.
1565 5710 1740 5770 Ουτος
1799 5707 1826 5760 ὁ
1869 5705 2034 5783 μέγας

1994 3267 2132 3346 sec

2167 2658 2456 2733 ἐπιθυμίας
2513 2659 2728 2728 ἐλάσας,
2787 2658 2877 2714 καὶ
2936 2659 2998 2714 τὸ
3049 2663 3158 2714 τῶν
3219 2665 3484 2735 γυναικῶν
3543 2661 3685 2728 θῆλυ
3745 2666 3820 2734 τῇ

2166 2740 2445 2818 ἐγκρατείᾳ
2518 2743 2792 2818 φιμώσας,
2854 2742 2927 2802 ὡς
2987 2742 3332 2816 πληροῦσθαι
3387 2743 3446 2797 τὸ
3499 2742 3822 2818 γεγραμμέ-

2165 2843 2255 2876 νον
2292 2838 2306 2852 ⁸
2365 2823 2417 2876 ἐν
2475 2827 2696 2896 Φριστῷ
2762 2823 2944 2892 Ἰησοῦ
3003 2824 3101 2876 ούκ
3149 2818 3290 2878 ἔστιν
3323 2819 3473 2897 ἄρσεν
3522 2822 3611 2876 καὶ
3642 2819 3815 2890 θῆλυ.

2163 2902 2346 2956 Ἔστιν
2379 2899 2434 2956 δέ
2465 2901 2556 2955 καὶ
2607 2899 2888 2977 φιλόξενος
2948 2902 3066 2955 καθ’
3127 2897 3463 2977 ὑπερϐολήν,
3491 2900 3683 2977 καίπερ
3743 2899 3819 2955 ὣν

2162 2981 2450 3055 ἀκτήμων,
2475 2982 2551 3044 εἷς
2581 2978 2809 3055 ἔλεγχον
2841 2985 2944 3035 τῶν
2979 2979 3330 3054 ἀμεταδότων
3375 2981 3673 3041 πλουσίων.

2795 3075 3053 3126 ΚΕΦΑΛ.
3105 3073 3206 3129 ΡΥ.

2766 3162 2898 3235 Περὶ
2941 3158 3206 3218 Γαδδανᾶ.

2232 3254 2435 3327 Ἕγνων
2513 3249 2618 3326 ἐγὼ
2675 3251 2905 3326 γέροντά
2970 3272 3092 3306 τινα
3150 3250 3513 3307 Παλαιστῖνον
3571 3249 3814 3306 rasam

2161 3333 2394 3406 ἀνόματι
2426 3352 2438 3366 ·
2475 3333 2534 3393 ὃς
2565 3332 2656 3386 τὸν
2683 3331 2909 3406 ἅστεγον
2959 3327 3119 3401 ἔζησε
3171 3332 3287 3406 βίον
3335 3333 3427 3387 τὸν
3481 3332 3658 3388 πάντα
3715 3339 3815 3401 τῆς

2165 3419 2308 3482 ζωῆς
2340 3413 2509 3468 αὑτοῦ
2531 3413 2756 3487 χρόνον,
2781 3414 2855 3473 εἱς
2878 3412 3006 3476 τοὺς
3026 3412 3147 3486 περὶ
3169 3414 3260 3468 τὸν
3286 3410 3568 3486 Ἰορδάνην
3590 3413 3812 3476 τόπους.

2159 3495 2350 3566 Τούτῳ
2373 3494 2505 3548 ποτε
2533 3497 2613 3564 τῷ
2648 3493 2898 3566 μακαρίῳ
2922 3492 3158 3566 ἐρημίτῃ
3185 3490 3446 3550 Ἰουδαῖοι
3478 3496 3616 3548 κατά
3641 3493 3814 3562 ζῆλον

2161 3573 2471 3646 ἐπιθέμενοι
2503 3573 2554 3627 ἐν
2597 3578 2715 3635 τοῖς
2745 3574 2867 3646 περὶ
2903 3574 3000 3641 τήν
3032 3575 3238 3647 Νεκρᾶν
3281 3573 3551 3628 θάλασσαν
3591 3574 3816 3636 τόποις.

2160 3654 2312 3730 ξίφος
2342 3655 2726 3727 γυμνώσαντες
2756 3655 2871 3708 κατ’
2903 3653 3067 3710 αὑτοῦ
3097 3653 3338 3718 ἐπῆλθον
3383 3656 3552 3726 αὐτῷ.
3598 3651 3815 3726 Συνέϐη

2161 3735 2217 3792 δέ
2240 3738 2417 3809 θαῦμα
2439 3741 2696 3791 τοιοῦτον
2720 3738 2989 3811 γενέσθαι.
3021 3737 3200 3813 Ἐντῷ
3221 3736 3284 3790 τὸ
3305 3737 3455 3813 ξίφος
3480 3736 3694 3811 ἐπᾶραι,
3718 3737 3813 3791 καὶ

2161 3815 2506 3891 βουληθῆναι
2541 3822 2738 3871 σπᾶσαι
2775 3818 2907 3872 κατὰ
2937 3819 3033 3871 τοῦ
3055 3812 3301 3870 Γαδδανᾶ
3318 3812 3412 3872 τόν
3432 3816 3682 3890 ὄλεθρον,
3708 3815 3817 3870 ἄπ-

2159 3899 2420 3972 εξηράνθη
2451 3901 2484 3965 ἡ
2507 3899 2633 3974 χεὶρ
2653 3901 2749 3951 τοῦ
2771 3899 2831 3951 τὸ
2856 3897 3004 3971 ξίφος
3025 3898 3363 3970 κατέχοντος
3386 3916 3400 3929 ’
3424 3899 3692 3952 καὶτοῦτο
3716 3896 3811 3951 ἀπ’

2155 3965 2320 4032 αὐτοῦ
2343 3965 2687 4047 ἀναισθήτως
2708 3979 3014 4032 κατέπεσεν.
3039 3977 3185 4047 Αὕτη
3219 3981 3252 4048 ἡ
3286 3981 3432 4052 παρά
3478 3983 3612 4033 Θεοῦ
3665 3978 3814 4052 βοή-

2155 4059 2270 4112 θεια
2301 4059 2600 4132 σύμμαχος
2631 4056 2853 4134 γέγονεν
2885 4061 2980 4112 τοῦ
3030 4058 3187 4131 ἁγίου
3233 4055 3498 4125 Γαδδανᾶ,
3530 4059 3620 4112 καὶ
3671 4057 3807 4129 αὕτη

2155 4140 2189 4206 ἡ
2224 4139 2386 4211 ἀρετὴ
2427 4143 2527 4192 τοῦ
2564 4139 2836 4211 μακαρίου
2865 4135 3058 4212 ἀνδρὸς
3085 4135 3191 4202 ἕως
3218 4134 3321 4209 ἕξω
3357 4142 3454 4194 τοῦ
3486 4137 3632 4212 βίου.

2741 4239 3000 4294 ΚΕΦΑΛ.
3061 4240 3216 4295 ΡΙΑ’.

2797 4330 2924 4404 Περῖ
2977 4328 3160 4386 Ἠλία.

2224 4423 2417 4485 Ἠλίας
2475 4423 2641 4480 πάλιν
2691 4425 2918 4498 ὀνόματι
2971 4427 3219 4499 μονάζων
3265 4422 3707 4496 εὐδοκιμώτατος
3748 4425 3803 4479 ἐν

2147 4509 2264 4566 τοῖς
2296 4504 2483 4566 αὐτοῖς
2524 4506 2715 4567 τόποις
2765 4503 2818 4559 ἒν
2870 4504 3130 4578 σπηλαίῳ
3177 4505 3418 4574 κατῴκει,
3452 4502 3802 4574 σεμνοτάτου

2147 4586 2235 4639 καὶ
2297 4582 2563 4658 ἐνθέσμου
2627 4586 2749 4658 βίου
2813 4587 3102 4661 ὑπάρχων,
3139 4588 3200 4656 τῇ
3257 4580 3528 4656 ἐγκρατείᾳ
3574 4580 3666 4634 καὶ
3718 4585 3798 4655 τῇ

2149 4664 2289 4739 εὐχῇ
2317 4671 2695 4740 προσανεῖχεν,
2729 4664 3083 4741 φιλοφρόνως
3113 4663 3302 4724 πάντας
3333 4661 3805 4741 ξενοδοχῶντοὺς

2145 4739 2638 4820 παραγινομένους.
2696 4751 2838 4810 Μιᾶς
2884 4739 2987 4802 ίάῦν
3058 4752 3162 4802 τῶν
3233 4747 3455 4818 ἡμερῶν
3543 4739 3796 4820 ἀδελφῶν

2146 4819 2313 4896 αὐτῷ
2346 4825 2769 4896 ἐπεληλυθότων
2824 4826 3094 4882 πλειόνων
3145 4827 3233 4898 (ἦν
3275 4826 3378 4901 γὰρ
3435 4819 3681 4896 πάροδος
3729 4819 3795 4874 δι’

2147 4904 2332 4975 αὑτοῦ)
2386 4905 2608 4983 ἐλείφθη
2671 4907 2846 4982 ἄρτων
2910 4927 2922 4940 ·
2996 4908 3086 4962 καὶ
3157 4904 3524 4979 διομνύμενος
3596 4901 3798 4983 ἔπεισεν

2146 4986 2313 5058 ἡμᾶς,
2366 4983 2449 5039 δτι
2501 4982 2634 5062 Πάρ²
2699 4986 2888 5060 ὀλίγον
2929 4985 3318 5059 ἐλιποθύμησα
3367 4983 3454 5038 ἐπὶ
3494 4988 3562 5057 τῇ
3613 4982 3802 5035 σπάνει

2145 5070 2252 5119 τῶν
2284 5067 2520 5144 τροφῶν.
2554 5067 2830 5124 Εἰσελθὼν
2857 5067 2951 5122 οὖν
2995 5067 3046 5122 ἐν
3075 5072 3154 5138 τῷ
3197 5065 3411 5139 κελλίῳ
3459 5066 3593 5121 πάνυ
3642 5063 3806 5138 περίι-

2146 5145 2319 5208 λυπος
2350 5146 2412 5200 τὸ
2461 5151 2578 5209 πῶς
2629 5147 2703 5210 εἷς
2741 5148 2868 5211 τοὺς
2911 5147 3390 5224 παραγενομένους
3442 5145 3576 5221 πρός
3627 5164 3695 5217 με
3738 5144 3801 5198 τὸ

2145 5232 2245 5295 τῆς
2276 5227 2490 5332 ἠγάπης
2523 5231 2718 5304 μέτρον
2753 5227 3176 5303 ἀποπληρώσω,
3210 5228 3366 5332 εὗρον
3395 5231 3570 5302 τρεῖςς
3603 5224 3806 5298 ἄρτους

2151 5307 2283 5332 ..--..[
2333 5309 2629 5332 -.__,_,_-,,‘
2664 5329 2674 5332 -
2708 5331 2757 5332 ,,,
2845 5311 2855 5332 ἶ
2908 5331 2913 5332 ,
2976 5330 2986 5332 μ
3050 5307 3136 5332 -ῗ¹-
3185 5309 3370 5332 Ἷηανῖγ.
3406 5306 3615 5332 --μί--.η
3668 5323 3778 5332 -..Α

2150 5304 2421 5379 μεγάλους
2451 5309 2676 5383 νεαροὺς
2706 5311 3006 5382 κειμένους,
3043 5307 3137 5370 οὕς
3185 5304 3371 5364 λαϐὼν
3406 5306 3615 5381 χαίρων
3667 5323 3807 5379 παρ-

2147 5386 2331 5456 έθηκα.
2368 5389 2465 5442 Καὶ
2499 5389 2781 5466 φαγόντων
2834 5389 2908 5451 εἷς
2967 5388 3130 5464 κόρον
3183 5389 3357 5443 εἴκοσι
3413 5385 3621 5459 ἀνδρῶν
3681 5383 3810 5438 ἐπε-

2147 5466 2416 5541 ρίσσευσεν
2460 5470 2486 5523 ὁ
2511 5463 2597 5532 ἐἷς
2626 5469 2808 5546 ἄρτος.
2845 5477 3012 5544 ’Ἄρας
3040 5463 3138 5523 οὖν
3188 5473 3379 5525 τοῦτον
3410 5466 3516 5540 ἐγὼ
3548 5463 3770 5538 ἐχρησά
3793 5482 3806 5495 ”

2147 5569 2254 5621 μην
2288 5547 2374 5603 ἐπὶ
2407 5552 2614 5624 ἡμέρας
2646 5551 2818 5608 εἴκοσι
2852 5554 3030 5610 πέντε.
3062 5551 3210 5621 Αὕτη
3252 5554 3287 5620 ἡ
3325 5551 3484 5624 χάρις
3533 5546 3673 5620 μετά
3712 5550 3808 5600 τοῦ

2144 5629 2429 5705 φιλοξένου
2445 5635 2660 5708 γέγονεν
2681 5633 2864 5703 Ἠλία,
2886 5634 2948 5690 οὗ
2969 5635 3021 5688 αἱ
3048 5628 3285 5707 ἀμοιϐαὶ
3316 5635 3422 5684 τῶν
3453 5628 3641 5683 πόνων
3661 5626 3807 5702 παρὰ

2141 5715 2220 5784 τῷ
2250 5710 2622 5794 φιλανθρώπῳ
2653 5716 2897 5792 Δεσπότῃ
2942 5712 3390 5792 εὐτρεπιζόμεναι
3433 5711 3806 5785 ὑπαρχουσιν.
