  <div class='ocr_page' id='page_1' title='image "/cluster/home/n/w/nwhite01/storage/ocr_20150623/34/mdp.39015041165401/674.png"; bbox 0 0 4074 6278; ppageno 0'>
   <div class='ocr_carea' id='block_1_1' title="bbox 238 379 393 443">
    <p class='ocr_par' dir='ltr' id='par_1_1' title="bbox 238 379 393 443">
     <span class='ocr_line' id='line_1_1' title="bbox 238 379 393 443; baseline 0.019 -6"><span class='ocrx_word' id='word_1_1' title='bbox 238 379 393 443; x_wconf 71' lang='grc'><strong>1213</strong></span> 
     </span>
    </p>
   </div>
   <div class='ocr_carea' id='block_1_2' title="bbox 232 602 1951 673">
    <p class='ocr_par' dir='ltr' id='par_1_2' title="bbox 232 602 1951 673">
     <span class='ocr_line' id='line_1_2' title="bbox 232 602 1951 673; baseline 0.001 -16"><span class='ocrx_word' id='word_1_2' title='bbox 232 603 588 657; x_wconf 89' lang='lat' dir='ltr'>deducentes</span> <span class='ocrx_word' id='word_1_3' title='bbox 617 619 750 657; x_wconf 89' lang='lat' dir='ltr'>eum</span> <span class='ocrx_word' id='word_1_4' title='bbox 788 602 859 656; x_wconf 88' lang='lat' dir='ltr'>ad</span> <span class='ocrx_word' id='word_1_5' title='bbox 904 602 1293 670; x_wconf 81' lang='lat' dir='ltr'>cognitionem</span> <span class='ocrx_word' id='word_1_6' title='bbox 1357 618 1473 656; x_wconf 86' lang='lat' dir='ltr'>suae</span> <span class='ocrx_word' id='word_1_7' title='bbox 1514 603 1951 673; x_wconf 73' lang='lat' dir='ltr'>imbecillitatis,</span> 
     </span>
    </p>
   </div>
   <div class='ocr_carea' id='block_1_3' title="bbox 232 691 1953 761">
    <p class='ocr_par' dir='ltr' id='par_1_3' title="bbox 232 691 1953 761">
     <span class='ocr_line' id='line_1_3' title="bbox 232 691 1953 761; baseline 0.003 -16"><span class='ocrx_word' id='word_1_8' title='bbox 232 691 472 748; x_wconf 84' lang='lat' dir='ltr'>illusum</span> <span class='ocrx_word' id='word_1_9' title='bbox 505 711 535 748; x_wconf 90' lang='lat' dir='ltr'>a</span> <span class='ocrx_word' id='word_1_10' title='bbox 576 695 837 747; x_wconf 65' lang='lat' dir='ltr'>daemone</span> <span class='ocrx_word' id='word_1_11' title='bbox 869 691 1174 761; x_wconf 65' lang='lat' dir='ltr'>superbiae,</span> <span class='ocrx_word' id='word_1_12' title='bbox 1199 698 1250 745; x_wconf 89' lang='lat' dir='ltr'>et</span> <span class='ocrx_word' id='word_1_13' title='bbox 1282 692 1499 746; x_wconf 89' lang='lat' dir='ltr'>sanctis</span> <span class='ocrx_word' id='word_1_14' title='bbox 1531 695 1798 760; x_wconf 82' lang='lat' dir='ltr'>precibus</span> <span class='ocrx_word' id='word_1_15' title='bbox 1830 696 1953 751; x_wconf 84' lang='lat' dir='ltr'>suis</span> 
     </span>
    </p>
   </div>
   <div class='ocr_carea' id='block_1_4' title="bbox 232 781 1627 853">
    <p class='ocr_par' dir='ltr' id='par_1_4' title="bbox 232 781 1627 853">
     <span class='ocr_line' id='line_1_4' title="bbox 232 781 1627 853; baseline -0.001 -17"><span class='ocrx_word' id='word_1_16' title='bbox 232 782 291 836; x_wconf 92' lang='lat' dir='ltr'>in</span> <span class='ocrx_word' id='word_1_17' title='bbox 322 782 631 853; x_wconf 83' lang='lat' dir='ltr'>pristinam</span> <span class='ocrx_word' id='word_1_18' title='bbox 662 783 793 836; x_wconf 68' lang='lat' dir='ltr'>vitae</span> <span class='ocrx_word' id='word_1_19' title='bbox 826 781 1195 836; x_wconf 78' lang='lat' dir='ltr'>sanctitatem</span> <span class='ocrx_word' id='word_1_20' title='bbox 1230 781 1627 837; x_wconf 87' lang='lat' dir='ltr'>restituerunt.</span> 
     </span>
    </p>
   </div>
   <div class='ocr_carea' id='block_1_5' title="bbox 890 890 1300 946">
    <p class='ocr_par' dir='ltr' id='par_1_5' title="bbox 890 890 1300 946">
     <span class='ocr_line' id='line_1_5' title="bbox 890 890 1300 946; baseline 0.002 -1"><span class='ocrx_word' id='word_1_21' title='bbox 890 890 1123 945; x_wconf 82' lang='lat' dir='ltr'>CAPUT</span> <span class='ocrx_word' id='word_1_22' title='bbox 1163 890 1300 946; x_wconf 87' lang='lat' dir='ltr'>CVI.</span> 
     </span>
    </p>
   </div>
   <div class='ocr_carea' id='block_1_6' title="bbox 782 998 1403 1068">
    <p class='ocr_par' dir='ltr' id='par_1_6' title="bbox 782 998 1403 1068">
     <span class='ocr_line' id='line_1_6' title="bbox 782 998 1403 1068; baseline 0.003 -16"><span class='ocrx_word' id='word_1_23' title='bbox 782 998 899 1054; x_wconf 91' lang='lat' dir='ltr'>Vita</span> <span class='ocrx_word' id='word_1_24' title='bbox 928 999 1140 1053; x_wconf 81' lang='lat' dir='ltr'>abbatis</span> <span class='ocrx_word' id='word_1_25' title='bbox 1171 998 1403 1068; x_wconf 83' lang='lat' dir='ltr'>Elpidii.</span> 
     </span>
    </p>
   </div>
   <div class='ocr_carea' id='block_1_7' title="bbox 303 1106 1947 1178">
    <p class='ocr_par' dir='ltr' id='par_1_7' title="bbox 303 1106 1947 1178">
     <span class='ocr_line' id='line_1_7' title="bbox 303 1106 1947 1178; baseline 0.002 -15"><span class='ocrx_word' id='word_1_26' title='bbox 303 1109 367 1163; x_wconf 93' lang='lat' dir='ltr'>In</span> <span class='ocrx_word' id='word_1_27' title='bbox 400 1108 863 1163; x_wconf 78' lang='lat' dir='ltr'>Amorrhaeorum</span> <span class='ocrx_word' id='word_1_28' title='bbox 899 1106 1192 1178; x_wconf 85' lang='lat' dir='ltr'>speluncis</span> <span class='ocrx_word' id='word_1_29' title='bbox 1225 1124 1350 1177; x_wconf 69' lang='lat' dir='ltr'>qum</span> <span class='ocrx_word' id='word_1_30' title='bbox 1392 1110 1531 1161; x_wconf 88' lang='lat' dir='ltr'>sunt</span> <span class='ocrx_word' id='word_1_31' title='bbox 1588 1107 1648 1162; x_wconf 90' lang='lat' dir='ltr'>in</span> <span class='ocrx_word' id='word_1_32' title='bbox 1701 1107 1947 1167; x_wconf 72' lang='lat' dir='ltr'>Iericho.</span> 
     </span>
    </p>
   </div>
   <div class='ocr_carea' id='block_1_8' title="bbox 236 1196 1951 1267">
    <p class='ocr_par' dir='ltr' id='par_1_8' title="bbox 236 1196 1951 1267">
     <span class='ocr_line' id='line_1_8' title="bbox 236 1196 1951 1267; baseline 0 -16"><span class='ocrx_word' id='word_1_33' title='bbox 236 1213 384 1267; x_wconf 89' lang='lat' dir='ltr'>quas</span> <span class='ocrx_word' id='word_1_34' title='bbox 410 1197 550 1253; x_wconf 90' lang='lat' dir='ltr'>olim</span> <span class='ocrx_word' id='word_1_35' title='bbox 584 1201 1027 1252; x_wconf 84' lang='lat' dir='ltr'>construxerant</span> <span class='ocrx_word' id='word_1_36' title='bbox 1079 1196 1365 1267; x_wconf 91' lang='lat' dir='ltr'>fugientes</span> <span class='ocrx_word' id='word_1_37' title='bbox 1403 1196 1607 1251; x_wconf 89' lang='lat' dir='ltr'>Jesum</span> <span class='ocrx_word' id='word_1_38' title='bbox 1652 1198 1818 1262; x_wconf 85' lang='lat' dir='ltr'>Nave,</span> <span class='ocrx_word' id='word_1_39' title='bbox 1846 1198 1951 1266; x_wconf 92' lang='lat' dir='ltr'>qui</span> 
     </span>
    </p>
   </div>
   <div class='ocr_carea' id='block_1_9' title="bbox 234 1285 1949 1358">
    <p class='ocr_par' dir='ltr' id='par_1_9' title="bbox 234 1285 1949 1358">
     <span class='ocr_line' id='line_1_9' title="bbox 234 1285 1949 1358; baseline 0.001 -18"><span class='ocrx_word' id='word_1_40' title='bbox 234 1291 375 1342; x_wconf 90' lang='lat' dir='ltr'>tunc</span> <span class='ocrx_word' id='word_1_41' title='bbox 408 1286 794 1358; x_wconf 82' lang='lat' dir='ltr'>populabatur</span> <span class='ocrx_word' id='word_1_42' title='bbox 850 1285 1223 1356; x_wconf 85' lang='lat' dir='ltr'>alienigenas,</span> <span class='ocrx_word' id='word_1_43' title='bbox 1274 1286 1331 1339; x_wconf 90' lang='lat' dir='ltr'>in</span> <span class='ocrx_word' id='word_1_44' title='bbox 1385 1290 1580 1340; x_wconf 88' lang='lat' dir='ltr'>monte</span> <span class='ocrx_word' id='word_1_45' title='bbox 1631 1290 1784 1340; x_wconf 82' lang='lat' dir='ltr'>Luca</span> <span class='ocrx_word' id='word_1_46' title='bbox 1843 1286 1949 1341; x_wconf 89' lang='lat' dir='ltr'>fuit</span> 
     </span>
    </p>
   </div>
   <div class='ocr_carea' id='block_1_10' title="bbox 234 1375 1944 1447">
    <p class='ocr_par' dir='ltr' id='par_1_10' title="bbox 234 1375 1944 1447">
     <span class='ocr_line' id='line_1_10' title="bbox 234 1375 1944 1447; baseline -0.001 -17"><span class='ocrx_word' id='word_1_47' title='bbox 234 1376 472 1446; x_wconf 89' lang='lat' dir='ltr'>quidam</span> <span class='ocrx_word' id='word_1_48' title='bbox 519 1375 799 1447; x_wconf 91' lang='lat' dir='ltr'>Elpidius,</span> <span class='ocrx_word' id='word_1_49' title='bbox 823 1375 1131 1445; x_wconf 80' lang='lat' dir='ltr'>Cappadox</span> <span class='ocrx_word' id='word_1_50' title='bbox 1187 1391 1420 1446; x_wconf 80' lang='lat' dir='ltr'>genere,</span> <span class='ocrx_word' id='word_1_51' title='bbox 1492 1379 1690 1444; x_wconf 86' lang='lat' dir='ltr'>postea</span> <span class='ocrx_word' id='word_1_52' title='bbox 1752 1379 1944 1429; x_wconf 84' lang='lat' dir='ltr'>autem</span> 
     </span>
    </p>
   </div>
   <div class='ocr_carea' id='block_1_11' title="bbox 223 1464 1947 1537">
    <p class='ocr_par' dir='ltr' id='par_1_11' title="bbox 223 1464 1947 1537">
     <span class='ocr_line' id='line_1_11' title="bbox 223 1464 1947 1537; baseline -0.001 -17"><span class='ocrx_word' id='word_1_53' title='bbox 223 1465 498 1536; x_wconf 85' lang='lat' dir='ltr'>dignatus</span> <span class='ocrx_word' id='word_1_54' title='bbox 533 1465 929 1537; x_wconf 82' lang='lat' dir='ltr'>presbyteratu</span> <span class='ocrx_word' id='word_1_55' title='bbox 974 1464 1311 1520; x_wconf 78' lang='lat' dir='ltr'>monasterii</span> <span class='ocrx_word' id='word_1_56' title='bbox 1341 1466 1495 1535; x_wconf 91' lang='lat' dir='ltr'>quod</span> <span class='ocrx_word' id='word_1_57' title='bbox 1556 1464 1675 1519; x_wconf 92' lang='lat' dir='ltr'>illic</span> <span class='ocrx_word' id='word_1_58' title='bbox 1727 1468 1833 1531; x_wconf 89' lang='lat' dir='ltr'>est,</span> <span class='ocrx_word' id='word_1_59' title='bbox 1870 1464 1947 1518; x_wconf 86' lang='lat' dir='ltr'>fa-</span> 
     </span>
    </p>
   </div>
   <div class='ocr_carea' id='block_1_12' title="bbox 229 1553 1944 1624">
    <p class='ocr_par' dir='ltr' id='par_1_12' title="bbox 229 1553 1944 1624">
     <span class='ocr_line' id='line_1_12' title="bbox 229 1553 1944 1624; baseline -0.001 -16"><span class='ocrx_word' id='word_1_60' title='bbox 229 1559 358 1609; x_wconf 89' lang='lat' dir='ltr'>ctus</span> <span class='ocrx_word' id='word_1_61' title='bbox 389 1572 421 1608; x_wconf 87' lang='lat' dir='ltr'>a</span> <span class='ocrx_word' id='word_1_62' title='bbox 453 1554 756 1609; x_wconf 84' lang='lat' dir='ltr'>Timotheo</span> <span class='ocrx_word' id='word_1_63' title='bbox 789 1554 1197 1624; x_wconf 89' lang='lat' dir='ltr'>chorepiscopo</span> <span class='ocrx_word' id='word_1_64' title='bbox 1239 1554 1633 1624; x_wconf 68' lang='lat' dir='ltr'>Cappadociae,</span> <span class='ocrx_word' id='word_1_65' title='bbox 1666 1553 1785 1609; x_wconf 91' lang='lat' dir='ltr'>viro</span> <span class='ocrx_word' id='word_1_66' title='bbox 1822 1554 1944 1609; x_wconf 88' lang='lat' dir='ltr'>suf-</span> 
     </span>
    </p>
   </div>
   <div class='ocr_carea' id='block_1_13' title="bbox 224 1643 1948 1713">
    <p class='ocr_par' dir='ltr' id='par_1_13' title="bbox 224 1643 1948 1713">
     <span class='ocr_line' id='line_1_13' title="bbox 224 1643 1948 1713; baseline -0.001 -14"><span class='ocrx_word' id='word_1_67' title='bbox 224 1643 647 1699; x_wconf 81' lang='lat' dir='ltr'>ﬁcientissimo.</span> <span class='ocrx_word' id='word_1_68' title='bbox 684 1648 736 1697; x_wconf 85' lang='lat' dir='ltr'>ts</span> <span class='ocrx_word' id='word_1_69' title='bbox 781 1644 1064 1699; x_wconf 86' lang='lat' dir='ltr'>habitavit</span> <span class='ocrx_word' id='word_1_70' title='bbox 1111 1644 1168 1697; x_wconf 91' lang='lat' dir='ltr'>in</span> <span class='ocrx_word' id='word_1_71' title='bbox 1221 1644 1471 1713; x_wconf 88' lang='lat' dir='ltr'>quadam</span> <span class='ocrx_word' id='word_1_72' title='bbox 1534 1643 1831 1713; x_wconf 87' lang='lat' dir='ltr'>spelunca,</span> <span class='ocrx_word' id='word_1_73' title='bbox 1890 1647 1948 1698; x_wconf 90' lang='lat' dir='ltr'>et</span> 
     </span>
    </p>
   </div>
   <div class='ocr_carea' id='block_1_14' title="bbox 232 1735 1947 1801">
    <p class='ocr_par' dir='ltr' id='par_1_14' title="bbox 232 1735 1947 1801">
     <span class='ocr_line' id='line_1_14' title="bbox 232 1735 1947 1801; baseline -0.001 -10"><span class='ocrx_word' id='word_1_74' title='bbox 232 1740 452 1792; x_wconf 87' lang='lat' dir='ltr'>tantam</span> <span class='ocrx_word' id='word_1_75' title='bbox 511 1735 569 1790; x_wconf 92' lang='lat' dir='ltr'>in</span> <span class='ocrx_word' id='word_1_76' title='bbox 630 1736 1044 1792; x_wconf 84' lang='lat' dir='ltr'>exercitatione</span> <span class='ocrx_word' id='word_1_77' title='bbox 1093 1735 1349 1791; x_wconf 84' lang='lat' dir='ltr'>ostendit</span> <span class='ocrx_word' id='word_1_78' title='bbox 1408 1735 1847 1801; x_wconf 90' lang='lat' dir='ltr'>continentiam,</span> <span class='ocrx_word' id='word_1_79' title='bbox 1883 1740 1947 1790; x_wconf 88' lang='lat' dir='ltr'>ut</span> 
     </span>
    </p>
   </div>
   <div class='ocr_carea' id='block_1_15' title="bbox 224 1826 1942 1897">
    <p class='ocr_par' dir='ltr' id='par_1_15' title="bbox 224 1826 1942 1897">
     <span class='ocr_line' id='line_1_15' title="bbox 224 1826 1942 1897; baseline -0.001 -15"><span class='ocrx_word' id='word_1_80' title='bbox 224 1843 427 1882; x_wconf 89' lang='lat' dir='ltr'>omnes</span> <span class='ocrx_word' id='word_1_81' title='bbox 459 1828 822 1882; x_wconf 88' lang='lat' dir='ltr'>obscuraret.</span> <span class='ocrx_word' id='word_1_82' title='bbox 854 1826 1011 1880; x_wconf 86' lang='lat' dir='ltr'>Vixit</span> <span class='ocrx_word' id='word_1_83' title='bbox 1042 1827 1195 1881; x_wconf 89' lang='lat' dir='ltr'>enim</span> <span class='ocrx_word' id='word_1_84' title='bbox 1223 1826 1421 1896; x_wconf 82' lang='lat' dir='ltr'>viginti</span> <span class='ocrx_word' id='word_1_85' title='bbox 1455 1827 1713 1897; x_wconf 91' lang='lat' dir='ltr'>quinque</span> <span class='ocrx_word' id='word_1_86' title='bbox 1737 1843 1942 1896; x_wconf 88' lang='lat' dir='ltr'>annos,</span> 
     </span>
    </p>
   </div>
   <div class='ocr_carea' id='block_1_16' title="bbox 1604 382 2439 446">
    <p class='ocr_par' dir='ltr' id='par_1_16' title="bbox 1604 382 2439 446">
     <span class='ocr_line' id='line_1_16' title="bbox 1604 382 2439 446; baseline 0.007 -6"><span class='ocrx_word' id='word_1_87' title='bbox 1604 382 1981 445; x_wconf 86' lang='lat' dir='ltr'>HISTORIA</span> <span class='ocrx_word' id='word_1_88' title='bbox 2024 386 2439 446; x_wconf 86' lang='lat' dir='ltr'>LAUSIACA.</span> 
     </span>
    </p>
   </div>
   <div class='ocr_carea' id='block_1_17' title="bbox 229 512 2037 585">
    <p class='ocr_par' dir='ltr' id='par_1_17' title="bbox 229 512 2037 585">
     <span class='ocr_line' id='line_1_17' title="bbox 229 512 2037 585; baseline 0.001 -17"><span class='ocrx_word' id='word_1_89' title='bbox 229 521 283 568; x_wconf 91' lang='lat' dir='ltr'>et</span> <span class='ocrx_word' id='word_1_90' title='bbox 314 514 499 584; x_wconf 86' lang='lat' dir='ltr'>magis</span> <span class='ocrx_word' id='word_1_91' title='bbox 555 512 1006 571; x_wconf 71' lang='lat' dir='ltr'>indifferentem,</span> <span class='ocrx_word' id='word_1_92' title='bbox 1050 515 1330 567; x_wconf 88' lang='lat' dir='ltr'>curarunt</span> <span class='ocrx_word' id='word_1_93' title='bbox 1379 528 1512 566; x_wconf 90' lang='lat' dir='ltr'>eum</span> <span class='ocrx_word' id='word_1_94' title='bbox 1574 531 1605 567; x_wconf 88' lang='lat' dir='ltr'>a</span> <span class='ocrx_word' id='word_1_95' title='bbox 1655 516 1952 585; x_wconf 88' lang='lat' dir='ltr'>superbia,</span> <span class='ocrx_word' id='word_1_96' title='bbox 1984 517 2037 582; x_wconf 85' lang='grc' dir='ltr'><strong>Α</strong></span> 
     </span>
    </p>
   </div>
   <div class='ocr_carea' id='block_1_18' title="bbox 3624 385 3779 447">
    <p class='ocr_par' dir='ltr' id='par_1_18' title="bbox 3624 385 3779 447">
     <span class='ocr_line' id='line_1_18' title="bbox 3624 385 3779 447; baseline -0.013 0"><span class='ocrx_word' id='word_1_97' title='bbox 3624 385 3779 447; x_wconf 69' lang='grc'>1214</span> 
     </span>
    </p>
   </div>
   <div class='ocr_carea' id='block_1_19' title="bbox 2719 517 3126 573">
    <p class='ocr_par' dir='ltr' id='par_1_19' title="bbox 2719 517 3126 573">
     <span class='ocr_line' id='line_1_19' title="bbox 2719 517 3126 573; baseline 0 0"><span class='ocrx_word' id='word_1_98' title='bbox 2719 518 2950 573; x_wconf 90' lang='lat' dir='ltr'>CAPUT</span> <span class='ocrx_word' id='word_1_99' title='bbox 2990 517 3126 573; x_wconf 86' lang='lat' dir='ltr'>CIX.</span> 
     </span>
    </p>
   </div>
   <div class='ocr_carea' id='block_1_20' title="bbox 2598 608 3252 662">
    <p class='ocr_par' dir='ltr' id='par_1_20' title="bbox 2598 608 3252 662">
     <span class='ocr_line' id='line_1_20' title="bbox 2598 608 3252 662; baseline 0 -1"><span class='ocrx_word' id='word_1_100' title='bbox 2598 609 2719 661; x_wconf 82' lang='lat' dir='ltr'>Vita</span> <span class='ocrx_word' id='word_1_101' title='bbox 2752 609 2960 662; x_wconf 77' lang='lat' dir='ltr'>abbatis</span> <span class='ocrx_word' id='word_1_102' title='bbox 2992 608 3252 662; x_wconf 79' lang='lat' dir='ltr'>Sisinnii.</span> 
     </span>
    </p>
   </div>
   <div class='ocr_carea' id='block_1_21' title="bbox 2138 714 3781 787">
    <p class='ocr_par' dir='ltr' id='par_1_21' title="bbox 2138 714 3781 787">
     <span class='ocr_line' id='line_1_21' title="bbox 2138 714 3781 787; baseline 0.002 -21"><span class='ocrx_word' id='word_1_103' title='bbox 2138 714 2320 783; x_wconf 85' lang='lat' dir='ltr'>Hujus</span> <span class='ocrx_word' id='word_1_104' title='bbox 2342 714 2664 784; x_wconf 86' lang='lat' dir='ltr'>discipulus</span> <span class='ocrx_word' id='word_1_105' title='bbox 2686 715 2978 770; x_wconf 89' lang='lat' dir='ltr'>Sisinnius</span> <span class='ocrx_word' id='word_1_106' title='bbox 3009 716 3262 781; x_wconf 86' lang='lat' dir='ltr'>nomine,</span> <span class='ocrx_word' id='word_1_107' title='bbox 3285 715 3383 787; x_wconf 90' lang='lat' dir='ltr'>qui</span> <span class='ocrx_word' id='word_1_108' title='bbox 3408 715 3618 785; x_wconf 84' lang='lat' dir='ltr'>prodiit</span> <span class='ocrx_word' id='word_1_109' title='bbox 3650 716 3781 786; x_wconf 86' lang='lat' dir='ltr'>qui-</span> 
     </span>
    </p>
   </div>
   <div class='ocr_carea' id='block_1_22' title="bbox 2063 802 3778 876">
    <p class='ocr_par' dir='ltr' id='par_1_22' title="bbox 2063 802 3778 876">
     <span class='ocr_line' id='line_1_22' title="bbox 2063 802 3778 876; baseline 0.001 -20"><span class='ocrx_word' id='word_1_110' title='bbox 2063 803 2193 857; x_wconf 91' lang='lat' dir='ltr'>dem</span> <span class='ocrx_word' id='word_1_111' title='bbox 2227 818 2294 856; x_wconf 87' lang='lat' dir='ltr'>ex</span> <span class='ocrx_word' id='word_1_112' title='bbox 2325 802 2516 858; x_wconf 89' lang='lat' dir='ltr'>servili</span> <span class='ocrx_word' id='word_1_113' title='bbox 2562 804 2951 871; x_wconf 83' lang='lat' dir='ltr'>fortuna;ﬁde</span> <span class='ocrx_word' id='word_1_114' title='bbox 2982 809 3171 858; x_wconf 88' lang='lat' dir='ltr'>autem</span> <span class='ocrx_word' id='word_1_115' title='bbox 3205 804 3370 872; x_wconf 86' lang='lat' dir='ltr'>liber,</span> <span class='ocrx_word' id='word_1_116' title='bbox 3404 821 3611 876; x_wconf 85' lang='lat' dir='ltr'>genere</span> <span class='ocrx_word' id='word_1_117' title='bbox 3642 804 3778 875; x_wconf 89' lang='lat' dir='ltr'>Cap-</span> 
     </span>
    </p>
   </div>
   <div class='ocr_carea' id='block_1_23' title="bbox 2062 890 3773 963">
    <p class='ocr_par' dir='ltr' id='par_1_23' title="bbox 2062 890 3773 963">
     <span class='ocr_line' id='line_1_23' title="bbox 2062 890 3773 963; baseline 0.001 -17"><span class='ocrx_word' id='word_1_118' title='bbox 2062 892 2268 960; x_wconf 85' lang='lat' dir='ltr'>padox.</span> <span class='ocrx_word' id='word_1_119' title='bbox 2304 890 2545 961; x_wconf 87' lang='lat' dir='ltr'>Oportet</span> <span class='ocrx_word' id='word_1_120' title='bbox 2610 893 2768 946; x_wconf 91' lang='lat' dir='ltr'>enim</span> <span class='ocrx_word' id='word_1_121' title='bbox 2815 908 3029 963; x_wconf 80' lang='lat' dir='ltr'>genera</span> <span class='ocrx_word' id='word_1_122' title='bbox 3087 908 3314 962; x_wconf 84' lang='lat' dir='ltr'>quoque</span> <span class='ocrx_word' id='word_1_123' title='bbox 3346 893 3674 963; x_wconf 79' lang='lat' dir='ltr'>signiﬁcare</span> <span class='ocrx_word' id='word_1_124' title='bbox 3704 894 3773 947; x_wconf 84' lang='lat' dir='ltr'>ad</span> 
     </span>
    </p>
   </div>
   <div class='ocr_carea' id='block_1_24' title="bbox 2060 980 3773 1053">
    <p class='ocr_par' dir='ltr' id='par_1_24' title="bbox 2060 980 3773 1053">
     <span class='ocr_line' id='line_1_24' title="bbox 2060 980 3773 1053; baseline 0.002 -19"><span class='ocrx_word' id='word_1_125' title='bbox 2060 980 2304 1051; x_wconf 84' lang='lat' dir='ltr'>gloriam</span> <span class='ocrx_word' id='word_1_126' title='bbox 2339 982 2547 1036; x_wconf 88' lang='lat' dir='ltr'>Christi</span> <span class='ocrx_word' id='word_1_127' title='bbox 2583 982 2813 1052; x_wconf 88' lang='lat' dir='ltr'>quinos</span> <span class='ocrx_word' id='word_1_128' title='bbox 2854 982 3043 1036; x_wconf 89' lang='lat' dir='ltr'>reddit</span> <span class='ocrx_word' id='word_1_129' title='bbox 3072 981 3259 1036; x_wconf 84' lang='lat' dir='ltr'>claros</span> <span class='ocrx_word' id='word_1_130' title='bbox 3304 997 3531 1053; x_wconf 84' lang='lat' dir='ltr'>genere,</span> <span class='ocrx_word' id='word_1_131' title='bbox 3565 998 3773 1053; x_wconf 80' lang='lat' dir='ltr'>nempe</span> 
     </span>
    </p>
   </div>
   <div class='ocr_carea' id='block_1_25' title="bbox 2061 1071 3772 1142">
    <p class='ocr_par' dir='ltr' id='par_1_25' title="bbox 2061 1071 3772 1142">
     <span class='ocr_line' id='line_1_25' title="bbox 2061 1071 3772 1142; baseline 0.002 -19"><span class='ocrx_word' id='word_1_132' title='bbox 2061 1071 2295 1125; x_wconf 89' lang='lat' dir='ltr'>deducit</span> <span class='ocrx_word' id='word_1_133' title='bbox 2325 1072 2391 1125; x_wconf 90' lang='lat' dir='ltr'>ad</span> <span class='ocrx_word' id='word_1_134' title='bbox 2424 1072 2652 1126; x_wconf 87' lang='lat' dir='ltr'>beatam</span> <span class='ocrx_word' id='word_1_135' title='bbox 2686 1077 2742 1126; x_wconf 90' lang='lat' dir='ltr'>et</span> <span class='ocrx_word' id='word_1_136' title='bbox 2789 1088 2978 1127; x_wconf 89' lang='lat' dir='ltr'>veram</span> <span class='ocrx_word' id='word_1_137' title='bbox 3013 1071 3403 1140; x_wconf 88' lang='lat' dir='ltr'>nobilitatem,</span> <span class='ocrx_word' id='word_1_138' title='bbox 3439 1088 3647 1142; x_wconf 88' lang='lat' dir='ltr'>nempe</span> <span class='ocrx_word' id='word_1_139' title='bbox 3686 1089 3772 1127; x_wconf 89' lang='lat' dir='ltr'>re-</span> 
     </span>
    </p>
   </div>
   <div class='ocr_carea' id='block_1_26' title="bbox 2059 1159 3770 1231">
    <p class='ocr_par' dir='ltr' id='par_1_26' title="bbox 2059 1159 3770 1231">
     <span class='ocr_line' id='line_1_26' title="bbox 2059 1159 3770 1231; baseline -0.001 -17"><span class='ocrx_word' id='word_1_140' title='bbox 2059 1174 2240 1229; x_wconf 90' lang='lat' dir='ltr'>gnum</span> <span class='ocrx_word' id='word_1_141' title='bbox 2271 1159 2567 1214; x_wconf 79' lang='lat' dir='ltr'>ccelorum.</span> <span class='ocrx_word' id='word_1_142' title='bbox 2604 1160 2705 1215; x_wconf 87' lang='lat' dir='ltr'>Hic</span> <span class='ocrx_word' id='word_1_143' title='bbox 2734 1176 2871 1215; x_wconf 89' lang='lat' dir='ltr'>cum</span> <span class='ocrx_word' id='word_1_144' title='bbox 2896 1161 3097 1215; x_wconf 88' lang='lat' dir='ltr'>fuisset</span> <span class='ocrx_word' id='word_1_145' title='bbox 3129 1159 3300 1231; x_wconf 87' lang='lat' dir='ltr'>longo</span> <span class='ocrx_word' id='word_1_146' title='bbox 3334 1165 3592 1231; x_wconf 89' lang='lat' dir='ltr'>tempore</span> <span class='ocrx_word' id='word_1_147' title='bbox 3623 1161 3770 1229; x_wconf 86' lang='lat' dir='ltr'>apud</span> 
     </span>
    </p>
   </div>
   <div class='ocr_carea' id='block_1_27' title="bbox 2061 1248 3774 1319">
    <p class='ocr_par' dir='ltr' id='par_1_27' title="bbox 2061 1248 3774 1319">
     <span class='ocr_line' id='line_1_27' title="bbox 2061 1248 3774 1319; baseline 0.001 -16"><span class='ocrx_word' id='word_1_148' title='bbox 2061 1248 2287 1303; x_wconf 90' lang='lat' dir='ltr'>beatum</span> <span class='ocrx_word' id='word_1_149' title='bbox 2318 1249 2603 1319; x_wconf 87' lang='lat' dir='ltr'>Elpidium</span> <span class='ocrx_word' id='word_1_150' title='bbox 2638 1250 2785 1304; x_wconf 87' lang='lat' dir='ltr'>acris</span> <span class='ocrx_word' id='word_1_151' title='bbox 2817 1250 3034 1306; x_wconf 91' lang='lat' dir='ltr'>athleta</span> <span class='ocrx_word' id='word_1_152' title='bbox 3074 1250 3356 1305; x_wconf 88' lang='lat' dir='ltr'>virtutum</span> <span class='ocrx_word' id='word_1_153' title='bbox 3416 1250 3774 1305; x_wconf 83' lang='lat' dir='ltr'>exercitatio-</span> 
     </span>
    </p>
   </div>
   <div class='ocr_carea' id='block_1_28' title="bbox 2061 1339 3774 1411">
    <p class='ocr_par' dir='ltr' id='par_1_28' title="bbox 2061 1339 3774 1411">
     <span class='ocr_line' id='line_1_28' title="bbox 2061 1339 3774 1411; baseline 0 -17"><span class='ocrx_word' id='word_1_154' title='bbox 2061 1340 2173 1405; x_wconf 85' lang='lat' dir='ltr'>nis,</span> <span class='ocrx_word' id='word_1_155' title='bbox 2217 1345 2276 1393; x_wconf 90' lang='lat' dir='ltr'>nt</span> <span class='ocrx_word' id='word_1_156' title='bbox 2299 1339 2399 1410; x_wconf 87' lang='lat' dir='ltr'>qui</span> <span class='ocrx_word' id='word_1_157' title='bbox 2439 1356 2528 1393; x_wconf 75' lang='lat' dir='ltr'>sex</span> <span class='ocrx_word' id='word_1_158' title='bbox 2556 1340 2641 1395; x_wconf 92' lang='lat' dir='ltr'>vel</span> <span class='ocrx_word' id='word_1_159' title='bbox 2674 1345 2895 1411; x_wconf 89' lang='lat' dir='ltr'>septem</span> <span class='ocrx_word' id='word_1_160' title='bbox 2930 1341 3098 1395; x_wconf 90' lang='lat' dir='ltr'>annis</span> <span class='ocrx_word' id='word_1_161' title='bbox 3124 1340 3425 1395; x_wconf 86' lang='lat' dir='ltr'>didicisset</span> <span class='ocrx_word' id='word_1_162' title='bbox 3451 1340 3555 1395; x_wconf 87' lang='lat' dir='ltr'>viri</span> <span class='ocrx_word' id='word_1_163' title='bbox 3588 1342 3774 1394; x_wconf 88' lang='lat' dir='ltr'>virtu-</span> 
     </span>
    </p>
   </div>
   <div class='ocr_carea' id='block_1_29' title="bbox 2064 1430 3776 1501">
    <p class='ocr_par' dir='ltr' id='par_1_29' title="bbox 2064 1430 3776 1501">
     <span class='ocr_line' id='line_1_29' title="bbox 2064 1430 3776 1501; baseline 0 -18"><span class='ocrx_word' id='word_1_164' title='bbox 2064 1434 2171 1489; x_wconf 90' lang='lat' dir='ltr'>tes,</span> <span class='ocrx_word' id='word_1_165' title='bbox 2196 1436 2250 1485; x_wconf 87' lang='lat' dir='ltr'>et</span> <span class='ocrx_word' id='word_1_166' title='bbox 2284 1430 2675 1485; x_wconf 83' lang='lat' dir='ltr'>fortitudinem</span> <span class='ocrx_word' id='word_1_167' title='bbox 2709 1431 2975 1485; x_wconf 88' lang='lat' dir='ltr'>laborum</span> <span class='ocrx_word' id='word_1_168' title='bbox 3006 1432 3065 1485; x_wconf 90' lang='lat' dir='ltr'>in</span> <span class='ocrx_word' id='word_1_169' title='bbox 3099 1430 3526 1497; x_wconf 80' lang='lat' dir='ltr'>exercitatione,</span> <span class='ocrx_word' id='word_1_170' title='bbox 3551 1430 3599 1485; x_wconf 89' lang='lat' dir='ltr'>is</span> <span class='ocrx_word' id='word_1_171' title='bbox 3624 1434 3776 1501; x_wconf 84' lang='lat' dir='ltr'>post-</span> 
     </span>
    </p>
   </div>
   <div class='ocr_carea' id='block_1_30' title="bbox 2059 1520 3775 1590">
    <p class='ocr_par' dir='ltr' id='par_1_30' title="bbox 2059 1520 3775 1590">
     <span class='ocr_line' id='line_1_30' title="bbox 2059 1520 3775 1590; baseline 0.001 -17"><span class='ocrx_word' id='word_1_172' title='bbox 2059 1536 2122 1574; x_wconf 88' lang='lat' dir='ltr'>ea</span> <span class='ocrx_word' id='word_1_173' title='bbox 2144 1520 2397 1590; x_wconf 81' lang='lat' dir='ltr'>seipeum</span> <span class='ocrx_word' id='word_1_174' title='bbox 2431 1520 2671 1575; x_wconf 88' lang='lat' dir='ltr'>inclusit</span> <span class='ocrx_word' id='word_1_175' title='bbox 2717 1523 3100 1576; x_wconf 86' lang='lat' dir='ltr'>monimento.</span> <span class='ocrx_word' id='word_1_176' title='bbox 3137 1524 3197 1575; x_wconf 89' lang='lat' dir='ltr'>In</span> <span class='ocrx_word' id='word_1_177' title='bbox 3251 1537 3315 1575; x_wconf 91' lang='lat' dir='ltr'>eo</span> <span class='ocrx_word' id='word_1_178' title='bbox 3366 1525 3559 1575; x_wconf 85' lang='lat' dir='ltr'>autem</span> <span class='ocrx_word' id='word_1_179' title='bbox 3612 1536 3775 1575; x_wconf 87' lang='lat' dir='ltr'>cons-</span> 
     </span>
    </p>
   </div>
   <div class='ocr_carea' id='block_1_31' title="bbox 2056 1612 3773 1682">
    <p class='ocr_par' dir='ltr' id='par_1_31' title="bbox 2056 1612 3773 1682">
     <span class='ocr_line' id='line_1_31' title="bbox 2056 1612 3773 1682; baseline 0 -17"><span class='ocrx_word' id='word_1_180' title='bbox 2056 1612 2269 1666; x_wconf 84' lang='lat' dir='ltr'>titutus</span> <span class='ocrx_word' id='word_1_181' title='bbox 2340 1620 2454 1667; x_wconf 89' lang='lat' dir='ltr'>tres</span> <span class='ocrx_word' id='word_1_182' title='bbox 2532 1629 2739 1681; x_wconf 90' lang='lat' dir='ltr'>annos,</span> <span class='ocrx_word' id='word_1_183' title='bbox 2821 1613 3207 1682; x_wconf 86' lang='lat' dir='ltr'>perseveravit</span> <span class='ocrx_word' id='word_1_184' title='bbox 3282 1614 3340 1667; x_wconf 91' lang='lat' dir='ltr'>in</span> <span class='ocrx_word' id='word_1_185' title='bbox 3395 1612 3773 1676; x_wconf 83' lang='lat' dir='ltr'>orationibus,</span> 
     </span>
    </p>
   </div>
   <div class='ocr_carea' id='block_1_32' title="bbox 2057 1702 3771 1770">
    <p class='ocr_par' dir='ltr' id='par_1_32' title="bbox 2057 1702 3771 1770">
     <span class='ocr_line' id='line_1_32' title="bbox 2057 1702 3771 1770; baseline 0.001 -15"><span class='ocrx_word' id='word_1_186' title='bbox 2057 1717 2169 1755; x_wconf 91' lang='lat' dir='ltr'>non</span> <span class='ocrx_word' id='word_1_187' title='bbox 2203 1704 2400 1767; x_wconf 90' lang='lat' dir='ltr'>noctu,</span> <span class='ocrx_word' id='word_1_188' title='bbox 2428 1718 2541 1755; x_wconf 89' lang='lat' dir='ltr'>non</span> <span class='ocrx_word' id='word_1_189' title='bbox 2582 1702 2833 1755; x_wconf 89' lang='lat' dir='ltr'>interdiu</span> <span class='ocrx_word' id='word_1_190' title='bbox 2862 1702 3090 1770; x_wconf 89' lang='lat' dir='ltr'>sedens,</span> <span class='ocrx_word' id='word_1_191' title='bbox 3114 1719 3222 1757; x_wconf 92' lang='lat' dir='ltr'>non</span> <span class='ocrx_word' id='word_1_192' title='bbox 3254 1703 3629 1769; x_wconf 87' lang='lat' dir='ltr'>accumbens,</span> <span class='ocrx_word' id='word_1_193' title='bbox 3657 1718 3771 1756; x_wconf 91' lang='lat' dir='ltr'>non</span> 
     </span>
    </p>
   </div>
   <div class='ocr_carea' id='block_1_33' title="bbox 2056 1790 3773 1861">
    <p class='ocr_par' dir='ltr' id='par_1_33' title="bbox 2056 1790 3773 1861">
     <span class='ocr_line' id='line_1_33' title="bbox 2056 1790 3773 1861; baseline 0.002 -18"><span class='ocrx_word' id='word_1_194' title='bbox 2056 1790 2206 1843; x_wconf 86' lang='lat' dir='ltr'>foras</span> <span class='ocrx_word' id='word_1_195' title='bbox 2237 1791 2561 1859; x_wconf 87' lang='lat' dir='ltr'>egrediens.</span> <span class='ocrx_word' id='word_1_196' title='bbox 2604 1791 2656 1845; x_wconf 87' lang='lat' dir='ltr'>Is</span> <span class='ocrx_word' id='word_1_197' title='bbox 2708 1796 3012 1845; x_wconf 83' lang='lat' dir='ltr'>assecutus</span> <span class='ocrx_word' id='word_1_198' title='bbox 3062 1796 3149 1845; x_wconf 89' lang='lat' dir='ltr'>est</span> <span class='ocrx_word' id='word_1_199' title='bbox 3205 1792 3449 1861; x_wconf 88' lang='lat' dir='ltr'>gratiam</span> <span class='ocrx_word' id='word_1_200' title='bbox 3493 1792 3773 1847; x_wconf 88' lang='lat' dir='ltr'>adversus</span> 
     </span>
    </p>
   </div>
   <div class='ocr_carea' id='block_1_34' title="bbox 221 1878 3773 1981">
    <p class='ocr_par' dir='ltr' id='par_1_34' title="bbox 221 1878 3773 1981">
     <span class='ocr_line' id='line_1_34' title="bbox 221 1878 3773 1981; baseline -0.001 -10"><span class='ocrx_word' id='word_1_201' title='bbox 221 1933 462 1972; x_wconf 84' lang='lat' dir='ltr'>vescens</span> <span class='ocrx_word' id='word_1_202' title='bbox 513 1916 703 1971; x_wconf 85' lang='lat' dir='ltr'>solum</span> <span class='ocrx_word' id='word_1_203' title='bbox 734 1916 1001 1971; x_wconf 78' lang='lat' dir='ltr'>Sabbatis</span> <span class='ocrx_word' id='word_1_204' title='bbox 1040 1920 1097 1970; x_wconf 91' lang='lat' dir='ltr'>et</span> <span class='ocrx_word' id='word_1_205' title='bbox 1149 1878 1500 1981; x_wconf 37' lang='lat' dir='ltr'>Dominicisj;</span> <span class='ocrx_word' id='word_1_206' title='bbox 1550 1923 1711 1970; x_wconf 91' lang='lat' dir='ltr'>stans</span> <span class='ocrx_word' id='word_1_207' title='bbox 1750 1920 1941 1970; x_wconf 87' lang='lat' dir='ltr'>autem</span> <span class='ocrx_word' id='word_1_208' title='bbox 1978 1891 2021 1955; x_wconf 80' lang='grc' dir='ltr'><strong>Β</strong></span> <span class='ocrx_word' id='word_1_209' title='bbox 2053 1878 2368 1981; x_wconf 46' lang='grc' dir='ltr'>ᾱδῗίξῖοξῖῗι</span> <span class='ocrx_word' id='word_1_210' title='bbox 2401 1882 2780 1981; x_wconf 53' lang='grc' dir='ltr'>Νυηυειιξίθπξ</span> <span class='ocrx_word' id='word_1_211' title='bbox 2814 1896 3078 1981; x_wconf 46' lang='lat' dir='ltr'>reversus</span> <span class='ocrx_word' id='word_1_212' title='bbox 3154 1895 3232 1981; x_wconf 33' lang='lat'>&quot;1</span> <span class='ocrx_word' id='word_1_213' title='bbox 3270 1884 3533 1981; x_wconf 36' lang='lat' dir='ltr'>pétnfim.’</span> <span class='ocrx_word' id='word_1_214' title='bbox 3560 1882 3773 1981; x_wconf 46' lang='lat' dir='ltr'>mgni”</span> 
     </span>
    </p>
   </div>
   <div class='ocr_carea' id='block_1_35' title="bbox 223 2005 1941 2075">
    <p class='ocr_par' dir='ltr' id='par_1_35' title="bbox 223 2005 1941 2075">
     <span class='ocr_line' id='line_1_35' title="bbox 223 2005 1941 2075; baseline -0.001 -16"><span class='ocrx_word' id='word_1_215' title='bbox 223 2010 376 2059; x_wconf 87' lang='lat' dir='ltr'>totas</span> <span class='ocrx_word' id='word_1_216' title='bbox 400 2009 595 2060; x_wconf 90' lang='lat' dir='ltr'>noctes</span> <span class='ocrx_word' id='word_1_217' title='bbox 636 2005 1131 2068; x_wconf 84' lang='lat' dir='ltr'>cantabat.0uem</span> <span class='ocrx_word' id='word_1_218' title='bbox 1167 2005 1316 2060; x_wconf 85' lang='lat' dir='ltr'>sicut</span> <span class='ocrx_word' id='word_1_219' title='bbox 1349 2022 1486 2075; x_wconf 88' lang='lat' dir='ltr'>apes</span> <span class='ocrx_word' id='word_1_220' title='bbox 1527 2020 1717 2075; x_wconf 86' lang='lat' dir='ltr'>regem</span> <span class='ocrx_word' id='word_1_221' title='bbox 1751 2020 1941 2071; x_wconf 89' lang='lat' dir='ltr'>suum,</span> 
     </span>
    </p>
   </div>
   <div class='ocr_carea' id='block_1_36' title="bbox 221 2087 1945 2157">
    <p class='ocr_par' dir='ltr' id='par_1_36' title="bbox 221 2087 1945 2157">
     <span class='ocr_line' id='line_1_36' title="bbox 221 2087 1945 2157; baseline 0.001 -10"><span class='ocrx_word' id='word_1_222' title='bbox 221 2087 301 2147; x_wconf 85' lang='lat' dir='ltr'>ita</span> <span class='ocrx_word' id='word_1_223' title='bbox 333 2093 638 2147; x_wconf 88' lang='lat' dir='ltr'>innumera</span> <span class='ocrx_word' id='word_1_224' title='bbox 669 2091 978 2147; x_wconf 92' lang='lat' dir='ltr'>multitudo</span> <span class='ocrx_word' id='word_1_225' title='bbox 1012 2093 1259 2146; x_wconf 87' lang='lat' dir='ltr'>fratrum</span> <span class='ocrx_word' id='word_1_226' title='bbox 1300 2097 1520 2157; x_wconf 87' lang='lat' dir='ltr'>secuta,</span> <span class='ocrx_word' id='word_1_227' title='bbox 1564 2092 1733 2146; x_wconf 91' lang='lat' dir='ltr'>illum</span> <span class='ocrx_word' id='word_1_228' title='bbox 1787 2108 1945 2149; x_wconf 89' lang='lat' dir='ltr'>mou-</span> 
     </span>
    </p>
   </div>
   <div class='ocr_carea' id='block_1_37' title="bbox 221 2180 1944 2251">
    <p class='ocr_par' dir='ltr' id='par_1_37' title="bbox 221 2180 1944 2251">
     <span class='ocr_line' id='line_1_37' title="bbox 221 2180 1944 2251; baseline -0.001 -16"><span class='ocrx_word' id='word_1_229' title='bbox 221 2185 337 2235; x_wconf 90' lang='lat' dir='ltr'>tem</span> <span class='ocrx_word' id='word_1_230' title='bbox 372 2180 702 2235; x_wconf 82' lang='lat' dir='ltr'>aediﬁcavit:</span> <span class='ocrx_word' id='word_1_231' title='bbox 736 2180 1060 2251; x_wconf 90' lang='lat' dir='ltr'>Iicebatque</span> <span class='ocrx_word' id='word_1_232' title='bbox 1118 2181 1239 2235; x_wconf 91' lang='lat' dir='ltr'>illic</span> <span class='ocrx_word' id='word_1_233' title='bbox 1294 2181 1487 2236; x_wconf 88' lang='lat' dir='ltr'>videre</span> <span class='ocrx_word' id='word_1_234' title='bbox 1537 2181 1687 2251; x_wconf 90' lang='lat' dir='ltr'>apud</span> <span class='ocrx_word' id='word_1_235' title='bbox 1726 2196 1944 2234; x_wconf 93' lang='lat' dir='ltr'>unum-</span> 
     </span>
    </p>
   </div>
   <div class='ocr_carea' id='block_1_38' title="bbox 217 2268 1940 2340">
    <p class='ocr_par' dir='ltr' id='par_1_38' title="bbox 217 2268 1940 2340">
     <span class='ocr_line' id='line_1_38' title="bbox 217 2268 1940 2340; baseline -0.001 -17"><span class='ocrx_word' id='word_1_236' title='bbox 217 2285 508 2340; x_wconf 89' lang='lat' dir='ltr'>quemque</span> <span class='ocrx_word' id='word_1_237' title='bbox 557 2270 813 2324; x_wconf 86' lang='lat' dir='ltr'>diversos</span> <span class='ocrx_word' id='word_1_238' title='bbox 868 2271 1075 2324; x_wconf 90' lang='lat' dir='ltr'>modus</span> <span class='ocrx_word' id='word_1_239' title='bbox 1134 2270 1256 2323; x_wconf 86' lang='lat' dir='ltr'>vitae</span> <span class='ocrx_word' id='word_1_240' title='bbox 1301 2268 1940 2326; x_wconf 87' lang='lat' dir='ltr'>exercitationis.Hunc</span> 
     </span>
    </p>
   </div>
   <div class='ocr_carea' id='block_1_39' title="bbox 217 2358 1941 2429">
    <p class='ocr_par' dir='ltr' id='par_1_39' title="bbox 217 2358 1941 2429">
     <span class='ocr_line' id='line_1_39' title="bbox 217 2358 1941 2429; baseline 0 -16"><span class='ocrx_word' id='word_1_241' title='bbox 217 2359 530 2429; x_wconf 88' lang='lat' dir='ltr'>aliquando</span> <span class='ocrx_word' id='word_1_242' title='bbox 575 2358 971 2429; x_wconf 85' lang='lat' dir='ltr'>Elpidium,et</span> <span class='ocrx_word' id='word_1_243' title='bbox 1026 2375 1157 2413; x_wconf 88' lang='lat' dir='ltr'>vere</span> <span class='ocrx_word' id='word_1_244' title='bbox 1217 2358 1538 2429; x_wconf 85' lang='lat' dir='ltr'>Elpidium,</span> <span class='ocrx_word' id='word_1_245' title='bbox 1585 2359 1683 2429; x_wconf 90' lang='lat' dir='ltr'>qui</span> <span class='ocrx_word' id='word_1_246' title='bbox 1744 2375 1941 2414; x_wconf 89' lang='lat' dir='ltr'>revera</span> 
     </span>
    </p>
   </div>
   <div class='ocr_carea' id='block_1_40' title="bbox 218 2447 1938 2519">
    <p class='ocr_par' dir='ltr' id='par_1_40' title="bbox 218 2447 1938 2519">
     <span class='ocr_line' id='line_1_40' title="bbox 218 2447 1938 2519; baseline -0.001 -18"><span class='ocrx_word' id='word_1_247' title='bbox 218 2466 315 2517; x_wconf 85' lang='lat' dir='ltr'>spe</span> <span class='ocrx_word' id='word_1_248' title='bbox 337 2448 647 2519; x_wconf 86' lang='lat' dir='ltr'>gaudebat,</span> <span class='ocrx_word' id='word_1_249' title='bbox 688 2451 743 2503; x_wconf 88' lang='lat' dir='ltr'>et</span> <span class='ocrx_word' id='word_1_250' title='bbox 784 2453 1016 2518; x_wconf 89' lang='lat' dir='ltr'>propter</span> <span class='ocrx_word' id='word_1_251' title='bbox 1074 2447 1368 2501; x_wconf 89' lang='lat' dir='ltr'>Christum</span> <span class='ocrx_word' id='word_1_252' title='bbox 1420 2448 1751 2502; x_wconf 87' lang='lat' dir='ltr'>sustinebat</span> <span class='ocrx_word' id='word_1_253' title='bbox 1808 2448 1938 2502; x_wconf 78' lang='lat' dir='ltr'>affi-</span> 
     </span>
    </p>
   </div>
   <div class='ocr_carea' id='block_1_41' title="bbox 215 2536 1936 2607">
    <p class='ocr_par' dir='ltr' id='par_1_41' title="bbox 215 2536 1936 2607">
     <span class='ocr_line' id='line_1_41' title="bbox 215 2536 1936 2607; baseline -0.002 -14"><span class='ocrx_word' id='word_1_254' title='bbox 215 2539 492 2605; x_wconf 90' lang='lat' dir='ltr'>ctioncm,</span> <span class='ocrx_word' id='word_1_255' title='bbox 537 2542 709 2592; x_wconf 89' lang='lat' dir='ltr'>noctu</span> <span class='ocrx_word' id='word_1_256' title='bbox 745 2536 1079 2605; x_wconf 87' lang='lat' dir='ltr'>psallentem</span> <span class='ocrx_word' id='word_1_257' title='bbox 1105 2537 1273 2591; x_wconf 90' lang='lat' dir='ltr'>nobis</span> <span class='ocrx_word' id='word_1_258' title='bbox 1296 2553 1555 2592; x_wconf 88' lang='lat' dir='ltr'>unacum</span> <span class='ocrx_word' id='word_1_259' title='bbox 1590 2553 1654 2591; x_wconf 92' lang='lat' dir='ltr'>eo</span> <span class='ocrx_word' id='word_1_260' title='bbox 1688 2536 1936 2607; x_wconf 89' lang='lat' dir='ltr'>psallen-</span> 
     </span>
    </p>
   </div>
   <div class='ocr_carea' id='block_1_42' title="bbox 215 2627 1934 2699">
    <p class='ocr_par' dir='ltr' id='par_1_42' title="bbox 215 2627 1934 2699">
     <span class='ocr_line' id='line_1_42' title="bbox 215 2627 1934 2699; baseline 0 -17"><span class='ocrx_word' id='word_1_261' title='bbox 215 2628 393 2689; x_wconf 91' lang='lat' dir='ltr'>tibus,</span> <span class='ocrx_word' id='word_1_262' title='bbox 428 2629 673 2699; x_wconf 85' lang='lat' dir='ltr'>pupugit</span> <span class='ocrx_word' id='word_1_263' title='bbox 704 2627 965 2697; x_wconf 87' lang='lat' dir='ltr'>scorpius</span> <span class='ocrx_word' id='word_1_264' title='bbox 1001 2646 1012 2682; x_wconf 90' lang='lat'><strong>:</strong></span> <span class='ocrx_word' id='word_1_265' title='bbox 1050 2643 1222 2698; x_wconf 86' lang='lat' dir='ltr'>quem</span> <span class='ocrx_word' id='word_1_266' title='bbox 1255 2643 1389 2683; x_wconf 93' lang='lat' dir='ltr'>cum</span> <span class='ocrx_word' id='word_1_267' title='bbox 1423 2627 1699 2682; x_wconf 87' lang='lat' dir='ltr'>calcasset</span> <span class='ocrx_word' id='word_1_268' title='bbox 1750 2632 1934 2693; x_wconf 90' lang='lat' dir='ltr'>stans,</span> 
     </span>
    </p>
   </div>
   <div class='ocr_carea' id='block_1_43' title="bbox 216 2717 1937 2787">
    <p class='ocr_par' dir='ltr' id='par_1_43' title="bbox 216 2717 1937 2787">
     <span class='ocr_line' id='line_1_43' title="bbox 216 2717 1937 2787; baseline -0.001 -14"><span class='ocrx_word' id='word_1_269' title='bbox 216 2736 328 2773; x_wconf 89' lang='lat' dir='ltr'>non</span> <span class='ocrx_word' id='word_1_270' title='bbox 358 2717 602 2773; x_wconf 88' lang='lat' dir='ltr'>mutavit</span> <span class='ocrx_word' id='word_1_271' title='bbox 632 2718 886 2773; x_wconf 88' lang='lat' dir='ltr'>habitum</span> <span class='ocrx_word' id='word_1_272' title='bbox 931 2718 1224 2787; x_wconf 90' lang='lat' dir='ltr'>corporis;</span> <span class='ocrx_word' id='word_1_273' title='bbox 1257 2721 1420 2772; x_wconf 89' lang='lat' dir='ltr'>tanta</span> <span class='ocrx_word' id='word_1_274' title='bbox 1464 2717 1770 2772; x_wconf 89' lang='lat' dir='ltr'>tolerantia</span> <span class='ocrx_word' id='word_1_275' title='bbox 1802 2718 1937 2771; x_wconf 89' lang='lat' dir='ltr'>nul-</span> 
     </span>
    </p>
   </div>
   <div class='ocr_carea' id='block_1_44' title="bbox 212 2806 1935 2881">
    <p class='ocr_par' dir='ltr' id='par_1_44' title="bbox 212 2806 1935 2881">
     <span class='ocr_line' id='line_1_44' title="bbox 212 2806 1935 2881; baseline 0.001 -19"><span class='ocrx_word' id='word_1_276' title='bbox 212 2826 335 2881; x_wconf 72' lang='lat' dir='ltr'>lum</span> <span class='ocrx_word' id='word_1_277' title='bbox 369 2808 527 2863; x_wconf 83' lang='lat' dir='ltr'>duxit</span> <span class='ocrx_word' id='word_1_278' title='bbox 558 2808 839 2863; x_wconf 87' lang='lat' dir='ltr'>rationem</span> <span class='ocrx_word' id='word_1_279' title='bbox 873 2807 1086 2863; x_wconf 91' lang='lat' dir='ltr'>doloris</span> <span class='ocrx_word' id='word_1_280' title='bbox 1140 2823 1312 2877; x_wconf 87' lang='lat' dir='ltr'>quem</span> <span class='ocrx_word' id='word_1_281' title='bbox 1358 2806 1568 2862; x_wconf 87' lang='lat' dir='ltr'>inussit</span> <span class='ocrx_word' id='word_1_282' title='bbox 1629 2808 1935 2878; x_wconf 89' lang='lat' dir='ltr'>scoripius,</span> 
     </span>
    </p>
   </div>
   <div class='ocr_carea' id='block_1_45' title="bbox 218 2897 1937 2968">
    <p class='ocr_par' dir='ltr' id='par_1_45' title="bbox 218 2897 1937 2968">
     <span class='ocr_line' id='line_1_45' title="bbox 218 2897 1937 2968; baseline -0.001 -15"><span class='ocrx_word' id='word_1_283' title='bbox 218 2900 386 2953; x_wconf 86' lang='lat' dir='ltr'>Porro</span> <span class='ocrx_word' id='word_1_284' title='bbox 418 2901 607 2952; x_wconf 89' lang='lat' dir='ltr'>autem</span> <span class='ocrx_word' id='word_1_285' title='bbox 644 2914 776 2953; x_wconf 90' lang='lat' dir='ltr'>cum</span> <span class='ocrx_word' id='word_1_286' title='bbox 811 2897 1062 2968; x_wconf 87' lang='lat' dir='ltr'>quodam</span> <span class='ocrx_word' id='word_1_287' title='bbox 1097 2897 1188 2951; x_wconf 91' lang='lat' dir='ltr'>die</span> <span class='ocrx_word' id='word_1_288' title='bbox 1222 2897 1455 2967; x_wconf 89' lang='lat' dir='ltr'>quidam</span> <span class='ocrx_word' id='word_1_289' title='bbox 1493 2897 1669 2952; x_wconf 85' lang='lat' dir='ltr'>frater</span> <span class='ocrx_word' id='word_1_290' title='bbox 1714 2900 1937 2951; x_wconf 88' lang='lat' dir='ltr'>teneret</span> 
     </span>
    </p>
   </div>
   <div class='ocr_carea' id='block_1_46' title="bbox 217 2988 1936 3059">
    <p class='ocr_par' dir='ltr' id='par_1_46' title="bbox 217 2988 1936 3059">
     <span class='ocr_line' id='line_1_46' title="bbox 217 2988 1936 3059; baseline 0 -17"><span class='ocrx_word' id='word_1_291' title='bbox 217 2988 469 3043; x_wconf 84' lang='lat' dir='ltr'>frustum</span> <span class='ocrx_word' id='word_1_292' title='bbox 512 2988 782 3042; x_wconf 86' lang='lat' dir='ltr'>sarmenti</span> <span class='ocrx_word' id='word_1_293' title='bbox 816 2989 983 3059; x_wconf 74' lang='grc'>(154).</span> <span class='ocrx_word' id='word_1_294' title='bbox 1011 2988 1068 3041; x_wconf 89' lang='lat' dir='ltr'>id</span> <span class='ocrx_word' id='word_1_295' title='bbox 1115 2990 1331 3057; x_wconf 80' lang='lat' dir='ltr'>accepit</span> <span class='ocrx_word' id='word_1_296' title='bbox 1375 2992 1614 3043; x_wconf 90' lang='lat' dir='ltr'>sanctus</span> <span class='ocrx_word' id='word_1_297' title='bbox 1676 2989 1812 3042; x_wconf 91' lang='lat' dir='ltr'>dum</span> <span class='ocrx_word' id='word_1_298' title='bbox 1839 3003 1936 3042; x_wconf 89' lang='lat' dir='ltr'>se-</span> 
     </span>
    </p>
   </div>
   <div class='ocr_carea' id='block_1_47' title="bbox 220 3076 1932 3147">
    <p class='ocr_par' dir='ltr' id='par_1_47' title="bbox 220 3076 1932 3147">
     <span class='ocr_line' id='line_1_47' title="bbox 220 3076 1932 3147; baseline -0.001 -15"><span class='ocrx_word' id='word_1_299' title='bbox 220 3080 378 3133; x_wconf 82' lang='lat' dir='ltr'>deret</span> <span class='ocrx_word' id='word_1_300' title='bbox 400 3078 457 3131; x_wconf 88' lang='lat' dir='ltr'>in</span> <span class='ocrx_word' id='word_1_301' title='bbox 492 3078 750 3147; x_wconf 85' lang='lat' dir='ltr'>margine</span> <span class='ocrx_word' id='word_1_302' title='bbox 774 3076 1007 3142; x_wconf 87' lang='lat' dir='ltr'>montis,</span> <span class='ocrx_word' id='word_1_303' title='bbox 1034 3081 1090 3130; x_wconf 91' lang='lat' dir='ltr'>et</span> <span class='ocrx_word' id='word_1_304' title='bbox 1111 3076 1320 3130; x_wconf 82' lang='lat' dir='ltr'>infudit</span> <span class='ocrx_word' id='word_1_305' title='bbox 1339 3085 1612 3147; x_wconf 84' lang='lat' dir='ltr'>tanquam</span> <span class='ocrx_word' id='word_1_306' title='bbox 1639 3076 1932 3146; x_wconf 88' lang='lat' dir='ltr'>plantans,</span> 
     </span>
    </p>
   </div>
   <div class='ocr_carea' id='block_1_48' title="bbox 218 3162 1930 3232">
    <p class='ocr_par' dir='ltr' id='par_1_48' title="bbox 218 3162 1930 3232">
     <span class='ocr_line' id='line_1_48' title="bbox 218 3162 1930 3232; baseline -0.002 -13"><span class='ocrx_word' id='word_1_307' title='bbox 218 3166 320 3219; x_wconf 86' lang='lat' dir='ltr'>ctsi</span> <span class='ocrx_word' id='word_1_308' title='bbox 374 3180 486 3218; x_wconf 90' lang='lat' dir='ltr'>non</span> <span class='ocrx_word' id='word_1_309' title='bbox 565 3169 715 3217; x_wconf 90' lang='lat' dir='ltr'>esset</span> <span class='ocrx_word' id='word_1_310' title='bbox 774 3166 1046 3232; x_wconf 89' lang='lat' dir='ltr'>tempus;</span> <span class='ocrx_word' id='word_1_311' title='bbox 1083 3178 1269 3231; x_wconf 88' lang='lat' dir='ltr'>usque</span> <span class='ocrx_word' id='word_1_312' title='bbox 1328 3162 1467 3217; x_wconf 90' lang='lat' dir='ltr'>adeo</span> <span class='ocrx_word' id='word_1_313' title='bbox 1501 3168 1691 3216; x_wconf 84' lang='lat' dir='ltr'>autem</span> <span class='ocrx_word' id='word_1_314' title='bbox 1735 3163 1930 3228; x_wconf 88' lang='lat' dir='ltr'>crevit,</span> 
     </span>
    </p>
   </div>
   <div class='ocr_carea' id='block_1_49' title="bbox 2053 1967 3772 2038">
    <p class='ocr_par' dir='ltr' id='par_1_49' title="bbox 2053 1967 3772 2038">
     <span class='ocr_line' id='line_1_49' title="bbox 2053 1967 3772 2038; baseline 0.001 -16"><span class='ocrx_word' id='word_1_315' title='bbox 2053 1973 2141 2023; x_wconf 85' lang='lat' dir='ltr'>est</span> <span class='ocrx_word' id='word_1_316' title='bbox 2174 1968 2400 2021; x_wconf 84' lang='lat' dir='ltr'>habitus</span> <span class='ocrx_word' id='word_1_317' title='bbox 2435 1969 2829 2038; x_wconf 81' lang='lat' dir='ltr'>presbyteratu</span> <span class='ocrx_word' id='word_1_318' title='bbox 2861 1985 2872 2033; x_wconf 92' lang='lat'><strong>;</strong></span> <span class='ocrx_word' id='word_1_319' title='bbox 2913 1970 2983 2022; x_wconf 90' lang='lat' dir='ltr'>ab</span> <span class='ocrx_word' id='word_1_320' title='bbox 3021 1985 3086 2021; x_wconf 90' lang='lat' dir='ltr'>eo</span> <span class='ocrx_word' id='word_1_321' title='bbox 3127 1967 3365 2022; x_wconf 86' lang='lat' dir='ltr'>collecta</span> <span class='ocrx_word' id='word_1_322' title='bbox 3413 1969 3772 2024; x_wconf 84' lang='lat' dir='ltr'>fraternitate</span> 
     </span>
    </p>
   </div>
   <div class='ocr_carea' id='block_1_50' title="bbox 2054 2056 3771 2126">
    <p class='ocr_par' dir='ltr' id='par_1_50' title="bbox 2054 2056 3771 2126">
     <span class='ocr_line' id='line_1_50' title="bbox 2054 2056 3771 2126; baseline 0.001 -16"><span class='ocrx_word' id='word_1_323' title='bbox 2054 2057 2311 2112; x_wconf 86' lang='lat' dir='ltr'>virorum</span> <span class='ocrx_word' id='word_1_324' title='bbox 2344 2062 2401 2111; x_wconf 90' lang='lat' dir='ltr'>et</span> <span class='ocrx_word' id='word_1_325' title='bbox 2432 2057 2759 2124; x_wconf 88' lang='lat' dir='ltr'>mulierum,</span> <span class='ocrx_word' id='word_1_326' title='bbox 2789 2059 2918 2110; x_wconf 90' lang='lat' dir='ltr'>dato</span> <span class='ocrx_word' id='word_1_327' title='bbox 2952 2056 3280 2111; x_wconf 88' lang='lat' dir='ltr'>testimonio</span> <span class='ocrx_word' id='word_1_328' title='bbox 3315 2056 3771 2126; x_wconf 87' lang='lat' dir='ltr'>impatibilitatis</span> 
     </span>
    </p>
   </div>
   <div class='ocr_carea' id='block_1_51' title="bbox 2056 2147 3773 2218">
    <p class='ocr_par' dir='ltr' id='par_1_51' title="bbox 2056 2147 3773 2218">
     <span class='ocr_line' id='line_1_51' title="bbox 2056 2147 3773 2218; baseline 0.001 -15"><span class='ocrx_word' id='word_1_329' title='bbox 2056 2164 2156 2217; x_wconf 90' lang='lat' dir='ltr'>per</span> <span class='ocrx_word' id='word_1_330' title='bbox 2186 2148 2491 2203; x_wconf 90' lang='lat' dir='ltr'>honestam</span> <span class='ocrx_word' id='word_1_331' title='bbox 2523 2149 2648 2202; x_wconf 83' lang='lat' dir='ltr'>vitae</span> <span class='ocrx_word' id='word_1_332' title='bbox 2681 2149 3132 2217; x_wconf 88' lang='lat' dir='ltr'>institutionem,</span> <span class='ocrx_word' id='word_1_333' title='bbox 3163 2154 3219 2201; x_wconf 89' lang='lat' dir='ltr'>et</span> <span class='ocrx_word' id='word_1_334' title='bbox 3242 2147 3503 2203; x_wconf 88' lang='lat' dir='ltr'>mascula</span> <span class='ocrx_word' id='word_1_335' title='bbox 3534 2148 3773 2218; x_wconf 80' lang='lat' dir='ltr'>expulsa</span> 
     </span>
    </p>
   </div>
   <div class='ocr_carea' id='block_1_52' title="bbox 2056 2236 3773 2309">
    <p class='ocr_par' dir='ltr' id='par_1_52' title="bbox 2056 2236 3773 2309">
     <span class='ocr_line' id='line_1_52' title="bbox 2056 2236 3773 2309; baseline 0.001 -16"><span class='ocrx_word' id='word_1_336' title='bbox 2056 2255 2157 2294; x_wconf 83' lang='lat' dir='ltr'>sua</span> <span class='ocrx_word' id='word_1_337' title='bbox 2188 2238 2523 2309; x_wconf 85' lang='lat' dir='ltr'>cupiditate,</span> <span class='ocrx_word' id='word_1_338' title='bbox 2557 2244 2609 2293; x_wconf 91' lang='lat' dir='ltr'>et</span> <span class='ocrx_word' id='word_1_339' title='bbox 2645 2240 2986 2293; x_wconf 70' lang='lat' dir='ltr'>feminarum</span> <span class='ocrx_word' id='word_1_340' title='bbox 3024 2236 3263 2293; x_wconf 90' lang='lat' dir='ltr'>mollitie</span> <span class='ocrx_word' id='word_1_341' title='bbox 3295 2239 3609 2293; x_wconf 89' lang='lat' dir='ltr'>constricta</span> <span class='ocrx_word' id='word_1_342' title='bbox 3640 2256 3773 2294; x_wconf 90' lang='lat' dir='ltr'>con-</span> 
     </span>
    </p>
   </div>
   <div class='ocr_carea' id='block_1_53' title="bbox 2055 2328 3771 2400">
    <p class='ocr_par' dir='ltr' id='par_1_53' title="bbox 2055 2328 3771 2400">
     <span class='ocr_line' id='line_1_53' title="bbox 2055 2328 3771 2400; baseline 0.001 -18"><span class='ocrx_word' id='word_1_343' title='bbox 2055 2328 2321 2395; x_wconf 87' lang='lat' dir='ltr'>tinentia,</span> <span class='ocrx_word' id='word_1_344' title='bbox 2353 2330 2491 2384; x_wconf 88' lang='lat' dir='ltr'>adeo</span> <span class='ocrx_word' id='word_1_345' title='bbox 2524 2333 2587 2383; x_wconf 89' lang='lat' dir='ltr'>ut</span> <span class='ocrx_word' id='word_1_346' title='bbox 2649 2328 2959 2400; x_wconf 90' lang='lat' dir='ltr'>impleatur</span> <span class='ocrx_word' id='word_1_347' title='bbox 3017 2329 3169 2399; x_wconf 89' lang='lat' dir='ltr'>quod</span> <span class='ocrx_word' id='word_1_348' title='bbox 3230 2329 3511 2399; x_wconf 87' lang='lat' dir='ltr'>scriptum</span> <span class='ocrx_word' id='word_1_349' title='bbox 3541 2334 3625 2384; x_wconf 87' lang='lat' dir='ltr'>est</span> <span class='ocrx_word' id='word_1_350' title='bbox 3660 2346 3671 2383; x_wconf 95' lang='lat'>:</span> <span class='ocrx_word' id='word_1_351' title='bbox 3710 2331 3771 2385; x_wconf 86' lang='lat' dir='ltr'>In</span> 
     </span>
    </p>
   </div>
   <div class='ocr_carea' id='block_1_54' title="bbox 2053 2417 3771 2487">
    <p class='ocr_par' dir='ltr' id='par_1_54' title="bbox 2053 2417 3771 2487">
     <span class='ocr_line' id='line_1_54' title="bbox 2053 2417 3771 2487; baseline 0.001 -16"><span class='ocrx_word' id='word_1_352' title='bbox 2053 2417 2279 2473; x_wconf 84' lang='lat' dir='ltr'>Christo</span> <span class='ocrx_word' id='word_1_353' title='bbox 2308 2418 2444 2473; x_wconf 89' lang='lat' dir='ltr'>Jesu</span> <span class='ocrx_word' id='word_1_354' title='bbox 2472 2435 2584 2473; x_wconf 89' lang='lat' dir='ltr'>non</span> <span class='ocrx_word' id='word_1_355' title='bbox 2608 2423 2695 2473; x_wconf 90' lang='lat' dir='ltr'>est</span> <span class='ocrx_word' id='word_1_356' title='bbox 2726 2418 3018 2473; x_wconf 84' lang='lat' dir='ltr'>masculus</span> <span class='ocrx_word' id='word_1_357' title='bbox 3036 2423 3091 2471; x_wconf 90' lang='lat' dir='ltr'>et</span> <span class='ocrx_word' id='word_1_358' title='bbox 3126 2418 3339 2473; x_wconf 86' lang='lat' dir='ltr'>femina</span> <span class='ocrx_word' id='word_1_359' title='bbox 3363 2436 3375 2487; x_wconf 90' lang='lat'><strong>;</strong></span> <span class='ocrx_word' id='word_1_360' title='bbox 3398 2436 3511 2474; x_wconf 91' lang='lat' dir='ltr'>non</span> <span class='ocrx_word' id='word_1_361' title='bbox 3546 2424 3630 2473; x_wconf 85' lang='lat' dir='ltr'>est</span> <span class='ocrx_word' id='word_1_362' title='bbox 3652 2435 3771 2472; x_wconf 90' lang='lat' dir='ltr'>ser-</span> 
     </span>
    </p>
   </div>
   <div class='ocr_carea' id='block_1_55' title="bbox 2052 2507 3771 2579">
    <p class='ocr_par' dir='ltr' id='par_1_55' title="bbox 2052 2507 3771 2579">
     <span class='ocr_line' id='line_1_55' title="bbox 2052 2507 3771 2579; baseline 0.001 -19"><span class='ocrx_word' id='word_1_363' title='bbox 2052 2524 2179 2567; x_wconf 90' lang='lat' dir='ltr'>vus,</span> <span class='ocrx_word' id='word_1_364' title='bbox 2216 2524 2319 2563; x_wconf 88' lang='lat' dir='ltr'>nec</span> <span class='ocrx_word' id='word_1_365' title='bbox 2348 2507 2495 2562; x_wconf 87' lang='lat' dir='ltr'>liber</span> <span class='ocrx_word' id='word_1_366' title='bbox 2522 2508 2719 2578; x_wconf 83' lang='lat' dir='ltr'>(Gatat.</span> <span class='ocrx_word' id='word_1_367' title='bbox 2756 2509 2840 2579; x_wconf 79' lang='grc' dir='ltr'>ιι).</span> <span class='ocrx_word' id='word_1_368' title='bbox 2875 2509 2971 2562; x_wconf 83' lang='lat' dir='ltr'>Est</span> <span class='ocrx_word' id='word_1_369' title='bbox 3002 2513 3197 2563; x_wconf 85' lang='lat' dir='ltr'>autem</span> <span class='ocrx_word' id='word_1_370' title='bbox 3254 2508 3425 2563; x_wconf 87' lang='lat' dir='ltr'>etiam</span> <span class='ocrx_word' id='word_1_371' title='bbox 3463 2508 3771 2577; x_wconf 85' lang='lat' dir='ltr'>insigniter</span> 
     </span>
    </p>
   </div>
   <div class='ocr_carea' id='block_1_56' title="bbox 2053 2596 3767 2668">
    <p class='ocr_par' dir='ltr' id='par_1_56' title="bbox 2053 2596 3767 2668">
     <span class='ocr_line' id='line_1_56' title="bbox 2053 2596 3767 2668; baseline 0 -18"><span class='ocrx_word' id='word_1_372' title='bbox 2053 2596 2378 2667; x_wconf 86' lang='lat' dir='ltr'>hospitalis,</span> <span class='ocrx_word' id='word_1_373' title='bbox 2413 2597 2514 2651; x_wconf 90' lang='lat' dir='ltr'>etsi</span> <span class='ocrx_word' id='word_1_374' title='bbox 2555 2602 2746 2654; x_wconf 89' lang='lat' dir='ltr'>careat</span> <span class='ocrx_word' id='word_1_375' title='bbox 2790 2598 3283 2668; x_wconf 68' lang='lat' dir='ltr'>possessionibus,</span> <span class='ocrx_word' id='word_1_376' title='bbox 3317 2597 3375 2652; x_wconf 90' lang='lat' dir='ltr'>in</span> <span class='ocrx_word' id='word_1_377' title='bbox 3423 2597 3767 2667; x_wconf 88' lang='lat' dir='ltr'>vituperium</span> 
     </span>
    </p>
   </div>
   <div class='ocr_carea' id='block_1_57' title="bbox 2051 2684 3162 2758">
    <p class='ocr_par' dir='ltr' id='par_1_57' title="bbox 2051 2684 3162 2758">
     <span class='ocr_line' id='line_1_57' title="bbox 2051 2684 3162 2758; baseline 0.005 -19"><span class='ocrx_word' id='word_1_378' title='bbox 2051 2684 2297 2740; x_wconf 90' lang='lat' dir='ltr'>divitum</span> <span class='ocrx_word' id='word_1_379' title='bbox 2332 2688 2429 2758; x_wconf 91' lang='lat' dir='ltr'>qui</span> <span class='ocrx_word' id='word_1_380' title='bbox 2461 2688 2703 2743; x_wconf 91' lang='lat' dir='ltr'>minime</span> <span class='ocrx_word' id='word_1_381' title='bbox 2734 2688 3162 2758; x_wconf 84' lang='lat' dir='ltr'>impertiuntur.</span> 
     </span>
    </p>
   </div>
   <div class='ocr_carea' id='block_1_58' title="bbox 2714 2795 3098 2851">
    <p class='ocr_par' dir='ltr' id='par_1_58' title="bbox 2714 2795 3098 2851">
     <span class='ocr_line' id='line_1_58' title="bbox 2714 2795 3098 2851; baseline 0.003 -2"><span class='ocrx_word' id='word_1_382' title='bbox 2714 2795 2948 2851; x_wconf 80' lang='lat' dir='ltr'>CAPUT</span> <span class='ocrx_word' id='word_1_383' title='bbox 2988 2796 3098 2851; x_wconf 89' lang='lat' dir='ltr'>CX.</span> 
     </span>
    </p>
   </div>
   <div class='ocr_carea' id='block_1_59' title="bbox 2481 2886 3341 2955">
    <p class='ocr_par' dir='ltr' id='par_1_59' title="bbox 2481 2886 3341 2955">
     <span class='ocr_line' id='line_1_59' title="bbox 2481 2886 3341 2955; baseline 0.002 -14"><span class='ocrx_word' id='word_1_384' title='bbox 2481 2887 2599 2941; x_wconf 83' lang='lat' dir='ltr'>Vita</span> <span class='ocrx_word' id='word_1_385' title='bbox 2646 2887 2854 2940; x_wconf 83' lang='lat' dir='ltr'>abbatis</span> <span class='ocrx_word' id='word_1_386' title='bbox 2877 2886 3139 2942; x_wconf 86' lang='lat' dir='ltr'>Gaddana</span> <span class='ocrx_word' id='word_1_387' title='bbox 3171 2889 3341 2955; x_wconf 83' lang='lat'>([57).</span> 
     </span>
    </p>
   </div>
   <div class='ocr_carea' id='block_1_60' title="bbox 2120 2996 3765 3067">
    <p class='ocr_par' dir='ltr' id='par_1_60' title="bbox 2120 2996 3765 3067">
     <span class='ocr_line' id='line_1_60' title="bbox 2120 2996 3765 3067; baseline -0.002 -16"><span class='ocrx_word' id='word_1_388' title='bbox 2120 2997 2257 3051; x_wconf 92' lang='lat' dir='ltr'>Novi</span> <span class='ocrx_word' id='word_1_389' title='bbox 2309 3013 2412 3067; x_wconf 87' lang='lat' dir='ltr'>ego</span> <span class='ocrx_word' id='word_1_390' title='bbox 2462 3013 2658 3050; x_wconf 86' lang='lat' dir='ltr'>senem</span> <span class='ocrx_word' id='word_1_391' title='bbox 2721 2998 3031 3064; x_wconf 86' lang='lat' dir='ltr'>quemdam</span> <span class='ocrx_word' id='word_1_392' title='bbox 3108 2996 3473 3051; x_wconf 78' lang='lat' dir='ltr'>Palzestinum</span> <span class='ocrx_word' id='word_1_393' title='bbox 3534 3011 3765 3066; x_wconf 85' lang='lat' dir='ltr'>genere,</span> 
     </span>
    </p>
   </div>
   <div class='ocr_carea' id='block_1_61' title="bbox 2048 3084 3769 3152">
    <p class='ocr_par' dir='ltr' id='par_1_61' title="bbox 2048 3084 3769 3152">
     <span class='ocr_line' id='line_1_61' title="bbox 2048 3084 3769 3152; baseline -0.002 -12"><span class='ocrx_word' id='word_1_394' title='bbox 2048 3085 2383 3140; x_wconf 83' lang='lat' dir='ltr'>Gaddanam</span> <span class='ocrx_word' id='word_1_395' title='bbox 2417 3085 2669 3152; x_wconf 90' lang='lat' dir='ltr'>nomine,</span> <span class='ocrx_word' id='word_1_396' title='bbox 2702 3084 2795 3152; x_wconf 85' lang='lat' dir='ltr'>qui</span> <span class='ocrx_word' id='word_1_397' title='bbox 2857 3089 2976 3138; x_wconf 87' lang='lat' dir='ltr'>toto</span> <span class='ocrx_word' id='word_1_398' title='bbox 3028 3088 3153 3137; x_wconf 67' lang='lat' dir='ltr'>vitae</span> <span class='ocrx_word' id='word_1_399' title='bbox 3187 3101 3306 3138; x_wconf 67' lang='lat' dir='ltr'>suae</span> <span class='ocrx_word' id='word_1_400' title='bbox 3338 3088 3598 3152; x_wconf 88' lang='lat' dir='ltr'>tempore</span> <span class='ocrx_word' id='word_1_401' title='bbox 3631 3085 3769 3137; x_wconf 85' lang='lat' dir='ltr'>vixit</span> 
     </span>
    </p>
   </div>
   <div class='ocr_carea' id='block_1_62' title="bbox 2048 3172 3767 3244">
    <p class='ocr_par' dir='ltr' id='par_1_62' title="bbox 2048 3172 3767 3244">
     <span class='ocr_line' id='line_1_62' title="bbox 2048 3172 3767 3244; baseline -0.002 -15"><span class='ocrx_word' id='word_1_402' title='bbox 2048 3175 2267 3244; x_wconf 89' lang='lat' dir='ltr'>absque</span> <span class='ocrx_word' id='word_1_403' title='bbox 2302 3178 2470 3240; x_wconf 83' lang='lat' dir='ltr'>tecto,</span> <span class='ocrx_word' id='word_1_404' title='bbox 2504 3172 2644 3226; x_wconf 87' lang='lat' dir='ltr'>vixit</span> <span class='ocrx_word' id='word_1_405' title='bbox 2683 3177 2874 3226; x_wconf 87' lang='lat' dir='ltr'>autem</span> <span class='ocrx_word' id='word_1_406' title='bbox 2908 3173 3060 3228; x_wconf 89' lang='lat' dir='ltr'>circa</span> <span class='ocrx_word' id='word_1_407' title='bbox 3080 3172 3597 3226; x_wconf 88' lang='lat' dir='ltr'>Jordanem.Hunc</span> <span class='ocrx_word' id='word_1_408' title='bbox 3631 3174 3767 3227; x_wconf 83' lang='lat' dir='ltr'>bea-</span> 
     </span>
    </p>
   </div>
   <div class='ocr_carea' id='block_1_63' title="bbox 217 3252 1941 3329">
    <p class='ocr_par' dir='ltr' id='par_1_63' title="bbox 217 3252 1931 3323">
     <span class='ocr_line' id='line_1_63' title="bbox 217 3252 1931 3323; baseline 0 -15"><span class='ocrx_word' id='word_1_409' title='bbox 217 3258 407 3309; x_wconf 87' lang='lat' dir='ltr'>ettam</span> <span class='ocrx_word' id='word_1_410' title='bbox 467 3253 661 3322; x_wconf 87' lang='lat' dir='ltr'>ampla</span> <span class='ocrx_word' id='word_1_411' title='bbox 705 3252 838 3307; x_wconf 92' lang='lat' dir='ltr'>vitis</span> <span class='ocrx_word' id='word_1_412' title='bbox 896 3252 1099 3316; x_wconf 90' lang='lat' dir='ltr'>evasit,</span> <span class='ocrx_word' id='word_1_413' title='bbox 1132 3258 1197 3306; x_wconf 87' lang='lat' dir='ltr'>ut</span> <span class='ocrx_word' id='word_1_414' title='bbox 1264 3256 1480 3323; x_wconf 90' lang='lat' dir='ltr'>tegeret</span> <span class='ocrx_word' id='word_1_415' title='bbox 1532 3256 1715 3307; x_wconf 87' lang='lat' dir='ltr'>totam</span> <span class='ocrx_word' id='word_1_416' title='bbox 1748 3254 1931 3309; x_wconf 88' lang='lat' dir='ltr'>echa-</span> 
     </span>
    </p>
   </div>
   <div class='ocr_carea' id='block_1_64' title="bbox 2127 3252 3764 3329">
    <p class='ocr_par' dir='ltr' id='par_1_64' title="bbox 2127 3261 3764 3329">
     <span class='ocr_line' id='line_1_64' title="bbox 2127 3261 3764 3329; baseline 0.001 -12"><span class='ocrx_word' id='word_1_417' title='bbox 2127 3280 2164 3317; x_wconf 92' lang='lat' dir='ltr'>n</span> <span class='ocrx_word' id='word_1_418' title='bbox 2199 3263 2522 3329; x_wconf 87' lang='lat' dir='ltr'>cremitam,</span> <span class='ocrx_word' id='word_1_419' title='bbox 2557 3279 2687 3316; x_wconf 93' lang='lat' dir='ltr'>cum</span> <span class='ocrx_word' id='word_1_420' title='bbox 2720 3262 2905 3316; x_wconf 64' lang='lat' dir='ltr'>Judaei</span> <span class='ocrx_word' id='word_1_421' title='bbox 2941 3264 3080 3315; x_wconf 87' lang='lat' dir='ltr'>moti</span> <span class='ocrx_word' id='word_1_422' title='bbox 3114 3261 3508 3327; x_wconf 77' lang='lat' dir='ltr'>aemulatione,</span> <span class='ocrx_word' id='word_1_423' title='bbox 3534 3263 3591 3315; x_wconf 90' lang='lat' dir='ltr'>in</span> <span class='ocrx_word' id='word_1_424' title='bbox 3622 3262 3764 3318; x_wconf 89' lang='lat' dir='ltr'>locis</span> 
     </span>
    </p>
   </div>
   <div class='ocr_carea' id='block_1_65' title="bbox 215 3343 386 3398">
    <p class='ocr_par' dir='ltr' id='par_1_65' title="bbox 215 3343 386 3398">
     <span class='ocr_line' id='line_1_65' title="bbox 215 3343 386 3398; baseline -0.006 0"><span class='ocrx_word' id='word_1_425' title='bbox 215 3343 386 3398; x_wconf 91' lang='lat' dir='ltr'>siam.</span> 
     </span>
    </p>
   </div>
   <div class='ocr_carea' id='block_1_66' title="bbox 782 3448 1272 3507">
    <p class='ocr_par' dir='ltr' id='par_1_66' title="bbox 782 3448 1272 3507">
     <span class='ocr_line' id='line_1_66' title="bbox 782 3448 1272 3507; baseline -0.01 -1"><span class='ocrx_word' id='word_1_426' title='bbox 782 3502 785 3507; x_wconf 78' lang='lat'>,</span> <span class='ocrx_word' id='word_1_427' title='bbox 843 3448 1077 3505; x_wconf 84' lang='lat' dir='ltr'>CAPUT</span> <span class='ocrx_word' id='word_1_428' title='bbox 1109 3448 1272 3504; x_wconf 88' lang='lat' dir='ltr'>CVII.</span> 
     </span>
    </p>
   </div>
   <div class='ocr_carea' id='block_1_67' title="bbox 761 3558 1391 3613">
    <p class='ocr_par' dir='ltr' id='par_1_67' title="bbox 761 3558 1391 3613">
     <span class='ocr_line' id='line_1_67' title="bbox 761 3558 1391 3613; baseline -0.003 0"><span class='ocrx_word' id='word_1_429' title='bbox 761 3561 889 3613; x_wconf 84' lang='lat' dir='ltr'>Vita</span> <span class='ocrx_word' id='word_1_430' title='bbox 918 3559 1129 3613; x_wconf 81' lang='lat' dir='ltr'>abbatis</span> <span class='ocrx_word' id='word_1_431' title='bbox 1160 3558 1391 3612; x_wconf 62' lang='lat' dir='ltr'>xEnesii.</span> 
     </span>
    </p>
   </div>
   <div class='ocr_carea' id='block_1_68' title="bbox 290 3662 1939 3721">
    <p class='ocr_par' dir='ltr' id='par_1_68' title="bbox 290 3662 1939 3721">
     <span class='ocr_line' id='line_1_68' title="bbox 290 3662 1939 3721; baseline -0.003 0"><span class='ocrx_word' id='word_1_432' title='bbox 290 3667 429 3721; x_wconf 90' lang='lat' dir='ltr'>Cum</span> <span class='ocrx_word' id='word_1_433' title='bbox 474 3667 579 3720; x_wconf 91' lang='lat' dir='ltr'>hoc</span> <span class='ocrx_word' id='word_1_434' title='bbox 619 3669 817 3720; x_wconf 89' lang='lat' dir='ltr'>sancto</span> <span class='ocrx_word' id='word_1_435' title='bbox 870 3664 966 3718; x_wconf 92' lang='lat' dir='ltr'>Dei</span> <span class='ocrx_word' id='word_1_436' title='bbox 1016 3664 1230 3718; x_wconf 89' lang='lat' dir='ltr'>athleta</span> <span class='ocrx_word' id='word_1_437' title='bbox 1264 3680 1377 3717; x_wconf 90' lang='lat' dir='ltr'>una</span> <span class='ocrx_word' id='word_1_438' title='bbox 1431 3662 1604 3717; x_wconf 89' lang='lat' dir='ltr'>etiam</span> <span class='ocrx_word' id='word_1_439' title='bbox 1652 3663 1760 3716; x_wconf 88' lang='lat' dir='ltr'>fuit</span> <span class='ocrx_word' id='word_1_440' title='bbox 1801 3679 1939 3717; x_wconf 90' lang='lat' dir='ltr'>con-</span> 
     </span>
    </p>
   </div>
   <div class='ocr_carea' id='block_1_69' title="bbox 219 3753 1940 3826">
    <p class='ocr_par' dir='ltr' id='par_1_69' title="bbox 219 3753 1940 3826">
     <span class='ocr_line' id='line_1_69' title="bbox 219 3753 1940 3826; baseline -0.002 -15"><span class='ocrx_word' id='word_1_441' title='bbox 219 3762 543 3812; x_wconf 89' lang='lat' dir='ltr'>summatus</span> <span class='ocrx_word' id='word_1_442' title='bbox 599 3754 853 3826; x_wconf 85' lang='lat' dir='ltr'>inclytus</span> <span class='ocrx_word' id='word_1_443' title='bbox 904 3754 1003 3808; x_wconf 90' lang='lat' dir='ltr'>Dei</span> <span class='ocrx_word' id='word_1_444' title='bbox 1062 3770 1263 3809; x_wconf 87' lang='lat' dir='ltr'>servus</span> <span class='ocrx_word' id='word_1_445' title='bbox 1320 3753 1614 3821; x_wconf 67' lang='lat' dir='ltr'>IEnesius,</span> <span class='ocrx_word' id='word_1_446' title='bbox 1670 3753 1756 3806; x_wconf 90' lang='lat' dir='ltr'>vir</span> <span class='ocrx_word' id='word_1_447' title='bbox 1816 3769 1940 3807; x_wconf 88' lang='lat' dir='ltr'>ma-</span> 
     </span>
    </p>
   </div>
   <div class='ocr_carea' id='block_1_70' title="bbox 220 3844 1937 3917">
    <p class='ocr_par' dir='ltr' id='par_1_70' title="bbox 220 3844 1937 3917">
     <span class='ocr_line' id='line_1_70' title="bbox 220 3844 1937 3917; baseline -0.002 -17"><span class='ocrx_word' id='word_1_448' title='bbox 220 3865 341 3913; x_wconf 69' lang='lat' dir='ltr'>gnae</span> <span class='ocrx_word' id='word_1_449' title='bbox 381 3847 846 3913; x_wconf 86' lang='lat' dir='ltr'>existimationis,</span> <span class='ocrx_word' id='word_1_450' title='bbox 890 3851 945 3901; x_wconf 90' lang='lat' dir='ltr'>et</span> <span class='ocrx_word' id='word_1_451' title='bbox 972 3846 1070 3917; x_wconf 91' lang='lat' dir='ltr'>qui</span> <span class='ocrx_word' id='word_1_452' title='bbox 1105 3847 1213 3901; x_wconf 92' lang='lat' dir='ltr'>fuit</span> <span class='ocrx_word' id='word_1_453' title='bbox 1270 3845 1519 3915; x_wconf 87' lang='lat' dir='ltr'>insignis</span> <span class='ocrx_word' id='word_1_454' title='bbox 1557 3844 1614 3899; x_wconf 91' lang='lat' dir='ltr'>in</span> <span class='ocrx_word' id='word_1_455' title='bbox 1662 3844 1937 3899; x_wconf 87' lang='lat' dir='ltr'>exercita-</span> 
     </span>
    </p>
   </div>
   <div class='ocr_carea' id='block_1_71' title="bbox 220 3937 397 3989">
    <p class='ocr_par' dir='ltr' id='par_1_71' title="bbox 220 3937 397 3989">
     <span class='ocr_line' id='line_1_71' title="bbox 220 3937 397 3989; baseline -0.011 0"><span class='ocrx_word' id='word_1_456' title='bbox 220 3937 397 3989; x_wconf 82' lang='lat' dir='ltr'>tione.</span> 
     </span>
    </p>
   </div>
   <div class='ocr_carea' id='block_1_72' title="bbox 860 4060 1323 4117">
    <p class='ocr_par' dir='ltr' id='par_1_72' title="bbox 860 4060 1323 4117">
     <span class='ocr_line' id='line_1_72' title="bbox 860 4060 1323 4117; baseline 0.004 -3"><span class='ocrx_word' id='word_1_457' title='bbox 860 4060 1091 4115; x_wconf 86' lang='lat' dir='ltr'>CAPUT</span> <span class='ocrx_word' id='word_1_458' title='bbox 1132 4061 1323 4117; x_wconf 88' lang='lat' dir='ltr'>CVIII.</span> 
     </span>
    </p>
   </div>
   <div class='ocr_carea' id='block_1_73' title="bbox 610 4167 1484 4241">
    <p class='ocr_par' dir='ltr' id='par_1_73' title="bbox 610 4167 1484 4241">
     <span class='ocr_line' id='line_1_73' title="bbox 610 4167 1484 4241; baseline 0 -16"><span class='ocrx_word' id='word_1_459' title='bbox 610 4171 727 4225; x_wconf 86' lang='lat' dir='ltr'>Vita</span> <span class='ocrx_word' id='word_1_460' title='bbox 756 4167 971 4225; x_wconf 83' lang='lat' dir='ltr'>abbatis</span> <span class='ocrx_word' id='word_1_461' title='bbox 1002 4169 1277 4224; x_wconf 84' lang='lat' dir='ltr'>Eustathii</span> <span class='ocrx_word' id='word_1_462' title='bbox 1316 4170 1484 4241; x_wconf 83' lang='grc'>(155).</span> 
     </span>
    </p>
   </div>
   <div class='ocr_carea' id='block_1_74' title="bbox 289 4278 1939 4349">
    <p class='ocr_par' dir='ltr' id='par_1_74' title="bbox 289 4278 1939 4349">
     <span class='ocr_line' id='line_1_74' title="bbox 289 4278 1939 4349; baseline 0.001 -17"><span class='ocrx_word' id='word_1_463' title='bbox 289 4278 354 4333; x_wconf 87' lang='lat' dir='ltr'>Et</span> <span class='ocrx_word' id='word_1_464' title='bbox 411 4280 534 4349; x_wconf 84' lang='lat' dir='ltr'>ejus</span> <span class='ocrx_word' id='word_1_465' title='bbox 587 4281 762 4335; x_wconf 87' lang='lat' dir='ltr'>frater</span> <span class='ocrx_word' id='word_1_466' title='bbox 820 4280 1160 4335; x_wconf 84' lang='lat' dir='ltr'>Eustathius</span> <span class='ocrx_word' id='word_1_467' title='bbox 1239 4284 1295 4335; x_wconf 90' lang='lat' dir='ltr'>et</span> <span class='ocrx_word' id='word_1_468' title='bbox 1374 4280 1591 4335; x_wconf 86' lang='lat' dir='ltr'>honore</span> <span class='ocrx_word' id='word_1_469' title='bbox 1673 4278 1939 4349; x_wconf 75' lang='lat' dir='ltr'>aequalis,</span> 
     </span>
    </p>
   </div>
   <div class='ocr_carea' id='block_1_75' title="bbox 217 4372 1943 4443">
    <p class='ocr_par' dir='ltr' id='par_1_75' title="bbox 217 4372 1943 4443">
     <span class='ocr_line' id='line_1_75' title="bbox 217 4372 1943 4443; baseline -0.001 -18"><span class='ocrx_word' id='word_1_470' title='bbox 217 4376 601 4443; x_wconf 85' lang='lat' dir='ltr'>promptoque</span> <span class='ocrx_word' id='word_1_471' title='bbox 663 4377 719 4427; x_wconf 88' lang='lat' dir='ltr'>et</span> <span class='ocrx_word' id='word_1_472' title='bbox 778 4372 953 4427; x_wconf 90' lang='lat' dir='ltr'>alacri</span> <span class='ocrx_word' id='word_1_473' title='bbox 1008 4372 1204 4426; x_wconf 90' lang='lat' dir='ltr'>animo</span> <span class='ocrx_word' id='word_1_474' title='bbox 1263 4387 1532 4426; x_wconf 86' lang='lat' dir='ltr'>exercens</span> <span class='ocrx_word' id='word_1_475' title='bbox 1580 4372 1709 4425; x_wconf 78' lang='lat' dir='ltr'>vitae</span> <span class='ocrx_word' id='word_1_476' title='bbox 1756 4375 1943 4424; x_wconf 90' lang='lat' dir='ltr'>certa-</span> 
     </span>
    </p>
   </div>
   <div class='ocr_carea' id='block_1_76' title="bbox 218 4461 399 4516">
    <p class='ocr_par' dir='ltr' id='par_1_76' title="bbox 218 4461 399 4516">
     <span class='ocr_line' id='line_1_76' title="bbox 218 4461 399 4516; baseline 0.006 -1"><span class='ocrx_word' id='word_1_477' title='bbox 218 4461 399 4516; x_wconf 90' lang='lat' dir='ltr'>mina.</span> 
     </span>
    </p>
   </div>
   <div class='ocr_carea' id='block_1_77' title="bbox 292 4548 1940 4624">
    <p class='ocr_par' dir='ltr' id='par_1_77' title="bbox 292 4548 1940 4624">
     <span class='ocr_line' id='line_1_77' title="bbox 292 4548 1940 4624; baseline -0.002 -19"><span class='ocrx_word' id='word_1_478' title='bbox 292 4551 365 4606; x_wconf 88' lang='lat' dir='ltr'>Eo</span> <span class='ocrx_word' id='word_1_479' title='bbox 403 4562 596 4607; x_wconf 88' lang='lat' dir='ltr'>autem</span> <span class='ocrx_word' id='word_1_480' title='bbox 618 4552 897 4624; x_wconf 88' lang='lat' dir='ltr'>processit</span> <span class='ocrx_word' id='word_1_481' title='bbox 930 4552 1130 4607; x_wconf 87' lang='lat' dir='ltr'>beatus</span> <span class='ocrx_word' id='word_1_482' title='bbox 1182 4550 1446 4621; x_wconf 89' lang='lat' dir='ltr'>Elpidius</span> <span class='ocrx_word' id='word_1_483' title='bbox 1507 4548 1940 4621; x_wconf 87' lang='lat' dir='ltr'>impatibilitate</span> 
     </span>
    </p>
   </div>
   <div class='ocr_carea' id='block_1_78' title="bbox 2048 3351 3764 3424">
    <p class='ocr_par' dir='ltr' id='par_1_78' title="bbox 2048 3351 3764 3424">
     <span class='ocr_line' id='line_1_78' title="bbox 2048 3351 3764 3424; baseline 0 -17"><span class='ocrx_word' id='word_1_484' title='bbox 2048 3370 2172 3424; x_wconf 82' lang='lat' dir='ltr'>quae</span> <span class='ocrx_word' id='word_1_485' title='bbox 2207 3356 2341 3407; x_wconf 90' lang='lat' dir='ltr'>sunt</span> <span class='ocrx_word' id='word_1_486' title='bbox 2369 3352 2519 3407; x_wconf 77' lang='lat' dir='ltr'>circa</span> <span class='ocrx_word' id='word_1_487' title='bbox 2552 3368 2709 3406; x_wconf 85' lang='lat' dir='ltr'>mare</span> <span class='ocrx_word' id='word_1_488' title='bbox 2742 3351 3034 3406; x_wconf 88' lang='lat' dir='ltr'>Mortuum</span> <span class='ocrx_word' id='word_1_489' title='bbox 3086 3352 3293 3417; x_wconf 88' lang='lat' dir='ltr'>adorti,</span> <span class='ocrx_word' id='word_1_490' title='bbox 3328 3351 3527 3407; x_wconf 89' lang='lat' dir='ltr'>stricto</span> <span class='ocrx_word' id='word_1_491' title='bbox 3576 3351 3764 3420; x_wconf 82' lang='lat' dir='ltr'>gladio</span> 
     </span>
    </p>
   </div>
   <div class='ocr_carea' id='block_1_79' title="bbox 2048 3440 3763 3509">
    <p class='ocr_par' dir='ltr' id='par_1_79' title="bbox 2048 3440 3763 3509">
     <span class='ocr_line' id='line_1_79' title="bbox 2048 3440 3763 3509; baseline 0.001 -14"><span class='ocrx_word' id='word_1_492' title='bbox 2048 3442 2419 3509; x_wconf 87' lang='lat' dir='ltr'>invasissent,</span> <span class='ocrx_word' id='word_1_493' title='bbox 2452 3442 2660 3495; x_wconf 86' lang='lat' dir='ltr'>accidit</span> <span class='ocrx_word' id='word_1_494' title='bbox 2702 3449 2760 3494; x_wconf 89' lang='lat' dir='ltr'>ut</span> <span class='ocrx_word' id='word_1_495' title='bbox 2829 3441 2942 3495; x_wconf 89' lang='lat' dir='ltr'>tale</span> <span class='ocrx_word' id='word_1_496' title='bbox 3003 3441 3158 3495; x_wconf 86' lang='lat' dir='ltr'>ﬁeret</span> <span class='ocrx_word' id='word_1_497' title='bbox 3218 3440 3586 3496; x_wconf 83' lang='lat' dir='ltr'>miraculum.</span> <span class='ocrx_word' id='word_1_498' title='bbox 3621 3442 3763 3496; x_wconf 89' lang='lat' dir='ltr'>Dum</span> 
     </span>
    </p>
   </div>
   <div class='ocr_carea' id='block_1_80' title="bbox 2048 3530 3759 3601">
    <p class='ocr_par' dir='ltr' id='par_1_80' title="bbox 2048 3530 3759 3601">
     <span class='ocr_line' id='line_1_80' title="bbox 2048 3530 3759 3601; baseline -0.001 -15"><span class='ocrx_word' id='word_1_499' title='bbox 2048 3548 2244 3587; x_wconf 91' lang='lat' dir='ltr'>ensem</span> <span class='ocrx_word' id='word_1_500' title='bbox 2271 3530 2587 3597; x_wconf 86' lang='lat' dir='ltr'>extolleret,</span> <span class='ocrx_word' id='word_1_501' title='bbox 2616 3536 2672 3586; x_wconf 91' lang='lat' dir='ltr'>et</span> <span class='ocrx_word' id='word_1_502' title='bbox 2700 3530 2869 3585; x_wconf 86' lang='lat' dir='ltr'>vellet</span> <span class='ocrx_word' id='word_1_503' title='bbox 2890 3531 3179 3585; x_wconf 64' lang='lat' dir='ltr'>Gaddanae</span> <span class='ocrx_word' id='word_1_504' title='bbox 3206 3530 3407 3585; x_wconf 78' lang='lat' dir='ltr'>afferre</span> <span class='ocrx_word' id='word_1_505' title='bbox 3439 3531 3759 3601; x_wconf 86' lang='lat' dir='ltr'>interitum,</span> 
     </span>
    </p>
   </div>
   <div class='ocr_carea' id='block_1_81' title="bbox 2049 3621 3762 3693">
    <p class='ocr_par' dir='ltr' id='par_1_81' title="bbox 2049 3621 3762 3693">
     <span class='ocr_line' id='line_1_81' title="bbox 2049 3621 3762 3693; baseline -0.002 -15"><span class='ocrx_word' id='word_1_506' title='bbox 2049 3623 2332 3679; x_wconf 79' lang='lat' dir='ltr'>exsiccata</span> <span class='ocrx_word' id='word_1_507' title='bbox 2399 3628 2485 3678; x_wconf 90' lang='lat' dir='ltr'>est</span> <span class='ocrx_word' id='word_1_508' title='bbox 2545 3639 2753 3677; x_wconf 90' lang='lat' dir='ltr'>manus</span> <span class='ocrx_word' id='word_1_509' title='bbox 2814 3622 2938 3691; x_wconf 75' lang='lat' dir='ltr'>r-jus</span> <span class='ocrx_word' id='word_1_510' title='bbox 2972 3622 3061 3693; x_wconf 87' lang='lat' dir='ltr'>qui</span> <span class='ocrx_word' id='word_1_511' title='bbox 3091 3622 3560 3688; x_wconf 88' lang='lat' dir='ltr'>enscmtenebat,</span> <span class='ocrx_word' id='word_1_512' title='bbox 3594 3621 3762 3692; x_wconf 87' lang='lat' dir='ltr'>isque</span> 
     </span>
    </p>
   </div>
   <div class='ocr_carea' id='block_1_82' title="bbox 2050 3712 3761 3769">
    <p class='ocr_par' dir='ltr' id='par_1_82' title="bbox 2050 3712 3761 3769">
     <span class='ocr_line' id='line_1_82' title="bbox 2050 3712 3761 3769; baseline -0.001 -3"><span class='ocrx_word' id='word_1_513' title='bbox 2050 3713 2131 3768; x_wconf 86' lang='lat' dir='ltr'>illi</span> <span class='ocrx_word' id='word_1_514' title='bbox 2182 3714 2260 3767; x_wconf 87' lang='lat' dir='ltr'>ita</span> <span class='ocrx_word' id='word_1_515' title='bbox 2306 3713 2514 3768; x_wconf 86' lang='lat' dir='ltr'>cecidit</span> <span class='ocrx_word' id='word_1_516' title='bbox 2544 3718 2607 3767; x_wconf 92' lang='lat' dir='ltr'>ut</span> <span class='ocrx_word' id='word_1_517' title='bbox 2658 3730 2768 3768; x_wconf 92' lang='lat' dir='ltr'>non</span> <span class='ocrx_word' id='word_1_518' title='bbox 2821 3713 3079 3767; x_wconf 88' lang='lat' dir='ltr'>sentiret.</span> <span class='ocrx_word' id='word_1_519' title='bbox 3107 3712 3221 3769; x_wconf 88' lang='lat' dir='ltr'>Hoc</span> <span class='ocrx_word' id='word_1_520' title='bbox 3273 3712 3552 3767; x_wconf 78' lang='lat' dir='ltr'>auxilium</span> <span class='ocrx_word' id='word_1_521' title='bbox 3586 3731 3615 3766; x_wconf 92' lang='lat' dir='ltr'>a</span> <span class='ocrx_word' id='word_1_522' title='bbox 3646 3712 3761 3765; x_wconf 86' lang='lat' dir='ltr'>Deo</span> 
     </span>
    </p>
   </div>
   <div class='ocr_carea' id='block_1_83' title="bbox 2050 3802 3760 3871">
    <p class='ocr_par' dir='ltr' id='par_1_83' title="bbox 2050 3802 3760 3871">
     <span class='ocr_line' id='line_1_83' title="bbox 2050 3802 3760 3871; baseline 0 -14"><span class='ocrx_word' id='word_1_523' title='bbox 2050 3802 2228 3857; x_wconf 85' lang='lat' dir='ltr'>latum</span> <span class='ocrx_word' id='word_1_524' title='bbox 2260 3806 2349 3857; x_wconf 90' lang='lat' dir='ltr'>est</span> <span class='ocrx_word' id='word_1_525' title='bbox 2378 3804 2545 3857; x_wconf 86' lang='lat' dir='ltr'>beato</span> <span class='ocrx_word' id='word_1_526' title='bbox 2577 3802 2870 3871; x_wconf 82' lang='lat' dir='ltr'>Gaddana,</span> <span class='ocrx_word' id='word_1_527' title='bbox 2904 3807 2959 3855; x_wconf 92' lang='lat' dir='ltr'>et</span> <span class='ocrx_word' id='word_1_528' title='bbox 2990 3802 3108 3856; x_wconf 72' lang='lat' dir='ltr'>haec</span> <span class='ocrx_word' id='word_1_529' title='bbox 3141 3804 3325 3857; x_wconf 89' lang='lat' dir='ltr'>victus</span> <span class='ocrx_word' id='word_1_530' title='bbox 3351 3802 3497 3857; x_wconf 88' lang='lat' dir='ltr'>beati</span> <span class='ocrx_word' id='word_1_531' title='bbox 3530 3802 3629 3855; x_wconf 86' lang='lat' dir='ltr'>viri</span> <span class='ocrx_word' id='word_1_532' title='bbox 3662 3818 3760 3857; x_wconf 89' lang='lat' dir='ltr'>us-</span> 
     </span>
    </p>
   </div>
   <div class='ocr_carea' id='block_1_84' title="bbox 2051 3892 2657 3962">
    <p class='ocr_par' dir='ltr' id='par_1_84' title="bbox 2051 3892 2657 3962">
     <span class='ocr_line' id='line_1_84' title="bbox 2051 3892 2657 3962; baseline -0.002 -15"><span class='ocrx_word' id='word_1_533' title='bbox 2051 3910 2162 3962; x_wconf 90' lang='lat' dir='ltr'>que</span> <span class='ocrx_word' id='word_1_534' title='bbox 2195 3893 2265 3947; x_wconf 85' lang='lat' dir='ltr'>ad</span> <span class='ocrx_word' id='word_1_535' title='bbox 2300 3894 2474 3947; x_wconf 84' lang='lat' dir='ltr'>tinem</span> <span class='ocrx_word' id='word_1_536' title='bbox 2508 3892 2657 3946; x_wconf 71' lang='lat' dir='ltr'>vitea.</span> 
     </span>
    </p>
   </div>
   <div class='ocr_carea' id='block_1_85' title="bbox 2694 3999 3103 4056">
    <p class='ocr_par' dir='ltr' id='par_1_85' title="bbox 2694 3999 3103 4056">
     <span class='ocr_line' id='line_1_85' title="bbox 2694 3999 3103 4056; baseline -0.005 -1"><span class='ocrx_word' id='word_1_537' title='bbox 2694 3999 2922 4055; x_wconf 82' lang='lat' dir='ltr'>CAPUT</span> <span class='ocrx_word' id='word_1_538' title='bbox 2958 4001 3103 4056; x_wconf 76' lang='lat' dir='ltr'>CXI.</span> 
     </span>
    </p>
   </div>
   <div class='ocr_carea' id='block_1_86' title="bbox 2625 4089 3175 4146">
    <p class='ocr_par' dir='ltr' id='par_1_86' title="bbox 2625 4089 3175 4146">
     <span class='ocr_line' id='line_1_86' title="bbox 2625 4089 3175 4146; baseline -0.004 0"><span class='ocrx_word' id='word_1_539' title='bbox 2625 4091 2741 4146; x_wconf 83' lang='lat' dir='ltr'>Vita</span> <span class='ocrx_word' id='word_1_540' title='bbox 2772 4089 2983 4145; x_wconf 76' lang='lat' dir='ltr'>abbatis</span> <span class='ocrx_word' id='word_1_541' title='bbox 3018 4090 3175 4146; x_wconf 62' lang='lat' dir='ltr'>Elim.</span> 
     </span>
    </p>
   </div>
   <div class='ocr_carea' id='block_1_87' title="bbox 2123 4197 3768 4269">
    <p class='ocr_par' dir='ltr' id='par_1_87' title="bbox 2123 4197 3768 4269">
     <span class='ocr_line' id='line_1_87' title="bbox 2123 4197 3768 4269; baseline 0.001 -15"><span class='ocrx_word' id='word_1_542' title='bbox 2123 4199 2339 4254; x_wconf 81' lang='lat' dir='ltr'>Rursus</span> <span class='ocrx_word' id='word_1_543' title='bbox 2368 4199 2599 4268; x_wconf 79' lang='lat' dir='ltr'>quidam</span> <span class='ocrx_word' id='word_1_544' title='bbox 2625 4199 2777 4255; x_wconf 90' lang='lat' dir='ltr'>Elias</span> <span class='ocrx_word' id='word_1_545' title='bbox 2824 4199 3146 4255; x_wconf 86' lang='lat' dir='ltr'>monachus</span> <span class='ocrx_word' id='word_1_546' title='bbox 3198 4197 3673 4269; x_wconf 89' lang='lat' dir='ltr'>probatissimus,</span> <span class='ocrx_word' id='word_1_547' title='bbox 3709 4198 3768 4255; x_wconf 91' lang='lat' dir='ltr'>in</span> 
     </span>
    </p>
   </div>
   <div class='ocr_carea' id='block_1_88' title="bbox 2050 4286 3766 4359">
    <p class='ocr_par' dir='ltr' id='par_1_88' title="bbox 2050 4286 3766 4359">
     <span class='ocr_line' id='line_1_88' title="bbox 2050 4286 3766 4359; baseline 0.002 -19"><span class='ocrx_word' id='word_1_548' title='bbox 2050 4286 2259 4343; x_wconf 88' lang='lat' dir='ltr'>iisdem</span> <span class='ocrx_word' id='word_1_549' title='bbox 2295 4288 2434 4344; x_wconf 90' lang='lat' dir='ltr'>locis</span> <span class='ocrx_word' id='word_1_550' title='bbox 2463 4288 2759 4343; x_wconf 83' lang='lat' dir='ltr'>habitabat</span> <span class='ocrx_word' id='word_1_551' title='bbox 2789 4289 2845 4343; x_wconf 91' lang='lat' dir='ltr'>in</span> <span class='ocrx_word' id='word_1_552' title='bbox 2878 4288 3195 4359; x_wconf 88' lang='lat' dir='ltr'>spelunca;</span> <span class='ocrx_word' id='word_1_553' title='bbox 3229 4292 3435 4343; x_wconf 89' lang='lat' dir='ltr'>etcum</span> <span class='ocrx_word' id='word_1_554' title='bbox 3468 4293 3620 4343; x_wconf 89' lang='lat' dir='ltr'>esset</span> <span class='ocrx_word' id='word_1_555' title='bbox 3642 4289 3766 4343; x_wconf 86' lang='lat' dir='ltr'>vitae</span> 
     </span>
    </p>
   </div>
   <div class='ocr_carea' id='block_1_89' title="bbox 2059 4375 3763 4446">
    <p class='ocr_par' dir='ltr' id='par_1_89' title="bbox 2059 4375 3763 4446">
     <span class='ocr_line' id='line_1_89' title="bbox 2059 4375 3763 4446; baseline 0 -17"><span class='ocrx_word' id='word_1_556' title='bbox 2059 4375 2470 4431; x_wconf 71' lang='lat' dir='ltr'>honestissimae</span> <span class='ocrx_word' id='word_1_557' title='bbox 2502 4381 2557 4431; x_wconf 89' lang='lat' dir='ltr'>et</span> <span class='ocrx_word' id='word_1_558' title='bbox 2621 4376 2679 4429; x_wconf 91' lang='lat' dir='ltr'>in</span> <span class='ocrx_word' id='word_1_559' title='bbox 2734 4376 2938 4446; x_wconf 88' lang='lat' dir='ltr'>primis</span> <span class='ocrx_word' id='word_1_560' title='bbox 2982 4375 3280 4445; x_wconf 69' lang='lat' dir='ltr'>religiosae,</span> <span class='ocrx_word' id='word_1_561' title='bbox 3308 4377 3548 4431; x_wconf 88' lang='lat' dir='ltr'>vocabat</span> <span class='ocrx_word' id='word_1_562' title='bbox 3578 4377 3763 4431; x_wconf 87' lang='lat' dir='ltr'>conti-</span> 
     </span>
    </p>
   </div>
   <div class='ocr_carea' id='block_1_90' title="bbox 2060 4464 3771 4536">
    <p class='ocr_par' dir='ltr' id='par_1_90' title="bbox 2060 4464 3771 4536">
     <span class='ocr_line' id='line_1_90' title="bbox 2060 4464 3771 4536; baseline 0.001 -19"><span class='ocrx_word' id='word_1_563' title='bbox 2060 4464 2267 4518; x_wconf 68' lang='lat' dir='ltr'>nentiae</span> <span class='ocrx_word' id='word_1_564' title='bbox 2301 4468 2357 4518; x_wconf 90' lang='lat' dir='ltr'>et</span> <span class='ocrx_word' id='word_1_565' title='bbox 2387 4464 2656 4531; x_wconf 86' lang='lat' dir='ltr'>orationi,</span> <span class='ocrx_word' id='word_1_566' title='bbox 2688 4480 2887 4519; x_wconf 90' lang='lat' dir='ltr'>omnes</span> <span class='ocrx_word' id='word_1_567' title='bbox 2921 4464 3294 4520; x_wconf 90' lang='lat' dir='ltr'>advenientes</span> <span class='ocrx_word' id='word_1_568' title='bbox 3336 4464 3584 4536; x_wconf 91' lang='lat' dir='ltr'>benigne</span> <span class='ocrx_word' id='word_1_569' title='bbox 3625 4465 3771 4518; x_wconf 86' lang='lat' dir='ltr'>exci-</span> 
     </span>
    </p>
   </div>
   <div class='ocr_carea' id='block_1_91' title="bbox 2060 4552 3773 4624">
    <p class='ocr_par' dir='ltr' id='par_1_91' title="bbox 2060 4552 3773 4624">
     <span class='ocr_line' id='line_1_91' title="bbox 2060 4552 3773 4624; baseline 0.002 -20"><span class='ocrx_word' id='word_1_570' title='bbox 2060 4552 2244 4620; x_wconf 89' lang='lat' dir='ltr'>piens.</span> <span class='ocrx_word' id='word_1_571' title='bbox 2276 4553 2532 4615; x_wconf 88' lang='lat' dir='ltr'>Quodam</span> <span class='ocrx_word' id='word_1_572' title='bbox 2565 4568 2699 4623; x_wconf 89' lang='lat' dir='ltr'>ergo</span> <span class='ocrx_word' id='word_1_573' title='bbox 2740 4553 2833 4607; x_wconf 91' lang='lat' dir='ltr'>die</span> <span class='ocrx_word' id='word_1_574' title='bbox 2880 4568 3012 4608; x_wconf 91' lang='lat' dir='ltr'>cum</span> <span class='ocrx_word' id='word_1_575' title='bbox 3082 4552 3408 4624; x_wconf 87' lang='lat' dir='ltr'>complures</span> <span class='ocrx_word' id='word_1_576' title='bbox 3465 4556 3667 4609; x_wconf 86' lang='lat' dir='ltr'>fratres</span> <span class='ocrx_word' id='word_1_577' title='bbox 3699 4552 3773 4608; x_wconf 88' lang='lat' dir='ltr'>ad</span> 
     </span>
    </p>
   </div>
   <div class='ocr_carea' id='block_1_92' title="bbox 225 4632 3768 4713">
    <p class='ocr_par' dir='ltr' id='par_1_92' title="bbox 225 4632 3768 4713">
     <span class='ocr_line' id='line_1_92' title="bbox 225 4632 3768 4713; baseline 0.001 -20"><span class='ocrx_word' id='word_1_578' title='bbox 225 4656 435 4710; x_wconf 91' lang='lat' dir='ltr'>corpus</span> <span class='ocrx_word' id='word_1_579' title='bbox 462 4658 785 4713; x_wconf 80' lang='lat' dir='ltr'>macerans,</span> <span class='ocrx_word' id='word_1_580' title='bbox 813 4646 875 4698; x_wconf 88' lang='lat' dir='ltr'>ut</span> <span class='ocrx_word' id='word_1_581' title='bbox 905 4646 1025 4697; x_wconf 90' lang='lat' dir='ltr'>tota</span> <span class='ocrx_word' id='word_1_582' title='bbox 1057 4639 1358 4712; x_wconf 85' lang='lat' dir='ltr'>ejus(t59)</span> <span class='ocrx_word' id='word_1_583' title='bbox 1396 4639 1616 4694; x_wconf 88' lang='lat' dir='ltr'>ossium</span> <span class='ocrx_word' id='word_1_584' title='bbox 1649 4643 1941 4693; x_wconf 86' lang='lat' dir='ltr'>structura</span> <span class='ocrx_word' id='word_1_585' title='bbox 1973 4632 2018 4695; x_wconf 91' lang='lat' dir='ltr'>D</span> <span class='ocrx_word' id='word_1_586' title='bbox 2052 4659 2184 4698; x_wconf 90' lang='lat' dir='ltr'>eum</span> <span class='ocrx_word' id='word_1_587' title='bbox 2218 4642 2624 4709; x_wconf 82' lang='lat' dir='ltr'>accessissent,</span> <span class='ocrx_word' id='word_1_588' title='bbox 2658 4647 2777 4697; x_wconf 78' lang='lat' dir='ltr'>erat</span> <span class='ocrx_word' id='word_1_589' title='bbox 2806 4644 2960 4697; x_wconf 90' lang='lat' dir='ltr'>enim</span> <span class='ocrx_word' id='word_1_590' title='bbox 3003 4641 3134 4697; x_wconf 91' lang='lat' dir='ltr'>illac</span> <span class='ocrx_word' id='word_1_591' title='bbox 3191 4643 3275 4698; x_wconf 89' lang='lat' dir='ltr'>eis</span> <span class='ocrx_word' id='word_1_592' title='bbox 3318 4642 3768 4710; x_wconf 88' lang='lat' dir='ltr'>transeundum,</span> 
     </span>
    </p>
   </div>
   <div class='ocr_carea' id='block_1_93' title="bbox 229 4727 1942 4801">
    <p class='ocr_par' dir='ltr' id='par_1_93' title="bbox 229 4727 1942 4801">
     <span class='ocr_line' id='line_1_93' title="bbox 229 4727 1942 4801; baseline -0.001 -19"><span class='ocrx_word' id='word_1_593' title='bbox 229 4732 533 4799; x_wconf 89' lang='lat' dir='ltr'>perspicue</span> <span class='ocrx_word' id='word_1_594' title='bbox 574 4736 812 4801; x_wconf 89' lang='lat' dir='ltr'>pateret.</span> <span class='ocrx_word' id='word_1_595' title='bbox 839 4733 1040 4787; x_wconf 89' lang='lat' dir='ltr'>Fertur</span> <span class='ocrx_word' id='word_1_596' title='bbox 1065 4736 1259 4786; x_wconf 87' lang='lat' dir='ltr'>autem</span> <span class='ocrx_word' id='word_1_597' title='bbox 1308 4730 1413 4785; x_wconf 91' lang='lat' dir='ltr'>hoc</span> <span class='ocrx_word' id='word_1_598' title='bbox 1466 4744 1693 4800; x_wconf 89' lang='lat' dir='ltr'>quoque</span> <span class='ocrx_word' id='word_1_599' title='bbox 1723 4728 1781 4781; x_wconf 92' lang='lat' dir='ltr'>in</span> <span class='ocrx_word' id='word_1_600' title='bbox 1814 4727 1942 4797; x_wconf 89' lang='lat' dir='ltr'>ejus</span> 
     </span>
    </p>
   </div>
   <div class='ocr_carea' id='block_1_94' title="bbox 230 4818 1942 4889">
    <p class='ocr_par' dir='ltr' id='par_1_94' title="bbox 230 4818 1942 4889">
     <span class='ocr_line' id='line_1_94' title="bbox 230 4818 1942 4889; baseline -0.001 -16"><span class='ocrx_word' id='word_1_601' title='bbox 230 4820 456 4875; x_wconf 88' lang='lat' dir='ltr'>virtutis</span> <span class='ocrx_word' id='word_1_602' title='bbox 499 4822 931 4877; x_wconf 89' lang='lat' dir='ltr'>narrationibus</span> <span class='ocrx_word' id='word_1_603' title='bbox 964 4839 996 4876; x_wconf 91' lang='lat' dir='ltr'>a</span> <span class='ocrx_word' id='word_1_604' title='bbox 1018 4821 1296 4877; x_wconf 88' lang='lat' dir='ltr'>studiosis</span> <span class='ocrx_word' id='word_1_605' title='bbox 1317 4820 1443 4889; x_wconf 88' lang='lat' dir='ltr'>ejus</span> <span class='ocrx_word' id='word_1_606' title='bbox 1458 4818 1942 4888; x_wconf 87' lang='lat' dir='ltr'>discipulis,quod</span> 
     </span>
    </p>
   </div>
   <div class='ocr_carea' id='block_1_95' title="bbox 232 4907 1945 4981">
    <p class='ocr_par' dir='ltr' id='par_1_95' title="bbox 232 4907 1945 4981">
     <span class='ocr_line' id='line_1_95' title="bbox 232 4907 1945 4981; baseline -0.002 -16"><span class='ocrx_word' id='word_1_607' title='bbox 232 4910 369 4965; x_wconf 89' lang='lat' dir='ltr'>totis</span> <span class='ocrx_word' id='word_1_608' title='bbox 400 4911 605 4980; x_wconf 89' lang='lat' dir='ltr'>viginti</span> <span class='ocrx_word' id='word_1_609' title='bbox 639 4912 897 4981; x_wconf 89' lang='lat' dir='ltr'>quinque</span> <span class='ocrx_word' id='word_1_610' title='bbox 926 4910 1094 4965; x_wconf 90' lang='lat' dir='ltr'>annis</span> <span class='ocrx_word' id='word_1_611' title='bbox 1117 4927 1233 4964; x_wconf 90' lang='lat' dir='ltr'>non</span> <span class='ocrx_word' id='word_1_612' title='bbox 1265 4908 1373 4963; x_wconf 89' lang='lat' dir='ltr'>fuit</span> <span class='ocrx_word' id='word_1_613' title='bbox 1404 4925 1718 4963; x_wconf 89' lang='lat' dir='ltr'>conversus</span> <span class='ocrx_word' id='word_1_614' title='bbox 1750 4909 1819 4962; x_wconf 91' lang='lat' dir='ltr'>ad</span> <span class='ocrx_word' id='word_1_615' title='bbox 1845 4907 1945 4962; x_wconf 91' lang='lat' dir='ltr'>Oc-</span> 
     </span>
    </p>
   </div>
   <div class='ocr_carea' id='block_1_96' title="bbox 235 4997 1943 5070">
    <p class='ocr_par' dir='ltr' id='par_1_96' title="bbox 235 4997 1943 5070">
     <span class='ocr_line' id='line_1_96' title="bbox 235 4997 1943 5070; baseline -0.002 -15"><span class='ocrx_word' id='word_1_616' title='bbox 235 5000 700 5067; x_wconf 88' lang='lat' dir='ltr'>cidentem;etsi</span> <span class='ocrx_word' id='word_1_617' title='bbox 767 5000 1061 5070; x_wconf 80' lang='lat' dir='ltr'>speluncae</span> <span class='ocrx_word' id='word_1_618' title='bbox 1129 5000 1344 5054; x_wconf 88' lang='lat' dir='ltr'>ostium</span> <span class='ocrx_word' id='word_1_619' title='bbox 1405 5002 1560 5053; x_wconf 87' lang='lat' dir='ltr'>esset</span> <span class='ocrx_word' id='word_1_620' title='bbox 1603 4998 1855 5069; x_wconf 86' lang='lat' dir='ltr'>positum</span> <span class='ocrx_word' id='word_1_621' title='bbox 1887 4997 1943 5051; x_wconf 90' lang='lat' dir='ltr'>in</span> 
     </span>
    </p>
   </div>
   <div class='ocr_carea' id='block_1_97' title="bbox 236 5085 1945 5159">
    <p class='ocr_par' dir='ltr' id='par_1_97' title="bbox 236 5085 1945 5159">
     <span class='ocr_line' id='line_1_97' title="bbox 236 5085 1945 5159; baseline -0.004 -14"><span class='ocrx_word' id='word_1_622' title='bbox 236 5089 451 5145; x_wconf 90' lang='lat' dir='ltr'>montis</span> <span class='ocrx_word' id='word_1_623' title='bbox 510 5088 829 5143; x_wconf 87' lang='lat' dir='ltr'>cacumine.</span> <span class='ocrx_word' id='word_1_624' title='bbox 864 5088 1056 5159; x_wconf 87' lang='lat' dir='ltr'>Neque</span> <span class='ocrx_word' id='word_1_625' title='bbox 1106 5093 1238 5157; x_wconf 87' lang='lat' dir='ltr'>post</span> <span class='ocrx_word' id='word_1_626' title='bbox 1279 5088 1478 5142; x_wconf 89' lang='lat' dir='ltr'>horam</span> <span class='ocrx_word' id='word_1_627' title='bbox 1513 5096 1731 5141; x_wconf 82' lang='lat' dir='ltr'>sextam</span> <span class='ocrx_word' id='word_1_628' title='bbox 1764 5085 1945 5141; x_wconf 91' lang='lat' dir='ltr'>solem</span> 
     </span>
    </p>
   </div>
   <div class='ocr_carea' id='block_1_98' title="bbox 236 5175 1946 5250">
    <p class='ocr_par' dir='ltr' id='par_1_98' title="bbox 236 5175 1946 5250">
     <span class='ocr_line' id='line_1_98' title="bbox 236 5175 1946 5250; baseline -0.003 -17"><span class='ocrx_word' id='word_1_629' title='bbox 236 5178 335 5250; x_wconf 90' lang='lat' dir='ltr'>qui</span> <span class='ocrx_word' id='word_1_630' title='bbox 378 5177 719 5232; x_wconf 86' lang='lat' dir='ltr'>imminebat</span> <span class='ocrx_word' id='word_1_631' title='bbox 749 5176 942 5245; x_wconf 87' lang='lat' dir='ltr'>capiti,</span> <span class='ocrx_word' id='word_1_632' title='bbox 984 5176 1130 5230; x_wconf 89' lang='lat' dir='ltr'>vidit</span> <span class='ocrx_word' id='word_1_633' title='bbox 1169 5191 1427 5246; x_wconf 88' lang='lat' dir='ltr'>unquam</span> <span class='ocrx_word' id='word_1_634' title='bbox 1470 5175 1843 5229; x_wconf 88' lang='lat' dir='ltr'>inclinantem</span> <span class='ocrx_word' id='word_1_635' title='bbox 1877 5176 1946 5228; x_wconf 91' lang='lat' dir='ltr'>ad</span> 
     </span>
    </p>
   </div>
   <div class='ocr_carea' id='block_1_99' title="bbox 236 5264 1950 5337">
    <p class='ocr_par' dir='ltr' id='par_1_99' title="bbox 236 5264 1950 5337">
     <span class='ocr_line' id='line_1_99' title="bbox 236 5264 1950 5337; baseline -0.003 -15"><span class='ocrx_word' id='word_1_636' title='bbox 236 5269 636 5335; x_wconf 84' lang='lat' dir='ltr'>Occidentem;</span> <span class='ocrx_word' id='word_1_637' title='bbox 675 5282 860 5337; x_wconf 87' lang='lat' dir='ltr'>neque</span> <span class='ocrx_word' id='word_1_638' title='bbox 890 5265 1088 5320; x_wconf 90' lang='lat' dir='ltr'>stellas</span> <span class='ocrx_word' id='word_1_639' title='bbox 1143 5282 1268 5335; x_wconf 67' lang='lat' dir='ltr'>qua:</span> <span class='ocrx_word' id='word_1_640' title='bbox 1327 5265 1385 5317; x_wconf 90' lang='lat' dir='ltr'>in</span> <span class='ocrx_word' id='word_1_641' title='bbox 1431 5280 1640 5318; x_wconf 90' lang='lat' dir='ltr'>occasu</span> <span class='ocrx_word' id='word_1_642' title='bbox 1681 5264 1950 5317; x_wconf 90' lang='lat' dir='ltr'>oriuntur</span> 
     </span>
    </p>
   </div>
   <div class='ocr_carea' id='block_1_100' title="bbox 235 5352 1950 5428">
    <p class='ocr_par' dir='ltr' id='par_1_100' title="bbox 235 5352 1950 5428">
     <span class='ocr_line' id='line_1_100' title="bbox 235 5352 1950 5428; baseline -0.002 -17"><span class='ocrx_word' id='word_1_643' title='bbox 235 5357 374 5412; x_wconf 88' lang='lat' dir='ltr'>vidit</span> <span class='ocrx_word' id='word_1_644' title='bbox 404 5358 603 5428; x_wconf 88' lang='lat' dir='ltr'>viginti</span> <span class='ocrx_word' id='word_1_645' title='bbox 637 5359 823 5413; x_wconf 87' lang='lat' dir='ltr'>annis.</span> <span class='ocrx_word' id='word_1_646' title='bbox 850 5360 953 5410; x_wconf 85' lang='lat' dir='ltr'>Hic</span> <span class='ocrx_word' id='word_1_647' title='bbox 988 5371 1239 5426; x_wconf 84' lang='lat' dir='ltr'>magnus</span> <span class='ocrx_word' id='word_1_648' title='bbox 1282 5353 1503 5407; x_wconf 88' lang='lat' dir='ltr'>athleta</span> <span class='ocrx_word' id='word_1_649' title='bbox 1546 5352 1858 5422; x_wconf 61' lang='lat' dir='ltr'>patientiae,</span> <span class='ocrx_word' id='word_1_650' title='bbox 1883 5370 1950 5407; x_wconf 90' lang='lat' dir='ltr'>ex</span> 
     </span>
    </p>
   </div>
   <div class='ocr_carea' id='block_1_101' title="bbox 234 5442 1951 5519">
    <p class='ocr_par' dir='ltr' id='par_1_101' title="bbox 234 5442 1951 5519">
     <span class='ocr_line' id='line_1_101' title="bbox 234 5442 1951 5519; baseline -0.002 -19"><span class='ocrx_word' id='word_1_651' title='bbox 234 5463 345 5517; x_wconf 87' lang='lat' dir='ltr'>quo</span> <span class='ocrx_word' id='word_1_652' title='bbox 368 5447 668 5519; x_wconf 89' lang='lat' dir='ltr'>ingressus</span> <span class='ocrx_word' id='word_1_653' title='bbox 691 5452 780 5501; x_wconf 92' lang='lat' dir='ltr'>est</span> <span class='ocrx_word' id='word_1_654' title='bbox 802 5446 1164 5517; x_wconf 89' lang='lat' dir='ltr'>speluncam,</span> <span class='ocrx_word' id='word_1_655' title='bbox 1190 5460 1304 5499; x_wconf 90' lang='lat' dir='ltr'>non</span> <span class='ocrx_word' id='word_1_656' title='bbox 1336 5442 1640 5497; x_wconf 86' lang='lat' dir='ltr'>descendit</span> <span class='ocrx_word' id='word_1_657' title='bbox 1672 5442 1740 5496; x_wconf 90' lang='lat' dir='ltr'>de</span> <span class='ocrx_word' id='word_1_658' title='bbox 1759 5452 1951 5497; x_wconf 89' lang='lat' dir='ltr'>monte</span> 
     </span>
    </p>
   </div>
   <div class='ocr_carea' id='block_1_102' title="bbox 234 5530 1953 5607">
    <p class='ocr_par' dir='ltr' id='par_1_102' title="bbox 234 5530 1953 5607">
     <span class='ocr_line' id='line_1_102' title="bbox 234 5530 1953 5607; baseline -0.004 -16"><span class='ocrx_word' id='word_1_659' title='bbox 234 5536 415 5592; x_wconf 91' lang='lat' dir='ltr'>donec</span> <span class='ocrx_word' id='word_1_660' title='bbox 455 5537 565 5592; x_wconf 89' lang='lat' dir='ltr'>fuit</span> <span class='ocrx_word' id='word_1_661' title='bbox 594 5535 876 5607; x_wconf 90' lang='lat' dir='ltr'>sepultus.</span> <span class='ocrx_word' id='word_1_662' title='bbox 906 5541 1036 5591; x_wconf 73' lang='lat' dir='ltr'>Haec</span> <span class='ocrx_word' id='word_1_663' title='bbox 1084 5538 1223 5590; x_wconf 86' lang='lat' dir='ltr'>sunt</span> <span class='ocrx_word' id='word_1_664' title='bbox 1283 5531 1540 5588; x_wconf 80' lang='lat' dir='ltr'>ccelestia</span> <span class='ocrx_word' id='word_1_665' title='bbox 1573 5530 1825 5585; x_wconf 86' lang='lat' dir='ltr'>facinora</span> <span class='ocrx_word' id='word_1_666' title='bbox 1855 5548 1953 5586; x_wconf 90' lang='lat' dir='ltr'>co-</span> 
     </span>
    </p>
   </div>
   <div class='ocr_carea' id='block_1_103' title="bbox 233 5616 1953 5696">
    <p class='ocr_par' dir='ltr' id='par_1_103' title="bbox 233 5616 1953 5696">
     <span class='ocr_line' id='line_1_103' title="bbox 233 5616 1953 5696; baseline -0.005 -15"><span class='ocrx_word' id='word_1_667' title='bbox 233 5626 421 5681; x_wconf 86' lang='lat' dir='ltr'>renati</span> <span class='ocrx_word' id='word_1_668' title='bbox 452 5630 509 5682; x_wconf 90' lang='lat' dir='ltr'>et</span> <span class='ocrx_word' id='word_1_669' title='bbox 538 5626 737 5682; x_wconf 89' lang='lat' dir='ltr'>invicti</span> <span class='ocrx_word' id='word_1_670' title='bbox 770 5625 998 5682; x_wconf 65' lang='lat' dir='ltr'>athletae</span> <span class='ocrx_word' id='word_1_671' title='bbox 1072 5623 1303 5696; x_wconf 87' lang='lat' dir='ltr'>Elpidii,</span> <span class='ocrx_word' id='word_1_672' title='bbox 1355 5621 1452 5694; x_wconf 90' lang='lat' dir='ltr'>qui</span> <span class='ocrx_word' id='word_1_673' title='bbox 1511 5637 1668 5677; x_wconf 91' lang='lat' dir='ltr'>nunc</span> <span class='ocrx_word' id='word_1_674' title='bbox 1700 5637 1831 5677; x_wconf 91' lang='lat' dir='ltr'>cum</span> <span class='ocrx_word' id='word_1_675' title='bbox 1864 5616 1953 5677; x_wconf 91' lang='lat' dir='ltr'>sui</span> 
     </span>
    </p>
   </div>
   <div class='ocr_carea' id='block_1_104' title="bbox 238 5714 1135 5789">
    <p class='ocr_par' dir='ltr' id='par_1_104' title="bbox 238 5714 1135 5789">
     <span class='ocr_line' id='line_1_104' title="bbox 238 5714 1135 5789; baseline -0.001 -16"><span class='ocrx_word' id='word_1_676' title='bbox 238 5716 534 5774; x_wconf 84' lang='lat' dir='ltr'>similibus</span> <span class='ocrx_word' id='word_1_677' title='bbox 566 5717 725 5789; x_wconf 83' lang='lat' dir='ltr'>degit</span> <span class='ocrx_word' id='word_1_678' title='bbox 754 5717 813 5773; x_wconf 89' lang='lat' dir='ltr'>in</span> <span class='ocrx_word' id='word_1_679' title='bbox 847 5714 1135 5789; x_wconf 86' lang='lat' dir='ltr'>paradiso.</span> 
     </span>
    </p>
   </div>
   <div class='ocr_carea' id='block_1_105' title="bbox 2054 4730 3770 4801">
    <p class='ocr_par' dir='ltr' id='par_1_105' title="bbox 2054 4730 3770 4801">
     <span class='ocr_line' id='line_1_105' title="bbox 2054 4730 3770 4801; baseline -0.002 -14"><span class='ocrx_word' id='word_1_680' title='bbox 2054 4732 2103 4787; x_wconf 88' lang='lat' dir='ltr'>ei</span> <span class='ocrx_word' id='word_1_681' title='bbox 2149 4747 2326 4801; x_wconf 87' lang='lat' dir='ltr'>panes</span> <span class='ocrx_word' id='word_1_682' title='bbox 2357 4731 2723 4799; x_wconf 87' lang='lat' dir='ltr'>defecerunt;</span> <span class='ocrx_word' id='word_1_683' title='bbox 2754 4733 3073 4801; x_wconf 87' lang='lat' dir='ltr'>juransque</span> <span class='ocrx_word' id='word_1_684' title='bbox 3104 4730 3272 4785; x_wconf 92' lang='lat' dir='ltr'>nobis</span> <span class='ocrx_word' id='word_1_685' title='bbox 3311 4730 3648 4784; x_wconf 84' lang='lat' dir='ltr'>afﬁrmabat</span> <span class='ocrx_word' id='word_1_686' title='bbox 3678 4730 3770 4783; x_wconf 92' lang='lat' dir='ltr'>di-</span> 
     </span>
    </p>
   </div>
   <div class='ocr_carea' id='block_1_106' title="bbox 2055 4818 3769 4889">
    <p class='ocr_par' dir='ltr' id='par_1_106' title="bbox 2055 4818 3769 4889">
     <span class='ocr_line' id='line_1_106' title="bbox 2055 4818 3769 4889; baseline -0.001 -16"><span class='ocrx_word' id='word_1_687' title='bbox 2055 4836 2190 4875; x_wconf 89' lang='lat' dir='ltr'>cens</span> <span class='ocrx_word' id='word_1_688' title='bbox 2225 4836 2236 4872; x_wconf 93' lang='lat'><strong>:</strong></span> <span class='ocrx_word' id='word_1_689' title='bbox 2280 4819 2704 4889; x_wconf 83' lang='lat' dir='ltr'>Propemodum</span> <span class='ocrx_word' id='word_1_690' title='bbox 2740 4835 2870 4874; x_wconf 90' lang='lat' dir='ltr'>sum</span> <span class='ocrx_word' id='word_1_691' title='bbox 2912 4819 3278 4874; x_wconf 82' lang='lat' dir='ltr'>exanimatus</span> <span class='ocrx_word' id='word_1_692' title='bbox 3326 4818 3399 4872; x_wconf 92' lang='lat' dir='ltr'>ob</span> <span class='ocrx_word' id='word_1_693' title='bbox 3447 4818 3557 4872; x_wconf 92' lang='lat' dir='ltr'>cibi</span> <span class='ocrx_word' id='word_1_694' title='bbox 3590 4834 3769 4889; x_wconf 90' lang='lat' dir='ltr'>penu-</span> 
     </span>
    </p>
   </div>
   <div class='ocr_carea' id='block_1_107' title="bbox 2055 4908 3771 4980">
    <p class='ocr_par' dir='ltr' id='par_1_107' title="bbox 2055 4908 3771 4980">
     <span class='ocr_line' id='line_1_107' title="bbox 2055 4908 3771 4980; baseline -0.001 -17"><span class='ocrx_word' id='word_1_695' title='bbox 2055 4908 2222 4964; x_wconf 89' lang='lat' dir='ltr'>riam.</span> <span class='ocrx_word' id='word_1_696' title='bbox 2258 4911 2565 4979; x_wconf 89' lang='lat' dir='ltr'>Ingressus</span> <span class='ocrx_word' id='word_1_697' title='bbox 2606 4925 2740 4980; x_wconf 88' lang='lat' dir='ltr'>ergo</span> <span class='ocrx_word' id='word_1_698' title='bbox 2785 4908 2993 4965; x_wconf 91' lang='lat' dir='ltr'>cellam</span> <span class='ocrx_word' id='word_1_699' title='bbox 3054 4924 3297 4963; x_wconf 86' lang='lat' dir='ltr'>moerere</span> <span class='ocrx_word' id='word_1_700' title='bbox 3332 4908 3508 4962; x_wconf 90' lang='lat' dir='ltr'>animi</span> <span class='ocrx_word' id='word_1_701' title='bbox 3570 4908 3771 4963; x_wconf 86' lang='lat' dir='ltr'>confe—</span> 
     </span>
    </p>
   </div>
   <div class='ocr_carea' id='block_1_108' title="bbox 2054 4997 3770 5070">
    <p class='ocr_par' dir='ltr' id='par_1_108' title="bbox 2054 4997 3770 5070">
     <span class='ocr_line' id='line_1_108' title="bbox 2054 4997 3770 5070; baseline -0.002 -15"><span class='ocrx_word' id='word_1_702' title='bbox 2054 5008 2199 5066; x_wconf 89' lang='lat' dir='ltr'>ctus,</span> <span class='ocrx_word' id='word_1_703' title='bbox 2234 5001 2386 5070; x_wconf 86' lang='lat' dir='ltr'>quod</span> <span class='ocrx_word' id='word_1_704' title='bbox 2436 5002 2720 5056; x_wconf 89' lang='lat' dir='ltr'>nescirem</span> <span class='ocrx_word' id='word_1_705' title='bbox 2779 5000 3269 5070; x_wconf 87' lang='lat' dir='ltr'>quemadmodum</span> <span class='ocrx_word' id='word_1_706' title='bbox 3314 4999 3372 5053; x_wconf 90' lang='lat' dir='ltr'>in</span> <span class='ocrx_word' id='word_1_707' title='bbox 3402 5015 3497 5055; x_wconf 88' lang='lat' dir='ltr'>eos</span> <span class='ocrx_word' id='word_1_708' title='bbox 3528 4997 3626 5069; x_wconf 89' lang='lat' dir='ltr'>qui</span> <span class='ocrx_word' id='word_1_709' title='bbox 3659 4999 3770 5053; x_wconf 89' lang='lat' dir='ltr'>ad-</span> 
     </span>
    </p>
   </div>
   <div class='ocr_carea' id='block_1_109' title="bbox 2054 5088 3767 5163">
    <p class='ocr_par' dir='ltr' id='par_1_109' title="bbox 2054 5088 3767 5163">
     <span class='ocr_line' id='line_1_109' title="bbox 2054 5088 3767 5163; baseline -0.002 -19"><span class='ocrx_word' id='word_1_710' title='bbox 2054 5095 2377 5155; x_wconf 80' lang='lat' dir='ltr'>ventarent,</span> <span class='ocrx_word' id='word_1_711' title='bbox 2413 5091 2704 5163; x_wconf 81' lang='lat' dir='ltr'>implerem</span> <span class='ocrx_word' id='word_1_712' title='bbox 2740 5109 2839 5162; x_wconf 89' lang='lat' dir='ltr'>pro</span> <span class='ocrx_word' id='word_1_713' title='bbox 2877 5091 3095 5146; x_wconf 88' lang='lat' dir='ltr'>viribus</span> <span class='ocrx_word' id='word_1_714' title='bbox 3140 5105 3475 5145; x_wconf 89' lang='lat' dir='ltr'>mensuram</span> <span class='ocrx_word' id='word_1_715' title='bbox 3516 5088 3767 5143; x_wconf 85' lang='lat' dir='ltr'>Charita-</span> 
     </span>
    </p>
   </div>
   <div class='ocr_carea' id='block_1_110' title="bbox 2058 5178 3766 5250">
    <p class='ocr_par' dir='ltr' id='par_1_110' title="bbox 2058 5178 3766 5250">
     <span class='ocr_line' id='line_1_110' title="bbox 2058 5178 3766 5250; baseline -0.001 -17"><span class='ocrx_word' id='word_1_716' title='bbox 2058 5179 2367 5243; x_wconf 85' lang='lat' dir='ltr'>tis,inveni</span> <span class='ocrx_word' id='word_1_717' title='bbox 2428 5186 2543 5235; x_wconf 88' lang='lat' dir='ltr'>tres</span> <span class='ocrx_word' id='word_1_718' title='bbox 2603 5185 2858 5235; x_wconf 84' lang='lat' dir='ltr'>recentes</span> <span class='ocrx_word' id='word_1_719' title='bbox 2917 5195 3095 5249; x_wconf 88' lang='lat' dir='ltr'>panes</span> <span class='ocrx_word' id='word_1_720' title='bbox 3158 5178 3573 5250; x_wconf 42' lang='lat' dir='ltr'>illic&#39;positos,</span> <span class='ocrx_word' id='word_1_721' title='bbox 3624 5194 3766 5246; x_wconf 89' lang='lat' dir='ltr'>quos</span> 
     </span>
    </p>
   </div>
   <div class='ocr_carea' id='block_1_111' title="bbox 2059 5265 3770 5339">
    <p class='ocr_par' dir='ltr' id='par_1_111' title="bbox 2059 5265 3770 5339">
     <span class='ocr_line' id='line_1_111' title="bbox 2059 5265 3770 5339; baseline -0.002 -19"><span class='ocrx_word' id='word_1_722' title='bbox 2059 5267 2223 5323; x_wconf 77' lang='lat' dir='ltr'>laetus</span> <span class='ocrx_word' id='word_1_723' title='bbox 2254 5268 2449 5338; x_wconf 90' lang='lat' dir='ltr'>accepi</span> <span class='ocrx_word' id='word_1_724' title='bbox 2478 5274 2535 5323; x_wconf 89' lang='lat' dir='ltr'>et</span> <span class='ocrx_word' id='word_1_725' title='bbox 2567 5270 2828 5339; x_wconf 89' lang='lat' dir='ltr'>apposui.</span> <span class='ocrx_word' id='word_1_726' title='bbox 2863 5270 3007 5325; x_wconf 85' lang='lat' dir='ltr'>Cum</span> <span class='ocrx_word' id='word_1_727' title='bbox 3050 5273 3243 5323; x_wconf 87' lang='lat' dir='ltr'>autem</span> <span class='ocrx_word' id='word_1_728' title='bbox 3276 5267 3482 5337; x_wconf 85' lang='lat' dir='ltr'>viginti</span> <span class='ocrx_word' id='word_1_729' title='bbox 3516 5265 3620 5317; x_wconf 90' lang='lat' dir='ltr'>viri</span> <span class='ocrx_word' id='word_1_730' title='bbox 3674 5280 3770 5317; x_wconf 89' lang='lat' dir='ltr'>co-</span> 
     </span>
    </p>
   </div>
   <div class='ocr_carea' id='block_1_112' title="bbox 2061 5355 3768 5430">
    <p class='ocr_par' dir='ltr' id='par_1_112' title="bbox 2061 5355 3768 5430">
     <span class='ocr_line' id='line_1_112' title="bbox 2061 5355 3768 5430; baseline -0.004 -17"><span class='ocrx_word' id='word_1_731' title='bbox 2061 5360 2380 5414; x_wconf 90' lang='lat' dir='ltr'>medissent</span> <span class='ocrx_word' id='word_1_732' title='bbox 2408 5360 2475 5413; x_wconf 91' lang='lat' dir='ltr'>ad</span> <span class='ocrx_word' id='word_1_733' title='bbox 2509 5360 2857 5425; x_wconf 80' lang='lat' dir='ltr'>satietatem,</span> <span class='ocrx_word' id='word_1_734' title='bbox 2893 5360 3181 5430; x_wconf 85' lang='lat' dir='ltr'>superfuit</span> <span class='ocrx_word' id='word_1_735' title='bbox 3214 5374 3366 5413; x_wconf 90' lang='lat' dir='ltr'>unus</span> <span class='ocrx_word' id='word_1_736' title='bbox 3402 5355 3589 5425; x_wconf 80' lang='lat' dir='ltr'>panis.</span> <span class='ocrx_word' id='word_1_737' title='bbox 3623 5355 3768 5408; x_wconf 89' lang='lat' dir='ltr'>Eum</span> 
     </span>
    </p>
   </div>
   <div class='ocr_carea' id='block_1_113' title="bbox 2062 5442 3769 5516">
    <p class='ocr_par' dir='ltr' id='par_1_113' title="bbox 2062 5442 3769 5516">
     <span class='ocr_line' id='line_1_113' title="bbox 2062 5442 3769 5516; baseline -0.004 -13"><span class='ocrx_word' id='word_1_738' title='bbox 2062 5454 2254 5503; x_wconf 88' lang='lat' dir='ltr'>autem</span> <span class='ocrx_word' id='word_1_739' title='bbox 2288 5466 2419 5503; x_wconf 90' lang='lat' dir='ltr'>cum</span> <span class='ocrx_word' id='word_1_740' title='bbox 2454 5448 3007 5516; x_wconf 84' lang='lat' dir='ltr'>sustulissem,usus</span> <span class='ocrx_word' id='word_1_741' title='bbox 3038 5465 3169 5504; x_wconf 89' lang='lat' dir='ltr'>sum</span> <span class='ocrx_word' id='word_1_742' title='bbox 3203 5464 3267 5501; x_wconf 88' lang='lat' dir='ltr'>eo</span> <span class='ocrx_word' id='word_1_743' title='bbox 3290 5443 3487 5515; x_wconf 87' lang='lat' dir='ltr'>viginti</span> <span class='ocrx_word' id='word_1_744' title='bbox 3511 5442 3769 5513; x_wconf 89' lang='lat' dir='ltr'>quinque</span> 
     </span>
    </p>
   </div>
   <div class='ocr_carea' id='block_1_114' title="bbox 2062 5530 3769 5609">
    <p class='ocr_par' dir='ltr' id='par_1_114' title="bbox 2062 5530 3769 5609">
     <span class='ocr_line' id='line_1_114' title="bbox 2062 5530 3769 5609; baseline -0.004 -19"><span class='ocrx_word' id='word_1_745' title='bbox 2062 5536 2289 5591; x_wconf 89' lang='lat' dir='ltr'>diebus.</span> <span class='ocrx_word' id='word_1_746' title='bbox 2331 5543 2462 5593; x_wconf 86' lang='lat' dir='ltr'>Haec</span> <span class='ocrx_word' id='word_1_747' title='bbox 2494 5538 2715 5592; x_wconf 91' lang='lat' dir='ltr'>domini</span> <span class='ocrx_word' id='word_1_748' title='bbox 2748 5538 2933 5609; x_wconf 88' lang='lat' dir='ltr'>gratia</span> <span class='ocrx_word' id='word_1_749' title='bbox 2983 5538 3130 5591; x_wconf 89' lang='lat' dir='ltr'>facta</span> <span class='ocrx_word' id='word_1_750' title='bbox 3195 5536 3283 5587; x_wconf 90' lang='lat' dir='ltr'>est</span> <span class='ocrx_word' id='word_1_751' title='bbox 3324 5548 3452 5587; x_wconf 89' lang='lat' dir='ltr'>cum</span> <span class='ocrx_word' id='word_1_752' title='bbox 3496 5530 3769 5602; x_wconf 89' lang='lat' dir='ltr'>hospitali</span> 
     </span>
    </p>
   </div>
   <div class='ocr_carea' id='block_1_115' title="bbox 2062 5622 3774 5697">
    <p class='ocr_par' dir='ltr' id='par_1_115' title="bbox 2062 5622 3774 5697">
     <span class='ocr_line' id='line_1_115' title="bbox 2062 5622 3774 5697; baseline -0.004 -17"><span class='ocrx_word' id='word_1_753' title='bbox 2062 5626 2204 5693; x_wconf 90' lang='lat' dir='ltr'>Elia,</span> <span class='ocrx_word' id='word_1_754' title='bbox 2272 5628 2440 5697; x_wconf 83' lang='lat' dir='ltr'>cujus</span> <span class='ocrx_word' id='word_1_755' title='bbox 2500 5627 2761 5683; x_wconf 88' lang='lat' dir='ltr'>laborum</span> <span class='ocrx_word' id='word_1_756' title='bbox 2820 5622 3317 5681; x_wconf 88' lang='lat' dir='ltr'>remunerationes</span> <span class='ocrx_word' id='word_1_757' title='bbox 3394 5626 3602 5692; x_wconf 75' lang='lat' dir='ltr'>paratae</span> <span class='ocrx_word' id='word_1_758' title='bbox 3636 5627 3774 5675; x_wconf 83' lang='lat' dir='ltr'>sunt</span> 
     </span>
    </p>
   </div>
   <div class='ocr_carea' id='block_1_116' title="bbox 2063 5714 2946 5790">
    <p class='ocr_par' dir='ltr' id='par_1_116' title="bbox 2063 5714 2946 5790">
     <span class='ocr_line' id='line_1_116' title="bbox 2063 5714 2946 5790; baseline -0.003 -19"><span class='ocrx_word' id='word_1_759' title='bbox 2063 5714 2216 5789; x_wconf 86' lang='lat' dir='ltr'>apud</span> <span class='ocrx_word' id='word_1_760' title='bbox 2263 5716 2580 5790; x_wconf 89' lang='lat' dir='ltr'>benignum</span> <span class='ocrx_word' id='word_1_761' title='bbox 2614 5716 2946 5773; x_wconf 86' lang='lat' dir='ltr'>Dominum.</span> 
     </span>
    </p>
   </div>
  </div>
