4074 6278
387 375 542 435 1215

1014 508 1247 562 CAPUT
1288 508 1453 563 CXII.

1040 600 1112 652 De
1140 599 1418 653 Subbalio.

457 689 703 752 Quidam
723 688 1017 744 saecularis
1041 690 1354 745 Sabbatius
1378 689 1632 755 nomine,
1648 688 2084 745 Jerichuntinus

387 794 613 849 genere,
647 795 777 834 cum
809 779 1047 835 haberet
1079 795 1335 847 uxorem,
1381 784 1615 851 propter
1664 779 1763 834 Dei
1817 779 2081 833 timorem

384 869 526 923 adeo
557 870 773 925 amavit
798 870 1134 934 monachos,
1168 878 1231 924 ut
1279 870 1404 941 ipse
1470 870 1655 924 obiret
1686 869 1853 923 cellas
1885 872 1941 923 et
1972 884 2087 923 om-

386 974 517 1013 nem
553 956 926 1013 solitudinem
961 958 1250 1027 noctibus,
1273 964 1329 1015 et
1361 958 1419 1013 in
1447 974 1797 1029 unoquoque
1814 964 2087 1013 monaste-

385 1049 503 1103 rios
536 1048 673 1102 toris
706 1053 944 1119 poneret
971 1066 1156 1104 unum
1182 1048 1446 1104 modium
1477 1048 1860 1119 dactylorum,
1884 1051 1941 1102 et
1967 1046 2086 1102 ole-

384 1154 512 1193 rum
546 1140 701 1209 quod
733 1139 876 1194 satis
906 1143 1398 1209 esset,propterea
1437 1139 1592 1210 quod
1626 1155 1776 1209 pane
1816 1154 1928 1193 non
1958 1152 2087 1192 ves-

384 1232 592 1283 cantur
614 1228 711 1298 qui
736 1229 794 1283 in
824 1229 1077 1284 Jordane
1100 1229 1680 1285 suntexercitatores.
1706 1228 1850 1282 Huic
1884 1227 2087 1282 Mona-

384 1316 626 1371 chorum
687 1319 972 1387 exceptori
1004 1318 1174 1385 (158),
1234 1327 1286 1371 et
1342 1318 1657 1372 commodes
1717 1332 1928 1371 mensae
1986 1331 2086 1385 pro

384 1406 814 1461 continentibus
882 1406 1169 1472 structori,
1199 1421 1332 1461 cum
1368 1407 1417 1461 is
1467 1406 1713 1476 quodam
1737 1405 1826 1460 die
1858 1403 2089 1460 tulisset

383 1497 601 1550 sanctis
625 1513 749 1566 quae
803 1495 1202 1550 exercitationi
1246 1503 1405 1549 erant
1458 1494 1808 1560 necessaria,
1849 1492 2088 1563 maligni

382 1584 851 1640 samulationeleo
884 1584 1156 1652 occurrit,
1199 1583 1430 1639 inimico
1464 1584 1883 1640 monachorum
1934 1584 2086 1639 exci-

385 1671 873 1728 tanteimmanem
899 1672 1076 1726 feram
1104 1670 1385 1725 adversus
1412 1669 1745 1725 ministrum
1779 1670 2089 1727 monacho-

382 1780 537 1830 rum,
570 1762 838 1817 studente
859 1765 916 1816 et
948 1761 1077 1816 illas
1107 1761 1327 1832 privare
1359 1762 1689 1826 refectione,
1722 1770 1775 1817 et
1797 1762 1951 1817 hunc
1981 1778 2086 1818 suo

380 1852 696 1924 proposito.
718 1852 782 1904 Et
802 1866 945 1951 cum.
968 1850 1087 1904 fera
1118 1866 1244 1905 eum
1269 1850 1802 1921 comprehendisset
1834 1869 1867 1905 a
1897 1850 2089 1921 lapide
2117 1887 2163 1951 Β

383 1944 553 1998 unius
583 1959 651 1998 ex
676 1939 1003 2006 monachis,
1037 1940 1161 1995 suis
1194 1942 1493 2011 unguibus
1543 1957 1673 1997 eum
1721 1941 2000 2013 protrusit
2030 1944 2085 1997 et

380 2034 601 2089 evertit.
655 2032 765 2086 Sed
825 2031 927 2101 qui
991 2030 1189 2085 docuit
1236 2030 1292 2084 in
1322 2030 1554 2085 Daniele
1585 2031 2082 2100 leonesjejunare,

380 2123 680 2196 prohibuit
711 2139 782 2177 ne
818 2137 950 2176 eum
978 2123 1078 2193 qui
1139 2121 1403 2177 servabat
1450 2126 1739 2193 praecepta
1787 2123 2086 2176 devoraret

380 2214 486 2279 leo,
520 2212 627 2267 esti
664 2211 830 2267 valde
890 2212 1154 2267 esuriret.
1184 2212 1306 2274 Quo
1367 2212 1579 2266 factum
1620 2214 1711 2265 est
1752 2218 1809 2266 ut
1848 2212 2083 2279 accepto

379 2302 536 2357 senis
568 2300 732 2356 asino
765 2302 1082 2370 recederet;
1112 2302 1211 2373 qui
1257 2301 1414 2357 enim
1463 2301 1599 2356 huic
1639 2300 1815 2356 vitam
1846 2301 2086 2356 donave-

381 2399 491 2461 rat,
518 2391 648 2447 ferae
681 2407 909 2463 quoque
941 2393 1130 2447 famen
1162 2392 1407 2447 sedavit.

1001 2482 1232 2538 CAPUT
1270 2482 1459 2539 CXIII.

736 2573 808 2626 De
838 2572 943 2626 Phi
951 2571 1162 2628 loromo
1190 2574 1335 2644 (159)
1353 2573 1694 2644 presbytero.

454 2662 923 2731 Religiossimum
980 2664 1382 2732 presbyterum
1471 2664 1685 2733 Deique
1750 2661 2087 2718 amantissi—

382 2767 541 2806 mum
564 2750 958 2804 Philoromum
988 2751 1048 2803 in
1080 2750 1305 2804 Galatia
1335 2753 1733 2817 convenimus,
1759 2755 1813 2805 et
1854 2768 1986 2806 cum
2020 2768 2085 2807 eo

378 2844 546 2913 longo
577 2845 838 2911 tempore
869 2839 1081 2895 versati
1113 2856 1347 2909 sumus,
1373 2840 1473 2911 qui
1508 2841 1716 2895 fuitvir
1736 2842 2087 2898 exercitatis-

377 2936 587 2989 simus.
630 2934 684 2988 Is
723 2940 882 2988 ortus
924 2931 1160 3002 quidem
1194 2936 1283 2986 est
1339 2948 1408 2987 ex
1466 2937 1650 2988 matre
1708 2950 1891 3001 serva,
1927 2939 2085 3003 patre

380 3040 505 3081 vero
560 3024 764 3079 libero.
816 3022 1062 3078 Tantam
1121 3026 1315 3077 autem
1374 3022 1657 3078 virtutum
1725 3024 2085 3079 nobilitatem

376 3113 626 3170 ostendit
658 3113 715 3167 in
749 3106 873 3168 vitae
905 3112 1246 3168 Christianae
1280 3112 1665 3179 institutione,
1690 3116 1751 3166 ut
1783 3112 2086 3183 etiamipsi

375 3204 472 3274 qui
505 3207 645 3259 sunt
674 3203 733 3258 in
766 3218 975 3272 genere
1006 3202 1453 3273 insuperabiles,
1486 3203 1613 3272 ejus
1653 3203 1831 3258 vitam
1866 3202 2085 3275 angelis

1957 373 2323 436 PALLADII

2107 514 2158 576 Α
2192 506 2294 577 qui
2326 504 2587 560 adhucin
2619 502 2967 558 hodiernum
2998 500 3200 555 diema
3222 500 3447 555 calamo
3478 501 3538 553 et
3563 496 3798 551 charta
3828 511 3963 551 non

3762 361 3965 423 1216

2194 595 2451 656 recessit,
2486 609 2615 648 cum
2649 592 2725 648 sit
2778 595 2947 647 natus
3002 605 3221 645 annum
3276 587 3737 658 octogesimum.
3777 584 3961 640 Dixit

2196 687 2285 740 hic
2318 687 2561 740 beatus:
2596 685 2676 738 Ex
2707 699 2820 754 quo
2851 698 2980 737 sum
3025 680 3288 736 initiatus
3320 683 3377 735 et
3423 681 3847 750 regeneratus
3883 692 3957 730 ex

2196 775 2411 845 Spiritu
2444 780 2500 829 et
2530 790 2697 844 aqua,
2733 788 2919 843 usque
2949 772 3007 825 in
3051 770 3398 825 hodiernum
3431 768 3620 834 diem,
3657 767 3954 822 alienum

2198 880 2404 935 panem
2437 864 2617 935 gratis
2633 879 2740 918 non
2764 858 3129 929 comedi,sed
3159 874 3287 914 eum
3320 858 3419 928 qui
3450 873 3521 911 ex
3552 856 3839 927 propriis
3866 854 3950 909 la-

2196 954 2435 1008 boribus
2468 961 2701 1024 paratur
2735 968 2747 1006 :
2781 955 2836 1006 et
2875 966 3071 1005 coram
3105 949 3219 1004 Deo
3264 948 3508 1020 loquens
3551 945 3711 1016 (16:2)
3752 945 3943 1000 nobis

2195 1043 2577 1116 persuadebat
2645 1059 2706 1097 sc
2757 1042 3030 1096 ducentos
3078 1035 3504 1110 quinquaginta
3558 1035 3803 1090 solidos
3870 1051 3938 1088 ex

2196 1151 2367 1206 opere
2400 1150 2683 1190 manuum
2715 1148 2955 1189 suarum
3003 1131 3233 1186 dedisse
3278 1128 3349 1184 iis
3381 1129 3483 1199 qui
3517 1130 3697 1184 erant
3727 1128 3935 1181 manci

2199 1240 2263 1278 ac
2297 1224 2509 1289 mutili,
2533 1240 2720 1296 neque
2760 1222 2863 1278 ulli
2896 1237 3156 1293 unquam
3183 1220 3386 1275 fecisse
3418 1217 3723 1288 injuriam.
3748 1216 3807 1271 Is
3838 1232 3931 1287 pe-

2199 1314 2376 1368 destri
2443 1313 2647 1368 itinere
2684 1314 2842 1367 venit
2874 1312 3116 1366 Romam
3167 1324 3355 1379 usque
3409 1307 3479 1361 ad
3541 1306 3836 1361 orandum
3873 1306 3931 1360 in

2197 1404 2471 1476 martyrio
2504 1408 2842 1459 sanctorum
2875 1402 3025 1456 Petri
3059 1404 3115 1454 et
3173 1397 3341 1453 Pauli
3368 1413 3381 1453 :
3418 1398 3690 1468 pervenit
3719 1402 3933 1452 autem

2198 1496 2372 1550 etiam
2397 1511 2580 1565 usque
2611 1495 2681 1548 ad
2708 1492 3138 1559 Alexandriam,
3163 1506 3294 1546 cum
3345 1490 3628 1558 vovisset,
3667 1489 3727 1542 in
3763 1504 3933 1543 mar-

2198 1584 2411 1657 tyrium
2441 1584 2753 1639 venerandi
2810 1582 3033 1638 athletas
3078 1581 3274 1636 Marci.
3312 1579 3535 1651 Dignus
3566 1583 3807 1647 autem,
3834 1578 3932 1632 in-

2200 1675 2343 1746 quit,
2369 1691 2501 1729 sum
2540 1674 2793 1741 habitus,
2828 1672 2927 1744 qui
2958 1671 3074 1727 voti
3106 1670 3291 1743 gratia
3339 1670 3431 1725 bis
3462 1669 3729 1741 propriis
3765 1668 3933 1739 pedi-

2199 1765 2309 1821 bus
2343 1766 2597 1821 venirem
2622 1763 2977 1835 Jerosolyma
3008 1762 3079 1818 ad
3126 1760 3465 1817 honoranda
3524 1760 3660 1815 loca
3694 1764 3931 1823 sancta,

2200 1859 2256 1910 et
2285 1855 2408 1927 ipse
2467 1854 2608 1909 mihi
2668 1853 3040 1925 suppeditavi
3084 1851 3404 1922 impensas.
3440 1849 3694 1904 Dicebat
3726 1856 3927 1905 autem

2194 1945 2384 2012 nobis,
2422 1948 2485 2000 ut
2510 1943 2818 1999 utilitatem
2850 1959 2917 1998 ex
2949 1958 3013 1997 eo
3067 1957 3404 2011 caperemus
3434 1957 3446 1994 :
3478 1939 3607 1994 Non
3676 1939 3927 1994 memini

2199 2050 2289 2089 me
2322 2050 2575 2106 unquam
2608 2035 2802 2088 animo
2830 2050 2862 2086 a
2886 2032 2998 2087 Deo
3030 2047 3155 2086 meo
3180 2028 3515 2086 recessisse.
3550 2028 3751 2099 Hujus
3772 2030 3922 2083 beati

2196 2124 2512 2179 Philoromi
2544 2122 2685 2177 talia
2715 2126 2851 2177 sunt
2883 2121 3224 2187 certamina,
3254 2124 3309 2175 et
3367 2122 3428 2174 in
3463 2118 3555 2173 his
3587 2126 3681 2173 est
3704 2119 3923 2175 invicta

2194 2213 2449 2280 victoria,
2483 2217 2540 2268 et
2572 2212 2871 2267 beatorum
2907 2212 3170 2266 laborum
3228 2209 3277 2265 ei
3329 2209 3598 2265 redditur
3631 2208 3800 2277 ﬁnis,
3826 2224 3917 2262 co-

2196 2321 2335 2359 rona
2364 2303 2559 2375 glorise
2600 2301 3128 2356 immarcescibilis.

2815 2390 3049 2446 CAPUT
3104 2390 3294 2446 CXIV.

2412 2482 2530 2541 Vita
2571 2484 2721 2539 beati
2748 2482 3034 2539 Seueriani
3066 2482 3218 2553 (163)
3249 2488 3299 2535 et
3328 2481 3446 2549 eius
3477 2482 3693 2535 uxoris.

2270 2576 2331 2629 In
2364 2576 2588 2645 Ancyra
2620 2572 2882 2641 Galatiae,
2914 2571 2971 2626 in
2996 2571 3122 2643 ipso
3156 2570 3279 2627 loco
3312 2569 3551 2643 contigit
3580 2569 3730 2624 mihi
3762 2569 3918 2624 allo—

2198 2665 2295 2734 qui
2328 2665 2642 2735 quemdam
2674 2662 3043 2718 Severianum
3066 2677 3134 2716 ex
3166 2660 3476 2717 comitibus
3493 2675 3609 2713 una
3630 2675 3769 2713 cum
3787 2660 3918 2729 ejus

2195 2752 2812 2824 conjugeBosphoria,
2848 2768 2950 2807 nec
2981 2767 3184 2806 eorum
3220 2765 3488 2821 magnam
3524 2748 3697 2803 habui
3720 2764 3912 2818 expe-

2199 2844 2491 2899 rientiam.
2529 2846 2573 2901 li
2604 2841 2839 2912 quidem
2866 2843 3048 2897 multa
3102 2858 3203 2913 spe
3247 2843 3399 2898 bona
3431 2838 3628 2911 repleti
3662 2843 3836 2903 sunt,
3859 2844 3912 2895 et

2198 2948 2333 2987 suos
2382 2932 2737 2987 frustrantur
2788 2930 2959 2997 ﬁlios,
3014 2946 3211 2986 revera
3248 2929 3306 2984 in
3356 2929 3550 2983 futura
3587 2927 3903 2981 intuentes.

2197 3022 2443 3077 Suorum
2474 3021 2628 3075 enim
2670 3019 3021 3092 praediorum
3054 3019 3277 3074 reditus
3306 3020 3670 3073 consumunt
3692 3016 3754 3071 in
3779 3032 3899 3087 ege-

2198 3133 2326 3184 nos,
2360 3116 2637 3169 habentes
2692 3118 2941 3186 quatuor
2971 3111 3143 3179 ﬁlios,
3178 3116 3233 3167 et
3276 3111 3419 3167 duas
3467 3109 3645 3175 ﬁlias,
3697 3109 3903 3180 quibus

2198 3204 2420 3260 nullam
2462 3204 2894 3277 possessionem
2950 3201 3097 3275 (164)
3150 3202 3455 3267 dederunt,
3519 3203 3906 3271 praeterquam

374 3295 647 3364 aequalem
682 3297 1100 3358 revererentur,
1134 3296 1189 3347 et
1227 3293 1517 3348 efficacem
1565 3292 1836 3348 virtutem
1868 3292 2084 3348 exerci-l
2116 3264 2157 3331 (ἶ
2197 3294 2266 3348 iis
2298 3312 2426 3365 quae
2458 3296 2794 3366 nupserant.
2830 3292 3110 3347 Dicebant
3162 3296 3351 3349 autem
3408 3289 3659 3360 reliquis
3685 3290 3813 3344 suis
3846 3289 3913 3342 fi-

376 3383 703 3437 tationis.Is
736 3384 955 3439 mundo
989 3381 1343 3437 renuntiavit
1365 3382 1423 3435 in
1456 3382 1663 3439 diebus
1684 3382 2089 3439 Julianiexse-

375 3471 575 3523 crandi
606 3470 992 3538 imperatoris,
1025 3475 1080 3524 et
1112 3470 1290 3524 libere
1341 3487 1475 3525 cum
1535 3472 1642 3525 hoc
1673 3472 1853 3543 impio
1885 3476 1971 3527 est
2002 3471 2086 3527 lo-

376 3560 549 3611 cutus
613 3571 932 3625 generosus
981 3557 1191 3609 Christi
1243 3557 1457 3610 athleta
1487 3559 1879 3624 Philoromus,
1912 3577 2085 3627 quem

368 3642 719 3709 jussitradi,
752 3649 808 3699 et
838 3662 870 3699 a
900 3646 1094 3715 pueris
1142 3645 1503 3701 validissime
1554 3650 1848 3704 verberari
1911 3651 2083 3723 (160).

378 3737 431 3789 Is
461 3751 592 3789 vero
624 3750 745 3789 rem
778 3734 1003 3790 fortiter
1024 3739 1080 3791 et
1109 3733 1419 3791 toleranter
1448 3736 1598 3805 tulit,
1635 3745 1686 3794 et
1716 3740 1766 3793 ei
1819 3742 1928 3810 egit
1959 3758 2086 3811 gra-

377 3826 509 3892 tias,
546 3827 750 3895 utipse
791 3826 959 3881 nobis
1012 3828 1291 3881 narravit.
1328 3828 1493 3883 Hunc
1525 3829 1866 3898 praeclarum
1903 3832 2083 3887 virum

374 3916 430 3969 in
446 3915 1011 3987 principioadortum
1055 3922 1144 3971 est
1170 3918 1389 3972 bellum
1426 3919 1827 3975 fornicationis
1846 3926 1902 3976 et
1924 3925 2082 3991 galae,

375 4009 439 4059 ut
470 4006 715 4073 dicebat,
749 4022 923 4077 quem
957 4007 1223 4062 morbum
1247 4010 1613 4079 tyrannidem
1637 4010 1788 4080 (161)
1811 4028 2086 4067 exercen—

374 4099 489 4150 tem
520 4096 596 4149 ita
628 4096 942 4166 superavit,
976 4113 1037 4151 ac
1072 4096 1121 4151 si
1154 4097 1511 4151 immensum
1543 4099 1879 4154 incendium
1904 4102 2085 4156 multa

373 4202 526 4256 aqua
558 4186 951 4257 exstingueret
989 4203 1001 4239 :
1033 4203 1267 4240 summa
1298 4202 1440 4242 cura
1464 4190 1833 4244 continentiae
1866 4191 2082 4246 ferrum

371 4276 669 4344 gestando,
701 4280 756 4329 et
787 4292 847 4330 se
871 4275 1295 4340 concludendo,
1330 4281 1387 4329 et
1418 4277 1764 4331 abstinendo
1798 4295 1830 4333 a
1852 4279 1995 4333 cibis
2027 4284 2083 4335 et

373 4378 519 4431 pane
550 4363 792 4431 triticeo,
826 4367 881 4417 et
914 4368 974 4417 ut
1008 4364 1185 4418 semel
1212 4364 1421 4431 dicam,
1454 4365 1525 4419 ab
1578 4366 1851 4421 omnibus
1886 4368 2079 4438 coctis,

371 4454 427 4504 et
457 4451 516 4504 in
540 4450 632 4505 his
665 4466 727 4506 se
760 4453 982 4507 fortiter
1012 4456 1259 4521 gerendo
1294 4472 1357 4509 ac
1380 4455 1682 4512 tolerando
1716 4458 1886 4512 annis
1916 4469 2079 4515 octo-

372 4537 583 4593 decim.
618 4540 724 4605 Qui
758 4556 891 4595 cum
926 4540 983 4594 id
1014 4542 1234 4611 vicerit,
1269 4546 1456 4614 potuit
1507 4545 1790 4616 hymnum
1826 4547 2079 4604 victorize

2193 3384 2491 3441 liiszPost
2532 3389 2797 3439 nostrum
2868 3382 3176 3438 decessum
3229 3380 3427 3435 omnia
3482 3384 3618 3435 sunt
3673 3383 3911 3445 vestra;

2194 3424 2287 3441 μω
2318 3429 2329 3439 .
2360 3424 2491 3440 .W.
2533 3424 2797 3439 μνυυω...
2868 3424 3176 3438 “vos--.”
3231 3424 3427 3435 ν........
3482 3424 3618 3435 --.η
3686 3424 3871 3435 .----_
3899 3424 3911 3445 ,

2194 3477 2454 3547 quandiu
2478 3479 2676 3529 autem
2705 3490 2915 3529 sumus
2950 3472 3438 3544 superstites,nos
3468 3471 3913 3537 possessionum
4038 3424 4039 3509 i

2196 3571 2527 3621 nostrarum
2561 3566 2784 3619 fructus
2817 3562 3169 3633 colligemus,
3203 3579 3301 3617 eos
3357 3561 3786 3617 distribuentes
3813 3576 3921 3617 ec-

2194 3656 2389 3711 clesiis
2448 3662 2495 3708 et
2545 3654 2942 3721 monasteriis,
2968 3657 3026 3707 et
3080 3651 3484 3715 xenodochiis,
3528 3655 3583 3707 et
3630 3651 3923 3705 omnibus

2192 3746 2511 3814 egentibus,
2548 3760 2792 3814 quorum
2852 3759 3047 3813 preces
3077 3748 3134 3797 et
3168 3742 3333 3799 vobis
3380 3750 3435 3796 et
3470 3741 3636 3797 nobis
3672 3745 3729 3795 et
3764 3741 3919 3796 ﬁliis

2194 3852 2296 3907 pro
2332 3836 2436 3889 hac
2469 3834 2812 3903 temporaria
2830 3836 2885 3887 et
2917 3831 3207 3887 laboriosa
3235 3832 3416 3887 vitam
3443 3836 3718 3887 aeternam
3740 3846 3920 3886 com-

2195 3926 2484 3997 parabunt
2538 3925 2862 3994 (Eccli.xx1,
2893 3924 2969 3993 6).
3006 3925 3066 3977 In
3118 3922 3331 3992 quibus
3381 3922 3488 3977 hoc
3547 3937 3777 3992 quoque
3819 3926 3918 3976 est

2193 4032 2390 4071 eorum
2414 4013 2645 4069 virtutis
2678 4014 2938 4084 egregiae.
2965 4012 3106 4067 Cum
3165 4016 3320 4067 esset
3368 4028 3581 4082 magna
3612 4010 3816 4077 fames,
3853 4014 3915 4064 et

2193 4121 2317 4174 qua:
2351 4103 2613 4159 omnium
2647 4102 2953 4156 hominum
2979 4102 3327 4171 pervadebat
3358 4099 3600 4165 viscera,
3639 4096 3724 4151 illi
3758 4102 3909 4151 tunc

2191 4209 2289 4248 eas
2322 4210 2444 4263 quae
2468 4198 2607 4247 tunc
2647 4196 2811 4246 erant
2842 4191 3088 4246 haereses
3149 4190 3531 4245 traduxerunt
3572 4189 3641 4242 ad
3683 4197 3907 4242 rectam

2192 4284 2547 4355 opinionem.
2583 4283 2726 4337 Nam
2788 4298 2919 4336 cum
2981 4282 3037 4335 in
3069 4282 3272 4336 multis
3295 4280 3523 4352 praediis
3554 4278 3767 4332 horrea
3797 4294 3911 4332 sua

2191 4374 2573 4443 aperuissent,
2601 4389 2668 4427 ea
2694 4372 3025 4442 praebebant
3053 4371 3111 4426 in
3158 4370 3495 4426 alimentum
3537 4383 3861 4438 pauperum
3888 4386 3901 4433 ;

2189 4464 2329 4519 adeo
2352 4467 2416 4517 ut
2456 4478 2523 4518 ex
2567 4461 2671 4516 hac
2706 4460 3099 4531 inexplicabili
3170 4476 3365 4515 eorum
3421 4455 3785 4524 benignitate
3843 4458 3904 4511 in

2189 4568 2367 4607 unam
2427 4555 2591 4606 rectae
2639 4549 2773 4606 fidei
2841 4550 3275 4605 consonantiam
3358 4542 3728 4600 convenerint
3791 4545 3904 4611 qui

372 4644 599 4696 canere,
660 4629 744 4683 sic
801 4629 1037 4685 dicens:
1070 4630 1346 4687 Exaltabo
1380 4636 1453 4697 te,
1480 4633 1745 4701 Domine,
1802 4638 2077 4706 quoniam
2112 4653 2156 4717 D
2190 4648 2354 4698 erant
2420 4641 2698 4697 haeretica:
2766 4640 3077 4711 opinionis,
3110 4640 3217 4695 Deo
3264 4634 3474 4706 gratias
3505 4636 3750 4702 agentes
3827 4633 3903 4687 ob

372 4719 802 4790 suscepistime,
826 4723 1027 4809 et'non
1062 4721 1365 4776 laetificasti
1400 4722 1669 4778 inimicos
1704 4741 1864 4781 meos
1895 4744 2076 4799 supra

372 4824 462 4861 me
522 4808 690 4879 (Psal.
743 4808 918 4882 xxxx).
956 4812 1056 4865 Hic
1116 4828 1147 4865 a
1199 4811 1407 4883 spiritu
1461 4812 1858 4870 fornicationis
1917 4818 2076 4873 varie

371 4904 760 4967 Oppugnatus,
788 4902 1173 4971 perseveravit
1205 4902 1597 4973 quadraginta
1627 4921 1811 4960 annos
1851 4907 1909 4960 in
1950 4924 2078 4963 mo-

371 4987 643 5041 nasterio.
698 4989 751 5043 Is
792 4995 985 5045 autem
1046 4991 1339 5059 narrabat,
1400 4992 1648 5048 dicens:
1702 4994 1965 5065 Triginta
2024 5003 2079 5053 et

371 5076 520 5129 duos
544 5092 725 5130 annos
746 5078 973 5134 nullum
1016 5082 1270 5135 fructum
1320 5081 1506 5151 tetigi.
1543 5082 1686 5137 Cum
1746 5089 1962 5152 autem,
1996 5087 2079 5143 in-

371 5164 514 5236 quit,
549 5164 839 5220 timiditas
871 5184 963 5223 me
993 5186 1221 5226 summe
1258 5177 1676 5241 oppugnasset,
1715 5174 1856 5229 adeo
1882 5180 1943 5230 ut
1988 5178 2078 5232 vel

368 5254 624 5309 interdiu
660 5255 1148 5325 pertimescerem,
1181 5276 1272 5314 me
1303 5259 1515 5313 inclusi
1539 5276 1637 5315 sex
1669 5277 1855 5317 annos
1877 5264 1934 5317 in
1962 5282 2075 5322 m0«

369 5346 659 5413 nimento;
702 5350 757 5402 et
788 5363 851 5402 ea
882 5347 1104 5402 ratione
1134 5350 1288 5404 evasi
1321 5351 1603 5420 superior,
1620 5368 1687 5406 ex
1720 5351 2075 5425 impatibili-

367 5442 480 5491 tate
514 5438 727 5493 bellum
752 5455 961 5509 gerens
993 5455 1123 5493 cum
1149 5441 1376 5510 spiritu,
1412 5441 1511 5511 qui
1544 5443 1687 5497 mihi
1712 5443 1863 5500 hanc
1896 5448 2076 5518 impo-

368 5526 544 5579 nebat
574 5530 935 5584 servitutem.
960 5530 1137 5600 llujus
1170 5530 1276 5583 viri
1308 5530 1556 5600 insignis
1580 5549 1851 5606 magnam
1875 5553 2073 5593 curam

369 5614 605 5685 gerebat
633 5618 834 5674 beatus
885 5620 1131 5675 Basilius
1166 5620 1498 5691 episcopus,
1532 5622 1632 5691 qui
1675 5624 2073 5683 delectabatur

366 5704 494 5776 ejus
522 5707 872 5777 austeritate,
923 5711 1272 5780 constantia,
1306 5713 1364 5765 et
1412 5709 1471 5763 in
1530 5727 1698 5781 opere
1753 5715 2070 5786 diligentia,

2187 4732 2511 4803 simplicem
2578 4746 2775 4786 eorum
2860 4730 3016 4797 ﬁdei,
3059 4734 3115 4785 et
3164 4728 3507 4783 immensam
3560 4722 3892 4777 beneficen-

2185 4821 2493 4877 tiam.Alia
2532 4824 2729 4876 autem
2769 4820 3109 4875 exercitatio
3140 4833 3345 4874 eorum
3368 4818 3491 4871 erat
3538 4810 3893 4868 admirabilis

2186 4912 2365 4967 vestis
2413 4927 2613 4966 eorum
2663 4910 2902 4966 habitus
2952 4914 3077 4965 erat
3132 4907 3380 4965 maxime
3428 4903 3790 4961 venerandus
3848 4902 3900 4955 et

2188 5018 2396 5073 parcus
2430 5025 2443 5067 ;
2477 5004 2706 5070 eratque
2732 5000 2789 5055 in
2824 5002 2907 5056 eis
2946 5016 3159 5071 magna
3204 5006 3258 5055 et
3293 5013 3422 5069 quas
3453 4994 3565 5051 dici
3598 4993 3800 5063 nequit
3820 4991 3901 5045 vi.

2188 5096 2318 5147 ctus
2350 5090 2642 5159 tenuitas;
2666 5090 3014 5145 erantvalde
3036 5089 3249 5145 modici
3284 5089 3582 5157 sumptus,
3604 5082 3904 5138 alimento-

2187 5198 2317 5237 rum
2352 5179 2683 5252 frugalitate
2736 5181 2991 5236 contenti
3043 5186 3321 5252 quantam
3373 5176 3493 5231 vita
3544 5172 3896 5243 requirebat;

2187 5271 2457 5343 pietatem
2489 5268 2546 5324 in
2584 5271 2756 5325 Deum
2792 5271 3127 5326 mirandum
3165 5269 3224 5324 in
3266 5268 3504 5322 modum
3535 5265 3903 5327 exercentes;

2186 5363 2244 5417 in
2278 5362 2431 5434 agris
2456 5362 2731 5433 degentes
2756 5362 3009 5433 plurimo
3039 5365 3327 5432 tempore,
3362 5370 3596 5426 semper
3616 5354 3902 5425 fugientes

2185 5452 2467 5517 civitates,
2502 5456 2557 5506 et
2586 5452 2722 5506 vitia
2754 5469 2879 5523 quas
2902 5469 2967 5508 ex
3001 5451 3090 5508 eis
3129 5449 3422 5514 oriuntur,
3456 5460 3527 5499 ne
3547 5460 3618 5499 ex
3642 5444 3901 5513 jucunda

2186 5558 2315 5596 cum
2389 5541 2555 5595 turba
2615 5545 3055 5599 conversatione
3093 5539 3380 5596 tumultus
3426 5534 3625 5590 civiles
3660 5534 3903 5589 attrahe-

2184 5634 2332 5697 rent,
2364 5635 2420 5685 et
2498 5630 2825 5687 exciderent
2874 5651 2907 5687 a
2967 5633 3068 5687 Dei
3118 5628 3434 5703 proposito.
3498 5624 3751 5695 Propter
3798 5626 3900 5679 haec

2182 5718 2379 5775 omnia
2409 5718 2613 5776 horum
2646 5718 2942 5777 beatorum
2980 5726 3149 5778 recta
3181 5720 3309 5775 vitae
3332 5714 3612 5779 facinora,
3634 5712 3778 5769 hinc
3789 5713 3901 5785 jam
