4074 6278
1531 391 1894 455 HISTORIA
1939 388 2349 452 LAUSIACA.
3488 393 3642 453 1218

1917 532 1967 595 Α
2005 526 2214 588 σίλειος
2245 525 2568 592 ἐπίσκοπος,
2598 518 2870 594 ἡδόμενος
2903 523 3067 578 αὐτοῦ
3106 529 3176 598 τῇ
3222 525 3514 600 αὐστηρίᾳ,
3561 529 3654 584 καὶ

2004 622 2073 690 τῇ
2127 620 2448 692 στυφότητι,
2496 615 2586 668 καὶ
2629 615 2930 688 προσεχείᾳ
2973 621 3072 670 τοῦ
3122 611 3325 693 ἔργου·
3382 619 3442 680 ὃς
3493 619 3654 673 εἰσέτι

2009 707 2098 760 καὶ
2128 712 2220 763 νῦν
2249 711 2348 762 τοῦ
2383 701 2641 775 καλάμου
2691 701 2780 756 καὶ
2828 710 2928 772 τῆς
2979 703 3238 778 τετράδος
3283 710 3380 762 τοῦ
3430 707 3656 786 γράφειν

2010 795 2480 872 οὐκένεχώρησεν,
2542 789 2912 866 ὀγδοηκοστόν
2971 814 3077 848 που
3152 795 3294 870 ἄγων
3359 792 3478 860 ἔτος
3552 804 3656 867 τῆς

2007 886 2228 955 ἡλικίας
2259 929 2272 944 .
2317 885 2488 946 Οὗτος
2519 878 2715 958 ἔφησεν
2764 884 2792 937 ὁ
2846 884 3133 956 μακάριος,
3185 886 3266 939 ὅτι
3294 887 3380 963 ἀφ’
3413 888 3474 941 οὗ
3524 888 3656 961 ἐμω.

241 409 398 469 1217

843 534 1101 588 ΚΕΦΑΛ.
1152 533 1296 587 PIB'.

829 620 958 694 Περί
993 614 1317 674 Σαϐϐατίου.

323 710 624 774 Σαϐϐάτιος
660 711 889 783 ἀνόματι
947 709 1235 782 κοσμικὸς,
1284 714 1362 780 τῷ
1413 707 1553 784 γένει
1601 703 1900 781 Ἰεριχούν-

244 828 393 876 τιος,
423 808 650 880 γυναῖκα
679 800 848 876 ἔχων,
886 796 974 853 διὰ
1004 799 1096 853 τὸν
1129 802 1229 853 τοῦ
1261 801 1398 852 Θεοῦ
1429 791 1595 875 φόϐον
1640 799 1896 850 τοσοῦτον

248 895 456 971 ἐγένετο
508 891 920 969 φιλομονᾶζων,
964 888 1036 950 ὡς
1085 885 1366 942 κυκλεύειν
1419 890 1609 942 τοῦτον
1666 883 1765 938 ἀνά
1805 883 1899 943 τὰς

248 969 476 1051 κέλλας,
533 982 624 1035 καὶ
673 981 772 1048 τήν
840 974 1046 1052 ἔρημον
1109 981 1278 1030 πᾶσαν
1336 973 1386 1029 ἐν
1429 979 1551 1035 ταῖς
1596 971 1757 1045 νυξίν.
1802 969 1899 1025 Καὶ

248 1073 366 1127 καθ’
425 1071 654 1139 ἑκάστην
734 1068 906 1137 μονὴν
987 1063 1160 1140 λάθρα
1234 1061 1334 1133 ἔξω
1389 1063 1590 1117 τιθέναι
1639 1059 1899 1139 φοινίκων

256 1159 445 1234 μόδιον
508 1155 748 1228 ἔνα,καὶ
803 1156 1057 1230 λαχάνων
1112 1153 1175 1208 τὸ
1224 1150 1506 1229 αὔταρκες,
1561 1149 1648 1206 διὰ
1699 1152 1760 1205 τὸ
1824 1149 1900 1221 μὴ

253 1249 448 1306 ἐσθίειν
505 1249 665 1320 ἄρτον
719 1244 846 1307 τοὺς
915 1244 1152 1313 ἀσκητάς
1210 1243 1346 1297 κατά
1419 1243 1509 1296 τὸν
1602 1237 1900 1314 Ἰορδάνην,

251 1339 440 1411 Τούτῳ
480 1335 536 1392 δὲ
573 1340 651 1408 τῷ
683 1334 910 1407 δεξιωτῇ
956 1338 1063 1387 τῶν
1122 1335 1402 1404 μοναχῶν,
1450 1330 1540 1385 καὶ
1595 1328 1904 1403 εὐτραπέζῳ

252 1433 362 1483 τῶν
391 1426 695 1502 ἐγκρατῶν,
732 1428 832 1496 μιᾷ
885 1427 993 1476 τῶν
1053 1421 1278 1495 ἡμερῶν
1339 1417 1731 1491 ἀποκομίσαντι
1786 1421 1902 1478 τοῖς

253 1517 433 1592 ἁγίοις
460 1515 527 1570 τὰ
571 1522 671 1584 τῆς
726 1512 1006 1582 ἀσκήσεως
1056 1505 1360 1580 ἐπιτήδεια,
1396 1507 1552 1579 ζήλῳ
1593 1511 1689 1561 τοῦ
1727 1527 1902 1575 πονη-

256 1610 352 1680 ροῦ
382 1606 560 1676 τούτῳ
591 1603 731 1659 λέων
768 1603 1098 1670 ὑπήντησεν,
1131 1602 1226 1652 τοῦ
1257 1596 1465 1673 ἐχθροῦ
1492 1601 1600 1652 τῶν
1645 1598 1902 1670 μοναχῶν

254 1696 346 1749 τὸν
379 1695 651 1768 ἀνήμερον
688 1694 828 1766 θῆρα
859 1691 996 1745 κατά
1031 1692 1129 1743 τοῦ
1187 1685 1436 1742 διακόνου
1487 1685 1660 1741 αὐτῶν
1714 1683 1908 1760 ἐξεγεί-

258 1804 473 1859 ραντος,
522 1787 777 1855 στερῆσαι
834 1776 1229 1846 σπουδάζοντος
1286 1773 1558 1836 κάκείνοις
1613 1777 1713 1843 τήν
1781 1773 1908 1827 ἀνά-

255 1858 476 1941 παυσιν,
515 1871 604 1926 καὶ
669 1873 862 1924 τοῦτον
928 1873 1028 1935 τῆς
1084 1864 1414 1938 προθέσεως.
1461 1862 1556 1918 Καὶ
1587 1858 1908 1917 καταλαϐὼν

256 1963 412 2017 αὐτὸν
449 1962 475 2015 ὁ
510 1961 612 2032 θὴρ
645 1960 750 2013 ἀπὸ
783 1957 1017 2030 σημείου
1049 1956 1164 2016 ἐνὸς
1202 1959 1310 2009 τῶν
1362 1958 1645 2026 μοναχῶν,
1675 1957 1744 2026 τῇ
1793 1951 1903 2024 ἰδίᾳ

257 2049 411 2122 δρακὶ
473 2047 609 2102 ὦσεν
668 2047 854 2113 αὐτὸν,
917 2044 1007 2100 καὶ
1061 2045 1437 2120 κατέστρεψεν.
1495 2040 1652 2099 Ἀλλ’
1711 2043 1738 2096 ὁ
1815 2041 1902 2096 ἐπὶ

254 2143 352 2194 τοῦ
410 2136 617 2206 Δανιὴλ
676 2133 891 2204 διδάξας
952 2133 1224 2204 νηστεύειν
1306 2133 1433 2194 τοὺς
1513 2129 1756 2202 λέοντας,
1813 2131 1905 2185 καὶ

256 2231 446 2284 τὸῦτον
474 2233 574 2294 τῆς
603 2229 700 2280 τοῦ
730 2222 1058 2302 φιλεντόλου
1117 2222 1304 2293 θοίνης
1338 2219 1607 2277 ἐκώλυσεν
1652 2217 1905 2298 σφοδρῶς

259 2321 527 2372 πεινῶντα
555 2317 646 2370 τὸν
667 2313 890 2388 ιλέοντα.
928 2317 1010 2382 Ἐξ
1056 2316 1128 2368 ὧν
1179 2313 1272 2367 τὸν
1323 2314 1443 2367 ὅνον
1498 2310 1594 2366 τοῦ⁹
1652 2311 1908 2387 γέροντος

261 2404 446 2464 λαϐὼν
479 2406 850 2480 ἀνεχώρησεν,
884 2408 940 2459 Ὀ
982 2404 1084 2479 γὰρ
1132 2404 1311 2474 τούτῳ
1355 2404 1456 2472 τὴν
1492 2404 1638 2470 ζωὴν
1679 2401 1907 2479 χαρισά-

267 2519 450 2570 μενος,
483 2496 570 2550 καὶ
601 2495 696 2550 τοὸ
727 2495 892 2568 θηρὸς
921 2494 1020 2561 τήν
1062 2497 1242 2548 πεῖναν
1267 2493 1714 2565 παρεουθήσατμ.

872 2589 1128 2640 ΚΕΦΔΛ.
1166 2587 1306 2638 PII".

827 2674 958 2748 Περί
991 2670 1352 2747 Φιλορώμου.

339 2765 742 2841 Περιετύχομεν
818 2763 870 2818 ἐν
952 2760 1196 2832 Γαλατίᾳ
1284 2759 1374 2816 καὶ
1449 2758 1908 2836 συνεχρονίσαμεν

273 2859 466 2930 μακρῷ
498 2854 687 2929 χρόνῳ
742 2857 821 2925 τῷ
881 2850 1285 2927 θεοφιλεστάτῳ
1341 2844 1687 2925 πρεσϐυτέρῳ
1737 2847 1915 2904 Φιλο-

265 2944 463 3018 ρώμῳ,
522 2940 672 3018 ἀνδρί
749 2941 1180 3012 ἀσκητικωτάτῳ
1266 2939 1356 2994 καὶ
1441 2939 1910 3013 καρτερικωτάτῳ.

263 3037 359 3093 Ὃς
419 3031 650 3106 ὥρμητο
701 3032 796 3103 μὲν
855 3029 905 3102 ἐξ
957 3027 1222 3090 οἰκέτιδος
1276 3031 1484 3102 μητρὸς,
1534 3026 1816 3102 ἐλευθέρου
1859 3027 1915 3082 δὲ

264 3120 490 3195 πατρός.
549 3119 824 3190 Τοσαύτην
885 3116 941 3172 δὲ
1026 3117 1288 3192 εὐγένειαν
1381 3117 1628 3191 ἐνάρετον
1685 3116 1762 3178 εἷς
1819 3117 1916 3184 τῆν

267 3215 401 3269 κατὰ
455 3213 546 3267 τὸν
609 3211 838 3282 Χριστὸν
894 3206 1186 3278 ἐνεδείξατο
1235 3206 1536 3274 πολιτείαν,
1578 3208 1651 3270 ὡς
1700 3207 1790 3262 καὶ
1826 3207 1916 3262 αὐ-

2011 977 2343 1051 σταγωγήθη
2376 975 2466 1029 καὶ
2498 973 2830 1048 ἀνεγεννήθη
2865 971 2914 1045 ἐξ
2954 971 3150 1035 ὕδατος
3178 974 3266 1029 καὶ
3318 976 3657 1051 Πνεύματος,

2015 1065 2178 1140 μέχρι
2210 1071 2310 1134 τῆς
2343 1067 2584 1138 σήμερον
2618 1063 2852 1136 ἡμέρας,
2896 1060 3057 1137 ἄρτον
3106 1063 3403 1139 ἀλλότριον
3454 1065 3657 1141 δωρεὰν

2012 1154 2074 1208 οὐ
2121 1150 2396 1230 βέϐρωκεν
2447 1154 2594 1227 παρά
2640 1173 2766 1222 τινι,
2816 1151 2945 1207 ἀλλ’
2993 1153 3052 1208 ἐκ
3097 1157 3205 1208 τῶν
3253 1151 3402 1208 ἰδίων
3450 1157 3655 1225 πόνων,

2010 1242 2102 1298 καὶ
2131 1242 2220 1298 ἐπὶ
2269 1247 2403 1298 Θεοῦ
2443 1245 2592 1315 ἡμᾶς
2631 1238 2858 1310 ἔπεισεν,
2900 1240 2984 1296 ὅτι
3027 1239 3276 1297 διακόσια
3325 1246 3662 1314 πεντήκοντα

2012 1333 2326 1406 νομίσματα
2357 1331 2414 1386 ἐκ
2439 1335 2542 1384 τοῦ
2580 1325 2744 1404 ἔργου
2783 1334 2891 1384 τῶν
2933 1334 3141 1404 χειρῶν
3189 1329 3352 1385 αὐτοῦ
3403 1328 3663 1404 λελωϐη-

2016 1420 2198 1494 μένοις
2267 1417 2521 1486 δέδωκεν,
2585 1416 2849 1490 ἀδικήσας
2932 1416 3126 1473 οὐδένα
3193 1417 3496 1478 οὐδέποτε.
3561 1423 3660 1484 Ὃς

2012 1515 2149 1584 πεζῇ
2181 1515 2248 1584 τῇ
2279 1509 2474 1585 πορείᾳ
2509 1510 2600 1564 καὶ
2654 1507 2852 1583 μέχρις
2899 1508 3067 1578 αὐτῆς
3118 1511 3342 1584 Ῥώμης
3396 1511 3657 1582 ἀπῆλθεν,

2014 1597 2300 1671 εὐξάμενος
2361 1597 2438 1661 εἰς
2490 1598 2552 1653 τὸ
2613 1597 2920 1670 ἁγιώτατον
2982 1597 3277 1672 μαρτύριον
3323 1603 3432 1655 τῶν
3483 1600 3659 1674 μακά-

2017 1705 2124 1758 ρων
2153 1688 2243 1741 καὶ
2285 1687 2450 1760 ἱερῶν
2502 1685 2828 1741 ἀποστόλων
2875 1690 2970 1741 τοῦ
3019 1685 3262 1760 Χριστοῦ
3311 1690 3521 1764 Πέτρου
3568 1689 3658 1744 καί

2017 1773 2276 1832 Παύλου.
2333 1776 2570 1852 ’Έφθασε
2619 1772 2677 1830 δὲ
2725 1775 2814 1828 καὶ
2869 1775 3064 1849 μέχρις
3113 1777 3539 1851 ’Δλεξανδρείας,
3573 1780 3663 1834 εὐ-

1938 1905 1982 1970 B
2014 1864 2240 1938 ξόμενος
2282 1865 2356 1925 εἰς
2385 1864 2447 1918 τὸ
2503 1863 2797 1938 μαρτύριον
2844 1868 2941 1918 τοῦ
2987 1866 3178 1937 τιμίου
3212 1867 3457 1937 ἀθλητοῦ
3507 1869 3659 1942 Μάρ-

2169 1961 2205 1970 Ir
2326 1953 2346 1970 υ
2398 1953 2452 1970 In
2562 1949 2605 1970 δκ
2672 1947 2695 1970 ν
2891 1953 2901 1970 Ι
3063 1954 3076 1970 2
3138 1961 3165 1970 -
3344 1956 3354 1967 ι
3414 1953 3438 1970 ﬁ
3483 1957 3496 1970 ι

2012 1975 2132 2010 κου.
2168 1953 2524 2023 Κατηξιώθην
2559 1949 2636 2021 δὲ,
2670 1947 2796 2028 ἔφη,
2832 1953 2993 2031 χάριν
3025 1954 3222 2028 εὐχῆς,
3268 1956 3359 2008 καὶ
3411 1953 3659 2031 δεύτερον

2014 2041 2065 2096 ἐν
2107 2041 2515 2117 Ἰεροσολύμοις
2549 2041 2624 2104 εἰς
2665 2041 2834 2114 τιμὴν
2887 2045 2994 2096 τῶν
3046 2042 3216 2118 ἁγίων
3266 2043 3448 2099 τόπων
3501 2042 3660 2109 ἰδίοις

2013 2130 2264 2188 ἀπελθὼν
2312 2131 2494 2202 ποσὶν,
2545 2131 2637 2184 καί
2695 2129 3052 2205 ἀναλώμασιν
3109 2132 3285 2205 ἐαυτῷ
3341 2131 3658 2209 ἐπαρκέσας.

2014 2220 2242 2300 Ἔλεγεν
2273 2218 2330 2275 δὲ
2360 2222 2496 2294 ἡμῖν
2527 2219 2685 2284 οὗτος
2714 2216 2876 2282 αὐτὸς
2916 2221 3077 2295 χάριν
3131 2225 3228 2276 τοῦ
3259 2223 3405 2296 ἡμᾶς
3437 2221 3660 2298 ὠφελη.

2017 2315 2202 2383 θῆναι,
2253 2313 2334 2366 δτι
2395 2307 2467 2368 06
2531 2309 2812 2384 μέμνημαί
2867 2331 3000 2366 ποτε
3054 2311 3298 2375 ἀποστὰς
3344 2314 3482 2369 κατά
3532 2318 3658 2370 νοῦν

2017 2405 2116 2456 τοῦ
2147 2404 2281 2456 Θεοῦ
2316 2421 2440 2474 μου.
2488 2403 2663 2454 Ταῦτα
2705 2401 2773 2454 τά
2817 2399 2960 2455 ἆθλα
3005 2404 3103 2456 τοῦ
3159 2402 3426 2478 μακαρίου
3476 2402 3654 2458 Φιλο-

2021 2493 2234 2568 ρώμου,
2283 2489 2374 2545 καὶ
2426 2489 2477 2545 ἐν
2523 2491 2739 2552 τούτοις
2771 2492 2805 2559 ἡ
2838 2490 3110 2561 ἀήττητος
3144 2491 3266 2563 νίκη
3301 2510 3315 2525 ο
3367 2493 3456 2546 καὶ
3510 2491 3656 2564 αὐτῷ

2017 2577 2343 2636 ἀποδέδοται
2389 2583 2497 2634 τῶν
2542 2578 2821 2653 μακαρίων
2868 2580 3050 2636 πόνων
3093 2581 3156 2636 τὸ
3202 2582 3392 2656 πέρας,
3433 2582 3461 2635 ὁ
3511 2580 3654 2655 ἀμα-

2023 2671 2268 2745 ράντινος
2295 2676 2396 2739 τῆς
2428 2666 2588 2739 δόξης
2622 2669 2880 2746 στέφανος
2907 2712 2921 2728 .

2599 2765 2840 2816 ΚΕΦΔΛ
2861 2799 2876 2815 .
2917 2761 3038 2816 PIA'
3063 2801 3079 2819 .

2583 2849 2709 2923 Περὶ
2755 2856 3085 2925 Σευηριανοῦ
3111 2895 3124 2910 .

2098 2943 2186 2997 Ἐν
2215 2938 2454 3015 Ἀγκύρᾳ
2482 2946 2584 3008 τῆς
2625 2937 2914 3004 Γαλατίας,
2966 2941 3020 2994 ἐν
3069 2942 3206 3016 αὐτῇ
3337 2943 3520 3014 πόλει,
3570 2964 3669 3000 πε-

2027 3029 2292 3108 ριέτυχον
2340 3033 2656 3103 Σευηριανῷ
2685 3050 2790 3083 τινι
2839 3028 3214 3104 λαμπροτάτῳ
3259 3029 3365 3086 ἀπὸ
3411 3035 3672 3106 κομήτων

2025 3114 2140 3189 ἅμα
2188 3121 2258 3191 τῇ
2291 3116 2490 3172 τούτου
2541 3115 2797 3192 ἐλευθέρᾳ
2845 3117 3118 3188 Βοσπορίᾳ
3147 3137 3158 3152 ·
3209 3119 3284 3174 ὧν
3332 3120 3421 3174 καί
3474 3121 3669 3195 μικρὰν

2029 3210 2218 3278 πεῖραν
2279 3198 2481 3278 ἔσχον·
2535 3201 2739 3266 σ’ίτινες
2781 3203 2871 3260 ἐπὶ
2919 3208 3176 3261 τοσοῦτον
3233 3205 3474 3262 ἐλπίδων
3526 3227 3670 3284 χρη-

266 3303 392 3364 τοὺς
450 3303 576 3364 τοὺς
632 3301 921 3369 ἀνικήτους
973 3299 1024 3352 έν
1081 3295 1224 3372 γένει
1281 3294 1543 3352 αἰδεῖσθαι
1611 3295 1775 3351 αὐτοῦ
1821 3298 1920 3366 τῆν
1954 3283 1996 3351 C
2035 3299 2172 3349 στῶν
2222 3291 2648 3367 ἐπληρώθησαν,
2699 3295 2773 3357 ὡς
2819 3295 2910 3350 καὶ
2960 3295 3027 3350 τά
3067 3295 3224 3352 τέκνα
3270 3294 3447 3353 αὒτῶν
3496 3283 3670 3374 παρα-

271 3389 594 3467 ἰσάγγελλον
655 3390 828 3459 ζωῆν,
879 3387 967 3442 καὶ
1026 3389 1124 3457 τῆν
1180 3393 1281 3456 τῆς
1349 3388 1626 3456 ἀσκήσεως
1704 3385 1920 3462 ἐνεργὸν

269 3482 487 3555 ἀρετὴν.
544 3479 714 3539 Οὗτος
779 3477 1075 3546 ἀπετάξατο
1134 3477 1186 3530 ἐν
1244 3481 1362 3538 ταῖς
1419 3477 1653 3550 ἡμέραις
1687 3474 1924 3530 Ἰουλια-

277 3575 369 3625 νοῦ
426 3573 524 3624 τοῦ
582 3565 902 3640 δυσωνύμου
961 3564 1253 3642 βασιλέως,
1283 3564 1373 3620 καὶ
1436 3571 1568 3638 μετα
1616 3563 1923 3641 παῤῥησίας

279 3657 542 3732 διελέχθη
601 3657 782 3728 τούτῳ
840 3651 1088 3710 δυσσεϐεῖ
1131 3656 1158 3710 ὁ
1217 3660 1458 3730 γενναῖος
1523 3658 1620 3709 τοῦ
1689 3656 1924 3728 Χριστοῦ

279 3747 528 3818 ἀθλητὴς
560 3747 588 3801 6
621 3743 957 3819 Φιλόρωμος
997 3764 1010 3777 ’
1056 3745 1111 3798 δν
1153 3745 1467 3820 ξυρισθῆναι
1508 3741 1806 3811 ἐκέλευσεν,
1836 3743 1924 3797 καὶ

281 3839 384 3892 ὑπὸ
441 3833 746 3910 παιδαρίων
799 3834 1134 3890 ἐντονώτατα
1187 3835 1558 3902 κοσσισθῆναι.
1594 3836 1686 3894 ’⁷ος
1737 3831 1927 3907 ἐγκαρ-

277 3930 508 3998 τερήσας
539 3924 619 3997 τῷ
659 3927 958 3999 πράγματι,
992 3923 1083 3977 καὶ
1131 3924 1364 3998 χάριτας
1422 3922 1568 3993 αὐτῷ
1626 3923 1926 3996 ὡμολόγη-

280 4034 390 4084 σεν,
439 4015 514 4074 ὡς
563 4013 722 4074 αὐτὸς
769 4014 902 4080 ἡμῖν
956 4009 1281 4083 διηγήσατο.
1322 4011 1507 4083 Τούτῳ
1573 4011 1792 4066 ἐπέθετο
1848 4009 1927 4083 τῷ

275 4102 499 4179 γενναίῳ
531 4101 582 4156 ἐν
634 4099 952 4175 προοιμίοις
1009 4101 1036 4152 ὁ
1108 4106 1206 4167 τῆς
1256 4099 1506 4174 πορνείας
1559 4099 1804 4172 πόλεμος
1836 4100 1925 4154 καὶ

278 4195 374 4262 τῆς
435 4188 890 4268 γαστριμαργίας,
953 4189 1026 4249 ὡς
1081 4183 1260 4264 ἔλεγεν
1299 4209 1311 4221 ο
1367 4183 1424 4250 ὅς
1481 4195 1813 4262 τυραννῆσαν
1860 4189 1922 4242 τὸ

279 4284 446 4344 πάθος
498 4279 755 4353 ἐξήλασεν
789 4298 802 4311 ⁸
874 4277 1112 4351 καθάπερ
1168 4276 1434 4350 πυρκαϊὰν
1486 4274 1718 4353 ἄμετρον
1775 4276 1926 4333 ὕδατι

283 4367 474 4446 λάϐρῳ
530 4364 865 4429 κατασϐέσας
923 4367 1085 4437 ἄκρας
1148 4366 1453 4441 ἐγκρατείας
1511 4368 1644 4439 ὅρῳ,
1704 4364 1926 4442 σιδηρο-

284 4461 445 4540 φορίᾳ
475 4481 553 4528 τε,
603 4459 692 4514 καὶ
741 4456 1078 4532 ἐγκλεισμῷ,
1121 4457 1210 4511 καὶ
1241 4456 1431 4529 ἀποχῇ
1486 4457 1792 4531 βρωμάτων
1839 4459 1929 4511 καὶ

286 4554 492 4606 σιτίνου
541 4548 730 4622 ἄρτου,
761 4548 852 4602 καὶ
910 4545 1242 4616 ἁπαξαπλῶς
1295 4545 1506 4599 πάντων
1571 4549 1678 4599 τῶν
1739 4546 1932 4620 έψομέυ

2030 3383 2376 3459 λογίσασθαι,
2424 3380 2566 3458 ἔργῳ
2605 3385 2672 3439 τὰ
2726 3383 2999 3458 μέλλοντα
3044 3385 3371 3460 βλέποντες.
3417 3389 3520 3450 Τὰς
3565 3390 3668 3465 γὰρ

2028 3470 2336 3548 προσόδους
2392 3477 2499 3527 τῶν
2552 3473 2776 3549 χωρίων
2830 3473 3207 3532 ἀναλίσκουσιν
3254 3477 3329 3538 εἰς
3373 3479 3500 3540 τοὺς
3547 3475 3668 3534 δεο-

2033 3562 2246 3637 μένους,
2289 3556 2510 3638 ἔχοντες
2556 3565 2818 3638 τέσσαρας
2865 3565 3017 3628 υἱοὺς
3062 3566 3154 3622 καὶ
3203 3563 3299 3622 δύο
3353 3569 3672 3646 θυγατέρας,

2030 3655 2114 3714 οἷς
2145 3651 2273 3707 οὐδὲ
2302 3660 2492 3726 κτῆμα
2523 3651 2791 3722 ἐδίδοσαν,
2822 3656 3088 3729 παρεκτὸς
3117 3659 3230 3711 τῶν
3276 3659 3628 3734 γαμηθεισῶν
3655 3677 3670 3694 °

2033 3743 2280 3820 λέγοντες
2312 3749 2427 3804 τοῖς
2459 3743 2679 3805 λοιποῖς
2701 3748 2808 3798 τῶν
2833 3745 3058 3813 τέκνων,
3091 3743 3175 3800 ὅτι
3197 3748 3345 3802 Μετά
3365 3747 3459 3819 μὲν
3483 3749 3677 3821 ἡμετέ-

2033 3852 2126 3906 ραν
2178 3826 2486 3886 ἀποϐίωσιν
2535 3832 2710 3886 πάντα
2765 3831 2908 3886 ἐστὶν
2957 3833 3212 3907 ὑμέτερα,
3261 3833 3387 3906 ἐνῷ
3418 3833 3478 3889 δὶ
3523 3837 3677 3910 περί-

2033 3941 2214 3992 εσμεν,
2245 3920 2370 3982 τοὺς
2401 3918 2642 3994 καρποὺς
2672 3924 2782 3975 τῶν
2811 3922 3114 3994 κτημάτων
3148 3924 3314 3995 ἡμεῖς
3336 3924 3680 3997 κομισόμεθα

2034 4007 2374 4082 διανέμοντες
2401 4008 2747 4079 ἐκκλησίαις,
2769 4011 2859 4064 καί
2897 4011 3306 4085 μοναστηρίοις,
3345 4011 3433 4066 καί
3465 4011 3681 4082 ξενοδο-

2033 4098 2223 4173 χείως,
2259 4099 2348 4154 καὶ
2382 4105 2512 4154 πᾶσι
2541 4104 2662 4163 τοῖς
2693 4096 2969 4172 δεομένοις
2991 4119 3004 4133 ·
3038 4099 3112 4154 ὧν
3145 4101 3199 4155 αἱ
3231 4101 3391 4177 εὐχαὶ
3421 4103 3511 4158 καὶ
3553 4104 3680 4176 ὑμῖν

2032 4190 2120 4244 καὶ
2162 4191 2319 4263 ἡμῖν,
2354 4191 2399 4243 ὧ
2430 4189 2612 4261 τέκνα,
2641 4192 2740 4258 τήν
2773 4190 2991 4245 αἰώνιον
3025 4193 3170 4260 ζωήν
3202 4192 3320 4247 ἀντὶ
3375 4199 3472 4263 τῆς
3516 4213 3681 4269 προσ-

2034 4279 2224 4354 καίρου
2255 4281 2461 4350 ταύτην
2489 4279 2579 4334 καὶ
2611 4279 2874 4335 ἐπιπόνου
2897 4282 3190 4356 παρέξουσι
3222 4323 3234 4338 .
3279 4283 3376 4337 Καὶ
3427 4285 3591 4338 τοῦτο
3624 4279 3680 4337 δὲ

2036 4371 2222 4430 αὐτοῖς
2256 4370 2504 4444 ἐνάρετον
2543 4371 2774 4444 ὑπῆρξεν
2799 4390 2810 4402 ·
2858 4369 3028 4444 λιμοῦ
3067 4371 3362 4446 γενομένου
3413 4373 3678 4448 μεγάλου,

2036 4461 2294 4516 καὶκατὰ
2336 4457 2672 4534 σπλάγχνων
2725 4465 3043 4538 χωροῦντος
3090 4463 3308 4518 πάντων
3357 4464 3683 4531 ἀνθρώπων,

2037 4551 2160 4606 τότε
2203 4548 2398 4604 ἐκεῖνοι
2446 4548 2540 4610 τὰς
2593 4550 2826 4622 αἱρέσεις
2885 4550 2983 4613 τὰς
3028 4551 3198 4608 ἐκεῖσε
3246 4553 3322 4616 εἰς
3373 4551 3688 4625 όρθοδοξίαν

283 4662 388 4694 οων
431 4637 518 4693 διὰ
576 4639 772 4711 πυρὸς,
801 4634 1228 4710 διακαρτερήσας
1286 4633 1336 4687 ἐν
1388 4632 1604 4696 τούτοις
1661 4634 1747 4687 ἐπὶ
1807 4633 1933 4689 δέκα
1968 4675 2012 4736 D
2047 4641 2377 4714 μετήνεγκαν
2405 4682 2418 4695 .
2455 4640 2540 4693 Ἐν
2573 4637 2810 4701 πολλοῖς
2858 4639 2963 4715 γὰρ
3004 4642 3239 4716 χωρίοις
3291 4640 3419 4703 τοὺς
3470 4637 3687 4696 σιτοϐο-

283 4729 372 4782 καὶ
452 4728 595 4781 όκτὼ
681 4723 869 4782 ἔτεσιν.
929 4729 1111 4785 Ὅστις
1180 4728 1347 4778 ταῦτα
1423 4723 1787 4794 ὑπερνικήσας

287 4817 489 4872 ἄτακτα
518 4815 686 4885 πάθη,
727 4813 852 4887 ᾖσεν
882 4815 973 4868 τὸν
1012 4812 1270 4867 ἐπινίκιον
1319 4811 1488 4884 ὕμνον
1534 4817 1613 4884 τῷ
1659 4814 1884 4888 Χριστῷ
1918 4833 1932 4848 ο

286 4907 516 4980 Ὑψώσω
551 4925 629 4972 σε,
679 4903 863 4977 Κύριε,
889 4902 972 4956 ὅτι
1024 4897 1290 4962 ὑπέλαϐές
1329 4922 1416 4974 με,
1448 4900 1537 4955 καὶ
1579 4901 1680 4956 οὐκ
1739 4899 1938 4979 εὐφρα-

285 5016 378 5056 νας
409 4995 535 5055 τοὺς
567 4991 799 5067 ἐχθρούς
835 5013 938 5064 μου
971 4989 1052 5046 ἐπ’
1102 4990 1217 5064 ἐμέ.
1276 4990 1450 5052 Οὗτος
1485 4991 1586 5045 ὑπὸ
1649 4996 1755 5046 τῶν
1789 5013 1940 5047 πνευ-

291 5083 474 5160 μάτων
529 5089 628 5152 τῆς
678 5083 942 5156 πονηρίας
1009 5078 1280 5160 διαφόρως
1336 5079 1672 5155 πολεμηθεὶς
1721 5082 1937 5159 ἐνεκαρ-

287 5178 507 5252 τέρησεν
599 5172 648 5228 ἐν
738 5172 814 5226 ἐνὶ
904 5173 1254 5246 μοναστηρίῳ
1335 5172 1731 5247 τεσσαράκοντα

284 5268 576 5345 Ἀφηγεῖτο
600 5260 657 5317 δὶ
695 5263 872 5326 οὗτος.
907 5263 988 5316 ὅτι
1037 5261 1158 5315 Ἐπὶ
1207 5260 1490 5334 τριάκοντα
1548 5263 1637 5317 καὶ
1695 5259 1791 5317 δύο
1841 5258 1933 5334 ἔτη

288 5354 544 5429 οὐδεμιᾶς
581 5353 799 5427 ὀπώρας
833 5352 1086 5425 ἡψάμηι.
1141 5348 1356 5414 Δειλίας
1395 5348 1451 5405 δέ
1480 5352 1611 5406 ποτέ
1645 5373 1732 5425 με,
1781 5355 1934 5430 φησὶ,

287 5443 684 5516 πολεμησάσης
745 5442 818 5502 εἰς

285 5529 516 5606 ἔκφοϐον
584 5532 847 5606 γίνεσθαι,
919 5529 1056 5603 πρὸς
1120 5529 1182 5582 τὸ
1255 5529 1456 5598 ταύτης

609 5997 864 6056 Ριιτιιοι..
909 5994 1022 6051 Gn.
1067 5990 1325 6055 XXXIV.

1818 5169 1910 5244 ἔτη
1921 5217 1935 5232 .

884 5440 1074 5514 ἄκρον,
1106 5440 1180 5501 ὡς
1241 5439 1332 5494 καὶ
1382 5441 1480 5510 τήν
1531 5440 1739 5516 ἡμέραν
1770 5441 1938 5513 αὐτὴν

1544 5533 1936 5606 περιγενέσθαι,

292 5624 532 5696 μνήματι
591 5621 776 5675 ἐαοτὸν
836 5619 1108 5692 καθεῖρξεν
1165 5617 1254 5672 ἐπὶ
1312 5614 1406 5686 ἔτη
1593 5619 1689 5674 Καὶ
1738 5620 1940 5693 ταύτης

286 5711 621 5786 περιεγένετο
670 5711 760 5764 τὸν
809 5708 860 5780 ἐξ
910 5707 1122 5786 ἐπαφῆς
1167 5705 1415 5779 πόλεμον
1449 5707 1773 5783 πολεμήσας
1807 5713 1941 5786 μετὰ

286 5805 381 5857 τοῦ
448 5799 754 5876 πνεύματος
818 5803 915 5854 τοῦ
973 5799 1075 5867 τήν
1130 5794 1335 5852 δειλίαν
1383 5797 1563 5872 τούτῳ
1620 5798 1937 5878 ἐπάγοντος.

287 5890 490 5947 Τούτου
548 5893 646 5946 τοῦ
701 5885 964 5963 ἀοιδίμου
1018 5885 1158 5940 πάνυ
1215 5882 1442 5957 ἐκήδετο
1486 5888 1513 5941 ὁ
1549 5888 1814 5968 μακάριος
1845 5900 1939 5952 Βα.

1868 4727 1935 4778 τά
1968 4727 2006 4736 ⁷
2045 4727 2224 4788 λῶνας
2282 4728 2486 4782 ἑαυτῶν
2541 4727 2847 4798 ἀνοίξαντες
2895 4729 3208 4804 παρέθηκαν
3257 4729 3333 4791 εἰς
3386 4727 3686 4807 διατροφήν

2041 4824 2159 4881 τοῖς
2185 4822 2441 4873 πεινῶσιν
2464 4863 2478 4877 .
2512 4820 2600 4880 Ὠς
2635 4817 2693 4872 ἐκ
2721 4825 2821 4888 τῆς
2869 4821 3074 4875 τούτων
3126 4818 3330 4897 ἀφάτου
3381 4819 3693 4896 φιλανθρω-

2045 4907 2171 4970 πίας
2205 4907 2280 4968 εἰς
2326 4907 2452 4980 μίαν
2505 4907 2820 4983 συμφωνίαν
2871 4915 2971 4978 τῆς
3015 4909 3183 4982 ὀρθῆς
3230 4909 3468 4971 πίστεως
3513 4908 3690 4965 συνελ·

2045 5000 2153 5053 θεῖν
2184 4997 2278 5060 τάς
2309 4998 2562 5073 αἱρέσεις,
2617 4995 2938 5067 δοξάζοντας
2985 5000 3078 5054 τὸν
3129 5001 3258 5056 Θεὸν
3305 4997 3392 5055 ἐπὶ
3440 5003 3510 5074 τῇ
3562 5001 3690 5056 τού-

2044 5107 2154 5141 των
2185 5085 2335 5160 ἁπλῇ
2385 5084 2560 5140 πίστει
2607 5086 2696 5139 καὶ
2744 5085 2966 5160 ἀμέτρῳ
3011 5086 3264 5159 εὐποιία.
3314 5087 3382 5143 Ἡ
3432 5085 3490 5142 δὲ
3537 5086 3684 5157 ἄλλη

2045 5175 2273 5246 ἄσκησις
2329 5174 2536 5231 τούτων
2596 5177 2890 5248 θαυμασία,
2942 5183 3137 5252 σχῆμα
3186 5179 3518 5250 σεμνότατον
3567 5179 3688 5231 καθ’

2050 5259 2384 5339 ὑπερϐολὴν,
2419 5265 2642 5334 λιτότης
2675 5264 2902 5330 ἐσθῆτος
2933 5266 3022 5320 καὶ
3063 5265 3304 5322 εὐτέλεια
3333 5269 3459 5340 παρ’
3501 5264 3687 5326 αὐτοῖς

2043 5353 2232 5423 πολλή
2265 5353 2352 5408 καὶ
2385 5353 2748 5431 ἀνέκφραστος
2775 5397 2789 5410 .
2822 5352 3240 5430 Ὀλιγοδάπανοι
3283 5353 3488 5428 σφόδρα
3535 5354 3690 5408 λιτό-

2043 5466 2169 5515 τητι
2228 5450 2436 5521 τροφῆς
2513 5445 2910 5518 ἀποχρώμενοι
2967 5444 3092 5500 ὅσον
3159 5446 3220 5500 τὸ
3281 5446 3374 5514 ζῇν
3433 5442 3690 5498 ἀπαιτεῖ·

2046 5535 2388 5606 ἐξασκοῦντες
2441 5535 2542 5604 τὴν
2601 5535 2677 5595 εἷς
2735 5535 2866 5590 Θεὸν
2950 5533 3306 5611 σωφροσύνην
3366 5533 3692 5609 ὑπερφυῶς·

2045 5627 2108 5679 τὸ
2139 5621 2399 5680 πλεῖστον
2429 5627 2537 5680 τῶν
2568 5624 2785 5701 χρόνων
2816 5623 2868 5679 ἐν
2899 5624 3093 5698 ἀγροῖς
3143 5619 3518 5697 διαιτώμενοι,
3566 5621 3693 5692 ἥδι-

2051 5737 2148 5771 στα
2199 5713 2412 5789 μᾶλλον
2471 5719 2539 5789 τῇ
2594 5715 2802 5790 ἡσυχίᾳ
2847 5707 3320 5788 προσομιλοῦντες
3349 5731 3363 5744 ⁸
3411 5712 3696 5792 φεύγοντες

2048 5804 2132 5858 ἀεὶ
2161 5804 2256 5868 τὰς
2285 5803 2478 5865 πόλεις
2509 5803 2600 5859 καὶ
2624 5803 2721 5864 τὰς
2753 5800 2814 5856 ἐκ
2841 5799 3054 5856 τούτων
3085 5802 3411 5876 τικτομένας
3459 5802 3651 5865 κακίας
3678 5821 3691 5836 ⁶

2053 5896 2269 5970 μήποτε
2297 5898 2375 5967 τῷ
2405 5894 2820 5968 συνασμενισμῷ
2848 5893 2956 5944 τῶν
2991 5885 3182 5965 ὄχλων
3216 5892 3461 5948 σπάσωσί
3505 5915 3557 5948 τι
3589 5895 3697 5947 τῶν

3382 5994 3458 6055 39
