4074 6278
452 349 607 406 1219

450 475 697 552 θορύϐων
752 484 858 534 τῶν
914 479 1239 546 πολιτικῶν,
1318 477 1662 537 ἐκπίπτοντες
1737 482 1836 546 τῆς

453 572 760 644 προθέσεως
788 615 799 628 .
834 571 932 624 Διά
961 591 1043 625 τοι
1075 575 1240 625 ταῦτα
1273 568 1444 624 πάντα
1473 571 1536 624 τὰ
1568 566 1965 640 κατορθώματα
1995 573 2095 634 τῆς

455 659 704 737 ἐναρέτου
762 660 1045 723 πολιτείας
1103 660 1311 715 τούτων
1363 664 1470 716 τῶν
1536 657 1812 734 μακαρίων
1866 656 2099 712 ἐντεῦθεν

459 751 569 822 ἤδη
604 752 867 825 βλέπουσι
898 758 1014 813 τοῖς
1047 756 1266 822 νοητοῖς
1297 750 1608 828 ὀφθαλμοῖς
1638 751 1704 805 τὰ
1723 747 2102 821 ἡτοιμασμένα

462 841 646 902 αὐτοῖς
677 843 823 916 παρά
850 848 952 910 τῆς
985 838 1145 910 δόξης
1178 844 1275 895 τοῦ
1306 844 1437 895 Θεοῦ
1466 841 1533 894 τὰ
1563 841 1754 895 αἱώνια
1784 838 1956 912 ἀγαθά
1980 878 1992 891 .

1045 936 1284 986 ΚΕΦΑΛ
1307 970 1324 987 .
1366 933 1489 986 ΡΙΕ¹
1518 973 1531 986 .

841 1023 969 1094 Περὶ
1001 1026 1098 1076 τοῦ
1129 1021 1428 1093 ἐλεήμονος
1464 1016 1707 1095 μοναχοῦ
1734 1063 1746 1076 .

537 1114 777 1186 Ὁμοίως
809 1110 862 1167 ἒν
892 1113 1060 1186 ταύτῃ
1088 1115 1158 1185 τῇ
1208 1110 1367 1166 πόλει
1419 1112 1722 1186 εὑρήκαμεν
1779 1111 2101 1184 μονάζοντα,

468 1203 808 1277 χειροτονίαν
899 1203 992 1275 μὲν
1058 1197 1448 1275 πρεσϐυτερίου
1529 1203 1603 1273 μή
1691 1198 2104 1271 καταδεξαμένῳ

467 1289 733 1362 δέξασθαι,
765 1291 869 1344 ἀπὸ
902 1289 1178 1364 στρατείας
1210 1291 1452 1364 ἠγμένον
1488 1290 1683 1365 ὀλίγου
1713 1291 1916 1364 χρόνου
1944 1330 1956 1342 .
2012 1290 2107 1349 Ὅς

469 1379 716 1434 εἷ’κοστὸν
749 1377 867 1439 ἓτος
896 1377 1038 1453 ἄγων
1081 1379 1134 1432 ἐν
1184 1381 1406 1448 ἂσκήσει
1457 1379 1658 1448 ταύτην
1709 1379 1824 1452 εἶχε
1873 1380 1970 1444 τήν
2001 1397 2106 1430 πο-

470 1468 676 1523 λιτείαν
712 1486 726 1501 ·
784 1469 1078 1540 παραμένει
1132 1468 1227 1539 μὶν
1273 1473 1351 1538 τῷ
1399 1467 1679 1538 ἐπισκόπῳ
1737 1473 1835 1534 τῆς
1893 1464 2110 1526 πόλεως

470 1554 621 1630 ἀνδρὶ
654 1555 976 1631 ἁγιωτάτῳ.
1021 1559 1283 1610 Τοσοῦτον
1319 1552 1376 1609 δέ
1423 1556 1533 1610 ἐστι
1578 1554 1965 1634 φιλάνθρωπος
2019 1559 2110 1612 καὶ

475 1644 754 1718 ἐλεήμων,
815 1646 890 1706 ὡς
938 1643 1026 1698 καὶ
1077 1646 1169 1706 τὰς
1211 1645 1402 1708 πόλεις
1455 1647 1743 1721 περιιέναι,
1794 1647 1884 1700 καὶ
1945 1645 2114 1701 ἐλεεῖν

475 1735 602 1796 τοὺς
636 1732 926 1804 δεομένους
955 1779 967 1791 .
1012 1735 1179 1794 Οὗτος
1231 1733 1329 1789 οὐκ
1375 1735 1572 1808 ἀμελεῖ
1619 1737 1679 1790 οὐ
1729 1735 2000 1814 φυλακῆς,
2051 1737 2113 1791 ού

1956 341 2315 402 PALLADII

1920 474 2096 528 ἐνθέον
2127 476 2178 543 Α
2211 471 2492 546 Βησαρίων
2528 472 2757 545 ὀνόματι
2787 515 2799 528 .
2833 474 3002 533 Οὗτος
3033 471 3304 527 κατελθὼν
3337 472 3414 534 εἷς
3457 474 3670 546 κώμην
3731 475 3904 542 τινὰ,

3720 339 3904 400 1220

2214 562 2322 618 ἴδεν
2353 565 2559 638 γυμνὸν
2599 563 2822 637 πτωχὸν
2876 562 2926 617 ἐν
2959 567 3026 636 τῇ
3077 563 3246 637 ἀγορᾷ
3294 563 3592 633 τεθνηκότα
3618 607 3636 620 .
3699 565 3904 626 Αὐτὸς

2211 653 2267 709 δὲ
2295 653 2388 708 ἕνα
2437 658 2647 728 χιτῶνα
2690 660 2896 730 φορῶν,
2945 654 3082 708 κατά
3129 657 3226 724 τήν
3278 655 3640 729 εύαγγελικῆν
3699 659 3905 730 παρά-

2213 743 2381 816 δοσιν,
2442 745 2530 797 καὶ
2593 744 2786 817 μικρὸν
2850 745 3118 819 μαφόριον
3153 762 3166 776 ·
3225 741 3375 798 οὐδὲν
3431 745 3537 818 γὰρ
3596 743 3902 816 ἐκέκτητο

2213 835 2359 903 πλὴν
2388 832 2585 889 τούτου
2631 837 2728 887 τοῦ
2779 832 3071 907 ἀναγκαίου
3117 835 3493 906 σκεπάσματος
3523 878 3536 892 .
3588 835 3777 911 Εἶχεν
3836 834 3902 892 δὲ

2214 926 2304 978 καὶ
2339 925 2532 998 μικρὸν
2561 921 2894 997 Εὐαγγέλιον
2927 925 3028 978 ὑπὸ
3058 925 3158 991 τῆν
3191 923 3372 996 μάλην
3404 924 3505 993 ἀεὶ,
3532 927 3677 998 πρὸς
3713 920 3898 1000 ἔλεγ-

2217 1035 2318 1092 χον
2367 1016 2558 1069 έαυτοῦ
2603 1018 2699 1069 τοῦ
2750 1010 3040 1072 διαπαντὸς
3093 1011 3379 1066 ὑπακούειν
3434 1015 3503 1084 τῇ
3544 1017 3891 1086 Δεσποτικῇ

2219 1109 2391 1181 φωνῇ,
2423 1106 2457 1174 ἢ
2495 1103 2707 1177 μᾶλλον
2740 1098 2884 1178 ἔργῳ
2913 1103 3322 1174 κατορθωθέντα
3350 1105 3440 1158 τὸν
3471 1103 3647 1181 λόγον
3683 1104 3888 1183 ἐπιφε-

2220 1196 2448 1268 ρόμενος
2474 1239 2486 1252 .
2519 1195 2752 1268 Τοιαύτη
2787 1193 2889 1268 γὰρ
2922 1194 2949 1245 ὁ
2980 1193 3116 1266 ἀνήρ
3149 1188 3428 1268 ὑπερϐολῇ
3479 1194 3605 1269 βίου
3641 1198 3888 1269 χρησᾶ-

2223 1307 2400 1358 μενος,
2433 1285 2872 1359 ἀνεπαισχύντως
2901 1285 2975 1344 ὡς
3003 1282 3249 1357 ἐπίγειος
3282 1282 3514 1359 ἅγγελος
3547 1286 3652 1354 τὴν
3707 1285 3889 1341 ἐπου-

2219 1376 2399 1448 ράνιον
2428 1375 2480 1430 έν
2509 1377 2666 1447 νόμῳ
2698 1371 2943 1444 διήνυσεν
2976 1377 3197 1446 πορεῖαν
3225 1415 3239 1431 .
3273 1374 3441 1438 Οὗτος
3471 1374 3566 1428 οὗν
3602 1375 3882 1449 ἑωρακὼς

2217 1466 2280 1519 τὸ
2311 1466 2584 1539 λείψανον,
2626 1466 2836 1542 εὐφυῶς
2878 1464 2940 1517 τὸ
2988 1467 3253 1538 μαφόριον
3303 1463 3886 1539 ἀποφορτωσάμενος,

2221 1553 2498 1608 ἐναπέθετο
2529 1557 2606 1624 τῷ
2644 1553 2930 1622 τεθνηκότι
2955 1595 2968 1610 .
3011 1551 3109 1604 Καὶ
3150 1550 3317 1606 πάλιν
3370 1551 3562 1628 ὀλίγον
3619 1551 3886 1627 βαδίσας,

2224 1639 2465 1716 δεομένῳ
2507 1642 2699 1718 γυμνῷ
2740 1643 3064 1711 συνήντησεν
3090 1657 3104 1671 '
3137 1640 3227 1694 καὶ
3278 1637 3697 1715 διακρινόμενος
3754 1643 3884 1716 ἔστη

2222 1735 2336 1788 καθ’
2370 1733 2555 1787 ἑαυτὸν
2590 1731 2948 1806 λογιζόμενος
2989 1726 3164 1791 οὕτως
3190 1749 3201 1762 ·
3241 1735 3362 1792 Πῶς
3409 1729 3521 1805 ἐγὼ
3557 1733 3686 1804 μὲν,
3721 1736 3752 1787 ὁ
3788 1732 3886 1803 δῇ-

477 1824 855 1896 νοσοκομείου,
888 1823 950 1878 ού
989 1823 1290 1900 πτωχείου,
1324 1825 1386 1880 οὐ
1418 1824 1707 1896 πλουσίου,
1758 1827 1819 1880 ού
1860 1825 2115 1897 πένητος,
2149 1852 2196 1916 Β
2226 1827 2310 1880 θεν
2357 1823 2760 1896 ἀποταξάμενος
2808 1822 2886 1892 τῷ
2935 1820 3148 1893 κόσμῳ,
3197 1821 3414 1892 ἱμάτιον
3465 1822 3825 1898 περίκειμαι,
3861 1829 3887 1880 ὁ

479 1915 626 1969 ἀλλὰ
681 1918 840 1969 πᾶσιν
893 1913 1210 1987 ἐπικουρεῖ·
1260 1921 1376 1977 τοῖς
1432 1915 1526 1988 μέν
1575 1915 1860 1977 πλουσίοις
1911 1915 2114 1993 λόγους

481 2004 889 2080 εὐσπλαγχνίας
930 2006 1188 2079 παρέχων
1237 2007 1326 2058 καὶ
1376 2003 1584 2074 ἐλέους,
1617 2007 1690 2068 ὡς
1741 2006 2114 2081 ἀσπλάγχνοις

482 2095 568 2150 καὶ
617 2093 1018 2167 ἀνελεήμοσιν·
1059 2099 1165 2148 τῶν
1215 2092 1272 2148 δὲ
1319 2091 1512 2148 ἐνδεῶν
1546 2095 1844 2172 φροντίζων
1888 2096 2116 2151 ἑκάστου

479 2185 546 2239 τὰ
602 2187 737 2258 πρὸς
795 2187 889 2245 τὰς
949 2184 1176 2260 χρείας·
1225 2187 1351 2248 τοὺς
1405 2187 1750 2260 μαχομένους
1799 2189 2118 2263 εἰρηνεύων,

482 2279 598 2335 τοῖς
644 2280 868 2348 γυμνοῖς
917 2280 1174 2349 χορηγῶν
1223 2274 1510 2349 ἐνδύματα,
1559 2283 1676 2341 τοῖς
1723 2279 2004 2334 ἀσθενοῦσι
2055 2279 2121 2334 τά

482 2362 797 2438 ἀλεξιτήρια
827 2364 963 2439 πρὸς
995 2366 1278 2438 θεράπειαν
1303 2410 1314 2422 .
1367 2367 1467 2422 Οἷα
1499 2364 1556 2421 δὲ
1599 2367 1749 2440 φιλεῖ
1798 2369 2032 2442 γίνεσθαι
2065 2369 2119 2426 έν

484 2451 679 2516 πάσαις
707 2459 826 2518 ταῖς
855 2453 1049 2508 πόλεσι
1078 2461 1198 2517 ταῖς
1249 2456 1537 2533 μεγάλαις,
1581 2451 1692 2512 ἔστι
1723 2458 1809 2512 καὶ
1841 2457 1894 2512 έν
1943 2459 2081 2534 αὐτῇ
2109 2505 2123 2519 .

488 2545 576 2600 Ἐν
608 2544 714 2618 γὰρ
741 2547 809 2616 τῇ
843 2548 974 2614 στοᾷ
1010 2551 1109 2613 τῆς
1158 2543 1450 2616 ἐκκλησίας
1504 2546 1717 2616 πλῆθος
1764 2553 1869 2604 τῶν
1925 2545 2121 2604 λωϐῶν

491 2629 602 2684 ἐστι
687 2631 1094 2703 κατακείμενον,
1179 2631 1556 2706 ἐρανιζόμενον
1607 2638 1706 2704 τὴν
1763 2641 1968 2716 τροφὴν
2025 2641 2126 2709 τὴν

491 2722 786 2798 ἐφήμερον,
829 2727 935 2776 τῶν
989 2725 1084 2794 μὲν
1133 2725 1384 2797 ἀγάμων,
1429 2732 1536 2779 τῶν
1589 2725 1645 2780 δέ
1689 2729 2082 2803 γεγαμηκότων
2110 2775 2127 2791 .

493 2806 701 2880 Συνέϐη
736 2809 827 2865 οῦν
871 2815 971 2883 μιᾷ
1012 2815 1120 2866 τῶν
1177 2815 1399 2888 ἡμερῶν
1460 2815 1514 2870 ἐν
1565 2819 1714 2872 νυκτὶ
1761 2818 1960 2874 τίκτειν
2015 2822 2128 2884 ἐνὸς

487 2902 698 2956 τούτων
735 2901 834 2971 τὴν
864 2905 1096 2975 γυναῖκα
1127 2901 1179 2956 ἐν
1227 2906 1296 2976 τῇ
1347 2909 1496 2975 στοᾷ,
1547 2907 1637 2960 καὶ
1686 2912 1851 2962 τοῦτο
1900 2906 1952 2963 ἐν
2007 2929 2128 2984 χει-

493 2997 635 3068 μῶνι
662 3035 676 3049 .
710 2991 940 3063 Βοώσης
972 2990 1065 3046 οῦν
1096 2992 1291 3064 αὐτῆς,
1321 2994 1409 3049 καὶ
1460 2997 1824 3069 κεντουμένης
1873 2999 1976 3055 ὑπὸ
2028 3008 2128 3070 τῆς

490 3085 768 3164 ἀφορήτου
828 3081 1038 3154 ἐκείνης
1097 3081 1313 3155 ὀδύνης,
1357 3086 1656 3158 ἐπήκουσεν
1704 3096 1802 3158 τῆς
1850 3089 2130 3166 ὀλολυγῆς

491 3176 518 3230 ὁ
580 3175 844 3248 μακάριος
905 3174 1064 3238 οὗτος
1117 3177 1558 3250 προσευχόμενος
1619 3177 1669 3232 ἐν
1723 3183 1790 3253 τῇ
1841 3179 2126 3254 ἐκκλησίᾳ,
2162 3221 2204 3286 C

691 3285 694 3286 ν
750 3262 909 3286 ἸγΙΙη
979 3265 1030 3286 ,‘,
1208 3266 1258 3286 ΙΛ
1417 3267 1429 3284 ⁸1
1509 3272 1533 3282 τ
1850 3272 1863 3286 1
1981 3270 2081 3286 ἰη

487 3265 577 3318 καὶ
611 3262 941 3337 καταλείψας
968 3265 1062 3327 τὰς
1091 3266 1339 3334 συνήθεις
1376 3267 1537 3321 ούτοῦ
1590 3272 1926 3343 προσευχὰς,
1978 3270 2125 3341 ἐξελ-

492 3354 598 3406 θὼν
629 3351 799 3425 ἐπίδε,
821 3354 910 3407 καὶ
961 3351 1164 3425 μηδένα
1213 3355 1383 3429 εὑρὼν
1432 3359 1522 3411 τὸν
1567 3357 1737 3432 ταύτῃ
1788 3363 2132 3434 παραστησό-

499 3461 658 3512 μενον
719 3440 771 3494 ἐν
829 3445 898 3513 τῇ
958 3442 1163 3516 ἀνάγκη
1212 3443 1404 3517 ἐκείνῃ,
1458 3447 1621 3507 αὐτὸς
1671 3446 1919 3522 ἲατρίνης
1965 3450 2132 3504 τόπον

497 3527 744 3600 ἐπέσχεν,
798 3530 861 3580 οὐ
911 3526 1311 3601 βδελυξάμενος
1355 3533 1418 3585 τὸ
1467 3539 1636 3604 μῦσος
1686 3538 1746 3590 τὸ
1793 3538 2137 3611 παρακολου-

497 3616 627 3669 θοῦν
693 3619 813 3674 ταῖς
879 3617 1183 3678 τικτούσαις
1249 3623 1357 3672 τῶν
1427 3628 1717 3694 γυναικῶν,
1787 3626 2136 3698 ἀναισθησίαν

496 3706 648 3777 αὐτῷ
706 3704 1077 3778 χαρισαμένης
1104 3713 1206 3775 τῆς
1243 3708 1547 3782 βαθυτάτης
1587 3714 1786 3783 ταύτης
1836 3714 2138 3789 ἐλεημοσύ-

495 3815 594 3866 νης
636 3801 735 3863 τῆς
791 3799 921 3868 παρ’
971 3793 1134 3851 αὐτοῦ
1189 3799 1561 3873 γεγενημένης
1590 3846 1602 3859 .
1649 3802 1850 3858 Τούτου
1905 3806 1996 3877 μέν
2037 3813 2135 3863 τοῦ

496 3886 864 3966 φιλοχρίστου
892 3887 956 3940 τὸ
989 3885 1128 3949 εἶδος
1159 3893 1268 3944 τῶν
1298 3891 1560 3963 ἱματίων,
1611 3893 1685 3947 ὧν
1719 3891 2136 3971 περιϐέϐληται,

498 3979 600 4033 οὐκ
629 3972 770 4032 ἔστιν
806 3975 952 4046 ἀξιον
997 3972 1204 4033 ὀϐολοῦ
1230 4024 1242 4036 .
1285 3980 1362 4036 Τὸ
1417 3979 1471 4035 δὲ
1519 3984 1717 4056 βρῶμα
1747 3989 1855 4039 τῶν
1903 3987 2135 4060 ἱματίων

495 4067 841 4147 ἀμφήσιστον
878 4084 891 4098 ·
932 4069 1147 4139 πυκτίῳ
1191 4067 1416 4142 ἐγκύψαι
1450 4071 1511 4125 οὐ
1539 4080 1809 4148 καρτερεῖ,
1858 4084 1959 4146 τῆς
2008 4078 2138 4157 φιλ..

497 4158 807 4229 ανθρωπίας
875 4156 1036 4211 αὐτὸν
1124 4156 1538 4229 ἀπελαυνούσης
1613 4167 1720 4216 τῶν
1782 4156 2140 4242 ἀναγνωσμά-

493 4268 643 4304 των.
681 4244 902 4302 Βιϐλίον
932 4246 1020 4302 ἐάν
1053 4268 1134 4311 τις
1175 4248 1325 4321 αὐτῷ
1373 4251 1666 4325 χαρίσηται
1714 4259 1820 4308 τῶν
1867 4253 2137 4335 ἀδελφῶν,

498 4343 843 4410 παραχρῆμα
885 4341 1048 4391 τοῦτο
1092 4340 1407 4413 πιπράσκει,
1454 4348 1569 4403 τοῖς
1621 4340 1960 4416 ἐνδεομένοις
1993 4345 2046 4402 δέ
2077 4352 2140 4406 τὸ

500 4424 723 4496 τίμημα
755 4423 1046 4497 διανέμων,
1079 4425 1348 4503 ἐπιλέγων
1379 4434 1538 4485 τοῦτο
1568 4437 1685 4494 τοῖς
1724 4433 2141 4510 ἐπισκήπτουσι,

502 4513 591 4568 διὰ
625 4514 674 4568 τί
702 4520 871 4569 ταῦτα
899 4513 1098 4584 πωλεῖ,
1145 4517 1226 4571 ὅτι
1281 4521 1446 4574 Πόθεν
1494 4518 1608 4595 ἔχω
1658 4545 1763 4596 μου
1815 4532 1996 4583 πεῖσαι
2045 4532 2136 4586 τὸν

503 4599 856 4669 διδασκαλον,
915 4601 998 4656 ὅτι
1037 4604 1138 4672 τὴν
1183 4606 1384 4683 τέχνην
1434 4608 1598 4665 αὐτοῦ
1650 4611 1941 4683 μεμάθηκα
1989 4618 2141 4691 ἀκρι-

503 4689 639 4760 ϐῶς,
680 4692 767 4747 ἐὰν
806 4694 880 4765 μή
931 4691 1080 4762 αὐτῷ
1121 4693 1310 4768 ἐκείνῳ
1359 4701 1797 4774 καταχρήσωμαι
1829 4703 1905 4766 εἷς
1949 4707 2010 4760 τὸ
2043 4689 2144 4777 τῆς

502 4785 698 4857 τέχνης
749 4785 1119 4858 κατόρθωμα;
1153 4790 1208 4839 Ὀ
1237 4784 1494 4849 ἀθάνατος
1527 4790 1686 4852 οὗτος
1731 4790 1783 4846 έν
1832 4794 1998 4869 ταύτῃ
2039 4818 2140 4851 πα.

508 4873 762 4943 ραμείνας
793 4878 860 4946 τῇ
892 4875 1079 4950 πράξει
1112 4874 1244 4952 ἄχρι
1276 4882 1375 4944 τῆς
1417 4875 1571 4951 δεῦρο
1621 4880 1865 4944 ἀειθαλὲς
1918 4888 2142 4958 μνήμης

506 4960 682 5032 ὄνομα
738 4962 882 5037 πάσῃ
941 4967 1008 5037 τῇ
1069 4964 1331 5038 περιοίκῳ
1390 4965 1561 5039 ἐκείνῃ
1621 4970 1933 5044 κατέλιπεν,
1985 4975 2144 5039 αὐτὸς

504 5052 606 5118 τὴν
633 5049 851 5108 αἰώνιον
881 5054 1055 5128 χαρὰν
1088 5054 1138 5109 ἐν
1167 5059 1236 5129 τῇ
1284 5059 1391 5109 τῶν
1439 5057 1683 5131 οὐρανῶν
1727 5062 1978 5137 βασιλείᾳ
2027 5089 2146 5144 καρ-

507 5139 779 5213 πούμενος
813 5161 824 5172 ·
883 5140 1288 5218 ἀπολαμϐάνων
1343 5150 1451 5201 τῶν
1506 5149 1782 5225 μακαρίων
1849 5156 2029 5212 πόνων
2083 5159 2148 5213 τά

508 5229 628 5302 ἄξια
689 5227 934 5285 ἔπαθλα·
990 5239 1290 5297 πεινῶντας
1349 5237 1550 5311 θρέψας
1630 5240 1835 5308 ἐνθάδε,
1912 5248 2002 5300 καὶ
2056 5270 2150 5322 γυ-

510 5327 664 5394 μνοῖς
713 5315 1043 5395 περιϐόλαια
1090 5325 1484 5398 χαρισάμενος,
1516 5330 1628 5382 νυνὶ
1663 5333 1809 5403 παρά
1855 5338 1934 5404 τῷ
1983 5315 2149 5409 μιςξθ-

507 5409 753 5486 αποδότῃ
785 5414 892 5468 τῶν
942 5409 1124 5466 καλῶν
1168 5409 1335 5485 ἔργων
1381 5414 1737 5489 παντοδαπῆς
1780 5430 1987 5503 τρυφῆς
2020 5427 2151 5481 ἀπο-

513 5499 693 5558 λαύων
722 5547 736 5563 .
1153 5535 1157 5539 λ

1085 5598 1356 5652 ΚΕΦΑΛ.
1399 5597 1549 5670 mg"
1575 5641 1590 5659 .

920 5683 1043 5747 Βίος
1073 5689 1169 5740 τοῦ
1201 5678 1342 5739 ἀϐϐἆ
1374 5687 1721 5762 Βησαρίωνος
1747 5735 1758 5749 .

585 5767 824 5843 Ἐγένετό
883 5796 963 5837 τις
1015 5775 1188 5854 γέρων
1235 5777 1499 5851 ἀκτήμων
1543 5780 1632 5834 καὶ
1687 5783 1962 5858 ἐλεήμων,
2013 5785 2156 5847 άϐϐἆ

2229 1914 2285 1970 δέ
2316 1915 2444 1988 ἐμὸς
2476 1911 2710 1991 ἀδελφὸς
2743 1912 2905 1986 ψύχει
2936 1913 3343 1986 καταπήγνυται
3370 1930 3384 1981 ;
3418 1913 3486 1968 Εἰ
3515 1915 3707 1969 τοίνυν
3739 1917 3885 1972 ἐάσω

2225 2011 2416 2060 τοῦτον
2482 2005 2908 2077 λιποψυχῆσαι,
2979 2000 3205 2056 θανάτου
3273 2002 3484 2065 πάντως
3551 2004 3735 2070 αἴτιος
3809 2012 3887 2081 τῷ

2229 2097 2468 2167 πλησίον
2513 2096 2813 2169 γενήσομαι
2840 2134 2854 2149 .
2895 2092 2955 2146 Τί
3005 2093 3096 2146 οὑν
3131 2112 3145 2163 ;
3191 2090 3603 2166 ἀποδυσάμενος
3645 2101 3884 2174 μερίσω,

2228 2187 2320 2241 τὸν
2361 2191 2568 2260 χιτῶνα
2614 2184 2810 2254 κόψας,
2942 2181 3005 2236 τὸ
3055 2186 3158 2236 πᾶν
3207 2186 3283 2252 τῷ
3333 2187 3450 2237 κατ’
3497 2185 3687 2242 εἶχόνα
3747 2196 3886 2246 θεοῦ

2233 2274 2392 2330 δώσω
2418 2295 2431 2344 ;
2463 2271 2638 2328 Ἀλλά
2667 2273 2718 2326 τί
2750 2267 3028 2344 χρήσιμον
3065 2271 3189 2344 ἐμοί
3219 2293 3276 2326 τε
3305 2273 3538 2348 κάκείνῳ
3567 2279 3636 2332 τὸ
3683 2282 3888 2358 σχιζό-

2239 2387 2395 2440 μενον
2455 2363 2657 2437 μέρος;
2717 2362 2818 2415 Καὶ
2869 2358 3162 2427 διακριθεὶς
3210 2359 3351 2441 ἔφη·
3405 2367 3496 2434 Μή
3549 2365 3746 2440 βλάϐη
3804 2394 3884 2436 τις

2235 2459 2391 2530 ἡμῖν,
2425 2455 2469 2509 εί
2499 2452 2664 2508 πλέον
2697 2453 3018 2524 ποιήσωμεν
3065 2459 3166 2522 τῆς
3210 2453 3472 2527 ἐντολῆς;
3515 2463 3829 2536 Τοιγαροῦν
3863 2466 3888 2518 ὁ

2234 2551 2446 2622 γεναῖος
2475 2544 2632 2607 οὗτος
2677 2541 2942 2612 ἀθλήσας,
2981 2543 3280 2616 προθύμως
3319 2544 3478 2601 καλεῖ
3504 2549 3591 2603 τὸν
3643 2557 3889 2628 πτωχόν

2239 2637 2313 2699 εἰς
2352 2639 2441 2692 τὸν
2493 2634 2738 2703 πυλῶνα,
2787 2634 2876 2688 καὶ
2922 2638 3112 2689 τοῦτον
3166 2634 3510 2711 ἐνδεδυμένον
3565 2642 3886 2718 ἀπολύσας,

2238 2728 2363 2800 ἔστη
2393 2729 2619 2804 γυμνὸς,
2652 2728 2838 2782 ἑαυτὸν
2868 2733 2986 2790 ταῖς
3020 2729 3179 2804 χερσὶ
3221 2733 3569 2805 περισκέπων,
3625 2735 3888 2802 ὀκλάσας

2239 2820 2327 2874 καί
2389 2819 2825 2890 ὑποκαθήμενος,
2884 2816 3045 2890 μόνον
3115 2812 3261 2893 ἔχων
3319 2822 3411 2875 τὸν
3476 2822 3881 2882 πλουσιοττοιὸν

2241 2907 2402 2981 λόγον
2438 2909 2541 2962 ὑπὸ
2569 2907 2667 2974 τὴν
2693 2906 2874 2980 μάλην
2898 2953 2912 2966 ,
2945 2908 3072 2962 Κατ’
3103 2907 3419 2983 οἰκονομίαν
3439 2911 3495 2967 δὲ
3522 2915 3720 2970 τούτου
3745 2938 3882 2992 παρα

2246 3001 2424 3062 ιόντός
2454 3000 2481 3053 ὁ
2528 2999 2614 3053 ἐπὶ
2664 3006 2762 3067 τῆς
2814 2997 3037 3072 εἰρήνης
3085 2997 3291 3075 ἐπέγνω
3335 3007 3428 3060 τὸν
3478 3007 3730 3082 γέροντα,
3794 3008 3874 3075 καί

2243 3091 2378 3163 πρὸς
2409 3091 2498 3144 τὸν
2531 3087 2795 3164 ἐχόμενον
2844 3089 3140 3164 σύμμαχον
3192 3093 3344 3149 εἷπε·
3397 3095 3578 3152 Βλέπε
3625 3096 3742 3153 ἐκεῖ
3787 3101 3881 3153 οὐκ

2243 3175 2381 3233 ἔστιν
2429 3180 2456 3232 ὂ
2501 3178 2670 3253 γέρων
2731 3173 2872 3232 ἀϐϐἇ
2930 3179 3250 3252 Βησαρίων;
3308 3189 3404 3238 τοῦ
3464 3183 3522 3240 δὲ
3582 3190 3881 3265 φήσαντος,

2241 3268 2379 3324 Ναί·
2439 3263 2678 3330 καταϐὰς
2727 3266 2787 3322 ἐκ
2831 3265 2926 3322 τοῦ
2960 3269 3102 3335 ζώου
3158 3271 3393 3346 ταχέως,
3441 3263 3732 3349 ἠρώτησεν
3790 3280 3883 3333 τὸν

2243 3359 2418 3431 ἅγιον,
2450 3358 2532 3412 ὅτι
2563 3357 2654 3419 Τίς
2685 3378 2741 3412 σε
2774 3355 3009 3430 ἐξέδυσεν
3040 3379 3052 3428 ;
3105 3361 3161 3415 Ὀ
3189 3360 3243 3417 δὲ
3274 3369 3341 3438 τῇ
3389 3362 3534 3437 δεξιᾷ
3585 3388 3893 3444 προσενεγ-

2242 3449 2351 3502 κὼν
2382 3449 2444 3502 τὸ
2486 3447 2842 3523 Εὐαγγέλιον,
2893 3447 3082 3517 Τοῦτο,
3132 3452 3311 3530 φησὶν,
3360 3453 3598 3527 ἐξέδυσέν
3631 3479 3701 3532 με
3730 3504 3742 3514 .
3778 3467 3903 3516 [Ια-

2244 3545 2507 3612 ραχρῆμα
2566 3535 2622 3592 δὲ
2677 3537 2740 3591 τὸ
2797 3538 2987 3593 ἑαυτοῦ
3044 3541 3266 3612 ἱμάτιον
3302 3542 3448 3600 ὂέπὶ
3507 3554 3605 3616 τῆς
3658 3549 3902 3623 εἰρήνης

2245 3625 2670 3699 ἀποδυσάμενος,
2703 3629 2792 3681 τὸν
2819 3627 3027 3683 τέλειον
3060 3633 3396 3704 στρατιώτην
3447 3634 3686 3691 ἐνέδυσεν
3722 3685 3736 3697 .
3795 3646 3906 3696 Καὶ

2243 3718 2462 3779 ἀπαθῶς
2496 3716 2723 3794 φορέσας
2753 3721 2852 3789 τήν
2883 3719 2955 3780 ὡς
3000 3722 3194 3796 μικρὰν
3228 3721 3427 3794 ἐσθῆτα
3475 3731 3583 3780 τῶν
3623 3736 3898 3805 μοναχῶν

2243 3811 2338 3861 τοῦ
2369 3807 2579 3881 κύσμου
2610 3809 2954 3884 ἀνεχώρησεν
2988 3810 3222 3888 ἀφανὴς,
3249 3815 3447 3870 τούτου
3478 3817 3578 3885 τήν
3601 3819 3895 3876 πολιτείαν

2247 3897 2577 3971 έωρακότος,
2651 3897 2912 3954 ἐκκλίνων
2986 3901 3078 3954 τὸν
3138 3897 3374 3967 ἔπαινον,
3429 3908 3529 3975 τήν
3586 3911 3733 3982 παρά
3791 3918 3898 3966 τοῦ

2245 3995 2489 4064 κρυπτοῦ
2536 3992 2703 4064 τιμὴν
2755 3993 2782 4046 ὁ
2814 3992 3185 4068 κρυπτόμενος
3235 3996 3514 4068 ἀναμένων
3543 4042 3556 4055 .
3611 4003 3666 4055 Ὃ
3722 4001 3892 4065 αὑτός

2249 4079 2404 4140 οὗτος
2477 4080 2611 4152 μετὰ
2674 4081 2734 4134 τὸ
2800 4082 3215 4156 κατωρθωκέναι
3302 4091 3474 4141 πᾶσαν
3530 4087 3898 4166 εύαγγελικῆν

2247 4168 2496 4240 ἐντολὴν,
2534 4167 2674 4242 μηδὲ
2703 4165 2847 4245 ἔχων
2875 4177 2973 4227 τοῦ
3004 4172 3213 4246 κόσμου
3245 4178 3440 4231 τούτου
3471 4173 3548 4233 ἔτι
3595 4181 3732 4235 κατά
3774 4180 3900 4237 διά-

2246 4281 2413 4328 νοιαν,
2447 4261 2581 4332 πρὸς
2615 4259 2986 4336 ἐντελεστέραν
3018 4271 3118 4333 τῆς
3159 4265 3306 4330 θείας
3353 4267 3677 4347 ἀποφάσεως
3725 4272 3900 4349 ἐργα-

2251 4352 2392 4419 σίαν,
2421 4348 2472 4403 ἐν
2502 4349 2729 4424 παρόδῳ
2759 4354 2985 4428 πτωχὸν
3018 4356 3296 4429 ἑωρακὼς,
3330 4356 3609 4433 δρομαίως
3657 4361 3737 4424 εἰς

2249 4439 2446 4514 ἀγορὰν
2475 4438 2740 4512 ἀπῆλθεν,
2775 4440 2894 4498 ἔνθα
2929 4446 3056 4508 στάς
3089 4446 3296 4520 ὀλίγον,
3326 4449 3490 4519 τόμον
3537 4449 3897 4524 Εὖαγγελίου

2195 4589 2223 4613 ,ι
2255 4526 2610 4604 διαπέπρακεν
2639 4575 2651 4587 .
2687 4533 2814 4586 Μεθ’
2847 4535 3057 4609 ἡμέρας
3100 4535 3190 4590 οὑν
3222 4539 3246 4589 ὁ
3278 4536 3366 4588 σὺν
3410 4537 3558 4606 αὐτῷ
3601 4539 3901 4613 μαθητής,

2255 4614 2396 4673 ἀϐϐἆ
2454 4619 2660 4682 Δουλᾶς
2721 4620 3065 4697 λεγόμενος,
3119 4627 3386 4699 ἠρώτησεν
3442 4625 3536 4680 τὸν
3619 4626 3888 4707 γέροντα,

2255 4708 2451 4784 λέγων,
2503 4710 2585 4764 ὅτι
2643 4709 2702 4764 Τί
2758 4713 2973 4787 γέγονεν
3027 4717 3089 4771 τὸ
3149 4716 3334 4789 μικρὸν
3395 4710 3645 4789 βιϐλίον,
3710 4715 3883 4785 ἀϐϐἇ;

2251 4800 2385 4871 πρὸς
2445 4800 2502 4852 ὃν
2559 4798 2784 4874 ἡσύχως
2835 4803 2861 4855 ὁ
2914 4804 3088 4879 γέρων
3137 4806 3332 4879 σεμνὸν
3389 4806 3478 4862 καὶ
3536 4807 3884 4882 χαριέστατον

2252 4890 2402 4960 ῥῆμα
2443 4888 2564 4943 λίαν
2611 4888 2920 4967 ἐφθέγξατο,
2983 4898 3202 4969 φάσκων
3262 4896 3477 4959 οὕτως·
3539 4901 3628 4967 Μὴ
3691 4899 3895 4971 λυποῦ,

2253 4975 2486 5054 ἀδελφέ·
2521 4979 2607 5034 ἳνα
2637 4983 2740 5056 γὰρ
2791 4982 2901 5038 ἐκεῖ
2944 4987 3251 5060 παρῥησίαν
3305 4985 3542 5062 ἔχωμεν,
3599 4990 3762 5044 αὐτὸν
3809 4991 3896 5044 τὸν

2257 5066 2423 5140 λόγον
2458 5067 2718 5140 ἐπώλησα
2751 5069 2838 5126 διὰ
2868 5075 2967 5143 τὴν
3000 5075 3244 5145 ὑπακοὴν
3277 5078 3371 5131 τὸν
3405 5077 3484 5131 ἀεὶ
3521 5075 3756 5152 λέγοντά
3784 5100 3894 5151 μοι·

2256 5159 2523 5230 Πώλησόν
2557 5183 2650 5216 σου
2679 5165 2744 5218 τά
2776 5164 3114 5242 ὑπάρχοντα,
3148 5170 3240 5221 καὶ
3274 5165 3369 5230 δὸς
3409 5174 3660 5242 πτωχοῖς
3685 5214 3697 5225 .
3750 5171 3904 5225 Εἰσὶν

2256 5249 2311 5306 δὲ
2343 5252 2430 5307 καὶ
2462 5251 2628 5309 ἄλλαι
2661 5259 2879 5329 πράξεις
2921 5259 3252 5330 πάμπολλαι
3298 5261 3540 5335 ἐνάρεται
3587 5267 3685 5316 τοῦ
3742 5264 3904 5339 μεγά-

2257 5341 2357 5396 λου
2386 5342 2584 5397 τούτου
2618 5344 2825 5419 Πατρός
2853 5367 2863 5379 ·
2914 5349 3032 5419 μεθ’
3076 5345 3139 5402 οῦ
3187 5349 3278 5403 καὶ
3332 5352 3497 5422 ἡμεῖς
3545 5348 3717 5422 μέρος
3760 5347 3896 5428 ἔχειν

2257 5430 2697 5507 καταξιωθῶμεν,
2732 5436 2920 5514 χάριτι
2953 5442 3050 5492 τοῦ
3083 5439 3328 5512 Χριστοῦ
3351 5483 3364 5496 .
3401 5439 3577 5512 ’Δμήν
3609 5483 3622 5494 .

2852 5569 3088 5621 ΚΕΦΑΛ
3115 5607 3128 5622 .
3173 5568 3302 5621 ΡΙΖ¹
3328 5611 3340 5624 .

2852 5674 2982 5747 Περῖ
3021 5672 3284 5746 Μελάνης
3306 5713 3321 5733 .

2335 5796 2648 5875 ’Δναγκαῖον
2711 5797 2768 5858 δέ
2828 5802 3130 5881 ἡγησάμην
3192 5802 3282 5857 καὶ
3331 5805 3600 5876 γυναικῶν
3662 5803 3917 5883 ἀνδρείων
