4074 6278
165 388 317 447 1221

1518 380 1885 443 HISTORIA
1936 386 2340 447 LAUSIACA.

3536 377 3691 437 1222

158 520 629 591 intelligentibus
660 520 844 574 oculis
876 519 1165 589 aspiciunt
1197 522 1410 574 aeterna
1439 520 1734 591 bonaquee
1781 537 1870 591 pa-
1909 525 1955 589 Α
1994 526 2276 579 mentum.
2336 518 2594 574 Habebat
2644 519 2836 571 autem
2888 529 3119 586 semper
3172 531 3402 587 quoque
3450 530 3690 586 parvum

168 619 297 667 rata
328 616 466 667 sunt
492 628 522 665 a
555 611 655 666 Dei
687 610 887 681 gloria.

810 699 1039 756 CAPUT
1077 698 1233 757 CXV.

649 792 763 846 Vita
795 794 835 846 Ε
843 791 1102 845 leemonis
1133 788 1407 844 monachi.

244 880 515 935 Vidimus
545 879 603 933 in
636 880 744 935 hac
780 880 1012 936 civitate
1054 880 1429 943 monachum,
1472 879 1572 949 qui
1611 878 1874 934 ordinem

167 972 607 1041 presbyteratus
639 970 935 1040 suscipere
968 969 1267 1025 recusavit.
1299 967 1550 1022 Venerat
1578 972 1769 1023 autem
1804 968 1875 1023 ad

165 1060 283 1115 tale
325 1059 682 1129 propositum
737 1064 866 1130 post
915 1058 1185 1113 militiam
1235 1057 1427 1128 exigiu
1478 1058 1779 1128 temporis.
1823 1059 1877 1113 Is

168 1150 520 1221 vigesimum
554 1164 771 1204 annum
806 1163 984 1219 agens
1010 1148 1065 1202 in
1092 1146 1518 1217 exercitatione,
1542 1147 1651 1202 hoc
1674 1146 1879 1201 habuit

170 1238 304 1293 vitae
336 1237 665 1292 institutum
700 1240 763 1290 ut
793 1240 1156 1306 permaneret
1187 1235 1343 1306 apud
1383 1235 1633 1290 civitatis
1666 1234 1879 1305 episco-

174 1343 318 1398 pum
350 1327 533 1382 virum
568 1326 1026 1381 sanctissimum.
1063 1329 1157 1380 Est
1191 1334 1381 1380 autem
1415 1325 1555 1380 adeo
1586 1324 1878 1394 benignus

171 1420 230 1471 et
263 1416 617 1485 misericors,
652 1420 715 1470 ut
747 1417 921 1470 etiam
954 1416 1129 1471 urbes
1160 1416 1498 1482 circumeat,
1531 1419 1586 1469 et
1619 1413 1881 1468 miserea-

174 1508 273 1559 tur
302 1522 501 1562 eorum
535 1508 629 1575 qui
663 1505 940 1576 indigent.
976 1505 1029 1559 Is
1080 1521 1194 1561 non
1243 1503 1487 1575 negligit
1533 1503 1879 1569 custodiam,

175 1611 291 1650 non
324 1596 745 1661 nosocomium,
780 1612 893 1650 non
939 1594 1259 1665 ptochium,
1305 1610 1418 1648 non
1466 1592 1721 1660 divitem,
1764 1609 1877 1647 non

174 1700 528 1755 pauperem;
580 1684 681 1739 sed
730 1683 836 1738 fert
888 1699 1052 1753 opem
1107 1683 1412 1738 omnibus:
1467 1683 1621 1753 apud
1674 1681 1882 1735 divites

176 1773 434 1842 quidem,
471 1777 533 1827 ut
564 1773 821 1827 immites
853 1776 909 1827 et
938 1772 1445 1837 immisericordes,
1469 1771 1641 1826 verba
1666 1770 1881 1825 faciens

176 1864 247 1916 de
297 1863 714 1929 misericordia,
764 1862 1082 1932 unicuique
1122 1870 1312 1917 autem
1366 1877 1433 1916 ex
1483 1860 1880 1931 indigentibus

173 1952 486 2021 providens
518 1967 640 2021 quae
676 1957 813 2006 sunt
846 1952 1187 2017 necessaria,
1219 1969 1317 2006 eos
1351 1951 1446 2022 qui
1484 1954 1748 2021 pugnant
1782 1967 1879 2019 pa-

174 2041 440 2109 cificans,
475 2040 644 2095 nudis
678 2041 1057 2112 suppeditans
1088 2041 1454 2107 indumenta,
1489 2040 1717 2110 aegrotis
1772 2053 1883 2093 me-

175 2130 509 2187 dicamenta
539 2132 786 2187 efferens
818 2131 890 2185 ad
922 2131 1310 2186 curationem.
1336 2131 1495 2196 Quod
1522 2135 1715 2185 autem
1738 2129 1885 2185 solet

182 2224 307 2277 ﬁeri
354 2223 409 2276 in
464 2222 736 2277 omnibus
778 2222 1003 2292 magnis
1053 2220 1407 2288 civitatibus,
1465 2221 1522 2275 in
1556 2238 1621 2276 ea
1653 2237 1884 2292 quoque

188 2314 375 2377 ﬁunt;
412 2312 468 2365 in
500 2310 725 2381 porticu
758 2311 913 2365 enim
947 2309 1372 2381 ecclesiaejacet
1394 2310 1700 2366 multitudo
1727 2326 1886 2364 man-

184 2417 381 2456 corum
416 2416 481 2455 ac
516 2400 875 2469 mutilorum,
910 2399 1318 2469 quotidianum
1365 2399 1583 2455 victum
1625 2400 1887 2453 emendi-

188 2492 484 2557 canlium;
534 2489 629 2559 qui
663 2488 874 2560 partim
907 2488 1143 2559 quidem
1178 2505 1383 2543 uxores
1416 2506 1528 2544 non
1574 2489 1883 2554 duxerunt,

182 2580 396 2651 partim
429 2595 563 2635 vero
595 2579 769 2633 etiam
805 2577 1115 2632 duxerunt.
1151 2579 1411 2642 Quodam
1446 2594 1581 2648 ergo
1613 2578 1704 2633 die
1736 2576 1888 2633 acci-

180 2671 265 2726 dit
305 2676 370 2725 ut
412 2670 585 2725 unius
637 2669 837 2723 borum
881 2684 1023 2723 uxor
1064 2672 1289 2738 pareret
1334 2668 1391 2722 in
1438 2669 1683 2739 porticu,
1731 2672 1787 2722 et
1826 2667 1884 2722 in

180 2762 306 2831 ipsa
336 2761 554 2827 hieme;
590 2774 657 2814 ea
687 2774 823 2829 ergo
849 2756 1139 2813 clamante
1162 2774 1289 2812 cum
1322 2758 1392 2812 ab
1416 2756 1512 2813 illo
1536 2755 1885 2813 intolerabili

177 2850 377 2905 dolore
445 2852 818 2921 pungeretur,
877 2848 1102 2902 audivit
1156 2846 1250 2902 hic
1310 2848 1515 2902 beatus
1574 2846 1883 2913 ululatum,

171 2956 347 2995 orans
380 2939 437 2992 in
471 2938 753 3005 ecclesia;
787 2941 843 2993 et
872 2936 1088 2993 relictis
1121 2938 1229 2993 sibi
1263 2937 1551 2993 consuetis
1584 2938 1888 3007 precibus,

169 3044 448 3101 egressus
478 3026 768 3097 respexit;
812 3031 866 3080 et
907 3042 1040 3080 cum
1084 3025 1380 3081 neminem
1427 3026 1750 3080 invenisset
1783 3025 1884 3096 qui

164 3119 254 3174 illi
288 3119 516 3173 adesset
548 3116 607 3171 in
648 3115 753 3169 hac
800 3115 1169 3181 necessitate,
1224 3114 1347 3185 ipse
1380 3116 1615 3170 functus
1644 3118 1734 3170 est
1762 3115 1884 3170 vice

171 3208 522 3273 obstetricis,
558 3223 675 3262 non
711 3205 1029 3261 abhorrens
1062 3205 1359 3260 fastidium
1405 3206 1556 3275 quod
1593 3205 1885 3276 consequi-

168 3306 270 3356 tur
304 3298 578 3353 mulieres
612 3295 923 3367 parientes,
959 3294 1272 3350 mulierum
1295 3293 1811 3362 insensibilitatem
1834 3296 1885 3351 ei

172 3389 459 3459 fargiente
522 3386 629 3440 hac
713 3384 1172 3456 profundissima
1240 3383 1625 3453 eleemosyna.
1696 3386 1885 3454 Atque

178 3478 423 3535 vestium
457 3475 695 3545 quidem
727 3474 938 3544 quibus
975 3478 1061 3528 est
1095 3474 1337 3529 indutus
1370 3473 1621 3545 pretium
1652 3489 1767 3529 non
1798 3477 1886 3528 est

176 3573 353 3628 unius
385 3570 569 3640 oboli;
614 3570 781 3625 cibus
821 3574 1016 3624 autem
1068 3569 1366 3625 contendit
1407 3584 1537 3622 cum
1575 3568 1832 3623 vestibus
1868 3582 1881 3622 :

174 3660 370 3718 libello
398 3667 589 3716 autem
633 3676 749 3715 non
798 3660 1047 3715 sustinet
1087 3658 1447 3723 incumbere,
1476 3676 1506 3713 a
1535 3657 1885 3713 lectionibus

173 3768 304 3808 eum
340 3752 663 3807 abducente
694 3748 1023 3805 clementia.
1061 3749 1118 3804 Si
1152 3748 1283 3821 quis
1317 3765 1415 3803 sex
1450 3747 1722 3804 fratribus
1754 3749 1802 3803 ei
1824 3747 1887 3802 li-

178 3844 349 3898 brum
407 3841 731 3905 donaverit,
782 3858 915 3895 eum
966 3840 1168 3895 statim
1230 3840 1443 3905 vendit,
1490 3844 1545 3894 et
1589 3839 1890 3895 distribuit

183 3930 554 4003 pauperibus.
592 3930 667 3983 Iis
700 3938 890 3984 autem
925 3929 1026 3997 qui
1071 3927 1558 3982 sciscitabantur:
1598 3928 1710 3981 Cur
1769 3928 1889 3982 haec

181 4019 384 4075 vendis
406 4018 433 4070 ‘?
464 4017 691 4071 dicebat
726 4033 739 4070 :
773 4017 879 4079 Qui
922 4032 1157 4084 possum
1194 4031 1317 4069 meo
1352 4015 1697 4084 persuadere
1732 4015 1888 4087 magi

180 4115 298 4164 stro
333 4124 423 4162 me
453 4108 579 4177 ejus
613 4109 795 4161 artem
830 4110 1095 4160 accuarte
1141 4106 1442 4165 didicisse.
1484 4106 1596 4161 nisi
1633 4106 1731 4163 illo
1764 4108 1889 4178 ipso

181 4213 325 4253 usus
361 4198 519 4251 fuero
562 4195 633 4249 ad
686 4199 868 4249 artem
913 4199 1061 4249 recte
1102 4195 1482 4249 exercendam
1517 4198 1532 4231 ι
1566 4194 1593 4249 ?
1638 4196 1739 4250 Hic
1779 4196 1888 4251 im-

184 4285 450 4341 mortalis
479 4298 615 4339 cum
642 4283 699 4337 in
730 4283 836 4339 hac
868 4282 1096 4338 actione
1128 4283 1432 4354 hucusque
1455 4286 1888 4355 permansisset,

190 4378 467 4446 perpetuo
495 4373 827 4444 germinans
852 4371 1140 4427 memoriae
1165 4387 1371 4427 nomen
1399 4373 1635 4444 reliquit
1658 4373 1741 4428 illi
1764 4391 1890 4444 quas

180 4467 270 4518 est
300 4462 677 4518 circumcirca
734 4460 975 4532 regioni.
1022 4462 1148 4531 Ipse
1186 4461 1381 4515 fruens
1418 4465 1632 4517 aeterno
1678 4463 1890 4533 gaudio

182 4552 244 4607 in
296 4568 468 4623 regno
514 4551 816 4619 cmlorum,
865 4550 1149 4620 recipiens
1198 4550 1368 4619 digna
1425 4550 1657 4621 praemia
1708 4551 1891 4607 beatis

1984 613 2363 683 Evangelium
2399 611 2507 664 sub
2530 606 2723 677 axilla,
2759 609 2858 660 aut
2891 607 2960 661 ad
2986 606 3079 661 sui
3110 607 3438 663 faciendum
3472 605 3693 677 pericu-

1984 703 2107 759 lum
2140 720 2281 758 num
2316 704 2590 774 perpetuo
2620 697 2745 755 voci
2781 697 3003 769 Domini
3043 698 3318 768 obedirel,
3358 702 3458 753 aut
3497 696 3692 768 potius

1986 798 2223 864 gestans
2257 807 2585 849 sermonem
2630 804 2804 859 quem
2846 795 2966 844 erat
3001 804 3173 859 opere
3218 793 3511 845 executus.
3551 786 3694 842 Tam

1987 879 2311 936 admirabili
2354 879 2511 934 enim
2544 877 2662 931 vita
2695 891 2833 931 usus
2858 878 2947 929 est
2973 874 3067 929 hic
3098 875 3202 944 vir,
3234 879 3290 930 et
3330 875 3475 931 citra
3507 872 3691 929 ullum

1987 971 2260 1037 dedecus,
2296 975 2357 1025 ut
2388 968 2625 1040 perinde
2658 983 2723 1021 ac
2745 965 3040 1021 terrestris
3063 964 3306 1036 angelus
3331 964 3563 1021 cmleste
3584 963 3705 1019 iter‘

1987 1058 2242 1130 legitime
2283 1057 2585 1129 peregerit.
2620 1056 2725 1112 Hic
2770 1072 2907 1128 ergo
2952 1071 3085 1110 cum
3116 1053 3351 1110 vidisset
3384 1052 3688 1125 reliquias,

1988 1164 2051 1204 se
2098 1148 2361 1219 protinus
2406 1163 2623 1203 exuens
2660 1143 3146 1216 superhumerali,
3197 1159 3262 1199 eo
3299 1142 3490 1198 induit
3536 1157 3691 1197 mor-

1990 1246 2174 1293 tuum.
2228 1238 2296 1293 Et
2351 1253 2557 1292 rursus
2627 1252 2760 1291 cum
2822 1251 3023 1307 parum
3074 1234 3478 1306 processisset,
3537 1234 3693 1287 nudo

1991 1329 2182 1399 egenti
2228 1327 2498 1395 occurrit,
2541 1330 2596 1381 et
2642 1325 2800 1380 stetit
2841 1326 2993 1396 apud
3029 1340 3085 1379 se
3122 1324 3474 1394 disceptans,
3517 1330 3571 1378 et
3608 1323 3691 1378 sic

1991 1417 2343 1473 ratiocinans
2378 1433 2390 1469 :
2433 1417 2729 1478 Quomodo
2767 1430 2871 1486 ego
2903 1413 3160 1484 quidem,
3204 1414 3302 1484 qui
3344 1412 3562 1468 mundo
3608 1428 3694 1467 re-

1993 1511 2272 1576 nuntiavi,
2326 1512 2486 1565 veste
2534 1508 2767 1576 induor,
2818 1508 2994 1562 frater
3043 1510 3237 1561 autem
3286 1521 3451 1560 meus
3500 1505 3695 1575 algore

1991 1600 2356 1656 concrescit?
2399 1600 2447 1653 si
2480 1614 2616 1669 ergo
2649 1613 2754 1668 ego
2802 1612 2933 1653 eum
2974 1596 3163 1652 sivero
3210 1594 3547 1665 exanimari,
3598 1611 3694 1649 ero

1991 1689 2227 1744 omnino
2268 1703 2442 1742 causa
2472 1687 2677 1741 mortis
2729 1687 3009 1755 proximo.
3033 1684 3180 1749 Quid
3212 1699 3369 1754 ergo,
3403 1698 3695 1739 exuensue

1991 1777 2277 1842 scindam,
2310 1780 2367 1829 et
2398 1780 2621 1846 partem
2646 1774 3015 1838 distribuam,
3042 1790 3113 1829 an
3135 1778 3317 1828 totum
3349 1773 3498 1828 dabo
3522 1773 3570 1828 ei
3595 1772 3696 1843 qui

1991 1873 2079 1923 est
2112 1868 2295 1922 factus
2335 1866 2404 1921 ad
2447 1866 2545 1920 Dei
2587 1864 2948 1935 imaginem?
2988 1864 3097 1918 Sed
3142 1864 3281 1933 quid
3336 1862 3481 1917 mihi
3512 1867 3568 1917 et
3610 1860 3694 1917 illi

1993 1955 2101 2011 erit
2133 1955 2293 2010 utilis
2325 1971 2459 2025 pars
2500 1970 2629 2023 qua:
2669 1951 3005 2007 scinditus?
3044 1951 3112 2005 Et
3148 1965 3285 2006 cum
3331 1950 3481 2019 apud
3516 1965 3575 2004 se
3607 1948 3693 2003 di-

1993 2049 2333 2117 sceptasset,
2365 2042 2545 2098 dixit:
2582 2040 2865 2096 Damnine
2897 2038 3115 2112 aliquid
3150 2039 3459 2111 patiemur,
3493 2036 3541 2093 si
3565 2037 3696 2108 plus

1993 2151 2165 2206 quam
2200 2132 2276 2188 sit
2308 2134 2657 2203 praeceptum
2691 2130 2970 2185 faciamus
2993 2128 3368 2184 ?Generosus
3392 2126 3585 2197 itaque
3601 2125 3695 2181 hic

1994 2224 2209 2279 athleta
2241 2226 2506 2295 prompto
2549 2224 2605 2276 et
2644 2219 2817 2275 alacri
2873 2218 3068 2274 animo
3098 2222 3261 2274 vocat
3289 2231 3603 2287 pauperem
3634 2216 3693 2271 in

1992 2312 2383 2380 vestibulum;
2417 2315 2474 2367 et
2512 2327 2646 2366 cum
2678 2326 2805 2365 eum
2839 2308 3154 2365 dimisisset
3186 2307 3483 2375 indutum,
3532 2306 3694 2362 stetit

1996 2405 2207 2471 nudus,
2242 2420 2303 2459 se
2334 2404 2599 2474 operiens
2634 2402 2930 2470 manibus,
2962 2416 3151 2472 genua
3176 2400 3414 2455 ﬂectens
3437 2402 3496 2453 et
3519 2398 3697 2453 subsi-

1995 2496 2178 2563 dens;
2212 2493 2402 2549 solum
2448 2493 2670 2548 habens
2718 2492 2827 2546 sub
2875 2489 3043 2546 axilla
3081 2489 3322 2545 verbum
3372 2488 3520 2557 quod
3564 2486 3698 2542 facit

1996 2583 2222 2638 divites.
2259 2583 2397 2653 Ejus
2428 2585 2617 2637 autem
2652 2580 2890 2637 consilio
2923 2583 2979 2635 et
3008 2579 3363 2651 providentia
3404 2575 3695 2632 transiens

1995 2674 2227 2746 quidam
2285 2673 2590 2729 irenarcha
2636 2674 2808 2742 (166),
2860 2672 3095 2744 agnovit
3149 2686 3384 2736 semen;
3444 2673 3500 2725 et
3554 2666 3700 2723 dixit

1994 2766 2255 2836 proximo
2287 2781 2393 2819 suo
2425 2763 2618 2819 socio:
2652 2763 2890 2834 Respice
2918 2761 3094 2831 illuc;
3130 2778 3242 2818 non
3279 2763 3368 2816 est
3401 2759 3494 2814 hic
3525 2773 3701 2815 senex

1994 2854 2177 2909 abbas
2210 2853 2469 2909 Bisarion
2501 2854 2528 2907 ‘I
2557 2852 2699 2908 Cum
2725 2853 2771 2908 is
2794 2855 2989 2907 autem
3013 2850 3255 2907 dixisset
3283 2866 3296 2905 :
3322 2848 3602 2916 Maxime;
3628 2848 3699 2902 de

1993 2960 2143 3014 equo
2174 2944 2533 2999 descendens
2574 2942 2798 3012 rogavit
2841 2945 3135 3009 sanctum,
3181 2940 3382 2996 dicens
3415 2955 3429 2995 :
3473 2936 3612 3003 Quis
3643 2940 3700 2992 te

1995 3032 2153 3087 exuit
2197 3033 2225 3084 ?
2276 3031 2375 3086 Ille
2424 3046 2555 3087 vero
2605 3031 2838 3085 dextera
2884 3029 3237 3099 protendens
3296 3024 3699 3096 Evangelium,

1996 3120 2135 3187 Hoc,
2169 3121 2382 3192 inquit,
2428 3136 2519 3176 me
2569 3119 2748 3175 exuit.
2793 3118 2999 3173 Statim
3051 3121 3247 3172 autem
3288 3132 3349 3171 se
3394 3131 3501 3169 sua
3542 3118 3702 3169 veste

1998 3228 2215 3268 exuens
2246 3212 2575 3276 irenarczea,
2610 3210 2924 3282 perfectum
2959 3205 3198 3263 militem
3229 3204 3439 3272 induit,
3481 3208 3536 3260 et
3567 3220 3701 3274 prc—

1996 3304 2157 3358 tinus
2187 3305 2423 3373 gestans
2454 3299 2631 3355 veluti
2666 3298 2979 3370 quamdam
3005 3311 3241 3368 parvam
3265 3297 3481 3351 vestem
3508 3309 3701 3350 mona-

1996 3391 2263 3456 chorum,
2297 3408 2329 3445 a
2362 3389 2578 3444 mundo
2609 3387 2797 3444 latens
2823 3387 3099 3454 recessit;
3134 3384 3436 3440 declinans
3468 3381 3699 3438 laudem

1995 3480 2122 3550 ejus
2153 3480 2253 3549 qui
2286 3495 2462 3534 suum
2492 3478 2733 3533 vidisset
2764 3477 2897 3531 vitae
2926 3476 3280 3541 institutum,
3315 3489 3448 3529 eum
3482 3472 3581 3543 qui
3612 3476 3703 3528 est

1996 3570 2066 3625 ab
2123 3568 2346 3625 occulto
2405 3569 2681 3625 honorem
2725 3567 2963 3623 celando
3013 3569 3371 3638 exspectans.
3425 3563 3527 3619 Hic
3576 3563 3701 3635 ipse

1996 3664 2306 3731 postquam
2340 3675 2509 3715 omne
2540 3662 2894 3729 praeceptum
2928 3655 3319 3728 evangelicum
3352 3658 3504 3710 recte
3546 3657 3701 3709 esset

1996 3754 2325 3817 exsecutus,
2370 3766 2502 3804 cum
2539 3747 2685 3803 nihil
2716 3747 2898 3818 hujus
2930 3746 3135 3802 mundi
3169 3745 3421 3817 amplius
3463 3743 3701 3799 haberet

1997 3841 2053 3894 in
2087 3841 2305 3909 animo,
2339 3841 2409 3895 ad
2444 3838 2772 3894 divinorum
2806 3839 3090 3893 dictorum
3122 3836 3521 3907 perfectiorem
3549 3850 3701 3891 exse-

1996 3931 2311 3998 cutionem,
2337 3944 2471 3985 cum
2506 3928 2563 3981 ni
2595 3926 2842 3982 transitu
2875 3926 3114 3981 vidisset
3144 3939 3483 3996 pauperem,
3524 3939 3698 3979 cursu

1996 4020 2055 4073 in
2091 4020 2277 4074 forum
2311 4018 2608 4073 contendit
2640 4034 2653 4071 :
2691 4018 2787 4072 ubi
2822 4032 2955 4071 cum
2988 4014 3281 4087 paulisper
3311 4013 3696 4083 constitisset,

1997 4109 2258 4165 vendidit
2287 4107 2685 4179 Evangelium.
2723 4106 2929 4162 Paucis
2956 4105 3135 4176 igitur
3166 4107 3298 4175 post
3327 4103 3553 4172 diebus,
3596 4102 3699 4174 qui

1998 4216 2129 4257 cum
2164 4216 2229 4254 eo
2262 4203 2384 4254 erat
2415 4198 2644 4254 abbatis
2674 4196 3025 4268 discipulus,
3049 4196 3227 4251 Dulas
3255 4194 3510 4262 nomine,
3534 4209 3699 4265 roga-

1996 4290 2080 4345 vit
2109 4306 2332 4355 senem,
2367 4288 2562 4344 dicens
2599 4305 2611 4342 :
2646 4287 2793 4353 Quid
2827 4302 2995 4357 parvo
3041 4284 3234 4340 libello
3275 4285 3493 4339 factum
3525 4288 3635 4353 est,
3665 4300 3698 4339 o

2000 4378 2191 4435 abba?
2211 4378 2315 4434 Cui
2342 4396 2513 4435 senex
2532 4378 2757 4448 placide
2782 4377 3017 4433 verbum
3042 4374 3349 4447 pulchrum
3376 4374 3696 4430 admodum

1999 4473 2055 4524 et
2096 4468 2264 4524 valde
2304 4468 2517 4523 scitum
2559 4472 2648 4522 est
2678 4467 2924 4536 locutus,
2956 4465 3037 4520 sic
3068 4465 3301 4520 dicens:
3343 4463 3424 4518 Ne
3464 4462 3699 4519 tristitia

2001 4559 2298 4626 afficiaris,
2331 4575 2363 4613 ο
2396 4558 2607 4619 frater;
2642 4573 2773 4611 nam
2800 4561 2861 4612 ut
2884 4555 3005 4612 illic
3036 4555 3356 4611 habeamus
3395 4554 3698 4618 ﬁduciam,

183 4641 519 4696 laboribus:
554 4647 610 4695 et
636 4641 737 4711 qui
769 4640 1087 4695 esurientes
1118 4640 1212 4695 hic
1255 4640 1479 4706 nutriit,
1513 4644 1568 4694 et
1601 4640 1774 4695 nudis
1797 4641 1892 4696 de-
1929 4639 1970 4702 ἰ)
2002 4655 2236 4720 propter
2274 4647 2660 4704 ebedientiam
2699 4647 2929 4701 vendidi
2962 4645 3150 4717 ipsum
3201 4659 3553 4710 sermonem,
3598 4641 3699 4714 qui

183 4731 269 4786 dit
299 4730 667 4798 vestimenta,
703 4745 855 4785 nunc
886 4730 1038 4799 apud
1060 4730 1342 4785 bonorum
1368 4745 1607 4799 operum
1634 4746 1893 4786 remune-

180 4823 426 4876 ratorem
460 4817 673 4873 fruitur
703 4834 874 4872 omne
906 4834 1091 4889 genus
1124 4817 1367 4875 deliciis.

808 4907 1042 4963 CAPUT
1080 4906 1272 4963 CXVI.

579 4999 692 5054 Vita
721 4997 936 5053 abbatis
967 4998 1271 5052 Bisarionis
1305 4998 1472 5070 (165).

254 5089 384 5145 Fuit
416 5088 654 5160 quidam
689 5103 881 5156 senex,
925 5087 1397 5158 possessionibus
1428 5103 1651 5155 carens,
1684 5092 1739 5142 et
1774 5088 1889 5142 mi-

182 5180 447 5247 sericors,
486 5178 720 5234 nomine
753 5178 1036 5233 Bisarion.
1076 5179 1128 5232 Is
1159 5194 1291 5233 cum
1325 5178 1574 5233 venisset
1604 5178 1663 5233 in
1696 5194 1893 5248 quem-

184 5271 316 5326 dam
363 5270 580 5339 vicum,
634 5268 771 5323 vidit
827 5269 1158 5322 mendicum
1219 5268 1443 5323 nudum
1493 5269 1551 5323 in
1585 5268 1704 5324 foro
1738 5284 1892 5324 mor-

181 5364 373 5426 tuum,
417 5376 592 5413 unam
651 5357 883 5428 quidem
925 5358 1117 5412 ferens
1169 5358 1428 5413 tunicam
1486 5358 1891 5415 convenienter

184 5446 523 5515 evangelicae
596 5446 912 5510 traditioni,
974 5449 1030 5500 et
1087 5461 1326 5516 parvum
1378 5446 1889 5518 superhumerale;

183 5536 332 5595 nihil
361 5537 514 5593 enim
551 5537 886 5610 possidebat
911 5540 1114 5609 praeter
1156 5535 1263 5592 hoc
1286 5538 1679 5594 necessarium
1720 5540 1891 5609 tegu-

2004 4737 2147 4792 mihi
2180 4753 2409 4807 semper
2440 4736 2666 4791 dicebat
2699 4753 2712 4790 :
2749 4735 2939 4791 Vende
2969 4749 3097 4806 quae
3127 4733 3324 4799 habes,
3358 4736 3415 4787 et
3452 4733 3527 4787 da
3557 4747 3702 4803 pau-

2002 4826 2236 4898 peribus
2266 4828 2454 4896 (Marc.
2488 4843 2558 4894 x;
2595 4826 2751 4880 Lucae
2782 4829 2957 4891 xvm).
2990 4827 3137 4878 Sunt
3165 4826 3355 4878 autem
3388 4821 3514 4876 alia:
3555 4836 3704 4892 quo—

2002 4934 2115 4989 que
2148 4933 2239 4972 res
2273 4915 2535 4988 plurimae
2568 4932 2633 4971 ex
2656 4916 2863 4971 virtute
2883 4917 3055 4985 gestae
3079 4912 3257 4982 hujus
3279 4911 3474 4981 magni
3496 4910 3700 4979 Patris,

2000 5024 2134 5062 cum
2173 5023 2289 5077 quo
2312 5023 2418 5062 nos
2442 5022 2673 5079 quoque
2700 5005 2862 5077 digni
2886 5004 3207 5059 habeamur
3222 5002 3434 5058 habere
3453 5004 3703 5072 partem,

2000 5096 2184 5169 gratia
2216 5096 2449 5151 Christi.
2486 5102 2689 5151 Amen.

2605 5184 2837 5242 CAPUT
2876 5184 3090 5241 CXVII.

2455 5277 2575 5333 Vita
2612 5277 2781 5332 beatae
2810 5275 3063 5331 Melianse
3091 5273 3260 5346 (167).

2071 5364 2479 5421 Necessarium
2511 5370 2705 5422 autem
2738 5364 3085 5429 existimavi,
3117 5362 3374 5418 virilium
3401 5373 3628 5429 quoque
3646 5360 3703 5412 et

2001 5453 2375 5511 honestarum
2409 5455 2726 5510 mulierum
2758 5453 3095 5510 meminisse
3144 5452 3203 5505 in
3234 5449 3345 5503 hoc
3375 5446 3544 5513 libro,
3577 5444 3705 5515 qui-

1999 5543 2113 5599 bus
2160 5545 2310 5600 Deus
2360 5544 2597 5615 aequalia
2636 5545 2868 5602 donavit
2910 5540 3145 5615 praemia
3188 5536 3327 5593 viris
3366 5535 3460 5607 qui
3490 5551 3560 5591 ex
3585 5533 3704 5592 vir-

258 5651 277 5685 1
337 5646 536 5726 Simile
593 5649 811 5705 dictum
868 5663 995 5719 cap.
1046 5651 1482 5719 seq.;etsup.,
1535 5647 1685 5719 apud
1748 5648 1964 5722 Pelag.,
2027 5652 2183 5711 libel.
2245 5671 2321 5723 v1,
2357 5673 2519 5712 num.
2553 5657 2633 5726 5;
2698 5652 2871 5725 Rull'.,
2908 5656 2941 5706 Ι.
3004 5667 3089 5721 m,
3149 5647 3435 5715 num.70,
3467 5645 3702 5703 nomine

183 5720 515 5794 Serapionis.
