4074 6278
454 436 609 494 1223

2024 428 2387 489 PALLADII

3870 407 4012 470 1224

447 573 570 625 tute
601 570 768 626 vitam
802 584 990 640 egere,
1034 572 1089 621 et
1130 566 1275 637 ipsis
1319 565 1575 620 reddidit
1621 580 1894 621 coronam
1940 582 2139 621 eorum
2176 568 2223 632 Α
2258 570 2345 620 est
2375 566 2431 619 in
2463 564 2807 631 Jerusalem,
2841 561 3061 616 habens
3094 562 3440 613 conventum
3476 554 3825 625 virginum
3852 552 4013 621 quin.

447 658 547 729 qui
578 659 690 730 ipsi
732 658 1052 729 placerunt,
1100 672 1170 712 ne
1212 655 1419 710 molles
1459 658 1784 724 teneraeque
1826 656 2144 710 reddantur

445 764 574 819 quas
605 756 737 803 sunt
779 747 1157 813 socordiores,
1199 750 1254 800 et
1297 749 1634 816 prastextum
1681 749 1940 813 quaerant
1981 748 2037 799 et
2077 760 2144 798 ex

445 841 833 905 cusationem,
865 842 1148 906 tanquam
1181 852 1307 905 qua;
1337 835 1452 889 sint
1484 833 1891 890 imbecilliores
1919 834 1989 887 ad
2023 849 2142 888 cer—

444 927 664 982 tamina
696 926 944 995 virtutis,
979 935 1031 981 et
1070 925 1140 979 ad
1172 925 1477 980 honestam
1512 924 1683 978 vitam
1721 924 2007 994 ogendam
2042 927 2143 977 At-

442 1032 552 1087 que
581 1015 793 1071 multas
822 1016 1060 1086 quidem
1092 1014 1210 1069 vidi
1245 1014 1364 1082 pias
1395 1030 1461 1068 ac
1504 1013 1827 1084 religiosas,
1873 1018 1928 1067 et
1960 1010 2141 1082 pluri-

444 1121 572 1161 mas
603 1105 831 1160 virtutis
861 1120 996 1175 ergo
1026 1103 1264 1160 conveni
1296 1107 1353 1157 et
1374 1102 1628 1173 virgines
1658 1106 1715 1158 et
1739 1102 1973 1168 viduas;
1996 1102 2144 1156 inter

442 1210 591 1266 quas
630 1200 753 1251 erat
790 1196 962 1250 etiam
1012 1193 1346 1249 beatissima
1388 1191 1637 1247 Melania
1674 1193 1927 1247 Romana
1968 1190 2141 1261 (168),

440 1301 569 1354 quae
600 1284 709 1339 fuit
739 1285 977 1356 quidem
1008 1284 1128 1338 ﬁlia
1160 1281 1413 1337 Marcelli
1445 1282 1772 1337 consularis
1805 1282 1973 1350 (169),
2002 1296 2143 1335 uxor

441 1375 746 1444 cujusdam
789 1373 893 1427 viri
928 1372 1171 1443 quierat
1208 1372 1269 1427 in
1313 1387 1527 1441 magna
1571 1371 1933 1438 auctoritate,
1974 1370 2142 1438 cujus

439 1460 696 1517 nominis
728 1477 843 1515 non
892 1465 1043 1515 recte
1094 1459 1354 1514 memini.
1402 1458 1530 1513 Haec
1574 1475 1706 1513 cum
1750 1466 1902 1513 esset
1942 1456 2139 1525 vidua,

437 1567 613 1622 agens
660 1566 882 1605 annum
932 1550 1280 1620 vigesimum
1343 1549 1665 1604 secundum
1719 1549 1886 1619 (170),
1942 1548 2139 1602 divino

438 1655 636 1696 amore
661 1639 838 1710 digna
869 1638 973 1693 fuit
1005 1638 1242 1705 habita;
1275 1642 1331 1693 et
1353 1638 1568 1693 nemini
1592 1639 1913 1709 quidquam
1941 1637 2139 1691 dicens

435 1728 883 1800 (prohibebatur
912 1728 1068 1782 enim
1100 1727 1172 1781 iis
1204 1727 1588 1798 temporibus,
1630 1726 1869 1781 Valente
1910 1729 2140 1782 tenente

437 1818 775 1889 imperium)
808 1834 942 1874 cum
974 1825 1233 1873 curasset
1264 1822 1327 1872 ut
1359 1817 1461 1871 ﬁlii
1493 1818 1583 1872 sui
1616 1818 2010 1872 nominaretur
2043 1823 2142 1869 tu—

2297 658 2553 712 uaginta.

2297 674 2367 712 ua
2415 673 2553 711 tnta.

2254 673 2287 727 q
2325 674 2469 800 ΟΞΠ)
2511 760 2623 815 qua
2661 742 2803 798 vixit
2841 734 3017 798 etiam
3058 736 3466 795 nobilissimus
3499 741 3561 790 et
3596 732 3912 789 moribus
3944 732 4010 785 si-

2258 835 2537 890 millimus
2559 842 2616 890 et
2646 834 2999 889 fortissimus
3031 830 3302 885 Rufﬁnus
3334 844 3402 883 ex
3432 824 3732 895 Aquileia
3772 822 4006 878 civitate

2252 925 2449 993 Italiae,
2484 924 2585 995 qui
2621 932 2818 995 postea
2857 924 3068 993 dignus
3120 924 3205 974 est
3250 918 3484 972 habitus
3538 914 3994 985 presbyter-stu,

2253 1030 2365 1086 quo
2397 1031 2511 1070 non
2542 1018 2630 1069 est
2659 1014 2928 1070 inventus
2960 1013 3107 1067 inter
3138 1008 3404 1063 homines
3454 1022 3567 1060 nec
3613 1002 3805 1058 docti
3841 1018 3999 1057 renec

2254 1104 2464 1159 mitior.
2516 1104 2729 1174 Viginti
2763 1108 2954 1158 autem
3002 1105 3058 1157 et
3103 1103 3321 1170 septem
3366 1097 3544 1151 annis
3600 1093 3993 1164 excipiebant

2252 1210 2349 1248 eos
2380 1194 2477 1262 qui
2506 1193 2807 1248 veniebant
2832 1189 3191 1257 Jerosolyma
3224 1186 3338 1242 voti
3384 1202 3589 1251 causa,
3642 1188 3712 1237 et
3765 1182 3987 1252 episce-

2255 1298 2380 1354 pos,
2408 1287 2465 1337 et
2495 1281 2833 1345 monachos,
2866 1286 2923 1337 et
2943 1279 3200 1351 virgines
3224 1282 3281 1331 et
3303 1273 3702 1331 matrimonio
3722 1274 3989 1342 junctos,

2252 1380 2305 1426 et
2336 1372 2592 1426 illustres
2638 1375 2694 1424 et
2738 1371 2973 1441 privatae
3006 1366 3377 1433 conditionis,
3410 1366 3461 1419 ei
3494 1378 3725 1418 omnes
3759 1362 3864 1431 qui
3889 1362 3987 1414 ad-

2251 1464 2563 1518 ventabant
2605 1462 2729 1517 suis
2774 1462 3041 1517 fovebant
3080 1458 3369 1530 expensis.
3401 1456 3718 1511 Juverunt
3752 1469 3988 1525 quoque

2250 1552 2510 1608 schisma
2537 1552 2687 1624 (176)
2738 1551 2895 1622 quod
2953 1548 3265 1604 Paulinum
3315 1546 3696 1609 sectabatur,
3754 1544 3991 1599 circiter

2250 1642 2806 1713 quadringentorum
2848 1641 3104 1695 virorum
3133 1638 3308 1693 vitam
3345 1635 3765 1691 monasticam
3812 1650 3991 1704 agen-
4042 1644 4043 1695 ξ

2251 1731 2392 1784 tium
2418 1748 2431 1797 ;
2461 1733 2518 1783 et
2545 1744 2776 1784 omnem
2805 1726 3138 1782 haereticum
3161 1742 3231 1780 ex
3251 1722 3862 1780 Pneumatomachis.
3887 1722 3987 1775 hoc

2250 1824 2339 1874 est
2368 1835 2437 1874 ex
2466 1819 2535 1873 iis
2567 1818 2665 1889 qui
2715 1817 2934 1873 bellum
2968 1822 3172 1888 gerunt
3203 1815 3481 1869 adversus
3514 1816 3815 1867 sanctum
3862 1810 3982 1881 Spi-

437 1912 528 1963 tor
583 1908 709 1977 ipsa
774 1908 1026 1978 acceptis
1093 1907 1217 1962 suis
1277 1906 1615 1975 mobilibus,
1688 1912 1747 1961 et
1810 1906 1867 1960 in
1926 1920 2135 1959 navem
2170 1910 2427 1991 Britum
2482 1923 2824 1977 persuasum
2871 1906 3316 1961 introduxerunt
3372 1903 3433 1958 in
3478 1902 3871 1968 Eoclesiam;
3930 1906 3975 1955 et

433 1996 661 2067 injectis
700 2012 834 2052 cum
867 1996 1087 2066 aliquot
1119 1996 1353 2051 famulis
1382 2001 1439 2051 et
1471 1996 1718 2061 ancillis,
1763 2013 1938 2050 cursu
1979 1995 2135 2051 navi-

434 2088 595 2157 gavit
627 2085 1067 2153 Alexandriam;
1101 2094 1152 2140 et
1184 2101 1314 2141 cum
1342 2085 1459 2141 illic
1484 2102 1575 2140 res
1598 2102 1734 2140 suas
1759 2085 2134 2151 vendidisset,

433 2180 490 2230 et
520 2176 578 2230 in
609 2192 821 2230 aurum
873 2176 1163 2230 minutum
1206 2175 1610 2242 convertisset,
1655 2176 1917 2246 ingressa
1957 2177 2045 2227 est
2079 2174 2135 2227 in

433 2270 689 2320 montem
722 2265 938 2329 Nitriae,
972 2269 1204 2321 sanctos
1248 2264 1442 2320 Patres
1483 2264 1852 2331 conveniens,
1897 2263 2132 2331 Pambo,

430 2358 486 2408 et
515 2354 805 2410 Arsisium
846 2355 1016 2425 (171),
1060 2359 1115 2409 et
1161 2354 1535 2426 Serapionem
1590 2369 1892 2424 magnum,
1934 2357 1985 2408 et
2028 2354 2136 2409 Pa-

432 2444 742 2515 phnutium
775 2445 1104 2514 Scetiotem,
1143 2448 1200 2499 et
1240 2444 1527 2501 lsidorum
1575 2444 1962 2500 confessorem
2010 2445 2135 2515 epi-

432 2549 676 2604 scopum
722 2533 1093 2604 Hermipolis,
1136 2540 1191 2587 et
1238 2535 1627 2601 Dioscurum;
1678 2539 1734 2589 et
1770 2536 1999 2588 versata
2045 2535 2135 2589 est

434 2624 588 2691 apud
617 2639 715 2677 eos
746 2623 977 2677 circiter
1007 2639 1227 2677 annum
1260 2623 1594 2689 dimidium,
1629 2623 1833 2677 obiens
1864 2621 2132 2677 solitudi-

430 2725 584 2775 nem,
617 2714 674 2764 et
700 2710 905 2764 videns
935 2726 1136 2765 omnes
1166 2716 1420 2766 sanctos.
1458 2716 1592 2766 Post
1624 2711 1743 2765 haec
1776 2719 1964 2765 autem
1998 2726 2131 2765 cum

429 2799 770 2870 Augustalis
799 2797 1160 2853 Alexandriae
1192 2799 1505 2868 relegasset
1532 2799 1841 2868 Isidorum,
1869 2804 1925 2853 et
1955 2800 2133 2855 Pissi-

430 2888 635 2957 mium,
656 2891 712 2942 et
736 2886 1087 2959 Adelphium
1112 2887 1282 2958 (172),
1304 2895 1357 2942 et
1378 2888 1798 2960 Paphnutium,
1820 2893 1875 2943 et
1896 2888 2128 2957 Pambo,

427 2982 485 3034 et
512 2977 665 3034 inter
695 2993 792 3033 eos
839 2978 1015 3032 etiam
1062 2978 1433 3033 Ammonium
1481 2978 1775 3033 Parotium
1806 2994 1908 3033 seu
1956 2993 2129 3032 unam

424 3068 740 3125 habentem
774 3067 1123 3133 auriculam,
1148 3078 1201 3123 et
1224 3067 1532 3124 duodecim
1557 3067 1879 3138 episc0pos,
1903 3072 1960 3124 et
1984 3083 2133 3139 pres-

425 3158 657 3229 byteros
702 3162 759 3213 et
808 3158 1070 3228 clericos,
1122 3164 1179 3213 et
1235 3156 1641 3226 anachoretas,
1683 3162 1746 3211 ut
1785 3166 1977 3213 essent
2015 3172 2135 3212 om-

425 3262 526 3301 nes
557 3263 800 3303 numero
830 3251 1065 3303 centum
1093 3247 1291 3317 viginti
1327 3264 1445 3311 sex,
1479 3247 1535 3300 in
1572 3246 1938 3301 Palaestinam
1983 3246 2133 3301 circa

424 3337 860 3407 Dioczssaream,
894 3339 1018 3409 ipsa
1057 3355 1155 3394 eos
1185 3344 1271 3393 est
1301 3345 1517 3407 secula,
1563 3338 1646 3393 eis
1704 3355 1771 3393 ex
1822 3339 1944 3393 suis
1994 3354 2125 3409 pro-

427 3424 567 3493 priis
599 3426 862 3494 pecuniis
893 3426 1377 3494 subministraus,
1409 3428 1466 3480 in
1492 3427 1935 3482 necessitatibus
1969 3444 2128 3482 sum-

424 3517 635 3581 ptuum
668 3518 837 3581 atque
868 3516 1141 3569 omnibus
1172 3516 1577 3585 suppeditans.
1611 3516 1753 3571 Cum
1787 3522 1979 3571 autem
2002 3534 2129 3586 pro-

424 3600 764 3655 hiberentur
796 3602 1067 3669 ministri,
1100 3610 1159 3657 ut
1192 3603 1506 3657 narrabant
1535 3610 1933 3671 (conveneram
1971 3608 2123 3663 enim

426 3695 696 3747 sacntum
742 3692 1105 3761 Pissimium,
1165 3695 1475 3764 Isidorum,
1527 3699 1584 3750 et
1631 3695 2041 3767 Paphnutium,
2073 3708 2129 3755 et

425 3781 856 3851 Ammonium),
902 3782 1022 3838 haec
1052 3782 1217 3838 fortis
1252 3783 1460 3839 mulier
1506 3784 1708 3839 induta
1742 3785 1932 3840 servili
1965 3805 2126 3843 cara-

424 3869 569 3925 cella
599 3872 771 3944 (173),
804 3888 1041 3943 vespere
1088 3873 1172 3929 eis
1223 3873 1449 3929 furebat
1489 3889 1612 3943 quas
1655 3878 1820 3929 erant
1848 3876 1918 3929 ad
1953 3892 2124 3931 usum

424 3962 771 4018 necessaria.
833 3962 976 4018 Cum
1022 3966 1212 4018 autem
1278 3964 1331 4017 id
1383 3963 1750 4035 cognovisset
1806 3965 2129 4021 consularis

424 4050 761 4120 Palastine,
811 4057 868 4107 et
918 4052 1087 4107 vellet
1133 4053 1322 4107 sinum
1374 4070 1544 4108 suum
1587 4054 1850 4124 implere,
1876 4056 2129 4125 speravit

422 4142 546 4196 fore
577 4145 640 4196 ut
668 4157 796 4198 eam
827 4146 1066 4198 terreret
1109 4142 1259 4213 (174)
1286 4160 1298 4209 ;
1332 4158 1580 4213 eamque
1612 4148 1897 4199 retentam
1931 4147 2130 4216 conje—

422 4233 504 4288 cit
534 4232 592 4286 in
636 4248 945 4303 carcerem,
990 4234 1270 4305 ignorans
1311 4233 1435 4302 ejus
1476 4232 1824 4288 libertatem.
1860 4234 1989 4289 Haec
2019 4252 2129 4290 au-

424 4331 537 4377 tem
572 4322 867 4391 signiﬁcat
896 4322 969 4387 ei,
1002 4322 1202 4378 dicens
1237 4324 1393 4393 :Ego
1426 4322 1584 4377 illius
1617 4324 1849 4393 quidem
1882 4324 1964 4378 fui
1991 4324 2129 4393 filia,

429 4411 605 4479 hujus
636 4426 768 4465 vero
802 4427 945 4467 uxor
970 4411 1067 4481 qui
1100 4412 1157 4466 in
1192 4417 1343 4467 terra
1372 4413 1484 4467 fuit
1514 4428 1719 4484 genere
1742 4412 1954 4481 clarus,
1976 4430 2131 4469 nunc

424 4507 617 4555 autem
646 4515 778 4555 sum
807 4500 1019 4555 Christi
1052 4500 1279 4556 ancilla.
1313 4503 1507 4573 Neque
1539 4518 1732 4557 meum
1766 4502 1937 4557 vilem
1976 4503 2129 4558 habi-

424 4593 551 4645 tum
586 4590 939 4660 despexeris,
982 4606 1221 4661 possum
1255 4592 1408 4645 enim
1462 4608 1573 4659 me,
1609 4592 1656 4646 si
1702 4591 1896 4653 velim,
1947 4593 2129 4649 extol-

420 4680 576 4749 lere;
622 4697 726 4735 nec
760 4684 924 4751 potes
975 4696 1068 4735 me
1120 4684 1355 4745 terrere,
1408 4696 1596 4751 neque
1642 4697 1708 4737 ex
1757 4683 1930 4737 rebus
1982 4683 2127 4738 meis

418 4768 641 4840 aliquid
687 4770 947 4841 accipere
974 4787 987 4837 ;
1036 4787 1107 4825 ne
1138 4786 1272 4841 ergo
1321 4770 1466 4825 forte
1498 4770 1772 4840 ignorans
1804 4770 1862 4824 in
1892 4770 2127 4841 aliquod

417 4860 635 4915 crimen
670 4862 915 4933 incidas,
948 4878 1211 4934 quaenam
1245 4861 1355 4916 sim
1388 4862 1493 4917 tibi
1541 4860 1843 4916 declaravi.
1892 4862 2129 4934 Oportet

417 4949 573 5003 enim
615 4951 894 5007 adversus
945 4952 1210 5017 stolidos,
1256 4957 1529 5022 tanquam
1572 4966 1712 5006 cane
1749 4954 1806 5005 et
1854 4952 2128 5023 accipitre

415 5038 499 5092 uti
534 5038 715 5093 animi
748 5039 1015 5101 elatione,
1049 5046 1105 5096 et
1136 5040 1195 5096 in
1230 5044 1487 5110 tempore
1518 5055 1716 5094 eorum
1750 5041 2035 5111 superbiae
2066 5042 2127 5096 in

413 5129 575 5201 ipsos
597 5126 930 5184 immittere.
972 5131 1132 5185 Tunc
1164 5134 1317 5185 certe
1341 5129 1521 5199 judex
1552 5144 1680 5184 cum
1715 5128 1835 5183 haec
1867 5132 2128 5201 accepis-

411 5223 522 5285 set,
557 5234 615 5275 se
644 5219 961 5286 excusavit,
996 5228 1079 5276 est
1108 5237 1234 5277 eam
1268 5220 1545 5288 adoravit,
1565 5224 1622 5274 et
1643 5219 1820 5289 jussit
1847 5235 1973 5275 eam
1999 5220 2126 5278 abs-

411 5325 524 5380 que
558 5307 674 5365 ullo
705 5306 1126 5377 impedimento
1159 5325 1292 5365 cum
1324 5308 1539 5364 sanctis
1570 5308 1979 5364 virisversari.

1007 5434 1239 5491 CAPUT
1279 5436 1515 5491 CXVIII.

826 5548 945 5603 Vita
978 5546 1191 5618 Ruf/ini
1222 5545 1368 5616 (175)
1400 5543 1730 5614 presbyteri.

484 5670 634 5741 Haec,
687 5678 999 5745 postquam
1049 5674 1110 5729 hi
1161 5674 1391 5728 fuerunt
1443 5670 1711 5738 revocati,
1764 5672 2117 5729 monasterio

412 5764 697 5821 aediﬁcato
727 5763 1131 5836 Jerosolymis,
1166 5763 1368 5833 viginti
1403 5764 1622 5832 septem
1654 5775 1839 5816 annos
1886 5766 2116 5820 versata

2250 1998 2450 2053 clerum
2472 1996 2571 2069 qui
2602 2002 2727 2052 erat
2764 1996 2825 2050 in
2857 2010 2922 2050 eo
2961 1994 3106 2057 loco,
3140 2003 3193 2049 et
3237 1991 3403 2048 donis
3434 1995 3491 2046 et
3527 1991 3847 2046 alimentis
3880 1991 3972 2045 ho—

2245 2095 2538 2153 norantes,
2562 2086 2641 2140 sic
2673 2086 2845 2140 vitam
2872 2087 3307 2154 transegerunt,
3332 2081 3639 2136 neminem
3666 2080 3969 2136 offenden-

2247 2181 2350 2237 tes,
2384 2177 2478 2231 sed
2525 2191 2759 2230 omnem
2811 2174 3231 2247 propemodum
3280 2171 3481 2227 orbem
3532 2176 3711 2226 terras
3761 2173 3967 2241 juvan-

2245 2270 2353 2322 tes.

2314 2360 2500 2427 Atqus
2552 2358 2623 2411 de
2681 2356 3009 2411 admirabili
3065 2354 3300 2426 quidem
3347 2356 3405 2407 et
3450 2356 3666 2407 sancta
3720 2352 3965 2408 muliere

2245 2445 2494 2501 Melania
2514 2446 2787 2517 superius
2817 2446 3050 2515 quidem
3085 2444 3309 2499 narravi
3341 2441 3686 2513 attingendo
3712 2442 3924 2499 leviter
3950 2462 3963 2510 ;

2248 2534 2432 2590 nihilo
2463 2534 2652 2591 secius
2684 2539 2874 2590 autem
2906 2533 3151 2604 reliqua,
3182 2532 3269 2588 vel
3303 2532 3492 2603 potius
3521 2548 3584 2586 ea
3623 2549 3755 2603 quae
3794 2538 3963 2587 teneo

2245 2626 2524 2679 memoria
2554 2623 2623 2679 de
2645 2625 2773 2693 ejus
2795 2622 3119 2689 virtutibus,
3143 2624 3409 2678 adtexam
3431 2622 3714 2686 oratione,
3742 2638 3959 2693 nempe

2243 2713 2691 2769 inenarrabilem
2710 2712 3161 2784 religiosissima
3186 2712 3446 2768 mulieris
3474 2711 3959 2777 beneﬁcentiam,

2244 2820 2346 2873 per
2388 2820 2557 2874 quam
2602 2821 2735 2860 cum
2775 2804 3004 2860 beatum
3047 2804 3490 2873 incorruptionis
3526 2802 3949 2859 indumentum

2242 2898 2363 2952 suis
2390 2896 2669 2951 texuisset
2696 2895 3015 2964 laboribus,
3048 2899 3104 2949 et
3132 2911 3259 2964 quae
3303 2911 3419 2950 non
3456 2897 3645 2965 potest
3686 2909 3949 2949 marces-

2242 3003 2370 3043 cere
2401 2987 2595 3058 gloriae
2637 3003 2934 3053 coronam,
2968 2985 3091 3042 suis
3132 2986 3411 3057 pecuniis,
3447 2986 3681 3056 proprio
3719 3002 3828 3040 suo
3865 3001 3941 3038 cs-

2244 3078 2344 3149 piti
2380 3078 2655 3133 fabricata
2686 3082 2835 3133 esset
2862 3080 2919 3131 et
2967 3075 3275 3145 induisset,
3320 3092 3450 3131 cum
3506 3075 3695 3130 multa
3745 3074 3942 3128 ﬁducia

2242 3169 2377 3225 hinc
2421 3168 2669 3224 excessit
2720 3169 2788 3222 ad
2840 3168 3174 3223 Dominum.
3235 3167 3321 3222 Me
3379 3182 3515 3238 ergo
3572 3166 3945 3237 incipientem

2248 3275 2419 3313 narra
2460 3258 2735 3328 praeclara
2781 3256 2959 3327 hujus
3004 3257 3172 3311 beataa
3205 3256 3480 3322 facinora,
3516 3254 3568 3309 si
3606 3254 3736 3309 volo
3763 3256 3951 3309 dicere

2244 3364 2372 3419 quae
2405 3348 2545 3415 scio,
2582 3356 2807 3418 tempus
2835 3347 3156 3403 deficiente.
3191 3345 3475 3409 Quantam
3504 3345 3751 3415 quidem
3776 3361 3957 3416 opum
4042 3386 4043 3419 η

2246 3392 2372 3419 *ιι-νυ
2405 3392 2545 3415 νων,
2582 3392 2806 3418 ·ν·ιίιυ-ν
2836 3392 3156 3403 κίνησιν-ην·
3196 3392 3475 3409 ιι--·-·----
3507 3392 3751 3415 Ὶ--ν----
3779 3392 3957 3416 νι--κ-

2238 3438 2541 3492 materiam
2572 3452 2637 3492 ea
2669 3437 3039 3508 consumpsit
3058 3437 3117 3491 in
3145 3440 3399 3505 egentes,
3432 3433 3655 3490 ccelesti
3688 3440 3962 3506 correpta

2238 3526 2546 3591 desiderio,
2582 3543 2695 3582 non
2738 3527 2986 3581 arbitror
3032 3525 3333 3581 ﬂammam
3377 3524 3555 3595 ignis,
3604 3524 3652 3579 si
3698 3526 3964 3596 incopio-

2239 3633 2364 3671 sam
2398 3616 2666 3671 inciderit
2696 3617 3021 3683 materiam,
3056 3622 3276 3670 tantam
3312 3632 3481 3686 posse
3522 3630 3788 3672 exurere.
3840 3616 3959 3672 Hoc

2239 3712 2434 3761 autem
2470 3723 2582 3762 non
2614 3711 2705 3763 est
2748 3723 2944 3762 meum
2987 3705 3177 3761 solum
3224 3720 3479 3773 narrare,
3511 3706 3611 3761 sed
3652 3706 3842 3760 etiam
3895 3724 3959 3762 eo

2238 3812 2366 3850 rum
2400 3796 2494 3867 qui
2528 3797 2822 3853 Persidem
2855 3801 2911 3852 et
2942 3795 3324 3861 Britanniam,
3356 3800 3413 3851 et
3442 3810 3645 3851 omnes
3677 3794 3964 3852 habitant

2240 3886 2478 3943 insulas.
2511 3887 2929 3943 Beneficiorum
2956 3886 3112 3943 enim
3144 3890 3202 3941 et
3233 3884 3608 3957 largitionum
3640 3884 3827 3955 hujus
3856 3887 3963 3941 im-

2240 3976 2499 4032 mortalis
2561 3978 2787 4033 feminze
2852 3993 2964 4032 non
3016 3976 3318 4044 Occidens,
3377 3992 3496 4031 non
3541 3975 3770 4044 Oriens,
3837 3993 3962 4031 non

2237 4066 2561 4138 Septentrio
2593 4068 2701 4123 fuit
2739 4084 2964 4138 espers,
3009 4083 3116 4123 nec
3166 4068 3458 4123 Meridies.
3502 4066 3758 4139 Triginta
3789 4066 3963 4120 enim

2239 4162 2296 4211 et
2338 4167 2551 4227 septem
2601 4174 2784 4213 annos
2835 4157 3097 4228 hospites
3150 4157 3467 4229 excipiens,
3519 4156 3636 4211 illis
3695 4172 3763 4210 ea
3816 4172 3953 4226 qua:

2240 4252 2405 4301 erant
2447 4248 2577 4302 usui
2624 4248 2747 4302 suis
2788 4248 3035 4319 praebuit
3072 4246 3433 4317 sumptibus,
3483 4245 3873 4315 ecclesiisque
3904 4254 3957 4299 et

2241 4336 2609 4391 monasteriis
2658 4341 2715 4392 et
2750 4336 3016 4407 hospitiis
3052 4340 3108 4391 et
3157 4335 3523 4403 carceribus;
3571 4340 3628 4391 et
3675 4343 3733 4389 ut
3768 4335 3955 4390 semel

2242 4425 2456 4491 dicam,
2492 4425 2691 4480 nullus
2722 4442 2788 4480 ex
2822 4427 2893 4481 iis
2926 4427 3025 4497 qui
3058 4442 3183 4481 eam
3224 4425 3487 4482 convenit
3535 4440 3650 4478 non
3706 4428 3802 4479 est
3846 4424 3952 4479 ali-

2241 4529 2410 4582 quam
2436 4519 2661 4584 partem
2688 4516 2815 4585 ejus
2838 4530 3015 4587 opum
3041 4518 3396 4576 consecutus,
3420 4510 3951 4581 suppeditantibus

2244 4603 2294 4656 ci
2353 4605 2822 4673 consanguineis,
2873 4608 2927 4660 et
2984 4604 3109 4676 ipso
3162 4602 3297 4669 tilio,
3345 4603 3398 4654 et
3455 4600 3949 4669 procuratoribus

2159 4667 2203 4730 D
2237 4693 2546 4761 quotannis
2576 4667 2867 4765 “pecunias
2916 4699 2971 4749 et
3009 4667 3295 4765 tanquam
3332 4667 3641 4744 luculentas
3687 4686 3938 4745 lucerna:

2239 4780 2428 4836 oleum
2474 4782 2965 4849 ministrantibus,
2999 4788 3064 4838 ut
3104 4780 3322 4853 fulgido
3370 4778 3592 4834 lumine
3639 4776 3931 4832 ﬂammam

2238 4872 2560 4928 accendens
2578 4871 2958 4944 eleemosynae
2974 4872 3282 4943 largitione
3300 4874 3541 4926 cunctos
3564 4866 3938 4922 illuminaret.

2236 4962 2317 5015 Ea
2358 4966 2552 5016 autem
2588 4977 2719 5018 cum
2762 4963 2819 5017 in
2856 4962 3251 5034 hospitalitate
3291 4960 3432 5016 adeo
3477 4955 3940 5029 perseveraverit,

2234 5066 2303 5105 ne
2338 5050 2597 5121 palmum
2634 5053 2870 5122 quidem
2894 5056 3056 5109 terrae
3089 5052 3371 5124 possedit,
3404 5065 3517 5104 non
3549 5048 3843 5103 abstracta
3859 5048 3942 5100 est

2234 5157 2267 5195 a
2306 5140 2618 5210 cupiditate
2652 5142 2751 5195 filii
2781 5144 2851 5197 ab
2884 5158 3078 5198 amore
3101 5139 3461 5208 solitudinis,
3505 5153 3619 5191 non
3642 5151 3770 5189 eam
3805 5134 3940 5190 divi-

2231 5228 2305 5283 sit
2334 5245 2367 5283 a
2397 5228 2675 5285 charitate
2706 5231 2764 5284 in
2796 5230 3091 5286 Christum
3127 5228 3419 5301 unigeniti
3450 5225 3605 5297 (177)
3639 5224 3745 5277 filii
3796 5223 3944 5278 desi-

2232 5317 2477 5373 derium.
2512 5319 2624 5374 Sed
2656 5321 2785 5389 ejus
2816 5320 3090 5392 precibus
3112 5318 3451 5374 adolescens
3474 5319 3530 5370 et
3552 5315 3622 5368 ad
3648 5329 3935 5368 summam

2229 5408 2487 5476 pervenit
2531 5409 2881 5477 doctrinam,
2926 5409 3314 5479 moribusque
3366 5406 3476 5461 fuit
3512 5404 3931 5464 ornatissimus,

2230 5496 2502 5569 claroque
2535 5502 2591 5555 et
2620 5498 2836 5556 illustri
2886 5500 2997 5555 fuit
3043 5497 3417 5555 matrimonio
3463 5492 3850 5562 conjunctus,
3890 5498 3927 5544 et

2228 5589 2561 5647 mundanos
2584 5598 2667 5647 est
2698 5591 2949 5648 honores
2981 5593 3362 5654 consecutus;
3396 5586 3491 5657 qui
3522 5586 3681 5640 duos
3716 5596 3923 5656 quoque

2231 5678 2432 5734 habuit
2463 5679 2613 5738 ﬁlios
2652 5681 2823 5756 (178),
2877 5682 2973 5755 qui
3007 5685 3351 5738 testarentur
3379 5678 3607 5747 justum
3640 5678 3930 5732 matrimo-

2228 5784 2412 5827 nium.
