4074 6278
274 277 430 340 1225

263 890 548 953 πλείσταις
600 889 656 946 δὲ
703 889 938 954 ἀστείαις
981 890 1058 950 είς
1111 889 1306 964 ἀρετὴν
1357 888 1732 964 συντετύχηκα
1775 909 1911 961 παρ-

263 975 436 1034 θένοις
468 994 524 1028 τε
553 971 642 1026 καὶ
692 974 915 1046 χήραις.
951 977 1014 1026 ’Π
1043 970 1408 1046 τρισμακαρία
1453 969 1672 1038 Μελάνη
1727 972 1908 1039 Σπανή

262 1054 332 1121 ἦν
363 1055 425 1108 τὸ
473 1053 647 1124 γένος,
699 1051 874 1106 εῗτουν
921 1051 1187 1123 Ῥωμαία.
1239 1049 1492 1124 Θυγάτηρ
1551 1051 1644 1121 μὲν
1695 1049 1908 1124 γέγονεν

265 1131 650 1206 Μαρκελλίνου
696 1136 793 1186 τοῦ
843 1133 951 1186 ἀπὸ
1001 1132 1240 1200 ὑπάτων,
1291 1128 1480 1204 ἀνδρὸς
1513 1128 1570 1184 δέ
1617 1149 1760 1190 τινος
1806 1131 1910 1184 ἀπὸ

260 1211 590 1286 ἀξιωμάτων
621 1215 753 1288 γυνή
791 1232 803 1245 ·
857 1213 918 1267 οῦ
947 1212 1134 1274 καλῶς
1182 1213 1243 1266 τὸ
1275 1211 1447 1284 ὄνομα
1495 1209 1556 1264 οὐ
1601 1211 1908 1288 μέμνημαι.

259 1293 476 1364 Ταύτης
511 1287 860 1368 χηρευσάσης
911 1292 1152 1348 εἰκοστὸν
1185 1289 1431 1365 δεύτερον
1478 1289 1712 1368 ἀγούσης
1743 1287 1860 1352 ἔτος
1891 1305 1906 1321 ⁶

257 1372 388 1443 ἥτις
450 1367 588 1446 μετά
657 1375 756 1442 τήν
831 1373 1036 1428 ἐκείνου
1113 1369 1414 1427 ἀποϐίωσιν
1492 1367 1691 1444 ἔρωτος
1759 1370 1906 1426 θείου

257 1455 652 1524 καταξιωθεῖσα
675 1459 754 1526 τῷ
804 1453 1011 1525 αἶ’ωνίῳ
1057 1453 1288 1550 Νυμφίῳ
1340 1453 1582 1530 συνήφθη
1626 1451 1700 1513 είς
1746 1453 1906 1512 τέλος

267 1534 282 1550 \
433 1537 446 1550 Ι
707 1539 732 1545 -ι
1015 1535 1027 1550 \
1277 1533 1290 1550 \
1443 1529 1485 1550 ’ΝΚ
1631 1531 1644 1550 9
1797 1537 1820 1546 υ

257 1534 590 1609 ἀγαπήσασα
639 1539 830 1590 τοῦτον
869 1556 881 1570 σ
941 1535 1030 1588 καὶ
1099 1529 1292 1607 μηδενὶ
1356 1529 1522 1605 μηδέν
1605 1531 1852 1606 εἰρηκυῖα
1887 1550 1900 1562 ·

255 1613 530 1669 ἐκωλύετο
561 1617 662 1690 γάρ
708 1614 762 1668 ἐν
807 1619 922 1676 τοῖς
969 1620 1202 1686 καιροῖς.
1250 1611 1552 1675 Οὐάλεντος
1595 1617 1692 1667 τοῦ
1749 1614 1902 1686 βασι-

257 1694 404 1758 λέως
445 1693 624 1774 ἀρχὴν
674 1691 899 1770 ἔχοντος
933 1695 986 1751 ἐν
1033 1699 1101 1769 τῇ
1152 1693 1425 1770 βασιλείᾳ,
1465 1695 1740 1764 ποιήσασα
1787 1691 1900 1746 ἐπί-

1569 271 1951 333 HISTORIA
1997 272 2404 334 LAUSIACA.

266 413 364 465 καὶ
417 409 782 486 εὐσχημόνων
839 409 1210 480 μνημονεῦσαι
1260 406 1312 460 ἐν
1357 410 1436 478 τῷ
1490 401 1692 480 βιϐλίῳ
1721 404 1922 476 τούτῳ,

272 492 364 552 αἶς
415 491 442 544 6
487 478 616 551 όέὸς
665 478 854 543 τᾶῗσα
908 491 1018 541 τῶν
1064 485 1116 540 ἒν
1166 487 1330 560 ἀρετῇ
1380 478 1727 560 βεϐίωκότων
1775 487 1926 556 αὐτῷ

271 569 534 647 στέφανον
591 567 956 638 ἀποδέδωκεν,
1011 567 1142 642 ὑπέρ
1193 571 1292 622 τοῦ
1345 570 1420 639 μὴ
1477 565 1920 640 καταμαλακίζε-

269 654 396 706 σθαι
439 650 532 712 τὰς
585 649 978 725 ῥᾳθυμοτέρας,
1011 649 1102 703 καὶ
1157 647 1526 722 ἀναχαιτίζειν
1580 649 1654 708 ὡς
1705 649 1918 702 ἀσθενε-

267 732 461 807 στέρας
519 731 656 805 πρὸς
712 729 838 792 τοὺς
898 729 1100 790 ἄθλους
1158 731 1258 792 τῆς
1318 730 1515 801 ἀρετῆς
1573 729 1662 782 καὶ
1719 731 1917 807 σεμνοῦ

269 803 396 886 βίου
438 803 794 885 κατόρθωσιν.
831 807 1052 871 Πολλάς
1107 811 1200 881 μὲν
1241 808 1456 882 ἑώρακα
1504 812 1609 864 τῶν
1659 803 1914 878 εὐσεϐῶν,

3543 277 3698 338 1226

2641 417 2892 466 ΚΕΦΑΛ.
2937 413 3086 469 PIH'.

2603 491 2734 564 Περὶ
2793 491 3069 565 Ῥουφίνου
3107 535 3118 548 .

2099 565 2250 636 Αὕτη
2314 569 2448 640 μετά
2505 569 2603 636 τὴν
2659 567 2961 638 ἀνάκλησιν
3019 572 3125 628 τῶν
3197 571 3390 628 ἐνθέων
3467 569 3676 648 ἀνδρῶν

2029 651 2394 724 μοναστήριον
2453 650 2678 705 κτίσασα
2735 650 2786 704 ἐν
2841 651 3253 726 Ἱεροσολύμοις
3317 650 3484 708 ε⁹ίκοσι
3541 654 3674 708 ἐπτά

2026 726 2194 784 ἔτεσιν
2241 727 2514 804 ἐχρόνισεν
2547 731 2600 784 ἐν
2635 733 2704 804 τῇ
2754 729 3138 804 Ἰερουσαλὴμ,
3173 727 3376 806 ἔχουσα
3419 729 3668 788 συνοδίαν

2023 811 2306 884 παρθένων
2341 813 2697 880 πεντήκοντα.

2093 893 2162 958 ’ῌ
2195 891 2381 960 συνέζη
2428 892 2517 945 καὶ
2551 893 2578 944 6
2625 891 2997 966 εὐγενέστατος
3042 892 3130 946 καὶ
3184 893 3522 970 μονότροφος
3573 895 3662 947 καὶ

2022 966 2426 1044 στιϐαρώτατα
2491 974 2796 1048 Ῥουφῖνος,
2857 973 2883 1026 ὁ
2943 973 3046 1026 ἀπὸ
3105 966 3448 1044 Ἰταλίας-ἐξ
3507 978 3664 1030 Ἀκυ-

2021 1049 2182 1121 ληίας
2211 1057 2312 1119 τῆς
2341 1049 2558 1112 πόλεως
2589 1048 2980 1126 πρεσϐυτερίου
3021 1053 3097 1115 εἰς
3125 1052 3347 1128 ὕστερον
3397 1057 3660 1126 καταξιω-

2015 1130 2126 1192 θείς
2159 1149 2171 1164 ο
2225 1131 2286 1184 οῦ
2317 1133 2760 1204 γνωστικώτερον
2793 1133 2882 1186 καὶ
2931 1132 3322 1206 ἐπιεικέστερον
3357 1132 3409 1187 ἐν
3461 1131 3662 1206 ἀνδρά-

2016 1231 2096 1264 σιν
2141 1211 2246 1285 οὐχ
2293 1212 2582 1285 ηὑρίσκετο
2621 1232 2634 1244 ·
2688 1210 3026 1286 δεξιούμενοι
3075 1213 3380 1292 ἀμφότεροι
3430 1212 3480 1268 ἐν
3539 1219 3655 1276 τοῖς

2013 1289 2182 1346 ε’ίκοσι
2225 1293 2358 1347 έπτά
2408 1291 2576 1348 ἔτεσιν
2621 1293 2748 1355 τοὺς
2800 1289 3432 1370 ἐπιχωριάζονταςίτοῖς
3484 1299 3658 1369 Ἱερο-

2012 1372 2280 1446 σολύμοις
2331 1375 2503 1448 εὐχῆς
2554 1375 2738 1450 χάριν,
2771 1376 3100 1436 ἐπισκόπους
3151 1397 3208 1430 τε
3256 1377 3344 1430 καὶ
3395 1379 3659 1450 μονάζον·

2009 1476 2126 1526 τας,
2163 1453 2451 1529 παρθένους
2487 1457 2576 1510 καὶ
2623 1457 2750 1520 τοὺς
2779 1457 2832 1512 ἐν
2889 1458 3192 1533 συζυγίαις,
3227 1459 3551 1536 ἀξιολόγους
3598 1481 3656 1514 τε

2010 1534 2098 1590 καὶ
2151 1533 2392 1608 ἰδιώτας,
2440 1538 2528 1592 καὶ
2579 1537 2910 1608 ἁπαξαπλῶς
2969 1535 3348 1610 ἐπιδεομένους
3389 1533 3491 1608 τῆς
3543 1559 3658 1592 συν-

2007 1617 2200 1692 τυχίας
2229 1619 2410 1674 αὐτῶν
2441 1617 2808 1688 καταλλήλως
2851 1619 3231 1690 ἀναπαύοντες,
3265 1617 3485 1682 οἰκείοις
3527 1621 3649 1675 ἀνα-

2009 1695 2261 1769 λώμασιν
2312 1695 2734 1770 οἰκοδομοῦντες
2781 1698 2984 1760 πάντας
3031 1700 3158 1760 τοὺς
3203 1699 3649 1775 παρατυγχάνον-

255 1797 461 1849 τροπον
518 1771 620 1831 τοῦ
691 1779 816 1830 υἱοῦ
869 1775 1034 1846 αὐτῆς
1116 1777 1503 1849 ὀνομασθῆναι,
1562 1775 1628 1829 τὰ
1705 1775 1898 1844 κινητὰ
1933 1771 2121 1838 Βτας.
2177 1777 2425 1830 ’Ήνωσαν
2472 1773 2528 1829 δὲ
2575 1779 2663 1831 καὶ
2713 1779 2775 1831 τὸ
2827 1778 3037 1855 σχίσμα
3078 1779 3141 1832 τὸ
3189 1771 3326 1834 κατά
3373 1771 3643 1836 Παυλῖνον

255 1857 431 1912 πάντα
463 1858 656 1926 ἑαυτῆς
706 1855 968 1928 λαϐοῦσα,
1020 1859 1110 1912 καὶ
1164 1857 1240 1917 είς
1291 1855 1486 1911 πλοῖον
1539 1851 1894 1928 ἐμϐαλομένη

255 1937 394 2009 μετά
425 1943 666 2014 φανερῶν
699 1935 932 1992 παιδίων
964 1939 1054 1992 καὶ
1097 1939 1277 2012 ῥητῶν
1309 1933 1610 1992 παιδισκῶν
1660 1934 1896 2008 δρομαία

246 2017 609 2074 κατέπλευσεν
683 2019 770 2074 ἐπὶ
847 2021 944 2088 τὴν
1020 2017 1448 2094 ’Δλεξανδρείαν.
1525 2018 1622 2071 Καὶ
1695 2016 1896 2085 ταύτην

245 2095 652 2168 καταλαϐοῦσα,
702 2097 812 2153 ἐκεῖ
867 2097 1268 2168 διαπωλήσασα
1320 2098 1418 2159 τὰς
1476 2096 1632 2166 ὕλας,
1673 2095 1761 2152 καὶ
1819 2097 1894 2158 εἰς

243 2179 451 2252 χρυσὸν
497 2182 1029 2252 κατακερματίσασα,
1083 2179 1332 2248 εῗσῆλθεν
1383 2177 1458 2240 εἰς
1509 2177 1572 2234 τὸ
1621 2177 1748 2251 ὄρος
1791 2181 1892 2244 τῆς

251 2258 494 2332 Νιτρίας,
544 2265 658 2320 τοῖς
704 2261 880 2334 ἁγίοις
929 2267 1039 2314 Πατ
1079 2261 1196 2314 άσιν
1241 2259 1718 2334 περιτυγχάνουσα
1769 2265 1886 2322 τοῖς

251 2339 370 2393 περὶ
425 2339 516 2393 τὸν
573 2341 836 2393 μακάριον
897 2280 1132 2393 Danai).
1191 2340 1281 2393 καὶ
1331 2339 1421 2393 τὸν
1479 2343 1580 2392 τοῦ
1647 2341 1886 2393 Χριστοῦ

245 2339 370 2411 περὶ
425 2339 516 2394 τὸν
572 2341 836 2414 μακάριον
897 2339 1132 2412 Παμϐὼ,
1191 2340 1281 2394 καὶ
1331 2339 1421 2394 τὸν
1479 2343 1580 2392 τοῦ
1647 2341 1888 2414 Χριστοῦ

242 2415 440 2473 δοῦλον
503 2419 796 2494 Ἀρσίσιον,
853 2419 944 2474 καὶ
1001 2421 1093 2476 τὸν
1157 2420 1320 2494 μέγαν
1397 2419 1736 2495 Σεραπίωνα,
1796 2422 1886 2476 καὶ

238 2498 332 2552 τὸν
381 2501 537 2574 ἅγιον
597 2502 954 2576 Παφνούτιον,
1001 2501 1092 2554 καὶ
1153 2502 1242 2556 τὸν
1303 2497 1554 2572 ἀοίδιμον
1609 2497 1884 2576 Ἰσίδωρον

231 2580 327 2633 τὸν
386 2581 762 2656 ὁμολογητήν,
822 2581 1116 2636 ἐπίσκοπον
1174 2577 1230 2634 δὲ
1287 2579 1734 2656 Ἑρμουπόλεως,
1785 2585 1876 2638 καὶ

240 2661 332 2714 τὸν
396 2657 770 2734 δοκιμώτατον
831 2665 1128 2736 Διόσκορον
1163 2681 1174 2694 '
1236 2663 1326 2716 καὶ
1388 2663 1685 2736 χρονίσασα
1752 2668 1878 2742 παρ’

241 2740 428 2803 αὐτοῖς
460 2743 535 2803 ὡς
569 2742 738 2816 ἥμισυ
787 2739 958 2807 ἔτους,
991 2741 1328 2798 κυκλεύουσα
1375 2743 1473 2797 ἀνά
1503 2744 1602 2810 τὴν
1651 2739 1878 2818 ἔρημον,

239 2821 328 2873 καὶ
373 2825 502 2874 πᾶσι
551 2825 994 2898 συντυγχάνουσα
1038 2829 1154 2885 τοῖς
1185 2823 1381 2898 ἁγίοις.
1415 2825 1565 2878 Μετά
1613 2821 1670 2878 δὲ
1709 2831 1880 2882 ταῦτα

238 2901 336 2954 τοῦ
375 2901 784 2974 Αὐγουσταλίου
833 2905 1170 2978 ἐξορίσαντος
1216 2903 1340 2964 τοὺς
1389 2903 1574 2977 ἁγίους
1619 2909 1876 2980 Πατέρας,

241 2978 544 3056 Ἰσίδωρον,
575 2985 662 3038 καὶ
697 2985 1008 3056 Πισσίμιον,
1031 2985 1120 3038 καὶ
1155 2981 1464 3058 Ἀδέλφιον,
1497 2986 1584 3038 καὶ
1623 2978 1878 3060 Παφνού-

237 3083 380 3132 τιον,
411 3065 500 3118 καὶ
555 3060 784 3137 Παμϐὼ,
819 3065 908 3119 καὶ
957 3065 1270 3138 Ἀμμώνιον
1314 3064 1404 3118 τὸν
1456 3066 1753 3138 παρώτιον,
1785 3071 1871 3124 καὶ

2008 1856 2084 1918 ὡς
2117 1853 2324 1930 ἀνδρῶν
2357 1858 2718 1932 τετρακοσίων
2751 1853 3120 1929 μοναζόντων,
3151 1860 3240 1911 καὶ
3279 1857 3448 1913 πάντα
3495 1863 3643 1932 αἱρε-

2005 1939 2156 1991 τικὸν
2217 1937 2686 2012 Πνευματομάχον
2748 1937 3134 2009 συμπείσαντες
3201 1937 3490 2012 εἰσήγαγον
3567 1939 3644 2000 εἰς

2001 2017 2104 2086 τὴν
2158 2015 2510 2086 Ἐκκλησίαν,
2559 2020 2826 2090 τιμῶντες
2875 2017 2966 2072 τὸν
3012 2015 3150 2072 κατά
3203 2016 3369 2072 τόπον
3414 2015 3645 2089 κλῆρον,

2005 2094 2205 2171 δώροις
2259 2119 2312 2152 τε
2359 2098 2446 2152 καὶ
2498 2103 2746 2174 τροφαῖς.
2795 2097 2894 2152 Καὶ
2941 2101 3106 2154 ταῦτα
3157 2102 3437 2160 ποιοῦντες
3499 2097 3642 2155 οὕτω

1999 2178 2091 2232 τὸν
2139 2177 2256 2252 βίον
2311 2177 2361 2232 ἐν
2412 2173 2658 2249 εὐσεϐείᾳ
2706 2175 3031 2248 διετέλεσαν,
3083 2176 3292 2252 μηδένα
3342 2180 3436 2251 μὲν
3484 2201 3641 2234 σκαν-

2003 2254 2338 2328 δαλίσαντες,
2374 2255 2570 2334 σχεδὸν
2604 2257 2662 2315 δὲ
2707 2264 2879 2316 πᾶσαν
2912 2261 3012 2330 τὴν
3055 2259 3384 2332 οἰκουμένην
3417 2259 3644 2342 ὠφελή-

2001 2359 2187 2401 σαντες
2200 2384 2210 2395 .

2071 2421 2198 2498 Περὶ
2231 2425 2330 2498 τῆς
2381 2423 2680 2493 θαυμασίας
2709 2422 2799 2474 καὶ
2831 2420 2982 2498 ἁγίας
3027 2420 3298 2498 Μελανίας
3331 2422 3634 2497 ἀκροθιγῶς

2000 2500 2094 2571 μὲν
2124 2497 2232 2553 ἀνω
2283 2497 2634 2575 διηγησάμην
2677 2501 2798 2570 περὶ
2850 2503 3040 2570 αὐτῆς,
3075 2499 3226 2555 οὐδὲν
3276 2497 3332 2554 δὲ
3379 2503 3540 2570 ἦττον
3571 2503 3638 2556 τά

1997 2577 2184 2638 λοιπά.
2239 2579 2454 2654 μᾶλλον
2501 2579 2558 2635 δὲ
2605 2580 2638 2634 ἀ
2695 2576 3101 2655 καταλαμϐάνω
3150 2584 3220 2655 τῇ
3283 2583 3476 2656 μνήμῃ
3527 2586 3634 2638 τῶν

1990 2660 2194 2730 ταύτης
2249 2663 2452 2736 ἀρετῶν
2507 2662 2596 2716 καὶ
2655 2665 2746 2716 νῦν
2806 2662 3050 2738 ἐνυφανῶ
3105 2667 3186 2734 τῷ
3241 2661 3484 2735 ποικίλῳ
3537 2668 3633 2718 τοῦ

1993 2737 2164 2816 λόγου
2193 2745 2414 2816 χιτῶνι,
2449 2740 2810 2817 διηγούμενος
2859 2737 2954 2805 τᾶς
2985 2743 3224 2820 ἀφάτους
3249 2750 3349 2811 τῆς
3381 2744 3628 2820 θεοφιλε-

1990 2821 2187 2891 στάτης
2243 2822 2444 2892 ταύτης
2503 2823 2766 2886 εὐποιίας.
2825 2825 2902 2879 Δι’
2960 2825 3032 2878 ὧν
3095 2826 3156 2879 τὸ
3217 2825 3482 2898 μακάριον
3531 2833 3632 2894 τῆς

1987 2901 2284 2976 ἀφθαρσίας
2331 2899 2534 2975 ἔνδυμα
2591 2904 2814 2965 οἰκείοις
2863 2904 3046 2965 πόνοις
3105 2905 3268 2976 ἑαυτῇ
3309 2904 3624 2978 ἐξυφάνασαί

1986 2983 2196 3037 καὶτὸν
2249 2983 2610 3057 ἀμαράντινον
2649 2991 2746 3052 τῆς
2797 2981 2955 3056 δόξης
3007 2985 3259 3059 στέφανον
3305 2989 3423 3045 τοῖς
3470 2984 3631 3049 ἰδίοις

1987 3069 2238 3141 χρήμασι
2260 3071 2328 3140 τῇ
2359 3067 2518 3137 τιμίᾳ
2540 3065 2708 3134 αὐτῆς
2739 3063 2948 3139 κεφάλῇ
2972 3063 3159 3124 καλῶς
3191 3061 3626 3140 ἐκχαλκεύσασα,

239 3140 454 3216 ἐτέρους
501 3146 670 3217 τινας,
714 3148 842 3208 τοὺς
887 3147 1088 3208 πάντας
1150 3143 1359 3200 δώδεκα
1415 3145 1740 3210 ἐπισκόπους
1784 3149 1874 3204 καὶ
1908 3133 1949 3199 C
1988 3147 2076 3200 καί
2129 3147 2614 3221 μεταμφιασαμένη
2661 3147 2796 3216 μετά
2845 3143 3063 3210 πολλῆς
3111 3143 3441 3219 παρρησίας,
3492 3145 3630 3216 πρὸς

235 3221 652 3300 πρεσϐυτέρους,
703 3229 792 3282 καὶ
842 3227 1070 3290 λοιποὺς
1125 3226 1430 3300 κληρικούς
1488 3248 1545 3282 τε
1601 3229 1692 3282 καὶ
1739 3229 1871 3285 ἀνα-

234 3306 518 3376 χωρητάς,
577 3307 650 3368 ῶς
703 3308 938 3382 γίνεσθαι
992 3309 1087 3362 τὸν
1147 3307 1378 3382 ἀριθμὸν
1439 3307 1627 3361 ἑκατὸν
1703 3307 1874 3364 εἴκοσι

338 3383 470 3446 τοὺς
525 3381 726 3448 πάντας
785 3383 1013 3441 δεκαδύο
1063 3381 1392 3448 ἐπισκόπους
1438 3386 1528 3440 καὶ
1575 3383 1869 3462 πρεσϐυτέ-

239 3483 363 3530 ρους
397 3469 472 3526 εἷς
518 3467 616 3534 τήν
670 3465 1055 3539 Παλαιστίνην,
1086 3469 1209 3542 περῖ
1256 3469 1356 3536 τὴν
1409 3469 1822 3544 Διοκαισάρειαν
1856 3490 1868 3503 ·

238 3541 288 3597 ἐν
324 3545 406 3606 οἷς
434 3547 521 3600 καὶ
555 3543 688 3615 αὐτή
724 3546 1052 3603 συνελθοῦσα
1087 3552 1120 3618 ἡ
1158 3541 1444 3622 μακαρῖτις
1476 3547 1536 3602 ἐκ
1562 3541 1683 3603 τῶν
1719 3547 1872 3606 ίδίων

239 3623 592 3700 ὑπαρχόντων
642 3625 969 3683 διακονοῦσα
1010 3629 1217 3693 αὐτοῖς.
1251 3629 1630 3701 Κωλυομένων
1679 3628 1735 3686 δὲ
1763 3635 1870 3686 τῶν

237 3703 690 3790 ὑπηρετουμένων
769 3709 980 3790 αὐτοῖς,
1041 3712 1114 3774 ὡς
1193 3709 1484 3788 διηγοῦντο
1551 3713 1869 3790 (συνέτυχον

235 3785 361 3868 γὰρΔ
391 3786 496 3868 ἐγὼ
547 3793 626 3860 τῷ
652 3867 656 3868 7
684 3789 826 3865 ἁγίῳ
883 3791 1185 3864 Πισσιμίῳ,
1235 3785 1326 3847 καί
1387 3792 1732 3868 Παφνουτίῳ,
1771 3785 1870 3848 ’καὶ

236 3863 524 3940 Ἰσιδώρῳ,
573 3867 660 3922 καί
711 3863 1064 3942 Ἀμμωνίῳ),
1112 3870 1246 3940 αὕτη
1307 3873 1340 3938 ἡ
1395 3863 1614 3945 ἀνδρεία
1673 3863 1868 3928 παιδα-

237 3946 352 4016 ρίου
403 3946 732 4021 καρακᾶλιον
785 3945 1140 4020 λαμϐάνουσα
1167 3953 1286 4006 καθ’
1330 3952 1556 4024 ἑσπέραν
1607 3951 1870 4028 εἰσέφερεν

235 4027 417 4088 αὐτοῖς
445 4028 510 4082 τὰ
543 4029 676 4100 πρὸς
707 4028 800 4093 τὰς
828 4031 1048 4104 χρείας.
1091 4031 1377 4106 Ἐγνωκὼσ
1407 4030 1496 4086 οὖν
1527 4033 1554 4086 6
1607 4027 1867 4099 ὑπατικὸς

234 4113 330 4174 τῆς
391 4107 776 4180 Παλαιστίνης,
835 4109 1070 4180 θελήσας
1121 4111 1214 4166 ἀπ’
1273 4112 1438 4182 αὐτῆς
1497 4113 1588 4168 τὸν
1661 4115 1868 4172 κόλπον

233 4185 546 4262 πληρῶσαι,
586 4191 682 4266 ,καὶ
735 4189 1134 4266 προσεδόκησεν
1179 4191 1379 4263 ταύτην
1438 4195 1714 4250 καπνίσαι.
1767 4198 1865 4253 Καὶ

233 4269 516 4344 κατασχὼν
566 4265 758 4326 ἔϐαλεν
809 4272 1011 4342 ταύτην
1061 4273 1136 4334 είς
1185 4273 1456 4348 φυλακην,
1505 4275 1714 4350 ἀγνοῶν
1769 4279 1867 4348 τήν

233 4347 556 4438 ἐλευθερίαν
613 4353 798 4422 αὐτῆς.
849 4347 1300 4438 ’Συγκλεισθείσα
1359 4354 1416 4410 δὲ
1554 4347 1864 4438 θεοφιλής,

235 4429 396 4500 δηλοῖ
423 4437 502 4505 τῷ
537 4435 804 4506 ὑπατικῷ,
849 4433 1082 4510 λέγουσα
1115 4455 1126 4468 ·
1175 4435 1316 4510 Ἐγὼ
1363 4433 1521 4490 τοῦδε
1565 4439 1658 4510 μὲν
1685 4429 1862 4514 ’γεγέ-

231 4533 400 4592 νημαι
449 4515 714 4590 θυγάτηρ,
759 4521 857 4570 τοῦ
909 4515 966 4570 δὲ
1010 4519 1142 4592 γυνὴ
1181 4521 1278 4571 τοῦ
1325 4515 1574 4588 ἐπιδόξου
1623 4517 1812 4592 γένους
1845 4539 1858 4554 °

235 4593 296 4644 τὰ
326 4590 383 4645 δὲ
429 4598 520 4647 νῦν
571 4594 686 4666 εἰμί
731 4593 904 4664 δούλη
939 4590 1194 4670 Χριστοῦ.
1239 4597 1340 4653 Καὶ
1401 4599 1476 4668 μή
1523 4602 1590 4670 τῇ
1624 4590 1866 4673 εὐτελείᾳ

235 4677 324 4755 τοῦ
381 4675 666 4755 σχήματός
718 4695 822 4755 μου
871 4674 1159 4755 προσέχων
1211 4678 1578 4752 καταπτύσῃς.
1627 4679 1866 4752 Δύναμαι

237 4751 352 4824 γὰρ,
385 4750 474 4804 ἐὰν
509 4752 686 4832 θέλω,
733 4753 976 4826 ἐμαυτὴν
1025 4750 1114 4810 κάὶ
1167 4757 1376 4828 ὑψῶσαι
1425 4750 1510 4812 καί
1561 4750 1866 4832 ἐκδικῆσαι,

237 4833 324 4913 καί
351 4833 448 4913 οὐκ
489 4827 636 4907 ἔχεις
671 4855 740 4907 με
783 4834 838 4890 ἐο
887 4834 1063 4909 τούτῳ
1090 4827 1362 4908 καπνίσαι,
1414 4836 1538 4893 οὐδὲ
1566 4843 1672 4894 τῶν
1719 4839 1866 4913 ἐμῶν

235 4934 281 4967 τι
313 4908 518 4970 λαϐεῖν.
552 4915 714 4998 ᾭστε
745 4914 963 4998 οῦνῗτί-ναῖ
984 4908 1258 4992 ἀγνοήσας
1295 4921 1370 4993 μὴ
1421 4918 1634 4995 μέλλῃς
1665 4908 1866 4998 ἐγκλή-

241 5015 360 5065 μασι
421 4995 788 5069 περιπίπτειν,
850 4995 1106 5068 ἐδήλωσά
1179 5019 1286 5056 σοι.
1363 5005 1454 5054 Δεῖ
1509 5003 1638 5076 γὰρ,
1706 4995 1866 5079 φησὶ,

237 5077 364 5130 κατά
417 5080 526 5131 τῶν
584 5077 922 5150 ἀναισθήτων
977 5082 1218 5155 καθάπερ
1275 5083 1392 5136 κυνὶ
1452 5081 1488 5150 ἢ
1555 5077 1732 5158 ἱέρακι
1789 5089 1868 5156 τῷ

237 5156 382 5238 τύφῳ
429 5161 754 5238 κεχρῆσθαι,
813 5163 902 5214 καί
954 5158 1004 5214 ἐν
1049 5163 1223 5234 καιρῷ
1281 5156 1646 5238 ὑπερηφανίας
1691 5164 1870 5218 αὐτῶν

238 5237 458 5298 τούτους
517 5236 813 5316 ἐπαφιέναι.
863 5237 999 5294 Τότε
1047 5239 1280 5304 ἀκούσας
1329 5236 1495 5296 ταῦτα
1544 5243 1572 5296 6
1611 5240 1870 5313 δικαστὴς

241 5315 307 5376 εἰς
339 5315 682 5386 συναίσθησιν
725 5316 923 5389 ἐλθὼν,
956 5321 1042 5374 καὶ
1095 5317 1500 5396 ἀπελογήσατο,
1531 5323 1620 5376 καὶ
1671 5320 1864 5394 ἐδεήθη

240 5395 420 5466 αὐτῆς,
451 5397 537 5450 καὶ
587 5396 863 5454 ἐκέλευσεν
906 5400 1076 5472 αὐτην
1123 5395 1423 5463 ἀκωλύτως
1475 5403 1867 5476 συντυγχάνειν

239 5481 346 5538 τοῖς
377 5475 556 5551 ἁγίοις
589 5477 863 5553 ἀνδράσιν.

1981 3228 2072 3281 τὸν
2108 3227 2235 3280 Θεὸν
2287 3222 2664 3298 ἀπεδήμησεν.
2713 3225 3034 3300 Ἀρξάμενόν
3091 3245 3156 3296 με
3204 3223 3384 3277 τοίνυν
3433 3221 3630 3298 διηγή-

1985 3308 2174 3360 σασθαι
2223 3307 2288 3360 τὰ
2336 3305 2536 3374 ταύτης
2587 3312 2686 3374 τῆς
2741 3303 3008 3378 μακαρίας
3065 3305 3491 3378 κατορθώματα,
3539 3305 3627 3360 ἐὰν

1985 3386 2128 3440 θέλω
2161 3387 2292 3460 ἅπερ
2325 3384 2638 3457 ἐπίσταμαι,
2673 3384 2868 3460 λέγειν,
2905 3383 3174 3457 ἐπιλείψεί
3205 3383 3294 3437 καὶ
3329 3385 3356 3438 ὁ
3407 3385 3624 3460 χρόνος.

1983 3469 2152 3536 ’Ὀσην
2179 3465 2272 3538 μὲν
2303 3465 2440 3536 ὕλην
2470 3464 2606 3536 αὕτη
2633 3465 2708 3527 εἷς
2743 3463 3032 3536 δεομένους
3055 3461 3328 3534 ήνάκωσεν
3359 3462 3628 3539 ληφθεῖσα

1983 3552 2063 3620 τῷ
2093 3548 2332 3624 οὐρανίῳ
2365 3546 2543 3618 ζήλῳ,
2578 3546 2675 3601 οὐκ
2725 3547 2882 3619 οἶμαι
2915 3546 3086 3620 πυρὸς
3136 3544 3318 3622 φλόγα
3363 3543 3628 3618 ἐμπεσοῦ-

1983 3649 2078 3684 σαν
2133 3629 2207 3691 εἷς
2255 3627 2514 3707 ἀφθονίαν
2564 3628 2703 3699 ὕλης
2750 3627 3022 3707 τοσαύτης
3077 3625 3384 3707 δυνηθῆναι
3415 3626 3626 3702 ἐμπρῆ-

1983 3730 2090 3766 σαι.
2119 3705 2392 3764 Τοῦτοέδὲ
2440 3708 2538 3764 οὐκ
2571 3708 2700 3779 ἐμόν
2747 3707 2856 3762 ἐστι
2905 3706 3288 3783 διηγήσασθαι,
3338 3705 3485 3762 ἀλλὰ
3530 3710 3622 3766 καὶ

1980 3793 2087 3844 τῶν
2119 3790 2220 3857 τὴν
2251 3785 2508 3861 Περσίδα,
2538 3787 2628 3840 καὶ
2683 3785 3020 3860 Βρεττανίας,
3051 3787 3138 3839 καῖ¹
3189 3785 3283 3846 τὰς
3315 3787 3487 3848 πάσας
3519 3789 3620 3856 νή-

1983 3891 2108 3932 σους
2137 3867 2454 3924 οἰκούντων,
2489 3871 2608 3920 Τῶν
2638 3868 2742 3942 γὰρ
2770 3865 3025 3920 εὐποιιῶν
3053 3865 3145 3920 καὶ
3173 3863 3464 3919 ἐπιδόσεων
3515 3873 3615 3935 τῆς

1977 3949 2242 4004 ἀθανάτου
2291 3946 2516 4016 ταύτης,
2549 3945 2612 4000 οὐ
2660 3947 2838 4018 Δύσις,
2873 3947 2972 4000 οὐκ
3019 3942 3308 4012 ’Δνατολὴ,
3344 3943 3443 3998 ούκ
3484 3947 3615 4018 Ἀρ-

1978 4049 2125 4106 κτος,
2159 4024 2280 4082 οὕτε
2310 4021 2978 4106 Μεσημϐρίαῗήστόχησε.
3011 4027 3334 4101 Τριακοστὸν
3367 4027 3470 4103 γὰρ
3519 4028 3610 4081 καὶ

1975 4105 2214 4182 ἕϐδομον
2264 4107 2602 4180 ξενιτεύσασα
2647 4105 2787 4169 ἔτος,
2831 4105 2994 4170 ῗδίοις
3043 4106 3397 4181 ἀναλώμασιν
3443 4108 3612 4181 ἐπήρ-

1975 4211 2116 4262 κεσε,
2159 4189 2248 4243 καὶ
2298 4187 2637 4260 ἐκκλησίαις,
2671 4187 2758 4242 καὶ
2813 4188 3229 4262 μοναστηρίοις,
3279 4191 3368 4244 καὶ
3419 4189 3606 4260 ξένοις,

1975 4270 2064 4326 καὶ
2114 4269 2382 4348 φυλακαῖς
2417 4286 2430 4298 ·
2491 4269 2584 4323 καὶ
2635 4267 2990 4338 ἁπαξαπλῶς,
3042 4265 3218 4330 οὐδεὶς
3273 4274 3380 4324 τῶν
3439 4291 3613 4345 παρα-

1974 4352 2350 4426 τυγχάνοντων
2382 4349 2614 4422 ἄμοιρος
2659 4351 2830 4418 αὐτῆς
2865 4349 3210 4424 ἀνεχώρησεν
3245 4370 3258 4384 ·
3309 4353 3620 4428 χορηγούν-

1981 4437 2090 4486 τῶν
2117 4431 2276 4504 αὐτῇ,
2307 4434 2414 4486 τῶν
2465 4431 2600 4502 πρὸς
2629 4429 2802 4503 γένος,
2831 4431 2921 4484 καὶ
2970 4429 3136 4486 αὐτοῦ
3186 4435 3283 4486 τοῦ
3333 4433 3476 4502 υἱοῦ,
3527 4435 3619 4489 καὶ

1981 4517 2090 4569 τῶν
2123 4511 2292 4581 αὐτῆς
2330 4509 2638 4584 ἐπιτρόπων
2685 4511 2801 4564 κατ’
2831 4503 3056 4590 ἕτοςγτά
3105 4513 3386 4585 χρήματα,
3439 4513 3618 4590 ὥσπερ

1981 4594 2172 4668 λύχνῳ
2203 4588 2417 4668 φαιδρῷ
2447 4593 2812 4665 χορῆγοῦντες
2841 4589 2904 4645 τὸ
2943 4585 3126 4644 ἔλαιον
3161 4610 3174 4624 ’
3227 4592 3348 4660 ἥτις
3379 4585 3620 4668 λαμπρῷ

1977 4679 2055 4746 τῷ
2111 4671 2250 4749 φωτὶ
2301 4677 2401 4749 τῆς
2461 4669 2837 4742 ἐλεημοσύνης
2903 4673 3003 4738 τὴν
3063 4669 3241 4747 φλόγα
3309 4672 3622 4729 ἀνάπτουσα

1978 4748 2144 4827 ἱλαρᾷ
2191 4757 2259 4826 τῇ
2309 4748 2454 4805 δόσει
2502 4751 2703 4812 πάντας
2750 4750 3030 4827 ἐφώτισεν.
3077 4752 3199 4805 Ἐπὶ
3255 4755 3512 4808 τοσοῦτον
3565 4753 3622 4809 δὲ

1979 4839 2046 4908 τῇ
2079 4832 2304 4904 ξενίτείᾳ
2352 4829 2815 4906 ἔγκαρτερήσασα,
2850 4828 2974 4885 οὐδὲ
3025 4833 3302 4906 σπιθαμήν
3355 4831 3618 4904 ἐκτήσατο

1977 4917 2076 4990 γῆς
2110 4931 2123 4944 ·
2160 4914 2260 4968 οὐκ
2302 4911 2594 4982 ἐξελκύσθη
2627 4915 2722 4966 τοῦ
2769 4912 2943 4966 πόθου
2974 4914 3072 4980 τῆς
3123 4911 3355 4987 ἐρημίας
3389 4915 3490 4970 ὑπὸ
3519 4920 3620 4983 τῆς

1976 5001 2074 5050 τοῦ
2125 4995 2244 5048 υἱοῦ
2293 4992 2580 5065 ἐπιθυμίας
2615 5013 2628 5026 ο
2677 4991 2775 5046 οὐκ
2837 4992 3082 5066 ἐμέρισεν
3131 4993 3297 5062 αὐτὴν
3342 4999 3442 5061 τῆς
3485 4999 3622 5067 πρὸς

1977 5076 2205 5150 Χριστὸν
2238 5073 2456 5150 ἀγάπης
2489 5075 2517 5128 6
2546 5078 2643 5128 τοῦ
2696 5077 3018 5146 μονογενοῦς
3045 5074 3176 5130 Υἱοῦ
3207 5075 3376 5146 αὐτῆς
3423 5077 3618 5140 πόθος.

1979 5155 2156 5212 Ἀλλά
2201 5160 2321 5216 ταῖς
2383 5159 2716 5229 προσευχαῖς
2777 5158 2895 5215 ταῖς
2949 5154 3124 5218 ὁσίαις
3179 5156 3382 5226 ταύτης
3445 5158 3534 5212 καὶ
3595 5159 3622 5212 6

1977 5237 2244 5309 νεώτερος
2277 5233 2354 5296 εἷς
2405 5231 2566 5307 ἀκρον
2615 5231 2861 5294 παιδείας
2895 5232 3120 5306 ἤλασεν,
3150 5237 3239 5290 καὶ
3278 5237 3354 5298 εἷς
3401 5237 3619 5310 τρόπων

1981 5317 2356 5394 χρηστότητα.
2409 5315 2674 5392 ’Έφθασεν
2727 5313 2784 5368 δὲ
2827 5314 2916 5369 καὶ
2969 5317 3043 5377 εἰς
3104 5317 3279 5393 γάμον
3338 5315 3474 5368 κατά
3525 5316 3621 5370 τὸν

1981 5393 2188 5470 κόσμον
2247 5399 2440 5450 τοῦτον
2491 5393 2760 5466 ἐπίδοξον,
2819 5394 2910 5450 καὶ
2970 5395 3120 5458 ἐντὸς
3171 5401 3279 5449 τῶν
3337 5401 3618 5469 κοσμικῶν

1981 5478 2312 5552 ἀξιωμάτων
2343 5475 2574 5556 ἐγένετο.
2610 5479 2810 5553 ’Έσχεν
2845 5475 2902 5532 δὲ
2931 5477 3019 5532 καὶ
3047 5476 3244 5532 τέκνων
3281 5473 3466 5530 δυάδα.
