4074 6278
484 413 636 474 122Ἱ

1993 401 2360 465 PALLADII

3781 397 3961 456 1228

553 545 702 602 Μετὰ
730 539 975 604 πολλοὺς
1015 540 1105 596 οὗν
1156 537 1280 600 τοὺς
1312 539 1543 615 χρόνους
1592 538 1867 596 ἀκούσασα
1914 537 2049 606 αὕτη
2083 539 2117 606 ἡ
2151 543 2208 606 Α
2239 555 2421 590 τευτον
2476 534 2828 612 καταλεῖψαι,
2877 532 3112 613 γραίδων
3169 533 3313 609 τάχα
3369 532 3612 589 πολλῶν
3683 535 3957 586 συνετῶν

483 635 788 709 σεμνοτάτη
840 633 962 706 περὶ
1013 635 1112 700 τῆς
1168 631 1542 691 καταστάσεως
1587 634 1686 695 τῆς
1735 629 1978 705 ἐκγόνης,
2042 628 2123 681 ὅτι

482 720 706 802 ἔγημεν,
746 723 834 777 γαὶ
887 720 1199 797 προῄρηται
1253 718 1644 789 ἀποτάξασθαι,
1694 714 1997 795 φοϐηθεῖσα
2047 717 2122 789 μή

482 835 616 870 ποτε
657 813 1026 890 περιῤῥαγῶσι
1075 805 1560 880 κακοδιδασκαλίᾳ,
1602 807 1636 876 ἢ
1671 810 1896 882 αἱρέσει,
1945 806 1980 874 ἢ
2030 827 2126 859 κα-

481 904 708 975 κοζωίᾳ,
783 904 1038 973 ἑξήκοντα
1114 898 1245 954 ἐτῶν
1325 894 1616 972 πρεσϐύτις
1673 895 1809 952 οὖσα
1884 891 2128 951 ἐνέϐαλεν

483 993 681 1062 ἑαυτὴν
715 992 790 1054 εἷς
822 989 1018 1046 πλοῖον
1053 1009 1067 1022 ·
1101 990 1187 1043 καὶ
1222 989 1327 1042 ἀπὸ
1358 993 1458 1057 τῆς
1491 988 1801 1062 Καισαρέων
1848 982 2127 1040 ἀποπλεύ-

484 1104 618 1138 σασα
650 1081 720 1138 δι’
771 1081 942 1138 ε’ίκοσι
980 1083 1204 1154 ἡμερῶν
1257 1074 1582 1154 παρεγένετο
1631 1078 1706 1139 εἷς
1740 1078 1987 1149 Ῥώμην,
2036 1075 2128 1128 καὶ

482 1176 598 1234 τοῖς
645 1169 757 1227 ἐκεῖ
805 1173 1166 1245 συντυχοῦσα,
1207 1168 1296 1222 τὸν
1353 1168 1444 1239 μὲν
1502 1167 1913 1241 μακαριώτατον
1962 1161 2129 1236 ἄνδρα

481 1260 573 1314 καὶ
633 1259 1098 1336 ἀξιολογώτατον,
1151 1256 1539 1330 λαμπρότατον
1588 1255 1938 1328 Ἀπρονιανὸν
1990 1252 2128 1308 ’Ἑλ-

483 1348 626 1419 ληνα
673 1348 797 1404 ὅντα
840 1350 1220 1423 κατηχήσασα,
1278 1347 1597 1420 Χριστιανὸν
1657 1345 1948 1412 ἐποίησεν’
2012 1343 2126 1396 πεί-

482 1460 617 1494 σασα
674 1441 832 1494 αὑτὸν
893 1439 980 1492 καὶ
1039 1436 1452 1511 ἐγκρατεύεσθαι
1509 1436 1642 1507 μετά
1699 1438 1798 1498 τῆς
1871 1433 2128 1507 γυναικὸς

481 1531 693 1590 ἑαυτοῦ,
740 1525 1038 1606 ἀδελφιδῆς
1096 1526 1152 1580 δὲ
1195 1527 1397 1585 ταύτπς
1453 1528 1553 1589 τῆς
1602 1527 1869 1598 μακαρίας
1917 1522 2131 1577 καλου-

485 1619 650 1690 μένης
683 1613 931 1678 ’Δϐίττας
966 1634 978 1646 ·
1016 1615 1308 1689 στηρίξάσα
1350 1613 1522 1670 δὲκαὶ
1575 1617 1672 1684 τήν
1707 1614 1846 1669 ἷδίαν
1899 1612 2129 1686 ἐκγόνην

481 1705 750 1762 Μελανίαν
780 1709 882 1776 τήν
920 1705 1181 1780 νεωτέραν
1213 1707 1304 1759 σὺν
1351 1709 1430 1776 τῷ
1464 1705 1629 1776 αὐτῇς
1662 1701 1816 1778 ἀνδρὶ
1867 1707 2127 1773 Πινιανῷ.

485 1798 804 1871 Κατήχησεν
838 1793 896 1850 δὲ
935 1797 1025 1850 καὶ
1053 1790 1306 1850 Ἀλϐίναν
1359 1795 1457 1863 τήν
1507 1794 1706 1862 ἑαυτῆς
1758 1793 1999 1870 νύμφην,
2030 1813 2125 1867 γυ-

482 1889 640 1940 ναῖκα
671 1882 728 1939 δὲ
756 1888 852 1939 τοῦ
883 1885 1004 1938 υἱοῦ
1035 1885 1208 1952 αὐτῆς
1236 1902 1247 1914 ·
1298 1885 1387 1938 καὶ
1437 1883 1886 1958 παρασκευάσασα
1925 1884 2126 1945 πάντας

482 1975 708 2038 τούτους
766 1972 1116 2044 διὰπῶλῆσαι
1185 1975 1252 2028 τὰ
1331 1975 1670 2048 ὑπάρχοντα,
1722 1979 1822 2042 τῆς
1905 1973 2125 2045 Ῥώμης

485 2065 762 2143 ἐξήγαγεν,
793 2067 882 2121 καὶ
915 2066 1002 2120 ἐπὶ
1051 2065 1144 2119 τὸν
1176 2065 1366 2136 σεμνὸν
1414 2065 1501 2119 καὶ
1535 2063 1883 2139 γαληνιῶντα
1931 2063 2129 2137 λιμένα

485 2160 582 2211 τοῦ
616 2157 739 2231 βίου
778 2150 1002 2232 ᾕγαγεν.
1039 2153 1135 2208 Καὶ
1184 2155 1360 2215 οὕτως
1389 2155 1524 2227 πρὸς
1556 2153 1755 2214 πάντας
1801 2155 1932 2214 τοὺς
1963 2153 2012 2207 ἐν
2061 2156 2128 2226 τῇ

482 2246 672 2319 Ῥώμῃ
727 2242 1122 2320 συγκλθτικοῦς
1170 2244 1636 2319 ἓθηριομάχησεν,
1694 2244 1781 2297 καὶ
1842 2244 1976 2316 πρὸς
2030 2243 2125 2306 τὰς

477 2332 684 2388 τούτων
713 2332 1019 2407 ἐλευθέρας,
1064 2335 1392 2388 κωλυόντων
1445 2330 1581 2405 αὑτῇ
1633 2330 1719 2386 ἐπὶ
1771 2336 1841 2406 τῇ
1877 2332 2123 2409 ἀποταγῇ

478 2427 585 2480 τῶν
616 2422 829 2478 λοιπῶν
861 2424 1099 2478 οἰκείων.
1134 2424 1196 2478 Ἠ
1229 2420 1286 2476 δὲ
1314 2425 1410 2476 τοῦ
1441 2423 1679 2496 Χριστοῦ
1711 2419 1885 2491 δούλη
1939 2420 2122 2497 ἔλεγεν

477 2515 665 2576 αὑτοῖς
695 2534 709 2549 ·
761 2511 979 2583 Παιδία,
1023 2514 1130 2585 πρὸ
1175 2511 1538 2586 τετρακοσίων
1591 2511 1724 2566 ἐτῶν
1777 2510 1983 2590 ἐγράφη
2041 2510 2124 2566 ὅτι

474 2602 684 2680 ἐσχάτη
717 2601 832 2676 ὥρα
863 2603 1003 2657 ἐστίν
1040 2621 1054 2636 °
1086 2604 1139 2657 τί
1172 2601 1264 2656 οῦν
1298 2600 1746 2676 ἐμφιλοχωρεῖτε
1775 2604 1843 2673 τῇ
1895 2603 2124 2672 ματαιό-

474 2711 603 2760 τητι
650 2694 747 2745 τοῦ
808 2690 952 2763 βίου,
1016 2693 1091 2761 μή
1143 2711 1274 2744 ποτε
1334 2690 1609 2766 φθάσωσιν
1667 2690 1721 2742 αἱ
1776 2688 1978 2762 ἡμέραι
2027 2693 2124 2742 τοῦ

479 2778 885 2853 Ἀντιχρίστου,
928 2781 1016 2833 καὶ
1055 2780 1130 2851 μή
1179 2777 1441 2846 δυνηθῆτε
1472 2777 1777 2832 ἀπολαῦσαι
1829 2777 1983 2850 ὑμῶν
2029 2782 2124 2833 τοῦ

479 2868 725 2925 πλούτου
754 2868 844 2924 καὶ
883 2872 988 2924 τῶν
1035 2872 1384 2944 προγονικῶν
1421 2867 1572 2940 ὑμῶν
1625 2869 1985 2943 πραγμάτων.
2023 2869 2124 2926 Καὶ

481 2958 572 3016 διὰ
599 2959 805 3015 τούτων
849 2963 958 3014 τῶν
992 2958 1175 3034 λόγων
1225 2959 1432 3020 πάντας
1464 2956 1869 3032 ἐλευθερώσασα
1916 2961 2121 3036 ἤγαγεν

479 3051 566 3107 ἐπὶ
599 3053 690 3107 τὸν
725 3053 940 3126 μονήρη
979 3052 1121 3127 βίον.
1159 3050 1257 3106 Καὶ
1285 3049 1378 3105 τὸν
1412 3048 1738 3105 Ποπλικόλα
1769 3047 1826 3104 δὲ
1852 3051 1966 3105 υἱὸν
1999 3073 2126 3108 κατ-

480 3146 740 3219 ηχήσασα
798 3143 893 3198 τὸν
948 3144 1234 3216 νεώτερον,
1291 3138 1491 3216 ⁴ἤγαγεν
1552 3139 1639 3195 ἐπὶ
1695 3142 1794 3210 τήν
1845 3141 2124 3212 Σικελίαν,

475 3233 545 3288 τὰ
600 3233 795 3301 εαυτῆς
857 3230 1249 3308 ὑπολειφθέντα
1303 3230 1479 3284 πάντα
1537 3228 1932 3300 διαπωλήσασα
1964 3248 1977 3261 °
2033 3232 2122 3286 καὶ

2157 1933 2209 1997 Β

2235 627 2322 680 καὶ
2383 625 2690 682 σπουδαίων
2746 628 2944 697 ταύτην
3004 625 3148 682 πολὺ
3213 623 3424 699 μᾶλλον
3499 618 3952 699 διαφέρουσαν.

2234 716 2338 783 Τὴν
2368 715 2486 770 νέαν
2533 715 2713 771 τοίνυν
2760 721 2828 791 τῇ
2859 715 3076 787 ἡλικίᾳ,
3125 709 3414 790 πρεσϐύτιν
3467 711 3524 769 δὲ
3724 714 3953 788 γνώμτ.

2233 811 2334 872 τῆς
2366 800 2635 868 εὐσεϐείας
2671 827 2684 840 ·
2735 805 2938 876 ταύτην
2974 805 3066 878 μὲν
3122 807 3217 878 βίᾳ
3246 806 3298 858 οἱ
3347 804 3733 881 γεννήσαντες
3787 801 3951 872 ἦτα·

2235 915 2328 969 γον
2375 896 2514 968 πρὸς
2569 895 2768 972 γάμον,
2830 896 3099 969 ζεύξαντες
3162 894 3326 964 αὐτὴν
3389 899 3466 966 τῷ
3524 895 3769 968 πρώτῳ
3837 900 3942 960 τῆς

2238 987 2480 1057 Ῥώμης.
2512 989 2668 1050 ’Ἡτις
2718 987 2799 1042 ἀεὶ
2831 992 2947 1048 τοῖς
2995 985 3297 1061 διηγήμασι
3350 991 3450 1053 τῆς
3495 986 3721 1051 εαυτῆς
3765 984 3942 1055 μέμ-

2242 1097 2349 1146 μης
2407 1075 2706 1150 νυττομὲνη
2768 1077 2853 1131 ἐπὶ
2912 1083 3160 1131 τοιοῦτον
3221 1075 3552 1148 ἐκεντρώθη,
3629 1076 3717 1136 ὡς
3784 1072 3939 1146 μηδὲ

2239 1163 2534 1236 δυνηθῆναι
2603 1167 3097 1242 ἐξυπηρετήσασθαι
3171 1171 3251 1238 τῷ
3323 1167 3506 1240 γάμῳ.
3577 1166 3931 1236 Γενομένων

2239 1257 2340 1332 γὰρ
2371 1255 2507 1329 αὐτῇ
2549 1253 2642 1311 δύο
2696 1255 2928 1312 παιδίων
2982 1256 3236 1332 ἀρρένων,
3268 1257 3355 1311 καὶ
3407 1257 3515 1310 τῶν
3554 1253 3664 1309 δύο
3719 1255 3937 1310 τελευ-

2237 1346 2540 1414 τησάντων,
2575 1345 2649 1406 εἷς
2692 1352 2950 1402 τοσοῦτον
2984 1352 3138 1418 μῖσος
3181 1350 3277 1400 τοῦ
3316 1348 3498 1420 γάμου
3552 1344 3810 1410 ἤλασεν,
3851 1349 3937 1408 ὡς

2240 1434 2406 1488 εἰπεῖν
2454 1440 2532 1506 τῷ
2581 1436 2772 1504 ἑαυτῆς
2821 1434 2975 1510 ἀνδρὶ
3026 1441 3285 1508 Πινιανῷ,
3335 1440 3414 1507 τῷ
3473 1437 3585 1507 υἱῴ
3650 1438 3930 1508 Σευήροιι

2236 1527 2333 1577 τοῦ
2376 1523 2482 1577 ἀπὸ
2531 1523 2810 1600 ἐπάρχων,
2863 1525 2946 1578 ὅτι
2997 1525 3056 1581 Εἰ
3111 1527 3207 1597 μὲν
3254 1526 3510 1598 αἱρήσαις
3565 1527 3933 1594 συνοικῆσαί

2243 1631 2337 1684 μοι
2365 1612 2501 1665 κατά
2528 1612 2620 1666 τὸν
2648 1615 2745 1682 τῆς
2782 1614 3136 1690 σωφροσύνης
3168 1612 3360 1688 λόγον,
3393 1615 3484 1667 καὶ
3518 1611 3826 1684 δεσπότην
3865 1635 3923 1668 σε

2241 1697 2492 1770 οῖδα,καῖ
2543 1701 2728 1775 κύριον
2756 1710 2857 1772 τῆς
2907 1703 3046 1776 ἐμῆς
3085 1709 3232 1773 ζωῆς
3283 1701 3640 1778 ὁμολογήσω
3695 1725 3764 1758 σε
3801 1724 3814 1737 ·
3877 1707 3926 1758 εἴ

2240 1789 2295 1846 δὲ
2330 1792 2496 1867 βάρος
2529 1814 2613 1847 σοι
2641 1798 2802 1850 τοῦτο
2851 1795 2927 1858 ὡς
2954 1795 3203 1868 νεωτέρῳ
3253 1793 3515 1873 φαίνεται,
3548 1795 3748 1849 πάντα
3807 1817 3918 1867 μου

2239 1878 2374 1938 λάϐε
2402 1884 2469 1938 τά
2517 1885 2832 1960 πράγματα,
2866 1885 2954 1939 καὶ
3005 1886 3167 1958 μόνον
3198 1885 3262 1938 τὸ
3309 1885 3470 1956 σῶμά
3519 1906 3634 1957 μου
3691 1885 3917 1940 ἐλευθέ-

2241 1992 2434 2045 ρωσον,
2473 1971 2565 2027 ’ίνα
2613 1973 3030 2054 πληροφορήσῶ
3065 1995 3168 2048 μου
3219 1975 3354 2029 κατα
3383 1975 3512 2029 Θεὸν
3567 1974 3919 2050 ἐπιθυμίαν,

2237 2060 2586 2136 κληρονόμος
2644 2062 2912 2138 γενομένη
2971 2070 3070 2128 τῆς
3128 2062 3263 2117 κατά
3319 2064 3446 2118 Θεὸν
3504 2065 3727 2137 ἀρετῆς
3803 2073 3914 2132 τῆς

2239 2148 2374 2221 ἐμῆς
2409 2151 2667 2223 μάμμης,
2698 2154 2763 2219 ἧς
2796 2152 2884 2205 καὶ
2913 2152 2975 2206 τὸ
3002 2148 3178 2225 ὄνομα
3210 2150 3345 2226 ἔχω.
3380 2151 3450 2207 Εἶ
3473 2151 3582 2227 γὰρ
3618 2149 3904 2208 ἐϐούλετο

2237 2241 2383 2311 ἡμᾶς
2412 2241 2439 2294 ὁ
2471 2241 2601 2301 Θεὸς
2642 2239 2692 2294 έν
2741 2246 2820 2313 τῷ
2851 2243 3044 2314 κόσμῳ
3084 2242 3264 2313 τούτῳ
3295 2240 3522 2318 διάγειν,
3555 2245 3652 2297 καὶ
3703 2250 3818 2298 τῶν
3859 2243 3908 2314 ἐξ

2235 2327 2401 2382 αὐτοῦ
2449 2329 2763 2398 ἀπολαύειν,
2815 2330 2915 2385 οὐκ
2957 2329 3017 2386 ἄν
3066 2353 3174 2404 μου
3223 2326 3411 2386 ἔλαϐεν
3470 2331 3628 2406 ἄωρα
3686 2335 3760 2388 τά
3808 2356 3905 2388 τε·

2237 2420 2430 2495 χθέντα
2459 2418 2668 2477 παιδία.
2702 2423 2826 2478 Ἐπὶ
2874 2422 3045 2478 πολὺν
3087 2421 3145 2478 δὲ
3194 2425 3390 2499 χρόνον
3443 2431 3906 2501 ζυγομαχησάν-

2234 2530 2342 2563 των
2391 2510 2566 2564 αὑτῶν
2628 2511 2703 2573 εἷς
2755 2512 2976 2586 ὕστερον
3024 2514 3051 2567 ὁ
3114 2514 3244 2574 Θεὸς
3292 2516 3754 2587 κατοικτειρήσας
3807 2518 3906 2571 τὸν

2233 2598 2375 2668 νέον,
2409 2597 2654 2669 ἐνέθηκεν
2704 2600 2790 2654 καὶ
2821 2600 3000 2673 τούτῳ
3051 2599 3220 2672 ζῆλον
3259 2598 3586 2674 θεοσεϐείας,
3619 2604 3698 2666 ὡς
3755 2607 3904 2661 άποο

2233 2685 2483 2756 τάξασθαι
2529 2689 2672 2762 πάσῃ
2713 2693 2781 2761 τῇ
2828 2688 2932 2761 ὕλῃ
2977 2695 3073 2744 τοῦ
3123 2691 3358 2764 κόσμου,
3393 2692 3466 2753 ὡς
3509 2682 3890 2765 πληρωθῆναι

2234 2774 2296 2829 τὸ
2325 2776 2698 2850 γεγραμμένον
2729 2782 2826 2831 τοῦ
2858 2778 3195 2835 Ἀποστόλου
3230 2779 3396 2856 ῥητόν
3429 2799 3442 2812 ⁸
3473 2781 3527 2836 Τί
3555 2784 3655 2856 γάρ
3690 2780 3856 2843 οἶδας
3881 2832 3898 2855 ,

2232 2863 2407 2938 γύναι,
2442 2865 2487 2917 εἰ
2519 2865 2609 2919 τὸν
2639 2863 2808 2942 ἄνδρα
2851 2868 3080 2940 σώσεις;
3115 2869 3149 2938 ἢ
3200 2871 3254 2923 τί
3301 2867 3473 2939 οἶδας,
3503 2869 3648 2944 ἄνερ,
3680 2870 3733 2925 εἰ
3784 2875 3886 2941 τὴν

2234 2960 2458 3031 γυναῖκα
2495 2955 2724 3028 σώσεις,
2763 2960 3062 3030 Γημαμένη
3113 2958 3202 3015 οὑν
3253 2959 3546 3035 δεκατριῶν
3595 2959 3764 3033 ἐτῶν,
3797 2964 3880 3017 καί

2234 3047 2506 3116 συζήσασα
2552 3050 2630 3118 τῷ
2677 3045 2829 3121 ἀνδρὶ
2882 3050 3019 3104 έπτά
3065 3045 3183 3121 ἔτη,
3224 3056 3304 3122 τῷ
3348 3051 3582 3123 εἰκοστῷ
3623 3047 3734 3107 ἔτει
3781 3054 3878 3107 άπ-

2235 3136 2581 3207 ετάξατο.Καὶ
2606 3140 2819 3204 πρῶτον
2849 3138 2942 3210 μὲν
2967 3139 3139 3194 πάντα
3161 3140 3327 3209 αὐτῆς
3350 3140 3415 3196 τὰ
3437 3143 3640 3216 σηρικὰ
3671 3145 3880 3219 ἡμιτό-

2236 3246 2348 3299 ρια,
2373 3224 2706 3299 καλύμματα
2734 3233 2851 3290 τοῖς
2901 3229 3303 3304 θυσιαστηρίοις
3342 3229 3685 3306 ἐδωρήσατο.
3716 3240 3884 3289 Τοῦτο

478 3320 572 3383 τὰς
595 3319 758 3394 τιμὰς
810 3317 1183 3392 ὑποδεξαμένη
1217 3317 1382 3388 ἦλθεν
1435 3317 1599 3373 πάλιν
1647 3319 1734 3372 ἐπὶ
1782 3320 1846 3374 τὰ
1888 3320 2122 3394 Ἱεροσό-
2152 3325 2196 3393 C
2237 3313 2292 3369 δὲ
2323 3313 2621 3385 πεποίηκεν
2654 3315 2742 3371 καὶ
2783 3319 2818 3384 ἡ
2869 3313 3285 3392 σεϐασμιωτάτη
3340 3321 3674 3395 Ὀλυμπιάς.
3706 3324 3781 3378 Τά
3831 3323 3890 3379 δὲ

480 3405 650 3480 λυμα,
692 3407 781 3461 καὶ
833 3404 1158 3479 διανείμασα
1205 3406 1302 3467 τὰς
1354 3405 1487 3467 ὕλας
1531 3406 1680 3468 ἐντὸς
1729 3408 2125 3481 τεσσαράκοντα

480 3497 702 3568 ἡμερῶν
754 3493 1027 3569 ἐκοιμήθη
1074 3493 1126 3549 ἐν
1177 3497 1334 3570 γήρει
1379 3494 1536 3566 καλῷ
1581 3496 1670 3549 καὶ
1719 3497 1877 3569 τιμίᾳ
1930 3498 2122 3570 μνήμῃ

481 3583 570 3635 καὶ
619 3582 894 3654 βαθυτάτῃ
947 3582 1212 3655 πραΰτητι
1260 3586 1488 3654 κομῶσα
1530 3587 1648 3643 ταῖς
1707 3583 2124 3657 ἐλεημοσύναις,

482 3667 571 3722 καὶ
601 3668 680 3740 τῷ
709 3669 902 3742 καρπῷ
949 3669 1056 3722 τὼν
1091 3665 1308 3742 ἀγαθῶν
1355 3665 1526 3744 ἔργων
1562 3671 1860 3744 βριθομένη
1897 3691 1908 3704 ·
1961 3693 2123 3728 κατα-

482 3756 714 3832 λείψασα
769 3758 857 3814 καὶ
910 3759 1278 3832 μοναστήριον
1335 3757 1387 3813 ἐν
1444 3757 1873 3834 Ἱεροσολύμοις,
1927 3763 2126 3817 καὶτὰ

479 3855 579 3920 τῆς
612 3855 788 3923 μονῆς
819 3848 1006 3904 ἀναλώ
1017 3870 1178 3922 ματα.

552 3943 639 4004 Ὠς
672 3939 729 3996 δὲ
759 3942 953 4003 πάντες
995 3941 1144 3996 οὗτοι
1197 3942 1249 3995 οἱ
1287 3942 1390 3996 ὑπὸ
1420 3947 1519 4011 τῆς
1574 3940 1840 4017 μακαρίας
1873 3943 2127 4015 Μελάνης

480 4031 878 4106 κατηχηθέντες
926 4037 1024 4099 τῆς
1074 4031 1294 4104 Ῥώμης
1344 4029 1723 4106 ἀνεχώρησαν,
1784 4031 1988 4088 θύελλά
2042 4054 2126 4095 τις

483 4116 814 4194 βαρϐαρικὴ,
874 4121 908 4188 ἠ
969 4118 1060 4173 καὶ
1118 4118 1168 4172 έν
1225 4120 1588 4196 προφητείαις
1647 4120 1817 4175 πάλαι
1876 4121 2123 4195 κειμένη,

479 4205 676 4278 ἐπέστη
735 4211 804 4281 τῇ
862 4208 1073 4281 Ῥώμῃ,
1135 4208 1224 4262 καὶ
1286 4207 1387 4261 οὐκ
1441 4205 1618 4261 ε’ίασεν
1681 4207 1806 4262 οὐδὲ
1861 4211 1987 4272 τοὺς
2043 4209 2125 4265 ἐπ’

478 4301 656 4376 ἀγορᾷ
697 4296 1015 4373 ἀνδριάντας
1066 4296 1333 4372 χαλκοῦς,
1367 4296 1533 4367 ἀλλά,
1586 4299 1760 4352 πάντα
1810 4301 2125 4376 πορθήσασα

483 4385 791 4462 βαρϐαρικῇ
841 4388 1089 4460 ἀπονοίᾳ,
1139 4385 1454 4463 παρέδωκεν
1517 4387 1788 4460 ἀπωλείᾳ,
1850 4391 1924 4452 ὡς
1976 4392 2124 4467 γενέ-

482 4480 601 4534 σθαι
634 4479 734 4545 τήν
781 4479 1026 4550 Ῥώμην,
1077 4480 1177 4548 την
1235 4478 1287 4533 ἐν
1349 4479 1559 4554 χιλίοις
1611 4477 1917 4544 διακοσίοις
1960 4481 2126 4539 ἔτεσιν

481 4565 966 4646 φιλοκαληθεῖσαν,
998 4570 1133 4623 κατά
1180 4570 1278 4636 τὴν
1307 4576 1405 4638 τῆς
1460 4566 1745 4643 Σιϐύλλης
1798 4573 1976 4646 ῥῆσιν,
2021 4575 2124 4646 ῥύ-

482 4681 616 4734 μην.
647 4661 778 4714 Τότε
826 4659 877 4714 οἱ
924 4660 1329 4736 κατηχηθέντες
1378 4655 1599 4738 ἔχαιρον
1647 4665 1722 4736 μή
1775 4685 2127 4737 συμπαραπε-

481 4751 662 4814 σόντες
719 4754 834 4813 τοῖς
898 4749 1281 4822 ἀνηκεστάτοις
1341 4757 1531 4817 κακοῖς
1603 4760 1701 4823 τῆς
1779 4757 2121 4828 πορθήσεως,

481 4839 794 4910 δοξάζοντες
852 4841 941 4895 τὸν
994 4840 1122 4895 Θεὸν
1175 4839 1263 4895 ἐπὶ
1319 4846 1388 4915 τῇ
1438 4841 1631 4916 ἀρίστῃ
1681 4839 1960 4919 μεταϐολῇ
2012 4850 2120 4901 τῶν

481 4931 837 5005 πραγμάτων,
887 4931 978 4986 καὶ
1025 4935 1092 5005 τῇ
1145 4929 1434 5007 παραδόξῳ
1483 4933 1656 4988 αὐτῶν
1708 4937 1976 5010 σωτηρίᾳ,
2029 4937 2118 4992 τὸν

481 5018 666 5079 αὐτοῖς
697 5013 878 5095 ἔργοις
910 5020 1166 5075 πείσαντα
1195 5020 1323 5084 τοὺς
1354 5021 1636 5084 ἀπίστους,
1672 5023 1754 5078 ὅτι
1796 5029 1902 5080 τῶν
1937 5021 2122 5081 ἄλλων

479 5108 698 5164 πάντων
746 5107 1302 5184 αἰχμαλωτισθέντων
1357 5110 1508 5165 οὗτοι
1572 5113 1729 5184 μόνοι
1789 5110 2122 5185 διεσώθησαν

480 5199 532 5255 οἱ
594 5197 731 5252 οἶκοι
793 5197 1157 5274 ὸλοκαύτωμα
1213 5202 1491 5276 γενόμενοι
1539 5206 1618 5274 τῷ
1678 5202 1859 5278 Κυρίῳ
1909 5201 2119 5279 σπουδῇ

475 5288 736 5361 Μελάνης
763 5294 865 5359 τῆς
912 5287 1168 5362 ἀοιδίμου
1207 5292 1297 5345 καὶ
1349 5291 1642 5363 ἀθανάτου,
1692 5296 1798 5347 τῶν
1848 5291 2119 5349 ἐναντιου-

477 5382 652 5455 μένων
731 5379 980 5454 σωτηρίᾳ
1049 5378 1295 5454 ἄπρακτα
1375 5382 1777 5454 μετανοούντων
1853 5383 1952 5458 ὀψὲ
2023 5389 2119 5440 τοῦ

472 5477 684 5549 καιροῦ.

1072 5556 1324 5608 ΚΕΦΑΛ.
1371 5557 1519 5611 ΡΙΘ’.

866 5634 997 5710 Περὶ
1032 5629 1289 5703 Μελάνης
1313 5635 1410 5702 τῆς
1442 5635 1724 5709 νεωτέρας.

549 5711 770 5784 Ἐπειδή
820 5713 904 5794 δέε
956 5715 1398 5793 προϋπεσχόμην
1441 5714 1698 5791 ἀνωτέρω
1757 5715 2115 5794 διηγήσασθαι

476 5796 595 5870 περῖ
629 5799 724 5849 τοῦ
755 5792 972 5850 παιδίου
1021 5792 1298 5866 Μελάνης,
1333 5798 1624 5872 ἀναγκαῖον
1673 5797 1733 5852 τό
1768 5792 1931 5872 χρέος
1983 5801 2118 5854 ἀπο-

476 5873 658 5930 δοῦναί
698 5896 763 5947 με
792 5880 906 5930 νῦν.
941 5876 1013 5930 Ού
1064 5878 1168 5952 γὰρ
1200 5875 1408 5931 δίκαιον
1464 5875 1815 5952 ὑπεριδόντας
1865 5882 2010 5953 ἡμᾶς
2056 5884 2116 5937 τὸ

474 5955 674 6026 ταύτης
702 5955 962 6028 νεώτερον
1008 5955 1062 6011 ἐν
1110 5959 1290 6032 σαρκὶ,
1323 5960 1588 6034 τοσαύτην
1638 5959 1836 6036 ἀρετὴν
1884 5961 2115 6038 ἀστηλί-

2237 3403 2411 3459 λοιπά
2440 3405 2637 3479 σηρικά
2669 3404 2937 3480 ἐνδύματα
2970 3410 3305 3486 συγκόψασα,
3339 3407 3575 3488 διάφορα
3623 3410 3885 3484 ἐποίησεν

2235 3494 2658 3565 έκκλησιαστικὰ
2705 3493 2931 3554 ἔπιπλα.
2963 3497 3063 3552 Τὸν
3113 3497 3168 3553 δὲ
3199 3498 3427 3576 ἄργυρον
3480 3502 3569 3556 καὶ
3613 3505 3710 3558 τὸν
3750 3525 3892 3580 χρυ-

2237 3586 2328 3639 σὸν
2380 3585 2783 3656 ἐμπιστεύσασα
2829 3587 3028 3660 Παύλῳ
3075 3591 3182 3644 τινὶ
3230 3587 3603 3666 πρεσϐυτέρῳ,
3641 3605 3894 3672 μοναχῷ

2238 3673 2640 3747 Δαλματησίῳ,
2691 3674 2780 3730 διά
2817 3675 3091 3748 θαλάσσης
3135 3677 3451 3736 ἀπέστειλεν
3503 3681 3551 3737 ἐν
3720 3687 3896 3742 Ἀνα-

2233 3761 2394 3836 τολῇ,
2432 3761 2718 3839 Αἰγύπτῳ,
2749 3766 2837 3819 καὶ
2870 3761 3102 3836 Θηϐαίδι
3131 3770 3449 3842 νομίσματα
3483 3792 3648 3846 μύρια
3681 3792 3696 3806 ⁸
3756 3777 3894 3832 Ἀν-

2235 3852 2448 3926 τιοχείᾳ
2494 3853 2583 3907 καὶ
2630 3861 2746 3915 τοῖς
2800 3855 3011 3931 μέρεσιν
3072 3859 3243 3927 αὐτῆς
3294 3861 3607 3935 νομίσματα
3659 3866 3839 3939 μύρια
3879 3887 3893 3900 ε

2237 3940 2570 4018 Παλαιστίνῃ
2603 3947 2918 4018 νομίσματα
2951 3947 3118 4024 μύρια
3157 3950 3577 4027 πεντακισχίλια
3611 3971 3624 3987 '
3654 3961 3778 4018 ταῖς
3837 3957 3893 4011 ἐν

2232 4036 2351 4094 ταῖς
2400 4035 2587 4102 νήσοις
2635 4032 2972 4105 ἐκκλησίαις,
3022 4038 3113 4091 καὶ
3165 4044 3283 4102 τοῖς
3339 4040 3390 4094 ἐν
3442 4047 3559 4104 ταῖς
3620 4043 3892 4120 ἐξορίαις,

2233 4120 2542 4194 νομίσματα
2577 4120 2742 4198 μύρια
2775 4144 2788 4156 ·
2833 4131 2951 4187 ταῖς
2992 4127 3125 4180 κατὰ
3175 4129 3276 4198 τήν
3329 4129 3486 4184 Δύσιν
3535 4130 3890 4204 ἐκκλησίαις,

2236 4213 2321 4266 καὶ
2378 4213 2784 4286 μοναστηρίοις,
2841 4216 2930 4270 καὶ
2987 4214 3379 4292 ξενοδοχείοις,
3433 4223 3522 4275 καί
3574 4228 3707 4275 πᾶσι
3767 4231 3893 4286 τοῖς

2237 4301 2538 4375 δεομένοις,
2599 4301 2667 4356 δι’
2725 4306 2918 4375 ἑαυτῆς
2975 4310 3343 4382 χορηγήσασα
3399 4310 3488 4364 καὶ
3558 4317 3887 4388 χορηγοῦσα

2235 4392 2440 4448 τούτων
2468 4394 2902 4468 τετραπλασίονα
2935 4415 2947 4428 ⁸
3003 4396 3200 4458 ὡςέπὶ
3249 4403 3379 4453 Θεοῦ
3429 4399 3767 4472 ἐξαρπάσασα
3823 4402 3892 4457 ἐκ

2233 4487 2330 4538 τοῦ
2365 4483 2633 4555 στόματος
2681 4489 2776 4538 τοῦ
2824 4483 3042 4548 λέοντος
3091 4486 3385 4560 Ἀλαρίχου
3429 4486 3498 4558 τῇ
3539 4488 3740 4556 ἑαυτῆς
3784 4493 3885 4545 7:2"-

2237 4592 2367 4627 στει.
2430 4569 2826 4646 Ἠλευθέρωσεν
2881 4571 2938 4628 δὲ
2993 4574 3059 4629 τὰ
3129 4572 3449 4648 βουληθέντα
3521 4570 3881 4646 ἀνδράποδα,

2237 4659 2364 4716 ἄλλ’
2407 4662 2680 4736 ᾐρήσαντο
2732 4662 2943 4735 μᾶλλον
2975 4662 3251 4721 δουλεῦσαι
3296 4667 3374 4734 τῷ
3423 4659 3635 4736 ἀδιλθῖρ
3671 4664 3876 4738 αὑτῆς,

2233 4742 2278 4812 ᾦ
2334 4743 2748 4817 παρεχώρησεν.
2806 4742 2963 4800 Ἀλλ’
3020 4748 3054 4815 ἡ
3111 4745 3212 4800 ἀπὸ
3266 4747 3428 4818 τριῶν
3491 4746 3866 4818 νομισμάτων,

2230 4821 2403 4876 πάντα
2448 4823 2514 4876 τά
2569 4826 2819 4896 κτήματα
2868 4824 2932 4878 τὰ
2983 4824 3034 4879 ἐν
3083 4831 3205 4888 ταῖς
3251 4826 3534 4887 Σπανίαις,
3583 4825 3675 4879 καὶ
3726 4828 3873 4881 Ἀκυο

2229 4903 2404 4972 τανίᾳ,
2435 4903 2522 4956 καὶ
2557 4903 2973 4978 Ταρακωνησίᾳ,
3005 4903 3094 4958 καὶ
3143 4903 3406 4966 Γαλλίαις
3459 4902 3874 4975 διαπωλήσασα,

2228 4981 2295 5034 τὰ
2341 4981 2393 5035 ἐν
2443 4984 2689 5054 Σικελίᾳ,
2734 4983 2822 5038 καὶ
2875 4985 3186 5056 Καμπανίᾳ,
3235 4984 3326 5039 καὶ
3399 4986 3652 5061 Ἀφρικῇ,
3710 4987 3902 5059 ἑαυτῇ-

2227 5060 2618 5141 καταλέλυιπεν
2653 5064 2728 5126 εἷς
2756 5065 3030 5141 χορηγίαν
3084 5060 3492 5139 μοναστηρίων,
3522 5066 3613 5119 καὶ
3663 5066 3875 5121 πάντων

2226 5144 2333 5194 τῶν
2365 5137 2654 5222 δεομένων.
2687 5137 2844 5212 Αίίτη
2955 5143 3116 5221 σοφία
3150 5150 3252 5212 τῆς
3304 5137 3755 5222 θεοφιλεστάτης,
3788 5147 3876 5200 καὶ

2226 5217 2583 5291 πρεσϐυτικὸν
2623 5228 2744 5280 νοῦν
2776 5223 2952 5280 ἔνθεον
3002 5225 3386 5302 ἀνειληφυίας,
3419 5227 3542 5301 περὶ
3588 5233 3688 5294 τῆς
3733 5227 3878 5297 ὕλης

2225 5306 2320 5356 τοῦ
2353 5303 2576 5379 φορτίου
2605 5309 2711 5359 τῶν
2745 5306 3074 5380 χρημάτων,
3109 5306 3392 5376 Μελανίης
3427 5313 3523 5376 τῆς
3551 5305 3694 5367 νέας.

2297 5392 2364 5448 ⁶Η
2407 5389 2463 5447 δὲ
2510 5391 2734 5464 ἄσκησις
2784 5394 2949 5464 αὐτῆς
3003 5395 3114 5451 ἐστι
3163 5395 3392 5465 τοιαύτη
3429 5415 3442 5426 ·
3495 5395 3691 5450 ἐσθίειν
3747 5400 3876 5470 μίαν

2226 5473 2371 5551 παρά
2420 5472 2540 5546 μίαν
2579 5494 2590 5506 ·
2643 5474 2694 5528 ἐν
2743 5472 2800 5529 δὲ
2847 5480 2964 5538 ταῖς
3016 5477 3212 5551 ἀρχαῖς
3257 5478 3349 5531 καὶ
3405 5477 3538 5550 ὑπὲρ
3591 5478 3750 5532 πέντε
3804 5479 3877 5539 εἷς

2225 5549 2523 5628 ἐφημερίαν
2571 5554 2761 5624 ἐαυτὴν
2809 5557 3007 5628 τάξασα
3053 5549 3161 5612 τῶν
3214 5558 3414 5626 ἑαυτῆς
3467 5549 3774 5629 δουλίδων,
3823 5560 3881 5622 ’ὰς

2227 5634 2618 5709 συνασκητρίας
2652 5635 2963 5711 εἰργάσατο.

2296 5726 2398 5780 Καὶ
2449 5724 2583 5797 αὕτη
2635 5723 2690 5781 δὲ
2738 5725 2988 5788 πολλοὺς
3036 5731 3143 5782 τῶν
3195 5727 3393 5796 ἑαυτῆς
3445 5732 3750 5802 συγγενῶν,
3812 5728 3885 5789 εἷς

2227 5804 2393 5873 ζῆλον
2425 5807 2567 5859 θεῖον
2618 5804 2910 5880 ὸδηγοῦσα,
2946 5804 3213 5863 θεοσεϐεἷν
3261 5807 3398 5868 ’ίσως
3434 5807 3630 5869 αὐτοὺς
3683 5806 3880 5880 ἐποίη-

2224 5904 2333 5940 σεν.
2365 5886 2530 5946 Οὗτος
2564 5887 2590 5939 ὁ
2627 5887 2743 5961 βίος
2795 5893 2891 5956 τῆς
2925 5885 3042 5952 νέας
3092 5888 3371 5960 Μελανίης
3407 5884 3496 5942 διὰ
3525 5890 3625 5941 τοῦ
3675 5889 3876 5964 Κυρίου

2223 5967 2258 6035 ἡ
2273 5968 2388 6039 μῶν
2426 5968 2605 6039 Ἰησοῦ
2634 5969 2894 6043 Χριστοῦ.
