4074 6278
248 351 410 409 1229

1606 342 1974 404 HISTORIA
2023 346 2421 410 LAUSIACA.

3626 354 3778 412 1230

327 483 523 539 Multis
561 483 754 551 itaque
814 482 942 549 post
999 476 1169 532 annis
1218 494 1350 533 cum
1413 477 1482 532 de
1561 476 1751 549 neptis
1802 481 1954 531 statu
1992 484 2037 546 Α
2074 483 2313 539 invitam
2349 490 2596 556 nuptum
2631 486 2857 551 dedere,
2891 503 3014 541 eam
3058 488 3376 558 jungentes
3409 484 3779 540 matrimento

249 574 541 638 audisset,
572 586 697 625 eam
734 577 786 624 et
848 567 1133 637 nupsisse,
1181 571 1238 621 et
1280 566 1420 622 velle
1479 566 1687 621 saculo
1740 582 1957 621 renun-

246 662 633 732 tiare;verita
658 677 727 715 ne
762 662 905 714 forte
951 660 1010 713 in
1043 659 1295 729 aliquam
1352 658 1563 713 malam
1627 658 1955 724 abriperen-

245 760 349 810 tur
377 753 725 817 doctrinam,
757 751 843 805 vel
877 750 1165 815 haeresim,
1202 748 1289 803 vel
1320 749 1531 803 malam
1569 748 1767 814 vitam,
1812 764 1959 803 anus

246 844 553 909 sexaginta
580 858 762 898 annos
796 844 933 894 nata
979 855 1179 893 navem
1239 840 1524 903 ascendit,
1584 842 1641 891 et
1706 838 1959 893 Caesarea

248 936 531 1005 navigans
564 931 766 1003 viginti
799 930 1027 984 dierum
1062 928 1247 999 spatio
1279 933 1523 983 Romam
1560 928 1737 982 venit.
1772 931 1958 1000 Atque

245 1022 369 1077 illic
402 1022 634 1092 quidem
669 1036 802 1073 cum
836 1023 1004 1085 esset,
1042 1016 1449 1073 beatissimum
1485 1018 1672 1071 virum
1704 1018 1956 1073 maxima

246 1110 695 1167 existimationis
737 1108 1130 1163 clarissimum
1189 1107 1583 1178 Apronianum
1642 1106 1813 1177 (179),
1858 1108 1957 1178 qui

246 1210 369 1256 erat
401 1199 651 1271 gentilis,
678 1197 1245 1264 catechesiinstituit,
1272 1202 1328 1251 et
1357 1196 1755 1253 Christianum
1806 1196 1957 1263 fecit,

248 1288 657 1361 persuasitque
690 1287 1091 1343 utcontineret
1115 1286 1288 1342 etiam
1320 1303 1454 1340 cum
1478 1302 1585 1341 sua
1615 1302 1808 1351 uxore,
1839 1286 1960 1354 ejus

248 1385 445 1435 autem
470 1379 686 1435 sororis
721 1378 855 1433 ﬁlia.
888 1380 1052 1432 Avita
1102 1378 1352 1433 nomine.
1388 1377 1528 1432 Cum
1562 1382 1757 1433 autem
1790 1392 1958 1433 suam

246 1483 483 1537 quoque
515 1470 743 1536 neptem
770 1466 1172 1519 confirmasset
1194 1463 1505 1519 Melanium
1534 1480 1651 1518 una
1674 1478 1807 1517 cum
1832 1463 1960 1532 ejus

248 1557 460 1611 marito
500 1556 740 1610 Piniano
768 1554 940 1625 (180),
974 1559 1027 1609 et
1067 1554 1351 1610 catechesi
1409 1553 1765 1609 instituisset
1806 1550 1963 1605 Albi-

246 1664 383 1702 nam
418 1663 631 1701 nurum
657 1662 847 1714 suam,
901 1661 1135 1701 uxorem
1170 1649 1363 1699 autem
1399 1643 1490 1700 sui
1548 1643 1651 1698 ﬁlii
1703 1644 1873 1711 (181),
1906 1644 1962 1696 et

251 1737 647 1808 persuasisset
681 1736 770 1790 his
831 1735 1100 1789 omnibus
1156 1735 1401 1789 vendere
1462 1749 1587 1804 qua
1643 1732 1959 1794 habebant,

2075 574 2190 629 v'n'o
2225 575 2387 630 urbis
2413 576 2603 631 Roma
2663 577 2958 647 primario.
3022 578 3149 631 Hac
3207 591 3432 646 semper
3482 574 3781 631 stimulata

2070 664 2205 717 avia
2237 681 2355 719 sua
2388 666 2845 732 narrationibus,
2875 668 3097 719 tantum
3135 665 3533 729 fuitsauciata,
3571 668 3630 718 ut
3653 680 3778 717 ma-

2072 753 2341 809 trimonio
2374 771 2487 809 non
2522 759 2715 825 posset
2754 754 3050 809 inservire.
3104 755 3246 808 Cum
3280 759 3474 809 autem
3546 754 3595 807 ei
3657 754 3775 808 nati

2070 849 2264 899 essent
2296 845 2409 899 duo
2456 845 2555 899 filii
2592 845 2857 911 masculi,
2902 845 3058 915 iique
3107 844 3515 913 decessissent,
3552 832 3783 898 tantum.

2069 933 2386 1003 eamcapit
2406 934 2605 989 odium
2637 932 3013 999 matrimonii,
3052 936 3113 985 ut
3167 931 3374 985 dixerit
3432 932 3638 987 marito
3670 947 3774 986 suo

2070 1020 2308 1076 Piniano
2339 1022 2490 1092 (184)
2526 1022 2641 1077 filio
2673 1021 2861 1077 Severi
2896 1021 3067 1089 (185),
3100 1020 3348 1092 quierat
3378 1036 3445 1074 ex
3468 1020 3772 1090 prafectisi

2069 1110 2127 1165 Si
2150 1110 2399 1167 volueris
2422 1112 2660 1182 quidem
2688 1128 2915 1167 mecum
2949 1110 3281 1167 cohabitare
3314 1117 3375 1164 ut
3413 1110 3559 1164 ratio
3592 1110 3777 1164 dictat

2070 1203 2483 1270 temperantia,
2520 1207 2575 1256 et
2598 1206 2652 1256 te
2700 1201 3001 1256 dominum
3063 1216 3335 1270 agnosco,
3395 1204 3454 1254 et
3504 1199 3780 1271 profiteor

2073 1307 2260 1346 meam
2294 1291 2469 1346 vitam
2495 1291 2693 1347 essein
2720 1296 2819 1346 tua
2850 1295 3128 1361 potestate
3157 1307 3171 1356 ;
3206 1290 3296 1345 sin
3327 1293 3518 1345 autem
3546 1290 3648 1345 bos
3672 1288 3781 1342 tibi

2070 1395 2241 1451 grave
2263 1379 2483 1435 videtur
2524 1382 2722 1450 utpote
2773 1380 2998 1447 juveni,
3060 1396 3150 1434 res
3198 1394 3399 1433 omnes
3457 1393 3617 1432 meas
3677 1376 3781 1430 tibi

2072 1469 2240 1537 habe,
2268 1477 2321 1524 et
2355 1470 2546 1525 solum
2582 1471 2704 1525 sine
2736 1485 2828 1524 me
2859 1486 3094 1538 corpore
3116 1485 3245 1524 esse
3274 1468 3540 1532 liberam,
3575 1474 3635 1521 ut
3685 1483 3783 1521 sa-

2071 1558 2356 1614 tisfaciam
2393 1576 2516 1615 meo
2550 1561 2703 1629 quod
2736 1565 2913 1613 estex
2946 1558 3060 1613 Deo
3092 1556 3400 1623 desiderio,
3426 1557 3572 1611 facta
3595 1556 3780 1611 hares

2072 1651 2198 1719 ejus
2232 1666 2357 1719 qua
2386 1657 2471 1705 est
2493 1666 2561 1705 ex
2603 1652 2715 1704 Deo
2738 1649 2969 1703 virtutis
3004 1664 3145 1704 mea
3177 1648 3338 1714 avia,
3370 1649 3537 1718 cujus
3596 1646 3771 1702 etiam

2073 1755 2285 1794 nomen
2318 1755 2472 1809 gero.
2506 1740 2564 1793 Si
2590 1738 2744 1793 enim
2776 1737 2945 1791 vellet
2973 1753 3077 1791 nos
3119 1736 3273 1791 Deus
3305 1738 3511 1807 degere
3551 1737 3612 1791 in
3669 1736 3779 1792 hoc

251 1828 438 1919 Roma
468 1842 565 1880 eos
597 1825 817 1919 eduait,
850 1832 920 1919 et.
944 1823 1389 1919 ad_honestum
1451 1840 1515 1877 ac
1576 1820 1958 1919 tranquillum
1996 1856 2041 1919 Β
2076 1830 2317 1897 mundo,
2352 1835 2409 1885 et
2430 1829 2542 1884 frui
2574 1830 2750 1883 rebus
2768 1827 3105 1891 mundanis,
3130 1843 3244 1881 non
3261 1826 3412 1881 ﬁlios
3445 1826 3588 1881 mihi
3612 1830 3780 1881 natos

248 1915 379 1970 vita
436 1918 665 1985 portum
710 1914 971 1969 deduxit.
1024 1914 1087 1967 Et
1151 1913 1234 1968 sic
1286 1911 1637 1982 depugnavit
1687 1912 1963 1965 adversus

256 2006 498 2070 bestias,
542 2020 749 2075 nempe
793 2020 890 2058 eos
934 2003 1033 2073 qui
1084 2007 1251 2057 erant
1296 2003 1519 2058 ordinis
1560 2000 1855 2067 senatorii,
1907 2004 1965 2054 et

256 2110 459 2149 eorum
497 2111 735 2157 uxores;
772 2093 1142 2163 prohibentes
1174 2109 1300 2147 eam
1355 2094 1690 2147 renuntiare
1723 2089 1965 2159 reliquis

254 2185 384 2239 suis
412 2185 650 2238 adibus.
686 2183 898 2238 Christi
934 2192 1125 2237 autem
1157 2184 1367 2239 ancilla
1397 2184 1479 2238 eis
1504 2183 1732 2237 dicebat
1764 2197 1776 2234 ε
1812 2179 1960 2237 Filii.

253 2272 565 2342 plusquam
598 2270 1037 2339 quadringentis
1067 2271 1277 2324 abhinc
1308 2271 1477 2324 annis
1509 2269 1790 2339 scriptum
1830 2274 1961 2321 est:

252 2361 471 2416 Ultima
501 2360 643 2413 hora
672 2362 761 2413 est
790 2360 835 2427 (I
862 2360 1017 2413 Joan.
1055 2360 1137 2429 Il).
1203 2358 1343 2423 Quid
1406 2374 1543 2429 ergo
1578 2359 1841 2412 lubentes
1897 2372 1963 2412 ac

253 2450 513 2505 volentes
542 2449 941 2505 immoramini
981 2449 1039 2503 in
1073 2448 1324 2503 vanitate
1382 2449 1505 2501 vita
1529 2448 1556 2501 ‘?
1581 2463 1649 2501 ne
1682 2447 1825 2501 forte
1866 2463 1962 2500 ve-

252 2540 419 2595 niant
457 2540 578 2595 dies
608 2539 970 2605 Antichristi,
1013 2543 1071 2593 et
1128 2554 1238 2593 non
1298 2536 1536 2607 possitis
1591 2535 1705 2590 frui
1756 2536 1959 2590 vestris

250 2632 477 2700 opibus,
510 2635 564 2686 et
596 2630 769 2685 rebus
802 2631 1091 2699 majorum
1135 2632 1454 2683 vostrorum
1487 2627 1513 2680 ‘I
1548 2628 1805 2698 Cumque
1838 2644 1965 2682 om-

254 2737 356 2775 nes
389 2721 480 2775 his
512 2719 1018 2775 verbisliberasset
1042 2718 1213 2789 (182),
1244 2719 1313 2772 ad
1353 2717 1734 2773 monasticam
1782 2717 1956 2772 vitam

254 2809 1101 2879 traduxit,etfiliumjuniorem
1127 2807 1483 2863 Publicolam
1498 2824 1631 2862 cum
1655 2807 1964 2862 instruxis-

258 2904 366 2965 set,
418 2900 581 2954 duxit
634 2900 690 2953 in
724 2900 1025 2965 Siciliam;
1076 2914 1327 2968 cumque
1375 2897 1600 2967 reliqua
1629 2897 1821 2951 omnia
1864 2913 1966 2950 sua

257 2989 640 3054 vendidisset,
658 2993 713 3043 et
743 2988 993 3057 pretium
1022 2988 1355 3057 accepisset,
1389 2986 1553 3041 duxit
1582 2986 1960 3057 Jerosolyma;

260 3084 317 3134 et
348 3095 478 3134 cum
514 3078 818 3133 facultates
844 3076 1158 3144 divisisset,
1191 3076 1343 3130 intra
1400 3075 1785 3146 quadraginta
1841 3076 1965 3131 dies

2077 1920 2397 1990 accepisset
2425 1918 2786 1973 immaturos.
2819 1916 2962 1970 Cum
2996 1919 3191 1971 autem
3214 1915 3386 1985 longo
3410 1919 3669 1986 tempore
3691 1916 3775 1970 in-

2078 2015 2162 2065 ter
2200 2026 2261 2065 se
2292 2008 2727 2073 contenderent,
2752 2007 2903 2062 Deus
2925 2010 3125 2076 postea
3148 2006 3414 2060 misertus
3446 2004 3785 2059 adolescen-

2074 2103 2168 2166 tis,
2203 2100 2251 2156 ei
2286 2114 2515 2170 quoque
2546 2096 2730 2152 zelum
2766 2095 3013 2151 immisit
3041 2093 3364 2165 religionis,
3398 2098 3463 2148 ut
3485 2093 3610 2164 ipse
3638 2110 3786 2164 quo-

2075 2205 2187 2261 que
2219 2188 2421 2244 mundi
2459 2188 2736 2241 universa
2794 2184 3156 2239 renuntiaret
3202 2187 3446 2238 terrana
3500 2184 3780 2246 materia,

2072 2280 2216 2333 adeo
2249 2282 2311 2332 ut
2341 2275 2646 2347 impletum
2671 2274 2844 2329 fuerit
2866 2275 3021 2344 quod
3063 2273 3345 2343 scriptum
3389 2276 3475 2327 est
3522 2273 3593 2327 ab
3626 2274 3781 2343 Apo-

2074 2368 2222 2423 stolo
2255 2384 2268 2421 :
2303 2366 2451 2430 Quid
2482 2366 2637 2420 enim
2681 2365 2820 2433 scis,
2868 2363 3102 2432 mulier,
3157 2379 3228 2418 an
3282 2363 3472 2417 virum
3527 2361 3786 2417 servabis

2074 2458 2123 2527 (Ι
2143 2456 2262 2512 Cor.
2295 2456 2426 2523 vn)?
2458 2454 2603 2509 Cum
2636 2470 2771 2524 ergo
2804 2454 3099 2525 nupsisset
3120 2453 3241 2508 viro
3273 2451 3548 2507 tredecim
3599 2452 3783 2506 annos

2073 2551 2231 2616 nata,
2279 2550 2502 2615 septem
2544 2560 2677 2599 vero
2728 2559 2863 2598 cum
2903 2559 2968 2598 eo
3009 2540 3269 2611 vixisset,
3329 2540 3610 2612 vigesimo
3664 2556 3779 2595 sua

2074 2636 2261 2692 atatis
2309 2650 2459 2690 anno
2492 2636 2706 2688 mundo
2753 2632 3088 2699 renuntiat;
3142 2641 3195 2687 et
3242 2631 3496 2701 primum
3547 2629 3780 2700 quidem

2074 2726 2272 2782 omnia
2312 2741 2420 2780 sua
2452 2724 2638 2779 serica
2686 2720 3194 2794 superhameralia
3252 2722 3403 2792 (186)
3450 2723 3796 2791 tegumenta

2072 2816 2229 2871 dedit
2259 2814 2539 2869 altaribus
2571 2814 2751 2884 (quod
2783 2817 2839 2868 et
2870 2812 3199 2868 veneranda
3257 2810 3390 2866 fecit
3437 2810 3776 2882 Olympias),

2075 2905 2300 2975 reliqua
2324 2906 2521 2957 autem
2572 2902 2758 2956 serica
2804 2902 3147 2955 indumenta
3186 2916 3320 2953 cum
3378 2898 3785 2962 conscidisset,

2074 2994 2365 3047 diversam
2400 2990 2815 3061 supellectilem
2850 2989 2983 3044 fecit
3032 2986 3507 3043 ecclesiasticam.
3559 2992 3790 3057 Argen-

2074 3086 2201 3137 tum
2233 3085 2429 3135 autem
2462 3085 2518 3134 et
2547 3094 2749 3134 aurum
2786 3093 2917 3132 cum
2984 3077 3262 3131 credisset
3321 3075 3553 3130 cuidam
3606 3073 3786 3130 Paulo

259 3169 497 3225 dormiit
527 3168 584 3222 in
612 3169 765 3222 bona
797 3174 1089 3221 senectute
1119 3172 1175 3220 et
1219 3182 1451 3221 summa
1492 3165 1963 3230 mansuetudine,
2002 3206 2046 3274 Ο
2084 3170 2416 3243 presbytero
2454 3169 2602 3238 (187)
2653 3166 2939 3222 monacho
2998 3167 3300 3233 Dalmata,
3361 3164 3416 3218 id
3476 3180 3577 3235 per
3630 3180 3789 3220 mare

256 3263 312 3313 et
341 3258 670 3313 veneranda
721 3256 996 3312 memoria
1046 3256 1433 3326 eleemosynis
1492 3255 1848 3322 redundans,
1877 3270 1965 3308 re—

260 3349 395 3404 licto
444 3351 619 3404 etiam
682 3347 1031 3403 monasterio
1087 3346 1460 3418 Jerosolymis
1522 3353 1575 3399 et
1633 3344 1968 3416 sumptibus

260 3440 618 3495 monasterii.

330 3532 643 3601 Postquam
676 3533 868 3584 autem
926 3529 984 3584 hi
1044 3544 1248 3584 omnes
1306 3527 1488 3583 Roma
1537 3525 1964 3583 abscessissent

259 3621 358 3690 qui
408 3620 689 3675 catechesi
740 3618 989 3675 instituti
1033 3618 1259 3674 fuerant
1290 3636 1322 3673 a
1361 3618 1530 3673 beata
1559 3616 1789 3685 Melani,
1831 3617 1959 3671 bar-

259 3711 451 3765 barica
482 3709 751 3780 quadam
801 3709 1073 3780 procella,
1135 3725 1265 3779 qua
1320 3708 1495 3763 etiam
1550 3708 1608 3762 in
1669 3708 1964 3779 prophetis

255 3800 373 3866 jam
408 3800 542 3853 olim
560 3799 745 3867 posita
759 3800 965 3865 fuerat,
988 3798 1045 3851 in
1078 3798 1311 3852 Romam
1339 3797 1528 3864 irruit,
1570 3802 1626 3852 et
1652 3814 1754 3851 nec
1781 3813 1971 3852 aneas

262 3888 499 3959 quidem
532 3892 755 3941 statuas
784 3885 1017 3956 reliquit
1047 3884 1104 3939 in
1140 3886 1279 3952 foro,
1306 3887 1403 3939 sed
1435 3886 1630 3940 omnia
1664 3887 1968 3942 barbarica

262 3977 540 4048 diripiens
588 3976 920 4041 insolentia,
952 3974 1253 4044 corrUpit;
1315 3976 1455 4028 adeo
1490 3978 1553 4028 ut
1611 3974 1790 4029 Roma
1834 3992 1959 4046 qua

260 4066 413 4122 mille
440 4069 495 4121 et
525 4064 789 4119 ducentis
823 4063 991 4117 annis
1015 4062 1407 4133 pulcherrima
1424 4064 1609 4119 fuerat
1630 4070 1685 4119 et
1700 4064 1966 4134 frequen-

260 4156 506 4223 tissima,
542 4154 891 4220 dirueretur,
925 4152 1202 4224 fieretque
1251 4154 1496 4221 deserta,
1548 4158 1603 4207 et
1637 4158 1698 4208 ut
1745 4153 1825 4208 ait
1875 4156 1961 4209 Si-

261 4245 435 4319 bylla,
484 4243 631 4320 ῥύμη
680 4244 787 4298 hoc
835 4254 921 4299 est
970 4242 1152 4308 vicus,
1211 4259 1323 4299 non
1385 4244 1587 4298 Roma.
1648 4245 1809 4299 Tunc
1861 4246 1960 4316 qui

260 4336 543 4391 catechesi
574 4335 801 4388 fuerant
832 4333 1183 4398 instituti,et
1244 4332 1296 4387 ei
1356 4333 1599 4387 minime
1651 4334 1959 4389 adversati.

265 4428 434 4481 Deum
472 4426 850 4480 laudaverunt
868 4423 966 4493 qui
993 4438 1184 4477 rerum
1215 4422 1549 4477 mutatione
1573 4424 1963 4492 persuasisset

260 4514 753 4585 increwlulis,quod
787 4512 914 4568 aliis
937 4512 1206 4568 omnibus
1235 4511 1481 4567 redactis
1510 4512 1567 4566 in
1592 4513 1953 4580 servitutem,

2086 3262 2245 3317 misit
2274 3261 2343 3315 ad
2367 3260 2661 3314 Orientem
2685 3276 2698 3326 ;
2724 3262 2896 3329 atque
2916 3260 3158 3329 Egypto
3173 3255 3409 3325 quidem
3439 3253 3788 3309 elThebaidi

2082 3351 2271 3407 decies
2304 3348 2460 3404 mille
2508 3347 2749 3417 solidos,
2800 3346 3115 3402 Antiochia
3173 3347 3365 3401 autem
3397 3347 3453 3399 et
3483 3344 3609 3414 ejus
3658 3359 3787 3413 qua

2081 3441 2233 3497 circa
2281 3442 2468 3510 ipsam
2501 3443 2639 3493 sunt
2696 3437 3032 3509 regionibus
3070 3434 3288 3492 solidos
3346 3434 3539 3490 decies
3588 3433 3790 3500 mille;

2083 3528 2403 3586 Palastina
2434 3527 2645 3583 solidos
2668 3524 3007 3597 quindecies
3033 3524 3190 3580 mille
3222 3521 3542 3578 distribuit.
3590 3520 3788 3576 Eccle-

2084 3622 2183 3678 siis
2208 3625 2403 3677 autem
2437 3636 2564 3690 qua
2597 3622 2731 3674 sunt
2754 3616 2813 3671 in
2835 3616 3162 3683 Occidente,
3215 3618 3274 3670 et
3314 3612 3703 3677 monasteriis,
3737 3617 3791 3666 et

2078 3710 2471 3775 xenodochiis,
2504 3706 2852 3763 etomnibus
2876 3705 3179 3776 egentibus
3211 3720 3310 3775 per
3356 3704 3610 3773 seipsam
3658 3717 3791 3769 sup-

2077 3800 2375 3871 peditavit,
2408 3801 2463 3851 et
2484 3794 2818 3866 suppeditat
2849 3794 2937 3847 his
2968 3792 3293 3862 quadruplo
3326 3790 3509 3860 plura,
3546 3796 3607 3844 ut
3631 3794 3778 3843 Deus

2077 3889 2240 3944 novit
2274 3904 2343 3943 ex
2390 3901 2488 3940 ore
2517 3883 2699 3940 leonis
2740 3882 2891 3952 (188)
2922 3880 3132 3936 Alarici
3190 3880 3443 3951 eripiens
3501 3879 3614 3933 ﬁde
3675 3894 3783 3932 sua

2075 3982 2146 4049 (ΙΙ
2183 3976 2408 4033 Timoth.
2442 3991 2517 4041 iv,
2559 3974 2667 4045 17).
2730 3968 3261 4028 Liberavitautem
3322 3983 3617 4025 servorum
3674 3968 3773 4038 qui

2074 4068 2375 4135 voluerun,
2401 4070 2529 4121 octo
2563 4063 2783 4131 millia;
2818 4061 3027 4134 reliqui
3067 4062 3223 4116 enim
3275 4059 3636 4125 moluerunt,
3684 4057 3787 4112 sed

2076 4158 2405 4213 maluerunt
2428 4170 2662 4211 manere
2694 4170 2825 4208 cum
2864 4153 3033 4207 fratre
3079 4151 3226 4221 (189)
3259 4149 3407 4219 ejus.
3443 4150 3658 4203 Omnes
3687 4163 3786 4201 au-

2074 4253 2190 4304 tem
2233 4245 2631 4319 possessiones
2664 4259 2810 4313 quas
2834 4240 3037 4296 habuit
3066 4239 3126 4295 in
3158 4237 3471 4310 Hispaniis,
3508 4237 3567 4291 in
3598 4234 3780 4306 Aqui—

2074 4337 2250 4402 tania,
2274 4336 2332 4389 in
2357 4330 2774 4389 Tarraconensi
2797 4338 2851 4385 et
2883 4328 3085 4396 Gallis,
3105 4335 3159 4384 et
3188 4327 3244 4381 in
3272 4325 3425 4382 alliis
3453 4323 3785 4381 civitatibus

2073 4444 2209 4482 cum
2261 4424 2639 4489 vendidisset,
2692 4438 2789 4475 eas
2847 4420 2918 4474 ad
2955 4428 3065 4474 tres
3124 4433 3311 4488 usque
3376 4414 3597 4471 solidos
3666 4412 3785 4467 dis-

2075 4517 2317 4580 tribuit;
2352 4530 2479 4585 qua
2509 4517 2703 4567 autem
2733 4509 2985 4565 habebat
3007 4510 3066 4563 in
3090 4507 3307 4572 Sicilia,
3359 4502 3698 4574 Campania,
3734 4508 3790 4556 et

264 4622 337 4659 ea
365 4605 505 4659 sola
534 4584 706 4658 salva
740 4602 956 4657 fuerint
988 4601 1240 4661 familia.
1266 4618 1391 4672 qua
1429 4601 1668 4655 Domino
1722 4602 1957 4657 fuerunt
2002 4584 2043 4648 Β
2082 4607 2293 4675 Africa,
2315 4584 2429 4659 sibi
2458 4599 3179 4671 reliquit,utsuppeditare
3200 4599 3395 4667 posset
3411 4592 3783 4648 monasteriis

265 4693 620 4760 holocausta,
649 4691 846 4745 studio
879 4692 1056 4745 beata
1108 4690 1397 4757 Melania;
1443 4707 1575 4743 cum
1636 4691 1824 4744 cateri
1866 4692 1963 4762 qui

268 4798 462 4838 eorum
496 4781 671 4835 saluti
703 4781 1175 4847 adversabantur,
1193 4796 1391 4836 eorum
1426 4780 1970 4851 inutilipanitentia

269 4872 684 4927 delinerentur.

886 4960 1119 5016 CAPUT
1151 4959 1337 5017 CXIX.

719 5053 835 5109 Vita
864 5069 1053 5126 parvae
1074 5053 1322 5109 Melania
1342 5054 1512 5125 (183).

333 5145 614 5214 Quoniam
633 5148 827 5199 autem
862 5143 1178 5199 relaturum
1212 5144 1388 5200 mede
1420 5144 1540 5197 filia
1565 5142 1822 5198 Malenia
1840 5160 1969 5213 spo-

269 5239 460 5309 pondi,
497 5235 891 5292 necessarium
915 5239 999 5291 est
1022 5240 1085 5290 ut
1107 5251 1262 5290 nunc
1279 5234 1539 5289 debitum
1557 5236 1818 5289 reddam.
1846 5235 1969 5291 Non

268 5328 408 5383 enim
440 5329 658 5395 justum
696 5325 1034 5395 utjunioris
1068 5326 1369 5395 quoquein
1404 5340 1577 5379 carne
1604 5324 1861 5379 Melania
1888 5326 1971 5378 vi-

269 5425 374 5471 tam
410 5416 821 5485 despiciemus,
854 5418 911 5469 et
942 5414 1131 5484 neptis
1172 5428 1392 5483 magna
1426 5412 1683 5467 Melania
1742 5417 1967 5467 tantam

270 5509 538 5561 virtutem
570 5506 807 5560 tacitam
840 5509 1249 5575 praetereamus
1275 5519 1401 5574 qua
1453 5504 1622 5574 longe
1656 5504 1800 5558 forte
1831 5520 1971 5573 pra-

275 5602 382 5653 stat
414 5597 792 5669 prudentibus
826 5601 880 5651 et
912 5594 1188 5651 studiosis
1218 5593 1449 5650 vetulis.
1485 5595 1786 5666 Hancergo
1809 5596 1975 5649 atate

264 5692 557 5761 juvenem,
591 5688 823 5761 pietatis
844 5697 1030 5745 autem
1065 5686 1350 5745 sententia
1401 5684 1675 5755 vetulam,
1712 5689 1974 5757 parentes

2080 4702 2136 4752 et
2164 4695 2385 4766 egenis.
2418 4693 2542 4747 Hac
2564 4696 2653 4747 est
2683 4688 2965 4759 sapientia
2996 4688 3055 4741 in
3108 4684 3307 4756 primis
3366 4682 3672 4751 religiosa,
3730 4685 3787 4736 et

2080 4804 2206 4859 qua
2230 4789 2477 4841 mentem
2509 4781 2750 4843 senilem
2781 4776 3109 4849 susceperat
3141 4777 3213 4831 de
3243 4774 3501 4847 pecunia
3525 4772 3784 4838 materia,

2082 4876 2341 4933 Melania
2369 4871 2640 4944 junioris.

2151 4967 2279 5021 Hac
2308 4968 2499 5020 autem
2523 4966 2644 5019 erat
2674 4962 2798 5031 ejus
2830 4957 3163 5016 exercitatio
3203 4973 3215 5012 :
3252 4955 3388 5011 Post
3418 4953 3572 5010 diem
3606 4969 3787 5009 unum

2080 5056 2450 5122 comedebat;
2486 5053 2544 5107 in
2570 5051 2857 5122 principio
2889 5053 3085 5103 autem
3133 5049 3265 5118 post
3323 5045 3601 5116 quinque,
3634 5041 3786 5098 varie

2082 5144 2312 5201 ancillis
2344 5144 2462 5198 suis
2496 5141 2754 5197 serviens
2778 5155 2791 5207 ;
2814 5155 2959 5211 quas
2976 5138 3152 5193 etiam
3175 5151 3375 5192 secum
3393 5150 3508 5190 una
3538 5131 3787 5187 reddidit

2082 5233 2525 5289 eXercitatrices.
2558 5233 2683 5287 Jam
2726 5245 2859 5285 vero
2891 5228 3017 5298 ipsa
3058 5242 3290 5299 quoque
3323 5224 3537 5278 multos
3560 5237 3627 5275 ex
3665 5220 3789 5275 suis

2083 5324 2340 5395 cognatis
2373 5323 2591 5376 ducens
2621 5321 2691 5375 ad
2716 5321 2903 5375 zelum
2935 5318 3218 5384 divinum,
3263 5313 3395 5368 fecit
3426 5314 3488 5364 ut
3521 5308 3789 5365 similiter

2084 5419 2255 5484 atque
2286 5412 2412 5482 ipsa
2446 5411 2707 5481 religiose
2740 5410 2922 5464 Deum
2958 5408 3227 5462 colerent.
3254 5402 3379 5455 Hac
3413 5401 3502 5453 est
3542 5399 3661 5453 vita
3700 5399 3794 5469 ju-

2082 5503 2246 5559 venis
2277 5501 2537 5557 Melania
2573 5516 2671 5571 per
2726 5497 3041 5554 Dominum
3076 5496 3341 5548 nostrum
3374 5490 3572 5545 Jesum
3626 5485 3792 5541 Chri-

2085 5597 2263 5648 stum.
