4074 6278
345 313 498 375 1231

992 461 1224 519 CAPUT
1254 464 1414 524 CXX.

935 550 1011 605 De
1044 551 1243 609 Albina
1285 554 1456 626 (190).

419 633 678 691 Habebat
693 641 888 695 autem
907 655 1103 697 secum
1120 658 1349 715 quoque
1365 648 1611 703 matrem
1623 646 1887 703 Albinam
1900 661 2049 716 ,quae

347 721 622 779 similiter
666 731 985 797 exercetur,
1020 737 1070 786 et
1105 731 1374 790 similiter
1414 752 1620 791 rursus
1672 737 1921 791 seorsim
1970 736 2050 789 di-

318 816 559 883 spergit
589 832 723 872 suas
756 820 1050 888 pecunias.
1087 822 1360 881 Habitant
1414 826 1610 897 itaque
1643 828 1700 882 in
1732 828 1907 897 agris,
1940 826 2043 881 ali-

346 904 580 971 quando
602 906 837 975 quidem
897 908 1126 976 Siciliaa,
1177 912 1489 984 aliquando
1539 932 1672 972 vero
1719 914 2045 987 Campaniae

346 1007 479 1047 cum
502 996 783 1052 eunuchis
805 999 1164 1069 quindecim,
1196 1007 1253 1058 et
1272 1004 1600 1075 virginibus
1631 1010 1687 1062 et
1725 1004 1971 1062 ancillis.

967 1109 1200 1166 CAPUT
1228 1112 1413 1168 CXXI.

2079 464 2133 529 Α

925 1198 999 1254 De
1028 1200 1263 1257 Piniano
1293 1203 1461 1273 (191).

413 1281 693 1339 Similiter
744 1289 940 1344 autem
989 1288 1270 1349 Pinianus
1301 1309 1529 1365 quoque
1570 1295 1696 1365 ejus
1753 1295 2047 1366 quondam

344 1372 609 1443 maritus,
643 1391 800 1433 nunc
829 1381 1023 1434 autem
1053 1379 1112 1435 in
1143 1397 1312 1453 opere
1342 1383 1574 1440 virtutis
1621 1384 1856 1455 adjutor
1905 1401 2049 1441 una-

344 1460 542 1527 nimis,
576 1464 673 1535 qui
706 1474 1003 1522 exercetur
1034 1485 1169 1525 cum
1202 1472 1443 1543 triginta
1462 1475 1785 1543 monachis,
1824 1479 1880 1531 et
1909 1475 2049 1547 legit

340 1549 568 1608 divinas
596 1553 941 1625 Scripturas,
977 1558 1256 1632 hortoque
1286 1562 1526 1620 colendo
1576 1570 1662 1622 est
1689 1565 1951 1622 intentus
1993 1570 2049 1623 et

344 1640 876 1711 congressionibus.
909 1650 1033 1703 Non
1066 1666 1241 1720 parvo
1272 1660 1461 1708 autem
1495 1671 1600 1710 nos
1659 1655 1878 1712 honore
1917 1654 2048 1711 affe-

342 1733 695 1788 ceruntcum
724 1732 967 1792 Romam
986 1739 1354 1797 venissemus
1376 1751 1608 1816 propter
1623 1745 1859 1801 beatum
1878 1746 2050 1801 Joan-

344 1834 479 1875 nem
511 1820 850 1896 episcopum
878 1843 984 1884 nos
1034 1830 1379 1902 reﬁcientes,
1410 1839 1467 1889 et
1526 1835 2049 1891 abundautissimis
2086 1846 2129 1910 Β

340 1908 568 1966 viaticis
598 1912 975 1985 excipientes,
1010 1929 1369 1978 accersentes
1418 1930 1692 1980 sternam
1727 1925 1903 1981 vitam
1935 1926 2052 1980 Do-

337 2000 482 2055 mini
509 2003 692 2058 nostri
720 2004 856 2061 Jesu
892 2006 1129 2077 Christi,
1154 2015 1211 2067 et
1232 2013 1464 2083 optimae
1490 2014 2045 2071 vitainstitutiouis.

950 2114 1183 2173 CAPUT
1209 2119 1441 2175 CXXII.

874 2203 947 2259 De
976 2205 1330 2264 Pammachio
1351 2209 1527 2280 (192).

405 2284 621 2342 Horum
645 2294 927 2362 cognatus
958 2295 1066 2351 fuit
1095 2298 1183 2352 vir
1211 2314 1280 2354 ex
1303 2300 1774 2370 proconsulibus,
1808 2302 2043 2357 nomine

338 2373 789 2450 Pammachius;
824 2385 927 2455 qui
973 2402 1108 2443 cum
1158 2390 1378 2445 mundo
1418 2393 1828 2459 renuntiasset,
1863 2392 2041 2450 vitam

333 2465 453 2537 egit
482 2468 806 2541 optimam;
838 2478 895 2529 et
922 2491 1063 2534 suas
1102 2495 1242 2550 opes
1296 2482 1503 2552 partim
1558 2483 1720 2538 vivus
1757 2484 2050 2553 dispersit,

338 2556 551 2625 partim
584 2564 778 2617 autem
812 2566 1068 2622 moriens
1094 2570 1333 2640 reliquit
1364 2572 1736 2643 pauperibus.

950 2673 1180 2730 CAPUT
1219 2677 1475 2733 CXXIII.

928 2760 1001 2816 De
1022 2761 1262 2818 Macario
1292 2766 1455 2836 (193).

406 2859 689 2920 Similiter
722 2866 898 2922 etiam
932 2867 1169 2938 quidam
1223 2871 1461 2928 nomine
1501 2873 1785 2932 Macarius
1844 2892 1909 2932 ex
1955 2879 2047 2935 vi-

331 2951 492 3008 caria
516 2952 687 3027 (194).

937 3048 1172 3105 CAPUT
1212 3050 1445 3107 CXXIV.

881 3138 957 3193 De
978 3138 1288 3197 Constantio
1324 3142 1498 3214 (195).

402 3241 777 3302 Constantius
797 3262 1033 3320 quoque
1068 3267 1332 3308 assessor
1390 3254 1804 3324 prafectorum
1865 3259 2049 3316 Italia)
2079 3219 2122 3286 Ο

336 3330 598 3402 insignes
636 3334 743 3389 viri
794 3340 851 3391 et
908 3339 1319 3410 eruditissimi,
1379 3346 1481 3414 qui
1535 3351 1917 3416 pervenerunt
1972 3349 2041 3405 ad

337 3434 639 3477 summum
661 3423 890 3493 pietatis
913 3432 965 3481 et
1007 3429 1335 3500 religionis;
1364 3448 1507 3502 quos
1556 3435 1824 3493 existimo
1858 3438 2045 3495 adhuc

342 3523 497 3562 nunc
528 3524 758 3580 quoque
772 3528 901 3568 esse
932 3514 991 3569 in
1012 3532 1199 3583 oarue,
1234 3519 1512 3587 optimam
1540 3523 2045 3584 instituendaevite

339 3595 628 3651 rationem
646 3604 1001 3671 exercentes,
1034 3601 1384 3676 beatamque
1406 3608 1577 3664 vitam
1611 3615 1665 3667 et
1695 3614 1841 3669 nulli
1872 3616 2043 3673 exitio

338 3684 653 3741 obnoxiam
685 3693 1073 3760 expectantes.

949 3764 1182 3823 CAPUT
1217 3768 1419 3826 CXXV.

813 3852 886 3909 De
916 3854 1096 3912 Paula
1127 3856 1276 3930 (196)
1310 3860 1570 3919 Romana.

406 3958 564 4048 Inter
593 3974 740 4030 quos
756 3959 864 4017 fuit
894 3964 1069 4020 etiam
1093 3966 1273 4024 Paula
1296 3969 1558 4029 Romana
1581 3978 1769 4031 mater
1797 3978 2041 4048 Toxotii,

334 4061 478 4101 uxor
517 4046 609 4117 N.,
634 4050 704 4105 ad
738 4050 1061 4123 spiritalem
1086 4055 1219 4111 vitae
1252 4058 1680 4119 institutionem
1714 4046 2044 4125 accommoé

334 4137 658 4230 datissima.
693 4141 792 4197 Cui
826 4142 1241 4216 impedimento
1266 4149 1372 4205 fuit
1404 4150 2043 4230 Hieronymusquidam

336 4224 668 4296 Dalmata‘;
718 4247 855 4287 nam
912 4249 1044 4291 cum
1105 4243 1301 4308 posset
1349 4224 1635 4312 superare-
1681 4224 1915 4314 mult-as,
1975 4265 2045 4305 ne

339 4314 529 4409 dicam
554 4323 817 4389 cunctas,
852 4329 911 4378 ut
941 4341 1066 4395 qum
1098 4328 1167 4382 ad
1221 4328 1398 4385 vitam
1458 4348 1526 4388 ex
1574 4333 1786 4392 virtute
1836 4352 2047 4409 geren-

350 4404 484 4459 dam
519 4411 669 4463 esset
698 4409 916 4480 Optimo
947 4414 1181 4486 ingenio
1220 4421 1483 4491 pradita,
1517 4438 1642 4480 eam
1692 4444 1798 4483 sua
1832 4404 2047 4487 invidia

343 4493 611 4566 impedit,
641 4495 828 4570 ipsam
860 4501 1098 4560 trahens
1131 4507 1197 4561 ad
1233 4524 1474 4580 scopum
1506 4516 1828 4587 proprium.

945 4610 1176 4668 CAPUT
1206 4613 1438 4674 CXXVI.

987 4703 1058 4758 De
1092 4704 1400 4763 Eustochio.

409 4804 742 4895 Cujusiﬁlia
790 4824 947 4867 nunc
970 4822 1201 4885 quoque
1259 4823 1556 4873 exercetur
1611 4820 1669 4875 in
1720 4824 2038 4895 Bethleem,

336 4891 572 4946 nomine
602 4894 1007 4970 Eustochium,
1038 4918 1215 4973 quam
1239 4918 1344 4977 ego
1377 4922 1491 4961 non
1523 4912 1788 4966 conveni.
1822 4891 2044 4971 Dicitur

334 4980 525 5032 autem
558 4995 687 5037 esse
711 4987 1053 5057 castissima,
1084 4991 1302 5046 habens
1351 5005 1696 5053 conventum
1753 5002 2042 5074 quinqua-

330 5066 497 5138 ginta
528 5068 842 5140 virginum.

921 5167 1147 5226 CAPUT
1176 5174 1441 5233 CXXVII.

1002 5258 1075 5313 De
1110 5262 1360 5317 Venerem.

406 5359 817 5417 Inveniautem
846 5363 1152 5419 Veneream
1196 5367 1505 5428 Ballomeci
1549 5375 1778 5433 comitis
1831 5378 2035 5449 ﬁliam,

338 5462 464 5514 que
496 5465 645 5505 onus
669 5453 871 5507 cameli
897 5462 1046 5511 recte
1087 5455 1378 5527 dispersit,
1428 5461 1665 5521 liberata
1722 5470 1864 5525 esta
1913 5473 2037 5528 vul-

341 5537 575 5592 neribus
606 5556 729 5608 quae
768 5544 1038 5601 oriuntur
1066 5564 1131 5603 ex
1166 5551 1424 5607 materia.

416 5633 431 5666 ί
466 5633 763 5692 Palladius
803 5637 1197 5697 calumniatur
1216 5643 1659 5704 sanctissimum
1694 5648 2135 5724 Hieronymum.

2074 4602 2127 4667 D

1922 325 2294 389 PALLADII

3744 332 3782 389 1
3798 328 3949 387 232

2728 463 2964 521 CAPUT
3004 465 3293 522 CXXVIII.

2725 555 2797 609 De
2827 555 3095 611 Theodore
3138 557 3300 627 (197).

2228 642 2299 697 Et
2328 642 2558 697 beatam
2599 642 2960 701 Theodoram
2993 645 3213 702 tribuni
3237 646 3440 717 ﬁliam,
3464 663 3604 718 quae
3644 647 3729 701 ad
3770 651 3939 702 tau-

2160 735 2281 788 tam
2314 733 2594 802 processit
2622 738 2933 806 egestatem
2962 738 3428 807 possessionum,
3462 741 3531 792 ut
3568 737 3717 808 ipsa
3749 737 3939 793 elec-

2159 837 2463 893 mosynam
2498 822 2787 895 accipiens
2813 826 2884 879 sit
2917 828 3167 881 mortua.

2756 913 2988 969 CAPUT
3020 914 3267 971 CXXIX.

2800 1002 2873 1057 De
2897 1001 3021 1058 Usia
3046 1004 3218 1075 (198).

2231 1092 2292 1144 In
2330 1090 2676 1146 monasterio
2709 1090 2975 1162 Hesyoha
3026 1097 3263 1165 propter
3294 1109 3479 1162 mare,
3508 1096 3652 1151 novi
3692 1095 3919 1151 mulie-

2158 1196 2279 1236 rem
2311 1181 2547 1237 nomine
2570 1180 2781 1250 Usiam,
2798 1181 2971 1253 longe
2992 1182 3050 1239 in
3071 1184 3343 1242 omnibus
3365 1185 3915 1242 honestissimam.

2770 1271 3002 1327 CAPUT
3045 1272 3252 1328 CXXX.

2851 1361 2923 1415 De
2964 1360 3174 1417 Adott'a.

2229 1445 2297 1500 Et
2329 1446 2460 1515 ejus
2489 1461 2743 1503 sororem
2773 1447 3062 1519 Adoliam,
3113 1466 3237 1520 quae
3270 1450 3393 1521 ipsa
3450 1468 3705 1523 quoque
3756 1452 3919 1507 vixit

2157 1533 2215 1587 in
2242 1534 2477 1603 virtute,
2509 1540 2565 1590 et
2597 1553 2709 1591 non
2744 1554 2846 1608 pro
2878 1539 3005 1608 ejus
3031 1540 3267 1609 quidem
3307 1541 3619 1613 dignitate,
3662 1543 3770 1597 sed
3795 1560 3917 1613 pro

2160 1637 2402 1678 suarum
2434 1624 2647 1679 virium
2684 1625 2951 1682 facultate
2983 1626 3123 1681 vixit
3152 1628 3210 1683 in
3241 1628 3363 1684 zelo
3399 1629 3524 1685 Dei.

2774 1714 3008 1770 CAPUT
3040 1715 3231 1771 XXXI.

2794 1807 2870 1859 De
2900 1804 3230 1860 Basianilla.

2239 1894 2380 1950 Novi
2412 1896 2607 1949 autem
2639 1892 2811 1948 etiam
2845 1892 3224 1949 Basiauillam
3256 1895 3539 1951 Caudiani
3617 1896 3909 1969 magistri

2164 1981 2418 2037 militum
2443 1982 2645 2052 ﬁliam,
2670 1997 2795 2052 quae
2818 1981 2941 2052 ipsa
2973 1982 3065 2052 pio
3096 1986 3153 2037 et
3174 1982 3351 2039 alacri
3384 1984 3585 2040 animo
3604 1986 3901 2042 virtutem

2162 2072 2437 2139 exercuit,
2488 2075 2545 2127 et
2600 2071 2657 2126 in
2710 2071 3054 2127 hodiernum
3096 2089 3284 2143 usque
3332 2073 3485 2127 diem
3554 2077 3904 2132 certamina

2162 2160 2368 2215 acriter
2397 2159 2750 2230 exsequitur.

2745 2248 2975 2304 CAPUT
3013 2249 3272 2307 CXXXII.

2836 2339 2909 2394 De
2938 2338 3193 2395 Photina.

2234 2432 2301 2483 Et
2332 2428 2641 2484 Photiuam
2699 2426 2977 2499 virginem
3040 2445 3263 2484 summe
3304 2430 3640 2499 honestam,
3695 2434 3887 2490 ﬁliam

2158 2518 2478 2574 Theoctisti
2511 2518 2834 2589 presbyteri
2866 2518 2923 2571 in
2958 2517 3262 2574 Laodicea.

2727 2606 2955 2662 CAPUT
2990 2606 3297 2663 CXXXIII.

2856 2699 2935 2752 De
2963 2697 3163 2753 Asella.

2232 2786 2367 2841 Vidi
2402 2788 2597 2842 autem
2629 2785 2822 2841 Romae
2856 2801 3081 2858 quoque
3130 2786 3387 2843 Asellam
3432 2787 3736 2847 honestam
3770 2792 3876 2849 Dei

2154 2878 2461 2949 virginem,
2494 2894 2618 2948 quae
2646 2876 2889 2934 honeste
2918 2880 3299 2935 consenuitin
3333 2883 3714 2954 monasterio,
3751 2901 3873 2941 mu-

2152 2968 2258 3024 lier
2291 2967 2457 3039 longe
2489 2966 2825 3035 mitissima,
2859 2971 2914 3024 et
2936 2984 3060 3040 quas
3092 2968 3377 3026 retinebat
3426 2979 3775 3041 conventus,
3813 2976 3861 3030 in

2155 3058 2367 3130 quibus
2398 3056 2515 3111 vidi
2547 3063 2597 3112 et
2637 3055 2791 3112 viros
2839 3060 2897 3113 et
2927 3057 3201 3114 mulieres
3263 3061 3556 3117 catechesi
3606 3070 3869 3122 recenter

2156 3146 2478 3204 institutos.

2720 3236 2950 3293 CAPUT
2987 3236 3290 3295 CXXXIV.

2777 3329 2849 3383 De
2879 3329 3037 3383 Avt‘ta
3065 3330 3085 3398 (
3095 3330 3235 3398 199).

2221 3415 2547 3472 Vidietiam
2608 3415 2830 3471 beatam
2882 3416 3105 3472 Avitam
3154 3418 3270 3474 Deo
3301 3419 3539 3490 dignam
3570 3437 3705 3479 cum
3739 3426 3877 3496 ejus

2150 3506 2359 3561 marito
2424 3506 2780 3576 Aproniano,
2841 3510 2897 3562 et
2956 3521 3160 3562 eorum
3239 3507 3363 3564 filia
3447 3510 3759 3581 Eunomia,
3810 3516 3879 3569 in

2150 3596 2425 3650 omnibus
2459 3597 2568 3651 Deo
2592 3596 2738 3652 bene
2768 3595 3079 3667 placentes;
3105 3602 3167 3652 ut
3195 3602 3393 3669 aperte
3416 3600 3584 3659 facile
3610 3605 3881 3660 traducti

2150 3685 2367 3740 fuerint
2396 3685 2729 3741 adissoluta
2750 3691 2806 3741 et
2835 3686 3158 3757 voluptaria
3182 3688 3301 3743 vita
3336 3692 3405 3744 ad
3449 3690 3756 3747 honestam
3811 3701 3880 3749 et

2150 3774 2547 3830 continentem
2580 3776 2709 3829 vitae
2734 3775 3191 3843 institutionem,
3225 3777 3285 3832 in
3318 3778 3411 3834 his
3442 3796 3675 3853 quoque
3697 3783 3875 3855 digni

2151 3864 2333 3919 habiti
2358 3867 2422 3919 ut
2450 3864 2507 3919 in
2541 3864 2771 3921 Christo
2793 3865 3133 3935 dormirent,
3166 3868 3239 3922 ab
3271 3868 3433 3924 omni
3466 3871 3699 3941 quidem
3729 3889 3873 3944 pec-

2151 3958 2277 4011 cato
2311 3955 2500 4022 liberi,
2528 3956 2774 4027 perfecte
2794 3954 2852 4011 in
2875 3955 3117 4012 honesto
3131 3960 3453 4015 certamine
3475 3961 3866 4032 decertantes,

2150 4047 2210 4101 in
2243 4046 2395 4101 bona
2435 4046 2714 4101 memoria
2743 4045 2919 4101 vitam
2954 4063 3122 4102 suam
3147 4048 3572 4122 relinquentes.

2735 4134 2966 4191 CAPUT
2997 4135 3263 4192 CXXXV.

2752 4225 2825 4279 De
2840 4224 3041 4296 Magna
3095 4228 3266 4299 (200).

2220 4314 2286 4367 In
2318 4311 2553 4368 civitate
2583 4313 2811 4385 Ancyra
2841 4320 2981 4371 sunt
3013 4317 3211 4372 multae
3260 4320 3489 4390 quidem
3523 4322 3648 4377 aliae
3683 4324 3869 4395 virgi-

2150 4418 2274 4469 nes,
2308 4417 2519 4474 uempe
2541 4404 2611 4458 ad
2654 4405 2852 4459 decem
2892 4405 3097 4475 millia,
3146 4410 3257 4464 duo
3306 4413 3491 4464 autem
3538 4410 3621 4464 vel
3652 4412 3865 4481 plura,

2150 4508 2274 4563 quae
2308 4497 2671 4563 exercentur,
2698 4498 2753 4549 et
2798 4494 2858 4550 in
2891 4496 3051 4553 omni
3085 4498 3302 4553 virtutis
3330 4497 3695 4555 institutione
3730 4503 3858 4558 mi-

2161 4581 2365 4650 litant;
2396 4599 2711 4655 omnesque
2744 4588 3137 4657 temperantia:
3167 4587 3385 4660 legibus
3418 4588 3583 4644 clarae
3616 4594 3677 4647 et
3714 4590 3865 4649 insi-

2158 4687 2299 4743 gnes
2330 4672 2581 4741 feminae,
2614 4676 2671 4729 et
2697 4674 2955 4732 divinum
2987 4683 3281 4735 certamen
3309 4679 3502 4735 studio
3532 4695 3851 4754 exsequen-

2153 4765 2258 4817 tes.
2295 4762 2447 4817 Inler
2472 4779 2616 4834 quas
2648 4762 3036 4836 principatum
3069 4768 3295 4826 obtinet
3324 4769 3383 4825 in
3416 4771 3629 4842 pietate
3652 4772 3849 4843 Magna

2153 4850 2571 4908 honestissima
2602 4853 2818 4910 femina
2870 4860 2925 4911 et
2984 4858 3373 4930 probissima;
3437 4878 3613 4934 quam
3672 4863 3855 4918 nescio

2154 4940 2293 5013 quid
2319 4942 2426 4997 sim
2453 4942 2880 5015 nominaturus,
2913 4945 3271 5018 virginemne
3294 4967 3365 5006 an
3401 4951 3655 5006 viduam.
3678 4954 3721 5006 A
3740 4970 3859 5007 ma-

2151 5036 2237 5087 tre
2285 5032 2453 5086 euim
2512 5031 2567 5086 vi
2634 5033 2755 5088 viro
2816 5035 3146 5108 conjuncta,
3216 5056 3352 5096 eum
3422 5045 3617 5097 tamen
3688 5043 3857 5097 variis

2152 5121 2421 5177 iuescans
2445 5121 2846 5191 dilationibus,
2866 5129 2922 5180 et
2950 5128 3207 5199 corporis
3240 5131 3474 5187 morbos
3519 5139 3855 5203 praetexens.

2152 5228 2183 5265 a
2213 5212 2598 5283 corruptionis
2630 5212 2768 5269 vitio
2803 5213 3025 5285 integra
3081 5223 3135 5273 et
3167 5217 3390 5277 intacta
3423 5222 3756 5293 permansit,
3799 5228 3861 5277 ut

2150 5301 2352 5356 dicunt
2382 5303 2507 5373 ejus
2522 5303 2855 5359 necessarii.
2882 5307 3142 5378 Cumque
3167 5309 3337 5379 paulo
3362 5316 3493 5382 post
3516 5312 3859 5368 decessisset

2148 5391 2276 5460 ejus
2294 5392 2555 5456 maritus,
2590 5393 2853 5449 omnium
2888 5397 3066 5453 simul
3116 5399 3265 5455 facta
3318 5406 3407 5456 est
3440 5402 3621 5457 haeres
3665 5403 3861 5467 unica,

2149 5489 2202 5538 et
2230 5483 2651 5555 temporalibus
2672 5485 2946 5559 deinceps
2987 5495 3360 5549 commutaus
3416 5497 3657 5561 aeterna,
3686 5498 3861 5550 totam

2148 5572 2398 5644 seipsam
2433 5572 2547 5631 Deo
2578 5574 2803 5645 obtulit,
2838 5593 3068 5635 summe
3100 5596 3297 5637 curam
3324 5598 3532 5653 gerens
3562 5582 3696 5639 vitae
3738 5601 3859 5656 quae
