4074 6278
327 301 486 363 1233
1624 317 1995 385 HISTORIA
2035 321 2446 396 LAUSIACA.

935 451 1365 540 ξίὲΦᾼέὲκέηίπ
1999 469 2057 540 Α

899 527 1030 601 Περὶ
1101 526 1357 594 Ἀλϐίνας
1389 577 1401 590 .

397 617 552 690 ’Ἔχει
607 611 662 668 δὲ
723 615 839 686 μεθ’
897 614 1094 686 ἑαυτῆς
1149 620 1240 673 καὶ
1295 623 1392 690 τήν
1457 625 1666 702 μητέρα
1719 627 1968 690 ’Δλϐίναν

315 699 664 773 ἀσκουμένην
717 703 928 775 ὁμοίως
976 704 1062 758 καὶ
1123 703 1610 782 διασκορπίζουσαν
1657 725 1774 774 κατ’
1833 718 1968 776 ἰδίαν

319 787 488 844 πάλιν
520 792 587 844 τὰ
618 787 728 845 ξ’δια
759 793 870 866 χρή
884 813 1044 866 ματα.
1079 795 1228 850 Εἰσὶν
1264 795 1354 852 οὖν
1387 800 1636 860 οἰκοῦσαι
1667 805 1721 862 ἐν
1752 807 1967 885 ἀγροῖς·

319 877 456 932 ποτε
487 879 539 933 ἐν
571 884 688 940 τοῖς
739 881 1014 951 Σικελίας,
1047 885 1177 940 ποτὶ
1206 887 1262 940 ἒν
1312 894 1427 951 τοῖς
1461 895 1799 968 Καμπανίας,
1835 900 1970 971 μετά

317 967 600 1044 εύνούχών
636 965 944 1039 δεκαπέντε,
977 972 1067 1028 καὶ
1099 975 1400 1050 παρθένων,
1433 979 1522 1034 καὶ
1548 965 1855 1044 δουλίδων.

907 1063 1170 1120 ΚΕΦΑΛ.
1213 1067 1380 1126 ΡΚΑ’.

927 1143 1058 1218 Περί
1087 1150 1363 1206 Πινιανοῦ.

387 1227 625 1298 Ὁμοίως
657 1229 744 1283 καὶ
781 1229 808 1284 ὁ
843 1232 1095 1296 Πινιανὸς
1125 1234 1151 1288 ὁ
1183 1236 1306 1290 τότε
1337 1238 1472 1314 ἀνὴρ
1505 1239 1699 1314 αὐτῆς,
1731 1251 1826 1302 νῦν
1881 1245 1958 1318 δὲ,

311 1316 566 1396 ἀδελφοὶ,
599 1316 689 1374 διὰ
733 1321 825 1376 τὸν
859 1323 1090 1397 Χριστὸν
1136 1331 1234 1395 τῆς
1268 1328 1464 1402 ἀρετῆς
1514 1335 1765 1412 συνεργὸς
1817 1316 1960 1410 ὁμάέ

312 1429 488 1484 φρων,
546 1411 981 1485 κυνασκούμενος
1043 1415 1178 1486 μετά
1237 1417 1588 1488 μοναζὸντων
1645 1411 1957 1499 τριάκοντα,

311 1498 404 1552 καὶ
434 1499 825 1576 ἀναγινώσκων
871 1503 966 1565 τὰς
999 1505 1144 1566 Θείας
1193 1509 1431 1584 Γραφὰς.
1480 1513 1578 1566 Καὶ
1609 1516 1732 1590 περὶ
1780 1524 1954 1588 κῆπον

312 1595 777 1665 μετεωριζσμενος
828 1593 919 1646 καὶ
978 1594 1292 1670 συντυχίας.
1347 1600 1418 1655 Οὐ
1481 1608 1691 1678 μικρῶς
1752 1604 1809 1662 δέ
1865 1611 1950 1666 καὶ

307 1677 458 1748 ἡμᾶς
488 1676 744 1740 πλείονας
776 1679 932 1744 ὄντας
973 1681 1238 1755 ἐτίμησαν
1269 1676 1601 1754 ἀπελθόντας
1641 1693 1692 1747 ἐν
1740 1696 1950 1772 Ῥώμῃ,

3574 343 3728 408 1234

2651 483 2892 534 ΚΕΦΑΛ
2919 522 2930 536 .
2975 481 3114 537 ΡΚΘ¹
3141 523 3154 537 .

2700 560 2828 634 Περί
2870 560 3068 621 Ούσίας
3094 605 3108 618 .

2154 649 2238 699 Ἐν
2285 649 2364 717 τῷ
2415 647 2767 722 μοναστηρίῳ
2823 652 2919 703 τοῦ
2979 653 3188 725 Ἡσυχᾶ
3245 652 3390 729 παρὰ
3449 654 3717 708 θάλασσαν

2079 725 2246 804 ἔγνων
2313 733 2508 790 Οὐσίαν
2579 735 2826 809 ὀνόματι,
2893 739 2958 791 τὰ
3027 737 3130 793 ὅλα
3194 739 3282 795 καὶ
3371 745 3710 815 σεμνοτάτην

2079 827 2308 896 γυναῖκα
2336 867 2348 883 .

2654 902 2888 954 ΚΕΦΑΛ
2914 937 2926 952 .
2987 901 3084 952 ΡΛ⁷
3114 941 3127 955 .

2663 979 2790 1051 Περὶ
2833 976 3087 1042 Ἀδολίας
3112 1023 3124 1036 .

2148 1063 2246 1118 Καὶ
2301 1066 2400 1134 τήν
2459 1067 2663 1138 ταύτης
2720 1065 2962 1146 ἀδελφὴν
3021 1066 3300 1139 Ἀδολίαν,
3360 1072 3450 1125 καὶ
3507 1073 3705 1144 ταύτην

2077 1147 2402 1225 βεϐιωκυῖαν
2431 1154 2480 1210 ἐν
2517 1157 2700 1230 αρετῇ,
2735 1157 2834 1211 οὐκ
2862 1157 3022 1226 ἀξίως
3065 1159 3158 1230 μὲν
3207 1161 3433 1228 ταύτης,
3483 1161 3712 1233 ἐπαξίως

2074 1237 2130 1295 δὲ
2158 1248 2258 1310 τῆς
2288 1241 2567 1318 δυνάμεως
2600 1247 2793 1316 ἑαυτῆς
2827 1249 3064 1317 ζήσασαν
3099 1248 3254 1321 ζήλῳ
3287 1251 3420 1305 Θεοῦ
3451 1295 3462 1308 .

2643 1341 2874 1392 ΚΕΦΔΛ
2903 1382 2915 1396 .
2959 1339 3110 1394 ΡΛΑ¹
3137 1380 3149 1394 .

2603 1418 2733 1492 Περὶ
2777 1418 3139 1483 Βασιανίλλας
3172 1466 3182 1478 .

2139 1507 2342 1582 Ἔγνων
2391 1507 2497 1586 ἐγὼ
2545 1513 2633 1565 καί
2675 1511 3054 1584 Βασιανίλλαν,
3099 1515 3197 1581 τήν
3253 1513 3550 1572 Κανδιανοῢ
3609 1525 3705 1573 τοῦ

2066 1595 2462 1669 στρατηλάτου,
2531 1601 2830 1674 προθύμως
2892 1602 2981 1657 καὶ
3042 1601 3289 1667 εὐλαϐῶς
3347 1608 3445 1675 την
3505 1608 3704 1682 ἀρετὴν

2065 1683 2446 1759 ἐξασκήσασαν,
2474 1689 2562 1742 καὶ
2593 1687 2863 1764 ἐχομένην
2906 1691 3066 1746 εἰσέτι
3115 1696 3204 1747 καὶ
3253 1699 3344 1752 νῦν
3383 1699 3492 1750 τῶν
3544 1699 3702 1773 ἀγώ-

307 1761 398 1820 διά
447 1767 538 1821 τὸν
585 1769 849 1844 μακάριον
903 1773 1150 1844 Ἰωάννην
1197 1776 1288 1830 τὸν
1339 1776 1655 1852 ἐπίσκοπον,
1706 1785 1798 1840 καὶ
1857 1789 1954 1842 ἀν-

303 1853 536 1910 έπαυσαν
565 1858 716 1930 ἡμᾶς
763 1859 852 1914 καὶ
901 1860 1249 1938 ξενοδοχείῳ,
1292 1865 1378 1920 καὶ
1432 1867 1672 1944 ἐφοδίοις
1723 1871 1948 1950 δαψιλε-
1981 1853 2028 1920 Β

301 1943 542 2018 στάτοις,
577 1949 714 2020 μετά
759 1949 978 2020 πολλῆς
1021 1958 1197 2027 χαρᾶς
1243 1957 1613 2031 καρπούμενοι
1662 1964 1758 2032 τήν
1807 1967 1946 2020 αἰώ-

297 2053 412 2088 νιον
448 2036 594 2106 ζωὴν
627 2042 739 2100 τοῖς
789 2036 1157 2114 θεοδωρήτοις
1188 2038 1371 2119 ἔργοις
1419 2054 1520 2118 τῆς
1569 2051 1794 2125 ἀρίστης
1843 2077 1944 2111 πο-

298 2119 527 2186 λιτείας.

885 2205 1142 2258 ΚΕΦΑΛ.
1187 2205 1350 2262 ΡΚΒ’.

831 2281 960 2355 Περὶ
1021 2287 1360 2360 Παμμαχίου
1385 2331 1397 2342 .

365 2363 578 2419 Τούτων
641 2368 896 2442 συγγενὴς
952 2367 1181 2442 ὀνόματι
1242 2379 1584 2457 Παμμάχιος
1642 2383 1747 2437 ἀπὸ
1823 2384 1942 2440 ἀνθ-ν

291 2453 508 2507 υπάτων
543 2454 749 2527 ὁμοίως
784 2457 1186 2530 ἀποταξάμενος
1215 2460 1373 2533 ἔζησε
1406 2465 1500 2520 τὸν
1535 2463 1754 2540 ἄριστον
1793 2475 1933 2548 βίον,

289 2540 460 2595 πάντα
488 2543 580 2596 τὸν
623 2545 862 2600 πλοῦτον
894 2547 1078 2618 αὐτοῦ,
1110 2551 1202 2604 τὸν
1239 2553 1334 2626 μὲν
1384 2559 1488 2624 ζῶν
1524 2555 1933 2637 διασκορπίσας,

286 2629 379 2682 τὸν
415 2627 472 2685 δὲ
519 2631 788 2690 τελευτῶν
819 2641 935 2698 τοῖς
985 2645 1240 2714 πτωχοῖς
1270 2643 1630 2722 καταλείψας,
1659 2653 1796 2726 πρὸς
1842 2655 1934 2710 τὸν

295 2718 494 2793 Κύριον
520 2721 896 2798 ἀπεδήμησεν.

885 2819 1137 2874 ΚΕΦΑΛ.
1177 2821 1335 2878 ΡΚΓ’.

847 2895 978 2970 Περὶ
1035 2899 1320 2972 Μακαρίου
1350 2943 1366 2961 .

357 2980 594 3054 Ὁμοίως
626 2984 712 3038 καὶ
745 2985 1025 3060 Μακάριός
1049 3008 1132 3052 τις
1162 2991 1389 3064 ὀνόματι
1420 2997 1526 3052 ἀπὸ
1559 3001 1834 3075 Βικαρίας.

875 3079 1128 3134 ΚΕΦΑΛ.
1165 3085 1324 3139 ΡΚΔ’.

804 3163 931 3238 Περὶ
963 3168 1392 3228 Κωνσταντίνου.

350 3247 450 3302 Καὶ
510 3255 932 3324 Κωνσταντῖνος,
1005 3255 1369 3334 συγκάθεδρος
1443 3264 1735 3338 γενόμενος
1812 3274 1920 3326 τῶν

276 3337 410 3390 κατὰ
443 3336 677 3394 Ἰταλίαν
713 3341 992 3418 ἐπάρχων,
1026 3343 1216 3421 ἄνδρες
1262 3347 1525 3425 ἐπίσημοι
1558 3336 1646 3410 καὶ
1699 3357 1916 3433 ἐλλογι-

276 3425 539 3496 μώτατοι,
591 3428 679 3482 καὶ
741 3431 818 3493 εἰς
873 3429 1036 3508 ἀκρον
1091 3435 1373 3512 φιλοθείας
1431 3439 1718 3511 ἐλάσαντες
1751 3469 1762 3481 ·
1823 3448 1916 3511 οὓς

273 3511 348 3567 ἔτι
399 3517 612 3588 νομίζω
656 3521 745 3575 καὶ
793 3526 884 3577 νῦν
930 3523 982 3578 ἐν
1033 3527 1188 3601 σαρκὶ
1243 3527 1528 3608 ὑπάρχειν,
1560 3537 1650 3592 τὸν
1700 3537 1918 3614 ἄριστον

271 3609 372 3672 τῆς
429 3605 708 3672 πολιτείας
770 3613 966 3686 θεσμὸν
1039 3615 1414 3690 ἐξασκοῦντας,
1473 3625 1571 3694 τὴν
1648 3633 1912 3708 μακαρίαν

273 3691 360 3745 καὶ
393 3693 663 3770 ἀκήρατον
694 3702 843 3770 ζωὴν
875 3701 1258 3777 ἀναμένοντας.

863 3797 1120 3848 ΚΕΦΑΛ.
1160 3797 1320 3854 PKE'.

885 3873 1016 3944 Περὶ
1051 3874 1292 3946 Παύλης.

337 3953 426 4006 Ἐν
457 3955 542 4014 αἷς
573 3954 662 4009 καὶ
715 3955 906 4032 Παύλῃ
939 3963 1007 4034 τῇ
1055 3963 1302 4036 Ῥωμαίᾳ
1327 3971 1394 4041 τῇ
1444 3973 1613 4044 μητρῖ
1655 3977 1910 4048 Τοξοτίου

267 4042 503 4118 γυναικὶ,
551 4043 626 4106 εἷς
673 4045 770 4113 τὴν
803 4051 1172 4121 πνευματικήν
1224 4053 1510 4114 πολιτείαν
1563 4059 1903 4143 ἂστειοτάτῃ.

265 4131 360 4192 Ἧς
391 4129 654 4204 ἐμπόδιον
684 4135 900 4210 γέγονεν
931 4137 1258 4212 Ἱερώνυμός
1303 4166 1387 4208 τις
1417 4147 1523 4203 ἀπὸ
1569 4129 1902 4226 Δαλματίας.

267 4218 575 4292 Δυναμένην
617 4223 724 4298 γὰρ
775 4224 943 4295 αὐτὴν
1004 4227 1337 4302 ὑπερπτῆναι
1395 4235 1647 4304 πολλῶν⁹
1679 4241 1773 4297 ’ίνα
1824 4250 1900 4318 μή

264 4305 396 4362 εἷ’πω
429 4314 633 4380 πασῶν,
671 4313 1004 4390 εὐφυεστάτη
1059 4315 1209 4388 οὖσα,
1258 4324 1336 4386 εἲς
1381 4327 1480 4393 τήν
1529 4327 1775 4403 ἐνάρετον
1804 4355 1900 4389 πο-

269 4393 492 4468 λιτείαν,
523 4401 968 4474 προσενεπόδισεν
1017 4411 1087 4482 τῇ
1119 4408 1310 4465 ἑαυτοῦ
1361 4415 1624 4490 βασκανίᾳ
1667 4421 1896 4487 ἐκλύσας

263 4486 426 4557 αὐτὴν
460 4491 596 4564 πρὸς
626 4492 716 4546 τὸν
751 4489 887 4548 ἴδιον
922 4497 1090 4552 αὐτοῦ
1121 4502 1344 4557 σκοπόν.

837 4583 1090 4641 ΚΕΦΑΛ.
1129 4589 1307 4663 ριίςη.

825 4665 956 4737 Περὶ
999 4665 1323 4742 Εὐστοχίας.

326 4747 422 4850 ῖΗς
471 4747 926 4850 θυγάτηρέστίν,
977 4755 1080 4850 καὶ.
1119 4761 1209 4812 νῦν
1271 4760 1532 4836 ἀσκεῖται,
1586 4767 1890 4850 Εύστόχιον

261 4833 478 4905 ὀνόματι
510 4833 562 4937 ἐν
607 4835 879 4937 Βηθλεέμ.
1061 4842 1171 4920 ἐγὼ
1212 4847 1266 4902 ἐν
1315 4833 1578 4927 συντυχίᾳ
1628 4857 1726 4912 οὐκ
1768 4833 1892 4937 ἐγε-

254 4924 437 5018 γόνειν.
473 4925 696 5000 Λέγεται
731 4925 788 4982 δὲ
818 4927 1026 5009 σφόδρα
1056 4935 1194 4990 εῖναι
1244 4924 1690 5018 σωφρονεστάτη,
1726 4924 1890 5004 συνο-

256 5007 359 5067 δίαν
388 5009 597 5093 ἔχουσα
629 5007 964 5087 πεντήκοντα
993 5023 1292 5096 παρθένων.

829 5111 1088 5170 ΚΕΦΑΛ.
1131 5117 1286 5172 ΡΚΖ’.

841 5189 976 5264 Ηερὶ
1005 5195 1278 5268 Βενερίας.

313 5270 516 5345 Ἔγνων
561 5269 618 5327 δὲ
665 5273 754 5328 καί
799 5277 1040 5351 Βενερίαν
1095 5283 1194 5351 τήν
1249 5284 1595 5344 Καλλοδίκου
1642 5299 1740 5348 τοῦ
1793 5297 1882 5352 κό-

249 5371 410 5450 μητος
441 5351 626 5450 κμλῶς
651 5352 1110 5450 διασκορπίῖσασαν
1133 5363 1200 5450 τύ
1224 5372 1324 5436 τῆς
1347 5369 1607 5441 καμήλου
1641 5377 1880 5450 φορτίον,

246 5431 324 5486 καὶ
353 5431 762 5510 ἀπαλλαγεῖσαν
793 5442 900 5492 τῶν
932 5437 990 5495 ἐκ
1019 5444 1118 5510 τῆς
1149 5431 1290 5514 ὕλης
1316 5431 1663 5523 τραυμάτωνί

817 5533 1074 5586 ΚΕΦΑΛ.
1121 5538 1296 5592 PKH'.

801 5609 933 5683 Περὶ
998 5609 1302 5690 Θεοδώρας.

305 5695 402 5751 Καὶ
433 5693 532 5789 τὴν
595 5695 864 5771 μακαρίαν
924 5698 1206 5780 Θεοδώραν
1252 5707 1352 5777 τὴν
1403 5713 1501 5764 τοῦ
1557 5709 1870 5789 τριϐούνου,

245 5776 330 5846 τὴν
381 5774 469 5832 ἐπὶ
515 5779 780 5876 τοσοῦτον
813 5774 1226 5876 οάκτημοσύνης
1282 5774 1674 5868 ἐλάσασαν,’ὡς
1718 5774 1873 5876 ἐλεηί

355 5856 368 5876 ,
737 5859 758 5876 ς
880 5865 909 5876 ..
1079 5862 1108 5876 ..
1279 5869 1297 5876 -

250 5856 473 5936 μοσύνην
505 5857 710 5937 ταύτην
737 5855 1010 5924 λαϐοῦσαν
1044 5855 1189 5926 οὕτω
1219 5855 1564 5950 τελευτῆσαιί

2061 1795 2167 1830 νων
2201 1774 2451 1850 σφοδρῶς
2473 1821 2488 1838 ,

2623 1857 2854 1906 ΚΕΦΛΛ
2880 1895 2892 1907 .
2937 1855 3081 1908 ΡΛΒ¹
3113 1896 3126 1910 .

2635 1933 2762 2006 Ηερὶ
2799 1937 3078 2002 Φωτεινῆς
3105 1976 3118 1990 .

2127 2016 2226 2071 Καὶ
2295 2021 2572 2088 Φωτεινήν
2630 2021 2894 2095 παρθένον
2965 2022 3300 2096 σεμνοτάτην
3379 2024 3453 2086 εἰς
3512 2027 3696 2101 ἄκρον,

2054 2107 2314 2183 θυγατέρα
2364 2106 2420 2162 δὲ
2469 2107 2789 2164 Θεοκτίστου
2847 2115 2942 2165 τοῦ
2991 2107 3356 2188 πρεσϐυτέρου
3409 2119 3508 2169 τοῦ
3559 2119 3694 2171 κατά

2052 2191 2371 2250 Λαοδίκειαν
2399 2239 2413 2253 .

2625 2275 2856 2325 ΚΕΦΑᾹ
2884 2311 2897 2325 .
2943 2273 3086 2326 ΡΛΓ¹
3107 2313 3118 2325 .

2629 2351 2760 2424 Περὶ
2801 2350 3100 2415 Ἀσέλλας.

2118 2435 2260 2492 ’Ίδον
2323 2437 2378 2494 δὲ
2431 2441 2520 2494 καὶ
2566 2439 2617 2494 ἐν
2675 2441 2858 2515 Ῥώμῃ
2903 2443 3001 2510 τὴν
3051 2441 3226 2513 καλὴν
3287 2443 3544 2500 Ἀσέλλαν
3591 2449 3688 2515 τήν

2045 2525 2305 2602 παρθένον
2359 2533 2598 2602 Χριστοῦ
2646 2528 2832 2592 καλῶς
2879 2537 3238 2606 γεγηρακυῖαν
3287 2532 3338 2587 ἐν
3387 2537 3466 2605 τῷ
3519 2555 3687 2606 μονα-

2045 2615 2272 2693 στηρίῳ,
2309 2616 2514 2698 σφόδρα
2564 2621 2876 2694 πραϋτάτην
2925 2627 3153 2696 γυναῖκα
3202 2624 3288 2678 καὶ
3343 2625 3678 2698 ἀνεχομένην

2041 2703 2320 2770 συνοδίας.
2353 2711 2444 2766 Ἐν
2491 2711 2574 2772 οἷς
2623 2707 2924 2784 ἐθεασάμην
2957 2710 3149 2782 ἄνδρας
3182 2734 3238 2768 τε
3281 2715 3370 2770 καὶ
3423 2723 3676 2790 γυναῖκας

2039 2799 2482 2871 νεοκατηχήτους
2508 2840 2520 2855 .

2591 2877 2830 2926 ΚΕΦΑΛ
2855 2914 2867 2927 .
2912 2873 3072 2929 ῬΛΔ¹
3097 2917 3109 2930 .

2622 2951 2750 3026 Περί
2793 2947 3045 3014 Ἀϐίττας
3067 2996 3080 3010 .

2106 3037 2443 3110 Ἐθεασάμην
2499 3039 2587 3093 καὶ
2646 3041 2743 3108 τήν
2799 3041 3062 3114 μακαρίαν
3122 3037 3370 3098 ’Λϐίτταν
3419 3046 3518 3112 τὴν
3576 3053 3673 3100 τοῦ

2031 3129 2165 3180 Θεοῦ
2205 3125 2376 3196 ἀξίαν,
2437 3127 2529 3182 σὺν
2585 3133 2664 3200 τῷ
2711 3131 2910 3196 ταύτης
2969 3127 3122 3204 ἀνδρὶ
3173 3132 3522 3206 Ἀπρινιανῷ,
3579 3135 3667 3189 καὶ

1951 3220 2000 3286 ί]
2029 3216 2096 3286 τῇ
2130 3213 2339 3270 τούτων
2375 3217 2598 3293 θυγατρὶ
2641 3217 2912 3293 Εύνομίῃ,
2944 3218 2998 3274 ἐν
3039 3223 3196 3274 πᾶσιν
3248 3220 3664 3295 εύαρεστοῦντας

2032 3307 2112 3374 τῷ
2162 3308 2318 3376 Θεῷ’
2350 3306 2426 3370 ὡς
2472 3303 2716 3382 ἄντικρυς
2771 3310 3124 3379 μετατεθῆναι
3169 3308 3372 3383 ῥᾳδίως
3423 3312 3526 3366 ἀπὸ
3574 3318 3668 3367 τοῦ

2027 3390 2307 3464 ἀνειμὲνοῦ
2352 3394 2440 3448 καὶ
2491 3395 2776 3473 τρυφηλοῢ
2825 3397 2952 3470 βίου
3003 3397 3090 3452 ἐπὶ
3138 3401 3236 3468 τήν
3287 3399 3528 3474 ἐνάρετον
3576 3403 3668 3456 καὶ

2027 3477 2257 3554 ἐγκρατῆ
2319 3482 2601 3540 πολιτείαν
2639 3503 2650 3520 ·
2712 3489 3132 3560 καταξιωθέντες
3209 3488 3262 3544 ἐν
3312 3489 3530 3555 τούτοις
3577 3492 3666 3546 καὶ

2025 3575 2126 3639 τῆς
2162 3569 2217 3626 ἐν
2247 3579 2466 3646 Χριστῷ
2512 3579 2864 3650 κοιμήσεως·
2910 3576 3357 3654 ἐλευθερωθέντες
3411 3582 3507 3653 μὲν
3558 3581 3664 3637 πά-

2024 3679 2125 3728 σης
2155 3661 2421 3735 ἁμαρτίας
2451 3663 2712 3727 τελείως·
2765 3665 2914 3727 ἐντὸς
2963 3665 3019 3722 δὲ
3067 3669 3156 3722 καὶ
3203 3671 3454 3743 γνώσεως
3503 3672 3663 3744 γενόυ

2028 3768 2178 3819 μενοι
2211 3749 2262 3806 ἐν
2293 3754 2484 3827 μνήμῃ
2519 3754 2690 3828 ἀγαθῇ
2711 3755 2801 3809 τὸν
2829 3755 2946 3828 βίον
2971 3757 3171 3811 ἑαυτῶν
3201 3758 3616 3834 καταλείψαντες
3645 3805 3658 3818 .

2581 3849 2813 3898 ΚΕΦΔΛ
2840 3887 2853 3900 .
2895 3847 3050 3900 ΡΔΕ¹
3077 3888 3090 3903 .

2639 3924 2772 3999 Περὶ
2811 3924 2994 3998 Μάγνα
3020 3966 3034 3982 .

2093 4009 2179 4064 Ἑν
2212 4007 2378 4083 ταύτῃ
2425 4013 2493 4083 τῇ
2525 4009 2684 4066 πόλει
2733 4014 2974 4088 Ἀγκύρᾳ
3022 4011 3230 4072 πολλαὶ
3278 4015 3372 4089 μέν
3421 4019 3520 4071 εἰσι
3567 4020 3658 4074 καὶ

2017 4095 2183 4152 ἄλλαι
2213 4099 2468 4172 παρθένοι
2502 4100 2576 4161 ὡς
2609 4099 2859 4174 χιλιάδες
2888 4101 2981 4158 δύο
3013 4103 3048 4174 ἢ
3081 4105 3278 4177 πλείω,
3325 4108 3656 4180 ἀσκούμενοι

2012 4188 2113 4254 τήν
2171 4183 2345 4242 ἔνθεον
2405 4188 2688 4245 πολιτείαν
2750 4199 2849 4260 τῆς
2927 4195 3140 4267 ἀρετῆς,
3199 4193 3654 4272 ἐγκρατευόμεναι

2012 4277 2102 4332 καὶ
2149 4277 2336 4352 πολλῇ
2379 4282 2844 4357 ταπεινοφροσύνῃ
2903 4283 3092 4358 τρόπῳ
3135 4287 3315 4356 ἠπίων
3371 4293 3648 4358 συζῶσαι.

2013 4365 2130 4420 Είσί
2198 4365 2254 4420 δὲ
2311 4369 2399 4423 καὶ
2459 4368 2722 4441 ἐπίσημοι
2779 4378 3026 4445 γυναῖκες
3087 4371 3500 4449 διαπρέπουσαι,
3560 4381 3645 4432 καὶ

2006 4458 2096 4511 τὸν
2127 4461 2268 4514 θεῖον
2313 4461 2494 4535 ἀγῶνα
2547 4462 2680 4533 μετᾶ
2732 4461 2952 4534 πολλῆς
3009 4464 3250 4536 σπουδῆς
3297 4468 3606 4538 ἐξανύουσαι
3634 4515 3646 4528 .

2009 4547 2094 4602 Ἐν
2155 4549 2243 4610 αἶς
2301 4549 2581 4624 ἐπικρατεῖ
2637 4555 2750 4606 κατ’
2819 4550 3086 4610 εὕσέϐειαν
3163 4559 3372 4633 Μάγνα,
3453 4581 3650 4632 σεμνοο

2004 4635 2139 4706 τάτη
2175 4639 2309 4712 γυνή
2342 4638 2430 4693 καὶ
2465 4637 2816 4712 δοκιμωτάτη
2848 4685 2860 4698 .
2889 4644 2988 4698 Ἤν
3024 4643 3122 4698 ούκ
3148 4643 3271 4699 οἶδα
3293 4667 3342 4699 τι
3366 4647 3640 4721 ὀνομάσω,

2005 4717 2107 4796 ἄρα
2151 4726 2433 4799 παρθένον,
2475 4726 2508 4795 ἢ
2563 4731 2740 4804 χήραν
2769 4772 2780 4784 .
2843 4729 2944 4801 Βία
2980 4731 3080 4806 γὰρ
3127 4717 3643 4810 συναφθεῖσαάνδρὶ

2001 4811 2146 4885 παρᾶ
2173 4819 2272 4883 τῆς
2309 4817 2543 4890 μητρὸς,
2576 4819 2728 4892 ὅμως
2779 4815 3074 4876 δελεάσασα
3119 4827 3310 4877 τοῦτον
3362 4821 3642 4901 διαφόροις

2003 4901 2344 4976 ὑπερθέσεσιν
2383 4948 2396 4973 ,
2465 4907 2820 4980 σκηπτομένη
2890 4911 3075 4973 νόσους
3142 4915 3478 4986 σωματικὰς,
3544 4921 3641 4970 τοῦ

2001 4991 2206 5063 μύσους
2245 4995 2516 5068 ἄψαυστος
2562 4997 2650 5054 καὶ
2684 4999 2934 5072 ἀμύητος
2980 4997 3210 5076 ἔμεινεν,
3264 5005 3338 5066 ὡς
3388 5027 3546 5082 φασιν
3587 5010 3638 5064 οἱ

1997 5083 2196 5152 ταῦτης
2229 5083 2464 5140 οἰκεῖοιο
2515 5086 2566 5142 ἐν
2602 5089 2690 5152 οἷς
2737 5091 2856 5161 μετ’
2905 5089 3242 5166 ὀλιγώτατον
3297 5094 3495 5169 χρόνον
3542 5117 3638 5150 τε-

1999 5173 2363 5241 μευτήσαντος
2390 5179 2486 5230 τοῦ
2519 5174 2734 5250 ἀνδρὸς,
2768 5179 2984 5234 πάντων
3037 5181 3181 5254 ὁμοῦ
3234 5183 3639 5258 μονοκληρονόα

1999 5277 2103 5331 μσς
2163 5263 2422 5335 γενομένη
2475 5266 2564 5319 καὶ
2625 5264 2714 5320 διὰ
2769 5272 2876 5323 τῶν
2926 5270 3274 5346 προσκαίρων
3321 5273 3386 5325 τὰ
3442 5272 3636 5326 αἰώνια

1993 5346 2368 5422 ἀλλαξαμένη,
2423 5353 2619 5408 λοιπὸν
2678 5353 2814 5426 ὅλην
2873 5359 3067 5426 ἑαυτὴν
3127 5363 3498 5438 προσενήνοχε
3554 5365 3634 5432 τῷ

1991 5442 2128 5510 Θεῷ,
2161 5441 2238 5502 είς
2269 5441 2432 5515 ἄκρον
2483 5445 2810 5522 φροντίσασα
2850 5455 2948 5516 τῆς
3001 5449 3087 5502 ἀεὶ
3143 5449 3411 5521 μενούσης
3463 5455 3628 5520 ζωῆς,

1988 5531 2356 5602 προϊσταμένη
2418 5539 2626 5607 σεμνῶς
2681 5540 2786 5590 τῶν
2850 5535 3000 5592 ἰδίων
3062 5537 3286 5592 οἰκετῶν
3323 5559 3334 5571 ·
3399 5543 3626 5610 ζήσασα,

1984 5617 2428 5690 ἀσκητικώτατον
2467 5623 2581 5700 βίον
2615 5627 2702 5680 καὶ
2737 5625 3088 5703 σωφροσύνης
3129 5628 3368 5700 γέμοντα
3393 5651 3405 5664 ”
3440 5633 3626 5686 τοιαύ-

1982 5728 2080 5779 την
2139 5705 2344 5788 ἕχουσα
2393 5711 2591 5788 ἀκριϐῆ
2646 5715 2960 5794 συντυχίαν,
3013 5716 3120 5786 ὡςὲ
3143 5714 3405 5772 αἰδεῖσθαι
3459 5721 3627 5783 αὐτῆς

1980 5797 2080 5869 τὴν
2111 5800 2368 5876 ἀντοψίαν
2402 5803 2490 5857 καὶ
2520 5801 2646 5866 τοὺς
2680 5803 2731 5859 ἐν
2761 5803 2927 5880 ἐξοχῇ
2962 5803 3312 5880 ἐπισκόπους,
3339 5804 3624 5885 ὑπερϐολῇ

1983 5883 2264 5953 εὐλαϐείας
2289 5931 2306 5949 .
2338 5887 2485 5968 Αὕτη
2518 5893 2621 5965 τὴν
2657 5891 2752 5968 μὲν
2785 5889 3006 5970 πολλὴν
3053 5896 3146 5954 καὶ
3176 5883 3455 5976 περισσὴν*
3483 5895 3626 5970 ὅλην
