4074 6278
247 435 399 496 1237

1620 432 1986 495 HISTORIA
2029 431 2442 495 LAUSIACA.

3609 433 3763 495 1238

241 585 471 641 semper
504 570 719 636 manet,
742 565 866 622 suis
890 564 1124 621 famulis
1154 565 1391 621 honeste
1422 566 1737 638 imperans,
1775 585 1950 642 agens
1982 574 2027 639 Α
2055 570 2346 640 juniorem
2376 585 2386 621 :
2418 569 2533 624 duo
2556 568 2707 624 bona
2730 586 3066 640 procurans,
3102 573 3155 625 et
3179 568 3333 625 illius
3357 568 3604 625 salutem
3633 590 3646 638 ;
3677 570 3759 624 illi

246 660 425 715 vitam
465 656 989 715 laboriosissimam
1041 660 1097 711 et
1151 657 1381 727 plenam
1428 661 1857 729 temperantia:
1892 661 1951 715 in

247 766 560 821 congressu
596 752 711 803 tam
745 763 962 813 severa,
998 749 1061 800 ut
1092 745 1283 815 ipsum
1314 747 1441 814 eius
1465 753 1767 818 aspectum
1802 766 1955 805 reve-

257 844 517 895 rerentur
547 839 721 894 etiam
773 836 1249 891 excellentissimi
1297 836 1553 908 episcopi
1589 844 1822 910 propter
1854 840 1952 894 in-

257 931 476 999 signem
511 930 783 1000 pietatem
830 932 885 981 et
934 925 1291 998 religionem.
1340 931 1529 998 Atque
1562 929 1686 999 ipsa
1720 930 1953 1000 quidem

260 1033 752 1088 supervacaneam
778 1020 832 1071 et
856 1015 1093 1069 nimiam
1120 1032 1296 1086 opum
1330 1016 1629 1071 materiam
1658 1024 1958 1089 pauperta-

252 1108 324 1161 tis
347 1108 476 1179 igne
494 1107 861 1175 consumpsit
888 1121 1041 1175 :quze
1061 1108 1252 1158 autem
1276 1111 1641 1175 supererant,
1662 1124 1727 1162 ea
1740 1108 1955 1162 consti-

253 1202 311 1253 tu
325 1197 364 1251 it
380 1199 449 1252 ad
466 1196 1072 1252 subministrationem
1089 1194 1959 1268 monasteriis,ptochotrophiis,

252 1286 653 1351 xenodochiis,
669 1284 950 1353 ecclesiis,
970 1284 1345 1355 pauperibus,
1367 1286 1831 1352 transeuntibus,
1849 1287 1959 1358 epi-

251 1375 465 1445 scopis,
500 1374 797 1446 orphanis,
840 1373 1051 1439 viduis,
1089 1376 1145 1428 et
1176 1374 1451 1428 omnibus
1482 1374 1787 1444 egentibus
1819 1392 1954 1446 sup-

253 1465 517 1537 peditans
566 1464 867 1532 auxilium,
921 1479 1036 1518 non
1086 1463 1355 1517 cessabat
1414 1463 1678 1519 hilariter
1728 1467 1954 1535 operari

250 1555 523 1624 pietatem
556 1553 821 1620 latenter,
874 1556 930 1607 et
962 1568 1063 1623 per
1116 1567 1197 1619 se,
1242 1556 1298 1606 et
1334 1569 1432 1622 per
1458 1570 1650 1609 servos
1686 1554 1959 1610 fidelissi-

250 1659 396 1711 mos,
450 1644 522 1698 ab
565 1643 811 1700 ecclesia
862 1658 975 1697 non
1010 1641 1284 1697 recedens
1339 1646 1513 1698 noctu
1563 1643 1814 1699 maxime
1852 1660 1865 1699 :
1900 1643 1959 1698 in

248 1732 522 1788 omnibus
542 1732 602 1787 in
626 1732 843 1787 virtute
868 1747 928 1786 se
946 1746 1220 1786 exercens
1242 1734 1475 1802 prOpter
1492 1748 1654 1803 spem
1678 1733 1807 1802 ejus
1831 1749 1957 1803 quas

249 1837 381 1877 vere
414 1828 500 1877 est
534 1822 669 1877 vita.

827 1910 1059 1965 CAPUT
1106 1909 1389 1967 CXXXVI.

252 2000 323 2053 De
365 1999 583 2069 Virgine
621 1998 774 2069 (201)
807 2014 933 2069 quae
980 2000 1195 2069 excepit
1246 1999 1603 2054 Athanasium
1633 2002 1959 2070 episcmmm.

326 2087 465 2142 Novi
511 2104 613 2159 ego
666 2087 1027 2142 Alexandriae
1068 2088 1372 2159 virginem,
1406 2104 1581 2158 quam
1616 2089 1825 2143 etfendi
1863 2106 1968 2144 na-

250 2181 373 2232 tam
422 2178 653 2233 circiter
702 2178 1039 2249 sptuaginta
1080 2194 1283 2235 annos.
1324 2179 1385 2233 Ei
1417 2178 1611 2234 clerus
1657 2179 1966 2236 universus

252 2266 437 2321 dabat
470 2266 867 2337 estimonium,
896 2269 1045 2338 quod
1080 2284 1213 2322 cum
1243 2269 1669 2338 essetjuvenis,
1704 2274 1837 2324 nata
1861 2287 1965 2326 an-

251 2371 362 2411 nos
393 2354 623 2409 circiter
651 2355 881 2424 viginti,
924 2356 1092 2426 longe
1145 2357 1586 2425 formosissima,
1636 2358 1968 2428 fugiebatur

252 2444 325 2498 ab
361 2444 432 2498 iis
464 2444 563 2514 qui
598 2451 755 2499 erant
785 2444 1035 2499 studiosi
1059 2446 1294 2499 virtutis
1318 2449 1553 2515 propter
1578 2446 1966 2515 pulchritudi-

258 2551 416 2598 nem,
454 2550 524 2589 ne
564 2533 824 2588 inureret
855 2534 936 2589 eis
970 2534 1225 2604 aliquam
1280 2534 1473 2589 labem
1506 2552 1572 2589 cx
1605 2537 1959 2608 suspicione.

254 2622 495 2684 Quando
542 2638 679 2693 ergo
742 2623 950 2677 accidit
999 2627 1063 2676 ut
1112 2622 1307 2677 Ariani
1375 2627 1665 2678 struerent
1722 2625 1960 2681 insidias

258 2710 422 2766 beato
447 2710 771 2767 Athanasio
801 2711 1184 2767 Alexandrino
1209 2711 1474 2782 episcopo
1501 2728 1599 2782 per
1630 2715 1964 2785 Eusebium,

261 2800 355 2870 qui
392 2805 515 2855 erat
547 2817 611 2856 eo
662 2805 919 2872 tempore
963 2802 1310 2872 praepositus
1343 2804 1449 2857 sub
1493 2805 1825 2859 Constantio
1858 2806 1967 2860 im-

255 2891 542 2957 peratore,
596 2889 945 2945 nefariorum
997 2890 1309 2945 criminum
1359 2906 1491 2946 eum
1539 2896 1881 2947 accusantes
1913 2897 1971 2947 et

256 2977 706 3047 calumniantes,
730 2980 914 3034 vitans
939 2980 1181 3048 iudicari
1214 2981 1785 3051 acorruptojudicio,
1812 2983 1966 3052 apud

265 3068 556 3121 neminem
582 3084 761 3121 ansus
785 3072 873 3122 est
908 3067 1265 3134 delitescere,
1309 3085 1423 3123 non
1449 3070 1599 3137 apud
1632 3075 1965 3140 cognatum,

262 3173 377 3212 non
402 3156 683 3223 amicum,
708 3173 820 3211 non
843 3156 1143 3222 clericum,
1170 3174 1283 3212 non
1308 3159 1455 3227 apud
1492 3158 1748 3230 aliquem
1781 3160 1963 3215 alium

260 3247 639 3314 familiarem;
675 3248 773 3303 sed
808 3251 1040 3317 repente
1072 3248 1465 3318 episcopatum
1501 3249 1782 3320 ingressis
1818 3267 1961 3322 prae-

258 3335 390 3390 fecti
410 3337 721 3403 ministris,
736 3314 935 3392 etcum
953 3314 1369 3407 quaerentibus,
1386 3314 1617 3410 accepto
1633 3355 1735 3394 suo
1758 3314 1965 3395 sticha-
1997 3314 2039 3379 Ο

262 3425 347 3479 rio
369 3441 469 3480 seu
505 3425 720 3491 tunica,
753 3433 804 3480 et
838 3426 994 3480 birro
1016 3426 1183 3495 (202),
1217 3428 1403 3483 media
1427 3433 1595 3484 nocte
1618 3430 1872 3495 confugit
1896 3430 1966 3483 ad

257 3514 406 3569 hanc
440 3514 743 3585 virginem.
780 3514 885 3569 Illa
936 3520 1123 3569 autem
1160 3517 1268 3571 fuit
1301 3516 1380 3571 rei
1416 3517 1670 3572 novitate
1696 3518 1970 3590 obstupe-

262 3604 415 3658 facta
473 3608 529 3657 et
577 3603 785 3658 timore
834 3609 1113 3674 correpta.
1159 3604 1306 3659 Dicit
1358 3621 1491 3677 ergo
1524 3606 1573 3660 ei
1623 3607 1967 3678 episcopus:

264 3695 745 3766 Quandoquidem
774 3713 999 3765 quaeror
1029 3696 1099 3751 ab
1126 3697 1376 3765 Arianis,
1403 3697 1751 3753 nefariorum
1777 3698 1971 3753 crimi-

266 3798 407 3836 num
438 3785 507 3837 ab
532 3784 615 3837 eis
639 3793 969 3852 accusatus,
992 3800 1061 3839 ne
1075 3793 1273 3853 ergoet
1296 3801 1400 3855 ego
1424 3784 1650 3839 veniam
1676 3785 1733 3839 in
1756 3787 1969 3841 malam

266 3872 783 3940 existimationem,
806 3882 858 3926 et
891 3874 945 3925 in
974 3877 1269 3940 peccatum
1295 3874 1600 3942 conjiciam
1626 3890 1725 3929 eos
1758 3877 1855 3945 qui
1883 3892 1972 3930 me

261 3958 467 4012 volunt
498 3959 727 4011 afficere
770 3958 1078 4028 supplicio,
1111 3976 1178 4012 ea
1220 3961 1286 4013 de
1318 3976 1495 4013 causa
1527 3960 1723 4029 fugere
1755 3962 1973 4016 consti-

261 4048 381 4114 tui;
440 4048 582 4102 mihi
640 4062 776 4117 ergo
835 4048 982 4101 Deus
1034 4048 1301 4102 revelavit
1329 4048 1437 4103 hac
1493 4053 1659 4104 nocte
1692 4067 1783 4105 me
1817 4054 1968 4121 apud

264 4135 493 4192 nultum
544 4136 720 4190 alium
763 4151 930 4205 posse
985 4152 1114 4191 esse
1162 4138 1389 4191 salvum
1443 4138 1531 4193 nis
1566 4140 1716 4210 apud
1753 4147 1824 4194 te.
1872 4140 1973 4197 Illa

261 4242 397 4297 ergo
451 4242 564 4295 prae
616 4241 823 4295 magno
876 4226 1083 4294 gaudio
1137 4228 1296 4281 omni
1357 4227 1535 4295 ejecta
1589 4228 1967 4295 dubitatione,

264 4330 398 4369 cum
436 4319 549 4369 tota
582 4320 733 4369 esset
770 4315 1023 4381 Domini,
1058 4320 1324 4386 prompto
1358 4320 1415 4370 et
1445 4316 1620 4371 alacri
1654 4317 1849 4373 animo
1881 4334 1971 4373 oc-

265 4404 508 4460 cultavit
535 4406 970 4461 sanctissimum
1004 4406 1336 4477 episcopum
1372 4424 1469 4461 sex
1501 4425 1687 4463 annos
1710 4409 1969 4478 quandiu

261 4495 404 4551 vixit
436 4496 749 4567 imperator
789 4496 1196 4550 Constantius:
1233 4496 1356 4566 ipsa
1397 4500 1450 4551 et
1506 4499 1633 4566 ejus
1684 4500 1855 4567 pedes
1887 4504 1972 4553 la~

264 4600 427 4651 vane,
462 4589 515 4639 et
550 4590 918 4641 excrementa
950 4600 1302 4655 expurgans,
1336 4594 1386 4640 et
1414 4585 1469 4640 in
1494 4586 1626 4640 aliis
1650 4604 1776 4658 quas
1809 4593 1971 4643 erant

1997 1943 2044 2006 B

2064 660 2218 715 enim
2252 658 2461 730 profui,
2496 663 2551 714 et
2582 676 2723 713 meae
2747 659 3159 715 existimationi
3194 665 3248 715 et
3280 659 3602 716 securitati.

2614 768 2844 823 CAPUT
2884 769 3206 827 CXXXVII.

2624 869 2741 924 Vita
2776 868 2807 921 Α
2820 886 2975 923 mmae
3009 870 3095 924 Tal
3103 870 3210 923 ida.

2139 980 2202 1032 ln
2254 976 2487 1033 civitate
2524 976 2757 1031 Antinoi
2819 980 2957 1030 sunt
3012 976 3359 1031 feminarum
3405 980 3763 1033 monasteria

2067 1068 2408 1135 duodecim;
2441 1067 2499 1120 in
2533 1065 2746 1137 quibus
2776 1066 3209 1121 convenietiam
3235 1068 3501 1121 Ammam
3533 1069 3760 1134 Talida,

2068 1174 2187 1229 quae
2220 1157 2510 1227 octoginta
2538 1174 2722 1211 annos
2765 1157 2951 1211 fuerat
2985 1157 3043 1210 in
3074 1156 3503 1221 exercitatione,
3542 1161 3604 1210 ut
3635 1174 3764 1210 nar-

2070 1248 2228 1301 rabat
2252 1246 2378 1317 ipsa
2399 1250 2454 1300 et
2476 1246 2599 1315 ejus
2622 1245 2842 1299 vicina).
2872 1249 2994 1299 Una
3009 1260 3137 1299 cum
3160 1262 3228 1299 ea
3243 1245 3582 1299 habitabant
3608 1262 3769 1300 sexa-

2070 1337 2223 1406 ginta
2254 1336 2714 1390 adolescentulaa.
2751 1336 2887 1389 Eam
2920 1339 3110 1389 autem
3144 1333 3284 1389 adeo
3326 1333 3665 1404 diligebant,
3704 1340 3769 1388 ut

2072 1444 2142 1483 ne
2172 1431 2321 1483 esset
2352 1426 2587 1498 quidem
2636 1426 2812 1481 clavis
2857 1424 2997 1479 aulae
3031 1426 3393 1490 monasterii,
3428 1430 3491 1479 ut
3519 1427 3576 1479 in
3612 1425 3766 1489 aliis,

2072 1519 2171 1573 sed
2206 1517 2340 1587 ipsa:
2368 1518 2438 1571 ab
2470 1518 2598 1586 ejus
2630 1532 2823 1572 umore
2855 1531 3059 1570 omnes
3102 1515 3519 1570 detinerentur.
3551 1515 3628 1569 Eo
3662 1532 3768 1569 au-

2071 1613 2187 1664 tem
2221 1606 2671 1681 impatibilitatis
2694 1606 2974 1679 processit
2997 1623 3165 1671 anus,
3196 1609 3258 1661 ut
3279 1621 3408 1661 cum
3438 1622 3541 1677 ego
3579 1621 3770 1661 essem

2072 1698 2372 1769 ingressus
2411 1700 2468 1752 et
2496 1697 2911 1763 consedissem,
2946 1696 3073 1766 ipsa
3106 1711 3337 1766 quoque
3367 1695 3634 1766 ingressa
3666 1695 3764 1759 sit,

2072 1792 2129 1844 et
2159 1804 2275 1842 una
2314 1802 2542 1842 mecum
2576 1786 2807 1851 sederit,
2840 1794 2892 1841 et
2923 1801 3132 1856 magna
3169 1784 3433 1840 libertate
3461 1802 3525 1842 ac
3559 1785 3769 1840 ﬁducia

2076 1877 2135 1933 in
2157 1877 2383 1932 Christo
2414 1876 2559 1932 meis
2590 1875 2850 1931 humeris
2883 1890 3121 1929 manum
3160 1874 3517 1945 imposuerit.

2609 1983 2843 2039 CAPUT
2884 1982 3241 2037 CXXXVIII.

2650 2084 2765 2140 Vita
2796 2086 3005 2139 Amma’
3048 2086 3205 2137 Taor.

2150 2194 2213 2247 In
2244 2192 2350 2246 hoc
2384 2192 2737 2247 monasterio
2777 2195 2901 2247 erat
2931 2193 3085 2258 virgo
3118 2191 3293 2260 hujus
3325 2190 3630 2261 discipula,
3679 2206 3777 2244 no-

2078 2284 2233 2338 mine
2264 2284 2432 2351 Taor,
2467 2300 2593 2355 quae
2656 2284 2892 2353 triginta
2930 2300 3114 2338 annos
3149 2290 3374 2337 versata
3406 2285 3529 2336 erat
3558 2281 3616 2334 in
3652 2297 3774 2335 mo-

2078 2374 2351 2441 nasterio,
2388 2377 2447 2428 ut
2490 2374 2802 2427 narrabant
2846 2373 2943 2443 qui
2980 2377 3277 2429 noverant.
3313 2373 3392 2426 Ea
3422 2376 3637 2426 vestem
3672 2386 3776 2424 no-

2076 2480 2207 2518 vam
2258 2468 2357 2517 aut
2398 2467 2709 2517 mavortem
2773 2467 2874 2517 aut
2933 2462 3191 2519 calceum
3241 2460 3425 2516 noluit
3494 2460 3776 2529 accipere,

2081 2553 2275 2608 dicens
2312 2571 2322 2606 :
2357 2558 2479 2607 Non
2514 2561 2595 2607 est
2629 2554 2768 2607 mihi
2795 2569 2962 2622 opus,
2986 2569 3054 2607 nc
3083 2553 3256 2606 etiam
3295 2567 3462 2621 cogar
3488 2550 3777 2620 progredi.

2080 2643 2215 2697 Aliae
2247 2643 2400 2698 enim
2436 2660 2637 2697 omnes
2670 2643 2760 2697 die
2785 2642 3083 2697 Dominico
3116 2642 3565 2713 progrediuntur
3596 2640 3653 2693 in
3687 2654 3778 2694 ec-

2077 2732 2312 2787 clesiam
2347 2731 2532 2803 gratia
2563 2731 3019 2786 communionis:
3049 2730 3145 2785 illa
3169 2734 3364 2785 autem
3399 2730 3457 2782 in
3497 2732 3784 2783 monaste—

2078 2823 2161 2877 rio
2197 2822 2687 2891 manebatpannis
2711 2822 2917 2889 obsita,
2943 2821 3098 2892 operi
3130 2820 3364 2875 assidue
3389 2819 3671 2874 assidens.
3702 2818 3783 2873 Ea

2079 2922 2269 2967 autem
2304 2913 2411 2965 fuit
2450 2916 2569 2966 tam
2619 2910 2866 2981 eleganti
2901 2915 3156 2982 aspectu,
3194 2915 3256 2964 ut
3306 2925 3505 2979 parum
3552 2908 3781 2961 abesset

2079 3000 2218 3071 quin
2253 3000 2425 3053 etiam
2457 3001 2623 3053 valde
2664 3003 3001 3053 constantes
3044 2998 3449 3067 deciperentur
3490 2996 3617 3064 ejus
3652 2994 3782 3064 pul-

2079 3088 2430 3157 chritudine,
2464 3088 2574 3142 nisi
2609 3088 2837 3157 insigne
2872 3086 3211 3157 praesidium
3237 3084 3531 3139 habuisset
3566 3088 3783 3153 tempe-

2077 3177 2350 3246 rantiam,
2382 3194 2507 3248 qua;
2540 3178 2608 3231 ad
2644 3184 2863 3231 metum
2913 3180 2971 3231 et
3001 3174 3417 3231 verecundiam
3461 3171 3783 3227 deducebat

2076 3268 2379 3322 honestate
2412 3266 2738 3337 impudicos
2769 3264 2984 3321 oculos.

2637 3374 2867 3431 CAPUT
2916 3373 3221 3428 CXXXIX.

2463 3485 2536 3538 De
2566 3484 2784 3553 virgine
2814 3499 2934 3555 qum
2965 3486 3395 3539 renuntiaverat.

2156 3593 2287 3647 Erat
2318 3593 2581 3663 quaedam
2633 3592 2745 3647 alia
2789 3593 2949 3664 virgo
3005 3592 3285 3664 religiosae
3338 3591 3461 3645 vita:
3510 3589 3781 3661 operibus

2082 3681 2640 3749 viriliterinsistens,
2676 3682 2814 3738 mihi
2848 3683 3055 3749 vicina,
3089 3683 3259 3752 cujus
3290 3681 3516 3736 vultum
3540 3680 3772 3750 quidem

2082 3790 2195 3829 non
2229 3773 2384 3828 vidi:
2421 3791 2723 3844 nunquam
2757 3775 2935 3838 enim,
2972 3778 3035 3827 ut
3056 3774 3236 3839 aiunt,
3267 3777 3354 3826 est
3378 3788 3675 3841 progressa
3707 3787 3772 3824 ex

2082 3878 2193 3932 quo
2226 3863 2598 3917 renuntiavit.
2632 3863 2774 3916 Cum
2806 3866 2998 3915 autem
3027 3862 3326 3929 implesset
3356 3861 3653 3929 sexaginta
3683 3875 3780 3914 an-

2085 3968 2189 4006 nos
2238 3951 2299 4005 in
2348 3951 2753 4005 exercitatione
2802 3967 2934 4004 cum
2987 3953 3171 4005 matre
3222 3966 3328 4003 sua
3362 3948 3617 4019 propria,
3655 3952 3781 4001 erat

2083 4046 2284 4113 postea
2331 4041 2447 4096 vita
2488 4058 2815 4097 excessura.
2869 4041 2930 4095 Ei
2962 4044 3155 4095 autem
3188 4042 3244 4094 in
3280 4038 3499 4093 visione
3555 4037 3784 4091 adstitit

2082 4131 2383 4187 Collutbus
2414 4132 2561 4202 (203)
2601 4130 2877 4185 vocabulo
2912 4138 3147 4197 martyr,
3182 4129 3279 4200 qui
3313 4129 3370 4183 in
3405 4128 3518 4182 illis
3551 4126 3780 4182 coleba-

2082 4226 2179 4276 tur
2210 4222 2371 4287 locis,
2408 4222 2513 4277 hoc
2544 4222 2595 4276 ei
2625 4223 2857 4277 dicens:
2885 4222 3061 4276 IIodie
3083 4238 3141 4275 es
3171 4222 3319 4274 itura
3347 4221 3415 4273 ad
3442 4218 3778 4284 Dominum,

2082 4316 2138 4365 et
2168 4312 2357 4365 visura
2388 4321 2616 4366 sanctos
2663 4328 2898 4379 omnes;
2951 4310 3070 4365 veni
3107 4328 3241 4382 ergo
3274 4314 3329 4364 et
3361 4309 3574 4380 prande
3610 4308 3777 4363 nobis

2083 4418 2201 4455 cum
2233 4403 2289 4455 in
2338 4402 2637 4471 martyrio.
2669 4404 2975 4472 Cum:ergn
3026 4399 3585 4455 manc'surrexisset
3636 4408 3687 4452 et
3720 4414 3781 4453 se

2082 4490 2386 4557 induisset,
2420 4497 2474 4545 et
2507 4492 2564 4545 in
2598 4496 2795 4561 sporta
2828 4507 3028 4562 panetn
3065 4492 3379 4562 accepisset
3411 4499 3461 4545 et
3493 4490 3693 4557 olivas,
3727 4492 3783 4542 et

2088 4582 2309 4636 minuta
2356 4581 2533 4649 olera,
2596 4588 2726 4652 post
2772 4586 2855 4636 tot
2907 4599 3089 4636 annos
3130 4587 3217 4637 est
3259 4598 3528 4653 egressa;
3563 4585 3617 4635 et
3656 4594 3782 4633 cum

267 4673 315 4726 ei
352 4674 488 4727 usui
528 4674 872 4740 inserviens,
909 4674 1203 4745 librosque
1233 4676 1281 4728 ei
1315 4676 1694 4731 commodans
1726 4680 1780 4730 et
1825 4694 1974 4748 prae-
2008 4671 2051 4733 D
2086 4672 2338 4724 νϐηίεεθί
2380 4670 2436 4723 in
2489 4671 2855 4741 martyrium,
2890 4672 3099 4737 OPM/it;
3132 4675 3187 4725 et
3226 4688 3358 4725 cum
3400 4674 3520 4723 δοῐο
3553 4669 3645 4723 die
3676 4668 3781 4721 οὶ)-

268 4761 435 4815 bene.
471 4764 669 4832 Neque
718 4761 871 4817 ullus
921 4778 1020 4816 sex
1050 4764 1220 4817 annis
1255 4763 1413 4817 novit
1456 4762 1810 4819 Alexandria
1844 4767 1973 4821 ubi-

272 4865 406 4904 nam
440 4854 632 4920 ageret
663 4850 867 4905 beatus
902 4850 1248 4905 Athanasius
1289 4852 1616 4923 episCOpus.
1660 4854 1978 4924 Postquam

271 4953 403 5005 ergo
438 4938 549 4992 fuit
578 4938 923 4994 annuntiata
957 4956 1112 4995 mors
1144 4940 1523 5010 imperatoris
1546 4944 1891 5010 Constantii,
1926 4950 1983 5001 et

270 5026 523 5097 pervenit
554 5027 623 5080 ad
656 5028 784 5096 ejus
834 5044 1026 5093 aures,
1065 5029 1305 5083 honesto
1346 5034 1401 5085 et
1434 5030 1746 5086 venerabili
1779 5031 1980 5087 habitu

265 5117 523 5182 indutus,
560 5132 766 5171 rursus
788 5121 961 5172 noctu
989 5117 1097 5171 fuit
1122 5118 1390 5173 inventus
1422 5118 1480 5173 in
1504 5120 1767 5175 ecclesia.
1798 5122 1979 5186 Quem

264 5203 523 5260 videntes
572 5220 773 5259 omnes
823 5221 1033 5277 magna
1065 5209 1205 5260 sunt
1252 5206 1440 5261 affecti
1474 5208 1880 5276 admiratione,
1915 5214 1979 5266 ut

264 5295 365 5365 qui
399 5297 589 5365 ipsum
613 5294 806 5348 vivum
833 5294 1192 5365 accepissent
1214 5312 1278 5350 ex
1320 5296 1782 5366 mortuis,simut
1804 5298 1979 5355 etiam

269 5387 400 5456 post
431 5382 615 5438 lantes
647 5384 774 5453 ejus
798 5384 971 5439 amici
998 5384 1066 5439 de
1088 5383 1329 5439 latebris
1353 5402 1478 5455 qua;
1502 5386 1572 5439 ab
1592 5403 1790 5441 eorum
1816 5388 1982 5458 igno-

266 5472 487 5527 ratione
540 5472 786 5527 inveniri
844 5489 957 5527 non
1008 5478 1337 5543 potuerant.
1417 5474 1742 5543 Respondit
1789 5476 1983 5546 itaque

266 5563 472 5617 beatus
494 5561 853 5616 Athanasius
875 5563 1172 5633 germanis
1196 5563 1319 5618 suis
1346 5562 1550 5617 amicis
1575 5580 1588 5619 :
1614 5564 1695 5618 Ea
1718 5566 1787 5619 de
1810 5582 1985 5620 causa

267 5652 337 5705 ad
367 5667 470 5705 vos
505 5667 618 5705 non
651 5651 912 5719 confugi,
949 5655 1012 5705 ut
1043 5667 1172 5706 vere
1195 5652 1397 5722 jurare
1437 5653 1717 5723 possetis;
1753 5658 1807 5709 et
1840 5653 1984 5710 alio-

267 5744 365 5811 qui
398 5742 573 5798 etiam
607 5745 848 5813 propter
888 5741 1422 5813 investigationem,
1448 5743 1517 5798 ad
1554 5742 1716 5799 illam
1752 5744 1983 5812 confugi

270 5832 340 5887 de
368 5849 480 5901 qua
530 5846 700 5888 nemo
745 5831 1039 5903 suspicari
1072 5836 1314 5903 poterat,
1352 5836 1548 5904 utpote
1580 5833 1897 5891 formosam
1930 5839 1986 5891 et

2087 4762 2375 4813 serVassct
2416 4762 2643 4827 tempus
2674 4757 2733 4812 in
2788 4775 2901 4826 quo
2937 4757 3133 4812 nullus
3183 4762 3305 4811 crat
3338 4758 3517 4821 intus,
3552 4761 3608 4809 et
3641 4772 3786 4810 nons

2085 4848 2207 4917 jam
2243 4848 2552 4901 advenerat
2584 4848 2745 4915 hora,
2791 4852 2847 4901 et
2880 4847 3147 4912 sedisset,
3201 4847 3417 4913 rogavit
3450 4849 3783 4917 martyrem,

2091 4937 2324 4992 dicens:
2368 4937 2615 4992 Benedic
2646 4938 2803 4992 cibos
2838 4952 3016 4999 meos,
3053 4936 3314 4991 Colluthe
3345 4940 3564 5000 sancte,
3600 4940 3655 4990 et
3698 4954 3789 4991 me

2090 5023 2149 5079 in
2175 5026 2268 5080 via
2302 5025 2577 5080 comitare
2609 5026 2725 5079 tuis
2770 5025 3061 5093 precibus.
3095 5025 3236 5079 Cum
3271 5042 3405 5095 ergo
3444 5027 3791 5082 comedisset

2090 5119 2144 5168 et
2178 5132 2377 5171 rursus
2410 5121 2647 5185 orasset,
2692 5118 2927 5171 domum
2962 5118 3116 5170 venit
3146 5117 3594 5172 circa‘occasum
3630 5118 3787 5171 solis.

2094 5208 2159 5260 Et
2190 5223 2317 5261 cum
2353 5208 2601 5262 dedisset
2627 5209 2795 5263 matri
2831 5225 2951 5261 suae
2973 5224 3119 5277 opus
3140 5207 3452 5263 Clementis
3480 5205 3789 5261 Siromatei

2091 5297 2146 5351 in
2180 5299 2518 5369 prophetam
2554 5302 2749 5364 Amos,
2803 5297 3037 5367 dixitiei
3082 5315 3094 5364 ;
3128 5299 3209 5353 Da
3241 5300 3295 5353 id
3331 5299 3597 5367 episcopo
3649 5296 3792 5349 rele-

2094 5391 2239 5456 gato.
2286 5388 2351 5441 Et
2400 5388 2544 5441 dixit
2574 5389 2665 5442 ei:
2717 5388 2829 5443 Ora
2878 5392 3153 5458 prome;
3192 5388 3335 5440 vado
3368 5385 3518 5438 enim
3564 5385 3632 5437 ad
3682 5385 3791 5438 Do—

2095 5474 2317 5530 minum
2345 5493 2559 5531 meum.
2586 5478 2844 5533 Decessit
2870 5478 2997 5546 ipsa
3014 5481 3197 5531 nocte.
3224 5474 3485 5538 Cumque
3513 5488 3616 5527 nec
3649 5472 3791 5525 febri

2094 5567 2426 5635 laborasset,
2462 5584 2565 5622 nec
2598 5568 2648 5623 ei
2680 5573 2851 5639 caput
2884 5567 3176 5630 doluisset,
3202 5566 3297 5618 sed
3326 5564 3573 5633 seipsam
3605 5564 3673 5617 ad
3708 5578 3794 5615 se-

2096 5656 2393 5728 pulturam
2415 5659 2858 5730 composuisset,
2884 5658 2937 5710 in
2967 5670 3176 5709 manus
3200 5653 3298 5708 Dei
3322 5654 3592 5725 spiritum
3623 5666 3794 5705 suum

2095 5748 2542 5804 commendavit.
