4074 6278
374 364 402 426 1
414 366 533 428 239

1006 510 1232 566 CAPUT
1270 510 1425 566 CXL.

494 596 566 651 De
594 598 812 667 virgine
842 614 966 670 quae
996 601 1152 669 lapsa
1188 610 1287 668 est,
1320 608 1371 655 et
1402 603 1510 671 egit
1539 603 1939 672 penitentiam.

441 686 713 750 Quaedam
772 688 929 758 virgo
961 690 1323 745 exercitatrix
1374 706 1617 745 manens
1664 707 1797 744 cum
1841 691 2067 745 duabus

370 774 500 829 aliis
530 776 880 847 virginibus,
914 794 971 833 se
998 780 1251 834 exercuit
1285 796 1487 835 novem
1519 780 1607 835 vel
1640 781 1838 835 decem
1873 781 2061 835 annis.

368 866 411 917 A
431 864 680 934 quodam
706 871 895 920 autem
924 870 1157 922 cantore
1180 867 1441 923 inescata
1464 885 1596 923 cum
1622 884 1687 923 eo
1719 869 1917 923 habuit
1941 878 2064 924 stu-

369 956 454 1024 pri
504 957 974 1012 consuetudinem
1016 962 1121 1026 ;et
1169 974 1302 1013 cum
1344 963 1506 1014 utero
1546 958 1922 1029 concepisset,
1963 977 2063 1031 pe-

368 1045 532 1114 perit.
568 1045 707 1101 Cum
740 1054 932 1102 autem
964 1048 1022 1102 in
1056 1065 1355 1104 summum
1390 1050 1588 1103 odium
1634 1053 1899 1121 prorupit
1936 1052 2062 1121 ejus

367 1134 468 1204 qui
518 1134 704 1204 ipsam
749 1137 1076 1207 deceperat,
1129 1138 1186 1193 in
1240 1140 1525 1211 profundo
1576 1144 1927 1210 compuncta
1976 1145 2063 1196 est

364 1224 583 1290 animo,
628 1233 681 1279 et
720 1227 789 1280 ad
840 1242 963 1282 eam
1006 1230 1261 1298 pervenit
1302 1246 1638 1284 mensuram
1688 1231 2058 1299 poenitentiae,

366 1321 423 1368 ut
474 1314 532 1367 in
583 1331 650 1369 ea
697 1332 1071 1385 perseverans
1128 1334 1185 1373 se
1232 1319 1383 1374 fame
1426 1320 1597 1375 vellet
1638 1320 1917 1387 occidere,
1953 1320 2061 1375 hoc

364 1420 497 1459 cum
540 1403 813 1476 lacrymis
853 1424 1051 1471 orans,
1096 1407 1400 1479 Deumque
1449 1425 1681 1479 rogans,
1731 1414 1787 1463 et
1818 1410 2057 1465 dicens:

362 1493 516 1547 Deus
556 1510 783 1562 magne,
819 1495 917 1564 qui
955 1496 1214 1550 omnium
1264 1501 1530 1551 nostrum
1573 1502 1808 1567 peccata
1840 1503 2057 1569 portas,

361 1586 417 1637 et
447 1584 795 1637 immensum
820 1584 999 1639 totius
1022 1585 1227 1639 mundi
1247 1586 1486 1654 vitium;
1516 1587 1614 1657 qui
1645 1604 1758 1641 non
1790 1590 1877 1642 vis
1907 1604 2057 1643 mor-

360 1676 476 1725 tem
511 1676 897 1742 peccatorum,
944 1677 1001 1727 et
1048 1690 1238 1730 eorum
1284 1676 1384 1746 qui
1418 1675 1693 1731 labuntur
1732 1676 2055 1746 interitum,

361 1760 461 1816 sed
493 1760 788 1816 misereris
831 1762 1112 1818 universae
1144 1772 1444 1830 creaturae;
1482 1773 1566 1821 est
1596 1766 1753 1820 enim
1784 1767 2056 1823 voluntas

358 1852 458 1902 tua
492 1852 555 1903 ut
603 1865 807 1906 omnes
850 1856 1154 1907 serventur
1201 1853 1413 1923 (Ezech.
1455 1856 1673 1925 xxxm).
1709 1853 1767 1910 Si
1798 1870 1933 1926 ergo
1965 1873 2055 1912 me

359 1956 608 2010 quoque,
661 1957 786 2012 quae
828 1958 1019 2013 pereo,
1072 1944 1157 1999 vis
1189 1960 1314 2000 esse
1362 1944 1603 2014 salvam,
1656 1947 1713 2000 in
1760 1947 1864 2003 hoc
1909 1947 2051 2002 mihi

356 2034 518 2084 tuam
557 2033 795 2088 ostende
843 2034 1181 2101 bonitatem,
1216 2039 1271 2090 et
1302 2053 1457 2091 nunc
1489 2040 1589 2091 tua
1628 2038 1699 2091 ad
1734 2052 1823 2092 me
1857 2052 2053 2108 perve-

356 2120 520 2176 niant
561 2121 881 2191 mirabilia;
916 2128 972 2178 et
1001 2125 1139 2195 jube
1171 2124 1307 2180 hinc
1337 2126 1547 2180 abduci
1587 2130 1644 2180 et
1675 2126 1867 2197 colligi
1904 2128 2055 2198 (204)

356 2210 610 2265 fructum
644 2227 782 2267 meae
815 2212 1162 2285 iniquitatis,
1199 2215 1298 2284 qui
1331 2219 1645 2285 conceptus
1675 2216 1844 2270 estin
1878 2216 2049 2271 lasci-

351 2297 467 2364 via,
512 2305 565 2352 et
623 2299 855 2369 genitus
903 2302 960 2356 in
994 2308 1255 2372 peccato;
1304 2320 1464 2368 nam,
1507 2303 1619 2357 nisi
1654 2304 1761 2358 hoc
1784 2305 1905 2370 fiat,
1946 2322 2052 2377 ego

356 2386 461 2441 hac
492 2388 562 2441 de
601 2403 779 2442 causa
810 2389 895 2444 vel
930 2406 1019 2445 me
1046 2391 1253 2462 laqueo
1286 2390 1599 2458 suflocabo,
1630 2392 1715 2447 vel
1765 2395 2051 2464 meipsam

355 2477 411 2532 in
446 2493 699 2547 praeceps
730 2478 1019 2547 dcjiciam.
1054 2480 1198 2534 Cum
1247 2481 1331 2535 sic
1362 2486 1571 2547 oraret,
1606 2481 1715 2536 fuit
1744 2484 2047 2553 exaudita;

351 2582 488 2622 nam
548 2566 649 2635 qui
721 2570 895 2622 natus
955 2569 1142 2623 fuerat
1208 2570 1421 2637 infans,
1475 2588 1589 2625 non
1658 2573 1843 2628 multo
1920 2581 2051 2645 post

355 2654 625 2709 decessit.
684 2654 769 2707 Ab
820 2656 919 2710 illo
968 2674 1104 2728 ergo
1163 2658 1256 2713 die
1314 2676 1428 2713 non
1480 2660 1735 2730 amplius
1784 2666 2050 2720 convenit

351 2758 484 2800 eum
512 2741 607 2811 qui
628 2742 817 2811 ipsam
842 2744 1142 2814 redegerat
1164 2745 1225 2798 in
1250 2748 1616 2813 servitutem;
1649 2748 1752 2802 sed
1783 2766 1843 2804 se
1866 2754 2045 2809 totam

350 2829 656 2900 insigniter
678 2828 895 2884 dedens
918 2833 1308 2899 continentiae,
1333 2838 1591 2905 aegrostis
1612 2837 1950 2910 mancisque
1981 2859 2045 2897 ac

347 2918 634 2975 mutilatis
667 2918 923 2974 serviens
954 2920 1191 2990 triginta
1224 2938 1427 2990 annos,
1453 2922 1531 2977 ita
1561 2923 1739 2979 Deum
1774 2926 2043 2998 placavit,

346 3008 785 3082 pr0pitiumque
833 3010 1087 3065 reddidit
1143 3016 1207 3065 ut
1236 3012 1468 3067 cuidam
1519 3018 1719 3070 sancto
1754 3018 2042 3089 presbyte-

347 3117 409 3154 ro
444 3099 812 3166 revelaretur,
846 3100 1004 3154 illam
1047 3100 1161 3155 Deo
1213 3103 1398 3173 magis
1431 3102 1718 3173 placuisse
1760 3106 1816 3159 in
1851 3108 2042 3177 poeni-

346 3188 529 3242 tentia
561 3203 737 3257 quam
772 3188 828 3240 in
867 3188 1213 3259 virginitate.
1243 3191 1367 3244 Hec
1401 3195 1595 3246 autem
1621 3194 1921 3260 scribo,ne
1946 3213 2043 3252 eos

1926 372 2285 434 PALLADII

2097 512 2150 578 Î‘
2181 509 2603 582 scopi,rogavit
2641 509 2841 563 dicens
2868 525 2880 562 :
2906 508 2965 561 Si
2988 508 3095 562 hoc
3124 507 3230 562 tibi
3268 506 3459 561 visum
3491 507 3607 571 est,
3648 504 3919 558 domine

3742 367 3922 427 1240

2176 599 2462 669 episcopo,
2506 603 2568 653 ut
2598 598 2873 667 quoniam
2915 596 3053 666 dixi,
3094 597 3209 663 Nae,
3244 595 3441 667 lapsus
3472 610 3629 661 sum,
3666 593 3793 649 sim
3831 593 3904 646 de

2174 691 2357 762 gradu
2390 688 2780 745 ecclesiastico
2812 689 3093 758 dejectus,
3123 692 3180 743 et
3219 703 3331 742 non
3366 688 3477 739 sim
3508 686 3750 756 dignus
3776 700 3907 739 esse

2174 780 2419 834 clericus
2492 787 2597 834 tuae
2662 778 3007 847 sanctitatis,
3070 778 3213 846 jube
3289 782 3353 831 ut
3407 776 3551 830 mihi
3618 776 3701 829 ab
3794 774 3911 828 hoc

2171 873 2433 941 tempore
2491 886 2558 924 ea
2602 871 2768 923 detur
2833 868 2889 922 in
2943 884 3214 933 uxorem;
3276 882 3460 936 neque
3525 864 3696 919 enim
3792 881 3904 936 ego

2173 975 2298 1013 sum
2370 959 2643 1029 deinceqs
2708 957 2975 1023 clericus,
3045 973 3231 1027 neque
3295 956 3399 1010 illa
3461 955 3652 1025 virgo.
3750 955 3903 1009 Cum

2171 1047 2291 1103 haec
2349 1047 2630 1102 audiisset
2674 1046 2984 1117 episcopus
3034 1048 3089 1100 et
3118 1044 3427 1115 presbiter,
3467 1059 3599 1098 eam
3636 1043 3901 1098 tradidit

2172 1141 2337 1205 pater
2376 1136 2505 1206 ejus
2547 1134 2769 1200 lectori,
2820 1150 3066 1205 sperans
3097 1133 3214 1188 fore
3246 1137 3309 1186 ut
3334 1133 3572 1202 juvenis
3606 1133 3772 1187 bene
3806 1148 3898 1186 es-

2173 1230 2261 1281 set
2319 1225 2377 1280 in
2426 1242 2552 1281 eam
2604 1224 2868 1291 affectus,
2915 1228 2971 1279 et
3024 1223 3240 1294 alioqui
3273 1223 3511 1278 credens
3548 1238 3673 1277 non
3722 1238 3899 1293 posse

2168 1333 2300 1372 eum
2330 1315 2586 1371 abstrahi
2616 1332 2649 1370 a
2696 1314 3130 1370 consuetudine.
3166 1313 3312 1367 Cum
3344 1328 3471 1367 eam
3514 1320 3723 1367 autem
3750 1314 3897 1367 ado-

2171 1408 2397 1462 lescens
2465 1406 2784 1477 accepisset
2822 1404 2882 1459 in
2944 1420 3152 1458 manus
3218 1403 3289 1457 ab
3332 1403 3593 1473 episcpo,
3650 1410 3711 1458 et
3764 1405 3897 1471 ejus

2169 1501 2350 1569 patre,
2393 1511 2639 1566 eamque
2666 1496 2818 1549 esset
2849 1493 3211 1559 consolatus,
3242 1492 3482 1546 abduxit
3513 1496 3575 1546 et
3604 1491 3897 1562 deposuit

2167 1588 2226 1642 in
2259 1588 2603 1641 monasterio
2649 1584 2979 1653 mulierum,
3026 1599 3236 1655 rogans
3281 1598 3407 1637 eam
3442 1597 3573 1654 quas
3606 1581 3740 1637 illic
3770 1587 3893 1637 erat

2167 1678 2357 1749 prima
2370 1676 2633 1732 ministra
2656 1672 3031 1729 fraternitatis
3056 1676 3118 1727 ut
3138 1688 3267 1727 eam
3295 1670 3413 1726 illic
3433 1670 3898 1728 toleraremus-

2167 1784 2279 1839 que
2301 1768 2371 1822 ad
2392 1772 2620 1837 partum
2640 1766 2786 1834 ejus.
2810 1762 2916 1817 Illa
2934 1778 3064 1818 vero
3089 1761 3285 1818 relicta
3307 1761 3364 1815 in
3382 1750 3773 1831 monasterio,
3812 1762 3891 1818 le-
4034 1750 4035 1827 á¼¦

2165 1862 2289 1913 ctor
2311 1856 2513 1911 abiens
2531 1854 2777 1925 seipsum
2798 1851 3037 1908 inclusit
3058 1851 3117 1907 in
3138 1850 3283 1906 cella
3295 1851 3551 1915 sordida,
3565 1851 3705 1905 vitae
3720 1868 3793 1906 su
3805 1868 3893 1905 m-

2168 1963 2324 2002 mam
2358 1942 2679 2015 suscipiens
2722 1942 3112 2013 asperitatem,
3149 1941 3220 1995 ad
3256 1938 3555 1995 Christum
3589 1940 3893 1995 accedens
4034 1940 4035 1947 â€œ

2165 2038 2225 2092 iu
2257 2035 2429 2091 corde
2449 2033 2690 2089 contrito
2722 2047 2854 2086 cum
2898 2029 3095 2084 multis
3134 2028 3407 2098 lacrymis
3438 2036 3492 2084 et
3526 2029 3889 2101 gemitibus,

2164 2125 2363 2180 dicens
2394 2140 2407 2177 :
2456 2123 2563 2189 Tu,
2610 2120 2873 2187 Domine,
2908 2136 3067 2175 meas
3110 2118 3367 2175 actiones
3396 2118 3575 2187 nosti,
3607 2120 3718 2189 qui
3764 2120 3887 2175 scis

2163 2214 2380 2280 omnia,
2412 2226 2583 2281 quem
2636 2209 2781 2264 nihil
2834 2208 2993 2277 latet,
3041 2224 3227 2279 neque
3257 2211 3345 2261 est
3378 2206 3538 2262 ullus
3571 2208 3737 2263 locus
3782 2225 3885 2264 oc-

2164 2304 2354 2360 cultus
2400 2301 2459 2355 in
2509 2317 2624 2370 quo
2669 2299 2798 2367 quis
2829 2315 2888 2353 se
2928 2298 3246 2353 abscondat
3275 2313 3308 2352 a.
3346 2301 3445 2351 tua
3501 2313 3625 2367 quas
3678 2300 3882 2353 omnia

2163 2391 2368 2461 aspicit
2399 2391 2699 2459 potestate,
2753 2386 2853 2456 qui
2902 2385 3061 2439 vides
3108 2384 3305 2439 omnia
3346 2384 3686 2454 priusquam
3725 2386 3877 2441 ï¬ant

2162 2483 2246 2537 Tu
2294 2480 2449 2535 solus
2498 2477 2658 2531 vides
2713 2476 2991 2546 profunda
3038 2475 3477 2545 cogitationum,
3541 2479 3596 2529 et
3669 2479 3871 2531 omnis

2162 2570 2375 2627 mentis
2402 2567 2698 2637 conceptio
2731 2583 2763 2621 a
2791 2569 2845 2619 te
2885 2564 3162 2630 cernitur,
3196 2562 3435 2635 perinde
3469 2580 3531 2617 ac
3562 2562 3609 2617 si
3641 2566 3868 2635 aspici-â€”

2159 2666 2257 2717 tur
2304 2658 2507 2714 oculis.
2549 2661 2632 2710 Tu
2677 2670 2806 2710 cum
2856 2654 3238 2724 cogitatorum
3273 2653 3355 2708 sis
3405 2668 3534 2708 acer
3566 2654 3868 2709 examina-

2157 2749 2535 2821 tor,perfecte
2555 2746 2804 2817 judicas.
2822 2746 2906 2799 Tu
2933 2745 3032 2815 qui
3055 2743 3137 2799 eis
3165 2744 3261 2814 qui
3286 2742 3610 2798 afï¬ciuntur
3634 2744 3860 2813 injuria

2156 2840 2271 2895 fers
2366 2837 2673 2903 auxilium,
2749 2834 2845 2905 qui
2916 2833 3036 2888 falli
3107 2850 3217 2888 non
3289 2841 3471 2904 potes,
3546 2833 3681 2886 dum
3743 2849 3855 2888 eos

2154 2927 2438 2992 vindicas,
2504 2924 2600 2994 qui
2678 2926 3033 2993 appetuntur
3102 2920 3463 2987 calumniis;
3540 2920 3637 2977 cui
3711 2920 3859 2975 nihil

2159 3017 2343 3088 placet
2389 3015 2695 3085 injustam,
2748 3027 2919 3067 omne
2968 3016 3167 3067 autem
3219 3015 3581 3065 momentum
3632 3014 3858 3065 staterae

2147 3104 2393 3178 justitiae
2424 3111 2508 3159 est
2542 3120 2573 3156 a
2604 3107 2657 3156 te
2689 3117 2943 3171 semper;
2970 3104 3121 3155 astat
3148 3099 3423 3156 enimtibi
3454 3107 3738 3171 perpetuo
3765 3101 3856 3154 lux

2155 3197 2226 3251 ad
2251 3210 2424 3264 quam
2471 3209 2584 3248 non
2609 3195 2767 3261 patet
2797 3190 3012 3258 aditus,
3036 3194 3091 3245 et
3114 3206 3283 3245 omne
3306 3206 3453 3261 opus
3478 3189 3744 3244 hominis
3775 3197 3857 3245 est

350 3277 449 3347 qui
500 3279 687 3332 multa
744 3283 1005 3347 peccant,
1053 3283 1110 3333 et
1156 3295 1222 3335 ex
1269 3281 1462 3336 animo
1501 3299 1567 3337 ac
1597 3283 1821 3339 sincere
1869 3292 2044 3355 agunt
2073 3269 2123 3331 C
2152 3301 2345 3340 coram
2388 3286 2459 3338 te.
2514 3282 2610 3336 Est
2658 3296 2791 3350 ergo
2825 3280 2908 3333 tui
2947 3280 3089 3349 justi
3130 3284 3185 3333 et
3215 3280 3603 3334 immutabilis
3633 3279 3858 3349 judicii,

346 3364 774 3433 paenitentiam,
824 3373 1269 3422 contemnamus
1315 3385 1327 3421 :
1364 3371 1516 3424 sicut
1547 3370 1666 3427 haec
1696 3372 1885 3439 beata,
1915 3392 2041 3445 quae

345 3466 442 3505 cor
474 3467 643 3506 suum
676 3454 963 3521 contrivit,
1009 3460 1064 3509 et
1112 3455 1173 3511 in
1208 3456 1531 3513 humilitate
1562 3460 1733 3515 vitam
1767 3479 1935 3518 suam
1972 3464 2040 3519 li-

343 3540 614 3610 quefecit,
644 3557 755 3594 non
788 3542 1058 3611 despecta
1092 3544 1197 3597 fuit
1227 3564 1259 3598 a
1290 3546 1535 3602 Domino
1567 3564 1766 3606 eorum
1803 3553 1901 3621 qui
1937 3554 2041 3608 du-

342 3630 556 3682 cuntur
588 3626 940 3697 pcenitentia.

958 3736 1198 3793 CAPUT
1248 3738 1426 3795 CXLI.

344 3827 422 3879 De
450 3824 569 3894 ï¬lia
604 3824 1406 3906 presbyteri_quae__l_ect_orem
1436 3830 1779 3889 calumniam
1816 3842 1954 3906 erat,
1992 3842 2042 3893 et

931 3900 1206 3955 Eustathio
1239 3902 1453 3958 lectore.

412 3986 723 4057 Cujusdam
777 3989 1091 4060 presbyteri
1138 3990 1255 4044 filia
1289 3996 1449 4063 virgo
1480 3993 1538 4046 in
1569 3996 1829 4051 Caesarea
1857 3997 2031 4055 Palae-

341 4074 508 4131 stinae
566 4074 747 4147 lapsa,
806 4078 877 4131 ab
930 4094 993 4133 eo
1043 4078 1138 4149 qui
1190 4080 1238 4133 ei
1295 4080 1499 4135 vitium
1557 4084 1829 4139 attulerat
1872 4088 2041 4145 docta

343 4164 547 4232 fuerat,
599 4170 656 4217 ut
711 4166 1020 4235 quemdam
1055 4164 1305 4221 civitatis
1350 4167 1619 4224 lectorem
1650 4171 2035 4232 calumniare-

341 4260 454 4321 tur,
487 4261 539 4308 et
582 4254 736 4323 quod
778 4260 1051 4326 corrupta
1081 4261 1253 4326 esset,
1287 4256 1344 4311 in
1377 4273 1507 4313 eum
1540 4260 1773 4331 culpam
1817 4265 2038 4320 confer-

340 4351 444 4397 ret.
476 4343 731 4412 Cumque
762 4344 928 4398 ferret
958 4354 1230 4413 ventrem,
1275 4365 1304 4401 a
1336 4352 1499 4417 patre
1538 4366 1643 4405 suo
1685 4353 2036 4421 examinata,

342 4429 664 4487 nominavit
700 4431 995 4487 lectorem.
1046 4435 1159 4489 Hoc
1222 4452 1354 4490 cum
1406 4438 1689 4494 audiisset
1746 4442 2040 4515 presbyter

340 4520 729 4578 conturbatus
762 4522 957 4577 retulit
986 4525 1052 4578 ad
1087 4525 1444 4595 episcopum.
1466 4529 1583 4584 Hoc
1606 4546 1739 4585 cum
1758 4534 2039 4590 audiisset

2149 3377 2243 3446 jus
2284 3389 2516 3444 quoque
2562 3387 2751 3426 meum
2816 3370 3216 3441 pronuntiare.
3270 3368 3599 3425 Efï¬caciter
3659 3376 3853 3426 autem

2151 3469 2351 3520 orante
2382 3462 2765 3527 adolescente,
2817 3464 2873 3514 et
2902 3460 2960 3515 in
2986 3459 3210 3531 jejunio
3242 3458 3553 3531 diligenter
3589 3476 3860 3530 perseve-

2151 3560 2336 3621 rante,
2416 3555 2569 3609 intra
2648 3553 2817 3608 breve
2911 3556 3146 3622 tempus
3241 3551 3557 3606 adfuerunt
3638 3552 3866 3608 dolores

2150 3645 2277 3713 ejus
2365 3648 2585 3716 partus.
2665 3642 2925 3713 Cumque
3002 3640 3329 3697 advenisset
3402 3640 3569 3709 hora,
3674 3643 3864 3697 adfuit

2150 3733 2327 3790 etiam
2353 3734 2578 3802 justum
2611 3731 3041 3801 Deijudicium,
3076 3731 3323 3786 efferens
3354 3731 3754 3788 vehementem
3803 3738 3865 3788 et

2150 3820 2573 3878 intolerabilem
2622 3821 2877 3876 dolorem
2928 3821 2981 3875 ei
3030 3836 3155 3890 quae
3208 3820 3399 3876 fuerat
3442 3821 3799 3877 calumniata
3840 3842 3855 3878 :

2150 3913 2477 3984 gemituum
2526 3911 2815 3967 immensa
2860 3908 3263 3977 multitudino,
3308 3910 3535 3966 labores
3565 3916 3765 3981 partus
3796 3914 3857 3967 in

2148 4001 2519 4071 enarrabiles,
2557 4000 2768 4055 inferni
2804 3999 3221 4071 suppliciorum
3262 4000 3514 4055 visiones
3562 4001 3853 4057 terribiles

2150 4092 2299 4149 hanc
2333 4091 2605 4147 miseram
2650 4090 2872 4145 fortiter
2919 4089 3277 4157 obsidentes,
3312 4097 3369 4143 et
3397 4090 3588 4146 infans
3622 4096 3857 4163 propter

2152 4180 2609 4251 magnitudinem
2652 4196 2767 4234 non
2811 4179 3077 4249 prodibat
3116 4192 3185 4233 ex
3212 4184 3393 4235 utero.
3423 4179 3697 4234 Praeteriit
3728 4181 3854 4236 dies

2149 4272 2371 4341 primus
2392 4273 2448 4325 et
2468 4270 2782 4335 secundus,
2807 4272 2863 4323 et
2894 4268 3123 4323 dolores
3147 4273 3315 4324 erant
3340 4269 3849 4338 intolerabiliores;

2149 4360 2479 4416 adventavit
2518 4360 2726 4414 tertius
2776 4362 2832 4414 et
2881 4362 3152 4430 quartus,
3183 4362 3241 4413 et
3287 4362 3524 4414 secutus
3564 4363 3654 4413 est
3685 4360 3855 4415 dolor

2149 4450 2353 4506 multis
2386 4448 2667 4519 partubus
2699 4448 2953 4519 gravior;
3008 4448 3245 4519 quintus
3276 4452 3329 4502 et
3357 4456 3539 4501 sextus
3571 4450 3627 4500 et
3661 4449 3846 4516 septi-

2149 4556 2279 4594 mus
2325 4539 2688 4597 tenebrosus,
2735 4541 2790 4591 et
2820 4537 3019 4592 infelix
3062 4537 3263 4591 mulier
3307 4551 3371 4589 ex
3408 4533 3584 4588 multo
3628 4534 3839 4591 dolore

338 4610 1765 4686 episcopus.convocavitconciliumsacerdolum,
1790 4623 2034 4694 fecitque
2066 4627 2109 4691 D
2142 4628 2481 4684 versabatur
2524 4626 2581 4681 in
2634 4626 2849 4681 inferis.
2897 4626 2959 4681 In
2992 4626 3257 4682 omnibus
3297 4623 3387 4678 his
3421 4621 3622 4677 diebus
3668 4638 3845 4679 mau-

337 4701 527 4757 vocari
578 4701 873 4768 lectorem,
925 4704 1111 4773 deque
1142 4719 1208 4759 eo
1243 4705 1447 4761 habuit
1476 4708 1879 4779 quaestionem,
1917 4729 2031 4770 rem

337 4793 695 4847 examinans.
750 4792 1000 4864 Rogatus
1052 4798 1242 4849 autem
1287 4795 1357 4851 ab
1390 4796 1681 4869 episcopo,
1740 4816 1859 4855 rem
1922 4820 2035 4859 non

338 4880 633 4936 fatebatur
653 4881 1007 4951 |ector;nam
1034 4885 1185 4952 quod
1217 4885 1428 4939 factum
1444 4887 1515 4941 ab
1538 4887 1664 4957 ipso
1692 4906 1804 4946 non
1828 4892 2033 4962 fuerat,

338 4970 625 5041 quomodo
656 4970 767 5025 dici
818 4975 1076 5041 poterat?
1104 4978 1268 5044 Egrc
1308 4990 1443 5046 ergo
1482 4976 1668 5031 ferens
1704 4978 2032 5053 episcopus,

336 5058 678 5133 gravissima
726 5077 861 5116 voce
910 5063 958 5117 ei
1010 5064 1237 5119 dicebat
1280 5082 1291 5119 :
1337 5064 1458 5120 Non
1495 5066 1761 5124 fateberis
1803 5069 2034 5142 lapsum

335 5155 484 5217 tum,
520 5152 578 5204 et
608 5164 745 5219 ages
780 5151 1202 5220 paenitentiam,
1227 5152 1479 5209 oinfelix
1496 5158 1553 5209 et
1590 5155 2035 5227 pleneimmun-

336 5240 476 5295 ditia
499 5239 527 5293 ?
559 5239 881 5310 Respondit
928 5240 1139 5295 lector:
1192 5242 1349 5313 Rogo
1408 5247 1492 5311 te;
1527 5244 1645 5298 dixi
1678 5246 1733 5300 id
1764 5250 1908 5317 quod
1945 5268 2035 5308 res

336 5336 444 5398 est,
498 5329 648 5385 hanc
700 5346 819 5384 rem
863 5330 932 5383 ad
984 5346 1074 5385 me
1140 5331 1283 5385 nihil
1332 5332 1636 5403 pertinere.
1672 5335 1849 5393 Plane
1878 5341 2031 5398 enim

337 5421 505 5491 culpa
537 5438 724 5487 careo,
759 5425 820 5476 ut
862 5422 963 5492 qui
1012 5421 1079 5476 de
1120 5438 1182 5475 ea
1228 5438 1301 5477 ne
1350 5424 1719 5494 cogitaverim
1754 5428 2031 5502 quidem;

338 5512 431 5568 sin
471 5518 663 5566 autem
703 5512 877 5567 vultis
915 5512 1112 5567 audire
1162 5512 1221 5566 id
1274 5515 1429 5583 quod
1474 5531 1588 5571 non
1632 5522 1739 5586 est,
1792 5520 1979 5576 dicam
2018 5539 2030 5577 :

337 5600 491 5658 Feci.
526 5603 640 5655 Hoc
673 5618 803 5656 cum
825 5602 948 5671 ipse
970 5602 1232 5669 dixisset,
1265 5603 1537 5674 deposuit
1564 5621 1693 5661 eum
1727 5609 2031 5682 episcopus

336 5694 407 5749 ab
442 5691 630 5747 ofï¬cio
662 5691 911 5750 lectoris.
960 5694 1095 5750 Post
1127 5694 1232 5751 hoc
1284 5694 1548 5750 accidens
1579 5698 1647 5753 ad
1702 5701 1876 5768 pedes
1906 5704 2033 5773 epi-

2147 4716 2224 4772 sit
2246 4732 2435 4787 neque
2457 4714 2694 4770 omnino
2724 4714 2917 4769 cibum
2944 4731 3209 4774 sumens.
3236 4728 3339 4768 nec
3365 4710 3665 4767 tantillum
3691 4728 3847 4769 som-

2147 4823 2285 4863 num
2334 4807 2573 4871 videns;
2622 4804 2720 4859 sed
2776 4804 3033 4859 luctibus
3067 4809 3124 4858 et
3167 4802 3527 4874 gravissimis
3576 4802 3833 4859 dolorum

2146 4894 2449 4952 tormentis
2484 4893 2952 4961 succedentibus,
2997 4896 3128 4963 post
3167 4893 3290 4947 hinc
3313 4892 3525 4959 omnia,
3548 4892 3765 4949 vitiatae
3792 4896 3842 4947 et

2147 4985 2303 5041 falsae
2357 4982 2731 5039 accusatricis
2779 4998 2876 5038 cor
2924 4980 3261 5050 inï¬‚exibile,
3301 4981 3451 5037 victa
3492 4999 3527 5038 a
3557 4981 3658 5037 Dei
3690 4988 3844 5053 pote-

2147 5078 2316 5141 state,
2351 5089 2476 5144 quae
2527 5089 2641 5127 non
2682 5071 2837 5127 cadit
2866 5072 2976 5127 sub
3020 5074 3350 5141 aspectum,
3382 5070 3847 5127 intolerabilibus

2146 5165 2447 5221 doloribus
2483 5162 2901 5219 addiditetiam
2944 5160 3399 5228 confessionem,
3450 5160 3681 5233 lugubri
3714 5177 3850 5216 voce

2145 5256 2478 5313 exclamans
2503 5269 2515 5307 :
2540 5252 2635 5308 Hei
2660 5252 2803 5306 mihi
2841 5251 3089 5307 misera!
3129 5252 3297 5307 venio
3322 5252 3380 5306 in
3434 5250 3755 5323 periculum
3783 5266 3853 5306 ne

2146 5360 2398 5418 peream,
2430 5346 2493 5397 ut
2533 5358 2659 5412 quae
2704 5341 2764 5395 in
2804 5342 2915 5396 duo
2961 5340 3111 5396 mala
3165 5340 3493 5406 inciderim,
3542 5356 3753 5410 nempe
3793 5340 3854 5396 in

2145 5434 2497 5492 calumniam
2547 5436 2602 5485 et
2654 5430 3114 5496 fornicationem,
3165 5434 3223 5487 et
3264 5430 3482 5486 amissa
3502 5430 3859 5501 Virginitate

2144 5540 2277 5582 sum
2313 5523 2525 5577 tradita
2546 5520 2927 5587 detractioni;
2957 5524 3014 5577 et
3064 5537 3199 5576 cum
3234 5520 3381 5577 mihi
3413 5520 3489 5576 sit
3519 5521 3593 5576 ab
3626 5520 3744 5576 alio
3775 5520 3859 5575 al-

2141 5616 2321 5672 latum
2369 5610 2594 5677 vitium,
2645 5611 2909 5667 accesani
2972 5610 3277 5675 lectorem.Â§
3310 5611 3453 5665 Cum
3506 5608 3629 5663 haec
3660 5612 3863 5665 autem

2142 5706 2464 5766 audiissent
2504 5704 2755 5775 virgines
2791 5702 3151 5771 monasterii,
3183 5702 3343 5761 Patri
3376 5702 3505 5772 ejus
3526 5702 3734 5759 omnia
3771 5718 3864 5760 re-
