4074 6278
355 319 504 380 1241

945 453 1176 506 ΚΕΦΑΛ
1201 491 1214 506 .
1259 455 1363 506 ΡΜ¹
1397 493 1410 508 .

353 543 488 613 Περὶ
555 547 655 610 τῆς
723 539 1096 610 ἀπατηθείσης
1163 541 1470 614 παρθένου,
1539 543 1630 596 καὶ
1701 543 2006 618 μεταγνού-

1117 633 1238 679 σης.

431 703 726 777 ’Δσκητρία
781 723 866 766 τις
925 702 1190 777 παρθένος
1240 707 1560 758 συνοικοῦσα
1629 702 1829 766 ἄλλαις
1887 701 2006 759 δυσὶ

359 791 646 866 παρθένοις
675 794 892 862 ἠσκήθη
927 791 1016 846 ἐπὶ
1047 790 1139 860 ἔτη
1173 789 1322 846 ἐννέα
1353 791 1388 860 ἢ
1423 790 1548 847 δέκα
1575 836 1588 848 .
1635 793 1782 862 Αὕτη
1819 792 2006 848 δελεα-

364 881 548 936 σθεῖσα
577 883 724 955 παρά
754 880 968 954 ψάλτου
999 882 1146 942 τινὸς
1176 880 1356 953 τούτῳ
1391 883 1718 960 συνεφθάρη,
1761 883 1848 936 καὶ
1903 881 2006 937 λα-

362 965 532 1025 ϐοῦσα
561 970 697 1025 κατά
723 971 952 1045 γαστρὸς
1001 965 1215 1028 ἔτεκεν.
1269 971 1359 1032 Εἰς
1411 970 1576 1046 ἄκρον
1607 969 1662 1025 δέ
1715 977 1870 1045 μῖσος
1919 971 2007 1027 ἐλ-

365 1061 532 1113 θοῦσα
559 1064 658 1114 τοῦ
693 1060 894 1130 ταύτην
941 1059 1318 1130 ἀπατήσαντος
1367 1060 1636 1137 κατενύγη
1669 1063 1768 1130 την
1821 1062 2004 1136 ψυχὴν

361 1149 436 1210 εἷς
489 1147 672 1224 βάθος,
730 1150 817 1203 καὶ
871 1149 948 1212 εἷς
990 1153 1250 1203 τοσοῦτον
1307 1143 1529 1228 ἔφθασεν
1588 1149 1782 1227 μέτρον
1843 1171 2008 1224 μετα-

360 1235 506 1298 νοίας
537 1239 612 1301 ὡς
660 1239 718 1291 ἂν
769 1237 1284 1314 ἀποκαρτερήσασαν
1333 1238 1535 1309 ταύτην
1580 1243 1649 1312 τῇ
1703 1239 2003 1316 ἐγκρατείᾳ,

361 1327 454 1382 καὶ
486 1327 640 1400 λιμῷ
670 1325 843 1384 θέλειν
879 1329 1073 1399 ἐαυτήν
1102 1329 1416 1384 ἀποκτεῖναι
1443 1347 1456 1360 ·
1485 1334 1647 1384 τοῦτο
1698 1351 2008 1406 προσευχο-

364 1417 498 1490 μένη
537 1420 670 1490 μετά
715 1417 982 1493 δακρύων,
1026 1419 1114 1474 καὶ
1153 1423 1250 1474 τοῦ
1291 1423 1424 1474 Θεοῦ
1475 1417 1730 1492 δεομένη,
1777 1421 1866 1476 καὶ
1913 1420 2006 1475 λέ-

359 1529 548 1582 γουσα,
609 1509 692 1564 δτι
753 1513 809 1564 Ὃ
868 1509 1000 1571 Θεὸς
1053 1510 1080 1564 6
1141 1511 1336 1586 μέγας,
1381 1511 1409 1564 ὁ
1457 1509 1738 1583 βαστάζων
1795 1513 2008 1565 πάντων

359 1599 524 1670 ἡμῶν
555 1599 619 1652 τὰ
669 1601 1060 1675 ἁμαρτήματα,
1108 1599 1198 1653 καί
1247 1599 1448 1654 παντὸς
1489 1599 1585 1655 τοῦ
1638 1600 1847 1672 κόσμου
1905 1603 2004 1669 τήν

361 1687 599 1763 ἄμετρον
646 1691 860 1760 κακίαν,
895 1690 922 1743 6
958 1691 1032 1762 μη
1089 1688 1432 1762 βουλόμενος
1481 1690 1572 1744 τὸν
1625 1691 1848 1745 θάνατον
1899 1695 2007 1746 τῶν

361 1781 731 1856 ἁμαρτωλῶν,
763 1781 852 1836 καὶ
897 1783 994 1851 τὴν
1048 1781 1324 1836 ἀπώλειαν
1377 1787 1484 1838 τῶν
1532 1783 1828 1852 πεσόντων,
1878 1783 2005 1839 ἀλλ’

360 1867 526 1925 ἐλεῶν
557 1875 724 1924 πᾶσαν
758 1871 856 1938 τὴν
887 1870 1058 1925 κτίσιν
1087 1891 1098 1902 ·
1133 1874 1225 1925 σὸν
1253 1871 1352 1946 γάρ
1386 1871 1498 1928 ἐστι
1537 1873 1752 1944 θέλημα
1795 1875 1856 1928 τὸ
1889 1877 2002 1927 σώ-

361 1963 540 2030 ζεσθαι
575 1963 806 2024 πάντας.
842 1962 904 2015 Εἰ
935 1962 1026 2015 οὖν
1059 1962 1148 2016 καὶ
1195 1959 1290 2034 ἐμὲ
1337 1965 1434 2030 τήν
1486 1962 1838 2036 ἀπολομένην
1891 1986 2000 2018 σω-

360 2055 518 2122 θήναι
551 2051 746 2124 θέλεις,
779 2053 832 2108 ἐν
865 2055 1046 2126 τούτῳ
1072 2076 1164 2127 μοι
1198 2052 1367 2125 δεῖξον
1410 2058 1512 2124 τὴν
1560 2059 1658 2125 σὴν
1711 2059 2001 2132 ἀγαθωσύ-

356 2165 472 2212 νην,
502 2143 592 2196 καὶ
629 2146 720 2196 νῦν
766 2139 856 2204 δὸς
902 2143 1096 2221 φθάσαι
1149 2141 1232 2198 ἐπ’
1275 2143 1398 2217 ἐμοὶ
1445 2145 1514 2200 τά
1562 2147 1835 2220 θαυμάσιά
1881 2169 1998 2219 σου,

354 2231 442 2284 καὶ
483 2229 736 2284 κέλευσον
783 2234 1116 2308 συναχθῆναι
1165 2233 1255 2285 τὸν
1306 2235 1508 2307 καρπὸν
1542 2241 1641 2303 τῆς
1693 2235 1830 2308 ἐμῆς
1871 2236 1998 2290 ἀνο-

359 2319 483 2393 μίας
538 2323 600 2375 τὸ
651 2319 962 2397 συλληφθέν
1043 2319 1096 2374 ἐν
1147 2321 1422 2398 ἀσελγείᾳ,
1483 2325 1570 2378 καὶ
1633 2327 1886 2400 γεννηθὲν
1943 2325 1996 2380 ἐν

359 2409 596 2483 ἁμαρτίᾳ
650 2416 750 2478 τῆς
804 2407 942 2482 ἐμῆς
991 2407 1268 2472 ἀπωλείας
1309 2453 1322 2466 .
1376 2411 1498 2464 Ἐὰν
1548 2413 1650 2486 γὰρ
1696 2417 1856 2468 τοῦτο
1919 2417 1994 2487 μή

362 2501 606 2576 γένηται,
700 2499 912 2574 ἀγχόνῃ
945 2493 1062 2573 ἔχω
1109 2503 1438 2576 χρήσασθαι,
1471 2499 1506 2570 ἤ
1541 2503 1732 2572 ἑαυτὴν
1786 2502 2000 2560 δισκεῦ-

364 2611 490 2646 σαι.
541 2595 752 2646 Ἕνεκεν
802 2587 1000 2644 τούτου
1059 2587 1286 2664 δεομένη
1344 2591 1667 2664 εἰσηκούσθη
1697 2637 1712 2651 .
1771 2595 1842 2648 Τὸ
1893 2595 1996 2671 γάρ

359 2681 546 2756 τεχθὲν
581 2678 643 2734 οὒ
678 2679 811 2753 μετά
840 2678 982 2734 πολὺ
1017 2678 1361 2750 ἐτελεύτησεν
1431 2682 1564 2736 Ἀπὸ
1597 2684 1688 2736 οὗν
1717 2689 1816 2753 τῆς
1862 2685 1998 2756 ἡμέ-

355 2791 450 2845 ρας
475 2769 682 2839 ἐκείνης
713 2773 792 2842 τῷ
817 2770 910 2842 μὲν
935 2770 1134 2840 ταύτην
1163 2768 1644 2844 αἰχμαλωτίσαντι
1669 2773 1850 2828 οὐκέτι
1875 2797 1993 2830 συν-

353 2860 562 2937 έτυχεν,
600 2855 819 2914 ἔκδοτον
851 2858 908 2913 δὲ
939 2861 1131 2928 ἑαυτὴν
1157 2859 1232 2922 εἷς
1267 2863 1429 2933 ἄκραν
1461 2863 1780 2936 ἐγκράτειαν
1813 2862 1990 2920 δέδω-

347 2973 434 3006 κεν
469 2970 480 2982 ·
522 2950 801 3012 νοσούσαις
831 2951 918 3003 καὶ
965 2945 1382 3022 λελωϐημέναις
1429 2950 1869 3028 ἐξυπηρετγςσατο
1901 2955 1990 3010 ἐπὶ

343 3044 632 3116 τριάκοντα
689 3034 784 3110 ἔτη
819 3083 834 3098 .
885 3039 1070 3102 Οὕτως
1126 3041 1216 3093 τὸν
1264 3041 1392 3094 Θεὸν
1454 3039 1840 3116 δυσωπήσασα,
1899 3048 1988 3101 καὶ

335 3127 504 3186 ’ίλεων
533 3131 695 3202 ἑαυτῇ
726 3131 1124 3198 καταστήσασα,
1158 3129 1232 3190 ὡς
1259 3129 1710 3206 ἀποκαλυφθῆναί
1743 3155 1850 3188 τινι
1870 3141 1978 3190 τῶν

1643 319 2016 382 HISTORIA
2059 321 2473 384 LAUSIACA.

2030 461 2070 526 Α
2107 456 2284 528 χωρὶς
2315 457 2412 508 τοῦ
2441 455 2631 527 τιμίου
2669 455 2935 528 βήματος,
2967 475 3056 510 και
3093 448 3167 529 μη
3212 455 3344 510 ειναί
3387 477 3450 530 με
3482 457 3624 524 ἄξιον
3658 463 3753 512 106

3598 327 3754 386 1242

2119 543 2251 598 εἶναι
2282 543 2548 618 κληρικὸν
2580 553 2679 614 τῆς
2721 552 2818 614 σῆς
2861 547 3189 620 ἁγιωσύνης,
3224 546 3476 602 κέλευσόν
3531 568 3624 620 μοι
3657 549 3756 602 αῦ-

2117 635 2214 703 τήν
2249 635 2353 688 ἀπὸ
2382 638 2478 688 τοῦ
2509 639 2598 688 νῦν
2636 633 2861 704 δοθῆναι
2894 635 2968 698 εἷς
3001 642 3228 711 γυναῖκα
3255 679 3266 690 .
3321 633 3456 691 Οῦτε
3486 637 3590 712 γὰρ
3640 635 3764 692 λοι-

2117 725 2215 778 πὸν
2247 723 2356 798 ἐγὼ
2387 723 2680 798 κληρικὸς,
2715 722 2838 779 οὕτε
2871 722 2928 779 δέ
2957 724 3130 794 ἐκείνη
3165 726 3422 800 παρθένος
3445 767 3456 780 .
3499 727 3764 790 Ἀκούσας

2118 811 2173 867 δὲ
2219 817 2386 868 ταῦτα
2433 815 2460 868 6
2511 814 2827 884 ἐπίσκοπος,
2878 813 2968 868 καὶ
3023 815 3050 867 6
3091 812 3456 890 πρεσϐύτερος
3503 817 3529 869 6
3579 819 3758 890 πατὴρ

2118 901 2308 970 αὐτῆς,
2333 897 2550 962 ἔκδοτον
2583 905 2751 974 αὐτην
2785 901 3049 958 δεδώκασι
3090 907 3168 975 τῷ
3217 903 3555 979 ἀναγνώστῃ,
3589 927 3764 980 προσ-

2118 987 2444 1061 δοκήσαντες
2496 991 2792 1048 διακεῖσθαι
2823 993 2915 1048 τὸν
2967 993 3228 1068 νεώτερον
3261 994 3382 1066 περὶ
3433 993 3621 1064 αὐτὴν,
3673 995 3762 1048 καὶ

2117 1079 2306 1144 ἄλλως
2340 1083 2416 1154 μή
2451 1079 2704 1136 δύνασθαι
2755 1082 3098 1150 ἀποκοπῆναι
3131 1083 3228 1150 τῆς
3277 1081 3558 1151 συνηθείας
3585 1125 3596 1138 .
3649 1091 3762 1138 Λα-

2117 1165 2227 1224 ϐὼν
2272 1167 2328 1224 δὲ
2376 1171 2540 1240 αὐτὴν
2573 1172 2600 1225 ὁ
2649 1172 2914 1244 νεώτερος
2965 1171 3042 1233 είς
3087 1170 3181 1232 τάς
3225 1175 3434 1245 χεῖρας,
3478 1171 3568 1224 καὶ
3619 1173 3760 1246 παρά

2115 1265 2211 1314 τοῦ
2265 1259 2586 1326 ἐπισκόπου,
2639 1263 2726 1316 καὶ
2761 1262 2906 1336 παρά
2935 1267 3032 1316 τοῦ
3082 1263 3285 1336 πατρὸς
3340 1262 3535 1331 αὐτῆς,
3587 1283 3761 1336 παρα-

2117 1350 2346 1412 καλέσας
2397 1348 2453 1406 δέ
2498 1352 2692 1420 αὐτὴν,
2743 1351 3039 1427 ἀπαγαγὼν
3089 1349 3289 1422 ταύτην
3342 1353 3602 1424 παρέθετο
3655 1375 3756 1426 μο-

2116 1441 2392 1514 ναστηρίῳ
2431 1447 2724 1517 γυναικῶν,
2773 1441 3156 1516 παρακαλέσας
3183 1443 3282 1510 τὴν
3329 1441 3520 1496 αὐτόθι
3569 1439 3754 1497 διάκο-

2115 1551 2206 1586 νον
2236 1540 2336 1602 τῆς
2369 1531 2738 1609 ἀδελφότητος
2776 1534 2944 1609 μέχρι
2974 1535 3080 1586 τῶν
3113 1533 3334 1605 ἡμερῶν
3385 1535 3482 1585 τοῦ
3530 1538 3752 1588 τοκετοῦ

2115 1621 2284 1692 αὐτῆς
2316 1623 2644 1698 ἀνασχέσθαι
2673 1622 2874 1692 ταύτης
2906 1665 2918 1678 .
2969 1621 3070 1676 Καὶ
3115 1620 3430 1676 καταλιπὼν
3477 1621 3645 1692 αὐτὴν
3701 1623 3752 1677 ἐν

2113 1715 2194 1782 τῷ
2227 1711 2574 1785 μοναστηρίῳ
2607 1711 2633 1764 6
2666 1711 3032 1786 ἀναγνώστης,
3067 1709 3316 1765 ἀπελθὼν
3347 1711 3535 1765 ἑαυτὸν
3568 1711 3758 1788 ἐγκαθ-

2033 1837 2082 1902 Β
2117 1805 2283 1878 εἶρξεν
2341 1803 2416 1866 εἷς
2472 1801 2692 1857 κελλίον
2751 1800 3067 1876 αὒχμηρὸν,
3129 1797 3415 1855 ἀναλαϐὼν
3472 1801 3751 1857 πολιτείαν

2113 1893 2540 1969 σκληραγωγίας
2586 1893 2914 1966 ἀκροτάτην,
2967 1887 3288 1964 προσελθὼς
3319 1895 3398 1962 τῷ
3427 1895 3648 1964 Χριστῷ
3697 1892 3748 1946 ἐν

2109 1983 2304 2060 καρδίᾳ
2362 1982 2812 2059 συντετριμμένῃ,
2877 1981 3010 2054 μετά
3065 1981 3296 2036 πολλῶν
3353 1979 3598 2056 δακρύων
3657 1986 3747 2037 καὶ

2111 2072 2446 2150 στεναγμῶν,
2480 2073 2656 2149 λέγων
2683 2119 2694 2130 .
2729 2075 2802 2127 Σὺ
2827 2069 3004 2144 οἶδας,
3028 2071 3207 2146 Κύριε,
3229 2071 3323 2134 τάς
3352 2070 3486 2144 ἐμάς
3507 2071 3748 2146 πράξεις,

2110 2167 2137 2218 ὁ
2169 2165 2527 2237 ἐπιστάμενος
2559 2165 2730 2217 πάντα
2761 2162 2816 2216 ὃν
2855 2159 3006 2214 οὐδὲν
3039 2159 3271 2230 λέληθεν
3296 2204 3308 2217 .
3357 2157 3491 2216 Οὐδὲ
3523 2155 3633 2214 ἔστι
3662 2182 3745 2225 τις

2106 2255 2275 2318 τόπος
2323 2254 2632 2326 ἀπόκρυφος
2683 2250 2734 2306 ἐν
2790 2251 2834 2322 ᾧ
2875 2271 2958 2312 τις
3005 2243 3444 2323 ἀποκρυῦήσεται
3495 2257 3594 2318 τῆς
3647 2257 3743 2319 σῆς

2108 2346 2446 2422 παντεφόρου
2482 2343 2764 2416 δυνάμεως
2793 2386 2804 2398 .
2848 2346 2903 2394 Ὀ
2935 2337 3091 2402 εἰδὼς
3125 2341 3189 2394 τὰ
3219 2338 3386 2394 πάνεα
3434 2342 3557 2414 πρὶν
3600 2340 3750 2415 γενέ-

2110 2437 2249 2503 σθαι,
2285 2433 2346 2487 σὺ
2379 2435 2544 2506 μόνος
2580 2433 2801 2506 βλέπεις
2839 2431 2974 2504 βάθη
3011 2429 3318 2504 λογισμῶν,
3359 2429 3448 2484 καὶ
3480 2436 3622 2484 πᾶσα
3665 2428 3750 2484 ἔν-

2107 2547 2228 2580 νοια
2257 2525 2402 2600 παρά
2435 2527 2529 2578 σοῦ
2563 2525 2752 2596 ὁρᾶται
2804 2520 3246 2597 όφθαλμοφανῶς
3273 2539 3285 2552 ·
3321 2522 3382 2574 σὺ
3415 2519 3487 2574 ὤν
3523 2519 3748 2592 ἐταστὴς

2107 2615 2454 2688 ἐνθυμήσεως
2503 2613 2626 2682 ὀξὺς
2677 2609 2910 2680 δικάζεις
2945 2605 3224 2685 ἀκριϐῶς·
3262 2610 3322 2664 σὺ
3370 2609 3741 2684 ἀδικουμένων

2109 2704 2310 2782 βοηθός
2335 2721 2350 2738 ο
2377 2705 2542 2765 αὐτὸς
2575 2703 2623 2758 εἴ
2651 2701 3167 2780 συκοφαντουμένων
3211 2694 3424 2761 ἔκδικος
3459 2700 3746 2776 ἀπαραλό-

2103 2819 2308 2872 γιστος,
2339 2795 2384 2868 ᾧ
2417 2791 2567 2850 οὐδὲν
2619 2794 2830 2870 ἀρέσκει
2873 2797 2980 2847 τῶν
3031 2788 3231 2845 ἀδίκων
3257 2837 3272 2850 .
3325 2796 3476 2846 Πᾶσα
3509 2789 3564 2846 δὲ
3596 2792 3738 2866 ῥοπὴ

2105 2890 2268 2962 ζυγοῦ
2306 2883 2652 2954 δικαιοσύνης
2695 2881 2840 2955 παρά
2889 2881 2976 2934 σοί
3007 2927 3019 2938 .
3075 2881 3306 2953 Ιιάρεστι
3353 2882 3458 2955 γὰρ
3517 2879 3744 2935 πάντοτέ

2102 2997 2186 3030 σοι
2219 2981 2333 3052 φῶς
2364 2976 2680 3050 ἀπρόσιτον,
2713 2971 2803 3026 καὶ
2837 2975 2937 3024 πᾶν
2969 2967 3120 3044 ἔργον
3156 2971 3456 3038 ἀνθρώπων
3505 2969 3738 3024 ἐνώπιόν

2101 3065 2194 3119 σού
2225 3063 2367 3118 ἐστιν
2395 3108 2408 3120 .
2460 3070 2563 3132 Τῆς
2598 3061 2688 3116 οὖν
2735 3067 2832 3129 σῆς
2869 3059 2982 3113 ἐστι
3025 3057 3232 3120 δικαίας
3281 3060 3369 3112 καὶ
3420 3057 3740 3131 ἀπαραλλά-

2099 3173 2229 3208 κτου
2279 3153 2513 3226 πρίσεως
2575 3152 2846 3226 ἀποφῆναι
2903 3149 2990 3202 καὶ
3048 3147 3144 3213 τὴν
3191 3144 3346 3215 δίκην
3395 3149 3494 3214 τὴν
3553 3143 3688 3220 ἐμήν
3720 3190 3734 3205 ,

339 3222 508 3296 ἁγίων
559 3217 961 3294 πρεσϐυτέρων,
1016 3219 1096 3272 δτι
1131 3225 1194 3273 Ἡ
1223 3219 1367 3274 δεῖνά
1401 3243 1492 3294 μοι
1530 3221 1740 3295 μᾶλλον
1793 3226 1978 3300 εὖηρέ-
2011 3213 2052 3280 C
2095 3213 2550 3318 Προσευὶομένου
2594 3213 2708 3295 τοῖί
2748 3237 3026 3293 νεανίσκου
3073 3235 3316 3305 ἐκτενῶς,
3367 3239 3458 3290 καὶ
3506 3239 3575 3308 τῇ
3623 3259 3730 3307 νη-

340 3331 530 3382 στησεν
561 3310 612 3364 ἐν
662 3313 731 3383 τῇ
785 3309 1060 3382 μετανοίᾳ,
1161 3309 1210 3362 ἐν
1255 3313 1322 3382 τῇ
1373 3313 1630 3384 παρθενίᾳ
1655 3357 1670 3372 .
1720 3319 1892 3369 Ταῦτα
1924 3313 1980 3370 δὲ

337 3401 551 3477 γράφω,
582 3397 676 3454 1’ίνα
711 3399 786 3472 μή
819 3404 1243 3476 καταφρονῶμεν
1276 3405 1382 3454 τῶν
1423 3399 1610 3456 πολλά
1641 3404 1980 3478 ἁμαρτανόν-

337 3513 468 3560 των,
501 3489 590 3544 καὶ
623 3491 684 3544 ἐκ
728 3488 951 3564 καρδίας
998 3489 1396 3562 μετανοούντων
1423 3510 1435 3522 ·
1468 3493 1644 3555 καθὼς
1676 3495 1764 3548 καὶ
1810 3497 1842 3564 ἡ
1880 3517 1978 3570 μα-

339 3578 500 3653 καρία
548 3577 682 3648 αῦτη
712 3579 812 3648 τὴν
869 3579 1064 3648 ἑαυτῆς
1113 3576 1335 3652 καρδίαν
1385 3581 1737 3654 συντρίψασα,
1786 3584 1874 3638 καὶ
1923 3583 1976 3640 ἐν

333 3669 804 3748 ταπεινοφροσύνῃ
869 3671 969 3738 τὴν
1035 3669 1230 3738 ἑαυτῆς
1303 3671 1448 3740 ζωὴν
1513 3675 1974 3750 καθυποτάξασα,

336 3761 434 3814 οὐκ
495 3757 824 3831 ἐξουδενώθη
899 3759 1046 3832 παρά
1104 3763 1201 3812 τοῦ
1267 3761 1540 3815 Δεσπότου

1621 3768 1726 3816 τῶν
1815 3785 1974 3836 μετα·

333 3871 358 3902 ν
372 3849 609 3903 οούντων
641 3890 656 3904 .

887 3923 1125 3972 ΚΕΦΑΛ
1161 3961 1174 3974 .
1231 3921 1400 3975 ΡΜΑ¹
1424 3963 1438 3976 .

407 3999 538 4074 Περὶ
571 4005 672 4066 τῆς
705 3999 1187 4074 συκοφαντησάσης
1218 3999 1568 4074 ἀναγνώστην
1597 4003 1720 4057 τινά
1743 4047 1756 4060 .

407 4075 788 4161 ΙΙρεσϐυτέρου
817 4079 958 4161 τινὸς
990 4077 1234 4154 θυγάτηρ
1267 4079 1526 4153 παρθένος
1577 4083 1627 4136 έν
1679 4087 1974 4161 Καισαρείᾳ

333 4169 432 4231 τῆς
459 4159 846 4230 Παλαιστίνης,
873 4159 932 4213 ἐκ
949 4162 1184 4212 πεσοῦσα
1205 4161 1350 4233 παρά
1379 4165 1476 4215 τοῦ
1497 4163 1696 4233 ταύτην
1727 4159 1974 4240 φθείρανέ

331 4264 444 4312 τος,
479 4239 740 4314 ἐδιδάχθη
777 4239 1122 4312 ἀναγνώστην
1151 4241 1266 4293 τινὰ
1297 4247 1396 4309 τῆς
1443 4241 1658 4306 πόλεως
1707 4239 1974 4324 συκοφαν-

334 4330 518 4394 τῆσαι,
549 4321 780 4392 κάκείνῳ
810 4321 1108 4394 περιθεῖναι
1157 4321 1254 4387 τήν
1308 4317 1706 4396 διεφθαρμένην
1757 4317 1930 4382 αἰτίαν
1957 4373 1969 4386 .

333 4405 430 4458 Καὶ
490 4403 758 4478 γενομένη
819 4401 954 4472 πρὸς
1006 4401 1255 4476 γαστρὸς,
1315 4399 1612 4474 ἐταζομένη
1675 4407 1819 4480 παρὰ
1875 4409 1971 4463 τοῦ

329 4483 473 4538 ἰδίου
501 4483 725 4556 πατρὸς,
757 4486 1008 4536 κατεῖπον
1049 4484 1145 4534 τοῦ
1186 4481 1530 4554 ἀναγνώστου
1556 4529 1569 4542 .
1620 4485 1878 4550 ’Δκούσας
1913 4489 1970 4546 δὲ

2093 3333 2240 3406 στείᾳ
2269 3335 2804 3408 προσκαρτεροῦντος
2835 3326 3116 3402 ἐμμελῶς,
3177 3324 3324 3386 ἐντὸς
3357 3323 3549 3400 ὀλίγου
3602 3325 3734 3400 χρό-

2087 3446 2178 3479 νου
2227 3424 2580 3499 παρεγένοντο
2613 3421 2666 3475 α¹ι
2699 3421 2904 3495 ἡμέραι
2950 3422 3046 3474 τοῦ
3089 3421 3316 3472 τοκετοῦ
3366 3417 3535 3486 αὐτῆς
3566 3461 3579 3474 .
3629 3419 3728 3472 Καὶ

2090 3514 2346 3583 ἐνστάσης
2395 3521 2492 3582 τῆς
2539 3512 2705 3585 ὥρας,
2763 3507 3086 3586 παρεγένετο
3137 3509 3224 3562 καὶ
3256 3509 3289 3578 ἡ
3325 3505 3503 3562 δικαία
3551 3507 3726 3582 κρίσις

2085 3601 2180 3650 τοῦ
2212 3599 2344 3650 Θευῦ
2377 3593 2614 3669 φέρουσα
2645 3593 2926 3664 ἀπότομον
2982 3587 3172 3655 ὀδύνην
3205 3590 3292 3642 καὶ
3337 3588 3610 3666 ἀφόρητον
3655 3593 3724 3662 τῇ

2089 3667 2536 3751 συκοφαντησάσῃ
2565 3690 2578 3702 ·
2638 3670 2728 3726 καὶ
2781 3675 3089 3744 στεναγμῶν
3133 3668 3346 3736 πλῆθος
3395 3667 3720 3742 ἀμέτρητον,

2087 3749 2276 3816 ὠδῖνες
2323 3754 2502 3808 πόνων
2561 3749 2970 3824 ἂνεκδιήγητοι,
3021 3751 3398 3822 καταχθονίων
3446 3749 3720 3818 κολαστη-

2088 3835 2218 3910 ρίων
2251 3835 2462 3908 ὁράσεις
2495 3828 2742 3910 φοϐεραὶ,
2777 3830 2977 3897 ταύτην
3007 3831 3105 3898 την
3157 3827 3350 3882 ἀθλίαν
3393 3826 3722 3902 πολιορκοῦ-

2086 3903 2171 3970 σαι
2207 3903 2444 3990 ἰσχυρῶς
2470 3933 2480 3945 ·
2507 3903 2606 3967 ’καὶ
2636 3913 2698 3966 τὸ
2729 3909 2928 3987 βρέφος
2957 3915 3055 3979 τῆς
3081 3909 3308 3984 γαστρὸς
3349 3911 3430 3990 τῷ
3474 3903 3624 3990 δγκῳ
3657 3910 3720 3964 οὐ

2081 3985 2458 4068 προέκυπτεν.
2501 3985 2788 4067 Παρῆλθεν
2837 3985 3018 4063 ἡμέρα
3071 3988 3288 4064 πρώτη,
3334 3988 3426 4042 καὶ
3479 3985 3724 4065 δευτέρα,

2081 4079 2170 4132 καὶ
2205 4074 2396 4138 ὠδῖνες
2428 4074 2826 4152 ὰφορητότεραι
2854 4091 2865 4104 ·
2905 4069 3098 4140 ἐπέστη
3131 4068 3314 4143 τρίτη,
3345 4069 3432 4124 καὶ
3469 4071 3724 4144 τετάρτη,

2082 4165 2171 4221 καὶ
2203 4167 2266 4220 τὸ
2297 4161 2460 4239 ἄλγος
2491 4159 2926 4220 πολλαπλασίως
2978 4158 3368 4234 χαλεπώτερον
3395 4174 3408 4187 ·
3457 4153 3724 4226 διεδέξατο

2083 4247 2305 4319 πέμπτη
2339 4235 2428 4298 καὶ
2457 4239 2588 4312 ἕκτη
2625 4243 2714 4294 σὺν
2766 4235 2978 4312 ἐϐδόμῃ
3032 4241 3304 4311 σκοτεινῇ,
3337 4237 3427 4291 καὶ
3459 4239 3493 4304 ἡ
3533 4237 3728 4291 ταλαί-

2083 4316 2270 4400 πωρος
2301 4325 2432 4400 γυνὴ
2463 4323 2568 4378 ἀπὸ
2602 4320 2821 4388 πολλῆς
2861 4319 3010 4380 ἀνίας
3060 4323 3140 4390 τῷ
3187 4316 3289 4392 ᾃδῃ
3335 4317 3685 4394 προσωμίλει
3712 4337 3726 4350 ·

2083 4407 2133 4462 ἐν
2177 4399 2394 4468 ταύταις
2453 4405 2607 4466 ὅλαις
2662 4407 2780 4464 ταῖς
2839 4399 3074 4476 ἡμέραις
3131 4399 3260 4480 μηδ’
3313 4399 3458 4464 ὅλως
3515 4409 3724 4480 τροφῆς

2083 4481 2532 4562 προσλαϐομένη,
2597 4479 2736 4556 μηδὲ
2781 4481 2844 4536 τὸ
2899 4481 3066 4554 τυχὸν
3116 4479 3286 4535 ὕπνου
3339 4479 3682 4556 μετασχοῦσα

325 4571 492 4618 τοῦτο
545 4567 572 4618 6
625 4558 1012 4636 πρεσϐύτερος,
1057 4561 1147 4613 καὶ
1193 4563 1507 4634 ταραχθεὶς,
1553 4563 1845 4640 ἀνήνεγκεν
1895 4571 1975 4642 τῷ
2009 4576 2055 4640 D
2082 4558 2208 4622 ἀλλ’
2240 4567 2511 4642 οἱμωγαῖς
2549 4563 2792 4638 βασάνων
2835 4561 3033 4622 πόνους
3083 4559 3410 4630 ἀνηκέστους
3463 4558 3723 4632 διαδεχο-

327 4642 645 4714 ἐπισκόπῳ.
693 4643 895 4698 Μαθὼν
941 4644 1106 4694 τοῦτο
1157 4642 1184 4693 6
1227 4639 1539 4712 ἐπίσκοπος,
1589 4639 1974 4720 συνεκρότησεν

325 4726 387 4778 τὸ
419 4725 722 4792 ἱερατεῖον·
775 4721 864 4774 καὶ
915 4721 1238 4788 ποιήσαντες
1285 4720 1558 4792 κληθῆναι
1605 4725 1696 4780 τὸν
1745 4729 1974 4805 ἀναγνώ-

327 4824 458 4870 στην
493 4797 808 4869 ἐϐασάνιζον
843 4801 942 4868 τὴν
975 4799 1225 4854 ὑπόθεσιν
1273 4805 1370 4856 τοῦ
1399 4802 1715 4879 πράγματος
1744 4851 1756 4863 ,
1795 4797 1972 4882 ’3ρω-

324 4883 568 4954 τώμενος
617 4879 798 4934 τοίνυν
843 4880 870 4933 ὁ
915 4879 1266 4953 ἀναγνώστης
1319 4883 1462 4953 παρά
1512 4888 1609 4938 τοῦ
1653 4879 1972 4960 ἐπισκόπον,

327 4962 436 5036 οὐχ
466 4959 782 5034 ὡμολόγει·
817 4959 881 5014 τὸ
913 4961 1016 5034 γὰρ
1063 4961 1139 5032 μή
1189 4963 1432 5038 πραχθέν
1465 4965 1592 5038 παρ’
1637 4966 1805 5022 αὐτοῦ
1853 4975 1972 5032 πῶς

330 5041 402 5098 ἔνι
443 5043 533 5097 καὶ
567 5042 840 5115 ῥηθῆναι;
895 5042 1234 5123 ’Δγανακτῶν
1282 5041 1373 5096 οὖν
1404 5043 1432 5098 6
1465 5043 1783 5118 ἐπίσκοπος,
1836 5053 1974 5123 μετά

329 5119 755 5198 ἐμϐριθεστάτης
800 5125 984 5206 φωνῆς
1013 5116 1192 5194 ἔλεγεν
1243 5121 1460 5206 τούτῳ·
1509 5126 1626 5200 Οὐχ
1676 5116 1974 5206 ὁμάλόγεῖς

329 5227 430 5260 σου
460 5205 520 5260 τὸ
551 5207 816 5274 πταῖσμα,
849 5202 940 5254 καί
975 5205 1274 5272 μετανοεῖς,
1303 5199 1456 5256 ἄθλιε
1494 5206 1582 5258 καὶ
1613 5199 1967 5286 ταλαίπωρε,

325 5286 415 5338 καὶ
475 5280 806 5355 ἀκαθαρσίας
865 5279 1284 5352 μεμεστωμένε;
1346 5281 1697 5358 ’Δπεκρίνατο
1755 5289 1782 5342 6
1842 5279 1969 5346 ἀναῼ

323 5365 570 5441 γνώστης
600 5383 614 5397 ·
645 5362 790 5438 Ἐγὼ
821 5358 1020 5433 δέομαί
1051 5381 1168 5430 σου,
1201 5361 1262 5413 τὸ
1293 5361 1350 5415 ὃν
1385 5363 1556 5435 εἶπον,
1589 5365 1672 5422 ὅτι
1705 5367 1758 5423 ἐν
1788 5372 1968 5444 τούτῳ

318 5439 542 5519 πρᾶγμα
570 5441 668 5497 οὐκ
697 5439 813 5515 ἔχω
839 5461 850 5474 '
899 5439 1138 5519 ἀναίτιος
1193 5441 1292 5516 γάρ
1344 5441 1458 5514 εἰμι
1495 5448 1586 5500 καὶ
1621 5455 1720 5518 τῆς
1764 5439 1968 5515 ἐννοίας

314 5518 412 5590 τῆς
441 5518 578 5600 πρὸς
607 5523 841 5592 ἐκείνην.
886 5521 950 5578 Εἰ
984 5518 1051 5602 δὲ.
1074 5519 1264 5575 θέλετε
1308 5521 1533 5582 ἀκοῦσαι
1557 5527 1619 5581 τὸ
1654 5531 1729 5602 μὴ
1763 5531 1820 5586 ὃν
1871 5532 1966 5589 ’ἱνα

315 5605 475 5678 εἴπω,
533 5605 832 5680 πέπραχα,
889 5599 1061 5657 Τοῦτδ
1121 5602 1290 5657 αὐτοῦ
1349 5599 1663 5680 εἰρηκότος,
1715 5613 1960 5670 καθεῖλεν

315 5693 504 5744 τοῦτον
533 5691 634 5743 τοῦ
665 5685 1026 5762 ἀναγνώστου.
1089 5684 1237 5772 μετὰ
1285 5688 1444 5740 τοῦτο
1477 5693 1796 5763 προσπεσὼν
1823 5717 1964 5772 παρ-

315 5767 498 5825 εκάλει
544 5769 636 5824 τὸν
687 5765 1008 5834 ἐπίσκοπον,
1055 5763 1232 5840 λέγων
1278 5783 1292 5798 ·
1341 5765 1402 5820 Εἰ
1434 5770 1594 5826 τοῦτό
1640 5793 1724 5828 σοι
1765 5763 1962 5852 ἔδοξέν,

311 5851 470 5932 κύριε
499 5851 782 5924 ἐπίσκοπε,
809 5844 998 5920 ἐπειδὴ
1039 5845 1212 5919 εἶπον,
1259 5847 1388 5918 Ναὶ,
1437 5845 1680 5924 ἔπταισα,
1735 5844 1962 5935 εἶναί-με

2089 4639 2455 4720 μένων,νμετά
2493 4649 2660 4700 ταῦτα
2705 4643 2878 4698 πάντα
2923 4647 3040 4703 ταῖς
3091 4647 3427 4716 προσευχαῖς
3478 4639 3574 4695 τοῦ
3603 4661 3722 4694 νεα-

2078 4727 2286 4798 νίσκου,
2317 4729 2352 4796 ἡ
2393 4729 2492 4794 τῆς
2523 4723 2918 4799 διεφθαρμένης
2971 4722 3062 4777 καὶ
3094 4721 3438 4797 ψευδηγόρου
3489 4721 3722 4794 ἀμείλι-

2077 4831 2204 4871 κτος
2231 4805 2428 4882 καρδία
2462 4811 2578 4868 τοῖς
2611 4803 2959 4867 ἀνυποίστοις
3009 4803 3218 4872 πόνοις,
3271 4803 3363 4858 καὶ
3395 4805 3428 4872 ἡ
3465 4801 3726 4876 ἐξομολό-

2077 4911 2240 4964 γησις
2270 4888 2587 4957 συνεξῆλθεν
2633 4891 2848 4963 γοεραῖς
2901 4889 3105 4964 φωναῖς
3161 4885 3381 4960 βοῶσα·
3435 4885 3604 4958 Οἴμοι
3650 4888 3720 4958 τῇ

2077 4963 2261 5042 ἀθλία,
2293 4967 2590 5024 κινδυνεύω
2617 4965 2915 5022 ἀπολέσθαι
2949 4963 3067 5020 δυσὶ
3111 4969 3298 5028 κακοῖς
3331 4971 3718 5041 περιπεσοῦσα,

2077 5053 2406 5130 συκοφαντίᾳ
2449 5052 2538 5105 καὶ
2587 5048 2847 5126 πορνείᾳ·
2899 5047 3160 5104 ἀπώλεσά
3221 5069 3324 5122 μου
3375 5051 3473 5119 τὴν
3525 5051 3717 5120 παρθε-

2074 5127 2233 5204 νίιπιν,⁷
2269 5129 2593 5206 διχοστασίᾳ
2649 5127 2992 5202 παρεδόθην·
3057 5130 3157 5183 ὑπὸ
3215 5130 3400 5204 ἐτέρου
3457 5129 3718 5204 καταφθα·

3692 5207 3706 5224 \

2077 5219 2245 5288 ρεῖσα,
2299 5205 2396 5268 τοῦ
2457 5211 2801 5287 ἀναγνώστου
2849 5208 3236 5284 κατηγόρησα.
3289 5209 3610 5288 Ἀκούσασαι
3660 5205 3717 5260 δὲ

2072 5285 2238 5348 ταῦτα
2269 5293 2323 5346 αἱ
2373 5285 2626 5366 παρθένοι
2675 5293 2772 5344 τοῦ
2821 5289 3188 5362 μοναστηρίου
3230 5289 3309 5360 τῷ
3339 5287 3498 5362 πατρί
3526 5285 3718 5366 Δαὐτῆς

2073 5373 2419 5449 ἀπήγγειλαν
2452 5363 2532 5425 Ἵτά
2567 5371 2738 5426 πάντα
2764 5413 2778 5428 .
2818 5371 2875 5424 Ὀ
2927 5367 2984 5424 δέ
3031 5371 3212 5443 πατὴρ
3259 5369 3428 5435 αὐτῆς
3461 5363 3710 5438 αἰδούμε-

2072 5477 2158 5518 νος
2192 5447 2317 5515 τοὺς
2349 5453 2554 5515 πάντας
2587 5455 2659 5514 ὡς
2697 5455 2772 5526 μή
2821 5453 3264 5526 καταγνωσθῆναι
3295 5447 3380 5502 ἐπὶ
3434 5451 3502 5521 τῇ
3555 5469 3714 5502 συκο-

2071 5535 2284 5616 φαντίᾳ,
2325 5538 2440 5596 τοῖς
2491 5525 2800 5607 εἰρημένοις
2853 5531 2914 5584 οὐ
2965 5525 3274 5597 πιστεύσας,
3325 5527 3600 5602 ἡσύχασεν
3647 5529 3716 5583 τά

2071 5607 2209 5673 δλα.
2259 5617 2346 5677 Ὦς
2404 5612 2460 5669 δὲ
2491 5617 2526 5684 ἡ
2568 5613 2750 5669 δικαία
2797 5612 2976 5685 κρίσις
3027 5607 3302 5680 ἐφεστῶσα
3351 5611 3386 5678 ἡ
3421 5607 3714 5678 δικάζουσα

2069 5699 2138 5754 τὰ
2166 5696 2358 5767 πάντα,
2389 5695 2555 5752 πάλιν
2603 5691 2958 5763 ἐπαλλήλους
2987 5693 3056 5762 τῇ
3089 5687 3256 5761 ἀθλία
3283 5690 3454 5764 ταύτῃ
3505 5686 3710 5744 ἔτικτεν

2068 5777 2297 5840 ὠδῖνας·
2351 5775 2544 5832 λοιπὸν
2609 5777 2684 5849 μὴ
2739 5770 3040 5843 δυναμένης
3071 5773 3104 5842 ἢ
3141 5775 3298 5840 ζῆσαι
3335 5769 3372 5842 ἤ
3403 5771 3714 5826 ἀποθανεῖν·

2067 5859 2156 5918 καὶ
2186 5862 2286 5912 τοῦ
2317 5861 2538 5914 τοκετοῦ
2573 5847 2648 5930 μη
2683 5850 3052 5928 ἐκφυγούσης,
3098 5851 3366 5933 ἐπιφαίνει
3399 5853 3433 5922 ἡ
3465 5849 3646 5926 ἡμέρα
3677 5847 3716 5920 ἡ
