4074 6278
352 266 508 326 1243

352 487 606 554 ἀλήκτων
658 485 904 560 στρόφων
955 481 1156 550 ταύτην
1209 480 1568 555 ἀμαυρῶσαι.
1619 483 1707 540 Ὠς
1757 479 1848 534 οὖν
1897 479 1994 534 οὐκ

355 571 538 651 ἔφερεν
579 575 614 641 ἡ
651 570 865 626 συνοδία
895 572 990 633 τὰς
1034 569 1274 642 μεγάλας
1313 569 1512 638 ταύτης
1561 569 1830 644 οἱμωγάς,
1865 565 1996 642 δρο-

367 667 525 734 μαῖαι
586 660 919 716 ἀπελθοῦσαι
979 655 1370 732 ἀναγγέλλουσι
1422 661 1502 728 τῷ
1553 655 1854 729 ἐπισκόπῳ,
1913 655 1996 710 ὅτι

360 747 501 804 ἔστιν
532 749 722 819 ἐννάτη
753 751 990 822 σήμερον
1014 747 1195 820 ἡμέρα
1225 745 1306 800 δτι
1340 748 1374 814 ἡ
1412 743 1554 800 δεῖνα
1584 744 1996 821 ἐξομολογεῖται

361 839 443 894 ὅτι
477 837 654 896 Τοῦδε
684 843 780 893 τοῦ
811 837 1156 913 ἀναγνώστου
1186 837 1536 905 κατεστάθην,
1568 836 1658 890 καὶ
1690 836 1998 902 ἀποκυῆσαι

359 929 460 982 οὐκ
494 928 671 1004 ἰσχύω
695 948 707 960 ⁸
745 927 1158 1004 ἐσυκοφάντησα
1191 926 1296 1000 γάρ
1325 929 1515 980 τοῦτον
1542 969 1554 982 .
1589 925 1645 977 Ὀ
1677 922 1733 978 δὲ
1781 922 2000 978 ἐπίσκο-

358 1041 459 1081 πος
487 1019 722 1080 ἀκούσας
763 1018 910 1091 παρά
949 1020 1056 1070 τῶν
1097 1014 1374 1089 παρθένων
1417 1014 1588 1069 πάντα
1633 1015 1698 1068 τά
1748 1013 2000 1088 ῥηθέντα,

354 1109 556 1183 πέμπει
589 1109 726 1184 πρὸς
754 1108 848 1162 τὸν
895 1105 1250 1182 ἀναγνώστην
1301 1101 1396 1157 δύο
1446 1101 1750 1169 διακόνους,
1801 1101 1988 1172 δηλῶν

360 1203 513 1273 αὐτῷ
549 1201 743 1270 πάντα,
791 1199 882 1252 καὶ
920 1195 1012 1251 *ίνα
1061 1196 1276 1266 εὔξηται
1336 1194 1538 1256 ἐκεῖνος
1595 1196 1854 1270 ῥυσθῆναι
1901 1201 2001 1262 τῆς

360 1290 595 1366 ἀνάγκης
653 1290 752 1357 τήν
811 1284 1162 1359 ταλαίπωρον
1219 1290 1480 1358 γυναῖκα.
1539 1287 1596 1337 '0
1645 1281 1701 1337 δὲ
1759 1288 2003 1358 γενναῖος

364 1379 523 1440 οὗτος
550 1377 825 1438 νεανίσκος
859 1372 986 1429 οὐδὲ
1026 1373 1308 1447 ἀπόκρισιν
1355 1373 1536 1434 αὐτοῖς
1580 1370 1827 1441 δέδωκεν,
1865 1369 2005 1446 μηδέ

360 1472 458 1537 τὴν
499 1470 661 1540 θύραν
717 1466 928 1535 ἀνοίξας
955 1484 967 1496 ·
1018 1461 1145 1517 ἀλλ’
1174 1463 1263 1540 ἀφ’
1293 1465 1357 1529 ἧς
1392 1464 1600 1537 ἡμέρας
1633 1463 1709 1524 εἷς
1739 1464 1839 1530 τήν
1884 1460 2007 1516 κέλ-

360 1558 458 1613 λαν
502 1556 772 1625 εἰσῆλθεν,
822 1556 912 1608 τὸν
967 1554 1174 1622 συνήθη
1225 1553 1423 1606 καοόνα
1470 1559 1570 1620 τῆς
1617 1551 1863 1622 νηστείας
1914 1551 2005 1605 ἐκ-

358 1648 614 1722 πληρῶν,
641 1645 731 1699 καὶ
761 1649 878 1704 ταῖς
912 1641 1156 1713 δεήσεσιν
1185 1641 1440 1697 ἱκετεύων
1472 1644 1564 1697 τὸν
1614 1643 1740 1697 Θεόν
1770 1685 1782 1698 .
1833 1649 2006 1696 Κατα-

1874 258 2229 322 PALLADII

349 395 542 472 ὀγδόη,
575 397 664 450 καὶ
709 395 874 450 πάλιν
936 396 970 462 ἡ
1032 394 1243 462 ἐννάτη,
1305 389 1584 465 βαθυτάτῳ
1642 393 1818 464 σκότῳ
1876 393 2189 462 τῶνΑκαὶ
2246 393 2373 454 τοὺς
2435 390 2768 470 συκοφάντας
2828 389 3181 466 φανερούσης,
3248 389 3334 443 καὶ
3393 394 3516 451 τοῖς

3611 259 3642 316 1
3655 253 3787 316 244

3603 389 3792 462 ταύτῃ

2108 486 2606 558 προσκαρτεροῦσιν
2642 480 2882 555 οὐρανῶν
2922 477 3198 553 βασιλείαν
3232 475 3628 554 δωρουμένης.

2671 579 2903 628 ΚΕΦΑΛ
2929 613 2942 626 .
3004 572 3154 627 ΡΜΒ¹
3175 613 3188 626 .

2711 663 2841 738 Περὶ
2875 655 3151 722 Σαλϐίας.

2185 758 2311 811 Κατ’
2343 754 2518 810 ἐκεῖνο
2567 759 2760 828 καιροῦ
2812 748 3005 822 συνέϐη
3042 754 3152 827 ἅμα
3201 749 3404 807 ὁδεύειν
3457 754 3624 826 ἡμᾶς
3676 753 3798 806 ἀπὸ

2111 845 2306 908 Αἱλίας
2339 845 2428 900 ἐπὶ
2460 847 2559 914 τὴν
2612 843 2907 920 Αἴγυπτον,
2961 842 3383 918 προπέμποντας
3433 845 3534 912 τήν
3600 863 3798 916 μακα-

2115 936 2229 1010 ρίαν
2291 931 2556 1005 Σαλϐίαν,
2625 935 2724 1002 τήν
2778 933 3043 1006 παρθένον
3100 937 3345 1008 γυναῖκα,
3404 929 3673 1006 ἀδελφὴν
3739 929 3798 986 δὲ

2111 1022 2405 1097 Ῥουφίνου
2437 1027 2532 1078 τοῦ
2564 1022 2668 1076 ἀπὸ
2699 1019 2954 1098 ἐπάρχων
2977 1062 2991 1077 .

2691 1115 2926 1168 ΚΕΦΔΛ
2953 1152 2966 1165 .
3011 1112 3158 1165 ΡΜΓ
3184 1151 3198 1166 .

2697 1207 2736 1256 Π
2749 1203 2824 1275 ερὶ
2869 1195 3132 1256 Ἰουϐίνου
3161 1243 3174 1258 .

2186 1295 2275 1349 Ἐν
2313 1297 2395 1356 οἷς
2443 1294 2509 1362 ἦν
2561 1292 2650 1346 σὺν
2702 1294 2836 1364 ἡμῖν
2884 1291 2974 1344 καὶ
3015 1286 3282 1352 Ἰουϐῖνος
3329 1290 3454 1347 τότε
3504 1292 3611 1363 μὲν
3667 1289 3795 1345 διά-

2116 1401 2303 1453 κονος,
2354 1383 2470 1437 νυνὶ
2527 1380 2584 1437 δέ
2638 1380 2930 1443 ἐπίσκοπος
2978 1379 3214 1456 γεγονὼς
3264 1386 3366 1449 τῆς
3410 1379 3800 1440 Ἀσκάλωνος

2117 1470 2471 1541 Ἐκκλησίας,
2503 1470 2636 1543 ἀνὴρ
2670 1464 2908 1537 εὐλαϐὴς
2940 1467 3028 1522 καὶ
3061 1467 3392 1544 φιλόλογος.
3448 1465 3797 1544 Σφοδροτά-

2116 1582 2211 1614 του
2263 1560 2352 1615 οῦν
2387 1563 2664 1633 καύματος
2713 1555 3119 1619 καταλαϐόντος
3170 1561 3342 1631 ἡμᾶς,
3391 1561 3797 1628 καταντήσαν-

2116 1667 2210 1712 τας
2242 1651 2317 1713 είς
2368 1651 2430 1705 τὸ
2479 1649 2813 1720 Πηλούσιον,
2865 1647 3024 1722 ἔτυχε
3073 1648 3164 1702 τὸν
3221 1642 3486 1703 Ἰουϐῖνον
3528 1655 3801 1722 νιπτῆρα

361 1735 630 1813 καμφθεὶς
663 1731 719 1788 δὲ
749 1734 776 1787 δ
808 1734 986 1807 πατὴρ
1019 1732 1153 1805 πρὸς
1186 1731 1365 1836 οἶξτον
1398 1739 1498 1801 τῆς
1527 1730 1667 1793 ἷ’δίας
1717 1731 2004 1806 θυγατρὸς,
2043 1771 2089 1836 Β
2121 1736 2358 1795 λαϐόντα
2388 1740 2641 1814 νίψασθαι
2672 1740 2765 1800 τὰς
2816 1745 3007 1814 χεῖρας
3053 1738 3144 1792 καὶ
3188 1739 3314 1800 τοὺς
3365 1735 3539 1799 πόδας
3574 1742 3798 1812 πυγμῇ

368 1827 541 1882 ἐλθὼν
571 1826 706 1899 πρὸς
737 1825 828 1877 τὸν
881 1823 1168 1877 ἐπίσκοπον
1220 1820 1413 1893 ἐδεήθη
1468 1823 1634 1877 αὐτοῦ
1681 1819 1888 1900 σφόδρα
1936 1819 2010 1874 εὐ-

371 1920 480 1992 χῆν
504 1916 706 1984 ταύτης
731 1912 974 1988 γενέσθαι
1006 1912 1060 1966 ἐν
1090 1915 1158 1985 τῇ
1192 1911 1489 1982 Ἐκκλησία
1509 1933 1520 1944 ·
1576 1911 1665 1966 καὶ
1715 1910 2008 1986 γινομένης

375 2006 478 2060 ὑπὸ
510 2004 724 2059 πάντων
759 2007 1070 2075 προσευχῆς
1102 2002 1238 2075 πρὸς
1275 2001 1366 2054 τὸν
1418 2001 1714 2070 Δεσπότην,
1765 1997 1878 2054 οὐδ’
1915 1997 2011 2052 οὕ-

373 2117 481 2156 τως
513 2096 547 2163 ἡ
581 2091 743 2147 ἀθλία
772 2096 872 2156 τῆς
896 2090 1136 2164 ἀνάγκης
1161 2089 1443 2165 ἐλυτρώθη
1476 2133 1486 2146 .
1521 2091 1584 2144 Αἱ
1607 2092 1710 2165 γάρ
1735 2088 1892 2165 εὐχαὶ
1915 2091 2011 2141 τοῦ

378 2182 874 2264 συκοφαντηθέντος
915 2181 1257 2236 δυσωποῦσαι
1307 2186 1397 2235 τὸν
1451 2182 1747 2251 Δεσπότην,
1798 2178 2014 2233 ἀπετεί-

372 2296 532 2352 χισαν
565 2275 660 2335 τάς
713 2274 919 2327 τούτων
961 2274 1036 2344 μή
1089 2269 1497 2347 παραδεχθῆναι
1533 2313 1546 2328 .
1593 2269 1816 2326 Τούτων
1871 2266 2014 2322 οὕτω

373 2367 675 2445 γεγονότων
737 2366 963 2426 ἀναστάς
1018 2366 1045 2418 ὁ
1104 2363 1396 2424 ἐπίσκοπος
1454 2362 1720 2437 ἐπορεύθη
1782 2361 1857 2421 εἷς
1915 2361 2012 2428 τήν

374 2458 576 2514 κέλλαν
629 2460 685 2510 ἓν
749 2458 812 2526 ᾖν
861 2457 888 2508 ὁ
941 2455 1284 2528 ἀναγνώστης
1317 2476 1330 2488 ·
1392 2456 1480 2510 καὶ
1539 2454 1864 2527 κρούσαντος
1918 2451 2015 2516 τήν

381 2549 544 2621 θύραν
576 2547 676 2600 οὐκ
704 2544 897 2610 ἤθελεν
946 2544 1156 2612 ἀνοῖξαι
1185 2586 1195 2596 .
1247 2544 1372 2597 Ἐπὶ
1403 2542 1545 2597 πολὺ
1579 2540 1634 2596 δὲ
1665 2540 1758 2596 τοῦ
1807 2539 2019 2595 ἐπισκό-

384 2657 490 2689 που
522 2634 621 2703 ἔξω
652 2636 1018 2704 παρεστῶτος,
1052 2631 1298 2685 κάκείνου
1331 2629 1476 2685 ἔνδον
1526 2631 1702 2698 ὄντος,
1749 2627 1959 2683 κελεύει
1992 2626 2019 2679 ὁ

382 2721 676 2779 ἐπίσκοπος
707 2718 805 2784 τὴν
840 2717 1003 2790 θύραν
1036 2715 1370 2789 ἐπαρθῆναι.
1428 2716 1522 2770 Καὶ
1573 2713 1904 2773 εἰσελθόντες
1943 2713 2024 2766 εῦ-

386 2822 478 2884 ρον
524 2809 616 2864 τὸν
666 2806 948 2861 νεανίσκον
1012 2808 1081 2878 τῇ
1147 2808 1430 2880 προσευχῇ
1498 2806 2019 2881 προσκαρτεροῦντα,

380 2904 468 2958 ἐπὶ
517 2904 619 2956 τοῦ
669 2896 905 2978 ἐδάφους
964 2895 1361 2971 ἐφαπλωμένον
1395 2918 1406 2930 ο
1456 2897 1544 2950 καί
1594 2894 1738 2951 πολὺ
1787 2914 2024 2968 παρακα-

382 2995 540 3058 λέσας
571 2998 760 3050 τοῦτον
794 2989 1031 3067 ἤγειρεν,
1083 2990 1294 3066 λέγων’
1349 2987 1575 3063 Ἀδελφὲ
1619 2988 1876 3044 Εὐστάθιε
1907 2987 2027 3040 ἀνα-

387 3089 622 3165 γνώστα,
655 3084 1059 3164 φανερωθείσης
1093 3087 1191 3150 τῆς
1242 3081 1598 3159 συκοφαντίας
1623 3124 1636 3148 ,
1689 3082 1826 3134 Θεοῦ
1875 3076 2026 3131 οἶκο-

400 3142 410 3165 .
610 3142 677 3164 ,ι
792 3142 800 3158 .
1017 3142 1053 3151 ..
1149 3142 1185 3150 ,ν
1391 3142 1400 3159 ,
1589 3142 1633 3148 ν.

387 3179 572 3250 νομίᾳ,
603 3180 710 3230 τῶν
759 3177 866 3226 σῶν
916 3171 1094 3245 εὐχῶν
1144 3170 1609 3238 είσακουσθεισῶν,
1656 3166 2029 3242 κατοικτειρη-
2058 3142 2100 3208 C

391 3288 483 3327 σας
513 3267 612 3334 τὴν
645 3264 720 3326 είς
752 3263 808 3317 σέ
838 3264 1221 3335 ἡμαρτηκυῖαν
1255 3260 1399 3316 πολὺ
1447 3262 1877 3316 καταικισθεῖσαν
1907 3260 2028 3316 ταῖς

395 3355 605 3428 μάστιξι
636 3357 741 3408 τῶν
777 3351 1045 3424 βασάνων,
1098 3350 1262 3405 λῦσον
1311 3351 1403 3412 τάς
1439 3352 1703 3427 ἁμαρτίας
1731 3369 1743 3383 °
1781 3354 1900 3410 ταῖς
1928 3347 2031 3422 γὰρ

391 3449 506 3502 σαῖς
542 3443 729 3514 εὐχαῖς
779 3443 1000 3493 τοιαῦτα
1038 3440 1236 3512 πάσχει
1265 3459 1278 3472 ⁸
1327 3441 1418 3494 καὶ
1467 3439 1581 3494 εἰπὲ
1613 3440 1745 3512 πρὸς
1792 3437 1884 3492 τὸν
1937 3445 2034 3489 Δε-

395 3530 624 3597 σπότην,
650 3529 741 3580 ’ίνα
773 3528 943 3592 αὐτὴν
993 3524 1330 3600 ἐλευθερώσῃ
1379 3531 1474 3580 τοῦ
1512 3531 1734 3581 τοκετοῦ
1781 3533 1880 3594 τῆς
1911 3546 2033 3578 κοι-

399 3620 521 3679 λίας
549 3659 560 3668 .
594 3613 696 3670 Τοῦ
730 3611 786 3667 δὲ
812 3611 1069 3686 ἀοιδίμου
1101 3614 1447 3688 ἀναγνώστου
1480 3616 1591 3687 ἅμα
1627 3619 1706 3683 τῷ
1755 3613 2034 3684 ἐπισκόπῳ

399 3710 622 3768 ἐκτενῶς
656 3703 1111 3780 προσευξαμένου,
1159 3711 1502 3778 παραχρῆμα
1532 3705 1566 3771 ἡ
1601 3701 1762 3756 ἀθλία
1809 3701 2035 3771 ἠλευθε-

401 3801 553 3874 ρώθη
588 3803 686 3866 τῆς
719 3792 979 3868 ἀνάγκης,
1029 3793 1384 3863 ἀποκυήσασα
1431 3790 1669 3862 παιδίον,
1726 3792 2036 3847 ἱκετεύουσα

392 3889 519 3950 τοὺς
579 3887 780 3946 πάντας
833 3885 1093 3958 ἀφεθῆναι
1143 3885 1282 3956 αὐτῇ
1327 3884 1425 3952 τὴν
1476 3881 1701 3955 ἀνομίαν
1750 3887 1867 3944 ταῖς
1913 3902 2038 3956 πρε-

398 3975 602 4038 σϐείαις
628 3979 724 4030 τοῦ
768 3971 978 4028 δικαίου
1005 3992 1016 4004 ·
1070 3974 1127 4026 ὃν
1169 3972 1361 4027 λοιπὸν
1416 3975 1466 4027 οἱ
1506 3974 1699 4036 πάντες
1747 3972 1894 4045 εἶχον
1945 3973 2034 4026 τὸν

397 4073 640 4144 γενναῖον
674 4064 727 4119 ἐν
776 4062 918 4132 τάξει
968 4066 1074 4116 τῶν
1126 4062 1412 4136 μαρτύρων
1443 4105 1455 4118 .
1507 4063 1691 4132 Πάσης
1745 4063 1848 4138 γὰρ
1883 4063 2039 4135 μερί-

398 4178 539 4233 μνης
598 4154 786 4209 ἑαυτὸν
840 4150 1206 4228 ἐλευθερώσας
1266 4151 1342 4213 εἰς
1387 4149 1553 4226 ἄκραν
1603 4149 1880 4205 πολιτείαν
1939 4157 2038 4218 τῆς

395 4249 592 4322 ἀρετῆς
655 4241 904 4310 ἀνῆλθεν,
966 4242 1042 4303 ὡς
1101 4243 1189 4295 καί
1248 4239 1591 4316 χαρίσματος
1674 4245 2039 4312 πνευματικοῦ

397 4339 588 4389 τοῦτον
637 4333 966 4403 ἀξιωθῆναι·
1000 4333 1170 4383 Ταῦτα
1214 4327 1266 4382 δέ
1317 4328 1646 4405 ἐγράψαμεν,
1697 4326 1791 4381 ’ίνα
1848 4325 2039 4401 μηδεὶς

402 4421 810 4497 συκοφαντήσας
867 4423 1144 4493 περιπαγῇ
1201 4423 1315 4478 τοῖς
1375 4416 1612 4479 δικτύοις
1669 4420 1766 4472 τοῦ
1815 4416 2040 4495 ἐχθροῦ,

2120 1831 2472 1904 ψυχροτάτου
2505 1827 2660 1889 ὄντος
2687 1832 2789 1882 τοῦ
2832 1824 3046 1899 ὕδατος,
3095 1827 3184 1881 καὶ
3221 1829 3351 1900 μετά
3397 1827 3461 1880 τὸ
3513 1827 3798 1900 νίψασθαι

2123 1917 2446 1992 δερμοτύλῳ
2505 1916 2975 1972 ἐπαναπαύσασθαι
3036 1916 3237 1992 ῥιφέντι
3300 1917 3437 1970 κατά
3492 1920 3598 1970 τοῦ
3657 1913 3800 1970 ἐδά-

2121 2029 2292 2084 φους.
2347 2009 2637 2061 Ἐπιστᾶσα
2681 2004 2737 2061 δὲ
2786 2007 2966 2077 τούτῳ
2996 2007 3030 2074 ἡ
3067 2011 3352 2079 μακαρῖτις
3404 2002 3651 2076 Σαλϐία,
3714 2006 3796 2064 ὡς

2127 2100 2310 2171 μήτηρ
2346 2099 2484 2170 σοφή
2520 2099 2640 2150 υἱοῦ
2669 2094 2952 2169 κηδομένη
3002 2096 3250 2170 γνησίου,
3301 2094 3645 2166 ἐπέσκηπτεν
3685 2096 3800 2149 αὐ-

2121 2191 2216 2241 τοῦ
2246 2189 2314 2259 τῇ
2346 2183 2654 2255 ἀπαλότητι
2688 2190 2784 2239 τοῦ
2815 2186 3090 2258 σώματος,
3126 2183 3356 2260 λέγουσα
3397 2185 3546 2257 αὐτῷ
3584 2203 3599 2218 °
3654 2188 3802 2246 Πῶς

2127 2280 2339 2352 θαρσεῖς
2372 2297 2467 2330 σου
2499 2280 2577 2346 τῷ
2609 2277 2843 2348 σώματι,
2891 2275 3146 2344 τοιαύτην
3188 2275 3327 2349 ἄγων
3375 2278 3475 2344 τήν
3526 2273 3794 2344 ἡλικίαν,

2126 2367 2214 2421 καὶ
2249 2365 2322 2420 ἔτι
2369 2365 2581 2434 ζέοντός
2615 2386 2708 2419 σου
2743 2369 2838 2419 τοῦ
2888 2363 3158 2437 α’ίματος;
3203 2364 3372 2426 οὕτως
3417 2385 3512 2418 σου
3547 2363 3796 2441 φιλοκα-

2129 2455 2243 2518 λεῖς
2273 2456 2333 2511 τὸ
2366 2456 2606 2530 σαρκίον,
2653 2456 2727 2518 ὡς
2763 2457 2838 2528 μὴ
2891 2455 3212 2527 αἰσθόμενος
3259 2459 3366 2508 τῶν
3400 2455 3449 2524 ἐξ
3480 2455 3646 2508 αὐτοῦ
3683 2473 3782 2505 σοι

2129 2548 2462 2620 τικτομένων
2500 2541 2821 2621 βλαϐερῶν;
2855 2548 3070 2620 Θάρσει,
3123 2545 3378 2622 λέγουσα,
3421 2545 3643 2616 τέκνον,
3694 2544 3788 2598 δτι

2131 2637 2418 2706 ἑξηκοστὸν
2465 2640 2556 2689 νῦν
2609 2634 2816 2710 ἄγουσα
2865 2633 2982 2697 ἔτος
3031 2641 3129 2704 τῆς
3186 2632 3408 2704 ἡλικίας
3467 2632 3614 2693 ἐκτὸς
3662 2637 3786 2686 τῶν

2130 2727 2308 2799 ἄκρων
2355 2730 2579 2800 χειρῶν,
2637 2727 2725 2780 καὶ
2781 2725 2912 2780 αὐτὸ
2970 2722 3059 2779 διά
3118 2725 3434 2794 κοινωνίαν,
3492 2721 3588 2777 οὐκ
3644 2720 3786 2795 ὄψις

2135 2837 2238 2890 μου
2268 2818 2440 2889 ἢψατο
2472 2812 2684 2884 ὕδατος,
2719 2813 2780 2869 οὐ
2812 2819 2967 2883 ποῦς,
3004 2811 3120 2869 οὐδ’
3153 2813 3294 2870 ἄλλο
3325 2835 3376 2868 τι
3405 2818 3511 2869 τῶν
3571 2812 3792 2886 μελῶν,

2131 2906 2323 2979 καίπερ
2365 2902 2644 2978 διαφόροις
2673 2903 2974 2984 ληφθείσης
3009 2901 3359 2978 ἀρρωστίαις,
3392 2903 3486 2957 καὶ
3520 2903 3627 2957 ὑπὸ
3679 2906 3792 2956 τῶν

2139 2998 2335 3072 ἰατρῶν
2385 2996 2825 3072 ἀναγκαζομένης
2887 2997 3102 3067 λουτρῷ
3151 2995 3483 3072 χρησασθαι,
3533 2994 3637 3048 οὐκ
3693 2993 3797 3061 ἠν-

2139 3087 2390 3165 εσχόμην
2421 3083 2717 3140 ἀποδοῦναι
2749 3087 2818 3158 τῇ
2850 3083 3006 3158 σαρκὶ
3038 3084 3098 3138 τὸ
3127 3079 3248 3144 ἔθος
3269 3103 3280 3115 ·
3323 3083 3423 3139 οὐκ
3454 3081 3548 3138 ἐπὶ
3597 3080 3794 3150 κλίνης

2140 3175 2492 3247 ἐκαθεύδησα,
2525 3175 2593 3229 οὐ
2626 3173 2886 3246 λεκτικίῳ
2916 3171 3128 3228 ὥδευσά
3158 3195 3261 3228 που
3286 3217 3300 3232 .

2211 3264 2359 3334 Αὕτη
2395 3261 2709 3338 λογιωτάτη
2743 3263 2984 3339 γέγονεν,
3018 3259 3053 3331 ἤ
3085 3259 3174 3316 καί
3204 3263 3294 3316 τὸν
3329 3262 3473 3314 θεῖον
3508 3259 3696 3334 Λόγον
3719 3280 3803 3332 φι-

2141 3355 2356 3426 λήσασα
2386 3354 2482 3413 τὰς
2530 3351 2722 3414 νύκτας
2763 3352 2837 3414 εἷς
2898 3350 3108 3426 ἡμέρας
3163 3347 3481 3424 ἀνέστρεψεν
3541 3347 3802 3422 δαψιλῶς

2141 3443 2314 3516 ἐλαίῳ
2372 3444 2569 3504 ταύτας
2623 3440 3076 3513 καταλάμπουσα,
3137 3444 3237 3494 πᾶν
3290 3439 3630 3514 σύγγραμμα
3683 3443 3798 3492 τῶν

2141 3533 2387 3609 ἀρχαίων
2421 3533 2913 3604 ὑπομνηματιστῶν
2954 3528 3278 3584 διελθοῦσα·
3328 3529 3380 3584 ἐν
3435 3532 3520 3591 οἷς
3574 3530 3807 3602 Ὠριγέ-

2142 3642 2262 3682 νους
2293 3618 2558 3695 μυριάδας
2588 3619 2897 3693 τριακοσίας
2924 3663 2938 3690 ,
2989 3618 3292 3693 Γρηγορίου
3322 3619 3411 3673 καὶ
3449 3616 3669 3692 Πιερίου
3701 3618 3800 3671 καὶ

2148 3710 2438 3788 Στεφάνου,
2487 3711 2577 3764 καὶ
2637 3708 2945 3778 Βασιλείου,
3003 3709 3092 3763 καὶ
3153 3708 3348 3784 ἑτέρων
3398 3713 3563 3763 τινῶν
3623 3727 3808 3762 σπου-

2147 3800 2444 3858 δαιοτάτων
2481 3798 2748 3874 μυριάδας
2779 3799 2947 3855 εἷ’κοσι
2997 3800 3192 3854 πέντε⁶
3246 3798 3354 3874 οὐχ
3401 3798 3616 3868 ἁπλῶς,
3664 3795 3803 3852 οὐδὲ

2149 3895 2223 3955 ὡς
2277 3886 2467 3966 ἔτυχεν
2520 3889 2871 3964 παρελθοῦσα
2929 3893 3121 3959 ταῦτα,
3179 3887 3326 3944 ἀλλά
3375 3889 3803 3960 πεπονημένως,

2145 3979 2368 4038 ἕκαστον
2406 3975 2624 4056 βιϐλίον
2654 3973 2892 4052 ἕϐδομον
2925 3979 2959 4047 ἤ
2993 3974 3190 4053 ὄγδοον
3224 3976 3524 4033 διελθοῦσα
3549 3997 3562 4008 ·
3597 3978 3692 4032 Διὸ
3716 3978 3809 4031 καὶ

2149 4061 2395 4142 ἠδτνήθη
2453 4065 2812 4142 ψευδωνύμου
2897 4069 3149 4141 γνώσεως
3202 4067 3623 4140 ἐλευθερωθεῖσα
3682 4085 3813 4121 πτε-

2157 4161 2396 4234 ρωθῆναι
2428 4161 2646 4228 πρῶτον
2705 4159 2772 4230 τῇ
2821 4156 3008 4231 χάριτι
3065 4161 3162 4210 τοῦ
3221 4159 3379 4224 Θεοῦ,
3431 4153 3544 4208 εἶτα
3592 4153 3683 4209 καὶ
3732 4159 3806 4226 τῇ

2155 4247 2380 4320 δυςάμει
2412 4249 2519 4299 τῶν
2554 4244 2755 4318 λογίων
2797 4249 2892 4299 τοῦ
2926 4244 3259 4318 Πνεύματος,
3311 4243 3491 4298 ἐλπίσι
3524 4246 3805 4317 χρησταῖς

2151 4339 2343 4406 ἑαυτήν
2400 4336 2546 4412 δρνιν
2608 4337 2944 4410 ἐργασαμένη
3003 4336 3399 4409 πνευματίκῆν,
3453 4335 3542 4386 καί
3605 4332 3800 4386 διαπε-

2153 4429 2356 4501 ράσασα
2389 4426 2481 4481 τὸν
2509 4423 2710 4480 τούτου
2748 4429 2846 4479 τοῦ
2895 4427 3020 4499 βίου
3072 4425 3230 4504 ζόφον
3278 4423 3467 4488 ἀνέπτη
3510 4419 3646 4490 πρὸς
3697 4421 3798 4472 τὸν

399 4515 490 4569 καὶ
523 4509 732 4584 ἐμπέσῃ
769 4508 843 4570 εἷς
901 4505 1088 4569 ὀδύνας
1140 4507 1448 4585 ἀφορήτους
1496 4508 1631 4569 τέως
1678 4508 1777 4575 τῆς
1828 4507 2042 4580 σαρκὸς,
2079 4515 2121 4579 D
2154 4516 2405 4591 Χριστὸν,
2439 4515 2533 4576 τὰς
2574 4514 2869 4575 ἀθανάτους
2918 4503 3155 4587 ἀμοιϐάς
3195 4511 3313 4584 παρ’
3363 4507 3522 4561 αὐτοῦ
3571 4503 3796 4576 ἀπολη-

397 4603 536 4659 καθά
564 4599 654 4654 καὶ
695 4600 729 4668 ἡ
765 4601 1138 4672 προγραφεῖσα
1168 4592 1501 4669 ψευδοτόκος
1528 4615 1539 4627 ·
1579 4597 1710 4668 μετά
1743 4591 1798 4650 δὲ
1826 4596 1925 4663 τὴν
1964 4591 2041 4647 ἐν·

398 4694 580 4749 τεῦθεν
613 4693 710 4745 τοῦ
742 4689 997 4761 σώματος
1027 4684 1356 4758 ἀπαλλαγὴν
1388 4683 1712 4758 παραδοθεὶς
1762 4684 2041 4754 κολαστη-

397 4782 534 4856 ρίοις
566 4780 810 4840 αἶωνίοις
854 4778 943 4832 καὶ
994 4774 1376 4846 ἀτελευτήτοις
1402 4819 1415 4832 .
1459 4779 1520 4833 Ὁ
1548 4776 1649 4852 γὰρ
1698 4779 2042 4852 συκοφαντῶν

399 4867 719 4942 παροργίζει
779 4868 872 4922 τὸν
934 4867 1104 4923 Θεόν.
1165 4867 1221 4917 Ὀ
1280 4863 1336 4919 δὲ
1396 4865 1894 4941 συκοφαντούμενος
1951 4862 2039 4916 καὶ

401 4960 685 5034 ὐποφέρων
723 4953 992 5030 εὐλαϐῶς,
1024 4958 1112 5013 καὶ
1147 4956 1337 5035 εὐχαῖς
1381 4957 1682 5030 ἐπιτρέπων
1737 4959 1834 5026 την
1883 4954 2040 5034 φανέ-

402 5069 591 5125 ρωσιν,
625 5047 904 5120 ἀναμένωο
935 5051 1034 5118 την
1069 5045 1278 5102 δικαίαν
1312 5046 1491 5122 κρίσιν
1541 5051 1636 5101 τοῦ
1675 5051 1830 5116 Θεοῦ,
1861 5044 2039 5106 καθὼς

395 5141 486 5196 καὶ
548 5140 575 5192 ὁ
629 5135 947 5214 στεφανίτης
998 5141 1092 5190 τοῦ
1145 5141 1384 5213 Χριστοῦ
1415 5137 1558 5192 ὁκαὶ
1608 5135 1852 5208 ἐνταῦθα,
1907 5135 2040 5188 κατὰ

395 5231 592 5304 κράτος
647 5224 942 5295 δοξασθεὶς,
984 5225 1072 5278 καὶ
1122 5230 1228 5279 τῶν
1282 5225 1516 5279 αἶ’ωνίων
1579 5227 1847 5303 στεφάνων
1907 5244 2040 5278 κατ-

398 5317 645 5390 αξίωθείς
667 5359 680 5372 .
716 5315 989 5388 Μάθωμεν
1023 5312 1112 5366 οῦν
1142 5310 1379 5386 ἀκριϐῶς
1402 5317 1500 5386 τήν
1528 5317 1795 5387 ἀήττητον
1819 5312 2041 5387 δύναμιν

397 5418 496 5480 τῆς
531 5409 698 5484 εὐχῆς
726 5414 827 5476 τῆς
871 5405 960 5461 καὶ
1009 5403 1137 5464 τοὺς
1189 5403 1238 5457 ἐν
1290 5405 1464 5460 πίστει
1516 5408 1901 5481 στηριζούσης,
1952 5405 2040 5458 καὶ

398 5502 527 5563 τοὺς
562 5502 612 5554 ἐν
643 5499 931 5574 ἁμαρτίαις
963 5497 1247 5567 ἐλεούσης,
1280 5497 1370 5551 καὶ
1408 5504 1524 5563 τοῖς
1551 5501 1648 5568 τὴν
1683 5500 1877 5574 ἀρετ-ἧν
1909 5518 2040 5554 κατ-

401 5593 620 5667 ορθοῦσι
684 5590 1017 5664 βοηθούσης,
1067 5589 1157 5643 καὶ
1221 5589 1320 5657 τήν
1375 5588 1548 5643 κτίσιν
1597 5594 1765 5646 πᾶσαν
1819 5589 2044 5664 κρατού-

399 5703 519 5754 σης,
550 5681 641 5736 καὶ
680 5680 774 5737 τὸν
823 5680 1041 5752 κτίστην
1084 5678 1299 5736 πάντων
1361 5676 1745 5752 δυσωπούσης,
1777 5681 1868 5735 καὶ
1912 5678 2042 5745 τοὺς

398 5771 802 5848 κατορθοῦντας
870 5772 967 5839 τήν
1028 5771 1252 5847 ἀρίστην
1329 5770 1609 5827 πολιτείαν
1672 5769 2038 5854 στεφανούσης

2152 4605 2360 4680 ψομένη
2388 4645 2400 4659 .

2714 4698 2944 4747 ΚΕΦΑΛ
2969 4734 2982 4749 .
3040 4694 3193 4749 ΡΜΔ’
3220 4734 3235 4749 .

2687 4782 2815 4856 Περὶ
2858 4779 3232 4856 Ὀλυμπιάδος
3255 4825 3269 4838 .

2219 4872 2429 4942 Ταύτης
2457 4872 2574 4925 κατ’
2608 4869 2762 4945 ἴχνος
2815 4871 3071 4945 βαίνουσα
3117 4871 3206 4926 καὶ
3258 4869 3396 4925 κατά
3452 4872 3628 4922 πᾶσαν
3675 4865 3799 4940 ἀρε-

2147 4964 2244 5032 τὴν
2299 4967 2400 5030 τῆς
2446 4959 2629 5014 ἐνθέου
2678 4967 3046 5033 πνευματικῆς
3093 4959 3374 5022 πολιτείας
3423 4961 3458 5027 ἡ
3500 4975 3804 5031 σεμνοπρε-

2147 5070 2384 5120 πεστατη
2436 5046 2764 5121 Ὀλυμπιὰς,
2815 5050 2906 5104 καὶ
2960 5049 3394 5121 ζηλωτικωτάτη
3442 5053 3544 5116 τῆς
3593 5047 3671 5108 εἰς
3704 5044 3804 5098 οὐ-

2151 5139 2305 5214 ρανὸν
2367 5135 2634 5213 φερούσης
2695 5135 2844 5207 ὁδοῦ,
2907 5137 2958 5193 ἐν
3019 5142 3179 5193 πᾶσιν
3240 5136 3668 5204 ἀκολουθήσασα
3731 5135 3805 5204 τῇ

2147 5227 2342 5303 γνώμῃ
2373 5228 2481 5280 τῶν
2513 5225 2671 5279 θείων
2718 5231 2966 5301 Γραφῶν,
3000 5228 3241 5303 θυγάτηρ
3293 5228 3544 5301 γεγονυῖα
3573 5221 3635 5276 τὸ
3668 5221 3810 5274 κατὰ

2149 5317 2320 5389 σάρκα
2361 5311 2632 5369 Σελεύκου
2680 5319 2776 5368 τοῦ
2825 5316 2930 5370 ἀπὸ
2979 5319 3262 5388 κομήτων,
3314 5311 3573 5382 ἀληθινὸν
3620 5306 3684 5363 δὲ
3713 5310 3811 5364 τέ-

2151 5427 2274 5461 κνον
2318 5408 2452 5459 Θεοῦ
2499 5403 2635 5459 κατὰ
2695 5403 2934 5479 Πνεῦμα,
2996 5406 3187 5481 ἐκγόνη
3249 5402 3307 5459 δὲ
3367 5395 3658 5458 Αϐλαϐίου
3712 5403 3813 5454 τοῦ

2155 5495 2260 5550 ἀπὸ
2293 5493 2576 5569 ἐπάρχων,
2608 5491 2790 5572 νύμφη
2826 5491 2882 5548 δὲ
2912 5497 3049 5572 πρὸς
3099 5495 3292 5569 ὀλίγας
3337 5489 3551 5566 ἡμέρας
3601 5483 3813 5563 Νεϐρι-

2154 5587 2272 5642 δίου
2301 5590 2399 5642 τοῦ
2429 5586 2536 5639 ἀπὸ
2589 5583 2844 5662 ἐπάρχων
2894 5587 3111 5652 πόλεως
3164 5582 3616 5643 Κωνσταντίνου·
3670 5579 3810 5652 αὕτη

2155 5674 2212 5734 δὲ
2239 5679 2308 5752 τῇ
2345 5675 2598 5749 ἀληθείᾳ,
2630 5677 2764 5752 γυνή
2813 5675 3034 5743 οὐδενός
3058 5698 3071 5714 ·
3124 5679 3347 5754 Λέγεται
3379 5674 3486 5750 γὰρ
3541 5671 3814 5745 ἀμίαντος

2152 5768 2506 5841 κεκοιμῆσθαι
2566 5766 2827 5842 παρθένος
2887 5765 3120 5845 σύμϐιος
3178 5768 3436 5846 γεγονυῖα
3493 5765 3592 5818 τοῦ
3657 5760 3808 5817 θείου
