4074 6278
230 288 394 349 1245

1585 282 1959 347 HISTORIA
2005 272 2422 338 LAUSIACA.

3610 280 3764 340 1246

221 423 598 477 nuntiarunt.
636 422 803 475 Pater
834 425 1027 476 autem
1079 423 1295 477 veritus
1347 440 1416 478 ne
1462 419 1948 480 condemnaretur
1978 412 2032 478 Α
2061 409 2175 473 nis,
2210 423 2334 478 quae
2366 408 2422 460 et
2453 403 2650 458 ﬁdeles
2696 404 3024 471 confirmat,
3077 411 3132 460 et
3182 412 3544 476 peccatorum
3586 415 3766 469 mise-

225 516 294 565 ut
324 511 729 575 calumniator,
752 526 885 565 cum
912 528 1023 565 non
1058 512 1362 568 adhiberet
1397 513 1570 568 {idem
1593 511 1785 575 dictis,
1816 506 1945 561 silet

231 602 385 656 duos
417 601 562 656 dies.
599 601 827 656 Rursus
876 610 1064 656 autem
1120 603 1356 672 misera,
1406 620 1467 659 se
1512 603 1757 658 invicem
1789 596 1941 654 exci-

233 691 535 761 pientibus
565 690 789 745 acerbis
839 690 1228 747 afﬂictabatur
1278 693 1601 759 doloribus,
1648 706 1778 746 cum
1831 704 1943 742 non

238 784 439 852 posset
462 780 735 851 deinceps
759 780 843 835 vel
894 781 1083 835 vivere
1132 781 1215 837 vel
1274 782 1444 836 mori.
1495 784 1758 851 Cumque
1783 780 1839 834 id
1872 778 1947 833 ef-

237 871 409 942 fugit,
435 871 619 926 oritur
648 870 771 925 dies
803 878 1064 939 octavus,
1106 876 1161 926 et
1199 889 1403 927 rursus
1455 889 1668 937 nonus,
1721 870 1949 940 gravis-

235 958 406 1015 simis
456 965 868 1031 perpetuarum
922 960 1270 1030 vertiginum
1306 962 1561 1016 tenebris
1593 976 1719 1015 eam
1771 958 1951 1013 ott'us-

235 1056 457 1105 cantes.
495 1054 635 1105 Cum
678 1066 811 1120 ergo
859 1051 983 1120 ejus
1035 1067 1277 1121 magnos
1329 1051 1585 1121 ejulatus
1635 1066 1749 1104 non
1783 1050 1952 1103 ferret

237 1148 581 1205 conventus,
634 1139 756 1195 haec
802 1141 1019 1195 cursim
1071 1141 1413 1196 festinantes
1465 1141 1801 1195 renuntiant
1832 1137 1952 1208 epi-

235 1245 441 1299 scopo,
468 1230 591 1299 jam
625 1244 751 1283 esse
794 1245 1012 1284 nonum
1067 1230 1216 1285 diem
1270 1246 1337 1284 ex
1383 1228 1617 1300 quoilla
1648 1229 1956 1283 confitetur

237 1337 303 1375 se
339 1335 643 1375 accusasse
674 1319 967 1389 lectorem,
1006 1338 1107 1375 nec
1142 1337 1309 1392 posse
1341 1337 1560 1392 parere,
1593 1320 1739 1390 quod
1762 1318 1953 1389 ipsum

247 1412 329 1466 sit
359 1410 737 1465 calumniata.
782 1410 1105 1482 Episcopus
1139 1416 1329 1467 autem
1365 1426 1495 1466 cum
1532 1411 1652 1464 haec
1676 1408 1958 1463 audiisset

247 1515 282 1553 a
314 1497 661 1570 virginibus,
710 1498 779 1553 ad
829 1498 1104 1553 lectorem
1158 1499 1338 1553 mittit
1388 1499 1531 1554 duos
1580 1498 1872 1565 diaconos,
1906 1496 1957 1551 ei

245 1587 448 1643 omnia
469 1588 833 1658 significans,
856 1592 991 1643 etut
1010 1604 1110 1657 pro
1133 1588 1257 1659 ipsa
1284 1593 1495 1654 oraret,
1523 1587 1814 1642 utmisera
1837 1601 1960 1638 mu-

244 1675 355 1731 lier
383 1675 728 1731 liberaretur
778 1676 848 1730 ab
899 1677 969 1730 iis
1021 1677 1489 1731 necessitatibus.
1550 1673 1827 1746 Egregius
1859 1689 1959 1727 au-

244 1770 364 1819 tem
393 1766 731 1819 adolescens
760 1780 949 1835 neque
984 1766 1067 1821 eis
1098 1766 1259 1820 dedit
1287 1782 1654 1836 responsum,
1693 1779 1799 1819 nec
1829 1777 1961 1832 ape—
1992 1794 2039 1858 Β

247 1856 362 1907 ruit
394 1855 649 1921 ostium;
685 1855 783 1909 sed
819 1872 850 1909 a
882 1871 996 1925 quo
1039 1856 1129 1910 die
1180 1855 1479 1925 ingressus
1521 1859 1605 1909 est
1638 1854 1694 1907 in
1732 1852 1959 1921 cellam,

248 1960 367 1997 non
426 1942 585 2010 exiit,
636 1942 887 2014 implens
940 1948 1279 1999 consuetam
1328 1944 1592 2013 regulam
1638 1943 1871 2013 jejunii,
1909 1946 1966 1995 et

250 2034 364 2087 Deo
399 2048 593 2102 preces
615 2033 881 2088 fundens.
916 2034 1125 2089 Flexus
1159 2040 1352 2089 autem
1389 2041 1568 2104 pater,
1605 2038 1660 2088 et
1692 2033 1821 2086 tilia:
1848 2048 1965 2086 suae

250 2121 548 2184 misertus,
581 2122 819 2177 veniens
853 2124 922 2176 ad
974 2123 1330 2194 episcopum,
1360 2140 1495 2177 eum
1544 2122 1710 2177 valde
1742 2120 1967 2192 rogavit

254 2218 315 2263 ut
350 2225 451 2279 pro
483 2225 551 2263 ea
598 2210 885 2264 orationes
938 2212 1141 2266 fierent
1190 2214 1247 2267 in
1306 2212 1566 2267 ecclesia.
1605 2212 1667 2265 Et
1699 2228 1830 2265 cum
1869 2226 1968 2279 pro

253 2314 323 2353 ea
356 2315 552 2370 preces
596 2300 732 2354 fusae
764 2308 952 2354 essent
994 2302 1064 2353 ab
1116 2302 1391 2356 omnibus
1424 2302 1492 2355 ad
1532 2302 1863 2365 Dominum,
1897 2317 1969 2354 ne

256 2390 342 2444 sic
397 2390 628 2460 quidem
683 2392 894 2445 misera
935 2391 1179 2445 liberata
1221 2398 1305 2446 est
1336 2409 1368 2445 a
1418 2392 1777 2446 necessitate.
1834 2391 1968 2459 Ejus

250 2480 408 2535 enim
443 2480 541 2550 qui
576 2496 673 2551 per
706 2480 1056 2535 calumniam
1091 2482 1275 2536 fuerat
1318 2487 1647 2547 accusatus,
1680 2480 1967 2535 orationes

256 2569 571 2625 Dominum
633 2575 956 2639 monentes,
1026 2572 1320 2639 arcebant,
1384 2588 1454 2627 ne
1508 2588 1707 2627 eorum
1770 2588 1970 2642 preces

258 2658 727 2714 admitterentur.
763 2661 862 2715 His
896 2660 979 2715 sic
1011 2662 1212 2731 gestis,
1247 2677 1495 2732 surgens
1528 2662 1835 2732 episcopus
1869 2661 1971 2716 ivit

260 2751 325 2802 ad
363 2749 568 2804 cellam
593 2751 777 2820 inqua
800 2755 925 2806 erat
944 2751 1121 2806 lector
1146 2770 1158 2818 ;
1184 2757 1390 2806 etcum
1418 2752 1711 2822 pulsasset
1733 2753 1970 2822 ostium,

251 2838 484 2892 nolebat
523 2840 571 2892 is
617 2841 892 2910 asperire.
929 2840 1069 2895 Cum
1106 2842 1200 2895 diu
1236 2846 1429 2896 autem
1457 2842 1595 2896 foris
1625 2841 1823 2896 fuisset
1855 2841 1974 2911 epi-

259 2943 491 2998 SCOpUS,
528 2928 624 2982 ille
649 2934 840 2983 autem
866 2929 1045 2997 intus,
1065 2930 1233 2998 jubet
1259 2932 1567 3000 episcopus
1589 2930 1712 2984 tolli
1736 2931 1970 2985 ostium.

258 3016 327 3070 Et
357 3015 607 3086 ingressi
640 3017 990 3071 invenerunt
1012 3018 1435 3073 adolescentem
1465 3019 1523 3073 in
1555 3020 1813 3073 oratione
1847 3035 1975 3089 per-

263 3114 642 3173 severantem,
675 3111 732 3161 et
760 3108 918 3162 humi
972 3109 1468 3178 procumbentem.
1504 3110 1685 3173 Quem
1722 3108 1972 3163 multum

264 3212 475 3265 rogans
507 3196 835 3267 episcopus,
870 3198 918 3250 ei
953 3196 1132 3251 dicit:
1170 3201 1367 3251 Frater
1402 3198 1666 3251 Eustathi
1695 3199 1889 3264 lector,
1914 3198 1973 3252 in

265 3289 523 3354 apertum
560 3285 777 3353 prolata
809 3287 1095 3341 calumnia
1146 3286 1242 3340 Dei
1295 3286 1679 3356 providentia,
1713 3291 1768 3340 et
1798 3304 1940 3341 exau
1963 3316 1980 3327 -

266 3373 400 3428 ditis
432 3375 547 3429 tuis
579 3375 966 3442 orationibus,
1004 3376 1277 3431 miserere
1299 3378 1426 3446 ejus
1453 3393 1583 3447 quas
1613 3377 1671 3430 in
1698 3381 1751 3431 te
1786 3392 1981 3446 pecca-

264 3463 510 3534 vit,quae
528 3470 944 3520 tormentorum
967 3466 1691 3537 ﬂagellisfuitexcruciata.
1710 3466 1980 3521 Miserere

266 3554 536 3625 deinceps
548 3554 788 3623 miserae,
806 3560 861 3610 et
875 3572 1119 3627 surgens
1134 3555 1291 3611 solve
1305 3556 1459 3627 quod
1478 3555 1690 3627 ligasti,
1710 3557 1981 3627 precibus

269 3642 422 3698 enim
458 3644 573 3699 tuis
607 3645 726 3701 hiec
760 3647 996 3716 patitur,
1020 3650 1075 3701 et
1104 3646 1194 3700 dic
1216 3646 1456 3701 Domino
1491 3650 1551 3700 ut
1574 3662 1696 3701 eam
1726 3646 1929 3700 liberet
1951 3664 1984 3701 a

272 3738 436 3803 partu
484 3738 721 3789 ventris.
773 3736 917 3790 Cum
969 3740 1159 3790 autem
1214 3734 1465 3806 inclytus
1531 3735 1708 3791 lector
1758 3736 1986 3791 intense

274 3826 458 3875 oraret
488 3821 663 3875 simul
707 3840 839 3877 cum
886 3824 1180 3894 episc0po,
1227 3824 1424 3877 statim
1479 3824 1691 3879 misera
1740 3825 1987 3880 liberata

275 3914 365 3964 est
422 3927 451 3963 a
498 3911 864 3979 necessitate,
918 3912 1086 3965 enixa
1144 3912 1469 3979 infantem;
1528 3928 1737 3982 rogans
1783 3928 1986 3969 omnes

280 4004 341 4053 ut
415 4000 463 4055 ei
534 4000 928 4057 remitteretur
997 4002 1276 4071 iniquitas
1336 4002 1519 4072 ipsius
1583 4002 1733 4071 justi
1799 4003 1987 4058 inter-

278 4089 576 4144 cessione:
610 4095 666 4144 et
689 4090 855 4145 illum
889 4092 1180 4163 egregium
1216 4093 1395 4147 virum
1423 4090 1753 4147 habuerunt
1785 4110 1988 4149 omnes

278 4179 546 4248 deinceps
579 4179 701 4235 loco
734 4182 1027 4252 martyris.
1061 4182 1203 4236 Nam
1262 4197 1392 4237 cum
1442 4197 1502 4237 se
1534 4182 1807 4253 deinceps
1841 4183 1985 4239 libe-

280 4275 462 4325 rasset
493 4272 562 4325 ab
596 4272 755 4325 omni
801 4272 1217 4342 sollicitudine,
1272 4272 1529 4343 pervenit
1578 4274 1649 4327 ad
1684 4290 1985 4328 summum

276 4360 400 4413 vitae
432 4376 557 4430 qua:
584 4376 651 4415 ex
675 4360 884 4417 virtute
916 4360 1124 4431 agitur,
1150 4362 1289 4416 adeo
1315 4360 1439 4416 utis
1461 4362 1533 4416 sit
1561 4361 1798 4431 dignius
1822 4362 1985 4417 habi-

278 4457 367 4503 tus
402 4450 650 4519 spiritali
684 4451 887 4521 gratia.
926 4450 1055 4505 llaec
1096 4455 1291 4505 autem
1335 4450 1696 4520 scripsimus,
1736 4466 1804 4506 ne
1854 4450 1989 4521 quis

2060 503 2237 563 retur,
2268 504 2322 550 et
2356 494 2533 550 tlectit
2564 511 2629 548 ac
2663 499 2848 548 movet
2883 496 3144 551 omnium
3194 503 3530 567 creatorem,
3582 507 3637 557 et
3668 518 3765 558 eos

2058 592 2289 643 coronat
2320 584 2417 654 qui
2458 600 2519 639 se
2568 601 2635 637 ex
2674 586 2887 638 virtute
2939 591 3091 641 recte
3140 594 3373 657 gerunt,
3427 594 3483 645 et
3531 591 3614 646 eis
3666 594 3766 663 qui

2058 677 2117 730 in
2150 692 2212 729 ea
2246 679 2641 746 perseverant,
2679 672 2925 743 largitur
2954 690 3198 743 regnum
3231 679 3531 735 cmlorum.

2672 762 2905 817 CAPUT
2946 763 3151 817 CXLII.

2492 855 2605 908 Vita
2634 862 2834 908 sancta
2874 853 3142 910 Silvaniae
3170 856 3340 928 (205).

2136 945 2237 999 Illo
2272 948 2526 1013 tempore
2556 944 2800 1012 contigit
2831 948 2893 997 ut
2924 960 3028 999 nos
3051 945 3229 999 simul
3255 948 3662 1019 navigaremus
3695 954 3767 1007 ab

2063 1033 2209 1088 IElia
2238 1034 2296 1087 in
2327 1034 2658 1104 Egyptum,
2689 1034 3040 1088 deducentes
3073 1034 3294 1090 beatam
3324 1036 3637 1093 Silvaniam
3663 1043 3770 1097 vir-

2066 1123 2281 1194 ginem,
2314 1138 2569 1177 sororem
2604 1127 2798 1177 autem
2834 1123 3068 1189 Ruffini,
3090 1124 3187 1195 qui
3222 1125 3331 1181 fuit
3362 1143 3427 1182 ex
3460 1130 3769 1198 praefectis.

2661 1211 2896 1266 CAPUT
2937 1212 3172 1268 CXLIll.

2660 1300 2731 1355 De
2768 1302 2970 1357 Jubino
3000 1302 3170 1373 (206).

2138 1391 2293 1446 Inter
2322 1407 2466 1461 quos
2498 1396 2619 1445 erat
2639 1390 2814 1446 etiam
2848 1392 3156 1447 nobiscum
3190 1392 3460 1463 Jubinus,
3492 1401 3628 1453 tunc
3652 1400 3772 1469 qui-

2068 1480 2198 1534 dem
2232 1480 2533 1545 diaconus,
2569 1496 2723 1535 nunc
2754 1485 2945 1535 autem
2970 1482 3276 1551 episcopus
3311 1485 3565 1541 ecclesiae
3600 1492 3775 1543 Asca-

2066 1570 2239 1634 lonis,
2270 1570 2357 1624 vir
2389 1571 2517 1640 pius
2549 1574 2605 1625 et
2645 1571 2931 1625 eruditus.
2990 1570 3133 1625 Cum
3162 1578 3354 1629 autem
3388 1574 3776 1633 vehementis-

2069 1659 2253 1713 simus
2287 1676 2390 1713 nos
2422 1663 2595 1712 mstus
2628 1660 2955 1727 invasisset,
2992 1664 3048 1713 et
3101 1663 3571 1731 pervenissemus
3605 1665 3775 1721 Pelu-

2072 1749 2249 1813 sium,
2301 1748 2509 1802 accidit
2558 1754 2617 1800 ut
2663 1746 2937 1813 Jubinus,
2989 1754 3223 1819 accepta
3270 1752 3439 1820 pelvi,
3497 1756 3671 1823 pedes
3719 1760 3775 1811 et

2075 1852 2284 1890 manus
2319 1835 2527 1906 palmis
2553 1836 2769 1889 lavaret
2787 1853 2933 1905 aqua
2960 1837 3361 1906 frigidissima,
3385 1848 3436 1893 et
3461 1848 3774 1913 postquam

2075 1924 2334 1988 lavisset,
2368 1940 2545 1995 super
2594 1923 2918 1994 pelliculam
2956 1924 3117 1978 humi
3153 1930 3395 1982 stratam
3448 1932 3775 1999 requiesce-

2077 2018 2180 2067 ret.
2210 2015 2353 2068 Cum
2388 2018 2577 2068 autem
2613 2013 2711 2067 illa
2742 2014 2794 2067 id
2829 2014 3190 2081 advertisset,
3234 2020 3298 2071 ut
3332 2026 3511 2073 mater
3542 2020 3777 2091 sapiens

2077 2102 2340 2171 germani
2375 2101 2497 2168 filii,
2531 2102 2658 2171 ejus
2700 2102 3014 2171 increpavit
3046 2102 3367 2172 mollitiem,
3402 2107 3633 2163 dicens:
3669 2110 3777 2173 Qui

2078 2190 2137 2243 in
2169 2191 2434 2245 animum
2468 2190 2717 2256 inducis,
2752 2191 2907 2244 illam
2941 2207 3116 2261 agens
3145 2197 3391 2261 aetatem,
3425 2195 3645 2251 vivente
3677 2200 3778 2252 ad-

2079 2278 2190 2333 huc
2220 2288 2315 2334 tuo
2348 2280 2654 2348 sanguine,
2689 2295 2871 2349 usque
2902 2281 3043 2335 adeo
3078 2287 3235 2336 tuam
3278 2283 3464 2339 fovere
3496 2302 3780 2342 caruncu-

2078 2367 2217 2435 lam,
2251 2386 2364 2423 non
2398 2369 2653 2423 sentiens
2685 2370 2897 2424 damna
2928 2387 3053 2440 quae
3087 2388 3155 2425 ex
3186 2386 3249 2425 eo
3286 2374 3554 2429 oriuntur
3582 2376 3607 2429 τ
3638 2378 3779 2433 Con-

2080 2459 2212 2526 ﬁde,
2244 2459 2500 2514 confide:
2534 2474 2664 2514 ecce
2695 2476 2799 2527 ago
2831 2476 3051 2513 annum
3090 2461 3273 2516 aetatis
3321 2464 3778 2533 sexagesimum,

2080 2554 2283 2620 praeter
2338 2557 2593 2604 extrema
2652 2565 2932 2603 manuum
2999 2551 3146 2620 (207)
3220 2567 3483 2607 mearum
3539 2555 3617 2626 (et
3673 2556 3779 2611 hoc

2078 2643 2315 2710 propter
2346 2639 2845 2711 communionem)
2875 2655 2982 2693 non
3020 2656 3119 2709 pes
3146 2657 3304 2696 tneus
3334 2659 3544 2713 aquam
3574 2646 3778 2718 tetigit,

2079 2744 2195 2783 non
2227 2728 2445 2793 vultus,
2480 2746 2664 2799 neque
2706 2727 2880 2782 ullum
2912 2745 2979 2783 ex
3032 2729 3303 2785 membris
3352 2733 3516 2799 meis,
3550 2735 3779 2791 etiamsi

2082 2834 2174 2873 me
2206 2819 2370 2872 varia:
2402 2818 2718 2873 invaserint
2762 2818 3169 2888 aegritudines;
3206 2824 3261 2874 et
3294 2837 3422 2875 cum
3458 2840 3489 2876 a
3529 2824 3773 2879 medicis

2085 2924 2311 2971 cogerer
2344 2909 2421 2961 uti
2454 2908 2683 2971 balneo,
2714 2923 2827 2961 non
2860 2908 3059 2962 induxi
3093 2908 3149 2962 in
3180 2910 3440 2964 animum
3472 2914 3625 2967 carni
3662 2914 3786 2967 red-

2084 2998 2216 3051 dere
2265 2996 2546 3061 debitum,
2599 3013 2713 3049 non
2763 2996 2822 3049 in
2855 2996 3000 3051 lecto
3045 2998 3368 3066 quiescens,
3417 3016 3530 3054 non
3580 3001 3783 3058 lectica

2088 3103 2340 3159 usquam
2372 3093 2597 3156 gestata
2628 3087 2981 3157 ingrediens.

2005 3154 2055 3218 Ο
2160 3176 2285 3230 Haec
2318 3192 2447 3230 cum
2481 3179 2634 3230 esset
2666 3175 3019 3242 doctissima,
3056 3177 3373 3232 doctrinam
3408 3196 3606 3235 amore
3638 3198 3789 3237 com-

2087 3267 2270 3337 plexa,
2314 3270 2510 3321 noctes
2542 3265 2701 3319 uberi
2735 3265 2858 3320 oleo
2892 3283 2924 3319 a
2956 3283 3014 3319 se
3045 3265 3405 3323 illuminatas
3434 3271 3698 3326 mutabat
3730 3273 3788 3327 in

2087 3355 2228 3421 dies,
2262 3354 2457 3409 omnia
2486 3354 2857 3424 antiquorum
2883 3355 2983 3423 qui
3011 3357 3459 3411 commentarios
3483 3359 3791 3414 ediderunt

2088 3445 2305 3514 scripta
2347 3459 2711 3514 percurrens,
2762 3443 3023 3514 Origenis
3076 3444 3263 3499 tricies
3318 3455 3558 3502 centena
3610 3450 3790 3505 millia

2091 3550 2377 3599 versuum,
2439 3532 2697 3604 Gregorii
2755 3542 2805 3587 et
2855 3534 3154 3603 Stephani,
3206 3539 3261 3589 et
3309 3535 3479 3592 Pierii
3530 3539 3701 3609 (2308),
3734 3545 3792 3595 et

2092 3625 2308 3692 Basilii,
2358 3630 2414 3680 et
2456 3625 2844 3695 quorumdam
2897 3623 3142 3679 aliorum
3195 3628 3522 3695 praestantis
3563 3630 3792 3685 virtutis

2091 3716 2346 3769 virorum
2381 3715 2563 3768 millia
2595 3715 2841 3767 ducenta
2873 3720 2929 3767 et
2978 3714 3409 3785 quinquaginta
3441 3734 3555 3771 non
3598 3718 3795 3773 leviter

2094 3820 2199 3857 nec
2256 3807 2468 3857 temere
2525 3802 2642 3856 hac
2686 3817 3043 3872 percurrens,
3096 3804 3194 3857 sed
3241 3802 3528 3859 elaborate
3579 3807 3793 3877 septies

2095 3892 2178 3948 vel
2213 3893 2388 3947 octies
2408 3906 2891 3961 unumquemque
2912 3890 3126 3945 librum
3153 3891 3472 3963 perlegens,
3502 3903 3562 3949 ut
3582 3894 3792 3951 horum

2094 3984 2399 4037 verborum
2429 3981 2614 4051 gratia
2649 3981 2704 4034 in
2757 3981 2939 4035 altum
2993 3981 3334 4051 erigeretur,
3379 4000 3480 4053 spe
3513 3984 3662 4040 bona
3694 4003 3795 4041 se-

2094 4074 2283 4144 ipsam
2342 4087 2499 4127 avem
2544 4070 2803 4125 efﬁciens
2851 4070 3198 4140 spiritalem,
3257 4076 3314 4127 et
3361 4074 3431 4128 ad
3483 4074 3792 4130 Christum

2096 4163 2349 4229 evolans,
2395 4160 2754 4216 immortales
2802 4161 2873 4214 ab
2926 4160 3050 4229 ipso
3102 4165 3410 4231 acceptura
3453 4179 3797 4219 remunera-

2099 4252 2302 4307 tiones.

2693 4341 2926 4395 CAPUT
2964 4341 3203 4396 CXLIV.

2639 4431 2708 4485 Dc
2740 4430 3059 4501 Olympiade
3090 4432 3255 4501 (209).

242 4558 245 4565 ·
280 4536 663 4593 calumniatus
692 4538 1037 4607 illaqueetur
1068 4540 1160 4594 his
1214 4540 1433 4595 inimici
1470 4539 1711 4607 retibus,
1748 4544 1805 4594 et
1838 4540 1851 4593 i

2179 4522 2301 4591 Ejus
2332 4519 2573 4589 vestigia
2593 4524 2678 4573 est
2702 4524 2921 4586 secuta,
2945 4524 3002 4575 et
3022 4536 3255 4576 omnem
3281 4520 3555 4577 virtutem
3582 4522 3788 4577 divina}

281 4625 376 4678 dat
409 4627 465 4679 in
500 4626 727 4682 dolores
760 4628 948 4683 carnis
999 4628 1417 4695 intolerabiles,
1466 4630 1615 4683 sicut
1669 4630 1785 4683 haec
1820 4628 1982 4699 prius

284 4713 497 4784 scripta
524 4719 607 4769 est
642 4716 781 4771 falsa
822 4719 1185 4785 acetisatrix;
1222 4723 1533 4790 postquam
1571 4722 1763 4774 autem
1800 4736 1832 4773 a
1860 4735 1985 4773 coro

286 4818 418 4871 pore
452 4804 623 4858 fuerit
674 4804 974 4871 liberatus,
1027 4809 1294 4862 tradatur
1339 4806 1565 4863 aeternis
1611 4806 1986 4862 intolerabili-

286 4891 393 4945 bus
429 4894 753 4959 tormentis,
806 4900 863 4950 et
907 4913 1030 4965 quae
1100 4912 1411 4967 nunquam
1465 4897 1754 4952 desinent.
1807 4898 1987 4951 Deum

288 4982 439 5036 enim
513 4984 582 5036 ad
661 4984 803 5038 iram
885 4995 1154 5054 provocat
1236 4987 1284 5041 is
1363 4988 1458 5057 qui
1542 4986 1988 5042 calumniatur:

288 5074 383 5140 qui
471 5077 662 5126 autem
747 5089 844 5143 per
935 5074 1290 5129 calumniam
1389 5085 1717 5143 accusatur,
1819 5076 1991 5146 idque

288 5159 393 5214 fert
437 5162 529 5232 pio
574 5166 628 5216 et
675 5180 832 5233 rcquo
883 5166 1098 5233 animo,
1148 5172 1205 5219 et
1255 5167 1379 5235 ejus
1432 5166 1490 5219 in
1541 5170 1809 5236 apertum
1854 5181 1991 5235 pro-

287 5249 559 5305 lationem
628 5252 913 5322 permittit
981 5254 1268 5325 precibus,
1348 5260 1691 5326 exspeetans
1762 5256 1991 5324 justum

289 5338 718 5409 Deijudicium,
753 5343 899 5399 sicut
944 5343 1037 5400 hic
1086 5362 1119 5400 a
1169 5346 1396 5400 Christo
1444 5349 1804 5413 coronatus;
1836 5345 1885 5399 is
1917 5347 1991 5411 et,

290 5431 436 5500 quod
471 5431 593 5501 ejus
625 5432 779 5488 sileri
813 5439 1022 5507 potest,
1057 5434 1353 5503 laudatur,
1388 5440 1445 5492 et
1485 5435 1543 5491 in
1578 5435 1796 5491 honore
1822 5434 1997 5490 habe-

288 5524 397 5589 tur,
431 5525 486 5576 et
517 5527 792 5580 aeternam
826 5541 1101 5581 coronam
1134 5527 1530 5597 consequitur.
1571 5525 1878 5582 Discamus
1910 5541 1995 5580 er-

294 5627 352 5683 go
382 5611 687 5685 diligenter
718 5632 890 5687 quam
942 5617 1059 5673 sint
1106 5616 1527 5689 insuperabiles
1577 5617 1723 5673 vires
1772 5615 1995 5673 oratio-

2096 4610 2223 4665 vitaa
2256 4609 2550 4681 spiritalis,
2584 4608 2638 4662 in
2675 4609 2877 4680 primis
2897 4611 3225 4665 veneranda
3256 4610 3569 4666 ethonesta
3600 4612 3799 4682 Olym-

2094 4700 2240 4771 pias,
2273 4702 2330 4753 et
2363 4715 2486 4769 quae
2517 4698 2617 4753 viae
2645 4715 2767 4767 quas
2798 4700 2907 4753 fert
2953 4698 3011 4754 in
3061 4700 3269 4754 coelum
3301 4716 3534 4755 summo
3568 4701 3685 4755 zelo
3716 4706 3802 4758 te-

2096 4793 2363 4856 nebatur,
2389 4789 2719 4844 divinarum
2751 4789 3178 4860 Scripturarum
3209 4791 3557 4846 sententiam
3596 4797 3797 4848 secuta

2098 4882 2153 4937 in
2186 4880 2472 4935 omnibus.
2514 4878 2638 4932 Fuit
2668 4883 2861 4933 autem
2910 4880 3233 4933 secundum
3266 4895 3499 4934 carnem
3553 4880 3669 4935 filia
3700 4882 3799 4937 Se-

2101 4970 2249 5026 leuci
2281 4969 2428 5040 (210)
2460 4985 2527 5023 ex
2557 4968 2889 5034 comitibus,
2923 4984 3053 5022 vera
3083 4976 3274 5023 autem
3308 4969 3405 5024 Dei
3430 4969 3557 5024 tilia
3589 4986 3796 5026 secun-

2102 5060 2242 5114 dum
2274 5058 2582 5128 spiritum;
2618 5059 2807 5127 neptis
2831 5062 3024 5112 autem
3046 5058 3269 5113 Ablavii
3300 5059 3399 5129 qui
3423 5064 3547 5114 erat
3571 5074 3638 5113 ex
3665 5076 3803 5129 prae-

2104 5149 2287 5216 fectis,
2339 5146 2559 5219 aliquot
2612 5156 2805 5202 autem
2865 5147 2987 5202 dies
3042 5164 3253 5216 sponsa
3312 5150 3460 5219 (211)
3518 5148 3796 5214 Nebridii,

2104 5240 2202 5310 qui
2236 5238 2344 5293 fuit
2393 5254 2461 5292 ex
2515 5237 2801 5308 praefectis
2850 5237 3009 5293 urbis
3060 5236 3631 5307 Constantinopolis;
3680 5237 3805 5307 ipsa

2105 5334 2296 5384 autem
2342 5343 2537 5382 revera
2586 5328 2690 5381 fuit
2722 5344 2863 5382 uxor
2910 5327 3149 5383 nullius.
3189 5326 3403 5381 Dicitur
3434 5328 3627 5379 autem
3665 5326 3800 5379 dor-

2106 5419 2283 5473 misse
2323 5416 2483 5487 virgo
2528 5417 2883 5489 incorrupta,
2935 5418 3134 5471 effecta
3166 5414 3343 5469 divini
3391 5413 3552 5469 verbi
3602 5415 3802 5469 convi-

2106 5508 2271 5573 ctrix,
2305 5507 2514 5577 conjux
2544 5511 2737 5562 autem
2772 5507 2953 5563 totius
2972 5521 3112 5560 verae
3148 5502 3515 5571 humilitatis,
3548 5518 3807 5560 commu—

2107 5601 2313 5660 nicans
2345 5605 2395 5653 et
2430 5596 2771 5653 ministrans
2820 5595 3092 5651 omnibus
3143 5594 3469 5663 egentibus.
3508 5593 3639 5666 lpsa
3670 5607 3805 5649 cum
