4074 6278
398 369 547 428 12η

1973 357 2335 419 PALLADII

3797 348 3837 407 1
3851 348 3971 408 248

393 490 597 529 omnes
628 473 761 529 illas
793 471 1054 527 inﬁnitas
1084 476 1141 527 et
1173 471 1491 526 immensas
1544 468 1919 540 dispersisset
1947 466 2095 522 divi-
2127 468 2181 534 Α
2213 458 2500 519 sententia
2533 457 2880 513 distributae.
2916 456 3045 511 Haec
3095 469 3228 525 ergo
3278 469 3393 508 non
3424 452 3694 524 amplius
3733 454 3822 508 de
3857 470 3972 508 cae-

394 563 525 629 tias,
556 562 818 617 absolute
851 567 906 616 et
934 559 1451 616 indiscriminatim
1475 574 1641 630 opem
1679 557 1891 613 ferebat
1916 555 2099 611 omni-

395 653 522 707 dus.
555 653 676 707 Non
708 651 865 706 enim
900 651 1066 715 urbs,
1099 666 1211 705 non
1243 666 1364 715 rus,
1420 664 1533 703 non
1579 647 1849 715 solitudo,
1884 645 2099 700 mansit

392 757 595 811 expers
629 738 993 809 largitionum
1020 738 1195 808 hujus
1226 736 1451 808 inclytae
1482 735 1753 808 virginis:
1788 736 1889 791 sed
1920 739 1977 789 et
2004 748 2094 790 ec-

395 828 585 884 clesiis
617 828 1011 898 suppeditavit
1041 829 1107 881 ad
1140 827 1380 881 donaria
1410 826 1680 895 deputata
1702 824 2007 890 sacriﬁcio,
2042 825 2098 877 et

397 921 791 985 monasteriis,
826 922 881 974 et
910 918 1210 984 ccenobiis,
1259 922 1316 973 et
1367 916 1778 987 xenotrophiis,
1813 919 1868 969 et
1898 918 2095 969 custo-

396 1010 529 1075 diis,
563 1017 615 1064 et
645 1008 942 1079 relegatis;
972 1012 1047 1077 et,
1084 1016 1143 1062 ut
1181 1006 1361 1063 semel
1393 1007 1600 1073 dicam,
1646 1007 1701 1059 in
1731 1020 1965 1060 omnem
1998 1019 2098 1058 or—

393 1099 525 1153 bem
558 1103 725 1152 terras
756 1098 1031 1169 dispersit
1063 1097 1478 1167 eleemosynas.
1505 1095 1634 1150 Haec
1667 1096 1832 1149 beata
1872 1109 2097 1163 proces-

393 1187 469 1243 sit
499 1204 685 1259 usque
714 1189 784 1242 ad
820 1192 1142 1243 extremum
1175 1186 1494 1241 terminum
1536 1184 1909 1252 humilitatis,
1945 1183 2095 1239 ultra

393 1292 562 1347 quem
596 1276 739 1330 nihil
780 1276 963 1347 possit
1011 1275 1256 1331 inveniri
1310 1274 1586 1344 amplius.
1639 1272 1769 1326 Vita
1800 1273 1925 1326 sine
1974 1269 2096 1325 ulla

392 1365 553 1419 inani
585 1364 787 1435 gloria,
809 1364 1032 1435 species
1056 1378 1421 1433 nequaquam
1453 1363 1605 1429 ficta,
1641 1360 1851 1416 sinceri
1882 1375 2090 1426 mores,

395 1455 569 1510 facies
602 1470 713 1509 non
745 1454 957 1521 fucata,
984 1470 1196 1524 corpus
1219 1453 1453 1518 ﬂorens,
1479 1467 1646 1506 mens
1672 1465 1785 1505 non
1817 1448 2093 1519 gloriosa,

394 1545 628 1599 animus
651 1545 722 1598 ab
754 1542 1087 1614 arrogantia
1118 1542 1362 1607 alienus,
1397 1557 1495 1597 cor
1525 1540 1768 1595 minime
1798 1538 2095 1594 turbulen-

392 1638 539 1697 tum,
595 1631 787 1686 somni
835 1645 1039 1701 expers
1084 1629 1298 1700 vigilia,
1356 1630 1595 1701 spiritus
1637 1644 1752 1685 non
1801 1627 2087 1694 curiosus,

390 1720 645 1776 charitas
662 1723 973 1791 immensa,
1006 1737 1128 1791 quae
1153 1719 1563 1788 comprehendi
1587 1736 1703 1774 non
1730 1721 1921 1790 potest
1942 1732 2094 1773 com-

389 1811 729 1879 municatio,
761 1810 889 1865 vilis
926 1816 983 1866 et
1004 1815 1335 1880 contempta
1366 1809 1562 1877 vestis,
1614 1808 1847 1863 inﬁnita
1910 1809 2094 1863 conti-
2122 1843 2168 1909 Β

391 1899 608 1967 nentia,
645 1905 801 1956 recta
844 1900 1136 1971 cogitatio,
1191 1899 1249 1954 in
1295 1898 1470 1953 Deum
1519 1914 1652 1969 spes
1693 1902 1926 1964 aeterna,
1957 1913 2089 1951 cum

389 1990 757 2061 eleemosyna
804 2006 933 2061 quas
984 2006 1097 2045 non
1148 1992 1337 2059 potest
1390 1988 1633 2056 narrari,
1684 1990 2089 2042 ornamentum

388 2082 649 2137 omnium
700 2081 1040 2149 humilium,
1090 2079 1179 2135 cui
1232 2077 1429 2133 multae
1479 2085 1614 2133 sunt
1660 2093 1911 2132 accensa;
1959 2081 2088 2131 ten-

387 2172 633 2226 tationes
664 2186 730 2224 ex
759 2169 1092 2241 operatione
1121 2169 1244 2237 ejus
1275 2167 1372 2237 qui
1411 2171 1497 2221 est
1529 2182 1633 2221 sua
1665 2170 1869 2236 sponte
1903 2165 2088 2219 malus

391 2264 448 2315 et
496 2259 686 2314 omnis
725 2258 861 2315 boni
914 2275 1135 2328 expers,
1188 2273 1392 2327 nempe
1442 2255 1781 2311 daemonis:
1815 2270 1944 2324 quas
1984 2270 2087 2325 pro

390 2350 627 2403 veritate
683 2365 796 2403 non
858 2365 1033 2420 parva
1091 2349 1235 2402 adiit
1304 2347 1639 2405 certamina.
1695 2359 1816 2416 quas
1875 2348 1931 2399 et
1986 2344 2086 2399 diu

390 2439 610 2494 affatim
680 2438 822 2495 vixit
892 2439 948 2492 in
1010 2438 1319 2493 immensis
1391 2435 1681 2505 Iacrymis,
1759 2434 1919 2490 omni
1978 2434 2084 2488 hu-

387 2545 575 2584 manae
597 2533 819 2584 naturas
852 2529 1114 2596 subjecta
1137 2532 1367 2598 propter
1389 2526 1703 2581 Dominum
1730 2541 1744 2592 ;
1769 2540 1901 2580 cum
1926 2523 2085 2579 omni

387 2618 597 2687 pietate
621 2618 841 2672 sanctis
873 2617 1104 2671 subdita
1133 2616 1446 2686 episcopis,
1476 2631 1759 2670 venerans
1794 2614 2084 2684 presbyte-

389 2710 599 2764 ratum.
651 2706 945 2759 honorans
998 2705 1237 2773 clerum,
1288 2720 1554 2758 reverens
1598 2702 2082 2767 exercitationem,

386 2794 715 2864 suscipiens
738 2794 1156 2864 virginitatem,
1180 2810 1346 2864 opem
1372 2795 1563 2847 ferens
1580 2791 1864 2858 viduitati,
1886 2806 2082 2846 curam

384 2901 593 2957 gerens
624 2883 904 2951 orbitatis,
939 2887 1250 2955 protegens
1290 2886 1668 2949 senectutem,
1722 2888 1964 2952 aegrotos
1996 2881 2085 2935 in-

383 2975 596 3042 visens,
636 2979 1007 3047 peccatorum
1056 2974 1356 3041 miserens,
1408 2976 1660 3028 errantes
1710 2972 1769 3026 in
1795 2973 1945 3027 viam
1980 2972 2083 3027 de-

382 3065 624 3131 ducens,
659 3065 717 3119 in
743 3080 945 3119 omnes
982 3067 1149 3119 utens
1177 3061 1592 3126 misericordia,
1626 3061 1860 3132 profuse
1891 3064 2082 3115 autem

384 3155 439 3207 in
470 3170 773 3225 pauperes,
803 3154 1123 3224 multisque
1149 3151 1473 3208 inﬁdelium
1515 3151 1573 3205 in
1596 3149 1882 3206 catechesi
1915 3149 2085 3204 insti-

2208 556 2328 608 tero
2363 565 2491 622 quas
2521 552 2663 603 sunt
2684 546 2876 603 carnis
2906 545 3156 617 sapiens,
3184 544 3445 614 subjecta
3468 542 3969 615 principatibus,

2206 642 2483 697 obedieus
2507 638 2916 711 potestatibus,
2958 651 3236 690 venerans
3285 634 3815 706 presbyteratum,
3859 634 3968 687 ho-

2210 747 2423 787 noruns
2458 729 2793 783 universum
2826 726 3069 786 clerum,
3094 725 3459 781 confessione
3484 738 3746 795 quoque
3774 725 3965 795 digna

2206 824 2297 875 est
2324 817 2523 873 habita
2554 833 2651 887 pro
2682 816 2941 883 veritate,
2980 817 3447 885 importunarum
3477 812 3961 868 recusationum

2207 908 2410 964 multis
2432 906 2680 977 acceptis
2714 904 3002 975 procellis.
3035 904 3210 974 Cujus
3228 903 3400 959 vitam
3434 902 3596 958 inter
3629 902 3957 958 confesso—

2206 1015 2297 1055 res
2323 998 2597 1063 referunt,
2630 996 2965 1067 quicunque
3016 994 3093 1065 pii
3128 993 3396 1048 habitant
3429 992 3955 1063 Constantinope—

2204 1087 2334 1156 lim,
2366 1092 2431 1142 ut
2461 1101 2587 1157 quae
2610 1084 2865 1155 proxime
2888 1087 3130 1137 matrem
3156 1082 3475 1153 periclitata
3498 1082 3583 1136 sit
3607 1082 3676 1135 in
3717 1081 3801 1135 iis
3827 1098 3948 1153 quae

2206 1180 2344 1233 sunt
2375 1193 2441 1232 ex
2472 1176 2587 1231 Deo
2618 1173 3037 1230 certaminibus
3064 1187 3077 1239 ;
3110 1174 3166 1226 et
3197 1171 3253 1225 in
3287 1169 3378 1225 his
3420 1175 3674 1225 mortua
3711 1170 3947 1225 beatam

2205 1267 2427 1339 accepit
2457 1265 2719 1335 gloriam,
2750 1269 2807 1321 et
2836 1263 2893 1319 in
2926 1263 3152 1318 inﬁnito
3195 1262 3402 1317 saaculo
3444 1270 3749 1317 coronata
3782 1277 3945 1334 pom-

2206 1374 2338 1428 pam
2372 1358 2510 1428 agit,
2545 1354 2687 1410 nulli
2712 1352 2967 1409 interitui
3002 1350 3280 1408 obnoxias
3300 1366 3435 1407 cum
3464 1352 3708 1407 sanctis
3742 1357 3805 1406 et
3840 1352 3949 1406 sibi

2205 1447 2495 1503 similibus
2528 1446 2584 1501 in
2603 1446 3026 1516 sempiternum
3052 1442 3386 1499 mansiones
3406 1442 3736 1512 habitans,
3764 1451 3824 1497 et
3857 1444 3952 1499 hoc

2204 1553 2411 1593 norum
2453 1551 2688 1607 operum
2717 1552 2749 1590 a
2780 1534 3012 1589 Christo
3044 1532 3291 1589 Domino
3325 1548 3460 1587 cum
3498 1532 3739 1587 ﬁducia
3792 1532 3952 1587 acci-

2205 1625 2368 1697 piens
2401 1623 2922 1681 renumerationes.

2814 1711 3044 1767 CAPUT
3084 1710 3295 1767 CXLV.

2862 1804 2934 1858 De
2975 1803 3245 1858 Candida.

2270 1896 2407 1952 Post
2437 1893 2586 1949 hanc
2617 1892 2823 1965 aequali
2856 1908 3088 1963 quoque
3120 1894 3292 1947 modo
3324 1892 3382 1947 in
3415 1892 3679 1947 Domino
3707 1892 3935 1957 vivens.

2197 1986 2363 2042 beata
2391 1983 2670 2049 Candida,
2704 1981 2937 2052 Trajani
2970 1997 3114 2036 uxor
3163 1982 3423 2052 magistri
3458 1981 3763 2049 militum,
3798 1998 3935 2037 cum

2196 2081 2253 2131 et
2283 2076 2351 2130 ad
2407 2088 2701 2129 summam
2751 2072 3104 2141 pervenisset
3152 2070 3547 2141 honestatem,
3600 2076 3666 2126 et
3719 2074 3931 2128 rationi

2196 2165 2602 2222 convenienter
2659 2171 2923 2219 ornasset
2982 2164 3274 2231 ecclesias,
3329 2169 3385 2220 et
3434 2168 3722 2220 venerata
3774 2169 3932 2221 esset

2195 2258 2492 2327 episcopos
2543 2271 2647 2324 pro
2696 2255 2979 2323 dignitate
3028 2254 3241 2310 Christi
3296 2260 3843 2320 sacramentorum,
3876 2260 3927 2309 et

2195 2362 2429 2402 omnem
2461 2344 2676 2400 Christi
2718 2343 2941 2400 clerum
2987 2349 3182 2415 aperte
3233 2344 3597 2412 honorasset,
3654 2351 3718 2401 et
3749 2362 3926 2401 suam

2194 2435 2376 2491 ﬁliam
2409 2433 2763 2490 instituisset
2794 2434 2853 2488 in
2884 2439 3042 2489 sorte
3063 2432 3438 2505 virginitatis,
3468 2451 3599 2490 eam
3626 2435 3927 2506 pramisit

2196 2525 2263 2581 ad
2296 2523 2609 2591 Christum,
2645 2524 2863 2578 donum
2897 2539 3133 2578 suorum
3182 2523 3515 2579 viscerum:
3563 2531 3774 2595 postea
3810 2542 3924 2579 au-

2194 2618 2310 2670 tem
2345 2614 2472 2684 ipsa
2505 2627 2758 2683 quoque,
2792 2611 3169 2682 temperantia
3188 2616 3245 2666 et
3264 2613 3525 2668 castitate
3554 2617 3611 2667 et
3642 2614 3921 2681 pecuniae

2195 2702 2660 2772 dispersionibus
2692 2701 2871 2757 ﬁliam
2906 2716 3075 2757 suam
3118 2705 3208 2757 est
3238 2710 3568 2757 consecuta.
3600 2700 3769 2757 Hanc
3803 2719 3914 2772 ego

2192 2793 2310 2846 vidi
2339 2791 2632 2863 egregiam
2658 2791 2962 2846 mulierem
2986 2795 3105 2847 tota
3129 2796 3295 2848 nocte
3319 2792 3673 2847 laborantem
3693 2796 3754 2846 et
3779 2807 3915 2846 mo-

2193 2881 2435 2945 lentem,
2468 2885 2524 2935 et
2556 2879 2805 2951 propriis
2838 2880 3109 2935 manibus
3142 2880 3450 2936 facientem
3485 2896 3701 2952 panem
3742 2880 3911 2937 obla-

2194 2971 2390 3038 tionis,
2424 2971 2494 3025 ad
2534 2971 2682 3026 vires
2709 2972 2971 3041 corporis
3024 2970 3455 3041 deprimendas,
3488 2976 3546 3025 et
3574 2972 3905 3027 dicentem:

2193 3062 2336 3116 Cum
2371 3078 2485 3116 non
2511 3060 2765 3117 sufﬁciat
2788 3060 3105 3131 jejunium,
3136 3060 3287 3116 hanc
3312 3060 3362 3115 ei
3395 3061 3465 3117 do
3497 3062 3723 3117 sociam
3757 3063 3905 3119 labo-

2199 3152 2413 3207 riosam
2446 3151 2721 3222 vigiliam,
2750 3156 2820 3205 ut
2862 3150 3010 3207 Esau
3060 3150 3376 3208 dissolvam
3409 3167 3805 3224 euervemque
3837 3155 3909 3207 la-

381 3244 525 3299 tutis
558 3244 852 3313 uxoribus,
884 3244 1057 3299 etiam
1092 3244 1162 3297 ad
1195 3243 1410 3297 victum
1444 3242 1524 3296 eis
1558 3241 1748 3296 ferens
1780 3238 2082 3307 auxilium,
2116 3211 2159 3277 C
2199 3241 2462 3297 sciviam.
2499 3240 2576 3296 Ea
2607 3240 2676 3294 ab
2709 3240 2782 3295 iis
2813 3256 2939 3311 quae
2974 3249 3109 3296 sunt
3141 3241 3421 3311 sanguine
3449 3242 3693 3312 praedita
3714 3248 3773 3298 et
3793 3244 3910 3299 ani-

382 3349 612 3404 semper
643 3335 1018 3390 memorabile
1050 3349 1260 3389 nomen
1306 3332 1675 3403 benignitatis
1724 3330 1954 3401 reliquit
1986 3344 2086 3400 per

384 3428 557 3477 totam
591 3425 794 3478 vitam.
831 3426 876 3477 A
908 3423 1181 3479 servitute
1232 3422 1290 3475 in
1323 3421 1646 3475 libertatem
1680 3417 2084 3474 innumerabi—

380 3513 521 3565 lium
554 3528 851 3567 servorum
886 3515 1193 3567 restituens
1239 3513 1526 3577 examina,
1568 3513 1818 3567 reddidit
1849 3528 1947 3567 eos
1980 3511 2084 3567 ho-

380 3616 519 3654 nore
565 3600 816 3668 aequales
847 3616 961 3653 suae
1010 3599 1320 3663 nobilitati,
1352 3598 1439 3652 vel
1488 3600 1679 3667 potius
1711 3600 1781 3669 (si
1831 3617 1966 3656 vera
1995 3602 2083 3655 di-

383 3704 510 3744 cere
539 3689 819 3757 0porteat)
853 3688 988 3742 facti
1029 3690 1166 3742 sunt
1215 3687 1391 3757 hujus
1436 3691 1642 3741 sanctae
1678 3688 1878 3742 habitu
1910 3690 2081 3743 nobi-

384 3776 578 3834 liores.
610 3776 803 3847 Neque
832 3777 985 3833 enim
1020 3777 1149 3847 ejus
1198 3775 1563 3831 indumentis
1617 3776 1859 3831 inveniri
1898 3779 2080 3847 potuit

378 3868 698 3939 quidquam
722 3867 894 3923 vilius
918 3886 930 3935 ;
955 3884 1091 3923 nam
1128 3867 1199 3922 iis
1220 3866 1391 3922 etiam
1418 3864 1517 3937 qui
1536 3872 1669 3921 sunt
1688 3868 1894 3937 pannis
1915 3868 2080 3924 valde

379 3958 552 4013 obsiti
588 3958 824 4028 indigna
856 3962 1015 4012 erant
1050 3958 1230 4027 hujus
1261 3960 1477 4011 sanctae
1508 3959 1864 4027 tegumenta.
1898 3958 2079 4011 Tanta

379 4054 575 4105 autem
602 4053 724 4104 erat
753 4050 881 4119 ejus
937 4048 1347 4115 mansuetudo,
1394 4055 1457 4101 ut
1504 4048 1672 4102 etiam
1707 4047 1874 4118 longe
1906 4064 2077 4119 supe-

376 4149 527 4195 raret
550 4138 983 4210 simplicitatem
1008 4140 1264 4208 ipsorum
1290 4152 1626 4207 puerorum.
1660 4136 1828 4192 Nulla
1859 4138 2079 4209 vitupe-

376 4230 598 4286 ratione
631 4247 663 4284 a
715 4228 904 4283 vicino
955 4228 1189 4300 quidem
1243 4242 1496 4296 unquam
1540 4226 1768 4281 inventa
1806 4232 1894 4281 est
1922 4229 2075 4299 apud

374 4322 526 4377 hanc
553 4337 678 4391 qua
722 4320 1011 4375 Cbristum
1062 4318 1362 4387 gestabat;
1416 4317 1516 4371 sed
1565 4317 1751 4371 omnis
1805 4318 1930 4387 ejus
1964 4318 2077 4372 vita

375 4427 489 4465 non
522 4408 731 4474 vitalis,
766 4413 890 4463 erat
918 4409 977 4463 in
1009 4406 1365 4479 compunctit
1393 4423 1464 4461 ne
1512 4412 1569 4460 et
1623 4407 1911 4476 frequenti
1944 4424 2071 4477 pro-

376 4499 548 4553 ﬂuvio
580 4497 990 4567 lacrymarum;
1033 4500 1091 4551 et
1123 4496 1310 4567 ratius
1344 4496 1535 4551 videre
1558 4493 1768 4550 licebat
1798 4496 1938 4550 fonti
1964 4513 2075 4553 aes-

2197 3340 2353 3388 mata
2384 3333 2623 3387 omnino
2657 3332 2983 3399 abstinuit;
3020 3331 3131 3387 nisi
3165 3333 3320 3403 quod
3354 3334 3631 3389 sumebat
3652 3336 3842 3404 pisces
3861 3344 3913 3390 et

2196 3422 2389 3477 oleum
2422 3426 2479 3476 et
2507 3421 2686 3490 olera,
2717 3421 2891 3491 idque
2922 3420 3115 3476 solum
3147 3421 3206 3476 in
3257 3422 3350 3477 die
3381 3423 3528 3478 festo
3556 3439 3568 3477 :
3604 3426 3771 3479 omni
3804 3442 3915 3480 au-

2193 3516 2309 3567 tem
2344 3511 2453 3566 alio
2486 3519 2742 3583 tempore
2768 3515 3038 3566 contenta
3060 3518 3185 3567 erat
3207 3517 3475 3584 oxycrato
3498 3514 3656 3583 (212)
3686 3520 3746 3570 et
3768 3531 3917 3585 pane

2192 3601 2375 3657 arido.
2408 3602 2472 3656 In
2504 3600 2611 3657 hac
2640 3601 2766 3655 vitis
2813 3600 3149 3673 asperitate,
3195 3618 3329 3658 cum
3373 3602 3540 3659 beata
3570 3604 3772 3674 requie
3804 3606 3917 3660 ob-

2195 3689 2527 3745 dormiisset
2559 3689 2677 3744 haec
2725 3689 2938 3744 mulier
2982 3690 3221 3762 inclyta,
3274 3708 3429 3747 nunc
3480 3692 3689 3748 fruitur
3737 3694 3913 3749 bonis

2193 3779 2443 3843 aeternis,
2468 3796 2593 3849 quas
2627 3784 2767 3835 sunt
2786 3782 2985 3849 parata
3003 3780 3072 3835 iis
3092 3780 3190 3851 qui
3220 3780 3550 3837 dilexerunt
3572 3782 3751 3837 vitam
3781 3799 3913 3854 qua

2193 3885 2258 3924 ex
2291 3869 2499 3924 virtute
2531 3869 2741 3941 agitur.

2786 3960 3016 4015 CAPUT
3057 3960 3302 4019 CXLVI.

2776 4055 2853 4106 De
2884 4051 3103 4106 Gelasia
3132 4052 3306 4123 (213).

2260 4142 2690 4211 Consequenter
2735 4140 2854 4198 zelo
2896 4142 3071 4212 hujus
3118 4142 3285 4198 bona}
3335 4143 3589 4210 feminas,
3639 4144 3904 4201 veritatis

2188 4232 2339 4285 viam
2374 4231 2636 4300 ingressa
2664 4235 2773 4298 est,
2807 4232 2897 4300 pie
2928 4232 3167 4288 trahens
3190 4234 3401 4303 jugum
3435 4233 3808 4303 virginitatis,
3842 4235 3901 4288 in

2188 4320 2395 4392 primis
2418 4321 2747 4375 veneranda
2769 4321 3017 4391 Gclasia,
3044 4322 3346 4392 cujusdam
3374 4323 3587 4378 tribuni
3614 4324 3758 4379 ﬁIia.
3786 4323 3900 4379 Hu-

2179 4411 2281 4480 jus
2312 4409 2549 4481 Optimzs
2574 4410 2696 4466 haec
2723 4411 2902 4465 fertur
2935 4411 3136 4479 virtus,
3170 4413 3322 4482 quod
3354 4411 3437 4467 sol
3469 4428 3776 4482 nunquam
3801 4430 3896 4468 oc-

2184 4498 2327 4554 cidit
2355 4516 2529 4571 super
2559 4500 2685 4569 ejus
2717 4499 2994 4569 dolorem,
3021 4517 3136 4557 non
3176 4503 3442 4556 adversus
3469 4516 3725 4569 servum,
3763 4518 3895 4556 non

374 4592 488 4643 tate
520 4604 627 4643 sua
644 4587 889 4642 deﬁcere
922 4586 1159 4654 ﬂuenta,
1185 4601 1354 4655 quam
1380 4585 1692 4655 hujus-non
1718 4584 2074 4643 sublimibus
2108 4591 2151 4655 D
2186 4591 2460 4646 adversus
2492 4589 2787 4659 ancillam,
2819 4606 2933 4645 non
2969 4592 3233 4647 adversus
3254 4589 3498 4659 aliquem
3520 4587 3726 4643 alium.
3750 4591 3894 4646 Haec

371 4684 427 4735 et
455 4680 748 4736 Christum
784 4694 1015 4748 semper
1046 4676 1375 4732 videntibus
1415 4675 1603 4731 oculis
1632 4676 1918 4748 lacrymas
1938 4678 2081 4732 deﬁ-

370 4786 519 4824 cere.
551 4770 617 4823 Et
641 4768 783 4840 quid
817 4767 873 4822 in
907 4766 998 4821 his
1030 4764 1356 4821 immoror‘?
1381 4768 1501 4829 Quo
1529 4765 1682 4820 enim
1709 4768 1893 4836 magis
1917 4783 2077 4823 meus

369 4860 697 4913 versabitur
727 4858 958 4913 animus
980 4857 1039 4911 in
1062 4856 1218 4911 durae
1242 4856 1427 4911 instar
1458 4855 1578 4910 saxi
1602 4855 1809 4910 animae
1842 4873 2077 4912 narran-

372 4947 460 5001 dis
490 4948 911 5003 certaminibus
941 4951 997 5002 et
1026 4945 1365 5010 virtutibus,
1396 4960 1461 4999 eo
1496 4944 1683 5015 magis
1710 4945 2075 5001 invenientur

366 5036 541 5089 verba
571 5054 601 5089 a
642 5036 809 5091 factis
863 5036 1190 5091 remotiora.
1243 5033 1357 5089 Nec
1405 5048 1497 5088 me
1544 5032 1830 5089 existimet
1860 5034 2074 5105 aliquis

370 5126 491 5181 haec
552 5125 853 5197 splendide
900 5132 957 5180 et
1007 5124 1310 5196 magniﬁce
1370 5122 1643 5194 colligere
1701 5124 1771 5178 de
1831 5123 1934 5179 hac
1986 5125 2071 5181 vel

368 5216 611 5271 maxime
641 5213 973 5285 impatibili,
992 5220 1048 5268 et
1077 5213 1407 5284 perquirere
1439 5211 1712 5283 reliquias
1734 5214 2072 5269 castissima

367 5305 738 5378 Olympiadis,
773 5320 900 5375 quas
934 5308 1055 5357 tota
1087 5304 1189 5356 fuit
1230 5302 1545 5372 pretiosum
1596 5318 1693 5356 vas
1722 5302 1907 5356 sancti
1938 5303 2069 5373 Spi-

368 5398 512 5452 ritus
548 5415 559 5463 ;
594 5397 696 5453 sed
730 5394 823 5466 qui
857 5393 947 5448 his
987 5391 1170 5447 oculis
1200 5392 1447 5446 viderim
1480 5391 1659 5461 hujus
1692 5390 1867 5447 beatae
1892 5393 2067 5449 vitam

366 5491 422 5541 et
453 5487 774 5558 angelicam
808 5482 1257 5545 institutionem,
1309 5486 1370 5535 ut
1401 5482 1498 5552 qui
1550 5482 1756 5536 fuerim
1791 5483 2069 5551 spiritalis

366 5576 546 5643 hujus
569 5591 881 5645 germanus
912 5574 1160 5639 amicus,
1195 5575 1250 5624 et
1283 5571 1407 5639 ejus
1439 5570 1702 5641 cognatis
1735 5570 2065 5627 familiaris-

367 5666 575 5733 simus,
611 5665 754 5719 adeo
778 5672 838 5718 ut
869 5663 1062 5719 multa:
1087 5662 1213 5734 ejus
1240 5658 1493 5732 pecuniae
1527 5662 1641 5716 sint
1669 5677 1699 5713 a
1734 5677 1825 5717 me
1850 5678 1915 5716 ex
1938 5664 2065 5733 ejus

2188 4680 2357 4735 beata
2387 4695 2520 4734 cum
2540 4678 2838 4750 effugisset
2866 4680 3017 4735 viam
3050 4696 3247 4736 eorum
3266 4678 3363 4751 qui
3379 4682 3514 4733 sunt
3534 4682 3791 4751 acceptas
3812 4680 3891 4735 in-

2178 4768 2348 4838 juriaa
2383 4784 2692 4835 memores,
2724 4784 2845 4838 quae
2880 4769 2988 4825 fert
3011 4772 3083 4826 ad
3116 4777 3354 4827 mortem
3385 4773 3685 4838 cateruam,
3715 4769 3875 4825 evasit

2186 4857 2341 4912 hunc
2374 4857 2590 4914 malum
2624 4858 2841 4914 diaboli
2875 4858 3203 4928 stimulum,
3241 4873 3448 4931 nempe
3479 4859 3596 4915 odii
3629 4862 3687 4914 et
3718 4857 3878 4914 male-

2186 4948 2446 5003 volentia
2473 4969 2485 5017 ;
2517 4953 2574 5004 et
2613 4965 2748 5004 cum
2781 4950 3136 5006 desideraret
3187 4960 3465 5007 aeternam
3514 4954 3886 5023 peccatorum

2184 5038 2614 5103 remissionem,
2648 5040 2875 5096 remisit
2924 5056 3098 5110 parva
3146 5042 3384 5109 delicta,
3414 5052 3475 5096 ut
3504 5040 3633 5111 ipsa
3665 5054 3891 5111 quoque

2182 5127 2461 5183 inveniret
2490 5129 2778 5199 majorum
2814 5130 3245 5187 remissionem.

2769 5218 3004 5275 CAPUT
3046 5219 3303 5278 CXLVII.

2769 5310 2839 5363 De
2868 5309 3102 5366 Iuliana
3133 5311 3305 5382 (214).

2252 5396 2521 5462 Quasdam
2559 5398 2795 5453 nomine
2816 5399 3073 5469 Juliana,
3102 5400 3265 5472 virgo
3294 5400 3351 5455 in
3384 5399 3643 5456 Caesarea
3674 5400 3899 5475 Cappa-

2179 5488 2376 5555 dociae,
2410 5488 2561 5543 dicta
2591 5493 2675 5545 est
2704 5506 2829 5545 esse
2859 5493 2916 5545 et
2937 5490 3281 5546 doctissima
3300 5495 3356 5546 et
3386 5490 3747 5551 ﬁdelissima.
3774 5509 3902 5564 quae

2178 5578 2482 5649 Origenem
2542 5581 2885 5651 scriptorem
2941 5580 3250 5651 fugientem
3290 5579 3601 5651 gentilium
3636 5579 3901 5638 insurre-

2178 5669 2428 5726 ctionem
2478 5670 2719 5741 excepit,
2766 5686 2900 5727 eum
2952 5671 3098 5727 duos
3149 5686 3332 5727 annos
3390 5669 3717 5743 occultans,
3781 5673 3901 5731 suis
