4074 6278
244 335 402 400 1249

1593 332 1956 397 HISTORIA
2005 333 2413 396 LAUSIACA.

3602 338 3757 398 1250

238 477 431 553 λόγου,
490 472 738 538 σύνευνος
789 472 846 529 δὲ
900 471 1078 541 πάσης
1124 468 1367 541 ἀληθοῦς
1396 471 1893 549 ταπεινοφροσύνης
1924 491 1938 506 ⁸
1972 482 2025 546 Α
2054 471 2258 543 ταύτης
2317 472 2439 546 βίον
2489 470 2579 526 καί
2629 469 2923 548 ἀγγελικὴν
2976 471 3284 544 πολιτείαν,
3342 474 3417 537 ὡς
3476 476 3567 530 ἅτε
3605 498 3763 533 πνευ-

233 569 500 629 κοινωνὸς
561 564 757 621 δὲκαὶ
835 562 1089 625 διάκονος
1163 562 1378 617 πάντων
1451 567 1558 619 τῶν
1648 560 1942 637 δεομένων.

231 655 382 728 Αὕτη
442 658 617 712 πάντα
649 656 740 710 τὸν
788 654 1013 728 ἄπειρον
1063 652 1263 707 ἐκεῖνον
1314 652 1405 707 καὶ
1438 652 1741 728 ἀμέτρητον
1782 654 1947 709 πλοῦ-

232 769 328 803 τον
406 745 859 820 διασκορπίσασα,
926 749 1087 800 πᾶσιν
1174 742 1366 805 ἀπλῶς
1440 744 1531 797 καὶ
1614 741 1944 819 ἀδιακρίτως

237 836 553 911 ἐπήρκεσεν.
614 832 753 893 Οὔτε
817 834 919 910 γάρ
978 833 1165 904 πόλις,
1229 834 1291 887 οὐ
1349 834 1529 908 χώρα,
1563 834 1663 887 οὐκ
1715 831 1944 910 ἔρημος,

240 929 305 982 οὐ
342 934 531 997 νῆσος,
584 927 684 981 οὐκ
741 925 972 1000 ἐσχατιά
1026 924 1260 998 ἄμοιρος
1319 921 1525 998 ἔμεινεν
1586 928 1695 980 τῶν
1740 925 1945 996 ταύτης

240 1014 536 1071 ἐπιδόσεων
579 1020 682 1081 τῆς
722 1013 979 1088 ἀοιδίμου
1011 1030 1026 1045 ⁸
1077 1012 1208 1068 ἀλλ’
1255 1011 1550 1088 ἐπήρκεσεν
1597 1013 1686 1068 καὶ
1744 1012 1947 1084 ἐκκλη-

243 1106 383 1168 σίαις
442 1106 519 1168 εἰς
579 1105 887 1177 ἀναθέματα
964 1103 1305 1178 ἰερουργικά,
1363 1104 1453 1156 καὶ
1533 1106 1944 1178 μοναστηρίοις,

240 1196 332 1249 καὶ
389 1191 713 1264 κοινοϐίοις,
792 1195 883 1249 καὶ
944 1192 1438 1270 πτωχοτροφείοις,
1504 1192 1595 1247 καὶ
1654 1192 1945 1271 φυλακαῖς,

243 1285 335 1338 καὶ
381 1289 499 1345 τοῖς
537 1282 591 1337 ἐν
639 1282 895 1356 ἐξορίαις,
944 1281 1034 1337 καὶ
1086 1286 1256 1336 πᾶσαν
1309 1280 1500 1345 ἁπλῶς
1544 1282 1644 1350 τήν
1698 1282 1949 1355 οἰκουμέ-

238 1393 334 1442 νην
378 1370 777 1443 κατασπείρασα
826 1375 945 1431 ταῖς
996 1368 1413 1442 ἐλεημοσύναις·
1476 1367 1619 1438 Αὕτη
1687 1371 1721 1438 ἡ
1776 1390 1945 1441 μακα-

240 1462 329 1536 ρία
388 1461 463 1523 εἰς
522 1461 614 1515 τὸν
672 1459 973 1533 ἀκρότατον
1033 1460 1158 1533 ’ὀρον
1194 1456 1521 1529 ἐξεπήδησεν
1559 1465 1661 1525 τῆς
1704 1479 1947 1514 ταπεινο-

236 1552 533 1630 φροσύνης,
586 1550 663 1613 εἰς
722 1550 779 1605 ὅν
838 1550 937 1605 οὐκ
974 1550 1040 1619 ἧν
1094 1548 1439 1629 ἐφευρεθῆναί
1488 1570 1540 1604 τι
1585 1550 1949 1605 πλέονοάκε-

238 1639 460 1711 νόδοξος
521 1640 667 1715 βίος,
726 1639 1141 1715 ἀσχημάτιστον
1189 1637 1331 1702 εἶδος
1367 1659 1379 1672 ⁸
1424 1637 1699 1695 ἄπλαστον
1760 1640 1894 1709 ἦθος
1930 1660 1943 1674 ⁸

238 1728 664 1792 ἂκαλλώπιστος
719 1728 844 1803 ὄψις
877 1750 891 1763 ⁸
954 1726 1121 1784 ἄυλον
1179 1732 1339 1801 σῶμα
1378 1746 1393 1763 ⁸
1436 1729 1734 1803 ἀπέρπερος
1771 1732 1893 1789 νοῦς
1928 1746 1943 1762 ⁸

238 1818 440 1899 ἄτυφος
508 1821 704 1895 γνώμη
750 1836 765 1850 ⁸
826 1818 1126 1892 ἀτάρακτος
1197 1815 1437 1892 καρδία*
1514 1816 1717 1881 ἄϋπνος
1788 1818 1948 1892 ἀγρυ-

238 1911 369 1964 πνία
402 1930 416 1943 ⁸
470 1910 790 1984 ἀπερίεργον
836 1913 1049 1983 πνεῦμα
1081 1927 1097 1941 ⁸
1167 1908 1476 1982 ἀμέτρητος
1527 1908 1712 1983 ἀγάπη
1750 1925 1765 1940 ⁸
1827 1909 1949 1962 ἀκα-

238 1996 523 2067 τάληπτος
575 1997 871 2053 κοινωνία⁸
933 1995 1409 2074 εὐκαταφρόνητος
1483 1994 1643 2066 ἐσθής
1678 2014 1692 2027 ⁸
1754 1994 1948 2068 ἐγκρά-

238 2105 356 2139 τεια
412 2083 646 2158 ἄμετρος
680 2103 695 2118 ⁸
758 2084 991 2155 εὐθύτης
1051 2083 1291 2146 διανοίας
1350 2084 1425 2145 εἰς
1491 2084 1664 2138 Θεόν⁸
1728 2080 1945 2145 ἐλπίδες

547 2172 916 2245 ἐλεημοσύναι
975 2172 1361 2249 ἀνεκδιήγητοι
1413 2192 1427 2207 ⁸
1487 2173 1702 2227 πάντων
1759 2192 1946 2227 ταπει-

234 2267 340 2316 νῶν
398 2262 835 2337 ἐγκαλλώπισμα
886 2282 900 2295 ⁸
980 2260 1226 2323 πολλοὺς
1287 2262 1623 2336 πειρασμοὺς
1689 2261 1944 2330 ἐξαντλή-

237 2372 371 2406 σασα
436 2351 485 2421 ἐξ
546 2352 814 2427 ἐνεργείας
879 2355 975 2405 τοῦ
1042 2349 1373 2407 ἐθελοκάκου
1414 2353 1504 2405 καὶ
1551 2349 1945 2423 ἀπειροκάλου.

236 2442 315 2497 Οὐ
409 2441 634 2513 μικροὺς
713 2441 922 2514 ἀγῶνας
1008 2438 1390 2514 ἀγωνισαμένη
1481 2439 1613 2512 ὑπὲρ
1687 2437 1944 2508 ἀληθείας

235 2534 409 2584 Θεοῦ·
474 2529 734 2603 ἀμέτροις
802 2526 1058 2601 δακρύοις
1122 2527 1337 2603 νύκτωρ
1393 2528 1483 2582 καί
1540 2529 1652 2601 μεθ’
1733 2529 1941 2599 ἡμέραν

236 2614 498 2678 ἀνενδεῶς
568 2613 924 2689 συμϐιώσασα
972 2635 985 2650 ⁸
1066 2615 1479 2689 ὑποταττομένη
1560 2619 1704 2690 πάσῃ
1790 2636 1945 2691 φοσει

237 2705 554 2779 ἀνθρωπίνῃ
608 2703 697 2761 διά
752 2706 843 2760 τὸν
913 2706 1158 2780 Κύριον·
1235 2706 1369 2778 μετά
1429 2710 1602 2775 πάσης
1660 2699 1943 2766 εὐλαϐείας

239 2793 646 2868 ὐποκλινομένη
704 2800 821 2857 τοῖς
879 2793 1197 2855 ἐπισκόποις
1255 2799 1372 2856 τοῖς
1432 2795 1606 2869 ἀγίοις
1647 2813 1660 2826 ⁸
1712 2789 1943 2849 σέϐουσα

236 2883 301 2939 τὸ
349 2880 731 2959 πρεσϐυτέριον
756 2902 770 2916 ·
820 2888 1039 2957 τιμῶσα
1093 2886 1203 2939 τὸν·
1229 2882 1458 2959 κλῆρον.
1499 2881 1807 2956 Αἱδουμένη
1841 2903 1941 2948 την

239 2970 467 3044 ἄσκησιν
526 2972 911 3048 ἀποδεχομένη
961 2973 1248 3047 παρθενίαν
1281 2992 1294 3007 ⁸
1355 2971 1557 3049 χηρείᾳ
1586 2972 1894 3046 ἐπαρκοῦσα
1925 2991 1939 3005 ⁸

241 3061 497 3140 ὀρφανίαν
583 3061 992 3139 ἄνατρεφομένη
1041 3082 1055 3096 ο
1157 3064 1342 3136 γήρως
1437 3061 1875 3135 ὑπερασπίζουσα
1924 3081 1937 3096 ·

236 3152 591 3212 ἀσθενοῦντας
667 3148 1097 3221 ἐπισκεπτομένη
1155 3167 1168 3180 ⁸
1265 3148 1619 3224 ἀμαρτωλοῖς
1715 3170 1942 3222 συμπεν-

236 2172 447 2227 ἀένναοι
480 2193 493 2206 ⁸

239 3241 405 3294 θοῦσα
440 3260 451 3273 -
498 3212 1270 3312 πεπλανημένουςρδηγοῦσα
1302 3212 1315 3269 ί
1375 3212 1500 3299 τοὺς
1561 3237 1762 3301 πάντας
1786 3212 1795 3222 ι
1822 3237 1939 3293 ἐλε-
1973 3212 2016 3278 C

238 3332 389 3383 οὖσα·
436 3330 564 3391 τοὺς
618 3329 951 3401 πενομένους
998 3324 1233 3403 ἀφειδῶς
1273 3326 1617 3399 οἰκτείρουσα
1652 3346 1664 3361 ⁸
1726 3325 1942 3388 πολλάς

233 3439 292 3472 τε
349 3424 459 3473 τῶν
502 3418 743 3473 ἀπίστων
801 3419 1167 3491 κατηχήσασα
1216 3421 1492 3491 γυναῖκας,
1547 3417 1638 3472 καὶ
1688 3418 1755 3470 τὰ
1804 3416 1938 3492 πρὸς

231 3509 331 3576 τὴν
407 3510 552 3577 ζωήν
630 3505 1067 3582 ἐπικουρήσασα,
1149 3504 1476 3578 ἀείμνηστον
1560 3505 1939 3580 χρηστότητος

236 3594 412 3670 ὄνομα
443 3595 531 3651 διὰ
576 3598 774 3659 παντὸς
811 3601 913 3652 τοῦ
946 3596 1070 3670 βίου
1109 3594 1468 3666 κατηλέησεν.
1501 3596 1638 3652 Ἀπὸ
1689 3593 1939 3659 δουλείας

240 3686 314 3747 εἷς
372 3685 677 3762 ἐλευθερίαν
734 3692 842 3742 τῶν
898 3686 1123 3742 οἰκετῶν
1187 3687 1395 3760 μυρίων
1452 3684 1616 3759 ἐσμὸν
1676 3684 1939 3741 ἀνακαλε-

242 3778 471 3848 σαμένη,
530 3775 810 3849 ἰσοτίμους
882 3784 983 3845 τῆς
1066 3773 1208 3837 ἰδίας
1291 3773 1559 3851 εὐγενείας
1622 3775 1886 3854 ἀπέφηνεν
1922 3794 1935 3807 ⁸

244 3865 458 3939 μᾶλλον
510 3864 568 3919 δὲ
616 3866 811 3940 εἰχρὴ
860 3866 1096 3936 ταληθές
1155 3864 1346 3933 εἶπεῖν,
1405 3866 1495 3918 καὶ
1576 3866 1936 3941 εὐγενέστεροι

236 3953 316 4026 τῷ
376 3955 622 4028 σχήματι
682 3961 781 4022 τῆς
834 3953 985 4027 ἁγίας
1031 3953 1232 4021 ταύτης
1292 3949 1615 4009 ἐδείκνυντο.
1646 3951 1784 4010 Οὐδέ
1836 3956 1936 4028 γάρ

234 4043 609 4118 εὐτελέστερόν
669 4065 722 4099 τι
788 4042 896 4098 τῶν
985 4041 1298 4115 ἐνδυμάτων
1380 4045 1580 4113 ταύτης
1658 4043 1938 4116 εὑρεθῆναι

230 4133 475 4191 ἐδυνάτο.
508 4139 622 4189 Τῶν
683 4135 787 4211 γάρ
845 4133 984 4188 πάνυ
1041 4130 1484 4209 ῥακοδυτούντων
1525 4133 1710 4203 ἀνάξια
1756 4133 1837 4201 ἦν·
1869 4134 1936 4187 τὰ

224 4232 325 4295 τῆς
382 4216 532 4287 ὁσίας
581 4223 783 4293 ταύτης
835 4221 1218 4296 σκεπάσματα.
1264 4222 1504 4292 Τοιαύτη
1557 4220 1614 4276 δέ
1670 4224 1796 4296 παρ’
1851 4222 1935 4277 αὐ-

226 4320 328 4383 τῆς
387 4313 628 4383 ἠπιότης
684 4311 958 4387 ἐτρέφετο,
1019 4312 1093 4374 ὡς
1150 4311 1239 4366 καὶ
1297 4312 1473 4367 αὐτῶν
1531 4316 1638 4367 τῶν
1700 4308 1931 4366 παιδίων

228 4402 649 4476 ὑπερακοντίσαι
696 4403 759 4456 τὸ
808 4400 1021 4478 ἀφελές,
1054 4400 1236 4475 Ψόγος
1282 4399 1461 4463 οὐδεὶς
1518 4399 1780 4456 οὐδέποτε
1810 4398 1934 4456 οὐδὲ

226 4496 335 4546 τῶν
399 4496 571 4555 πέλας
625 4490 771 4567 παρά
822 4493 891 4564 τῇ
957 4491 1310 4568 χριστοφόρῳ
1366 4490 1534 4564 ταύτῃ
1592 4489 1880 4564 ηὑρίσκετο
1914 4507 1927 4521 ⁸

223 4579 371 4637 ἀλλά
426 4588 529 4644 πᾶς
588 4583 616 4636 ὁ
674 4581 880 4652 ταύτης
933 4576 1170 4641 ἀϐίωτος
1230 4581 1355 4655 βίος
1402 4580 1453 4636 ἐν
1507 4580 1788 4651 κατανύξει
1843 4581 1931 4635 καὶ
1965 4576 2012 4641 D

226 4675 403 4745 συχνῇ
457 4669 702 4744 δακρύων
764 4672 1008 4745 ὑπῆρχεν
1275 4670 1365 4723 καί
1421 4669 1487 4738 ἦν
1536 4667 1665 4725 ἰδεῖν
1712 4668 1925 4742 μᾶλλον

224 4761 405 4831 πηγήν
460 4760 527 4813 τὰ
584 4760 781 4828 ἑαυτῆς
830 4779 1041 4831 ναματα
1096 4757 1480 4814 ἐπιλείπουσαν
1538 4758 1588 4812 ἐν
1643 4762 1762 4822 τοῖς
1805 4758 1930 4813 καύ-

226 4870 409 4922 μασιν,
470 4848 506 4919 ἢ
564 4851 691 4912 τοὺς
746 4848 1180 4923 ἀμετεωρίστους
1234 4851 1460 4921 ταύτης,
1517 4849 1607 4903 καὶ
1684 4848 1765 4905 ἀεὶ
1839 4850 1929 4905 τὸν

218 4937 449 5012 Χριστὸν
526 4938 765 5011 ὁρῶντας
842 4936 1159 5014 ὀφθαλμοὺς
1217 4935 1600 5012 διαλιμπάνειν
1678 4935 1925 5012 δακρύων

217 5028 370 5084 ποτέ.
416 5026 513 5080 Καὶ
570 5026 622 5081 τί
685 5026 924 5099 μέλλω;
976 5026 1100 5082 ὅσον
1164 5027 1266 5102 γάρ
1320 5026 1380 5082 ἃν
1437 5029 1651 5102 παρέξω
1700 5031 1769 5093 τῆ
1815 5028 1941 5101 ἐμῇ.

219 5114 429 5187 διανοίᾳ
478 5115 688 5191 σχολὴν
748 5117 875 5180 τοὺς
920 5117 1119 5188 ταύτης
1179 5116 1379 5180 ἄθλους
1416 5124 1517 5186 τῆς
1576 5118 1924 5191 πεπετρωμέ-

218 5227 312 5277 νης
370 5210 554 5280 ψυχῆς
616 5206 705 5260 καὶ
744 5200 938 5281 ἀρετάς
1006 5203 1392 5282 διηγούμενος,
1423 5205 1566 5261 πολὺ
1596 5206 1842 5261 ικατόπιν
1871 5207 1924 5260 οἳ

221 5297 382 5370 λόγοι
420 5300 530 5351 τῶν
599 5290 773 5372 ἔργων
837 5296 1237 5369 εὑρεθήσονται.
1295 5295 1393 5351 Καὶ
1455 5296 1532 5370 μή
1581 5316 1664 5357 τις
1718 5297 1920 5370 νομὶσῃ

222 5386 289 5460 μὶ
348 5384 807 5459 κεκομψευμένως
864 5384 1043 5461 λέγειν
1098 5386 1165 5441 τά
1206 5387 1331 5462 περὶ
1381 5389 1481 5451 τῆς
1548 5385 1922 5456 ἀπαθεστάτης

214 5476 437 5545 ταύτης,
466 5476 555 5531 καὶ
588 5474 789 5531 λοιπὸδ
834 5475 972 5546 ὅλης
1018 5480 1117 5532 τοῦ
1168 5477 1324 5551 ἁγίου
1374 5477 1686 5551 Πνεύμοιτος
1733 5476 1923 5551 τιμίου

216 5566 438 5627 σκεύους
528 5563 905 5639 Ὀλυμπιάδος
986 5573 1088 5637 τῆς
1165 5569 1502 5640 σεμνοτάτης
1540 5585 1556 5599 ⁸
1611 5565 1738 5623 ἀλλ’
1801 5566 1925 5621 αὐτ-

213 5659 384 5729 όπτην
431 5658 793 5736 γεγενημένον
852 5659 938 5714 καὶ
999 5661 1301 5734 θεωροῦντα
1338 5660 1428 5714 τὸν
1485 5665 1585 5729 τῆς
1654 5658 1916 5735 μακαρίας

530 5763 799 5825 ΡΑΤιιοι.
847 5765 962 5823 Gn.
1009 5761 1284 5824 XXXIV.

2062 562 2294 634 ματικὸν
2342 562 2565 635 γνήσιον
2619 561 2782 635 φίλον
2830 562 2920 617 καὶ
2970 568 3237 639 συγγενῶν
3284 563 3646 618 οἰκειότατον·
3688 566 3764 626 ὡς

2056 652 2147 705 καὶ
2194 649 2381 706 πολλά
2436 651 2572 705 κατά
2627 652 2858 726 γνώμην
2925 657 3035 708 τῶν
3092 653 3293 722 ταύτης
3342 652 3758 727 διανεμηθῆναι.

2057 742 2376 815 Χρημάτων
2407 740 2543 811 αὕτη
2573 741 2755 796 τοίνυν
2786 744 2821 811 ἡ
2873 744 3071 815 μηκέτι
3122 740 3319 799 λοιπὸν
3366 744 3432 799 τά
3480 750 3581 813 τῆς
3630 765 3762 818 σαρ-

2055 832 2150 892 κὸς
2234 835 2530 908 φρονοῦσα,
2647 831 3055 905 ὑποταττομένη
3144 834 3372 908 ἀρχαῖς,
3471 834 3763 890 ὑπείκουσα

2055 919 2337 991 ἐξουσίαις,
2437 920 2988 994 ὑποκατακλινομένη
3100 921 3416 986 ἐπισκόποις
3468 942 3481 957 ⁸
3570 946 3764 998 σεμνο-

2056 1008 2298 1084 λογοῦσα
2325 1011 2388 1065 τὸ
2437 1007 2854 1085 πρεσϐὐτέριον,
2883 1011 3102 1083 τιμῶσα
3141 1012 3231 1066 τὸν
3278 1010 3488 1085 κλῆρον
3537 1014 3760 1086 ἅπαντα,

2055 1099 2145 1153 καὶ
2189 1100 2496 1178 ὁμολογίας
2542 1102 2854 1171 κατηξιώθη
2911 1101 3043 1176 ὑπὲρ
3090 1103 3189 1169 τῆς
3236 1099 3517 1171 ἀληθείας,
3549 1102 3765 1165 πολλὰς

2057 1186 2317 1262 δεξαμένη
2377 1188 2603 1267 νιφάδας
2653 1191 2889 1264 ἀκαίρων
2950 1198 3320 1267 κατηγοριῶν.
3375 1194 3471 1253 Ἣς
3508 1193 3601 1246 τὸν
3646 1193 3763 1268 βίον

2056 1276 2109 1331 ἐν
2170 1276 2603 1353 ὀμολογητρίαιι,
2664 1280 2967 1354 κρίνουσιν,
3028 1280 3151 1334 ὅσοι
3206 1284 3313 1335 τῶν
3378 1274 3610 1334 εὐσεϐῶν
3666 1281 3765 1348 τὴν

2058 1367 2628 1425 Κωνσταντινούπολιν
2695 1369 2952 1424 οἰκοῦσι·
3005 1369 3127 1439 ἥτις
3193 1371 3260 1424 τά
3326 1370 3561 1425 θανάτου
3628 1368 3765 1424 ἐκιν-

2058 1454 2302 1511 δύνευσεν
2366 1463 2482 1520 τοῖς
2549 1457 2685 1513 κατά
2750 1459 2877 1514 Θεὸν
2942 1459 3148 1534 ἀγῶσιν
3193 1478 3207 1492 ⁸

2054 1547 2446 1619 τελευτήσασα,
2503 1550 2566 1604 τὸ
2624 1552 2891 1625 μακάριον
2942 1547 3116 1623 ἤρατο
3182 1550 3345 1611 κλέος
3413 1549 3464 1603 ἐν
3517 1553 3598 1622 τῷ
3629 1550 3764 1603 ἀπε-

2059 1638 2232 1713 ράντῳ
2289 1636 2447 1692 αἰῶνι
2529 1643 3009 1716 στεφανηφοροῦσα
3088 1638 3181 1695 καὶ
3264 1638 3595 1715 χορεύουσα,
3668 1638 3761 1700 τὰς

2058 1728 2365 1802 ἀκηράτους
2436 1729 2605 1799 μονάς
2674 1728 2809 1801 μετά
2885 1728 3041 1783 θείων
3109 1733 3301 1804 ψυχῶν
3376 1730 3462 1783 καὶ
3552 1727 3759 1801 ὁμοίων

2060 1814 2225 1889 ἐαυτῇ
2284 1814 2361 1875 εἷς
2418 1815 2499 1870 ἀεὶ
2563 1822 2911 1885 κατοικοῦσα,
2966 1818 3055 1871 καί
3110 1822 3217 1871 τῶν
3294 1817 3507 1891 ἀγαθῶν
3591 1812 3761 1893 ἔργων

2060 1905 2207 1979 παρά
2262 1908 2359 1959 τοῦ
2417 1904 2688 1960 Δεσπότου
2744 1910 2879 1960 Θεοῦ
2949 1908 3085 1978 μετά
3138 1905 3443 1981 παῤῥησίας
3482 1907 3575 1967 τάς
3604 1906 3765 1978 ἀμοι-

2059 1990 2155 2055 ϐἀς
2187 1993 2510 2049 ἀπαιτοῦσα.

3278 1460 3369 1513 καὶ
3428 1458 3481 1513 ἐν
3542 1459 3759 1521 τούτοις

2665 2086 2928 2141 ΚΕΦΑΛ.
2980 2085 3163 2143 PME'.

2691 2175 2820 2248 Περί
2854 2170 3133 2237 Κανδίδας.

2127 2264 2337 2333 Ταύτης
2375 2263 2602 2317 κατόπιν
2658 2263 2749 2316 καὶ
2801 2262 3105 2336 ἰσοτρόπως
3172 2262 3261 2317 καὶ
3321 2261 3485 2335 ἀξίως
3511 2267 3609 2318 τοῦ
3650 2269 3763 2320 Ku-

2060 2352 2177 2428 ρίου
2239 2354 2487 2426 βιώσασα
2525 2355 2560 2421 ἡ
2616 2355 2852 2428 μακαρία
2909 2350 3159 2421 Κανδίδα,
3211 2355 3245 2421 ἡ
3295 2358 3564 2427 Τραϊανοῦ
3596 2356 3763 2428 θυγά-

2053 2462 2157 2513 τηρ
2216 2447 2314 2496 τοῦ
2365 2442 2759 2517 στρατηλάτου,
2807 2444 2898 2498 καὶ
2947 2443 3022 2505 εἰς
3069 2442 3233 2517 ἄκρον
3264 2445 3595 2515 σεμνότητος
3628 2443 3756 2498 ἐλά-

2055 2552 2209 2598 σασα,
2276 2531 2568 2602 ἐκκλησίας
2646 2552 2705 2586 τε
2776 2534 2909 2587 κατά
2992 2534 3154 2607 λόγον
3245 2534 3588 2605 κοσμήσασα,
3664 2533 3755 2587 καὶ

2053 2618 2379 2683 ἐπισκόπους
2429 2620 2589 2690 ἀξίως
2635 2626 2743 2675 τῶν
2789 2625 2885 2676 τοῦ
2933 2623 3177 2695 Χριστοῦ
3229 2620 3541 2695 μυστηρίων
3593 2616 3756 2676 σεϐα-

2052 2712 2258 2780 σθεῖσα,
2324 2709 2412 2763 καὶ
2472 2708 2647 2765 πάντα
2700 2710 2792 2764 τὸν
2847 2715 2944 2764 τοῦ
3002 2714 3247 2785 Χριστοῦ
3303 2709 3512 2784 κλῆρον
3557 2710 3760 2766 καταλ-

2054 2799 2245 2870 λήλως
2275 2801 2573 2873 τιμήσασα,
2606 2801 2696 2854 καὶ
2724 2802 2824 2869 τὴν
2878 2797 3018 2856 ἰδίαν
3069 2800 3334 2877 θυγατέρα
3372 2802 3758 2875 κατηχήσασα,

2052 2887 2127 2951 εἷς
2184 2891 2276 2945 τὸν
2334 2897 2435 2959 τῆς
2511 2892 2799 2964 παρθενίας
2869 2891 3078 2964 κλῆρον
3152 2890 3474 2966 προέπεμψε
3553 2894 3758 2961 ταύτην

2050 2979 2188 3051 πρὸς
2242 2980 2333 3034 τὸν
2393 2980 2634 3052 Χριστὸν
2707 2979 2903 3052 δῶρον,
2942 2984 3052 3034 τῶν
3103 2979 3273 3049 αὐτῆς
3330 2979 3576 3052 λαγόνων
3612 2998 3625 3012 ⁸
3681 2980 3756 3041 εἰς

2052 3066 2271 3141 ὕστερον
2328 3064 2385 3122 δὲ
2441 3067 2531 3121 καὶ
2587 3068 2724 3138 αὕτη
2789 3066 3111 3145 σωφροσύνῃ
3161 3087 3241 3137 τε,
3300 3067 3392 3121 καὶ
3438 3066 3639 3142 ἁγνείᾳ,
3665 3067 3757 3121 καὶ

2050 3162 2167 3217 τοῖς
2212 3161 2319 3211 τῶν
2355 3156 2661 3230 χρημάτων
2732 3160 3093 3229 σκορπισμοῖς
3151 3155 3645 3226 ἐπακολουθήσασα
3686 3160 3757 3229 τῇ

2051 3246 2247 3315 ἑαυτῆς
2297 3244 2545 3320 θυγατρίι
2604 3245 2812 3314 Ταύτην
2861 3246 2959 3314 τὴν
3020 3248 3270 3321 γενναῖαν
3335 3241 3455 3299 οἶδα
3510 3242 3621 3318 ἐγὼ
3670 3244 3761 3299 διὰ

2050 3335 2229 3405 πάσης
2297 3337 2397 3400 τῆς
2462 3334 2657 3395 νυκτὸς
2721 3338 3018 3403 κοπιῶσαν,
3088 3333 3179 3387 καὶ
3254 3333 3567 3404 ἀλήθουσαν
3632 3340 3753 3393 ταῖς

2053 3422 2215 3486 ἰδίαις
2273 3425 2486 3499 χερσὶν,
2540 3429 2799 3479 ποιοῦσαν
2849 3424 2940 3479 τὸν
3003 3420 3163 3498 ἄρτον
3224 3430 3324 3492 τῆς
3370 3420 3751 3498 προσκομιδνῖκ

2049 3514 2137 3569 ἐπὶ
2193 3513 2496 3588 καθαιρέσει
2538 3521 2640 3584 τῆς
2678 3518 2775 3569 τοῦ
2836 3514 3091 3587 σώματος
3138 3510 3469 3582 δυναστείας,
3522 3510 3753 3588 διηγου-

2054 3606 2221 3677 μένην
2277 3603 2360 3659 ὅτι
2407 3610 2508 3673 τῆς
2557 3604 2806 3675 νηστείας
2886 3604 2961 3676 μὴ
3030 3602 3395 3678 ἐπαρκούσης,
3455 3602 3751 3677 σύμμαχον

2051 3690 2254 3769 δίδωμι
2321 3693 2489 3769 ταύτῃ
2547 3695 2639 3749 καὶ
2723 3696 2821 3763 τὴν
2885 3692 3193 3772 ἐπίμοχθον
3271 3691 3590 3769 ἀγρυπνίαν,
3667 3692 3757 3748 ἳνα

2047 3782 2338 3838 καταλύσω
2384 3784 2465 3851 τὰ,
2494 3782 2755 3858 φρύαγμα
2802 3786 2900 3837 τοῦ
2949 3785 3138 3837 Ἠσαῦ.
3188 3781 3339 3851 Αὕτη
3379 3780 3616 3855 ἐναίμων
3663 3781 3759 3853 μὲν

2046 3871 2139 3925 καὶ
2196 3870 2467 3947 ἐμψύχων
2534 3869 2611 3933 εἰς
2666 3867 2830 3941 ἄκρον
2891 3868 3183 3943 ἀπέσχετο,
3228 3869 3376 3937 πλὴν
3428 3868 3625 3942 ἰχθύος
3663 3868 3755 3922 καὶ

2047 3957 2239 4014 ἐλαίου
2286 3961 2375 4013 καὶ
2407 3957 2665 4032 λαχάνων
2714 3952 3017 4029 ἐλάμϐανεν
3046 3975 3058 3989 '
3110 3956 3203 4011 καὶ
3251 3960 3420 4011 ταῦτα
3476 3955 3529 4010 ἐν
3590 3956 3751 4031 ἑορτῇ

2049 4048 2235 4120 μόνον.
2292 4047 2391 4100 Τὸν
2440 4043 2498 4101 δὶ
2555 4043 2726 4100 ἄλλον
2788 4046 2993 4100 ἅπαντα
3019 4044 3220 4121 χρόνον
3254 4043 3600 4114 διατελοῦσα,
3632 4045 3752 4114 ὀξυ-

2044 4137 2284 4209 κράματι
2340 4135 2429 4189 καὶ
2488 4132 2635 4209 ἄρτῳ
2692 4136 2843 4210 ξηρῷ
2898 4134 3208 4209 ἀρκουμένη
3272 4132 3324 4189 ἐν
3402 4134 3590 4206 ἑαυτῇ,
3647 4134 3747 4201 τὴν

2047 4224 2310 4297 μακαρίαν
2342 4222 2637 4279 ἀνάπαυσιν
2671 4226 2705 4293 ἡ
2755 4222 3009 4298 ἀοίδιμος
3050 4225 3379 4295 κοιμηθεῖσα
3419 4226 3488 4295 τῇ
3536 4221 3747 4295 σκληρ-

2042 4312 2271 4388 αγωγίᾳ,
2319 4317 2408 4367 νῦν
2465 4311 2729 4368 ἀπολαύει
2819 4317 2927 4367 τῶν
3004 4310 3238 4367 αἰωνίων
3326 4313 3543 4385 ἀγαθῶν
3636 4314 3745 4365 τῶν

2042 4404 2461 4476 ἡτοιμασμένων
2488 4407 2604 4465 τοῖς
2638 4403 2730 4457 τὸν
2765 4399 3009 4472 ἐνάρετον
3049 4402 3167 4475 βίον
3198 4400 3562 4476 ἠγαπηκόσιν.

2646 4493 2899 4548 ΚΕΦΑΛ.
2934 4490 3135 4563 ΡΜς.

2670 4579 2799 4656 [Ιερί
2830 4578 3117 4641 Γελασίας.

2109 4670 2317 4740 Ταύτης
2364 4676 2465 4740 τῆς
2514 4669 2762 4744 ἐναρέτου
2803 4670 2938 4724 κατὰ
2992 4666 3163 4737 ζῆλον
3215 4665 3444 4723 ὥδευσεν
3484 4667 3585 4735 τήν
3644 4671 3745 4731 τῆς

2039 4758 2327 4820 ἀθανασίας
2384 4756 2509 4813 ὁδὸν
2562 4753 2795 4820 εὐσεϐῶς
2867 4756 3137 4812 ἑλκύσασα
3201 4756 3291 4810 τὸν
3366 4761 3468 4824 τῆς
3541 4757 3739 4827 παρθε-

2032 4851 2148 4911 νίας
2195 4849 2357 4925 ζυγὸο
2415 4851 2451 4918 ἡ
2520 4848 2822 4921 σεμνοτάτη
2902 4844 3154 4917 Γελασία,
3214 4844 3456 4923 θυγάτηρ
3513 4840 3739 4919 τριϐού-

2033 4961 2129 4994 νου
2183 4940 2351 5000 τινός.
2402 4939 2619 5008 Ταύτης
2677 4945 2778 5007 τῆς
2822 4937 3045 5012 ἀρίστης
3102 4936 3267 5011 ἀρετή
3318 4934 3453 5007 αὕτη
3496 4954 3734 5011 φερεται,

2034 5030 2118 5083 ὅτι
2156 5026 2319 5098 ἥλιος
2362 5025 2624 5083 οὐδέποτε
2670 5025 2830 5082 ἐπέδυ
2879 5026 2964 5081 ἐπὶ
3027 5025 3173 5100 )ύπῃ
3213 5023 3436 5095 ταύτης,
3487 5025 3551 5079 οὐ
3601 5025 3737 5080 κατά

2008 5116 2267 5186 οἰκέτου,
2329 5116 2390 5172 οὐ
2447 5117 2582 5172 κατά
2642 5115 2988 5191 θεραπαίνης,
3044 5114 3105 5170 οὐ
3162 5114 3298 5169 κατά
3324 5135 3472 5178 τινος
3527 5114 3733 5188 ἐτέρου.

2037 5210 2413 5283 ’Δποφυγοῦσα
2468 5209 2594 5279 γοῦν
2654 5204 2787 5274 αὕτη
2840 5206 2875 5274 ἡ
2937 5206 3176 5292 μακαρία
3212 5204 3312 5273 τήν
3368 5206 3477 5258 τῶν
3535 5222 3736 5274 μνησι-

2031 5297 2212 5351 κάκων
2271 5292 2416 5367 ὁδὸν,
2472 5296 2573 5364 τήν
2613 5294 2689 5356 εἰς
2748 5295 2972 5349 θάνατον
3032 5291 3249 5350 αἰὼνιον
3306 5291 3585 5368 φέρνυσαν,
3631 5296 3732 5357 τῆς

2033 5383 2108 5448 εἰς
2141 5382 2313 5441 ἀίδιον
2345 5387 2490 5455 ζωήν
2525 5384 2794 5463 φερούσης
2828 5380 3144 5441 ἐπελάϐετο.

2652 5480 2905 5531 ΚΕΦΑΛ.
2939 5474 3108 5532 ΡΜῖ.

2637 5564 2768 5639 Περὶ
2798 5563 3124 5631 Ἰουλιανῆς.

2106 5653 2377 5726 Ἰουλιανή
2434 5674 2517 5717 τις
2573 5654 2738 5709 πάλιν
2778 5654 3002 5728 ὀνόματι
3033 5650 3292 5725 παρθένος
3332 5648 3385 5705 ἐν
3435 5647 3728 5725 Καισαρείᾳ
3784 5689 3787 5691 μ

3320 5749 3398 5813 40
