4074 6278
359 328 510 391 12ὃ1

356 576 443 611 ναι
477 571 492 586 ⁸
553 553 677 622 ἥτις
731 546 1014 625 Ὠριγένην
1082 548 1173 602 τὸν
1232 542 1539 622 συγγραφέα
1608 541 1870 622 φεύγοντα
1954 542 2054 610 τήν

358 645 711 700 ἐπανάστασιν
758 645 866 695 τῶν
918 637 1203 707 Ἑλλήνων
1249 633 1485 705 ἐδέξατο,
1534 631 1621 687 ἐπὶ
1663 630 1761 687 δύο
1819 628 1912 700 ἔτη
1967 650 2060 686 κα-

356 734 737 810 τακρύπτουσα
786 727 1007 789 οἰκείοις
1056 724 1429 798 ἀναλώμασιν,
1487 724 1577 778 καὶ
1621 726 1689 795 τῇ
1732 720 1803 776 δι’
1862 723 2059 789 ἑαυτῆς

360 825 627 899 ὑπηρεσίᾳ
684 822 1029 876 ἀναπαύουσα
1094 820 1186 872 τὸν
1255 812 1439 887 ἄνδρα.
1519 814 1686 886 Εὗρον
1752 811 1809 866 δὲ
1890 816 2058 867 ταῦτα

357 914 463 988 ἐγὼ
507 912 859 992 γεγραμμένα
907 908 961 964 ἐν
992 908 1345 964 παλαιοτάτου
1380 900 1891 992 βιϐλίῳ-στιχηρῷ,
1924 902 2056 992 ὅπερ

358 990 651 1080 ἐγέγραπτο
683 1002 835 1080 χειρὶ
865 1001 1190 1075 Ὠριγένους.
1224 996 1395 1052 Τοῦτο
1425 995 1487 1049 τὸ
1513 990 1727 1068 βιϐλίον
1755 993 1907 1067 εὗρον
1950 990 2057 1066 ἐγὼ

357 1095 503 1169 παρά
559 1091 835 1164 Ἰουλιανῇ
892 1089 1141 1163 παρθένῳ
1200 1088 1253 1142 ἐν
1313 1086 1622 1158 Καισαρείᾳ,
1678 1081 2057 1156 κρυπτόμενος

357 1186 507 1259 κάγὼ
555 1184 681 1256 παρ’
730 1180 884 1255 αὐτῇ.
937 1182 1089 1241 Ἥτις
1132 1176 1339 1252 ἔλεγεν,
1395 1177 1521 1247 παρ’
1591 1172 1755 1228 αὐτοῦ
1829 1171 2059 1245 Συμμά-

360 1284 469 1349 χου
499 1278 596 1329 τοῦ
628 1271 905 1345 ἑρμηνέως
945 1273 1051 1325 τῶν
1082 1264 1358 1322 Ἰουδαίων
1384 1264 1511 1319 αύτὸ
1545 1262 1842 1341 εἰληφέναι.

426 1360 499 1415 Ού
566 1360 851 1434 παρέργως
908 1355 966 1411 δὲ
1028 1354 1239 1411 τέθεικα
1296 1352 1387 1407 καὶ
1444 1353 1642 1413 ταύτας
1710 1353 1805 1411 τὰς
1867 1349 2056 1423 ἀρετὰς

358 1450 568 1507 τούτων
619 1453 725 1503 τῶν
782 1444 1050 1517 ἀοιδίμων
1098 1447 1361 1516 γυναικῶν
1396 1460 1409 1473 '
1455 1438 1579 1495 ἀλλ’
1632 1436 1723 1493 ’ίνα
1800 1438 2058 1511 μάθωμεν

361 1543 445 1596 ὅτι
475 1537 838 1610 πολυτρόπως
871 1532 983 1588 ἔστι
1029 1530 1350 1606 κερδάίνειν,
1382 1529 1470 1585 ἐὰν
1521 1528 1789 1602 θέλωμεν,
1838 1525 1897 1581 ἐκ
1945 1524 2060 1582 δια-

362 1630 544 1708 φόρων
572 1628 916 1707 προφάσεων.

956 1716 1224 1771 ΚΕΦΔΛ.
1259 1714 1443 1771 PMH'.

1922 312 2019 376 PA
2031 314 2291 377 LLADII

356 472 458 534 τῆς
490 457 878 521 Καππαδοκίας
910 454 1227 535 λογιωτάτη
1270 452 1361 508 καὶ
1398 450 1693 521 πιστοτάτη
1728 449 1946 524 ἐλέγετο
1976 450 2053 506 εἶ·
2088 455 2139 520 Α

3770 309 3929 372 1252

2782 449 3037 503 ΚΕΦΑΛ.
3073 447 3243 505 ΡΜΘ’.

2644 536 2770 610 Ηερὶ
2805 532 3208 611 Μαγιστριανοῦ
3238 555 3405 596 τινος.

2238 625 2525 690 Νεανίσκος
2579 646 2665 687 τις
2751 625 3170 700 Μαγιστριανὸς,
3255 625 3459 698 ὡραῖος
3555 628 3650 695 τῷ

2168 712 2391 785 εὐσεϐὴς
2422 719 2490 787 τῇ
2529 716 2749 789 γνώμῃ,
2780 715 2825 785 ᾧ
2868 713 3151 768 ἐντέθεικεν
3210 715 3236 767 ὁ
3297 714 3426 776 Θεὸς
3479 713 3676 783 ζῆλον

2171 806 2398 878 ματικὸν
2441 808 2777 885 πυριφλεγῆ,
2838 804 2913 867 ὡς
2965 805 3055 858 καὶ
3134 805 3359 859 θανάτου
3443 810 3929 881 καταφρονῆσαι.

2169 896 2265 950 Καὶ
2317 894 2569 949 ἀπελθὼν
2636 899 2714 965 τῷ
2779 895 3030 968 σχήματι
3085 900 3186 963 τῆς
3260 892 3564 955 ἀκολασίας
3655 892 3927 967 εἰσέρχε-

2164 1004 2252 1039 ται
2306 984 2524 1057 βαθεῖαν
2582 981 2806 1056 ἐσπέραν
2870 983 3010 1057 πρὸς
3059 982 3149 1037 τὸν
3207 983 3468 1062 τρέφοντα
3515 985 3785 1050 ταύτας,
3836 984 3925 1036 καὶ

2167 1070 2388 1127 δίδωσιν
2454 1075 2598 1145 αύτῷ
2648 1075 2802 1128 πέντε
2879 1071 3223 1147 νομίσματα,
3282 1074 3371 1128 καὶ
3452 1072 3613 1147 λέγει

2167 1162 2508 1238 Συγχώρησό
2597 1184 2691 1235 μοι
2754 1168 2930 1236 μεῖναι
3012 1164 3219 1232 ταύτην
3304 1165 3405 1231 τήν
3486 1164 3686 1217 νύκτα
3789 1165 3923 1234 μετά

2164 1252 2366 1321 ταύτης
2430 1259 2529 1322 τῆς
2585 1256 2773 1327 κόρης.
2810 1250 3082 1307 Εἰσελθὼν
3144 1250 3235 1306 οῦν
3286 1253 3400 1324 μετ’
3443 1253 3637 1321 αὐτῆς
3710 1253 3801 1315 εἰς
3834 1254 3919 1307 τὸν

3773 619 3929 689 εἴδει,

3756 734 3933 766 πνευ-

3714 1070 3876 1143 αύτῷ
3906 1094 3915 1105 ε

2167 1341 2477 1421 ἀπόκρυφον
2527 1343 2696 1412 οἶκον,
2758 1341 2905 1416 λέγει
2958 1342 3095 1416 αὐτῇ
3135 1363 3147 1376 ·
3196 1342 3441 1411 Ἀνάστα,
3502 1344 3703 1397 σῶσον
3780 1364 3926 1396 sequ-
4022 1374 4029 1421 ,ι

2166 1431 2283 1497 τὴν.
2346 1429 2446 1485 Καὶ
2497 1427 2719 1491 ἐκδύσας
2777 1431 2949 1498 αὐτὴν
3008 1431 3076 1484 τά
3141 1429 3353 1502 ἱμάτια.
3414 1430 3508 1485 καὶ
3569 1436 3649 1503 τῇ
3721 1432 3923 1485 ἑαυτοῦ
4016 1452 4021 1489 ἑ

2168 1517 2355 1590 ἐσθῆτι
2407 1520 2785 1599 μεταμφιάσας
2859 1520 3047 1592 αὐτὴν,
3108 1538 3227 1582 τοις
3283 1539 3342 1574 τε
3422 1519 3772 1591 καμισίοις,
3836 1521 3925 1574 γ.ιῖ
4014 1552 4017 1553 ν

2168 1611 2233 1681 τῇ
2286 1606 2561 1686 χλαμύδι,
2619 1609 2709 1663 καὶ
2774 1614 2891 1671 τοῖς
2949 1605 3218 1683 ἀνδρείοις
3269 1612 3448 1678 πᾶσιν,
3514 1608 3684 1683 λέγει
3754 1608 3925 1677 αὐτῆ,

2165 1702 2245 1770 τῷ
2304 1696 2453 1773 ἄκρῳ
2504 1705 2603 1768 τῆς
2646 1694 2939 1776 χλαμύδος
2992 1695 3476 1772 περικαλυψαμένη
3536 1696 3765 1769 ἔξελθε.
3827 1702 3923 1753 R22

426 1811 691 1883 Διήγησις
770 1802 1098 1861 Ἱππολύτου
1163 1804 1268 1896 ,Ξοῦ
1334 1800 1618 1878 γνωρίμου
1687 1805 1796 1856 τῶν
1859 1800 1986 1855 ἀπο.
2088 1788 2345 1896 Βοῦτως
2415 1791 2713 1859 ποιήσασα,
2772 1788 2863 1843 καὶ
2937 1785 3075 1858 ὅλην
3136 1789 3330 1856 έαυτήν
3404 1789 3781 1864 σφραγίσασα
3850 1788 3925 1860 τῷ

1121 1895 1136 1896 ,,
2401 1880 2411 1896 .
2590 1885 2613 1895 ..
2876 1884 2903 1894 ..
2969 1877 3014 1896 θ..
3050 1878 3114 1896 η
3156 1882 3180 1893 -
3322 1878 3345 1896 ν
3393 1881 3416 1896 η
3720 1885 3746 1895 ς
3873 1881 3884 1896 ,

1082 1874 1318 1931 στόλων.

425 1971 513 2030 Ἐν
572 1970 732 2044 ἄλλῳ
793 1966 1122 2046 βιϐλιδαρίῳ
1196 1967 1650 2043 ἐπιγεγραμμένῳ
1728 1963 2056 2022 Ἱππολύτου

357 2068 454 2118 τοῦ
483 2061 759 2138 γνωρίμου
788 2064 896 2114 τῶν
928 2055 1270 2126 ἀποστόλων,
1304 2057 1457 2130 εὗρον
1492 2053 1745 2129 διήγημα
1786 2074 2053 2113 τοιουτον.

424 2150 788 2229 Εύγενεστάτη
852 2170 934 2211 τις
1011 2147 1099 2202 καὶ
1178 2146 1485 2220 ὡραιοτάτη
1544 2144 1806 2217 παρθένος
1884 2142 2056 2216 ὑπῆρ-

359 2261 456 2317 χεν
500 2243 551 2296 ἐν
591 2246 660 2314 τῇ
713 2239 955 2313 Κορίνθῳ
1007 2236 1190 2308 πόλει,
1235 2234 1542 2308 ἀσκουμένη
1608 2234 1681 2296 εἰς
1746 2235 1835 2288 τὸν
1888 2232 2059 2305 ἐνάρε-

352 2353 444 2388 τον
480 2331 619 2405 βίον.
651 2330 866 2399 Ταύτην
900 2328 1014 2384 κατ’
1047 2327 1219 2382 ἐκεῖνο
1269 2328 1461 2400 καιροῦ
1509 2318 1758 2378 διέϐαλον
1805 2326 1883 2393 τῷ
1936 2324 2059 2377 τότε

360 2420 633 2490 δικάζοντι
697 2416 936 2488 Ἕλληνι
968 2418 1083 2472 ὅντι
1118 2416 1209 2472 ἐπὶ
1251 2419 1349 2471 τοῦ
1396 2417 1589 2489 καιροῦ
1629 2417 1738 2468 τῶν
1790 2410 2056 2481 διωκτῶν,

360 2512 435 2571 ὡς
499 2508 930 2586 βλασφημοῦσαν
972 2504 1236 2568 καὶτοὺς
1291 2504 1538 2577 καιροὺς,
1579 2504 1667 2559 καὶ
1724 2500 1852 2564 τοὺς
1915 2496 2059 2575 βασι-

362 2600 502 2666 λεῖς,
528 2599 618 2652 καὶ
655 2599 722 2653 τὰ
752 2595 976 2652 εἴδωλα.
1012 2594 1306 2669 Προέπινον
1358 2592 1414 2649 δε
1470 2594 1533 2647 τὸ
1577 2592 1779 2662 ταύτης
1828 2589 2059 2660 κάλλος,

361 2691 413 2744 οἱ
479 2688 602 2763 περὶ
664 2690 733 2743 τά
795 2690 1021 2742 τοιαῦτα
1076 2685 1344 2753 κάπηλοι,
1410 2685 1901 2757 γυναικομανοῦντι
1980 2683 2060 2749 τῷ

357 2777 501 2848 ἀθέῳ
554 2762 661 2831 τῶν
702 2774 988 2830 δικαστῶν.
1036 2774 1096 2829 Ὀ
1137 2770 1193 2826 δὲ
1242 2769 1419 2840 ἡδέως
1466 2767 1678 2842 ἐδέξατο
1733 2770 1831 2837 τὴν
1875 2762 2061 2822 διαϐο-

359 2866 465 2936 λήν
501 2870 617 2927 τοῖς
666 2865 917 2924 ἱππικοῖς
966 2859 1174 2932 ὠτίοις,
1222 2858 1313 2914 καὶ
1358 2863 1475 2921 τοῖς
1520 2855 1860 2931 θηλυμανέσι
1909 2854 2062 2929 λογι-

359 2961 539 3031 σμοῖς.
604 2953 1015 3031 Προσαχθείσης
1069 2948 1126 3006 δὲ
1182 2950 1384 3019 ταύτης
1439 2951 1520 3019 τῷ
1581 2947 1853 3025 μιαιφόνῳ
1918 2944 2061 3001 πολὺ

354 3047 523 3104 πλέον
579 3049 648 3120 τῇ
707 3044 914 3115 ἀσωτίᾳ
971 3040 1293 3115 ἐκμέμηνεν,
1345 3042 1435 3102 Ὦς
1484 3035 1542 3093 δὲ
1580 3041 1751 3093 πᾶσαν
1804 3037 2062 3115 μηχανὴν

355 3140 471 3194 κατ’
530 3134 698 3206 αὒτῆς
752 3137 977 3205 κῖνήσας
1037 3134 1065 3188 6
1102 3127 1341 3208 βέϐηλος
1369 3131 1469 3199 τὴν
1526 3132 1625 3184 τοῦ
1683 3130 1816 3183 Θεοῦ
1858 3127 2062 3201 ἄνθρωο

2173 1880 2463 1955 μυστηρίῳ
2519 1885 2616 1936 τοῦ
2675 1884 2907 1954 σταυροῦ
2966 1877 3257 1952 ἐξελθοῦσα
3318 1878 3560 1955 ἄφθορος
3639 1885 3751 1935 τοῦ
3826 1881 3915 1935 τό·

2169 1993 2275 2028 που
2332 1970 2557 2038 ἐκείνου,
2626 1971 2718 2026 καὶ
2788 1969 3067 2042 ἀμίαντος,
3141 1968 3419 2030 παντελῶς

2166 2066 2232 2135 τῇ
2284 2062 2467 2135 χάριτι
2519 2063 2614 2113 τοῦ
2668 2063 2927 2132 Χριστοῦ,
2959 2058 3047 2113 καὶ
3104 2062 3174 2131 τῇ
3234 2062 3328 2113 τοῦ
3385 2058 3689 2114 νεανίσκου
3733 2060 3911 2130 αἷτία,

2166 2155 2264 2205 τοῦ
2293 2155 2369 2221 τῷ
2409 2147 2533 2221 ἰδίῳ
2573 2146 2766 2219 αἵματι
2806 2148 3008 2218 ταύτην
3058 2156 3157 2216 τῆς
3204 2148 3403 2218 ἀτίμου
3444 2151 3665 2224 φθορᾶς
3721 2149 3909 2204 ἀπα).-

2170 2238 2447 2309 λάξαντος.
2512 2244 2585 2305 Τῆ
2645 2234 2702 2290 δὲ
2761 2236 2989 2309 ἐπιούσῃ
3059 2236 3236 2310 ἡμέρᾳ
3283 2235 3534 2311 ἐγνώσθη
3568 2238 3638 2292 τὸ
3697 2237 3910 2313 δρᾶμα,

2167 2330 2258 2385 καὶ
2316 2326 2670 2401 προσηνέχθη
2732 2327 2760 2380 6
2829 2325 3232 2401 Μαγιστριανὸς
3312 2330 3389 2398 τῳ
3461 2326 3908 2401 θηριωδεστάτῳ

2169 2417 2419 2492 δικαστῇ.
2477 2416 2799 2489 Ἀνακρίνας
2858 2414 2914 2471 δέ
2970 2418 3062 2472 τὸν
3131 2421 3405 2492 γενναῖον-
3453 2416 3716 2488 ἀθλητήν
3809 2425 3903 2473 τοῦ

2168 2514 2403 2583 Χριστοῦ
2464 2509 2491 2562 6
2571 2508 2865 2582 ἀνήμερος,
2924 2508 3017 2562 καὶ
3110 2508 3285 2564 πάντα
3374 2509 3576 2581 μαθὼν,
3671 2511 3903 2581 θηρίοις

2168 2605 2360 2656 τοῦτον
2420 2593 2844 2673 παραϐληθῆναι
2903 2598 3178 2654 ἐκέλευσεν
3224 2619 3238 2634 ο
3295 2596 3388 2653 ’ἕνα
3443 2599 3530 2654 καὶ
3593 2598 3650 2652 ἐν
3705 2599 3899 2671 τούτῳ

2172 2689 2199 2745 6
2244 2688 2542 2762 μισόκολος
2591 2686 2804 2761 δαίμων
2861 2690 3259 2767 καταισχυνθῇ.
3329 2688 3573 2761 Νομίσας
3634 2690 3738 2764 γὰρ
3794 2691 3890 2743 τὸν

2172 2777 2439 2853 ἀνδρεῖον,
2499 2782 2565 2852 τῇ
2623 2778 2868 2852 ἀθεμίτῳ
2932 2779 3175 2855 τιμωρίᾳ
3244 2774 3581 2854 περιϐαλεῖν,
3641 2776 3885 2834 διπλοῦν

2175 2869 2421 2943 μάρτυρα
2460 2872 2556 2924 τοῦ
2600 2872 2837 2943 Χριστοῦ
2887 2873 3082 2924 τοῦτον
3133 2868 3425 2945 ἀπέφηνεν,
3448 2870 3538 2924 καὶ
3599 2870 3736 2944 ὑπὲρ
3779 2875 3881 2937 τῆς

2172 2956 2362 3012 ἑαυτοῦ
2437 2958 2704 3014 ἀθανάτου
2773 2961 2959 3032 ψυχῆς
3043 2958 3355 3028 ἀθλήσαντα
3430 2960 3725 3033 γενναίως,
3797 2958 3878 3013 καὶ

2174 3049 2306 3124 ὑπὲρ
2354 3051 2452 3117 τῆς
2500 3046 2756 3121 ἀοιδίμου
2825 3048 3030 3118 ἐκείνης
3086 3050 3170 3104 καὶ
3235 3050 3502 3124 μακαρίας
3564 3048 3876 3123 ἀθλητικῶς

2172 3144 2288 3201 τοῖς
2346 3140 2532 3202 πόνοις
2582 3138 3068 3214 ἐγκαρτερήσαντα.
3129 3138 3223 3193 Διὸ
3279 3139 3368 3194 καὶ
3438 3136 3648 3204 διπλῆς
3717 3147 3881 3212 τιμῆς

3520 1967 3914 2025 διασέσωσται

354 3250 457 3284 πον
516 3232 702 3282 πεῖταν
767 3226 867 3281 οὐκ
916 3221 1190 3296 ἠδυνήθη,
1250 3221 1532 3299 διαφόροις
1592 3220 1792 3283 αἰκίαις
1856 3218 2059 3288 ταύτην
2093 3202 2135 3270 C
2175 3228 2321 3304 παρὰ
2367 3233 2464 3283 τοῦ
2522 3229 2904 3303 Χριστοῦ,καῖ
2956 3231 3065 3282 τῶν
3115 3226 3390 3300 ἀοιδίμων
3447 3229 3538 3284 καὶ
3604 3228 3881 3304 μακαρίων

356 3320 457 3386 τὴν
483 3316 728 3391 γενναίαν
760 3310 1044 3373 ὑπέϐαλεν.
1073 3317 1162 3376 Ὠς
1221 3310 1280 3367 δὲ
1334 3313 1422 3367 καὶ
1484 3310 1536 3366 ἐν
1593 3310 1811 3371 τούτοις
1869 3309 2063 3364 ἀπέτυ-

357 3428 474 3485 χεν,
511 3408 586 3478 μή
621 3405 850 3479 ἰσχύσας
899 3403 1067 3473 αὐτὴν
1106 3404 1409 3471 ἀποστῆσαι
1459 3407 1559 3470 τῆς
1610 3398 1912 3474 ὁμολογίας
1961 3400 2062 3463 τῆς

354 3501 453 3551 τοῦ
510 3501 768 3568 Χριστοῦ,
832 3493 1128 3566 ἀπομανεὶς
1194 3496 1331 3567 πρὸς
1398 3493 1565 3559 αὐτὴν
1652 3493 1681 3547 6
1765 3491 2062 3565 ἀνήμερος,

357 3583 481 3640 τότε
554 3583 796 3655 τιμωρίᾳ
887 3582 1113 3653 τοιαύτῃ
1185 3583 1351 3649 αὐτὴν
1426 3578 1782 3653 παρέδωκεν·
1863 3582 2062 3648 στήσας

354 3675 457 3740 τήν
524 3671 777 3750 σώφρονα
851 3670 928 3732 εἰς
993 3673 1262 3743 πορνεῖον,
1334 3666 1638 3724 ἐνετείλατο
1712 3674 1792 3739 τῷ
1864 3668 2064 3729 ταύτας

354 3761 600 3835 νέμοντι,
671 3759 895 3835 λέγων·
958 3758 1115 3830 Δέξαι
1180 3757 1403 3830 ταύτην,
1454 3757 1545 3813 καὶ
1613 3758 1892 3831 ἠμερήσιά
1970 3777 2065 3831 μοι

356 3852 406 3922 ἐξ
466 3850 634 3920 αὐτῆς
701 3849 826 3927 τρία
901 3850 1217 3925 νομίσματα
1295 3848 1619 3922 ἀποκόμιζε.
1706 3850 1763 3903 Ὃ
1838 3845 1895 3902 δὲ
1953 3847 2065 3903 εἶσ-

355 3943 725 4018 πραττόμενος
788 3942 881 3996 τὸν
935 3941 996 3996 ἐκ
1049 3948 1150 4011 τῆς
1208 3938 1650 4015 αἰσχροπραγίας
1699 3939 1928 4014 χρυσὸν,
1970 3937 2065 3995 ἕκ-

355 4030 513 4088 δοτον
554 4033 724 4100 αὐτὴν
780 4026 1001 4103 ἔστησεν
1058 4036 1176 4094 τοῖς
1231 4028 1592 4105 βουλομένοις
1631 4029 1684 4084 ἐν
1729 4028 1809 4102 τῷ
1828 4034 1925 4085 τοῦ
1962 4030 2064 4102 μύ-

357 4145 484 4185 σους
536 4123 905 4198 ἐργαστηρίῳ.
936 4125 1027 4185 Ὠς
1069 4123 1161 4177 οὗν
1203 4118 1432 4197 ἔγνωσαν
1464 4122 1516 4175 οἱ
1555 4121 1678 4194 περὶ
1727 4120 1793 4174 τά
1838 4122 2065 4176 τοιαῦτα

355 4215 818 4291 γυναικοϊέρακες,
877 4208 1220 4287 παρήδρευον
1277 4215 1358 4283 τῷ
1422 4209 1728 4285 παρανόμῳ
1802 4208 2063 4285 ἐργαστη-

355 4307 476 4380 ρίῳ,
538 4302 773 4365 διδόντες
829 4304 920 4358 τὸν
975 4310 1078 4373 τῆς
1136 4303 1338 4375 ἀτίμου
1407 4299 1654 4377 ἐργασίας
1710 4302 1925 4373 μισθὸν,
1974 4301 2064 4355 καὶ

356 4394 684 4467 βουλόμενοι
729 4394 897 4467 ταύτῃ
948 4394 1085 4468 πρός
1136 4393 1340 4470 φθορὰν
1400 4392 1640 4465 ὁμιλεῖν.
1682 4392 1772 4447 Ἦν
1844 4388 1901 4446 δὲ
1976 4412 2066 4447 σε-

360 4483 603 4555 μνοτάτη
665 4479 824 4553 αὕτη,
867 4484 957 4537 καὶ
1013 4483 1141 4544 τοὺς
1175 4481 1371 4557 λόγους
1425 4483 1561 4556 πρὸς
1612 4482 1820 4553 ἀπάτην
1877 4480 2063 4536 ἐκκλί-

350 4592 539 4644 νουσα,
636 4571 1008 4647 ἐκλιπαροῦσα
1109 4570 1302 4634 αὐτοὺς
1398 4570 1717 4647 παρεκάλει,

353 4662 438 4718 ὅτι
462 4661 665 4725 Ἕλκος
694 4657 810 4737 ἔχω
846 4683 902 4718 τι
956 4661 1030 4723 ε’ίς
1060 4659 1437 4739 κεκρυμμένον
1484 4662 1675 4732 τόπον,
1708 4660 1839 4737 ὅπερ
1900 4662 2062 4739 ἐσχά-

347 4774 459 4815 τως
501 4753 660 4823 ὄζει·
720 4753 813 4808 καὶ
863 4750 1081 4808 δέδοικα
1142 4755 1217 4827 μὴ
1278 4753 1354 4815 εἱς
1418 4754 1574 4825 μῖσός
1610 4774 1713 4827 μου
1753 4750 1951 4822 ἔλθητε
1980 4758 2061 4824 τῷ

349 4842 708 4917 ἀποτροπαίῳ
765 4848 861 4898 τοῦ
928 4839 1153 4907 ἕλκους.
1211 4843 1435 4899 Ἐνδοτε
1510 4842 1601 4898 οῦν
1690 4864 1783 4916 μοι
1867 4840 2061 4918 ὀλίγας

350 4933 583 5006 ἡμέρας,
640 4932 732 4987 καὶ
791 4932 1029 5002 ἐξουσίαν
1109 4953 1215 5005 μου
1282 4930 1439 5007 ἔχετε
1517 4931 1610 4987 καὶ
1699 4930 1903 5006 δωρεὰν
1993 4954 2061 5005 με

350 5018 522 5099 ἔχειν.
555 5022 777 5084 Τούτοις
810 5019 867 5077 δὲ
893 5028 1010 5085 τοῖς
1043 5021 1236 5098 λόγοις
1281 5024 1316 5091 ἡ
1372 5023 1611 5095 μακαρία
1665 5021 1895 5077 πείσασα
1929 5021 2058 5084 τοὺς

349 5111 594 5173 ἀσώτους
660 5113 796 5172 τέως
880 5112 1212 5187 ἀπέπεμψεν.
1275 5110 1739 5187 Ἐμμελεστάταις
1798 5110 1856 5166 δὲ
1939 5110 2059 5183 δεή·

348 5223 460 5257 σεσι
555 5200 646 5255 τὸν
723 5201 851 5255 Θεὸν
921 5200 1319 5275 δυσωπήσασα,
1394 5202 1486 5256 καὶ
1569 5199 2059 5276 κατανενυγμέναις

348 5292 573 5357 ἱκεσίαις
630 5296 822 5348 τοῦτον
862 5291 938 5355 είς
983 5291 1388 5369 εύσπλαγχνίαν
1448 5294 1810 5368 κατέκαμψεν.
1870 5298 2055 5368 Προσ-

346 5383 603 5458 εσχηκὼς
657 5383 843 5436 τοίνυν
903 5381 930 5435 6
990 5380 1117 5441 Θεὸς
1168 5381 1197 5433 6
1233 5384 1329 5444 τὰς
1363 5382 1569 5445 ἐννοίας
1621 5380 1800 5452 εἰδὼς,
1841 5386 1959 5443 πῶς
1996 5381 2056 5436 ἐκ

345 5469 570 5546 καρδίας
619 5474 653 5542 ἡ
690 5472 920 5549 σώφρων
976 5476 1079 5539 τῆς
1136 5469 1347 5544 ἁγνείας
1405 5469 1651 5543 ἐκήδετο,
1711 5470 1763 5527 ἐν
1830 5471 2051 5532 ἐκείναις

343 5566 462 5621 ταῖς
522 5562 754 5637 ἡμέραις
810 5560 1165 5634 ᾦκονόμησεν
1235 5560 1262 5613 6
1318 5559 1488 5636 φύλαξ
1541 5564 1639 5630 τῆς
1700 5561 1914 5616 πάντων
1952 5560 2053 5615 ἀν-

348 5650 585 5724 θρώπων
620 5650 895 5726 σωτηρίας
922 5648 1135 5707 τοῖόνδε
1164 5670 1233 5706 τι.

2172 3315 2443 3395 στεφάνων
2520 3317 2664 3392 παρὰ
2736 3318 2836 3386 τῆς
2900 3318 3099 3372 τούτου
3175 3316 3593 3393 φιλανθρωπίας
3652 3320 3884 3389 ἠξιώθη.

2806 3413 3069 3463 ΚΕΦΑΛ.
3129 3407 3252 3466 ΡΝ’.

2274 3496 2407 3571 Περὶ
2464 3496 2822 3573 Μαγνεντίνου
2880 3495 2969 3551 καὶ
3026 3503 3129 3567 τῆς
3184 3499 3441 3573 γυναικὸς
3502 3502 3608 3553 τοῦ
3666 3520 3799 3576 συγ-

2886 3585 3173 3657 κλητικοῦ.

2245 3675 2556 3747 Ἐμνήσθην
2605 3672 2663 3730 δὲ
2731 3676 2825 3731 καὶ
2907 3673 3087 3746 ἄΛλης
3180 3676 3449 3752 ἱστορίας,
3525 3679 3615 3733 καὶ
3711 3678 3884 3733 καλὸν

2174 3769 2336 3820 τοῦτο
2397 3767 2473 3838 μὴ
2531 3764 2846 3839 παρελθεῖν.
2907 3765 3135 3840 Λέγεται
3192 3767 3318 3838 περὶ
3366 3769 3729 3843 Μαγνεντίνου
3788 3774 3885 3824 τοῦ

2175 3855 2459 3931 ἀντάρτου,
2503 3852 2587 3909 ὅτι
2642 3853 2884 3916 πολλαῖς
2936 3855 3176 3929 γυναιξὶν
3231 3855 3563 3934 ἐπεμίγνυτο
3623 3855 3888 3929 Ἑλληνί-

2175 3965 2277 4012 σιν,
2334 3944 2425 4000 καὶ
2491 3943 2568 4005 είς
2629 3944 2958 4018 Χριπιανάς
3016 3942 3327 4020 ἐπέρῥιψεν,
3377 3943 3551 4001 θέλων
3590 3945 3885 4022 ἐπιμίγνυ-

2174 4036 2290 4089 σθαι
2325 4052 2339 4066 °
2390 4033 2479 4088 καὶ
2538 4033 2705 4106 ᾕρουν
2770 4034 2928 4089 αὗται
3013 4033 3324 4105 ἀποθανεῖν,
3411 4036 3446 4104 ἢ
3520 4037 3882 4111 σωφροσύνην

2173 4121 2487 4198 προδοῦναι.
2549 4121 2758 4177 Ἐλθὼν
2816 4120 2908 4177 οῦν
2964 4120 3020 4179 ἐν
3084 4128 3183 4196 μιᾷ
3236 4122 3418 4194 πόλει,
3459 4126 3672 4199 ἠράσθη
3735 4127 3878 4184 τινὸς

2173 4215 2427 4287 γυναικὸς
2486 4211 2857 4288 συγκλητικοῦ
2924 4214 3030 4269 ἀπὸ
3087 4214 3345 4290 ἐπάρχων
3380 4235 3393 4249 ·
3470 4216 3559 4271 καὶ
3617 4213 3884 4293 φοϐηθεὶς

2175 4306 2203 4359 ὁ
2252 4303 2389 4378 ἀνὴρ
2459 4302 2647 4373 αὒτῆς,
2699 4305 2847 4359 εἶπεν
2906 4308 3055 4377 αύτῷ
3114 4323 3129 4337 ·
3198 4308 3446 4380 Πέμψον,
3498 4304 3627 4380 ἆρον
3684 4308 3881 4377 αὐτήν.

2174 4392 2275 4447 Καὶ
2324 4389 2570 4452 ἐλθόντες
2629 4393 2681 4447 οἳ
2738 4397 3063 4468 στρατιῶται
3121 4392 3205 4450 ἐπ’
3261 4394 3448 4462 αὐτὴν,
3498 4394 3646 4448 εἶπεν
3688 4395 3882 4454 αὐτοῖς

2173 4486 2208 4552 ἢ
2257 4482 2445 4558 γυνή.
2504 4483 2821 4552 Ἐκδέξασθι
2889 4484 3082 4558 μικρόν
3148 4482 3251 4545 ἕως
3330 4483 3695 4554 κοσμήσωμαι
3780 4484 3880 4539 τὸν

1805 4570 2056 4645 λέγουσα,
2090 4571 2372 4645 [ικόσμον
2434 4571 2487 4625 ἐν
2660 4571 2928 4643 εἰθίσθην.
2989 4573 3086 4629 Καὶ
3140 4570 3439 4627 εἰσελθοῦσα
3496 4569 3571 4631 εἰς
3614 4571 3707 4625 τὸν
3742 4591 3877 4627 κοι-

2167 4665 2313 4717 τῶνα
2370 4662 2588 4729 ἑαυτῆς,
2643 4656 2885 4717 λαϐοῦσα
2943 4660 3120 4736 ξίφος,
3172 4659 3305 4716 κατά
3350 4664 3459 4715 τῶν
3528 4656 3875 4735 σπλάγχνων

2167 4750 2364 4819 ἑαυτῆς
2435 4748 2705 4822 ἐνέπηξεν.
2792 4753 3211 4809 Ἀκουσάτωσαν
3292 4751 3348 4805 αἱ
3428 4751 3713 4827 παρθένοι,
3786 4752 3862 4805 καὶ

2168 4839 2605 4917 αἰσχυνέσθωσαν
2667 4839 2721 4895 αἱ
2771 4842 3002 4915 Χριστὸν
3057 4839 3526 4917 ἐπαγγελλόμεναι
3584 4837 3735 4915 ἔχειν
3775 4839 3855 4893 τὸν

2167 4929 2441 5005 Νυμφίον,
2474 4931 2561 4984 καὶ
2587 4928 2647 4984 ἐκ
2680 4935 2876 5005 μικρᾶς
2907 4927 3233 5007 φιληδονίας
3277 4934 3472 4986 τοῦτον
3519 4928 3870 5005 προδόσασαι.

2166 5020 2329 5092 Ἣμῖν
2379 5015 2435 5072 δὲ
2484 5016 2599 5090 δῴη
2641 5021 2667 5073 6
2715 5020 2846 5084 Θεὸς
2893 5022 3101 5095 ἑκάστῳ
3163 5019 3321 5094 μέλει
3381 5026 3548 5075 σῶσαι
3606 5021 3706 5089 τὴν
3738 5039 3873 5091 παρ-

2168 5106 2345 5163 θενίαν
2378 5125 2392 5140 ο
2442 5106 2533 5161 καὶ
2586 5106 2964 5185 ἀγαλλόμεναι
3018 5111 3154 5184 μετά
3197 5114 3296 5165 τοῦ
3346 5108 3678 5184 ἱεροψάλτου
3719 5110 3876 5183 βοᾷν·

2168 5196 2499 5269 Καθήλωσον
2574 5198 2635 5252 ἐκ
2688 5203 2785 5255 τοῦ
2853 5196 3026 5278 φόϐου
3084 5222 3180 5257 σου
3258 5202 3355 5263 τὰς
3450 5200 3648 5275 σάρκας
3746 5219 3877 5273 μου·

2167 5289 2272 5345 ἀπὸ
2327 5288 2431 5364 γάρ
2488 5293 2597 5344 τῶν
2657 5290 2939 5363 κριμάτων
3006 5312 3102 5347 σου
3180 5286 3485 5369 ἐφοϐήθην.
3542 5291 3710 5347 Καὶ·
3799 5295 3883 5346 Ζῶ

2167 5374 2224 5433 δὲ
2282 5378 2465 5433 οὐκέτι
2519 5378 2649 5454 ἐγὼ,
2720 5379 2784 5454 ζῇ
2836 5378 2894 5436 δὲ
2944 5379 2997 5436 ἐν
3059 5381 3186 5455 ἐμοὶ
3241 5383 3497 5457 Χριστός.
3556 5380 3782 5437 Γένοιτο
3828 5379 3885 5436 δέ

2163 5470 2330 5540 ἡμᾶς,
2384 5467 2474 5523 καὶ
2546 5474 2710 5525 τοῦτο
2776 5473 3053 5545 νηφούσας
3110 5471 3289 5547 λέγειν
3325 5490 3337 5505 ·
3396 5472 3535 5547 Ἐγὼ
3593 5476 3674 5542 τῷ
3724 5469 3879 5527 ἀδελ·

2162 5555 2306 5636 φιδῷ
2363 5580 2489 5629 μου,
2548 5561 2641 5614 καὶ
2698 5561 2726 5614 6
2797 5559 3121 5638 ἀδελφιδοῦς
3195 5583 3303 5635 μου
3359 5560 3507 5635 ἐμοί.
3578 5561 3703 5616 Ὀτὲ

2163 5649 2421 5727 νυμφίος,
2456 5649 2552 5705 ὁτὲ
2584 5647 2640 5704 δὲ
2695 5649 2951 5727 ἀδελφὸς,
2984 5652 3069 5708 ἳνα
3120 5650 3291 5727 μηδὲν
3337 5652 3596 5729 σαρκικὸν
3666 5658 3880 5725 νοῆται.

4027 1590 4029 1633 1

4028 1698 4029 1719 ι

4028 1806 4029 1843 ι

4027 2010 4029 2047 ι

4028 2226 4029 2247 ι

4028 2334 4029 2385 1
