4074 6278
220 381 378 446 1253

1601 385 1976 447 HISTORIA
2019 384 2419 445 LAUSIACA.

3587 389 3743 453 1254

214 519 546 588 sumptibus
578 521 633 573 et
663 533 768 573 suo
801 515 1126 573 ministerio
1156 517 1345 575 virum
1378 515 1558 578 alens.
1593 523 1788 577 Inveni
1824 538 1916 578 au-
1947 520 2003 588 Α
2034 535 2268 587 vespere
2300 515 2625 587 ingreditur
2655 517 2723 572 ad
2756 532 2889 573 eum
2931 517 3033 591 qui
3066 518 3194 576 illas
3235 520 3443 591 alebat,
3476 528 3534 579 et
3563 526 3662 580 dat
3691 524 3748 579 ei

208 613 328 663 tem
363 609 482 664 haec
524 608 583 662 in
629 607 1046 678 antiquissimo
1079 609 1226 664 libro
1268 610 1483 681 scripto
1516 612 1794 677 versibus,
1831 611 1928 682 qui

211 698 450 769 quidem
521 701 775 767 scriptus
856 702 981 752 erat
1039 715 1210 753 manu
1280 699 1564 771 Origenis.
1635 702 1799 756 lIunc
1861 702 1925 757 Ii-

211 788 382 841 brum
436 787 630 842 inveni
668 803 772 857 ego
821 788 974 857 apud
1008 786 1308 843 Julianam
1358 790 1642 860 virginem
1694 792 1752 846 in
1805 792 1925 846 Ca3-

210 892 399 944 sarea,
448 877 545 946 qui
583 886 635 932 et
667 877 793 948 ipse
834 877 982 948 (215)
1026 879 1179 949 apud
1226 895 1351 934 eam
1386 879 1709 934 occultatus
1742 897 1924 936 eram.

214 965 448 1019 Dicebat
479 970 672 1020 autem
707 982 768 1021 se
810 967 1104 1037 accepisse
1148 985 1181 1023 a
1227 968 1576 1039 Symmacho
1617 969 1925 1040 interprete

206 1054 576 1112 Judaeorum.

282 1143 406 1198 Non
429 1146 536 1198 fuit
556 1149 750 1200 autem
774 1145 1029 1202 alienum
1054 1145 1123 1201 ab
1145 1146 1411 1204 instituto
1439 1163 1630 1220 opere.
1658 1149 1924 1219 posuisse

206 1233 458 1289 virtutes
483 1235 690 1291 harum
723 1236 1112 1303 feminarum;
1147 1239 1243 1292 sed
1283 1243 1347 1294 ut
1372 1240 1645 1307 sciamus,
1679 1240 1831 1311 quod
1856 1256 1923 1295 ex

205 1323 449 1379 diversis
481 1326 885 1381 occasionibus
912 1327 1042 1381 licet
1074 1326 1306 1394 lucrari,
1341 1329 1390 1384 si
1421 1329 1688 1384 velimus.

781 1414 1018 1470 CAPUT
1059 1415 1348 1471 CXLVIII.

204 1503 277 1556 De
323 1505 531 1573 femina
582 1504 732 1575 (216)
782 1505 1132 1560 nobilissima
1161 1523 1279 1576 qum
1322 1508 1438 1575 luit
1484 1524 1697 1578 semper
1748 1509 1916 1579 virgo.

275 1594 337 1648 In
371 1594 484 1647 alio
527 1594 677 1649 libro
720 1596 1155 1668 antiquissimo,
1211 1597 1422 1667 scripto
1474 1599 1543 1653 ab
1597 1599 1920 1670 Hippolyto,

201 1683 300 1752 qui
351 1683 458 1738 fuit
499 1683 810 1741 familiaris
843 1686 1256 1757 apostolorum,
1289 1686 1482 1742 inveni
1513 1687 1686 1744 talem
1720 1707 1920 1745 narra-

200 1775 419 1826 tionem
453 1788 466 1827 :

2031 609 2292 678 quinque
2323 606 2580 673 solidos;
2613 612 2670 662 et
2715 607 2854 662 dicit
2884 609 2970 664 ei:
3028 611 3284 666 Concede
3317 612 3460 666 mihi
3507 629 3741 668 manere

2031 697 2140 752 hac
2183 701 2348 752 nocte
2389 712 2522 750 cum
2565 696 2672 751 hac
2714 697 2923 767 puella.
2956 700 3018 754 In
3051 698 3240 755 locum
3278 717 3414 772 ergo
3445 703 3746 760 occultum

2031 804 2164 842 cum
2196 803 2264 842 ea
2312 787 2630 856 ingressus,
2656 786 2797 842 dicit
2826 787 2913 842 ei:
2968 788 3164 856 Surge,
3210 807 3374 846 serva
3419 796 3474 847 te
3519 794 3733 862 ipsam-

2031 877 2255 931 Etcum
2307 893 2434 932 eam
2480 877 2603 932 suis
2658 877 2917 932 vestibus
2957 878 3262 946 induisset,
3302 882 3518 952 tunica,
3550 884 3731 939 cami-

2029 966 2116 1023 sia
2173 966 2347 1036 (218),
2380 973 2435 1024 et
2468 965 2800 1036 chlamyde,
2857 972 2913 1020 et
2962 968 3230 1023 omnibus
3259 971 3547 1038 virilibus,
3596 973 3740 1028 dicit

2027 1058 2116 1114 ei:
2156 1059 2456 1126 Egredere,
2488 1062 2543 1113 te
2575 1074 2807 1112 summa
2837 1058 3159 1130 chlamydis
3195 1066 3352 1129 parte
3402 1068 3728 1133 contegens,

2028 1147 2166 1211 Quae
2195 1163 2328 1202 cum
2353 1150 2436 1202 sic
2468 1148 2721 1214 fecisset,
2753 1156 2806 1202 et
2836 1164 2898 1203 se
2932 1154 3112 1203 totam
3162 1150 3329 1220 signo
3361 1151 3552 1206 crucis
3600 1169 3733 1206 mu-

2028 1237 2248 1301 niisset,
2301 1253 2534 1308 egressa
2582 1252 2649 1291 ex
2693 1236 2793 1292 illo
2841 1238 2963 1292 loco
3016 1239 3251 1294 omnino
3301 1240 3633 1312 incorrupta
3681 1243 3735 1296 et

2027 1326 2354 1397 impolluta,
2412 1331 2641 1382 servata
2680 1331 2768 1383 est
2796 1327 3011 1384 Christi
3043 1329 3246 1399 gratia,
3281 1339 3333 1385 et
3364 1347 3543 1386 causa
3593 1331 3735 1386 ado-

2024 1414 2298 1472 lescentis
2322 1417 2421 1486 qui
2454 1432 2579 1472 eam
2612 1433 2718 1472 suo
2743 1418 3026 1488 sanguine
3049 1418 3313 1474 liberavit
3343 1437 3375 1475 a
3399 1420 3551 1490 turpi
3575 1421 3731 1476 vitio.

2025 1506 2301 1576 Sequenti
2325 1510 2521 1562 autem
2554 1506 2645 1561 die
2679 1522 2767 1561 res
2799 1506 2905 1561 fuit
2936 1509 3184 1577 cognita,
3220 1512 3274 1564 et
3307 1511 3624 1579 productus
3647 1514 3740 1565 est

2027 1594 2441 1666 Magistrianus
2487 1598 2554 1650 ad
2606 1596 2998 1651 saevissimum
3040 1597 3326 1666 judicem.
3362 1599 3505 1654 Cum
3545 1602 3737 1654 autem

2025 1690 2336 1740 strenuum
2389 1686 2601 1742 Christi
2643 1685 2922 1742 athletam
2971 1688 3354 1744 examinasset
3401 1689 3639 1761 impius,
3673 1692 3730 1744 et

2022 1775 2222 1828 omnia
2252 1774 2578 1838 didicisset,
2605 1775 2784 1843 jussit
2813 1791 2948 1829 cum
2996 1776 3170 1845 objici
3205 1776 3429 1844 bestiis,
3465 1781 3526 1831 ut
3558 1777 3731 1832 etiam

275 1860 402 1914 Fuit
453 1863 722 1932 quaedam
781 1865 1146 1922 nobilissima
1178 1867 1340 1939 virgo
1374 1871 1430 1923 et
1466 1869 1912 1939 formosissima,
1947 1887 1993 1950 Β
2025 1866 2194 1920 malis
2229 1866 2473 1919 infestus
2522 1866 2744 1919 daemon
2805 1866 2861 1920 in
2903 1882 2968 1920 eo
3009 1865 3336 1921 afficeretur
3383 1866 3734 1936 ignominia.

203 1966 329 2020 quae
364 1950 423 2006 in
446 1953 565 2006 vita
595 1969 662 2007 ex
702 1955 912 2010 virtute
951 1958 1178 2027 agenda
1227 1959 1601 2013 exercebatur
1630 1959 1912 2015 Corinthi.

200 2045 364 2094 Hanc
406 2041 503 2096 illo
555 2047 810 2114 tempore
861 2045 1192 2102 detulerunt
1233 2049 1302 2103 ad
1339 2049 1616 2117 judicem,
1662 2050 1760 2120 qui
1793 2054 1914 2105 erat

197 2132 432 2201 gentilis
454 2133 512 2186 in
545 2137 802 2205 tempore
837 2142 1299 2207 persecutorum,
1327 2145 1387 2194 ut
1427 2156 1551 2210 qua
1585 2140 1913 2196 maledictis

194 2221 514 2278 incesseret
563 2229 620 2278 et
652 2230 935 2296 tempora,
969 2233 1022 2282 et
1058 2229 1454 2299 imperatores,
1492 2235 1546 2285 et
1574 2231 1909 2287 simulacra.

194 2312 603 2381 Proponebant
634 2319 827 2367 autem
877 2316 1002 2384 ejus
1043 2318 1534 2386 pulchritudinem
1567 2321 1774 2375 harum
1827 2338 1913 2375 re-

193 2417 328 2454 rum
409 2408 832 2472 cauponatores
901 2404 1080 2474 impio
1132 2408 1340 2476 judici,
1401 2410 1647 2466 feminas
1704 2411 1908 2466 insano

197 2507 396 2545 amore
437 2491 811 2560 depereunti;
846 2494 893 2549 is
926 2512 1082 2562 vero,
1121 2498 1350 2568 equinis
1382 2501 1623 2555 auribus
1657 2509 1708 2555 et
1749 2502 1908 2556 femi-

194 2598 301 2635 nas
331 2583 531 2637 insane
563 2585 898 2640 amantibus
931 2587 1402 2659 cogitationibus,
1439 2592 1657 2660 accepit
1687 2590 1908 2646 calum-

196 2671 399 2724 niam:
434 2688 499 2726 ea
542 2677 734 2728 autem
779 2677 1060 2744 producta
1091 2678 1161 2731 ad
1205 2677 1497 2734 hominem
1538 2682 1905 2746 sceleratum,

199 2759 381 2814 multo
416 2761 596 2832 magis
628 2762 837 2819 insana
867 2774 1071 2836 captus
1103 2771 1192 2822 est
1231 2767 1699 2838 intemperantia.
1734 2771 1908 2825 Post—

199 2864 374 2917 quam
409 2858 602 2906 autem
638 2854 912 2909 omnibus
936 2857 1214 2912 adversus
1237 2873 1363 2912 eam
1389 2859 1667 2914 adhibitis
1689 2859 1905 2914 machi-

191 2937 307 3004 nis,
333 2938 469 2992 huic
488 2939 586 2994 Dei
610 2942 828 2997 homini
851 2944 1337 3017 (sz’c)persuadere
1362 2964 1475 3002 non
1502 2950 1709 3019 potuit,
1728 2949 1906 3004 variis

190 3030 498 3085 tormentis
532 3033 771 3101 snbjecit
803 3035 1008 3091 fortem
1040 3037 1339 3093 feminam.
1373 3039 1676 3108 Postquam
1707 3045 1902 3094 autem

189 3134 264 3172 ne
298 3119 382 3174 his
417 3121 650 3189 quidem
687 3123 741 3175 id
784 3125 938 3194 quod
968 3125 1192 3181 volebat
1223 3132 1311 3182 est
1342 3135 1669 3196 assecutus,
1703 3138 1765 3184 ut
1799 3131 1906 3200 qui

2026 1957 2168 2014 Nam
2201 1971 2334 2011 cum
2367 1954 2762 2009 existimasset
2778 1953 2960 2008 virum
2993 1954 3200 2009 fortem
3232 1956 3291 2009 in
3324 1954 3606 2009 nefarium
3641 1956 3732 2008 in-

2014 2048 2192 2117 jicere
2223 2044 2599 2116 supplicium,
2633 2059 2765 2100 eum
2801 2043 2989 2099 etfacit
3021 2044 3237 2114 duplici
3271 2045 3355 2115 [F.
3395 2044 3731 2114 dupliciter]

2021 2135 2235 2191 Christi
2260 2144 2587 2205 martyrem,
2613 2137 2675 2188 ut
2707 2134 2805 2203 qui
2847 2139 2904 2188 et
2950 2151 3048 2203 pro
3098 2151 3203 2190 sua
3234 2133 3430 2188 anima
3459 2133 3732 2203 praeclare

2021 2225 2418 2289 decertaverit,
2453 2228 2509 2278 et
2530 2240 2630 2295 pro
2653 2223 2753 2279 illa
2775 2224 2942 2278 beata
2960 2223 3017 2278 in
3042 2224 3341 2280 laboribus
3366 2233 3593 2278 strenue
3613 2240 3738 2294 per-

2021 2314 2384 2370 severaverit.
2403 2313 2682 2376 Quocirca
2703 2313 2918 2383 duplici
2941 2312 3158 2369 honore
3174 2318 3232 2369 et
3251 2313 3481 2368 duabus
3498 2310 3738 2382 insigni-

2020 2406 2131 2460 bus
2162 2405 2388 2459 coronis
2411 2403 2625 2474 dignus
2657 2408 2745 2457 est
2775 2402 3008 2457 habitus
3043 2419 3076 2457 a
3105 2403 3317 2458 Christi
3347 2401 3727 2471 benignitate.

2680 2491 2909 2547 CAPUT
2957 2492 3065 2547 CL.

2418 2583 2491 2637 De
2518 2597 2694 2637 uxore
2723 2581 2872 2652 (219)
2903 2584 3011 2636 ω’νὶ
3041 2582 3324 2637 senatorii.

2088 2673 2326 2729 Memini
2360 2678 2553 2728 autem
2584 2671 2822 2726 alterius
2865 2687 3092 2741 quoque
3127 2671 3393 2738 historia,
3417 2674 3473 2726 et
3494 2671 3713 2727 bonum

2016 2771 2101 2821 est
2131 2781 2258 2820 eam
2293 2779 2404 2818 non
2439 2762 2751 2831 praeterire.
2787 2762 3008 2816 Dicitur
3038 2763 3108 2816 de
3139 2762 3511 2832 Magnentino
3540 2761 3725 2816 insur-

2018 2867 2256 2922 reclore,
2308 2852 2465 2926 quod
2497 2853 2782 2908 habuerat
2831 2853 3022 2922 stupri
3071 2851 3557 2907 consuetudinem
3590 2867 3722 2905 cum

2019 2945 2219 3001 multis
2252 2943 2583 3012 gentilibus,
2615 2945 2671 2995 et
2698 2941 2957 2996 animum
2991 2943 3280 3009 adjecerat
3305 2946 3367 2995 ut
3399 2957 3519 2995 rem
3546 2941 3724 2995 etiam

2015 3036 2254 3090 haberet
2287 3047 2422 3086 cum
2467 3028 2853 3094 Christianis;
2895 3045 2972 3084 ea:
3006 3035 3202 3084 autem
3244 3027 3529 3083 malebant
3577 3028 3724 3082 mori

2014 3140 2189 3195 quam
2249 3125 2486 3194 prodere
2536 3120 2900 3192 pudicitiam.
2960 3119 3104 3174 Cum
3161 3135 3295 3190 ergo
3353 3119 3604 3174 venisset
3661 3116 3721 3173 in

189 3225 304 3262 non
341 3215 538 3279 posset
571 3225 696 3266 eam
738 3213 1028 3269 abducere
1080 3233 1112 3271 a
1162 3216 1374 3272 Christi
1421 3219 1809 3289 confessione,
1842 3223 1900 3277 in
1937 3256 1979 3322 Ο
2019 3229 2196 3268 unam
2223 3213 2447 3278 urbem,
2474 3209 3014 3280 amavitquamdam
3043 3225 3278 3322 :xorem
3311 3208 3416 3307 viri
3447 3206 3718 3305 senatorii

189 3312 315 3322 ιιι-..η-
350 3297 646 3322 ε..,.....;,.--
676 3302 920 3322 _____‘l._l2_
981 3321 1004 3322 η
1029 3320 1044 3322 -
1120 3312 1130 3322 ι
1226 3306 1287 3322 ιιι
1486 3313 1495 3322 ι
1719 3315 1727 3322 .
2025 3319 2084 3322 Α--
2138 3301 2419 3322 ---Αι¹--ιξ-
2486 3299 2713 3322 "12..-..-
2766 3302 2954 3322 _.-l-_.
3011 3315 3037 3322 ,ι
3095 3314 3150 3322 Α-
3187 3315 3250 3322 .-.-
3287 3313 3408 3322 Α....-.
3450 3305 3694 3322 ...ιι-ιι...-

186 3312 317 3350 eam
350 3297 648 3353 insaniens
672 3302 943 3368 crudelis,
979 3320 1093 3358 non
1119 3306 1294 3360 tradit
1332 3323 1454 3362 eam
1482 3313 1901 3364 tormentorum

194 3387 568 3456 cruciatibus,
618 3390 718 3444 sed
761 3395 983 3446 castam
1034 3397 1089 3447 et
1138 3398 1561 3465 temperantem
1623 3400 1900 3455 feminam

190 3491 412 3546 ponens
465 3477 522 3531 in
575 3479 922 3548 prostibula,
955 3482 1140 3551 jussit
1183 3485 1232 3538 ei
1276 3485 1374 3555 qui
1406 3503 1504 3541 eas
1547 3489 1902 3573 possidebat,
1953 3513 1955 3515 ί

194 3565 432 3619 dicens:
458 3569 617 3621 Hanc
649 3568 791 3622 mihi
825 3585 960 3638 cape
1001 3576 1055 3626 et
1087 3578 1204 3629 tres
1247 3575 1464 3631 solidos
1494 3593 1562 3630 ex
1591 3593 1656 3632 ea
1703 3579 1770 3633 ad
1815 3565 1907 3635 me

195 3653 354 3708 defer
401 3656 680 3725 quotidie.
746 3659 798 3713 Is
846 3665 1040 3715 autem
1077 3678 1284 3717 aurum
1337 3665 1572 3735 exigens
1631 3683 1698 3722 ex
1749 3669 1904 3740 turpi

195 3742 448 3809 actione,
482 3761 608 3799 eam
663 3747 898 3802 tradidit
948 3751 1276 3808 volentibus
1315 3754 1373 3808 in
1407 3755 1641 3812 ofﬁcina
1679 3758 1902 3813 abomi-

196 3835 372 3887 nandi
407 3836 630 3904 ﬂagitii.
665 3841 804 3892 Cum
838 3839 958 3894 haec
988 3859 1123 3912 ergo
1167 3844 1466 3899 novissent
1500 3847 1596 3916 qui
1629 3850 1905 3903 teneban-

195 3925 292 3975 tur
341 3922 545 3978 insano
598 3943 793 3980 amore
845 3929 1178 3999 mulierum,
1229 3935 1566 3989 assidebant
1615 3937 1905 3992 sceleratae.

195 4012 352 4066 exitii
404 4014 671 4083 officinae,
722 4018 1044 4074 mercedem
1097 4024 1295 4076 dantes
1343 4023 1662 4079 inhonestae
1708 4043 1908 4098 opera-

195 4102 393 4157 tionis.
425 4104 528 4159 Illa
570 4110 763 4162 autem
814 4109 972 4180 virgo
1023 4110 1433 4168 honestissima
1484 4119 1540 4168 et
1592 4115 1650 4170 in
1704 4119 1908 4186 primis

193 4194 543 4260 veneranda,
599 4201 656 4248 et
721 4198 893 4252 verba
965 4201 1035 4252 ad
1104 4201 1505 4273 deceptionem
1573 4205 1906 4273 deflectens,

194 4283 540 4352 suppliciter
570 4283 653 4338 eis
686 4285 938 4355 dicebat,
973 4305 1223 4360 rogans:
1260 4291 1452 4347 Habeo
1491 4293 1658 4349 ulcus
1689 4295 1747 4349 in
1783 4295 1907 4351 loco

193 4372 444 4441 occulto,
498 4376 653 4445 quod
702 4377 1034 4432 mirandum
1087 4381 1146 4435 in
1197 4384 1437 4437 modum
1489 4385 1638 4440 male
1686 4385 1822 4454 olet,
1855 4391 1908 4441 et

194 4463 371 4519 timeo
405 4481 474 4520 ne
515 4482 614 4521 vos
656 4467 767 4522 mei
809 4469 1008 4524 odium
1056 4473 1242 4542 capiat
1290 4482 1520 4544 propter
1552 4475 1717 4530 ulcus
1747 4495 1907 4532 aver-

193 4554 483 4623 sandum;
530 4558 825 4613 concedite
867 4575 1004 4630 ergo
1046 4561 1187 4616 mihi
1230 4579 1447 4632 paucos
1488 4566 1634 4626 dies,
1676 4571 1734 4621 et
1764 4572 1902 4622 tunc

2017 3319 2085 3357 ex
2138 3301 2442 3372 praefectis.
2486 3299 2717 3354 Timore
2765 3302 2958 3354 autem
3009 3298 3252 3353 affectus
3284 3298 3410 3366 ejus
3450 3295 3716 3365 maritus,

2010 3393 2153 3448 dixit
2182 3393 2268 3447 ei:
2304 3392 2486 3456 Mitte,
2530 3389 2666 3445 tolle
2716 3405 2866 3444 eam.
2910 3389 3053 3444 Cum
3083 3393 3280 3444 autem
3320 3386 3620 3443 venissent
3650 3384 3726 3440 ad

2010 3500 2138 3539 eam
2172 3482 2405 3549 milites,
2440 3481 2582 3535 dixit
2623 3481 2704 3535 eis
2750 3479 2993 3534 mulier:
3027 3480 3364 3550 Exspectate
3407 3493 3718 3548 parumper

2011 3575 2191 3628 donec
2223 3573 2508 3626 mundum
2543 3586 2731 3625 meum
2763 3585 3134 3639 componam,
3163 3567 3257 3625 cui
3306 3584 3438 3624 sum
3463 3576 3712 3623 assueta.

2011 3662 2274 3727 Inpressa
2305 3667 2496 3716 autem
2531 3677 2704 3716 suum
2737 3659 2944 3726 cubile,
2979 3669 3210 3730 accepto
3240 3675 3401 3723 ense,
3433 3674 3566 3713 eum
3592 3656 3714 3713 suis

2009 3751 2200 3806 infixit
2241 3752 2585 3806 visceribus.
2633 3750 2889 3803 Audiant
2927 3749 3179 3815 virgines
3239 3753 3294 3803 et
3341 3748 3712 3814 erubescant,

2010 3857 2135 3912 quae
2187 3840 2530 3910 proﬁtentur
2580 3852 2642 3892 se
2690 3837 2981 3891 Christum
3041 3836 3252 3890 habere
3304 3851 3606 3904 sponsum,
3659 3841 3723 3889 et

2011 3947 2188 4002 prava
2213 3945 2347 3983 eum
2372 3927 2625 3998 produnt
2655 3925 2913 3980 libidine.
2939 3923 3117 3979 Nobis
3139 3929 3334 3978 autem
3368 3924 3462 3979 det
3495 3925 3722 3979 unicui-

2013 4041 2124 4095 que
2156 4022 2308 4076 Deus
2347 4033 2576 4073 servare
2626 4015 3035 4087 virginitatem,
3062 4019 3117 4068 et
3139 4015 3570 4070 exsultantibus
3601 4015 3718 4070 cla-

2014 4129 2170 4168 mare
2228 4126 2360 4166 cum
2409 4105 2899 4179 psalmographo:
2953 4105 3186 4176 Confige
3246 4105 3302 4160 in
3360 4105 3566 4159 timore
3617 4110 3716 4159 tuo

2014 4219 2216 4258 carnes
2250 4215 2439 4255 meas:
2475 4198 2759 4268 ajudiciis
2777 4195 2933 4250 enim
2961 4195 3076 4250 tuis
3107 4194 3278 4249 timui
3301 4192 3474 4256 (Psal.
3501 4194 3716 4265 cxvm).

2015 4293 2122 4346 Et:
2174 4290 2306 4345 Vivo
2358 4291 2549 4343 autem
2601 4286 2728 4355 jam
2781 4300 2894 4339 non
2945 4299 3073 4354 ego,
3126 4282 3260 4336 vivit
3312 4299 3445 4338 vero
3509 4283 3568 4336 in
3629 4299 3719 4336 me

2012 4381 2280 4439 Christus
2309 4379 2513 4448 (Galat.
2542 4377 2626 4446 II).
2660 4375 3021 4429 Concedatur
3041 4377 3235 4427 autem
3271 4376 3331 4426 ut
3352 4388 3452 4427 vos
3486 4388 3720 4442 quoque

2012 4473 2215 4529 dicatis
2247 4468 2489 4524 sobriae:
2536 4465 2653 4535 Ego
2687 4463 2935 4534 patrueli
2969 4479 3120 4528 meo,
3152 4467 3208 4518 et
3240 4463 3517 4533 patruelis
3549 4476 3717 4517 meus

2012 4568 2101 4619 est
2133 4560 2293 4625 mihi,
2328 4555 2638 4627 aliquando
2670 4553 2904 4624 quidem
2949 4569 3222 4624 sponsus,
3256 4553 3566 4623 aliquando
3589 4568 3719 4607 vero

189 4642 391 4695 licebit
437 4646 598 4699 vobis
642 4646 728 4700 vel
780 4663 871 4703 me
917 4626 1124 4706 habere
1153 4626 1352 4722 gratis.
1396 4653 1494 4708 His
1538 4656 1727 4710 verbis
1775 4675 1905 4726 per-
1933 4626 1980 4689 D
2014 4654 2202 4718 frater,
2238 4653 2303 4703 ut
2340 4626 2485 4701 nihil
2530 4643 2814 4714 cogitetur
2844 4642 3074 4697 carnale
3107 4642 3287 4715 (Cant.
3337 4641 3437 4712 vr).
3470 4641 3527 4696 Si
3569 4641 3725 4696 enim

195 4746 404 4785 suasos
484 4732 938 4805 intemperantes
996 4741 1347 4797 amandabat
1400 4743 1606 4800 beata:
1644 4746 1905 4802 assiduis

195 4822 390 4873 autem
441 4823 707 4891 precibus
756 4825 932 4879 Deum
981 4828 1241 4897 placans,
1272 4835 1328 4885 et
1375 4836 1737 4902 compunctis
1769 4853 1905 4906 sup-

192 4907 603 4979 plicationibus
634 4927 768 4966 eum
814 4914 1034 4970 inﬂexit
1076 4919 1145 4972 ad
1181 4920 1658 4978 misericordiam.
1703 4927 1906 4980 Atten-

192 4997 337 5051 dens
391 5014 527 5069 ergo
577 4999 728 5055 Deus
780 5004 877 5072 qui
931 5006 1088 5060 novit
1143 5009 1544 5079 cogitationes,
1611 5016 1903 5085 quomodo

189 5091 354 5142 casta
384 5088 674 5159 pudicitiae
709 5108 910 5150 curam
943 5099 1175 5168 gerebat
1207 5115 1275 5155 ex
1297 5101 1513 5174 animo,
1543 5103 1599 5158 in
1633 5103 1750 5161 illis
1783 5106 1904 5161 die-

192 5177 305 5233 bus
339 5196 442 5250 pro
469 5179 656 5237 salute
689 5185 948 5240 omnium
983 5189 1097 5241 tale
1129 5190 1263 5259 quid
1299 5193 1532 5250 struxit.

797 5273 1034 5331 CAPUT
1074 5277 1299 5335 CXLIX.

715 5363 789 5417 De
820 5364 1184 5434 Magistriano
1215 5369 1389 5442 (217).

267 5449 509 5512 Quidam
546 5451 885 5509 adolescens
919 5453 1354 5527 Magistrianus,
1380 5461 1569 5532 specie
1594 5462 1902 5531 formosus,

196 5544 389 5593 mente
430 5539 584 5610 pius,
620 5543 710 5597 cui
743 5543 898 5600 Deus
928 5546 1115 5602 zelum
1137 5549 1382 5603 immisit
1413 5551 1731 5622 spiritalem
1763 5555 1904 5608 adeo

191 5628 513 5686 ardentem.
565 5636 627 5686 ut
679 5633 854 5690 etiam
907 5643 1148 5693 mortem
1200 5645 1634 5697 contemneret:
1684 5642 1732 5697 is
1769 5659 1902 5697 cum

192 5721 466 5788 praetextu
539 5719 1001 5797 intemperantiae
1060 5744 1126 5784 eo
1201 5730 1560 5800 accessisset,
1621 5733 1905 5804 profundo

2018 4741 2269 4799 audieris
2309 4752 2588 4810 sponsum
2637 4741 2693 4791 et
2735 4751 3033 4806 sponsam,
3075 4733 3365 4805 significat
3394 4732 3716 4802 spiritalem

2018 4835 2293 4889 unionem
2329 4844 2458 4883 cum
2495 4829 2679 4897 patre.

2085 4921 2352 4976 Vidimus
2384 4922 2575 4972 autem
2627 4915 2773 4970 alios
2825 4930 3056 4986 quoque
3088 4914 3282 4969 Patres
3313 4915 3370 4969 et
3399 4911 3716 4968 monachos

2015 5029 2114 5085 per
2142 5015 2322 5066 totam
2355 5007 2687 5079 Egyptum,
2722 5004 2935 5060 multas
2968 5003 3210 5059 virtutes
3239 5007 3296 5058 et
3325 5003 3495 5075 signa
3516 5003 3732 5058 facien-

2011 5109 2119 5166 tes,
2152 5113 2400 5170 quorum
2432 5111 2544 5150 non
2581 5093 2959 5149 meminimus
2995 5097 3226 5164 propter
3258 5091 3718 5158 multitudinem,

2014 5195 2112 5248 sed
2149 5205 2332 5261 pauca
2362 5204 2466 5258 pro
2501 5184 2704 5239 multis
2729 5183 3092 5239 narravimus
3124 5183 3314 5254 (Ra/7.,
3350 5183 3390 5238 ι.
3426 5199 3489 5250 II,
3520 5184 3578 5235 in
3610 5183 3726 5250 epi-

2015 5281 2174 5352 logo).
2207 5277 2350 5342 Quid
2399 5276 2555 5330 enim
2605 5273 2813 5328 dixerit
2861 5271 3070 5343 aliquis
3118 5273 3187 5327 de
3239 5269 3524 5341 superiori
3572 5269 3718 5323 The-

2013 5371 2184 5425 baide
2232 5384 2360 5438 quas
2409 5371 2492 5419 est
2537 5381 2635 5436 per
2681 5364 2914 5430 Synem,
2962 5362 3021 5416 in
3081 5378 3196 5433 qua
3244 5366 3378 5415 sunt
3409 5357 3514 5411 viri
3545 5355 3713 5410 valde

2014 5454 2407 5522 admirabiles,
2436 5458 2492 5508 et
2523 5454 2835 5508 multitudo
2869 5451 3277 5507 monachorum
3308 5445 3556 5512 infinita,
3579 5461 3715 5516 quo-

2014 5565 2147 5605 rum
2205 5562 2322 5600 non
2371 5543 2683 5598 crediderit
2719 5541 2930 5612 aliquis
2963 5541 3091 5594 vitae
3139 5536 3428 5602 instituta,
3481 5538 3542 5589 ut
3590 5551 3721 5605 qua

2013 5642 2191 5694 vitam
2244 5636 2565 5690 humanam
2617 5642 2928 5704 superant:
2978 5628 3075 5698 qui
3124 5627 3292 5683 etiam
3342 5629 3603 5682 mortuos
3660 5625 3726 5679 in

2018 5730 2354 5788 hodiernam
2386 5741 2573 5796 usque
2607 5724 2758 5780 diem
2783 5721 3089 5788 suscitant,
3120 5722 3177 5774 et
3199 5735 3374 5791 super
3395 5735 3577 5790 aquas
3608 5727 3731 5771 am.
