4074 6278
383 316 541 377 1255

1953 296 2317 362 PALLADII

3776 299 3927 356 1256

376 448 604 515 bulant,
637 445 788 500 sicut
817 443 1056 509 Petrus;
1090 445 1145 496 et
1183 438 1469 511 quidquid
1519 437 1786 491 Servator
1816 451 1916 506 per
1945 451 2076 490 san-
2107 438 2158 502 Α
2190 429 2466 496 caruisse,
2527 431 2579 481 et
2637 425 2836 481 itidem
2886 441 3020 481 cum
3074 425 3381 495 jejunaret,
3444 427 3758 484 affectum
3818 445 3927 483 non

377 542 504 591 ctos
553 534 740 590 effecit
789 530 1108 603 apostolos,
1158 546 1222 584 ea
1253 543 1407 582 nunc
1455 541 1688 598 quoque
1735 523 1930 577 efﬁcit.
1971 523 2078 576 Sed

377 625 516 696 quia
561 638 841 694 magnum
893 619 1234 676 imminebat
1271 618 1612 686 perieulum,
1647 617 1694 669 si
1736 613 1887 668 ultra
1931 617 2079 680 Lyco

374 712 782 777 transiremus,
808 719 1038 780 prOpter
1057 709 1346 762 latronum
1370 704 1777 775 irruptionem,
1813 717 1928 755 non
1950 698 2077 754 ausi

375 818 584 856 sumus
622 802 816 854 videre
865 798 993 853 illos
1025 802 1278 854 sanctos.
1326 797 1525 866 Neque
1573 794 1727 848 enim
1772 791 2077 862 prmdictos

371 896 570 946 Patres
632 891 887 945 vidimus
945 889 1067 944 sine
1120 887 1396 958 periculo,
1461 899 1646 956 neque
1703 883 1826 936 sine
1884 880 2078 934 labore

371 984 704 1052 aspeximus
728 995 923 1034 sacras
947 979 1054 1033 has
1079 977 1354 1032 feminas:
1379 975 1478 1030 sed
1505 973 1687 1028 multa
1712 974 1874 1043 prius
1901 970 2074 1038 passi,

371 1076 429 1127 et
459 1070 879 1142 propemodum
917 1067 1244 1138 periclitati,
1279 1066 1369 1119 vix
1401 1064 1647 1119 assecuti
1682 1078 1888 1116 sumus
1921 1068 1978 1113 ut
2008 1075 2076 1113 ea

366 1160 717 1214 videremus.
769 1158 993 1227 Septies
1038 1156 1191 1210 enim
1244 1155 1301 1208 in
1342 1157 1584 1208 mortem
1626 1152 1976 1215 indicimus;
2017 1149 2075 1202 in

365 1255 565 1304 octavo
598 1253 790 1303 autem
827 1246 1044 1300 malum
1079 1261 1182 1299 nos
1216 1261 1328 1298 non
1363 1242 1576 1310 attigit,
1611 1257 1740 1295 cum
1784 1241 1934 1294 Deus
1970 1253 2074 1292 nos

363 1339 603 1392 omnino
662 1341 970 1390 servasset.
1011 1335 1202 1389 Semel
1245 1333 1401 1386 enim
1444 1331 1694 1400 quinque
1727 1330 1850 1382 dies
1882 1333 1938 1382 et
1972 1343 2073 1380 no-

362 1432 481 1480 ctes
513 1424 880 1478 ambulantes
932 1439 1028 1492 per
1059 1420 1458 1482 solitudinem,
1497 1420 1648 1472 f'ame
1681 1423 1738 1471 et
1767 1416 1865 1470 siti
1898 1429 2073 1484 pr0pe

361 1514 584 1567 fuimus
620 1511 952 1565 exanimati.
1014 1509 1337 1579 Aliquando
1387 1512 1580 1560 autem
1644 1505 1701 1558 in
1755 1509 1959 1557 acutas
2017 1508 2074 1557 et

361 1619 598 1672 asperas
630 1598 866 1672 paludes
909 1599 1253 1661 incidentes,
1287 1602 1342 1652 et
1377 1596 1549 1666 pedes
1595 1598 1825 1648 nostros
1878 1592 2072 1662 perfo-

356 1699 574 1758 rantes,
603 1702 658 1745 ut
693 1692 922 1746 dolores
954 1694 1147 1742 essent
1193 1685 1610 1748 intolerabiles,
1647 1683 2067 1754 propemodum

357 1780 567 1849 frigore
599 1779 784 1834 enecti
807 1794 1034 1833 sumus.
1059 1777 1251 1830 Tertio
1283 1780 1475 1829 autem
1507 1789 1669 1828 emno
1692 1772 1765 1826 ad
1797 1771 2065 1825 lumbum
2099 1801 2146 1865 Β

354 1885 537 1939 usque
588 1868 949 1935 inhaesimus,
1000 1871 1055 1920 et
1103 1881 1217 1919 non
1249 1870 1367 1918 erat
1398 1863 1495 1933 qui
1538 1862 1816 1932 eriperet;
1857 1864 1913 1914 et
1961 1860 2066 1913 bas

359 1957 513 2012 beati
561 1958 739 2012 David
789 1973 955 2010 voces
1001 1953 1488 2008 exclamavimus:
1541 1951 1773 2004 Salvum
1820 1966 1908 2003 me
1953 1950 2063 2016 fac,

357 2049 604 2104 Domine
635 2049 807 2116 Deus,
833 2047 1106 2116 quoniam
1131 2046 1405 2114 ingressa:
1429 2050 1565 2096 sunt
1596 2057 1758 2111 aquae
1792 2055 1973 2108 usque
1994 2040 2064 2094 ad

357 2139 613 2193 animam
661 2154 872 2192 meam.
919 2136 1136 2189 Infixus
1170 2149 1297 2188 sum
1339 2133 1398 2186 in
1443 2131 1629 2185 lutum
1679 2129 1967 2200 profundi,
2009 2133 2066 2183 et

358 2244 473 2282 non
534 2233 621 2282 est
671 2226 995 2282 substantia
1054 2225 1223 2295 (Psal.
1260 2223 1487 2290 vam);
1541 2225 1616 2285 et,
1679 2220 1851 2274 Serva
1908 2234 2000 2272 me
2032 2235 2065 2273 a

353 2317 500 2382 luto,
536 2327 598 2371 ut
630 2332 699 2370 ne
733 2315 953 2384 infigar.
984 2315 1264 2377 Quartum
1301 2320 1491 2365 autem
1527 2309 1636 2363 fuit
1666 2325 1830 2378 aquae
1862 2307 2066 2362 multi-

350 2406 492 2459 tudo
541 2422 665 2475 quas
707 2403 928 2458 efﬂuxit
981 2417 1048 2456 ex
1089 2401 1201 2457 Nili
1236 2401 1614 2465 incremento,
1649 2415 1779 2452 cum
1815 2401 2064 2466 quatuor

354 2495 475 2548 dies
509 2511 608 2563 per
629 2511 807 2563 aquas
837 2492 1313 2545 ambularemus:
1351 2495 1407 2543 et
1431 2489 1490 2542 in
1517 2488 1722 2542 hostiis
1755 2502 2062 2556 propemo-

354 2586 495 2638 dum
539 2584 780 2636 obrutis.
824 2583 987 2634 Tunc
1032 2580 1441 2648 clamavimus,
1497 2579 1797 2633 dicentes:
1831 2576 1911 2631 Ne
1957 2592 2061 2630 nos

353 2675 652 2740 demergat
693 2675 1008 2731 tempestas
1059 2685 1246 2738 aquae,
1281 2684 1384 2722 nec
1420 2684 1508 2721 me
1542 2668 1778 2720 devoret
1817 2665 2062 2735 profun-

355 2763 496 2818 dum
530 2760 709 2830 (Psal.
747 2760 956 2827 LxVIu).
993 2758 1202 2821 Quinto
1233 2763 1429 2810 autem
1452 2754 1762 2808 incidimus
1795 2754 1852 2807 in
1887 2753 2061 2808 latro-

358 2868 459 2906 nes
491 2853 547 2903 in
581 2848 768 2902 littore
813 2846 1016 2912 maris,
1060 2845 1358 2898 venientes
1383 2844 1439 2897 in
1481 2842 1758 2896 Diolcon:
1811 2841 1908 2911 qui
1954 2858 2059 2897 nos

350 2941 525 2995 etiam
559 2954 814 3010 eousque
848 2939 986 2991 sunt
1027 2934 1342 3005 persecuti,
1385 2932 1642 2987 volentes
1676 2931 2057 3002 comprehen-

350 3031 505 3095 dere,
549 3028 729 3083 donec
782 3027 948 3081 nobis
992 3041 1206 3096 parvus
1250 3022 1670 3093 relinqueretur
1709 3021 1968 3091 spiritus,
2000 3023 2059 3074 ut

351 3120 450 3191 qui
485 3135 588 3173 nos
622 3119 812 3172 decies
844 3115 1003 3170 mille
1050 3129 1256 3185 passus
1301 3118 1498 3168 essent
1539 3110 1844 3182 persecuti.
1887 3114 2056 3165 Sexto

350 3215 566 3274 autem,
626 3207 819 3261 Tilum
872 3205 1230 3274 navigantes,
1288 3202 1705 3273 propemodum
1765 3200 1946 3255 eversi
1989 3217 2054 3254 ac
2087 3170 2129 3235 C

354 3297 639 3352 submersi
673 3311 892 3350 sumus.
936 3295 1256 3360 Septimum
1303 3291 1426 3354 fuit,
1470 3293 1695 3360 quando
1749 3290 1808 3343 in
1852 3289 2057 3358 palude

353 3385 690 3450 Mareotide,
753 3383 847 3436 ubi
893 3381 1093 3434 charta
1143 3380 1423 3442 nascitur,
1473 3379 1683 3447 abjecti
1743 3395 1949 3432 sumus
1999 3379 2056 3432 in

349 3475 661 3544 quamdam
697 3488 926 3540 parvam
960 3470 1212 3523 insulam
1267 3470 1590 3534 desertam;
1625 3475 1680 3523 et
1710 3477 1824 3522 tres
1860 3476 2056 3524 noctes

348 3571 401 3616 et
427 3563 549 3614 dies
581 3561 688 3613 sub
720 3561 814 3611 dio
848 3558 1196 3622 mansimus,
1223 3572 1432 3625 magno
1459 3559 1666 3624 frigore
1684 3563 1738 3609 et
1770 3558 2056 3613 imbribus

348 3651 512 3705 nobis
539 3646 1005 3710 imminentibus,
1029 3653 1155 3699 erat
1176 3646 1328 3700 enim
1357 3654 1578 3715 tempus
1594 3644 2051 3716 Epiphaniorum.

345 3740 622 3795 Octavum
661 3743 855 3793 autem
892 3752 1385 3807 supervacaneum
1423 3736 1657 3807 quidem
1688 3742 1772 3790 est
1802 3751 2053 3802 narrare,

345 3831 440 3883 sed
475 3836 666 3883 tamen
700 3836 785 3882 est
819 3827 996 3893 utile;
1042 3843 1176 3880 nam
1201 3843 1332 3880 cum
1367 3842 1469 3880 nos
1511 3842 1609 3896 per
1641 3827 1944 3896 quemdam
1972 3827 2056 3881 lo-

347 3937 478 3974 cum
512 3920 874 3974 venissemus
913 3918 1157 3984 Nilreas,
1181 3922 1305 3972 erat
1334 3919 1390 3972 in
1414 3933 1480 3971 ea
1504 3918 1735 3987 regione
1759 3918 2053 3988 quoddam

349 4026 628 4080 magnum
664 4024 1002 4074 concavum,
1041 4007 1096 4060 in
1141 4024 1254 4077 quo
1289 4007 1455 4060 multi
1497 4017 1894 4062 remanserant
1927 4023 2054 4062 cro-

345 4100 540 4168 codili,
591 4115 722 4154 cum
765 4115 913 4168 aqua
955 4098 1298 4152 recessisset
1336 4113 1404 4150 ex
1445 4096 1619 4165 agris.
1667 4097 1876 4151 Tribus
1917 4113 2050 4167 ergo

342 4189 646 4243 crocodilis
680 4189 737 4242 in
771 4189 1033 4256 margine
1071 4189 1238 4240 fossa
1269 4184 1541 4248 extensis,
1575 4185 1932 4238 accessimus
1962 4185 2046 4238 vi-

341 4279 462 4332 suri
504 4276 747 4342 belluas,
781 4283 1054 4346 putantes
1085 4292 1178 4331 eas
1228 4290 1356 4328 esse
1396 4279 1680 4338 mortuas,
1715 4272 1826 4326 illae
1858 4281 2046 4328 autem

338 4367 538 4420 statim
576 4367 633 4418 in
677 4382 783 4419 nos
832 4366 1146 4420 irruerunt.
1192 4366 1367 4419 Nobis
1417 4371 1603 4418 autem
1657 4380 1864 4436 magna
1911 4381 2046 4419 voce

337 4455 651 4510 Dominum
686 4454 1148 4519 nominantibus,
1181 4453 1425 4518 Christe,
1450 4453 1656 4522 adjuva
1681 4469 1807 4520 nos,
1842 4454 2042 4507 statim

333 4544 540 4601 bellum
578 4549 860 4613 tanquam
893 4543 964 4597 ab
996 4543 1201 4612 angelo
1235 4558 1468 4608 aversis,
1495 4544 1718 4613 seipsas
1745 4543 1800 4596 in
1834 4559 2044 4612 aquam

335 4641 474 4691 sunt
503 4635 790 4706 jaculatzs.
826 4633 940 4688 Nos
973 4638 1167 4688 autem
1201 4632 1429 4687 Nitreas
1462 4648 1665 4704 magno
1698 4649 1872 4687 cursu
1905 4649 2042 4686 con-

330 4727 648 4790 tendimus,
700 4725 863 4779 illam
915 4740 1110 4778 vocem
1160 4724 1267 4776 Job
1321 4721 1692 4788 meditantes,
1728 4723 1826 4777 ubi
1859 4723 2038 4777 dicit:

331 4815 557 4883 Septies
588 4830 656 4868 ex
689 4813 1141 4869 necessitatibus
1185 4811 1454 4865 liberabit
1496 4817 1587 4877 te;
1621 4811 1680 4864 in
1713 4818 1913 4866 octavo
1947 4829 2045 4866 au—

329 4908 447 4957 tem
479 4908 530 4956 te
565 4919 680 4957 non
712 4904 952 4973 attinget
987 4901 1205 4957 malum
1228 4900 1368 4971 (Job.
1403 4903 1477 4968 v).
1512 4900 1626 4954 Deo
1649 4916 1783 4971 ergo
1815 4902 2043 4972 agimus

330 4992 549 5066 gratias
595 4993 693 5060 qui
740 5009 845 5046 nos
889 5009 955 5047 ex
1006 4997 1087 5045 tot
1119 4989 1388 5044 liberavit
1445 4988 1718 5059 periculis
1767 4997 1820 5044 et
1875 4991 2042 5047 nobis

330 5098 541 5154 magna
570 5081 825 5136 ostendit
849 5079 1195 5152 spectacula.

981 5169 1210 5225 CAPUT
1252 5170 1381 5225 CLI.

560 5267 680 5321 Vita
710 5264 906 5332 fratris
929 5262 1068 5331 (2'20)
1103 5265 1193 5331 qui
1221 5279 1347 5317 cum
1379 5276 1437 5316 eo
1469 5260 1806 5316 versabatur.

399 5357 540 5409 Cum
573 5370 709 5426 ergo
753 5369 933 5425 pauca
965 5352 1159 5405 dixero
1202 5353 1271 5406 de
1304 5354 1499 5418 fratre,
1532 5352 1631 5421 qui
1660 5367 1883 5406 mecum
1917 5368 2036 5406 ver-

326 5449 490 5497 satur
531 5461 564 5498 a
616 5446 919 5512 juventute
967 5457 1153 5511 usque
1199 5441 1257 5493 in
1312 5441 1654 5495 hodiernum
1706 5441 1883 5506 diem,
1944 5441 2038 5495 hic

323 5532 595 5602 deinceps
623 5534 794 5589 finem
831 5536 1133 5605 imponam
1169 5530 1428 5584 orationi.
1474 5532 1620 5585 Eum
1655 5547 1760 5602 ego
1792 5530 2037 5602 cognovi

322 5621 494 5693 longo
517 5627 798 5696 tempore,
831 5639 959 5680 cum
992 5620 1340 5688 comederet,
1370 5620 1529 5674 omni
1561 5620 1706 5690 gulae
1733 5620 2036 5676 affectione

2191 521 2392 587 fuisse,
2419 523 2483 574 ut
2511 517 2629 588 qui,
2656 521 2719 571 ut
2749 517 3018 582 arbitror,
3048 518 3279 574 vicisset
3303 519 3734 586 affectionem,
3765 519 3928 590 longe

2188 616 2479 665 remotum
2519 609 2592 662 ab
2637 606 2893 673 avaritia,
2927 611 3265 663 contentum
3308 624 3539 678 semper
3593 609 3926 680 praesenti-

2187 700 2318 759 bus,
2355 715 2469 753 non
2502 712 2560 752 se
2591 701 2894 751 ornantem
2928 697 3211 762 vestibus,
3235 702 3656 768 contemptum
3698 699 3927 768 gratias

2185 795 2504 860 argentem,
2548 804 2650 858 pro
2681 787 2972 856 germanis
3004 788 3208 841 amicis
3250 787 3511 858 pericula
3569 793 3924 854 adeuntem,

2184 882 2473 936 daemones
2503 884 2798 950 expertum
2834 878 2960 948 plus
2993 894 3168 949 quam
3205 878 3437 947 millies,
3479 880 3637 935 adeo
3683 886 3752 934 ut
3788 899 3925 952 quo-

2182 974 2311 1026 dam
2345 972 2436 1026 die
2485 987 2620 1027 cum
2664 987 2730 1026 eo
2773 971 2998 1025 damon
3046 976 3244 1039 pactus
3285 971 3378 1037 sit,
3423 979 3478 1026 et
3523 971 3922 1027 dixeritzPa-

2182 1063 2400 1117 ciscere
2433 1078 2662 1116 mecum
2711 1069 2760 1115 te
2801 1059 2887 1114 vel
2933 1059 3114 1115 semel
3164 1066 3569 1130 peccaturum,
3619 1067 3696 1117 et
3749 1081 3917 1133 quam

2182 1151 2323 1205 mihi
2365 1152 2420 1205 in
2463 1152 2568 1205 hac
2610 1151 2726 1205 vita
2776 1149 3010 1217 dixeris,
3053 1151 3137 1204 vel
3192 1151 3465 1219 nobilem,
3519 1152 3610 1206 vel
3679 1153 3914 1207 divitem

2179 1256 2307 1296 eam
2339 1242 2409 1296 ad
2444 1245 2498 1294 te
2530 1240 2838 1294 adducam.
2873 1239 2939 1292 Et
2973 1255 3180 1293 rursus
3224 1255 3353 1293 cum
3397 1240 3748 1312 aliquando
3783 1259 3920 1312 qua-

2177 1329 2497 1384 tuordecim
2567 1333 2763 1383 noctes
2820 1343 2952 1381 cum
3009 1344 3074 1381 eo
3144 1328 3557 1399 depugnasset,
3628 1337 3704 1384 ut
3783 1332 3916 1384 mihi

2179 1422 2454 1486 narravit,
2489 1424 2543 1472 et
2576 1425 2750 1473 noctu
2801 1417 2942 1488 pede
2987 1419 3282 1486 traxisset,
3322 1420 3518 1488 ipsum
3563 1426 3664 1475 est
3704 1421 3918 1476 allocu-

2176 1514 2293 1577 tus,
2327 1511 2566 1565 dicens:
2619 1508 2748 1563 Noli
2801 1509 3042 1563 adorare
3085 1509 3404 1572 Christum,
3458 1515 3516 1564 et
3579 1512 3660 1564 ad
3703 1521 3761 1565 le
3811 1529 3917 1566 non

2177 1599 2469 1653 accedam.
2506 1600 2558 1653 Is
2598 1598 2975 1666 respondens,
3004 1597 3185 1651 dixit:
3226 1597 3531 1667 Propterea
3575 1616 3730 1654 eum
3781 1599 3918 1654 ado-
3998 1597 3999 1660 ἓ

2175 1705 2260 1752 ro,
2293 1692 2350 1742 et
2376 1685 2908 1741 innumerabilibus
2937 1686 3191 1756 amplius
3233 1688 3498 1755 partibus
3525 1688 3910 1758 glorificabo,

2176 1783 2234 1832 et
2264 1779 2480 1848 saepius
2510 1778 2706 1842 orabo,
2732 1769 3161 1847 quoniam‘ejus
3192 1777 3386 1832 cultus
3421 1784 3474 1833 te
3512 1781 3677 1835 male
3714 1783 3910 1837 habet.

2176 1866 2239 1920 In
2272 1872 2504 1921 centum
2539 1876 2591 1920 et
2622 1881 2720 1921 sex
2767 1865 2916 1920 venit
2967 1865 3244 1933 civitates,
3289 1870 3344 1920 et
3392 1867 3448 1920 in
3502 1868 3802 1937 plurimis
3836 1878 3912 1924 est

2177 1956 2348 2012 etiam
2383 1957 2576 2026 aliquo
2611 1960 2871 2026 tempore
2900 1960 3183 2010 versatus.
3230 1955 3489 2012 Mulieris
3527 1959 3772 2014 nullam
3813 1960 3911 2013 ba-

2176 2045 2303 2098 buit
2346 2044 2781 2115 experientiam,
2824 2060 2895 2099 ne
2925 2043 2982 2097 in
3016 2045 3240 2099 somnis
3281 2046 3540 2115 quidem,
3593 2049 3722 2102 nisi
3770 2050 3906 2104 sise

2177 2133 2490 2188 somniaret
2534 2151 2566 2186 a
2607 2133 2866 2187 daemone
2924 2133 3320 2188 fornicationis
3372 2137 3742 2206 oppugnari.
3800 2139 3906 2192 Ter

2176 2239 2306 2277 eum
2356 2223 2484 2276 novi
2529 2223 2675 2277 cibis
2723 2222 3080 2292 indigentem
3131 2222 3427 2279 esculenta
3478 2229 3791 2296 accepisse
3831 2230 3899 2282 ab

2173 2313 2402 2383 angelo.
2435 2314 2694 2376 Quodam
2733 2312 2826 2366 die
2871 2328 3002 2366 cum
3050 2312 3106 2366 in
3157 2319 3409 2367 extrema
3449 2315 3779 2372 solitudine
3833 2334 3896 2371 ne

2175 2403 2380 2456 micam
2432 2402 2669 2471 quidem
2719 2401 2976 2470 haberet,
3025 2402 3246 2456 invenit
3279 2404 3336 2457 in
3389 2404 3538 2474 pelle
3569 2408 3746 2462 ovina
3784 2417 3893 2462 tres

2175 2509 2354 2562 panes
2388 2491 2602 2545 calidos
2650 2490 3036 2560 paxamidios;
3092 2491 3408 2562 aliquando
3452 2511 3650 2549 rursus
3679 2499 3890 2551 vinum

2173 2585 2229 2634 et
2273 2596 2519 2650 panem;
2579 2580 2891 2650 aliquando
2952 2597 3155 2634 rursus
3214 2581 3371 2637 venit
3427 2584 3492 2637 ad
3550 2600 3692 2638 eum
3752 2603 3882 2650 vox,

2173 2669 2411 2723 dicens:
2445 2668 2584 2723 Novi
2621 2668 2723 2722 tibi
2755 2668 2956 2723 deesse
2978 2669 3171 2738 cibos;
3206 2672 3347 2726 vade
3390 2677 3446 2726 et
3476 2673 3666 2742 accipe
3701 2675 3774 2728 ab
3811 2676 3878 2729 Ν.

2170 2756 2270 2810 illo
2305 2757 2535 2811 homine
2569 2758 2922 2812 frumentum
2955 2768 3006 2812 et
3031 2758 3244 2813 oleum.
3279 2760 3421 2815 Cum
3450 2777 3581 2833 ergo
3622 2764 3881 2819 venisset

2172 2847 2242 2900 ad
2279 2846 2443 2900 illum
2477 2847 2546 2900 ad
2582 2863 2756 2916 quem
2793 2847 3008 2900 missus
3037 2849 3236 2918 fuerat,
3269 2849 3318 2904 is
3353 2850 3458 2919 ipsi
3492 2853 3668 2906 dixit:
3704 2853 3790 2909 Tu
3824 2871 3877 2909 es

2171 2935 2266 2990 ille
2318 2935 2689 2990 monachus?
2732 2938 2877 2990 Tum
2928 2935 3061 2991 ille:
3101 2937 3206 3005 lta,
3238 2954 3367 2993 sum
3401 2940 3449 2995 is
3483 2957 3660 3010 quem
3715 2945 3870 2999 dicis.

2171 3026 2432 3095 Subjecit
2462 3025 2639 3080 alter:
2676 3025 3097 3080 Paterfamilias
3134 3028 3310 3094 jussit
3347 3030 3585 3095 quidem
3641 3037 3697 3086 te
3728 3035 3870 3088 acci-

2171 3131 2302 3186 pere
2336 3115 2575 3185 triginta
2608 3115 2834 3169 modios
2854 3116 3148 3182 frumenti,
3172 3125 3224 3171 et
3255 3119 3561 3173 duodecim
3599 3125 3873 3179 sextarios

2169 3203 2299 3259 olei.
2333 3203 2410 3258 De
2436 3220 2498 3258 eo
2533 3209 2727 3273 potero
2751 3203 2985 3274 gloriari
3019 3221 3085 3258 ac
3118 3206 3425 3276 praedicare
3458 3211 3652 3278 qualis
3687 3220 3871 3278 esset;

2170 3310 2341 3363 quem
2371 3293 2498 3346 novi
2531 3310 2681 3364 saepe
2712 3309 2840 3348 esse
2873 3295 3253 3363 lacrymatum
3291 3305 3527 3368 propter
3549 3315 3654 3355 eos
3683 3305 3784 3372 qui
3817 3321 3879 3358 ex

2169 3384 2512 3437 necessitate
2540 3382 2880 3437 laborabant
2911 3384 3104 3454 inopia
3132 3400 3144 3450 ;
3183 3387 3473 3454 praebebat
3504 3406 3640 3459 ergo
3673 3393 3724 3445 si
3749 3394 3881 3459 quid

2170 3472 2441 3536 habebat,
2475 3489 2580 3527 suo
2613 3489 2848 3542 corpore
2880 3481 3136 3544 excepto.
3183 3475 3324 3529 Novi
3367 3481 3539 3534 etiam
3589 3498 3724 3536 eum
3763 3501 3882 3539 esse

2168 3561 2550 3632 lacrymatuin
2578 3571 2808 3632 propter
2837 3579 2968 3616 eum
3003 3563 3101 3633 qui
3137 3565 3499 3622 cecideratin
3534 3578 3796 3641 peccata,
3832 3579 3884 3629 et

2167 3668 2298 3706 eum
2333 3653 2430 3721 qui
2470 3653 2755 3707 ceciderat
2786 3653 3090 3707 adduxisse
3140 3653 3408 3725 lacrymis
3455 3661 3522 3711 ad
3589 3663 3880 3730 ptBniten—

2167 3739 2326 3792 liam.
2357 3739 2411 3792 Is
2447 3739 2583 3792 mibi
2617 3738 2928 3810 aliquando
2962 3740 3070 3794 hoc
3113 3744 3408 3799 narravit:
3446 3747 3622 3802 Deum
3659 3754 3878 3821 rogavi,

2165 3834 2228 3882 ut
2261 3829 2550 3883 neminem
2576 3835 3006 3901 compungeret,
3037 3835 3285 3887 maxime
3307 3850 3374 3888 ex
3397 3837 3677 3893 divitibus
3702 3815 3757 3894 et
3783 3815 3880 3895 im-

2164 3918 2382 3989 probis,
2417 3925 2479 3972 ut
2518 3918 2660 3972 mihi
2715 3919 2932 3990 aliquid
2986 3919 3192 3977 darent
3224 3927 3375 3994 quod
3408 3932 3563 3980 esset
3595 3931 3662 3981 ad
3704 3947 3873 3985 usum

2162 4022 2574 4061 necessarium.

2233 4096 2371 4149 Mihi
2406 4102 2596 4150 autem
2634 4096 2740 4151 hoc
2773 4097 3011 4161 sufficit,
3037 4100 3191 4168 quod
3237 4100 3446 4171 dignus
3470 4104 3578 4159 sim
3613 4106 3871 4170 habitus,

2161 4188 2252 4257 qui
2285 4187 2492 4240 horum
2527 4186 2787 4241 omnium
2839 4187 3228 4245 meminissem
3269 4207 3391 4260 quae
3424 4195 3658 4264 scriptis
3696 4214 3873 4255 man-

2161 4276 2312 4330 davi.
2344 4277 2464 4329 Non
2500 4278 2652 4330 enim
2688 4277 2812 4330 sine
2843 4275 2943 4330 Dei
2978 4281 3220 4335 numine
3264 4281 3367 4335 hoc
3401 4282 3615 4338 factum
3653 4293 3764 4352 est,
3813 4295 3874 4342 ut

2159 4379 2324 4417 mens
2357 4369 2456 4416 tua
2482 4368 2800 4417 moveretur
2831 4369 2894 4416 ut
2919 4365 3149 4432 juberes
3175 4384 3261 4421 me
3283 4367 3435 4422 hunc
3465 4369 3680 4425 librum
3719 4376 3873 4428 scri-

2155 4451 2306 4516 bere,
2342 4451 2595 4520 scriptis,
2632 4451 2893 4522 inquam,
2929 4454 3153 4509 tradere
3183 4454 3346 4508 vitam
3379 4454 3584 4509 borum
3619 4468 3876 4517 sancto-

2077 4527 2122 4590 D
2156 4558 2279 4595 rum
2313 4547 2368 4594 et
2400 4540 2694 4595 beatorum
2727 4542 2988 4598 Patrum.

2226 4631 2310 4684 Tu
2346 4635 2562 4695 autem,
2597 4629 2938 4685 fidelissime
2987 4631 3196 4687 Christi
3224 4647 3378 4686 serve
3421 4649 3485 4687 ac
3533 4641 3862 4693 venerande

2158 4720 2351 4786 Lause,
2386 4723 2441 4773 et
2470 4724 2644 4789 caput
2677 4719 2817 4774 mihi
2842 4721 3262 4777 amicissimum
3288 4727 3343 4777 et
3365 4725 3620 4780 maxime
3643 4743 3848 4797 germa-

2156 4827 2320 4876 num,
2353 4809 2740 4865 hunclibrum
2775 4810 3022 4867 libenter
3053 4813 3275 4884 legens,
3308 4831 3580 4886 magnam
3615 4821 3727 4872 tua:
3752 4819 3847 4871 im-

2155 4900 2380 4953 mortali
2415 4901 2620 4954 animae
2656 4901 2938 4970 praebebis
2972 4902 3304 4970 utilitatem,
3340 4906 3396 4957 in
3427 4905 3719 4973 justorum
3777 4924 3857 4962 re-

2155 4990 2534 5056 surrectione,
2567 4989 2912 5060 inclytorum
2949 4997 3116 5045 recte
3152 4993 3278 5046 vitae
3302 4993 3657 5049 athletarum
3691 4996 3856 5050 insti-

2154 5084 2298 5142 tuta,
2331 5076 2580 5140 labores,
2616 5083 2671 5130 et
2702 5082 2924 5132 tantam
2958 5079 3355 5147 tolerantiam,
3382 5081 3621 5152 vitasque
3644 5084 3864 5140 duriter

2153 5173 2293 5223 actas
2328 5166 2664 5250 patientiam
2702 5173 2893 5222 mente
2925 5169 3340 5239 complectens.
3377 5174 3768 5236 Quamobrem
3802 5192 3862 5229 ea

2152 5262 2420 5328 prompto
2449 5259 2505 5310 et
2543 5256 2717 5310 alacri
2750 5257 2945 5311 animo
2973 5273 3239 5328 sequere,
3273 5261 3425 5316 bona
3443 5267 3498 5316 et
3527 5263 3863 5337 incorrupta

2151 5363 2254 5418 spe
2286 5345 2561 5414 nutritus,
2596 5362 2823 5416 semper
2855 5354 3005 5402 retro
3037 5348 3236 5405 videns
3269 5349 3392 5404 dies
3425 5351 3526 5423 qui
3558 5358 3697 5407 ante
3729 5363 3861 5409 sunt

2149 5438 2478 5504 breviores;
2523 5440 2578 5490 et
2598 5452 2698 5490 ora
2739 5453 2840 5507 pro
2885 5453 2995 5506 me,
3039 5441 3286 5509 teipsum
3330 5458 3684 5499 conservans
3729 5447 3862 5500 alie-

2150 5544 2292 5584 num
2345 5544 2377 5581 a
2409 5525 2857 5597 reprehensione
2898 5532 2954 5582 et
3007 5532 3304 5587 custodies
3347 5532 3646 5604 integrum
3686 5554 3698 5590 :
3736 5555 3859 5608 qua-

2150 5619 2262 5675 lem
2296 5623 2350 5674 te
2383 5617 2509 5672 novi
2542 5622 2598 5671 et
2645 5617 2845 5691 habui,
2879 5637 2911 5674 a
2945 5622 3252 5678 consulata
3292 5624 3524 5680 Tatiani
3568 5641 3756 5697 usque
3810 5629 3858 5681 in
