4074 6278
290 249 447 312 1257

1641 247 2011 313 HISTORIA
2052 254 2471 319 LAUSIACA.

3659 262 3815 320 1258

292 385 414 438 Ἐἆν
472 384 571 459 γὰρ
631 382 868 458 ἀκούσῃς
927 382 1145 461 νύμφην
1204 380 1294 437 καὶ
1368 383 1628 462 νυμφίον,
1685 382 1783 451 τὴν
1842 402 1998 437 πνευ-
2032 388 2086 455 Α
2121 389 2428 461 μασάντων,
2486 393 2681 466 Χριστέ
2742 392 2930 464 βοήθει
2988 389 3145 454 εὐθὺς
3200 393 3253 447 οἱ
3301 395 3458 467 θῆρες
3502 390 3683 464 ὥσπερ
3717 393 3817 447 ὑπὸ

296 475 529 546 ματικήν
557 471 749 528 ἕνωσιν
775 474 875 541 τήν
914 474 1049 546 πρὸς
1083 472 1296 545 Πατέρα
1338 472 1608 544 σημαίνει.

366 560 598 635 Ε’ίδομεν
631 560 687 617 δὲ
717 563 808 617 καὶ
850 561 1059 624 ἄλλους
1105 560 1343 635 Πατέρας
1394 562 1483 615 καὶ
1546 563 1825 637 μοναχοὺς
1869 562 2003 617 κατὰ

287 657 462 706 πᾶσαν
520 654 618 721 τὴν
680 652 978 726 Αἴγυπτον,
1046 649 1265 712 πολλάς
1325 647 1577 723 δυνάμεις
1634 652 1722 706 καὶ
1802 656 2005 723 σημεῖα

287 741 676 803 ἐπιτελοῦντας
718 762 731 775 ·
788 742 861 795 ὧν
918 739 1008 795 διά
1054 741 1116 795 τὸ
1180 739 1395 809 πλῆθος
1442 741 1546 795 οὐκ
1592 740 2005 813 ἐμνημονεύσα-

293 852 390 903 μεν
424 850 436 864 ⁸
479 830 628 886 ἀλλά
680 831 847 907 ὀλίγα
878 831 993 885 ἀντὶ
1051 828 1277 884 πολλῶν
1340 828 1748 906 διηγησάμεθα.
1782 830 1841 885 Τί
1899 831 2003 903 γὰρ

284 918 347 974 όίν
399 942 481 981 τις
542 918 685 974 εἷ’ποι
746 920 870 995 περὶ
926 922 1026 987 τῆς
1086 919 1361 993 ἀνωτέρας
1420 917 1693 989 Θηϐαίτος
1742 928 1841 989 τῆς
1872 920 2005 974 κατὰ

289 1012 535 1080 Συήνην,
599 1010 651 1064 ἐν
711 1012 747 1083 ᾖ
826 1011 1270 1083 θαυμασιώτατοι
1343 1006 1532 1083 ἄνδρες
1625 1010 2005 1083 τυγχάνουσιν,

282 1100 377 1155 καὶ
436 1098 651 1168 πλῆθος
715 1103 975 1174 μοναχῶν
1038 1101 1311 1173 ἄπειρον;
1374 1100 1447 1153 ὧν
1509 1101 1612 1154 οὐκ
1666 1099 1730 1153 ἅν
1788 1120 1872 1161 τις
1922 1121 2009 1154 πι-

289 1188 558 1243 στεύσειεν
632 1194 751 1253 ταῖς
816 1188 1145 1259 πολιτείαις,
1221 1189 1361 1265 ὑπὲρ
1448 1188 1793 1262 ἀνθρωπίνην
1864 1190 2008 1258 ζωὴν

288 1278 671 1356 ὑπαρχούσαις
712 1296 725 1309 ·
780 1279 837 1332 οἳ
884 1279 974 1332 καὶ
1025 1280 1247 1353 νεκροὺς
1300 1280 1462 1353 μέχρι
1508 1285 1608 1348 τῆς
1641 1281 1881 1354 σήμερον
1914 1278 2007 1332 ἀν-

294 1374 539 1436 ιστῶσιν,
588 1369 676 1422 καὶ
724 1372 834 1423 τῶν
884 1366 1096 1423 ὑδάτων
1156 1363 1524 1423 ἐπιϐαίνουσιν
1585 1369 1764 1443 ὥσπερ
1823 1370 1851 1422 ὁ
1911 1369 2008 1423 Πέ-

288 1477 442 1531 τρος,
474 1460 564 1512 καὶ
595 1463 698 1511 πᾶν
732 1457 838 1512 ὅτι
875 1456 934 1512 ἂν
983 1460 1011 1513 ὁ
1071 1460 1267 1531 Σωτὴρ
1326 1456 1415 1512 διὰ
1471 1464 1581 1513 τῶν
1640 1457 1811 1534 ἁγίων
1871 1458 2010 1534 ἀποτ

292 1546 506 1601 στόλων
558 1546 891 1614 επετέλεσεν,
962 1552 1130 1602 ταῦτα
1204 1550 1295 1602 καὶ
1371 1552 1462 1601 νῦν
1532 1546 1790 1607 διατελεῖ.
1850 1530 2010 1604 Ἀλλ’

291 1633 481 1703 ἐπειδή
540 1634 785 1698 κίνδυνος
843 1638 910 1705 ἦν
971 1636 1023 1691 ἐν
1080 1639 1217 1710 ἡμῖν
1267 1638 1540 1711 μέγιστος,
1568 1635 1873 1712 περαιτέρω
1911 1643 2011 1706 τῆς

2110 478 2350 551 ἀγγέλου
2399 479 2847 555 ἀποστραφέντες,
2901 480 3128 542 ἑαυτοὺς
3183 480 3257 542 εἷς
3329 481 3390 534 τὸ
3448 478 3595 551 ὕδωρ
3650 480 3817 547 ἠκόν-

2110 588 2261 622 τισαν
2299 589 2312 600 ·
2346 570 2509 640 ἡμεῖς
2562 568 2618 623 δὲ
2677 566 2869 641 δρόμῳ
2930 575 3115 643 συχνῷ
3160 569 3246 625 ἐπὶ
3303 570 3398 633 τας
3444 569 3664 643 Νιτρίας
3723 569 3819 622 ἀπ-

2112 654 2479 729 εληλύθαμεν,
2537 659 2637 727 τήν
2698 662 2795 712 τυῦ
2855 653 2980 714 Ἰὼϐ
3040 660 3220 733 φωνὴν
3292 656 3646 731 μελετῶντες,
3700 656 3819 711 ἔνθα

2111 745 2273 822 φησίν
2324 764 2338 778 ⁸
2399 748 2656 806 Ἐπτάκις
2736 745 2787 817 ἐξ
2848 748 3090 820 ἀναγκῶν
3167 747 3422 817 ἐξελεῖται
3497 767 3574 812 σε,
3652 746 3700 799 ἐν
3762 742 3819 799 δὲ

2112 832 2295 907 ὀγδόῳ
2364 836 2427 889 οὐ
2509 838 2583 907 μή
2654 834 2855 909 ἅψηταί
2935 856 3030 888 σου
3106 836 3291 891 κακόν.
3370 837 3815 907 Εὐχαριστοῦμεν

2113 920 2205 974 οὖν
2264 926 2343 992 τῷ
2402 926 2516 993 Θεῷ
2576 926 2656 992 τῷ
2706 922 2765 976 ἐκ
2824 923 3099 976 τοσούτων
3150 925 3298 994 ἡμᾶς
3343 920 3602 975 κινδύνων
3660 921 3820 997 ῥυσα-

2116 1008 2281 1083 μένῳ,
2311 1010 2401 1065 καὶ
2439 1009 2678 1083 μεγάλας
2706 1011 2934 1084 θεωρίας
2962 1014 3100 1084 ἡμῖν
3134 1009 3479 1080 ἐπιδείξανσι.

2734 1109 2988 1157 ΚΕΦΛΛ.
3038 1103 3210 1158 ΡΝΑ’.

2470 1193 2601 1264 Περί
2640 1197 2735 1245 τοῦ
2768 1191 3018 1252 συνόντος
3051 1212 3143 1263 μοι
3198 1188 3457 1266 ἀδελφοῦ.

2186 1278 2381 1356 Ὀλίγα
2431 1280 2612 1334 τοίνυν
2669 1280 2791 1353 περὶ
2840 1285 2936 1335 τοῦ
2986 1282 3237 1342 συνόντος
3272 1301 3363 1353 μοι
3422 1276 3662 1354 ἀδελφου
3712 1277 3817 1330 ἀπὸ

2111 1370 2365 1437 νεότητος
2430 1366 2535 1431 ἕως
2591 1374 2691 1434 τῆς
2746 1371 2989 1442 σήμερον
3048 1370 3283 1444 εἰρηκὼς
3342 1360 3567 1423 ἐνταῦθα
3622 1366 3815 1422 λοιπὸν

2112 1458 2443 1514 καταπαύσω
2488 1460 2580 1514 τὸν
2642 1459 2823 1536 λόγον.
2856 1464 3060 1515 Τοῦτον
3116 1460 3225 1535 ἐγὼ
3264 1453 3431 1533 ἔγνων
3479 1453 3721 1531 ἀκριϐῶς
3762 1456 3822 1510 ἐκ

2118 1554 2341 1625 μακφῶν
2381 1554 2489 1605 τῶν
2542 1550 2755 1624 χρόνων
2804 1550 2903 1618 τήν
2952 1551 3172 1625 ἆρίσεην
3215 1547 3495 1603 πολιτείαν
3548 1546 3821 1620 κατορθώ-

2115 1660 2300 1701 σαντα,
2378 1638 2469 1693 καὶ
2548 1640 2735 1693 παθῶν
2830 1644 3248 1713 κατακρατοῦντ.
3330 1637 3429 1693 Καὶ
3506 1634 3628 1691 οἶδα
3714 1632 3820 1709 ἐγὼ

294 1731 455 1780 Λυκῶ
513 1724 782 1796 ἀνελθεῖν,
845 1724 932 1781 διὰ
972 1729 1071 1794 τήν
1120 1732 1228 1782 τῶν
1314 1726 1533 1801 λῃστῶν
1610 1724 1825 1803 ἔφοδον,
1907 1727 2301 1809 ούκΒτοῦτον
2344 1723 2603 1800 ἀκριϐῶς,
2664 1728 2741 1798 μὴ
2801 1727 3034 1803 φανόντα
3089 1728 3269 1794 παθει,
3340 1729 3415 1797 μὴ
3492 1725 3821 1799 προσπαθῶς

289 1814 678 1888 ἐτολμήσαμεν
738 1818 868 1877 τοὺς
928 1817 1115 1891 ἁγίους
1187 1816 1418 1878 ἐκείνους
1501 1815 1656 1872 ἰδεῖν.
1712 1814 1848 1871 Οὐδὲ
1901 1818 2003 1891 γὰρ

287 1904 417 1969 τοὺς
493 1905 867 1979 πορῥηθεντας
934 1908 1176 1981 Πατέρας
1240 1904 1540 1967 ἀκινδύνως
1614 1904 1827 1978 ἴδομεν,
1888 1903 2003 1960 οὐδ’

290 1996 503 2055 ἀπόνως
557 1992 681 2049 οὐδὲ
730 1994 936 2067 ἀκμητὶ
1000 1996 1096 2057 τάς
1153 1996 1303 2068 ἱεράς
1363 1994 1560 2057 ταύτας
1645 1996 1999 2070 ἑωράκαμεν*

290 2080 440 2136 ἀλλά
490 2079 676 2136 πολλὰ
722 2083 1120 2155 προπαθόντες,
1150 2083 1239 2139 καὶ
1301 2088 1499 2156 μικροῦ
1554 2081 1663 2138 δεῖν
1726 2082 2002 2139 κινδυνεύ-

291 2192 498 2239 σαντες,
537 2173 700 2248 μόγις
756 2174 1174 2245 κατηξιώθημεν
1230 2177 1398 2228 ταῦτα
1452 2174 1760 2233 θεάσασθαι.
1799 2169 1999 2229 ’Ἑϐδο-

300 2279 403 2331 μον
461 2260 570 2332 γάρ
625 2258 837 2330 θανάτῳ
892 2262 1308 2334 περιεπέσαμεν,
1342 2260 1393 2315 ἐν
1455 2260 1512 2315 δὲ
1538 2266 1619 2332 τῷ
1669 2259 1846 2335 ὀγδόῳ
1890 2261 2002 2336 οὐχ

299 2348 481 2420 ἥψατο
530 2348 693 2420 ἡμῶν
751 2347 939 2415 κακὸν,
968 2352 1066 2402 τοῦ
1124 2353 1256 2402 Θεοῦ
1312 2349 1543 2403 πάντοτε
1600 2352 1747 2421 ἡμᾶς
1801 2348 2003 2405 διασώ-

286 2457 498 2500 σαντος.
556 2438 731 2507 ’Ἁπαξ
794 2438 888 2510 μὲν
944 2437 1048 2513 γὰρ
1106 2436 1260 2511 λιμῷ
1311 2437 1399 2492 καὶ
1460 2435 1602 2512 δίψει
1650 2439 1805 2494 πέντε
1833 2440 1999 2513 νυχθ-

286 2528 469 2596 ἠμερα
528 2523 616 2579 διὰ
674 2532 774 2595 τῆς
834 2526 1045 2600 ἐρήμου
1099 2529 1589 2600 περιπατήσαντες,
1644 2533 1842 2601 μικροῦ
1887 2526 1997 2581 δεῖν

289 2611 808 2687 ἐλιποψυχήσαμεν.
855 2611 1096 2669 Ἀλλοτε
1132 2612 1189 2669 δὲ
1241 2614 1382 2685 ὀξέσι
1441 2614 1532 2669 καὶ
1586 2616 1817 2690 παχέσιν
1874 2612 1997 2670 ἕλε-

285 2723 365 2757 σιν
427 2702 774 2775 ἐμπεσόντες,
833 2704 921 2757 καὶ
982 2702 1110 2763 τοὺς
1167 2702 1338 2767 πόδας
1392 2705 1593 2760 ἑαυτῶν
1673 2702 1998 2781 διατρήσαν-

283 2810 394 2859 τες,
453 2791 528 2853 ὡς
588 2790 953 2853 ἀνυποίστους
1003 2793 1243 2867 γενέσθαι
1336 2794 1432 2855 τὰς
1519 2792 1850 2869 ἀλγηδόνας,
1914 2816 2000 2866 μι-

282 2884 416 2954 κροῦ
476 2877 582 2934 δεῖν
640 2879 1005 2953 ἄπεψύξαμεν.
1064 2882 1254 2953 Τρίτον
1316 2880 1392 2950 δὲ,
1476 2879 1767 2958 βορϐὸροις
1851 2883 1999 2939 ἐνεπ-

285 2972 499 3045 άγημεν
531 2965 693 3042 ἄχρις
723 2968 951 3047 ὀσφύος,
979 2970 1069 3023 καὶ
1114 2970 1213 3025 ούκ
1241 2971 1310 3039 ἧν
1342 2972 1370 3025 6
1421 2972 1682 3045 ῥυόμενος
1708 2990 1722 3005 ο
1784 2975 1872 3026 καὶ
1902 2973 1996 3035 τὰς

282 3062 380 3112 τοῦ
442 3056 709 3132 μακαρίου
760 3054 926 3112 Δαϐἰδ
981 3054 1294 3132 ἀνεϐοῶμεν
1354 3062 1536 3139 φωνάς
1572 3078 1585 3091 ·
1628 3062 1811 3116 Σῶσόν
1846 3083 1933 3136 με,
1968 3063 1995 3117 6

281 3149 434 3214 Θεὸς,
520 3146 601 3200 ὅτι
686 3145 1016 3216 εἷσήλθοσαν
1100 3146 1271 3203 ’ὑδατα
1346 3148 1450 3211 ἓως
1527 3153 1717 3228 ψυχῆς
1808 3172 1912 3224 μου
1978 3171 1991 3184 ·

284 3236 552 3312 ἐνεπάγην
610 3237 688 3297 εἰς
749 3235 867 3291 ἰλὺν
932 3236 1122 3311 βυθοῦ,
1196 3237 1286 3291 καί
1372 3238 1471 3293 ούκ
1554 3237 1691 3295 ἔστιν
1766 3240 1996 3296 ὑπόσεαο

286 3346 387 3386 σις.
450 3324 552 3380 Καί
588 3342 601 3356 ⁸
665 3324 853 3379 Σῶσόν
910 3345 976 3397 με
1025 3326 1131 3379 ἀπὸ
1191 3324 1401 3396 πηλοῦ,
1457 3326 1548 3382 ’ίνα
1610 3331 1684 3399 μὴ
1746 3327 1994 3405 ἐμπαγῶ.

282 3412 551 3487 Τέταρτον
608 3414 675 3482 ἦν
711 3414 775 3467 τὸ
823 3418 930 3468 τῶν
979 3411 1186 3468 ὑδάτων
1245 3415 1460 3485 πλῆθος
1518 3416 1765 3493 ἐπιρῥυὲν
1816 3418 1865 3470 ἐν
1894 3425 1995 3487 τῆς

283 3508 380 3557 τοῦ
436 3503 639 3559 Νείλου
718 3503 1014 3576 αὐξήσεως,
1064 3504 1151 3559 ἐπὶ
1197 3512 1344 3581 τρεῖς
1392 3508 1602 3581 ἡμέρας
1661 3506 1731 3562 δι’
1791 3505 1995 3563 ὑδάτων

284 3592 677 3666 πορευόμενοι,
736 3595 827 3647 καὶ
874 3592 929 3649 ἐν
983 3600 1102 3658 τοῖς
1149 3596 1399 3669 στομίοις
1449 3601 1646 3671 μικροῦ
1696 3596 1806 3653 δεῖν
1837 3620 1996 3654 κατα-

284 3681 613 3738 κλυσθεῖσιν.
672 3682 803 3739 Τότε
860 3679 1104 3758 ἐϐοῶμεν
1153 3683 1409 3760 λέγοντες
1444 3704 1457 3717 ·
1517 3690 1607 3758 Μή
1691 3709 1756 3761 με
1827 3710 1995 3744 κατα-

283 3774 592 3827 ποντισάτω
672 3774 920 3847 καταιγὶς
1030 3770 1225 3838 ὕδατος
1311 3773 1451 3847 μηδὲ
1533 3776 1841 3832 καταπιέτω
1928 3800 1994 3850 με

293 3862 476 3935 βυθός.
558 3861 813 3932 Πέμπτον
905 3858 982 3931 δὲ,
1060 3860 1289 3937 λῃσταῖς
1376 3865 1766 3938 περιεπέσαμεν
1859 3868 1994 3922 κατᾶ

282 3953 381 4019 τήν
429 3948 719 4004 θαλασσίαν
780 3948 949 4024 ὄχθαν
1007 3952 1095 4005 ἐπὶ
1151 3954 1250 4020 τήν
1318 3952 1545 4008 Δίολκον
1615 3954 1991 4028 ἀφικόμενοι·

287 4038 337 4094 οἳ
370 4037 501 4117 ἄχρι
550 4040 819 4093 τοσούτου
873 4042 1019 4112 ἡμᾶς
1078 4041 1407 4113 κατεδίωξαν
1462 4040 1791 4099 καταλαϐεῖν
1862 4046 1992 4120 βουο

287 4130 532 4203 λόμενοι,
564 4127 727 4203 ἄχρις
778 4128 840 4183 ἂν
899 4131 997 4199 τὴν
1052 4134 1226 4202 πνοὴν
1294 4135 1454 4206 ἡμῶν
1514 4134 1710 4208 μικράν
1770 4134 1994 4191 ὑπολει-

286 4223 502 4296 φθῆναι,
532 4219 606 4281 ὡς
662 4217 749 4273 ἐπὶ
809 4216 937 4275 δέκα
983 4220 1143 4293 μίλια
1189 4225 1350 4295 ἡμῶν
1394 4221 1758 4299 διωχθέντων.
1793 4228 1989 4281 Ἕκτον

287 4310 362 4382 δὲ,
420 4314 511 4366 τὸν
572 4310 767 4366 Νεῖλον
839 4310 1122 4381 πλέοντες,
1203 4315 1396 4389 μικρὸν
1483 4316 1988 4391 κατεποντίσθημεν

285 4401 761 4476 καταστραφέντες.
793 4395 1069 4474 Ἓϐδομον
1111 4402 1202 4471 ἦν,
1236 4403 1325 4457 ὅτε
1362 4405 1497 4458 κατὰ
1526 4406 1624 4473 τήν
1666 4405 1989 4480 Μαρεώτιδα

2111 1819 2495 1890 νηστεύσαντα,
2556 1838 2870 1887 νικησαντα,
2922 1820 2996 1881 ὡς
3038 1818 3276 1889 νομίζω,
3331 1816 3501 1877 πάθος
3552 1817 3820 1891 φιλαργυ-

2114 1910 2252 1984 ρίας,
2302 1909 2363 1963 τὸ
2416 1907 2672 1963 πλεῖστον
2735 1904 3044 1979 κενοδοξίας
3105 1905 3425 1978 ἐκφυγόντα,
3485 1904 3822 1978 ἀρκούμενον

2110 1996 2193 2050 ἀεὶ
2260 2000 2376 2057 τοῖς
2442 1998 2722 2069 παροῦσιν,
2815 1996 2889 2066 μὴ
2986 1991 3475 2063 καλλωπιζόμενον
3554 1989 3819 2061 ἱματίοις,

2108 2084 2614 2159 καταφρονούμενον
2654 2081 2755 2137 ὑπό
2802 2102 2963 2137 τινων
3003 2080 3038 2150 ἣ
3088 2079 3605 2152 κατευτελιζόμενον
3654 2077 3819 2151 εὐχα-

2112 2179 2311 2249 ριστεῖν
2370 2169 2891 2247 ὑπερκινδυνεύοντα
2937 2171 3175 2244 γνησίων
3236 2168 3434 2246 φίλων,
3486 2172 3677 2241 πεῖραν
3720 2164 3818 2220 λα⁴

2110 2259 2277 2318 ϐόντα
2334 2259 2610 2334 δαιμόνων
2663 2259 2768 2321 ἓως
2829 2258 3098 2333 χιλιάκις,
3137 2259 3226 2313 καὶ
3278 2257 3454 2312 ἐπάνω
3506 2275 3519 2291 ⁸
3582 2256 3657 2317 ὡς
3728 2254 3818 2308 καὶ

2113 2357 2213 2425 μιᾷ
2266 2352 2371 2406 τῶν
2421 2353 2648 2426 ἡμερῶν
2706 2348 2939 2421 δαίμονα
2996 2348 3145 2420 αύτῷ
3197 2344 3673 2421 συντετυχηκέναι,
3724 2343 3815 2397 καὶ

2110 2442 2277 2497 εἰπεῖν
2342 2441 2508 2513 μόνον
2546 2458 2559 2471 ⁸
2622 2440 2828 2494 Σύνθου
2877 2460 2971 2511 μοι
3017 2440 3113 2493 τοῦ
3162 2437 3258 2491 κὰν
3310 2435 3445 2507 ’ἅπαξ
3478 2434 3816 2507 ἀμαρτῆσαι,

2180 2532 2193 2548 κ
2276 2531 2286 2547 ι
2383 2529 2408 2548 ,κ
2558 2529 2569 2547 ι
2859 2527 2871 2543 ς
2948 2531 2971 2541 ..
3084 2525 3097 2543 ,
3210 2524 3220 2543 ρ
3456 2523 3469 2539 ι

2107 2552 2196 2591 και
2254 2534 2319 2598 ἠν
2380 2551 2443 2583 αν
2512 2525 2639 2601 δοξῃ
2696 2548 2779 2581 σοι
2828 2546 2997 2581 ειπειν
3048 2519 3315 2599 ευγενιϐα,
3380 2543 3471 2576 και
3528 2520 3817 2589 πλουσίαν,

2106 2611 2211 2696 ἐγὼ
2260 2639 2347 2673 σοι
2413 2618 2522 2689 ἄξω
2571 2615 2832 2691 εὐχερῶς.
2877 2615 2976 2669 Καὶ
3026 2612 3191 2669 πάλιν
3247 2609 3449 2666 ἄλλοτε
3516 2608 3821 2673 πυκτεύσας

2108 2711 2136 2765 6
2166 2716 2265 2778 τῆς
2301 2706 2623 2783 βλαφημίας
2676 2704 2886 2777 δαίμων
2938 2704 2988 2758 ἐν
3045 2703 3414 2778 νυχθημέροις
3459 2698 3818 2775 δεκατέσσαρ-

2108 2818 2213 2867 σιν,
2281 2798 2354 2859 ὡς
2405 2797 2568 2859 αὑτός
2638 2818 2732 2869 μοι
2802 2792 3071 2870 διηγεῖτο,
3133 2792 3222 2847 καὶ
3301 2791 3353 2847 ἐν
3420 2791 3575 2846 νυκτὶ
3653 2789 3816 2863 σύρας

2104 2891 2299 2941 τοῦτον
2358 2886 2418 2940 ἐκ
2464 2882 2632 2943 ποδὸς
2682 2888 2836 2956 φωνῇ
2883 2879 3130 2955 ἐπάνδρῳ
3181 2878 3531 2954 προσωμίλει
3590 2875 3767 2952 λέγων
3803 2893 3817 2908 ⁸

2106 2977 2195 3044 Μὴ
2265 2974 2555 3049 προσκύνει
2602 2972 2695 3027 τὸν
2756 2972 3007 3045 Χριστὸν,
3075 2971 3161 3023 καὶ
3215 2970 3276 3022 ού
3334 2969 3409 3041 μὴ
3481 2987 3575 3020 σου
3642 2984 3817 3039 προσ-

2107 3062 2328 3139 εγγίσω.
2384 3064 2483 3117 Τὸν
2547 3059 2603 3116 δὲ
2678 3060 3112 3133 ἀποκρινάμενον
3183 3054 3352 3111 εἰπεῖν
3417 3056 3570 3125 αύτῷ
3614 3068 3629 3084 ⁸
3722 3052 3820 3107 Διᾶ

2106 3156 2267 3208 τοῦτο
2335 3149 2393 3205 δὲ
2461 3149 2637 3204 αύτό·
2708 3145 2895 3215 ἐπειδὴ
2967 3146 3029 3200 σὺ
3108 3148 3299 3200 τοῦτον
3393 3140 3618 3215 ἀηδίζῃ,
3703 3139 3814 3217 ἐγὼ

2108 3240 2265 3296 αὐτὸν
2308 3240 2667 3314 προσκυνήσω
2721 3237 2811 3291 καὶ
2862 3233 3090 3305 δοξάσω.
3125 3234 3227 3290 Καὶ
3286 3231 3474 3303 πάλιν,
3532 3252 3600 3285 κα
3682 3228 3819 3282 πολ-

2107 3331 2267 3391 λάκις
2349 3325 2745 3388 πολυπλασίως
2827 3322 3196 3396 δεηθήσομαι,
3267 3321 3355 3376 καί
3447 3318 3551 3381 ἕως
3645 3313 3817 3373 ἔνεστί

2110 3440 2201 3491 μοι
2262 3420 2500 3490 Πνεῦμα,
2561 3419 2752 3471 τοῦτον
2810 3412 3091 3488 ἱκετεύσω,
3150 3408 3238 3465 διὰ
3294 3409 3357 3465 τό
3419 3430 3475 3464 σε
3533 3408 3815 3463 ἐναντιοῦ-

2105 3509 2221 3561 σθαι
2252 3512 2320 3580 τῇ
2368 3511 2465 3561 τοῦ
2497 3509 2635 3560 Θεοῦ
2694 3502 2939 3577 λατρεία.
3000 3501 3219 3558 Ἑκατὸν
3275 3496 3330 3570 ἓξ
3394 3497 3596 3571 ,πόλεις
3638 3498 3818 3566 πατή-

2103 3618 2221 3664 σας,
2252 3596 2303 3652 ἐν
2340 3594 2396 3651 δὲ
2421 3602 2539 3657 ταῖς
2566 3594 2845 3655 πλείσταις
2897 3592 2988 3647 καὶ
3040 3591 3325 3666 χρονίσας,
3366 3590 3644 3665 γυναικὸς,
3692 3590 3809 3642 πεῖ-

2104 3709 2197 3761 ραν
2234 3687 2333 3742 οὑκ
2365 3684 2522 3760 ἔσχεν
2551 3683 2689 3739 ἐλέει
2737 3687 2834 3737 τοῦ
2883 3684 3138 3755 Χριστοῦ,
3174 3679 3297 3736 οὐδὲ
3352 3680 3413 3733 τό
3470 3681 3587 3733 κατ’
3656 3674 3808 3751 ὄναρ,

2100 3778 2245 3845 πλὴν
2282 3780 2379 3830 τοῦ
2420 3773 2668 3845 πολέμου
2708 3776 2805 3826 τοῦ
2872 3771 3008 3825 κατᾶ
3061 3772 3160 3838 τήν
3220 3769 3472 3842 πορνείαν
3519 3765 3803 3839 δαίμονος.

2101 3867 2289 3940 Τρίτον
2337 3869 2528 3919 τοῦτον
2589 3859 2758 3936 ἔγνων
2819 3856 3018 3935 ἔχοντα
3088 3858 3276 3932 χρείαν
3356 3858 3685 3932 βρωμάτων,
3745 3853 3805 3908 ἐκ

2100 3956 2286 4031 χειρὸς
2352 3953 2517 4029 ἁγίων
2588 3951 2837 4027 ἀγγέλων
2904 3945 3277 4003 λαϐόντα.Ἐν
3343 3951 3441 4018 μιᾷ
3495 3949 3603 3999 τῶν
3662 3946 3800 4015 ἠμε-

2103 4052 2207 4123 ρῶν
2276 4043 2509 4119 εὑρεθεὶς
2571 4041 2621 4096 ἐν
2678 4039 2951 4115 ἀκροτάτῃ
3013 4038 3237 4113 ἐρημίᾳ,
3297 4038 3385 4091 καὶ
3446 4032 3576 4109 μηδ’
3653 4035 3800 4095 ’ὀλως

2104 4134 2301 4209 βρῶμά
2360 4154 2411 4186 τι
2456 4131 2757 4206 βαστάζων,
2810 4133 2957 4203 τρεῖς
3016 4129 3210 4203 ἄρτους
3260 4127 3408 4201 εὗρεν
3465 4123 3699 4199 θερμοὺς
3749 4125 3801 4178 ἐν

2097 4222 2165 4296 τῇ
2215 4223 2476 4296 μηλωτῇ.
2524 4219 2763 4277 ’Ἄλλοτε
2815 4217 2981 4273 πάλιν
3046 4214 3351 4289 παξαμίδας
3396 4237 3409 4250 ·
3460 4215 3550 4270 καὶ
3609 4214 3684 4275 είς
3741 4216 3803 4268 τὸ

2096 4312 2301 4387 τρίτον,
2360 4312 2504 4367 οἶνον
2565 4311 2702 4384 μετὰ
2750 4311 2951 4383 ἄρτων.
3015 4309 3221 4383 Ἐγνων
3276 4305 3441 4362 πάλιν
3496 4309 3688 4360 τοῦτον
3723 4303 3804 4358 λι-

2097 4400 2335 4473 πόμενον
2395 4396 2771 4471 ἀναλωμάτων
2854 4396 3081 4450 ἀκοῦσαι
3161 4395 3289 4469 παρ’
3381 4392 3637 4468 ἀγγέλου,
3718 4391 3802 4446 ὅτι

286 4471 646 4561 λίμνην-ἔνθα
679 4489 706 4542 ὁ
738 4471 1267 4566 χάρτηςνγεννᾶται,
1298 4490 1374 4553 εἷς
1418 4471 1592 4557 νῆσόν.
1624 4471 1768 4547 τινα.
1796 4495 1990 4568 μικρὰν
2021 4471 2065 4535 D
2100 4471 2380 4544 Ἀπελθὼν
2433 4482 2568 4541 λάϐε
2624 4484 2769 4557 παρᾶ
2824 4482 2983 4539 τοῦδε
3037 4482 3219 4539 ἔλαιον
3265 4482 3356 4537 καὶ
3413 4488 3558 4536 σῖτον
3619 4486 3675 4534 '0
3747 4477 3804 4533 δὲ

284 4575 663 4651 ἀπεῤῥίφημεν
710 4574 941 4650 ἔρημον,
998 4579 1088 4633 καὶ
1137 4581 1263 4654 τρία
1311 4582 1636 4656 νυχθήμερα
1712 4583 1986 4657 ὑπαίθριοι

286 4663 596 4737 ἐμείναμεν,
646 4667 842 4740 κρύους
901 4669 1147 4744 μεγάλου
1177 4670 1267 4724 καὶ
1325 4666 1549 4746 ὄμϐρων
1600 4675 1736 4744 ἡμῖν
1787 4673 1987 4727 ἐπικει-

290 4751 462 4827 μένων
493 4770 508 4785 ⁸
568 4755 635 4823 ἦν
690 4755 791 4829 γὰρ
844 4756 871 4810 6
922 4760 1109 4832 καιρὸς
1156 4764 1264 4814 τῶν
1318 4762 1669 4839 Ἐπιφανίων.
1704 4763 1790 4819 Ἐν
1825 4760 1882 4817 δὲ
1908 4767 1989 4835 τῷ

287 4841 483 4916 ὀγδόῳ,
546 4843 800 4915 περισσὸν
866 4846 959 4918 μὶν
1020 4847 1131 4902 ἐστι
1186 4850 1248 4904 τὸ
1301 4848 1574 4925 διήγημα,
1634 4852 1786 4925 ὅμως
1845 4852 1988 4930 ὠφέ-

285 4932 465 5005 λιμον.
502 4935 819 5007 ῐΙαριόντων
866 4935 968 5010 γὰρ
1024 4939 1185 5010 ἡμῶν
1240 4936 1329 4994 διά
1374 4961 1522 5003 τινος
1566 4941 1739 4996 τόπου
1785 4943 1859 5003 εἷς
1890 4943 1986 5003 τὰς

284 5024 531 5096 Νιτρίας,
564 5021 758 5086 κοιλάς
798 5046 879 5087 τις
911 5027 977 5094 ἦν
1010 5030 1145 5082 κατὰ
1164 5030 1272 5102 ςτήν
1316 5030 1503 5107 χώραν
1538 5030 1750 5105 μεγάλη
1793 5029 1989 5094 ὕδατος

284 5113 526 5186 γέμουσα
582 5110 634 5167 ἐν
794 5112 1243 5187 ἐναπομείναντες
1290 5116 1634 5191 κροκόδειλοι
1682 5122 1817 5188 ἦσαν
1844 5120 1986 5175 πολ-

284 5201 390 5271 λοὶ,
424 5206 521 5256 τοῦ
561 5200 758 5264 ὕδατος
789 5201 849 5258 ἐκ
889 5209 997 5259 τῶν
1046 5210 1246 5280 χωρῶν
1295 5208 1781 5284 ὑποχωρήσαντος.
1813 5214 1985 5283 Τριῶν

285 5290 370 5345 οὖν
393 5289 765 5366 κροκοδείλων
814 5293 901 5349 ἐπὶ
948 5296 1009 5350 τὸ
1052 5297 1248 5371 χεῖλος
1294 5302 1389 5353 τοῦ
1433 5298 1631 5373 βόθρου
1690 5299 1985 5371 ἐκτεταμέ-

283 5402 406 5450 νων,
462 5381 797 5455 προσῄειμεν
866 5385 1361 5460 ἡμεῖςιόψόμενοι
1436 5389 1501 5442 τὰ
1594 5389 1758 5463 θηρία
1821 5386 1988 5459 νομί-

287 5492 466 5533 σαντες
524 5471 664 5527 αὐτὰ
717 5474 1030 5543 τεθνηκέναι
1065 5496 1079 5510 ο
1139 5478 1205 5531 τὰ
1262 5475 1319 5532 δὲ
1380 5476 1533 5539 εὐθὺς
1582 5476 1660 5555 ἐφ’
1694 5481 1841 5551 ἡμᾶς
1872 5475 1987 5552 ὥρ-

293 5582 484 5636 μησαν.
544 5565 736 5634 Ἡμῶν
792 5559 849 5618 δὲ
900 5562 1113 5640 μεγάλῃ
1168 5569 1237 5641 τῇ
1296 5570 1450 5643 φωνῇ
1490 5568 1581 5622 τὸν
1634 5566 1829 5644 Κύριον
1863 5567 1988 5622 ὀνο-

2103 4576 2272 4651 μηδὲν
2307 4574 2583 4649 διακρίνας
2644 4573 2863 4643 ἀπῆλθε
2918 4573 3055 4648 πρὸς
3109 4574 3202 4627 τὸν
3268 4572 3565 4644 μηνυθέντα
3632 4568 3799 4639 ἀύτῷ.

2099 4674 2156 4724 '0
2190 4666 2247 4722 δὲ
2305 4665 2434 4722 ἰδὼν
2502 4665 2684 4734 αὐτὸν,
2741 4662 2889 4742 λέγει
2948 4664 3133 4736 αὐτῷ·
3198 4661 3272 4717 Σὺ
3333 4663 3383 4716 εἴ
3435 4662 3462 4715 6
3518 4658 3664 4715 δεῖνα
3698 4680 3804 4733 μο-

2097 4759 2315 4827 νάζων;
2374 4755 2762 4829 Ἀποκρίνεται,
2821 4753 2910 4808 καὶ
2960 4753 3158 4828 λέγει’
3221 4752 3346 4819 Ναὶ,
3416 4748 3528 4825 ἐγώ
3584 4748 3697 4821 εἷ’μι
3738 4751 3797 4803 ὃν

2099 4847 2294 4922 λέγεις,
2338 4850 2394 4900 '0
2424 4842 2517 4900 δέ·
2567 4846 2627 4901 Ὀ
2678 4840 3074 4912 οἰκοδεσπότης
3111 4839 3385 4896 ἐκέλευσέν
3437 4860 3523 4894 σοι
3572 4836 3799 4905 δοθῆναι

2097 4937 2387 5011 τριάκοντα
2441 4930 2671 5007 μοδίους
2722 4933 2895 4999 σίτου,
2951 4932 3042 4985 καὶ
3100 4928 3311 4984 δώδεκα
3359 4928 3541 4998 ξέστας
3590 4926 3797 4982 ἐλαίου.

2098 5026 2255 5099 Ὑπὲρ
2306 5028 2402 5079 τοῦ
2460 5024 2715 5078 τοιούτου
2752 5023 3131 5095 καυχήσομαι,
3192 5020 3306 5081 οἷος
3373 5019 3439 5087 ἦν
3515 5018 3673 5079 οὗτος
3745 5016 3801 5070 ὅν

2097 5115 2205 5191 ἐγὼ
2271 5110 2438 5192 ἕγνῶν
2466 5132 2478 5145 ⁸
2536 5118 2735 5169 τοῦτον
2781 5111 2899 5167 οἶδα
2942 5110 3048 5187 ἐγὼ
3098 5108 3432 5184 δακρύσαντα
3474 5107 3562 5162 ἐπὶ
3592 5104 3797 5179 ἀνδρῶν

2094 5209 2151 5261 ἐν
2199 5206 2408 5279 ἀνάγκῃ
2455 5203 2651 5273 ὄντων,
2700 5203 2792 5257 καὶ
2842 5200 3229 5276 ἀπορουμένων
3262 5200 3313 5253 ἐν
3364 5197 3590 5262 πενίαις,
3657 5215 3797 5267 παρ-

2098 5294 2373 5372 εσχηκότα
2404 5292 2457 5349 εἷ’
2492 5315 2545 5348 τι
2608 5294 2772 5368 εἶχεν,
2806 5290 2955 5361 πλὴν
2995 5299 3096 5362 τῆς
3143 5292 3332 5345 ἑαυτοῦ
3390 5286 3607 5360 σαρκός.
3666 5282 3798 5338 Οἶδα

2094 5389 2287 5440 τοῦτον
2346 5382 2456 5459 ἐγὼ
2506 5382 2816 5437 κλαύσαντα
2852 5380 2941 5437 καὶ
3009 5380 3097 5435 ἐπὶ
3146 5375 3459 5437 ἐκπεσόντος
3499 5373 3550 5429 ἐν
3619 5374 3797 5446 ἁμαρ-

2094 5473 2233 5535 τίαις
2268 5493 2279 5506 '
2313 5472 2373 5536 ’ὃς
2401 5477 2518 5532 τοῖς
2560 5470 2814 5545 δάκρυσιν
2862 5470 2937 5533 εἷς
2988 5466 3271 5540 μετάνοιαν
3313 5462 3511 5539 ἤγαγεν
3560 5463 3651 5515 τὸν
3708 5460 3793 5514 ἐκ·

2097 5562 2348 5619 πεσόντα.
2413 5560 2587 5625 Οὗτός
2650 5561 2745 5634 μοί
2803 5579 2939 5615 ποτε
2996 5555 3330 5630 διωμόσατο,
3389 5552 3473 5609 ὅτι
3525 5555 3621 5608 τοῦ
3660 5551 3793 5603 Θεοῦ
