4074 6278
357 306 513 366 1259

1931 309 2289 373 PALLADII

3726 311 3899 371 1260

352 438 581 511 ἐδεήθην
615 438 819 513 μηδένα
848 443 1011 511 νύξαι,
1059 442 1419 515 μάλιστατῶν
1472 440 1693 518 φαύλων
1746 440 2046 513 πλουσίων,
2080 443 2373 514 Αλάσσων
2434 443 2708 517 ἀκέραιον,
2758 445 2876 498 οἷόν
2919 464 2976 498 σε
3035 440 3181 505 οἶδα,
3239 443 3328 497 καὶ
3388 443 3542 517 εἶχον
3606 441 3727 497 ἀπὸ
3789 450 3900 509 τῆς

353 529 441 584 ἐπὶ
470 534 550 603 τῷ
583 528 768 586 δοῦναί
794 534 889 605 μοί
919 554 970 587 τι
994 536 1101 589 τῶν
1132 536 1334 608 χρειῶν
1366 530 1701 599 λιπομένων.

419 712 578 784 Ἐμοὶ
630 709 687 766 δὲ
723 716 883 767 τοῦτο
917 713 1070 787 ἀρκεῖ
1114 714 1177 767 τὸ
1236 714 1462 786 μνήμην
1528 716 1862 783 πεποιῆσθαι
1918 734 2050 769 κατ-

346 799 642 870 αξιωθῆναι
700 803 848 877 παρὰ
892 811 992 872 τῆς
1050 803 1195 866 θείας
1256 802 1487 878 χάριτος
1538 804 1743 859 τούτων
1804 806 2053 860 ἁπάντων

344 889 435 943 καὶ
496 887 791 960 δυνηθῆναι
848 896 1014 947 ταῦτα
1068 896 1249 970 γραφῇ
1324 890 1785 966 παραδεδωκέναι.
1856 893 2049 951 Οὐκέτι

348 979 470 1052 γάρ,
506 981 581 1042 ὡς
611 980 790 1053 οἶμαι.
823 982 884 1035 τὸ
932 982 1219 1051 κινηθῆναί
1263 1003 1357 1037 σου
1388 983 1486 1050 τὴν
1545 982 1755 1058 ἀγαθήν
1813 980 2047 1038 διάνοιαν

344 1066 471 1121 ἄνευ
524 1076 625 1137 τῆς
673 1074 769 1125 τοῦ
826 1074 962 1126 Θεοῦ
1029 1069 1321 1147 ἐνεργείας,
1380 1071 1455 1133 εἷς
1514 1073 1577 1127 τὸ
1661 1072 1903 1143 ἐπιτάξαι
1979 1077 2046 1147 τῇ

343 1156 450 1230 ἐμῇ
493 1158 734 1230 οὐθενείᾳ
781 1161 880 1229 τήν
936 1160 1179 1230 σύνταξιν
1230 1166 1327 1216 τοῦ
1381 1156 1601 1236 βιϐλίου
1648 1164 1841 1217 τούτου
1890 1170 2051 1232 ποιῆ-

342 1268 451 1316 σαι,
510 1248 600 1302 καὶ
658 1255 837 1325 γραφῇ
897 1249 1236 1325 παραδοῦναι
1291 1253 1422 1315 τοὺς
1484 1253 1634 1327 βίους
1692 1255 1798 1307 τῶν
1874 1253 2045 1330 ἁγίων

338 1334 430 1387 καὶ
465 1335 746 1410 μακαρίων
783 1338 1055 1413 Πατέρων.

409 1513 485 1565 Σῦ
547 1510 603 1567 δέ
653 1535 711 1587 γε
780 1515 1069 1571 πίστότατε
1161 1514 1324 1571 δοῦλε
1388 1518 1483 1573 τοῦ
1556 1523 1806 1593 χριστοῦ,
1894 1520 2043 1592 τίμιε

337 1604 535 1672 Λαῦσε,
567 1603 658 1656 κιοί
689 1609 872 1658 πασῶν
921 1602 1045 1676 ἐμοὶ
1095 1606 1225 1682 φίκη
1267 1609 1353 1661 καὶ
1404 1610 1749 1682 γνησιωτάτη
1806 1609 2038 1688 κεφαλὴ,

338 1688 515 1758 ἡδέως
566 1690 905 1768 ἐντυγχάνων
955 1696 1121 1770 ταύτῃ
1168 1700 1236 1770 τῇ
1292 1695 1491 1771 βίϐλῳ,
1522 1699 1712 1767 ἱκανὴν
1771 1700 2035 1777 ὠφέλειαν

2166 536 2420 597 ὑπατείας
2478 537 2741 590 Τανιανοῦ
2798 535 2966 611 μέχρι
3013 539 3114 602 τῆς
3172 535 3435 606 σήμερον,
3483 535 3579 588 καὶ
3626 534 3761 588 οἷόν
3842 555 3901 586 σε

2162 624 2328 681 πάλιν
2388 625 2541 701 εὗρον
2612 628 2729 686 τοῖς
2782 623 3009 697 τρὸποις
3079 624 3469 698 χρηστότερον,
3530 642 3902 699 χειροτοτη-

2161 716 2317 771 θέντα
2362 714 2720 789 πραιπόσιτον
2783 717 2880 770 τοῦ
2960 708 3343 769 εὐσεϐεστάτου
3428 719 3737 774 κοιτῶνος.
3800 715 3899 770 ’Ch

2160 806 2265 880 γὰρ
2323 805 2439 873 ἀξία
2497 804 2727 873 τοιαύτη
2792 804 2927 876 μετὰ
3012 801 3316 877 χρημάτων
3379 802 3695 870 τοσούτων,
3800 806 3895 857 καὶ

2158 893 2399 963 ἐξουσίας
2448 892 2810 963 τηλικαύτης,
2843 896 2940 947 τοῦ
2978 887 3152 971 φόϐου
3181 896 3278 947 τοῦ
3324 896 3463 947 Θεοῦ
3520 893 3628 947 οὐκ
3683 891 3897 962 ἐποίη-

2159 1004 2247 1038 σεν
2308 984 2552 1057 χείρονα.
2616 983 2773 1045 οὗτος
2820 979 2955 1045 ὅλος
2992 981 3266 1037 ἀνάκειται
3324 986 3404 1053 τῷ
3478 980 3743 1055 Χριστῷ,
3810 987 3889 1052 τῷ

2158 1075 2444 1129 ἀκούσαντι
2477 1074 2577 1128 ὑπὸ
2608 1076 2704 1129 τοῦ
2736 1067 3000 1128 διαϐόλου
3036 1090 3049 1105 ⁸
3082 1072 3262 1128 Ταῦτά
3308 1091 3393 1125 σοι
3447 1071 3625 1127 πάντα
3694 1069 3885 1141 δώσω,

2154 1163 2241 1218 ἐὰν
2280 1166 2458 1219 πεσὼν
2510 1164 2886 1235 προσκυνήσῃς
2939 1182 3052 1234 μοι.
3100 1160 3280 1218 ’Δλλὰ
3335 1165 3527 1216 τοῦτον
3586 1162 3889 1240 κατῄσχυ-

2152 1274 2237 1307 νεν
2268 1254 2295 1307 ὁ
2327 1254 2547 1327 Κύριος,
2579 1250 2744 1307 εἰπών
2772 1269 2785 1283 “
2819 1253 3021 1325 Ὕπαγε
3052 1250 3228 1305 ὀπίσω
3263 1272 3387 1323 μου.

2226 1343 2325 1399 "Ov
2371 1339 2437 1412 δὴ
2478 1340 2566 1396 καὶ
2624 1340 2785 1401 αὐτὸς
2839 1337 3201 1414 μιμούμενος,
3233 1340 3324 1393 τὸν
3375 1339 3566 1414 ῥέοντα
3630 1338 3887 1396 πλοῦτον

2151 1432 2563 1508 παρωσάμενος,
2616 1431 2706 1485 καὶ
2769 1431 2867 1499 τὴν
2925 1427 3130 1499 σκιώδη
3191 1427 3344 1499 δόξαν
3415 1434 3513 1485 τοῦ
3590 1431 3884 1506 παρόντος

2154 1524 2301 1597 βίου,
2352 1524 2452 1591 τήν
2509 1521 2758 1595 οὐράνιον
2810 1519 3085 1582 ἐπιποθεῖς
3144 1520 3418 1594 ἀκήρατον
3516 1523 3699 1590 ζωὴν,
3797 1524 3887 1578 καὶ

2152 1610 2324 1667 ἀΐδιον
2390 1609 2691 1687 βασιλείαν,
2742 1610 2832 1665 καὶ
2885 1609 3143 1682 μένουσαν
3194 1607 3348 1682 δόξαν
3409 1611 3501 1664 καὶ
3561 1610 3890 1687 ἀνεξιχνία-

2151 1725 2276 1759 στον
2332 1700 2597 1770 πλοῦτον,
2668 1700 2757 1755 καὶ
2820 1700 2884 1754 τὰ
2956 1698 3243 1774 ἀπόρρητα
3326 1698 3498 1775 ἂγαθά
3533 1720 3547 1733 ·
3646 1702 3687 1755 "1
3762 1703 3887 1758 οὔτε

330 1779 419 1834 ἐπὶ
476 1786 545 1855 τῇ
621 1788 726 1837 τῶν
803 1781 1025 1839 δικαίων
1106 1787 1385 1842 ἀναστάσει
1462 1789 1706 1863 παρέξεις
1792 1812 1885 1846 σου
1967 1797 2035 1866 τῇ
2070 1794 2435 1889 Βόφθαλμὸς
2495 1791 2651 1861 εἶδεν,
2709 1790 2832 1847 οὕτε
2890 1790 2981 1853 οῦς
3019 1792 3269 1859 ἤκουσεν,
3318 1788 3441 1846 οὕτε
3494 1792 3586 1847 ἐπὶ
3646 1793 3883 1867 καρδίαν

341 1870 397 1889 Ἀ
490 1870 501 1886 Ῑ
628 1876 638 1889 Ι
742 1878 768 1889 ς
870 1880 897 1889 αι
997 1876 1011 1889 I
1085 1874 1129 1889 λι
1315 1876 1391 1889 .-κ
1490 1884 1513 1889 ...
1651 1881 1663 1889 ι
1766 1882 1779 1889 ι
1894 1885 1901 1889 .
2162 1884 2175 1889 -
2225 1886 2237 1889 -
2311 1884 2321 1889 -
2502 1883 2515 1889 -
2566 1876 2617 1889 -Δ
2730 1882 2781 1889 -ν
2899 1882 2911 1889 ι
2976 1884 3004 1889 Α.
3104 1880 3115 1889 ι
3201 1878 3270 1889 --ι
3505 1880 3523 1889 ι
3721 1884 3735 1889 -

331 1870 583 1944 ἀθανάτῳ
614 1876 794 1948 ψυχῇ,
831 1880 939 1929 τῶν
987 1874 1257 1949 ἀοιδίμων
1305 1876 1556 1948 ἀθλητῶν
1607 1881 1701 1943 τὰς
1762 1882 2036 1956 ἐναρέτους

336 1959 641 2025 πολιτείας,
701 1966 789 2018 καί
855 1964 985 2027 τοὺς
1046 1966 1218 2041 βίους,
1266 1967 1357 2021 καὶ
1404 1971 1531 2032 τοὺς
1557 1972 1779 2039 πύνους,
1812 1972 1899 2026 καὶ
1940 1976 2039 2043 τήν

1242 2059 1524 2134 καρτερίαν
1621 2061 1759 2133 σκλη
1770 2064 2041 2140 ραγωγίας

338 2136 633 2212 λαμϐάνων
688 2142 741 2198 ἐν
798 2149 894 2216 νῷ.
956 2148 1131 2201 Ἕπου
1179 2148 1396 2209 τούτοις
1444 2136 1778 2224 προθύμως,
1815 2136 2035 2228 χρηστῇ

324 2232 417 2285 καὶ
468 2232 729 2306 ἀκηράτῳ
776 2238 1111 2312 τρεφόμενος
1162 2235 1364 2307 ἐλπίδι,
1419 2240 1764 2316 βραχυτέρας
1819 2242 1900 2298 ἀεὶ
1940 2245 2036 2307 τὰς

327 2318 630 2394 ἔμπροσθεν
662 2327 767 2375 τῶν
801 2320 1021 2380 ὄπισθεν
1057 2326 1197 2399 ὁρῶν
1245 2329 1456 2403 ἡμέρας
1491 2348 1505 2361 ·
1565 2331 1655 2384 καὶ
1719 2333 1852 2407 ὑπὲρ
1896 2332 2035 2405 ἐμοῦ

330 2411 644 2487 προσεύχου
705 2413 924 2469 σεαυτὸν
985 2412 1259 2491 διατηρῶν
1318 2417 1692 2491 ἀνεπίληπτον
1726 2441 1739 2454 ·
1799 2425 1890 2478 καὶ
1940 2445 2033 2499 φυ-

328 2051 599 2122 τοσαύτην
675 2053 780 2108 ὑπο
790 2057 981 2127 μονὴν,
1054 2057 1145 2111 καὶ

2150 1884 2440 1955 ἀνθρώπου
2492 1876 2678 1951 ἀνέϐη.
2730 1882 2825 1935 Ὧν
2888 1882 3035 1953 ἡμᾶς
3096 1880 3123 1933 ὁ
3201 1878 3395 1952 Κύριος
3466 1880 3885 1955 κληρονόμους

2150 1969 2433 2040 ἀναδείξειε
2483 1971 2572 2023 σὺν
2638 1973 2770 2024 πᾶσι
2824 1973 2941 2029 τοῖς
2996 1968 3175 2042 ἁγίοις
3227 1968 3604 2043 πάτριάρχαις
3670 1992 3734 2025 τε

2148 2063 2480 2137 προφήταις,
2542 2058 2869 2119 ἀποστόλοις
2943 2057 3031 2112 καὶ
3103 2057 3354 2130 μάρτυσι,
3420 2058 3516 2111 καὶ
3601 2060 3687 2113 ὧν
3776 2064 3876 2130 τήν

2153 2152 2373 2221 μνήμην
2432 2148 2483 2201 ἐν
2531 2151 2600 2219 τῇ
2684 2141 2865 2220 βίϐλῳ
2917 2140 3088 2217 ταύτῃ
3157 2146 3507 2217 πεποιήμεθα
3561 2166 3574 2180 ’
3674 2152 3873 2225 χάριτι

2146 2240 2311 2294 αὐτοῦ
2352 2243 2449 2292 τοῦ
2498 2242 2762 2310 Σωτῆρος
2825 2238 2987 2308 ἡμῶν
3037 2238 3271 2308 Χριστοῦ
3318 2236 3433 2308 μεθ’
3480 2238 3547 2291 οὗ
3609 2244 3699 2311 τῷ
3764 2248 3878 2296 Πα-

2143 2330 2229 2403 τρὶ
2288 2332 2323 2399 ἡ
2374 2325 2499 2401 δόξα
2539 2326 2632 2382 σὺν
2664 2327 2806 2401 ἁγίῳ
2866 2324 3141 2399 Πνεύματι
3198 2325 3274 2389 εἷς
3309 2326 3438 2389 τοὺς
3492 2326 3711 2394 αἰῶνας
3768 2337 3873 2386 τῶν

2144 2421 2375 2479 αἰώνων.
2407 2422 2465 2473 ’Λ
2478 2420 2607 2491 μήν.
