4074 6278
221 292 376 363 1277

217 437 543 507 ἀπαιτηθεὶς
571 433 717 491 τέλει
749 438 844 489 τοῦ
888 435 1009 509 βίου
1042 433 1319 509 ἐχρήσατο
1346 451 1359 491 :
1393 458 1421 486 ‹‹
1461 436 1801 492 Parentibus
1834 454 1890 491 or

2120 440 2258 508 214)
2316 440 2543 494 Iuliana
2571 439 2588 509 ]

217 513 349 566 bata
373 512 494 566 haec
523 510 643 564 viro
686 512 916 580 quidem
952 516 1222 579 copulata
1270 512 1380 574 est,
1421 524 1611 580 neque
1651 514 1927 580 pudorem

216 584 429 655 alioqui
469 582 764 655 virginalis
809 582 1209 655 sanctimoniae
1246 595 1373 655 eam
1407 585 1745 655 corrupisse
1774 580 1922 636 cele-

217 652 526 709 bris—tamn
557 652 804 707 edocuit.
861 652 988 706 Haec
1038 668 1169 706 cum
1212 652 1559 707 convixisset
1591 652 1708 707 viro
1760 669 1930 707 men-

217 727 378 780 sibus
408 726 637 779 circiter
679 726 907 794 viginti,
941 723 1037 777 ille
1070 723 1350 793 repetitus
1400 730 1464 776 ut
1515 730 1736 778 naturae
1766 723 1931 778 debi-

216 803 343 851 tum
376 799 645 859 solveret,
679 796 786 850 hoc
829 796 1107 866 temporis
1144 795 1715 866 compendiodﬁnem
1760 811 1929 850 accc—

218 871 302 939 pit
332 872 478 922 vitae.
514 888 541 917 η
594 869 721 932 Qua:
768 864 1079 936 desumpta
1123 872 1257 919 sunt
1314 882 1380 919 ex
1414 864 1929 939 Palladii‘dialogo

220 933 289 994 de
341 944 510 993 rebus
567 933 995 1010 Chrysostomif
1052 942 1237 1010 Quare
1293 935 1549 1010 covoociz
1598 933 1819 1010 ἀνδρρς,
1861 933 1930 990 in

220 1011 524 1081 epistola2
563 1008 961 1080 Chrysostomi
1010 1013 1081 1081 ad
1116 1008 1539 1079 Olympiadem,
1596 1008 1927 1081 intelligen-

219 1085 357 1135 dum
393 1083 463 1135 de
492 1084 765 1149 familiari
803 1098 925 1136 cum
960 1080 1080 1135 viro
1118 1082 1546 1146 conversatione,
1600 1096 1716 1134 non
1749 1084 1818 1135 de
1848 1080 1932 1133 vi-

219 1156 318 1209 rili
341 1155 654 1207 concubitu.

292 1226 441 1295 (210)
501 1225 644 1279 Filia
704 1222 969 1294 Seleuci.]
1029 1222 1421 1295 Menologium
1472 1223 1593 1294 jam
1663 1223 1907 1278 citatum

220 1297 397 1352 Anisii
437 1295 691 1351 Secundi.

293 1369 443 1439 (2.11)
512 1367 765 1439 Sponsa]
830 1365 1154 1421 Heraclidis
1224 1366 1804 1439 interprestnurus.
1870 1366 1935 1420 ln

222 1437 428 1513 Graeco
452 1437 558 1513 e_s_t_’
591 1438 803 1513 νύμφη,
839 1443 1002 1513 ‘quod
1028 1443 1358 1513 utrumque
1392 1438 1714 1513 _signiﬁcat.
1762 1437 1937 1513 Baro-

226 1512 375 1578 nius,
408 1516 449 1564 t.
486 1509 581 1578 ιν,
631 1509 781 1564 anno
826 1510 1038 1563 Christi
1091 1511 1212 1562 388.
1248 1510 1408 1570 Quod
1455 1526 1587 1564 vero
1621 1510 1801 1565 Οτι·ωοὶ
1840 1511 1939 1562 ha-

227 1583 397 1638 beant
428 1582 485 1635 in
521 1581 844 1651 Menologio
878 1581 1029 1635 hanc
1069 1580 1342 1635 Nebridio
1395 1580 1600 1651 nuptui
1643 1580 1936 1647 traditam,

224 1654 520 1709 Palladius
566 1670 698 1708 vero
742 1654 882 1723 (imo
939 1652 1292 1716 Heraclides,
1342 1668 1511 1720 quem
1540 1651 1792 1723 Palladii
1840 1668 1940 1723 no-

227 1726 383 1779 mine
425 1740 651 1793 semper
706 1727 847 1779 citat
907 1724 1232 1788 Baronius;
1295 1740 1432 1777 nam
1497 1722 1585 1777 hic
1647 1722 1939 1777 Palladius

224 1812 480 1865 sponsam
511 1796 695 1867 vocat)
726 1794 895 1867 dicat
943 1811 1145 1849 nurum
1192 1794 1370 1849 fuisse
1419 1794 1694 1859 Nebridii,
1732 1794 1936 1867 conci—

226 1870 356 1923 liari
386 1884 451 1922 eo
503 1865 682 1921 modo
722 1866 871 1921 inter
919 1883 979 1921 se
1025 1872 1272 1937 possunt
1324 1871 1583 1937 auctores
1613 1871 1675 1919 ut
1720 1865 1829 1919 lilio
1860 1865 1932 1918 il-

227 1938 340 1993 lius
395 1938 646 1993 Nebridii
702 1936 1039 1993 clarissimi
1071 1936 1177 1991 viri
1227 1937 1335 1992 sub
1386 1936 1719 1991 Constantio
1787 1939 1929 2006 imp.

228 2010 567 2080 przefectura
625 2011 871 2080 praetorii
919 2008 1197 2079 insigniti,
1249 2010 1415 2077 cujus
1465 2008 1744 2080 meminit,
1790 2011 1931 2062 Am-

228 2078 463 2136 mianus
526 2078 639 2134 libf
676 2098 871 2143 xxvu;
922 2078 1195 2134 Nebridio
1234 2081 1371 2134 item
1418 2081 1573 2135 dicto
1622 2078 1933 2149 conjuncta

227 2155 403 2207 fuerit
442 2154 817 2207 matrimonio
866 2151 1303 2223 Olympias,rde
1352 2152 1768 2223 quaagimus.
1815 2151 1935 2205 Ila—

227 2235 431 2279 ctenus
502 2224 801 2277 Baronius.
875 2222 990 2291 Ego
1057 2222 1319 2277 existimo
1384 2222 1716 2277 varietatem
1785 2224 1935 2276 inter

228 2303 495 2350 auctores
540 2302 731 2348 natam
766 2294 839 2348 ob
871 2296 1162 2348 diversam
1194 2293 1757 2363 interpretationem,
1792 2296 1931 2347 dum

225 2365 441 2442 νύμφην
479 2383 631 2442 unus
662 2365 1059 2442 nuruin,_alter
1089 2365 1564 2442 sponsam'vertit.
1584 2436 1626 2442 __
1770 2422 1783 2442 __

299 2433 445 2509 (2'12)
512 2436 842 2509 0.1:ycrato.]i
885 2433 1126 2509 Graece,‘
1169 2433 1522 2507 ὀξυκράματι.
1583 2435 1933 2503 Heraclides,

231 2527 282 2566 c.
317 2510 402 2565 44.
436 2508 615 2579 posca,
652 2509 734 2562 uti
769 2508 845 2561 ibi
883 2508 1125 2562 restitui.

300 2577 449 2651 (213)
479 2580 743 2651 ϐθιιιδὶα.]
775 2580 855 2634 Ad
900 2579 1049 2633 hanc
1080 2583 1268 2634 exstat
1308 2578 1422 2633 divi
1456 2577 1797 2651 Hieronymi
1819 2578 1933 2649 epi-

231 2650 402 2717 stOla,
430 2658 589 2707 notat
621 2654 984 2722 marginator
1014 2651 1359 2705 Parisiensis
1400 2650 1661 2704 Palladii.
1697 2650 1806 2704 Sed
1838 2666 1933 2705 ve-

233 2742 359 2779 reor
392 2740 461 2778 ne
508 2722 759 2791 labatur,
811 2729 867 2776 et
916 2725 1203 2777 memorias
1245 2723 1372 2791 ejus
1426 2727 1728 2776 observata
1762 2722 1937 2776 fuerit

234 2796 476 2866 Algasia,
509 2796 578 2851 ad
613 2812 783 2867 quam
817 2794 1151 2867 Hieronymi
1182 2793 1423 2865 epistola
1457 2795 1548 2848 151
1590 2793 1850 2849 habetur.

1352 290 1728 361 HISTORIA
1775 296 2191 363 LAUSIAGA.
2240 292 2612 363 NOTATIO.

3593 294 3749 365 1278

2666 437 2969 505 Baronius,
3022 440 3180 493 tomo
3240 440 3311 503 II,
3378 455 3470 493 an.
3530 439 3747 496 Christi

2039 512 2165 579 205,
2204 516 2507 582 postquam
2540 527 2609 582 ex
2640 510 2869 564 Eusebii
2907 511 3001 565 lib.
3040 526 3113 573 Vl,
3146 527 3193 565 c.
3226 510 3279 574 3,
3312 511 3571 565 recitavit
3601 529 3745 582 quo-

2040 584 2213 637 modo
2244 580 2521 652 Origenes
2550 581 2911 636 Alexandriae
2958 584 3303 651 exagitatus,
3354 590 3589 636 coactus
3620 580 3748 637 tue-

2042 657 2113 707 rit
2144 655 2394 707 subinde
2430 659 2652 707 mutare
2682 652 3070 715 domicilium,
3103 670 3353 724 quarum
3392 654 3745 709 latebrarum

2041 724 2134 779 hic
2168 726 2292 795 ipse
2322 724 2589 795 Origines
2621 726 2771 795 apud
2823 724 3142 778 Palladium
3195 727 3481 791 meminit,
3515 727 3745 780 subdit:

2041 798 2177 860 Quae
2207 802 2359 850 certe
2393 812 2502 850 non
2554 798 2666 850 alia
2717 803 2999 865 tempora,
3047 811 3219 864 quam
3268 800 3335 850 ad
3388 798 3577 851 Severi
3623 814 3747 867 per-

2043 870 2363 923 secutionis
2398 871 2525 921 sunt
2559 868 2895 929 referenda;
2933 882 3063 919 nam
3100 867 3267 937 longe
3286 874 3418 922 ante
3452 869 3748 923 Maximini

2042 940 2128 993 vel
2162 940 2312 993 Decii
2351 941 2810 1005 persecutionem
2844 938 2978 992 libri
3030 938 3113 991 illi
3152 941 3486 1005 Symmachi
3539 941 3748 1009 reperti

2044 1020 2222 1065 erant.
2265 1011 2368 1064 Sed
2396 1012 2464 1063 de
2488 1011 2739 1078 acceptis
2773 1027 2804 1063 a
2833 1010 3068 1063 Juliana
3097 1011 3425 1077 Symmachi
3462 1011 3745 1079 interpre-

2047 1082 2257 1137 tatione
2289 1082 2549 1149 ejusdem
2597 1081 2857 1149 Origcnis
2899 1097 3126 1151 quoque
3160 1082 3559 1135 testiﬁcatione
3592 1083 3748 1136 idem

2046 1153 2224 1208 tradit
2250 1156 2548 1217 Eusebius,
2586 1152 2684 1206 lib.
2719 1169 2794 1215 v1,
2829 1169 2955 1220 cap.
3000 1152 3084 1204 12.
3126 1152 3414 1206 Hactenus
3446 1153 3745 1207 Baronius.

2116 1224 2261 1295 (215)
2308 1224 2413 1290 Qui
2452 1234 2503 1278 et
2541 1224 2699 1294 ipsa]
2727 1225 2889 1278 Nunc
2920 1240 3125 1278 sensus
3157 1225 3350 1277 clarus
3392 1233 3478 1278 est
3503 1241 3569 1278 ex
3602 1224 3747 1278 Gras-

2047 1312 2112 1351 co
2144 1295 2369 1360 Codice,
2403 1298 2545 1364 quod
2597 1296 2877 1364 Origenes
2917 1296 3177 1349 occultus
3210 1296 3404 1361 fuerit,
3439 1312 3552 1349 non
3585 1295 3747 1363 liber,

2048 1367 2130 1421 uti
2179 1372 2433 1420 verterat
2484 1368 2778 1422 Hervetus.
2822 1367 2973 1423 Bene
3025 1366 3386 1421 Heraclides:
3440 1383 3559 1421 cum
3606 1368 3750 1437 apud

2050 1442 2226 1510 ipsam
2263 1437 2513 1492 laterem.

2119 1510 2269 1581 (216)
2318 1509 2585 1580 Femina.]
2635 1509 3013 1578 Nicephorus,
3046 1509 3087 1564 Ι.
3146 1526 3247 1569 vn,
3299 1525 3347 1564 c.
3401 1510 3468 1563 12
3498 1513 3554 1564 et
3586 1510 3651 1564 13
3681 1510 3751 1565 de

2048 1581 2387 1645 Virginibus
2418 1582 2561 1635 mira
2591 1587 2715 1636 arte
2748 1582 3090 1652 pudicitiam
3126 1582 3447 1636 tuentibus.

2119 1653 2263 1723 (217)
2314 1653 2721 1723 Magistriano.]
2771 1654 2850 1708 De
2890 1654 2998 1707 hoc
3039 1654 3271 1707 nomine
3316 1654 3431 1708 dixi
3481 1655 3747 1723 quedam

2051 1724 2119 1778 ad
2154 1722 2252 1776 lib.
2288 1740 2319 1775 v
2350 1724 2580 1792 Pelagii,
2623 1722 2816 1779 libello
2864 1740 2939 1788 v1,
2973 1741 3030 1777 n.
3068 1727 3120 1779 2.
3155 1724 3388 1793 [PatroL
3432 1722 3579 1793 Lat,
3606 1732 3747 1783 tom.

1965 1815 2012 1880 B
2052 1793 2311 1880 ωςξίωα]

2114 1866 2261 1936 (218)
2313 1865 2596 1936 Camisia.]
2647 1864 2837 1920 Grece
2868 1871 2989 1921 est:
3036 1868 3161 1926 Τοῖς
3190 1884 3247 1917 τε
3296 1864 3596 1934 καμισίοις,
3659 1867 3749 1920 καὶ

2042 1932 2416 2008 τῆχλαμύδι.
2450 1932 2751 1999 Ηριεὺρῑιις,
2792 1939 2999 2001 tunica,
3049 1939 3302 2003 camisia,
3352 1932 3405 1992 et
3433 1938 3749 2008 chlamyde.
3808 1938 3813 1939 γ

2042 2008 2282 2060 Videtur
2332 2008 2909 2079 auctiusiexemplar
2969 2008 3281 2074 habuisse;
3346 2008 3453 2062 nisi
3506 2012 3641 2079 quia
3691 2010 3749 2065 in

2654 2050 2897 2074 αινιιιγιιιι
2970 2050 3241 2062 δευυυιυυιο
3269 2050 3281 2074 ,

2043 2080 2237 2134 Graeco
2270 2084 2357 2151 est
2407 2078 2683 2148 καμισίοις
2719 2078 2924 2147 plurali
2956 2096 3219 2146 numero,
3265 2081 3317 2133 id
3354 2096 3456 2151 per
3501 2082 3751 2136 tunicam

2044 2157 2098 2204 et
2128 2150 2422 2205 camisiam
2451 2152 2822 2219 expresserit.

2135 2224 2257 2292 2.9)
2296 2222 2515 2291 Uxore.]
2565 2223 2721 2286 Quod
2777 2223 2866 2276 hic
2904 2231 3121 2291 accepto
3167 2235 3293 2278 ense
3320 2222 3533 2277 dicitur
3562 2239 3620 2278 se
3652 2240 3753 2278 oc-

2042 2293 2276 2361 cidisse,
2322 2298 2389 2347 de
2431 2310 2496 2349 ea
2546 2309 2604 2346 re
2660 2293 2783 2347 vide
2838 2295 3242 2364 Augustinum,
3296 2295 3395 2348 lib.
3432 2311 3451 2348 1
3484 2296 3553 2350 de
3584 2296 3748 2350 Civit.

2047 2364 2170 2430 Dei,
2202 2383 2235 2419 a
2267 2380 2391 2433 cap-
2437 2366 2500 2417 t7
2540 2365 2607 2417 ad
2660 2365 2749 2431 28,
2782 2369 2839 2418 et
2888 2366 3133 2419 aliorum
3169 2365 3402 2419 Patrum
3436 2368 3752 2423 sententias

2044 2439 2194 2504 apud
2231 2436 2594 2490 Leonardum
2629 2435 2887 2490 Lessium
2913 2443 3198 2502 nostrum,
3233 2438 3336 2491 lib.
3366 2453 3407 2491 ιι
3430 2440 3496 2492 de
3513 2438 3756 2494 Justitia

2046 2514 2100 2562 et
2130 2508 2292 2573 Jure,
2330 2524 2456 2575 cap.
2492 2509 2545 2572 9,
2581 2507 2769 2561 dubit.
2802 2509 2855 2561 6.

2118 2576 2763 2660 (221))Ἐζςιινίδτ11ουἰε
2815 2577 2901 2660 his
2952 2578 3144 2660 fuerit,
3199 2578 3406 2660 nullibi
3452 2580 3753 2660 exprimit.

2046 2651 2299 2776 Atpdt'iigt
2354 2650 2711 2715 Heraclides,
2790 2650 2887 2720 qui
2940 2651 3141 2705 eadem
3204 2651 3464 2706 Paradisi
3523 2652 3756 2708 nomine

2048 2738 2077 2776 e
2126 2740 2135 2774 ι
2190 2738 2204 2775 ι

2048 2721 2233 2777 edidit
