4046 6408
215 354 3667 442 W

469 667 847 827 DE
937 671 2100 834 SANCTORUM
2181 665 3456 826 MACARIORUM

1485 994 1846 1057 AEGYPTII
1890 993 1987 1054 ET
2035 990 2569 1053 ALEXANDRINI

1826 1204 2226 1329 VITIS

786 1478 1633 1592 QUAESTIONES
1689 1472 2243 1569 CBITICAE
2311 1472 2467 1563 ET
2533 1468 3311 1566 HISTORICAE.

1413 1692 1701 1745 SCRIPSIT
1736 1690 2001 1743 EDITOB.
2033 1689 2259 1742 EDITIO
2290 1689 2671 1744 BECOGNITA.

2017 1884 2088 1901 ᾔ

1658 2054 1931 2117 INDEX
2001 2053 2403 2116 CAP/TUM.

2030 2250 2093 2265 ..-

377 2427 603 2489 CAPUT
630 2425 682 2485 Ι.
714 2422 1181 2504 Prolegomena.
1267 2503 1275 2504 ί
1755 2503 1758 2504 ν
2021 2406 2075 2467 Α
2168 2423 2477 2504 Cotelerio
2520 2423 2715 2498 edita,
2766 2422 3010 2504 inedita
3047 2422 3331 2504 codicum
3362 2422 3682 2487 Vindobo-

376 2510 605 2569 CAPUT
680 2507 752 2586 II.
836 2501 1162 2566 Palladius
1236 2503 1311 2565 de
1381 2511 1597 2564 sancto
1694 2503 1983 2565 Macario
2168 2502 2456 2565 nensium
2516 2503 2881 2586 appendix
2932 2501 3231 2586 Cotelerii
3284 2504 3683 2586 Apophtheg-

459 2585 807 2665 Aegyptio.
886 2664 911 2665 ί
973 2661 1011 2665 __
1081 2662 1123 2665 μ
1282 2662 1299 2665 _
1706 2661 1771 2665 __
1940 2664 1945 2665 γ
2167 2593 2428 2665 motum,
2461 2583 3047 2665 vitae’Sanctorum
3076 2583 3149 2665 de
3177 2583 3684 2647 sanctis"’Maca-

363 2661 789 2729 CAPUi‘HIII.
873 2661 1199 2726 Palladius
1256 2662 1330 2723 de
1398 2670 1616 2723 sancto
1692 2661 1985 2725 Macario
2166 2664 2285 2724 riis
2314 2662 2621 2741 Aegyptio
2654 2671 2713 2723 et
2736 2662 3199 2723 Alexandrino.

454 2683 603 2727 .PUT
687 2681 789 2726 ω.
873 2681 1199 2726 rauaaius
1256 2681 1330 2723 ae
1398 2681 1616 2723 sancto
1692 2681 1985 2725 macario
2166 2681 2285 2724 rus
2314 2681 2400 2721 Ae
2446 2681 2621 2741 ypno
2654 2681 2713 2723 et
2736 2681 3199 2723 Alexanarino.

454 2743 936 2807 Alexandrino.
2089 2744 2296 2804 CAPUT
2323 2681 2480 2803 νιῖι.
2517 2744 2895 2803 Sanctorum
2920 2743 3353 2821 Macariorum
3386 2742 3685 2821 Aegyptii

352 2827 598 2889 CAPUT
690 2824 796 2886 IV.
870 2823 1165 2901 Ruﬁnus,
1209 2822 1283 2883 de
1353 2821 1589 2884 sanctis
1677 2822 1987 2884 Macariis
2170 2832 2229 2884 et
2263 2820 2689 2883 Alexandrini
2737 2821 2999 2883 exilium
3052 2820 3166 2882 sub
3202 2822 3394 2883 Lucio
3438 2820 3681 2883 Ariano

444 2907 647 2985 Aegy
692 2903 781 2964 tio
806 2911 864 2965 et
882 2900 1337 2964 Alexandrino.
2166 2901 2600 2963 Alexandriae
2653 2902 2963 2982 episcopo.
3012 2902 3327 2971 Socrates,
3388 2905 3682 2966 Sozome-

444 3002 595 3045 .PU'I'
767 2983 1115 3045 Evaarius.
1146 2982 1214 3043 S.
1244 2982 1693 3045 Hieronymus.
1729 2980 1987 3043 Cassia-
2168 3000 2288 3042 nus
2327 3030 2341 3045 .
2422 2982 2732 3045 ceterique
2831 2997 3043 3042 rerum
3121 2980 3682 3044 ecclesiasticarum

344 2980 621 3048 Cum?
642 2980 719 3064 ν,
767 2983 1115 3064 Euagrius,
1146 2982 1215 3064 βξ
1244 2982 1693 3064 Hieronymus,
1729 2980 1987 3064 cassia-
2168 3000 2288 3042 nus
2326 3030 2341 3056 ,
2422 2980 2732 3064 ceterique
2764 3062 2799 3064 μ
2831 2980 3043 3064 rerum
3069 3061 3088 3064 Α
3121 2980 3685 3064 ecclesiasticarum

380 3138 389 3144 θ
443 3083 582 3125 nus
668 3062 765 3144 de;
828 3061 1063 3123 sanctis
1138 3061 1446 3123 Macariis
1520 3061 1830 3141 Aegyptio
1930 3070 1989 3121 et
2170 3064 2511 3140 scriptores
2570 3061 2655 3144 die
2750 3061 2994 3122 iisdem.
3035 3061 3312 3144 Quando
3385 3062 3686 3144 memoria

442 3142 936 3207 Alexandrino.
1553 3219 1590 3220 ﬁ
1708 3140 1711 3141 ⁷
1836 3218 1848 3220 ξ
1889 3218 1901 3220 _
2167 3149 2531 3203 sanctorum
2556 3141 3296 3220 MacariorumAegyotii
3327 3150 3387 3203 et
3412 3140 3686 3203 Alexan—

335 3228 590 3290 CAPUT
636 3225 749 3285 VI.
811 3220 1216 3286 Collectionis
1278 3219 1776 3302 Rosweidianaeq
1829 3218 1990 3289 liber
2174 3221 2349 3284 drini
2381 3230 2633 3302 agatur.

431 3306 725 3378 tertius,
774 3302 1057 3383 quintus,
1097 3310 1332 3383 sextus,
1379 3301 1675 3383 septimus
1715 3300 1989 3383 vitarum
2091 3303 2297 3383 CAPUT
2352 3300 2467 3383 IX.
2510 3302 2565 3383 Α
2625 3301 2860 3383 sanctis
2910 3301 3233 3383 Macariis
3265 3301 3576 3383 Aegyptio
3626 3310 3685 3383 et

424 3387 730 3448 Patrum
770 3378 832 3442 Et
885 3380 1227 3441 sententiae
1250 3378 1516 3444 Patrum
1536 3378 1992 3459 Aegyptiorum
2171 3380 2608 3444 Alexandrino
2665 3382 3023 3443 Macarium
3077 3382 3146 3443 S.
3191 3378 3456 3442 Antonii
3489 3382 3685 3442 mini—

420 3466 507 3602 ἐξ
571 3463 841 3525 sanctis
898 3460 1205 3523 Macariis
1250 3460 1560 3541 Aegyptio
1598 3468 1657 3521 et
1700 3458 1987 3521 Alexan-
2170 3460 2711 3602 strumd_‘ctliosque
2765 3461 3162 3541 cognomines
3221 3459 3501 3522 diversos
3560 3479 3687 3522 esse

463 3547 662 3602 riuo.
2173 3551 2350 3602 osten
2400 3559 2419 3602 t
2452 3559 2553 3602 ur.

412 3547 662 3608 drino.
2173 3541 2553 3602 ostenditur.

300 3629 559 3694 CAPUT
626 3623 781 3685 VII.
842 3618 1389 3699 Apophthegmata
1451 3639 1492 3679 a
1544 3618 1799 3682 Possino
1844 3627 1903 3677 et
1951 3636 1991 3675 a

2011 3887 2083 3901 μ

785 4020 837 4091 ι
868 4019 1115 4081 CAPUT
1156 4020 1487 4084 PRIMUM.
2020 4024 2066 4086 Β
2094 4038 2261 4084 mam
2317 4029 2565 4102 portam
2620 4020 2826 4086 lucem
2875 4020 3301 4085 intromittunt
3332 4069 3349 4095 ,
3409 4018 3692 4082 habitant

942 4136 1428 4183 PROLEGOMENA.
2096 4122 2389 4202 precibus
2446 4123 2663 4187 dediti.
2730 4124 2942 4186 Primo
2984 4138 3173 4186 mane
3222 4129 3489 4201 surgunt
3524 4130 3586 4186 et
3624 4124 3689 4185 in

390 4233 426 4306 §
473 4226 545 4288 1.
603 4224 700 4284 In
759 4220 1131 4283 vastissimis
1182 4220 1416 4299 Libyae
1469 4220 1754 4294 desertis,
1814 4218 1982 4283 haud
2092 4223 2424 4287 ecclesiam
2446 4224 3265 4306 preperant,ubiadsistunt
3282 4225 3482 4289 innixi
3503 4227 3694 4289 bacu-

296 4324 584 4415 procul
657 4340 703 4384 a
744 4320 983 4383 Nitriae
1036 4320 1371 4401 paludibus
1410 4320 1577 4383 nitro
1622 4320 1981 4396 uberrimis,
2091 4321 2193 4397 lis,
2223 4323 2589 4386 Macarianis
2618 4322 2940 4404 hodieque
2972 4323 3334 4386 nominatis.
3359 4326 3691 4388 Rariorem

295 4438 650 4517 quatuor
700 4422 786 4487 ad
831 4422 1209 4486 hodiernum
1257 4423 1424 4487 diem
1464 4431 1711 4486 exstant
1758 4442 1984 4488 mona-
2090 4426 2168 4489 ad
2206 4443 2397 4507 quem
2428 4426 2519 4487 ibi
2562 4426 2727 4489 vitae
2757 4432 3049 4507 tempora
3080 4426 3435 4505 producant
3472 4427 3687 4503 ﬁnem,

284 4533 567 4602 steria.
594 4530 903 4600 Quorum
928 4542 1148 4598 unum,
1170 4524 1341 4605 quod
1372 4525 1452 4587 ab
1483 4524 1981 4605 ltalicujusdam,
2094 4527 2459 4609 exemplum
2480 4528 2650 4590 senis
2665 4526 2937 4590 ostendit
2956 4526 3126 4588 illius
3140 4525 3688 4601 aTischendorﬁo,

286 4632 433 4716 qui
481 4622 802 4710 paludes
843 4622 992 4684 istas
1022 4622 1227 4703 pretio
1268 4624 1595 4698 conduxit,
1636 4623 1892 4687 castello
1919 4625 1986 4687 in
2093 4629 2275 4692 cuius
2327 4629 2690 4692 narratione
2744 4628 2981 4691 utimur
3036 4628 3145 4708 (1),
3199 4628 3289 4690 ibi
3337 4630 3687 4708 conspecti,

284 4732 551 4801 Nitria
589 4728 758 4799 sito,
791 4731 1093 4804 quantum
1141 4724 1315 4787 horis
1359 4725 1608 4788 circiter
1633 4731 1776 4789 octo
1806 4726 1986 4789 asino
2092 4735 2348 4791 centum
2372 4727 2593 4806 viginti
2612 4743 2816 4791 annos
2834 4726 2985 4800 nati,
3004 4732 3354 4799 senectute,
3378 4725 3605 4803 vigiliis
3629 4732 3692 4787 et

286 4839 579 4897 vectus
638 4824 1036 4905 permeabis,
1096 4824 1367 4905 spatium
1410 4826 1608 4900 abest,
1640 4825 1719 4887 ad
1772 4835 1987 4889 nostra
2095 4827 2456 4908 pernicioso
2486 4828 2605 4890 sub
2639 4826 3031 4890 fervescente
3058 4825 3193 4888 sole
3223 4842 3451 4888 arenae
3473 4825 3690 4888 colore

287 4942 565 5009 usque
615 4929 925 4999 tempora
972 4922 1422 4981 monasterium
1460 4922 1667 4982 sancti
1709 4923 1988 4985 Macarii
2096 4927 2427 4989 oculorum
2453 4926 2695 4990 lumine
2722 4926 2969 5008 privati,
3004 4911 3219 4988 animo
3268 4925 3517 4987 coelum
3547 4944 3691 5007 spe-

288 5028 772 5119 appellatur;
825 5023 1065 5104 reliqua
1090 5024 1358 5103 singula,
1392 5024 1654 5105 singulis
1696 5026 1987 5091 distincta
2095 5029 2324 5093 ctantis
2356 5034 2419 5091 et
2440 5030 2539 5091 vix
2566 5047 2761 5092 unam
2781 5028 2906 5091 diei
2928 5027 3149 5091 horam
3180 5044 3404 5090 somno
3422 5027 3689 5107 largien-

292 5132 788 5206 nominibus,
828 5128 893 5190 in
926 5129 1291 5193 universum
1318 5130 1461 5193 Abu
1498 5132 1726 5193 Macar
1762 5150 1985 5195 mona-
2094 5129 2193 5191 tis.
2214 5132 2457 5192 Fratres
2475 5131 2538 5192 in
2562 5131 2927 5193 universum
2960 5127 3254 5208 pedibus,
3276 5130 3487 5208 quoad
3513 5130 3688 5193 calor

290 5239 538 5309 steria
574 5236 931 5304 vocantur,
962 5237 1024 5291 et
1050 5237 1178 5294 tota
1208 5231 1384 5310 regio
1418 5233 1801 5295 Macariana
1850 5252 1985 5294 ere-
2095 5252 2325 5297 arenae
2347 5233 3337 5315 permittit,inapertisincedunt,
3352 5234 3684 5299 ecclesiam

297 5362 494 5405 mut.
572 5335 713 5412 Qui
769 5333 902 5395 illic
944 5333 1180 5411 degunt
1232 5334 1527 5397 monachi
1592 5335 1986 5415 paucissimis
2095 5352 2227 5396 non
2244 5335 2364 5397 nisi
2385 5334 3686 5415 nudispedibusintrant.QuodsiTischen-

298 5442 485 5509 anni
552 5439 810 5501 diebus
849 5452 1040 5497 carne
1074 5444 1439 5509 vescuntur,
1489 5442 1772 5498 ceterum
1818 5454 1985 5517 pane
2095 5432 2245 5494 dorf
2270 5433 2549 5495 habitum
2586 5433 2847 5495 fratrum
2884 5433 3137 5497 illorum
3182 5453 3259 5497 ex
3304 5437 3478 5498 omni
3508 5445 3683 5516 parte

295 5546 571 5607 vivunt
632 5543 708 5599 et
770 5536 1047 5598 lentibus
1100 5536 1295 5599 bulbo
1341 5543 1405 5599 et
1442 5536 1586 5598 oleo
1630 5538 1979 5616 permixtis,
2094 5533 2553 5613 descripsisset,
2584 5539 2828 5597 veteres
2861 5552 2989 5598 non
3043 5536 3261 5598 dubito
3293 5536 3490 5598 Scetis
3528 5536 3682 5597 soli-

302 5654 538 5724 atque
598 5639 679 5700 in
732 5635 1009 5711 cellulis,
1037 5655 1197 5717 quae
1229 5655 1358 5699 non
1390 5638 1510 5699 nisi
1557 5655 1673 5718 per
1713 5639 1985 5700 arctissi-
2091 5636 2329 5697 tudinis
2382 5637 2435 5706 2
2495 5635 2718 5699 fratres
2749 5673 2820 5682 —
2849 5638 2937 5700 sic
2979 5638 3145 5701 enim
3190 5639 3529 5701 Macariana
3568 5639 3684 5700 ista

395 5834 487 5906 (1)
553 5823 921 5883 Constantini
968 5822 1332 5879 Tischendnrl‘
1368 5824 1529 5879 Reise
1572 5827 1623 5881 in
1656 5826 1759 5881 den
1788 5823 1979 5880 Orient
2024 5825 2160 5881 1856
2190 5825 2252 5881 T.
2286 5826 2301 5880 l
2340 5844 2390 5897 p.
2418 5828 2520 5883 110
2548 5843 2669 5900 sqq.

690 5919 983 5979 ΡΔτιιοι.
1022 5918 1138 5978 Gn.
1188 5921 1485 5983 XXXIV.

3410 5926 3436 5983 1
3522 5972 3525 5977 .
