4046 6450
479 385 515 444 3
1292 385 1391 441 SS.
1436 385 1902 442 MACARIORUM
1941 380 2262 440 AEGYPTII
2299 381 2389 438 ET
2411 381 2879 440 ALEXANDRINI
3716 390 3762 452 ι

481 521 732 568 eremus
753 507 816 565 et
841 500 1113 581 antiquis
1139 506 1200 563 et
1221 503 1450 564 nostris
1470 502 1861 584 temporibus
1882 501 2069 579 vulgo
2099 504 2144 562 A
2174 501 2360 562 nibus
2389 501 2625 580 optime
2659 502 2970 564 convenit.
2990 502 3190 564 Etiam
3210 501 3531 578 Ludolfus,
3549 513 3764 570 rector

479 605 833 687 appellatur
882 638 950 648 ——
985 620 1096 666 eos
1141 603 1460 677 nimirum,
1502 604 1611 684 qui
1659 603 1739 664 ab
1779 603 2066 680 Evagrio,
2169 599 2475 660 ecclesiae
2526 600 2902 680 parochialis
2953 602 3018 662 in
3080 600 3389 675 Suchem,
3447 601 3766 665 dioecesrs

480 707 796 779 Cassiano,
844 703 981 766 aliis
1021 704 1482 778 describuntur,
1519 712 1662 766 ante
1694 703 1913 765 oculos
1952 703 2067 764 ha-
2167 700 2725 776 Paderbornensis,
2781 701 2848 763 in
2887 700 3048 763 libro
3081 725 3108 756 α
3151 703 3238 762 De
3279 701 3505 764 itinere
3552 708 3767 764 terrae

477 807 631 868 bere
686 804 998 867 crederes.
1064 804 1208 884 Ipsa
1268 803 1647 865 monasteria
1708 803 2068 863 etiamnunc
2168 810 2444 877 sanctae,
2481 826 2508 858 ι»
2556 820 2746 882 quem
2785 804 2951 865 circa
2984 820 3039 864 a.
3086 801 3238 863 1350
3267 803 3644 882 composuit,
3677 803 3766 864 de

479 906 783 986 quadrata
826 911 932 965 aut
972 903 1384 983 quadrilonga
1413 901 1613 963 forma
1647 908 1787 964 sunt
1821 908 1882 962 et
1925 918 2066 961 mu-
2168 901 2292 962 illis
2312 904 2706 966 monasteriis
2727 902 2882 965 haec
2903 902 3409 964 tradidit:«Item
3449 903 3514 963 in
3560 906 3757 980 Aegy-

480 1009 588 1081 ris,
645 1007 806 1068 intra
864 1023 1026 1084 quos
1077 1003 1366 1066 hortulus
1415 1002 1728 1076 nutritur,
1778 1003 2066 1080 obsepta.
2172 1009 2282 1081 pto
2312 1003 2517 1064 adhuc
2549 1021 2735 1082 quam
2763 1003 3027 1084 plurima
3049 1010 3211 1065 stant
3230 1004 3471 1081 integra
3492 1003 3764 1065 claustra

479 1110 600 1168 Fac
622 1112 683 1167 te
711 1105 923 1166 videre
943 1104 1070 1166 illic
1103 1121 1318 1164 senem
1343 1103 1657 1182 quendam
1678 1110 2071 1176 caecum,ter

482 1203 674 1266 altare
705 1200 1336 1278 circumgredientem
1366 1205 1426 1260 et
1454 1199 1712 1261 iuvenili
1741 1216 1894 1262 voce
1924 1198 2071 1261 alle-

482 1305 608 1366 luia
640 1309 992 1376 canentem,
1021 1308 1125 1361 aut
1146 1299 1322 1360 illum
1349 1307 1603 1362 centum
1624 1300 1842 1378 viginti
1869 1317 2070 1362 annos

482 1411 721 1476 natum,
742 1402 898 1464 cella
923 1401 1352 1478 egredientem
1383 1407 1444 1462 et
1473 1401 1730 1463 abeunti
1748 1401 1861 1461 tibi
1880 1401 2073 1461 bene-

481 1505 818 1575 dicentem,
870 1501 1177 1563 ineffabili
1220 1501 1356 1562 sine
1395 1501 1590 1564 dubio
1627 1508 1689 1563 et
1719 1503 1884 1582 ipse,
1909 1501 2072 1563 sicut

478 1601 545 1660 Ti
554 1597 912 1673 schendorf,
930 1596 1396 1677 perfundereris
1414 1596 1834 1658 venerationis
1855 1614 2066 1658 sensu.

479 1703 726 1763 Circum
769 1717 866 1775 ea,
909 1715 1071 1778 quae
1111 1697 1262 1772 dixi,
1305 1704 1572 1776 quatuor
1603 1697 1981 1758 monasteria
2009 1703 2072 1758 et

479 1804 713 1866 Nitriae
761 1812 1035 1875 montes,
1092 1800 1224 1881 qui,
1285 1799 1632 1879 paullulum
1693 1800 2066 1874 eminentes,

2170 1111 2232 1162 et
2260 1103 2659 1177 monasteria,
2681 1103 2985 1165 ecclesiae
3015 1110 3077 1164 et
3107 1103 3478 1178 eremitaria,
3521 1104 3632 1165 sed
3660 1109 3766 1164 ta-

2167 1219 2318 1264 men
2367 1202 2633 1277 deserta,
2685 1211 2747 1264 et
2785 1205 3023 1283 Optime
3065 1205 3336 1284 depicta,
3369 1205 3479 1266 sed
3515 1205 3762 1284 pictura

2169 1321 2286 1382 per
2351 1305 2696 1366 Saracenos
2754 1311 2848 1366 est
2908 1305 3326 1367 diversimode
3384 1307 3762 1386 vituperata.

2167 1405 2324 1465 Item
2358 1404 2422 1464 in
2466 1403 2729 1466 desertis
2768 1405 3035 1484 Aegypti
3065 1404 3270 1468 adhuc
3297 1411 3389 1466 tot
3432 1413 3596 1466 stant
3625 1405 3764 1467 cel-

2169 1502 2333 1565 lulae
2367 1512 2428 1565 et
2474 1511 2833 1566 sanctorum
2868 1507 3117 1567 Patrum
3167 1506 3540 1581 eremitaria,
3587 1507 3762 1586 quod

2170 1605 2237 1664 in
2274 1604 2590 1684 aliquibus
2635 1605 2815 1681 locis,
2849 1611 2918 1668 ut
2959 1606 3176 1680 credo,
3208 1624 3323 1686 per
3352 1607 3478 1669 duo
3510 1607 3607 1669 vel
3642 1609 3761 1669 tria

2171 1703 2479 1779 milliaria,
2512 1705 2590 1766 de
2618 1723 2749 1766 uno
2795 1705 2874 1767 ad
2916 1705 3085 1767 aliud
3127 1707 3328 1786 possit
3367 1708 3664 1786 sagittari,
3698 1714 3763 1769 et

2172 1804 2236 1866 in
2261 1823 2450 1884 quam
2490 1805 2777 1885 pluribus
2814 1805 3020 1868 adhuc
3051 1805 3289 1884 degunt
3321 1807 3458 1868 Indi
3488 1809 3765 1870 Nubiani

480 1905 743 1986 paludes
771 1903 908 1965 illas
932 1904 1000 1964 in
1021 1901 1229 1982 ampla
1258 1901 1415 1962 valle
1433 1901 1578 1961 sitas
1616 1899 1971 1973 includunt,
2001 1901 2068 1962 in
2101 1899 2145 1914 ν
2173 1915 2235 1969 et
2263 1909 2533 1983 Sui-iani,
2565 1909 2644 1970 ad
2685 1908 2972 1970 ordinem
3019 1909 3218 1972 sancti
3247 1909 3501 1971 Antonii
3541 1916 3602 1969 et
3632 1911 3766 1970 Ma-

479 2005 764 2068 arenosis
809 2011 999 2082 atque
1037 2001 1361 2063 immensis
1412 1999 1877 2073 solitudinibus,
1917 2016 2065 2079 per-

480 2107 675 2169 multa
721 2105 869 2166 hinc
920 2104 1093 2165 illinc
1133 2102 1383 2164 moenia
1439 2100 1917 2179 conspiciuntur
1969 2107 2066 2163 te-

479 2208 726 2280 stantia,
777 2212 1012 2285 quanta
1059 2203 1208 2266 olim
1242 2203 1330 2265 ibi
1360 2202 1664 2264 exstiterit
1701 2203 1884 2283 copia
1925 2220 2066 2266 mo-

479 2308 896 2371 nasteriorum
923 2306 1032 2387 (1).

562 2414 590 2486 §
626 2409 692 2472 2.
739 2408 1044 2472 Macarius
1073 2406 1201 2480 ille,
1235 2405 1414 2468 cuius
1437 2406 1697 2468 nomine
1729 2421 1979 2468 eremus
2008 2412 2069 2468 et

476 2508 858 2571 monasteria
913 2507 1258 2569 bodiedum
1318 2506 1716 2586 appellantur
1761 2541 1839 2550 —
1871 2506 2068 2586 ipsius

478 2613 710 2688 imago,
753 2628 876 2689 qua
907 2609 1131 2671 baculo
1179 2609 1433 2670 innixus
1478 2608 1886 2689 conspicitur,
1920 2607 2067 2671 'istic

478 2713 982 2794 frequentissima
1055 2717 1147 2774 est
1191 2709 1271 2791 (2)
1307 2746 1383 2756 ——
1412 2711 1535 2772 nisi
1570 2729 1671 2773 me
1719 2710 1929 2772 omnia
1959 2709 2071 2771 fal-

478 2818 640 2893 lunt,
670 2818 1013 2898 Aegyptius
1059 2817 1362 2879 Macarius
1400 2817 1540 2891 fuit,
1582 2818 1823 2898 primus
1871 2815 2069 2878 Scetis

478 2919 836 2982 solitudinis
862 2917 1071 2980 incola
1110 2918 1220 2999 (3),
1264 2917 1470 2980 clarus
1498 2917 1848 2992 virtutibus,
1895 2933 2070 2994 egre-

2171 2006 2322 2067 carii
2383 2024 2452 2067 se
2509 2005 2834 2068 habentes.
2876 2007 2946 2067 In
2983 2005 3078 2067 his
3126 2006 3387 2068 desertis
3437 2006 3600 2066 Deus
3644 2023 3766 2085 per

2171 2113 2421 2169 sanctos
2442 2109 2652 2168 Patres
2669 2107 2863 2168 multa
2889 2107 3195 2168 mirabilia
3225 2114 3319 2169 est
3346 2115 3663 2186 operatus,
3698 2113 3767 2167 et

2170 2210 2526 2290 specialiter
2578 2211 2644 2271 in
2700 2209 2846 2272 loco
2903 2209 3014 2289 qui
3063 2208 3262 2270 Stichi
3317 2208 3462 2286 (leg.
3511 2208 3760 2281 Scithi,

2170 2315 2368 2388 Scete]
2399 2312 2646 2386 dicitur,
2671 2329 2787 2391 per
2817 2318 3068 2373 sanctos
3089 2311 3428 2373 Antonium
3458 2317 3519 2371 et
3551 2313 3762 2373 Maca-

2171 2412 2356 2485 rium,
2381 2419 2450 2473 ut
2478 2413 2544 2473 in
2564 2413 2704 2474 vitis
2726 2415 2980 2473 Patrum
3011 2414 3389 2474 continetur.
3410 2415 3481 2474 In
3497 2411 3620 2474 hoc
3641 2410 3762 2473 de-

2171 2520 2338 2575 serto
2356 2521 2449 2574 est
2469 2513 2646 2576 locus
2673 2513 2789 2574 sub
2818 2513 3114 2574 altissima
3149 2519 3208 2574 et
3242 2513 3547 2574 artissima
3573 2529 3760 2591 rupe,

2172 2633 2303 2696 quo
2330 2623 2582 2678 sanctus
2608 2615 2916 2677 Antonius
2945 2614 3232 2693 degebat,
3268 2622 3328 2677 et
3359 2632 3436 2676 ex
3463 2614 3568 2677 illa
3599 2631 3764 2693 rupe

2172 2715 2513 2777 fonticulus
2549 2716 2743 2777 ellluit
2778 2714 2858 2776 ad
2905 2716 3296 2794 semijactum
3337 2714 3564 2794 lapidis
3610 2733 3761 2776 cur-

2170 2833 2318 2878 rens
2345 2816 2411 2876 in
2467 2815 2778 2889 sabulum,
2812 2821 2882 2875 ut
2910 2832 3074 2894 aqua
3105 2815 3295 2876 ﬂuida
3333 2814 3538 2875 nivem
3568 2815 3765 2875 intrat

2173 2922 2235 2976 et
2267 2915 2426 2978 ultra
2479 2933 2608 2977 non
2646 2920 2930 2995 apparet.
2972 2915 3145 2976 Idem
3189 2915 3368 2976 locus
3407 2931 3443 2976 a
3473 2913 3764 2994 plurimis

477 3021 620 3100 gius
652 3027 842 3101 atque
883 3019 1153 3082 invictus
1172 3017 1405 3081 athleta
1431 3019 1542 3080 Dei
1568 3017 1674 3100 (4).
1709 3023 1794 3081 Ac
1815 3020 2067 3082 moenia
2172 3032 2357 3077 causa
2397 3016 2748 3078 devotionis
2777 3022 2839 3077 et
2865 3015 3299 3076 delectationis
3333 3015 3629 3086 visitatur,
3661 3022 3760 3075 at-

481 3122 706 3197 vicina,
730 3138 893 3200 quae
914 3120 979 3182 in
1000 3119 1223 3181 mediis
1252 3119 1373 3181 illis
1402 3120 1667 3181 desertis
1688 3120 2068 3182 creberrima
2173 3131 2299 3195 que
2327 3116 2512 3177 etiam
2544 3133 2661 3195 per
2691 3117 2949 3194 gratiam
2984 3116 3094 3177 Dei
3131 3122 3192 3177 et
3233 3115 3541 3178 honorem
3564 3118 3765 3179 sancti

482 3227 748 3294 exstant,
789 3218 1340 3290 monasteriorum,
1393 3235 1555 3297 quae
1587 3235 1622 3279 a
1673 3225 1894 3299 quarto
1924 3236 2062 3280 sae-
2094 3206 2137 3263 (ἶ
2170 3217 2425 3279 Antonii
2457 3217 2689 3280 multae
2723 3217 3116 3279 infirmitates
3153 3233 3231 3277 ex
3268 3217 3410 3294 ipso
3455 3216 3630 3278 fonte
3666 3235 3766 3279 sa-

479 3321 625 3383 culo
675 3321 912 3383 circum
950 3319 1208 3380 Nitriam
1255 3325 1318 3380 et
1347 3318 1411 3378 in
1442 3317 1690 3380 Cellulis
1720 3319 2070 3381 ﬂoruerunt

478 3421 834 3494 innumera,
887 3418 1279 3480 venerandae
1335 3417 1719 3497 antiquitatis
1763 3418 2068 3498 reliquiae

481 3528 649 3594 sunt,
685 3538 894 3599 neque
921 3519 1150 3580 iniuste
1179 3519 1399 3580 fratres
1425 3517 1754 3579 Macariani
1775 3517 2071 3579 coenobii

483 3637 562 3682 ex
623 3619 954 3681 traditione
1007 3617 1461 3680 monasterium
1494 3635 1676 3679 suum
1706 3623 1853 3679 ante
1897 3617 2070 3679 mille

483 3720 867 3800 quingentos
913 3735 1113 3780 annos
1159 3717 1489 3778 fundatum
1539 3735 1677 3780 esse
1718 3717 2068 3780 contende-

483 3825 630 3881 runt
663 3819 769 3898 (5),
803 3817 1001 3898 quod,
1042 3817 1189 3878 licet
1227 3833 1356 3878 non
1397 3818 1476 3878 de
1504 3817 1723 3891 muris,
1757 3817 1868 3896 qui
1902 3833 2073 3878 nunc

485 3926 853 3991 cernuntur,
892 3923 1105 3979 tamen
1145 3917 1222 3977 de
1267 3917 1468 3996 prima
1513 3916 1808 3978 coenobii
1839 3916 2071 3977 funda-

482 4018 658 4080 tione
701 4024 873 4080 certo
905 4016 1028 4078 dici
1078 4023 1306 4095 potest.
1337 4017 1465 4078 Nec
1501 4016 1752 4078 silentio
1786 4024 2072 4096 praeter-

487 4119 692 4182 eunda
740 4137 878 4181 esse
933 4118 1310 4198 perpulchra
1355 4116 1462 4179 illa
1504 4117 1753 4179 traditio
1803 4117 2072 4184 videtur.

487 4238 612 4300 qua
641 4221 978 4300 praeterito
1009 4227 1058 4297 3
1091 4217 1341 4280 saeculo
1364 4216 1611 4280 cuidam
1633 4217 1700 4278 in
1722 4216 1844 4278 illis
1864 4217 2074 4295 regio-

488 4321 675 4382 nibus
705 4319 1128 4399 peregrinanti
1161 4317 1242 4399 (6)
1274 4318 1466 4380 abbas
1495 4318 1826 4379 Macariani
1861 4335 2078 4380 mona-

487 4420 660 4483 sterii
682 4420 1025 4494 afﬁrmavit,
1046 4419 1112 4481 in
1145 4419 1326 4480 Scete
1349 4426 1410 4480 et
1430 4419 1497 4480 in
1510 4419 1741 4481 Nitriae
1758 4419 2076 4481 montibus

2171 3326 2403 3380 nantur
2423 3326 2484 3380 et
2511 3317 2828 3396 fugantur.
2849 3319 3006 3378 Nam
3039 3318 3173 3379 eius
3202 3316 3581 3396 specialibus
3610 3335 3763 3399 pre-

2171 3421 2352 3482 cibus
2389 3436 2466 3481 ex
2515 3436 2674 3500 rupe
2727 3419 3005 3480 creditur
3036 3418 3380 3481 fonticulus
3421 3418 3763 3494 efﬂuxisse,

2172 3521 2344 3601 quod
2385 3522 2570 3582 etiam
2599 3521 2762 3581 bene
2794 3527 2985 3599 patet,
3023 3521 3169 3599 quia
3194 3538 3322 3581 non
3347 3520 3592 3582 videtur
3620 3519 3766 3599 plus

2171 3622 2449 3694 ﬂuxisse,
2494 3638 2684 3700 quam
2713 3620 2788 3682 ad
2820 3620 3140 3682 modicum
3185 3619 3522 3682 habitaculi
3546 3620 3667 3696 sui,
3701 3627 3766 3682 et

2174 3721 2495 3785 hortulum
2531 3739 2712 3783 suum
2746 3721 3040 3800 irrigasse
3086 3720 3196 3802 (7).
3224 3744 3253 3778 η

2259 3819 2510 3881 Macarii
2543 3818 2834 3897 Aegyptii
2867 3818 3319 3880 monasterium
3350 3835 3416 3880 m
3454 3819 3635 3880 Scete
3674 3818 3765 3880 si-

2173 3925 2307 3981 tum
2345 3945 2373 3978 «
2404 3939 2519 4000 per
2557 3920 2681 3981 diei
2724 3931 2785 3982 et
2815 3920 3017 3982 noctis
3053 3921 3173 3981 iter
3201 3943 3229 3976 ››
3258 3937 3294 3981 a
3327 3920 3522 3981 Nitria
3570 3920 3764 3982 dista-

2175 4019 2303 4094 bat,
2335 4028 2403 4082 ut
2448 4021 2640 4082 refert
2688 4021 2959 4098 scriptor
2999 4019 3143 4080 libri
3186 4021 3448 4082 secundi
3485 4021 3764 4083 Vitarum

2175 4122 2453 4195 Patrum,
2493 4139 2648 4202 quas
2699 4120 2895 4181 edidit
2952 4121 3334 4182 Rosweidus
3377 4120 3495 4204 (8);
3537 4122 3765 4185 Nitriae

2176 4223 2490 4284 montium
2535 4222 2916 4282 monasteria
2962 4221 3335 4284 fundaverat
3377 4225 3438 4285 S.
3471 4228 3764 4300 Ammon,

2177 4322 2288 4401 qui
2337 4321 2671 4401 superstite
2713 4322 2897 4382 etiam
2933 4325 2995 4384 S.
3039 4323 3311 4385 Antonio
3333 4323 3498 4385 diem
3539 4343 3766 4405 supre-

2177 4440 2351 4484 mum
2416 4423 2570 4484 obiit
2624 4421 2733 4502 (9),
2788 4423 3087 4501 ideoque,
3159 4423 3330 4504 quod
3371 4423 3532 4485 infra
3589 4434 3766 4504 pate-

488 4529 582 4584 tot
601 4522 750 4584 olim
781 4521 1088 4583 exstitisse
1111 4519 1513 4594 monasteria,
1540 4526 1694 4598 quot
1715 4538 1918 4582 annus
1939 4521 2074 4581 dies
2107 4563 2151 4618 Β
2180 4525 2293 4598 bit,
2357 4524 2660 4586 Macarios
2729 4531 2981 4585 nostros
3044 4531 3244 4585 aetate
3310 4525 3764 4604 aliquantulum

489 4629 811 4696 numeret;
841 4622 1057 4702 idque,
1106 4621 1160 4682 si
1207 4638 1364 4695 rem,
1403 4637 1534 4682 non
1573 4621 1763 4682 verba
1803 4628 2072 4700 spectas,

485 4742 635 4787 cum
661 4723 845 4786 variis
880 4721 1087 4802 quarti
1125 4728 1190 4785 et
1222 4721 1426 4801 quinti
1461 4719 1698 4782 saeculi
1727 4720 2076 4783 enarratio-

560 4960 640 5029 (t)
678 4957 1043 5015 Tischendorl‘
1107 4959 1148 5014 l.
1213 4957 1290 5025 l.;
1350 4957 1417 5013 G.
1482 4956 1793 5012 Wilkinson
1850 4955 2074 5011 Modern

491 5050 666 5121 Egypt
705 5051 811 5105 and
851 5050 1067 5105 Thebes
1101 5047 1243 5104 1845
1271 5047 1396 5103 Vol.
1426 5047 1446 5101 l
1472 5064 1527 5118 p.
1570 5047 1678 5102 582
1704 5063 1826 5118 sqq.

560 5140 639 5214 (2)
676 5141 1042 5197 Tischendorf
1067 5143 1104 5196 Ι.
1138 5142 1178 5196 1.
1207 5157 1262 5212 p.
1290 5141 1410 5196 125.
1936 5174 1939 5176 -

562 5237 640 5306 ('5)
681 5237 934 5293 Cassian.
968 5237 1108 5292 Coll.
1139 5235 1234 5291 XV
1267 5253 1391 5306 cap.
1432 5237 1486 5300 3,
1523 5235 1776 5291 Cassiani
1808 5233 1947 5306 Opp.
1986 5236 2074 5290 ed.

489 5326 926 5399 Gazaeus.Lips.
956 5328 1095 5384 1755
1125 5344 1172 5398 p.
1200 5328 1335 5395 468,
1377 5327 1555 5399 Migne
1583 5326 1786 5382 Patrol.
1819 5326 1882 5382 T.
1912 5326 2078 5381 XLIX

491 5437 546 5492 p.
582 5422 706 5475 995.

565 5513 642 5584 (4)
683 5511 924 5569 Historia
980 5511 1246 5568 Lausiaca
1293 5512 1521 5568 Palladii
1571 5513 1839 5568 Macarios
1897 5512 2077 5583 Aegy-

492 5609 663 5675 ptium
682 5618 737 5663 et
761 5608 1186 5664 Alexandrinum
1215 5620 1374 5662 vocat
1394 5607 1708 5675 γενναίους
1734 5604 1959 5673 ἄνδρας
1981 5606 2077 5659 καὶ

492 5701 1019 5772 ἀκαταγωνίστους
1047 5699 1331 5768 ἀθλητάς.
1363 5699 1446 5754 Cf.
1485 5698 1625 5752 infra
1663 5699 1837 5768 Caput
1871 5698 1933 5751 ll.

564 5792 644 5860 (5)
682 5792 1049 5848 Tischendorf
1074 5794 1108 5846 l.
1140 5794 1178 5846 l.
1214 5807 1264 5860 p.
1302 5792 1425 5844 127.

563 5883 642 5947 (6)
679 5882 824 5938 Patri
868 5883 1115 5950 Sicardo,
1150 5879 1520 5937 Tischcndorf
1555 5881 1591 5938 l.
1629 5882 1664 5936 I.
1715 5897 1766 5950 p.
1817 5881 1938 5937 H7.
1985 5880 2072 5937 Cf.

2183 4625 2545 4703 praecessit.
2569 4622 2680 4684 llle
2707 4639 2859 4684 vero
2900 4622 3099 4695 locus,
3123 4623 3234 4684 ubi
3260 4622 3414 4684 alter
3439 4625 3765 4699 Macarius,

2185 4722 2643 4786 Alexandrinus
2713 4720 3238 4799 cognominatus,
3306 4721 3418 4799 qui
3489 4723 3766 4801 aequalis

2182 4956 2522 5014 Wandslebli
2576 4957 3001 5028 descriptionem
3059 4959 3520 5014 monasteriorum
3582 4958 3766 5013 codice

2182 5051 2404 5106 arabico
2451 5051 2678 5121 antiquo
2723 5050 3066 5121 desumptam
3106 5050 3160 5102 in
3212 5051 3351 5104 libro
3383 5051 3468 5104 cui
3515 5050 3707 5104 titulus
3751 5069 3765 5105 :

2188 5141 2386 5200 Paulus
2433 5144 2756 5213 Sammlung
2796 5144 2896 5197 der
2945 5141 3437 5214 merkwﬁrdigsten
3481 5142 3678 5198 Reisen
3713 5144 3766 5197 in

2185 5235 2287 5289 den
2319 5233 2508 5289 Orient
2530 5232 2594 5287 T.
2621 5233 2686 5286 lll
2715 5249 2769 5302 p.
2807 5233 2915 5287 255
2935 5247 3057 5302 sqq.

2261 5326 2340 5394 (7)
2386 5323 2622 5388 Ludolti,
2649 5325 2879 5379 rectoris
2908 5321 3172 5378 ecclesiae
3205 5321 3535 5391 parochialis
3571 5321 3626 5375 in
3664 5319 3754 5372 Su-

2180 5419 2374 5482 chem,
2405 5419 2469 5472 de
2506 5419 2694 5472 itinere
2738 5427 2910 5470 terrae
2955 5426 3174 5470 sanctae
3217 5415 3373 5468 liber.
3433 5412 3579 5468 Nach
3622 5413 3764 5465 allen

2182 5508 2602 5564 llandschriftcn
2651 5509 2942 5577 berichtigt
2983 5507 3427 5577 herausgegeben
3466 5520 3572 5559 von
3601 5503 3664 5556 Dr
3706 5503 3766 5557 F.

2183 5602 2652 5674 Deyks.Stmtgart
2683 5601 2811 5654 1851
2845 5617 2895 5669 p.
2929 5600 2990 5655 61
3024 5617 3108 5670 sq.

2255 5695 2331 5762 (8)
2379 5692 2485 5745 νγ.
2520 5693 2620 5746 PP.
2663 5693 2748 5748 ed.
2790 5690 2974 5744 Rosw.
3007 5691 3102 5745 lib.
3145 5689 3183 5742 11
3226 5703 3346 5756 cap.
3370 5686 3441 5741 29
3476 5684 3573 5739 Ed.
3606 5683 3767 5737 Antv.

2190 5788 2328 5841 1628
2356 5804 2408 5855 p.
2442 5787 2564 5850 481,
2592 5787 2643 5840 1.
2681 5785 2764 5840 Cf.
2801 5784 2940 5838 infra
2969 5782 3146 5852 Caput
3180 5781 3270 5836 IV.

2263 5881 2340 5948 (9)
2387 5879 2504 5933 Vita
2565 5879 2622 5932 S.
2688 5877 2952 5944 Antonii,
3011 5877 3070 5930 S.
3120 5872 3408 5929 Athanasii
3475 5869 3616 5937 Opp.
3677 5866 3770 5927 ed.
