4046 6452
200 394 232 448 5

1784 402 2014 459 VITAE.

3496 395 3531 452 6

224 510 505 592 Aegyptio
529 510 694 589 fuit,
730 514 1045 593 sedebat,
1080 519 1160 581 ob
1185 517 1551 583 cellularum
1589 519 1678 582 ibi
1717 519 1841 583 dis-
1868 529 1915 583 A
1943 535 2081 582 rum
2111 517 2476 600 saepissime
2504 517 2863 591 utebantur,
2893 515 2977 577 ita
3007 513 3289 595 quidem,
3318 516 3390 577 ut
3412 516 3533 579 soli

235 630 539 695 persarum
597 616 1107 681 multitudinem
1163 619 1348 681 Cellia
1411 636 1523 681 seu
1570 617 1841 682 Cellulae
1943 639 2013 685 se
2048 623 2116 685 in
2163 622 2388 687 cellam
2426 620 2812 685 monasterio
2841 618 3109 683 vicinam
3149 618 3529 698 reciperent,

243 715 705 792 nominabatur,
757 735 935 799 quae
990 717 1212 780 eodem
1256 717 1368 781 illo
1423 724 1680 781 auctore
1738 718 1839 781 di-

252 816 475 880 stabant
501 816 749 881 decem
788 819 929 881 fere
974 818 1257 881 milliaria
1285 837 1320 880 a
1350 819 1543 882 Nitria
1580 819 1647 881 in
1675 820 1841 882 inte-

256 921 405 983 riore
464 918 735 983 deserto
787 919 898 1002 (1).
966 921 1142 983 Unde
1206 919 1536 999 colligitur,
1583 920 1846 983 Alexan-

260 1022 411 1084 drini
458 1022 961 1098 habitationem,
1027 1022 1175 1084 licet
1244 1021 1439 1084 Nitria
1499 1022 1565 1084 in
1632 1023 1844 1085 medio

261 1119 586 1199 utriusque
624 1121 833 1201 posita
856 1126 1043 1197 esset,
1075 1127 1241 1184 certe
1269 1120 1434 1184 haud
1466 1120 1734 1184 multum
1763 1123 1845 1185 ab

264 1222 549 1300 Aegyptii
592 1222 996 1285 monasteriis
1040 1230 1344 1286 remotam
1388 1221 1605 1285 fuisse.
1650 1225 1846 1285 Tanta

263 1327 465 1381 autem
514 1320 690 1383 fama
732 1321 999 1384 duorum
1046 1323 1457 1386 Macariorum
1504 1328 1637 1386 erat
1683 1324 1848 1386 inter

261 1418 424 1481 illius
451 1419 743 1498 regionis
770 1420 1012 1496 fratres,
1039 1428 1110 1483 ut
1137 1422 1342 1485 eidem
1368 1424 1609 1487 auctori
1638 1430 1849 1503 patres

262 1522 519 1601 quidam
539 1523 611 1584 in
631 1522 835 1585 Celliis
860 1531 1203 1601 narrarent,
1234 1527 1395 1589 duos
1437 1527 1505 1589 in
1536 1527 1693 1590 locis
1716 1527 1851 1591 istis

260 1621 572 1683 Macarios
629 1643 661 1677 α
699 1622 876 1701 quasi
934 1622 1061 1686 duo
1126 1624 1287 1687 caeli
1350 1623 1587 1687 lumina
1650 1626 1850 1689 reful-

263 1722 415 1782 sisse
437 1721 551 1803 (2),
589 1743 621 1777 »
650 1731 713 1783 et
738 1721 1065 1799 Palladius,
1097 1724 1207 1804 qui
1246 1742 1375 1787 una
1415 1743 1557 1789 cum
1583 1727 1852 1791 Macario

261 1820 693 1883 Alexandrino
728 1830 851 1884 tres
871 1839 1071 1884 annos
1103 1822 1488 1888 habitaverat
1519 1825 1588 1888 in
1618 1826 1846 1903 Celliis,

263 1921 520 1983 illorum
556 1921 776 1985 laudes
804 1922 1085 1986 referens
1112 1924 1412 2003 singulari
1438 1926 1711 2006 quadam
1742 1928 1846 1991 in-

263 2023 670 2085 troductione
709 2040 871 2103 Opus
908 2024 1026 2087 sibi
1066 2042 1203 2088 esse
1237 2033 1508 2106 putaret,
1547 2048 1625 2091 nc
1668 2036 1849 2091 tanta

264 2141 544 2186 narrans
582 2126 839 2187 mentiri
884 2126 1203 2188 videretur
1240 2126 1348 2207 (3).
1386 2128 1563 2192 Vitae
1611 2131 1846 2193 severi-

263 2230 357 2285 tas
378 2239 591 2305 paene
612 2217 995 2289 incredibilis
1020 2233 1148 2289 tum
1175 2228 1243 2289 in
1270 2227 1621 2292 innumeris
1652 2234 1855 2310 Aegy-

265 2326 355 2405 pti
382 2328 783 2389 monasteriis
813 2328 1081 2407 vigebat,
1110 2332 1167 2406 4
1197 2346 1325 2410 quo
1358 2328 1687 2394 referenda
1706 2339 1853 2395 sunt

266 2428 485 2489 crebra
518 2434 586 2490 et
612 2427 800 2507 longa
831 2429 1067 2491 ieiunia
1096 2428 1202 2510 (4),
1242 2430 1449 2492 omnis
1482 2430 1616 2494 fere
1647 2433 1853 2495 carnis

265 2528 645 2591 abstinentia
678 2529 782 2610 (5),
809 2528 1054 2608 vigiliae
1087 2528 1192 2611 (6),
1226 2528 1529 2593 habitatio
1562 2532 1629 2595 in
1662 2533 1854 2596 cellu-

266 2623 367 2700 lis,
402 2625 471 2687 in
502 2628 737 2707 quibus
781 2629 884 2691 vix
922 2635 1170 2710 poterat
1210 2646 1443 2711 corpus
1482 2634 1720 2695 moveri
1742 2631 1851 2714 (7),

269 2730 330 2785 et
374 2724 521 2800 alia,
557 2744 720 2808 quae
748 2728 997 2792 duriora
1040 2730 1107 2793 in
1149 2732 1547 2795 monasteriis
1574 2735 1854 2798 exerceri

268 2826 584 2889 solebant.
613 2833 665 2890 A
692 2830 1017 2893 monachis
1044 2831 1111 2894 in
1138 2834 1537 2896 monasteriis
1563 2834 1852 2914 degenti-

269 2926 387 2989 bus
433 2928 863 3008 distinguendi
897 2938 1045 2993 sunt
1095 2933 1414 3009 eremitae,
1454 2934 1565 3015 qui
1604 2937 1857 2999 maioris

270 3027 614 3107 spiritualis
636 3030 1041 3109 perfectionis
1080 3032 1297 3111 gratia,
1326 3034 1550 3097 abbate
1582 3053 1855 3099 consen-

270 3125 488 3201 tiente,
511 3127 581 3189 in
607 3127 975 3193 interiorem
1002 3132 1402 3196 solitudinem
1428 3151 1496 3197 se
1516 3135 1852 3211 abdebant,

1882 1875 1927 1932 B

1945 722 2119 803 quod
2163 723 2421 804 quidem
2478 722 2560 785 de
2621 723 2684 783 8.
2746 717 3021 783 Antonio
3074 716 3223 799 (10),
3263 718 3532 781 Macario

1944 822 2254 902 Aegyptio
2306 820 2453 902 (11),
2490 820 2629 883 aliis
2648 819 2913 882 relatum
2963 818 3254 895 legimus.
3285 816 3530 878 Eremi-

1942 930 2149 986 tarum
2190 922 2468 1003 denique
2498 921 2893 984 severitatem
2930 918 3297 998 longissime
3338 934 3530 998 supe-

1945 1025 2167 1087 rabant
2210 1023 2630 1086 anachoretae
2700 1019 2846 1102 (12),
2887 1020 3021 1099 qui,
3052 1034 3533 1098 saepenumero

1946 1131 2140 1188 totam
2162 1141 2367 1206 paene
2393 1124 2583 1187 vitam
2618 1122 2688 1184 in
2707 1121 3007 1184 interiore
3028 1120 3367 1183 solitudine
3394 1119 3534 1181 sine

1947 1233 2001 1304 5
2029 1226 2157 1289 ulla
2198 1225 2475 1289 hominis
2527 1239 2653 1306 cpe
2699 1223 3024 1302 degentes,
3066 1240 3183 1304 per
3224 1223 3536 1303 quinqua-

1948 1325 2116 1402 ginta
2141 1342 2332 1406 saepe
2359 1341 2562 1388 annos
2586 1330 2649 1386 et
2676 1323 2947 1404 amplius
2994 1323 3227 1385 nullius
3258 1321 3535 1385 hominis

1948 1426 2187 1488 vultum
2214 1426 2669 1507 adspiciebant,
2692 1424 3030 1500 radicibus,
3060 1424 3287 1505 pomis,
3319 1424 3535 1486 herbis

1949 1532 2295 1589 vescentes.
2347 1527 2479 1589 Nec
2523 1527 2661 1589 sine
2705 1525 3027 1605 voluptate
3079 1525 3537 1588 fervescentem

1950 1626 2101 1690 solis
2118 1628 2354 1707 ignem,
2376 1626 2510 1690 sitis
2540 1626 2857 1701 ardorem,
2890 1625 3207 1688 defectum
3238 1642 3440 1705 aquae
3467 1625 3535 1687 in

1951 1727 2259 1791 honorem
2288 1727 2512 1790 Christi
2538 1728 2848 1790 ferebant.
2899 1728 3370 1809 Nonnunquam
3400 1728 3534 1790 via-

1953 1831 2077 1900 tor,
2127 1827 2445 1890 desertum
2485 1841 2849 1907 peragrans,
2895 1831 3039 1888 ante
3074 1825 3362 1906 ipsorum
3393 1826 3535 1888 obi-

1954 1933 2087 1990 tum
2118 1928 2298 2009 quasi
2330 1944 2367 1991 a
2410 1928 2539 1990 Deo
2588 1926 2819 1988 missus
2869 1926 3376 2005 superveniebat,
3426 1926 3539 2006 qui

1955 2027 2164 2090 nudos
2203 2044 2315 2089 eos
2355 2025 2690 2107 longisque
2743 2022 2984 2105 capillis
3012 2022 3081 2085 in
3116 2038 3387 2103 corpore
3429 2023 3541 2084 ob-

1954 2133 2156 2191 tectos
2182 2127 2249 2190 in
2267 2127 2486 2189 ultima
2506 2125 2662 2188 hora
2695 2124 3017 2187 reﬁciebat
3046 2132 3108 2187 et
3138 2124 3407 2187 honesto
3435 2130 3538 2187 tu-

1956 2228 2129 2292 mulo
2180 2227 2527 2309 sepeliebat
2578 2223 2728 2305 (13).
2775 2226 3019 2287 Fratres
3061 2228 3270 2285 autem
3300 2223 3368 2284 in
3396 2238 3539 2284 mo-

1957 2329 2249 2393 nasteriis
2278 2345 2532 2409 semper
2557 2325 2745 2389 nudis
2774 2326 3043 2407 pedibus
3074 2332 3136 2387 et
3166 2324 3403 2387 baculis
3436 2324 3539 2386 in-

1960 2429 2142 2492 nixos
2160 2428 2516 2502 incessisse,
2539 2431 2730 2508 caput
2755 2425 3005 2489 cucullo
3023 2426 3315 2488 indutum
3344 2432 3406 2488 et
3427 2424 3544 2488 hu-

1958 2548 2169 2594 meros
2223 2530 2558 2612 scapulari,
2603 2547 2838 2611 corpus
2882 2545 3042 2591 zona
3088 2528 3364 2591 cinctum
3423 2527 3540 2589 ha-

1959 2631 2197 2706 buisse,
2226 2632 2489 2713 insuper
2516 2630 2812 2693 melotem
2839 2630 2882 2691 i.
2919 2646 2976 2690 e.
3020 2628 3271 2691 ovinam
3309 2628 3542 2710 pellem

1962 2730 2253 2809 gessisse,
2284 2730 2453 2810 apud
2481 2729 2813 2809 Evagrium
2845 2727 2993 2809 (14),
3026 2728 3384 2790 Cassianum
3416 2728 3540 2809 (15)

1962 2836 2026 2890 et
2053 2828 2120 2890 in
2137 2828 2294 2890 Vitis
2308 2830 2561 2891 Patrum
2593 2826 2886 2890 editionis
2914 2827 3394 2891 Rosweidianae
3429 2844 3544 2891 co-

1964 2929 2321 3010 piosissime
2348 2935 2657 2992 narratur.

2043 3034 2072 3106 §
2095 3029 2152 3092 3.
2184 3029 2532 3093 Solitariam
2560 3032 2629 3093 in
2650 3034 2935 3110 Aegypto
2960 3030 3148 3093 vitam
3178 3030 3382 3111 quarti
3416 3049 3551 3095 sae-

1964 3130 2091 3194 culi
2129 3137 2214 3207 et,
2256 3150 2387 3213 quo
2415 3134 2568 3197 inde
2616 3134 2738 3196 late
2768 3133 2993 3195 diffusa
3032 3137 3147 3207 est,
3175 3132 3245 3195 in
3274 3134 3451 3214 Syria
3486 3142 3551 3196 et

270 3224 379 3285 ubi
408 3244 669 3305 parvam
706 3228 927 3291 cellam
964 3230 1384 3295 inhabitantes
1426 3234 1690 3313 singulis
1721 3235 1858 3298 die-
1887 3238 1931 3296 ο
1963 3230 2313 3296 Palaestina
2357 3234 2617 3297 uberius
2672 3233 3055 3307 describere,
3110 3233 3188 3295 ab
3229 3232 3351 3296 hoc
3404 3233 3550 3295 loco

272 3324 390 3387 bus
433 3344 667 3405 aquam
719 3344 755 3390 e
801 3332 1183 3395 monasterio
1227 3334 1477 3397 missam
1514 3352 1659 3399 cum
1693 3354 1857 3416 pane
1965 3333 2244 3396 alienum
2288 3342 2404 3397 est.
2464 3338 2832 3417 Quanquam
2882 3333 3039 3397 haec
3088 3352 3288 3415 pauca
3332 3335 3554 3397 adiun-

274 3423 667 3502 recipiebant
696 3424 810 3508 (8);
844 3443 1321 3508 nonnumquam
1341 3446 1491 3492 vero
1520 3437 1583 3493 et
1604 3431 1729 3510 ipsi
1758 3430 1857 3494 lo-

1967 3431 2173 3511 genda
2195 3432 2517 3495 duximus.
2558 3436 2741 3496 Pater
2773 3432 3181 3495 monachicae
3205 3433 3552 3495 institutio-

276 3540 417 3585 cum
440 3542 759 3605 aquosum
786 3528 904 3589 sibi
940 3529 1276 3608 eligebant,
1316 3548 1445 3611 quo
1480 3538 1763 3594 sererent
1798 3540 1861 3594 et
1968 3533 2065 3597 nis
2100 3535 2169 3595 in
2200 3538 2484 3616 Aegypto
2503 3537 2567 3595 S.
2599 3534 2908 3597 Antonius
2937 3552 3203 3613 magnus
3228 3534 3375 3609 fuit;
3406 3552 3554 3596 nam

276 3642 507 3704 panem
537 3644 650 3689 sua
682 3646 874 3691 manu
901 3632 1286 3693 conﬁcerent
1314 3631 1423 3714 (9).
1461 3633 1585 3695 Sed
1624 3633 1856 3696 eremi-

278 3725 397 3787 tica
424 3728 549 3789 vita
580 3728 766 3791 etiam
795 3729 1053 3793 abhates
1094 3742 1200 3794 aut
1220 3748 1408 3795 senes
1440 3734 1864 3796 monasterio-

281 3871 476 3927 Bened.
498 3873 709 3930 Patavii
742 3877 878 3931 1777
910 3876 1019 3933 Τ.1
1054 3878 1255 3951 P.1Ip.
1280 3879 1387 3935 672
1416 3881 1561 3950 (cap.
1597 3879 1718 3947 60);
1740 3877 1857 3933 VV.

280 3964 385 4019 PP.
436 3965 625 4023 Rosw.
680 3984 731 4038 p.
760 3970 901 4035 51,1
949 3971 1092 4041 (cap.
1142 3973 1252 4045 52).
1305 3971 1424 4028 Vita
1475 3973 1535 4028 S.
1583 3971 1864 4029 Pachumii

279 4071 397 4126 cap.
424 4055 609 4120 1,VV.
640 4056 746 4115 PP.
785 4058 969 4117 Rosw.
1002 4063 1197 4132 p.115,
1227 4061 1283 4117 2.

346 4149 427 4218 (1)
466 4147 582 4203 VV.
611 4148 716 4205 PP.
752 4150 935 4206 Rosw.
966 4153 1061 4208 lib.
1091 4153 1138 4208 11
1168 4168 1286 4223 cap.
1324 4153 1396 4208 22
1430 4170 1481 4226 p.
1514 4153 1642 4217 478,
1676 4154 1731 4208 1.

348 4242 431 4312 (2)
470 4240 590 4298 VV.
608 4240 715 4296 PP.
747 4244 929 4299 Rosw.
963 4240 1058 4299 lib.
1090 4242 1132 4298 ll
1162 4262 1284 4317 cap.
1315 4245 1386 4300 28
1419 4262 1473 4317 p.
1508 4246 1635 4310 479,
1660 4246 1718 4300 2.

350 4337 429 4401 (5)
470 4334 615 4390 Hist.
646 4334 846 4405 Laus;
880 4336 955 4393 cf.
994 4336 1139 4393 infra
1164 4340 1339 4410 Caput
1373 4338 1437 4394 ll.

349 4428 559 4497 (4)Alii
604 4438 730 4499 post
774 4430 1019 4502 quinque
1071 4431 1208 4498 dies,
1261 4432 1355 4488 alii
1404 4441 1531 4504 post
1572 4432 1736 4499 duos,
1771 4431 1866 4487 alii

277 4530 406 4590 post
451 4530 590 4582 tres,
620 4521 713 4575 alii
756 4524 922 4578 semel
955 4533 1164 4579 tantum
1204 4525 1260 4581 in
1310 4525 1651 4581 hebdomade
1682 4541 1868 4582 come-

276 4613 501 4677 derunt,
556 4613 646 4667 alii
687 4614 1054 4672 hebdomades
1099 4616 1339 4689 integras
1385 4618 1723 4673 ieiunarunt.
1776 4616 1864 4672 Cf.

277 4701 563 4759 Rosweidi
608 4703 843 4761 Iudicem
904 4724 1081 4763 rerum
1130 4710 1187 4764 in
1238 4712 1375 4765 vitas
1431 4709 1664 4764 Patrum
1714 4724 1763 4765 s.
1810 4724 1865 4763 v.

274 4810 562 4851 ιριωιωηι.

346 4880 429 4949 (5)
476 4899 496 4932 ‹
543 4878 618 4935 De
663 4882 918 4938 carnibus
975 4898 1104 4939 vero
1158 4893 1215 4940 et
1267 4884 1396 4939 vino
1444 4898 1626 4944 tacere
1670 4890 1867 4949 melius

274 4983 413 5042 puto
434 4989 605 5043 quam
630 4974 924 5046 quidquam
951 4976 1152 5043 dicere,
1188 4979 1409 5049 quando
1438 4996 1541 5036 nec
1574 4982 1716 5051 apud
1747 4983 1868 5053 plu-

277 5069 453 5122 rimos
494 5068 720 5137 quidem
761 5069 1155 5125 monachorum
1191 5071 1499 5129 istiusmodi
1530 5075 1738 5145 aliquid
1774 5092 1867 5132 re«

274 5160 549 5227 periatur.
574 5178 593 5210 ι
627 5157 742 5213 Vita
772 5159 827 5215 S.
855 5159 1100 5225 Antonii,
1146 5160 1204 5217 S.
1242 5163 1449 5219 Athan.
1481 5164 1619 5236 Opp.
1658 5168 1694 5221 l.
1734 5168 1769 5221 Ι.
1806 5184 1859 5239 p.

273 5251 384 5305 6‘58
418 5254 566 5321 (cap.
593 5251 671 5317 7),
702 5251 815 5307 VV.
846 5253 951 5309 PP.
984 5254 1168 5313 Rosw.
1200 5272 1253 5328 p.
1284 5258 1374 5320 58,
1406 5258 1430 5312 1
1473 5262 1615 5329 (cap.
1646 5258 1727 5329 6).

352 5343 435 5413 (6)
476 5343 705 5416 Vigiliae
730 5356 785 5402 et
821 5358 1123 5405 nocturnae
1175 5351 1453 5405 orationes
1491 5351 1635 5421 apud
1676 5334 1871 5408 mona-

274 5437 420 5492 chos
454 5440 817 5496 creberrimae
859 5451 1036 5496 erant.
1076 5441 1159 5498 Cf.
1204 5441 1475 5499 Rosweidi
1532 5441 1771 5498 Iudicem
1819 5460 1867 5499 s.

275 5541 331 5581 τ.
359 5524 595 5592 vigiliae.

354 5619 433 5689 (ἲ)
477 5618 663 5674 Talem
687 5621 939 5677 cellulam
974 5621 1299 5679 inhabitavit
1331 5622 1604 5680 Macarius
1633 5624 1870 5680 Alexan-

278 5712 492 5767 drinus.
526 5712 609 5767 Cf.
640 5714 778 5769 infra
801 5715 984 5784 Caput
1019 5712 1101 5770 111.

355 5805 432 5875 (8)
476 5806 750 5878 Sulpicius
812 5807 1056 5863 Severus
1085 5808 1220 5864 Dial.
1257 5844 1269 5865 .
1305 5825 1425 5882 cap.
1468 5811 1555 5872 10,
1598 5809 1869 5864 Gallamlit

284 5894 423 5953 Bibl.
475 5896 574 5954 PP.
628 5899 690 5953 Τ.
733 5897 848 5953 Vill
884 5914 941 5969 p.
976 5897 1100 5964 405,
1130 5899 1185 5968 2,
1226 5898 1402 5973 Migue
1434 5898 1643 5955 Patrol.
1675 5898 1737 5954 T.
1772 5898 1869 5953 XX

1971 3656 2000 3690 ‹‹
2048 3633 2322 3696 necdum
2377 3637 2546 3710 [ante
2589 3637 2757 3710 eum]
2803 3641 2929 3695 tam
2995 3634 3218 3695 crebra
3259 3640 3437 3695 erant
3484 3634 3554 3695 in

1964 3738 2252 3815 Aegypto
2307 3735 2719 3809 monasteria,
2788 3750 3001 3814 neque
3056 3734 3319 3796 omnino
3386 3734 3558 3812 quis-

1966 3896 2021 3951 p.
2060 3880 2185 3937 190.
2220 3878 2305 3935 Cf.
2348 3878 2460 3935 Vit.
2505 3879 2563 3934 S.
2621 3877 2870 3940 Antonii,
2914 3875 2972 3932 S.
3008 3877 3211 3932 Athan.
3261 3876 3400 3947 Opp.
3436 3876 3475 3931 l.
3515 3877 3553 3933 1.

1967 3990 2089 4044 cap.
2121 3974 2211 4039 50,
2245 3972 2361 4029 VV.
2390 3972 2496 4029 PP.
2535 3971 2721 4028 Rosw.
2754 3986 2876 4043 cap.
2905 3971 3009 4037 24,
3032 3972 3126 4025 25.

2033 4063 2111 4133 (9)
2152 4060 2228 4118 lta
2260 4061 2320 4118 S.
2349 4061 2644 4117 Antonius.
2676 4059 2809 4115 Vita
2844 4059 2904 4116 S.
2938 4061 3160 4116 Antonii
3189 4100 3204 4121 ,
3257 4059 3316 4114 8.
3352 4059 3554 4113 Athan.

1966 4148 2106 4225 Opp.
2135 4154 2173 4209 l.
2205 4154 2243 4208 1.
2278 4170 2333 4223 p,
2375 4154 2483 4210 665
2507 4153 2665 4226 (cap.
2706 4150 2833 4225 50),
2880 4151 2995 4209 VV.
3030 4152 3138 4207 PP.
3180 4150 3368 4206 Rosw.
3397 4154 3561 4221 p.18,

1965 4244 2004 4301 2
2032 4245 2176 4317 (cap.
2202 4244 2319 4310 25).

2039 4322 2154 4401 (ιο)
2190 4328 2311 4385 Vita
2341 4327 2399 4384 s.
2435 4327 2679 4393 Antonii,
2710 4327 2767 4381 s.
2802 4326 3008 4381 Athan.
3034 4324 3173 4396 Opp.
3205 4326 3243 4380 l.
3287 4325 3326 4380 ι.
3360 4324 3560 4396 p.662

1970 4421 2117 4494 (cap.
2157 4422 2274 4493 45),
2298 4420 2414 4475 VV.
2443 4419 2550 4475 PP.
2577 4418 2767 4476 Bosw.
2804 4434 2859 4490 p.
2885 4419 2977 4484 47,
3003 4418 3040 4473 2
3076 4418 3220 4490 (cap.
3248 4416 3363 4489 22).

2042 4514 2155 4584 (11)
2191 4513 2279 4570 Cf.
2308 4512 2453 4568 infra
2480 4512 2659 4583 Caput
2683 4510 2749 4566 11.

2040 4608 2156 4678 (12)
2202 4624 2223 4659 ι
2264 4605 2525 4663 Habitant
2553 4606 2801 4676 plerique
2843 4602 2898 4658 in
2929 4617 3115 4659 eremo
3146 4602 3265 4659 sine
3302 4600 3429 4656 ullis
3474 4610 3561 4655 ta-

1969 4700 2304 4764 bernaculis,
2335 4714 2479 4767 quos
2520 4700 2888 4754 anachoretas
2931 4705 3171 4761 vocant;
3207 4696 3399 4749 vivunt
3436 4694 3564 4748 her-

1969 4793 2167 4848 barum
2200 4791 2500 4856 radicibus,
2535 4791 2689 4846 nullo
2715 4804 2961 4861 unquam
3000 4796 3157 4844 certo
3213 4788 3336 4843 loco
3370 4786 3558 4841 consi-

1971 4894 2145 4950 stunt,
2190 4899 2262 4940 ne
2294 4884 2364 4940 ab
2404 4883 2724 4940 hominibus
2770 4883 3218 4953 frequententur;
3268 4894 3407 4948 quas
3455 4894 3559 4933 nox

1971 4976 2229 5048 coegerit.
2277 4974 2436 5031 sedes
2467 4976 2689 5044 habent.
2731 4992 2750 5026 ›
2786 4972 2941 5044 Sulp.
2979 4972 3168 5027 Sever.
3206 4968 3346 5024 Dial.
3384 4970 3560 5040 lcap.

1976 5070 2041 5143 15
2070 5068 2279 5141 (Rosw.
2318 5068 2354 5122 l.
2390 5068 2429 5123 l.
2460 5082 2515 5138 p.
2552 5065 2678 5130 540.
2712 5066 2793 5135 2).

2046 5162 2158 5234 (15)
2193 5161 2315 5217 Vita
2367 5159 2660 5231 Onuphrii,
2704 5158 2816 5213 VV.
2878 5155 2980 5212 PP.
3012 5156 3198 5210 Rosw.
3242 5171 3296 5225 p.
3338 5155 3407 5209 99
3438 5170 3559 5222 sqq.

1972 5254 2048 5311 De
2077 5254 2383 5311 coenobitis
2423 5264 2477 5308 et
2507 5251 2856 5307 auachoretis
2878 5249 2951 5304 cf.
2991 5248 3050 5305 8.
3092 5248 3316 5304 Hieron.
3357 5263 3445 5316 ep.
3467 5246 3561 5308 22,

1973 5345 2114 5418 Opp.
2138 5347 2226 5404 ed.
2270 5345 2447 5415 Migne
2483 5342 2549 5398 T.
2591 5344 2609 5398 1
2645 5341 2874 5415 [PatroL
2908 5340 2974 5397 Τ.
3008 5339 3173 5413 XXII]
3202 5356 3257 5410 p.
3290 5339 3396 5393 419
3436 5355 3561 5407 sqq.

1974 5439 2226 5495 Cassian.
2261 5437 2401 5492 Coll.
2434 5433 2603 5489 XVIII
2628 5450 2750 5505 cap.
2785 5435 2820 5489 4
2852 5450 2975 5504 sqq.
3011 5431 3149 5503 Opp.
3186 5433 3274 5487 ed.
3314 5430 3562 5487 Gazaeus

1976 5547 2032 5603 p.
2064 5531 2170 5586 516
2198 5545 2345 5601 sqq.,
2379 5528 2560 5598 Migne
2598 5527 2802 5584 Patrol.
2833 5525 2898 5582 T.
2936 5524 3103 5581 XLIX
3133 5542 3188 5594 p.
3219 5524 3379 5579 1095.

2047 5621 2162 5691 (14)
2213 5619 2270 5673 In
2318 5620 2480 5682 libro,
2516 5619 2612 5688 qui
2656 5618 2956 5686 inscriptus
2975 5626 3060 5672 est
3099 5614 3293 5683 Capita
3325 5611 3564 5681 practice

1980 5714 2046 5787 ad
2078 5709 2691 5777 Anatolium.'Galland.
2720 5710 2860 5766 Bibl.
2885 5710 2992 5765 PP.
3018 5706 3083 5762 Τ.
3112 5706 3199 5759 Vll
3229 5718 3282 5776 p.
3312 5704 3417 5764 555
3438 5720 3562 5773 sqq.

2053 5807 2166 5877 (15)
2202 5805 2291 5860 Cf.
2319 5805 2386 5858 de
2416 5805 2807 5858 coenobiorum
2846 5801 3111 5858 institutis
3139 5801 3230 5855 lib.
3266 5799 3281 5851 I
3314 5797 3585 5853 Cassiani.

1980 5897 2118 5969 Opp.
2159 5897 2248 5953 ed.
2282 5896 2531 5951 Gazaeus
2567 5910 2623 5967 p.
2664 5894 2699 5950 4
2728 5910 2878 5965 sqq.,
2902 5891 3084 5963 Migne
3119 5892 3155 5946 1.
3188 5892 3224 5947 1.
3255 5905 3307 5958 p.
3336 5889 3403 5945 59
3437 5903 3563 5958 sqq.
