4046 6460
494 430 530 489 ’1
1302 426 1401 482 ss.
1445 424 1906 481 meamonun
1947 424 2273 482 AEGYPTII
2304 426 2393 482 ET
2426 425 2896 488 ALEXANDRINI
3714 414 3754 472 8

501 564 692 629 quam
742 546 941 608 aviam
994 544 1397 607 solitudinem
1444 544 1745 619 noverat,
1776 544 1887 607 sed
1922 546 2066 625 qui-
2097 553 2142 608 Α
2172 546 2364 623 dicas,
2388 565 2622 610 novum
2643 546 2963 627 quoddam
2992 541 3269 621 martyrii
3296 556 3515 617 genus,
3548 540 3750 619 quod,

500 662 754 726 cunque
778 644 846 706 in
881 643 1103 705 Christi
1130 644 1425 705 servitute
1460 643 1711 706 sibimet
1754 643 1881 722 ipsi
1914 660 2068 722 pro-

496 742 682 803 desse
712 740 1024 821 cupiebat,
1055 757 1188 802 non
1215 740 1404 818 longe
1432 758 1470 802 a
1500 758 1613 802 sua
1642 740 1855 802 villula
1883 758 2070 821 sepa-

497 849 668 904 ratus
695 843 1135 906 instituebatur
1168 840 1273 923 (1).
1310 864 1339 899 n
1376 843 1438 903 S.
1470 841 1775 913 Antonius
1800 859 1973 917 vero,
2002 842 2074 903 li-

498 949 599 1002 cet
626 942 748 1003 vita
778 941 913 1003 eius
940 939 1171 1003 multos
1199 946 1408 1020 patres
1434 940 1513 1002 ad
1541 939 1953 1002 imitationem
1980 940 2075 1001 in-

502 1042 933 1116 ﬂammaverit,
965 1048 1027 1103 et
1058 1064 1082 1097 tl
1121 1041 1360 1104 cunctis
1390 1040 1470 1102 ad
1495 1040 1867 1103 imitandum
1895 1058 2075 1121 prae-

502 1144 668 1207 clare
697 1144 1018 1223 pr0posita
1052 1141 1132 1222 (2)
1174 1166 1201 1197 ιο
1242 1157 1474 1203 novum
1502 1140 1679 1203 illum
1710 1141 1790 1203 ad
1827 1158 2074 1203 eremos

500 1261 877 1309 concursum
896 1242 1159 1304 multum
1184 1242 1587 1321 promoverit,
1618 1241 1877 1303 minime
1905 1241 2073 1304 hunc

498 1346 862 1408 interiorem
903 1343 1105 1422 gentis
1149 1342 1491 1422 Aegyptiae
1537 1341 1897 1419 religiosum
1945 1341 2076 1403 ani-

500 1448 588 1510 mi
606 1462 860 1509 sensum
889 1452 1125 1513 temere
1154 1444 1525 1525 procreavit,
1549 1460 1767 1505 verum
1792 1449 2075 1522 tempora

500 1546 606 1608 illa
644 1546 910 1625 Aegypti
956 1545 1034 1606 ad
1072 1548 1130 1618 6
1173 1544 1361 1606 vitam
1406 1542 1842 1606 monachicam
1886 1558 2075 1621 quam

499 1646 776 1709 maxime
831 1645 1237 1707 inclinabant.
1290 1668 1318 1701 α
1355 1645 1504 1706 Post
1567 1643 2074 1723 persecutionem

500 1738 867 1810 Diocletiani
886 1750 948 1805 et
968 1742 1323 1804 Maximiani
1341 1740 1691 1805 crudelium
1716 1741 2077 1822 principum

501 1842 834 1907 multitudo
877 1842 1157 1920 gentium
1206 1841 1295 1918 [in
1345 1842 1750 1918 monasteria}
1800 1839 2073 1914 intravit,

503 1950 566 2007 et
623 1942 972 2006 fecunditas
1000 1940 1316 2003 Ecclesiae
1356 1940 1598 2003 fructus
1653 1940 2075 2021 amplissimos

502 2046 711 2126 coepit
752 2044 1049 2107 exhibere
1094 2042 1200 2124 (3).
1239 2066 1269 2101 »
1308 2045 1461 2105 Nam
1500 2065 1529 2099 α
1579 2041 2071 2115 considerantes,

502 2150 610 2229 qui
640 2148 719 2209 de
756 2148 1047 2226 gentibus
1076 2147 1143 2208 in
1178 2145 1418 2206 Christo
1448 2144 1866 2217 crediderant,
1904 2159 2073 2203 mar-

501 2257 712 2329 tyrum
747 2248 1095 2329 passiones,
1142 2263 1493 2325 eorumque
1540 2245 1858 2306 sincerum
1913 2242 2077 2306 eirea

501 2349 812 2411 Christum
840 2346 1257 2411 confessionis
1285 2347 1603 2419 affectum,
1638 2349 1985 2424 coeperunt
2014 2348 2078 2404 et

499 2450 623 2530 ipsi
680 2466 795 2530 per
848 2449 1105 2528 gratiam
1154 2447 1405 2511 Domini
1470 2448 1841 2508 Sanctorum
1885 2444 2076 2505 vitam

503 2549 1167 2627 conversationemque
1215 2546 1461 2620 sectari,
1508 2552 1569 2607 et
1610 2544 1797 2606 huius
1833 2544 2080 2605 institu-

498 2650 692 2711 tionis
724 2665 884 2721 esse,
912 2654 983 2709 ut
1011 2648 1197 2711 etiam
1234 2645 1332 2708 his
1360 2644 1516 2707 illud
1553 2650 1873 2725 aptaretur
1902 2644 2076 2722 Apo-

503 2750 646 2813 stoli
688 2768 702 2810 :
748 2748 1201 2811 Circumierunt
1236 2747 1304 2809 in
1345 2746 1594 2808 melotis
1622 2792 1638 2820 ,
1695 2746 1763 2806 in
1806 2743 2080 2824 pellibus

501 2850 797 2931 caprinis,
851 2855 1133 2927 egentes,
1181 2846 1539 2926 angustiati,
1584 2844 1813 2918 amicti,
1846 2845 2078 2924 quibus

501 2970 632 3015 non
666 2958 798 3014 erat
826 2951 1053 3028 dignus
1085 2948 1385 3021 mundus,
1414 2947 1484 3008 in
1513 2946 1955 3008 solitudinibus
1985 2963 2083 3007 er-

501 3060 711 3116 rantes
744 3057 807 3114 et
834 3050 1176 3123 montibus,
1224 3048 1292 3109 in
1340 3047 1659 3128 speluncis
1708 3051 1770 3107 et
1798 3046 2079 3107 cavernis

499 3160 705 3215 terrae
735 3151 840 3232 (4).
876 3175 904 3208 ››
936 3150 1125 3212 Vides
1153 3149 1427 3211 studium
1457 3148 1755 3226 martyrii,
1786 3147 2079 3208 timorem

2171 664 2300 727 quo
2334 649 2529 727 magis
2572 648 2854 728 ipsorum
2896 644 3273 706 voluntatem
3316 642 3479 702 Deus
3518 640 3755 702 ducere

2172 745 2535 824 dignaretur
2566 746 2644 808 ad
2675 745 2935 817 exitum,
2984 742 3108 822 ipsi
3154 740 3272 803 sibi
3315 739 3755 819 imponebant,

2171 861 2243 905 ac
2263 851 2562 924 tanquam
2581 845 2741 906 viam
2771 842 3212 923 perfectiorem
3242 840 3758 917 securioremque

2173 944 2291 1005 sibi
2326 943 2660 1021 eligebant,
2687 940 3072 1004 saecularem
3100 940 3312 1013 vitam,
3339 938 3402 999 id
3434 936 3607 1017 quod
3634 936 3755 997 be-

2173 1060 2255 1105 ne
2297 1045 2611 1117 observes,
2645 1044 2903 1105 minime
2934 1041 3355 1121 despicientes
3382 1038 3486 1120 (5).
3522 1040 3609 1099 Ex
3643 1030 3758 1099 illo

2173 1152 2385 1207 autem
2419 1146 2721 1206 interiore
2768 1151 3033 1217 tantum,
3069 1141 3241 1221 quod
3271 1141 3528 1220 spiritus
3562 1140 3756 1200 effer-

2172 1262 2434 1307 vescens
2462 1251 2776 1325 operatur,
2809 1244 3123 1305 desiderio
3158 1242 3497 1303 sanctitatis
3535 1252 3758 1301 exem-

2174 1344 2411 1425 ploque
2446 1362 2483 1406 a
2519 1345 2775 1406 senibus
2805 1344 3035 1406 sanctis
3079 1342 3160 1405 ad
3197 1341 3566 1402 imitandum
3598 1356 3758 1419 pro-

2175 1446 2387 1526 posito
2414 1445 2713 1525 explicari
2764 1450 2995 1524 potest,
3043 1441 3213 1522 quod
3255 1448 3385 1503 tota
3418 1441 3595 1520 quasi
3629 1444 3757 1501 Ae-

2176 1554 2406 1627 gyptus
2434 1563 2620 1608 senes
2646 1547 2697 1616 '7
2724 1545 2869 1607 illos
2906 1546 2974 1607 in
3000 1544 3248 1605 deserto
3289 1544 3371 1604 sit
3418 1550 3653 1615 secuta,
3690 1548 3760 1602 et

2175 1664 2302 1709 una
2348 1664 2488 1709 cum
2552 1647 2630 1707 iis
2692 1644 3124 1708 lubentissime
3164 1644 3543 1724 asperrimos
3594 1644 3761 1705 vitae

2176 1746 2426 1809 labores
2488 1746 2723 1820 tulerit,
2779 1746 2951 1826 quod
2998 1751 3144 1826 post
3186 1763 3295 1807 sex
3354 1744 3452 1807 vel
3512 1752 3763 1824 septem

2178 1846 2488 1909 decennia
2548 1845 2933 1909 vastissimae
3005 1846 3378 1908 solitudines
3434 1852 3765 1908 monaste-

2177 1946 2286 2007 riis
2325 1947 2683 2025 sanctisque
2728 1947 2876 2009 viris
2930 1946 3014 2009 ita
3063 1945 3298 2007 fuerint
3340 1946 3628 2020 refertae,
3663 1952 3765 2021 ut,

2178 2065 2206 2101 α
2243 2046 2462 2124 quanti
2498 2045 2721 2125 pOpuli
2767 2045 3162 2108 habebantur
3194 2046 3262 2106 in
3300 2045 3583 2119 urbibus,
3616 2052 3768 2105 tan-

2173 2151 2274 2207 tae
2301 2162 2505 2225 paene
2531 2146 2599 2206 in
2628 2144 2890 2207 desertis
2922 2143 3303 2206 haberentur
3328 2144 3773 2205 multitudines

2174 2246 2631 2309 monachorum
2666 2246 2771 2328 (6),
2806 2267 2836 2303 in
2869 2245 3042 2325 quod
3070 2244 3147 2307 ad
3186 2244 3519 2307 horribiles
3564 2246 3775 2307 Scetis

2174 2345 2351 2409 locos
2384 2363 2419 2408 e
2449 2346 2683 2426 palatio
2713 2346 3009 2407 Arsenius
3040 2346 3148 2425 (7),
3184 2361 3219 2406 e
3258 2345 3554 2408 mollibus
3585 2344 3775 2407 aedi-

2174 2446 2295 2509 bus
2320 2446 2582 2509 iuvenes
2612 2453 2869 2510 tenerae
2895 2436 3116 2509 aetatis
3149 2445 3231 2526 (8)
3273 2446 3351 2507 ad
3387 2446 3634 2509 labores
3662 2446 3779 2507 vix

2174 2547 2475 2610 ferendos
2547 2548 3048 2629 properaverint,
3098 2545 3272 2625 quod
3328 2547 3523 2609 Nitria
3582 2564 3783 2608 mons

2178 2646 2463 2726 quinque
2508 2646 2790 2708 millibus
2828 2646 2936 2727 (9),
2989 2645 3169 2705 Scete
3220 2660 3451 2721 magno
3497 2660 3783 2705 numero

2176 2745 2635 2808 monachorum
2657 2744 2806 2827 (10),
2831 2746 3019 2808 Cellia
3036 2746 3386 2807 innumeris
3402 2744 3778 2806 abundave-

2178 2846 2303 2908 rint
2331 2846 2574 2909 cellulis
2597 2844 2744 2927 (11),
2768 2847 3059 2924 regiones
3088 2846 3165 2907 ad
3188 2844 3529 2925 Memphim
3558 2852 3618 2905 et
3644 2844 3783 2904 Ba-

2179 2947 2483 3027 bylonem
2554 2947 2949 3027 pertinentes
3002 2946 3245 3024 ingenti
3311 2944 3782 3007 monachorum

2179 3044 2580 3107 multitudine
2626 3046 2980 3107 aﬂluxerint
3020 3044 3168 3125 (12),
3212 3044 3377 3106 circa
3408 3042 3615 3104 Nilum
3644 3059 3783 3102 nu-

2181 3147 2605 3209 merosissima
2640 3156 2981 3227 conspecta
3022 3146 3145 3208 sint
3192 3145 3569 3206 monasteria
3606 3141 3725 3223 (13)
3758 3193 3782 3218 ,

503 3250 634 3323 Dei,
671 3257 859 3329 atque
903 3265 1117 3310 curam
1158 3264 1343 3309 verae
1381 3246 1592 3308 salutis
1620 3246 1867 3307 animae
1914 3245 2081 3307 viros
2107 3239 2149 3296 C
2184 3246 2356 3327 quod
2374 3247 2681 3328 Serapion
2705 3247 2839 3309 fere
2860 3247 3080 3309 decem
3100 3245 3295 3307 millia
3312 3243 3785 3306 monachorum

502 3349 646 3413 illos
664 3350 732 3411 in
761 3366 1043 3411 eremum
1073 3347 1387 3422 eduxisse,
1419 3348 1487 3408 in
1507 3364 1631 3426 qua
1650 3347 1836 3408 vitam
1856 3348 1924 3408 in
1950 3348 2080 3409 Deo

502 3448 874 3513 collocatam
911 3449 1208 3521 viverent,
1260 3453 1322 3509 et
1360 3453 1563 3507 morte
1592 3463 1709 3526 pro
1745 3445 1986 3507 Christo
2013 3446 2080 3508 in

504 3548 1051 3631 persecutionibus
1096 3546 1425 3609 subeunda
1470 3562 1602 3609 non
1635 3545 1873 3623 dignati
1910 3563 2080 3609 nunc

503 3650 622 3713 sibi
655 3651 775 3730 ipsi
822 3656 884 3710 et
928 3647 1169 3710 mundo
1215 3653 1633 3720 morerentur,
1676 3654 1744 3708 ut
1777 3664 2080 3724 exsurge-

504 3757 644 3813 rent
671 3750 738 3811 in
774 3748 1037 3810 Christo.
1082 3747 1596 3809 Anachoreticam
1634 3753 1695 3808 et
1740 3747 2080 3808 solitariam

504 3852 708 3934 quarti
752 3849 988 3913 saeculi
1019 3850 1206 3911 vitam
1239 3848 1670 3911 continuatum
1711 3830 2079 3928 martyrium

578 4001 653 4071 (ι)
686 4000 806 4054 Vita
842 3998 900 4053 s.
937 3999 1197 4062 Antonii,
1230 3996 1290 4052 s.
1326 3998 1527 4053 Athan.
1560 3996 1700 4068 Opp.
1742 3998 1781 4052 ι.
1818 3998 1855 4051 1.
1884 4013 1938 4068 p.
1973 3996 2081 4051 634

507 4094 649 4161 (cap.
686 4091 762 4160 5),
794 4088 908 4145 νν.
948 4088 1055 4144 PP.
1091 4088 1277 4144 Rosw.
1312 4104 1365 4158 p.
1400 4087 1492 4153 56,
1514 4088 1551 4141 2
1583 4087 1725 4157 (cap.
1759 4088 1833 4159 5).

579 4182 655 4253 (2)
685 4180 810 4236 Vita
838 4183 897 4237 S.
932 4181 1220 4236 Pachomii
1265 4196 1391 4251 cap.
1425 4180 1480 4247 1,
1515 4178 1627 4234 νν.
1654 4178 1763 4236 ΡΡ.
1809 4178 1995 4234 Hosw.
2026 4195 2079 4250 p.

510 4272 635 4335 “'5,
665 4270 720 4325 2.

579 4361 1154 4434 (3)lbid.p.1|4,1.

581 4454 658 4523 (4)
690 4453 906 4523 Prolog.
933 4454 991 4507 in
1013 4451 1191 4506 Vitam
1219 4451 1280 4507 ὅ.
1306 4451 1610 4512 Pacliomii,
1634 4451 1768 4506 ibid.
1797 4467 1854 4523 ι).
1877 4448 2004 4515 115,
2031 4452 2083 4508 1.

580 4543 658 4616 (5)
707 4542 1024 4607 Revelatur,
1080 4542 1451 4613 Paphnutium
1514 4544 1813 4598 sanctitate
1854 4542 2087 4597 similem

510 4650 635 4692 esse
656 4634 1053 4707 symphoniaco
1080 4633 1321 4699 cuidam,
1348 4635 1443 4705 qui
1466 4634 1523 4689 in
1553 4636 1673 4689 vico
1697 4634 1934 4705 quodam
1957 4648 2090 4688 can-

512 4727 664 4783 tandi
699 4736 818 4782 arte
847 4729 1053 4783 victum
1083 4728 1405 4798 quaerebat.
1442 4726 1688 4782 Eundem
1718 4729 1991 4782 revelatur
2014 4728 2091 4783 si-

514 4821 694 4875 milem
725 4835 849 4876 esse
888 4820 1206 4891 praeposito
1236 4820 1342 4873 vici
1375 4821 1665 4875 cuiusdam
1706 4820 1895 4874 vicini.
1941 4818 2088 4874 Idem

515 4912 807 4969 sanctitate
829 4912 1027 4968 similis
1054 4911 1331 4967 iudicatur
1362 4912 1694 4983 negotiatori
1720 4912 2091 4968 Alexandrino

514 5004 705 5074 viginti
743 5006 985 5061 millibus
1029 5005 1334 5061 solidorum
1372 5005 1730 5061 mercimonia
1782 5006 1961 5062 tribus
1992 5020 2095 5060 na-

513 5096 676 5152 vibus
712 5097 982 5153 deferenti
1012 5114 1079 5153 ex
1112 5097 1410 5153 Thebaide.
1452 5096 1571 5153 νν.
1621 5098 1727 5152 PP.
1771 5097 1960 5155 Hosw.
1992 5100 2089 5154 lib.

517 5187 559 5241 ll
582 5202 703 5257 cap.
729 5186 798 5243 16
826 5204 883 5259 ι).
916 5190 1024 5244 475
1055 5206 1177 5261 sqq.
1204 5207 1219 5256 ;
1246 5190 1389 5246 Hist.
1420 5188 1588 5245 Laus.
1618 5190 1705 5245 ed.
1733 5189 1936 5246 Meurs.
1968 5205 2090 5260 cap.

520 5282 607 5345 44,
637 5280 729 5343 45.
765 5282 854 5337 46.
888 5282 1127 5339 Macario
1157 5299 1261 5340 vox
1296 5283 1392 5340 Dei
1431 5302 1446 5339 :
1502 5303 1523 5336 ‹
1561 5284 1785 5350 Macari,
1820 5304 1840 5337 ι
1892 5286 2091 5355 inquit,

524 5390 543 5423 ο
576 5371 806 5426 necdum
841 5371 909 5425 ad
941 5387 1256 5427 mensuram
1284 5374 1519 5429 duarum
1560 5375 1854 5429 mulierum
1898 5390 2094 5444 perve-

518 5464 671 5531 nisti,
706 5480 846 5535 quae
876 5465 932 5519 in
967 5467 1221 5534 proxima
1260 5468 1470 5536 pariter
1505 5466 1756 5522 habitant
1784 5467 2029 5523 civitate.
2070 5485 2089 5519 ι

520 5557 651 5612 Ibid.
680 5557 777 5611 lib.
812 5555 879 5610 IlI
906 5570 1028 5626 cap.
1066 5557 1133 5612 97
1161 5573 1216 5627 p.
1245 5557 1369 5621 515,
1406 5559 1458 5612 1.
1503 5556 1657 5611 Talia
1691 5573 1822 5613 vero
1848 5559 2097 5629 exempla

522 5648 577 5702 in
616 5646 724 5701 νν.
762 5646 865 5701 PP.
897 5648 1068 5701 multa
1099 5648 1475 5703 inveniuntur.

593 5740 669 5810 (6)
701 5736 805 5792 νν.
846 5737 949 5792 PP.
988 5737 1175 5795 Rosw.
1202 5739 1299 5794 lib.
1336 5739 1377 5793 Il
1406 5756 1528 5810 cap.
1558 5740 1589 5793 '7
1612 5756 1667 5812 p.
1693 5741 1820 5805 ιθι,
1851 5741 1920 5807 2;
1950 5740 2096 5797 Hist.

522 5827 684 5884 Laus.
714 5831 802 5885 ed.
833 5830 1036 5886 Meurs.
1076 5847 1200 5902 cap.
1232 5832 1321 5899 52,
1355 5835 1493 5902 Upp.
1527 5832 1755 5887 Meursii
1788 5850 1855 5891 ex
1880 5851 2091 5893 recens.

522 5920 576 5975 J.
606 5919 759 5976 Lami
789 5919 1099 5980 Florentiae
1131 5923 1268 5979 1746
1298 5924 1362 5980 T.
1398 5924 1512 5980 Vlll
1538 5941 1592 5996 p.
1626 5925 1754 5982 497.

2180 3349 2414 3411 rexerit
2446 3347 2599 3429 (14),
2617 3348 2875 3428 quodin
2901 3347 3212 3410 Tabennis
3238 3345 3602 3408 Pachomius
3631 3361 3787 3424 per-

2185 3449 2489 3527 grandem
2516 3448 2778 3511 fratrum
2812 3449 3060 3529 copiam
3079 3446 3295 3525 regula
3322 3445 3595 3507 tenuerit
3621 3444 3784 3525 (15),

2190 3553 2414 3614 civitas
2441 3558 2651 3613 autem
2679 3550 3095 3631 Oxyrynchus
3122 3551 3189 3611 in
3214 3548 3529 3610 Thebaide
3558 3563 3791 3607 mona-

2186 3651 2322 3714 chis
2341 3650 2530 3713 fuerit
2552 3651 2934 3713 intrinsecus
2955 3656 3017 3712 et
3038 3649 3427 3710 extrinsecus
3452 3646 3687 3727 repleta
3709 3653 3788 3709 et

2188 3752 2595 3827 circumdata,
2619 3753 2756 3814 eius
2785 3752 2974 3814 aedes
2995 3750 3284 3831 publicae
3313 3766 3430 3811 nec
3461 3766 3589 3809 non
3617 3753 3785 3808 tem-

2187 3854 2291 3933 pla
2302 3855 2597 3935 antiquae
2609 3852 3070 3934 superstitionis
3081 3869 3115 3913 a
3132 3850 3456 3914 monachis
3467 3848 3786 3912 inhabita-

2260 4007 2336 4078 (7)
2380 4004 2551 4059 Index
2584 4001 2864 4059 Rosweidi
2901 4018 2951 4057 s.
2982 4019 3033 4057 v.
3067 4001 3340 4056 Arrenius.

2257 4098 2335 4167 (8)
2382 4093 2498 4150 νν.
2534 4092 2640 4147 ΡΡ.
2690 4094 2877 4148 Rosw.
2912 4094 3010 4147 lib.
3054 4091 3124 4145 Vl
3154 4093 3324 4147 libell.
3355 4094 3409 4159 5,
3449 4093 3521 4160 2;
3574 4095 3667 4150 lib.
3707 4095 3777 4149 III

2185 4203 2308 4257 cap.
2345 4186 2470 4241 195.
2498 4184 2586 4239 Cl'.
2624 4185 2771 4239 infra
2804 4182 2979 4253 Caput
3014 4181 3104 4239 νΙ.
3206 4240 3209 4243 ,

2258 4280 2335 4349 (9)
2368 4277 2511 4333 Hist.
2543 4276 2713 4332 Laus.
2748 4276 2785 4330 l.
2821 4276 2859 4329 l.
2892 4290 3014 4346 cap.
3056 4276 3089 4331 8
3117 4291 3170 4347 p.
3208 4274 3337 4331 559.

2260 4374 2373 4445 (10)
2405 4371 2490 4427 Cf.
2524 4371 2671 4425 infra
2699 4369 2880 4439 Caput
2907 4367 2974 4422 ll.

2261 4464 2372 4536 (11)
2404 4462 2520 4519 νν.
2554 4461 2661 4518 ΡΡ.
2708 4460 2892 4518 Hosw.
2946 4461 3042 4515 lib.
3078 4459 3147 4515 Ill
3177 4476 3299 4532 cap.
3337 4460 3409 4516 26
3447 4477 3503 4533 p.
3539 4462 3664 4527 501,
3704 4455 3769 4521 Η

2190 4560 2286 4615 lib.
2320 4557 2367 4612 Il
2403 4573 2529 4628 cap.
2560 4556 2632 4610 22
2667 4571 2722 4627 p.
2752 4555 2878 4621 478,
2910 4553 2964 4607 1.

2262 4650 2375 4720 (12)
2401 4648 2538 4705 Ibid.
2567 4648 2665 4702 lib.
2702 4643 2745 4701 ll
2773 4662 2897 4717 cap.
2928 4644 2997 4699 18
3022 4660 3075 4714 p.
3113 4643 3313 4707 476,1.

2264 4742 2376 4812 (15)
2412 4741 2567 4811 Sulp.
2601 4736 2728 4794 Sev.
2762 4737 2903 4791 Dial.
2930 4737 2948 4791 l
2975 4753 3097 4807 cap.
3131 4736 3331 4800 10.17,
3358 4735 3611 4791 Galland.
3636 4736 3775 4793 Bibl.

2190 4833 2296 4888 PP.
2332 4832 2396 4887 Τ.
2440 4830 2553 4887 VIII
2590 4848 2639 4887 0.
2676 4831 2804 4887 405.
2838 4829 2970 4896 407,
3001 4829 3182 4899 Migne
3224 4827 3432 4881 Patrol.
3475 4828 3541 4883 T.
3587 4827 3683 4881 XX
3724 4844 3779 4900 p.

2194 4926 2318 4981 190.
2352 4923 2477 4979 195.

2266 5016 2380 5087 (14)
2416 5012 2533 5069 νν.
2569 5012 2677 5071 PP.
2721 5014 2911 5068 Hosw.
2951 5012 3048 5066 lib.
3093 5009 3136 5064 ll
3172 5026 3294 5081 cap.
3332 5010 3400 5065 18
3442 5024 3497 5080 p.
3544 5008 3672 5074 476,
3707 5007 3778 5075 1;

2196 5104 2342 5161 Hist.
2371 5104 2540 5160 Laus.
2571 5120 2693 5174 cap.
2722 5103 2785 5157 77
2812 5104 2952 5175 Opp.
2974 5103 3175 5159 Meurs.
3201 5104 3239 5157 l.
3268 5103 3306 5157 l.
3338 5118 3390 5173 p.
3413 5102 3536 5158 557.
3561 5101 3783 5158 Codiciv

2196 5199 2302 5254 bus
2332 5196 2860 5253 Vindobonensibus
2908 5196 3184 5253 Historiae
3217 5196 3521 5252 Lausiacae
3550 5198 3688 5252 nihil
3718 5197 3787 5251 de

2201 5295 2501 5365 Serapione
2539 5294 2878 5358 continetur,
2914 5292 2989 5348 cf.
3033 5291 3265 5347 Palladii
3303 5292 3604 5348 Historiam
3642 5293 3787 5347 Lau-

2198 5387 2400 5440 siacam
2415 5386 2484 5439 ad
2505 5385 2704 5440 codicis
2734 5385 3157 5441 Vindobonensis
3191 5386 3349 5456 ﬁdem
3378 5402 3412 5437 α
3438 5387 3589 5438 nobis
3619 5384 3787 5438 brevi-

2201 5487 2280 5531 ter
2298 5476 2641 5542 delineatam,
2667 5476 2809 5531 infra
2842 5478 2973 5532 huic
2995 5485 3219 5532 nostrae
3252 5476 3483 5532 editioni
3510 5473 3789 5530 Historiae

2199 5567 2502 5623 Lausiacae
2533 5569 2931 5640 praepositam.

2273 5661 2387 5733 (15)
2405 5660 2530 5716 Vita
2553 5661 2611 5715 S.
2638 5659 3065 5729 Pachomii,VV.
3090 5659 3196 5715 PP.
3223 5658 3404 5715 Rosw.
3437 5673 3490 5729 p.
3515 5658 3617 5711 119.
3643 5674 3787 5727 sqq.;

2200 5749 2317 5804 νν.
2356 5750 2459 5807 PP.
2489 5753 2673 5807 Rosw.
2707 5752 2805 5807 lib.
2838 5750 2904 5805 Ill
2951 5768 3075 5820 cap.
3128 5753 3234 5818 54;
3279 5751 3420 5805 Hist.
3457 5747 3623 5802 Laus.
3664 5762 3787 5816 cap.

2202 5843 2291 5906 '59,
2323 5840 2459 5912 Opp.
2495 5842 2696 5898 llleurs.
2722 5844 2762 5897 l.
2798 5844 2834 5897 l.
2864 5846 2931 5914 'p.
2970 5843 3095 5899 «154.
3138 5841 3531 5898 Monasterium
3572 5852 3794 5910 quoque

2202 5933 2481 6003 virginum
2514 5932 2572 5991 S.
2600 5933 2936 5995 Pachomius
2970 5936 3147 5994 sorori
3172 5951 3304 5992 suae
3338 5931 3633 5990 exstruxit.
3675 5928 3794 5984 Vita
