4046 6452
1782 414 2013 473 VITAE.
3492 415 3561 468 lo

237 533 294 588 ta
307 527 452 599 sint,
476 532 550 589 et
562 544 693 609 per
711 534 936 593 totam
960 532 1131 594 illam
1152 531 1460 595 civitatem
1482 532 1681 595 multo
1694 532 1875 613 plura
1904 540 1951 597 Α
1979 535 2243 613 ceditur,
2271 543 2333 600 et
2361 535 2851 601 extraordinaria
2883 540 3169 613 tempora
3214 549 3343 594 non
3387 536 3561 593 ornt--

256 631 659 707 monasteria,
680 651 889 714 quam
912 635 1142 697 domus
1162 634 1529 708 exstiterint,
1540 634 1623 696 ita
1637 641 1705 696 ut
1718 635 1869 696 urbs

265 742 382 797 tota
400 752 530 796 una
550 735 846 799 ecclesia
866 754 1014 798 esse
1034 737 1368 808 videretur,
1395 741 1585 816 atque
1612 735 1868 816 episco-

274 856 380 918 pus
394 837 521 900 loci
538 838 782 917 viginti
799 839 1000 901 millia
1013 839 1318 917 virginum
1347 843 1407 900 et
1427 838 1648 900 decem
1674 837 1870 900 millia

276 938 742 1002 monachorum
781 945 841 1015 8
884 941 1046 1002 inibi
1088 940 1367 1003 habitare
1396 939 1728 1002 afﬁrmaret
1758 939 1867 1019 (l).

284 1044 361 1104 Ex
390 1043 651 1105 interno
698 1048 945 1105 tantum
978 1043 1258 1121 martyrii
1290 1059 1500 1115 sensu,
1538 1042 1648 1122 qui
1674 1047 1871 1104 totam

288 1148 635 1222 Aegyptum
656 1143 1109 1216 inﬂammabat,
1134 1160 1211 1205 ex
1238 1142 1543 1223 adspectu
1570 1140 1871 1202 libidino-

288 1261 383 1304 sae
425 1260 785 1322 paucorum
816 1260 1203 1323 paganorum
1224 1242 1412 1317 vitae,
1452 1259 1530 1304 ex
1555 1242 1870 1304 desiderio

285 1352 610 1407 anteactae
644 1345 809 1406 vitae
836 1344 1147 1407 severiore
1189 1342 1517 1423 disciplina
1546 1341 1870 1419 corrigen-

286 1444 421 1519 dae,
464 1463 501 1507 e
531 1463 763 1507 senum
793 1446 1188 1507 eremitarum
1218 1443 1588 1517 constantia,
1621 1443 1872 1523 patien-

284 1545 386 1617 tia,
419 1546 786 1618 virtutibus,
818 1546 1132 1607 miraculis
1159 1545 1270 1606 Dei
1305 1560 1429 1625 ope
1460 1542 1737 1623 patratis,
1768 1541 1872 1603 in-
1914 1606 1917 1609 .

284 1645 479 1723 telligi
512 1653 729 1727 potest
755 1646 858 1707 ille
888 1663 1233 1709 concursus
1260 1645 1341 1708 ad
1374 1643 1754 1707 monasteria
1788 1643 1877 1705 νί-

283 1752 513 1826 tneque
564 1747 882 1821 severitas,
951 1765 1113 1828 quae
1169 1748 1361 1809 nimia
1413 1762 1873 1827 saepenumero

284 1844 566 1924 cuipiam
600 1846 879 1908 videatur
908 1863 944 1908 e
971 1847 1207 1925 vulgari
1234 1863 1412 1909 more
1440 1846 1762 1926 modoque
1784 1844 1877 1906 iu-

288 1945 549 2019 dicanti,
572 1955 757 2027 atque
779 1948 1010 2023 effecit,
1033 1956 1103 2010 ut
1127 1954 1395 2010 exeunte
1416 1951 1640 2027 quarto
1663 1964 1878 2009 saecu-

287 2047 432 2109 culo
465 2053 789 2127 Aegyptus
834 2049 1077 2112 cunctis
1106 2049 1287 2111 terris
1320 2047 1644 2125 religionis
1673 2046 1877 2109 facem

290 2148 682 2227 praetulerit.
724 2151 786 2211 S.
829 2148 1253 2229 Hieronymus
1301 2166 1337 2211 e
1381 2149 1703 2222 Dalmatia,
1739 2149 1876 2209 Ru-

292 2252 454 2312 finus
490 2268 573 2312 ex
603 2251 799 2327 Italia,
849 2252 1161 2334 Sulpicius
1200 2253 1467 2314 Severus
1511 2267 1546 2312 e
1583 2249 1876 2325 Massilia,

291 2352 592 2430 Evagrius
635 2370 671 2414 e
717 2355 941 2429 Ponto,
998 2354 1309 2417 Palladius
1349 2370 1385 2415 e
1434 2352 1878 2414 Constantino-

293 2451 448 2531 poli,
489 2454 823 2514 Cassianus
868 2453 1101 2534 aliique
1149 2471 1185 2516 e
1219 2452 1592 2527 Palaestina,
1634 2450 1881 2514 nobiles

291 2552 405 2612 viri
458 2559 521 2613 et
560 2553 835 2615 feminae
877 2552 992 2633 (2)
1042 2570 1077 2616 e
1117 2556 1319 2615 Roma
1360 2556 1713 2632 Aegyptum
1761 2569 1879 2632 pe-

294 2660 457 2725 tunt,
487 2658 561 2713 ut
589 2653 893 2732 adspectu
922 2659 984 2714 et
1010 2652 1471 2715 consuetudine
1492 2668 1718 2714 senum
1744 2651 1880 2711 fru-

296 2764 435 2816 ctus
482 2755 755 2835 Spiritus
793 2754 990 2815 sancti
1038 2754 1158 2816 sibi
1207 2753 1527 2832 colligant.
1557 2753 1649 2815 Ad
1686 2754 1885 2813 Fran-

294 2872 404 2917 cos
437 2855 519 2934 (3)
555 2872 759 2935 usque
800 2860 861 2916 et
909 2856 1102 2917 Indos
1135 2852 1216 2937 (4)
1244 2855 1411 2916 fama
1456 2854 1880 2927 curationum,

296 2975 450 3037 quas
504 2975 625 3037 per
674 2974 855 3019 senes
903 2958 1067 3018 Deus
1114 2956 1443 3028 efficiebat,
1508 2954 1881 3035 penetravit.

296 3062 620 3138 Aegyptus
647 3076 848 3120 unum
879 3058 1354 3132 monasterium,
1387 3056 1566 3119 cuius
1596 3054 1761 3117 ﬁliae
1791 3072 1888 3116 es-

293 3169 433 3221 sent
474 3160 657 3239 Syria
700 3167 759 3221 et
801 3160 1147 3222 Palaestina
1179 3158 1258 3240 (5)
1286 3207 1300 3233 ,
1348 3174 1487 3220 esse
1530 3155 1881 3217 videbatur.

1975 640 2169 702 nariis
2200 641 2441 704 normis
2461 638 2861 704 diiudicanda
2890 645 3055 698 sunt.
3082 636 3335 697 Simeon
3368 634 3561 714 Styli-

1974 747 2068 803 tes
2102 742 2183 823 (7)
2226 742 2355 815 ille,
2390 743 2499 824 qui
2542 747 2745 805 totum
2782 757 2984 821 paene
3018 739 3179 800 vitae
3218 744 3470 816 tempus
3494 736 3563 799 in

1976 841 2270 904 columna
2300 843 2522 916 stabat,
2552 847 2614 903 et
2641 840 2837 902 altero
2869 856 3036 918 genu
3066 842 3387 900 arescente
3428 851 3565 896 ver-

1976 943 2312 1023 mibusque
2362 959 2397 1004 e
2440 958 2711 1023 corpore
2759 940 3204 1003 ebullientibus
3249 938 3316 998 in
3366 936 3563 998 altero

1978 1056 2133 1102 sano
2176 1040 2504 1102 insistebat
2536 1039 2673 1101 solo
2706 1056 2823 1119 per
2858 1038 3140 1116 integros
3172 1035 3404 1115 multos
3445 1052 3562 1095 an-

1977 1156 2118 1213 nos,
2169 1139 2302 1219 qui,
2344 1156 2541 1219 quum
2588 1146 2789 1201 mater
2824 1138 3160 1200 clamaret:
3192 1139 3376 1199 Pater
3421 1140 3566 1195 tuus

1978 1247 2241 1321 prepter
2265 1247 2328 1304 te
2351 1242 2601 1303 tristitia
2622 1240 2949 1303 confectus
2970 1240 3262 1310 decessu,
3286 1255 3359 1299 ac
3387 1236 3567 1298 lacri-

1978 1358 2113 1403 mas
2143 1342 2560 1421 profunderet
2588 1340 3045 1412 acerbissimas,
3077 1340 3164 1400 ita
3199 1344 3271 1399 ut
3295 1344 3565 1399 testante

1979 1442 2314 1523 discipulo,
2362 1444 2474 1523 (nti
2519 1444 2705 1505 vitam
2758 1442 2895 1503 eius
2942 1439 3295 1519 descripsit,
3344 1453 3567 1499 omnes

1980 1543 2091 1622 qui
2139 1542 2401 1605 aderant
2444 1542 2691 1616 ﬂerent,
2730 1542 2871 1622 ipse
2919 1540 3178 1619 quidem
3228 1561 3256 1593 α
3303 1535 3567 1599 audiens

1978 1660 2200 1706 vocem
2227 1643 2562 1723 genetricis
2593 1657 2742 1704 suae
2788 1642 2999 1722 posuit
3026 1639 3250 1702 faciem
3280 1654 3456 1699 suam
3500 1637 3568 1698 in

1978 1762 2202 1808 manus
2250 1764 2392 1809 suas
2442 1752 2504 1807 et
2540 1744 2807 1826 ploravit
2861 1760 3071 1804 amare
3116 1740 3231 1820 (8),
3265 1764 3293 1797 ιι
3338 1740 3449 1802 sed
3486 1739 3567 1801 de

1980 1846 2311 1926 prOposito
2340 1861 2456 1908 suo
2499 1844 2828 1906 hominum
2860 1842 3023 1903 vires
3052 1840 3398 1902 excedente
3425 1855 3565 1899 mo-

1978 1946 2109 2007 veri
2134 1962 2265 2008 non
2295 1949 2542 2025 poterat
2574 1960 2587 2003 :
2620 1941 2750 2015 ille,
2779 1938 3350 2019 inquam,'Simeon
3376 1937 3566 2015 Styli-

1978 2054 2073 2109 tes
2110 2045 2263 2126 quid
2296 2062 2426 2106 non
2457 2042 2751 2122 exemplo
2783 2039 3129 2105 severitatis
3173 2055 3288 2099 suo
3319 2033 3563 2099 eﬂ‘ecitl

1980 2152 2136 2227 quot
2175 2160 2457 2226 paganos
2492 2142 2766 2206 incultos
2809 2141 2933 2204 hoc
2986 2139 3268 2202 inaudito
3317 2145 3567 2217 specta-

1980 2246 2126 2310 culo
2156 2245 2400 2307 Christo
2430 2243 2707 2306 lucratus
2736 2240 2863 2304 est!
2899 2245 3134 2319 quanta
3170 2235 3447 2297 nominis
3472 2233 3568 2295 fa-

1981 2364 2083 2410 ma
2109 2364 2225 2428 per
2249 2349 2449 2408 totum
2469 2341 2993 2423 percrebrescens
3015 2337 3329 2399 Orientem
3350 2333 3574 2396 inﬁde-

1986 2448 2074 2511 les
2100 2446 2416 2511 concussit
2445 2452 2507 2506 et
2529 2442 2916 2505 Christianos
2936 2434 3378 2501 inﬂammavit!
3414 2437 3569 2496 Fru-

1983 2557 2121 2613 ctus
2148 2555 2358 2611 autem
2380 2562 2572 2626 quam
2598 2544 2828 2606 uberes
2850 2559 2885 2603 e
2910 2538 3181 2603 mirabili
3207 2536 3317 2598 illo
3347 2536 3569 2596 Orien-

1983 2653 2064 2714 tis
2102 2650 2181 2714 ad
2218 2648 2567 2727 angelicam
2618 2645 2809 2707 vitam
2860 2642 3075 2703 volatu
3118 2640 3186 2701 in
3228 2637 3572 2704 Ecclesiam

1985 2748 2438 2820 redundarint,
2500 2752 2563 2807 et
2615 2748 2989 2824 argumento
3043 2744 3193 2801 sunt
3252 2734 3453 2815 quarti
3512 2741 3575 2795 et

1987 2851 2193 2931 quinti
2222 2847 2457 2911 saeculi
2504 2850 2740 2919 Patres,
2786 2843 2895 2923 qui
2931 2846 3147 2904 sancto
3192 2838 3399 2899 studio
3439 2838 3574 2898 eius

1986 2950 2292 3032 temporis
2336 2948 2555 3012 nutriti
2602 2947 2680 3008 ad
2706 2944 3044 3007 maximam
3080 2941 3253 3002 illam
3291 2939 3577 3001 sanctita-

1985 3056 2067 3117 tis
2095 3060 2157 3116 et
2182 3049 2633 3130 magnitudinis
2659 3046 3003 3109 claritatem
3037 3041 3479 3112 evehebantur,
3516 3046 3577 3099 et

1991 3157 2333 3220 ostendunt
2382 3161 2594 3216 cetera
2651 3165 2817 3230 quae
2873 3152 3226 3227 sequuntur
3288 3141 3573 3214 saecula,

294 3260 487 3320 Tanta
526 3276 680 3321 Vero
709 3260 874 3320 inter
922 3274 1143 3321 omnes
1172 3256 1519 3320 monachOS
1555 3252 1888 3333 disciplina
1915 3279 1958 3336 ο
1993 3259 2223 3340 quibus
2256 3254 2629 3319 monachica
2672 3252 2797 3312 vita
2844 3248 2923 3311 ad
2956 3244 3379 3310 occidentales
3412 3259 3575 3321 quo-

293 3360 569 3438 vigebat,
599 3367 855 3440 tamque
878 3360 1034 3422 mire
1057 3358 1340 3439 quemvis
1369 3356 1651 3420 trahebat
1678 3354 1884 3416 senio-

295 3472 435 3526 rum
467 3464 849 3544 exemplum,
888 3470 956 3526 ut
986 3462 1111 3525 duo
1136 3462 1421 3536 iuvenes,
1455 3462 1711 3537 aegroto
1739 3474 1883 3519 ere-

296 3567 485 3629 mitae
530 3568 687 3629 ﬁcus
714 3566 957 3645 aliquot
983 3564 1319 3645 deportare
1343 3562 1520 3637 iussi,
1550 3579 1695 3625 cum
1725 3579 1759 3623 a
1786 3562 1885 3623 via

296 3670 715 3741 aberrassent,
758 3672 903 3747 post
928 3664 1272 3728 nonnullos
1298 3663 1432 3725 dies
1464 3663 1746 3725 defuncti
1785 3662 1883 3725 fa.

298 3788 399 3832 me
428 3770 864 3831 invenirentur
909 3767 977 3828 in
1017 3766 1291 3841 deserto,
1323 3764 1575 3827 intactis
1614 3764 1883 3839 ficubus,

298 3888 454 3949 quas
490 3875 751 3947 aegroto
779 3866 1066 3930 tradituri
1092 3866 1343 3928 fuerant
1366 3863 1474 3946 (6).
1495 3872 1554 3942 9
1581 3866 1710 3938 Qua
1739 3863 1891 3926 obe-

300 3973 533 4034 dientia
556 3970 860 4051 quosdam
888 3969 1149 4031 modum
1176 3966 1523 4030 severitatis
1546 3966 1889 4028 excessisse

299 4074 398 4132 vix
434 4072 651 4150 negari
680 4077 912 4151 potest;
944 4068 1056 4131 sed
1084 4087 1118 4131 e
1145 4068 1456 4131 contraria
1489 4074 1667 4148 parte
1703 4066 1890 4129 liber-

298 4172 442 4234 tatis
468 4180 663 4251 atque
692 4170 953 4232 inertiae
982 4168 1211 4231 modus
1244 4156 1444 4229 multo
1491 4167 1744 4247 saepius
1772 4185 1887 4229 ex-

299 4337 471 4393 Pach.
504 4352 632 4407 cap.
681 4337 752 4391 28
785 4354 837 4406 p.
878 4335 1017 4401 124,
1053 4337 1119 4403 i;
1150 4334 1227 4390 cf.
1263 4334 1410 4390 Hist.
1443 4334 1614 4391 Laus.
1664 4352 1788 4406 cap.
1825 4336 1896 4391 40

299 4450 449 4503 sqq.,
482 4432 619 4486 ibid.
652 4448 707 4501 p.
732 4432 838 4485 457
873 4446 994 4501 sqq.

375 4524 452 4595 (ι)
486 4521 603 4577 νγ.
636 4521 741 4575 PP.
774 4521 958 4577 Rosw.
987 4522 1082 4577 lib.
1105 4519 1150 4574 ll
1180 4536 1303 4591 cap.
1335 4520 1369 4575 5
1390 4537 1405 4587 ;
1429 4518 1731 4576 Paradisus
1750 4519 1889 4591 Opp.

300 4616 530 4672 Μετιτεῆ
554 4615 617 4671 Τ.
636 4615 753 4671 Vill
788 4634 839 4688 p.
863 4616 1007 4681 642;
1037 4615 1213 4672 Codd.
1235 4614 1515 4670 Vindobb.
1536 4612 1677 4670 Hist.
1703 4613 1893 4678 Laus,

300 4715 375 4769 cf.
396 4711 629 4768 Palladii
666 4710 964 4766 Historiam
1007 4708 1326 4764 Lausiacam
1355 4706 1425 4761 ad
1459 4708 1655 4762 codicis
1696 4707 1895 4762 Vindo-

302 4802 551 4855 bouensis
570 4800 725 4869 ﬁdem
744 4816 777 4853 a
796 4798 947 4853 nobis
978 4798 1200 4853 breviter
1229 4797 1575 4862 delineatam,
1596 4797 1739 4853 infra
1765 4798 1896 4854 huic

301 4893 535 4948 editioni
556 4890 826 4946 Historiae
838 4890 1143 4946 Lausiacae
1157 4891 1530 4959 praepositam
1559 4908 1574 4946 :
1596 4890 1743 4945 edita
1764 4908 1894 4945 vero

306 4988 643 5057 exemplaria
672 4985 944 5040 Historiae
976 4982 1279 5040 Lausiacae
1304 4985 1374 5039 de
1403 4982 1737 5055 Oxyryncho
1759 4983 1896 5038 civi-

310 5088 416 5133 tate
444 5080 588 5133 nihil
623 5088 876 5133 narrant.
899 5076 975 5133 De
1008 5077 1368 5132 monasteriis
1393 5077 1637 5132 civitatis
1666 5062 1892 5133 Antinoi

311 5178 364 5228 in
383 5173 667 5228 Thebaide
690 5174 825 5228 sitae
849 5172 921 5227 cf.
950 5170 1091 5227 Hist.
1112 5170 1279 5226 Laus.
1296 5171 1386 5226 ed.
1409 5171 1615 5228 Meurs.
1632 5188 1757 5244 cap.
1776 5174 1865 5228 96.

373 5267 453 5336 (2)
490 5266 715 5320 Fabiola
736 5306 751 5327 ,
787 5265 957 5335 Paula
977 5307 991 5326 .
1020 5265 1279 5320 Marcella
1300 5306 1314 5331 ,
1346 5266 1508 5331 aliae,
1541 5281 1774 5333 quarum
1811 5268 1894 5322 vi-

304 5367 395 5413 tas
444 5358 505 5411 S.
540 5357 902 5428 Hieronymus
942 5358 1310 5427 pulcherrime
1354 5358 1606 5427 epistolis
1650 5359 1767 5413 suis
1799 5359 1897 5412 de-

306 5451 554 5519 scripsit.
593 5451 652 5506 S.
692 5450 917 5507 Hieron.
948 5448 1088 5521 Opp.
1125 5449 1212 5504 ed.
1268 5449 1449 5522 Migne
1480 5449 1545 5504 Τ.
1576 5448 1602 5503 Ι
1637 5450 1892 5523 (Patrol.

312 5540 501 5612 xxu].

383 5634 459 5703 (5)
502 5631 620 5687 Vita
670 5634 727 5688 S.
760 5632 1064 5687 Hilarionis
1119 5646 1239 5703 cap.
1278 5632 1363 5695 Π,
1401 5631 1517 5688 νν.
1555 5632 1661 5688 ΡΡ.
1701 5633 1887 5689 Rosw.

352 5764 370 5778 .
398 5722 487 5779 79.

311 5740 370 5795 p.
406 5740 487 5779 tu.

386 5816 458 5886 (ι)
493 5815 616 5871 Vita
670 5816 924 5871 Barlaam
961 5812 1216 5868 eremitae
1245 5830 1275 5869 a
1306 5813 1517 5872 Joanne
1549 5817 1889 5873 Damasceno

313 5913 619 5982 conscripta
655 5926 778 5979 cap.
817 5908 870 5972 1,
916 5900 1031 5958 γν.
1071 5901 1171 5958 PP.
1204 5903 1386 5963 Rosw.
1423 5924 1476 5978 p.
1508 5908 1633 5974 245,
1670 5911 1715 5962 l.

1990 3378 2115 3441 que
2146 3358 2439 3437 regiones
2477 3352 2765 3417 accessit.
2810 3352 2883 3412 In
2932 3364 3088 3429 quas
3128 3363 3162 3408 e
3209 3342 3581 3407 monachica

1991 3462 2135 3534 vita,
2167 3458 2513 3539 praecipue
2540 3454 2688 3516 inde
2730 3469 2766 3514 a
2804 3459 3095 3530 tempore
3126 3449 3188 3509 S.
3228 3444 3577 3518 Benedicti,

1988 3563 2229 3625 fructus
2258 3556 2645 3622 redundasse
2674 3550 3119 3632 amplissimos,
3152 3564 3342 3610 nemo
3367 3552 3577 3623 negat.

2070 3668 2098 3740 §
2133 3661 2191 3722 4.
2233 3659 2356 3721 Sed
2400 3652 2807 3718 incommoda
2848 3665 3107 3729 quoque
3134 3663 3208 3708 ex
3238 3644 3582 3727 indiscrete

1989 3762 2387 3847 quorundam
2410 3762 2470 3818 et
2492 3749 3034 3833 superabundanti
3054 3747 3261 3809 studio
3281 3743 3362 3824 (9)
3392 3745 3586 3805 inter-

1990 3842 2140 3929 dum
2172 3874 2495 3925 emanasse
2524 3854 2849 3917 fatendum
2892 3857 3005 3913 est.
3052 3855 3156 3925 10
3182 3845 3363 3921 Quid,
3410 3842 3585 3923 quod

1990 3961 2113 4042 ipsi
2138 3956 2507 4021 fundatores
2537 3958 2599 4014 et
2643 3950 2829 4031 primi
2867 3949 3037 4010 illius
3076 3948 3239 4007 vitae
3269 3950 3581 4014 auctores,

1995 4078 2193 4142 quum
2240 4059 2467 4136 ingens
2528 4052 2862 4113 hominum
2914 4047 3254 4111 multitudo
3312 4043 3587 4106 cuiusvis

1995 4162 2214 4226 aetatis
2257 4156 2591 4235 omnisque
2624 4154 2786 4215 vitae
2827 4149 3209 4213 conditionis
3255 4154 3445 4224 atque
3474 4161 3585 4222 ge—

2068 4329 2145 4400 (5)
2188 4326 2248 4382 S.
2280 4325 2529 4379 Hilarion
2566 4320 2644 4393 (ᾔ-
2690 4316 2852 4388 571),
2890 4315 2947 4370 S.
2991 4313 3214 4368 Antonii
3257 4311 3585 4381 discipulus,

1998 4424 2176 4492 prima
2205 4417 2552 4474 Palaestinae
2579 4422 2634 4469 et
2668 4412 2861 4485 Syriae
2907 4407 3244 4463 monasteria
3285 4404 3584 4460 exstruxit.

1998 4516 2054 4568 In
2097 4513 2259 4569 cuius
2286 4511 2397 4565 vita
2434 4508 2568 4562 haec
2621 4506 2923 4575 leguntur:
2966 4520 2984 4552 ι
3028 4498 3279 4554 Habebat
3324 4495 3592 4550 Dominus

1993 4604 2158 4661 .lesus
2188 4604 2248 4658 in
2277 4602 2527 4671 Aegypto
2545 4602 2750 4654 'senem
2778 4594 3099 4658 Antonium,
3126 4590 3365 4645 habebat
3395 4589 3450 4641 in
3485 4586 3591 4639 Pa-

1997 4698 2232 4753 laestina
2290 4694 2631 4749 Hilarionem
2700 4690 2995 4743 iuniorem.
3045 4704 3063 4737 ι
3132 4682 3257 4738 Vita
3315 4679 3587 4736 Hilarion.

1994 4809 2118 4863 cap.
2151 4791 2242 4855 10,
2277 4788 2392 4843 νγ.
2427 4786 2534 4841 PP.
2563 4785 2751 4841 Rosw.
2784 4799 2838 4853 p.
2874 4782 2968 4845 78,
3011 4781 3064 4833 l.
3093 4778 3169 4833 De
3214 4779 3274 4833 S.
3308 4768 3595 4829 Hilarione

1994 4888 2069 4942 cf.
2109 4884 2332 4939 Sozom.
2359 4880 2506 4936 Hist.
2543 4878 2693 4934 Eccl.
2724 4878 2823 4932 lib.
2854 4874 2921 4930 Ill
2947 4890 3070 4944 cap.
3101 4873 3168 4926 l-i
3192 4870 3280 4924 ed.
3315 4868 3593 4923 Henricus

1998 4978 2256 5033 Valesius
2286 4990 2342 5047 p.
2379 4974 2483 5029 519
2510 4987 2661 5043 sqq.,
2699 4980 2753 5024 et
2784 4967 2919 5038 Epp.
2948 4964 3004 5020 S.
3040 4964 3269 5016 Hieron.

2068 5071 2147 5143 (6)
2190 5046 2446 5124 Cassian.
2479 5066 2572 5119 lib.
2618 5062 2662 5117 ν
2698 5064 2767 5117 de
2803 5062 2942 5130 spir.
2979 5064 3153 5129 gastr.
3211 5068 3315 5123 cap
3345 5051 3436 5117 4⁸),
3472 5046 3589 5104 γν.

1996 5166 2103 5221 PP.
2134 5165 2322 5219 Rosw.
2368 5178 2423 5232 p.
2468 5158 2595 5220 551,
2634 5157 2685 5220 1,
2731 5153 2983 5210 Cassiani
3026 5150 3166 5221 Opp.
3207 5148 3297 5203 ed.
3345 5145 3594 5199 Gazaeus

1997 5272 2052 5312 ι).
2099 5254 2202 5308 105
2236 5270 2346 5322 sq.,
2384 5250 2563 5319 Migne
2592 5246 2799 5301 Patrol.
2832 5242 2897 5297 Τ.
2932 5240 3101 5295 XLIX
3136 5255 3192 5310 p.
3222 5238 3329 5292 265
3357 5254 3441 5307 sq.

2072 5346 2151 5417 (7)
2191 5342 2310 5396 νγ.
2340 5341 2446 5396 PP.
2484 5341 2668 5393 liosw.
2703 5353 2755 5406 p.
2793 5334 2897 5389 170
2923 5351 3047 5404 sqq.

2070 5438 2148 5508 (8)
2190 5435 2327 5490 Ibid.
2363 5448 2485 5502 cap.
2527 5432 2560 5483 8
2592 5446 2625 5500 p
2683 5428 2809 5492 ne,
2845 5427 2900 5480 2.

2072 5530 2150 5599 (9)
2182 5526 2301 5582 Huc
2322 5526 2600 5595 pertinent
2623 5520 2847 5581 Valens,
2873 5516 3041 5579 Hero,
3064 5512 3592 5580 Ptolemaeus,virgn

2000 5621 2179 5692 lapsa,
2209 5617 2545 5688 Stephanus,
2577 5612 2906 5682 Eucarpius,
2942 5612 3010 5665 de
3033 5608 3236 5678 quibus
3275 5614 3464 5660 narrat
3504 5603 3592 5656 Hi-

2002 5714 2173 5768 storia
2211 5710 2481 5764 Lausiaca
2521 5708 2610 5762 ed.
2652 5706 2858 5761 Meurs.
2909 5718 3070 5773 capp.
3108 5700 3196 5755 5‘2.
3234 5699 3324 5754 55.
3365 5698 3454 5753 54.
3491 5696 3582 5750 55.

2000 5807 2124 5861 105.
2179 5806 2331 5858 Alios
2380 5801 2630 5857 infelices
2672 5796 2972 5855 monachos
3027 5801 3277 5849 recenset
3328 5790 3579 5847 Cassian.

1998 5899 2135 5955 Coll.
2162 5896 2225 5950 ll.
2265 5910 2421 5967 capp.
2457 5895 2508 5948 5.
2544 5893 2595 5947 6.
2637 5892 2683 5944 7.
2718 5890 2771 5945 8.
