4046 6452
534 391 592 446 11
1342 396 1443 452 SS.
1484 396 1944 454 MACARIORUM
1982 397 2306 454 AEGYPTII
2346 397 2434 452 ET
2470 398 2940 455 ALEXANDRINI
3729 401 3810 459 12

526 511 697 576 ueris
723 513 800 576 ad
824 532 934 576 eos
964 515 1333 588 conﬂueret,
1364 514 1442 576 ad
1475 515 1686 588 ﬁnem,
1718 533 1908 594 quem
1927 515 2104 577 initio
2135 525 2179 578 Δ
2209 534 2355 595 gere
2384 519 2727 598 nequis,ita
2761 519 2964 599 quarti
2995 524 3055 579 et
3084 519 3286 597 quinti
3315 517 3546 582 saeculi
3565 518 3810 583 Eccle-

529 615 648 674 sibi
689 617 1192 694 prOposuissent,
1248 632 1378 677 non
1414 617 1744 695 pervenire
1793 634 1860 678 se
1898 617 2103 696 questi
2205 619 2333 680 siae
2350 618 2607 681 historia
2638 638 2780 682 cum
2798 621 2919 683 hoc
2941 638 3104 682 novo
3127 621 3427 699 martyrio
3458 617 3810 682 monachi-

527 715 680 775 sintl
708 715 821 775 Illo
855 733 982 794 quo
1013 718 1074 776 S.
1099 717 1405 779 Antonius
1434 718 1819 778 moriebatur
1847 735 2014 779 anno
2037 718 2100 776 S.
2205 733 2398 791 co,ex
2423 735 2552 797 quo
2572 719 2797 780 iustam
2819 719 3024 781 lucem
3046 736 3221 780 suam
3241 720 3810 799 accipit,arctissi-

527 813 844 887 Hilarion,
890 816 999 894 qui
1042 817 1106 876 in
1163 818 1378 896 Syriae
1426 817 1686 878 desertis
1725 817 2104 878 monasteria
2204 818 3392 883 mecohaeret.Macariisautemnostris
3413 820 3474 880 id
3499 820 3810 895 debetur,

527 912 903 989 instituerat,
935 933 1077 977 cum
1101 916 1336 994 grande
1365 916 1716 977 aediﬁcium
1747 925 1807 978 et
1829 916 2106 978 multitu-
2205 916 2376 995 quod
2401 925 2546 996 post
2571 919 2906 980 Antonium
2936 919 3121 998 primi
3141 919 3272 980 fere
3294 919 3646 980 exstiterint
3671 936 3816 979 ma-

529 1013 742 1076 dinem
786 1034 998 1078 secum
1043 1017 1452 1080 habitantium
1498 1019 1838 1098 turbasque
1884 1034 2103 1079 eorum
2205 1031 2364 1092 gnae
2384 1017 2549 1078 illius
2578 1017 2642 1078 in
2665 1022 2948 1098 Aegypto
2969 1019 3431 1098 saeculiquarti
3459 1018 3812 1096 religiosae

529 1125 835 1190 cerneret,
879 1119 989 1197 qui
1019 1117 1277 1179 diversis
1306 1119 1712 1197 languoribus
1739 1126 1801 1180 et
1826 1119 2103 1180 immun-
2204 1117 2557 1178 animorum
2586 1117 3093 1181 inﬂammationis
3134 1128 3421 1182 auctores
3450 1126 3510 1180 et
3541 1136 3815 1198 prome—

529 1216 626 1277 dis
654 1217 974 1296 spiritibus
1006 1228 1345 1297 occupatos
1366 1220 1444 1282 ad
1471 1237 1537 1282 se
1573 1219 1989 1293 deducebant,
2019 1221 2104 1281 ita
2205 1225 2414 1280 tores:
2448 1236 2576 1298 quo
2609 1220 2866 1298 quidem
2896 1220 2962 1281 in
2990 1237 3221 1298 genere
3248 1228 3554 1300 quantum
3586 1220 3812 1281 excel-

529 1324 598 1379 ut
636 1321 808 1381 omni
835 1337 1066 1398 genere
1092 1321 1419 1384 hominum
1443 1330 1571 1385 tota
1599 1322 1871 1384 solitudo
1893 1321 2101 1402 reple-
2204 1315 2458 1390 luerint,
2490 1319 2623 1379 viva
2647 1317 2753 1379 illa
2782 1317 3054 1393 traditio,
3084 1336 3246 1399 quae
3278 1319 3525 1380 Macarii
3555 1335 3811 1378 nomen

526 1426 721 1493 retur,
753 1420 1031 1499 quotidie
1063 1422 1249 1484 ﬂebat
1269 1439 1563 1485 moerens
1591 1440 1664 1486 ac
1691 1423 2108 1486 dicenszrur-
2204 1417 2282 1481 ad
2334 1416 2711 1480 hodiernum
2767 1417 2934 1479 diem
2985 1435 3135 1498 prae
3187 1417 3412 1481 ceteris
3468 1416 3807 1492 omnibus,

527 1533 633 1577 sus
660 1535 726 1579 se
757 1518 832 1579 ad
864 1520 1182 1582 saeculum
1204 1538 1521 1582 reversum
1550 1537 1711 1594 esse,
1745 1521 2106 1582 monasterii
2206 1519 2316 1599 qui
2341 1519 2407 1579 in
2441 1518 2576 1580 istis
2609 1518 2994 1580 vastitatibus
3032 1519 3261 1597 Libyae
3293 1517 3442 1578 olim
3474 1519 3807 1591 vixerunt,

525 1619 784 1682 nomine
828 1621 905 1682 ad
941 1621 1475 1701 dispensationem
1513 1621 1772 1683 fratrum
1821 1638 1890 1684 se
1926 1621 2105 1683 villae
2206 1635 2322 1698 per
2349 1617 2712 1697 quindecim
2747 1616 2996 1679 saecula
3023 1615 3162 1677 tulit
3183 1614 3671 1697 (5),]uculenter
3695 1615 3813 1676 de-

523 1721 962 1798 possessiones
998 1730 1059 1784 et
1096 1722 1550 1801 supellectilem
1588 1721 1863 1796 habere;
1910 1740 2105 1803 quare
2205 1724 2529 1782 monstrat.
2574 1717 2761 1794 Signa
2789 1733 2935 1778 vero
2973 1723 3033 1778 et
3071 1715 3356 1796 prodigia
3384 1717 3462 1776 ab
3496 1714 3594 1776 his
3618 1715 3808 1776 seni-

524 1827 744 1898 postea
769 1821 956 1883 aedes
977 1823 1042 1883 in
1055 1822 1626 1903 JulianiApostatae
1641 1823 2100 1902 persecutione,
2136 1871 2178 1926 Β
2205 1820 2324 1882 bus
2368 1820 2553 1892 facta,
2603 1818 2886 1899 quamvis
2919 1835 2955 1880 a
2984 1817 3392 1897 scriptoribus
3422 1816 3806 1926 illiustem-

525 1917 676 1978 dum
708 1918 844 1998 ipse
873 1919 1090 1994 abfuit,
1122 1919 1356 1981 dirutas
1377 1921 1704 1982 restituere
1736 1920 1960 1996 noluit,
1991 1922 2102 1982 sed
2136 1916 2177 1926 “’
2207 1922 2380 2002 poris
2409 1935 2868 2000 saepenumero
2900 1925 3148 1998 praeter
3182 1916 3808 1978 verisimilitudinem

521 2017 589 2078 in
628 2018 937 2080 vastitates
980 2021 1238 2082 secessit
1273 2019 1378 2102 (1).
1412 2021 1631 2099 Neque
1651 2021 1908 2096 inﬁtior,
1934 2024 2101 2085 indi-
2204 2027 2556 2094 narrentur,
2606 2020 2708 2079 vix
2754 2027 2965 2080 tamen
3006 2033 3256 2098 semper
3306 2015 3803 2096 psychologice,

523 2133 682 2194 gnos
714 2134 1165 2197 nonnunquam
1203 2120 1278 2181 ad
1309 2120 1687 2181 monasteria
1721 2121 2099 2199 confugisse,

523 2218 702 2280 cuius
729 2220 820 2280 rei
849 2220 1136 2299 exempla
1163 2220 1332 2300 apud
1362 2223 1702 2302 scriptores
1721 2223 2100 2300 invenimus,

521 2317 668 2380 licet
702 2319 954 2398 plurimi
991 2321 1168 2400 impii
1214 2339 1438 2383 senum
1486 2325 1967 2388 mansuetudine
2013 2326 2103 2406 pii

520 2419 773 2480 tandem
798 2422 1003 2482 effecti
1028 2422 1151 2483 sint
1171 2420 1250 2502 (2)
1269 2441 1284 2495 ;
1303 2423 1496 2486 immo
1513 2424 1682 2503 ipsas
1711 2424 2002 2488 haereses
2023 2445 2103 2490 ex

521 2519 724 2581 caecis
763 2521 1208 2582 nonnullorum
1241 2521 1460 2584 studiis
1488 2523 1804 2586 interdum
1840 2544 2100 2605 proces-

520 2619 676 2680 sisse
704 2619 809 2700 (3).
829 2621 948 2682 Sed
973 2621 1381 2684 nihilominus
1404 2631 1688 2703 tempora
1715 2625 1821 2686 illa
1836 2625 2099 2689 salutem

2201 2132 2271 2186 ut
2301 2124 2593 2186 nonnulli
2621 2123 2930 2198 fecerunt,
2990 2131 3095 2185 aut
3122 2122 3246 2184 alio
3286 2121 3562 2201 quodam
3602 2129 3805 2182 natu-

2203 2224 2315 2286 rali
2342 2225 2532 2288 modo
2553 2226 2951 2304 interpreter.
2983 2223 3274 2302 Quisquis
3291 2221 3642 2283 Christiano
3684 2237 3807 2282 no-

2201 2323 2371 2384 mine
2414 2340 2544 2385 non
2592 2323 2890 2400 indignus
2948 2328 3062 2394 est,
3109 2319 3351 2396 magnis
3397 2318 3806 2398 temporibus

2202 2439 2457 2483 manum
2491 2422 2602 2484 Dei
2634 2423 2700 2484 in
2729 2421 3092 2484 hominibus
3134 2436 3357 2498 magna
3385 2417 3612 2480 fecisse
3647 2434 3806 2496 pro-

2202 2521 2363 2583 ﬁteri
2411 2529 2664 2600 paratus
2708 2527 2822 2583 est.
2861 2520 3060 2599 quue
3104 2519 3311 2598 ipsum
3357 2535 3470 2579 cur
3515 2516 3618 2578 hic
3663 2533 3803 2578 non

2200 2630 2526 2697 statuatur,
2555 2641 2752 2702 quum
2779 2622 2946 2684 idem
2973 2621 3040 2682 in
3082 2618 3384 2699 apostolis
3416 2625 3477 2679 et
3501 2616 3803 2679 Patribus

511 2717 824 2782 Ecclesiae
868 2739 1054 2800 quam
1094 2723 1362 2785 maxime
1401 2732 1873 2803 promoverunt.
1923 2728 2101 2800 Quod
2190 2721 2507 2786 Ecclesiae
2539 2723 2796 2784 minime
2824 2722 3185 2794 inﬁtiemur,
3220 2737 3349 2781 non
3373 2719 3684 2797 intelligo.
3723 2722 3801 2781 ln

520 2820 718 2883 tribus
747 2821 1061 2900 prioribus
1091 2823 1357 2886 saeculis
1394 2833 1722 2904 martyres,
1771 2827 1836 2887 id
1875 2836 2101 2908 quarto

521 2926 582 2980 et
621 2920 877 2982 ineunte
931 2922 1152 3000 quinto
1208 2924 1460 2986 saeculo
1506 2925 1944 3002 anachoretae,
1999 2931 2097 2998 ll

521 3017 836 3091 eremitae,
862 3018 1156 3081 monachi
1178 3020 1768 3102 Orientisstanquam
1799 3026 1943 3087 novi
1969 3027 2104 3106 qui-

2201 2803 2486 2887 fabulosa
2519 2832 2730 2886 autem
2772 2823 3197 2885 narrationum
3227 2822 3435 2898 forma
3469 2820 3522 2880 si
3559 2837 3798 2899 saepe-

2203 2941 2466 2987 numero
2500 2925 2863 2997 oﬂ‘enderis,
2898 2923 3054 2985 scito
3084 2929 3145 2982 ct
3175 2939 3317 2982 cum
3350 2920 3552 2998 gentis
3579 2924 3796 2999 Aegy-

2203 3025 2373 3104 ptiae
2406 3025 2620 3088 indole
2649 3033 2710 3087 et
2747 3042 2891 3087 cum
2936 3021 3234 3100 singulari
3273 3037 3497 3082 senum
3537 3019 3793 3081 vivendi

520 3117 663 3177 dam
691 3117 1007 3180 innumeri
1027 3126 1330 3198 martyres
1357 3121 1436 3200 (4)
1459 3122 2009 3188 efﬁciebant.Nam
2035 3134 2103 3188 ut
2203 3140 2435 3200 genere
2469 3131 2955 3203 temporumque
2984 3123 3243 3201 insuper
3268 3129 3488 3181 natura
3519 3137 3662 3182 eam
3689 3122 3796 3181 in-

517 3225 860 3298 martyrum
890 3221 1264 3283 cruciatibus
1295 3222 1449 3285 ﬁdes
1471 3241 1544 3286 ac
1572 3226 1694 3286 vita
1721 3227 2099 3290 Christiano-
2129 3209 2172 3268 (ἶ
2203 3223 2355 3284 time
2397 3223 2771 3296 cohaerere;
2822 3221 3119 3300 quocirca
3164 3219 3288 3280 illis
3331 3217 3506 3279 libris
3551 3217 3635 3279 de
3689 3218 3798 3287 12

518 3337 656 3380 rum
685 3320 802 3381 sibi
823 3319 1023 3382 facem
1047 3323 1450 3399 accendebat,
1488 3325 1570 3387 ita
1592 3327 1924 3390 severitate
1950 3327 2096 3390 illo-

516 3437 682 3494 rum,
733 3421 842 3500 qui
888 3423 1197 3486 mundum
1244 3442 1502 3503 prorsus
1545 3428 1948 3506 spernebant,
1988 3448 2096 3492 ce-

515 3527 796 3584 terorum
833 3523 1112 3586 ﬁdelium
1157 3525 1442 3589 voluntas
1479 3527 1953 3592 incendebatur.
2018 3533 2098 3592 Ut

517 3622 862 3696 martyrum
881 3623 1228 3683 constantia
1246 3625 1594 3703 paganismi
1607 3626 1729 3687 vim
1747 3625 2094 3707 frangebat,

514 3718 601 3778 ita
635 3718 1055 3783 solitariorum
1097 3725 1457 3805 exemplum
1489 3725 1707 3789 ultima
1743 3729 1977 3809 templa
2009 3731 2100 3792 di-

515 3816 658 3876 ruit.
676 3818 753 3877 Ut
775 3835 810 3880 e
833 3819 1002 3881 vultu
1025 3829 1392 3902 martyrum,
1414 3843 1609 3905 quum
1639 3826 1718 3888 ad
1745 3828 2098 3891 crudelissi-

512 3933 615 3977 ma
665 3919 975 3998 supplicia
1022 3932 1389 4001 pergerent,
1448 3925 1723 3989 hilaritas
1763 3936 1826 3990 et
1862 3929 2094 3993 laetitia

513 4017 677 4078 coeli
724 4019 1083 4096 etfulgebat,
1107 4023 1192 4084 ita
1245 4024 1312 4086 in
1341 4025 1565 4088 ardore
1608 4034 1669 4088 et
1699 4029 1929 4103 studio,
1964 4048 2092 4110 quo

513 4118 815 4180 monachi
846 4122 1057 4184 omnia
1093 4123 1298 4186 carnis
1334 4125 1646 4206 supplicia
1673 4128 1794 4206 ipsi
1830 4129 1947 4191 sibi
1977 4131 2093 4191 im-

513 4221 858 4299 ponebant,
880 4223 1254 4288 christianae
1280 4227 1601 4306 religionis
1628 4228 1822 4291 virtus
1851 4231 2090 4292 revela-

512 4324 808 4387 batur.Ut
829 4327 944 4389 tria
972 4330 1182 4408 priora
1209 4329 1456 4392 saecula
1486 4331 1621 4394 sine
1650 4331 1910 4394 historia
1933 4350 2094 4394 mar-

511 4426 658 4504 tyrii
687 4444 930 4504 eorum,
954 4431 1063 4509 qui
1082 4448 1150 4492 se
1179 4431 1419 4494 Christo
1442 4431 1830 4507 addixeram,
1854 4432 2086 4495 intelli-

581 4610 659 4680 (Ι)
689 4609 812 4666 Vita
838 4609 897 4665 S.
927 4610 1196 4667 Hilarion.
1217 4627 1341 4684 cap.
1363 4612 1434 4668 25
1463 4628 1612 4684 sqq.,
1633 4610 1747 4667 νγ.
1776 4611 1880 4666 ΡΡ.
1905 4611 2088 4668 Rosw.

510 4718 563 4771 p.
601 4704 689 4763 81.
723 4704 744 4756 1
777 4720 898 4774 sqq.

583 4796 660 4864 (2)
697 4795 850 4864 Ipsos
895 4797 1139 4852 latrones
1181 4798 1250 4851 ab
1282 4797 1352 4852 iis
1382 4811 1680 4853 conversos
1711 4807 1764 4852 et
1791 4798 2091 4852 monachos

511 4887 686 4942 factos
728 4904 850 4944 esse
900 4889 1152 4958 legimus.
1191 4888 1307 4943 VV.
1358 4887 1466 4947 PP.
1513 4888 1700 4943 Rosw.
1736 4890 1832 4944 lib.
1883 4889 1928 4943 X
1964 4905 2087 4958 cap.

512 4977 615 5030 166
658 4994 711 5048 p.
755 4979 890 5042 9I2,
933 4981 995 5044 1;
1042 4980 1138 5033 lib.
1181 4978 1201 5032 l
1250 4995 1303 5049 p.
1343 4979 1432 5044 77,
1481 4979 1542 5046 1;
1594 4978 1734 5034 Hist.
1779 4978 1945 5034 Laus.
1999 4981 2088 5035 ed.

511 5067 712 5122 Meurs.
748 5086 867 5139 cap.
893 5071 981 5136 99,
1008 5073 1236 5142 passim.
1272 5073 1314 5124 Α
1335 5073 1476 5126 veris
1499 5071 1801 5137 monachis,
1833 5071 2092 5126 coenobi-

512 5162 583 5215 tis
616 5162 872 5215 nimirum
904 5175 957 5216 et
980 5164 1347 5226 anachoretis,
1379 5163 1449 5218 de
1479 5164 1680 5233 quibus
1704 5163 1837 5218 solis
1860 5163 1948 5217 hic
1973 5164 2092 5232 agi-

511 5265 620 5316 tur,
646 5255 1021 5322 distinguendi
1055 5265 1184 5310 sunt
1212 5258 1301 5312 isti
1333 5256 1827 5325 pseudomonachi,
1861 5272 2001 5326 quos
2029 5255 2085 5310 S.

511 5343 878 5416 Hieronymus
909 5343 1276 5408 Remobooth,
1304 5348 1608 5403 Cassianus
1644 5348 2088 5406 Sarabaitas.alii

511 5436 704 5488 Βόσκοι
744 5451 839 5490 seu
875 5436 1224 5505 pabulatores
1255 5447 1542 5492 vocarunt.
1578 5439 1635 5492 S.
1676 5439 2041 5510 Hieronymus
2072 5457 2084 5494 :

517 5547 534 5578 ι
565 5527 652 5593 Ili,
684 5548 701 5579 ι
751 5529 962 5598 inquit,
1000 5545 1018 5578 ‹
1061 5528 1174 5582 bini
1221 5529 1305 5583 vel
1353 5530 1516 5596 terni,
1549 5545 1649 5585 nec
1689 5531 1863 5584 multo
1903 5530 2089 5599 plures

512 5621 676 5674 simul
712 5620 998 5687 habitant,
1047 5635 1148 5674 suo
1193 5620 1459 5675 arbitratu
1517 5636 1581 5675 ac
1633 5621 1841 5675 ditione
1898 5623 2088 5675 viven-

513 5723 612 5773 tcs.
681 5755 691 5765 .
739 5753 749 5765 .
796 5754 810 5767 .
856 5753 869 5766 .
915 5750 928 5764 .
975 5753 988 5765 .
1030 5723 1085 5766 et
1128 5711 1287 5781 quasi
1332 5726 1423 5766 ars
1457 5712 1526 5766 sit
1563 5719 1775 5772 sancta,
1813 5726 1921 5765 non
1954 5713 2086 5772 vita,

513 5803 777 5873 quidquid
822 5802 1193 5868 vendiderint,
1239 5802 1462 5856 maioris
1508 5811 1592 5857 est
1634 5803 1791 5871 pretii
1837 5843 1849 5855 .
1902 5847 1910 5858 .
1955 5841 1968 5854 .
2014 5842 2026 5853 .
2071 5840 2085 5854 .

515 5896 666 5963 Apud
705 5900 802 5951 hos
832 5896 1080 5951 affectata
1107 5905 1234 5952 sunt
1263 5897 1446 5951 omnia
1479 5912 1490 5948 :
1523 5895 1677 5950 laxae
1711 5893 1975 5960 manicae,
2001 5910 2082 5948 ca-

2206 3322 2486 3403 patribus
2515 3322 2710 3383 eremi
2741 3321 2985 3400 scriptis
3015 3320 3238 3401 poesin
3282 3319 3596 3399 quandam
3630 3335 3795 3380 con-

2204 3423 2391 3484 tineri
2419 3422 2682 3483 dixerim
2712 3438 2748 3483 a
2771 3420 2950 3482 factis
2968 3438 3040 3482 ac
3063 3419 3365 3500 prodigiis
3391 3435 3616 3479 senum
3647 3433 3800 3498 pro-

2202 3523 2452 3595 fectam,
2497 3522 2606 3584 sed
2636 3521 2798 3584 fama
2835 3528 2896 3584 et
2939 3521 3185 3601 poetica
3215 3519 3416 3598 gentis
3455 3526 3650 3598 atque
3680 3537 3794 3582 ae-

2203 3625 2346 3688 tatis
2373 3623 2588 3686 indole
2617 3623 2776 3684 mire
2805 3622 3115 3685 excultam
3153 3628 3215 3683 et
3246 3627 3634 3682 exornatam.

2286 3729 2314 3801 ς
2355 3725 2411 3785 5.
2463 3723 2586 3786 Sed
2626 3725 2783 3786 haec
2834 3723 2914 3784 de
2972 3722 3333 3803 primordiis
3369 3721 3530 3782 vitae
3566 3737 3795 3782 mona-

2205 3823 2420 3888 chicae
2441 3825 2783 3888 sufﬁciunt.
2806 3826 2942 3886 Jam
2971 3829 3332 3901 antequam,
3365 3837 3528 3900 quae
3559 3820 3637 3881 de
3671 3822 3796 3880 Ma-

2204 3925 2388 3986 cariis
2417 3924 2731 4003 leguntur,
2762 3923 3046 4000 digerere
3084 3921 3482 4000 incipiamus,
3515 3918 3594 3979 de
3639 3918 3789 3979 fon-

2203 4024 2368 4086 tibus
2414 4024 2682 4086 breviter
2728 4021 3115 4083 monendum
3149 4027 3262 4080 est.
3311 4023 3634 4092 Auctores,
3679 4017 3791 4097 qui

2201 4125 2611 4186 Macariorum
2638 4131 2924 4202 tempore
2955 4130 3061 4182 aut
3091 4120 3302 4200 paullo
3344 4126 3488 4199 post
3517 4127 3790 4180 mortem

2199 4242 2418 4286 eorum
2446 4224 2512 4284 in
2539 4228 2823 4302 Aegypto
2849 4221 3124 4294 fuerunt,
3149 4221 3234 4282 ita
3263 4227 3332 4282 ut
3360 4219 3454 4280 vel
3484 4219 3789 4281 Macarios

2197 4324 2319 4403 ipsi
2363 4322 2655 4397 viderint,
2701 4321 2798 4384 vel
2827 4321 2906 4382 ab
2930 4337 3149 4382 eorum
3179 4319 3548 4399 aequalibus
3575 4317 3786 4381 edocti

2197 4427 2342 4500 sint,
2390 4425 2652 4488 nomino
2695 4423 3046 4501 Evagrium,
3079 4423 3398 4497 Ruﬁnum,
3449 4423 3511 4483 S.
3553 4423 3784 4486 Hiero-

2198 4603 2338 4674 ligae
2383 4601 2713 4667 follicantes,
2765 4603 2938 4657 vestis
2970 4601 3236 4673 grossior,
3277 4601 3468 4658 crebra
3517 4600 3782 4671 suspiria,

2203 4697 2446 4751 visitatio
2490 4697 2788 4766 virginum,
2850 4695 3184 4751 detractatio
3228 4697 3579 4760 clericorum,
3625 4706 3680 4751 et
3733 4693 3783 4748 si

2197 4787 2416 4858 quando
2463 4788 2581 4842 dies
2624 4786 2799 4843 festus
2839 4787 3077 4852 venerit,
3121 4795 3444 4841 saturantur
3492 4787 3560 4841 ad
3601 4785 3783 4840 vomi-

2197 4887 2334 4932 tum.
2385 4897 2403 4928 ι
2455 4877 2556 4947 Ep.
2603 4878 2694 4941 22,
2736 4878 2794 4933 S.
2844 4878 3072 4934 Hieron.
3107 4877 3247 4949 Opp.
3284 4879 3372 4933 ed.
3418 4878 3596 4948 Migne
3637 4877 3702 4930 T.
3735 4875 3777 4930 Ι.

2199 4969 2428 5040 [Patro].
2458 4968 2521 5023 T.
2555 4968 2721 5040 XXII]
2763 4986 2818 5039 p.
2859 4970 2985 5024 419.
3014 4969 3268 5024 Cassian.
3312 4969 3452 5022 (JoII.
3486 4967 3676 5030 XVIII,
3721 4966 3778 5028 7,

2198 5061 2334 5130 Opp.
2353 5061 2441 5115 ed.
2471 5059 2717 5115 Gazaeus
2748 5077 2802 5132 p.
2835 5061 2961 5124 521,
2989 5061 3165 5133 Migne
3191 5078 3244 5131 p.
3282 5061 3422 5114 1102
3452 5077 3536 5130 sq.

2269 5154 2344 5224 (5)
2369 5153 2510 5208 Hist.
2526 5153 2691 5208 Laus.
2708 5156 2795 5208 ed.
2813 5153 3012 5209 Meurs.
3030 5171 3080 5208 c.
3099 5155 3188 5209 '56.
3211 5154 3285 5208 De
3303 5155 3592 5216 monacho,
3611 5152 3702 5221 qui
3724 5151 3779 5203 in

2195 5253 2400 5300 sectam
2431 5243 2828 5298 Hieracitarum
2857 5244 3070 5305 incidit,
3087 5245 3210 5298 vide
3243 5243 3386 5297 intra
3413 5243 3588 5311 Caput
3619 5242 3682 5295 ll.
3706 5241 3777 5290 De

2196 5338 2478 5392 monachis
2499 5337 2902 5407 Origenismum
2932 5337 3318 5406 proﬁtentibus
3352 5335 3424 5387 cf.
3465 5334 3617 5403 Sulp.
3647 5331 3770 5384 Sev.

2196 5431 2335 5485 Dial.
2370 5432 2388 5485 I
2428 5446 2550 5499 cap.
2581 5431 2637 5492 6,
2673 5427 2919 5482 Galland.
2961 5428 3098 5482 Bibl.
3133 5429 3236 5483 PP.
3266 5428 3330 5481 T.
3364 5427 3479 5481 VIII
3503 5443 3557 5496 p.
3587 5425 3711 5486 404,
3739 5420 3774 5472 2

2197 5541 2344 5595 sqq.,
2378 5524 2556 5594 Migne
2591 5521 2797 5576 Patrol.
2829 5522 2892 5578 T.
2922 5522 3017 5575 ΧΧ
3045 5540 3097 5592 p.
3135 5523 3261 5578 187.

2266 5616 2342 5685 (ι)
2381 5616 2680 5672 Cassianus
2724 5615 3087 5669 anachoretas
3118 5623 3172 5669 et
3202 5612 3516 5667 cocnobitas
3568 5629 3587 5662 α
3616 5607 3770 5662 vivos

2195 5715 2465 5776 martyres
2492 5725 2510 5757 ι
2536 5715 2714 5758 vocat.
2741 5706 2879 5761 Coll.
2904 5705 3069 5758 XVIII
3097 5721 3216 5776 cap.
3239 5706 3266 5757 7
3293 5705 3379 5760 ed.
3402 5701 3532 5758 Gaz.
3564 5717 3617 5771 p.
3638 5695 3763 5762 522,

2198 5799 2376 5866 Migne
2399 5815 2453 5865 p.
2483 5797 2640 5850 1106.

2265 5892 2334 5960 (5,
2375 5888 2743 5946 Tischcndorf
2767 5889 2804 5946 I.
2839 5890 2874 5944 l.
2905 5906 2958 5961 ει.
2997 5890 3115 5946 119.
