4046 6470
263 402 321 457 15

1871 420 2103 478 VITAE.
3515 437 3536 488 I
3554 435 3580 488 l

286 531 563 595 nymum,
606 519 1028 602 Palladium,
1071 532 1451 597 Cassianum.
1500 539 1800 612 Quorum,
1849 541 1902 600 si
1932 548 1976 602 Α
2005 542 2346 620 interprete
2377 542 2496 603 CLI
2523 541 2726 621 capita
2760 522 3197 620 complectiFur
3221 535 3326 618 (6).
3361 539 3585 609 Altera,

301 621 582 682 Macarius
621 633 920 704 spectas,
954 630 1491 713 locupletissimus
1517 645 1704 718 atque
1727 641 1902 702 ﬁdis-

312 725 486 785 simus
515 725 701 787 testis
735 737 839 789 est
868 731 1214 806 Palladius,
1257 737 1366 814 qui
1395 739 1676 801 secundo
1703 741 1906 803 Theo-

318 827 464 887 dosii
493 828 712 906 magni
740 829 1125 911 imperantis
1163 853 1329 898 anno
1359 837 1436 899 ad
1476 846 1728 918 portum
1755 840 1903 903 Ale-

316 925 603 988 xandriae
649 931 904 1009 appulit
927 930 1038 1012 (1),
1070 935 1320 1012 triginta
1349 954 1459 998 sex
1484 940 1806 1001 mensibus
1836 941 1903 1003 in

320 1031 741 1106 monasteriis,
791 1050 958 1112 quae
1003 1035 1165 1098 circa
1218 1037 1656 1101 Alexandriam
1699 1049 1899 1113 erant,

318 1129 590 1206 peractis
625 1130 696 1191 in
734 1139 1015 1194 montem
1053 1134 1285 1197 Nitriae
1327 1137 1587 1199 secessit
1610 1137 1717 1219 (2),
1745 1147 1807 1201 et
1836 1140 1902 1202 in

320 1226 549 1302 Celliis,
597 1228 667 1290 in
715 1231 944 1310 quibus
993 1250 1214 1296 novem
1263 1253 1464 1298 annos
1496 1239 1900 1317 transigebat,

317 1335 445 1389 tres
495 1347 626 1393 una
668 1348 814 1393 cum
849 1334 1114 1397 Macario
1159 1336 1580 1400 Alexandrino
1605 1340 1756 1400 vixit
1793 1339 1902 1419 (3).

316 1431 670 1510 Aegyptius
697 1449 844 1495 vero
875 1436 1174 1498 Macarius
1194 1455 1385 1510 anno,
1415 1446 1750 1520 antequam
1772 1441 1908 1503 Pal-

2004 658 2167 720 quae
2199 641 2432 720 pariter
2465 657 2536 703 ac
2566 649 2811 703 ceterae
2839 639 3006 719 apud
3048 637 3448 699 Rosweidum
3497 635 3587 696 le-

2005 741 2190 816 gitur,
2223 741 2468 802 incerto
2508 747 2720 802 vetere
2753 741 3121 819 interprete,
3155 737 3464 818 capitibus
3484 737 3593 796 XX

2004 847 2249 903 constat
2284 840 2612 922 (7).Tertia
2643 841 2940 919 denique,
2977 839 3192 901 itidem
3220 840 3463 901 incerto
3494 855 3594 898 ve-

2005 948 2139 1002 tere
2189 942 2562 1021 interprete,
2610 943 2795 1002 LVIII
2840 940 3150 1019 capitibus
3196 938 3432 1019 prodiit
3469 936 3590 998 hoc

2002 1041 2242 1103 indice:
2270 1063 2298 1096 α
2316 1040 2663 1103 Heraclidis
2684 1039 3010 1120 paradisus
3031 1038 3177 1119 (8),»
3200 1037 3309 1117 qui
3331 1035 3599 1117 quidem.

2003 1140 2220 1201 titulus
2252 1140 2445 1201 falsus
2472 1147 2585 1213 est,
2617 1157 2812 1219 quum
2850 1138 3185 1218 legendum
3213 1138 3288 1199 sit
3321 1161 3348 1193 α
3383 1137 3588 1198 Palla-

2005 1233 2092 1296 dii
2141 1235 2540 1314 paradisus,»
2573 1243 2642 1298 ut
2681 1242 2775 1297 est
2817 1237 2884 1297 in
2911 1237 3328 1298 vetustissrmo
3369 1234 3589 1297 codice

2004 1336 2287 1398 eiusdem
2333 1337 2640 1398 versionis
2684 1338 2944 1399 ineunte
3003 1353 3131 1398 sec.
3195 1336 3278 1394 IX
3327 1333 3584 1412 scripto,

2005 1452 2196 1514 quem
2243 1436 2369 1498 adii
2409 1438 2649 1498 Romae
2687 1438 2754 1497 in
2795 1435 3175 1497 bibliotheca
3224 1432 3591 1495 monasterii

317 1527 524 1591 ladius
553 1532 622 1592 in
666 1532 1069 1602 solitudinem
1108 1539 1566 1616 egrediebatur,
1617 1549 1906 1605 mortuus
2014 1537 2465 1597 Yerusalemme
2509 1539 2578 1598 in
2613 1538 2803 1600 Croce
2837 1535 3308 1616 (9).Heraclidis
3338 1534 3586 1614 paradi-

317 1635 453 1690 erat
496 1627 609 1706 (4).
645 1632 861 1712 Itaque
904 1633 1085 1696 facile
1123 1636 1440 1716 intelligis,
1473 1641 1905 1703 auctoritatem
2005 1653 2112 1698 sus
2153 1637 2312 1698 alius
2358 1637 2621 1700 omnino
2657 1636 2818 1698 liber
2861 1636 3056 1698 fuisse
3103 1635 3366 1706 videtur,
3411 1632 3590 1695 cuius

314 1728 585 1789 Palladii
606 1732 858 1794 maximi
887 1733 1236 1799 faciendam
1261 1756 1422 1814 esse,
1443 1739 1636 1820 idque
1668 1758 1745 1803 eo
1776 1759 1908 1802 ma-
2003 1737 2255 1800 codices
2277 1739 2516 1800 Romae
2543 1738 2611 1799 in
2633 1737 3013 1799 bibliotheca
3045 1735 3388 1797 Christinae
3420 1733 3588 1810 regi-

314 1827 436 1902 gis,
467 1846 669 1908 quum
701 1848 766 1893 se
797 1832 989 1898 ﬁdum
1027 1844 1447 1916 spectatorem
1481 1840 1797 1915 exhibeat,
1843 1847 1905 1903 et
1936 1856 1978 1910 Β
2006 1855 2124 1899 nae
2137 1847 2536 1901 asservantur
2561 1839 2700 1921 (10).
2723 1838 2845 1900 Sed
2867 1839 2944 1900 ad
2974 1837 3112 1900 illas
3125 1842 3254 1899 tres
3271 1835 3590 1896 versiones

314 1922 508 2005 longa
540 1946 852 1993 annorum
899 1936 1060 1998 serie
1103 1961 1131 1994 α
1175 1955 1254 2000 ex
1291 1939 1512 2002 virtute
1543 1950 1715 2019 gesta
1753 1959 1903 2002 san-
2009 1938 2114 2010 14
2149 1939 2458 2002 Historiae
2501 1940 2832 2001 Lausiacae
2871 1937 3112 2000 accedit
3150 1936 3356 2016 graeci
3385 1940 3592 1996 textus

316 2034 573 2089 ctorum
620 2039 1098 2114 sanctarumque
1137 2037 1204 2099 in
1248 2040 1515 2119 Aegypti
1560 2041 1904 2104 solitudine
2002 2038 2220 2101 itidem
2242 2041 2471 2120 triplex
2491 2041 2980 2119 editio,quarum
3005 2038 3172 2099 nulla
3196 2036 3590 2100 cumversio-

317 2134 380 2186 et
411 2128 476 2189 in
507 2130 705 2210 Libya
735 2141 796 2194 et
815 2134 1129 2200 Thebaide
1159 2144 1220 2200 et
1247 2140 1453 2218 Syene
1477 2147 1540 2203 et
1563 2142 1902 2218 Tabennis,
2005 2141 2191 2203 nibus
2219 2141 2534 2204 convenit.
2559 2141 2861 2220 Princeps
2889 2156 3110 2217 graeca
3146 2137 3336 2200 editio
3359 2135 3592 2216 prodiit

318 2228 554 2291 deinde
600 2232 664 2292 in
698 2236 1166 2316 Mesopotamia,
1217 2241 1564 2304 Palaestina
1604 2250 1665 2306 et
1703 2245 1903 2323 Syria,
2007 2257 2085 2303 ex
2119 2241 2338 2303 codice
2371 2240 2791 2303 bibliothecae
2820 2239 3133 2302 Palatinae
3162 2257 3310 2301 cura
3338 2235 3593 2298 Meursii

319 2337 380 2388 et
406 2331 472 2390 in
505 2333 792 2410 partibus
811 2337 1162 2401 Occidentis
1183 2348 1245 2402 et
1278 2342 1512 2404 Romae
1549 2349 1611 2405 et
1640 2344 1705 2405 in
1737 2347 1909 2405 Cam-
2006 2341 2517 2422 capitibusCIlI(l
2538 2342 3010 2422 1),eaquehaud
3026 2358 3243 2421 parum
3258 2338 3592 2400 aversione

317 2432 506 2510 pania
539 2441 602 2495 et
623 2435 691 2496 in
711 2436 808 2511 iis,
843 2455 1007 2517 quae
1040 2447 1186 2502 sunt
1213 2441 1380 2505 circa
1411 2461 1540 2517 eas,
1575 2446 1857 2524 partibus
1875 2469 1902 2502 ››
2004 2445 2553 2524 Herveti,prorsus
2572 2451 2778 2505 autem
2799 2461 2833 2505 a
2855 2441 3483 2506 ceterisversionibus
3504 2439 3594 2500 di—

316 2532 456 2611 ipse
481 2538 948 2614 peregrinando
970 2545 1332 2620 cognoverit
1361 2545 1685 2625 (5).Liber,
1715 2564 1905 2625 quem

318 2634 632 2698 Palladius
670 2638 748 2700 de
782 2643 1107 2707 monachis
1141 2645 1358 2720 edidit,
1407 2649 1609 2709 Lauso
1657 2647 1904 2709 cuidam

319 2737 686 2813 praeposito
723 2738 1044 2804 dedicatus
1073 2750 1189 2816 est,
1222 2744 1392 2806 unde
1428 2762 1664 2807 nomen
1691 2747 1909 2807 Histo-

316 2834 453 2893 riae
522 2835 886 2915 Lausiacae,
956 2850 1064 2904 aut
1141 2844 1510 2925 simpliciter
1567 2848 1906 2908 Lausiacae

320 2932 573 3010 (graece
623 2941 854 3021 Tempta
880 2951 1017 3023 πρὸς
1049 2945 1292 3024 Λαῦσον)
1329 2947 1534 3008 traxit.
1558 2946 1745 3009 Cuius
1781 2955 1909 3009 tres

320 3043 570 3098 exstant
604 3037 830 3104 latinae
870 3046 1190 3108 versiones
1224 3047 1402 3110 valde
1433 3049 1598 3110 inter
1623 3066 1692 3110 se
1721 3048 1906 3109 diffe-

2007 2551 2146 2607 stat.
2165 2547 2298 2618 Quo
2318 2543 2574 2623 quidem
2589 2548 2760 2604 textu
2771 2543 3123 2605 Meursiano
3138 2541 3322 2617 longe
3340 2538 3592 2619 plenio-

2007 2660 2142 2705 rem
2172 2660 2207 2704 e
2237 2641 2562 2704 codicibus
2584 2640 2798 2718 Regiis
2819 2658 2940 2701 una
2974 2658 3116 2701 cum
3133 2639 3419 2701 versione
3440 2638 3598 2698 Her-

2007 2745 2133 2806 veti
2163 2743 2475 2823 capitibus
2502 2743 2620 2802 CLI
2651 2741 2847 2802 edidit
2880 2743 3110 2802 Fronto
3132 2742 3418 2802 Ducaeus
3443 2737 3590 2819 (12).

2009 2845 2292 2924 Denique
2351 2843 2553 2923 capita
2611 2842 2917 2905 nonnulla
2964 2843 3030 2903 in
3078 2841 3195 2904 hac
3239 2840 3594 2918 ceterisque

2008 2947 2389 3010 editionibus
2439 2945 2669 3006 omissa
2716 2951 3016 3024 tanquam
3076 2961 3236 3004 nova
3288 2941 3596 3022 quaedam

2007 3049 2175 3109 illius
2211 3047 2505 3108 editionis
2559 3045 2999 3126 supplementa
3047 3043 3313 3120 vulgavit
3349 3042 3593 3104 Cotele-

319 3145 558 3200 rentes.
619 3142 708 3206 Ex
763 3145 993 3222 quibus
1035 3165 1132 3222 ea,
1181 3166 1344 3228 quae
1397 3149 1624 3210 ceteris
1663 3149 1907 3210 duabus
1936 3203 1975 3228 η
2011 3146 2303 3227 rius(13).
2332 3147 2568 3220 Quibus
2585 3145 3598 3208 additamentisctDucaeietCote—

319 3239 523 3304 multo
573 3241 952 3325 locupletior
981 3256 1095 3322 est,
1143 3249 1452 3312 Gentiano
1483 3251 1758 3313 Herveto
1805 3249 1906 3320 13
1936 3239 1978 3261 ’³
2013 3249 2152 3311 lerii
2165 3253 2410 3310 auctam
2434 3247 2776 3309 editionem
2799 3247 2918 3308 iam
2937 3246 3129 3308 habes
3143 3247 3207 3307 in
3221 3244 3595 3309 collectione

394 3421 470 3490 (I)
523 3422 661 3480 Hist.
710 3425 874 3484 Laus.
934 3444 1056 3500 cap.
1104 3431 1154 3486 1.
1209 3430 1349 3503 Opp.
1408 3430 1615 3490 Meurs.
1667 3431 1734 3489 T.
1790 3431 1928 3502 VIII,

325 3527 379 3582 p.
417 3515 547 3569 548.

395 3602 471 3672 (2)
516 3602 650 3659 Ibid.
681 3623 801 3677 cap.
828 3609 860 3663 8
890 3626 946 3680 p.
982 3611 1110 3666 560.

397 3697 474 3764 (3)
518 3695 650 3752 Ibid.
693 3715 810 3770 cap.
841 3701 902 3754 2i
938 3719 992 3773 p.
1030 3702 1154 3758 596.

396 3789 473 3855 (4)
517 3790 654 3844 Ibid.
687 3808 805 3865 cap.
833 3797 903 3848 20
924 3812 976 3865 p.
1007 3796 1129 3850 596.

397 3880 469 3949 (5)
512 3880 732 3953 Prolog.
775 3886 839 3940 ad
873 3886 1017 3942 Hist.
1063 3888 1230 3945 Laus.
1267 3888 1408 3960 Opp.
1443 3887 1641 3944 Meurs.
1696 3893 1735 3949 1.
1767 3895 1804 3948 l.
1848 3913 1899 3964 p.

327 3971 466 4037 5w;
508 3972 623 4029 vv.
657 3976 758 4030 pp.
785 3977 968 4034 Bosvv.
997 3997 1048 4050 p.
1085 3981 1213 4035 706.

399 4067 477 4134 (6)
523 4066 770 4124 Primum
817 4074 1020 4142 prodiit
1077 4074 1307 4130 Parisiis
1355 4074 1517 4139 1555,
1560 4074 1662 4138 4ο;
1710 4089 1906 4128 recusa

326 4169 414 4213 est
453 4160 658 4216 ibidem
689 4163 846 4230 1570,
879 4166 958 4228 4ο,
995 4174 1158 4236 atque
1197 4182 1324 4222 cum
1366 4166 1593 4223 scholiis
1627 4165 1912 4221 Laurentii

329 4243 622 4304 Barrensis
665 4251 718 4304 in
751 4252 869 4308 eius
910 4253 1139 4309 biswria
1176 4256 1480 4310 christiana
1521 4263 1769 4310 veterum
1811 4255 1916 4310 Pa-

328 4350 474 4395 trum
517 4341 696 4400 Paris.
732 4345 870 4401 I583
905 4347 1000 4401 fol.
1041 4365 1094 4418 p.
1135 4348 1224 4412 55,
1255 4364 1357 4403 nec
1390 4365 1503 4402 non
1545 4349 1601 4403 in
1635 4348 1774 4403 Bibl.
1809 4349 1913 4404 PP.

330 4449 452 4488 cur.
485 4433 556 4488 de
581 4435 631 4488 la
662 4435 830 4506 Bigne
853 4436 1029 4491 Paris.
1061 4438 1200 4494 1589
1225 4449 1278 4494 et
1307 4439 1447 4494 1610
1472 4439 1534 4495 Τ.
1561 4439 1678 4503 VII,
1714 4441 1770 4493 in
1802 4439 1915 4494 VV.

328 4523 436 4578 PP.
475 4525 662 4580 Rosw.
712 4528 804 4582 lib.
851 4528 965 4583 VIII
995 4546 1048 4599 p.
1095 4530 1197 4584 704
1236 4545 1385 4600 sqq..
1416 4541 1471 4586 et
1513 4531 1569 4586 in
1602 4531 1916 4587 Meursiana

329 4617 575 4672 editione
605 4616 877 4675 Historiae
908 4620 1210 4678 Lausiacae
1233 4621 1488 4690 Palladii,
1520 4621 1660 4693 Opp.
1693 4621 1916 4678 Meursii

332 4705 398 4758 Τ.
429 4705 544 4758 VIII
583 4724 634 4776 p.
675 4709 776 4764 531
806 4727 924 4780 sqq.

409 4797 490 4865 (7)
535 4797 691 4853 Edita
721 4809 806 4856 est
841 4801 898 4854 in
929 4800 1066 4857 Vitis
1095 4800 1344 4868 Patrum,
1387 4818 1528 4873 quae
1570 4803 1770 4872 triplici
1798 4805 1920 4858 vice

331 4891 452 4944 sine
480 4893 827 4962 typographi,
852 4893 954 4948 loci
981 4902 1035 4948 et
1057 4895 1188 4948 anni
1213 4904 1344 4951 nota
1370 4904 1615 4966 tempore
1637 4899 1918 4951 nascentis

332 4984 727 5051 typographiae
771 4985 1112 5052 prodierunt,
1165 4986 1295 5054 Iol.;
1334 5002 1530 5043 recusa
1565 4988 1620 5041 in
1658 4986 1918 5043 Theodo-

335 5075 430 5128 rici
463 5074 647 5128 Loher
665 5090 694 5128 a
719 5075 921 5134 Stratis
950 5086 1239 5151 prototypo
1271 5083 1470 5136 veteris
1493 5083 1784 5146 ecclesiae,
1815 5081 1919 5137 Co-

337 5174 519 5226 loniae
548 5173 704 5238 1547,
731 5173 856 5238 fol.,
884 5182 939 5230 et
966 5175 1021 5230 in
1061 5175 1174 5231 VV.
1211 5176 1316 5230 PP.
1352 5176 1540 5232 Rosw.
1566 5194 1619 5248 p.
1653 5179 1758 5234 984
1791 5196 1915 5251 sqq.

407 5266 486 5332 (8)
535 5263 666 5318 Eam
731 5267 834 5321 sub
901 5268 1109 5324 titulo:
1149 5286 1170 5320 ς
1201 5268 1508 5325 Heraclidis
1565 5272 1859 5338 paradisus
1892 5291 1912 5324 ι

332 5360 544 5426 primus
589 5359 808 5413 videtur
863 5360 1102 5416 edidisse
1155 5360 1274 5415 Jac.
1332 5361 1510 5417 Faber
1570 5362 1918 5434 Stapulensis

337 5450 512 5503 Paris.
547 5453 706 5508 1501.
739 5452 951 5507 Collata
991 5469 1114 5508 cum
1158 5455 1352 5511 codice
1391 5471 1495 5511 ms.
1529 5455 1773 5519 Veneto,
1820 5458 1917 5527 qui

335 5556 447 5594 non
484 5539 849 5604 Heraclidem.
902 5545 996 5599 sed
1045 5544 1350 5601 Palladium
1399 5549 1722 5617 scriptorem
1769 5558 1918 5603 recte

341 5637 640 5705 proﬁtetur,
678 5639 886 5709 prodiit
917 5640 970 5692 iu
1009 5639 1147 5696 Vitis
1179 5659 1274 5712 per
1303 5643 1585 5714 Aloysium
1624 5644 1917 5712 Lipoman-

341 5741 466 5779 num
501 5729 746 5782 collectis
782 5727 846 5781 T.
893 5727 956 5781 III
1000 5730 1189 5785 Venet.
1240 5733 1400 5786 1554.
1450 5733 1693 5801 Denique
1738 5742 1920 5788 exstat

345 5817 394 5867 in
421 5815 525 5871 νγ.
545 5817 647 5871 ΡΡ.
688 5818 883 5873 Ilosw.
915 5835 968 5886 p.
996 5820 1097 5876 9'59
1127 5840 1248 5891 sqq.
1283 5823 1357 5878 De
1386 5824 1553 5877 variis
1579 5824 1730 5877 hisce
1754 5824 1917 5878 trium

341 5911 645 5967 versionum
696 5910 1040 5968 editionibus
1081 5915 1153 5970 cf.
1199 5914 1286 5974 Jo.
1333 5917 1456 5975 ΛΠ).
1502 5915 1815 5974 Fabricium
1864 5920 1920 5974 in

2010 3432 2349 3488 Bibliotheca
2380 3431 2613 3494 Graeca,
2650 3428 2792 3500 Opp.
2835 3428 3040 3486 Meurs.
3086 3446 3154 3484 ex
3199 3445 3311 3484 rec.
3344 3427 3588 3483 LamiT.

2011 3523 2127 3578 VIII
2167 3541 2220 3595 p.
2258 3525 2383 3589 667,
2424 3524 2629 3590 l,infra
2661 3524 2716 3578 in
2756 3523 2912 3577 initio
2948 3533 3169 3580 nostrae
3212 3524 3472 3578 editionis
3502 3521 3599 3575 Hi.

2009 3614 2216 3668 storiac
2260 3613 2582 3678 Lausiacae,
2606 3621 2661 3669 et
2682 3611 2799 3668 VV.
2835 3612 2942 3668 PP.
2977 3613 3162 3668 Bosw.
3199 3613 3414 3684 Proleg.
3456 3610 3596 3678 XIV,

2011 3722 2062 3776 p.
2104 3705 2288 3760 XLIV.

2086 3801 2160 3869 (9)
2200 3799 2376 3856 Huius
2418 3798 2792 3852 Bibliothecae
2852 3797 3046 3852 codice
3098 3795 3212 3849 XLI
3262 3793 3356 3848 fol.
3396 3793 3429 3849 9
3464 3795 3599 3847 haec

2011 3890 2149 3962 legis
2181 3911 2193 3945 :
2224 3910 2244 3941 ι
2286 3889 2480 3959 Incipit
2508 3890 2663 3954 liber,
2698 3890 2786 3958 qui
2822 3889 3123 3957 appellatur
3143 3886 3442 3956 paradysus
3473 3883 3600 3940 Pal-

2015 3986 2147 4039 ladii
2175 3985 2436 4047 monachi,
2460 3984 2548 4054 qui
2571 3985 2674 4052 fuit
2699 3982 2990 4052 discipulus
3027 3981 3260 4050 Evagrii.
3297 3980 3449 4033 Multi
3475 3981 3598 4049 qui-

2015 4078 2140 4131 dem
2174 4077 2374 4131 multos
2405 4077 2698 4145 variosque
2727 4076 2919 4140 libros,
2955 4082 3068 4128 cet.
3101 4093 3118 4125 ›
3141 4073 3346 4128 Tcxtus
3391 4071 3606 4126 codicis

2016 4187 2045 4225 a
2077 4170 2217 4225 libro
2248 4171 2518 4239 impresso
2552 4183 2745 4239 parum
2773 4168 2934 4225 nobis
2955 4168 3273 4236 discrepare
3299 4167 3452 4221 visus
3481 4172 3588 4220 est.

2015 4262 2200 4318 Codex
2229 4260 2475 4318 Venetus
2503 4277 2725 4333 quoque
2765 4261 3071 4315 Palladium
3106 4259 3435 4330 scriptorem
3471 4273 3616 4328 prac-

2017 4372 2077 4413 sc
2107 4355 2233 4411 fert.

2090 4446 2203 4516 (10)
2255 4446 2312 4500 In
2354 4445 2606 4515 catalogo
2643 4445 2819 4498 latino
2861 4443 3002 4498 Bibl.
3042 4441 3354 4496 Christinae
3399 4439 3605 4493 Romae

2018 4540 2155 4610 legis
2188 4555 2202 4590 :
2236 4557 2256 4590 ‹
2286 4537 2420 4591 Cod.
2457 4536 2553 4590 Nr.
2577 4536 2682 4590 452
2705 4535 3012 4591 Heraclidis
3048 4533 3338 4605 paradisus
3361 4533 3475 4585 sive
3504 4529 3598 4582 lib.

2017 4632 2085 4685 de
2124 4630 2236 4684 VV.
2272 4630 2372 4684 SS.
2417 4629 2645 4684 Patrum
2689 4629 2756 4683 ad
2805 4627 3045 4682 Lausum
3094 4625 3466 4696 praepositum
3510 4638 3602 4692 pa.

2015 4724 2154 4778 latii.
2189 4742 2206 4774 ι
2273 4721 2503 4777 Nomine
2549 4721 2831 4792 scriptoris
2872 4719 3079 4774 omisso
3117 4719 3172 4771 in
3228 4716 3475 4785 catal0go
3524 4715 3600 4766 la-

2013 4817 2131 4870 tino
2161 4814 2301 4869 Bibl.
2343 4814 2640 4869 Vaticanae
2686 4814 2885 4883 legitur
2919 4828 2932 4862 :
2977 4830 2998 4863 σ
3031 4811 3086 4864 2.
3119 4809 3435 4871 Paradisus,
3467 4808 3603 4861 liber

2016 4909 2097 4962 sic
2145 4907 2442 4977 inscriptus
2486 4906 2555 4961 de
2597 4905 2736 4960 Vitis
2781 4904 3131 4964 Sanctorum,
3178 4901 3284 4954 355
3321 4898 3418 4953 Nr.
3460 4898 3600 4965 499;

2016 4999 2198 5054 denuo
2227 4998 2332 5053 565
2360 4997 2456 5052 Nr.
2492 4998 2650 5052 1512.
2686 5016 2705 5048 ι
2749 4995 3002 5050 Graviter
3033 4993 3305 5054 dolemus,
3344 4989 3490 5060 quod
3517 5006 3604 5043 re-

2020 5092 2124 5146 bus
2159 5091 2507 5162 gravioribus
2546 5091 2710 5146 nimis
2750 5085 3000 5157 occupati
3048 5086 3149 5138 hos
3192 5083 3432 5148 codices,
3475 5097 3611 5137 cum

2017 5183 2224 5239 Romae
2251 5199 2524 5247 essemus,
2558 5181 2873 5238 examinare
2906 5193 3013 5231 non
3041 5178 3335 5246 potuimus.

2092 5279 2203 5349 (11)
2239 5277 2411 5349 Lugd.
2451 5277 2570 5331 Bal.
2606 5275 2762 5341 1616,
2799 5275 2876 5328 4ο.
2904 5271 3180 5326 Meursius
3211 5279 3370 5326 notas
3397 5270 3606 5324 addidit

2017 5371 2285 5432 cruditas,
2317 5370 2584 5424 nonnulla
2605 5367 2779 5422 etiam
2811 5381 2842 5420 e
2872 5365 3063 5419 codice
3091 5364 3466 5418 Bibliothecae
3498 5360 3605 5413 Re-

2022 5463 2142 5534 giae
2156 5460 2647 5522 Parisiensis,'cum
2680 5456 2926 5511 Lutetiae
2954 5462 3285 5515 versaretur,
3307 5451 3599 5521 supplevit.

2093 5555 2204 5624 (12)
2252 5553 2569 5607 Auctarium
2622 5551 2760 5605 Bibl.
2803 5548 2907 5602 PP.
2956 5547 3130 5601 Paris.
3164 5545 3322 5608 1624,
3375 5545 3492 5607 101..
3534 5543 3598 5596 ⁸1⁸.

2019 5644 2061 5697 II
2097 5661 2148 5714 p.
2185 5644 2377 5697 895-
2432 5643 2598 5707 I053;
2634 5640 2770 5695 Bibl.
2809 5637 2914 5691 PP.
2960 5637 3137 5690 Paris.
3189 5635 3325 5688 1654
3370 5634 3433 5688 T.
3482 5632 3605 5686 XIII

2023 5753 2070 5806 p.
2103 5732 2399 5790 895—1055.
2427 5733 2708 5788 Accedunt
2737 5731 2938 5786 Ducaei
2965 5737 3147 5782 notae.

2094 5828 2206 5895 (15)
2248 5827 2396 5881 Eccl.
2419 5826 2615 5880 Graec.
2644 5827 2792 5878 Mon.
2825 5822 2948 5875 Lut.
2981 5821 3159 5880 Paris.
3195 5819 3330 5876 I677
3363 5817 3421 5872 T.
3456 5816 3596 5889 IIIp.

2029 5922 2224 5977 m—
2250 5923 2352 5979 rzo
2380 5929 2511 5991 etp.
2550 5917 2889 5976 158—170.
