4046 6508
369 415 436 468 15
1163 414 1268 470 SS.
1299 415 1766 473 MACARIORUM
1803 420 2125 476 AEGYPTII
2167 422 2255 478 ΕΤ
2294 418 2791 478 ALEXANDRINL
3556 424 3634 480 16

360 526 636 606 Operum
682 528 933 590 Meursii
987 547 1060 591 ex
1120 531 1490 594 recensione
1526 534 1788 594 Joannis
1828 537 1942 596 La-
1972 536 2459 600 Adedicatorias
2539 535 2862 615 epistolas,
2942 549 3104 613 quae
3134 531 3222 593 ibi
3299 529 3628 610 leguntur,

359 626 449 687 mi
482 625 587 707 (1).
613 629 813 689 Caveo
835 634 993 690 teste
1014 628 1080 690 in
1101 631 1296 692 Isaaci
1324 631 1528 693 Vossii
1557 631 1938 695 bibliotheca

360 726 564 786 codex
579 728 916 790 Lausiacae
933 729 1392 807 inveniebatur,
1409 732 1520 812 qui
1543 731 1725 794 editis
1743 731 1937 812 duplo

359 826 602 888 auctior
639 827 758 888 fuit
797 827 904 908 (2).
950 831 1038 890 Ex
1075 831 1368 894 omnibus
1404 849 1552 894 vero
1585 832 1742 907 istis,
1775 849 1938 912 quae

358 925 692 1003 habentur,
725 930 1106 992 editionibus
1131 932 1299 994 nulla
1319 932 1404 994 ita
1431 941 1791 1011 comparata
1819 941 1936 1008 est,

357 1034 423 1087 ut
449 1028 706 1104 genuini
735 1035 942 1090 textus
967 1031 1248 1109 speciem
1276 1047 1427 1110 prae
1454 1049 1522 1092 se
1541 1030 1720 1094 ferat.
1751 1031 1941 1094 Vides

357 1124 572 1204 igitur,
612 1128 1041 1192 difﬁcultatem
1072 1131 1410 1192 maximam
1446 1130 1550 1194 hic
1595 1133 1780 1195 nobis
1819 1134 1937 1195 ob-

360 1227 534 1289 oriri.
575 1229 698 1292 Sed
735 1231 1069 1294 commode
1105 1233 1335 1309 evenit,
1363 1240 1429 1295 ut
1455 1233 1521 1295 in
1557 1232 1940 1296 bibliotheca

359 1328 656 1388 Caesarea
683 1327 1160 1392 Vindobonensi
1187 1331 1552 1408 genuinam,
1579 1332 1753 1412 quod
1783 1331 1940 1393 mihi

360 1424 618 1503 quidem
634 1426 895 1502 videtur,
910 1429 1246 1492 Historiam
1259 1433 1616 1494 Lausiacam
1628 1431 1831 1494 adhuc
1849 1431 1942 1493 in-

361 1523 675 1600 cognitam
698 1543 763 1586 re
772 1528 1040 1604 pererim
1054 1529 1120 1590 in
1133 1529 1382 1593 duobus
1398 1531 1742 1594 Codd.Mss.
1755 1581 1770 1606 ,
1785 1548 1942 1612 quo-

360 1641 501 1684 rum
517 1629 786 1705 utroque
798 1627 1040 1707 integra
1060 1632 1441 1704 continetur,
1456 1633 1941 1696 membranaceo

361 1732 424 1787 et
456 1733 815 1804 pervetusto
846 1747 999 1805 uno,
1020 1731 1354 1797 chartaceo
1376 1734 1572 1796 altero
1591 1733 1700 1813 (3).
1723 1738 1809 1796 Ac
1838 1751 1942 1812 ge-

360 1825 614 1890 nuitatis
646 1826 747 1897 15
779 1837 990 1892 notam
1017 1829 1166 1892 huic
1197 1831 1437 1894 inedito
1464 1832 1662 1894 textui
1688 1832 1938 1895 vindico

361 1937 506 1983 cum
539 1935 802 2007 propter
829 1944 1059 1989 nexum
1088 1946 1320 2005 rerum,
1351 1947 1387 1992 a
1419 1948 1543 2010 qua
1579 1937 1755 2010 parte
1785 1930 1942 1992 nihil

361 2019 769 2101 desideratur,
785 2033 916 2088 tum
933 2034 1196 2108 prOpter
1217 2029 1682 2108 simplicitatem
1706 2031 1942 2093 dictio-

362 2122 460 2184 nis
490 2131 551 2187 et
583 2127 968 2206 praeclaram
1015 2129 1208 2191 totius
1242 2130 1388 2192 libri
1434 2131 1938 2212 dispositionem.

360 2223 531 2286 Edita
571 2228 952 2308 exemplaria
992 2230 1302 2292 Historiae
1342 2233 1675 2295 Lausiacae
1711 2233 1764 2295 si
1799 2251 1944 2296 cum

362 2330 535 2388 textu
555 2327 780 2390 horum
802 2331 1090 2393 codicum
1109 2332 1382 2406 confers,
1397 2333 1553 2396 mire
1571 2335 1944 2415 interpolata

363 2432 426 2486 et
487 2427 864 2508 babylonica
925 2432 1193 2512 quadam
1268 2433 1645 2496 confusione
1720 2435 1944 2497 aﬂ‘ecta

359 2538 690 2609 apparent,
719 2532 802 2595 ita
835 2540 926 2608 ut,
957 2552 1120 2614 quae
1149 2536 1216 2598 in
1247 2537 1456 2599 medio
1487 2537 1647 2598 libro
1676 2537 1945 2616 legenda

361 2638 527 2705 sunt,
563 2631 848 2710 legantur
873 2635 940 2698 in
968 2637 1115 2711 ﬁne,
1151 2643 1235 2713 et,
1269 2654 1431 2717 quae
1459 2637 1538 2700 ad
1573 2639 1763 2700 ﬁnem
1794 2657 1943 2719 per-

358 2729 590 2806 tinent,
640 2734 918 2796 medium
968 2735 1180 2798 locum
1240 2745 1556 2818 occupent
1586 2738 1693 2820 (4).
1745 2741 1946 2813 Quare

360 2830 634 2909 primum
666 2834 942 2911 genuino
985 2835 1294 2899 Historiae
1339 2838 1673 2902 Lausiacae
1705 2840 1785 2902 de
1813 2843 1944 2903 Ma-

359 2933 544 2994 cariis
597 2940 793 3010 textu,
848 2954 1041 3016 quem
1095 2955 1175 2999 ex
1231 2939 1556 3002 codicibus
1616 2941 1943 3021 descripsi,

359 3033 522 3097 infra
561 3043 842 3111 utemur;
875 3037 1105 3102 deinde
1145 3041 1310 3102 edita
1351 3042 1734 3122 exemplaria
1768 3061 1944 3106 com-

2039 639 2219 717 operi
2254 655 2369 700 suo
2401 637 2763 717 praeﬁxisse
2808 636 2909 696 vix
2956 631 3298 696 credideris
3333 650 3347 692 :
3379 632 3628 694 Vindo-

2039 740 2355 803 bonenses
2391 757 2540 801 vero
2578 739 2851 810 codices,
2884 735 3094 816 priore
3139 733 3388 804 omissa,
3418 732 3632 793 statim

2039 841 2119 902 ab
2145 841 2359 915 altera,
2389 857 2552 920 quae
2586 838 2810 918 incipit
2843 857 2856 898 :
2890 843 3198 912 Μακαρίζω
3235 860 3293 896 κ.
3325 858 3378 895 τ.
3413 845 3474 895 .1.
3511 832 3630 911 (7),

2041 941 2395 1003 ordiuntur.
2421 943 2750 1002 Praeterea
2771 939 2937 1000 edita
2954 936 3268 1000 Historiae
3288 935 3632 997 Lausiacae

2041 1042 2422 1122 exemplaria
2480 1041 2649 1105 haud
2699 1041 2926 1118 exigua
2981 1043 3359 1117 receperunt
3411 1036 3633 1096 incre-

2041 1148 2251 1204 menta
2281 1159 2316 1203 e
2348 1159 2574 1220 graeco
2601 1149 2664 1204 et
2693 1141 2886 1203 latino
2925 1147 3102 1202 textu
3147 1139 3291 1200 libri
3317 1139 3444 1200 VV.
3475 1140 3629 1210 PP.,

2041 1244 2151 1323 qui
2188 1244 2252 1305 in
2291 1244 2665 1308 collectione
2699 1241 3012 1304 Rosweidi
3049 1241 3270 1303 ordine
3308 1239 3636 1302 secundus

2042 1352 2137 1406 est
2167 1345 2274 1425 (8).
2307 1350 2508 1425 Atque
2533 1349 2745 1426 ipsum
2773 1345 2945 1407 hunc
2975 1343 3227 1416 librum,
3261 1348 3330 1403 ut
3361 1359 3504 1402 mox
3537 1340 3639 1400 vi-

2041 1441 2357 1520 debimus,
2383 1445 2649 1506 Ruﬁnus
2671 1461 2705 1507 e
2730 1461 2956 1522 graeco
2990 1443 3057 1504 in
3085 1442 3348 1504 latinum
3372 1449 3478 1518 16
3499 1457 3641 1502 ser-

2041 1559 2298 1606 monem
2345 1541 2682 1617 transtulit,
2727 1559 2919 1622 quam
2972 1541 3326 1602 versionem
3383 1538 3506 1599 iam
3557 1539 3630 1600 S.

2039 1644 2467 1722 Hieronymus
2507 1643 2673 1705 bene
2717 1642 3033 1720 cognovit.
3066 1642 3372 1702 Graecum
3414 1643 3636 1698 autem

2041 1743 2364 1824 exemplar
2403 1744 2470 1804 in
2516 1742 2810 1805 Lausiaca
2856 1739 3210 1812 scribenda,
3247 1747 3318 1800 ut
3361 1736 3635 1816 patebit,

1972 1891 2015 1946 Β
2041 1844 2181 1924 ipse
2217 1843 2529 1946 Palladius
2549 1843 2877 1946 adhibuit.
2907 1844 2997 1946 Ex
3026 1840 3257 1946 quibus
3288 1837 3634 1946 colligitur,

2045 1961 2118 2007 ea
2139 1961 2303 2025 quae
2324 1944 2390 2006 in
2412 1943 2596 2006 editis
2618 1944 2928 2005 Historiae
2956 1940 3286 2003 Lausiacae
3305 1935 3641 2016 exempla-

2042 2044 2217 2106 ribus
2240 2049 2487 2123 praeter
2505 2043 2683 2118 illud,
2700 2043 2871 2122 quod
2899 2041 3101 2105 codex
3123 2036 3644 2100 Vindobonensis

2043 2144 2492 2224 suppeditabit,
2523 2144 2942 2224 reperiantur,
2990 2159 3026 2204 e
3088 2139 3264 2202 fonte
3313 2139 3460 2199 satis
3509 2153 3640 2197 an-

2041 2245 2222 2325 tiquo
2251 2245 2532 2318 ﬂuxisse,
2563 2251 2754 2323 atque
2789 2244 2976 2306 etiam
3016 2243 3350 2304 observatu
3388 2236 3642 2314 dignis-

2043 2347 2201 2408 sima
2249 2362 2411 2407 esse.
2455 2345 2543 2406 De
2597 2344 2895 2422 singulari
2941 2358 3090 2404 vero
3139 2338 3641 2410 necessitudine,

2045 2463 2207 2525 quae
2239 2446 2406 2508 inter
2440 2445 2631 2507 istum
2671 2445 3017 2507 Heraclidis
3048 2441 3430 2524 paradisum,
3461 2438 3642 2500 hunc

2045 2546 2276 2610 librum
2344 2548 2694 2611 secundum
2748 2554 2810 2608 et
2861 2546 3201 2609 Historiam
3268 2542 3641 2605 Lausiacam

2045 2649 2303 2713 Palladii
2331 2649 2724 2712 intercedere
2752 2648 3019 2722 videtur,
3049 2645 3455 2707 disseremus.

2127 2755 2156 2827 ᾗ
2208 2749 2266 2812 6.
2322 2750 2629 2831 Expedita
2680 2748 2800 2811 hac
2849 2747 3209 2810 difﬁcultate
3266 2745 3345 2807 ad
3405 2759 3643 2806 novam

2045 2847 2216 2912 haud
2265 2850 2476 2911 minus
2520 2848 2990 2911 incommodam
3033 2844 3415 2917 accedimus,
3444 2857 3643 2922 quam

2045 2952 2230 3014 affert
2256 2952 2543 3013 Ruﬁnus.
2572 2953 2632 3012 Is
2659 2952 2775 3012 sub
2809 2948 3085 3011 Valentis
3111 2945 3406 3026 imperio,
3437 2959 3643 3023 quum

2047 3053 2110 3113 S.
2159 3051 2490 3114 Athanasio
2527 3059 2778 3113 mortuo
2821 3051 3050 3112 Lucius
3100 3048 3226 3110 Arii
3267 3053 3538 3108 sectator
3569 3044 3643 3106 in

360 3136 741 3215 parabimus.
800 3140 1148 3203 Varietates
1185 3141 1330 3202 illae
1368 3142 1436 3204 in
1483 3143 1947 3222 exemplaribus
1994 3231 2002 3232 ί
2049 3152 2483 3232 episcOpatum
2532 3151 2941 3214 Alexandriae
2987 3169 3103 3232 per
3160 3149 3525 3222 fenestram,
3569 3151 3648 3208 ut

359 3237 509 3300 inde
538 3246 718 3301 natae
744 3257 881 3302 esse
909 3241 1221 3315 videntur,
1247 3244 1420 3323 quod
1448 3261 1526 3305 ex
1556 3244 1694 3307 aliis
1719 3245 1799 3308 de
1826 3247 1948 3310 vita
1973 3231 2018 3291 θ
2051 3231 2291 3325 dicunt,
2321 3269 2389 3312 se
2418 3251 2794 3326 intrusisset,
2820 3269 2944 3313 una
2977 3231 3121 3313 cum
3151 3249 3407 3311 senibus
3434 3247 3502 3308 in
3531 3245 3636 3308 de.

361 3345 612 3420 patrum
636 3342 830 3403 eremi
857 3343 1105 3423 scriptis
1127 3345 1318 3407 modo
1349 3345 1550 3425 plura,
1573 3347 1768 3409 modo
1797 3366 1950 3428 pau-

363 3439 534 3502 ciora
561 3441 627 3502 in
657 3442 988 3504 Historiam
1021 3446 1380 3508 Lausiacam
1407 3446 1727 3522 translata,
1756 3456 1946 3529 atque

363 3541 636 3621 antiquis
682 3543 806 3605 iam
851 3546 1241 3624 temporibus
1284 3565 1428 3609 cum
1482 3565 1556 3610 ea
1609 3549 1946 3612 commixta

364 3643 509 3707 sint.
539 3643 585 3705 E
607 3663 734 3725 quo
757 3665 1022 3709 numero
1043 3649 1383 3729 praecipue
1403 3649 1578 3712 illum
1601 3653 1948 3716 Heraclidis

362 3746 722 3828 paradisum
741 3747 935 3810 fuisse
957 3749 1267 3826 existimo,
1284 3751 1392 3832 qui
1417 3753 1740 3818 dedicatus
1754 3754 1949 3818 fuisse

361 3847 610 3910 videtur
640 3849 722 3928 (5)
759 3851 967 3914 eidem
1003 3853 1207 3916 Lauso
1244 3857 1630 3935 praeposito,
1659 3858 1764 3920 cui
1803 3858 1947 3920 Pal-

362 3947 568 4012 ladius
595 3952 934 4015 Historiam
972 3956 1332 4019 Lausiacam
1363 3959 1702 4037 inscripsit.
1735 3961 1835 4022 Sic
1871 3977 1950 4022 ex

362 4053 709 4131 prooemiis
761 4054 1010 4118 duobus
1055 4057 1368 4121 Historiae
1395 4061 1752 4134 Lausiacae,
1785 4080 1949 4142 quae

363 4153 717 4216 Meurs'iana
745 4155 939 4218 editio
969 4157 1173 4231 aﬁ‘ert,
1202 4159 1401 4238 prius,
1435 4161 1607 4239 quod
1637 4179 1673 4223 a
1700 4163 1946 4224 verbis:

378 4261 481 4316 Ἐν
502 4264 690 4333 ταύτῃ
719 4263 794 4332 τῇ
811 4265 1016 4334 ,βίϐλῳ
1035 4284 1093 4321 κ.
1116 4285 1170 4322 τ.
1191 4272 1254 4323 λ.
1278 4261 1498 4341 incipit
1521 4261 1628 4341 (6),
1653 4264 1950 4342 equidem

364 4353 678 4417 Heraclidi
724 4354 1074 4418 tribuerim.
1123 4359 1277 4422 Nam
1338 4360 1682 4423 Palladium
1731 4364 1949 4425 ambas

436 4625 514 4699 (i)
550 4625 639 4685 Jo.
694 4627 917 4685 Meursii
956 4629 1094 4701 Opp.
1140 4645 1208 4686 ex
1257 4645 1368 4687 rec.
1404 4629 1492 4686 Jo.
1535 4631 1689 4688 Lami
1729 4633 1793 4687 T.
1831 4632 1950 4688 Vill

360 4716 675 4777 Florentiae
708 4723 870 4790 1746,
897 4723 1016 4785 1⁵01..
1051 4739 1102 4793 p.
1142 4725 1487 4781 554—670.

436 4812 512 4880 (2)
553 4810 718 4867 Guill.
745 4812 910 4876 Cave,
943 4812 1170 4884 Scriptt.
1203 4816 1403 4872 eccles.
1429 4815 1569 4872 Hist.
1587 4817 1694 4872 litt.
1728 4817 1798 4873 de
1819 4816 1952 4870 Pal-

363 4903 508 4958 ladio
534 4905 623 4960 ed.
672 4904 799 4961 Bas.
844 4905 977 4959 i7“
1010 4905 1076 4960 Τ.
1113 4905 1212 4977 lp.
1249 4907 1376 4962 576.
1424 4908 1696 4965 Meursius
1732 4925 1952 4980 quoque

362 4995 590 5052 Palladii
618 4999 892 5068 quandam
931 5001 1183 5073 διήγησιν
1210 5003 1341 5072 περὶ
1362 5001 1471 5054 τῶν
1510 5004 1631 5055 κατ’
1673 5002 1952 5072 Αἴγυπτον

361 5084 782 5157 διαλαμψάντων
822 5090 1079 5160 πατέρων
1127 5092 1360 5146 invenit.
1407 5091 1585 5160 Atque
1627 5090 1947 5147 Meursius:

372 5197 391 5229 ι
423 5178 475 5232 id
508 5195 733 5249 quoque
763 5196 904 5252 opus
932 5203 980 5246 ι,
1023 5183 1221 5254 inquit,
1276 5201 1296 5234 ε
1328 5182 1376 5237 si
1414 5183 1629 5252 placere
1671 5183 1814 5237 hanc
1851 5182 1950 5238 Hi-

366 5269 569 5324 storiae
594 5267 897 5326 Lausiacae
930 5272 1226 5328 editionem
1261 5272 1601 5337 intellexero,
1637 5271 1949 5326 communi-

365 5360 522 5412 cabo.
557 5377 576 5410 ι
625 5357 731 5414 Sed
788 5375 1071 5430 nunquam
1109 5362 1215 5416 hoc
1259 5362 1556 5432 praestitit,
1596 5376 1776 5430 neque
1813 5361 1952 5415 satis

365 5460 520 5504 cerlo
554 5453 782 5513 scimus,
814 5451 945 5520 quid
974 5451 1293 5507 illoinedito
1320 5452 1460 5507 libro
1491 5452 1951 5520 comprehensum

367 5540 559 5595 sit.(.‘.f.
579 5541 716 5612 Opp.
752 5542 976 5598 Meursii
995 5541 1179 5598 T.Vlll
1206 5561 1260 5614 p.
1287 5544 1414 5599 552.
1446 5544 1570 5599 668.
1594 5544 1761 5616 [infra
1790 5544 1953 5598 initio

366 5641 594 5688 nostrae
626 5635 884 5692 editionis
919 5635 1193 5692 Historiae
1219 5635 1568 5707 Lausiacae].

444 5724 522 5790 ('5)
559 5723 710 5779 Alter
772 5737 856 5782 est
898 5726 1033 5783 Cod.
1071 5743 1174 5781 ms.
1227 5728 1358 5784 hist.
1395 5743 1579 5798 graec.
1621 5727 1760 5782 Bibl.
1787 5727 1949 5783 Caes.

372 5812 605 5872 Vindob.
647 5817 742 5874 Nr.
788 5821 876 5886 84,
909 5821 1041 5875 olim
1087 5820 1178 5882 ‘29,
1211 5823 1543 5883 membran.,
1577 5828 1948 5892 pervetustus.

367 5909 605 5978 Optimae
634 5919 814 5978 notae,
838 5913 916 5979 4⁸,
944 5923 999 5969 et
1025 5923 1240 5969 constat
1270 5912 1415 5971 foliis
1446 5913 1567 5971 125.
1602 5916 1754 5972 Alter
1793 5915 1952 5969 char-

2051 3357 2220 3414 serto
2267 3351 2533 3426 vivebat,
2582 3352 2875 3432 dirasque
2931 3351 3106 3414 Lucii
3163 3348 3645 3430 persecutiones

2051 3453 2418 3515 sustinebat.
2454 3454 2609 3514 Nam
2642 3452 2791 3513 istas
2826 3453 3038 3514 turbas
3065 3450 3428 3513 describens
3456 3449 3597 3526 ipse
3626 3465 3642 3508 :

2056 3576 2085 3608 α
2121 3555 2240 3613 Per
2271 3553 2463 3628 idem,
2499 3576 2526 3608 ››
2555 3553 2784 3632 inquit,
2822 3576 2849 3608 α
2882 3559 3134 3631 tempus
3166 3556 3372 3630 patres
3415 3564 3642 3609 mona-

2053 3651 2319 3716 chorum
2349 3653 2509 3715 vitae
2547 3659 2608 3716 et
2643 3653 3030 3732 antiquitatis
3065 3652 3288 3713 merito
3335 3647 3646 3710 Macarius

2056 3759 2118 3814 et
2139 3751 2413 3815 Isidorus
2430 3751 2716 3832 aliusque
2736 3753 3038 3814 Macarius
3059 3757 3248 3831 atque
3278 3745 3645 3810 Heraclides

2056 3860 2118 3914 et
2149 3854 2442 3928 Pambus,
2474 3853 2726 3915 Antonii
2772 3851 3088 3932 discipuli,
3126 3868 3242 3932 per
3285 3852 3642 3926 Aegyptum

2055 3961 2119 4017 et
2149 3955 2420 4016 maxime
2462 3954 2529 4015 in
2574 3954 2804 4015 Nitriae
2845 3954 3077 4015 deserti
3117 3951 3398 4031 partibus
3439 3947 3643 4010 habe-

2056 4057 2284 4119 bantur
2323 4055 2459 4128 viri,
2501 4054 2611 4134 qui
2660 4053 3049 4116 consortium
3087 4053 3247 4114 vitae
3289 4057 3350 4114 et
3387 4056 3645 4113 actuum

2051 4179 2182 4224 non
2205 4179 2350 4223 cum
2374 4159 2601 4221 ceteris
2624 4157 3016 4230 mortalibus,
3040 4156 3152 4218 sed
3178 4174 3323 4218 cum
3350 4153 3646 4234 supernis

2051 4262 2291 4341 angelis
2342 4261 2576 4324 habere
2630 4257 3082 4330 credebantur;
3134 4275 3290 4336 quae
3342 4272 3647 4334 praesens

2053 4363 2191 4424 vidi
2241 4361 2484 4442 loquor,
2515 4370 2575 4423 et
2627 4378 2839 4421 eorum
2885 4365 3061 4437 gesta
3112 4357 3346 4436 refero,
3377 4371 3647 4437 quorum

2051 4639 2244 4685 taceus
2273 4636 2357 4685 est
2389 4627 2529 4684 Cod.
2562 4643 2670 4684 ms.
2705 4629 2838 4684 hist.
2870 4644 3054 4699 graec.
3079 4626 3147 4683 N.
3175 4627 3231 4690 9,
3259 4628 3389 4681 olim
3418 4627 3510 4694 42,
3541 4640 3647 4681 an-

2052 4722 2260 4790 tiquus,
2304 4722 2400 4775 l'ol.
2435 4722 2662 4783 maiore,
2705 4737 2815 4792 quo
2866 4721 3131 4776 Lausiaca
3175 4722 3494 4775 continetur
3542 4719 3643 4774 fol.

2051 4813 2248 4868 165-
2269 4813 2397 4870 250.
2429 4812 2514 4868 Cl'.
2547 4812 2880 4869 Commentt.
2915 4813 3192 4868 Lamliecii
3229 4812 3459 4868 Vindob.
3503 4813 3648 4867 1782

2050 4905 2116 4960 Τ.
2165 4905 2281 4960 Vill
2324 4922 2383 4978 p.
2419 4905 2546 4961 665.
2591 4906 2733 4972 840;
2782 4905 2852 4961 de
2898 4904 3092 4962 Nesse!
3133 4905 3305 4961 Catal.
3360 4904 3418 4960 Ρ.
3463 4904 3530 4961 ν.
3584 4921 3642 4976 p.

2051 5000 2177 5053 145.
2204 4999 2294 5053 51.

2122 5092 2200 5162 (4)
2240 5090 2662 5161 Ordinem,quo
2691 5104 2783 5145 res
2828 5090 2886 5144 in
2929 5098 3084 5144 textu
3128 5089 3383 5142 codicum
3431 5086 3642 5142 Vindo-

2051 5183 2376 5237 bonensium
2418 5194 2731 5245 narrantur,
2765 5182 2897 5252 legis
2937 5181 2992 5235 in
3033 5181 3275 5234 Palladii
3307 5179 3648 5247 Helenopoc'i-

2054 5275 2166 5328 tani
2192 5275 2421 5342 episcopi
2455 5272 2702 5326 Historia
2726 5271 2996 5326 Lausiaca
3027 5273 3097 5325 ad
3134 5272 3330 5324 codicis
3373 5270 3645 5324 Vindobo-

2051 5367 2228 5420 nensis
2274 5365 2433 5434 ﬁdem
2478 5365 2700 5418 breviter
2741 5364 3039 5429 detineam,
3080 5363 3221 5417 infra
3249 5364 3378 5418 huic
3417 5370 3644 5419 nostrae

2050 5457 2280 5512 editioni
2321 5456 2595 5511 ilistoriae
2633 5455 2935 5509 Lausiacae
2964 5456 3301 5526 praeposita.

2123 5548 2201 5617 (5)
2243 5547 2317 5602 De
2349 5549 2453 5601 hac
2483 5563 2543 5601 re
2573 5547 2715 5600 infra
2748 5546 3082 5602 videbimus.

2125 5639 2201 5709 (6)
2243 5638 2381 5710 Opp.
2420 5639 2623 5694 Meurs.
2658 5639 2697 5692 l.
2730 5638 2766 5691 l.
2803 5654 2854 5708 p.
2889 5638 3018 5693 335.

2128 5730 2204 5799 (7)
2247 5731 2383 5786 Ibid.
2421 5747 2476 5800 p.
2506 5731 2630 5785 557.

2125 5825 2203 5893 (8)
2245 5823 2357 5878 VV.
2393 5823 2497 5880 PP.
2532 5823 2714 5880 Rosw.
2750 5840 2804 5895 p.
2838 5820 3107 5879 448485.
