4046 6488
311 416 371 474 \‘i

1890 428 2125 484 VITAE.
3564 429 3633 486 18

325 541 390 601 in
432 535 860 619 pensionibus
918 542 1129 605 socius
1188 562 1314 604 esse
1367 544 1691 623 promerui
1742 541 1851 626 (1).
1906 565 1935 600 ιο
1967 550 2014 606 A
2042 544 2373 606 multitudo
2397 543 2708 606 referebat
2733 543 2839 625 (5).
2861 568 2889 600 η
2915 543 3131 616 Quain
3153 542 3418 624 epistola
3439 561 3634 623 quum

344 641 588 705 Ruﬁnus
614 640 682 701 S.
718 639 1078 705 Athanasio
1123 645 1461 724 superstite
1488 644 1555 705 in
1585 647 1939 723 Aegyptum

346 744 579 806 venisse
611 742 909 819 videtur;
941 745 1178 807 etenim
1216 745 1566 820 Melaniam,
1594 746 1772 808 cuius
1807 746 1939 805 Ru-

353 848 507 909 ﬁnus
557 845 627 906 in
684 844 926 909 itinere
983 863 1199 909 comes
1254 846 1393 921 fuit,
1451 848 1513 907 S.
1573 845 1943 908 Athanasius

358 948 543 1010 ovina
571 945 765 1027 pelle,
794 964 986 1027 quam
1012 948 1151 1027 ipse
1170 964 1206 1009 a
1232 946 1499 1009 Macario
1518 946 1741 1008 abbate
1770 944 1943 1007 dono

362 1054 716 1128 acceperat,
765 1046 1019 1110 donavit
1067 1046 1170 1126 (2).
1224 1050 1425 1128 Atque
1490 1047 1592 1117 17
1653 1045 1942 1119 Melania,

363 1158 703 1232 postquam
727 1167 827 1212 res
855 1166 998 1212 suas
1021 1148 1429 1211 Alexandriae
1447 1147 1748 1218 vendidit,
1770 1164 1949 1209 mon-

362 1260 492 1312 tem
548 1250 788 1311 Nitriae
835 1248 1121 1328 ingressa
1174 1266 1318 1311 cum
1372 1248 1605 1310 sanctis
1666 1248 1948 1328 patribus

366 1351 700 1413 dimidium
718 1350 850 1412 fere
872 1368 1106 1412 annum
1124 1349 1502 1411 versabatur.
1526 1351 1691 1422 Quos
1719 1348 1949 1411 deinde

368 1470 404 1512 a
437 1450 767 1530 praefecto
805 1448 1211 1512 Alexandriae
1265 1447 1579 1525 relegatos
1618 1448 1686 1509 in
1727 1446 1947 1509 Palae-

367 1552 572 1612 stinae
640 1550 965 1629 regionem
1031 1549 1194 1611 circa
1238 1548 1714 1611 Diocaesaream
1766 1548 1950 1609 sitam

366 1659 588 1714 secuta
650 1659 767 1725 est,
819 1650 1076 1729 suisque
1136 1656 1198 1711 et
1255 1650 1484 1729 Opibus
1543 1656 1606 1712 et
1663 1648 1953 1712 manibus

367 1752 597 1814 sedulo
650 1751 885 1815 adiuvit
930 1750 1035 1832 (3).
1084 1750 1384 1813 Ruﬁnum
1428 1768 1579 1813 vero
1626 1768 1753 1813 una
1807 1767 1954 1813 cum

368 1854 642 1917 Melania
684 1855 750 1915 in
801 1853 1206 1916 Palaestinam
1243 1852 1569 1915 advenisse
1619 1853 1681 1913 S.
1726 1851 1954 1914 Hiero-
1986 1893 2031 1950 Β

372 1974 606 2034 nymus
642 1955 979 2029 audiverat,
1009 1954 1118 2035 qui
1156 1953 1471 2016 Florentio
1515 1952 1731 2015 scribit
1761 1969 1775 2011 :
1810 1973 1839 2008 ‹‹
1877 1952 1953 2013 Et

373 2058 527 2136 quia
554 2055 749 2118 frater
776 2055 1059 2128 Ruﬁnus,
1091 2055 1202 2135 qui
1245 2072 1390 2117 cum
1438 2060 1651 2116 sancta
1692 2051 1958 2114 Melania

375 2157 454 2220 ab
500 2161 791 2237 Aegypto
844 2155 1343 2235 Hierosolymam
1385 2155 1631 2217 venisse
1676 2158 1961 2215 narratur

382 2306 397 2317 .
434 2305 448 2318 .
486 2306 501 2318 .
539 2256 648 2338 (4).
672 2281 701 2314 »
723 2255 1065 2337 Epistolam
1088 2254 1293 2317 eidem
1313 2254 1543 2321 Ruﬁno
1575 2251 1961 2316 reddendam

376 2360 438 2419 S.
470 2359 901 2437 Hieronymus
927 2355 1122 2418 literis
1142 2355 1220 2417 ad
1236 2355 1620 2418 Florentium
1647 2354 1959 2427 iunxerat,

376 2459 443 2521 in
483 2477 611 2539 qua
656 2457 960 2537 legimus:
996 2481 1025 2514 «
1057 2457 1260 2519 Audio
1301 2462 1363 2519 te
1411 2453 1678 2536 Aegypti
1723 2458 1967 2516 secreta.

380 2565 741 2639 penetrare,
784 2557 1238 2621 monachorum
1294 2556 1567 2618 invisere
1619 2554 1871 2629 choros,
1903 2559 1965 2614 et

381 2662 718 2725 caelestem
746 2661 811 2723 in
838 2668 1003 2723 terra
1025 2659 1353 2723 circumire
1370 2657 1699 2731 familiam;
1730 2680 1758 2711 »
1789 2661 1961 2716 tum:

384 2786 413 2818 ι
445 2762 749 2824 Ruﬁnum
796 2761 965 2823 enim
1002 2760 1235 2822 Nitriae
1284 2775 1422 2821 esse
1447 2805 1463 2834 ,
1493 2763 1557 2820 et
1594 2756 1674 2819 ad
1713 2756 1968 2817 beatum

383 2862 741 2943 perrexisse
781 2859 1142 2935 Macarium,
1195 2860 1416 2923 crebra
1477 2855 1970 2920 commeantium

456 3072 539 3143 (Ι)
576 3069 721 3127 Hist.
748 3070 893 3126 Eccl.
932 3070 1029 3125 lib.
1057 3067 1102 3123 ll
1129 3085 1248 3140 cap.
1280 3070 1316 3125 4
1347 3068 1537 3124 Auctt.
1579 3065 1724 3122 Hist.
1756 3064 1968 3119 Eccles.

387 3164 561 3221 Basil.
583 3164 722 3219 1544
762 3180 815 3235 p.
835 3163 964 3230 242,
995 3161 1179 3217 Ruﬁni
1208 3161 1459 3234 Opp.,ed.
1491 3158 1726 3215 Vallarsi
1756 3174 1812 3228 ν.
1842 3156 1969 3221 271,

388 3257 570 3330 Hisne
597 3256 803 3312 Patrol.
831 3254 894 3310 T.
919 3255 1042 3310 XXI
1075 3273 1130 3328 p.
1165 3256 1291 3311 511.

460 3350 541 3422 (‘2)
580 3348 786 3406 Textus
843 3348 1067 3404 Meursii
1116 3363 1184 3404 eo
1238 3349 1380 3413 loco,
1414 3360 1525 3417 quo
1565 3345 1636 3402 de
1681 3345 1786 3401 hac
1827 3344 1969 3415 pelle

391 3452 670 3507 narratur,
708 3450 1003 3512 corruptus
1049 3449 1151 3496 est.
1194 3439 1420 3511 Legitur
1465 3439 1613 3494 enim
1647 3457 1661 3494 :
1702 3456 1721 3490 ι
1759 3436 1970 3494 Κώδιον

395 3534 668 3609 προδάτον
714 3533 947 3606 μεγάλου
984 3532 1214 3604 ἤνεγκεν
1245 3530 1316 3604 [ἡ
1340 3529 1539 3603 ὖαινα]
1579 3529 1658 3601 τῷ
1691 3529 1833 3601 ἁγίῳ
1877 3529 1971 3582 καὶ

395 3627 649 3699 μακαρίῳ
675 3626 965 3696 Μακαρίῳ,
985 3625 1124 3696 ὅπερ
1163 3623 1359 3677 κώδιον
1386 3617 1542 3686 οὗτος
1563 3624 1592 3676 ὁ
1611 3621 1704 3676 τοῦ
1730 3619 1970 3693 Χριστοῦ

388 3717 577 3781 δοῦλος
603 3715 989 3770 καταλέλοιπεν
1020 3714 1096 3785 τῷ
1130 3714 1270 3785 ἁγίῳ
1303 3714 1400 3768 καὶ
1446 3714 1701 3786 μακαρίῳ
1746 3712 1974 3766 Ἀθανα·

390 3812 496 3882 σίῳ
542 3809 623 3880 τῷ
674 3809 915 3880 μεγάλῳ,
955 3808 1031 3871 ὡς
1066 3807 1123 3860 δὲ
1158 3806 1253 3860 καὶ
1276 3808 1328 3878 ζὴ
1378 3805 1624 3878 μακαρία
1668 3805 1830 3877 δούλη
1874 3803 1972 3858 τοῦ

392 3900 633 3974 Χριστοῦ
661 3901 878 3971 Μελάνη
906 3916 997 3970 μοι
1024 3893 1198 3963 εἶπεν,
1216 3898 1299 3951 ὅτι
1336 3897 1497 3963 παρὰ
1526 3895 1637 3951 τοῦ
1666 3897 1841 3967 ἁγίου
1872 3895 1972 3950 καὶ

393 3993 734 4063 θαυμασίου
762 3991 979 4060 ἀνδρὸς
996 3988 1304 4059 Μακαρίου
1334 3989 1445 4058 ἐγὼ
1474 3988 1666 4043 ἔλαϐον
1692 3988 1755 4042 τδ
1781 3987 1975 4042 κώδιον

393 4088 572 4140 ἐκεῖνο
621 4101 675 4139 κ.
721 4101 771 4139 τ.
823 4083 876 4138 λ.
921 4081 1086 4154 (Hist.
1134 4082 1304 4137 Laus.
1350 4081 1443 4137 ed.
1488 4081 1691 4137 Meurs.
1736 4096 1859 4152 cap.
1902 4080 1968 4136 2|

394 4194 452 4248 p.
488 4174 641 4245 410.)
674 4173 780 4231 Ubi
826 4176 947 4231 sine
989 4173 1157 4229 dubio
1200 4174 1486 4246 legendum
1535 4182 1661 4230 est:
1694 4172 1848 4245 παρὰ
1879 4173 1975 4231 τοῦ

396 4271 557 4341 ἁγίου
586 4270 683 4325 καὶ
719 4268 1021 4341 θαυμασίου
1050 4268 1244 4341 ἀνδρὸς
1270 4268 1569 4339 μακαρίου
1614 4269 1976 4324 Ἀθανασίου

397 4384 457 4418 κ.
481 4382 530 4417 τ.
562 4365 621 4417 λ.
641 4362 873 4419 Codices
893 4361 1352 4419 Viudobonenses
1381 4360 1654 4418 Historiae
1674 4361 1979 4417 Lausiacae

399 4464 553 4511 recte
606 4455 856 4510 scribunt
887 4471 901 4508 :
931 4455 1067 4525 ὅπερ
1120 4452 1314 4508 κώδιον
1364 4453 1531 4516 αὐτὸς
1588 4451 1852 4507 κατέλιπε
1880 4451 1977 4523 ’τῷ

400 4551 546 4621 ἁγίῳ
606 4547 909 4619 Ἀθανασίφ
948 4545 1027 4618 τῷ
1072 4545 1377 4617 ὲπισκόπῳ.
1405 4547 1517 4600 Καὶ
1560 4547 1594 4617 ἡ
1645 4545 1889 4616 μακαρία
1920 4543 1979 4599 δὲ

403 4639 629 4708 Malam
662 4632 784 4691 εἷπέ
822 4654 913 4707 μοι
932 4650 949 4668 ⁸
971 4637 1053 4690 ὅτι
1081 4635 1236 4707 παρὰ
1263 4636 1372 4690 τοῦ
1401 4635 1575 4705 ἁγίου
1617 4635 1979 4692 Ἀθανασίου

404 4735 585 4787 ἐκεῖνο
604 4731 665 4784 τὸ
691 4730 883 4785 κώδιον
902 4728 1114 4794 ἔλαϐον,
1147 4728 1320 4795 ξένιον
1338 4729 1437 4800 τῆς
1458 4728 1651 4800 ὑαίνης
1668 4729 1981 4799 λεγόμενον.

403 4827 584 4880 Aliter
616 4825 841 4879 omnino
866 4824 934 4880 de
967 4824 1127 4894 pellis
1166 4823 1467 4878 donatione
1495 4824 1667 4878 refert
1708 4822 1987 4895 fragmen-

405 4929 547 4986 tum,
580 4918 727 4988 quod
767 4926 947 4973 exstat
973 4918 1029 4972 in
1063 4916 1255 4973 codice
1282 4933 1391 4972 ms.
1426 4916 1594 4971 theol.
1626 4930 1811 4987 graec.
1842 4914 1985 4970 Bibl.

405 5012 569 5066 Caes.
598 5009 832 5066 Vindob.
850 5009 983 5065 Nro.
1004 5010 1132 5075 274,
1154 5011 1283 5066 olim
1306 5009 1437 5074 258,
1461 5009 1642 5065 chart.
1661 5008 1756 5064 fol.
1773 5010 1902 5073 247,
1926 5011 1983 5073 2,

406 5103 466 5158 in
511 5102 707 5156 harum
745 5101 1131 5171 quaestionum
1176 5101 1493 5173 Appendice
1550 5102 1735 5172 priore
1774 5103 1878 5158 sub
1924 5100 1989 5156 IV

407 5194 556 5264 typis
595 5208 879 5254 excusum.
909 5194 997 5249 ubi
1046 5194 1281 5265 legimus
1308 5212 1322 5249 :
1358 5192 1588 5259 Κώδιον,
1612 5196 1751 5266 ὅπερ
1777 5196 1806 5248 ὁ
1833 5195 1991 5264 ἅγιος

406 5289 640 5360 Μάρκος
672 5286 1030 5340 καταλέλοιπε
1055 5286 1133 5358 τῷ
1167 5287 1306 5359 ἁγίῳ
1334 5287 1609 5360 Μακαρίῳ
1635 5285 1714 5358 τῷ
1746 5287 1989 5359 μεγάλῳ,

406 5380 504 5434 καὶ
532 5372 691 5445 οὗτος
716 5382 781 5450 τῇ
811 5378 1054 5450 μακαρία
1078 5379 1294 5451 Μελάνῃ
1334 5379 1546 5450 ἀφῆκεν
1586 5379 1650 5432 τὸ
1684 5378 1859 5446 ξένιον
1892 5380 1993 5450 τῆς

406 5472 602 5544 ὑαίνης
644 5473 1053 5544 ἐπιλεγόμενον.
1097 5472 1201 5527 Sed
1238 5473 1344 5528 hoc
1381 5471 1747 5542 fragmentum
1785 5473 1993 5528 recenti

408 5582 578 5620 manu
618 5566 954 5637 negligenter
994 5564 1260 5634 scriptum
1300 5579 1413 5618 non
1454 5572 1636 5634 potest
1676 5565 1994 5620 auctoritati

410 5659 661 5712 codicum
682 5659 899 5712 illorum
924 5655 1203 5712 Historiae
1228 5654 1533 5710 Lausiacae
1552 5656 1780 5726 opponi.
1805 5656 1995 5726 Neque

411 5766 541 5805 vero
573 5749 809 5814 Marcus,
839 5748 940 5805 sed
979 5747 1253 5804 Macarius
1280 5747 1708 5813 Alexandrinus,
1738 5749 1932 5819 pellem
1964 5764 1997 5805 a

417 5843 601 5899 leaena
612 5844 857 5915 accepit,
878 5844 1046 5913 quam
1069 5839 1370 5896 Athanasio
1394 5838 1634 5908 reliquit.
1651 5840 1833 5894 Ruﬁn.
1850 5839 1991 5897 Hist.

420 5935 563 5992 Eccl.
590 5937 687 5994 lib.
716 5938 757 5993 Il
789 5952 919 6008 cap.
947 5934 983 5990 4
1021 5934 1058 5989 1.
1089 5933 1125 5987 I.
1159 5932 1233 5988 De
1269 5930 1673 6002 permutatione
1711 5931 1997 5988 nominum

2040 664 2226 710 senes
2259 645 2526 725 Aegypti
2558 667 2587 700 α
2619 645 3017 707 confessores
3064 652 3127 706 et
3164 643 3485 707 voluntate
3514 645 3636 705 iam

2040 757 2348 828 martyres
2390 772 2419 804 »
2468 749 2775 821 nominet,
2812 755 3065 826 tempus
3105 747 3286 807 istius
3333 763 3639 826 persecu-

2042 849 2252 922 tionis,
2283 865 2470 928 quam
2522 848 2751 909 Lucius
2803 846 3097 924 agitabat,
3129 852 3346 926 aperte
3394 845 3638 925 signiﬁ—

2044 959 2220 1014 catur
2252 950 2359 1032 (6).
2394 950 2506 1012 Ille
2545 951 2804 1031 quidem
2852 950 3132 1023 nuntius,
3157 950 3456 1010 Ruﬁnum
3498 968 3643 1011 cum

2045 1052 2309 1114 Melania
2344 1052 2783 1131 Hierosolyma
2812 1050 3165 1123 advenisse,
3185 1068 3379 1111 vanus
3400 1049 3636 1123 fuerat;

2047 1172 2194 1216 nam
2225 1155 2491 1216 Ruﬁnus
2520 1154 2806 1216 nondum
2847 1171 2924 1215 eo
2966 1158 3224 1213 venerat
3264 1151 3344 1231 (7)
3378 1170 3390 1212 :
3422 1152 3646 1231 probat

2047 1263 2258 1317 tamen
2278 1254 2433 1318 haec
2451 1255 2643 1317 altera
2662 1253 2948 1333 epistola,
2965 1253 3265 1313 Ruﬁnum
3288 1258 3436 1313 tunc
3461 1268 3645 1313 senes

2048 1358 2316 1437 Aegypti
2360 1358 2466 1426 18
2509 1356 2816 1417 invisisse.
2850 1358 3053 1432 Atque
3093 1353 3194 1415 hic
3237 1353 3375 1432 ipse
3417 1353 3495 1413 de
3536 1353 3645 1413 Ni-

2049 1459 2167 1520 tria
2199 1465 2260 1519 et
2294 1458 2373 1520 de
2414 1457 2682 1519 Macario
2730 1474 2765 1518 a
2811 1471 2880 1516 se
2924 1453 3188 1515 visitatis
3226 1453 3294 1513 in
3342 1452 3648 1532 Apologia

2055 1562 2417 1639 [Invectiva]
2448 1562 2543 1621 II:
2578 1582 2607 1616 «
2643 1560 2798 1636 Ego,
2824 1580 2852 1613 »
2878 1555 3109 1635 inquit,
3135 1578 3162 1609 ‹‹
3192 1553 3301 1633 qui
3329 1570 3439 1614 sex
3466 1553 3649 1614 annis

2052 1665 2165 1726 Dei
2210 1681 2397 1727 causa
2449 1668 2875 1725 commoratus
2923 1676 3086 1732 sum,
3126 1664 3188 1719 et
3230 1658 3459 1718 iterum
3507 1662 3651 1735 post

2052 1763 2451 1827 intervallum
2482 1761 2741 1841 aliquod
2778 1760 2915 1822 aliis
2957 1758 3207 1821 duobus
3239 1757 3372 1833 (Ed.
3407 1756 3646 1817 Bened.

2056 1871 2202 1945 post
2227 1864 2628 1927 intervallum
2659 1862 2900 1942 aliquot
2930 1859 3075 1921 aliis
3107 1858 3371 1934 diebus),
3402 1858 3515 1918 ubi
3556 1857 3656 1917 Di-

2060 1964 2308 2044 dymus.
2329 2013 2343 2025 .
2364 2012 2377 2025 .
2397 2012 2411 2039 ,
2428 1970 2489 2025 et
2504 1970 2573 2024 ut
2587 1962 2662 2024 ad
2687 1960 3222 2039 eremimagistros
3234 1958 3478 2020 veniam
3491 2006 3504 2031 ,
3519 1957 3659 2036 qui-

2059 2072 2177 2133 bus
2209 2074 2271 2129 et
2299 2065 2595 2128 attentius
2621 2072 2683 2124 et
2713 2062 3108 2142 frequentius
3136 2057 3658 2130 vacabamus,ubi

2059 2169 2362 2232 Macarius
2391 2166 2645 2228 Antonii
2671 2163 3040 2243 discipulus,
3061 2168 3123 2223 et
3144 2161 3301 2222 alter
3327 2159 3653 2233 Macarius,

2063 2276 2125 2334 et
2146 2270 2445 2343 Isidorus,
2468 2275 2531 2329 et
2558 2266 2903 2328 Pambus...
2928 2264 3034 2344 (8).
3060 2288 3087 2319 »
3114 2265 3235 2324 Sex
3265 2262 3367 2323 isti
3385 2260 3557 2333 anni,
3579 2260 3659 2321 de

2063 2372 2293 2452 quibus
2328 2369 2632 2449 loquitur,
2666 2368 2823 2447 quin
2864 2366 3309 2443 migrationem
3350 2362 3551 2443 ipsius
3581 2379 3659 2423 ex

2062 2472 2348 2548 Aegypto
2367 2466 2431 2526 in
2453 2463 2867 2526 Palaestinam
2895 2462 3369 2534 antecesserint,
3395 2460 3661 2522 dubium

2066 2587 2205 2631 esse
2261 2566 2506 2646 nequit.
2556 2566 2719 2627 Istos
2768 2580 3027 2643 quoque
3084 2563 3245 2625 duos
3300 2579 3504 2624 annos
3541 2559 3661 2636 [vel

2066 2670 2306 2751 aliquot
2335 2670 2513 2745 dies],
2537 2667 2685 2747 quia
2706 2665 3019 2728 Palladius
3031 2666 3353 2737 Ruﬁnum,
3377 2668 3662 2742 Aegypto

2067 2771 2305 2845 relicta,
2327 2768 2790 2848 Hierosolymis
2816 2786 2939 2828 una
2961 2784 3105 2828 cum
3131 2765 3395 2827 Melania
3418 2764 3663 2841 degisse

2068 2879 2276 2935 narrat
2316 2871 2422 2953 (9),
2452 2872 2520 2933 in
2559 2870 2818 2932 alteram
2855 2877 2961 2947 19
3004 2868 3315 2945 [brevem]
3345 2863 3663 2945 quandam

2069 3078 2297 3151 Μάρκος
2325 3083 2379 3132 et
2400 3076 2696 3147 Μακάριος
2718 3074 2794 3130 cf.
2823 3075 2968 3130 infra
3001 3075 3175 3145 Caput
3206 3073 3295 3128 lll.

2141 3167 2221 3243 (5)
2261 3168 2398 3224 Hist.
2434 3167 2602 3225 Laus.
2634 3170 2723 3224 ed.
2756 3169 2964 3225 Meurs.
2996 3183 3121 3239 cap.
3158 3168 3261 3222 117
3291 3164 3430 3238 Opp.
3460 3164 3661 3220 Mciirs.

2073 3263 2115 3319 1.
2146 3264 2184 3318 1.
2212 3280 2266 3334 p.
2299 3258 2427 3319 594.

2146 3357 2224 3427 (4)
2265 3356 2364 3426 Ep.
2390 3357 2447 3421 4,
2474 3354 2531 3410 S.
2562 3353 2790 3411 Hieron.
2812 3353 2954 3427 Opp.
2978 3352 3069 3410 ed.
3095 3352 3275 3424 Migne
3300 3351 3368 3405 T.
3393 3353 3406 3405 I
3434 3350 3666 3423 [Patrol.

2072 3446 2137 3504 T.
2169 3446 2339 3520 χχιι]
2370 3464 2422 3517 p.
2458 3444 2588 3501 356.

2143 3541 2221 3612 (5)
2261 3540 2360 3595 Ed.
2398 3541 2453 3604 5,
2484 3539 2617 3594 ibid.
2651 3554 2705 3608 p.
2738 3537 2865 3593 352.
2906 3537 3033 3591 555.

2142 3632 2219 3702 (6)
2264 3631 2325 3687 S.
2379 3631 2605 3686 Hieron.
2650 3629 2789 3701 Opp.
2845 3630 2936 3687 ed.
2986 3628 3168 3702 Migne
3212 3626 3278 3683 Τ.
3328 3628 3353 3683 1
3409 3625 3667 3700 [Patrol.

2074 3721 2138 3777 T.
2175 3720 2345 3793 XXII]
2378 3721 2559 3775 Praei.
2592 3736 2646 3791 p.
2680 3719 2867 3773 XLIX.

2144 3814 2221 3886 (7)
2270 3832 2289 3866 ‹
2324 3811 2556 3867 Ruﬁnus
2598 3819 2779 3865 autem
2813 3811 3004 3874 frater,
3039 3819 3100 3865 ut
3142 3810 3341 3866 scribis
3373 3852 3387 3875 ,
3426 3809 3668 3864 necdum

2073 3907 2246 3962 venit.
2288 3925 2306 3958 ι
2358 3902 2418 3959 S.
2472 3902 2699 3959 Hieron.
2749 3919 2871 3974 cap.
2917 3903 2949 3957 5
2995 3902 3065 3956 ad
3114 3899 3479 3966 Florentium,
3534 3899 3669 3955 ibid.

2074 4013 2130 4070 Ρ.
2147 3997 2451 4162 (58:6Ruﬁni
2492 4088 2755 4160 Apologia
2777 4086 3104 4160 [Invectiva]
3125 4088 3179 4142 in
3201 4087 3259 4139 S.
3279 4086 3671 4157 Hieronymum

2076 4180 2173 4236 lib.
2207 4179 2251 4234 ll
2277 4196 2400 4251 cap.
2442 4179 2510 4232 12
2547 4177 2689 4248 Opp.
2716 4177 2806 4232 ed.
2840 4175 3077 4231 Vallarsi
3108 4193 3160 4246 p.
3193 4176 3295 4230 567
3353 4192 3478 4229 cum
3513 4184 3636 4228 uota
3662 4216 3674 4237 ,

2077 4272 2259 4344 Migne
2293 4271 2500 4325 Patrol.
2532 4268 2595 4323 Τ.
2630 4268 2752 4322 XXI
2787 4286 2839 4341 p.
2875 4269 3010 4336 594;
3054 4266 3111 4323 S.
3152 4268 3378 4323 Hieron.
3412 4266 3550 4337 Opp.
3585 4265 3669 4321 ed.

2076 4363 2281 4419 Bened.
2314 4361 2380 4416 Τ.
2416 4359 2483 4414 IV
2512 4359 2576 4415 P.
2607 4358 2673 4415 ll.
2705 4375 2759 4429 p.
2787 4358 2914 4412 424.

2150 4457 2227 4528 (9)
2264 4453 2404 4510 Hist.
2436 4451 2606 4507 Laus.
2654 4454 2743 4508 ed.
2790 4450 2997 4506 Meurs.
3022 4464 3145 4520 cap.
3174 4448 3273 4503 H9
3305 4447 3443 4519 Opp.
3472 4447 3676 4501 Meurs.

2078 4546 2190 4607 1.1.
2224 4568 2279 4623 p.
2321 4548 2447 4605 596.
2494 4547 2778 4604 Palladius
2815 4545 3069 4608 tradidit,
3110 4541 3366 4612 Ruﬁnum
3420 4538 3679 4593 Hieroso-

2085 4645 2240 4717 lymis
2269 4643 2454 4715 viginti
2480 4651 2677 4712 septem
2705 4657 2873 4694 annos
2899 4655 3007 4693 una
3034 4653 3153 4691 cum
3177 4634 3417 4689 Melania
3445 4631 3677 4699 hospites

2085 4735 2315 4805 undique
2364 4733 2707 4787 adventantes
2761 4730 3048 4798 excepisse.
3082 4724 3239 4792 Quod
3282 4739 3392 4779 non
3446 4722 3675 4777 omnino

2084 4842 2277 4882 verum
2312 4840 2434 4881 esse
2460 4831 2661 4894 potest.
2696 4820 2836 4877 Nam
2879 4818 3112 4875 Rulinus
3159 4818 3268 4872 iam
3317 4814 3458 4869 duos
3502 4827 3683 4867 annos

2087 4918 2396 4989 Aquileiam
2451 4930 2721 4973 reversus
2763 4912 3063 4968 Anastasio
3128 4908 3309 4979 Papae
3367 4920 3513 4959 anno
3571 4904 3672 4957 501

2090 5012 2335 5082 scripsit,
2366 5028 2423 5066 se
2449 5021 2566 5080 post
2600 5009 2819 5076 triginta
2849 5007 2958 5077 fere
2998 5020 3166 5059 annos
3208 4998 3517 5071 parentibus
3558 5003 3681 5051 red-

2090 5105 2259 5159 ditum
2288 5120 2423 5159 esse.
2454 5101 2638 5157 Ruﬁni
2677 5099 2944 5171 Apologia
2976 5097 3044 5151 ad
3075 5093 3434 5149 Anastasium
3467 5106 3589 5157 cap.
3624 5090 3681 5153 l,

2091 5198 2233 5270 Opp.
2271 5197 2359 5254 ed.
2404 5195 2641 5252 Vallarsi
2685 5211 2740 5265 ρ.
2781 5192 2921 5257 405,
2970 5190 3149 5259 Migne
3191 5185 3397 5241 Patrol.
3444 5182 3510 5240 T.
3555 5180 3678 5240 XX,

2091 5307 2147 5362 p.
2177 5289 2302 5344 625.
2339 5287 2398 5344 S.
2444 5287 2671 5342 Hieron.
2720 5284 2879 5354 Apol.
2928 5281 2991 5345 ll,
3038 5280 3097 5336 S.
3148 5278 3372 5333 Hieron.
3416 5276 3552 5345 Opp.
3586 5276 3675 5330 ed.

2094 5378 2296 5436 Bened.
2330 5378 2394 5432 T.
2426 5376 2496 5432 IV
2529 5394 2581 5448 p.
2617 5374 2742 5430 589.
2776 5371 2924 5427 Idem
2963 5370 3079 5426 fere
3117 5368 3349 5423 Ruﬁnus
3384 5367 3589 5436 passim
3621 5367 3680 5417 in

2094 5471 2373 5542 Apologiis
2420 5464 2760 5540 [Invectivis]
2807 5465 2864 5518 in
2917 5464 2978 5519 S.
3036 5462 3429 5532 Hieronymum
3486 5455 3676 5509 tradit.

2096 5564 2280 5619 Ruﬁni
2312 5562 2470 5631 Apol.
2509 5557 2830 5634 [Invectiva]
2871 5558 2970 5612 lib.
3017 5556 3059 5610 ll
3106 5570 3229 5624 cap.
3263 5552 3355 5615 22,
3404 5548 3545 5618 Opp.
3587 5548 3677 5604 ed.

2097 5654 2327 5711 Vallarsi
2362 5672 2418 5725 p.
2454 5655 2589 5718 551,
2616 5652 2795 5722 Migne
2834 5651 2870 5705 1.
2911 5651 2948 5703 l.
2997 5666 3048 5716 p.
3081 5647 3219 5712 560;
3261 5643 3318 5698 S.
3359 5640 3678 5711 Hieronymi

2098 5749 2238 5821 Opp.
2271 5747 2361 5804 ed.
2401 5746 2600 5802 Bened.
2634 5743 2699 5801 T.
2726 5742 2794 5796 IV
2828 5759 2882 5813 p.
2914 5743 3041 5797 5'76.
3077 5738 3221 5809 Ergo
3270 5735 3554 5799 Ruﬁnum,
3584 5731 3679 5802 qui

2100 5844 2155 5897 in
2186 5842 2431 5913 Aegypto
2459 5855 2557 5909 per
2585 5836 2909 5893 sexennium
2942 5832 3111 5899 degit,
3136 5831 3259 5901 plus
3283 5843 3459 5882 annos
3486 5823 3684 5895 viginti

2105 5936 2247 5994 duos
2283 5932 2673 5997 Hierosolymis
2712 5929 2935 5995 vixisse,
2968 5924 3136 5983 statui
3170 5921 3380 5993 nequit.
3424 5920 3494 5976 At
3524 5932 3683 5976 error
