4046 6458
427 339 495 394 19

1245 345 1348 402 SS.
1389 344 1851 405 MACARIORUM
1888 347 2211 405 AEGYPTII
2248 351 2337 407 ΕΤ
2373 351 2845 409 ALEXANDRINI

3612 362 3696 417 2O

423 451 987 515 commorationem
1015 455 1240 519 cadere
1268 458 1635 535 credideris,
1657 477 1843 540 quam
1876 462 2009 524 Ru-
2041 471 2084 524 Α
2112 463 2451 545 principio,
2497 483 2688 545 quem
2748 474 2810 529 et
2855 466 3233 531 catholicum
3294 474 3358 532 et
3399 477 3691 539 sanctum

422 549 586 610 linus
613 550 1023 616 Alexandriae
1056 555 1296 634 fecerit,
1338 567 1672 639 antequam
1702 560 1767 621 in
1797 561 2007 625 Palae-
2104 559 2298 623 fuisse
2328 580 2458 626 non
2488 563 2749 625 dubium
2786 571 2900 636 est,
2936 572 3005 626 ut
3042 582 3154 645 per
3194 564 3360 628 illius
3398 568 3691 630 occasio-

424 651 649 712 stinam
688 654 908 716 abiret.
948 657 1125 719 Certe
1170 658 1236 720 hi
1266 659 1393 722 duo
1428 661 1576 723 anni
1614 660 1732 738 [vel
1766 660 2005 741 aliquot
2105 676 2253 723 nem
2282 670 2548 737 ceteros,
2573 680 2733 743 quos
2760 671 3079 744 posuerat,
3105 663 3453 727 haereticos
3483 665 3681 728 eccle~

425 751 578 827 dies]
615 770 850 816 annum
881 755 1017 830 385,
1057 776 1185 838 quo
1228 759 1618 840 Theophilus
1663 762 2003 843 episcopus
2104 760 2232 821 siae
2276 762 2705 825 introduceret
2751 763 2859 844 (3).
2896 786 2925 820 ιο
2971 764 3158 827 Hisce
3204 765 3268 825 S.
3315 765 3694 844 Hieronymi

422 848 833 914 Alexandriae
870 852 1072 917 factus
1114 864 1208 918 est
1256 856 1363 938 (1),
1412 859 1811 921 antecedunt.
1846 863 2000 923 Nam

422 949 484 1008 S.
518 950 941 1031 Hieronymus
980 957 1046 1016 in
1092 957 1395 1037 Apologia
1440 960 1669 1022 Ruﬁno
1701 978 1716 1019 :
1750 986 1778 1018 α
1812 962 1927 1037 Τυ,
1968 987 1998 1019 »

420 1048 648 1131 inquit,
670 1076 697 1108 α
724 1063 1059 1135 postquam
1082 1058 1183 1120 hic
1212 1060 1638 1140 [Theophilus]
1663 1062 2000 1142 episcopus

419 1150 623 1214 factus
663 1163 779 1227 est,
809 1156 1218 1221 Alexandriae
1252 1177 1383 1221 non
1424 1161 1594 1223 fuisti
1624 1161 1730 1243 (2).
1765 1186 1794 1219 ιο
1837 1164 2000 1229 Hinc

418 1250 611 1328 igitur
639 1256 936 1317 Ruﬁnum
964 1258 1059 1318 bis
1087 1265 1328 1320 tantum
1347 1259 1758 1324 Alexandriae
1778 1268 1841 1325 et
1863 1263 2000 1344 qui-

423 1351 567 1414 dem
598 1363 743 1417 ante
776 1374 1012 1420 annum
1041 1358 1154 1420 385
1186 1359 1406 1437 fuisse,
1441 1364 1590 1426 satis
1631 1364 1700 1426 in
1742 1372 2001 1445 promtu

422 1458 539 1513 est.

499 1575 806 1646 Quorsum
841 1576 1019 1654 haec,
1051 1596 1213 1660 quae
1257 1580 1337 1643 de
1381 1582 1610 1645 Ruﬁno
1654 1582 1999 1665 disputavi-

418 1690 582 1749 mus,
614 1685 925 1755 spectent,
974 1681 1122 1755 iam,
1176 1700 1435 1761 quaeso,
1485 1686 1833 1765 perpende.
1879 1690 2000 1751 Le-

415 1773 622 1852 gimus
668 1779 838 1839 enim
874 1780 1042 1860 apud
1070 1784 1133 1844 S.
1186 1784 1642 1865 Hieronymum
1677 1806 1690 1847 :
1724 1811 1754 1845 α
1800 1790 1999 1851 Huius

420 1873 704 1951 [Evagrii]
736 1876 927 1939 libros
950 1898 1063 1958 per
1088 1882 1402 1944 Orientem
1431 1901 1690 1962 graecos
1709 1892 1772 1948 et
1796 1886 1995 1948 inter-

414 1980 701 2052 pretante
722 1977 1031 2058 discipulo
1058 1982 1194 2043 eius
1213 1983 1442 2045 Ruﬁno
1464 1984 1689 2047 latinos
1708 1985 1997 2066 plerique

414 2072 481 2134 in
540 2075 874 2139 Occidente
928 2079 1228 2143 lectitant.
1280 2084 1396 2156 Qui
1456 2083 1685 2146 librum
1739 2103 1995 2166 quoque

413 2175 663 2256 scripsit
708 2182 886 2259 quasi
924 2182 1002 2243 de
1034 2183 1384 2259 monachis,
1415 2184 1774 2267 multosque
1810 2187 1877 2248 in
1916 2205 1994 2250 eo

414 2286 761 2353 enumerat,
782 2281 891 2360 qui
911 2300 1232 2363 nunquam
1253 2284 1527 2361 fuerunt,
1547 2292 1609 2348 et
1623 2303 1784 2366 quos
1802 2285 1993 2349 fuisse

413 2375 736 2453 describit,
766 2380 1168 2459 Origenistas,
1198 2389 1261 2446 et
1284 2384 1364 2445 ab
1394 2384 1710 2465 episcopis
1738 2385 1995 2449 damna-

410 2481 509 2537 tos
538 2494 674 2538 esse
712 2496 841 2540 non
881 2481 1143 2543 dubium
1177 2490 1293 2558 est,
1338 2487 1737 2548 Ammonium
1767 2487 1989 2549 videli-

409 2582 529 2648 cet,
580 2584 641 2637 et
689 2580 1051 2657 Eusebium,
1101 2589 1163 2645 et
1208 2582 1636 2664 Euthymium,
1682 2592 1744 2649 et
1778 2587 1988 2667 ipsum

405 2674 757 2753 Evagrium,
793 2680 875 2741 Or
903 2698 1159 2761 quoque
1188 2690 1250 2745 et
1288 2686 1619 2761 Isidorum,
1658 2692 1721 2749 et
1756 2686 1989 2750 multos

406 2773 584 2850 alios,
624 2795 785 2857 quos
835 2798 1203 2847 enumerare
1238 2785 1515 2848 taedium
1563 2794 1678 2863 est,
1711 2794 1774 2850 et
1818 2789 1990 2851 iuxta

406 2872 562 2936 illud
592 2878 863 2941 Lucretii
894 2882 965 2960 (Ι,
999 2881 1113 2943 935
1144 2885 1310 2965 sqq.)
1348 2902 1363 2946 :

442 2995 521 3069 Ac
550 2997 722 3052 veluti
750 3002 936 3069 pueris
962 3003 1237 3061 absinthia
1270 3015 1408 3062 tetra
1434 3007 1716 3065 medentes

436 3067 595 3148 Cum.
613 3067 1059 3148 dare‘conantur,
1082 3075 1244 3148 prius
1274 3092 1400 3148 oras
1427 3078 1623 3148 poeula
1648 3082 1859 3136 circum

441 3134 780 3209 Contingunt
811 3143 957 3198 dulci
990 3134 1166 3201 mellis
1196 3134 1443 3205 llavodué
1471 3148 1703 3219 liquore.

404 3250 494 3313 Ita
542 3249 645 3314 ille
690 3270 889 3316 unum
918 3258 1225 3321 Joannem
1265 3260 1334 3323 in
1375 3261 1576 3343 ipsrus
1600 3261 1743 3326 libri
1776 3265 1985 3345 posuit

404 3507 632 3566 Palladii
690 3512 950 3573 facillime
1003 3517 1131 3574 inde
1179 3518 1510 3589 explicatur,
1545 3523 1695 3593 quod
1746 3524 1980 3583 Ruﬁnus

404 3598 801 3674 Hierosolymis
840 3621 948 3660 una
991 3623 1117 3662 cum
1159 3608 1390 3665 Melania
1432 3612 1589 3679 vixit,
1616 3630 1758 3684 quae
1785 3616 1979 3687 viginti

402 3701 609 3762 septem
626 3711 803 3753 annos
820 3695 1214 3771 Hierosolymis
1232 3702 1354 3757 fuit.
1370 3701 1514 3759 Hist.
1530 3704 1695 3762 Laus.
1715 3723 1838 3778 cap.
1855 3709 1982 3777 117,

402 3784 526 3838 118.
541 3784 793 3854 Melania,
814 3787 1146 3863 Hieronymo
1166 3800 1326 3859 teste,
1348 3811 1513 3865 quem
1536 3796 1605 3852 de
1630 3798 1732 3854 hac
1755 3815 1814 3854 re
1840 3800 1981 3858 bene

398 3875 652 3931 edoctum
681 3894 807 3934 esse
828 3883 1138 3950 oportebat,
1160 3882 1541 3957 Hierosolyma
1562 3890 1713 3944 venit
1735 3906 1881 3945 anno
1906 3891 1956 3947 Χ

402 3964 645 4023 Valentis
675 3969 1163 4041 imperatoris,i.e.
1187 3991 1333 4032 anno
1363 3979 1486 4033 574.
1526 3979 1778 4052 (Hieron.
1801 3984 1979 4039 Cliro.

400 4057 605 4119 nicon.)
638 4059 784 4116 idem
811 4064 957 4134 quod
986 4063 1264 4122 Palladius
1288 4067 1469 4139 (Hist.
1495 4069 1663 4128 Laus.
1688 4089 1810 4146 cap.
1837 4075 1974 4147 117)

399 4149 623 4236 indicat,
648 4151 915 4210 Paulinus
948 4153 1192 4213 Nolanus
1224 4157 1385 4231 (Opp.
1407 4162 1496 4216 ed.
1524 4161 1746 4219 Lebrun
1768 4179 1856 4235 ep.
1880 4166 1974 4236 29)

396 4234 715 4315 non'ncgat.
740 4244 1006 4304 Paulinus
1033 4249 1094 4317 (i.
1123 4249 1185 4322 l.)
1214 4250 1504 4309 Melaniam
1530 4273 1549 4307 ι
1579 4266 1704 4326 post
1727 4234 1975 4329 quinque

396 4337 573 4394 lustra
606 4358 625 4392 ι
663 4341 891 4396 Romam
922 4358 1201 4402 remeasse
1236 4347 1333 4415 ait,
1368 4364 1602 4405 numero
1628 4366 1763 4407 usus
1788 4352 1969 4422 pleno,

393 4433 487 4499 qui
532 4448 643 4488 non
694 4434 996 4505 urgendus,
1027 4440 1123 4492 sed
1169 4438 1238 4493 ad
1284 4443 1690 4498 accuratiorem
1736 4443 1971 4502 Palladii

393 4538 663 4577 summam
696 4526 1054 4595 explicandus
1088 4541 1192 4585 est.
1241 4531 1373 4588 inde
1423 4549 1575 4600 vero,
1603 4535 1749 4606 quod
1774 4536 1971 4594 editus

389 4612 618 4671 Palladii
650 4627 833 4677 textus
860 4622 1004 4693 (cap.
1043 4624 1168 4695 119)
1199 4628 1394 4694 habet,
1426 4628 1713 4686 Melaniam
1742 4632 1968 4704 triginta

390 4718 594 4776 septem
628 4724 803 4767 annos
840 4712 1082 4783 hospites
1114 4719 1421 4787 excepisse,
1454 4736 1804 4793 nequaquam
1838 4739 1965 4779 cum

387 4797 733 4859 Tillemontio
770 4812 1001 4873 statuas,
1030 4822 1148 4863 eam
1195 4809 1387 4867 decem
1431 4828 1608 4871 annos
1636 4816 1694 4871 in
1720 4817 1968 4889 Aegypto

388 4908 605 4963 quoque
633 4898 921 4964 mansisse,
943 4916 1109 4969 quum
1133 4911 1384 4973 apertum
1408 4919 1652 4961 errorem
1676 4910 1966 4979 scriptoris

389 4982 477 5035 hic
502 4984 997 5054 deprehendamus,
1026 4992 1120 5061 qui
1156 5008 1255 5063 pro
1280 4996 1510 5067 xq’,i.e.
1540 4998 1727 5067 viginti
1755 5009 1964 5070 septem

385 5077 629 5143 posuerit
646 5070 749 5144 λη’,
772 5080 808 5134 i.
839 5096 889 5135 e.
929 5083 1153 5152 triginta
1186 5095 1413 5156 septeni.
1450 5086 1597 5145 Haec
1623 5091 1693 5147 de
1730 5090 1963 5148 Melania

382 5169 932 5241 annotavimus,quia
963 5174 1016 5228 in
1045 5176 1149 5231 hoc
1175 5180 1356 5249 capite
1382 5179 1793 5241 Tillemontium
1824 5186 1959 5258 (Μό-

382 5259 585 5313 moires
631 5260 718 5314 ed.
770 5261 945 5319 Paris.
991 5266 1055 5322 T.
1104 5268 1148 5322 Χ
1193 5288 1249 5340 p.
1300 5273 1429 5330 596.
1469 5292 1591 5346 sqq.
1640 5278 1739 5333 821
1783 5278 1955 5351 sqq.),

382 5347 725 5406 Rosweidum
744 5352 946 5424 (Ruﬁni
974 5368 1027 5411 et
1054 5360 1315 5419 Melaniae
1341 5347 1952 5436 peregrinatio

380 5457 432 5509 p.
469 5443 575 5494 425
609 5448 757 5515 sqq.)
791 5454 847 5501 et
892 5448 1233 5521 Stiltinginm
1270 5454 1414 5513 (Vita
1457 5459 1513 5514 8.
1553 5460 1804 5530 Hierom,
1838 5465 1953 5520 AA.

378 5530 481 5583 SS.
510 5532 643 5586 Boil.
679 5535 830 5606 Sept.
863 5536 929 5593 T.
959 5537 1074 5594 Vill
1109 5559 1162 5612 p.
1197 5544 1301 5598 552
1327 5548 1496 5621 sqq.),
1523 5551 1651 5608 licet
1678 5555 1779 5625 ipsi
1812 5557 1956 5612 inter

379 5639 435 5677 se
468 5625 695 5678 multum
736 5628 1069 5699 discrepent,
1102 5636 1339 5702 graviter
1368 5656 1585 5697 errasse
1622 5645 1951 5705 invenimus.

378 5712 663 5780 Superest,
711 5727 771 5771 ut
820 5730 1170 5789 annotemus,
1216 5726 1476 5785 Ruﬁnum
1527 5750 1686 5792 senes
1734 5755 1952 5810 quoque

378 5804 799 5875 Mesopotamiae
821 5830 840 5863 ε
866 5813 1006 5884 apud
1042 5816 1303 5874 Edessam
1335 5830 1388 5877 et
1416 5822 1469 5879 in
1500 5804 1791 5884 Carrarum
1823 5804 1950 5902 par-

2101 861 2309 922 verbis
2349 862 2503 941 quin
2526 862 2681 927 liber
2706 863 3042 938 indicetur,
3079 881 3270 944 quem
3317 865 3688 931 Rosweidus

2104 982 2135 1015 α
2163 962 2512 1022 secundum
2539 961 2766 1024 librum
2797 963 2921 1024 νγ.
2951 964 3109 1025 PP.»
3140 964 3457 1044 inscripsit
3488 963 3593 1046 (4),
3614 967 3693 1027 in

2102 1079 2231 1142 quo
2256 1063 2336 1125 de
2363 1066 2605 1126 Joanne
2636 1065 2841 1145 primo
2869 1064 3038 1141 loco,
3072 1066 3303 1129 deinde
3332 1066 3413 1129 de
3436 1070 3684 1129 Ammo—

2102 1162 2234 1237 nio,
2264 1164 2551 1242 Evagrio,
2597 1165 2699 1240 Or,
2731 1165 2997 1241 Isidoro,
3047 1167 3156 1236 20
3197 1166 3335 1229 aliis
3362 1166 3554 1229 multa
3590 1167 3679 1231 le-

2103 1268 2357 1340 guntur,
2402 1263 2670 1326 dubitari
2716 1267 2954 1346 nequit.
2997 1269 3241 1343 Fateor,
3288 1267 3368 1329 de
3411 1268 3690 1333 Eusebio

2102 1362 2359 1441 quidem
2392 1370 2455 1425 et
2501 1363 2581 1427 de
2620 1366 2958 1447 Euthymio
3004 1368 3161 1430 nihil
3197 1368 3419 1431 haberi
3460 1369 3529 1431 in
3569 1369 3683 1433 illo

2102 1463 2570 1527 Rosweidianae
2612 1465 3003 1531 collectionis
3039 1468 3200 1532 libro
3251 1470 3530 1533 secundo
3572 1480 3698 1536 :at

2101 1563 2164 1623 S.
2197 1563 2653 1645 Hieronymum
2702 1584 2777 1631 ea
2822 1569 3081 1633 nomina
3122 1588 3267 1633 cum
3316 1570 3576 1649 Eulogio
3619 1579 3697 1635 et

2102 1664 2392 1746 Didymo,
2418 1668 2528 1748 qui
2548 1669 2613 1729 in
2633 1668 2795 1732 libro
2815 1668 3111 1748 leguntur
3134 1670 3242 1754 (5),
3266 1670 3655 1735 confundere
3672 1714 3695 1742 ,

2100 1775 2208 1827 aut
2253 1766 2722 1847 corruptionem
2772 1768 2959 1847 longa
3006 1779 3363 1849 temporum
3409 1773 3570 1835 serie
3613 1772 3695 1834 in

2099 1867 2274 1947 ipsos
2307 1868 2557 1930 codices
2598 1876 2707 1932 aut
2747 1870 2892 1932 libri
2918 1877 3024 1933 aut
3051 1873 3114 1932 S.
3144 1872 3514 1952 Hieronymi
3539 1874 3680 1956 epi-

2097 1968 2292 2030 stolae
2322 1968 2674 2049 irrepsisse,
2710 1979 3209 2035 consentaneum
3242 1982 3360 2036 est.

2172 2070 2391 2148 Itaque
2416 2069 2622 2131 verbis
2664 2069 2787 2131 illis
2831 2072 2893 2131 S.
2926 2072 3351 2151 Hieronymus
3380 2074 3680 2137 Ruﬁnum

2095 2165 2238 2229 libri
2251 2169 2429 2232 istius
2442 2169 2749 2247 signiﬁcat
2765 2172 3134 2252 scriptorem
3144 2221 3159 2248 ,
3180 2191 3310 2235 non
3325 2175 3651 2253 Evagrium
3665 2222 3693 2250 ,

2094 2269 2186 2330 uti
2233 2270 2521 2332 nonnulli
2556 2270 2635 2352 (6)
2674 2273 3159 2349 contenderunt,
3195 2276 3391 2356 quod,
3440 2277 3548 2357 qui
3576 2275 3679 2339 lo-

2094 2386 2240 2431 cum
2271 2372 2333 2431 S.
2374 2372 2747 2451 Hieronymi
2776 2380 3010 2436 attente
3056 2373 3299 2453 legerit,
3332 2376 3453 2437 sibi
3494 2376 3680 2439 facile

2093 2470 2496 2548 persuadebit
2519 2470 2627 2551 (7).
2651 2472 2931 2548 Accedit,
2954 2479 3023 2535 ut
3043 2473 3403 2555 complures
3424 2477 3679 2539 codices

2091 2586 2283 2631 manu
2310 2570 2548 2651 scripti,
2582 2571 2747 2634 inter
2772 2590 2933 2652 quos
2959 2591 3123 2635 unus
3150 2581 3453 2651 vetustus,
3484 2594 3677 2656 quem

2090 2667 2454 2737 Rosweidus
2498 2668 2567 2730 in
2604 2669 2866 2731 edendis
2910 2670 3051 2731 vitis
3096 2669 3412 2748 adhibuit,
3462 2671 3679 2733 Ruﬁni

2090 2784 2325 2831 nomen
2352 2775 2569 2850 aperte
2606 2770 3020 2850 proﬁteantur
3047 2768 3157 2849 (8).

2168 2870 2345 2931 Unde
2363 2869 2488 2933 iam
2509 2870 2839 2933 difﬁcultas
2861 2870 3009 2932 satis
3030 2888 3255 2949 magna
3278 2870 3494 2933 oritur.
3517 2873 3679 2936 Nam

2088 2968 2141 3029 si
2186 2969 2252 3030 in
2296 2968 2528 3033 librum
2575 2971 2925 3034 secundum
2975 2971 3325 3035 accuratius
3370 2971 3677 3051 inquiris,

2087 3065 2228 3131 luce
2258 3068 2485 3132 clarius
2512 3077 2797 3152 apparet,
2828 3071 3131 3135 Ruﬁnum
3158 3088 3295 3135 esse
3323 3089 3455 3136 non
3484 3090 3677 3154 posse

2011 3166 2059 3229 C
2089 3176 2432 3232 auctorem.

2168 3268 2448 3330 Primum
2470 3268 2637 3331 enim
2661 3276 2884 3333 auctor
2903 3268 3049 3333 libri
3075 3268 3339 3334 secundi
3361 3286 3492 3333 non
3517 3276 3677 3334 tem-

2080 3533 2229 3589 tibus
2259 3553 2278 3586 ι
2315 3537 2522 3593 vicisse
2551 3536 2761 3607 (Ruﬁn.
2801 3538 2947 3597 Hist.
2988 3540 3138 3598 Eccl.
3175 3542 3274 3599 lib.
3301 3540 3347 3597 ll
3374 3557 3427 3598 c.
3459 3542 3493 3597 8
3524 3541 3672 3613 Opp.

2077 3624 2168 3679 ed.
2199 3624 2430 3682 Vallarsi
2462 3644 2518 3700 p.
2558 3630 2695 3697 279,
2730 3631 2911 3704 Higne
2952 3632 3157 3689 Patroi.
3183 3633 3248 3689 T.
3272 3634 3395 3688 XXI
3428 3651 3483 3706 p.
3514 3635 3675 3704 5i7),

2078 3717 2226 3787 quod
2261 3719 2390 3785 iter,
2419 3729 2717 3793 postquam
2748 3721 3130 3798 Hierosolyma
3157 3727 3332 3793 venit,
3359 3727 3675 3788 instituisse

2076 3807 2318 3863 videtur.

2149 3901 2228 3972 (1)
2272 3900 2431 3957 Socr.
2460 3902 2603 3959 Hist.
2630 3903 2783 3963 Eccl.
2808 3908 2906 3963 lib.
2930 3907 2975 3962 V
3001 3924 3125 3981 cap.
3150 3910 3237 3966 12.
3266 3909 3489 3967 Sozom.
3516 3910 3666 3969 Hist.

2075 3992 2225 4049 Eccl.
2271 3995 2368 4049 lib.
2412 3993 2507 4050 Vil
2539 4013 2662 4070 cap.
2702 4000 2792 4055 14.
2837 4000 3137 4056 Tillemont
3190 4003 3479 4061 Mémoires
3523 4020 3670 4073 ροιιι·

2090 4084 2269 4140 servir
2300 4085 2333 4139 a
2364 4086 2632 4143 l‘histoire
2658 4090 3286 4162 ecclesiastique,Paris.
3321 4095 3456 4150 1707
3494 4094 3558 4151 Τ.
3588 4094 3666 4150 1X

2074 4192 2129 4247 ι).
2161 4178 2287 4233 594.
2317 4179 2411 4234 XII
2443 4196 2499 4251 p.
2532 4182 2661 4246 447,
2696 4183 2750 4238 2.
2792 4182 2990 4256 Fleury
3027 4183 3170 4241 Hist.
3201 4185 3352 4243 Eccl.
3388 4186 3486 4243 Ed.
3514 4187 3662 4260 Aug.

2073 4266 2236 4323 Vind.
2270 4283 2336 4324 ac
2369 4270 2582 4343 Oenop.
2617 4273 2757 4328 1768
2786 4273 2852 4328 Τ.
2882 4274 2951 4329 lV
2986 4292 3036 4346 p.
3072 4276 3199 4334 755.

2139 4361 2217 4434 (2)
2257 4363 2416 4436 Apol.
2449 4363 2537 4431 lll,
2581 4364 2641 4421 S.
2690 4364 2920 4423 Hieron.
2956 4371 3094 4441 Opp.
3134 4370 3223 4426 ed.
3253 4370 3457 4427 Bened.
3490 4372 3555 4426 T.
3587 4370 3661 4428 iV

2109 4498 2124 4513 .
2156 4458 2283 4513 455.

2068 4472 2356 4618 “(gain
2393 4549 2496 4604 l33
2544 4551 2612 4605 ad
2663 4550 2939 4622 Ctesiph.,
2993 4550 3053 4607 8.
3104 4551 3329 4609 Hieron.
3376 4552 3517 4626 Opp.
3559 4554 3659 4611 ed.

2067 4636 2247 4708 Migne
2273 4638 2337 4695 T.
2373 4639 2392 4693 ι
2424 4639 2655 4712 [Patroi.
2691 4641 2757 4699 Τ.
2788 4642 2956 4716 XXII]
2997 4660 3049 4716 p.
3088 4645 3248 4701 1151.

2136 4730 2214 4802 (4)
2248 4730 2362 4787 VV.
2392 4732 2496 4791 PP.
2526 4734 2710 4791 Rosw.
2743 4753 2798 4807 p.
2832 4738 2937 4793 448
2969 4755 3093 4809 sqq.

2138 4824 2215 4896 (5)
2241 4824 2414 4897 Capp.
2443 4827 2511 4882 14
2537 4836 2592 4883 et
2616 4828 2689 4883 24
2714 4846 2770 4902 p.
2801 4830 2928 4898 472,
2953 4831 2990 4885 2
3013 4849 3028 4899 ;
3059 4832 3187 4900 479,
3219 4833 3246 4888 1

2139 4918 2218 4986 (6)
2252 4917 2544 4985 Baronius,
2574 4921 2693 4975 alii.

2137 5009 2216 5080 (7)
2246 5009 2471 5066 Librum
2497 5011 2656 5085 Xysti
2690 5012 3051 5087 Pythagoraei
3084 5019 3150 5072 ab
3185 5022 3365 5077 eodem
3389 5026 3650 5093 scriptore

2066 5102 2172 5157 sub
2198 5105 2419 5159 nomine
2449 5104 2589 5160 Sixti
2618 5106 2801 5177 Papae
2822 5118 2877 5164 et
2908 5113 3188 5184 martyris,
3220 5126 3275 5169 et
3302 5117 3501 5171 librum
3532 5116 3646 5172 Ευ-

2064 5195 2200 5251 sebii
2238 5196 2618 5254 Caesariensis
2655 5201 2760 5255 sub
2792 5204 3017 5259 nomine
3063 5204 3338 5277 Pamphili
3383 5212 3645 5282 martyris

2062 5287 2242 5344 editos
2267 5305 2417 5355 esse,
2448 5290 2545 5346 illa
2566 5293 2801 5363 epistola
2838 5292 2896 5348 8.
2927 5293 3248 5368 Hieronymi
3270 5301 3450 5365 docet,
3480 5304 3645 5359 cuius

2061 5382 2314 5452 apologia
2355 5384 2585 5439 eandem
2634 5386 2778 5442 banc
2822 5387 3071 5444 fraudem
3113 5391 3307 5459 Ruﬁno
3336 5394 3547 5450 tribuit.
3577 5396 3638 5451 8.

2062 5471 2288 5527 Hieron.
2327 5472 2426 5545 Ep.
2467 5477 2571 5531 155
2613 5478 2651 5532 1.
2703 5478 2741 5532 l.
2772 5480 2936 5549 Apol.
2989 5481 3115 5535 adv.
3153 5482 3279 5536 Ruf.
3327 5485 3423 5539 lib.
3471 5487 3517 5539 ll
3544 5486 3637 5541 'ed.

2062 5562 2266 5618 Bened.
2297 5564 2362 5621 Τ.
2394 5565 2463 5621 ιν
2503 5583 2558 5637 p.
2594 5569 2736 5636 M9;
2771 5571 2867 5624 lib.
2902 5570 2970 5625 ill
2999 5572 3130 5627 ibid.
3179 5589 3233 5644 p.
3256 5575 3381 5630 449.
3413 5575 3501 5632 Cf.
3522 5571 3631 5630 Til.

2059 5655 2265 5711 lemont
2294 5658 2583 5715 Mémoires
2608 5660 2673 5717 Τ.
2712 5660 2831 5716 XVI
2865 5679 2915 5732 p.
2943 5663 3067 5727 657,
3104 5667 3155 5720 1.

2132 5748 2207 5820 (8)
2251 5742 2362 5807 γν.
2395 5750 2500 5807 PP.
2532 5752 2718 5809 Rosw.
2750 5753 2965 5827 Proicg.
2997 5756 3026 5828 §
3056 5756 3099 5810 Χ
3129 5773 3183 5829 p.
3216 5755 3432 5814 XXVII.
