4046 6476
364 397 403 455 il

1948 410 2180 469 VITAE.
3606 411 3681 468 22

374 485 713 610 ροτθῗώεῖθὶῖε
730 489 1289 610 ίξξὶξιξᾷιδδὶοιυὶε
1313 525 1526 605 paullo
1554 535 1699 609 post
1727 532 1789 593 S.
1820 531 2005 594 Atha—
2031 536 2078 593 Α
2104 537 2375 593 exeunte
2403 549 2572 595 anno
2603 532 2739 607 394,
2777 537 2839 595 et
2866 534 3209 597 Palladium
3243 534 3380 601 eius
3412 534 3679 610 itineris,

378 610 482 674 utsii
498 605 732 667 ωοτῖεω
769 597 893 681 I37
910 605 993 691 3)
1015 662 1037 689 ,
1090 632 1235 685 aut
1264 597 1415 689 ante
1444 597 1678 691 annum
1716 630 1829 692 385
1861 650 2004 695 mo-

374 708 578 815 nasteria
605 706 901 815 Μῖῑξξνῐξὶὶ
955 711 1339 802 lustravit,
1372 745 1501 808 quo
1531 736 1819 811 tempore
1866 736 2002 795 Ru-

374 812 525 875 ﬁnum
564 809 627 871 in
662 806 890 873 Nitria
939 831 1329 888 versatum
1372 806 1510 891 esse
1556 806 2000 909 cognovimus,

375 914 461 976 sed
489 910 665 975 multo
703 918 869 991 post
930 933 1267 990 exeunte
1308 945 1476 991 anno
1519 930 1633 992 394
1666 934 1782 995 sub
1812 935 2003 998 ﬁnem

372 1013 583 1094 immrii
606 1012 1000 1082 Theodosii
1048 1025 1307 1107 Magni,
1336 1031 1447 1111 qui
1484 1031 1639 1093 obiit
1684 1051 1851 1097 anno
1886 1035 2003 1097 395

374 1114 427 1175 d.
450 1116 573 1177 XVI
593 1115 864 1179 Caleud.
888 1121 1270 1191 Februarii
1300 1129 1384 1212 (1)
1406 1148 1423 1205 ;
1454 1134 1698 1195 socium
1724 1151 1875 1197 vero
1905 1136 2004 1199 iti-

378 1218 527 1280 neris
550 1218 927 1285 Palladium
954 1224 1233 1307 habuit,
1262 1232 1372 1313 qui
1393 1235 1727 1298 Historiam
1756 1240 2003 1303 Lausia-

386 1334 503 1381 cam
542 1320 821 1401 scripsit.
867 1326 1072 1399 Quae
1115 1332 1377 1411 quidem
1423 1350 1502 1396 ex
1528 1334 1690 1399 libro
1720 1341 1999 1404 secundo

389 1417 511 1497 ipso
537 1418 820 1486 dilucide
868 1426 1303 1509 colliguntur.
1351 1434 1506 1495 Nam
1548 1443 1768 1499 auctor
1812 1437 2001 1502 huius

396 1516 522 1581 libri
546 1522 755 1585 statim
786 1527 875 1589 ab
905 1527 1109 1595 initio
1140 1532 1295 1597 haec
1324 1542 1536 1598 narrat
1579 1554 1593 1597 :
1630 1538 1845 1601 Fuisse
1902 1557 2001 1602 se-

405 1629 579 1702 ptem,
595 1642 664 1688 se
687 1627 1014 1694 nimirum
1039 1651 1183 1696 cum
1206 1653 1315 1698 sex
1337 1638 1545 1714 sociis,
1566 1639 1675 1720 qui
1693 1642 1999 1705 Joannem

415 1727 716 1789 eremitam
762 1748 986 1813 prope
1025 1736 1265 1814 Lycum
1311 1737 1621 1801 civitatem
1663 1741 1997 1803 convenis-

2105 632 2277 712 quod
2305 650 2340 694 e
2369 633 2564 695 Nitria
2589 635 2669 697 ad
2691 636 3000 698 Joannem
3026 637 3094 698 in
3114 638 3282 717 Lyco
3301 637 3560 712 fecerat,
3582 653 3686 699 so-

2103 734 2270 798 cium
2302 733 2618 797 habuisse.

2181 835 2459 898 Alterum
2504 836 2792 916 quidem,
2837 837 3181 899 Palladium
3229 835 3469 900 scilicet
3521 838 3682 899 scri-

2102 935 2301 1016 ptoris
2329 936 2473 998 libri
2502 937 2763 999 secundi
2807 938 3051 999 socium
3089 937 3157 998 in
3199 937 3424 999 itinere
3461 936 3682 1011 fuisse,

2101 1034 2261 1097 alius
2280 1052 2539 1115 quoque
2569 1036 2755 1099 huius
2780 1036 2924 1097 libri
2952 1036 3129 1099 locus
3158 1037 3548 1116 comprobat.
3572 1038 3685 1098 Le-

2103 1135 2307 1213 gimus
2356 1138 2547 1211 enim,
2598 1136 3001 1217 Apollonium
3031 1136 3359 1199 monachis
3387 1136 3516 1198 suis
3556 1143 3683 1198 tres

2102 1235 2260 1311 dies,
2290 1243 2625 1317 antequam
2654 1238 2927 1317 scriptor
2956 1238 3094 1299 libri
3123 1237 3385 1301 secundi
3413 1254 3558 1300 cum
3584 1254 3686 1299 so-

2101 1336 2215 1399 ciis
2243 1354 2387 1399 eum
2422 1339 2807 1413 convenerit,
2838 1338 3224 1419 praedixisse
3257 1356 3270 1399 :
3312 1360 3343 1395 α
3384 1345 3529 1418 post
3565 1336 3681 1397 tri-

2101 1439 2297 1501 duum
2327 1439 2653 1502 adfuturos
2686 1447 2813 1502 tres
2843 1441 3065 1502 fratres
3108 1440 3189 1503 de
3227 1439 3686 1517 Hierosolymis

2097 1538 2424 1601 venientes
2456 1538 2562 1620 (5).
2600 1563 2629 1596 »
2680 1540 2803 1601 Sed
2850 1540 3021 1602 idem
3066 1537 3378 1601 Palladius
3423 1555 3682 1618 quoque

2098 1640 2307 1702 triduo
2341 1648 2487 1703 ante
2523 1658 2709 1703 suum
2737 1642 2842 1711 22
2874 1638 3210 1703 adventum
3237 1641 3317 1703 ab
3347 1638 3683 1720 Apollonio

2097 1742 2491 1822 praedictum
2530 1759 2668 1804 esse
2708 1742 2775 1803 in
2818 1742 3089 1804 Historia
3123 1742 3419 1803 Lausiaca
3458 1740 3682 1802 iisdem

414 1834 565 1941 sent.
593 1831 915 1894 Joannem
954 1834 1150 1941 ipsis,
1166 1855 1361 1941 quum
1392 1839 1496 1941 2A1
1539 1839 1619 1901 ab
1658 1856 1736 1903 eo
1777 1841 1995 1921 profe-
2025 1879 2070 1936 Β
2098 1842 2287 1922 plane
2305 1844 2514 1906 verbis
2537 1850 2744 1906 narrat
2764 1842 2872 1923 (6).
2891 1844 3010 1905 Ubi
3032 1861 3112 1906 ne
3129 1843 3489 1917 oﬂ‘endaris,
3509 1842 3682 1922 quod

418 1936 573 1991 cturi
596 1940 831 2008 essent,
862 1937 1412 2015 praedixisse,hac
1432 1939 1569 2020 ipsa
1590 1940 1691 2002 die
1709 1941 1998 2005 victorias
2096 1944 2409 2007 Palladius
2456 1945 2685 2007 dicitur
2723 1945 2970 2007 venisse
3016 1944 3493 2023 Hierosolymis.
3527 1945 3681 2005 Nam

413 2028 685 2107 religiosi
730 2034 1045 2116 principis
1078 2036 1415 2100 Theodosii
1450 2039 1530 2101 de
1580 2040 1863 2117 Eugenio
1892 2047 1994 2120 ty-

413 2145 608 2192 ranno
648 2139 995 2213 reportatas
1041 2134 1447 2199 Alexandriae
1492 2139 1804 2201 nuntiatas
1833 2156 1991 2215 esse,

408 2229 749 2313 ipsumque
795 2234 1223 2298 Theodosium
1270 2254 1399 2299 non
1443 2237 1641 2301 multo
1671 2245 1815 2319 post
1837 2258 1994 2319 pro-

403 2334 554 2412 pria
603 2344 804 2396 morte
853 2338 1049 2398 vitam
1092 2339 1438 2416 ﬁniturum.
1503 2340 1735 2403 Triduo
1785 2348 1995 2403 autem

408 2441 553 2512 post
590 2435 937 2498 discessum
976 2455 1157 2500 suum
1196 2438 1275 2500 de
1310 2446 1513 2501 morte
1541 2440 1799 2502 Joannis
1832 2457 1900 2502 se
1926 2441 1994 2502 in

406 2536 635 2599 itinere
685 2539 981 2601 certiores
1029 2558 1167 2603 esse
1213 2540 1412 2604 factos
1462 2542 1567 2624 (2).
1608 2542 1729 2604 Sed
1770 2542 1992 2605 eadem

407 2636 599 2713 haec,
653 2657 815 2718 quae
856 2640 924 2701 in
977 2640 1140 2703 libro
1190 2642 1470 2705 secundo
1520 2643 1992 2705 Rosweidianae

406 2738 803 2802 collectionis
846 2739 1037 2803 latino
1083 2758 1374 2804 sermone
1419 2742 1735 2821 leguntur,
1769 2760 1991 2822 graece

405 2856 709 2920 expressa
736 2841 866 2903 fere
902 2842 979 2903 ad
1011 2844 1272 2905 verbum
1302 2843 1368 2905 in
1394 2844 1667 2906 Historia
1695 2845 1991 2908 Lausiaca

402 2939 667 3002 Palladii
705 2947 969 3016 exstant,
1017 2941 1141 3005 hoc
1186 2960 1318 3005 uno
1366 2944 1750 3019 discrimine,
1791 2946 1987 3024 quod,

403 3060 571 3122 quae
607 3049 824 3105 noster
850 3044 985 3124 ipse
1012 3052 1307 3125 expertus
1337 3052 1452 3121 est,
1482 3046 1793 3109 Palladius
1818 3064 1853 3109 a
1880 3065 1987 3110 so-

401 3146 517 3208 ciis
553 3152 799 3209 narrata
842 3163 978 3209 esse
1014 3147 1225 3210 refert.
1266 3150 1517 3230 Septem
1546 3149 1770 3212 fratres
1798 3168 1986 3231 pere-

401 3247 623 3325 grinos
670 3266 889 3312 omnes
918 3249 1111 3313 fuisse
1141 3250 1209 3313 in
1254 3251 1591 3316 solitudine
1622 3252 1879 3327 Nitriae,
1916 3271 1985 3315 se

402 3350 686 3431 quidem,
720 3368 839 3413 nec
869 3368 998 3413 non
1028 3352 1281 3414 beatum
1308 3353 1663 3434 Evagrium,
1696 3352 1987 3415 Albinum

405 3462 469 3519 et
488 3454 912 3516 Ammonium.
931 3452 1099 3516 Scire
1120 3470 1187 3515 se
1206 3470 1428 3516 omnes
1449 3454 1786 3528 studuisse,
1802 3471 1992 3533 quae-

403 3570 550 3616 nam
594 3551 854 3614 Joannis
885 3551 1075 3614 virtus
1116 3558 1299 3628 esset,
1329 3552 1443 3615 sed
1472 3553 1788 3615 dubitasse
1829 3556 1989 3615 Eva-

400 3652 631 3729 grium,
680 3667 762 3712 an
808 3650 1067 3712 omnino
1122 3668 1265 3712 eum
1312 3652 1651 3714 convenire
1702 3658 1985 3732 possent.

398 3752 605 3823 Quare
648 3754 908 3829 postero
954 3748 1088 3823 die,
1122 3748 1370 3811 occlusa
1404 3750 1593 3825 cella,
1634 3750 1839 3813 solum
1883 3768 1987 3827 se,

398 3847 633 3909 nesciis
662 3847 873 3923 sociis,
903 3847 982 3909 ad
1010 3850 1315 3911 Joannem
1336 3849 1402 3911 in
1430 3849 1815 3913 Thebaidem
1844 3870 1990 3931 pro-

398 3950 636 4011 fectum
668 3966 828 4011 esse.
859 3951 1061 4023 Quum
1091 3966 1239 4011 vero
1269 3951 1347 4013 ab
1377 3968 1455 4013 eo
1483 3968 1771 4014 reversus
1801 3953 1991 4016 sociis

398 4064 536 4110 rem
575 4054 910 4121 narrasset,
941 4054 1087 4128 post
1115 4046 1273 4111 duos
1298 4066 1551 4111 menses
1580 4048 1699 4111 hos
1728 4068 1987 4131 quoque

399 4166 587 4211 senes
632 4149 713 4212 ad
755 4151 1062 4211 Joannem
1094 4149 1362 4225 venisse,
1415 4150 1536 4212 sibi
1580 4158 1791 4213 autem
1838 4170 1987 4214 nar-

397 4268 597 4314 rasse.
644 4252 1005 4331 Sequuntur
1034 4249 1168 4313 fere
1200 4251 1277 4313 ad
1306 4251 1591 4327 verbum,
1634 4258 1705 4313 ut
1729 4253 1986 4315 monui-

398 4372 566 4427 mus,
604 4352 731 4426 illa,
764 4370 926 4433 quae
965 4353 1155 4415 modo
1194 4369 1272 4415 ex
1308 4352 1469 4416 libro
1500 4354 1780 4416 secundo
1808 4362 1984 4417 retu-

401 4452 590 4515 limus
629 4451 737 4533 (3).
776 4452 1126 4530 Eugenium
1151 4469 1301 4514 vero
1328 4457 1669 4532 tyrannum
1697 4452 1987 4515 Theodo-

399 4554 535 4616 sius
597 4554 767 4634 apud
819 4554 1007 4634 Alpes
1055 4552 1282 4616 devicit
1336 4570 1506 4615 anno
1572 4552 1687 4614 394
1733 4553 1798 4616 d.
1847 4554 1987 4617 VIII

398 4655 552 4717 Idus
570 4654 952 4735 Septembris
977 4653 1152 4736 (4).E
1173 4654 1405 4734 quibus
1448 4653 1786 4733 colligitur,
1836 4656 1987 4717 scri-

398 4763 653 4838 ptorem
700 4755 840 4817 libri
876 4754 1139 4819 secundi
1172 4771 1358 4818 senes
1386 4756 1655 4836 Aegypti
1697 4755 1985 4819 invisisse

471 5009 553 5079 (t)
589 5007 745 5063 Socr.
780 5006 923 5064 Hist.
953 5007 1103 5064 Eccl.
1132 5008 1228 5065 lib.
1254 5009 1300 5065 ν
1326 5024 1446 5079 cap.
1470 5008 1565 5065 25.

469 5101 552 5170 (2)
586 5099 700 5156 VV.
750 5099 856 5156 PP.
907 5100 1095 5157 Rosw.
1144 5101 1241 5156 lib.
1290 5100 1336 5157 Il
1376 5117 1501 5173 cap.
1543 5102 1597 5157 1.
1642 5118 1696 5174 p.
1741 5102 1869 5171 451,
1927 5108 1979 5162 1.

390 5196 523 5256 ιδτ,
572 5195 623 5247 1.

465 5289 547 5357 (5)
583 5286 722 5343 Hist.
759 5284 927 5343 Laus.
959 5302 1082 5359 cap.
1115 5286 1186 5342 44
1214 5284 1354 5359 Opp.
1389 5285 1592 5345 Meurs.
1623 5288 1663 5343 l.
1690 5287 1728 5343 l.
1772 5303 1827 5359 p.
1851 5288 1978 5345 468.

389 5381 523 5436 472.
552 5380 677 5435 488.

468 5474 546 5544 (4)
586 5473 744 5527 Socr.
778 5470 921 5527 Hist.
955 5470 1104 5525 Eccl.
1134 5470 1228 5527 lib.
1270 5468 1315 5524 ν
1345 5486 1465 5541 cap.
1496 5471 1589 5527 ‘24.
1640 5470 1726 5526 Cf.
1758 5471 1977 5528 Baronii

391 5564 591 5619 Annal.
631 5579 681 5617 a.
717 5562 825 5619 394
855 5579 1009 5617 num.
1047 5560 1091 5611 V
1132 5577 1256 5633 sqq.
1285 5562 1372 5617 ed.
1411 5562 1545 5618 Luc.
1574 5563 1639 5619 Τ.
1666 5562 1736 5618 γι
1763 5581 1817 5637 p.
1852 5566 1985 5629 145.

390 5654 588 5724 I-‘leury
621 5653 763 5708 Hist.
802 5652 956 5707 Eccl.
996 5650 1059 5704 Τ.
1092 5648 1160 5705 IV
1195 5650 1446 5721 p.'1034.

460 5748 538 5816 (5)
581 5743 693 5800 vv.
730 5743 840 5798 rp.
875 5742 1063 5797 Rosw.
1093 5741 1187 5795 lib.
1220 5741 1259 5795 ιι
1294 5756 1413 5812 cap.
1452 5743 1563 5814 7p.
1599 5745 1726 5807 464.
1768 5746 1819 5800 ι.

460 5841 536 5909 (6)
576 5839 713 5897 Hist.
740 5839 917 5895 Laus.
954 5850 1077 5907 cap.
1106 5835 1175 5890 53
1203 5831 1343 5904 Opp.
1373 5835 1573 5892 Meurs.
1607 5840 1641 5892 Ι.
1673 5839 1710 5893 1.
1738 5855 1790 5909 p.
1818 5839 1948 5895 505.

463 5934 537 6005 (7)
575 5933 674 6009 Ep.
720 5934 815 5991 51.
886 5928 951 5986 S.
998 5926 1217 5985 Hieron.
1290 5924 1429 5999 Opp.
1486 5928 1576 5987 ed.
1631 5929 1809 6002 Mignc
1857 5930 1976 5989 T.l

2094 2045 2431 2119 Palladius,
2457 2046 2572 2108 etsi
2595 2062 2821 2107 novem
2844 2062 3045 2109 annos
3066 2045 3446 2107 ordinariam
3466 2042 3681 2106 sedem

2092 2145 2159 2208 in
2187 2145 2390 2207 Celliis
2411 2147 2652 2220 ﬁxerat,
2675 2146 2799 2207 hoc
2820 2153 3033 2209 tamen
3052 2147 3195 2226 ipso
3216 2151 3503 2224 tempore
3525 2161 3685 2205 non-

2094 2264 2420 2328 nunquam
2456 2250 2890 2328 peregrinatus
2921 2257 3037 2310 est.
3080 2249 3253 2311 Circa
3298 2264 3534 2309 annum
3566 2244 3682 2307 394

2092 2348 2549 2429 Hierosolymis
2588 2348 2807 2412 adfuit.
2860 2349 3038 2423 Quod
3088 2347 3351 2429 epistola
3412 2346 3678 2420 indicat,

2093 2465 2283 2527 quam
2313 2447 2526 2527 paullo
2556 2455 2699 2510 ante
2719 2448 2795 2509 ad
2824 2449 3193 2529 episcopum
3214 2446 3686 2525 Hierosolymo-

2092 2563 2233 2607 rum
2250 2564 2284 2607 a
2298 2547 2359 2605 S.
2373 2546 2729 2626 Epiphanio
2751 2548 3044 2628 scriptam
3065 2565 3232 2609 anno
3258 2546 3371 2608 394
3387 2548 3448 2607 S.
3467 2548 3685 2610 Hiero-

2093 2664 2323 2726 nymus
2340 2647 2530 2709 latine
2553 2648 2843 2709 reddidit.
2868 2648 3052 2710 Cuius
3078 2649 3144 2709 in
3174 2649 3297 2710 ﬁne
3323 2646 3682 2726 S.Epipha-

2082 2746 2273 2807 nius:
2301 2769 2328 2801 α
2353 2746 2696 2808 Palladium
2715 2764 2887 2818 vero,
2907 2769 2935 2803 ››
2957 2746 3184 2825 inquit,
3202 2771 3230 2801 ‹‹
3256 2746 3554 2819 Galatam,
3572 2745 3683 2825 qui

2091 2846 2416 2927 quondam
2445 2848 2629 2909 nobis
2656 2864 2838 2911 carus
2856 2846 2995 2915 fuit,
3022 2856 3084 2908 et
3109 2864 3279 2908 nunc
3317 2846 3681 2907 misericor-

2092 2948 2194 3010 dia
2228 2950 2338 3012 Dei
2377 2949 2640 3027 indiget,
2674 2967 2847 3024 cave,
2881 2949 3028 3029 quia
3058 2948 3339 3025 Origenis
3368 2947 3682 3010 haeresim

2091 3048 2413 3128 praedicat
2442 3055 2503 3111 et
2532 3049 2739 3124 docet,
2770 3066 2851 3111 ne
2872 3048 3033 3112 forte
3053 3048 3299 3129 aliquos
3329 3048 3405 3109 de
3440 3047 3680 3128 populo

2091 3144 2205 3206 tibi
2233 3147 2473 3209 credito
2510 3146 2588 3208 ad
2620 3148 3090 3227 perversitatem
3127 3146 3224 3208 sui
3270 3146 3530 3208 inducat
3574 3165 3679 3208 er-

2092 3246 2253 3307 roris
2298 3247 2408 3327 (7).
2460 3270 2490 3305 »
2538 3249 2823 3310 Exeunte
2865 3264 3034 3310 anno
3083 3246 3199 3307 394
3247 3245 3327 3326 (8)
3363 3246 3681 3310 Palladius

2090 3348 2400 3411 Joannem
2436 3348 2504 3409 in
2547 3350 2717 3427 Lyco
2760 3348 2992 3423 invisit,
3031 3353 3220 3427 atque
3255 3364 3366 3409 sex
3396 3346 3485 3408 illi
3524 3346 3682 3409 socii

2091 3466 2160 3511 se
2186 3448 2645 3529 Hierosolymis
2677 3450 2925 3512 venisse
2955 3455 3172 3530 aperte
3199 3448 3502 3523 fatentur;
3534 3465 3681 3510 nam

2087 3547 2314 3609 Joanni
2360 3546 2533 3611 :Pro
2587 3546 2899 3621 utilitate,
2946 3548 3274 3628 inquiunt,
3326 3551 3681 3609 animarum

2088 3656 2449 3708 nostrarum
2488 3647 2572 3709 ad
2619 3655 2676 3708 te
2718 3650 3002 3710 venimus
3038 3648 3116 3709 ab
3162 3647 3533 3723 Jerusalem,
3583 3658 3677 3722 ut,

2087 3746 2256 3826 quod
2304 3747 2626 3808 auditione
2674 3766 3130 3826 acceperamus,
3178 3748 3247 3809 id
3294 3766 3681 3809 cerneremus

2090 3842 2285 3904 oculis
2315 3842 2423 3921 (9).
2464 3845 2555 3905 Ex
2602 3844 2856 3923 quibus,
2891 3843 3147 3923 quando
3180 3844 3491 3906 Palladius
3524 3846 3678 3907 Hie-

2088 3944 2424 4024 rosolymis
2450 3943 2660 4019 fuerit,
2698 3953 2757 4006 et
2785 3945 3040 4025 quando
3073 3945 3219 4007 inde
3251 3944 3447 4006 redux
3478 3944 3679 4007 factus

2088 4047 2191 4121 sit,
2221 4054 2505 4127 apparet.
2536 4050 2611 4109 In
2658 4047 2885 4109 eodem
2932 4064 3080 4110 vero
3127 4047 3332 4109 reditu
3372 4048 3677 4110 Hieroso-

2086 4148 2273 4228 lymis
2294 4148 2607 4211 Palladius
2629 4167 2774 4211 cum
2796 4150 3043 4212 duobus
3066 4149 3253 4212 sociis
3274 4148 3677 4229 Apollonium

2088 4268 2347 4331 quoque
2394 4250 2677 4313 inviserit
2718 4268 2979 4313 necesse
3028 4258 3141 4312 est.
3192 4251 3348 4311 Nam
3386 4248 3583 4311 altero
3611 4250 3678 4311 in

2086 4336 2501 4417 Palaestinam
2551 4353 2778 4415 itinere
2821 4351 3195 4415 valetudinis
3240 4352 3433 4429 gratia
3478 4350 3679 4413 tribus

2088 4456 2269 4518 annis
2298 4460 2465 4535 post,
2504 4472 2693 4535 quam
2736 4456 3044 4517 Joannem
3070 4452 3138 4513 in
3160 4454 3327 4531 Lyco
3358 4452 3674 4525 inviserat,

2088 4562 2383 4637 suscepto
2413 4572 2543 4617 non
2562 4555 2629 4616 in
2646 4559 2999 4635 Aegyptum
3020 4552 3225 4627 rediit,
3243 4552 3352 4615 sed
3367 4552 3433 4613 in
3452 4551 3674 4632 Bithy-

2090 4659 2255 4721 niam
2278 4657 2470 4731 venit,
2489 4656 2598 4718 ubi
2620 4656 2959 4737 episcopus
2983 4654 3307 4717 ordinatus
3329 4659 3423 4715 est
3446 4652 3593 4731 (10).

2164 4757 2270 4827 23
2300 4756 2552 4819 Constat
2587 4771 2761 4834 ergo,
2807 4754 3180 4835 scriptorem
3217 4751 3363 4813 libri
3410 4749 3677 4813 secundi

2089 5007 2319 5082 [Patro].
2352 5005 2418 5062 Τ.
2460 5005 2628 5079 XXII]
2666 5021 2718 5077 p.
2750 5005 2876 5060 527.

2158 5101 2237 5172 (8)
2287 5101 2511 5155 Duobus
2568 5100 2779 5155 scilicet
2826 5097 3110 5153 mensibus
3158 5103 3286 5150 ante
3328 5093 3618 5148 victoriam
3650 5132 3671 5161 ,

2085 5208 2252 5264 quam
2283 5192 2636 5249 Theodosius
2668 5192 2725 5246 d.
2760 5189 2875 5245 VIII
2945 5188 3027 5245 Id.
3073 5189 3415 5259 Septembris
3455 5188 3525 5244 de
3560 5186 3673 5243 Eu-

2085 5286 2248 5357 genio
2276 5285 2596 5355 reportavit,
2628 5281 2995 5338 Alexandriae
3018 5281 3349 5337 nuntiatam.

2154 5371 2232 5448 (9)
2278 5377 2417 5433 Hist.
2460 5377 2624 5434 Laus.
2673 5391 2797 5447 cap.
2849 5376 2920 5431 44
2993 5374 3133 5446 Opp.
3184 5374 3392 5432 Meurs.
3432 5375 3474 5430 Ι.
3522 5374 3559 5429 ι.
3607 5390 3665 5447 p.

2080 5473 2223 5533 475:
2254 5471 2367 5526 νγ.
2399 5471 2502 5527 PP.
2540 5471 2723 5527 Rosw.
2760 5471 2856 5525 lib.
2886 5470 2929 5525 ll
2964 5488 3017 5542 p.
3049 5472 3177 5535 451,
3212 5472 3260 5525 I.

2153 5564 2265 5636 (10)
2314 5564 2456 5619 Hist.
2505 5564 2671 5619 Laus.
2726 5580 2849 5635 cap.
2882 5564 2954 5618 Η
3000 5564 3138 5634 Opp.
3182 5562 3385 5617 Meurs.
3426 5559 3465 5616 1.
3519 5560 3560 5617 l.
3605 5577 3663 5633 p.

2080 5659 2205 5714 47?...
2236 5657 2617 5714 Tillemontius
2644 5657 2960 5729 (Mémoires
2987 5657 3051 5711 T.
3086 5655 3184 5709 XII
3211 5672 3265 5725 p.
3299 5654 3427 5721 656,
3460 5653 3519 5722 2)
3565 5669 3670 5710 au-

2082 5756 2275 5811 tumat.
2306 5750 2626 5819 scriptorem
2654 5748 2782 5802 libri
2822 5747 3050 5803 secundi
3085 5746 3438 5815 Apollonium
3474 5759 3660 5799 senem

2079 5846 2206 5893 ante
2240 5855 2444 5895 annum
2490 5840 2596 5895 385
2642 5840 2937 5908 invisisse;
2974 5838 3070 5895 sed
3124 5839 3301 5901 locus,
3352 5852 3463 5907 quo
3494 5834 3661 5891 Tille-

2080 5932 2323 5991 montius
2364 5933 2643 6001 innititur,
2690 5949 2719 5989 a
2760 5934 2933 5991 latino
2980 5932 3106 5993 libri
3137 5933 3438 6003 interprete
3463 5943 3659 6015 ρει-υθέ
