4046 6478
393 373 470 427 25
1210 378 1312 434 SS.
1355 380 1817 439 MACARIOIIUM
1853 383 2179 440 AEGYPTII
2206 383 2296 441 ET
2359 384 2846 445 ALEXANDRINI.
3590 389 3673 445 2i-

389 497 455 551 et
486 508 628 553 cum
660 490 935 556 Palladio
982 502 1251 557 exeunte
1301 514 1471 559 anno
1524 497 1639 559 394
1668 498 1971 561 Hieroso-
2001 503 2048 561 Δ
2074 500 2593 562 monuimus.Sed
2606 500 2776 562 unde
2794 500 3341 565 talisnecessitudo
3354 502 3668 566 librorum

388 587 578 668 lymis
623 593 687 653 in
724 598 1077 673 Aegyptum
1123 596 1401 671 venisse,
1442 597 1973 678 Apolloniumque

393 709 516 753 una
545 711 685 754 cum
720 712 797 756 eo
828 695 1134 771 invisisse,
1170 706 1231 759 et
1265 715 1301 759 e
1330 716 1597 761 numero
1622 717 1732 760 sex
1759 701 1973 762 socio-

389 810 530 852 rum
566 794 821 856 Palladii
852 796 1069 871 fuisse,
1097 798 1207 877 qui
1234 800 1540 861 Joannem
1574 800 1641 859 in
1672 801 1839 877 Lyco
1868 818 1972 861 se-

390 909 537 952 nem
566 894 878 957 adierunt.
916 898 1037 958 Sed
1071 905 1141 959 ut
1179 899 1295 961 ista
1329 900 1782 976 argumentatio
1808 901 1973 963 iusto

388 992 798 1057 fundamento
829 998 1081 1072 nitatur,
1114 1015 1215 1061 res
1245 1000 1446 1077 gravis
1472 1000 1839 1079 explicanda
1872 1020 1975 1062 su-

390 1100 623 1172 perest.
656 1096 844 1158 Multa
876 1100 1045 1159 enim
1076 1100 1278 1179 capita
1316 1099 1457 1161 libri
1497 1101 1781 1175 secundi,
1811 1101 1977 1164 inter

390 1211 554 1271 quae
584 1201 785 1257 totum
814 1197 967 1259 illud
998 1199 1076 1261 de
1111 1199 1472 1278 Apollonio,
1506 1218 1709 1280 paene
1735 1201 1815 1262 ad
1845 1219 1978 1263 ver-

393 1292 543 1355 bum
600 1294 666 1355 in
731 1298 1003 1359 Historia
1063 1300 1359 1362 Lausiaca
1409 1300 1742 1363 habentur.
1795 1303 1974 1367 Unde

390 1392 577 1469 igitur
606 1393 760 1456 haec
789 1395 1227 1460 necessitudo?

470 1497 685 1569 Quam,
715 1498 765 1558 si
791 1505 1132 1578 utrumque
1160 1499 1390 1562 librum
1420 1507 1709 1565 accurate
1737 1501 1978 1564 exami-

389 1598 656 1672 naveris,
670 1600 1006 1662 maximam
1026 1617 1166 1661 esse
1186 1600 1489 1663 invenies.
1507 1604 1660 1664 Nam
1672 1621 1833 1682 quae
1849 1603 1977 1666 illic

390 1697 468 1759 de
498 1700 757 1761 senibus
782 1700 1119 1763 Thebaidis
1149 1708 1210 1763 et
1233 1703 1736 1766 circumiacentis
1762 1705 1975 1782 regio-

390 1799 489 1860 nis
517 1799 835 1878 leguntur,
860 1802 1038 1863 cuius
1060 1803 1317 1881 quidem
1347 1804 1595 1881 generis
1617 1811 1785 1877 sunt,
1811 1819 1975 1883 quae

390 1900 469 1962 de
493 1902 736 1963 Joanne
763 1903 829 1963 in
856 1904 1048 1980 Lyco,
1086 1903 1310 1964 abbate
1335 1906 1490 1978 Ben,
1526 1904 1772 1967 civitate
1801 1907 1969 1985 Oxy-

389 2002 656 2081 ryncho,
693 2003 974 2077 Theone,
1015 2004 1372 2085 Apollonio,
1412 2008 1701 2087 Coprete,
1741 2024 1819 2069 ex
1862 2022 1974 2070 ore

385 2105 670 2183 Copretis
712 2104 792 2166 de
829 2106 1211 2168 Patermutio
1235 2155 1251 2181 ,
1300 2108 1527 2170 abbate
1569 2110 1728 2187 Syro
1752 2155 1769 2181 ,
1816 2109 1975 2171 Isaia

386 2209 454 2266 et
488 2204 703 2278 Paulo,
744 2206 824 2267 de
863 2206 1258 2285 Pithyrione,
1291 2208 1579 2288 Eulogio,
1621 2210 1863 2290 Apelle,
1895 2229 1974 2273 ex

389 2324 501 2368 ore
530 2307 764 2387 Apellis
808 2308 888 2370 de
930 2311 1175 2372 Joanne
1220 2312 1517 2390 quodam,
1568 2311 1844 2392 denique
1892 2312 1974 2375 de

388 2408 745 2489 Paphnutio
776 2409 1154 2484 referuntur,
1189 2428 1263 2473 ea
1294 2412 1505 2474 omnia
1532 2418 1659 2474 tam
1686 2421 1975 2477 accurate

388 2510 659 2572 Historia
700 2511 995 2573 Lausiaca
1051 2513 1477 2586 continentur,
1517 2519 1589 2575 ut
1628 2512 1762 2575 fere
1801 2514 1975 2577 nulla

388 2610 509 2672 nisi
532 2610 704 2672 latini
726 2618 788 2673 et
818 2612 1025 2689 graeci
1059 2612 1375 2675 idiomatis
1404 2613 1759 2676 differentia
1787 2632 1975 2695 appa-

389 2722 544 2772 reat.
579 2711 830 2791 Reliqui
856 2720 1066 2774 autem
1102 2721 1230 2775 tres
1253 2731 1439 2777 senes
1473 2732 1508 2777 e
1530 2715 1790 2793 regione
1816 2714 1977 2777 The-

387 2810 612 2886 baidis,
639 2829 909 2897 quorum
938 2813 1100 2875 liber
1127 2814 1446 2877 secundus
1476 2816 1861 2877 mentionem
1883 2814 1977 2875 fa-

387 2910 495 2984 cit,
529 2911 656 2971 duo
692 2917 1032 2974 Ammones
1062 2911 1323 2986 scilicet,
1355 2912 1435 2975 de
1478 2913 1710 2992 quibus
1749 2913 1975 2993 capiti-

388 3007 509 3070 bus
554 3012 629 3071 IV
661 3018 723 3072 et
752 3012 888 3072 VIII
932 3018 1241 3085 narratur,
1273 3018 1335 3073 et
1361 3011 1546 3085 Elias,
1587 3012 1653 3073 in
1681 3012 1976 3075 Lausiaca

2074 599 2362 675 istorum,
2406 601 2516 681 qui
2545 602 2627 662 de
2654 600 2764 674 24
2791 602 3048 663 senibus
3078 602 3413 665 Thebaidis
3439 605 3671 667 eadem

2074 701 2302 763 eodem
2336 700 2522 780 plane
2553 703 2743 763 modo
2778 710 3053 777 narrant,
3088 709 3227 764 nata
3251 701 3384 765 est?

2155 803 2281 861 Res
2301 818 2453 863 sane
2473 801 2711 882 duplici
2730 808 2973 863 tantum
2996 802 3188 863 modo
3215 802 3516 881 explicari
3537 821 3666 884 po-

2074 906 2217 962 test.
2251 904 2374 963 Aut
2401 902 2571 964 enim
2600 902 2757 963 alter
2790 902 3060 981 scriptor
3084 901 3221 981 ipse
3251 901 3482 964 librum
3508 904 3673 966 alte-

2075 1003 2206 1065 rius
2224 1021 2259 1065 e
2279 1005 2588 1084 capitibus
2615 1004 2739 1066 illis
2761 1004 2839 1066 de
2861 1004 3121 1065 senibus
3138 1003 3471 1066 Thebaidis
3490 1022 3672 1068 com-

2076 1100 2313 1181 pilavit,
2344 1108 2453 1164 aut
2494 1102 2715 1164 tertius
2742 1101 2999 1182 quidam
3029 1102 3243 1180 spuria
3278 1101 3384 1162 illa
3424 1102 3660 1165 intulit.

2075 1201 2395 1264 Posterius
2450 1201 2636 1262 statui
2682 1200 2923 1279 nequit.
2975 1200 3128 1260 Nam
3175 1200 3450 1261 Historia
3494 1202 3662 1262 Lau-

2076 1302 2242 1364 siaca
2271 1302 2562 1364 codicum
2585 1300 3171 1361 Vindobonensium
3194 1299 3277 1359 ita
3300 1308 3665 1380 comparata

2076 1408 2191 1475 est,
2223 1408 2293 1463 ut
2320 1402 2400 1463 de
2431 1408 2525 1463 tot
2559 1401 2867 1481 capitibus
2898 1400 3130 1479 spuriis
3165 1400 3443 1477 cogitare
3470 1419 3661 1480 pror-

2076 1519 2184 1564 sus
2227 1519 2539 1583 nequeas;
2570 1502 2668 1563 sin
2708 1502 2913 1581 capita
2961 1502 3079 1563 ista
3114 1518 3150 1562 e
3194 1500 3466 1562 Historia
3494 1503 3663 1563 Lau-

2076 1603 2243 1665 siaca
2285 1610 2584 1682 tanquam
2635 1603 2847 1682 spuria
2896 1601 3181 1676 tolleres,
3229 1608 3469 1682 partem
3518 1601 3666 1663 libri

2074 1701 2384 1781 integram
2416 1702 2828 1765 desiderares.
2859 1702 3043 1764 Liber
3076 1720 3227 1765 vero
3263 1703 3580 1765 secundus
3608 1703 3667 1763 si

2009 1841 2050 1901 B
2078 1806 2281 1884 capita
2308 1805 2424 1866 ista
2446 1804 2525 1865 de
2547 1804 2802 1866 senibus
2821 1802 3156 1864 Thebaidis
3182 1810 3481 1882 tanquam
3504 1822 3665 1884 spu—

2078 1904 2170 1966 ria
2203 1904 2521 1979 tollantur,
2552 1904 2652 1965 vix
2690 1903 2831 1964 libri
2862 1920 3096 1964 nomen
3129 1904 3377 1964 retinet.

2154 2005 2597 2068 Difﬁcillimum
2640 2005 2827 2083 igitur
2860 2011 2956 2065 est
2996 2004 3073 2065 ad
3110 2004 3520 2078 credendum,
3555 2004 3667 2067 illa

2076 2106 2281 2187 capita
2310 2106 2378 2167 in
2416 2106 2717 2167 alterutro
2747 2104 2931 2178 libro,
2962 2110 3070 2165 aut
3095 2104 3162 2165 in
3190 2110 3483 2184 utroque,
3504 2124 3665 2185 spu-

2074 2208 2168 2270 ria
2192 2225 2353 2270 esse.
2376 2208 2608 2269 Verum
2638 2205 2873 2267 multae
2902 2206 3179 2267 rationes
3203 2206 3568 2280 admonent,
3590 2213 3671 2268 ut

2074 2309 2420 2372 Palladium
2445 2309 2655 2387 ipsum
2672 2325 2709 2369 e
2728 2308 2889 2369 libro
2910 2307 3191 2369 secundo
3213 2326 3287 2370 ea
3306 2316 3668 2371 mutuatum

2074 2424 2215 2471 esse
2238 2413 2301 2469 et
2320 2407 2631 2469 Historiae
2652 2407 2987 2470 Lausiacae
3008 2424 3158 2469 suae
3179 2407 3525 2472 intexuisse
3544 2416 3673 2472 sta-

2074 2514 2349 2569 tuamus.

2155 2607 2435 2668 Primum
2479 2606 2646 2669 enim
2686 2605 2997 2668 Palladius
3026 2606 3364 2669 Historiam
3400 2608 3667 2671 Lausia-

2076 2723 2215 2769 cam
2256 2706 2456 2769 multo
2488 2712 2653 2786 post,
2686 2723 2875 2786 quam
2907 2705 3065 2767 liber
3110 2707 3428 2769 secundus
3461 2709 3672 2772 editus

2076 2813 2195 2883 est,
2226 2807 2518 2886 vulgavit.
2558 2809 2714 2869 Nam
2752 2807 3026 2869 Historia
3062 2810 3357 2870 Lausiaca
3394 2798 3667 2889 prodiit,

2077 2924 2274 2987 quum
2304 2908 2617 2971 Palladius
2648 2932 2678 2966 ε(
2720 2909 3103 2971 tricesimum
3139 2910 3395 2971 tertium
3422 2929 3670 2974 annum

2076 3016 2289 3088 ageret
2314 3010 2383 3073 in
2412 3010 2889 3073 conversatione
2926 3028 3071 3072 cum
3101 3010 3397 3074 fratribus
3441 3020 3503 3076 et
3544 3014 3670 3078 vita

386 3109 576 3189 plane
604 3112 993 3174 omittuntur.
1025 3111 1135 3173 Illa
1163 3129 1313 3174 vero
1346 3129 1510 3191 quae
1541 3111 1620 3174 de
1654 3112 1844 3173 Nitria
1879 3112 1974 3173 ei-
2017 3190 2039 3193 ᾳ
2076 3108 2375 3186 solitaria,
2397 3111 2763 3173 vicesimum
2791 3118 3002 3173 autem
3026 3112 3448 3193 episcOpatus,
3472 3117 3671 3179 totius

387 3229 515 3290 que
544 3213 922 3288 confinibus,
954 3230 1226 3291 quorum
1265 3230 1300 3273 e
1330 3190 1597 3275 numero
1641 3220 1787 3275 sunt
1827 3232 1975 3276 nar-
2002 3190 2045 3248 (ἶ
2078 3215 2289 3270 autem
2328 3209 2487 3271 vitae
2535 3210 3131 3290 quinquagesimum
3171 3190 3424 3276 tertium
3480 3215 3588 3296 (1).
3633 3241 3670 3274 ιο

388 3315 547 3375 ratio
572 3313 653 3375 de
682 3314 1039 3389 Ammonio,
1068 3316 1353 3393 Evagrio,
1385 3315 1636 3388 Cronio,
1668 3314 1749 3376 de
1780 3317 1980 3378 Maca—
2078 3312 2163 3371 Ac
2205 3308 2517 3372 Palladius
2557 3310 2636 3372 ad
2673 3310 2897 3373 fratres
2936 3311 3106 3372 venit
3144 3334 3172 3368 α
3204 3312 3422 3391 viginti
3464 3333 3669 3379 annos

388 3413 520 3487 riis,
552 3414 630 3476 de
660 3419 967 3477 Ammone
1004 3416 1211 3497 primo
1250 3416 1483 3478 Nitriae
1526 3415 1864 3490 monacho,
1897 3416 1979 3479 de

387 3516 583 3578 Paulo
599 3516 921 3597 Simplice,
950 3519 1089 3598 ipsa
1116 3535 1379 3599 quoque
1418 3517 1697 3595 regionis
1743 3516 1980 3579 descri-

388 3617 547 3697 ptio,
582 3635 776 3697 porro
806 3635 971 3698 quae
1002 3617 1083 3679 de
1111 3618 1368 3680 senibus
1392 3616 1823 3689 Alexandriae,
1848 3632 1977 3695 quo

392 3718 663 3797 pertinet
706 3719 927 3781 relatio
978 3719 1058 3781 de
1100 3719 1342 3781 Isidoro
1389 3725 1453 3779 et
1480 3717 1559 3780 de
1588 3716 1878 3797 Didymo,
1908 3716 1977 3780 in

389 3820 551 3884 libro
568 3823 849 3885 secundo
867 3828 1133 3896 exstant,
1153 3840 1225 3885 ea
1241 3821 1411 3902 apud
1426 3819 1769 3883 Palladium
1789 3818 1979 3899 longe

393 3921 573 3983 aliter
601 3930 663 3984 et
688 3924 885 3985 multo
917 3923 1175 3985 uberius
1204 3922 1665 3985 describuntur.
1696 3921 1870 3982 Idem
1900 3921 1976 3983 de

391 4024 737 4103 Serapione
784 4024 1062 4102 regionis
1109 4024 1454 4085 Arsenoitis
1492 4023 1684 4095 valet;
1715 4023 1794 4085 de
1832 4023 1977 4084 Ori-

391 4142 552 4202 gene
574 4142 723 4187 vero
757 4134 818 4187 et
844 4127 1210 4188 Piammone
1236 4124 1547 4187 Palladius
1581 4122 1739 4185 nihil
1768 4122 1975 4183 tradit.

391 4224 479 4285 De
509 4225 731 4287 abbate
750 4228 831 4287 Or
852 4227 1175 4306 quomodo
1204 4232 1494 4288 auctores
1521 4224 1687 4287 inter
1708 4240 1776 4286 se
1803 4223 1983 4285 diffe—

392 4331 554 4399 rant,
588 4325 749 4389 infra
776 4332 1150 4407 exponetur.
1181 4328 1483 4408 Epilogus
1515 4325 1814 4406 denique,
1850 4341 1979 4404 quo

391 4423 553 4487 liber
584 4429 900 4491 secundus
934 4429 1124 4491 tinem
1159 4429 1404 4491 itineris
1436 4427 1802 4507 Aegyptiaci
1830 4444 1979 4488 nar-

2079 3419 2263 3471 natus
2284 3410 2646 3474 Theodosio
2676 3414 2901 3490 Magno
2927 3414 3153 3475 iterum
3182 3414 3469 3492 consule,
3494 3417 3579 3478 ni.
3602 3433 3664 3480 e.

2075 3530 2246 3575 anno
2276 3512 2500 3574 Christi
2530 3512 2643 3573 388
2678 3513 2783 3594 (2).
2814 3516 3016 3587 Quare
3046 3517 3341 3580 Lausiaca
3373 3525 3520 3580 ante
3546 3536 3668 3581 an-

2079 3632 2233 3677 num
2270 3614 2378 3676 421
2425 3632 2557 3677 non
2589 3615 2754 3677 edita
2785 3621 2897 3677 est.
2931 3618 2993 3677 S.
3038 3618 3462 3697 Hieronymus
3491 3637 3666 3695 vero,

2079 3716 2190 3795 qui
2214 3715 2445 3779 librum
2473 3717 2821 3778 secundum
2850 3719 3043 3793 novit,
3066 3728 3355 3781 mortuus
3380 3728 3475 3783 est
3496 3740 3670 3784 anno

2082 3816 2217 3892 420,
2251 3824 2313 3879 et
2343 3818 2632 3892 Ruﬁnus,
2663 3835 2854 3897 quem
2883 3818 3026 3881 libri
3056 3821 3318 3882 secundi
3344 3821 3666 3902 interpre-

2077 3926 2206 3981 tem
2234 3938 2373 3983 esse
2408 3921 2839 4000 probabimus,
2870 3921 2994 3983 iam
3027 3939 3195 3983 anno
3228 3922 3339 3983 410
3371 3922 3529 3985 obiit
3553 3925 3571 3995 ί
3578 3923 3662 4001 3).

2080 4016 2259 4079 Unde
2296 4016 2527 4079 librum
2556 4018 2904 4079 secundum
2936 4019 3208 4081 Historia
3233 4021 3528 4085 Lausiaca
3554 4038 3665 4084 ae-

2079 4125 2205 4181 tate
2238 4119 2436 4181 multo
2479 4119 2757 4199 priorem
2791 4136 2929 4181 esse
2960 4121 3268 4199 sequitur.

2160 4220 2339 4293 Quod
2366 4220 2419 4282 si
2448 4226 2714 4294 constat,
2738 4220 3033 4283 facillime
3058 4222 3448 4301 intelligitur,
3472 4222 3670 4284 Palla-

2082 4321 2256 4383 dium
2285 4321 2505 4385 saltem
2532 4320 2675 4383 libri
2705 4322 2968 4383 secundi
3001 4328 3191 4402 caput
3218 4322 3295 4384 de
3323 4306 3566 4385 Joanne
3596 4324 3664 4386 in

2080 4423 2251 4500 Lyco
2283 4423 2680 4502 compilasse.
2719 4426 2944 4488 Totum
2982 4422 3153 4485 enim
3188 4422 3331 4484 libri
3359 4432 3548 4504 caput
3586 4425 3667 4488 de

392 4534 509 4602 rat,
530 4547 658 4591 non
689 4531 896 4593 minus
926 4532 993 4593 in
1024 4531 1294 4594 Historia
1317 4530 1614 4593 Lausiaca
1641 4528 1975 4609 reperitur.
2011 4563 2055 4618 Β
2082 4524 2324 4585 Joanne
2368 4524 2436 4585 in
2487 4526 2655 4603 Lyco
2709 4526 2895 4588 etiam
2942 4525 3009 4586 in
3054 4524 3323 4587 Historia
3369 4526 3667 4588 Lausiaca

471 4631 565 4691 En
612 4632 1165 4705 necessitudinem,
1199 4648 1363 4712 quae
1405 4631 1569 4693 inter
1610 4628 1840 4693 librum
1872 4646 1977 4691 se-

391 4732 669 4794 cundum
694 4742 754 4794 et
766 4734 1097 4795 Historiam
1110 4734 1494 4808 Lausiacam,
1518 4749 1708 4812 quam
1727 4731 1980 4793 codices

396 4829 917 4896 Vindobonenses
947 4832 1266 4905 exhibent,
1291 4830 1644 4894 intercedit.
1667 4830 1778 4892 His
1808 4829 1977 4891 enim

394 4933 737 5011 genuinum
780 4933 1113 4997 Lausiacae
1152 4939 1393 4995 textum
1431 4929 1747 4993 contineri
1790 4944 1979 5007 supra

393 5171 511 5213 ram
537 5159 787 5215 redditus
812 5169 919 5224 est,
947 5161 1117 5230 quod,
1144 5159 1190 5215 si
1225 5157 1524 5213 Historiam
1549 5155 1876 5210 Lausiacam
1907 5153 1976 5207 de

392 5251 584 5306 eodem
629 5267 760 5306 sene
811 5254 1137 5319 contuleris,
1194 5251 1355 5308 facile
1404 5251 1699 5320 intelliges.
1745 5250 1977 5304 Ceterae

396 5353 579 5413 autem
615 5344 985 5408 difﬁcultates,
1024 5361 1167 5415 quae
1193 5344 1551 5400 Tillemontio
1584 5342 1730 5397 aliud
1757 5349 1975 5411 tempus

394 5434 610 5489 itineris
656 5435 975 5507 Aegyptiaci
1032 5436 1277 5492 indicare
1326 5437 1480 5493 visae
1524 5443 1673 5501 sunt,
1716 5433 1976 5489 facillime

395 5526 765 5593 explicantur.

468 5615 546 5686 (1)
599 5616 735 5672 Hist.
774 5617 942 5672 Laus.
996 5619 1208 5687 prolog.
1238 5657 1254 5681 ,
1299 5618 1439 5689 Opp.
1491 5618 1693 5675 Meurs.
1753 5619 1793 5674 l.
1832 5618 1868 5672 l.
1917 5632 1971 5687 p.

398 5706 533 5772 ato,
562 5707 677 5762 vv.
708 5709 805 5763 PP.
840 5709 1027 5765 Itosw.
1060 5727 1112 5780 p.
1150 5710 1275 5764 706.

472 5797 549 5866 (2)
592 5796 730 5855 Ilist.
759 5798 919 5854 Laus.
976 5818 1098 5874 cap.
1138 5803 1158 5857 I
1187 5842 1203 5871 ,
1235 5802 1372 5872 Opp.
1406 5801 1611 5858 Meurs.
1635 5803 1671 5857 ι.
1706 5802 1745 5856 ι.
1787 5815 1843 5871 p.
1873 5799 1978 5855 548

402 5904 531 5946 cum
544 5896 684 5946 .nota
716 5891 957 5948 Meursii.

2086 4641 2289 4703 paene
2315 4624 2423 4695 25
2450 4625 2528 4687 ad
2559 4626 2818 4689 verbum
2848 4630 3045 4693 exstat
3075 4624 3182 4705 (4).
3208 4624 3329 4686 Sed
3351 4644 3547 4687 unum
3575 4626 3669 4689 lo-

2085 4740 2254 4797 cum,
2285 4741 2413 4804 quo
2446 4723 2606 4787 liber
2649 4724 2963 4787 secundus
3018 4731 3492 4800 commemorat,
3560 4744 3662 4788 se-

2087 4831 2260 4904 ptem
2306 4825 2491 4886 simul
2541 4824 2761 4887 fratres
2808 4825 2887 4887 ad
2932 4827 3239 4887 Joannem
3275 4826 3520 4888 venisse
3544 4826 3661 4907 (5),

2085 4926 2355 5007 scriptor
2398 4928 2586 4989 huius
2615 4928 2836 5009 capitis
2878 4927 3213 4990 Lausiacae
3242 4928 3513 4990 correxit
3546 4947 3558 4989 :
3600 4948 3664 4989 se

2152 5151 2227 5222 (5)
2264 5152 2562 5207 Tillemont
2590 5152 2882 5208 Mémoires
2930 5151 2996 5205 Τ.
3025 5150 3119 5204 XII
3144 5168 3197 5221 p.
3224 5152 3349 5205 505.
3376 5152 3501 5207 515.
3533 5153 3665 5222 Epi-

2079 5244 2277 5297 stolam
2307 5244 2372 5296 ad
2402 5243 2816 5313 Ctesiphontem
2870 5244 2928 5297 S.
2968 5241 3335 5313 Hieronymus
3379 5257 3524 5297 anno
3558 5245 3663 5297 415

2082 5337 2373 5405 scripsisse
2401 5337 2641 5390 videtur.
2676 5337 2734 5390 S.
2768 5336 2995 5392 Hieron.
3032 5335 3169 5405 Opp.
3209 5336 3296 5389 ed.
3328 5335 3507 5406 Migne
3533 5336 3596 5390 T.
3641 5337 3661 5391 Ι

2083 5427 2311 5500 [PatroL
2343 5427 2407 5484 T.
2439 5428 2607 5501 XXII]
2636 5427 2819 5483 Praef.
2855 5445 2909 5498 p.
2939 5427 3226 5482 LXXXIX.

2150 5521 2229 5587 (4)
2272 5518 2385 5575 νγ.
2428 5519 2535 5574 ΡΡ.
2578 5519 2763 5575 Rosw.
2800 5521 2897 5575 lib.
2944 5521 2982 5573 II
3029 5535 3153 5588 cap.
3194 5520 3217 5573 I
3255 5534 3308 5586 p.
3341 5517 3493 5571 H9—
3522 5515 3659 5583 457;

2077 5611 2219 5667 Hist.
2245 5611 2410 5669 Laus.
2440 5629 2562 5683 cap.
2595 5614 2687 5668 44.
2713 5613 2802 5667 45.
2836 5613 2925 5667 46.
2954 5610 3203 5683 47.Ορρ.
3238 5611 3442 5668 Meurs.
3473 5611 3511 5667 l.
3538 5610 3576 5665 I.
3598 5624 3652 5675 ν.

2079 5701 2348 5758 464-485.

2154 5794 2230 5865 (5)
2276 5792 2386 5848 VV.
2421 5794 2525 5853 PP.
2553 5794 2740 5851 Rosw.
2774 5795 2811 5851 l.
2852 5795 2889 5849 I.
2922 5810 2975 5865 p.
3007 5792 3131 5858 ιιι,
3172 5791 3217 5845 1.
