4046 6490
332 408 413 469 Ἦ)

1912 417 2137 475 VITAE.
3601 420 3676 479 ‘26

361 532 646 616 primum,
678 551 804 593 sea:
826 543 1086 614 postea
1118 536 1419 597 Joannem
1448 536 1702 611 adiisse,
1751 555 1823 598 ac
1862 537 1987 599 sibi
2016 543 2059 598 A
2089 538 2353 601 deamus
2378 556 2551 601 nunc
2587 552 2667 601 ad
2709 539 3131 617 gravissimam
3171 554 3329 613 rem,
3361 556 3677 619 quaeren-

382 634 447 701 de
472 641 634 695 sorte
666 652 791 694 sua
823 636 1071 713 futura
1106 656 1144 697 α
1168 638 1407 698 Joanne
1442 638 1626 697 varia
1655 638 1990 716 praedicta

387 756 498 797 esse
541 732 652 816 (1).
705 736 890 809 Quae
926 736 1256 816 praedicta
1303 737 1383 799 de
1430 737 1708 800 Palladio
1754 736 1986 799 valent.

390 836 555 900 Unde
585 844 889 918 apertum
923 846 1045 914 est,
1081 839 1424 901 Palladium
1450 839 1663 919 ipsum
1687 839 1844 902 illud
1878 858 1987 903 ca-

391 949 495 1023 put
532 940 683 1002 libri
714 940 990 1003 secundi
1027 946 1377 1003 mutuatum
1408 958 1572 1015 esse,
1608 957 1643 1001 e
1683 941 1814 1002 suis
1838 959 1988 1004 vero

392 1044 508 1116 illa,
564 1060 736 1123 quae
781 1043 1208 1107 visitationem
1243 1042 1503 1105 Joannis
1538 1043 1886 1105 accuratius
1917 1060 1990 1106 ac

394 1146 650 1206 uberius
678 1143 1027 1224 explicent,
1069 1145 1407 1207 addidisse.
1438 1146 1594 1206 Nam
1633 1143 1819 1205 etiam
1849 1142 1991 1204 libri

392 1246 659 1309 secundi
702 1252 897 1325 caput
943 1246 1023 1309 de
1062 1248 1305 1308 Joanne
1342 1245 1410 1307 in
1445 1247 1614 1325 Lyco
1644 1244 1991 1325 genuinum
2036 1254 2040 1256 ‘

393 1365 531 1409 esse
565 1349 631 1408 S.
665 1347 1094 1425 Hieronymus
1120 1352 1384 1408 testatur
1412 1343 1521 1425 (2).

469 1449 582 1508 Sin
623 1454 835 1508 autem
880 1448 1193 1510 Palladius
1232 1466 1433 1509 unum
1471 1447 1661 1527 caput
1703 1445 1846 1507 libri
1886 1462 1991 1507 se-

394 1545 588 1607 cundi
632 1546 785 1607 satis
832 1545 1091 1623 longum
1136 1546 1206 1608 in
1247 1546 1585 1608 Historiam
1629 1545 1991 1606 Lausiacam

391 1665 573 1709 suam
603 1648 941 1723 transtulit,
966 1648 1119 1728 quid
1141 1648 1366 1723 obstat,
1396 1648 1552 1727 quin
1575 1653 1637 1709 et
1654 1654 1862 1710 cetera
1883 1666 1990 1709 ca-

393 1749 547 1828 pita,
583 1765 754 1828 quae
797 1748 1051 1828 utrique
1083 1748 1247 1811 libro
1293 1749 1656 1811 communia
1700 1755 1870 1823 sunt,
1911 1748 1991 1811 ab

395 1850 627 1911 eodem
656 1850 973 1912 Historiae
1014 1850 1346 1913 Lausiacae
1373 1850 1613 1911 intexta
1647 1867 1784 1911 esse
1814 1850 1989 1913 dica-
2022 1890 2064 1945 Β

396 1969 562 2026 mus,
600 1952 971 2031 praecipue,
1007 1969 1205 2031 quum
1240 1951 1574 2025 Palladius,
1604 1959 1675 2013 ut
1704 1952 1921 2013 saltem
1955 1968 1992 2013 e

398 2055 604 2133 capite
632 2053 716 2115 de
741 2054 983 2114 Joanne
1012 2051 1176 2113 haud
1207 2051 1397 2113 dubie
1430 2058 1697 2127 constat,
1730 2052 1993 2132 scripto-

399 2156 485 2217 ris
525 2154 673 2216 libri
703 2153 966 2216 secundi
999 2154 1066 2214 in
1093 2154 1319 2214 itinere
1357 2155 1567 2215 socius
1586 2154 1796 2229 fuerit,
1836 2170 1993 2234 quo-

399 2276 543 2319 cum
575 2275 706 2319 una
730 2255 1186 2335 Hierosolymis
1211 2262 1488 2317 venerat.

476 2355 643 2434 Ergo
674 2354 1000 2436 probabile
1030 2360 1147 2427 est,
1170 2353 1541 2428 Palladium,
1565 2371 1758 2432 quum
1784 2353 1994 2413 Histo-

400 2458 556 2520 riam
595 2457 953 2518 Lausiacam
986 2455 1311 2530 scriberet,
1341 2455 1546 2535 capita
1573 2453 1679 2515 illa
1706 2453 1989 2545 de'seni-

396 2559 517 2620 bus
545 2557 884 2620 Thebaidis
920 2574 955 2618 e
992 2555 1154 2618 libro
1187 2556 1470 2618 secundo
1508 2555 1576 2617 in
1616 2572 1754 2616 eam
1782 2560 1992 2616 trans-

398 2660 642 2721 tulisse.
695 2660 824 2720 Iam
882 2674 1036 2719 vero
1088 2658 1274 2719 istam
1324 2656 1889 2731 necessitudinem,
1940 2655 1993 2716 si

399 2760 626 2821 tertius
661 2758 919 2839 quidam
956 2758 1229 2837 capitum
1261 2757 1635 2837 compilator
1663 2763 1988 2831 statuatur,

400 2859 567 2919 iuste
638 2856 939 2936 explicari
1003 2874 1136 2919 non
1193 2874 1416 2938 posse,
1460 2875 1652 2937 supra
1698 2857 1991 2919 vidimus.

401 2960 605 3032 Quare
644 2959 850 3021 solum
888 2966 1103 3035 restat,
1132 2966 1202 3021 ut
1230 2967 1597 3035 statuamus,
1633 2960 1751 3022 ista
1788 2961 1994 3040 capita

400 3059 480 3119 ab
526 3059 670 3138 ipso
719 3057 994 3120 Palladio
1041 3058 1376 3121 Lausiacae
1423 3060 1660 3120 intexta
1708 3075 1869 3120 esse.
1920 3057 1993 3119 Id

400 3175 553 3220 vero
604 3158 838 3221 rectius
886 3158 1187 3238 explicari
1238 3159 1481 3239 nequit,
1533 3176 1724 3239 quam
1772 3176 1875 3234 eo,
1924 3166 1995 3221 ut

2090 644 2208 713 tes,
2242 658 2395 701 num
2438 639 2541 703 hic
2584 641 2793 703 socius
2834 640 3093 703 Palladii
3141 647 3203 702 et
3244 640 3387 701 libri
3418 643 3681 705 secundi

2092 741 2362 821 scriptor
2386 742 2654 804 Ruﬁnus
2679 743 2889 817 fuerit,
2922 759 3042 804 nec
3073 759 3176 804 ne.
3210 742 3387 816 Quod
3422 744 3680 824 quidem

2090 840 2285 903 fuisse
2307 842 2548 923 nequit.
2578 845 2734 904 Nam
2764 861 2954 923 supra
2987 842 3066 924 (3)
3106 844 3518 919 ostendimus,
3546 847 3679 906 Ru-

2093 943 2291 1003 ﬁnum
2330 950 2474 1022 post
2505 960 2741 1005 annum
2776 943 2890 1004 385
2936 945 3002 1005 in
3048 947 3331 1024 Aegypto
3375 962 3505 1005 non
3543 962 3679 1006 am-

2092 1040 2259 1120 plius
2288 1040 2585 1102 adfuisse.
2618 1042 2840 1122 Neque
2884 1041 2951 1102 in
2994 1042 3208 1103 Ruﬁni
3236 1042 3432 1117 libris,
3471 1060 3682 1123 neque

2091 1141 2157 1202 in
2192 1141 2296 1203 illa
2328 1141 2745 1215 dissensione,
2784 1159 2947 1222 quae
2976 1143 3208 1205 Ruﬁno
3244 1162 3386 1205 cum
3433 1146 3494 1203 S.
3527 1145 3681 1206 Hie-

2092 1259 2362 1321 ronymo
2391 1243 2530 1318 fuit,
2572 1243 2652 1305 de
2686 1244 2937 1319 itinere,
2979 1245 3147 1324 quod
3195 1251 3466 1306 exeunte
3514 1262 3683 1308 anno

2094 1339 2209 1400 394
2231 1348 2339 1403 aut
2367 1343 2627 1404 omnino
2657 1350 2802 1422 post
2832 1360 3067 1404 annum
3096 1344 3209 1403 385
3232 1345 3298 1405 in
3329 1350 3683 1425 Aegyptum

2093 1443 2463 1523 susceperit,
2498 1444 2845 1524 quidquam
2872 1445 3207 1506 invenitur.
3232 1428 3549 1507 Palladius
3579 1446 3687 1508 de-

2093 1546 2311 1625 nique,
2340 1544 2393 1607 si
2420 1547 2688 1607 Ruﬁnus
2714 1547 2959 1608 itineris
2988 1548 3197 1610 socius
3227 1548 3468 1621 fuisset,
3494 1549 3573 1610 de
3606 1567 3682 1611 eo

2092 1645 2156 1707 in
2184 1648 2457 1710 Historia
2490 1647 2788 1711 Lausiaca
2810 1648 2991 1711 aliter
3021 1666 3172 1711 sane
3203 1650 3575 1730 scripsisset,
3607 1669 3681 1714 ac

2092 1749 2343 1829 scripsit
2379 1750 2488 1830 (4).

2169 1849 2331 1912 Hinc
2359 1849 2552 1928 igitur
2593 1851 2741 1913 satis
2784 1851 3193 1932 perSpicuum
3234 1852 3500 1923 videtur,
3548 1854 3682 1914 Ru-

2093 1948 2290 2010 ﬁnum
2336 1949 2514 2011 illum
2565 1951 2825 2013 Palladii
2855 1953 3097 2013 socium
3136 1959 3198 2013 et
3234 1951 3377 2013 libri
3420 1952 3683 2014 secundi

2092 2050 2465 2129 scriptorem
2491 2068 2622 2112 non
2656 2068 2816 2113 esse.
2851 2050 3030 2123 Quod
3058 2051 3180 2113 alio
3213 2051 3568 2112 ﬁrmissimo
3592 2070 3685 2113 ar-

2092 2154 2392 2226 gumento
2424 2142 2750 2229 probatur.
2774 2149 3066 2227 Legimus
3089 2149 3155 2209 in
3176 2148 3337 2210 libro
3359 2149 3640 2209 secundo
3666 2167 3679 2209 :

2095 2272 2123 2304 «
2152 2250 2499 2312 Narrabant
2521 2257 2731 2312 autem
2760 2250 2946 2311 nobis
2972 2249 3227 2329 quidam
3258 2266 3337 2310 ex
3375 2250 3682 2329 patribus,

2094 2351 2203 2431 qui
2241 2352 2326 2413 ibi
2370 2351 2457 2427 [in
2496 2351 2722 2429 Celliis]
2771 2359 2978 2427 erant,
3025 2354 3199 2432 quod
3244 2352 3309 2413 in
3346 2352 3503 2415 locis
3550 2353 3687 2415 istis

2094 2452 2221 2515 duo
2268 2453 2518 2516 Macarii
2549 2454 2728 2534 quasi
2767 2454 2895 2516 duo
2934 2454 3090 2517 caeli
3131 2454 3370 2517 lumina
3409 2454 3690 2517 refulsis-

2094 2561 2237 2615 sent
2272 2553 2382 2635 (5).
2417 2578 2445 2611 ››
2476 2557 2643 2634 Ergo
2682 2557 2953 2636 scriptor
2990 2557 3133 2619 libri
3171 2558 3495 2632 Macarios,
3539 2558 3683 2639 qui-

2092 2654 2359 2717 buscum
2388 2672 2455 2717 se
2482 2656 2548 2717 in
2577 2657 2772 2718 Nitria
2794 2664 3107 2719 versatum
3134 2675 3274 2719 esse
3304 2659 3569 2720 Ruﬁnus
3588 2679 3691 2719 su-

2094 2773 2206 2835 pra
2226 2756 2364 2836 ipse
2385 2775 2501 2819 nos
2526 2758 2761 2833 docuit,
2787 2759 2925 2837 ipse
2946 2775 3074 2820 non
3101 2762 3413 2837 cognovit.
3440 2758 3573 2832 Quo
3596 2761 3685 2833 ﬁt,

2092 2862 2162 2916 ut
2182 2856 2445 2919 Ruﬁnus
2470 2857 2613 2918 libri
2644 2858 2909 2919 secundi
2932 2859 3201 2939 scriptor
3221 2876 3360 2921 esse
3391 2877 3518 2921 non
3544 2879 3693 2940 pos-

2095 2957 2191 3019 sit.
2224 2960 2444 3039 Neque
2474 2959 2804 3037 Evagrium
2833 2960 2969 3022 eius
2993 2960 3135 3021 libri
3158 2961 3531 3041 scriptorem
3564 2963 3694 3023 exi-

2096 3061 2347 3123 stimare
2378 3061 2549 3135 licet,
2574 3062 2746 3142 quod
2781 3063 3095 3143 quispiam
3124 3063 3391 3125 fortasse
3421 3082 3455 3125 e
3483 3066 3697 3128 verbis

2096 3164 2157 3224 S.
2181 3162 2551 3241 Hieronymi
2572 3180 2763 3243 supra
2785 3162 2986 3225 allatis
3006 3165 3321 3227 conﬁcere
3340 3164 3507 3227 velit.
3535 3170 3690 3229 Nam

401 3259 747 3322 Palladium
805 3276 937 3321 non
986 3259 1189 3321 solum
1243 3261 1554 3322 Joannem
1599 3260 1665 3323 in
1712 3263 1883 3340 Lyco
1931 3267 1994 3322 et
2020 3239 2062 3296 θ
2096 3264 2393 3342 Evagrius
2418 3262 2637 3325 itidem
2668 3281 2735 3326 se
2759 3280 2904 3326 cum
2931 3265 3215 3327 Macariis
3253 3274 3691 3330 conversatum

403 3361 831 3441 Apollonium,
865 3361 942 3423 de
972 3361 1200 3441 quibus
1226 3360 1352 3423 iam
1381 3368 1554 3423 certo
1581 3368 1851 3436 constat,
1880 3362 1992 3424 sed

404 3472 651 3526 ceteros
685 3479 943 3543 quoque
990 3479 1213 3525 omnes
1255 3462 1593 3525 Thebaidis
1638 3480 1824 3525 senes
1867 3480 1995 3525 una

404 3583 550 3627 cum
579 3565 887 3645 scriptore
916 3564 1061 3625 libri
1091 3563 1352 3626 secundi
1388 3564 1699 3638 invisisse,
1736 3564 1993 3627 eadem-

406 3685 532 3747 que
553 3666 669 3729 ista
692 3684 815 3729 una
836 3685 981 3729 cum
1005 3684 1082 3729 eo
1112 3673 1445 3747 expertum
1472 3684 1610 3729 esse
1633 3666 1991 3747 Opinemur.

404 3772 803 3849 Quapropter
848 3777 1093 3849 postea,
1126 3786 1288 3849 quae
1332 3769 1544 3832 socius
1584 3769 1750 3831 bene
1789 3786 1993 3849 expo-

406 3877 636 3943 suerat,
667 3871 734 3932 in
755 3870 987 3932 librum
1006 3888 1190 3932 suum
1209 3870 1481 3951 recepit;
1508 3887 1671 3951 quae
1690 3887 1841 3932 vero
1861 3870 1998 3934 lon-

408 3971 582 4049 giore
603 3970 993 4032 habitatione
1021 3970 1159 4049 ipse
1186 3969 1413 4031 melius
1433 3986 1624 4049 quam
1654 3967 1864 4031 socius
1893 3986 1996 4031 co-

405 4080 734 4151 gnoverat,
765 4072 1005 4135 scilicet
1028 4089 1191 4152 quae
1218 4072 1297 4133 ad
1332 4089 1517 4134 senes
1543 4071 1707 4133 circa
1736 4072 1999 4135 Alexan-

405 4174 607 4235 driam
630 4180 692 4234 et
720 4174 791 4235 in
817 4173 1014 4235 Nitria
1042 4172 1228 4252 eique
1255 4172 1613 4235 confinibus
1642 4172 1997 4235 habitantes

406 4278 729 4352 spectant,
776 4290 892 4334 suo
936 4274 1130 4335 Marte
1173 4272 1529 4353 descripsit.
1578 4273 1688 4344 26
1718 4273 1896 4346 Quod
1944 4275 1997 4336 si

407 4374 874 4449 contendimus,
906 4374 1312 4437 necessitudo
1350 4374 1471 4437 ista
1505 4381 1569 4436 te
1596 4374 1867 4454 amplius
1897 4373 1996 4438 of-

404 4475 672 4537 tendere
694 4477 935 4555 nequit.

2097 3383 2235 3428 esse
2272 3366 2411 3445 ipse
2446 3371 2713 3427 testatur
2741 3365 2822 3449 (6)
2835 3414 2848 3427 .

2174 3473 2471 3549 Apparet,
2519 3467 2609 3530 uti
2656 3470 3083 3549 probavimus,
3116 3469 3413 3531 Ruﬁnum
3459 3469 3691 3532 librum

2096 3571 2447 3633 secundum
2495 3586 2627 3631 non
2661 3570 3120 3650 composuisse.
3173 3570 3294 3632 Sed
3344 3588 3521 3645 eum,
3572 3572 3692 3633 nisi

2097 3675 2159 3734 S.
2191 3672 2616 3752 Hieronymus
2648 3678 2709 3732 et
2738 3671 2994 3733 codices
3019 3671 3263 3752 antiqui
3296 3673 3557 3735 omnino
3588 3691 3691 3734 er-

2097 3773 2391 3846 raverint,
2416 3771 2634 3834 saltem
2658 3770 3070 3850 interpretem
3096 3770 3234 3833 libri
3264 3789 3401 3833 esse
3432 3791 3693 3835 necesse

2098 3880 2213 3936 est.
2247 3874 2354 3945 27
2375 3877 2575 3953 Atque
2601 3871 2831 3933 librum
2852 3872 3063 3945 istum,
3099 3872 3205 3951 qui
3226 3872 3293 3933 in
3316 3872 3693 3937 collectione

2096 3974 2411 4037 Rosweidi
2478 3972 2776 4034 idiomate
2840 3970 3037 4033 latino
3107 3977 3339 4047 exstat,
3403 3972 3695 4053 primitus

2099 4094 2323 4157 graece
2366 4075 2669 4156 scriptum
2708 4073 2929 4148 fuisse,
2966 4072 3019 4135 si
3049 4080 3258 4135 textus
3287 4075 3492 4152 graeci
3521 4074 3692 4154 frag-

2099 4174 2310 4238 menta
2350 4193 2385 4237 a
2426 4175 2736 4237 Cotelerio
2768 4173 3017 4251 vulgata
3062 4174 3145 4253 (7)
3182 4180 3288 4235 aut
3319 4173 3691 4253 fragmenta,

2100 4295 2263 4357 quae
2286 4278 2349 4338 in
2369 4276 2641 4338 Historia
2664 4276 2957 4337 Lausiaca
2978 4275 3368 4338 Meursianae
3398 4276 3696 4338 editionis

2100 4384 2340 4441 servata
2372 4384 2517 4440 sunt.
2551 4376 2659 4459 (8),
2691 4377 3062 4451 contuleris,
3095 4376 3276 4439 facile
3299 4378 3408 4439 tibi
3439 4396 3696 4459 persua-

2102 4479 2301 4541 debis.
2328 4481 2547 4559 Itaque
2576 4478 2700 4540 iam
2731 4478 2811 4540 de
2838 4480 3209 4558 interprete,
3244 4496 3396 4540 num
3426 4481 3697 4541 Ruﬁnus

486 4580 706 4657 Itaque
753 4574 1239 4649 necessitudine,
1290 4591 1454 4656 quae
1500 4573 1663 4637 libro
1713 4575 1994 4638 secundo
2028 4584 2076 4639 D
2100 4579 2179 4640 sit
2206 4595 2324 4641 nec
2364 4595 2469 4653 ne,
2504 4584 2794 4640 accurate
2828 4578 3172 4641 videamus.

408 4677 879 4739 Rosweidianae
904 4676 1297 4740 collectionis
1324 4676 1660 4738 intercedit
1689 4694 1835 4738 cum
1891 4676 2000 4737 Hi-

409 4780 603 4841 storia
635 4779 930 4841 Lausiaca
972 4777 1254 4853 Palladii,
1283 4778 1446 4839 iuste
1475 4777 1807 4858 explicata,
1839 4793 1998 4839 con-

408 4880 638 4955 clusio,
685 4879 1022 4960 scriptores
1071 4879 1299 4942 horum
1357 4879 1661 4942 librorum
1728 4885 2000 4941 exeunte

406 5000 579 5045 anno
627 4982 741 5043 394
785 4984 992 5046 socios
1023 4984 1265 5045 itineris
1300 4983 1369 5045 in
1416 4982 1734 5045 Thebaide
1778 4982 1997 5054 fuisse,

407 5101 539 5146 non
557 5083 874 5159 evertitur,
892 5083 1003 5147 sed
1020 5100 1406 5165 magnopere
1424 5081 1854 5146 confirmatur.
1878 5083 1999 5143 Re-

480 5291 558 5363 (1)
599 5288 740 5347 Hist.
789 5288 952 5346 Laus.
994 5288 1034 5344 l.
1079 5290 1118 5345 1.
1160 5288 1299 5361 Opp.
1343 5288 1548 5347 Πρω-ι.
1608 5290 1647 5344 1.
1687 5289 1724 5343 l.
1761 5305 1815 5360 p.
1859 5287 1995 5343 468-

405 5385 536 5440 472.

478 5475 560 5549 (2)
600 5474 701 5545 Ep.
746 5475 849 5530 133
882 5474 951 5529 ad
981 5473 1233 5545 Ctesipli.

476 5572 555 5641 (5)
595 5570 760 5624 Initio
788 5569 955 5625 huius
990 5567 1041 5638 §.

471 5666 550 5738 (4)
594 5662 741 5717 Hist.
770 5661 938 5717 Laus.
970 5676 1095 5730 cap.
1126 5660 1248 5716 118.
1285 5660 1406 5715 119.

469 5759 551 5829 (5)
592 5755 710 5809 νγ.
739 5754 841 5811 l'P.
881 5754 1072 5809 Rosw.
1107 5754 1201 5807 lib.
1234 5752 1277 5806 ll
1306 5768 1429 5824 cap.
1466 5752 1536 5807 28
1563 5770 1617 5825 p.
1651 5755 1778 5820 479,
1805 5758 1862 5811 2.

463 5851 541 5921 (6)
583 5849 783 5920 Capita
813 5848 1062 5918 practica
1116 5846 1183 5900 ad
1235 5846 1551 5902 Anatolium
1593 5848 1684 5904 95.
1726 5849 1815 5907 94.
1868 5849 1999 5906 Gal-

397 5942 548 6001 1³1111.
582 5941 734 6001 Bibl.
763 5939 871 5996 PP.
904 5937 974 5993 T.
1005 5936 1097 5990 γη
1132 5954 1186 6007 p.
1222 5937 1348 5994 565.
1572 5960 1575 5963 ·

2178 4682 2265 4740 Ac
2301 4679 2579 4759 primum
2621 4678 2902 4758 quidem,
2937 4679 3083 4759 quia
3123 4678 3189 4739 in
3219 4677 3380 4740 libro
3411 4677 3698 4740 secundo

2099 4779 2405 4841 Macarius
2448 4778 2930 4853 Alexandrinus,
2965 4779 3075 4859 qui
3120 4778 3397 4840 Palladio
3442 4776 3697 4839 oculato

2098 4888 2258 4944 teste
2287 4882 2353 4943 in
2394 4881 2601 4944 Celliis
2621 4881 2772 4942 vixit
2797 4880 2905 4962 (9),
2950 4880 3015 4943 in
3045 4882 3223 4942 Scete
3252 4880 3563 4942 habitasse
3593 4878 3693 4940 di-

2099 4983 2262 5045 citur
2280 4982 2430 5061 (10),
2449 5000 2639 5045 nemo
2658 4984 3019 5056 inducatur,
3036 4989 3106 5042 ut
3124 4986 3368 5054 statuat,
3393 4981 3693 5041 Ruﬁnum

2102 5082 2513 5161 interpretem
2559 5098 2689 5144 non
2730 5098 2891 5156 esse,
2919 5080 3160 5161 quippe
3188 5078 3321 5157 qui,
3353 5078 3406 5139 si
3445 5078 3693 5153 fuisset,

2174 5289 2251 5362 (Ἰ)
2289 5288 2525 5345 Coteler.
2565 5287 2714 5343 Eccl.
2767 5288 2965 5343 Graec.
3019 5285 3166 5342 Mon.
3209 5286 3276 5344 Τ.
3336 5287 3405 5342 111
3450 5304 3504 5359 p.
3565 5289 3698 5344 171ο

2101 5382 2227 5437 184.
2258 5379 2399 5451 Opp.
2430 5381 2633 5436 Meurs.
2665 5381 2701 5436 l.
2740 5381 2776 5434 l.
2814 5396 2868 5450 p.
2900 5380 3011 5435 659
3034 5396 3154 5452 sqq.

2174 5474 2253 5545 (8)
2293 5474 2460 5527 Multa
2494 5474 2642 5528 enim
2681 5473 2808 5527 libri
2838 5473 3003 5529 istius
3037 5474 3221 5543 capita
3245 5486 3442 5543 graece
3504 5472 3558 5527 in
3596 5471 3705 5527 Ilio

2102 5568 2278 5623 storia
2309 5566 2578 5620 Lausiaca
2616 5566 2742 5635 legi,
2784 5581 2950 5635 supra
2981 5567 3058 5636 (ρ.
3088 5566 3180 5635 2'5)
3213 5564 3581 5619 ostendimus.

2176 5659 2251 5731 (9)
2293 5658 2437 5715 Hist.
2467 5658 2634 5713 Laus.
2675 5659 2767 5713 ed.
2802 5658 3005 5713 Meurs.
3042 5674 3166 5729 cap.
3207 5657 3271 5709 21
3323 5655 3461 5727 Opp.
3491 5656 3696 5711 Meurs.

2100 5751 2205 5807 1.1.
2242 5769 2294 5822 p.
2323 5752 2447 5807 596.
2474 5751 2558 5806 Cl'.
2585 5751 2731 5805 infra
2759 5753 2935 5820 Caput
2963 5751 3050 5805 lll.

2177 5848 2286 5919 (l0)
2316 5844 2428 5901 νγ.
2458 5844 2765 5903 PP.Rosw.
2802 5843 2895 5899 lib.
2935 5841 2977 5895 ll
3000 5858 3122 5915 cap.
3161 5840 3220 5895 2|
3252 5857 3311 5911 p.
3346 5839 3554 5906 4131ιέ.
