4046 6498
402 418 477 474 27
1223 416 1324 473 SS.
1369 414 1829 471 MACARIORUM
1870 410 2193 469 AEGYPTII
2233 410 2323 468 ΕΤ
2351 410 2826 467 ΑιΕΧΑΝῡΒιΝι

3653 404 3749 462 28

406 528 597 596 talem
628 546 931 603 errorem,
962 528 1109 609 quia
1136 545 1281 589 cum
1312 527 1592 589 Macariis
1622 526 1761 606 ipse
1791 542 1995 587 versa-
2022 527 2071 583 Δ
2171 524 2350 598 Quod
2366 525 2445 586 de
2472 524 2614 586 libri
2633 525 2813 586 istius
2830 523 3172 603 interprete
3193 520 3749 603 disputavimus,

407 632 511 688 tus
551 633 667 699 est,
715 624 1109 688 correxisset.
1155 625 1309 685 Nam
1348 640 1527 685 error
1568 621 1662 683 illi
1705 620 1994 683 relationi

408 740 542 785 non
562 725 747 797 inest,
762 741 957 803 quum
976 722 1277 785 Macarius
1298 721 1751 785 Alexandrinus
1769 720 1994 783 eodem

411 825 687 886 Palladio
715 831 876 886 teste
909 841 1039 886 non
1066 824 1132 885 in
1156 822 1363 885 Celliis
1396 822 1625 896 solum,
1659 821 1771 882 sed
1796 821 1993 882 inter-

414 924 564 986 dum
615 925 678 985 in
729 926 909 986 Scete
957 940 1215 1003 quoque
1262 922 1575 993 habitarit,
1616 920 1725 981 ubi
1773 918 1995 981 cellam

414 1022 635 1084 habuit
672 1022 777 1100 (1).
820 1022 1060 1084 Deinde
1088 1023 1376 1095 Ruﬁnus,
1409 1021 1557 1082 licet
1583 1020 1649 1080 in
1680 1019 1995 1097 interpre-

414 1122 621 1183 tandis
662 1121 839 1184 libris
875 1139 1117 1183 summa
1162 1139 1307 1183 cum
1358 1118 1644 1181 libertate
1689 1124 1994 1191 versetur,

414 1224 517 1284 vix
544 1241 823 1303 unquam
838 1230 1044 1285 tamen
1065 1229 1263 1284 artem
1282 1221 1561 1283 criticam
1584 1220 1672 1282 sic
1691 1217 1993 1290 exercuit,

413 1330 485 1384 ut
530 1301 900 1403 scriptorem
943 1321 1311 1384 emendarit.
1353 1322 1577 1394 Quare,
1636 1318 1690 1380 si
1730 1317 1999 1397 scriptor

416 1430 707 1497 errasset,
743 1422 809 1485 id
852 1440 889 1484 a
924 1422 1154 1483 Ruﬁno
1193 1430 1549 1484 correctum
1592 1435 1731 1481 esse
1767 1418 1867 1479 vix
1891 1436 2000 1480 ex-

413 1524 687 1603 spectari
707 1522 1235 1603 posset.Denique
1255 1539 1407 1583 num
1422 1519 1685 1583 omnino
1705 1520 1994 1592 Ruﬁnus,

416 1626 527 1704 qui
552 1625 617 1685 in
638 1640 883 1686 summa
910 1622 1017 1684 illa
1037 1639 1248 1683 rerum
1277 1620 1771 1701 perturbatione,
1801 1636 1998 1699 quum
2033 1674 2051 1690 ,

414 1728 641 1788 Lucius
679 1724 1026 1787 monachos
1074 1722 1270 1784 eremi
1308 1722 1669 1798 exagitaret,
1698 1721 1999 1783 Macarios

414 1827 705 1889 inJNitria
731 1825 1026 1888 convenit
1048 1823 1156 1906 (2),
1192 1822 1273 1884 de
1301 1822 1684 1884 habitatione
1712 1821 1995 1899 singulo-

415 1948 555 1992 rum
604 1935 730 1991 tam
778 1933 1067 1991 accurate
1112 1926 1373 1988 edoctus
1405 1924 1615 1999 fuerit,
1658 1924 1999 1986 admodum

417 2036 627 2111 potest
654 2028 947 2090 dubitari.
976 2028 1167 2088 Istinc
1199 2026 1392 2104 igitur
1412 2024 1566 2086 nihil
1592 2024 1815 2097 obstat,
1846 2042 2003 2104 quo-

417 2131 626 2191 minus
645 2128 945 2190 Ruﬁnum
970 2126 1117 2188 libri
1144 2125 1411 2188 secundi
1428 2126 1838 2205 interpretem
1862 2142 1999 2187 esse

418 2234 724 2295 dicamus.

496 2335 626 2394 lam
653 2348 868 2412 porro,
894 2328 1066 2410 quod
1094 2328 1394 2391 Ruﬁnum
1420 2327 1833 2406 interpretem
1862 2340 2000 2386 esse

419 2433 794 2519 comprobet
822 2438 1069 2512 praeter
1096 2432 1159 2491 S.
1190 2427 1560 2507 Hieronymi
1583 2427 1773 2489 verba
1798 2431 1860 2488 et
1888 2443 2000 2488 co-

420 2532 629 2595 dicum
646 2529 1211 2604 testimonia,audi.
1224 2529 1296 2589 In
1318 2527 1479 2589 libro
1500 2526 1671 2587 enim
1689 2524 1999 2599 secundo,

418 2625 486 2687 in
519 2626 645 2687 ﬁne
674 2626 1102 2687 narrationum
1129 2625 1209 2686 de
1252 2624 1533 2685 Macariis
1567 2622 1779 2685 locum
1818 2622 1999 2701 legis,

420 2727 532 2807 qui
555 2745 595 2790 a
624 2728 880 2790 nemine
908 2726 1033 2788 nisi
1064 2744 1101 2788 a
1144 2726 1374 2788 Ruﬁno
1403 2725 1675 2805 scriptus
1703 2741 1841 2787 esse
1878 2742 2000 2805 p0—

417 2834 559 2890 test.
590 2832 793 2891 Locus
815 2828 919 2890 hic
940 2829 1051 2899 28
1070 2832 1164 2891 est
1193 2846 1206 2888 :
1245 2850 1274 2883 α
1307 2825 1430 2888 Sed
1468 2832 1531 2888 et
1570 2825 1788 2899 multa,
1810 2832 1882 2887 ut
1901 2825 2001 2887 di-

418 2930 647 3003 ximus,
668 2930 789 2992 alia
816 2929 895 2991 de
924 2929 1226 3009 operibus
1255 2928 1453 2991 sancti
1472 2926 1722 2989 Macarii
1741 2926 2004 2988 Alexan-

419 3030 586 3092 drini
618 3028 923 3091 mirabilia
967 3028 1277 3104 feruntur,
1309 3046 1388 3091 ex
1435 3027 1669 3108 quibus
1696 3026 2003 3089 nonnulla

417 3130 486 3192 in
526 3132 609 3192 ΧΙ
654 3131 817 3193 libro
864 3130 1339 3193 Ecclesiasticae
1392 3130 1704 3193 Historiae
1744 3130 1998 3206 inserta,

2095 623 2401 704 praefatio
2448 640 2707 704 quoque
2735 623 2878 686 libri
2909 623 2987 703 (5)
3023 622 3240 685 saltem
3281 622 3751 702 aliquatenus

2096 723 2512 802 comprobare
2528 722 2794 784 videtur.
2820 724 2987 795 Quae
3015 738 3237 800 graece
3266 721 3362 782 bis
3382 720 3743 794 habetur,

2097 824 2159 878 et
2179 819 2247 879 in
2278 842 2306 873 α
2340 819 2659 893 Paradiso,
2694 841 2723 876 π
2747 819 2925 881 cuius
2957 818 3303 897 fragmenta
3332 817 3747 880 Cotelerius

2097 920 2292 981 edidit
2325 919 2428 1000 (6),
2470 928 2533 982 et
2571 922 2637 982 in
2680 921 2893 1001 priore
2928 921 3259 1002 prooemio
3289 922 3746 982 Meursianae

2098 1018 2390 1080 editionis
2416 1020 2731 1083 Historiae
2756 1020 3091 1081 Lausiacae
3124 1019 3231 1097 (7).
3272 1021 3481 1099 Atque
3526 1019 3742 1081 edita

2096 1119 2372 1181 Paradisi
2392 1119 2763 1198 fragmenta,
2778 1120 2941 1181 inter
2959 1136 3122 1199 quae
3142 1120 3329 1180 etiam
3344 1118 3735 1198 praefatio,

2098 1218 2247 1280 satis
2277 1227 2565 1282 accurate
2585 1239 2730 1283 cum
2758 1221 2920 1285 libro
2947 1224 3228 1286 secundo
3264 1224 3728 1286 conveniunt.

2098 1320 2323 1381 Contra
2350 1337 2386 1381 a
2415 1322 2746 1400 prooemio
2787 1322 2908 1385 isto
2952 1324 3343 1386 Meursianae
3382 1324 3737 1386 editionis

2098 1418 2403 1497 praefatio
2432 1420 2707 1482 Paradisi
2727 1428 2789 1483 et
2808 1421 2953 1483 libri
2979 1423 3243 1485 secundi
3268 1423 3443 1486 hisce
3473 1424 3730 1502 gravi-

2098 1519 2217 1581 bus
2244 1521 2553 1601 capitibus
2574 1520 2803 1585 diﬁ‘ert.
2822 1523 2940 1584 Ubi
2969 1524 3137 1585 enim
3158 1524 3426 1604 scriptor
3454 1540 3731 1605 prooe-

2098 1621 2208 1682 mii
2230 1638 2296 1683 se
2318 1629 2539 1701 rogatu
2557 1624 2741 1685 Lausi
2758 1624 3101 1704 praepositi
3118 1624 3442 1704 scripsisse
3462 1624 3596 1697 ait,
3613 1625 3721 1687 ibi

2099 1722 2402 1801 praefatio
2430 1722 2535 1784 illa
2560 1724 2926 1804 scriptorem
2965 1748 2993 1781 α
3025 1726 3090 1786 in
3124 1726 3385 1803 gratiam
3414 1724 3721 1788 fratrum

2098 1822 2165 1883 in
2212 1830 2428 1884 monte
2473 1823 2692 1885 Oliveti
2728 1826 3265 1887 commanentium
3319 1848 3350 1882 ι
3402 1826 3721 1888 scribere

2029 1886 2071 1940 Β
2098 1915 2408 1995 perhibet.
2440 1917 2681 1977 Rursus
2724 1919 3035 1996 prooemii
3063 1919 3336 1998 scriptor
3371 1886 3580 1992 addit,
3605 1886 3722 1982 te...

2100 2022 2162 2077 et
2184 2015 2263 2077 de
2292 2016 2662 2078 mulieribus
2689 2017 3030 2091 dicturum,
3060 2019 3233 2097 quod
3262 2024 3473 2080 autem
3510 2036 3728 2099 prae-

2098 2113 2247 2177 fatio
2279 2116 2522 2189 omisit;
2559 2134 2767 2197 neque
2800 2117 2960 2179 libro
2981 2118 3262 2180 secundo
3287 2118 3368 2180 de
3395 2119 3722 2181 mulieri-

2100 2214 2219 2275 bus
2264 2216 2611 2295 quidquam
2668 2217 3048 2280 continetur.
3108 2220 3399 2281 Ceterum
3434 2220 3718 2299 praefa—

2100 2315 2337 2377 tionem
2366 2317 2530 2378 inter
2550 2323 2612 2379 et
2640 2318 3039 2397 prooemium
3066 2319 3233 2381 istud
3261 2319 3557 2383 intimam
3588 2338 3721 2384 nec

2103 2418 2549 2481 cessitudinem
2603 2427 2715 2499 29
2766 2438 2904 2483 esse
2931 2469 2947 2497 ,
2989 2422 3055 2483 in
3112 2428 3332 2503 aperto
3381 2430 3498 2485 est.
3534 2424 3721 2498 Quid

2100 2518 2338 2598 igitur?
2375 2522 2539 2583 Num
2582 2523 2980 2601 prooemium
3010 2523 3200 2596 istud,
3241 2542 3323 2586 an
3365 2524 3473 2587 illa
3512 2544 3721 2606 prae-

2101 2622 2253 2685 fatio
2269 2622 2366 2686 vel
2392 2623 2672 2686 Paradisi
2700 2623 2798 2686 vel
2826 2624 2969 2687 libri
2997 2626 3260 2688 secundi
3290 2627 3467 2707 prius
3495 2629 3716 2691 exsti-

2100 2724 2174 2786 tit
2193 2722 2223 2785 τ

2182 2829 2350 2901 Quae
2408 2844 2533 2904 res,
2583 2827 2706 2890 nisi
2756 2827 2921 2890 forte
2968 2827 3296 2893 codicibus
3350 2829 3715 2911 aliquando

2103 2927 2498 3004 decernatur,
2547 2930 2628 2992 ad
2678 2928 2992 3009 liquidum
3032 2929 3136 2990 vix
3189 2930 3606 3010 perducetur.
3641 2933 3713 2995 Si

2101 3047 2252 3093 vero
2290 3031 2670 3094 coniecturis
2702 3031 2797 3093 uti
2835 3030 3003 3106 licet,
3039 3033 3438 3111 prooemium
3488 3040 3713 3097 aetate

2103 3130 2278 3209 prius
2324 3148 2462 3193 esse
2508 3130 2763 3193 dixeris.
2797 3132 2915 3193 Vix
2961 3132 3132 3193 enim
3171 3133 3508 3214 quisquam
3552 3136 3711 3199 loco

421 3233 533 3312 qui
560 3232 845 3312 requirit,
876 3232 1153 3293 inveniet
1183 3232 1291 3314 (3).
1318 3255 1348 3288 ιι
1389 3233 1484 3293 En
1524 3237 1803 3312 apertam
1846 3230 2002 3293 alle-
2030 3236 2073 3294 (ἶ
2105 3228 2437 3290 verborum
2473 3246 2487 3289 :
2517 3227 2749 3290 librum
2772 3231 2843 3291 t'n
2860 3233 3136 3308 gratiam
3161 3233 3615 3294 monachorum
3638 3237 3713 3296 in

421 3334 735 3413 gationem
762 3334 1257 3396 Continuationis
1297 3332 1606 3395 Historiae
1625 3331 2011 3395 Ecclesiasti—

420 3449 533 3494 cae
574 3431 851 3505 Eusebii,
875 3449 1065 3512 quam
1102 3431 1437 3511 scripserat
1464 3430 1754 3491 Ruﬁnus.
1786 3431 2008 3510 Neque

418 3549 571 3595 vero
606 3532 745 3594 talis
766 3532 1162 3613 parenthesis
1188 3549 1225 3594 a
1250 3532 1482 3594 Ruﬁno
1503 3531 1847 3610 interprete
1874 3537 2011 3592 tex-

417 3632 509 3694 tui
530 3630 771 3694 adiecta
789 3630 1090 3704 offendat,
1105 3647 1302 3710 quum
1318 3628 1589 3691 Ruﬁnus
1606 3628 1672 3689 in
1688 3628 2006 3708 interpre-

416 3734 625 3796 tandis
644 3733 820 3796 libris
852 3733 1123 3795 maxima
1150 3750 1295 3795 cum
1322 3731 1607 3793 libertate
1635 3729 1869 3792 versari
1895 3746 2001 3791 so-

418 3830 565 3894 !eat.
581 3831 669 3893 Ad
684 3833 1228 3896 Continuationem
1245 3840 1456 3896 autem
1475 3834 1659 3896 istam
1679 3837 2005 3912 provocat,

414 3933 482 3996 in
506 3951 630 4013 qua
653 3934 1076 4015 scripseratde
1093 3937 1361 3997 Macario
1380 3933 1667 4013 haecque
1687 3931 1876 3993 verba
1891 3930 2006 3993 ad-

419 4031 663 4094 diderat
696 4050 708 4091 :
745 4056 772 4087 ιί
807 4033 1042 4094 Verum
1087 4032 1141 4093 si
1178 4031 1574 4110 singulorum
1620 4027 2007 4091 mirabilium

419 4136 594 4208 gesta
648 4132 705 4205 [a
745 4129 1017 4191 Macario
1059 4128 1320 4206 scilicet]
1365 4129 1669 4210 prosequi
1714 4126 2003 4201 velimus,

418 4228 813 4291 excludimur
859 4247 895 4291 a
959 4231 1286 4310 pr0posita
1339 4230 1642 4293 brevitate
1669 4276 1685 4304 ,
1736 4228 2007 4291 maxime

416 4345 566 4391 cum
601 4328 759 4392 haec
801 4330 1221 4392 narrationem
1251 4331 1493 4411 prOprii
1532 4330 1767 4393 habere
1793 4329 2008 4409 operis

418 4434 780 4492 mereantur
812 4429 917 4512 (4).
947 4453 977 4487 ››
1009 4431 1101 4494 Ad
1131 4449 1205 4494 ea
1239 4432 1428 4512 igitur
1451 4433 1664 4505 verba,
1698 4431 1854 4511 quin
1899 4430 2007 4507 ille

2106 3340 2312 3391 monte
2358 3330 2587 3393 Olivett'
2629 3333 3149 3393 commanentium
3192 3335 3499 3413 scriptum
3543 3355 3704 3411 esse,

2108 3430 2566 3493 dedicationem
2586 3431 2665 3493 ad
2686 3432 2958 3494 Lausum
2977 3438 3197 3511 ponet,
3221 3442 3330 3496 aut
3354 3434 3587 3497 librum
3624 3437 3710 3498 de

2106 3529 2475 3592 mulieribus
2503 3549 2763 3611 quoque
2792 3537 3189 3594 narraturum
3222 3551 3360 3595 esse
3386 3533 3548 3598 falso
3596 3535 3711 3599 ach-

2108 3629 2235 3703 det,
2275 3629 2397 3691 nisi
2430 3637 2501 3693 ut
2541 3631 2631 3693 sic
2669 3648 2832 3694 nova
2875 3633 3183 3712 praefatio
3224 3634 3515 3715 prodeat,
3576 3654 3708 3716 qua

2106 3730 2212 3792 alii
2241 3731 2512 3813 cuipiam
2532 3731 2695 3796 libro
2731 3734 3070 3815 praefetur.
3090 3738 3221 3798 Iam
3241 3753 3391 3799 vero
3423 3737 3707 3801 Historia

2107 3832 2402 3896 Lausiaca
2466 3835 2814 3912 genuinum
2869 3836 3295 3917 prooemium,
3354 3855 3485 3918 quo
3538 3837 3709 3901 liber

2107 3932 2310 3995 Lauso
2333 3932 2680 4011 dedicatur,
2713 3934 2925 3999 habet.
2957 3938 3158 4009 Quare
3192 3952 3406 4011 nemo,
3433 3944 3506 3999 ut
3539 3939 3703 4001 alte—

2107 4050 2248 4094 rum
2274 4050 2417 4095 cum
2438 4034 2631 4096 altera
2659 4035 2740 4097 ad
2767 4038 3037 4097 Lausum
3070 4035 3471 4099 dedicatione
3498 4035 3703 4100 fabri-

2108 4139 2281 4195 caret
2308 4141 2372 4196 et
2400 4134 2683 4209 adderet,
2725 4135 3023 4216 compelli
3053 4137 3278 4216 potuit.
3299 4138 3521 4218 Neque
3539 4137 3703 4199 alius

2108 4231 2289 4307 liber,
2322 4235 2422 4296 cui
2440 4235 2582 4297 libri
2606 4236 2872 4298 secundi
2898 4236 3202 4317 praefatio
3232 4237 3323 4301 sic
3364 4238 3701 4319 depravata

2108 4332 2370 4411 praeﬁgi
2400 4332 2694 4413 potuerit,
2719 4334 3145 4412 cognoscitur.
3168 4334 3349 4396 Unde
3365 4333 3704 4414 praefatio-

2108 4450 2256 4494 nem
2286 4434 2466 4495 istam
2493 4434 2602 4496 illo
2640 4434 2972 4514 prooemio
3004 4442 3209 4497 aetate
3246 4434 3526 4515 priorem
3556 4451 3699 4497 esse

418 4530 599 4594 locus
634 4532 778 4595 libri
813 4535 1075 4597 secundi
1110 4536 1426 4616 respiciat,
1456 4534 1728 4599 dubitari
1753 4535 2000 4615 nequit.
2033 4581 2079 4637 Β
2110 4550 2335 4614 parum
2359 4533 2697 4596 verisimile
2724 4540 2841 4595 est.

417 4634 664 4712 Neque,
697 4652 893 4714 quum
922 4635 1243 4716 scripserit
1276 4653 1289 4697 :
1326 4659 1356 4693 α
1394 4643 1465 4697 ut
1491 4636 1784 4709 diximus,
1814 4659 1843 4691 ››
1882 4635 2000 4696 du-

417 4732 707 4795 bitationi
730 4733 909 4797 locus
937 4734 1335 4815 relinquitur,
1358 4735 1656 4797 Ruﬁnum
1688 4742 1757 4797 ut
1784 4733 1998 4797 Conti-

418 4835 759 4911 nuationis,
792 4835 877 4897 ita
922 4842 984 4898 et
1022 4835 1190 4898 illius
1234 4836 1359 4899 loci
1396 4835 1540 4898 libri
1568 4835 1832 4899 secundi
1861 4853 2000 4898 esse

417 4933 815 5013 scriptorem,
845 4936 1045 5016 ipsius
1076 4944 1285 4999 autem
1316 4937 1458 4998 libri
1487 4937 1751 5000 secundi
1789 4937 1842 4999 si
1868 4953 2001 4999 non

418 5033 813 5114 scriptorem,
838 5044 1046 5100 tamen
1077 5037 1511 5118 interpretem.

488 5261 568 5334 (1)
598 5260 737 5317 Hist.
765 5259 932 5315 Laus.
958 5261 997 5315 l.
1021 5259 1063 5313 1.
1088 5276 1143 5332 p.
1168 5261 1295 5321 408.

489 5354 567 5424 (2)
593 5353 774 5408 Ruﬁni
810 5351 949 5408 Hist.
986 5352 1137 5410 Eccl.
1164 5356 1261 5409 lib.
1294 5354 1337 5409 ll
1376 5368 1500 5425 cap.
1525 5352 1561 5409 4
1600 5352 1687 5409 ed.
1732 5351 1903 5409 Basil.
1962 5354 2003 5410 l.

418 5462 472 5517 p.
496 5446 622 5510 242,
654 5446 743 5500 ed.
768 5442 1003 5500 Vallarsi
1032 5445 1210 5523 p127,
1232 5445 1411 5517 Migne
1434 5448 1472 5500 ι.
1507 5447 1546 5501 1.
1574 5461 1631 5516 p.
1654 5445 1787 5501 5H.

490 5541 567 5609 (δ)
604 5537 719 5592 vv.
752 5536 858 5592 PP.
887 5536 1077 5595 Rosw.
1100 5538 1196 5591 lib.
1224 5536 1269 5591 ιι
1293 5554 1414 5609 cap.
1447 5537 1519 5593 29
1543 5554 1597 5607 p.
1634 5537 1762 5603 482,
1794 5538 1850 5593 2.

490 5631 570 5700 (4)
595 5629 776 5684 Ruﬁn.
818 5627 960 5682 Hist.
994 5630 1142 5684 Eccl.
1177 5629 1272 5683 lib.
1300 5628 1342 5683 Il
1376 5644 1497 5699 cap.
1530 5629 1585 5693 4,
1609 5629 1649 5683 1.
1672 5628 1710 5682 l.

490 5723 570 5794 (5)
594 5721 703 5777 vv.
728 5722 833 5775 PP.
868 5721 1049 5777 Rosw.
1081 5738 1134 5793 ρ.
1170 5721 1295 5776 548.

492 5815 569 5884 (6)
611 5813 758 5867 Eccl.
802 5828 984 5884 graec.
1038 5814 1185 5869 Non.
1228 5813 1263 5868 l.
1328 5813 1399 5879 l.;
1464 5811 1605 5884 Opp.
1644 5811 1844 5869 Mcurs.
1891 5812 1928 5867 l.
1964 5812 2001 5866 1.

422 5921 483 5975 p.
508 5904 612 5961 639
643 5921 762 5974 sqq.

2187 4636 2583 4715 QuaprOpter
2631 4633 2789 4697 haec
2843 4634 3247 4698 coniecerim.
3299 4635 3452 4696 Cum
3500 4634 3696 4696 multa

2109 4733 2487 4813 signiﬁcent,
2508 4736 2712 4797 Lauso
2742 4734 3100 4797 dedicatum
3132 4741 3194 4796 et
3228 4734 3577 4797 Heraclidis
3618 4735 3695 4796 li-

2108 4836 2293 4899 brum
2340 4835 2535 4898 fuisse
2586 4834 2698 4915 (8),
2746 4835 2934 4915 quid,
2978 4835 3032 4897 si
3067 4836 3466 4915 prooemium
3500 4835 3692 4909 istud,

2109 4939 2283 5019 quod
2326 4938 2404 5001 ad
2449 4938 2785 5001 Historiam
2815 4939 3176 5002 Lausiacam
3209 4957 3339 5002 non
3381 4940 3695 5019 pertinere

2108 5057 2300 5121 supra
2348 5038 2742 5103 ostendimus
2768 5087 2785 5115 ,
2848 5057 3074 5121 reapse
3144 5040 3287 5108 libri
3344 5040 3691 5104 Heraclidis

2181 5260 2260 5329 (7)
2302 5260 2441 5332 Opp.
2464 5258 2666 5315 Meurs.
2694 5258 2734 5314 l.
2760 5258 2801 5313 l.
2829 5274 2884 5329 p.
2913 5258 3021 5315 535
3052 5274 3177 5330 sqq.

2179 5353 2258 5423 (8)
2300 5350 2639 5407 Heraclidem
2693 5350 2895 5405 librum
2945 5348 3013 5405 de
3068 5353 3200 5407 vitis
3251 5359 3468 5423 patrum
3517 5351 3696 5408 Lauso

2107 5443 2420 5499 dedicatum
2445 5440 2736 5511 scripsisse
2758 5457 2881 5495 cum
2912 5442 3201 5498 codicibus
3227 5442 3522 5505 Vaticanis,
3557 5463 3694 5516 quos

2105 5551 2271 5605 supra
2300 5535 2702 5595 recensuimus,
2735 5542 2851 5588 tum
2885 5549 2951 5589 eo
2983 5536 3275 5603 probatur,
3302 5537 3450 5606 quod
3496 5538 3553 5592 in
3591 5538 3695 5594 ﬁne

2109 5638 2164 5685 et
2188 5629 2312 5683 libri
2339 5645 2368 5683 a
2401 5627 2693 5684 Rosweido
2714 5626 2820 5682 sub
2848 5626 3154 5683 Heraclidis
3201 5630 3425 5685 nomine
3471 5631 3603 5685 editi
3642 5641 3694 5685 et

2112 5721 2389 5776 llistoriae
2433 5719 2735 5775 Lausiacae
2787 5732 2819 5772 a
2866 5717 3108 5774 Meursio
3134 5721 3316 5776 editae
3360 5722 3595 5793 epilogus
3627 5722 3692 5774 ad

2113 5811 2349 5864 Lausum
2419 5816 2642 5872 exstat,
2691 5809 2784 5879 qui
2843 5809 3130 5865 codicibus
3181 5809 3693 5867 Vimloboncnsibus

2116 5899 2345 5956 testibus
2374 5900 2439 5955 ad
2473 5898 2767 5954 llistoriam
2801 5897 3126 5954 Lausiacam
3163 5918 3268 5956 non
3320 5904 3577 5974 pertinet.
3604 5904 3689 5960 Cf.
