4046 6504
291 392 365 449 29

1915 406 2149 468 VITAE.

3591 421 3666 481 '50

314 505 762 618 prooemium,
784 513 1178 618 Heraclidis
1208 534 1355 581 vero
1390 518 1569 583 illum
1599 519 1961 585 habendum
1993 531 2038 585 Δ
2064 528 2491 593 venerabilem
2527 531 2728 595 virum
2776 534 2908 597 Hor
2954 533 3214 597 nomine
3239 535 3343 618 (4).
3376 556 3407 594 tu
3435 539 3661 615 Itaque

330 626 463 673 esse
490 609 738 675 librum
774 616 1124 696 dicamus,
1168 638 1295 701 quo
1348 622 1511 685 liber
1551 625 1871 689 secundus
1904 634 1967 691 et

344 714 607 778 Historia
638 718 972 783 Lausiaca
994 723 1361 785 innituntur
1375 721 1406 785 ‘P

428 821 526 893 3o
550 816 738 889 Quod
760 818 819 880 si
841 822 1099 897 statuis,
1120 822 1510 885 difﬁcultates
1530 841 1753 888 omnes
1780 826 1965 891 facile

358 918 770 997 explicantur.
856 922 1229 985 Heraclides
1301 924 1470 986 enim
1497 973 1513 1001 ,
1575 928 1843 989 Ruﬁnus
1902 936 1964 992 et

361 1018 665 1082 Palladius
699 1022 895 1085 amici
944 1033 1011 1085 et
1059 1024 1548 1104 Origenistarum
1585 1030 1779 1091 duces
1816 1030 1959 1093 fue-

364 1126 498 1181 runt
553 1119 667 1200 (1).
736 1124 1013 1187 Ruﬁnus
1065 1126 1135 1187 in
1188 1134 1404 1190 monte
1461 1129 1681 1192 Oliveti
1736 1131 1961 1193 cellam

358 1219 620 1297 habens,
656 1228 735 1285 ut
772 1226 1041 1289 Melania
1075 1229 1283 1290 coetui
1330 1230 1666 1309 virginum,
1704 1232 1793 1295 ita
1820 1233 1960 1313 ipse

355 1324 846 1402 congregationi
921 1328 1379 1392 monachorum
1458 1331 1731 1412 praefuit
1812 1332 1955 1415 (2).

349 1424 404 1481 Α
450 1422 690 1502 quibus
741 1431 813 1487 ut
839 1426 1068 1488 librum
1112 1428 1192 1491 de
1226 1432 1487 1492 senibus
1542 1441 1957 1512 componeret

350 1525 642 1595 rogatus,
686 1538 765 1582 ex
798 1523 1144 1586 Heraclidis
1190 1526 1376 1588 amici
1418 1526 1581 1589 libro
1637 1546 1802 1608 quae
1835 1529 1958 1592 sibi

346 1615 497 1676 usui
530 1624 722 1679 erant
747 1620 1060 1698 congessit
1075 1628 1135 1682 et
1156 1638 1265 1684 ore
1297 1622 1492 1685 latino
1516 1623 1951 1707 edidit.0pus-

348 1714 600 1791 culum,
625 1717 798 1797 quod
832 1719 922 1780 sic
949 1722 1342 1795 nascebatur,
1373 1723 1703 1787 monachis
1733 1725 1953 1787 Oliveti

344 1810 703 1893 inscripsit,
729 1821 936 1895 atque,
964 1816 1110 1895 quia
1132 1818 1429 1881 monachi
1458 1820 1787 1883 muliebria
1817 1838 1949 1884 non

344 1917 604 1985 curant,
642 1928 804 1991 quae
844 1912 1207 1976 Heraclides
1238 1913 1319 1975 de
1346 1914 1721 1984 mulieribus
1758 1916 1950 1979 habe-

346 2005 483 2079 bat,
518 2008 752 2069 omisit.
792 2010 840 2069 E
887 2010 1144 2072 senibus
1178 2011 1521 2092 praecipue
1568 2013 1947 2092 Origenistas

346 2102 588 2178 attulit,
628 2111 1015 2185 quapmpter
1050 2106 1116 2167 in
1162 2108 1223 2167 S.
1270 2108 1642 2189 Hieronymi
1685 2127 1945 2174 accusa-

344 2200 597 2261 tionem
648 2202 934 2277 incurrit,
970 2202 1080 2282 qui
1134 2202 1458 2280 Ruﬁnum,
1512 2223 1710 2287 quum
1765 2208 1946 2287 quasi

344 2317 555 2361 novus
592 2299 755 2363 liber
782 2301 862 2363 ita
890 2302 1191 2381 prodiret,
1214 2310 1540 2366 auctorem
1570 2304 1780 2367 dicere
1806 2307 1945 2369 iure

342 2399 567 2480 aliquo
600 2402 825 2480 potuit.
849 2403 976 2464 Nec
1000 2418 1129 2464 non
1150 2402 1507 2465 istiusmodi
1537 2406 1947 2485 compositio-

344 2503 448 2565 nis
492 2502 757 2581 vestigia
790 2502 952 2563 liber
991 2503 1307 2565 secundus
1350 2502 1744 2584 aliquantum
1789 2523 1944 2587 prae

343 2624 417 2667 se
448 2605 621 2667 ferre
653 2604 921 2666 videtur.

427 2709 558 2769 Isto
590 2706 780 2784 igitur
808 2705 1000 2768 modo
1036 2703 1427 2769 difﬁcultates
1454 2705 1639 2771 facile
1677 2708 1939 2774 solvun-

346 2814 468 2870 tur.
504 2806 632 2869 Sed
660 2808 715 2869 si
752 2805 860 2869 illa
890 2806 1201 2887 posueris,
1226 2807 1440 2868 Rufini
1466 2807 1699 2870 librum
1720 2815 1799 2878 ut
1829 2826 1941 2874 ore

344 2909 544 2971 latino
596 2908 686 2971 ita
727 2914 790 2970 et
833 2924 1059 2987 graeco
1099 2908 1409 2970 exstitisse
1457 2914 1711 2971 statues.
1761 2912 1941 2985 Quod

345 3029 490 3075 cum
522 3009 875 3087 fragmenta
904 3007 1194 3070 Cotelerii
1231 3008 1577 3088 postulant,
1616 3015 1751 3072 tum
1795 3011 1940 3074 libri

343 3110 612 3171 secundi
663 3108 937 3173 narratio
990 3108 1069 3170 de
1113 3109 1195 3170 Or
1240 3109 1465 3171 abbate
1519 3112 1937 3191 comprobare

2067 629 2342 710 scriptor
2379 631 2568 695 huius
2615 634 2843 715 capitis
2885 633 3031 698 libri
3061 638 3323 700 secundi
3369 638 3661 701 abbatem

2066 730 2240 807 vidit,
2294 750 2486 813 quem
2548 736 2863 799 Palladius
2940 756 3071 801 non
3144 740 3416 820 amplius
3480 741 3656 803 vidit.

2067 836 2435 916 Quanquam
2465 856 2611 900 eum
2637 856 2762 900 una
2794 857 2939 901 cum
2979 840 3287 921 scriptore
3323 842 3447 903 isto
3474 859 3661 904 senes

2064 935 2403 999 Thebaidis
2439 939 2727 1001 invisisse
2758 958 2950 1020 supra
2987 944 3400 1005 ostendimus.
3435 945 3662 1006 Fateor

2064 1036 2251 1100 huius
2301 1039 2561 1120 quidem
2595 1040 2977 1103 difﬁcultatis
3025 1042 3437 1122 explicandae
3488 1043 3658 1107 varia

2063 1156 2213 1201 sane
2234 1156 2467 1218 genera
2489 1142 2827 1219 excogitari
2851 1147 2954 1218 31
2979 1160 3191 1223 posse.
3216 1143 3337 1205 Sed
3361 1144 3509 1223 quia
3534 1148 3659 1207 Me-

2060 1235 2228 1299 lania
2250 1239 2332 1299 Or
2356 1239 2646 1302 abbatem
2676 1240 2850 1315 adiit,
2878 1240 2959 1303 de
2974 1259 3102 1321 quo
3127 1241 3354 1303 eximia
3376 1241 3656 1305 Palladio

2060 1334 2355 1409 narravit,
2408 1336 2863 1399 verisimillima
2911 1338 3249 1418 exPlicatio
3295 1338 3455 1401 haec
3515 1357 3657 1403 esse

2058 1431 2325 1507 videtur,
2357 1433 2659 1495 Rufinum
2696 1451 2825 1495 una
2856 1452 2998 1496 cum
3048 1433 3315 1496 Melania
3352 1436 3429 1497 ad
3457 1435 3652 1499 abba-

2056 1534 2185 1589 tem
2215 1530 2295 1589 Or
2316 1546 2452 1590 esse
2473 1528 2855 1610 profectum,
2877 1536 3065 1609 atque
3094 1529 3159 1590 in
3197 1532 3652 1611 componendo

2056 1623 2219 1687 libro
2243 1626 2523 1688 secundo
2543 1625 2648 1688 illa
2670 1626 2750 1688 de
2774 1626 2895 1689 hoc
2925 1644 3079 1689 sene
3109 1644 3225 1689 suo
3246 1630 3440 1690 Marte
3469 1629 3651 1691 addi-

2057 1723 2246 1786 disse.
2301 1726 2431 1787 Iam
2472 1740 2621 1787 vero
2652 1724 2875 1787 eadem
2936 1723 3016 1786 de
3072 1725 3299 1787 abbate
3348 1728 3648 1801 narratio,

2056 1842 2221 1905 quae
2271 1824 2463 1888 latine
2512 1826 2581 1887 in
2617 1825 2780 1887 libro
2834 1824 3115 1887 secundo
3158 1832 3377 1900 exstat,
3428 1844 3649 1904 graece

2052 1938 2312 2002 quoque
2340 1929 2579 1985 servata
2619 1929 2714 1985 est
2742 1923 2909 1984 inter
2941 1923 3251 2002 quaedam
3300 1923 3650 2001 fragmenta

2050 2036 2084 2080 a
2102 2018 2410 2081 Cotelerio
2433 2019 2598 2081 edita
2625 2025 2688 2080 et
2715 2019 2780 2080 in
2811 2020 3164 2082 Meursiana
3182 2020 3461 2082 editione
3484 2024 3646 2083 Lau-

2049 2114 2253 2177 siacae
2280 2115 2389 2197 (5).
2420 2116 2623 2191 Unde,
2666 2133 2810 2178 cum
2851 2122 2912 2177 et
2953 2114 3072 2177 alia
3105 2134 3327 2195 graeca
3356 2117 3500 2179 libri
3541 2136 3645 2179 se-

2048 2216 2234 2279 cundi
2269 2216 2613 2296 fragmenta
2638 2217 3060 2292 inveniantur,
3089 2234 3235 2280 eum
3258 2218 3487 2281 librum
3518 2223 3649 2282 exi-

2046 2315 2326 2377 stimabis
2364 2322 2426 2377 et
2461 2315 2651 2378 latine
2683 2322 2745 2376 et
2775 2332 2999 2394 graece
3042 2316 3375 2393 exstitisse,
3406 2325 3474 2379 ut
3500 2318 3646 2381 usui

2046 2428 2414 2490 graecorum
2431 2429 2503 2473 ac
2515 2411 2852 2473 latinorum
2868 2412 3325 2475 monachorum
3340 2414 3644 2477 inservire

2044 2516 2280 2588 posset.
2297 2510 2541 2571 Nomen
2559 2508 2837 2570 Paradisi
2868 2526 3095 2586 graeco
3126 2511 3471 2590 exemplari
3488 2512 3646 2573 indi-

2041 2611 2177 2667 tum
2230 2605 2379 2667 inde
2427 2604 2798 2685 explicatur,
2845 2604 3019 2683 quod
3061 2606 3408 2667 Heraclidis
3456 2606 3640 2682 liber,

2041 2704 2223 2767 cuius
2253 2720 2399 2783 pars
2428 2708 2582 2776 erat,
2615 2700 2949 2763 Paradisus
2976 2701 3320 2782 inscriptus
3360 2703 3480 2766 fuit

2119 2808 2323 2884 Atque
2341 2802 2496 2866 haec
2518 2801 2892 2864 existimatio
2919 2804 3642 2877 nostra,Rosweidianae

2038 2908 2165 2970 VV.
2200 2909 2318 2968 PP.
2361 2903 2755 2968 collectionis
2793 2902 3024 2964 librum
3057 2904 3407 2966 secundum
3449 2907 3640 2970 etiam

2040 3025 2265 3089 graece
2290 3006 2625 3081 exstitisse,
2650 3003 2945 3067 codicum
2978 3004 3101 3066 ﬁde
3131 3007 3383 3084 egregie
3411 3007 3641 3088 proba-

2038 3119 2162 3174 tur.
2199 3112 2418 3191 Nuper
2458 3108 2628 3171 enim
2676 3107 3149 3170 Montefalconii
3188 3107 3637 3171 bibliothecam

342 3211 616 3273 videtur.
679 3212 777 3274 Sic
821 3211 990 3272 enim
1035 3209 1348 3272 Palladius
1390 3211 1469 3273 de
1520 3228 1597 3274 eo
1636 3213 1887 3293 scripsit
1920 3233 1933 3276 :
1964 3221 2008 3280 c
2040 3211 2482 3274 Coislinianam
2514 3206 3065 3291 (Paris.l715fol.)
3101 3208 3491 3289 evolvens,p.
3524 3208 3636 3271 138

348 3337 376 3370 ιι
417 3318 648 3392 Magno
692 3312 839 3376 huic
886 3319 1102 3375 sancto
1149 3327 1266 3373 suo
1308 3311 1672 3374 testimonio
1718 3313 1939 3375 tribuit

341 3416 639 3477 virtutem
660 3414 947 3476 universa
969 3412 1344 3484 fraternitas,
1366 3412 1707 3492 praecipue
1727 3421 1936 3478 autem

343 3515 571 3578 ancilla
610 3515 719 3576 Dei
753 3513 1040 3586 Melania,
1065 3529 1227 3592 quae
1278 3511 1448 3574 hunc
1481 3519 1763 3574 montem
1794 3522 1939 3576 ante

344 3635 446 3679 me
484 3622 585 3679 est
620 3617 924 3695 ingressa.
973 3615 1104 3691 Ego
1142 3613 1312 3675 enim
1341 3629 1487 3674 eum
1529 3629 1662 3674 non
1700 3613 1940 3675 offendi

342 3719 552 3780 vivum
586 3716 691 3798 (3).
736 3741 766 3773 ››
799 3719 964 3794 Ergo
1008 3716 1089 3776 Or
1119 3715 1313 3777 abbas
1340 3720 1624 3776 mortuus
1664 3714 1805 3789 fuit,
1829 3733 1939 3777 an-

341 3824 598 3901 tequam
626 3818 939 3881 Palladius
962 3834 1145 3878 senes
1162 3816 1501 3878 Thebaidis
1532 3814 1711 3877 adiit.
1742 3817 1929 3879 Liber

342 3939 490 3985 vero
520 3920 839 3984 secundus
894 3917 1084 3997 longa
1127 3919 1323 3980 utitur
1352 3916 1737 3991 narratione,
1760 3935 1928 3996 quae

344 4021 565 4101 incipit
594 4038 609 4082 :
650 4043 678 4077 α
708 4017 995 4081 Vidimus
1029 4022 1092 4079 et
1116 4017 1308 4078 alium
1346 4016 1514 4096 apud
1543 4015 1931 4078 Thebaidem

347 4168 589 4227 Palladii
620 4166 922 4221 Historiam
950 4162 1273 4218 Lausiacam
1300 4163 1370 4217 ad
1411 4162 1608 4217 codicis
1661 4160 1933 4218 Vindobo-

344 4264 518 4318 sensi;
551 4260 711 4332 ﬁdem
748 4258 968 4313 breviter
1000 4256 1345 4321 delineatam,
1366 4254 1511 4311 infra
1544 4254 1672 4311 huic
1704 4264 1932 4312 nostrae

343 4353 573 4411 editioni
613 4351 885 4407 Historiae
921 4347 1221 4405 Lausiacae
1254 4347 1646 4419 praepositam.
1690 4346 1766 4403 De
1792 4347 1932 4403 libro

343 4459 539 4518 graeco
563 4444 635 4498 ab
656 4441 894 4497 Historia
920 4439 1187 4497 Lausiaca
1226 4440 1470 4505 diverso,
1514 4438 1611 4510 qui
1657 4437 1930 4495 Cotelerio

341 4546 398 4594 et
435 4536 621 4592 Caveo
673 4534 915 4590 testibus
969 4534 1027 4589 in
1075 4533 1361 4589 codicibus
1398 4547 1534 4589 mss.
1575 4531 1681 4588 sub
1707 4532 1932 4589 nomine

343 4629 650 4686 Heraclidis
680 4635 878 4693 exstat,
922 4641 1035 4682 non
1083 4627 1216 4682 satis
1251 4631 1590 4697 compertum
1640 4624 1928 4683 habemus.

343 4722 681 4778 Trithemius
703 4721 761 4775 in
783 4720 926 4775 libro
945 4719 1014 4776 de
1032 4718 1429 4790 Scriptt.,Eccl.
1450 4735 1464 4772 :
1496 4734 1516 4769 ι
1539 4715 1856 4774 Heraclides
1874 4757 1889 4780 ,
1903 4736 1925 4770 ι

341 4815 544 4885 inquit,
588 4832 609 4866 ι
640 4813 783 4869 inter
828 4814 935 4867 alia
964 4812 1191 4882 scripsit
1242 4810 1312 4867 ad
1355 4810 1797 4868 aedificationem
1849 4810 1931 4866 le-

341 4906 587 4977 gentium
616 4918 755 4974 opus
784 4902 997 4973 insigne
1022 4900 1218 4957 devita
1241 4907 1298 4956 et
1333 4899 1757 4955 conversatione
1799 4912 1933 4954 san-

341 5006 556 5055 ctorum
595 5005 809 5068 patrum
851 4996 908 5050 in
947 5009 1135 5051 eremo
1175 4993 1263 5049 vel
1302 4993 1361 5049 in
1399 4991 1686 5047 coenobiis
1731 4991 1931 5060 degen-

344 5094 477 5145 tium
496 5088 603 5145 sub
630 5087 834 5159 regula,
856 5085 947 5140 cui
970 5085 1164 5140 titulus
1186 5091 1272 5140 est
1298 5082 1617 5139 Paradisus.
1650 5099 1671 5133 ι
1711 5079 1819 5136 Sed
1839 5080 1931 5136 cui

350 5183 481 5237 liber
521 5179 808 5236 dedicatus
842 5177 950 5240 sit,
974 5176 1312 5232 Trithemius
1342 5191 1452 5231 non
1481 5175 1654 5231 addit.
1684 5173 1926 5231 Coteler.

353 5270 861 5329 Eecl.Graec.Mon.
879 5269 1030 5324 TJII
1051 5284 1104 5339 p.
1124 5267 1250 5324 566.
1279 5266 1426 5324 Cave
1457 5267 1685 5339 Scriptt.
1707 5266 1920 5325 Eccles.

350 5364 479 5422 Hist.
507 5366 617 5420 litt.
645 5380 697 5421 ε.
731 5379 787 5419 v.
824 5361 1152 5418 Heraclides.
1187 5359 1367 5416 Trith.
1400 5359 1470 5417 de
1507 5359 1737 5433 Scriptt.
1768 5360 1919 5417 Eccl.

346 5474 458 5529 33p.
484 5455 670 5512 XCIII.

407 5551 483 5623 (1)
528 5548 758 5606 Palladii
818 5548 953 5603 Dial.
986 5548 1055 5605 de
1091 5548 1192 5605 vit.
1243 5548 1304 5605 S.
1352 5546 1585 5604 Joannis
1633 5546 1923 5619 Chrysost.

339 5661 451 5715 cap.
482 5643 599 5711 XX,
636 5644 697 5700 S.
732 5643 1025 5715 Chrysost.
1050 5642 1190 5713 Opp.
1222 5642 1307 5699 ed.
1336 5642 1696 5698 Montl'aucon
1720 5639 1922 5710 (Paris.

344 5737 465 5792 i754
490 5738 646 5809 sqq.)
682 5735 748 5791 Τ.
768 5735 887 5791 Χιιι
920 5753 975 5807 p.
1002 5734 1071 5789 76
1093 5752 1239 5806 sqq.,
1275 5734 1531 5791 Galland.
1562 5733 1701 5789 Bibl.
1724 5731 1830 5788 PP.
1855 5732 1923 5789 Τ.

340 5827 442 5884 Vill
462 5844 520 5901 ι).
544 5829 675 5884 520.
695 5826 994 5883 Tillemout
1011 5825 1297 5881 Mémoires
1315 5824 1379 5881 T.
1401 5825 1496 5883 XI.
1518 5824 1665 5881 Cave
1694 5824 1921 5896 Scriptt.

340 5916 532 5981 Nec.
567 5920 717 5981 Hist.
753 5920 858 5977 litt.
896 5935 947 5977 ι.
982 5936 1036 5975 v.
1067 5917 1399 5976 lleraciides.

2042 3314 2319 3377 indicem
2351 3311 2589 3376 offendi
2606 3311 2747 3373 libri
2770 3309 2999 3389 graeci,
3016 3311 3124 3390 qui
3142 3311 3361 3373 codice
3390 3329 3639 3373 Lxxxm

2045 3416 2282 3480 saeculi
2334 3416 2583 3479 circiter
2637 3433 2683 3476 x
2737 3415 3119 3488 continetur,
3168 3414 3456 3494 inscripti
3496 3432 3511 3475 :
3549 3415 3637 3471 'Ie-

2037 3527 2320 3597 ρωγύμου
2360 3526 2399 3594 ἡ
2440 3523 2894 3595 κατἈῖγυπτον
2927 3522 3047 3577 τῶν
3069 3522 3356 3593 μοναχῶν
3379 3526 3635 3594 ἱστορία,

2044 3621 2227 3683 cuius
2271 3619 2477 3700 capita
2508 3636 2655 3681 cum
2700 3618 2861 3681 libro
2915 3618 3197 3680 secundo
3244 3619 3504 3681 omnino
3550 3621 3635 3685 ita

2044 3721 2418 3794 concinunt,
2466 3726 2537 3782 ut
2593 3720 2801 3782 omnis
2861 3719 3168 3781 dubitatio
3230 3719 3503 3782 tollatur.
3563 3722 3633 3783 Id

2035 3821 2211 3901 quod
2258 3820 2351 3895 ei,
2397 3819 2508 3899 qui
2558 3835 2693 3880 rem
2747 3820 3100 3881 accuratius
3146 3820 3630 3895 examinaverit,

2033 3924 2224 4005 plane
2243 3922 2572 4004 apparebit
2589 3921 2693 4001 (6).
2712 3924 2773 3983 8.
2790 3922 3182 4001 Hieronymo
3203 3921 3373 3984 hunc
3400 3922 3632 3987 librum

2032 4024 2191 4088 falso
2220 4023 2496 4100 attribui,
2520 4040 2651 4087 non
2681 4030 2776 4087 est
2806 4024 2977 4104 quod
3009 4023 3297 4105 pluribus
3328 4023 3560 4088 dicam.

2103 4163 2183 4233 (2)
2225 4162 2368 4219 Hist.
2399 4161 2566 4218 Laus.
2589 4162 2680 4219 ed.
2710 4161 2913 4218 Meurs.
2958 4178 3081 4233 cap.
3104 4163 3209 4218 “8
3252 4161 3393 4234 Opp.
3425 4164 3631 4224 Meurs.

2032 4257 2073 4313 ι.
2102 4257 2140 4312 1.
2172 4273 2226 4328 p.
2256 4257 2384 4312 596.
2427 4255 2613 4311 Ruﬁn.
2641 4257 2801 4326 Apol.
2836 4256 3161 4329 [lnvectiva]
3206 4256 3259 4311 in
3300 4258 3359 4311 S.
3406 4257 3631 4328 Hieron,

2034 4350 2133 4405 lib.
2153 4349 2196 4403 ll
2214 4364 2338 4420 cap.
2368 4348 2423 4411 8,
2448 4347 2588 4419 Opp.
2618 4348 2706 4403 ed.
2724 4346 2959 4403 Vallarsi
2982 4364 3035 4419 p.
3060 4348 3185 4409 565,
3215 4346 3395 4419 Migne
3418 4347 3626 4408 Patrol.

2031 4436 2098 4495 Τ.
2126 4439 2249 4495 XXI
2277 4456 2332 4511 p.
2356 4439 2483 4507 59!,
2519 4439 2579 4495 S.
2613 4438 2839 4495 Hieron.
2880 4438 3021 4510 Opp.
3060 4439 3149 4496 ed.
3196 4438 3401 4495 Bened.
3448 4439 3513 4496 T.
3557 4441 3628 4497 Ν

2032 4550 2087 4605 p.
2127 4532 2253 4588 420.

2104 4626 2183 4697 (ὅ)
2225 4626 2363 4682 Hist.
2395 4623 2562 4681 Laus.
2591 4628 2676 4680 ed.
2710 4622 2914 4679 Meurs.
2947 4639 3069 4695 cap.
3099 4623 3233 4688 “,1.
3257 4625 3297 4682 l.
3335 4640 3391 4696 ι).
3417 4624 3545 4681 369.

2104 4720 2183 4792 (4)
2224 4717 2339 4773 VV.
2366 4717 2469 4774 PP.
2498 4718 2685 4773 Rosw.
2712 4718 2805 4773 lib.
2834 4716 2880 4771 ll
2907 4733 3030 4790 cap.
3063 4720 3100 4772 ‘2
3123 4734 3177 4790 p.
3206 4719 3330 4781 457,
3355 4719 3412 4776 2.

2100 4813 2182 4881 l5)
2219 4811 2460 4867 Coteler.
2506 4810 2657 4866 Eccl.
2699 4810 2896 4867 Graec.
2946 4810 3095 4865 Mon.
3144 4810 3210 4867 Τ.
3256 4810 3328 4865 lll
3383 4826 3439 4881 p.
3479 4811 3622 4880 l59;

2030 4903 2172 4962 Hist.
2202 4903 2370 4961 Laus.
2402 4905 2492 4961 ed.
2520 4904 2725 4961 Meurs.
2752 4905 2789 4959 l.
2832 4904 2871 4960 l.
2905 4920 2960 4976 p.
2998 4905 3124 4961 571.

2102 4997 2181 5069 (6)
2222 4996 2682 5053 Montefalconius
2719 4997 2873 5052 illum
2914 4997 3117 5051 librum
3170 4995 3244 5050 ita
3301 4994 3568 5053 describit
3604 5013 3620 5052 :

2037 5109 2057 5145 ι
2095 5091 2230 5146 Cod.
2266 5088 2551 5155 LXXXIII,
2586 5090 2716 5146 olim
2766 5088 3135 5152 CCCXLVIII,
3164 5091 3622 5147 membranaceus

2032 5198 2065 5237 χ
2099 5182 2319 5238 circiter
2354 5181 2598 5246 saeculi,
2637 5180 2891 5236 foliorum
2922 5179 3049 5235 557.
3079 5178 3340 5235 Continet
3372 5196 3438 5235 ea
3481 5197 3623 5252 quae

2031 5285 2407 5346 sequuntur...
2439 5274 2536 5331 fol.
2565 5272 2672 5329 266
2715 5273 3072 5343 Ἱερωνύμου
3096 5274 3137 5342 ἡ
3167 5273 3295 5327 κατ’
3314 5274 3625 5343 Αἴγυπτον

2028 5368 2152 5425 τῶν
2187 5368 2475 5439 μονωχῶν
2516 5365 2829 5435 ἱστορία,ἰ.
2857 5381 2909 5422 e.
2947 5365 3193 5421 Historia
3240 5368 3619 5421 monachorum

2027 5461 2425 5533 Aegyptiorum.
2439 5458 2604 5515 Liber
2617 5458 2954 5529 Hieronymo
2968 5474 3257 5531 perperam
3280 5458 3616 5529 adscriptus.

2028 5551 2236 5609 Similis
2266 5552 2379 5613 fere
2413 5551 2724 5622 argumenti
2750 5550 2951 5606 librum
2996 5550 3247 5607 Palladio
3270 5549 3619 5620 adscriptum

2025 5643 2231 5699 iamdiu
2266 5650 2455 5697 notum
2495 5640 2627 5698 fecit
2655 5640 2899 5697 Joannes
2955 5640 3259 5707 Meursius,
3296 5640 3352 5694 in
3398 5638 3621 5709 praefa-

2030 5735 2181 5790 tione
2200 5733 2458 5789 videlicet
2491 5731 2561 5787 ad
2590 5732 2915 5788 Lausiacam
2944 5730 3267 5796 Historiam,
3292 5730 3439 5802 quod
3474 5745 3617 5800 opus

2030 5842 2286 5898 graecum
2312 5825 2524 5898 primus
2554 5825 2724 5881 edidit
2758 5824 2850 5880 ille
2899 5822 3151 5894 Lugduni
3185 5822 3514 5877 Batavorum
3558 5836 3611 5877 a.

2031 5918 2191 5977 1616.
2226 5916 2346 5989 Est,
2372 5918 2571 5987 inquit,
2607 5917 2661 5972 in
2708 5915 3023 5983 bibliotheca
3072 5931 3192 5970 mea
3233 5915 3469 5971 eiusdem
3516 5928 3617 5969 au-
