4046 6450
494 374 557 431 31
1363 371 1466 429 SS.
1511 370 1973 427 MACARIORUM
1993 368 2072 424 ΑΞ(

2179 366 2292 425 ⁵⁸1⁸11
2315 369 2403 425 ET
2442 366 2916 425 ALEXANDRINI
3689 376 3775 431 δε

572 489 791 566 Itaque
811 486 937 549 hoc
979 486 1325 548 obtinuisse
1353 486 1508 547 mihi
1529 485 1769 561 videor,
1797 486 1903 549 illa
1928 503 2088 549 con-
2120 493 2163 550 Α
2194 486 2364 548 cedit
2411 487 2801 559 coniectura,
2838 484 3187 547 Heraclidis
3223 485 3490 549 fortasse
3536 488 3787 554 librum

484 603 731 667 Jectura
788 587 1183 649 difﬁcultates
1230 586 1471 666 Optime
1521 586 1711 659 solvi;
1765 603 1925 665 quas
1977 586 2080 645 vix
2181 584 2446 657 fuisse,e
2470 600 2598 664 quo
2620 583 2761 645 libri
2793 584 3055 645 secundi
3081 585 3351 664 scriptor
3373 595 3436 647 et
3457 587 3788 651 Palladius

492 687 611 749 alia
646 689 887 750 ratione
916 696 1044 749 tam
1088 686 1272 748 facile
1310 686 1469 748 solvi
1523 686 1921 748 crediderim.
1972 685 2079 747 Sin
2186 684 2553 746 hauserunt.
2584 686 2984 762 QuantOpere
3010 700 3161 745 vero
3184 685 3535 763 optandum
3570 688 3674 762 sit,
3710 695 3791 749 ut

492 797 700 851 autem
727 806 871 849 vera
912 790 1081 861 sunt,
1128 803 1292 866 quae
1326 786 1736 865 conjecimus,
1781 786 2078 846 Ruﬁnum

492 891 899 968 interpretem
919 886 1061 947 libri
1091 885 1354 947 secundi
1384 903 1547 959 esse,
1572 892 1761 963 atque
1777 884 2085 964 quodam-

492 990 684 1051 modo
732 997 1058 1051 auctorem
1119 987 1245 1049 dici
1292 1003 1503 1066 posse,
1538 986 1749 1048 denuo
1782 984 2081 1063 intelligi-

492 1096 592 1151 tur
629 1088 737 1167 (1).

569 1210 691 1271 Sed
740 1210 1135 1289 conjecturas
1191 1207 1533 1282 mittamus,
1582 1214 1775 1287 atque
1845 1225 1924 1269 ex
1979 1207 2081 1284 iis,

492 1329 656 1391 quae
722 1312 802 1373 de
848 1311 1009 1372 libro
1061 1308 1341 1371 secundo
1395 1308 1875 1388 disputavimus,
1919 1325 2085 1388 quae

491 1422 660 1476 certa
694 1418 860 1485 sunt,
912 1411 979 1472 in
1032 1427 1230 1472 unum
1282 1426 1765 1490 componamus.
1814 1410 1900 1470 Ea
1938 1407 2083 1488 qui-

490 1516 633 1575 dem
665 1512 788 1573 huc
839 1510 1125 1573 redeunt.
1186 1512 1461 1573 Graecus
1510 1510 1781 1590 scriptor
1847 1514 2081 1585 rerum,

491 1633 652 1694 quae
700 1614 767 1674 in
811 1612 975 1675 libro
1034 1612 1317 1675 secundo
1368 1612 1688 1691 leguntur,
1734 1617 1907 1674 certo
1954 1625 2085 1672 non

490 1714 914 1792 cognoscitur.
964 1714 1093 1775 Nec
1126 1712 1333 1774 solum
1378 1712 1539 1774 liber
1591 1712 1929 1786 secundus,
1972 1710 2085 1773 sed

2182 782 2465 860 singulae
2494 783 2657 843 vitae
2708 790 2957 862 patrum
3011 783 3208 844 eremi
3258 782 3592 864 hucusque
3636 805 3789 850 non

2184 885 2411 958 editae,
2443 901 2711 964 quarum
2757 884 2990 946 multos
3020 885 3277 947 codices
3300 902 3562 964 graecos
3593 888 3659 949 in
3684 889 3792 950 bi-

2181 984 2517 1048 bliothecis
2540 983 2832 1057 vidimus,
2856 1001 2976 1045 nec
3010 1000 3141 1045 non
3160 984 3509 1047 Heraclidis
3529 988 3792 1067 paradi-

2182 1104 2313 1160 sus,
2358 1084 2631 1146 Historia
2689 1084 2985 1146 Lausiaca
3036 1083 3297 1145 Palladii
3343 1101 3791 1167 graecumque

2183 1185 2327 1247 libri
2342 1184 2605 1247 secundi
2633 1184 2831 1246 nostri
2886 1184 3209 1264 exemplar
3251 1186 3518 1250 edantur
3552 1189 3649 1251 vel
3695 1191 3789 1253 ad

2184 1286 2464 1349 melioris
2496 1285 2643 1347 ﬁdei
2671 1284 2927 1348 codices
2953 1285 3367 1364 excutiantur,
3402 1289 3573 1353 unde
3608 1308 3787 1356 nova

2185 1386 2294 1449 lux
2331 1386 2519 1449 huius
2561 1387 2951 1467 quaestionis
2995 1387 3149 1449 oriri
3183 1388 3404 1467 possit,
3448 1388 3631 1453 facile
3664 1410 3790 1474 pa-

2183 1493 2274 1550 tet
2296 1487 2402 1567 (2).

2264 1607 2573 1689 Expedita
2597 1607 2723 1669 iam
2762 1606 2841 1669 de
2878 1606 3043 1670 libro
3078 1608 3361 1671 secundo
3398 1613 3788 1691 quaestione

2187 1710 2266 1773 de
2300 1711 2531 1771 Ruﬁno
2564 1708 2629 1772 id
2668 1707 2874 1770 solum
2903 1717 3091 1771 restat
3122 1711 3536 1788 monendum,
3578 1715 3790 1780 alium

490 1814 677 1875 etiam
722 1830 984 1891 graecus
1014 1811 1193 1885 liber,
1249 1829 1284 1872 e
1331 1828 1460 1890 quo
1503 1810 1611 1871 ille
1655 1810 2082 1886 hauriebatur,
2116 1842 2159 1899 Β
2187 1810 2447 1892 insuper
2473 1808 2715 1870 fontem
2741 1807 3143 1870 historiarum
3168 1810 3247 1870 de
3284 1812 3565 1875 Macariis
3593 1816 3674 1875 ab
3699 1832 3786 1877 eo

489 1913 747 1976 Palladii
772 1912 1111 1975 Historiam
1162 1910 1527 1974 Lausiacam
1573 1919 1777 1974 aetate
1806 1912 2075 1974 multum

492 2012 892 2076 antecedunt.
947 2012 1185 2075 Deinde
1242 2029 1277 2073 e
1345 2010 1513 2073 libro
1573 2012 1877 2087 secundo,
1944 2022 2075 2089 aut,

489 2114 663 2193 quod
695 2113 1094 2175 verisimilius
1113 2119 1228 2187 est,
1261 2130 1339 2174 ex
1380 2112 1631 2188 eodem,
1682 2131 1810 2193 quo
1841 2114 1895 2175 is
1940 2122 2077 2176 ute-

487 2215 693 2287 batur,
726 2214 903 2275 fonte
932 2214 1246 2275 Palladius
1282 2232 1377 2289 ea,
1419 2233 1582 2295 quae
1614 2213 1690 2276 ad
1721 2232 1907 2277 senes
1924 2215 2085 2279 The-

487 2315 690 2377 baidis
721 2315 1061 2395 pertinent,
1109 2314 1358 2395 aliaque
1401 2316 1707 2378 nonnulla
1738 2317 1802 2378 in
1837 2318 2084 2380 Lausia-

487 2434 626 2479 cam
656 2435 834 2478 suam
856 2417 1191 2479 transtulit.
1215 2417 1469 2479 Latinus
1500 2417 1779 2497 denique
1807 2419 1914 2489 32
1937 2418 2082 2481 libri

487 2516 749 2578 secundi
788 2517 1102 2598 interpres
1133 2519 1400 2580 Ruﬁnus
1432 2527 1547 2595 est,
1588 2521 1698 2601 qui
1735 2520 1965 2583 librum
2011 2522 2080 2584 in

487 2604 625 2678 eam
654 2617 922 2679 formam
944 2619 1207 2697 redegit,
1236 2639 1400 2700 quae
1432 2639 1602 2685 nunc
1632 2621 1922 2687 habetur.
1952 2628 2075 2686 Ac-

484 2855 645 2909 etoris
675 2854 959 2925 διήγησις
995 2855 1130 2923 περὶ
1158 2854 1280 2909 τῶν
1334 2858 1462 2911 κατ’
1496 2858 1803 2929 Αιγυπτον
1836 2859 2081 2931 διαλαιιρ

483 2945 732 3015 φάντων
764 2946 950 3015 ἁγίων
979 2945 1267 3014 πατέρων.
1302 2944 1371 2999 ld
1398 2963 1602 3018 quoque
1631 2948 1846 3017 opus,si
1868 2949 2075 3017 placere

487 3037 623 3090 hanc
684 3034 956 3089 Historiae
1016 3034 1313 3089 Lausiacae
1375 3035 1659 3089 editionem
1713 3035 2021 3089 intellexero
2060 3076 2077 3101 ,

482 3126 884 3181 communicabo
932 3124 1042 3199 [CL
1085 3126 1496 3181 annotationem
1527 3134 1775 3181 nostram
1822 3141 1987 3196 supra
2018 3141 2075 3197 p.

487 3217 557 3272 14
580 3226 693 3274 ιιοι.
732 3214 809 3288 5].
850 3217 932 3270 An
966 3216 1107 3272 idem
1134 3216 1225 3287 qui
1255 3216 1343 3271 hic
1377 3225 1568 3272 noster
1596 3216 1735 3272 liber
1764 3215 1951 3282 fuerit,
1992 3218 2079 3271 in-

490 3318 702 3366 certum
732 3317 838 3366 est.
876 3308 1015 3365 Vide
1067 3318 1226 3365 notas
1256 3308 1554 3366 Frontonis
1612 3309 1813 3366 Ducaei
1838 3310 1894 3364 in
1929 3309 2076 3363 Lau-

487 3401 692 3455 siacam
731 3399 963 3455 Palladii
1000 3400 1157 3457 Tom.
1192 3400 1237 3455 ll
1285 3399 1545 3457 Biblioth.
1582 3399 1807 3455 Patrum
1843 3416 2075 3472 graeco-

486 3492 691 3550 latinaa.
742 3492 1000 3547 Auctoris
1049 3492 1317 3562 praefatio
1356 3492 1747 3564 praemittitur,
1789 3494 1949 3548 cuius
1978 3493 2080 3547 ini-

484 3587 621 3641 tium
655 3586 796 3641 hoc:
825 3586 1172 3655 Εὐλογητὸς
1198 3588 1231 3639 ὁ
1263 3586 1410 3648 Θεὸς
1435 3588 1467 3640 ὁ
1494 3584 1688 3641 θέλων
1719 3584 1952 3651 πάντας
1972 3585 2077 3639 ἁν-

482 3678 755 3743 θρὼπους
768 3676 1058 3746 σωθῆναι,
1074 3676 1170 3729 καὶ
1198 3678 1287 3742 είς
1309 3676 1640 3745 ἐπίγνωσιν
1665 3676 1951 3745 ἀληθείας
1978 3676 2076 3730 ἑλο

482 3768 639 3821 θεῖνο
670 3771 703 3822 d
728 3769 825 3822 καί
851 3766 1010 3837 ἡμᾶς
1036 3767 1460 3839 καθοδηγήσας
1484 3768 1583 3821 ἐπὶ
1614 3768 1731 3837 τὴν
1750 3766 2073 3837 Αιγυπτον,

483 3854 582 3907 καὶ
600 3854 804 3922 δείξας
829 3855 975 3924 ἡμῖν
990 3855 1229 3926 μεγάλα
1251 3856 1351 3911 καὶ
1377 3856 1697 3927 θαυμαστὰ
1716 3856 1818 3912 καὶ
1840 3858 2076 3927 γραφῆς

482 3946 623 4011 ἀξια
652 3960 781 4010 etc.,
813 3948 850 4003 i.
884 3964 935 4004 e.
959 3948 1274 4004 Benedictus
1311 3949 1476 4016 Deus,
1503 3950 1594 4021 qui
1628 3967 1806 4005 omnes
1835 3950 2074 4004 homines

484 4039 593 4090 vult
627 4038 800 4093 salvos
833 4040 974 4108 ﬁeri,
1007 4050 1057 4093 et
1089 4040 1158 4094 ad
1206 4041 1444 4095 veritatis
1500 4043 1826 4111 agnitionem
1875 4043 2069 4096 venire.

483 4130 593 4195 Qui
624 4138 673 4183 et
699 4130 851 4183 duxit
885 4147 979 4185 nos
1009 4134 1063 4185 in
1102 4132 1417 4201 Aegyptum,
1442 4132 1616 4201 ibique
1648 4134 1796 4187 nobis
1838 4133 2071 4187 ostendit

481 4238 679 4291 magna
706 4231 757 4276 et
788 4223 1083 4291 mirabilia,
1107 4226 1365 4279 memoria
1385 4226 1686 4293 scriptoque
1714 4226 1898 4297 digna.
1916 4225 2071 4281 Hunc

486 4311 684 4365 librum
723 4314 1079 4385 conscripsit,
1113 4315 1312 4384 inquit,
1348 4315 1755 4383 παρακληθεὶς
1780 4314 2072 4385 ’συνεχῶς

483 4402 603 4456 ὐπὸ
647 4402 759 4472 τῆς
816 4406 1117 4473 εὐλαϐοῦς
1150 4405 1557 4475 ἁδελφότητος
1589 4404 1703 4476 τῇς
1725 4406 1795 4459 ἐν
1823 4404 1903 4471 τῷ
1923 4408 2070 4477 ἁγίῳ

483 4495 605 4563 ὄρει
641 4494 760 4549 τῶν
796 4497 1017 4552 ἐλαιῶν
1056 4499 1547 4567 πολιτευομένης,
1583 4499 1619 4554 i.
1669 4515 1720 4555 e.
1767 4499 2071 4570 frequenter

484 4593 700 4653 rogatus
729 4600 763 4637 a
788 4586 1039 4657 religiosa
1072 4586 1413 4655 fraternitate
1440 4604 1574 4657 quae
1602 4589 1659 4642 in
1687 4598 1874 4643 sancto
1896 4600 2068 4643 monte

484 4671 763 4727 Oliuarum
822 4684 1185 4730 conversatur.
1222 4675 1491 4732 Describit
1536 4688 1718 4733 autem
1749 4680 1891 4734 vitas
1934 4695 2065 4734 san-

482 4772 698 4819 ctorum
728 4764 953 4821 Patrum
996 4766 1226 4822 Joannis
1276 4766 1676 4839 Lycopolitani,
1716 4769 1931 4826 abbatis
1964 4769 2062 4833 Or,

480 4858 787 4919 Ammonis.
830 4860 1045 4915 abbatis
1065 4861 1198 4927 Ben,
1220 4862 1617 4917 monachorum
1644 4864 1883 4917 civitatis
1921 4862 2065 4935 Oxy-

482 4947 697 5015 rynchi,
734 4946 999 5014 Theonis,
1048 4948 1219 5014 Eliae,
1260 4950 1456 5021 Apollo
1481 4993 1496 5015 ,
1526 4952 1704 5006 Amun
1724 4992 1740 5016 ,
1772 4952 2025 5024 Copretis
2045 4994 2060 5019 ,

481 5034 841 5101 Patermutii,
882 5041 1098 5096 abbatis
1151 5040 1366 5107 Surus,
1419 5042 1631 5111 abbatis
1685 5042 1824 5108 Elle,
1877 5042 2065 5114 Apelle

480 5126 729 5191 Joannis,
756 5128 1080 5199 Paphnutii,
1122 5134 1442 5206 Pityrionis,
1480 5134 1692 5207 Eulogii
1729 5137 2059 5211 presbyteri,

481 5218 706 5282 lsitlori,
746 5220 1092 5292 Serapionis,
1121 5228 1428 5298 Appollonii
1462 5228 1719 5299 martyris
1741 5270 1757 5295 ,
1784 5228 2058 5295 Dioscori,

481 5312 874 5365 monachorum
923 5312 1165 5382 Nitriae,
1197 5319 1426 5374 alterius
1476 5319 1794 5387 Ammonii,
1832 5320 2060 5378 alterius

481 5399 691 5472 Didymi
737 5403 1118 5470 oculatissimi,
1151 5407 1445 5466 Chronidis
1498 5417 1554 5465 et
1586 5425 1778 5466 eorum
1806 5413 1900 5481 qui
1931 5428 2059 5467 cum

478 5506 547 5546 eo
575 5504 755 5558 erant,
800 5494 1024 5550 Hacarii
1057 5498 1327 5569 Aegyptii,
1359 5503 1563 5566 Amun,
1595 5502 1823 5558 Macarii
1852 5518 2058 5575 cogno-

481 5593 663 5639 mento
720 5587 1019 5652 πολιτικοῦ,
1075 5590 1227 5643 Pauli
1279 5593 1581 5664 simplicis.
1625 5594 1925 5650 Ammonae
1956 5635 1971 5658 ,
2000 5605 2057 5651 et

478 5672 730 5731 Joannis.
775 5676 981 5732 Deinde
1013 5681 1428 5735 enumeratione
1467 5682 1610 5736 facta
1646 5686 2052 5753 periculorum,

480 5766 680 5833 quibus
714 5766 816 5820 hac
859 5770 914 5823 in
943 5772 1383 5840 peregrinatione
1413 5773 1737 5847 perfunctus
1759 5783 1862 5843 est,
1896 5777 2052 5832 clau-

477 5854 560 5910 dit
588 5854 681 5912 fol.
718 5857 853 5925 322,
893 5876 1076 5918 verso.
1113 5879 1134 5914 ν

2181 1910 2469 1974 relictum
2503 1926 2641 1971 esse
2671 1909 2737 1969 in
2772 1908 3261 1971 Continuatione
3286 1910 3391 1974 illa
3421 1915 3635 1993 operis
3655 1916 3789 1977 Eu-

2183 2012 2366 2086 sebii,
2402 2029 2593 2092 quam
2630 2009 2823 2072 modo
2860 2009 3273 2075 laudavimus.

2268 2117 2386 2193 §7.
2437 2118 2508 2175 Et
2554 2113 2712 2176 haec
2762 2114 3021 2194 quidem
3071 2114 3151 2177 de
3192 2117 3445 2181 Ruﬁno.
3480 2120 3664 2183 Nunc
3698 2121 3785 2183 ad

2188 2220 2523 2298 Evagrium
2577 2224 2996 2290 transeamus,
3033 2217 3144 2296 qui
3177 2220 3347 2283 varia
3388 2220 3468 2283 de
3513 2223 3788 2285 senibus

2188 2322 2419 2402 scripta
2439 2318 2717 2398 reliquit,
2746 2317 2813 2379 in
2854 2317 3085 2397 quibus
3102 2318 3181 2379 de
3216 2320 3485 2382 Macario
3517 2326 3615 2381 ter
3643 2328 3791 2383 tan-

2186 2433 2323 2487 tum
2365 2422 2667 2503 loquitur.
2719 2421 2858 2482 Fuit
2893 2421 2947 2482 is
2998 2428 3153 2483 natu
3194 2422 3397 2484 maior
3448 2422 3782 2503 Palladio;

2188 2522 2291 2585 hic
2359 2522 2528 2583 enim
2588 2521 2758 2601 apud
2813 2522 3135 2582 Socratem
3194 2521 3363 2583 illius
3425 2522 3784 2603 discipulus

2186 2622 2571 2706 appellatur,
2598 2622 2685 2684 ita
2711 2627 2945 2695 tamen,
2976 2627 3045 2683 ut
3069 2621 3283 2702 paullo
3323 2630 3469 2702 post
3504 2631 3783 2687 mortem

2248 2849 2327 2921 (l)
2367 2848 2686 2903 Tillemont.
2722 2847 3015 2905 Mémoires
3041 2847 3108 2904 Τ.
3140 2846 3235 2903 XII
3258 2856 3314 2905 et
3343 2850 3543 2905 iterum
3581 2850 3650 2905 Τ.
3674 2851 3777 2907 XV

2178 2942 2396 3004 statuit,
2419 2940 2679 2996 Ruﬁnum
2708 2941 2913 2996 librum
2945 2940 3250 2997 secundum
3282 2958 3394 2996 non
3421 2944 3646 3000 nomine
3676 2962 3783 3002 suo

2178 3033 2494 3103 scripsisse,
2527 3033 2623 3089 sed
2650 3033 2898 3100 alterius,
2923 3032 3166 3088 Petronii
3206 3033 3424 3089 scilicet
3462 3034 3783 3092 Bononien-

2178 3128 2256 3183 sis
2277 3125 2547 3197 episc0pi,
2565 3126 2717 3180 cuius
2750 3126 2933 3180 itineri
2958 3126 3301 3181 describenda
3324 3126 3595 3180 calamum
3617 3146 3783 3183 suum

2178 3217 2547 3273 commodarit.
2575 3215 2782 3271 Nititur
2828 3215 3165 3273 Tillemontii
3209 3221 3615 3289 argumentatio
3656 3221 3781 3276 loco

2177 3306 2483 3370 Gennadii,
2523 3306 2617 3378 qui
2671 3322 2797 3377 cap.
2830 3305 2946 3362 XLI
2982 3326 2997 3362 :
3050 3326 3069 3360 ι
3109 3307 3402 3364 Petronius
3427 3348 3441 3372 ,
3480 3326 3500 3361 ι
3558 3310 3778 3381 inquit,

2184 3414 2205 3449 ι
2250 3398 2542 3468 scripsisse
2595 3407 2823 3468 putatur
2886 3398 3031 3454 vitas
3085 3407 3304 3469 patrum
3375 3401 3777 3455 monachorum

2177 3490 2427 3562 Aegypti.
2465 3508 2485 3542 ι
2526 3488 2633 3545 Sed
2667 3490 2889 3545 doctum
2942 3490 3124 3545 virum
3180 3504 3402 3546 errasse
3439 3490 3777 3547 dissertatio

2175 3583 2244 3640 de
2294 3585 2407 3638 vita
2446 3581 2711 3649 Petronii,
2746 3597 2889 3654 quae
2934 3581 3049 3637 ΛΑ.
3105 3582 3208 3638 SS.
3244 3583 3383 3637 Boll.
3444 3583 3571 3639 Oct.
3616 3584 3684 3639 Τ.
3728 3585 3775 3639 ιι

2176 3691 2230 3747 p.
2262 3674 2369 3729 422
2398 3690 2521 3745 sqq.
2562 3682 2766 3739 exstat,
2794 3690 2918 3745 pag.
2944 3674 3071 3729 428.
3090 3672 3469 3742 ι29,ιιί1ιιεὶάθ
3501 3678 3771 3732 ostendit.

2253 3766 2331 3837 (2)
2370 3765 2430 3821 In
2482 3766 2675 3822 codice
2722 3781 2826 3823 ms.
2887 3766 3056 3821 11851
3102 3764 3475 3823 Bibliothecae
3526 3767 3776 3841 Burgnno

2175 3857 2333 3914 dicae
2385 3859 2761 3915 Bruxellensis
2810 3856 2935 3913 Sec.
2976 3856 3146 3923 XVII,
3171 3857 3257 3921 4°,
3288 3858 3605 3916 invenimus
3645 3865 3776 3929 Am-

2174 3944 2408 4014 γήματα
2455 3945 2590 4013 περὶ
2637 3946 2747 4001 τοῦ
2793 3945 2942 4009 ,ϐίου
2989 3939 3106 3997 τῶν
3138 3945 3323 4015 ἁγίων
3369 3946 3642 4015 πατέρων
3665 3989 3679 4013 ,
3715 3948 3771 4002 in

2175 4052 2409 4106 quorum
2444 4037 2551 4091 ﬁne
2580 4036 2719 4092 haec
2741 4038 2909 4092 verba
2941 4036 3198 4109 leguntur
3236 4056 3249 4091 :
3288 4055 3307 4089 ι
3332 4036 3417 4089 Ea:
3447 4055 3547 4091 ms.
3571 4037 3771 4092 Biblio-

2173 4130 2352 4183 thecae
2382 4130 2725 4199 Augustanae
2759 4129 2983 4194 ταύτας
3011 4131 3121 4193 τὰς
3145 4128 3457 4199 διηγήσεις
3489 4129 3769 4199 descripsit

2171 4220 2277 4289 fide
2333 4236 2437 4291 qua
2494 4220 2677 4274 debuit
2736 4216 2981 4273 Danielis
3001 4218 3221 4273 Desidia
3264 4235 3332 4274 ea:
3389 4221 3559 4289 fratre
3606 4239 3768 4292 nepos

2169 4313 2513 4368 Haece/celius
2548 4314 2699 4366 Anno
2737 4311 2797 4367 S.
2824 4311 2899 4366 Ν.
2930 4312 3071 4367 1664
3100 4330 3276 4368 mense
3299 4312 3589 4370 Januario.
3622 4336 3642 4367 ›
3694 4316 3763 4379 Is.

2170 4405 2263 4473 qui
2288 4404 2533 4459 codicem
2563 4403 2880 4475 descripsit,
2909 4404 2965 4458 in
2992 4405 3288 4461 schedulae
3323 4408 3490 4461 fronti
3533 4408 3767 4479 adgluti-

2169 4499 2332 4546 natae
2371 4508 2494 4564 pag.
2524 4492 2550 4545 1
2584 4494 2794 4547 notavit
2834 4493 2977 4547 haec
3003 4494 3205 4550 verba:
3241 4496 3352 4549 Τοῦ
3395 4513 3618 4566 μακαρ.
3663 4497 3768 4552 καὶ

2168 4584 2497 4655 ἀγιωτάτου
2527 4586 2878 4641 Παλλαδίου
2907 4587 3246 4642 ἐπισκόπου
3286 4589 3766 4657 Έλενουπόλεως

2167 4676 2318 4742 πρὸς
2360 4676 2611 4731 Λαῦσον
2650 4679 3049 4747 πραιπόσιτον
3100 4679 3438 4750 διηγήματα
3473 4684 3609 4753 περὶ
3656 4682 3763 4737 τοῦ

2160 4767 2308 4831 ,βίου
2338 4766 2457 4820 τῶν
2478 4767 2665 4837 ἁγίων
2690 4767 2983 4835 πατέρων.
3015 4766 3104 4821 Ea:
3141 4769 3318 4824 codice
3364 4774 3763 4827 membranaue

2167 4859 2527 4915 Bibliothecae
2562 4860 2930 4931 Augustanae.
2964 4859 3118 4926 Quod
3152 4862 3211 4916 in
3246 4865 3489 4933 margine
3519 4866 3761 4933 saepius-

2164 4952 2282 5006 cule
2305 4952 2463 5005 huius
2500 4952 2790 5023 apograplti
2840 4954 3208 5021 compendiose
3245 4955 3444 5025 legitur
3473 4968 3763 5011 exaratum

2166 5056 2301 5111 σημ,
2334 5042 2467 5095 nihil
2497 5041 2647 5095 aliud
2692 5052 2772 5097 est
2798 5059 2960 5113 quam
2992 5044 3304 5115 σημείωσαι
3332 5046 3370 5100 i.
3403 5062 3455 5100 e.
3484 5057 3637 5107 nota.
3664 5044 3761 5101 ob-

2162 5149 2346 5197 serva,
2381 5149 2399 5182 ι
2432 5141 2564 5197 etc.,
2601 5146 2727 5205 pag.
2762 5135 2798 5189 2
2827 5136 3063 5190 indicem
3097 5137 3343 5207 capitum
3376 5139 3547 5195 latine
3585 5153 3760 5211 appo-

2162 5228 2293 5282 suit.
2313 5228 2503 5298 Capita
2525 5236 2706 5282 autem
2730 5243 2929 5299 graeca
2952 5228 3098 5285 illius
3119 5228 3242 5283 libri
3266 5230 3339 5283 ita
3360 5244 3421 5285 se
3440 5232 3757 5301 excipiunt:

2164 5318 2206 5374 1.
2244 5319 2382 5387 Περὶ
2422 5318 2701 5374 Ἰωάννου
2734 5320 2841 5373 τοῦ
2870 5320 3154 5387 ἐνΛυκῷ,
3177 5322 3310 5376 ἐστὶ
3331 5322 3401 5376 δὲ
3433 5324 3610 5391 πόλις
3639 5327 3756 5390 Θη-

2166 5409 2387 5473 ϐαΐδος.
2407 5409 2749 5482 Ἑθεασάμην
2785 5407 2878 5465 οὖν
2914 5414 2971 5464 ὲν
2990 5415 3100 5476 τοῖς
3129 5414 3298 5484 ὁρίοις
3330 5414 3494 5467 Λυκῶ
3523 5416 3621 5489 τῆς
3645 5416 3754 5485 Θη-

2165 5501 2351 5563 ϐαΐδος
2376 5501 2468 5554 τὸν
2505 5501 2680 5571 μέγαν
2709 5505 2806 5556 καὶ
2836 5504 3378 5575 μακάριονΊωὰννην
3401 5505 3570 5578 ἄνδρα
3602 5508 3753 5575 ἅγιον

2160 5589 2375 5660 ἀληθῶς
2390 5608 2443 5645 κ.
2455 5608 2506 5644 τ.
2522 5592 2571 5645 λ.
2590 5593 2665 5662 (in
2681 5594 2804 5648 cod.
2823 5611 2877 5664 p.
2898 5595 2921 5647 1
2942 5598 3113 5665 sqq.).
3129 5596 3195 5649 ll.
3212 5598 3351 5665 Περὶ
3367 5598 3636 5666 ’Ἡρωνος
3647 5598 3751 5652 τοῦ

2160 5683 2445 5749 ἀκριϐοῦς
2466 5685 2563 5738 καὶ
2589 5686 2875 5753 ἐναρέτου
2906 5688 3013 5740 τὸν
3043 5689 3191 5751 ,βίον
3218 5691 3316 5743 καὶ
3359 5691 3746 5758 κενοδόξου...

2160 5774 2409 5841 γειτνιῶν
2435 5792 2527 5845 μοι
2555 5775 2948 5849 Ἀλεξανδρέως
2967 5796 3020 5831 κ.
3044 5796 3094 5831 τ.
3116 5780 3160 5832 λ.
3190 5782 3265 5849 (p.
3283 5781 3353 5835 50
3372 5783 3541 5853 sqq.),
3564 5783 3745 5837 ﬁnitur

2164 5865 2279 5934 μετ’
2294 5866 2479 5934 ὀλίγας
2496 5867 2731 5939 ἡμέρας.
2748 5869 2835 5925 Ill.
2852 5869 2992 5953 nep}
3008 5870 3125 5926 τῶν
3144 5874 3635 5943 Ταόενιησιιιιτῶν
3647 5870 3742 5928 καὶ
