4046 6456
260 424 322 483 55

1860 421 2084 477 νιτΑΕ.
3504 421 3580 478 34

279 545 541 611 Valentis
576 546 896 626 Augusti,
937 548 1065 630 qui
1087 565 1250 611 anno
1274 545 1387 609 378
1409 545 1587 619 obiit,
1614 550 1884 625 uterque
1916 549 1959 604 A
1988 543 2376 622 transegisse
2397 540 2497 603 vix
2525 538 2925 606 crediderim.
2957 536 3029 600 Id
3059 534 3229 599 enim
3258 545 3338 599 ex
3362 538 3581 603 Ruﬁni

294 649 561 715 ﬂoruerit
597 646 720 728 (1).
752 651 1092 730 Evagrius
1122 650 1188 711 in
1217 647 1661 711 solitudinibus
1700 650 1901 724 Aegy-

303 752 383 833 pti
397 752 533 831 ipse
555 749 929 812 solitariam
951 752 1144 813 vitam
1162 748 1358 823 duxit,
1375 754 1435 809 et
1445 745 1721 810 Palladio
1742 752 1900 807 teste

306 850 765 933 quinquaginta
813 857 1099 930 quatuor
1126 864 1325 912 annos
1357 854 1537 909 natus
1581 846 1648 906 in
1676 845 1898 907 solitu-

314 955 443 1016 dine
469 953 763 1014 animam
795 951 1027 1013 efﬂavit
1064 948 1169 1030 (2).
1200 949 1375 1011 Unus
1410 966 1487 1010 ex
1519 955 1759 1028 septem
1792 965 1899 1009 so-

320 1055 419 1117 ciis
439 1052 584 1125 fuit,
621 1053 798 1113 inter
838 1068 1004 1131 quos
1029 1049 1341 1112 Palladius
1373 1056 1436 1110 et
1467 1047 1611 1109 libri
1641 1046 1904 1109 secundi

322 1154 583 1233 scriptor
638 1169 678 1213 e
720 1151 922 1214 Nitria
955 1151 1037 1213 ad
1064 1151 1372 1213 Joannem
1431 1150 1500 1210 in
1520 1151 1691 1229 Lyco
1750 1166 1902 1230 pro-

316 1257 459 1318 fecti
487 1262 644 1317 sunt
678 1253 791 1335 (3).
826 1254 1111 1334 Scriptor
1133 1251 1389 1331 quidem
1424 1250 1541 1312 iste
1571 1251 1905 1329 Evagrium

318 1360 381 1421 in
403 1358 615 1420 Celliis
668 1358 819 1420 vidit
843 1356 969 1437 (4);
1020 1356 1314 1435 Evagrius
1339 1354 1480 1434 ipse
1516 1352 1585 1414 in
1614 1352 1790 1414 libris
1827 1352 1907 1415 ad

316 1459 685 1523 Anatolium
698 1458 968 1521 amicum
984 1457 1232 1537 scriptis
1258 1472 1324 1517 se
1344 1455 1412 1516 in
1432 1455 1611 1515 Scete
1632 1453 1907 1515 residere

317 1563 661 1642 proﬁtetur
734 1560 840 1640 (5).
894 1562 1093 1633 Quum
1147 1556 1449 1635 Evagrius
1508 1556 1710 1617 tribus
1760 1553 1910 1616 solis

318 1663 477 1726 locis
543 1661 631 1742 (6)
692 1663 770 1724 de
818 1660 1100 1723 Macariis
1168 1657 1481 1739 loquatur,
1532 1673 1764 1736 neque,
1830 1654 1909 1718 de

322 1781 609 1845 quonam
679 1762 947 1825 Macario
997 1765 1229 1834 narret,
1295 1760 1529 1838 ubique
1577 1758 1904 1830 addiderit,

2001 642 2304 722 Apologia
2337 641 2763 717 [Invectiva]II
2779 638 2990 716 colligi
3010 642 3245 717 potest,
3268 650 3393 716 qua
3434 638 3585 717 legi-

2002 751 2130 804 tur:
2152 768 2178 799 «
2196 745 2481 804 Ceterum
2502 741 2622 804 iste
2646 742 2729 816 [‘S.
2756 740 3228 818 Hieronymus],
3245 738 3435 817 quiin
3452 745 3583 800 tota

2002 847 2124 910 vita
2144 863 2259 907 sua
2283 862 2412 908 non
2432 850 2603 907 totos
2614 844 2863 921 triginta
2884 842 3022 904 dies
3032 839 3463 910 Alexandriae,
3479 839 3584 900 ubi

2006 955 2140 1011 erat
2187 945 2518 1027 Didymus,
2571 950 3000 1008 commoratus
3065 946 3181 1014 est,
3247 957 3365 1021 per
3418 945 3586 1001 totos

2002 1068 2209 1133 paene
2256 1049 2506 1111 libellos
2561 1064 2716 1108 suos
2760 1044 2950 1123 longe
2999 1042 3253 1122 lateque
3292 1058 3362 1102 se
3398 1041 3590 1102 iactat

2004 1152 2253 1233 Didymi
2272 1149 2543 1212 videntis
2570 1163 2714 1209 esse
2742 1143 3148 1225 discipulum,
3171 1148 3233 1205 et
3254 1148 3583 1219 καθηγητήν,

2004 1255 2071 1317 id
2101 1260 2195 1316 est
2218 1261 2721 1332 praeceptorem,
2750 1248 2815 1307 in
2844 1244 3182 1325 Scripturis
3214 1242 3445 1305 sanctis
3483 1239 3595 1303 ha-

2006 1354 2217 1417 buisse
2249 1351 2605 1430 Didymum.
2643 1351 2717 1408 Et
2740 1346 2947 1409 omnis
2976 1346 3096 1407 ista
3133 1342 3427 1406 iactantia
3456 1358 3592 1404 uno

2006 1467 2224 1517 mense
2253 1452 2533 1533 quaesita
2564 1455 2656 1513 est
2672 1448 2781 1529 (8).
2803 1472 2831 1503 ιι
2873 1448 3242 1523 Quanquam
3284 1447 3494 1504 autem
3526 1442 3590 1503 S.

2008 1556 2431 1634 Hieronymus
2480 1548 2897 1614 Alexandriae
2953 1545 3407 1625 aliquantisper
3451 1548 3593 1604 tan-

2008 1666 2139 1721 tum
2159 1657 2493 1736 Didymum
2537 1652 2863 1715 auditurus
2892 1646 3201 1720 consedit,
3228 1651 3465 1719 tamen,
3488 1660 3599 1706 an-

2009 1765 2264 1838 tequam
2300 1757 2367 1817 in
2402 1752 2817 1817 Palaestinam
2855 1749 3118 1822 rediret,
3143 1746 3411 1826 Aegypti
3453 1758 3598 1806 m0¢

322 1843 469 1929 licet
496 1872 709 1929 aetate
739 1864 964 1930 ceteris
985 1861 1330 1933 antecedat,
1374 1867 1435 1921 et
1462 1877 1587 1921 una
1616 1876 1757 1921 cum
1788 1860 1909 1919 Ma-
1941 1905 1982 1959 Β
2013 1856 2284 1919 nasteria
2314 1851 2686 1935 peragravit.
2720 1852 2865 1929 Ipse
2895 1846 3065 1909 enim
3100 1844 3355 1907 scribit:
3383 1866 3409 1897 α
3429 1843 3597 1904 Con-

324 1968 509 2029 cariis
538 1968 606 2028 in
637 1965 762 2027 illis
801 1963 1167 2042 regionibus
1212 1962 1317 2032 33
1368 1960 1595 2023 eodem
1621 1970 1909 2039 tempore

325 2068 575 2140 vixerit,
596 2072 745 2146 post
773 2063 1119 2127 Palladium
1143 2068 1205 2123 et
1225 2061 1526 2122 Ruﬁnum
1557 2066 1780 2121 testem
1806 2077 1912 2121 au-

324 2169 445 2231 diri
472 2186 625 2229 eum
659 2170 1161 2229 consentaneum
1188 2161 1457 2223 videtur.

405 2290 433 2360 §
473 2285 510 2345 8
544 2283 849 2345 Venimus
878 2279 955 2342 ad
984 2280 1047 2339 S.
1094 2278 1573 2355 Hieronymum.
1623 2274 1737 2346 Qui
1784 2288 1913 2334 non

326 2388 447 2447 nisi
480 2384 700 2446 oblata
753 2380 1085 2444 occasione
1125 2377 1457 2455 obiterque
1507 2373 1585 2435 de
1633 2374 1915 2435 Macariis

328 2484 640 2565 loquitur,
673 2482 785 2543 sed
813 2497 1001 2541 unam
1023 2478 1208 2541 nobis
1237 2474 1663 2537 difﬁcultatem
1696 2473 1773 2534 de
1792 2475 1917 2534 Ma-

328 2582 821 2664 cariO'quodam
862 2580 1075 2643 obiicit
1101 2578 1204 2657 (7),
1248 2593 1436 2656 quam
1476 2592 1591 2637 suo
1635 2575 1776 2636 loco
1812 2592 1918 2635 ex-

331 2688 694 2769 pediemus.
717 2683 980 2744 Multum
1009 2679 1316 2760 temporis
1342 2677 1409 2739 in
1426 2681 1711 2757 Aegypto
1738 2676 1917 2737 illum

335 2858 405 2912 τὰ
441 2856 579 2924 περὶ
608 2854 718 2908 τὸν
748 2852 919 2922 ἅγιον
951 2849 1285 2920 Παχώμιον.
1308 2846 1647 2916 Ταϐέννησίς
1681 2846 1798 2897 ἐστι
1827 2842 1919 2895 τό-

332 2965 430 3012 πος
457 2950 517 3000 ὲν
541 2950 607 3017 τῇ
631 2944 856 3016 Θηϐαΐδι
886 2961 939 2997 κ.
976 2960 1030 2999 τ.
1055 2944 1105 2996 λ.
1138 2944 1213 3013 (p.
1252 2943 1322 2997 53
1359 2942 1531 3010 sqq.),
1567 2938 1691 2992 ﬁnis
1720 2956 1732 2992 :
1767 2936 1920 2988 ἀκοι-

333 3042 603 3111 νωνήτους
655 3038 909 3105 ποιήσας.
958 3033 1047 3089 IV.
1096 3033 1237 3101 Περὶ
1282 3031 1392 3101 τῆς
1440 3027 1920 3098 ὑποκρινομένης

329 3133 560 3200 μωρίαν
587 3127 914 3197 παρθένου.
962 3116 1053 3179 Ἐν
1085 3124 1260 3195 τούτῳ
1298 3123 1377 3194 τῷ
1410 3120 1756 3194 μοναστηρίῳ
1782 3135 1922 3188 παρ-

2011 1956 2189 2019 tendi
2229 1956 2608 2033 Aegyptum,
2649 1947 2907 2011 lustravi
2943 1943 3325 2008 monasteria
3361 1942 3597 2004 Nitriae

2013 2064 2075 2120 et
2098 2057 2265 2118 inter
2292 2055 2665 2115 Sanctorum
2691 2048 2921 2110 choros
2943 2044 3196 2125 aspides
3226 2043 3420 2105 latere
3444 2058 3594 2123 per-

2014 2155 2192 2237 Spexi
2219 2154 2329 2235 (9),
2358 2175 2387 2209 »
2422 2149 2806 2228 Origenistas
2834 2144 3221 2222 intelligens,
3255 2142 3489 2237 quibus
3512 2139 3604 2205 fas

2014 2236 2769 2325 vehatRufinus.Singula
2786 2246 2997 2324 igitur,
3023 2258 3186 2323 quae
3216 2258 3332 2321 per
3350 2236 3414 2301 Β.
3445 2239 3601 2303 Hie-

2020 2355 2271 2435 ronymi
2313 2369 2509 2433 Opera
2547 2366 2768 2430 sparsa
2821 2346 2901 2407 de
2951 2342 3234 2406 Macariis
3280 2342 3601 2420 leguntur,

1994 2448 2170 2540 ‘post
2192 2454 2433 2533 Evagrii
2458 2453 2597 2515 loca
2627 2446 3137 2512 diiudicabimus.

2107 2577 2157 2649 §.
2191 2572 2248 2632 9.
2294 2570 2563 2632 Ultimus
2593 2582 2661 2628 se
2690 2563 2876 2625 nobis
2921 2560 3107 2623 oﬂ’ert
3144 2556 3495 2619 Cassianus.
3542 2555 3607 2618 Is

2024 2677 2292 2737 exeunte
2329 2666 2580 2732 saeculo
2632 2669 2879 2745 quarto,
2909 2677 3107 2742 quum
3132 2658 3375 2721 iuvenis
3412 2660 3625 2731 esset,-

2020 2839 2292 2913 γήσασθαι
2325 2830 2575 2906 περὶτοῦ
2607 2828 2819 2884 παιδίου
2856 2824 3109 2894 Μελάνης
3136 2840 3191 2877 κ.
3224 2838 3277 2877 τ.
3298 2820 3361 2913 γλ.
3386 2821 3465 2892 (p.
3497 2820 3607 2877 105

2020 2912 2189 3005 sqq.),
2224 2929 2348 2984 ﬁnis
2383 2945 2396 2980 :
2427 2926 2522 2979 καὶ
2552 2920 2838 2994 παρθένων
2863 2918 2957 2971 καὶ
2989 2914 3264 2969 δουλίδων.
3296 2912 3438 2968 XIV.
3457 2913 3606 2982 Περὶ

2019 3020 2344 3079 Πιννιανοῦ
2367 3016 2475 3073 τοῦ
2505 3013 2727 3082 ἀνδρὸς
2747 3008 2954 3078 αὐτῆς.
2996 3006 3226 3077 Ὁμοίως
3252 3005 3345 3059 καὶ
3383 3007 3607 3059 Πιννια-

2021 3118 2111 3180 νὸς
2144 3118 2172 3169 ὁ
2203 3114 2324 3167 τότε
2362 3110 2502 3182 ἀνὴρ
2533 3107 2729 3178 αὐτῆς,
2760 3103 2854 3158 νῦν
2880 3102 2939 3157 δὲ
2975 3103 3075 3174 τῆς
3116 3100 3317 3173 ἀρετῆς
3347 3097 3606 3169 σύνεργος

336 3189 483 3287 οένος
518 3240 606 3285 τις
635 3189 704 3292 ξιξ,
740 3237 796 3273 κ.
840 3238 892 3273 τ.
940 3217 990 3271 λ.
1036 3220 1114 3287 (ρ.
1151 3189 1428 3286 40'sqq'.)',
1473 3214 1597 3270 ﬁnis
1632 3189 1777 3267 eam
1814 3208 1916 3263 ὑπὸ

2023 3228 2076 3263 κ.
2107 3226 2158 3262 τ.
2183 3208 2233 3261 λ.
2254 3206 2330 3276 (p.
2361 3205 2507 3273 109),
2536 3201 2659 3256 ﬁnis
2683 3219 2696 3255 :
2727 3198 2909 3271 ἔργοις
2937 3196 3032 3267 τῆς
3055 3194 3284 3267 ἀρίστης
3306 3189 3603 3251 πολιτείας.

333 3316 441 3369 τῶν
464 3281 729 3368 στλειονων
762 3281 1161 3381 μυσαττομένη.
1188 3306 1254 3362 ν.
1446 3304 1746 3372 Πιτηρούμ
1773 3300 1920 3373 [ﬁnis
1955 3281 1991 3290 v
2026 3297 2142 3355 XV.
2174 3292 2314 3367 Περὶ
2352 3295 2462 3365 τῆς
2489 3290 2941 3361 ὑποδεξαμένης
2969 3285 3269 3356 παρθένου
3294 3283 3401 3338 τὸν
3418 3281 3607 3353 μακάο

336 3410 501 3462 huius
546 3404 787 3460 nominis
832 3403 889 3457 in
935 3402 1124 3456 codice
1166 3400 1309 3455 lectu
1348 3396 1582 3453 dilﬁcilis
1618 3393 1745 3465 est].
1785 3392 1919 3462 Περὶ

336 3498 545 3569 ταύτης
574 3497 675 3567 τῆς
711 3494 864 3559 ὁσίας
901 3492 981 3563 τῷ
1020 3492 1160 3562 ἁγίῳ
1188 3488 1475 3559 Πιτηροὺμ
1505 3485 1728 3559 [nomen
1777 3484 1920 3539 lectu

339 3590 559 3645 diﬁicile
597 3587 707 3659 est]
743 3586 987 3655 παρέστη
1022 3581 1246 3650 ἅγγελος
1275 3598 1329 3634 κ.
1363 3596 1413 3632 τ.
1450 3578 1499 3631 λ.
1542 3580 1619 3647 (p.
1649 3576 1719 3631 42
1747 3574 1916 3644 sqq.),

340 3684 529 3736 ﬁnitur
549 3699 563 3732 :
583 3676 829 3748 περὶτῆς
856 3675 1107 3744 γενναίας
1128 3672 1326 3741 ταύτης
1347 3670 1644 3741 μακαρίας.
1669 3666 1759 3722 VI.
1778 3664 1920 3733 Περὶ

339 3776 595 3845 meum
612 3771 722 3825 τοῦ
739 3768 855 3825 ἀπὸ
881 3765 1156 3837 ὀμμάτων
1171 3763 1271 3819 καὶ
1290 3761 1594 3832 ἑρμηνέως
1614 3760 1732 3813 τῶν
1747 3759 1924 3813 θείων

328 3864 605 3933 Γραφῶν,
645 3880 700 3915 κ.
745 3878 797 3914 τ.
850 3860 901 3912 λ.
947 3857 1024 3928 (p.
1079 3856 1150 3910 45
1206 3854 1382 3925 sqq.),
1426 3852 1614 3909 ﬁnitur
1644 3868 1656 3903 :
1686 3850 1781 3904 καὶ
1823 3847 1921 3919 τὴν

342 3958 633 4028 ὲδὼμάδα,
655 3957 747 4009 καί
770 3955 996 4027 εὓρηται
1017 3952 1207 4015 οὕτως.
1226 3948 1340 4004 VII.
1357 3947 1498 4018 Περὶ
1517 3944 1917 4015 Παφνουτίου.

340 4052 453 4121 Magi.
498 4050 608 4102 τῶν
656 4047 877 4119 ἡμερῶν
910 4044 1303 4115 συνδραμόντος
1350 4041 1444 4095 καὶ
1492 4038 1829 4108 Παφνουτίου
1862 4054 1917 4089 κ.

337 4159 387 4195 τ.
416 4142 469 4193 λ.
506 4152 583 4211 (p.
618 4139 686 4192 47
735 4139 913 4209 sqq.),
947 4137 1134 4190 ﬁnitur
1165 4154 1179 4190 :
1220 4134 1344 4197 τοὺς
1391 4129 1719 4199 ἀλλοφύλους
1751 4130 1829 4191 είς
1861 4127 1924 4180 τὸ

338 4232 461 4302 ὅρος
494 4231 590 4283 τοῦ
623 4229 809 4283 δουκί
834 4228 970 4282 VIII.
996 4226 1134 4295 Περὶ
1168 4225 1273 4279 τοῦ
1298 4225 1492 4278 ἄλλον
1518 4221 1918 4291 Παφνουτίου.

350 4318 731 4388 Ἑθξασάμεθα
778 4318 835 4370 δὲ
886 4318 980 4371 καὶ
1010 4315 1101 4369 τὸν
1134 4313 1295 4366 τόπον
1334 4309 1670 4380 Παφνουτίου
1695 4324 1747 4360 κ.
1778 4324 1832 4359 τ.
1867 4305 1918 4357 λ.

341 4413 416 4481 (p.
451 4413 525 4468 56
557 4412 729 4481 sqq.),
760 4410 883 4465 ﬁnis
904 4419 989 4464 est
1022 4426 1037 4464 :
1072 4406 1169 4461 καὶ
1196 4405 1442 4474 ἀγγέλων
1472 4396 1924 4471 ἀναλαμϐανόμε-

338 4523 428 4557 νον
462 4504 781 4574 ὑμνούντων
809 4502 899 4555 τὸν
920 4501 1071 4557 Θεόν.
1102 4498 1192 4553 IX.
1217 4496 1356 4566 Περὶ
1379 4496 1485 4550 τοῦ
1507 4495 1576 4548 ἐν
1606 4495 1797 4563 ἁγίοις
1824 4490 1923 4545 καὶ

2019 3412 2156 3466 ριον
2211 3390 2589 3448 Ἀθανάσιον.
2654 3384 2930 3456 Παρθένον
2986 3377 3102 3434 οἶδα
3151 3378 3252 3450 τὴν
3312 3378 3371 3431 ὲν
3426 3374 3610 3439 Ἀλεξ-

2025 3487 2266 3558 άνδρείᾳ,
2296 3489 2366 3556 ἣν
2401 3479 2704 3551 κατείληφα
2740 3496 2795 3532 κ.
2828 3494 2877 3528 τ.
2914 3474 2965 3528 λ.
3004 3478 3077 3545 (p.
3114 3470 3217 3525 109
3239 3468 3411 3539 sqq.),
3446 3467 3605 3521 ﬁnis:

2028 3584 2107 3644 εἰς
2138 3580 2236 3650 τὴν
2276 3577 2414 3649 ἐμὴν
2456 3575 2615 3639 δόξαν
2660 3573 2756 3625 καὶ
2798 3568 3117 3638 ἀσφάλειαν.
3148 3560 3289 3617 XIV.
3324 3562 3611 3650 Διήγησις

2041 3649 2394 3726 Ἱππολύτου
2439 3666 2546 3721 τοῦ
2605 3662 2899 3734 γνωρίμου
2951 3658 3072 3712 τῶν
3105 3654 3486 3710 ἀποστόλων.
3517 3649 3610 3701 'Ev

2026 3766 2171 3834 ἄλλῳ
2228 3759 2540 3832 βιϐλιδαρίῳ
2589 3755 2735 3829 [cod.
2787 3744 3210 3818 βιϐλιοδαρίῳ]
3267 3746 3606 3812 ἐπιγεγραμ.

2031 3857 2177 3929 μένῳ
2214 3852 2534 3908 Ἱππολύτου
2570 3867 2624 3904 κ.
2656 3866 2710 3902 τ.
2743 3846 2794 3901 λ.
2839 3845 2916 3916 (p.
2951 3842 3055 3897 112
3093 3838 3263 3910 sqq.),
3299 3836 3463 3929 ﬁnis:
3503 3851 3611 3904 μα-

2027 3926 2235 4019 ᾆεαρίων
2284 3943 2562 4012 στεφάνων
2609 3938 2764 4011 παρὰ
2808 3937 2909 4007 τῆς
2962 3932 3153 3988 τούτου
3199 3926 3610 3999 φιλανθρωπίας

2028 4038 2254 4111 ἠξιώθη.
2283 4037 2469 4107 Itaque
2495 4034 2599 4089 hoc
2635 4046 2775 4102 opus
2805 4046 2914 4084 non
2949 4036 3061 4083 tam
3089 4026 3232 4080 libro
3268 4019 3611 4076 collectionis

2031 4129 2450 4187 Roswcidianae
2488 4126 2733 4182 secundo
2775 4128 3093 4187 cognatum,
3125 4128 3339 4187 quame
3377 4111 3610 4181 singulis

2029 4224 2301 4294 capitibus
2329 4219 2608 4275 Historiae
2636 4216 2942 4272 Lausiacae
2979 4207 3347 4279 compositum
3381 4216 3505 4257 esse
3528 4200 3611 4255 In~

2029 4315 2353 4477 teléiglllilllist.
2380 4401 2588 4458 Eccles.
2614 4398 2706 4454 lib.
2736 4396 2806 4453 IV
2833 4400 2952 4465 cap.
2974 4392 3047 4446 2'5
3070 4389 3157 4446 ed.
3191 4383 3442 4442 Valesius
3461 4377 3603 4451 Heg.

2028 4499 2166 4554 1677
2202 4514 2255 4568 ρ.
2278 4497 2406 4551 558.

330 4562 605 4664 μεγάλου
636 4591 854 4660 πατρὸς
887 4588 1169 4646 unus.
1205 4562 1580 4656 Ἐθὲασαμεθα
1598 4562 1661 4636 δὲί
1689 4580 1779 4636 καὶ
1803 4580 1916 4633 ’ἐτε-

2100 4591 2177 4663 (2)
2204 4562 2351 4646 IIist.
2379 4589 2546 4644 Laus.
2577 4601 2701 4656 cap.
2728 4582 2798 4639 88
2832 4582 2971 4651 Opp.
3005 4574 3207 4633 Meurs.
3231 4574 3272 4629 l.
3308 4574 3347 4628 l.
3387 4587 3439 4645 p.
3479 4562 3603 4626 5‘9.

338 4704 431 4757 ρον
482 4686 659 4755 ἄνδρα
710 4685 863 4752 ἆγιον
910 4700 964 4737 κ.
1001 4698 1054 4735 τ.
1085 4681 1135 4734 λ.
1168 4682 1246 4749 (p.
1282 4679 1351 4733 6'5
1382 4676 1552 4747 sqq.),
1588 4673 1922 4729 ﬁnitnrz'le-

340 4780 631 4852 ρουσαλὴμ
664 4780 842 4842 πάσας
894 4778 991 4839 τὰς
1033 4774 1244 4845 ἡμέρας
1298 4773 1393 4843 τῆς
1450 4768 1594 4839 ζωῆς
1647 4762 1922 4837 ὑμῶν.Χ,

337 4875 481 4942 Περὶ
522 4871 633 4925 τοῦ
668 4872 738 4925 ἐν
776 4871 964 4938 ἁγίοις
1002 4867 1225 4935 Κόπρη,
1265 4864 1334 4918 ἐν
1372 4858 1463 4928 οἷς
1508 4861 1608 4915 καὶ
1645 4859 1778 4928 περὶ
1817 4857 1926 4911 τοῦ

338 4965 610 5036 μεγάλου
640 4964 859 5030 πατρὸς
888 4958 1347 5028 Πατερμουθίου.
1370 4950 1478 5007 Ἦν
1496 4952 1555 5006 δέ
1576 4969 1662 5013 τις
1688 4948 1926 5021 πρεσϐύ-

344 5072 500 5125 τερος
526 5054 670 5123 ἔχων
705 5051 929 5121 πλησίον
959 5051 1075 5102 ἐκεῖ
1103 5066 1157 5101 κ.
1182 5064 1232 5099 τ.
1264 5044 1313 5097 λ.
1351 5047 1429 5113 (p.
1471 5042 1540 5096 85
1568 5042 1737 5110 sqq.),
1762 5039 1922 5094 ﬁnis:

350 5147 441 5213 τὴν
472 5145 585 5197 τῶν
612 5142 854 5210 ἀδελφῶν
894 5142 1217 5196 ἀνάπαυσιν.
1245 5136 1337 5191 XI.
1364 5135 1505 5202 Περὶ
1545 5130 1655 5200 τῆς
1686 5130 1928 5199 ἀειμνή-

354 5249 498 5287 στου
542 5234 647 5289 καὶ
676 5235 969 5303 μακαρίας
1021 5228 1321 5296 Μελάνης.
1381 5226 1448 5279 Ἥ
1497 5225 1618 5296 τρὶς
1680 5221 1927 5294 μακαρία

350 5328 569 5397 Malam
597 5326 786 5397 Σπάνη
810 5321 877 5396 ἦν
910 5342 964 5379 κ.
988 5341 1038 5377 τ.
1066 5323 1116 5376 λ.
1138 5322 1213 5393 (p.
1234 5320 1303 5375 98
1319 5319 1484 5390 sqq.),
1513 5319 1698 5371 ﬁnitur
1723 5333 1736 5370 :
1768 5315 1929 5368 ὲνἹε-

348 5420 636 5491 ρουσαλὴμ
670 5418 864 5489 ἔχουσα
900 5416 1143 5471 συνοδίαν
1164 5412 1469 5486 παρθένων.
1492 5409 1608 5466 XII.
1640 5412 1769 5463 ’Ἑτι
1791 5409 1925 5475 περὶ

344 5512 455 5581 τῆς
476 5510 747 5581 μεγάλης
772 5509 870 5564 καὶ
891 5509 1065 5578 ἁγίας
1088 5505 1371 5573 Μελάνης
1392 5507 1574 5574 λόγος
1601 5501 1800 5569 ἕτερος
1820 5500 1927 5553 τοῦ

345 5602 556 5657 αὐτοῦ.
594 5600 728 5672 Περὶ
769 5601 865 5670 τῆς
915 5594 1223 5667 Θαυμασίας
1273 5595 1365 5647 καὶ
1392 5593 1556 5660 ἁγίας
1606 5593 1665 5643 ὲν
1712 5587 1927 5657 γυναιξὶ

346 5696 605 5763 Malim;
640 5711 687 5747 κ.
730 5711 781 5748 τ.
822 5693 874 5746 λ.
912 5690 988 5761 (p.
1028 5689 1130 5743 100
1164 5688 1302 5758 sq.),
1334 5683 1801 5754 Ιίιιὶῑυτεᾶπρακτα
1832 5697 1927 5751 με·

346 5788 680 5843 τανοούντων
717 5785 812 5855 ὀψὲ
870 5781 969 5836 τοῦ
1025 5778 1238 5849 καιροῦ.
1271 5775 1408 5830 XIII.
1460 5774 1599 5842 Περὶ
1646 5770 1924 5839 Μελάνης

350 5878 461 5948 τῆς
492 5876 791 5946 νεωτέρας.
816 5876 977 5930 Ἐπεὶ
1005 5873 1064 5926 δὲ
1084 5869 1506 5944 προῦπεσχόμην
1536 5864 1788 5934 ἀνωτέρω
1810 5863 1924 5932 διη-

660 5996 930 6055 Parnm.
987 5988 1108 6049 Gn.
1154 5983 1446 6047 XXXIV.

2101 4685 2181 4756 ('5)
2216 4685 2294 4738 De
2322 4681 2426 4736 hac
2458 4694 2517 4734 re
2540 4692 2707 4748 supra
2736 4692 2792 4746 p.
2812 4673 2879 4728 21
2913 4669 3336 4740 diSputavimus.

2099 4754 2178 4845 (4)
2217 4773 2335 4829 VV.
2372 4771 2478 4827 PP.
2505 4770 2691 4825 Rosw.
2726 4769 2823 4822 lib.
2858 4764 2902 4820 ll
2929 4780 3050 4835 cap.
3082 4762 3150 4816 27
3182 4776 3236 4831 p.
3265 4758 3389 4823 I79,
3411 4754 3467 4810 I.

2097 4872 2175 4941 (5)
2217 4866 2468 4923 Galland.
2504 4864 2621 4919 Bibl
2679 4860 2782 4915 PP.
2806 4854 2869 4915 T.
2894 4856 2987 4912 vn
3014 4870 3068 4926 p.
3096 4854 3224 4909 555.

2098 4960 2175 5031 (6)
2218 4960 2355 5013 Ibid.
2382 4973 2435 5027 p.
2479 4955 2605 5010 sci.
2636 4953 2759 5009 565.

2102 5020 2179 5122 (7)
2206 5053 2262 5105 1η
2293 5020 2402 5103 vita
2427 5047 2485 5103 S.
2518 5046 2671 5101 Pauli
2702 5042 2985 5105 eremitae,
3023 5034 3079 5091 S.
3104 5033 3329 5088 Hieron.
3353 5029 3492 5099 Opp.
3516 5020 3606 5082 ed.

2027 5144 2226 5200 Bened.
2260 5141 2322 5195 Τ.
2348 5140 2435 5195 ιγ.
2465 5136 2525 5193 r.
2554 5137 2596 5191 ιι
2620 5152 2673 5207 p.
2705 5134 2796 5190 69.

2100 5233 2177 5305 (8)
2206 5232 2390 5286 Ruﬁni
2414 5227 2676 5299 Apologia
2703 5217 3024 5295 [lnvectiva]
3059 5217 3112 5270 in
3139 5213 3194 5268 S‘.
3218 5210 3611 5305 Hieronymum

2026 5292 2122 5381 lib:
2159 5292 2200 5377 Il
2238 5339 2360 5393 cap.
2388 5292 2479 5388 1‘2;
2496 5292 2635 5390 Opp.
2670 5292 2759 5373 ed.
2801 5312 3035 5366 Vallarsi
3068 5314 3122 5380 p.
3154 5308 3284 5370 567,
3314 5296 3492 5373 Migne
3514 5292 3607 5351 Pa-

2028 5418 2151 5474 trol.
2188 5416 2251 5469 Τ.
2276 5414 2398 5468 XXI
2429 5430 2483 5484 p.
2510 5411 2649 5477 594;
2713 5407 2772 5462 S.
2822 5406 3047 5460 Hieron.
3084 5398 3223 5471 Opp.
3270 5397 3358 5453 eti.
3404 5393 3606 5449 Bcned.

2029 5513 2067 5566 ι.
2103 5511 2139 5563 l.
2169 5524 2220 5578 p.
2245 5506 2367 5560 422.

2099 5572 2186 5669 (οἱ
2205 5599 2362 5670 Apol.
2394 5596 2520 5652 adv.
2545 5594 2803 5653 Ruﬁnum
2835 5589 2933 5647 lib.
2962 5586 3052 5650 Ill,
3098 5584 3155 5639 s.
3195 5580 3421 5635 Hieron.
3470 5572 3607 5670 opp.

2029 5664 2117 5749 ed.
2148 5664 2347 5747 Bened.
2374 5691 2407 5745 l.
2443 5692 2480 5743 1.
2513 5705 2566 5760 p.
2603 5687 2707 5743 459
2731 5702 2814 5755 sq.
2852 5683 2926 5737 De
2960 5681 3154 5734 itinere
3190 5673 3247 5727 S.
3298 5664 3612 5760 Hieronymi

2029 5789 2084 5841 in
2125 5790 2366 5855 Aegypto
2401 5784 2473 5838 cf.
2509 5756 2567 5838 ἐν.
2590 5780 2817 5836 Hieron.
2843 5779 2981 5846 Opp.
3016 5770 3104 5827 ed.
3131 5764 3311 5836 Migne
3338 5761 3402 5816 T.
3441 5756 3609 5830 lil’a-

2028 5878 2157 5933 trol.
2192 5874 2359 5945 XXII]
2384 5890 2435 5947 p.
2464 5874 2534 5930 60
2566 5890 2690 5944 sqq.
3260 5949 3301 6012 2
