4046 6460
266 391 330 447 3'7

1883 403 2116 459 VITAE.
3568 358 3655 469 δέ

286 513 471 578 nullis
486 512 673 581 locis
699 520 1041 595 differre,
1074 527 1253 603 atque
1283 523 1469 585 etiam
1502 523 1950 604 locupletiores
1978 533 2023 584 A
2053 523 2486 604 phthegmata,
2520 544 2684 607 quae
2711 528 3011 591 Possinus
3043 530 3242 607 prior,
3275 535 3380 607 37
3412 529 3642 594 deinde

301 633 431 679 esse
446 616 902 697 videbantur,
937 624 1031 685 ita
1060 630 1125 685 ut
1149 625 1574 705 maximOpere
1596 624 1769 703 digni
1790 625 1935 701 sint,

317 718 417 799 qui
473 738 628 781 cum
668 722 868 785 edito
938 729 1114 786 textu
1165 725 1453 787 Cotelerii
1508 727 1934 789 conferantur.

322 818 813 884 Observandum
855 831 1073 886 autem
1118 833 1231 898 est,
1268 827 1740 907 compilatorem
1771 829 1938 891 illius

333 921 619 1017 opusculi
658 925 1231 1005 ApOphthcgmata
1259 927 1545 1008 inscripti
1586 930 1652 991 in
1701 931 1941 1010 praefa-

343 1021 513 1083 tionis
546 1024 683 1087 [ine
728 1026 814 1088 de
850 1027 1203 1107 appendice
1232 1028 1502 1108 quadam
1535 1046 1570 1092 a
1601 1047 1667 1092 se
1699 1030 1939 1095 adiecta

349 1122 527 1203 loqui,
560 1144 698 1204 qua
720 1150 751 1182 α
771 1146 998 1189 senum
1029 1128 1231 1203 effata,
1248 1148 1517 1210 quorum
1532 1130 1786 1193 nomina
1810 1149 1939 1194 non

350 1226 785 1300 nominantur,
806 1251 835 1282 η
871 1229 1469 1311 collegerit(1).Eam
1490 1230 1681 1308 igitur
1702 1248 1940 1312 appen-

346 1324 570 1397 dicem,
605 1343 803 1404 quam
826 1326 1117 1406 nuspiam
1148 1327 1382 1389 editam
1410 1326 1718 1398 videmus,
1751 1324 1938 1388 char-

342 1430 519 1487 taceo
548 1425 669 1486 illo
710 1425 1147 1491 alterocodice
1180 1444 1215 1487 a
1244 1426 1355 1488 fol.
1382 1426 1479 1501 80,
1533 1426 1558 1487 1
1602 1444 1804 1507 usque
1859 1426 1938 1488 ad

344 1524 450 1583 fol.
515 1523 661 1598 163,
716 1522 743 1585 1
810 1524 1113 1586 contineri
1169 1525 1479 1595 existimo,
1530 1524 1769 1604 quippe
1807 1540 1937 1603 quo

343 1627 659 1686 continuo
695 1630 841 1705 post
877 1624 1426 1705 ApOphthegmata
1470 1623 1757 1686 collectio
1789 1641 1935 1685 nar-

2048 626 2275 688 Pritius
2318 628 2513 689 edidit
2572 628 2679 708 (3),
2711 629 3173 702 adhibebimus,
3200 645 3318 690 nec
3362 646 3491 691 non
3541 648 3640 707 ea,

2048 748 2213 811 quae
2242 732 2473 811 passim
2511 732 2578 793 in
2601 732 2741 793 vitis
2770 734 3165 805 Sanctorum,
3208 748 3365 811 quas
3394 732 3645 794 Bollan-

2049 832 2247 894 distae
2276 832 2632 908 ediderunt,
2666 833 2975 896 habemus
3008 832 3117 913 (4).
3142 832 3338 894 Porro
3367 850 3531 913 quae
3563 833 3642 896 de

2050 929 2242 992 exilio
2286 947 2509 993 senum
2550 932 2946 1012 temporibus
2983 932 3152 993 illius
3178 933 3642 1011 persecutionis
3717 1000 3723 1009 ,

2049 1048 2083 1092 a
2116 1031 2308 1093 Lucio
2349 1032 2650 1093 excitatae
2690 1048 2725 1093 e
2763 1031 3021 1104 Ruﬁno,
3069 1033 3325 1092 Socrate
3353 1037 3415 1093 et
3444 1033 3642 1093 Sozo-
3716 1036 3721 1117 ἒ

2050 1148 2241 1193 meno
2271 1138 2664 1212 repetuntur,
2708 1148 2838 1193 non
2886 1132 3271 1204 omittemus,
3312 1149 3385 1195 ac
3427 1132 3641 1194 locum
3711 1196 3719 1204 _

2049 1232 2327 1311 denique
2382 1249 2415 1293 e
2466 1232 2589 1292 vita
2621 1231 2683 1293 S.
2714 1229 3066 1293 Posthumii
3118 1231 3641 1306 examinabimus,
3706 1246 3715 1279 :

2049 1348 2178 1411 quo
2209 1332 2284 1393 lis
2314 1331 2393 1394 de
2424 1331 2692 1394 Macario
2722 1333 2783 1392 S.
2817 1332 3071 1393 Antonii
3101 1330 3439 1412 discipulo,
3486 1348 3643 1391 num

2046 1448 2210 1493 unus
2253 1448 2331 1492 ex
2375 1431 2605 1493 nostris
2641 1431 2923 1493 Macariis
2948 1430 3159 1506 fuerit,
3194 1448 3316 1493 nec
3360 1447 3466 1505 ne,
3501 1430 3640 1491 dis-

2046 1540 2341 1595 cernetur
2387 1531 2497 1613 (5).
2548 1534 2770 1613 Neque
2812 1549 2962 1594 vero
2993 1540 3279 1594 nostrum
3309 1549 3447 1595 esse
3483 1531 3640 1594 illud

2046 1634 2247 1695 visum
2278 1640 2393 1708 est,
2438 1651 2657 1696 eorum
2686 1650 2945 1714 quoque
2972 1633 3283 1695 Historiae
3323 1632 3637 1695 Ecclesia-

344 1728 670 1788 rationum
720 1728 799 1790 de
844 1730 1129 1809 patribus
1170 1730 1310 1791 sine
1379 1728 1792 1808 inscriptione
1846 1744 1941 1789 se-
2048 1735 2239 1796 sticae
2292 1732 2698 1814 scriptorum,
2732 1734 2843 1813 qui
2868 1732 3149 1795 fontibus
3178 1732 3300 1794 illis
3328 1732 3641 1812 primariis

343 1835 606 1905 quatur;
647 1829 759 1889 sed
782 1829 1025 1891 initium
1057 1831 1276 1891 deesse
1293 1829 1699 1891 videtur.Hae
1727 1834 1937 1890 autem
2046 1835 2424 1909 innituntur,
2457 1852 2533 1896 ex
2552 1834 2759 1913 iisque
2789 1852 2888 1896 res
2914 1840 2976 1895 et
2993 1834 3182 1895 verba
3210 1832 3579 1905 hauserunt,
3604 1849 3638 1892 θ

344 1928 741 1989 narrationes
784 1926 1181 1990 solummOdO
1228 1946 1431 2007 usque
1471 1928 1548 1989 ad
1576 1926 1687 1989 f01-
1730 1926 1861 2001 145,
1896 1926 1931 1987 2
1966 1915 2005 1968 Β
2037 1953 2310 2015 quorum
2331 1950 2598 1996 numero
2620 1935 2931 2007 Socrates,
2959 1935 3373 2006 Sozomenus,
3405 1930 3636 1993 deinde

344 2031 419 2090 de
457 2031 724 2092 senibus
752 2032 1082 2111 anonymis
1108 2038 1321 2108 agunt,
1344 2030 1514 2092 unde
1564 2030 1721 2091 aliae
1765 2046 1931 2090 non-

344 2130 551 2193 nullae
574 2131 659 2193 de
684 2132 962 2207 senibus,
985 2149 1253 2212 quorum
1266 2131 1521 2194 nomina
1536 2131 1742 2193 addita
1763 2137 1930 2203 sunt,

341 2240 725 2312 sequuntur,
750 2240 936 2313 atque
971 2234 1137 2295 inter
1186 2251 1291 2296 eas
1334 2240 1462 2294 tres
1496 2233 1575 2294 de
1620 2233 1931 2306 Macariis,

341 2352 498 2413 quas
529 2351 564 2395 e
609 2334 833 2395 codice
868 2334 1210 2414 descriptas
1247 2335 1414 2396 iusto
1454 2333 1598 2396 loco
1630 2334 1934 2414 adjunge-

345 2451 508 2494 mus.
536 2434 767 2511 Neque
796 2430 947 2494 illud
962 2432 1064 2496 hic
1079 2434 1458 2509 omittamus,
1480 2435 1548 2495 in
1569 2434 1765 2496 altero
1780 2450 1939 2514 quo-

340 2533 1003 2611 que,membranaceo
1024 2532 1133 2594 illo
1178 2539 1237 2594 et
1282 2541 1663 2613 pervetusto,
1720 2533 1939 2596 codice

342 2638 481 2710 post
510 2630 1249 2711 Apophthegmataafol.
1279 2630 1412 2705 141,
1434 2631 1469 2691 2
1497 2649 1698 2712 usque
1728 2632 1806 2693 ad
1825 2630 1937 2693 fol.

344 2734 451 2796 158
505 2734 816 2813 quasdam
846 2734 1238 2795 narrationes
1280 2735 1583 2796 continuo
1624 2733 1803 2812 sequi
1838 2732 1938 2793 in-

2037 2036 2281 2109 Suidas,
2322 2034 2719 2117 Nicephorus
2755 2034 3036 2096 Callistus
3065 2039 3234 2101 sunt.
3266 2031 3444 2093 locos
3481 2030 3641 2093 rela-

2038 2137 2373 2216 tionesque
2406 2136 2473 2197 in
2503 2135 2780 2197 medium
2812 2134 3120 2214 proferre,
3144 2132 3384 2212 quippe
3406 2131 3637 2212 quibus

2039 2252 2263 2316 parum
2286 2237 2593 2315 proﬁcere
2612 2234 2949 2314 possimus.
2974 2234 3265 2294 Attamen
3294 2247 3404 2293 eos
3425 2230 3631 2293 brevi-

2038 2343 2134 2398 ter
2153 2343 2485 2398 recensere
2504 2350 2539 2396 a
2573 2348 2642 2395 re
2671 2333 2946 2396 alienum
2973 2349 3104 2394 non
3134 2348 3273 2393 esse
3288 2330 3519 2411 putavi.

2120 2437 2381 2497 Stratam
2416 2434 2606 2513 igitur
2640 2436 2801 2496 viam
2832 2432 3117 2496 alacriter
3149 2431 3274 2493 iam
3321 2447 3490 2492 nunc
3530 2432 3634 2492 in-

2042 2537 2357 2611 sistamus,
2393 2535 2656 2613 singulis
2690 2536 2768 2597 de
2798 2534 3082 2596 Macariis
3122 2532 3189 2593 in
3226 2547 3425 2593 unum
3454 2548 3630 2592 com-

2043 2642 2359 2715 ponentes
2394 2641 2456 2695 et
2496 2633 2726 2696 claram
2757 2632 3189 2709 idoneamque
3234 2646 3455 2692 eorum
3495 2628 3630 2690 effi-

2046 2739 2233 2817 giem,
2290 2743 2596 2816 quantum
2640 2751 3000 2815 possumus,
3052 2732 3491 2811 depingentes.
3548 2734 3633 2793 Ac

340 2838 604 2915 scriptas
643 2856 656 2898 ζ
692 2846 958 2916 Διήγησις
994 2847 1059 2899 ἐκ
1094 2844 1189 2899 τοῦ
1219 2844 1332 2917 βίου
1372 2845 1467 2897 τοῦ
1512 2844 1681 2898 Ἀὄῦἇ
1722 2845 1939 2915 Δανιήλ.

344 2949 451 2999 Ἠν
479 2965 565 3010 τις
590 2946 777 3017 γέρων
806 2948 863 2998 ὲν
900 2948 966 3016 τῇ
994 2946 1246 3017 Σκήτῃ...
1431 2932 1650 3015 Itaque
1685 2935 1943 2997 alteram

342 3037 1290 3118 habemusApophthegmatum
1313 3036 1944 3119 appendicem,quae
2125 3046 2468 3092 PALLADIUS
2512 3046 2595 3090 ns
2638 3044 2875 3089 SANCTO
2917 3042 3194 3087 MACABIO
3215 3040 3549 3085 AEGYPTIO.

344 3148 581 3213 tamen,
619 3154 817 3217 quum
861 3136 1119 3197 nomina
1155 3154 1402 3210 senum,
1434 3136 1512 3198 de
1551 3135 1780 3215 quibus
1808 3135 1943 3213 agi-
2130 3136 2157 3207 §
2194 3131 2285 3192 12.
2317 3130 2575 3193 Palladii
2611 3128 2883 3192 Historia
2923 3126 3240 3199 Lausiaca,
3272 3141 3436 3204 quae
3464 3123 3634 3187 codi-

343 3238 803 3317 tur,adscripta
827 3235 974 3311 sint,
1000 3237 1220 3298 eadem
1240 3235 1944 3317 illa,cujusApophthe-
1970 3251 2012 3309 ο
2048 3235 2225 3297 cibus
2246 3232 2845 3295 Vindobonensibus
2866 3229 3247 3301 continetur,
3279 3227 3357 3288 de
3382 3227 3632 3292 duobus

344 3348 623 3419 gmatum
668 3337 973 3419 praefatio
1018 3344 1345 3412 memorat,
1387 3355 1523 3400 esse
1558 3338 1799 3416 nequit.
1846 3337 1932 3397 De
2041 3336 2322 3397 Macariis
2364 3334 2593 3414 incipit
2641 3333 2763 3394 hoc
2808 3332 3048 3393 modo:
3084 3353 3113 3387 α
3152 3332 3525 3395 Sanctorum
3569 3337 3633 3394 et

344 3440 626 3502 Macariis
654 3438 801 3500 huic
836 3437 1013 3500 alteri
1049 3436 1515 3499 membranacei
1542 3436 1779 3499 codicis
1816 3452 1930 3516 ap-
2039 3436 2491 3499 immortalium
2522 3442 2795 3516 patrum,
2827 3432 3079 3495 Macarii
3107 3431 3393 3511 Aegyptii
3420 3437 3483 3494 et
3509 3433 3633 3494 Ma-

2044 2838 2316 2919 primum
2348 2836 2605 2917 quidem
2645 2834 2993 2897 Palladium
3027 2838 3251 2894 testem
3280 2830 3629 2893 audiamus.

2644 2934 2886 2995 CAPUT
2933 2934 3010 2993 Π.

346 3536 597 3619 pendici
631 3535 785 3596 nihil
823 3535 1014 3597 inest.

422 3639 550 3697 Iam
607 3642 862 3715 praeter
904 3634 1012 3697 illa
1061 3634 1608 3715 Apophthegmata
1655 3640 1718 3696 et
1772 3652 1933 3713 quae

344 3755 489 3801 cum
509 3738 587 3798 iis
617 3735 985 3811 cohaerent,
1009 3735 1129 3798 alia
1154 3753 1412 3815 quoque
1435 3735 1742 3797 nonnulla
1774 3740 1939 3815 Apo-

413 3979 490 4047 (Ι)
530 3978 774 4033 Coteler.
801 3977 951 4033 Eccl.
977 3974 1171 4032 Graec.
1202 3973 1347 4031 Mon.
1367 3974 1432 4030 T.
1458 3976 1474 4030 1
1503 3976 1679 4045 p.539
1706 3991 1721 4030 :
1752 3976 1935 4028 Ἐπει-

342 4071 405 4142 δὴ
435 4071 494 4123 δέ
529 4074 639 4125 εἱσι
674 4070 767 4124 καὶ
786 4070 965 4141 ἕτεροι
992 4070 1141 4138 λόγοι
1166 4070 1437 4140 γερόντων
1464 4068 1635 4137 ἁγίων
1674 4068 1766 4121 καὶ
1793 4067 1930 4138 πρά-

345 4166 459 4231 ξεις
494 4166 571 4235 μὴ
616 4163 969 4234 ἐμφαίνοντες
1014 4162 1080 4216 τὰ
1125 4162 1364 4233 ὀνόματα
1395 4161 1505 4214 τῶν
1534 4178 1593 4213 τε
1623 4161 1926 4233 εἰρηκότων

346 4259 547 4320 αὐτοὺς
585 4258 680 4308 καὶ
731 4256 1091 4327 πραξάντων,
1118 4254 1341 4317 τούτους
1378 4253 1513 4324 μετὰ
1543 4253 1640 4324 τὴν
1679 4252 1930 4323 συμπλή-

351 4366 518 4421 ρωσιν
568 4347 679 4399 τῶν
726 4348 862 4400 κατὰ
904 4347 1162 4415 στοιχεῖον
1189 4347 1245 4398 ὲν
1270 4342 1584 4412 κεφαλαίοις
1619 4342 1933 4412 ὲξεθέμεοα.

426 4441 505 4510 (2)
549 4439 772 4494 Brevem
800 4441 901 4493 hoc
937 4440 1057 4492 loco
1086 4437 1332 4491 notitiam
1366 4451 1572 4499 rerum,
1596 4450 1734 4504 quae
1764 4435 1816 4487 in
1859 4434 1936 4487 al-

347 4542 468 4586 tera
496 4532 605 4585 hac
629 4570 643 4593 ,
679 4531 1081 4585 membranacei
1134 4528 1363 4591 codicis,
1413 4526 1713 4597 appendice
1759 4526 1937 4578 conti-

2040 3534 2729 3606 carii38Alexandrini,
2756 3530 3152 3610 egregiorum
3172 3538 3232 3591 et
3249 3530 3627 3593 invictorum

2038 3632 2441 3706 athletarum,
2490 3630 2795 3692 honestae
2843 3628 3003 3688 vitae
3055 3629 3417 3700 certamina,
3466 3646 3629 3707 quae

2044 3740 2192 3796 sunt
2214 3732 2408 3795 multa
2436 3738 2499 3794 et
2534 3748 2784 3809 magna,
2813 3744 3039 3790 vereor
3075 3727 3287 3789 dicere
3310 3734 3370 3789 et
3400 3727 3631 3792 descri-

2041 3975 2255 4047 spicere
2285 3975 2539 4031 videntur
2584 3975 2654 4030 ad
2693 3976 2961 4032 vocabula
3005 3976 3075 4031 ab
3125 3975 3316 4031 eadem
3361 3990 3525 4029 manu
3572 3977 3625 4030 in

2042 4068 2175 4123 folio
2198 4068 2489 4124 chartacco
2532 4068 2699 4123 fronti
2735 4070 2945 4124 codicis
2988 4068 3331 4139 adglutinato
3372 4070 3579 4138 scripta
3611 4084 3623 4117 :

2035 4163 2255 4228 βίϐλος
2303 4161 2671 4230 περιέχουσα
2738 4160 3179 4230 Ἀποφθέγματα
3230 4160 3329 4214 καὶ
3381 4160 3626 4227 πράξεις

2042 4258 2225 4326 ἁγίων
2274 4258 2546 4323 πατέρων
2596 4255 3103 4323 συναθροισθεῖσα
3159 4255 3278 4307 ὑπὸ
3330 4253 3627 4323 διαφεῖρων

2038 4348 2223 4417 ἁγίων
2244 4347 2340 4399 καὶ
2369 4344 2579 4413 σοφῶν
2619 4345 2883 4413 ἀνδρῶν.
2923 4344 3396 4415 Apophthegmata
3419 4356 3624 4405 autem,

2038 4454 2181 4509 quae
2204 4438 2416 4492 codicis
2443 4437 2538 4490 fol.
2577 4437 2630 4501 1,
2674 4438 2905 4499 ι-ιιιι,
2930 4438 2966 4490 2
3015 4437 3302 4507 li'gutttur,
3330 4437 3433 4491 hoc
3466 4436 3627 4489 titulo

2040 4532 2271 4601 antiqua
2317 4545 2482 4582 manu
2528 4531 3017 4600 scriptozﬁimoq
3048 4528 3415 4597 περιέχουσα
3462 4527 3626 4582 Ἀπσ

346 4632 595 4685 nentur,
639 4636 763 4675 cum
801 4621 1004 4675 lectore
1051 4619 1459 4675 communicare
1494 4618 1663 4671 lubet.
1702 4615 1801 4669 Ubi
1837 4616 1930 4669 fol.

2041 4623 2350 4693 φθέγματα
2384 4622 2483 4674 καὶ
2519 4621 2771 4691 πράξεις
2819 4622 3003 4691 ἁγίων
3050 4623 3321 4691 πατέρων
3364 4620 3621 4689 insignita

346 4716 473 4774 Ml.
515 4713 553 4767 2
575 4743 648 4751 —-
674 4712 767 4765 fol.
801 4712 905 4766 158
928 4714 1272 4766 narrationes
1303 4717 1509 4778 septem
1560 4710 1814 4779 leguntur
1857 4709 1930 4761 ita

346 4809 650 4877 inscriptae
688 4825 701 4859 :
747 4804 789 4858 l.
832 4802 1120 4872 Διήγησις
1165 4804 1234 4856 ἐκ
1272 4802 1379 4856 τοῦ
1419 4802 1564 4865 ,ϐίου
1620 4799 1728 4853 τοῦ
1781 4797 1933 4853 ἀϐϐᾶ

345 4894 734 4964 Δανιήλ.⁷Ην
762 4914 847 4961 τις
891 4896 1067 4966 γέρων
1110 4898 1169 4948 ἐν
1209 4898 1276 4965 τῇ
1314 4895 1499 4965 Σκήτῃ
1548 4893 1777 4963 ὀνόματι
1829 4892 1934 4942 Δα-

344 4992 465 5062 νιὴλ
492 4992 593 5044 καὶ
622 4986 732 5061 εἶχε
765 4988 1031 5060 μαθητήν.
1065 4987 1384 5059 συνῴκησαν
1408 4987 1464 5039 δὲ
1490 4983 1567 5055 τῷ
1606 4982 1823 5055 μαθητῇ
1845 4984 1933 5037 αὑ·

349 5086 438 5138 τοῦ
470 5104 527 5138 κ.
566 5100 620 5135 τ.
655 5084 706 5135 λ.
732 5082 794 5136 ll.
820 5080 962 5148 Περὶ
1008 5080 1114 5134 τοῦ
1161 5080 1429 5149 ἀδελφοῦ
1477 5078 1594 5133 ἀπὸ
1633 5076 1927 5146 ὀμμάτων.

360 5172 597 5242 111.Περὶ
628 5172 737 5240 τῆς
770 5171 944 5239 ἁγίας
978 5171 1075 5223 καὶ
1110 5171 1422 5238 σώφρονος
1450 5166 1760 5236 κόρης-ΛΥ.
1787 5166 1929 5234 Περὶ

358 5266 460 5333 τῆς
500 5264 851 5332 πατρικείας
900 5261 1455 5330 μετονομασθείσης
1503 5256 1816 5325 εὐνοῦχος.
1861 5253 1927 5308 ν.

352 5359 481 5424 Περὶ
531 5352 995 5425 ἀργιφοπράτου
1056 5351 1157 5405 καὶ
1214 5350 1321 5419 τῆς
1380 5348 1668 5419 γυναικὸς
1721 5346 1927 5401 αὐτοῦ.

344 5447 450 5505 Ἦν
472 5456 559 5513 τις
586 5446 1021 5522 ἀργυροπράτης
1042 5446 1099 5497 ὲν
1130 5442 1425 5513 Ἀντιοχείᾳ
1454 5444 1520 5512 τῇ
1558 5440 1767 5511 μεγάλῃ
1792 5438 1927 5493 νεώ-

338 5562 498 5613 τερος
529 5543 761 5613 ὀνόματι
812 5537 1149 5610 Ἀνδρονίκος
1199 5553 1253 5589 κ.
1309 5553 1360 5589 τ.
1398 5535 1447 5588 λ.
1504 5532 1589 5587 Vl.
1638 5532 1778 5600 Περὶ
1822 5530 1931 5599 τῆς

344 5636 876 5702 προσποιουμένης
903 5630 1169 5699 μεθύειν,
1192 5627 1302 5681 VII.
1327 5627 1466 5695 Περὶ
1494 5626 1601 5680 τοῦ
1634 5626 1929 5694 Λατόμου.

349 5728 445 5783 His
492 5731 657 5800 igitur
699 5724 982 5795 capitibus
1017 5723 1189 5777 codex
1236 5722 1587 5776 terminatur.
1640 5719 1933 5774 Recentior

349 5837 536 5877 manus
583 5824 638 5876 in
670 5820 782 5875 fine
807 5814 1110 5884 adscripsit
1151 5833 1165 5868 :
1201 5813 1375 5879 τέλος
1408 5811 1526 5865 τῶν
1555 5811 1930 5881 ἀποφθεγμά-

346 5929 454 5964 των
494 5916 590 5971 καὶ
621 5913 906 5982 πράξεων
935 5908 1057 5961 τῶν
1090 5907 1271 5974 ἁγίων
1318 5904 1587 5971 πατέρων
1610 5944 1624 5971 ,
1657 5920 1799 5974 quae
1848 5920 1931 5958 re-

2036 4723 2186 4771 sunt.

2080 4804 2164 4879 (5)
2202 4808 2521 4865 Thesaurus
2560 4808 2846 4864 Asceticus
2897 4809 3011 4863 sive
3044 4816 3331 4878 syntagma
3380 4817 3623 4873 cpuscu~

2035 4898 2211 4953 lorum
2271 4900 2574 4955 octodecim
2626 4914 2656 4952 a
2707 4898 2921 4969 graecis
2974 4898 3103 4953 olim
3147 4897 3395 4966 patribus
3444 4895 3513 4949 de
3560 4911 3621 4948 re

2035 4989 2273 5043 ascetica
2314 4991 2669 5059 scriptorum.
2705 4988 2779 5041 Ea
2832 5003 2980 5042 nunc
3016 4989 3250 5056 primum
3279 4984 3551 5055 prodeunt
3590 5000 3621 5037 e

2031 5079 2424 5135 vetustissimis
2448 5096 2581 5135 mss.
2608 5078 2894 5133 codicibus
2919 5084 3099 5139 eruta,
3128 5075 3422 5130 collectore
3454 5085 3619 5145 atque

2034 5170 2333 5240 interprete
2363 5170 2528 5225 Petro
2561 5171 2794 5226 Possino
2827 5169 2953 5224 Soc.
2989 5167 3142 5224 Jcsu.
3192 5167 3421 5223 Parisiis
3454 5168 3619 5226 1684.

2031 5262 2085 5317 4.
2118 5263 2588 5333 Apophthegmata
2630 5269 2850 5317 exstant
2899 5277 2954 5332 p.
3000 5261 3109 5315 253
3142 5278 3262 5332 sqq.
3298 5260 3486 5315 Sancti
3514 5259 3619 5312 Pa.

2033 5354 2135 5408 tris
2186 5352 2410 5407 Macarii
2465 5351 2711 5423 Aegyptii
2758 5352 3024 5421 opuscula
3073 5351 3337 5406 nonnulla
3386 5357 3440 5404 et
3488 5363 3618 5417 apo-

2033 5445 2383 5517 plithegmata
2422 5446 2510 5499 ed.
2537 5442 2622 5499 ιο.
2655 5443 2925 5516 Georgius
2957 5444 3165 5499 Pritius
3204 5443 3424 5513 Lipsiae
3452 5442 3614 5495 1699.

2033 5534 2506 5605 Apophthegmata
2562 5542 2784 5589 exstant
2834 5551 2888 5605 p.
2918 5534 3020 5588 2'5!
3070 5550 3191 5604 sqq.
3234 5533 3421 5601 anue
3468 5535 3615 5603 typis

2033 5624 2390 5695 repetivimus
2420 5624 2562 5679 infra
2588 5626 2641 5680 in
2668 5625 2863 5680 harum
2882 5627 3267 5696 quaesliouum
3302 5621 3618 5693 Appendfec

2033 5719 2204 5772 altera
2237 5718 2342 5772 sub
2373 5718 2436 5769 Il.

2108 5812 2164 5877 Ιι)
2204 5809 2288 5861 Cf.
2328 5808 2468 5862 infra
2508 5809 2685 5878 Caput
2721 5807 2831 5860 VII.

2105 5902 2160 5969 5)
2199 5900 2284 5953 Cf.
2317 5902 2455 5954 infra
2488 5901 2664 5967 Caput
2698 5899 2830 5953 Vlll.
