4046 6454
461 429 531 486 39
1276 424 1378 479 SS.
1420 424 1881 481 MACAIHORUM
1916 420 2242 478 AEGYPTII
2286 423 2372 477 ΕΤ
2409 425 2881 483 ALEXANDRINI
3663 433 3750 487 40

461 549 633 622 bere,
667 563 748 608 ne
776 547 876 618 iis,
910 545 1018 626 qui
1048 545 1192 608 talia
1233 546 1444 606 minus
1486 552 1728 620 curant,
1777 544 2046 606 mendax
2077 546 2122 601 A
2151 543 2236 604 ibi
2280 543 2584 621 habitant,
2637 567 3028 630 unoquoque
3070 565 3321 630 semper
3365 551 3741 631 proximum

459 668 595 714 esse
623 651 836 713 videar
859 657 1120 731 propter
1147 652 1516 712 immensam
1547 649 2042 727 magnitudinem

457 749 976 812 exercitationum
1038 749 1202 811 vires
1259 755 1519 811 naturae
1577 747 2038 810 excedentium.

457 851 578 913 Sed
628 858 689 912 et
735 869 955 913 eorum
991 852 1208 928 gratia,
1253 852 1363 932 qui
1416 852 1744 912 virtutibus
1788 850 2041 930 spiritus

457 952 658 1013 ornati
688 949 854 1013 dona
883 951 1092 1013 divina
1129 951 1371 1030 experti
1400 957 1544 1012 sunt
1582 951 1788 1029 dignis
1829 950 2038 1012 distri-

455 1053 624 1127 buta,
675 1053 933 1114 virtutes
975 1053 1283 1115 enarrabo
1331 1059 1691 1115 sanctorum
1733 1053 2038 1114 Macario-

457 1172 619 1229 rum,
657 1154 769 1234 qui
803 1154 1058 1215 nomina
1091 1170 1350 1234 quoque
1394 1153 1624 1215 sanctis
1673 1153 1802 1214 suis
1836 1159 2039 1214 certa-

452 1255 729 1316 minibus
781 1270 1068 1317 asceseos
1119 1253 1307 1332 digna
1362 1253 1854 1333 possidebant.»
1910 1255 2040 1326 Qua

455 1355 756 1434 singulari
806 1361 992 1434 atque
1051 1353 1305 1416 insolita
1360 1353 1832 1416 introductione
1886 1372 2040 1415 usus

453 1457 763 1519 Palladius
789 1443 1092 1518 Macarios
1123 1471 1276 1516 sane
1316 1472 1468 1534 prae
1504 1454 1728 1515 ceteris
1758 1453 2037 1528 senibus,

460 1576 727 1639 quorum
755 1575 858 1620 res
889 1563 1093 1636 gestas
1125 1556 1418 1629 narravit,
1449 1571 1833 1634 magnopere
1865 1570 2043 1634 prae-

459 1659 643 1722 dicat.
671 1663 755 1721 Ac
779 1659 983 1738 pergit
1006 1657 1091 1719 ita
1116 1673 1368 1718 narrare
1391 1675 1404 1717 :
1432 1679 1460 1712 «
1486 1655 1762 1717 Primum
1783 1653 2041 1734 quidem

458 1759 707 1822 Macarii
735 1758 1046 1838 Aegyptii,
1079 1758 1189 1837 qui
1217 1757 1367 1818 vixit
1391 1757 1671 1834 integros
1699 1755 2042 1833 nonaginta

2146 645 2330 707 variis
2359 648 2519 708 vitae
2547 648 2845 711 institutis
2875 651 3124 713 vincere
3153 652 3599 713 contendente.
3624 657 3746 713 At-

2146 763 2272 825 que
2313 747 2391 809 ad
2425 747 2608 810 aliam
2639 748 2825 830 hujus
2851 750 2966 811 viri
3011 752 3520 812 exercitationem
3554 735 3742 832 quod

2145 854 2410 927 spectat,
2435 848 2570 929 ipse
2595 849 2920 912 dicebatur
2939 850 3197 913 adsidue
3223 851 3288 912 in
3321 852 3543 913 ecstasi
3563 869 3736 926 esse,

2145 957 2208 1011 et
2228 951 2452 1031 majori
2480 961 2766 1031 tempore
2796 951 2926 1014 Deo
2962 952 3158 1030 magis
3179 970 3368 1031 quam
3399 952 3587 1013 rebus
3610 960 3744 1014 ter—

2144 1049 2313 1110 renis
2345 1051 2665 1129 occupari.
2709 1053 2837 1112 Nec
2876 1068 3076 1131 pauca
3105 1051 3392 1113 feruntur
3427 1051 3741 1114 miracula

2143 1151 2222 1212 ab
2253 1167 2329 1212 eo
2359 1160 2632 1230 peracta.

2225 1293 2253 1324 «
2277 1269 2675 1332 Libidinosus
2704 1271 2960 1352 quidam
2990 1270 3206 1342 homo,
3240 1271 3586 1352 Aegyptius
3613 1289 3735 1350 ge-

2143 1386 2318 1443 nere,
2372 1377 2594 1450 captus
2641 1378 2774 1433 erat
2827 1388 3044 1434 amore
3091 1371 3415 1434 cuiusdam
3459 1372 3740 1452 pudicae

2142 1470 2444 1544 mulieris,
2478 1487 2641 1551 quae
2664 1471 2796 1533 viro
2829 1478 3149 1551 nupserat.
3182 1473 3382 1544 Quum
3411 1471 3738 1533 desiderio

2142 1571 2563 1645 frustraretur,
2604 1573 2896 1634 convenit
2938 1589 3214 1650 magum,
3257 1572 3360 1634 cui
3396 1591 3408 1633 :
3445 1573 3584 1646 Fac,
3621 1573 3736 1640 in-

2144 1674 2302 1752 quit,
2333 1681 2463 1735 arte
2495 1681 2622 1743 tua.
2658 1680 2763 1736 aut
2791 1681 2862 1735 ut
2891 1680 3058 1735 amet
3085 1690 3213 1748 me,
3242 1679 3349 1735 aut
3373 1679 3440 1734 ut
3467 1675 3740 1735 maritus

2145 1792 2283 1837 eam
2332 1776 2501 1838 foras
2549 1777 2774 1838 eiiciat.
2816 1779 3053 1854 Magus,
3104 1793 3268 1856 quae
3321 1782 3566 1855 poterat
3611 1793 3737 1836 ex-

452 1879 676 1933 annos,
724 1861 984 1921 virtutes
1030 1856 1372 1938 proferam.
1421 1859 1481 1918 Is
1528 1858 1596 1918 in
1634 1856 2039 1918 solitudinem
2073 1886 2114 1940 Β
2142 1883 2382 1956 pertus,
2426 1877 2727 1956 quoniam
2757 1886 2998 1939 castum
3037 1878 3169 1956 ejus
3209 1876 3486 1938 animum
3518 1875 3734 1938 dimo-

451 1963 704 2040 triginta
750 1977 951 2021 annos
998 1966 1180 2021 natus
1216 1957 1520 2031 ascendit,
1567 1959 1636 2019 in
1677 1976 1802 2038 qua
1835 1974 2038 2019 annos

451 2062 770 2140 sexaginta
793 2059 1054 2140 peregit.
1091 2061 1284 2120 Tanta
1305 2058 1554 2120 labores
1574 2058 2038 2120 exercitationis

450 2163 588 2224 tulit
616 2159 984 2232 constantia,
1017 2165 1086 2220 ut
1126 2167 1272 2240 post
1310 2158 1532 2220 decem
1574 2177 1775 2221 annos
1804 2158 2038 2236 insigni

448 2264 719 2344 quadam
773 2261 1175 2322 distinctione
1244 2259 1472 2339 dignus
1533 2261 1782 2324 habitus
1841 2260 2040 2314 παιδα-

450 2365 713 2434 ριογέρων
745 2366 1096 2435 vocaretur,
1141 2360 1288 2439 quia
1317 2361 1521 2433 citius,
1555 2379 1743 2440 quam
1775 2381 1891 2443 pro
1926 2382 2034 2425 ae-

446 2464 593 2530 tate,
627 2459 951 2521 virtutibus
1002 2459 1376 2540 profecerat.
1419 2462 1832 2541 Quadraginta
1868 2467 2037 2529 enim

445 2574 646 2620 annos
666 2569 848 2622 natus
878 2567 1251 2639 potestatem
1277 2561 1636 2642 expellendi
1667 2563 2034 2642 daemones,

447 2658 706 2732 gratiam
757 2660 1120 2733 curationis,
1184 2661 1606 2742 spiritumque
1661 2665 2037 2744 prephetiae

446 2758 714 2838 accepit,
751 2765 812 2820 et
843 2758 1201 2822 honorabili
1247 2778 1506 2841 quoque
1540 2765 1895 2828 sacerdotio
1935 2767 2032 2829 di-

447 2875 606 2934 gnus
643 2859 1031 2921 existimatus
1075 2866 1190 2921 est.
1243 2862 1395 2922 Cum
1435 2863 1577 2943 ipso
1611 2863 1737 2927 duo
1787 2864 2032 2929 habita-

444 2958 595 3019 bant
633 2958 927 3039 discipuli
966 2960 1031 3020 in
1064 2961 1282 3021 intima
1313 2960 1672 3037 solitudine,
1720 2983 1882 3044 quae
1919 2984 2033 3028 vo-

445 3067 622 3120 catur
641 3061 842 3121 Scete.
869 3062 1148 3132 Quorum
1176 3079 1342 3122 unus
1364 3080 1616 3142 semper
1634 3081 1836 3144 prope
1855 3065 2034 3128 illum

2139 1992 2285 2036 vere
2314 1993 2441 2037 non
2471 1984 2706 2056 posset,
2740 1977 2974 2051 effecit,
3005 1984 3075 2038 ut
3095 1994 3260 2057 equa
3283 1977 3600 2039 videretur
3619 1979 3734 2053 iis,

2139 2070 2249 2155 qui
2280 2095 2416 2139 eam
2464 2078 2894 2140 intuebantur.
2953 2078 3206 2140 Maritus
3248 2095 3398 2156 ergo
3438 2079 3578 2158 ejus.
3615 2080 3739 2140 ubi

2138 2175 2306 2240 foras
2335 2179 2524 2253 venit,
2566 2179 2634 2240 in
2671 2178 2875 2240 forma
2905 2195 3106 2258 equae
3148 2196 3286 2242 eam
3324 2181 3740 2258 conspicatus

2138 2276 2445 2355 ingemuit
2473 2295 2545 2340 ac
2571 2278 2741 2340 ﬂevit
2766 2277 2846 2340 de
2874 2277 2978 2353 iis,
3014 2295 3177 2358 quae
3197 2279 3573 2341 acciderant.
3609 2281 3742 2341 Vo-

2138 2379 2290 2441 catis
2311 2378 2541 2440 deinde
2570 2379 2689 2440 vici
2716 2379 3104 2458 presbyteris
3126 2396 3263 2441 eam
3293 2380 3589 2453 ostendit,
3613 2379 3734 2440 sed

2138 2495 2218 2540 ne
2249 2477 2315 2538 hi
2345 2478 2599 2557 quidem
2629 2495 2763 2540 rem
2799 2478 3268 2542 intellexerunt.
3303 2482 3505 2553 Quum
3536 2481 3740 2557 igitur

2137 2577 2246 2639 illa
2293 2578 2493 2639 tribus
2533 2578 2756 2639 diebus
2800 2577 2954 2641 nihil
3013 2579 3277 2643 omnino
3322 2579 3731 2653 comedisset,

2137 2680 2529 2753 postremum
2563 2676 2744 2752 Deus,
2793 2683 3078 2740 sanctum
3124 2696 3306 2739 suum
3339 2678 3733 2756 gloriﬁcatu-

2138 2793 2263 2850 rus,
2301 2777 2746 2854 cogitationem
2783 2778 3007 2840 marito
3032 2778 3247 2841 iniecit
3275 2779 3550 2842 adeundi
3579 2798 3734 2841 cum

2138 2891 2212 2936 ea
2244 2884 2530 2940 sanctum
2561 2878 2763 2940 virum
2795 2878 2862 2939 in
2892 2878 3271 2955 solitudine;
3305 2898 3499 2961 quare
3528 2882 3581 2942 is
3612 2899 3733 2943 ca—

2137 2976 2334 3055 pistro
2384 2977 2638 3056 ligatam
2685 2987 2755 3042 ut
2803 2999 3031 3061 equam
3077 2981 3275 3055 duxit,
3313 2982 3424 3043 ubi
3475 2982 3569 3043 vir
3611 2983 3736 3047 Dei

2137 3073 2476 3137 habitabat.
2522 3079 3075 3160 Appropinquanti
3102 3081 3327 3144 fratres
3361 3101 3374 3144 :
3411 3083 3592 3156 Quid,
3630 3083 3735 3144 in-

445 3168 575 3221 erat
605 3178 822 3220 eorum
855 3178 1064 3235 causa,
1100 3161 1206 3241 qui
1242 3163 1600 3239 veniebant,
1631 3171 1701 3226 ut
1729 3183 2030 3228 curaren-
2061 3221 2104 3278 ο
2138 3175 2387 3254 quiunt,
2417 3175 2542 3240 huc
2567 3195 2790 3258 equam
2819 3179 3174 3243 adduxisti?
3204 3182 3315 3244 Ille
3339 3184 3724 3262 respondet:

445 3274 582 3336 tur;
623 3261 780 3323 alter
820 3279 1106 3324 seorsum
1151 3263 1408 3326 sedebat
1455 3264 1521 3325 in
1561 3267 1818 3345 prepria
1847 3267 2025 3329 cella.

443 3347 830 3420 Procedente
857 3365 1066 3420 autem
1093 3366 1382 3440 tempore
1405 3362 1498 3423 vir
1517 3372 1768 3426 sanctus
1791 3368 2032 3446 perspi-

445 3458 574 3517 caci
608 3456 792 3518 oculo
835 3453 1233 3537 praevidens,
1283 3461 1364 3536 ei,
1408 3464 1519 3541 qui
1563 3463 1680 3524 sibi
1711 3465 2024 3527 ministra-

445 3556 571 3627 bat,
627 3557 885 3618 Joannis
941 3558 1224 3633 nomine,
1273 3561 1378 3640 qui
1431 3569 1650 3641 postea
1698 3566 2030 3644 presbyter

442 3654 641 3715 factus
673 3664 767 3717 est
800 3656 864 3718 in
895 3657 1094 3738 ipsius
1125 3661 1325 3722 vicem
1357 3681 1371 3724 :
1413 3663 1595 3737 Audi,
1626 3664 1852 3744 inquit,
1898 3666 2025 3729 fra-

440 3762 557 3827 ter,
601 3775 804 3818 meam
835 3758 1355 3835 admonitionem,
1401 3765 1700 3843 quoniam
1738 3772 1799 3827 te
1830 3775 2028 3831 tentat

442 3857 694 3934 spiritus
723 3860 1035 3920 avaritiae.
1071 3863 1159 3921 Ita
1191 3863 1360 3923 enim
1389 3865 1686 3944 equidem
1718 3867 1865 3941 vidi,
1908 3886 2023 3930 ne-

443 3973 566 4033 que
598 3956 845 4032 ignoro,
875 3959 925 4018 si
963 3976 1168 4020 meam
1199 3978 1405 4040 aequo
1435 3965 1648 4026 animo
1678 3965 1895 4028 tuleris
1923 3988 2028 4029 ex-

441 4055 884 4130 hortationem,
933 4059 994 4118 in
1033 4076 1226 4138 Opere
1259 4062 1369 4122 Dei
1399 4061 1521 4124 hoc
1548 4063 1692 4126 loco
1723 4084 2022 4128 consum-

440 4159 752 4215 maturum
781 4164 840 4216 te
871 4171 1009 4219 esse
1037 4157 1509 4242 gloriosumque
1539 4163 1675 4226 fore
1705 4171 1767 4226 et
1803 4166 2021 4244 ﬂagel-

442 4253 566 4314 lum
600 4273 730 4318 non
764 4260 1416 4340 appropinquaturum
1451 4265 1858 4329 tabernaculo
1887 4275 2018 4330 tuo.

438 4358 511 4412 At
539 4352 589 4413 si
624 4370 724 4416 me
755 4373 881 4416 non
920 4358 1214 4432 audieris,
1237 4362 1406 4422 Giezi
1436 4363 1500 4424 in
1537 4370 1596 4424 te
1629 4365 1770 4427 linis
1792 4367 2018 4442 veniet,

437 4454 615 4532 cujus
629 4462 689 4515 et
705 4457 1380 4525 morbolaboras.Haec
1401 4463 1564 4526 dicta
1581 4474 1724 4526 sunt
1741 4468 2019 4548 quinque

2140 3277 2215 3336 Ut
2259 3276 2406 3337 iusti
2433 3278 2718 3339 oratione
2752 3278 3248 3342 misericordiam
3274 3292 3732 3362 consequatur.

2140 3381 2215 3438 At
2241 3378 2307 3438 hi
2342 3398 2354 3440 :
2383 3378 2540 3452 Quid
2579 3380 2833 3441 tandem
2863 3380 3010 3442 mali
3039 3378 3269 3442 habet?
3303 3383 3674 3462 Respondet
3710 3401 3727 3444 :

2135 3480 2324 3552 Haec,
2342 3495 2530 3557 quam
2548 3479 2769 3541 videtis
2792 3497 3040 3560 equam,
3065 3499 3208 3563 cara
3230 3499 3370 3544 mea
3382 3501 3544 3544 uxor
3564 3491 3722 3560 erat,

2136 3585 2216 3652 et,
2243 3579 2395 3658 quid
2420 3579 2543 3640 iam
2575 3579 2633 3641 ei
2660 3581 2982 3657 acciderit,
3010 3583 3252 3645 nescio.
3285 3583 3582 3646 Revelata
3615 3603 3728 3647 au-

2132 3687 2260 3741 tem
2293 3663 2510 3742 sancto
2541 3682 2753 3744 omnia
2788 3689 2985 3757 erant,
3017 3702 3180 3763 quae
3209 3683 3443 3747 femina
3477 3694 3726 3765 patere-

2132 3789 2255 3856 tur,
2288 3789 2350 3842 et
2386 3783 2582 3844 Deum
2629 3783 2848 3846 orabat
2889 3802 3006 3864 pro
3042 3803 3138 3847 ea.
3179 3785 3278 3847 Illi
3317 3805 3468 3848 vero
3519 3806 3722 3867 quum

2132 3881 2247 3943 ista
2290 3883 2695 3959 audivissent,
2738 3885 3020 3947 referunt
3071 3886 3148 3948 ad
3200 3904 3446 3948 servum
3498 3888 3722 3952 Christi

2131 3984 2492 4057 Macarium,
2539 3985 2823 4046 dicentes
2857 4004 2870 4046 :
2905 3987 3146 4065 Equam
3190 3987 3417 4067 aliquis
3446 3988 3569 4050 huc
3602 3989 3718 4050 ad-

2135 4083 2333 4144 duxit.
2369 4085 2605 4156 Quibus
2633 4085 2685 4146 is
2720 4105 2733 4147 :
2770 4086 2920 4160 Vos,
2951 4086 3180 4166 inquit,
3217 4089 3363 4148 estis
3389 4089 3560 4168 equi,
3609 4091 3723 4168 qui

2133 4199 2439 4262 equorum
2485 4187 2703 4247 oculos
2748 4184 3034 4260 habetis;
3081 4186 3186 4248 illa
3229 4194 3440 4249 autem
3483 4187 3721 4251 femina

2133 4291 2248 4357 est,
2300 4291 2368 4345 ut
2408 4293 2501 4345 est
2546 4293 2775 4360 creata,
2809 4297 2869 4348 et
2907 4288 2991 4349 ita
3030 4288 3469 4351 transformata
3517 4291 3721 4353 oculis

2127 4390 2365 4446 tantum
2425 4385 2535 4458 40
2577 4395 2839 4467 apparet
2883 4407 3128 4464 eorum,
3184 4391 3292 4468 qui
3339 4397 3485 4453 sunt
3525 4392 3717 4452 dece-

2129 4486 2244 4564 pti.
2303 4487 2536 4548 Deinde
2597 4505 2760 4568 aqua
2821 4489 3154 4552 benedicta
3221 4492 3474 4568 nudam,
3527 4510 3722 4572 quam

437 4571 637 4664 ῖιηηξδδ
675 4565 1011 4677 δηξρειυδῐη
1052 4564 1516 4677 δξξιοῑυξουίίῑ·
1551 4567 1624 4625 Et
1659 4567 2020 4646 ίῖυίηάθοίιη
2054 4579 2100 4634 Β
2127 4588 2539 4665 adduxerant,
2560 4609 2596 4654 a
2635 4564 2882 4657 summo
2905 4596 3135 4656 vertice
3165 4564 3720 4677 aspersit,vquum-

436 4653 617 4714 annis
638 4661 779 4734 post
799 4664 1064 4719 mortem
1082 4662 1330 4722 Macarii
1347 4682 1541 4742 quum
1557 4667 1833 4729 Joannes
1853 4669 2020 4730 bona

349 4756 352 4760 ’
437 4774 789 4837 pauperum
835 4761 1178 4838 avertisset,
1227 4765 1313 4827 ita
1366 4766 1667 4830 laboravit
1712 4770 2015 4850 elephan-

434 4858 593 4932 tiasi,
626 4861 777 4922 utin
811 4879 1079 4942 corpore
1109 4865 1245 4926 eius
1274 4883 1403 4928 non
1436 4868 1824 4935 inveniretur
1851 4874 2014 4934 inte-

440 4976 550 5034 ger
577 4960 775 5036 locus,
805 4964 871 5024 in
900 4981 1029 5044 quo
1061 4965 1202 5044 quis
1232 4965 1493 5043 digitum
1519 4969 1710 5047 figere
1739 4972 1848 5042 39
1873 4991 2018 5053 pos-

439 5065 553 5120 set.
586 5061 676 5122 Ita
718 5063 784 5122 in
832 5081 934 5139 eo,
986 5067 1092 5146 qui
1133 5084 1262 5129 non
1303 5068 1645 5144 obedierat,
1682 5074 2016 5153 prophetia

437 5161 631 5221 sancti
661 5162 775 5222 viri
801 5163 1057 5244 impleta
1086 5169 1198 5230 est.
1236 5170 1321 5230 De
1351 5170 1492 5233 cibo
1525 5179 1734 5234 autem
1767 5182 1828 5235 et
1862 5183 2014 5255 potu

437 5277 970 5338 supervacaneum
992 5269 1085 5326 est
1112 5283 1386 5343 narrare,
1410 5269 1706 5348 quoniam
1731 5289 1811 5332 ne
1845 5272 2014 5351 apud

436 5357 831 5420 socordiores
878 5360 1134 5438 quidem
1191 5365 1536 5428 monachos
1595 5369 2010 5432 monasterio-

439 5474 602 5531 rum,
635 5476 795 5538 quae
826 5466 994 5522 extra
1024 5469 1190 5538 sunt,
1219 5465 1488 5527 inveniri
1520 5466 1829 5546 ingluvies
1859 5488 2009 5550 pos-

438 5563 517 5622 sit
555 5570 660 5623 aut
698 5564 815 5625 alia
853 5564 1160 5644 quaedam
1197 5585 1233 5630 a
1271 5572 1728 5634 consuetudine
1765 5591 2010 5648 eorum,

437 5682 549 5744 qui
577 5666 641 5725 in
667 5667 800 5727 istis
829 5669 984 5731 locis
1015 5681 1361 5747 morantur,
1393 5674 1634 5736 diversa
1667 5677 1912 5740 vivendi
1934 5679 2011 5739 li-

437 5770 667 5840 bertas,
698 5788 839 5831 cum
885 5781 1146 5854 propter
1172 5776 1452 5855 in0piam
1493 5795 1698 5840 rerum
1729 5798 2015 5844 necessa-

436 5871 689 5945 riarum,
735 5878 865 5936 tum
893 5887 1155 5958 prepter
1188 5881 1391 5946 zelum
1418 5883 1526 5946 Dei
1556 5883 1720 5947 inter
1745 5901 1877 5960 eos,
1902 5887 2012 5964 qui

2121 4705 2245 4767 que
2295 4707 2486 4771 super
2534 4698 2723 4771 caput
2779 4693 2912 4754 eius
2972 4700 3263 4774 precatus
3330 4703 3515 4771 esset,
3587 4707 3716 4759 sta-

2118 4785 2231 4845 tim
2277 4788 2568 4849 omnibus
2623 4808 2758 4851 eam
2826 4792 3179 4853 videntibus
3238 4793 3472 4856 femina
3514 4813 3716 4876 appa-

2119 4885 2262 4945 ruit.
2313 4891 2512 4966 Atque
2552 4890 2646 4949 vir
2683 4891 2792 4952 Dei
2854 4891 2912 4952 ei
2963 4892 3172 4954 cibum
3224 4895 3462 4974 apponi
3513 4897 3713 4958 iussit.

2117 4985 2273 5045 Tum
2359 5005 2494 5048 eam
2573 4991 2984 5066 commonuit,
3057 4992 3330 5054 dicens:
3380 4997 3717 5074 Nunquam

2117 5105 2248 5150 non
2294 5108 2661 5170 compareas
2716 5094 2783 5154 in
2837 5095 3100 5157 ecclesia
3143 5095 3251 5156 Dei
3307 5103 3368 5158 et
3424 5097 3490 5158 in
3535 5116 3717 5159 com-

2117 5189 2420 5250 munione
2503 5191 2945 5266 mysteriorum
3004 5191 3256 5266 Christi;
3327 5192 3482 5255 haec
3546 5196 3718 5258 enim

2117 5286 2231 5348 tibi
2257 5287 2647 5363 acciderunt,
2683 5291 2830 5369 quia
2868 5292 2992 5352 iam
3024 5293 3306 5371 quinque
3360 5293 3716 5356 hebdoma-

2116 5387 2301 5448 dibus
2331 5405 2459 5449 non
2489 5390 2803 5450 accessisti
2818 5391 2895 5451 ad
2916 5390 3285 5451 intemerata
3322 5391 3546 5453 Christi
3575 5411 3720 5471 my-

2116 5486 2321 5548 steria.
2347 5489 2433 5548 Ita
2448 5504 2582 5548 eam
2597 5505 2863 5568 corpore
2876 5495 2936 5549 et
2947 5489 3152 5550 anima
3163 5495 3442 5551 sanatam
3457 5491 3721 5555 dimisit.

2198 5610 2227 5641 α
2264 5587 2460 5647 Porro
2516 5586 2836 5648 dicebatur
2904 5588 3254 5667 posteriore
3315 5591 3474 5651 vitae
3559 5609 3716 5652 suae

2116 5692 2403 5764 tempore
2447 5687 2930 5748 subterraneum
2961 5687 3195 5748 fodisse
3240 5689 3602 5752 cuniculum
3643 5692 3717 5753 in

2116 5785 2358 5848 dimidii
2389 5787 2658 5865 spatium
2692 5783 2874 5847 stadii
2898 5794 2958 5847 et
2987 5786 3355 5865 speluncam
3378 5789 3709 5852 adiecisse.

2129 5889 2191 5948 Si
2218 5887 2472 5967 quando
2502 5887 2691 5964 igitur
2716 5887 3074 5967 complures
3115 5889 3174 5954 ei
3218 5897 3394 5952 erant
3433 5890 3709 5968 molesti,
