4046 6466
302 338 367 397 ιι

1901 351 2131 411 νιΤΑΕ.
3587 356 3660 413 ἃ

323 451 566 518 occulte
607 471 648 517 θ
699 458 885 524 cella
915 479 1219 543 egressus
1258 466 1409 531 abiit
1445 466 1513 528 in
1562 468 1955 551 speluncam,
1989 474 2038 539 Α
2065 472 2347 552 seipulos
2379 490 2507 535 una
2537 491 2681 537 cum
2712 471 2981 536 Macario
3013 471 3081 539 in
3117 473 3298 534 Scete
3342 470 3655 533 habitasse

336 555 439 632 ita,
464 561 534 617 ut
561 573 769 622 nemo
800 580 961 626 eum
995 565 1329 628 inveniret.
1380 567 1618 629 Abiens
1658 586 1808 630 vero
1839 588 1955 649 per

349 658 709 723 cuniculum
777 665 1011 745 viginti
1058 674 1329 749 quatuor
1390 671 1706 732 orationes
1777 673 1950 735 dice-

352 766 447 827 bat
498 783 713 847 usque
796 768 880 831 ad
942 769 1335 851 speluncam,
1407 777 1469 834 et
1529 772 1782 836 rediens
1850 780 1950 838 to-

355 867 561 927 tidem.

433 991 457 1021 α
494 967 583 1028 De
612 984 696 1029 eo
726 984 991 1051 quoque
1024 967 1191 1032 fama
1219 969 1391 1047 exiit,
1425 970 1601 1052 quod
1634 978 1953 1034 mortuum

362 1069 695 1146 suscitarit,
762 1075 832 1131 ut
892 1072 1297 1135 convinceret
1362 1072 1771 1147 haereticum,
1843 1075 1955 1153 qui

356 1172 893 1249 resurrectionem
942 1190 1285 1255 corporum
1332 1192 1465 1237 non
1516 1176 1949 1255 proﬁtebatur.

354 1275 523 1345 Quae
550 1273 817 1352 quidem
842 1273 1005 1337 fama
1035 1282 1331 1338 constans
1350 1275 1469 1337 fuit
1488 1275 1555 1337 in
1590 1276 1948 1339 solitudine.

432 1399 461 1431 α
495 1374 672 1436 Alias
707 1375 787 1437 ad
818 1376 1027 1455 ipsum
1054 1382 1253 1439 mater
1290 1376 1551 1439 adduxit
1577 1378 1951 1440 adolescen-

351 1480 502 1549 tem,
536 1475 656 1555 qui
687 1492 723 1536 a
751 1474 1060 1538 daemone
1080 1477 1442 1552 vexabatur,
1468 1494 1502 1538 a
1529 1475 1780 1539 duobus
1805 1475 1954 1536 ado-

348 1571 748 1637 lescentibus
770 1576 1085 1655 utrimque
1112 1577 1542 1640 constrictum.
1574 1578 1855 1657 Eamque
1884 1576 1952 1638 in

350 1692 499 1735 eum
550 1674 681 1735 vim
720 1676 989 1739 daemon
1024 1678 1326 1751 exercuit,
1379 1684 1449 1740 ut
1483 1678 1668 1740 trium
1707 1679 1955 1741 modio-

351 1792 490 1835 rum
524 1792 729 1854 panes
752 1776 1111 1838 comederet
1139 1783 1201 1840 et
1230 1777 1576 1857 amphorae
1608 1778 1951 1840 Ciliciensis

350 1892 585 1955 aquam
632 1877 901 1939 biberet.
950 1880 1117 1951 Quos
1163 1879 1338 1942 cibos
1387 1880 1615 1942 exinde
1660 1887 1951 1943 eructans

350 1976 415 2035 in
442 1994 753 2056 vaporem
785 1977 1155 2054 resolvebat,
1190 1986 1488 2060 tanquam
1525 1981 1673 2059 igne
1713 1999 1948 2047 consu-

352 2084 705 2138 merentur.
738 2079 843 2139 Est
873 2079 1040 2140 enim
1074 2080 1228 2143 ordo
1258 2081 1513 2160 quidam
1543 2082 1946 2159 daemonum,

353 2177 463 2254 qui
490 2176 724 2255 igneus
744 2186 1039 2255 vocatur;
1066 2181 1177 2260 qui
1204 2182 1462 2261 quidem
1488 2201 1620 2245 non
1651 2186 1946 2259 essentia,

354 2281 487 2353 sed,
524 2288 589 2339 ut
615 2282 681 2341 in
704 2280 1065 2344 hominibus
1092 2301 1347 2364 quoque
1369 2285 1706 2361 invenitur,
1740 2293 1949 2349 mente

357 2382 572 2459 potius
623 2382 948 2445 diﬁ‘erunt.
1002 2386 1125 2445 Iste
1169 2385 1361 2463 igitur
1397 2386 1788 2461 adolescens,
1826 2388 1878 2449 si
1914 2406 1949 2451 a

356 2490 555 2544 matre
586 2501 723 2545 non
747 2486 895 2547 satis
922 2486 980 2546 ei
1009 2487 1553 2567 suppeditabatur,
1592 2506 1782 2569 saepe
1807 2507 1950 2569 pro-

354 2584 559 2663 priam
607 2603 789 2647 suam
840 2588 1066 2649 edebat
1112 2590 1398 2669 corporis
1452 2591 1841 2669 egestionem
1889 2598 1949 2651 et

353 2684 576 2746 lotium
626 2687 903 2749 bibebat.
952 2688 1169 2751 Flente
1218 2699 1417 2757 matre
1457 2699 1517 2753 et
1564 2692 1948 2757 lamentante

353 2794 775 2866 sanctumque
812 2789 993 2851 enixe
1023 2791 1399 2865 obtestante,
1456 2793 1645 2855 istum
1695 2802 1948 2857 sanctus

354 2889 607 2967 excepit
640 2897 703 2950 et
745 2890 1014 2970 supplex
1056 2909 1173 2971 pro
1217 2908 1294 2955 eo
1343 2894 1540 2961 Deum
1584 2895 1801 2955 oravit.
1862 2899 1947 2958 Ac

354 2998 497 3069 post
547 2991 712 3053 duos
760 2992 894 3055 dies
933 2993 1234 3059 miserum
1280 2995 1552 3061 daemon
1598 2998 1946 3063 cruciatum

354 3093 616 3153 remisit.
677 3094 851 3155 Tunc
894 3094 1076 3157 matri
1116 3095 1249 3176 ejus
1281 3116 1295 3159 :
1327 3100 1664 3172 Quantum,
1710 3100 1941 3180 inquit,

2065 575 2353 653 legimus,
2402 594 2604 638 unum
2644 576 2711 637 in
2760 574 2917 637 cella
2959 573 3232 648 Macarii,
3280 569 3545 635 alterum
3590 572 3657 633 in

2064 678 2320 757 prepria
2347 678 2528 752 cella,
2559 694 2748 738 nemo
2770 675 3132 747 concludet,
3156 673 3315 737 alios
3343 672 3656 735 solitarios

2061 794 2188 840 una
2210 796 2352 841 cum
2376 778 2646 841 Macario
2664 775 2819 838 inibi
2844 792 2973 837 non
2991 774 3241 836 vixisse.
3266 775 3464 835 Senes
3486 772 3654 833 enim

2065 878 2440 945 abstinentia
2474 886 2537 941 et
2578 878 2909 941 virtutibus
2952 878 3235 955 insignes
3285 874 3508 954 procul
3538 872 3653 934 ali-

2065 986 2373 1059 quantum
2395 998 2429 1042 a
2454 979 2873 1052 monasteriis,
2900 978 3130 1058 quibus
3153 982 3507 1058 praeerant,
3536 975 3657 1037 sibi

2063 1080 2287 1144 cellam
2332 1081 2659 1143 instituere
2717 1081 2938 1144 solitos
2986 1096 3127 1142 esse
3190 1095 3380 1159 supra
3429 1076 3652 1139 docui-

2061 1199 2204 1244 mus
2233 1180 2341 1262 (2).
2372 1184 2466 1244 Ita
2498 1184 2562 1243 S.
2594 1184 2905 1245 Antonius
2950 1182 3181 1260 legitur
3218 1180 3379 1242 duos
3422 1179 3657 1258 pariter

2062 1281 2141 1344 ad
2163 1289 2433 1345 mortem
2465 1301 2671 1363 usque
2709 1300 2927 1346 secum
2957 1281 3303 1363 discipulos
3334 1279 3649 1351 habuisse,

2062 1383 2287 1447 ceteris
2321 1383 2673 1458 monachis,
2730 1383 2839 1463 qui
2888 1382 3004 1444 sub
3032 1382 3167 1460 ejus
3195 1377 3528 1458 disciplina
3558 1377 3650 1437 vi-

2059 1485 2310 1554 vebant,
2334 1484 2402 1546 in
2430 1484 2745 1547 vicinitate
2785 1483 3160 1561 degentibus
3185 1480 3292 1563 (3).
3327 1478 3653 1540 Solitarios

2059 1601 2209 1647 vero
2240 1592 2487 1664 praeter
2517 1585 2679 1650 duos
2724 1584 2868 1647 illos
2899 1601 3040 1647 cum
3072 1580 3342 1643 Macario
3371 1579 3439 1639 in
3471 1581 3652 1640 Scete

2061 1685 2411 1760 habitasse,
2460 1687 2588 1747 iam
2652 1686 2802 1749 inde
2858 1689 3064 1767 patet,
3119 1681 3294 1763 quod
3347 1680 3653 1742 Macarius

2061 1788 2395 1867 presbyter
2421 1789 2619 1850 Scetis
2652 1787 2792 1851 fuit.

2134 1889 2441 1964 Narratio,
2462 1907 2625 1969 quae
2649 1890 2957 1969 sequitur,
2977 1888 3057 1950 de
3077 1886 3315 1949 femina
3334 1885 3403 1947 in
3422 1900 3651 1963 equam

2053 1990 2290 2048 mutata
2342 1985 2531 2048 etiam
2564 1987 2633 2049 in
2674 1987 2837 2049 libro
2889 1984 3171 2049 secundo
3208 1983 3315 2065 (4),
3341 1983 3455 2045 sed
3492 1999 3649 2044 nus-

2054 2086 2224 2166 piam
2270 2086 2439 2157 alibi
2474 2088 2814 2151 invenitur.
2856 2090 2984 2151 Nec
3030 2088 3177 2149 libri
3206 2086 3472 2149 secundi
3501 2103 3653 2147 nar-7

2053 2186 2211 2249 ratio
2246 2193 2374 2250 tam
2402 2189 2572 2267 large
2597 2189 2841 2251 exculta
2876 2196 2991 2264 est,
3024 2195 3213 2266 atque
3239 2186 3345 2248 illa
3366 2185 3648 2258 Palladii,

2053 2307 2264 2370 neclue
2298 2290 2527 2355 mulier
2553 2299 2673 2365 est,
2705 2291 2819 2352 sed
2850 2291 3048 2369 virgo,
3091 2289 3219 2351 ﬁlia
3242 2288 3435 2367 patris
3463 2287 3651 2349 fami-

2051 2390 2165 2452 lias
2194 2391 2379 2453 vicini
2433 2393 2679 2472 oppidi,
2731 2409 2918 2471 quae,
2954 2401 3024 2453 ut
3063 2391 3271 2453 verbis
3317 2389 3473 2469 ipsis
3506 2398 3650 2450 uta-

2049 2508 2215 2566 mur,
2254 2516 2281 2549 α
2310 2510 2426 2574 per
2468 2493 2831 2573 phantasias
2857 2493 3136 2571 magicas
3164 2491 3497 2554 videbatur
3525 2490 3655 2552 ho-

2051 2590 2328 2657 minibus
2366 2595 2433 2659 in
2468 2594 2774 2674 equinum
2821 2594 3054 2657 animal
3101 2611 3304 2665 versa,
3358 2599 3426 2655 ut
3462 2600 3648 2671 puta-

2050 2701 2223 2757 retur
2246 2712 2411 2775 equa
2442 2712 2604 2771 esse,
2640 2702 2701 2758 et
2730 2713 2863 2758 non
2892 2696 3127 2776 puella.
3155 2696 3333 2755 Hanc
3361 2694 3646 2756 adduxe-

2049 2802 2198 2859 runt
2226 2796 2304 2858 ad
2329 2814 2475 2859 eum
2498 2797 2860 2873 [Macarium
2886 2797 2993 2871 42
3016 2797 3442 2876 Aegyptium].
3473 2797 3647 2857 Tunc

2047 2897 2155 2959 ille
2187 2903 2656 2977 perconctatus,
2686 2898 2835 2978 quid
2869 2896 3141 2960 vellent?
3198 2898 3385 2959 Aiunt
3414 2914 3646 2977 paren-

2048 3007 2144 3062 tes
2175 3000 2309 3063 eius
2342 3020 2355 3063 :
2390 3003 2566 3081 Equa
2595 3001 2776 3077 haec,
2822 3019 3016 3082 quam
3059 3000 3277 3062 vident
3322 2999 3489 3062 oculi
3530 2998 3647 3072 tui,

2048 3102 2259 3183 puella
2272 3104 2445 3182 virgo
2467 3111 2531 3165 et
2548 3103 2673 3166 ﬁlia
2689 3112 2902 3166 nostra
2918 3104 3055 3177 fuit,
3075 3103 3188 3165 sed
3205 3102 3495 3164 homines
3511 3118 3654 3177 pes-

352 3192 463 3265 vis,
504 3201 574 3253 ut
603 3192 945 3257 comedat?
980 3198 1198 3271 Quam,
1228 3215 1374 3265 cum
1407 3198 1630 3273 decem
1658 3198 1849 3263 libras
1868 3201 1950 3263 si-
1974 3195 2018 3255 C
2053 3205 2195 3266 simi
2218 3206 2479 3283 magicis
2503 3207 2743 3268 artibus
2769 3206 2838 3266 in
2874 3205 3105 3267 animal
3128 3205 3253 3267 hoc
3284 3203 3455 3283 quod
3476 3203 3665 3265 vides

352 3295 735 3372 gniﬁcasset,
768 3297 1132 3379 increpavit,
1168 3299 1315 3379 quia
1347 3299 1612 3363 nimium
1651 3302 1946 3376 dixisset;

352 3404 545 3475 atque
572 3398 803 3465 iterum
831 3417 1022 3479 super
1050 3400 1454 3467 adolescente
1484 3408 1779 3481 precatus
1803 3420 1948 3465 cum

352 3495 592 3556 ieiunio
633 3502 879 3576 septem
912 3498 1179 3574 dierum,
1236 3498 1611 3561 daemonem
1648 3500 1951 3580 ingluviei

356 3597 433 3657 ab
464 3615 544 3659 eo
573 3598 819 3679 expulit
847 3608 909 3661 et
951 3601 1161 3663 cibum
1196 3601 1255 3663 ei
1294 3602 1617 3665 constituit
1646 3604 1836 3664 trium
1866 3603 1944 3665 li-

354 3696 610 3759 brarum
642 3718 893 3779 panem,
920 3719 1110 3782 quem
1145 3702 1482 3765 comedere
1519 3702 1802 3780 deberet,
1838 3704 1944 3777 41

354 3798 406 3859 si
433 3810 829 3879 Operaretur.
857 3804 948 3865 Ita
979 3809 1041 3865 et
1073 3802 1243 3866 hunc
1272 3803 1501 3867 virtute
1533 3803 1779 3868 divinae
1811 3821 1947 3884 gra-

356 3899 474 3961 tiae
510 3908 802 3963 sanatum
830 3903 1014 3966 matri
1048 3904 1344 3968 reddidit.

431 4024 459 4053 α
478 4000 652 4063 Talia
680 4002 846 4065 Deus
872 4004 1184 4084 stupenda
1202 4004 1504 4068 miracula
1531 4003 1682 4067 fecit
1702 4022 1819 4086 per
1847 4003 1943 4067 di-

354 4098 587 4163 lectum
617 4121 801 4165 suum
822 4105 1181 4180 Macarium,
1219 4107 1398 4169 cuius
1428 4105 1799 4168 immortalis
1818 4104 1951 4167 ani-

354 4218 454 4265 ma
485 4219 659 4264 nunc
689 4210 784 4266 est
817 4223 963 4267 cum
993 4206 1253 4284 angelis.
1293 4209 1425 4287 Ego
1472 4214 1760 4271 sanctum
1807 4209 1946 4288 ipse

354 4318 483 4364 non
518 4304 832 4378 conveni;
880 4324 1048 4369 anno
1088 4309 1279 4383 enim,
1322 4315 1661 4390 antequam
1696 4309 1762 4371 in
1790 4310 1944 4371 soli-

353 4400 644 4462 tudinem
673 4403 1097 4481 ingrediebar,
1138 4407 1379 4470 obierat
1409 4407 1556 4489 (1).»

434 4507 461 4579 ς
503 4503 596 4564 13.
630 4505 817 4568 Hisce
862 4524 957 4581 ea,
994 4526 1158 4589 quae
1194 4510 1469 4573 Historia
1500 4511 1799 4574 Lausiaca
1830 4529 1943 4575 co-
1978 4564 2022 4617 Β

350 4604 567 4665 dicum
598 4606 1184 4673 Vindobonensium
1214 4612 1292 4674 de
1321 4614 1589 4675 Macario
1632 4615 1943 4696 Aegyptio

348 4702 563 4777 habet,
596 4707 1018 4771 continentur.
1061 4713 1110 4773 E
1141 4714 1372 4793 quibus
1408 4715 1654 4793 singula
1685 4717 1739 4779 si
1780 4735 1939 4783 con—

346 4805 593 4881 tuleris,
627 4826 993 4888 cognosces,
1029 4820 1269 4876 textum
1288 4818 1541 4880 Meursii
1569 4818 1634 4881 in
1658 4818 1781 4883 hoc
1802 4821 1943 4903 qui-

347 4908 498 4970 dem
528 4912 736 4991 capite
764 4914 949 4976 rebus
976 4915 1077 4976 vix
1106 4916 1385 4995 differre,
1409 4920 1518 4981 sed
1549 4920 1943 5000 depravatio-

346 5012 537 5075 nibus
561 5020 828 5075 scatere.
860 5015 951 5077 Ad
985 5032 1058 5078 ea
1086 5024 1318 5094 autem,
1353 5038 1518 5100 quae
1557 5038 1944 5087 commemo—

352 5111 649 5185 ravimus,
700 5112 1062 5177 adnotanda
1103 5118 1289 5180 nobis
1328 5118 1487 5182 haec
1530 5136 1670 5183 esse
1714 5121 1936 5184 viden-

356 5216 473 5270 tur.

430 5315 709 5377 Primum
750 5316 1008 5396 quidem
1039 5333 1075 5380 e
1106 5318 1339 5394 verbis,
1385 5319 1616 5399 quibus
1651 5322 1811 5386 duos
1840 5325 1939 5386 di-

416 5502 494 5567 (l)
537 5500 746 5556 Textus
775 5518 1011 5574 graecus
1050 5505 1249 5576 legitur
1276 5508 1417 5562 infra
1451 5511 1503 5562 in
1535 5509 1730 5563 harum
1760 5511 1940 5578 Quae-

346 5595 589 5649 stionum
619 5596 942 5667 Appendice
965 5597 1157 5668 priore
1187 5602 1288 5656 sub
1318 5603 1361 5655 l.

414 5686 492 5752 (ξ’.)
532 5685 615 5740 Cf.
638 5703 808 5758 supra
840 5702 897 5757 p.
922 5688 981 5741 4.

417 5780 494 5844 (5)
537 5778 656 5834 Vita
698 5782 755 5837 S.
790 5778 1049 5843 Antonii.
1092 5779 1147 5834 S.
1187 5781 1450 5837 Albanas.
1490 5782 1629 5854 Opp.
1663 5784 1770 5838 T.l
1801 5785 1863 5841 Ρ.
1897 5787 1939 5839 Il

345 5884 397 5939 ρ.
421 5876 521 5942 689
571 5890 718 5947 sqq.,
754 5874 951 5931 Rosw.
997 5870 1107 5927 νγ.
1152 5873 1254 5929 PP.
1290 5876 1357 5931 59
1395 5892 1553 5946 51111.;
1592 5875 1731 5933 Hist.
1769 5877 1934 5935 Laus.

2053 3312 2457 3371 mutaverunt
2484 3325 2647 3369 eam.
2681 3309 3006 3385 Rogamus
3032 3322 3209 3384 ergo,
3242 3310 3313 3368 ut
3344 3321 3488 3367 ores
3518 3303 3645 3364 Do-

2052 3410 2320 3483 minum,
2353 3416 2423 3472 ut
2452 3415 2799 3471 commutet
2835 3426 2975 3471 eam
3017 3409 3085 3470 in
3128 3407 3251 3469 hoc
3296 3406 3471 3487 quod
3506 3405 3644 3467 fuit.

2053 3510 2127 3569 At
2154 3507 2261 3569 ille
2291 3508 2375 3570 ait
2412 3527 2424 3569 :
2459 3509 2591 3585 Ego
2624 3506 2817 3581 hanc,
2862 3523 3057 3586 quam
3106 3504 3437 3567 ostenditis
3466 3501 3645 3577 mihi,

2050 3608 2328 3689 puellam
2358 3608 2542 3671 video
2570 3607 2729 3669 nihil
2756 3608 2823 3668 in
2854 3624 2922 3669 se
2954 3606 3222 3687 pecudis
3263 3605 3601 3667 habentem
3628 3620 3645 3676 ;

2050 3708 2173 3771 hoc
2205 3715 2436 3782 autem,
2470 3708 2645 3787 quod
2675 3708 2903 3782 dicitis,
2944 3724 3075 3769 non
3115 3713 3208 3767 est
3238 3707 3306 3767 in
3348 3705 3484 3767 eius
3513 3721 3651 3766 cor-

2050 3827 2233 3891 pore,
2289 3809 2403 3871 sed
2445 3809 2513 3870 in
2560 3808 2762 3870 oculis
2806 3807 3213 3869 intuentium.
3265 3805 3646 3875 Phantasiae

2051 3911 2222 3973 enim
2266 3910 2650 3973 daemonum
2692 3915 2840 3970 sunt
2877 3908 3059 3983 istae,
3103 3925 3234 3970 non
3268 3906 3496 3971 veritas
3543 3923 3644 3967 re-

2048 4030 2214 4073 rum.
2255 4013 2330 4073 Et
2357 4028 2503 4075 cum
2530 4009 2987 4073 introduxisset
3028 4026 3169 4073 eam
3220 4026 3365 4072 cum
3412 4025 3646 4087 paren—

2047 4115 2217 4178 tibus
2242 4115 2373 4177 suis
2393 4115 2558 4176 intra
2587 4112 2905 4188 cellulam,
2955 4111 3134 4174 ﬂexis
3171 4111 3439 4189 genibus
3467 4126 3649 4171 orare

2048 4218 2385 4279 Dominum
2416 4216 2651 4296 coepit,
2695 4214 3012 4294 simulque
3048 4219 3110 4274 et
3138 4218 3438 4292 parentes
3468 4216 3649 4289 rogat

2049 4335 2266 4379 secum
2295 4316 2564 4378 Domino
2592 4313 2991 4394 supplicare;
3045 4317 3106 4373 et
3134 4309 3462 4391 posthaec
3497 4326 3646 4389 per-

2046 4437 2294 4498 ungens
2325 4435 2464 4480 eam
2491 4417 2633 4479 oleo
2659 4416 2727 4478 in
2753 4415 3012 4477 nomine
3041 4413 3315 4487 Domini,
3340 4411 3514 4474 omni
3538 4409 3649 4473 fal-

2050 4519 2208 4584 lacia
2250 4520 2419 4581 visus
2450 4517 2734 4598 expulsa,
2768 4516 3074 4594 virginem
3112 4514 3311 4576 videri
3351 4512 3648 4575 omnibus

2051 4627 2121 4682 ut
2139 4620 2325 4681 etiam
2355 4619 2473 4681 sibi
2491 4617 2820 4678 videbatur
2840 4614 3070 4677 effecit.
3102 4636 3131 4669 »
3153 4610 3507 4675 Verisimile
3527 4614 3642 4682 est,

2050 4728 2385 4799 utramque
2425 4725 2487 4781 et
2527 4711 2840 4781 Historiae
2882 4714 3220 4778 Lausiacae
3252 4719 3313 4776 et
3352 4710 3496 4775 libri
3540 4726 3643 4771 se-

2050 4818 2243 4882 cundi
2283 4816 2707 4880 narrationem
2735 4833 2813 4878 ex
2854 4815 3081 4878 eodem
3119 4812 3296 4877 fonte
3330 4826 3643 4875 manasse.

2048 4920 2226 4994 Quod
2254 4918 2502 4991 facilius
2534 4916 2833 4993 creditur,
2867 4933 3067 4997 quum
3101 4932 3179 4978 ex
3204 4912 3305 4988 iis,
3339 4928 3502 4992 quae
3532 4929 3643 4973 su-

2047 5040 2161 5103 pra
2193 5020 2608 5084 disseruimus
2637 5019 2746 5101 (5),
2791 5023 3061 5092 constet,
3108 5013 3481 5084 Palladium,
3532 5010 3643 5091 qui

2048 5123 2411 5186 Lausiaeam
2440 5121 2714 5201 scripsit,
2743 5126 2850 5181 aut
2876 5119 3107 5180 librum
3128 5115 3481 5179 secundum
3511 5120 3640 5186 aut,

2051 5225 2225 5306 quod
2281 5225 2467 5288 nobis
2516 5220 2910 5304 probabilius
2960 5219 3165 5281 visum
3222 5222 3340 5293 est,
3396 5222 3641 5278 textum

2050 5342 2374 5405 graecum,
2422 5342 2458 5387 e
2499 5342 2628 5406 quo
2665 5324 2828 5385 liber
2864 5321 2973 5386 ille
3012 5321 3216 5399 ﬂuxit,
3251 5319 3614 5384 adhibuisse

2044 5514 2131 5569 ed.
2168 5514 2370 5569 Meurs.
2406 5530 2524 5584 cap.
2562 5514 2631 5567 ‘26
2663 5512 2802 5585 Opp.
2833 5512 3037 5569 Meurs.
3066 5515 3106 5565 1.
3144 5510 3183 5566 l.
3222 5527 3272 5579 p.
3306 5509 3438 5563 419.

2125 5607 2202 5675 (4)
2248 5606 2358 5659 νγ.
2412 5606 2517 5660 PP.
2575 5607 2760 5662 llnsw.
2814 5607 2906 5663 lib.
2961 5606 2998 5660 Il
3026 5622 3145 5676 cap.
3195 5606 3265 5658 28
3302 5621 3350 5672 p.
3415 5602 3634 5669 480,1;

2048 5698 2232 5753 Ruﬁni
2279 5698 2418 5769 Opp.
2466 5701 2552 5754 ed.
2610 5699 2838 5755 Vallarsi
2890 5717 2941 5772 p.
3000 5700 3136 5763 191,
3194 5696 3373 5766 Migne
3425 5694 3630 5752 l'utrob.

2048 5790 2109 5843 Τ.
2144 5790 2264 5843 xxr
2298 5807 2350 5860 p.
2392 5791 2517 5845 451.

2118 5881 2196 5952 (δ)
2236 5882 2369 5953 Cap.
2409 5882 2427 5937 1
2464 5881 2512 5953 ᾗ.
2549 5882 2601 5937 6.
