4046 6460
455 324 529 381 15
1299 336 1403 393 SS.
1440 337 1910 397 MACARIORUM
1949 341 2272 403 AEGYPTII
2312 351 2401 407 ET
2440 354 2915 413 ALEXANDRINI

3682 346 3759 403 μ

453 444 896 546 Eademque.
944 451 1055 531 (Illi
1092 468 1262 515 anno
1298 462 1444 534 post
1490 466 1761 519 mortem
1790 458 2042 520 Macarii
2072 471 2118 524 Δ
2147 471 2450 546 converti,
2497 478 2565 533 ut
2613 489 2681 533 re
2718 489 2864 533 vera
2910 466 3203 533 animalia
3260 464 3408 538 sint,
3466 478 3757 542 quorum

455 544 690 610 Nitriae
723 557 1005 611 montem
1034 552 1309 629 intravit,
1341 555 1455 618 ubi
1494 555 1717 619 decem
1751 555 1887 620 fere
1923 575 2039 620 an-

452 661 574 708 nos
604 647 927 711 solitudini
954 652 1151 715 Scetis
1180 654 1425 718 vicinus
1464 654 1631 735 degit
1654 657 1764 738 (1),
1793 674 2047 721 accura-

451 745 680 809 tiorem
724 749 932 814 famae
970 753 1305 818 relatorem
1354 757 1629 833 duxeris,
1675 760 2042 837 praesertim

452 866 653 1007 qtuqm
681 852 983 917 Ruﬁnum
1010 856 1278 923 inﬁdum
1300 858 1711 941 interpretem
1732 877 1871 924 esse
1892 878 2045 926 con-

453 964 483 1006 s
513 958 547 1007 e
583 995 599 1007 .

453 958 599 1008 Stat.

535 1049 716 1121 Quod
761 1052 841 1114 ad
877 1052 1159 1118 fabulam
1208 1056 1413 1137 ipsam
1464 1058 1710 1135 attinet,
1765 1062 2041 1141 magicas

452 1158 620 1209 artes
658 1151 830 1231 apud
866 1157 1211 1235 Aegyptios
1257 1158 1337 1219 ab
1393 1159 1847 1240 antiquissimis
1890 1162 2042 1226 inde

452 1252 847 1329 temporibus
884 1255 952 1317 in
982 1274 1099 1318 usu
1128 1256 1345 1333 fuisse,
1394 1275 1527 1321 non
1574 1268 1691 1337 est,
1725 1263 1900 1342 quod
1940 1263 2038 1325 di-

453 1365 616 1410 cam.
665 1354 960 1431 Legimus
997 1358 1207 1433 etiam,
1256 1359 1601 1423 Commodo
1655 1362 2041 1443 imperatore

452 1448 816 1530 Philippum
842 1458 1107 1538 Aegypti
1135 1458 1710 1525 administratorem
1743 1487 1772 1521 α
1797 1466 2040 1526 cunctis

451 1551 877 1618 curiositatem
922 1560 1233 1637 magicam
1273 1564 1659 1626 sectantibus
1688 1564 1879 1627 ﬁnem
1928 1565 2042 1626 im-

452 1654 740 1731 posuisse
766 1656 873 1738 (2).
894 1682 923 1715 ι
952 1661 1184 1733 Quarto
1216 1664 1474 1727 saeculo
1494 1665 1909 1745 imperatores
1938 1665 2041 1727 ad-

449 1768 669 1814 versus
696 1773 915 1835 magos
934 1757 1108 1838 leges
1134 1765 1602 1845 sanxerunt(3),
1628 1784 1894 1847 quarum
1913 1784 2039 1829 una

452 1870 674 1917 eorum
693 1874 951 1940 quoque
984 1863 1308 1927 scientiam
1332 1868 1688 1947 proscribit,
1714 1869 1824 1949 qui
1846 1870 2038 1948 magi-

451 1954 542 2015 cis
571 1958 838 2022 accincti
864 1962 1105 2027 artibus
1133 1973 1240 2028 aut
1279 1977 1497 2030 contra
1524 1970 1793 2032 salutem
1826 1969 2033 2033 homi—

450 2070 603 2116 num
624 2058 856 2135 moliri,
890 2069 999 2124 aut
1022 2066 1292 2144 pudicos
1327 2068 1573 2132 animos
1596 2068 1675 2131 ad
1710 2069 2037 2132 libidinem

450 2159 782 2225 deﬂexisse
796 2163 903 2237 53
926 2166 1300 2247 detegantur
1320 2169 1430 2251 (4).
1451 2171 1701 2234 Iuvenis
1723 2188 1757 2234 e
1777 2173 2037 2251 regione

448 2262 650 2325 Gazae
680 2264 854 2327 urbis
884 2267 1214 2347 oriundus,
1250 2272 1332 2334 de
1360 2290 1490 2353 quo
1516 2274 1583 2335 in
1610 2274 1734 2336 vita
1768 2276 1829 2335 8.
1861 2275 2035 2337 Hila-

448 2361 648 2427 rionis
682 2366 746 2445 (1-
775 2368 911 2449 372)
960 2382 1269 2447 narratur,
1304 2391 1341 2435 a
1379 2375 1577 2453 magis
1624 2374 1886 2438 edoctus
1919 2377 2037 2438 sub

449 2464 644 2531 limen
676 2469 903 2533 domus
950 2474 1199 2553 puellae
1226 2482 1468 2538 amatae
1496 2483 1809 2539 tormenta
1837 2494 2035 2557 quae-

448 2562 593 2624 dam
624 2566 961 2631 verborum
1002 2582 1065 2633 et
1102 2580 1501 2652 portentosas
1540 2575 1771 2653 ﬁguras
1814 2576 1881 2637 in
1926 2593 2037 2638 ae-

446 2665 534 2773 ris
562 2668 773 2773 Cyprii
799 2669 1035 2773 lamina
1068 2674 1347 2773 sculptas
1381 2676 1658 2751 defodit;
1704 2693 1833 2757 quo
1869 2676 2036 2739 facto

444 2765 723 2827 insanire
756 2765 931 2843 virgo
960 2771 1195 2851 coepit,
1236 2772 1578 2837 inclamare
1608 2791 1845 2836 nomen
1877 2774 2035 2837 ado-

446 2861 766 2939 lescentis,
786 2872 848 2927 et
875 2885 1026 2947 prae
1052 2886 1270 2931 amore
1298 2871 1365 2932 in
1394 2870 1677 2934 furorem
1704 2871 1883 2944 verti,
1907 2888 2036 2951 quo

448 2980 485 3024 a
523 2964 587 3024 8.
620 2965 943 3030 Hilarione
984 2969 1284 3033 liberatur
1315 2972 1422 3052 (5).
1474 2974 1547 3034 In
1586 2980 1798 3035 nostra
1825 2972 2038 3034 fabula

451 3080 670 3143 magus
697 3066 1020 3143 feminam,
1057 3072 1157 3133 cui
1186 3077 1437 3152 turpem
1466 3090 1748 3135 amorem
1775 3073 2035 3135 iniicere

2146 578 2456 647 naturam,
2501 581 2715 635 mente
2768 572 3011 651 integra
3076 574 3341 639 servata,
3401 563 3751 643 accipiant.

2146 669 2326 741 Quod
2373 672 2617 751 experti
2655 678 2802 733 sunt
2850 669 3006 733 socii
3041 667 3303 748 Ulyssis,
3338 669 3591 731 Actaeo.
3642 663 3749 733 Io,

2144 763 2253 826 alii
2279 782 2315 827 a
2344 766 2542 841 Circe,
2572 768 2788 842 Diana,
2818 769 2971 831 Jove
2999 766 3214 829 aliisve
3243 763 3364 825 diis
3393 762 3461 823 in
3492 760 3747 822 anima-

2144 864 2228 926 lia
2260 868 2479 929 mutati
2512 867 2621 948 (6).
2650 872 2733 930 Ac
2760 867 2928 946 magi
2945 866 3137 929 medii
3156 865 3291 927 aevi
3318 862 3445 943 ipsi
3475 860 3747 941 quidem

2142 964 2408 1028 formam
2430 986 2502 1031 ac
2534 975 2817 1031 naturam
2844 966 3210 1030 animalium
3230 964 3529 1035 induunt,
3555 960 3752 1023 cuius

2143 1062 2237 1124 rei
2288 1064 2575 1145 exempla
2624 1064 2793 1147 apud
2842 1071 3085 1127 veteres
3131 1078 3392 1142 quoque
3448 1075 3580 1120 non
3629 1056 3753 1118 de-

2143 1170 2290 1226 sunt
2322 1164 2429 1246 (7),
2458 1184 2667 1247 neque
2695 1173 2907 1229 tamen
2934 1165 3093 1227 alios
3116 1164 3183 1225 in
3212 1160 3509 1225 animalia
3534 1166 3752 1227 verte-

2143 1283 2211 1328 re
2240 1268 2521 1346 potuisse
2553 1268 2848 1330 dicuntur
2879 1266 2987 1346 (8).
3010 1268 3212 1339 Quare
3234 1272 3296 1325 et
3316 1262 3396 1325 ab
3420 1261 3556 1323 istis
3576 1258 3752 1321 anti-

2142 1365 2286 1444 quis
2315 1366 2480 1427 etab
2514 1364 2688 1428 hisce
2730 1365 2923 1427 medii
2964 1364 3101 1426 aevi
3140 1359 3591 1424 mutationibus
3622 1374 3749 1418 no—

2142 1472 2279 1527 stra
2312 1467 2509 1546 probe
2567 1472 2661 1528 est
2711 1464 3174 1543 distinguenda,
3226 1480 3415 1543 quae,
3474 1460 3746 1538 magicis

2142 1565 2495 1643 praestigiis
2546 1565 2793 1638 eﬁ‘ecta,
2854 1579 2985 1625 non
3021 1562 3087 1624 in
3124 1576 3395 1640 corpore
3428 1557 3739 1630 feminae,

2143 1663 2252 1726 sed
2274 1664 2338 1725 in
2361 1664 2560 1727 oculis
2585 1663 2964 1725 intuentium
2992 1661 3245 1723 exstitit.
3279 1658 3494 1720 Talem
3522 1662 3745 1719 autem

2144 1766 2291 1841 vim,
2336 1783 2459 1845 qua
2501 1765 2831 1827 hominum
2862 1763 3030 1826 oculi
3073 1761 3501 1841 decipiuntur,
3532 1757 3744 1835 magis

2139 1865 2487 1927 attribuunt
2516 1866 2578 1927 S.
2611 1865 2988 1939 Lactantius,
3027 1861 3447 1924 Tertullianus
3469 1858 3575 1938 (9),
3609 1858 3738 1918 Mi-

2138 1968 2361 2029 nucius
2392 1967 2582 2029 Felix.
2601 1969 2649 2029 E
2679 1968 2908 2047 quibus
2939 1968 2999 2027 8.
3033 1963 3391 2027 Lactantius
3418 1978 3431 2021 :
3459 1983 3486 2016 α
3519 1960 3745 2037 Mago-

2138 2085 2279 2129 rum
2308 2084 2567 2147 quoque
2594 2085 2717 2141 ars,
2745 2091 2774 2124 »
2806 2066 3031 2147 inquit,
3066 2088 3097 2122 α
3129 2064 3337 2127 omnis
3354 2080 3426 2124 ac
3446 2058 3741 2141 potentia

2136 2168 2365 2231 horum
2419 2170 2845 2247 [daemonum]
2902 2166 3395 2249 aspirationibus
3448 2168 3739 2233 constat,

2136 2286 2172 2331 a
2218 2270 2447 2349 quibus
2497 2271 2801 2345 invocati,
2847 2271 3015 2332 visus
3040 2268 3371 2331 hominum
3399 2264 3509 2337 46
3537 2280 3733 2343 prae-

2136 2369 2335 2448 stigiis
2385 2368 2873 2432 obcaecantibus
2916 2368 3163 2441 fallunt,
3194 2375 3264 2429 ut
3306 2383 3438 2428 non
3476 2363 3746 2424 videant

2138 2487 2234 2544 ea,
2257 2487 2420 2550 quae
2449 2476 2617 2545 sunt,
2654 2476 2716 2531 et
2751 2470 2964 2532 videre
3007 2487 3075 2530 se
3120 2473 3345 2548 putent
3392 2464 3523 2537 illa,
3563 2479 3744 2542 quae

2138 2589 2267 2633 non
2289 2577 2435 2634 sunt
2482 2571 2631 2653 (10).
2661 2594 2692 2629 ι
2714 2572 3023 2634 Minucius
3052 2570 3263 2631 Felix:
3302 2590 3330 2624 α
3363 2566 3525 2643 Magi
3570 2579 3740 2643 quo-

2138 2689 2286 2752 que.
2315 2694 2343 2727 »
2373 2672 2601 2752 inquit,
2629 2694 2658 2728 α
2690 2688 2820 2732 non
2851 2677 3092 2733 tantum
3154 2670 3329 2732 ciunt
3358 2668 3738 2736 daemonas,

2136 2771 2249 2833 sed
2278 2770 2487 2845 etiam,
2520 2769 2829 2851 quidquid
2859 2768 3143 2830 miraculi
3167 2766 3415 2839 ludunt,
3441 2780 3557 2844 per
3583 2762 3743 2824 dae-

2135 2887 2358 2933 monas
2388 2870 2658 2945 faciunt;
2700 2870 2822 2931 illis
2875 2867 3341 2949 adspirantibus
3392 2872 3455 2926 et
3507 2862 3739 2924 infun-

2138 2972 2431 3034 dentibus
2460 2972 2828 3053 praestigias
2848 2971 3066 3039 edunt,
3087 2968 3185 3031 vel
3217 2984 3381 3048 quae
3402 2982 3533 3027 non
3554 2971 3734 3037 sunt,

2136 3072 2355 3145 videri,
2384 3071 2506 3146 vel,
2540 3089 2703 3151 quae
2742 3078 2912 3144 sunt,
2962 3087 3093 3131 non
3120 3069 3319 3131 videri
3366 3066 3514 3148 (11).
3542 3090 3567 3121 »
3601 3066 3733 3126 Sed

451 3165 691 3245 nequit,
734 3184 865 3230 non
914 3169 999 3232 ita
1038 3180 1257 3247 mutat,
1287 3179 1358 3235 ut
1389 3174 1486 3248 sit,
1518 3174 1628 3235 sed
1656 3181 1725 3235 ut
1751 3173 2037 3235 videatur
2061 3184 2105 3240 C
2137 3173 2447 3253 exempla,
2469 3191 2684 3251 magos
2714 3173 3068 3253 praestigiis
3089 3171 3397 3243 effecisse;
3430 3177 3500 3230 ut
3528 3167 3732 3229 homo

451 3273 689 3331 tantum
729 3285 894 3350 equa
921 3288 1084 3335 esse.
1102 3274 1285 3355 Apud
1312 3280 1555 3337 veteres
1574 3275 1856 3337 ethnicas
1886 3293 2036 3353 gen-

448 3373 546 3431 tes
572 3368 865 3449 legimus,
898 3372 1187 3437 homines
1206 3375 1518 3456 quosdam
1540 3376 1608 3438 in
1636 3375 1931 3440 animalia
1949 3376 2034 3439 ita

520 3522 600 3594 (1)
643 3523 705 3580 C.
743 3525 886 3581 infra
917 3526 1095 3599 Caput
1120 3526 1185 3585 lll
1217 3529 1269 3602 §.
1301 3529 1393 3585 20.

520 3614 599 3685 (2)
640 3615 697 3671 S.
751 3616 1027 3689 Eugeniae
1078 3622 1191 3677 vita
1231 3637 1353 3693 cap.
1403 3624 1457 3687 1,
1521 3620 1615 3675 VV
1654 3620 1803 3676 .PP.
1851 3622 2037 3676 Rosw.

450 3724 504 3779 ιι.
538 3708 665 3773 sto,
696 3711 749 3767 1.

522 3800 604 3871 (5)
644 3801 752 3856 Tit.
778 3800 915 3858 Cod.
931 3801 1001 3859 de
1017 3803 1280 3860 maleﬁcis
1302 3814 1357 3860 et
1375 3802 1775 3859 mathematicis
1791 3802 1905 3870 (IX,
1927 3803 2038 3874 18).

521 3892 601 3963 (ι)
642 3892 753 3949 Lex
778 3895 815 3949 5
842 3894 979 3951 Cod.
1008 3896 1046 3950 ι.
1079 3898 1119 3951 ι.

521 3981 600 4052 (5)
642 3982 703 4037 8.
751 3982 1050 4044 Hilarionis
1086 3988 1201 4042 vita
1242 4004 1365 4059 cap.
1416 3988 1508 4055 u,
1543 3986 1656 4040 VV.
1691 3986 1797 4043 PP.
1848 3986 2035 4044 Bosw.

450 4091 506 4146 p.
545 4075 633 4141 78,
668 4079 705 4130 2
738 4092 861 4149 sqq.

521 4165 601 4236 (6)
638 4165 835 4241 Odyss.
873 4166 943 4232 Χ,
998 4167 1105 4224 229
1146 4185 1313 4240 sqq.;
1353 4168 1512 4227 Ovid.
1558 4172 1775 4226 Metam.
1811 4172 1906 4226 lib.
1944 4171 2036 4235 lll,

451 4256 556 4312 195
610 4273 771 4329 sqq.;
823 4258 1081 4337 Aeschyl.
1143 4259 1547 4330 Prometheus;
1600 4262 1762 4319 Ovid.
1816 4262 2034 4319 Metam.

448 4348 546 4405 lih.
584 4350 623 4414 I,
655 4350 781 4407 610.

518 4442 598 4515 (7)
638 4443 840 4501 Herod.
871 4445 962 4514 1v,
996 4446 1120 4502 tos.

518 4537 600 4607 (8)
637 4536 846 4609 Grimm
877 4538 1208 4612 Mytbologie
1250 4539 1348 4595 Ed.
1383 4539 1404 4592 Ι
1434 4556 1487 4611 p.
1523 4540 1650 4595 625.
1682 4539 1785 4596 Ubi
1818 4542 1902 4595 vir
1933 4541 2035 4595 do-

446 4637 571 4685 ctus
599 4643 709 4684 non
733 4613 961 4686 omnino
991 4647 1117 4687 vere
1143 4633 1351 4703 dixisse
1382 4632 1637 4699 videtur;
1666 4649 1793 4687 nam
1825 4635 1879 4688 in
1910 4632 2035 4688 Tri-

445 4721 639 4778 themii
697 4711 908 4777 Chron.
972 4721 1229 4795 Hirsaug.
1281 4708 1372 4781 ed.
1434 4723 1692 4780 Francof.
1752 4724 1885 4779 1601
1965 4725 2034 4779 ad

447 4829 499 4868 a.
524 4813 662 4871 1010
688 4814 757 4871 de
781 4815 978 4896 iuvene
1006 4832 1037 4871 a
1060 4810 1279 4873 duabus
1306 4817 1509 4874 vetulis
1541 4818 1596 4873 in
1624 4817 1860 4873 formam
1888 4818 2034 4873 asini

445 4913 660 4962 mutato
710 4908 929 4978 legitur.
973 4906 1060 4963 Cf.
1108 4906 1263 4963 Vino.
1314 4908 1519 4963 Bellov.
1571 4908 1732 4980 Spec.
1782 4908 1905 4964 Nat.
1940 4910 2031 4976 Ill,

448 4998 573 5054 109.
617 4989 946 5057 Heliodorus
997 5002 1250 5072 quemvis
1293 5002 1575 5057 hominem
1630 5003 1687 5057 in
1746 5003 2033 5072 quodlibet

446 5088 649 5143 animal
692 5099 905 5148 mutare
954 5100 1186 5163 poterat.
1239 5092 1325 5147 Cf.
1366 5091 1568 5149 Fazelli
1588 5110 1771 5149 rerum
1821 5095 2033 5149 Sicula-

446 5194 569 5233 rum
609 5180 775 5249 decas
828 5182 848 5245 1
888 5184 985 5241 lib.
1015 5183 1104 5249 ΙΙΙ,
1137 5186 1189 5248 1,
1224 5184 1295 5240 59
1342 5199 1464 5255 sqq.
1509 5183 1719 5240 Grimm
1761 5186 1915 5240 illum
1950 5186 2033 5241 lo—

446 5284 573 5349 cum
612 5272 738 5326 libri
768 5274 854 5329 sui
888 5274 1007 5344 ipse
1033 5277 1141 5331 iam
1168 5278 1497 5347 reprobasse
1527 5258 1778 5344 videtur;
1808 5293 1934 5332 nam
1976 5280 2031 5333 in

447 5361 621 5418 altera
660 5365 902 5422 editione
948 5383 1058 5422 non
1098 5370 1355 5426 habetur.

522 5454 605 5524 (9)
646 5455 881 5527 Apolog.
918 5473 1041 5528 cap.
1071 5459 1163 5514 22.
1195 5461 1289 5516 25.

522 5547 635 5618 (10)
673 5546 853 5604 Divin.
890 5550 1064 5627 instit.
1094 5551 1161 5628 ll,
1198 5556 1266 5610 15
1295 5554 1350 5613 S.
1379 5555 1534 5613 Lact.
1568 5554 1708 5626 Opp.
1739 5555 1828 5611 ed.
1853 5554 2034 5625 Migne

453 5634 516 5691 Τ.
552 5638 568 5689 1
600 5654 656 5706 p.
692 5640 814 5697 532.

526 5728 641 5796 (11)
683 5728 938 5786 Octavius
963 5748 1087 5802 cap.
1114 5734 1208 5800 26,
1248 5734 1384 5789 Bibl.
1442 5734 1667 5790 Patrum
1724 5735 1871 5791 Eccl.
1908 5736 2029 5791 Lat.

454 5819 645 5876 select.
689 5834 739 5874 c.
795 5821 1061 5880 Gersdorf
1106 5818 1224 5882 Vol.
1281 5826 1392 5901 Xlll
1445 5826 1594 5897 Lips.
1656 5829 1791 5883 1842
1836 5846 1890 5899 p.
1938 5832 2029 5895 57,

2139 3276 2616 3356 conspiceretur
2641 3275 2896 3350 animal,
2933 3274 3126 3337 multa
3156 3272 3424 3335 inveniri
3452 3271 3553 3331 vix
3582 3286 3734 3331 cre—

2141 3374 2534 3457 diderim(12)
2548 3377 2936 3456 .Quanquam
2955 3374 3075 3437 alia
3092 3372 3423 3437 oculorum
3457 3368 3736 3432 ludibria

2144 3528 2321 3600 Migne
2358 3529 2562 3585 Patrol.
2600 3531 2664 3585 Τ.
2704 3529 2769 3583 Ill
2799 3544 2852 3601 p.
2886 3530 3013 3584 522.

2209 3624 2321 3693 (12)
2357 3623 2417 3679 S.
2480 3624 2821 3695 Augustinus
2874 3622 2942 3678 de
2990 3622 3096 3676 civ.
3137 3619 3230 3675 Dei
3253 3616 3533 3684 XVIII,”
3562 3636 3575 3671 :
3606 3635 3624 3667 ε
3656 3614 3730 3669 Et

2143 3729 2296 3780 nos,»
2346 3713 2544 3784 inquit,
2574 3731 2593 3765 ι
2627 3728 2751 3768 cum
2783 3728 3031 3768 essemus
3063 3713 3117 3766 in
3149 3710 3732 3773 ltalia,-audiebamus

2140 3807 2272 3861 talia
2289 3807 2356 3862 de
2372 3806 2607 3878 quadam
2635 3806 2857 3877 regione
2875 3806 3091 3859 illarum
3124 3804 3386 3874 partium,
3406 3801 3499 3856 ubi
3533 3801 3733 3856 stabu-

2140 3898 2309 3953 larias
2334 3898 2614 3961 mulieres,
2650 3897 2894 3951 imbutas
2915 3896 3003 3951 his
3029 3896 3189 3949 malis
3213 3893 3447 3956 artibus,
3484 3892 3537 3946 in
3561 3906 3732 3946 caseo

2139 3991 2272 4045 dare
2322 3991 2501 4046 solere
2546 3990 2822 4054 dicebant,
2874 3989 3098 4059 quibus.
3125 3988 3327 4041 vellent
3363 4002 3458 4041 seu
3503 3994 3732 4055 possent

2140 4084 2462 4150 viatoribus,
2503 4084 2649 4139 unde
2682 4083 2738 4136 in
2775 4083 3017 4137 iumenta
3072 4081 3220 4135 illico
3255 4087 3619 4142 verterentur,
3669 4086 3727 4131 et

2140 4177 2453 4231 necessaria
2501 4190 2753 4247 quaeque
2799 4181 3104 4245 portarent,
3156 4181 3389 4243 postque
3430 4169 3722 4241 perfuncta

2138 4283 2305 4338 opera
2354 4268 2551 4323 iterum
2598 4267 2663 4321 ad
2722 4282 2783 4323 se
2826 4265 3098 4328 redirent,
3150 4280 3251 4320 nec
3304 4277 3486 4319 tamen
3540 4264 3595 4316 in
3643 4263 3730 4317 eis

2140 4368 2375 4414 mentem
2411 4359 2527 4414 ﬁeri
2556 4359 2863 4425 bestialem,
2899 4358 2995 4414 sed
3031 4356 3355 4411 rationalem
3393 4356 3727 4409 humanam-

2137 4468 2243 4523 que
2290 4453 2515 4516 servari,
2568 4453 2713 4508 sicut
2746 4452 3010 4523 Apuleius
3046 4451 3099 4505 in
3145 4450 3322 4511 libris.
3371 4464 3514 4519 quos
3564 4447 3726 4501 Asini

2139 4546 2289 4601 aurei
2320 4546 2480 4601 titulo
2516 4544 2821 4614 inscripsit,
2866 4544 2969 4599 sibi
3016 4543 3119 4613 ipsi
3157 4541 3452 4607 accidisse,
3484 4551 3545 4595 ut
3572 4556 3727 4595 acce-

2139 4645 2233 4705 pto
2281 4652 2513 4702 veneno,
2569 4636 2806 4689 humano
2861 4634 3045 4687 animo
3101 4643 3480 4702 permanente,
3528 4632 3727 4686 asinus

2141 4726 2315 4793 ﬁeret,
2357 4735 2451 4781 aut
2495 4725 2779 4789 indicavit,
2813 4732 2908 4778 aut
2962 4724 3114 4778 tinxit
3147 4744 3192 4777 ι.
3233 4724 3577 4794 Augustinus
3624 4722 3728 4774 ad-

2141 4817 2221 4873 dit
2254 4834 2267 4871 :
2304 4837 2324 4869 ι
2354 4817 2498 4873 Haec
2527 4817 2612 4871 vel
2659 4816 2797 4870 falsa
2849 4824 2999 4883 sunt,
3027 4816 3112 4870 vel
3160 4827 3272 4869 tam
3319 4816 3604 4877 inusitata,
3663 4823 3727 4869 ut

2142 4910 2340 4965 merito
2380 4925 2490 4964 non
2527 4908 2823 4963 credantur
2860 4925 2904 4960 ι.
2951 4905 3010 4960 8.
3045 4907 3185 4976 Aug.
3237 4904 3377 4976 Opp.
3411 4905 3500 4961 ed.
3544 4905 3729 4976 Migne

2141 5001 2208 5059 T.
2237 5002 2328 5056 Vll
2352 5001 2580 5073 |Patrol.
2611 4999 2752 5073 XLI]
2775 5015 2825 5070 p.
2864 4998 2989 5053 574.
3011 4998 3350 5053 Trithemius
3380 4999 3417 5052 l.
3439 4999 3477 5051 l.
3500 5017 3513 5052 :
3537 5016 3555 5049 ε
3586 4998 3730 5053 Con-

2142 5095 2312 5169 tigit,»
2376 5094 2575 5162 inquit,
2617 5112 2635 5144 ι
2670 5093 2818 5147 circa
2853 5092 2988 5146 haec
3028 5100 3275 5161 tempora
3301 5089 3519 5144 Henrici
3556 5090 3729 5159 impe-

2139 5189 2338 5244 ratoris
2374 5186 2622 5241 mirabile
2662 5186 2886 5241 factum.
2921 5184 3137 5238 Iuvenis
3178 5183 3400 5253 quidam
3452 5182 3731 5237 maleﬁcio

2139 5280 2374 5333 duarum
2413 5279 2719 5333 vetularum
2766 5279 2821 5333 in
2853 5276 3085 5332 formam
3130 5276 3272 5330 asini
3324 5282 3570 5329 mutatus
3615 5281 3726 5337 est,

2138 5370 2213 5424 ita
2244 5379 2305 5423 ut
2338 5368 2593 5425 omnibus
2643 5368 2956 5423 videntibus
2996 5368 3188 5421 asinus
3225 5372 3534 5436 appareret,
3576 5365 3728 5435 quod

2138 5463 2325 5517 multis
2352 5462 2691 5531 impossibile
2718 5462 2934 5517 videtur
2958 5475 3067 5515 non
3097 5458 3551 5529 intelligentibus,
3575 5458 3724 5527 quod

2137 5553 2501 5622 permissione
2528 5552 2714 5607 divina
2750 5554 2981 5624 spiritus
3009 5553 3285 5621 malignus
3318 5551 3512 5605 oculos
3541 5550 3723 5604 homi-

2138 5661 2267 5699 num
2300 5645 2568 5700 mirandis
2590 5645 3057 5699 ludiﬁcationibus
3080 5644 3308 5698 illudere
3337 5650 3538 5713 potest.
3578 5662 3596 5694 ›
3628 5641 3720 5697 Cf.

2136 5736 2293 5793 Vinc.
2324 5737 2527 5792 Bellov.
2555 5738 2591 5793 I.
2624 5740 2661 5794 l.
2690 5748 2745 5793 et
2763 5737 2963 5793 Fazelli
2992 5738 3027 5790 l.
3064 5738 3099 5790 l.
3123 5738 3181 5790 In
3205 5737 3464 5791 Chronici
3492 5734 3723 5789 Hirsau-

2143 5830 2347 5901 giensis
2382 5830 2623 5887 editione
2673 5831 2844 5887 altera
2890 5830 3266 5900 locupletiore,
3304 5829 3363 5884 S.
3393 5828 3531 5883 Galli
3578 5826 3724 5883 1600
