4046 6466
279 356 351 412 δ’ὁ

1858 364 2065 421 VITAE
2083 402 2098 417 .
3546 363 3620 417 ιδ

288 492 328 538 a
372 472 574 553 magis
638 450 821 541 facta
872 442 1101 544 medio
1141 498 1292 544 aevo
1336 497 1525 561 saepe
1570 486 1920 543 narrantur.
1954 493 1999 542 A
2026 478 2213 540 vertit
2267 442 2613 560 (3).Atque
2655 476 2903 539 incolae
2935 473 3143 537 Siwah
3172 482 3343 537 Uasrs
3387 473 3614 537 hodie-

302 578 581 651 Faustus,
638 584 719 639 ut
775 598 995 642 unum
1049 588 1290 644 tantum
1336 581 1626 662 prodam,
1662 598 1918 643 currum

311 676 491 740 foeno
527 685 889 742 oneratum
919 680 1225 744 devorare
1257 700 1329 743 ac
1376 686 1593 760 postea
1626 696 1917 743 evomere

320 778 578 851 videtur,
639 780 823 855 vina,
884 800 1051 861 quae
1116 788 1516 862 compotores
1584 787 1825 861 optant,
1882 798 1918 843 e

322 896 533 941 mensa
554 879 765 956 elicit,
790 881 1131 962 efﬁcitque,
1152 890 1221 945 ut
1238 883 1507 963 quisque
1540 899 1727 944 nares
1754 888 1920 945 cete-

330 996 534 1043 rorum
564 997 692 1060 pro
720 982 864 1044 uvis
884 982 1108 1045 habeat
1145 982 1508 1064 (1).Neque,
1532 988 1743 1043 utrum
1770 980 1919 1043 dae-

336 1081 529 1143 monis
573 1097 708 1160 ope
749 1098 968 1159 magus
1012 1081 1354 1161 Aegyptius
1392 1096 1594 1159 equae
1639 1077 1919 1158 speciem

331 1181 719 1260 suggesserit
764 1179 1056 1255 feminae,
1096 1199 1133 1242 a
1168 1180 1443 1243 Palladio
1487 1185 1550 1240 et
1603 1178 1766 1240 libro
1810 1194 1915 1239 se-

327 1280 540 1343 cundo
570 1281 919 1343 edocemur
978 1278 1082 1361 (2).
1137 1281 1207 1341 In
1240 1276 1608 1359 apocrypha
1640 1278 1703 1337 S.
1740 1276 1915 1339 Basi-

326 1381 395 1443 lii
420 1382 549 1442 vita
590 1416 673 1426 -
710 1381 963 1443 saeculo
990 1387 1096 1459 45
1136 1397 1276 1441 mea
1314 1378 1571 1459 quidem
1610 1376 1918 1439 sententia

323 1490 554 1544 octavo
584 1480 684 1542 vel
714 1497 885 1543 nono
903 1480 1256 1560 conscripta
1282 1514 1356 1522 —
1386 1478 1465 1539 de
1494 1482 1772 1538 amatore
1799 1481 1919 1536 tra-

323 1588 521 1660 ditur,
571 1586 687 1666 qui
741 1586 1040 1648 suadente
1093 1600 1276 1660 mago
1325 1579 1647 1642 diabolum
1706 1578 1918 1657 ipsum

324 1687 476 1761 adit,
506 1686 686 1765 apud
724 1702 913 1765 quem
973 1701 1087 1764 per
1128 1682 1346 1744 literas
1378 1678 1619 1741 Christo
1675 1692 1916 1738 renun-

324 1788 459 1861 tiat,
496 1786 614 1848 sed
639 1785 874 1866 nuptiis
892 1784 1067 1847 factis
1094 1782 1173 1846 ad
1202 1779 1655 1863 poenitentiam
1672 1794 1739 1840 se
1770 1792 1919 1840 con-

2023 570 2174 632 dum
2204 588 2421 649 magos
2453 570 2572 633 sibi
2606 587 2886 633 amorem
2917 569 3252 635 mulierum
3276 567 3615 629 conciliare

2019 687 2209 751 posse
2251 671 2515 733 credunt
2553 669 2659 750 (4).

2102 774 2213 847 46
2235 774 2389 846 Iam,
2416 771 2741 853 quomodo
2760 771 3064 834 Macarius
3092 770 3393 840 feminam
3421 789 3458 833 a
3475 788 3614 834 ma-

2025 871 2089 949 gi
2114 872 2470 952 praestigiis
2496 872 2717 948 solvat,
2738 871 3194 935 animadvertel
3219 872 3615 935 Orationibus

2020 972 2101 1034 ad
2128 973 2326 1034 Deum
2363 974 2720 1051 praemissis
2747 974 3064 1037 infelicem
3097 992 3259 1053 aqua
3277 973 3611 1041 benedicta

2024 1088 2061 1134 a
2110 1090 2355 1136 summo
2398 1074 2551 1136 inde
2589 1075 2825 1139 vertice
2874 1075 3096 1155 capitis
3140 1075 3497 1151 madefacit,
3542 1080 3616 1137 ut

2020 1173 2333 1238 Palladius
2395 1182 2625 1252 narrat,
2678 1176 2821 1240 oleo
2873 1183 3089 1240 sancto
3152 1178 3467 1259 perungit,
3525 1183 3616 1238 te-

2020 1272 2396 1337 stantelibro
2424 1275 2730 1337 secundo.
2758 1276 2937 1349 Quod
2968 1276 3224 1356 quidem
3250 1283 3610 1355 utrumque,

2021 1378 2084 1433 et
2097 1371 2308 1434 oleum
2324 1380 2385 1435 et
2404 1391 2567 1453 aqua
2585 1375 2937 1450 benedicta,
2970 1376 3137 1456 apud
3150 1394 3335 1439 senes
3349 1377 3617 1456 Aegypti

2016 1472 2085 1533 in
2113 1491 2235 1534 usu
2285 1472 2404 1535 fuit
2444 1475 2523 1536 ad
2570 1492 2903 1552 magorum
2929 1462 3612 1539 fallaciasevertendas.

2020 1572 2153 1634 Oiei
2177 1592 2329 1637 usus
2363 1576 2440 1638 ad
2483 1577 2799 1639 curandos
2825 1578 3132 1654 infirmos,
3174 1597 3377 1659 aquae
3413 1580 3614 1641 bene—

2020 1674 2222 1738 dictae
2264 1682 2339 1738 ad
2396 1695 2724 1756 magorum
2781 1680 3241 1744 incantationes
3286 1681 3616 1745 solvendas

2021 1775 2416 1858 frequentior
2446 1778 2642 1843 fuisse
2670 1781 2937 1853 videtur.
2980 1786 3154 1865 Aqua
3188 1783 3519 1846 benedicta
3556 1788 3616 1844 et

327 2008 394 2063 Τ.
436 2008 455 2061 l
490 2025 547 2077 p.
587 2007 714 2074 155,
751 2006 962 2068 eadem,
1004 2011 1066 2059 ut
1111 2003 1345 2069 videtur,
1392 1998 1795 2056 historiuncula
1845 1994 1915 2049 ad
1954 1976 1996 2032 Β
2027 1996 2112 2051 cia
2146 1999 2362 2053 occulta
2405 2008 2534 2057 sunt
2586 2003 2779 2065 multa,
2822 2002 3029 2063 iniusta
3082 2003 3256 2060 nulla.
3305 2003 3418 2062 Nec
3476 2020 3613 2061 sane

330 2118 385 2154 a.
432 2102 581 2155 1015
618 2101 753 2155 haec
784 2098 1020 2152 traditur
1059 2117 1071 2152 ε
1116 2116 1135 2148 ι
1173 2096 1335 2151 Circa
1384 2094 1520 2149 haec
1551 2102 1797 2162 tempora
1830 2103 1919 2143 res

325 2194 585 2248 miranda
636 2191 940 2261 contigisse
982 2191 1039 2244 in
1072 2188 1388 2260 Burgundia
1433 2186 1666 2258 legitur,
1708 2183 1776 2238 de
1812 2197 1920 2251 qua

329 2283 487 2336 multi
563 2281 845 2351 sapientes
898 2278 1269 2334 diversimode
1331 2277 1651 2347 epinantur.
1723 2271 1921 2327 Mulier

329 2375 603 2443 quaedam
653 2385 821 2442 saga,
877 2370 1066 2441 quales
1106 2370 1270 2440 vulgo
1318 2376 1467 2422 recte
1514 2366 1789 2420 maleticas
1823 2377 1921 2433 ap-

334 2467 638 2535 pellamus,
677 2464 929 2518 iuvenem
951 2461 1222 2533 quendam
1263 2461 1460 2533 poculo
1488 2466 1777 2514 excantato
1802 2456 1921 2511 dia-

334 2558 530 2612 bolicis
579 2570 693 2609 non
736 2555 962 2611 dubium
1000 2554 1340 2610 carminibus
1382 2554 1437 2606 in
1487 2552 1719 2606 bestiam
1767 2562 1919 2602 com-

331 2658 579 2704 mutasse
618 2649 738 2704 visa
787 2656 891 2713 est,
942 2648 1019 2702 ita
1054 2647 1200 2718 quod
1244 2645 1538 2707 omnibus,
1569 2642 1662 2714 qui
1694 2656 1814 2695 eam
1850 2639 1924 2693 vi-

328 2742 549 2805 derant,
581 2756 695 2797 non
732 2741 917 2807 homo,
951 2740 1046 2795 sed
1078 2740 1269 2795 asinus
1296 2738 1614 2810 apparebat.
1652 2733 1808 2800 Quae
1835 2746 1923 2786 res

329 2850 495 2906 quam
533 2836 605 2890 sit
644 2834 820 2890 facilis
847 2834 1193 2905 permittente
1226 2832 1356 2896 Deo,
1407 2846 1471 2884 ac
1519 2842 1682 2904 sagae
1722 2839 1923 2894 coope-

331 2934 488 2981 rante
549 2924 806 2990 diabolo,
865 2925 971 2977 iam
1046 2921 1251 2977 dudum
1307 2920 1577 2976 sententia
1637 2919 1922 2971 doctorum

333 3020 683 3087 exploratum
710 3016 1009 3085 ,habemus,
1050 3015 1145 3085 qui
1174 3013 1526 3075 confirmant,
1564 3010 1784 3064 diabolo
1816 3020 1923 3061 non

333 3126 459 3165 esse
490 3109 737 3173 difﬁcile,
775 3108 937 3163 modo
970 3109 1356 3177 cunctipotens
1394 3102 1706 3175 permiserit
1755 3099 1921 3164 Deus,

332 3201 622 3254 hominum
655 3199 907 3269 decipere
932 3214 1178 3257 sensus.»

399 3295 482 3363 (I)
533 3292 634 3347 Die
678 3293 819 3362 Sage
862 3308 968 3347 von
1027 3292 1230 3348 Doctor
1271 3289 1549 3345 Iohannes
1598 3286 1770 3341 Faust
1816 3300 1918 3339 un-

329 3392 465 3439 ters.
497 3400 605 3439 von
639 3383 702 3437 ll.
744 3384 1141 3442 Duntzcr1846
1168 3399 1221 3453 p.
1257 3382 1380 3435 177.
1412 3382 1538 3436 205.
1574 3381 1661 3435 70.
1700 3378 1918 3433 Similia

330 3474 580 3543 prodigia
632 3474 685 3527 in
742 3474 945 3543 oppido
998 3472 1317 3528 Crucenaco
1376 3471 1639 3542 magister
1695 3468 1919 3523 Theodo

333 3563 525 3632 Magus
556 3562 709 3617 ferit.
748 3562 820 3616 De
854 3578 962 3632 quo
1000 3562 1345 3621 Trithemius
1389 3561 1440 3613 in
1494 3560 1690 3615 chron.
1739 3558 1919 3627 Span-

332 3655 499 3709 heim.
538 3656 603 3710 ad
638 3670 688 3710 a.
722 3654 864 3708 1262
884 3655 975 3719 ed.
1004 3652 1257 3709 Francof.
1296 3669 1348 3713 a.
1387 3651 1519 3707 1601
1560 3667 1612 3721 p.
1642 3649 1750 3704 284
1784 3650 1921 3703 haec

329 3757 520 3801 narrat
548 3765 560 3799 :
596 3765 617 3797 ‹
647 3748 807 3803 Anno.
831 3745 1060 3801 Joannis
1082 3746 1293 3800 abbatis
1315 3745 1479 3799 huius
1504 3741 1823 3797 monasterii
1846 3738 1919 3801 Χ,

330 3840 481 3893 venit
521 3838 746 3909 quidam
800 3840 963 3893 homo
1021 3855 1088 3894 ex
1141 3838 1387 3909 partibus
1440 3835 1795 3891 inferioribus
1851 3833 1920 3888 ad

332 3942 512 3985 terras
550 3933 704 3994 istas,
741 3930 836 3999 qui
867 3930 1166 3985 vocabatur
1204 3929 1463 3999 magister
1505 3926 1753 3991 Theodo,
1794 3939 1916 3978 ma-

331 4038 430 4089 gus
461 4032 517 4076 et
551 4004 938 4091 praestigiator
978 4020 1342 4085 admirabilis,
1382 4018 1477 4089 qui
1524 4017 1694 4071 multa
1739 4022 1794 4071 et
1831 4014 1917 4069 in-

329 4115 631 4170 credibilia
666 4113 798 4167 fecit
828 4111 1096 4182 prodigia.
1129 4110 1267 4166 Nam
1314 4112 1368 4165 in
1415 4110 1620 4181 Oppido
1649 4108 1918 4164 Creutze-

330 4209 505 4264 nacht
546 4220 734 4259 coram
784 4205 934 4260 omni
981 4204 1184 4275 populo
1228 4203 1444 4274 publice
1482 4203 1540 4257 in
1589 4200 1710 4256 foro
1753 4205 1920 4269 caput

331 4299 526 4352 famuli
558 4298 643 4351 sui
677 4295 1003 4366 amputavit,
1036 4292 1181 4363 quod
1205 4300 1326 4364 post
1359 4292 1600 4369 spatium
1635 4288 1801 4345 unius
1839 4286 1920 4341 di—

330 4390 536 4443 midiae
567 4389 738 4442 horae
763 4388 980 4457 corpori
1012 4386 1245 4441 iacentis
1280 4383 1545 4441 restituit.
1590 4382 1728 4436 Cum
1764 4380 1921 4434 cani-

332 4484 435 4537 bus
479 4484 532 4535 in
584 4496 710 4536 aere
749 4480 905 4552 quasi
940 4480 1009 4534 ad
1036 4477 1348 4534 venandum
1378 4476 1662 4531 ambulare
1697 4472 1922 4529 videba-

328 4587 442 4638 tur,
491 4573 797 4639 ascendens
840 4580 1006 4643 atque
1055 4569 1421 4633 descendens,
1467 4576 1522 4625 et
1577 4568 1825 4623 clamans
1863 4564 1922 4620 in

2023 2088 2321 2147 daemones
2359 2103 2841 2162 naturascreant,
2884 2096 2930 2151 si
2981 2096 3188 2167 aliquid
3228 2098 3337 2152 tale
3368 2098 3604 2164 faciunt,

2024 2180 2092 2236 de
2119 2184 2374 2252 qualibus
2403 2184 2563 2242 factis
2605 2187 2709 2242 ista
2754 2188 2986 2242 vertitur
3012 2191 3302 2259 quaestio;
3353 2192 3448 2246 sed
3484 2208 3614 2263 spc—

2023 2273 2109 2328 cie
2137 2284 2315 2338 tenus,
2345 2292 2488 2347 quae
2508 2293 2538 2332 a
2568 2293 2698 2333 vero
2722 2277 2833 2334 Deo
2858 2287 2989 2334 sunt
3012 2290 3215 2347 creata,
3241 2291 3606 2347 commutant,

2023 2374 2085 2420 ut
2111 2367 2400 2423 videantur
2423 2385 2548 2426 esse
2572 2371 2719 2441 quod
2755 2387 2864 2426 non
2893 2380 3043 2427 sunt.
3068 2373 3184 2428 Non
3213 2374 3399 2444 itaque
3426 2376 3611 2430 solum

2025 2458 2291 2525 animum,
2329 2461 2423 2515 sed
2457 2477 2559 2517 nec
2588 2478 2792 2533 corpus
2821 2464 3044 2534 quidem
3080 2465 3193 2519 ulla
3239 2467 3454 2523 ratione
3490 2482 3615 2522 cre-

2025 2548 2258 2605 diderim
2281 2550 2610 2608 daemonum
2645 2563 2763 2610 arte
2788 2556 2874 2610 vel
2902 2564 3169 2625 potestate
3194 2559 3250 2613 in
3277 2559 3524 2614 membra
3555 2568 3613 2615 et

2026 2640 2359 2700 lineamenta
2399 2645 2650 2700 bestialia
2695 2648 2964 2703 veraciter
2997 2664 3159 2717 posse
3191 2651 3465 2717 converti,
3507 2651 3606 2705 sed

2026 2732 2428 2801 phantasticum
2468 2737 2726 2801 hominis,
2763 2740 2909 2809 quod
2941 2740 3108 2793 etiam
3153 2740 3451 2810 cogitando
3499 2743 3617 2799 sive

2028 2826 2353 2883 somniando
2381 2844 2478 2899 per
2506 2844 2685 2886 rerum
2723 2830 3148 2885 innumerabilia
3188 2848 3388 2901 genera
3422 2835 3601 2889 varia-

2026 2928 2137 2984 tur,
2172 2928 2228 2973 et
2268 2937 2393 2979 cum
2444 2936 2647 2992 corpus
2690 2938 2800 2977 non
2848 2923 2939 2987 sit,
2979 2938 3274 2993 corporum
3314 2932 3497 2981 tamen
3542 2926 3617 2982 si-

2026 3013 2185 3068 miles
2239 3014 2377 3067 mira
2435 3016 2714 3070 celeritate
2773 3015 2977 3073 formas
3036 3018 3211 3088 capit,
3272 3018 3465 3088 sopitis
3520 3029 3615 3072 aut

2026 3107 2309 3175 oppressis
2344 3108 2627 3178 corporeis
2664 3109 2904 3165 hominis
2957 3111 3235 3175 sensibus,
3272 3110 3338 3163 ad
3379 3111 3614 3165 aliorum

2028 3215 2250 3254 sensum
2286 3200 2475 3257 nescio
2508 3217 2618 3271 quo
2657 3201 2919 3257 ineffabili
2949 3203 3113 3256 modo
3146 3202 3317 3273 ﬁgura
3347 3218 3615 3273 corporea

2029 3304 2192 3359 posse
2233 3291 2481 3360 perduci,
2528 3293 2604 3347 ita
2640 3301 2699 3347 ut
2746 3308 2981 3364 corpora
3022 3297 3138 3365 ipsa
3186 3296 3467 3350 hominum
3517 3296 3617 3350 ali-

2025 3380 2151 3436 cubi
2189 3382 2426 3447 iaceant,
2464 3384 2705 3439 viventia
2736 3386 2984 3457 quidem,
3041 3389 3136 3442 sed
3186 3388 3361 3442 multo
3392 3387 3619 3458 gravius

2028 3480 2195 3543 atque
2229 3475 2614 3533 vehementius
2642 3493 2811 3547 quam
2842 3494 3036 3534 somno
3074 3478 3191 3533 suis
3225 3480 3484 3534 sensibus
3519 3481 3618 3534 ob—

2024 3567 2258 3633 seratis;
2303 3568 2711 3638 phantasticum
2758 3578 2941 3625 autem
2976 3570 3111 3625 illud
3152 3571 3319 3625 veluti
3349 3586 3616 3641 corpora-

2021 3666 2140 3713 tum
2175 3660 2230 3714 in
2263 3661 2497 3717 alicuius
2547 3663 2803 3718 animalis
2846 3662 3022 3733 eﬂigie
3067 3672 3329 3732 appareat
3359 3664 3629 3721 sensibus.

2022 3749 2238 3813 alienis,
2290 3752 2529 3821 talisque
2576 3754 2741 3808 etiam
2787 3755 2893 3810 sibi
2947 3756 3111 3809 homo
3169 3771 3292 3810 esse
3339 3756 3614 3821 videatur,

2022 3842 2165 3897 sicut
2192 3844 2316 3899 talis
2356 3844 2461 3900 sibi
2491 3845 2663 3901 videri
2694 3855 2882 3917 posset
2924 3847 2981 3903 in
3023 3850 3258 3914 somnis,
3294 3859 3348 3905 et
3376 3857 3621 3918 portare,

2021 3949 2224 3999 onera;
2252 3952 2391 4007 quae
2419 3952 2612 4003 onera,
2642 3940 2686 3994 si
2717 3956 2845 3995 vera
2873 3950 3003 3995 sunt
3035 3957 3289 4010 corpora,
3324 3950 3619 4011 portantur

2022 4043 2051 4081 a
2080 4029 2464 4097 daemonibus,
2501 4041 2560 4088 ut
2589 4034 2848 4089 illudatur
2876 4036 3216 4099 hominibus,
3244 4037 3443 4106 partim
3481 4053 3619 4092 vera

2021 4134 2249 4175 onerum
2279 4137 2535 4193 corpora,
2567 4127 2766 4195 partim
2804 4128 3178 4182 iumentorum
3209 4126 3347 4185 falsa
3372 4144 3611 4184 cernen-

2021 4211 2190 4267 tibus.
2231 4232 2249 4265 ι
2294 4213 2350 4269 S.
2377 4216 2515 4286 Aug.
2549 4216 2686 4288 Opp.
2725 4219 2812 4273 ed.
2846 4219 3024 4289 Mignc
3051 4218 3116 4273 T.
3160 4218 3258 4274 VII
3285 4236 3341 4290 p.
3379 4220 3487 4274 575
3524 4236 3611 4291 sq.

2094 4303 2173 4376 (5)
2214 4304 2343 4362 Vita
2387 4306 2445 4360 S.
2491 4306 2713 4375 Basilii,
2757 4310 3027 4379 scriptore
3075 4309 3616 4381 Pseudo-Amphilo—

2023 4395 2172 4461 chio,
2205 4412 2328 4467 cap.
2363 4398 2419 4465 8,
2444 4398 2559 4454 VV.
2596 4398 2703 4454 PP.
2730 4399 2916 4457 Rosw.
2949 4419 3001 4472 p.
3032 4401 3158 4468 156,
3189 4403 3215 4456 1
3245 4418 3366 4473 sqq.
3393 4402 3468 4457 cf.
3500 4402 3614 4464 AA.

2028 4484 2128 4542 SS.
2162 4486 2299 4546 Boll.
2339 4488 2488 4549 Junii
2534 4489 2598 4551 Τ.
2632 4491 2675 4544 ll
2704 4508 2759 4562 p.
2804 4493 2905 4549 507
2951 4510 3074 4564 sqq.
3125 4492 3249 4549 Hoc
3285 4494 3617 4564 antiquissi-

2023 4594 2176 4635 mum
2230 4582 2376 4650 pacti
2428 4596 2554 4636 cum
2604 4582 2825 4638 diabolo
2870 4584 2992 4638 initi
3047 4586 3361 4656 exemplum
3412 4596 3519 4651 est,
3568 4588 3617 4642 si

329 4664 627 4719 altissimis
680 4664 837 4734 quasi
898 4678 930 4717 a
981 4663 1231 4718 remotis.
1291 4663 1583 4716 Armatum
1635 4658 1917 4719 hominem
1956 4679 2001 4734 ι)
2029 4666 2695 4741 Pseudo-Amphilochius
2742 4673 3007 4739 fabulam,
3044 4691 3211 4745 quam
3242 4676 3314 4730 ab
3356 4675 3608 4733 Hclladio

330 4756 642 4811 devorasse
693 4755 1007 4823 putabatur.
1070 4753 1284 4817 Currus
1341 4766 1562 4823 quoque
1610 4749 1775 4821 lignis
1826 4764 1925 4804 seu

332 4848 505 4901 foeno
532 4856 793 4903 oneratos
822 4862 947 4901 cum
972 4847 1133 4917 equis
1154 4845 1457 4911 devoravit,
1499 4844 1645 4899 sicut
1672 4840 1927 4897 nescien-

332 4950 417 4995 tes
455 4940 681 4994 modum
726 4941 1011 5008 putabant.
1053 4938 1172 4991 Alia
1207 4954 1428 5013 quoque
1471 4933 1743 5005 stupenda
1776 4931 1925 4999 fecit,

334 5047 479 5102 quae
507 5032 679 5085 scribi
720 5031 823 5085 hoc
854 5031 910 5084 in
944 5031 1065 5086 loco
1092 5031 1427 5100 superfluum
1455 5029 1608 5083 duxi.
1645 5045 1664 5078 ι

410 5121 491 5189 (2)
552 5119 740 5191 Magos
789 5122 899 5175 vim
944 5137 1102 5177 suam
1158 5122 1227 5175 ad
1285 5121 1533 5193 prodigia
1586 5121 1835 5177 facienda
1892 5136 1922 5176 a

346 5210 609 5267 daemone
636 5220 883 5281 repetere
918 5214 1066 5268 credi
1103 5213 1262 5268 solet.
1296 5213 1373 5268 De
1412 5213 1679 5285 prodigiis
1712 5223 1922 5278 autem,

347 5315 479 5369 quae
502 5301 792 5356 daemonis
807 5318 910 5372 ope
924 5302 1115 5368 edunt,
1139 5302 1196 5358 S.
1215 5302 1559 5373 Augustinus
1579 5306 1616 5358 Ι.
1636 5304 1675 5357 l.
1709 5323 1722 5359 :
1761 5323 1780 5356 ‹
1807 5303 1928 5358 Fir-

342 5394 585 5449 missime
612 5402 845 5463 tamen,»
940 5395 1139 5465 inquit,
1177 5415 1196 5448 ε
1228 5395 1566 5451 credendum
1598 5407 1707 5463 est,
1742 5399 1926 5452 omni-

339 5490 614 5549 potentem
653 5482 823 5537 Deum
854 5484 1043 5542 omnia
1090 5501 1251 5555 posse
1284 5485 1466 5541 facere
1492 5503 1633 5557 quae
1662 5489 1922 5554 voluerit,

336 5576 455 5629 sive
498 5576 854 5643 vindicando,
905 5578 1023 5633 sive
1067 5580 1416 5648 praestando,
1472 5595 1576 5636 nec
1630 5580 1928 5636 daemones

340 5668 541 5738 aliquid
570 5672 787 5741 operari
828 5670 1137 5727 secundum
1168 5682 1399 5729 naturae
1428 5689 1563 5729 suae
1597 5676 1923 5745 potentiam,

340 5760 467 5827 quia
497 5772 551 5817 et
582 5764 699 5836 ipsa
730 5763 990 5835 angelica
1019 5770 1273 5817 creatura
1298 5773 1403 5829 est,
1432 5765 1559 5820 licet
1589 5766 1813 5836 preprio
1852 5766 1924 5821 sit

340 5852 472 5911 vitio
499 5861 753 5932 maligna,
795 5859 904 5917 nisi
934 5856 1087 5929 quod
1110 5856 1200 5914 ille
1226 5858 1557 5931 permiserit,
1593 5858 1753 5917 cuius
1780 5858 1927 5918 iudi-

2026 4756 2211 4813 Basilii
2243 4761 2497 4816 ministro
2547 4777 2607 4817 se
2640 4762 2924 4832 accepisse
2959 4763 3150 4830 refert,
3201 4779 3393 4819 revera
3433 4780 3464 4818 e
3496 4766 3606 4819 vita

2029 4842 2086 4897 S.
2121 4843 2329 4907 Basilii,
2373 4862 2535 4916 quam
2576 4846 2859 4903 Helladius
2891 4849 3136 4919 scripsit,
3181 4857 3465 4903 mutuatus
3500 4857 3608 4903 est.

2027 4935 2365 4992 Foederibus
2419 4937 2710 5011 Theophili
2753 4940 3086 4995 viccdomini
3134 4940 3268 5008 (AA.
3320 4939 3420 4994 SS.
3473 4940 3612 4995 Boll.

2027 5026 2188 5085 Febr.
2216 5027 2281 5086 T.
2319 5030 2416 5100 lp.
2448 5031 2575 5085 L84.
2616 5032 2758 5097 888;
2800 5031 3040 5086 Sommer
3067 5031 3135 5086 de
3163 5030 3455 5103 Theophili
3488 5049 3616 5089 cum

2026 5123 2245 5181 diabolo
2273 5123 2488 5180 foedere
2514 5126 2691 5179 Berol.
2724 5126 2905 5186 1844),
2937 5123 3179 5177 Militarii
3206 5123 3387 5194 (Mone
3417 5126 3617 5180 Anzei-

2026 5230 2116 5285 ger
2156 5215 2375 5287 1854p.
2427 5216 2536 5270 9.66
2582 5218 2752 5287 sqq.),
2800 5216 3080 5272 Hcliodori
3115 5217 3247 5289 (Vit.
3300 5219 3360 5273 S.
3412 5217 3617 5277 Leonis

2027 5307 2288 5364 Cataniae
2318 5308 2498 5379 Episc.
2534 5311 2644 5362 AA.
2674 5309 2773 5363 SS.
2807 5309 2945 5365 Boll.
2986 5310 3147 5365 Febr.
3175 5309 3241 5365 Τ.
3276 5310 3341 5364 lll
3376 5328 3429 5380 p.
3455 5311 3613 5379 224),

2027 5401 2261 5456 aliorum
2294 5416 2421 5455 cum
2458 5401 2678 5455 diabolo
2726 5404 2849 5457 ictis
2893 5419 3001 5458 non
3038 5419 3191 5458 amor
3235 5404 3451 5473 puellae
3490 5404 3617 5456 inii-

2030 5491 2282 5557 ciendus,
2316 5492 2412 5547 sed
2440 5492 2700 5560 honores,
2731 5494 2975 5559 divitiae,
3007 5503 3156 5551 artes
3177 5495 3426 5566 magicae
3445 5509 3613 5565 expe-

2033 5591 2246 5639 ῐιιηιυῐ.

2105 5656 2287 5746 (4)\V.
2327 5675 2597 5739 Minutoli,
2642 5677 2802 5734 Reisc
2845 5696 2970 5733 zum
3002 5678 3227 5748 Tcmpel
3266 5680 3363 5735 des
3390 5679 3612 5750 Jupiter

2031 5766 2267 5822 Ammon
2293 5768 2349 5823 in
2390 5770 2487 5825 der
2511 5770 2794 5840 libyschen
2824 5771 3021 5827 Wi‘tste
3032 5768 3137 5823 und
3152 5773 3291 5827 nach
3308 5770 3617 5842 Oberaegy-

2031 5867 2186 5931 pten,
2211 5858 2467 5931 hcrausg.
2494 5876 2599 5916 von
2625 5860 2716 5915 Dr.
2744 5859 3006 5925 Toclken,
3032 5856 3214 5913 Berlin
3240 5860 3379 5921 18%
3400 5877 3453 5932 p.
3482 5860 3611 5919 179.
