4046 6508
251 367 314 425 89
1892 390 1953 446 Vl

2061 391 2122 445 E.
3571 401 3651 458 δυ

259 480 463 559 detur,
487 484 578 548 ad
611 494 1039 572 sepulchra
1077 505 1277 579 venit,
1324 521 1599 584 eumque
1644 505 1950 582 hortatur,
1984 518 2026 574 Α
2057 509 2178 569 tios
2223 506 2478 569 demum
2513 506 2663 570 inde
2708 524 2744 571 a
2784 508 2846 568 S.
2884 506 3159 570 Antonio
3206 508 3499 584 ottinuit,
3532 528 3639 591 qui

271 591 340 648 ut
370 594 724 655 mortuum
768 597 854 661 in
907 605 1197 667 nomine
1236 606 1482 667 Domini
1554 614 1791 669 evocet.
1831 608 1953 670 Sed

286 688 605 753 Eieraeita
640 711 658 754 :
698 698 847 774 Tu,
905 702 1163 784 inquit,
1196 706 1305 786 qui
1343 707 1748 786 pr0posuisti,
1781 709 1956 789 prior

311 810 516 855 evoca.
560 796 923 865 Macarius
989 805 1209 884 igitur,
1282 807 1348 868 in
1407 807 1756 870 orationem
1809 817 1955 872 ante

323 896 508 958 Deum
528 904 952 979 prostratus,
968 914 1311 987 postquam
1332 905 1714 970 sufﬁcienter
1734 909 1951 985 oravit,

358 1000 579 1061 elevatis
627 1018 910 1066 sursum
962 1006 1168 1068 oculis
1219 1025 1232 1066 :
1281 1008 1567 1081 Domine,
1636 1010 1755 1084 ait,
1814 1011 1956 1091 quis

366 1108 619 1162 nodrum
653 1110 917 1165 rectam
943 1106 1132 1169 fidem
1164 1115 1395 1183 teneat,
1421 1110 1683 1171 ostende
1714 1111 1954 1174 elevato

363 1199 469 1261 hoc
497 1208 781 1263 mortuo.
808 1204 883 1264 1d
916 1223 1065 1266 cum
1087 1206 1585 1281 dixisset,fratris
1602 1210 1951 1285 cuiusdam,

360 1300 459 1379 qui
495 1318 707 1381 nuper
758 1305 1057 1383 sepultus
1099 1314 1252 1382 erat,
1288 1325 1521 1375 nomen
1550 1317 1790 1372 evocat.
1820 1312 1955 1384 Quo

355 1398 434 1459 de
484 1401 739 1463 tumulo
802 1406 1256 1485 respondente,
1310 1408 1681 1470 accedentes
1735 1408 1956 1471 fratres

352 1503 691 1577 continuo,
720 1522 891 1583 quae
924 1508 1319 1587 superposita
1340 1508 1608 1582 fuerant,
1638 1510 1952 1584 auferunt,

354 1605 419 1660 et
444 1600 753 1664 eductum
788 1623 823 1665 e
850 1607 1186 1686 sepulchro
1212 1610 1417 1670 vivum
1449 1610 1768 1670 exhibent.
1800 1612 1953 1672 Hie-

356 1702 544 1763 racita
582 1722 770 1780 vero,
814 1708 924 1768 ubi
964 1708 1120 1770 haec
1162 1710 1330 1785 vidit,
1370 1710 1845 1790 obstupefactus
1887 1712 1955 1773 in

354 1800 572 1879 fugam
594 1806 871 1868 vertitur
891 1814 950 1868 et
968 1826 1003 1871 a
1033 1808 1326 1872 fratribus
1347 1812 1588 1873 cunctis
1613 1812 1953 1892 insequen-

354 1901 521 1963 tibus
559 1912 747 1966 extra
788 1908 1091 1969 terminos
1126 1915 1327 1971 terrae
1364 1909 1531 1972 illius
1566 1911 1949 1973 exturbatur.

350 2008 541 2086 Apud
578 2010 950 2072 Cassianum
978 2030 1128 2075 vero
1170 2032 1269 2075 res
1306 2014 1487 2077 aliter
1514 2033 1581 2077 se
1619 2014 1830 2076 habet.
1866 2014 1957 2075 Ibi

354 2109 527 2169 enim
570 2128 710 2172 non
741 2113 947 2174 statim
970 2114 1048 2175 ad
1078 2114 1408 2195 sepulchra
1436 2115 1813 2194 procedunt,
1843 2115 1955 2176 sed

351 2206 750 2285 haereticus,
778 2230 974 2293 quum
1004 2213 1104 2275 illa
1140 2215 1258 2276 sibi
1278 2232 1313 2276 a
1340 2216 1609 2277 Macario
1632 2215 1955 2295 proposita

354 2318 525 2372 esset
557 2311 892 2374 doctrinae
922 2316 1231 2397 probatio,
1274 2334 1485 2377 coram
1516 2317 1955 2378 circumstante

360 2412 549 2492 plebe
584 2414 839 2491 pudore
877 2417 1250 2477 constrictus
1272 2413 1557 2478 assentiri
1579 2435 1645 2477 se
1682 2416 1952 2491 simulat,

367 2529 561 2590 seque
594 2514 877 2575 crastino
918 2515 1019 2576 die
1061 2514 1422 2579 adfuturum
1458 2516 1784 2595 promittit.
1828 2517 1951 2577 Po-

364 2614 580 2675 stridie
594 2620 809 2675 autem
832 2617 1341 2696 exspectantibus
1358 2617 1673 2691 omnibus,
1694 2617 1802 2697 qui
1816 2635 1958 2698 spe-

360 2713 593 2775 ctaculi
632 2715 975 2794 cupiditate
1003 2717 1113 2789 49
1138 2718 1435 2779 commoti
1464 2717 1766 2780 adlocum
1797 2735 1953 2781 con-

360 2812 604 2874 dictum
681 2814 1024 2876 studiosius
1083 2817 1536 2892 conﬂuxerant,
1600 2818 1761 2883 mala
1809 2837 1957 2881 con-

360 2911 627 2972 scientia
658 2912 1045 2975 infidelitatis
1072 2933 1218 2979 suae
1249 2916 1580 2977 exterritus
1609 2916 1851 2995 aufugit
1880 2935 1952 2980 ac

362 3010 660 3087 protinus
700 3028 733 3072 e
766 3020 937 3074 terra
966 3015 1230 3094 Aegypti
1253 3015 1541 3077 decessit.
1586 3018 1781 3088 Quem
1808 3018 1953 3096 qui-

363 3111 504 3172 dem
545 3112 879 3191 Macarius,
918 3132 1119 3194 usque
1160 3117 1235 3180 ad
1274 3116 1495 3179 horam
1542 3136 1773 3183 nonam
1811 3137 1953 3183 cum

2056 608 2382 687 pulverem
2402 606 2644 688 pulveri
2661 609 3057 671 reddendum
3098 626 3237 669 esse
3262 608 3508 671 Censuit
3534 610 3638 688 (1).

2056 710 2387 769 Praeterea
2440 710 2678 771 mumia
2730 710 2858 785 illa,
2906 717 3244 789 postquam
3277 708 3485 771 locuta
3526 717 3641 785 est,

2056 810 2267 871 denuo
2299 810 2550 882 dormit,
2582 828 2618 873 a
2650 812 2916 873 Domino
2954 809 3379 872 resuscitanda
3420 811 3484 871 in
3517 812 3642 871 ﬁne

2056 916 2459 990 temporum;
2506 910 2697 973 frater
2748 928 2900 973 vero
2948 910 3097 972 libri
3146 910 3430 984 secundi,
3478 916 3641 971 terra

2057 1011 2325 1085 detecta,
2361 1012 2578 1089 surgit,
2614 1012 2845 1092 prodit,
2890 1030 3008 1075 nec
3056 1030 3199 1073 eum
3220 1012 3288 1072 in
3332 1011 3640 1073 tumulum

2056 1114 2384 1174 revertisse
2440 1113 2728 1192 legimus.
2768 1113 3005 1175 Deinde
3061 1114 3231 1192 quod
3289 1111 3642 1174 haereticus

2057 1215 2225 1294 apud
2273 1216 2632 1276 Cassianum
2686 1221 2931 1276 secreto
2970 1214 3233 1292 aufugit,
3284 1213 3445 1274 libro
3494 1231 3640 1275 vero

2057 1314 2340 1379 secundo
2373 1332 2408 1376 a
2438 1314 2703 1377 Macario
2730 1314 3055 1377 convictus
3086 1314 3362 1393 fugatur,
3386 1315 3645 1377 levioris

2055 1415 2361 1476 momenti
2392 1414 2743 1476 differentia
2781 1420 2896 1476 est.

2134 1514 2259 1575 Sed
2300 1512 2761 1574 narrationibus
2800 1512 2945 1574 libri
2972 1512 3236 1576 secundi
3268 1520 3329 1575 et
3369 1514 3642 1575 Cassiani

2054 1612 2244 1690 longe
2290 1612 2609 1693 copiosior
2643 1620 2737 1676 est
2774 1613 2903 1689 illa,
2944 1632 3106 1693 quae
3136 1615 3203 1675 in
3243 1615 3361 1675 ista
3390 1614 3645 1694 Apoph-

2054 1709 2443 1787 thegmatum
2479 1710 2831 1790 appendice
2860 1712 3029 1791 typis
3062 1710 3346 1773 nondum
3393 1711 3642 1789 vulgata

2057 1817 2278 1873 exstat.
2308 1812 2524 1883 Quam,
2560 1810 2675 1873 etsi
2703 1810 2893 1888 longa
2920 1811 2997 1871 sit
3028 1816 3089 1871 et
3113 1810 3511 1889 amplificata,
3543 1816 3639 1871 ta-

2058 1928 2205 1971 men
2253 1910 2361 1981 50
2401 1928 2599 1988 quum
2659 1909 2967 1990 quaedam
3016 1908 3245 1970 habeat
3293 1917 3644 1971 memoratu

2059 2007 2268 2085 digna,
2327 2007 2519 2069 latine
2579 2008 2885 2069 redditam
2942 2009 3250 2087 integram
3316 2027 3643 2089 apponere

2056 2107 2292 2187 placuit
2323 2126 2337 2168 :

2140 2231 2169 2263 «
2206 2209 2412 2269 Senex
2439 2209 2693 2271 tradidit
2721 2210 2799 2271 de
2821 2209 3041 2272 abbate
3062 2210 3354 2272 Macario.
3386 2212 3457 2272 In
3480 2217 3645 2273 terra

2056 2311 2382 2373 Arsenoita
2402 2310 2752 2374 monachus
2776 2312 3031 2391 quidam
3056 2312 3335 2385 sedebat,
3360 2313 3469 2390 qui
3490 2311 3647 2373 mul-

2056 2417 2155 2473 tos
2184 2429 2384 2474 annos
2413 2413 2602 2475 vitam
2634 2420 2991 2475 sanctorum
3026 2418 3259 2489 egerat.
3293 2413 3423 2484 Cui,
3448 2430 3644 2490 quum

2058 2516 2293 2594 gloriae
2340 2516 2607 2597 cupidus
2632 2522 2819 2589 esset,
2851 2524 3113 2595 pr0pter
3142 2517 3479 2594 superbam
3511 2515 3643 2575 ela-

2055 2617 2293 2681 tionem
2326 2621 2387 2676 et
2413 2616 2828 2679 temeritatem
2858 2616 3114 2695 spiritus
3144 2615 3444 2694 pythonis
3469 2615 3641 2675 inse-

2058 2715 2169 2789 dit,
2204 2716 2313 2796 qui
2334 2717 2607 2796 primum
2639 2732 2675 2777 a
2706 2734 2847 2779 vera
2879 2714 3000 2776 fide
3032 2732 3176 2775 eum
3214 2713 3479 2792 depulit,
3510 2720 3643 2773 tum

2055 2816 2134 2878 ad
2166 2816 2511 2879 doctrinam
2535 2833 2779 2889 eorum,
2804 2815 2913 2895 qui
2937 2814 3288 2875 Hieracitae
3312 2820 3638 2884 vocantur,

2056 2916 2337 2979 adduxit.
2385 2920 2587 2996 Atque
2629 2914 2697 2975 hi
2740 2914 3118 2976 Salvatorem
3170 2912 3509 2974 humanam
3550 2929 3647 2972 as-

2057 3019 2396 3098 sumpsisse
2446 3033 2722 3089 carnem,
2774 3020 3212 3092 nostrumque,
3267 3027 3394 3090 quo
3441 3008 3647 3069 vestiti

2058 3138 2295 3195 sumus,
2339 3138 2569 3200 corpus
2612 3116 2970 3181 resuscitari
3013 3118 3267 3192 negant.
3318 3112 3460 3173 Tria
3506 3126 3649 3173 esse

362 3213 771 3277 multitudine
829 3217 1262 3296 praestolatus,
1324 3237 1522 3298 quum
1604 3221 2022 3285 declinasseC
2057 3223 2367 3304 principia
2414 3223 2602 3286 iidem
2642 3221 2881 3293 dicunt,
2941 3218 3162 3290 Deum,
3216 3214 3537 3276 materiam
3584 3217 3646 3272 et

360 3314 625 3389 videret,
651 3324 971 3397 assumpta
996 3317 1179 3397 plebe
1196 3319 1274 3382 ad
1295 3320 1627 3400 sepulchra
1650 3321 1948 3401 perrexit,

363 3421 424 3477 et
486 3422 811 3477 mortuum
877 3434 911 3477 e
964 3417 1357 3497 temporibus
1419 3418 1819 3481 Pharaonum
1873 3418 1952 3480 ad

365 3514 888 3592 respondendum
942 3516 1060 3577 sibi
1121 3518 1421 3591 evocavit,
1472 3535 1659 3598 quem
1723 3517 1951 3580 deinde

362 3631 509 3676 cum
561 3616 793 3679 ceteris
838 3618 904 3679 in
960 3636 1113 3697 pace
1172 3618 1445 3681 dormire
1503 3619 1698 3680 iussit.
1753 3623 1952 3699 Atque

364 3716 667 3779 Nesteros
722 3718 893 3780 addit
927 3741 941 3779 :
981 3744 1008 3775 ‹‹
1042 3722 1210 3787 Haec
1258 3721 1446 3799 igitur
1478 3721 1613 3782 eius
1657 3721 1949 3797 [Macarii]

363 3818 557 3879 virtus
588 3824 653 3879 et
677 3819 895 3895 gratia,
930 3828 1232 3899 quantum
1272 3820 1340 3882 in
1368 3820 1508 3901 ipso
1535 3820 1671 3894 fuit,
1702 3838 1954 3901 semper

364 3918 629 3980 fortasse
674 3919 979 3995 latuisset,
1024 3920 1145 3982 nisi
1186 3938 1329 3981 eum
1372 3920 1710 3981 necessitas
1762 3920 1952 3980 totius

366 4021 732 4099 provinciae
764 4022 1193 4102 periclitantis,
1232 4028 1291 4083 et
1321 4040 1463 4100 erga
1487 4022 1793 4083 Christum
1822 4020 1956 4099 ple-

367 4139 443 4182 na
484 4121 744 4185 devotio
792 4140 1093 4203 amorque
1139 4122 1421 4185 sincerus
1448 4122 1616 4183 istud
1657 4138 1953 4183 exercere

364 4222 743 4283 miraculum
774 4223 1203 4304 compulisset.
1237 4225 1411 4296 Quod
1436 4223 1659 4302 utique
1683 4229 1754 4289 ut
1775 4222 1852 4283 ab
1876 4238 1951 4289 eo

364 4323 568 4396 ﬁeret,
596 4341 728 4384 non
747 4325 1074 4387 ostentatio
1093 4324 1348 4402 gloriae,
1380 4324 1489 4385 sed
1519 4324 1741 4387 caritas
1785 4322 1957 4384 Chri-

363 4425 441 4485 sti
472 4433 536 4484 et
558 4425 754 4486 totius
784 4424 987 4504 plebis
1013 4426 1270 4487 extorsit
1294 4424 1552 4500 utilitas;
1588 4430 1658 4486 ut
1697 4425 1953 4486 beatum

2050 3322 2309 3396 malum,
2360 3322 2591 3402 quibus
2652 3320 2920 3400 quisque
2967 3322 3390 3388 construatur,
3432 3330 3644 3390 neque

2051 3425 2253 3485 Deum
2282 3424 2558 3484 Verbum
2590 3421 2913 3483 hominem
2949 3434 3087 3481 esse
3124 3417 3356 3478 factum
3392 3414 3645 3494 perfec-

2050 3528 2312 3604 tumque
2335 3524 2659 3585 hominem
2679 3520 3120 3601 assumpsisse,
3144 3534 3355 3596 neque
3380 3514 3645 3576 omnino

2051 3627 2285 3688 servari
2336 3642 2589 3689 causam
2646 3624 2931 3685 omnium
2976 3636 3187 3683 rerum
3230 3617 3638 3680 effectricem.

2050 3726 2140 3785 Ita
2168 3742 2318 3787 vero
2350 3725 2487 3804 ipse
2519 3740 2855 3804 perversus
2898 3722 3139 3783 animas
3169 3718 3417 3779 seduxit
3454 3716 3644 3795 quin-

2052 3832 2293 3904 gentas.
2345 3826 2527 3899 Quod
2574 3825 2786 3887 effecit
2827 3822 3023 3884 multa
3054 3820 3267 3881 multis
3296 3825 3357 3879 et
3386 3817 3646 3896 quidem

2050 3927 2234 3989 variis
2263 3944 2519 4007 prorsus
2552 3925 2758 3986 modis
2792 3921 3139 4003 loquendo,
3161 3919 3478 3982 interitum
3519 3918 3650 3978 sci-

2051 4028 2221 4104 licet,
2252 4029 2527 4103 inventa,
2552 4027 2900 4106 mortisque
2922 4024 3316 4105 despectum.
3347 4022 3476 4081 Nec
3511 4035 3647 4080 non

2054 4130 2386 4193 daemonia
2428 4128 2688 4191 eiecisse
2734 4126 3053 4188 ferebatur
3101 4122 3451 4186 secundum
3490 4120 3645 4181 illud

2051 4230 2119 4292 in
2156 4229 2495 4308 evangeliis
2535 4247 2547 4289 :
2579 4228 2766 4307 Signa
2786 4227 3018 4289 facient
3041 4230 3101 4287 et
3130 4223 3439 4303 prodigia,
3463 4227 3552 4292 ut,
3593 4220 3647 4281 si

2056 4330 2187 4393 ﬁeri
2223 4330 2445 4410 possit,
2480 4330 2667 4391 etiam
2707 4326 2892 4389 electi
2931 4326 3335 4387 seducantur.
3384 4320 3648 4383 Multum

2057 4432 2223 4493 enim
2265 4431 2587 4512 principes
2616 4430 2994 4491 daemonum
3029 4426 3095 4486 in
3119 4424 3241 4485 hoc
3266 4438 3498 4501 genere
3535 4438 3644 4482 va-

365 4542 630 4604 quoque
671 4525 907 4587 Heliam
938 4526 1160 4588 fecisse
1177 4530 1408 4605 Regum
1443 4526 1635 4589 lectio
1683 4525 1950 4588 manife-
1990 4582 2031 4607 n
2057 4529 2187 4591 lcnt
2211 4529 2289 4590 ad
2309 4530 2414 4591 illa
2436 4529 2732 4590 nimirum
2751 4528 2890 4607 ipsa
2912 4523 3258 4596 abolenda;
3286 4539 3430 4583 nam
3449 4519 3649 4579 liben-

364 4632 510 4697 stat,
540 4625 653 4705 qui
674 4625 885 4704 ignem
911 4628 989 4688 de
1020 4627 1195 4689 caelo
1226 4646 1417 4708 super
1432 4627 1666 4690 hostias
1688 4627 1953 4707 imposi-
1991 4617 2032 4637 ν
2056 4637 2153 4695 ter
2176 4629 2581 4693 consentiunt
2612 4630 2679 4690 in
2716 4627 3040 4689 interitum
3078 4624 3450 4686 animarum.
3500 4617 3649 4680 Loci

363 4734 461 4788 tas
500 4746 661 4806 pure
691 4728 927 4791 idcirco
962 4729 1348 4791 descendere
1379 4729 1735 4810 postulavit,
1758 4736 1827 4791 ut
1847 4746 1957 4809 pe-

362 4828 750 4893 riclitantem
772 4829 1471 4912 PseudOprophetarum
1496 4830 1849 4911 praestigiis
1878 4830 1953 4891 fi-

367 4929 513 4991 dem
535 4929 729 4992 totius
750 4931 969 5011 pepuli
986 4931 1302 4995 liberaret.
1322 4955 1350 4988 »
1374 4934 1467 4993 En
1491 4933 1637 4993 satis
1665 4949 1955 5011 magnam

369 5029 833 5094 differentiam!
878 5032 1063 5094 Libro
1116 5033 1281 5093 enim
1305 5035 1588 5095 secundo
1633 5041 1727 5095 est
1748 5032 1955 5095 fratris

372 5130 692 5193 cuiusdam
740 5149 971 5212 corpus
1006 5131 1353 5208 humatum,
1405 5133 1579 5214 quod
1634 5141 1951 5208 evocatur,

380 5232 530 5309 apud
596 5232 958 5295 Cassianum
1007 5234 1262 5314 antiqua
1304 5234 1541 5297 mumia
1595 5251 1629 5295 e
1665 5242 1955 5314 tempore

382 5332 788 5397 Pharaonum.
822 5336 952 5407 Qua
983 5335 1147 5395 idem
1181 5336 1515 5398 occasione
1545 5335 1687 5397 data
1712 5339 1958 5415 Aegyp-

375 5434 589 5497 tiorum
610 5453 887 5510 morem,
916 5435 998 5497 ob
1030 5435 1149 5496 Nili
1176 5435 1653 5498 inundationem
1686 5453 1953 5515 corpora

371 5536 803 5603 defunctorum
850 5536 1191 5617 pigmentis
1231 5537 1661 5605 redolentibus
1702 5538 1953 5599 condita

367 5635 720 5703 editioribus
739 5632 1006 5699 cellulis
1025 5635 1429 5708 recondendi,
1444 5637 1703 5698 uberius
1725 5636 1955 5698 descri-

352 5737 444 5805 bit.
481 5744 638 5806 Nam
678 5754 836 5801 mos
862 5750 1137 5812 corpora
1172 5735 1476 5798 humandi
1504 5737 1670 5817 apud
1701 5743 1950 5819 Aegyp-

2056 4731 2247 4810 igitur
2277 4731 2617 4811 episc0pus
2646 4747 2789 4791 cum
2812 4727 2982 4790 clero
3006 4742 3121 4789 suo
3152 4726 3349 4786 virum
3380 4720 3489 4782 Dei
3526 4722 3655 4779 Ma~

2060 4833 2299 4894 carium
2332 4832 2622 4894 abbatem
2644 4830 2817 4903 adiit,
2844 4846 2972 4909 quo
3012 4843 3256 4889 summa
3290 4840 3435 4886 cum
3478 4837 3650 4881 reve-

2059 4934 2262 4997 rentia
2294 4932 2558 4995 salutato
2593 4949 2607 4992 :
2647 4930 2711 4991 Si
2738 4930 2855 5003 vis,
2883 4927 3111 5007 inquit,
3153 4924 3295 4986 veni
3334 4920 3649 4999 nobisque

2063 5052 2385 5097 succurre.
2437 5035 2595 5095 Nam
2618 5032 2669 5093 si
2691 5036 2752 5091 te
2771 5028 3107 5109 superstite
3126 5024 3505 5085 vicinitatem
3538 5038 3652 5083 no‘

2063 5143 2255 5199 stram
2276 5152 2407 5199 non
2435 5150 2800 5215 purgamus,
2832 5146 3054 5192 omnes
3080 5126 3171 5188 illi
3192 5124 3647 5196 adhaerebunt,

2064 5245 2126 5300 et
2154 5236 2448 5299 facillime
2469 5237 2597 5309 fiet,
2621 5241 2689 5295 ut
2717 5233 2931 5314 plures
2960 5229 3172 5303 etiam,
3198 5245 3387 5308 quam
3410 5226 3648 5289 hucus—

2064 5356 2211 5418 que,
2256 5338 2453 5401 errori
2494 5336 2760 5399 subiecti
2802 5333 3204 5395 seducantur.
3246 5331 3355 5393 Cui
3396 5330 3504 5391 ille
3542 5346 3647 5390 re-

2062 5438 2337 5517 spondet
2366 5439 2553 5499 :Ecce
2584 5453 2702 5510 ego
2732 5433 3017 5515 plebeius
3055 5430 3249 5495 homo
3277 5430 3429 5515 quid
3460 5430 3518 5490 ei
3551 5429 3647 5490 fa-

2061 5536 2262 5600 ciam?
2282 5539 2631 5618 Episcopus
2656 5542 2864 5598 autem
2881 5534 3151 5615 perstitit
3166 5529 3649 5593 venerabundus

2061 5647 2124 5700 et
2158 5656 2169 5697 :
2207 5640 2320 5713 Ita,
2352 5638 2580 5717 inquit,
2614 5636 2889 5709 confido,
2926 5636 2981 5696 si
3022 5641 3091 5694 tu
3140 5631 3409 5705 veneris,
3450 5630 3643 5691 Deum

2062 5741 2532 5818 pacificaturum
2571 5735 2918 5801 Ecclesiam
2955 5748 3169 5805 suam;
3231 5748 3421 5810 saepe
3478 5728 3653 5795 enim,

390 5911 467 5984 (1)
501 5909 607 5966 Vit.
650 5903 713 5960 S.
748 5900 989 5955 Anton.
1023 5912 1136 5967 cap.
1168 5899 1257 5963 90,
1291 5897 1347 5956 S.
1382 5900 1578 5955 Athan.
1630 5897 1766 5969 Opp.
1824 5901 1861 5955 ι.
1908 5904 1943 5955 ι.
1985 5916 2037 5971 p.
2064 5899 2185 5954 689.
