4046 6476
475 372 544 431 51
1351 378 1455 437 SS.
1498 379 1963 441 MACARIORUM
2000 388 2321 448 AEGYPTII
2362 392 2452 449 ET
2478 391 2949 449 ALEXANDRINI
3695 395 3775 451 ΒΞ

476 505 542 548 m
570 488 606 547 h
653 504 1134 570 pr0posueram,
1159 495 1319 553 ante
1349 493 1687 571 proﬁcisci,
1714 496 1824 558 sed
1854 499 2068 578 prohi-
2095 523 2141 577 Α
2170 505 2495 581 bilitatem.
2528 506 2674 567 Post
2707 504 2860 567 haec
2910 504 3213 567 Macarius
3246 505 3567 572 haeretico
3602 527 3617 570 :
3648 511 3766 572 Vi-

480 588 616 649 ltuit
656 589 883 665 clerus,
918 608 999 653 ne
1048 591 1380 654 mundanis
1419 592 1783 657 hominibus
1832 599 2067 662 derisui

483 688 722 750 ﬁerem.
756 693 887 752 Iam
932 710 1081 755 vero
1122 710 1251 755 non
1294 694 1565 775 amplius
1590 697 1803 760 ferens
1847 700 2069 780 populi

482 792 956 868 corruptionem
1003 800 1065 854 et
1104 794 1289 855 etiam
1328 795 1461 870 Dei,
1492 797 1601 875 qui
1648 798 1777 859 ait:
1812 801 2071 879 Sangui-

484 907 626 950 nem
652 891 850 969 ipsius
878 912 1176 973 quaeram
1204 912 1237 956 e
1262 913 1452 958 manu
1472 904 1698 974 vestra,
1723 904 2069 965 accusatio-

488 1006 632 1048 nem
677 990 905 1052 timens
943 1000 1005 1053 te
1053 993 1200 1067 adii,
1233 996 1458 1056 missus
1495 1014 1530 1058 a
1579 997 1731 1059 Deo.
1778 1000 1935 1061 Tum
1964 1001 2071 1065 ille

478 1091 776 1163 surrexit,
810 1108 1085 1171 eumque
1113 1093 1187 1154 ad
1220 1094 1618 1158 seductorem
1656 1106 1908 1162 secutus
1952 1110 2067 1165 est.

484 1191 679 1262 Quem
715 1192 815 1252 ubi
850 1192 1021 1267 vidit,
1056 1195 1358 1275 episcopo
1400 1213 1413 1256 :
1463 1198 1602 1273 Hic,
1633 1199 1860 1279 inquit,
1892 1205 2073 1283 spiri-

486 1298 617 1351 tum
649 1293 999 1373 principem
1035 1295 1247 1371 habet,
1299 1313 1573 1380 eumque
1623 1301 1917 1365 eiiciendi
1967 1309 2068 1379 51

484 1409 694 1452 meum
722 1411 883 1473 opus
913 1412 1041 1456 non
1085 1414 1223 1457 esse
1266 1398 1457 1473 scito;
1502 1418 1648 1462 nam
1700 1410 1919 1465 contra
1953 1403 2074 1467 hos

484 1492 739 1571 spiritus
785 1495 1069 1556 nondum
1111 1500 1373 1561 omnino
1415 1502 1667 1564 certavi.
1719 1504 1854 1566 Duo
1904 1506 2074 1567 enim

483 1593 731 1670 agmina
772 1595 1154 1659 daemonum
1203 1618 1344 1663 esse
1394 1603 1593 1665 sancti
1636 1603 1833 1680 aiunt,
1875 1624 2075 1667 unum

483 1710 732 1771 eorum,
769 1698 880 1776 qui
910 1697 1206 1762 libidines
1235 1703 1490 1783 corpori
1520 1702 1883 1780 infundunt,
1915 1706 2073 1769 alte—

485 1819 625 1863 rum
667 1821 910 1879 eorum,
941 1806 1053 1886 qui
1097 1808 1453 1888 spirituales
1487 1810 1759 1873 afferunt
1803 1828 2070 1873 errores.

2170 606 2305 679 des,
2349 606 2577 685 inquit,
2621 604 2772 684 quid
2814 605 2999 665 dicat.
3043 606 3103 665 Is
3165 621 3313 667 vero
3361 609 3767 687 respondet:

2170 705 2320 766 Mihi
2367 706 2623 785 quidem
2660 722 2694 767 e
2729 706 2935 767 verbis
2973 704 3105 767 noli
3139 706 3327 767 ﬁdem
3358 710 3464 780 52
3502 710 3769 785 afferre,

2170 799 2281 860 sed
2328 815 2545 860 eamus
2580 797 2659 859 ad
2699 797 3066 878 sepulchra;
3116 798 3169 859 si
3209 817 3408 861 unum
3442 818 3520 862 ex
3548 801 3637 864 ibi
3668 803 3777 864 ia-

2172 898 2459 961 centibus
2490 898 2904 972 suscitaveris,
2934 899 3124 960 sciam
3150 916 3263 961 vos
3292 899 3458 962 bene
3493 903 3774 975 sentire;

2173 1000 2313 1080 ipse
2362 1017 2481 1078 ego
2511 1000 2786 1061 animam
2822 999 2959 1061 sine
2998 1016 3268 1085 corpore
3298 1000 3581 1062 afferam.
3614 1002 3782 1063 San-

2173 1108 2310 1162 ctus
2344 1114 2493 1161 vero
2531 1098 2835 1161 Macarius
2859 1098 2937 1161 ad
2968 1099 3339 1179 episcopum
3378 1117 3726 1163 conversus
3757 1119 3775 1160 :

2173 1199 2458 1273 Multum,
2480 1200 2709 1279 inquit,
2734 1200 2911 1262 nefas
2931 1218 3104 1275 sane,
3127 1201 3327 1263 Deum
3348 1207 3616 1278 tentare,
3643 1219 3776 1264 ne-

2175 1309 2299 1373 que
2330 1293 2726 1371 dignaturum
2759 1309 2897 1354 esse
2928 1310 3074 1356 eum
3104 1300 3365 1374 prOpter
3384 1313 3584 1357 unum
3621 1296 3781 1359 dae-

2174 1393 2533 1456 moniacum
2589 1400 2831 1455 tantum
2903 1394 3111 1457 facere
3172 1395 3424 1472 signum
3480 1397 3774 1460 conﬁdo.

2176 1495 2543 1575 Respondet
2575 1498 2916 1577 episcopus
2949 1515 2961 1557 :
2997 1496 3276 1573 Minime,
3300 1504 3502 1577 pater,
3526 1517 3775 1561 verun-

2175 1601 2385 1656 tamen
2417 1602 2680 1676 propter
2706 1604 2903 1660 totam
2933 1598 3339 1660 vicinitatem.
3378 1601 3555 1661 Tunc
3582 1601 3775 1662 abie-

2177 1702 2323 1757 runt
2356 1696 2434 1757 ad
2468 1696 2824 1776 sepulchra.
2868 1698 3096 1779 Incipit
3125 1698 3439 1761 Hieracita
3468 1699 3777 1764 invocare

2179 1795 2577 1871 daemonem,
2624 1796 2734 1859 sed
2780 1797 3040 1859 minime
3088 1800 3291 1878 potuit
3318 1799 3591 1861 animam
3627 1816 3785 1861 evo-

474 1902 664 1979 ;Quod
708 1904 964 1982 quidem
992 1905 1262 1968 alterum
1302 1925 1502 1987 genus
1549 1910 1800 1973 difﬁcile
1846 1919 1940 1973 est
1994 1912 2071 1974 ad
2109 1890 2148 1946 Β
2178 1915 2320 1960 care
2365 1906 2623 1961 tenuem
2672 1916 2745 1961 ac
2800 1898 3057 1959 Πυάδῐῐι-
3121 1900 3325 1973 Quum
3371 1899 3564 1979 igitur
3610 1899 3781 1960 nihil

484 2002 930 2081 subigendum.
955 2007 1077 2067 Eos
1108 2007 1273 2067 enim
1299 2014 1544 2070 satanas
1573 2010 1850 2071 immittit
1879 2012 2075 2088 magis
2178 2000 2487 2063 effecisset
2510 2037 2569 2045 —
2613 2001 2736 2081 ipsi
2775 2001 2943 2063 enim
2964 2018 3180 2063 revera
3210 2001 3604 2081 repugnabat
3634 2001 3784 2081 Spi-

485 2109 550 2164 et
600 2103 1037 2166 seductoribus
1074 2111 1135 2167 et
1181 2105 1637 2170 haeresiarchis
1677 2118 1739 2172 et
1780 2112 2076 2173 veneﬁcis
2176 2102 2332 2163 ritus
2378 2109 2628 2166 sanctus
2660 2138 2733 2148 -
2764 2103 2841 2165 iis
2874 2120 2888 2163 1
2920 2104 3186 2184 Propter
3234 2102 3777 2177 incredulitatem.

486 2210 549 2265 et
584 2204 636 2265 si
674 2204 782 2283 qui
822 2204 927 2267 alii
966 2206 1030 2267 id
1081 2208 1331 2285 generis
1374 2216 1539 2271 sunt.
1584 2214 1658 2271 At
1688 2211 2071 2292 episcopus:

484 2303 645 2377 Quid
682 2320 855 2382 ergo,
888 2306 1116 2386 inquit,
1160 2306 1512 2370 faciemus?
1550 2311 1921 2391 Respondet
1972 2328 2073 2373 se-

486 2422 610 2467 nex
648 2423 660 2465 :
691 2406 989 2468 Precibus
1017 2424 1179 2486 Opus
1209 2414 1331 2483 est;
1358 2426 1503 2469 nam
1534 2426 1744 2472 sermo
1771 2428 1902 2472 non
1925 2428 2073 2491 pro-

487 2507 637 2568 ﬁcit.
670 2507 897 2569 Iubent
934 2507 1122 2586 igitur
1150 2508 1500 2588 procedere
1531 2509 1956 2589 seductorem,
1986 2511 2077 2572 is-

487 2624 612 2686 que
633 2607 711 2669 ad
747 2625 857 2669 eos
895 2624 1182 2686 egressus
1211 2616 1327 2671 est.
1354 2610 1553 2683 Quem
1589 2610 1796 2672 statim
1826 2611 2077 2691 episco-

487 2731 607 2796 pus
635 2712 849 2791 lingua
874 2713 1170 2775 adortus:
1203 2716 1347 2789 Cur,
1371 2713 1600 2795 inquit,
1627 2721 1805 2777 tanto
1836 2722 2081 2796 tempo-

487 2814 571 2875 ris
632 2814 834 2896 spatio
873 2814 1206 2877 nobiscum
1239 2832 1369 2876 non
1402 2814 1929 2878 communicasti?
1972 2815 2082 2876 Cui

486 2914 639 2981 ille:
682 2916 857 2991 Quia,
906 2916 1136 2995 inquit,
1192 2932 1324 2981 non
1374 2923 1541 2978 recte
1606 2917 1871 2979 sentitis.
1922 2918 2080 2978 Tum

487 3022 741 3077 sanctus
780 3014 1086 3077 Macarius
1131 3032 1143 3077 :
1190 3016 1367 3077 Tune
1404 3016 1614 3094 igitur,
1657 3016 1885 3096 inquit,
1910 3024 2081 3081 recte

487 3115 683 3179 sentis
702 3113 731 3175 ‘I
748 3116 908 3177 Sane
931 3114 1210 3194 quidem,
1226 3115 1331 3177 ille
1355 3117 1719 3196 respondet.
1734 3118 2038 3180 Macarius
2063 3136 2076 3181 :

2175 2203 2405 2283 inquit,
2439 2209 2705 2265 vestram
2727 2220 2857 2266 non
2884 2219 3145 2284 possum
3177 2204 3450 2267 animam
3480 2220 3776 2266 evocare.

2178 2305 2396 2367 Statim
2424 2306 2727 2367 Macarius
2754 2306 3115 2384 indignatus
3138 2323 3342 2384 genua
3363 2306 3579 2378 ﬂectit,
3610 2304 3777 2366 nihil

2178 2423 2327 2468 vero
2355 2408 2667 2487 promisit,
2692 2414 2753 2469 et
2786 2425 2983 2488 quum
3023 2425 3215 2470 unam
3258 2407 3479 2470 horam
3517 2408 3584 2469 in
3624 2424 3782 2469 ora-

2176 2508 2351 2570 tione
2400 2516 2893 2589 perseverasset,
2952 2510 3021 2572 in
3084 2515 3433 2590 conspectu
3484 2511 3783 2574 omnium

2180 2610 2471 2683 surrexit,
2523 2616 2586 2672 et
2639 2609 2981 2690 sepulchro
3037 2611 3246 2692 palma
3283 2612 3635 2692 pulsato—
3664 2615 3787 2677 ba-

2181 2710 2306 2773 culi
2366 2711 2557 2786 enim,
2626 2712 2856 2792 quibus
2909 2713 3208 2775 monachi
3272 2714 3441 2776 illius
3494 2715 3783 2794 regionis

2179 2821 2466 2889 utuntur,
2514 2815 2672 2877 rami
2727 2814 3081 2895 palmarum
3136 2822 3285 2877 sunt
3332 2851 3408 2861 —
3448 2815 3785 2880 hominem

2182 2916 2439 2978 suscitat
2475 2933 2605 2977 non
2651 2915 2717 2977 in
2753 2922 2917 2979 terra
2965 2914 3311 2989 defossum,
3344 2934 3552 2996 nuper
3598 2934 3781 2980 mor-

2182 3022 2384 3089 tuum,
2402 3016 2513 3078 sed
2542 3034 2619 3078 ex
2646 3016 2920 3096 antiquis
2950 3015 3248 3096 aliquem.
3275 3019 3432 3078 Tum
3460 3018 3785 3081 Hieracita

2182 3125 2406 3181 vocato
2437 3136 2450 3178 :
2477 3120 2735 3190 Quaere,
2776 3118 3005 3198 inquit,
3039 3135 3116 3180 ex
3147 3117 3293 3193 hoc,
3327 3136 3480 3181 num
3507 3119 3783 3182 suscite-

491 3216 652 3290 Quid
710 3234 859 3278 vero
913 3223 1030 3294 est,
1090 3216 1264 3297 quod
1320 3225 1389 3278 tu
1438 3217 1674 3281 sentis?
1720 3218 1832 3281 Ille
1869 3237 1881 3279 :
1918 3222 2081 3299 Num
2110 3232 2156 3296 (ζ
2187 3223 2287 3279 tur
2308 3234 2560 3297 corpus.
2587 3218 2700 3290 Qui
2729 3224 2903 3280 tanto
2936 3218 3117 3296 signo
3147 3218 3562 3292 exanimatus,
3593 3225 3783 3299 post-

488 3323 661 3381 recte
690 3317 986 3391 creditur,
1014 3335 1271 3380 carnem
1312 3324 1375 3380 et
1410 3336 1551 3387 ossa
1574 3294 2085 3383 suscitari‘l'San-

489 3429 626 3482 ctus
665 3420 1009 3501 respondet
1050 3437 1063 3480 :
1097 3420 1161 3481 Si
1195 3438 1274 3481 ex
1316 3421 1500 3483 nobis
1533 3421 1874 3501 loquimur,
1918 3423 2083 3486 bene

488 3520 793 3601 loqueris.
830 3522 938 3583 Sin
980 3522 1207 3584 veritas
1244 3522 1310 3583 id
1348 3522 1568 3598 voluit,
1601 3524 1751 3609 quid
1781 3523 2086 3604 obloque-

492 3622 619 3687 ris?
674 3625 799 3686 Sed
838 3642 920 3688 ne
968 3624 1163 3687 multa
1209 3626 1400 3688 verba
1463 3624 1827 3706 perdamus,
1879 3625 2084 3688 dicam

488 3725 625 3801 tibi,
674 3724 828 3805 quid
887 3726 1268 3801 sentiamus;
1328 3724 1558 3806 quibus
1597 3725 1650 3786 si
1694 3726 2080 3801 assentieris,

487 3830 652 3894 bene
693 3832 922 3907 facies;
958 3833 1056 3895 sin
1098 3833 1334 3905 minus,
1365 3832 1494 3895 Deo
1527 3849 1867 3911 repugnas,
1902 3832 2084 3895 cuius

488 3933 783 4012 dogmata
829 3934 1100 4014 spernis.
1142 3938 1219 3995 At
1260 3933 1369 3995 ille
1404 3952 1417 3995 :
1455 3936 1611 4013 Ego.
1642 3934 1872 4014 inquit,
1904 3935 2083 4014 prior

490 4033 680 4096 ﬁdem
711 4051 912 4096 meam
940 4051 1277 4115 exponam.
1307 4036 1466 4095 Tum
1495 4035 1835 4097 Macarius:
1862 4037 2079 4111 Prava,

490 4138 597 4211 ait,
636 4138 891 4199 ﬁdesne
923 4136 1306 4211 nominetur,
1340 4137 1453 4198 sed
1490 4135 1773 4199 dicamus
1820 4136 2084 4199 catholi-

488 4257 628 4300 cam
644 4238 959 4303 Ecclesiae
982 4238 1194 4301 ﬁdem.
1208 4241 1282 4300 Et
1302 4238 1507 4301 statim
1532 4238 1737 4301 innuit
1750 4238 2077 4319 episcopo.

488 4345 559 4403 ut
596 4357 735 4402 eam
769 4340 1157 4419 proﬁteatur.
1203 4340 1319 4414 Qui
1360 4340 1805 4404 circumstante
1837 4340 2079 4421 populo

488 4441 711 4521 incipit
749 4441 937 4502 ﬁdem
986 4442 1071 4503 ita
1118 4458 1441 4523 exponere
1475 4459 1489 4503 :
1519 4442 1718 4504 Credo
1766 4442 1833 4509 in
1880 4458 2079 4504 unum

489 4542 711 4618 Deum,
750 4543 996 4604 Patrem
1035 4544 1562 4625 omnipotentem,
1587 4549 1648 4604 et
1682 4542 1751 4603 in
1786 4558 2081 4605 coessen-

486 4641 637 4704 tiale
698 4643 833 4705 eius
887 4644 1189 4719 Verbum,
1264 4662 1380 4725 per
1454 4644 1629 4725 quod
1694 4660 1845 4705 aeva
1907 4643 2077 4720 fecit,

488 4744 661 4823 quod
701 4743 765 4805 in
811 4745 1359 4808 consummatione
1389 4750 1750 4824 temporum
1778 4743 1845 4805 in
1875 4742 2080 4805 aboli-

486 4850 725 4912 tionem
779 4850 1022 4930 peccati
1069 4850 1361 4930 apparuit
1412 4849 1479 4910 in
1531 4866 1743 4924 carne,
1791 4866 1983 4928 quam
2046 4865 2082 4910 e

487 4957 702 5012 sancta
733 4952 923 5013 Maria
942 4950 1184 5029 virgine
1218 4956 1605 5031 susceperat,
1632 4949 1806 5030 quod
1829 4948 2079 5011 cruciﬁ-

486 5068 661 5124 xum,
691 5059 1009 5114 mortuum
1039 5058 1101 5114 et
1132 5052 1451 5132 sepultum
1498 5060 1615 5125 est,
1641 5056 1705 5113 et
1742 5050 2083 5112 resurrexit

485 5154 671 5216 tertia
691 5154 817 5229 die,
836 5154 1140 5236 sedetque
1152 5156 1228 5219 ad
1249 5156 1530 5218 dextram
1550 5153 1769 5228 Patris,
1783 5170 1855 5215 ac
1869 5152 2080 5214 denuo

486 5262 822 5316 venturum
845 5262 937 5317 est
958 5257 1026 5317 in
1047 5263 1335 5337 tempore
1354 5256 1590 5329 futuro,
1604 5254 1884 5316 iudicare
1907 5253 2081 5314 vivos

490 5361 553 5415 et
600 5359 916 5428 mortuos;
975 5360 1037 5415 et
1085 5354 1150 5415 in
1194 5355 1498 5435 Spiritum
1543 5359 1854 5425 sanctum,
1913 5351 2080 5412 Patri

489 5455 754 5534 eiusque
774 5456 980 5518 Verbo
1010 5454 1527 5528 coessentialem;
1560 5453 1749 5515 credo
1780 5453 1848 5513 in
1878 5470 2081 5514 resur-

490 5555 841 5617 rectionem
890 5571 1150 5634 quoque
1185 5554 1431 5616 animae
1476 5560 1538 5615 et
1576 5554 1885 5633 corporis,
1922 5554 2082 5614 sicut

495 5653 833 5733 Apostolus
890 5654 1014 5717 ait:
1077 5653 1434 5716 Seminatur
1483 5670 1715 5732 corpus
1767 5652 2076 5728 naturale,

497 5753 831 5817 suscitatur
858 5772 1090 5835 corpus
1122 5754 1469 5834 spirituale,
1500 5760 1562 5814 et
1592 5772 1806 5815 rursus
1840 5772 1852 5814 :
1886 5756 2082 5833 Opor-

498 5858 586 5916 tet
613 5851 783 5917 enim
812 5853 1219 5941 corruptibile
1258 5852 1381 5918 hoc
1411 5852 1675 5917 induere
1705 5854 2082 5935 incorrupti-

2186 3336 2375 3398 quam
2400 3319 2669 3380 daemon
2698 3318 2778 3380 ab
2808 3334 2886 3380 eo
2907 3317 3215 3391 discessit,
3239 3317 3318 3379 ad
3352 3318 3551 3398 pedes
3577 3319 3787 3380 sancti

2186 3420 2556 3501 provolutus
2577 3425 2670 3481 est
2690 3436 2835 3483 cum
2854 3426 3083 3481 cuncto
3111 3418 3377 3505 pOpulo.
3398 3420 3603 3492 Quum
3625 3436 3786 3482 vero

2186 3538 2331 3582 eum
2361 3521 2651 3584 occidere
2685 3528 3086 3601 quaererent,
3122 3522 3428 3583 Macarius
3472 3538 3583 3583 eos
3632 3540 3789 3603 pro-

2184 3621 2410 3698 hibuit,
2441 3630 2633 3703 atque
2663 3622 2731 3684 in
2760 3639 3044 3684 eremum
3084 3640 3226 3685 eum
3259 3622 3542 3684 abduxit.
3572 3624 3787 3685 Susci-

2184 3728 2347 3785 tatus
2379 3731 2612 3798 autem,
2634 3724 3075 3800 interrogatus,
3100 3740 3254 3784 num
3286 3721 3596 3784 Christum
3629 3741 3789 3803 pro-

2185 3824 2489 3900 ﬁteretur,
2508 3825 2737 3888 dixisse
2755 3824 2973 3900 fertur,
2991 3840 3058 3886 se
3082 3841 3161 3885 ne
3182 3823 3493 3886 audivisse
3516 3825 3789 3905 quidem

2186 3925 2265 3987 de
2284 3943 2360 3987 eo
2376 3926 2444 3987 in
2460 3926 2582 3988 vita
2599 3944 2731 3988 sua.
2756 3924 3102 3987 Pharaonis
3119 3924 3289 3987 enim
3306 3925 3470 4001 regis
3487 3931 3783 4005 tempore

2184 4043 2253 4089 se
2276 4027 2506 4089 obiisse
2527 4026 2703 4102 dixit,
2726 4027 3001 4107 ideoque
3025 4032 3170 4088 ante
3191 4025 3535 4088 adventum
3551 4026 3789 4095 Christi

2182 4128 2359 4189 vixit.
2381 4130 2577 4201 Quem
2598 4146 2796 4209 quum
2823 4128 3199 4209 baptizasset
3218 4127 3544 4202 Macarius,
3559 4144 3791 4195 secum,

2183 4228 2405 4291 habuit
2451 4236 2575 4291 tres
2622 4247 2847 4305 annos,
2882 4230 3112 4310 quibus
3151 4229 3381 4309 elapsis
3417 4247 3627 4291 veram
3670 4228 3793 4294 ille.

2184 4331 2631 4393 dormitionem
2662 4332 2975 4406 dormivit,
3008 4331 3117 4406 ita,
3150 4337 3219 4393 ut
3257 4332 3317 4393 ei
3354 4339 3607 4412 aptetur
3631 4349 3783 4394 ver-_

2182 4434 2335 4496 bum
2362 4434 2650 4496 Domini:
2685 4434 2905 4513 Neque
2946 4433 3049 4495 hic
3080 4434 3385 4514 peccavit,
3412 4452 3624 4513 neque
3658 4451 3784 4514 pa.

2183 4540 2395 4595 rentes
2432 4534 2589 4607 eius,
2626 4534 2739 4596 sed
2766 4539 2836 4594 ut
2855 4531 3169 4595 reveletur
3197 4532 3394 4612 gloria
3415 4534 3548 4595 Dei.
3582 4535 3787 4595 Inter-

2183 4635 2425 4714 rogavit
2466 4642 2676 4699 autem
2715 4635 3055 4716 episc0pus
3098 4641 3383 4697 sanctum
3410 4636 3779 4709 Macarium,

2183 4751 2263 4796 an
2293 4751 2421 4796 non
2441 4733 2639 4813 gloria
2666 4732 2735 4794 in
2755 4750 2867 4795 cor
2888 4732 3025 4794 eius
3061 4731 3438 4806 ascenderit,
3470 4737 3597 4792 tam
3619 4729 3785 4792 mul-

2183 4837 2262 4898 tis
2304 4844 2449 4898 ante
2499 4853 2644 4898 eum
2684 4834 3252 4917 procumbentibus
3295 4833 3377 4896 ob
3416 4840 3658 4894 tantum
3696 4833 3787 4894 si-.

2183 4956 2401 5017 gnum.
2436 4938 2546 4999 Cui
2575 4937 2919 5019 respondet
2954 4954 2966 4998 :
3000 4936 3185 4999 Cuius
3219 4953 3330 4999 cor
3357 4935 3556 4997 otium
3587 4934 3784 4998 habet

2183 5038 2446 5117 gloriam
2473 5036 2803 5100 hominum
2833 5036 3240 5117 respiciendi,
3280 5036 3335 5098 is
3372 5036 3570 5098 Deum
3617 5052 3783 5097 non-

2184 5140 2333 5201 dum
2362 5138 2677 5215 cognovit.
2708 5139 2768 5198 Is
2803 5136 2994 5209 enim,
3028 5134 3337 5215 quidquid
3371 5134 3538 5207 facit,
3573 5132 3783 5193 homi-

2183 5241 2369 5302 nibus
2396 5239 2564 5300 facit.
2596 5238 2711 5312 Qui
2736 5256 2884 5299 vero
2904 5237 3131 5314 dignus
3155 5242 3248 5299 est
3278 5235 3529 5297 habitus
3564 5233 3779 5298 afﬂatu

2182 5345 2315 5419 Dei,
2351 5344 2405 5407 is
2444 5343 2511 5405 in
2553 5343 2751 5406 multo
2790 5342 3134 5405 certamine
3164 5346 3467 5412 versatur,
3487 5339 3669 5417 quasi
3703 5339 3775 5400 in

2183 5447 2490 5510 novacula
2552 5454 2765 5520 staret,
2820 5445 3073 5516 timens,
3133 5461 3214 5505 ne
3270 5442 3541 5504 decidat.
3608 5440 3776 5502 Talis

2181 5572 2381 5615 unum
2427 5552 2631 5614 solum
2690 5550 2880 5611 habet
2931 5549 3336 5622 desiderium,
3402 5545 3776 5623 egrediendi

2184 5660 2288 5731 53
2318 5654 2555 5715 scilicet
2588 5670 2623 5714 e
2666 5668 2957 5729 corpore.
2992 5650 3168 5723 Quod
3196 5666 3347 5710 vero
3387 5648 3463 5709 ad
3506 5645 3774 5725 gloriam

2184 5754 2424 5826 attinet,
2452 5752 2608 5813 haec
2638 5752 2697 5811 ei
2733 5768 2811 5810 ne
2859 5750 2921 5809 in
2970 5757 3244 5810 mentem
3287 5748 3543 5827 quidem
3574 5745 3767 5806 venit.

2183 5856 2359 5920 Ilanc
2387 5860 2597 5919 autem
2624 5853 2682 5915 ei
2722 5850 3071 5915 doctrinam
3102 5850 3313 5914 dedit:
3344 5849 3560 5911 Adnue
3584 5844 3769 5912 mihi.
