4046 6500
256 405 316 463 53
1906 413 2140 468 VITAE.
3585 407 3659 469 ω

260 518 481 602 inquit,
524 521 872 605 aliquem
922 533 1009 596 in
1065 538 1227 598 mari
1263 537 1687 601 ambulantem
1716 542 1778 599 et
1813 552 1958 599 coe-
1988 540 2030 594 Δ
2058 551 2179 615 pus
2218 534 2504 613 exponit,
2554 532 2678 594 ﬁde
2724 549 2803 594 ne
2849 549 3049 594 unum
3100 531 3358 611 quidem
3398 530 3652 612 legitur,

270 621 388 684 lum
414 640 657 693 versus
694 631 976 696 oculos
1020 636 1097 698 in
1144 636 1360 713 solem,
1394 638 1573 701 cuius
1609 638 1797 700 radiis
1830 655 1964 698 sus-

284 734 581 803 tentetur,
652 729 1115 812 deﬁgentem
1134 756 1149 813 ;
1174 739 1270 802 cui
1306 740 1448 820 quis
1477 738 1822 820 praecipiat
1856 755 1869 798 :
1900 738 1964 801 Si

292 828 517 903 locum,
550 829 629 891 in
651 850 811 913 quo
851 839 1191 914 ambulas,
1220 840 1512 920 adspicis,
1536 841 1604 903 in
1625 858 1797 903 mare
1820 838 1964 903 sub-

304 931 631 1008 mergeris,
652 936 844 1014 quid
873 940 943 1000 ei
972 940 1245 1014 accidet,
1261 942 1313 1003 si
1337 941 1716 1004 inobediens
1735 940 1964 1004 fuerit?

318 1032 537 1113 lta,qui
552 1032 631 1094 in
656 1034 971 1113 gloriam
989 1041 1107 1102 Dei
1125 1042 1342 1105 oculos
1359 1042 1651 1117 intendit,
1672 1043 1958 1122 gloriam,

336 1152 473 1214 quae
504 1135 585 1196 ab
620 1135 1046 1203 hominibus
1076 1143 1389 1221 provenit,
1422 1141 1694 1222 pedibus
1739 1142 1958 1205 calcat.

342 1238 493 1298 lianc
522 1243 758 1299 autem
796 1240 857 1302 si
898 1242 1191 1322 respicit,
1216 1242 1293 1305 ab
1331 1241 1437 1304 illa
1475 1242 1729 1305 decidit.
1760 1247 1808 1304 A
1838 1262 1962 1322 qua

349 1338 394 1399 si
444 1338 793 1414 deciderit,
828 1342 1057 1404 multis
1110 1342 1247 1405 aliis
1294 1342 1625 1405 affectibus
1669 1343 1958 1419 agitatur.

351 1442 551 1503 Cetera
588 1460 759 1505 vero
815 1443 1017 1507 huius
1070 1445 1289 1519 sancti,
1358 1463 1547 1526 quam
1603 1444 1961 1507 misericors

354 1544 526 1605 fuerit
558 1551 625 1609 et
652 1545 1021 1621 fraternus,
1053 1554 1115 1609 et
1151 1554 1450 1627 quantam
1494 1545 1784 1609 habuerit
1828 1546 1960 1607 dis-

359 1646 790 1709 cretionemin
808 1650 1311 1729 operibus,nunc
1329 1649 1586 1728 quidem
1602 1646 1830 1729 silebo(
1836 1646 1888 1729 1)
1904 1696 1914 1708 .
1930 1672 1957 1705 ι)

430 1749 595 1811 Haec
633 1750 845 1827 igitur
890 1751 1161 1813 narratio
1196 1768 1231 1811 a
1268 1750 1511 1813 duabus
1539 1750 1698 1825 istis,
1736 1768 1893 1830 quas
1926 1768 1961 1812 e

365 1849 509 1911 libro
559 1850 865 1913 secundo
906 1858 968 1912 et
997 1868 1032 1912 e
1068 1851 1357 1913 Cassiano
1382 1869 1573 1932 supra
1612 1851 1957 1927 attulimus,

362 1969 434 2014 eo
468 1952 889 2032 potissimum
937 1951 1166 2026 differt,
1210 1954 1382 2031 quod
1438 1953 1874 2016 resuscitatum
1923 1972 1959 2015 a

360 2051 628 2113 Macario
683 2052 1075 2132 baptizatum
1114 2068 1251 2112 esse
1304 2058 1367 2113 et
1411 2052 1611 2115 tribus
1660 2052 1842 2114 annis
1890 2052 1959 2113 in

361 2170 578 2214 eremo
618 2152 957 2215 transactis
998 2152 1205 2214 denuo
1259 2152 1490 2214 obiisse
1540 2152 1747 2228 docet,
1786 2153 1958 2234 quod

358 2250 519 2313 liber
547 2253 881 2314 secundus
912 2269 1038 2313 non
1074 2251 1262 2313 habet
1303 2259 1363 2314 et
1387 2253 1712 2315 Cassianus
1741 2260 1959 2333 aperte

362 2361 573 2429 negat.
617 2353 888 2425 Quando
916 2352 1073 2414 vela
1102 2370 1229 2433 quo
1270 2354 1543 2415 narratio.
1576 2354 1809 2433 scripta
1856 2355 1956 2429 sit,

370 2469 575 2531 neque
615 2471 702 2514 ex
733 2470 808 2515 ea
836 2453 1216 2533 ipsa,neque
1233 2454 1486 2516 aliunde
1508 2456 1654 2516 satis
1687 2462 1955 2518 constat.

370 2552 571 2627 Fides,
638 2571 835 2633 quam
915 2555 1253 2633 episcopus
1327 2558 1612 2635 exponit,
1658 2558 1961 2636 Spiritum

367 2658 657 2713 sanctum
714 2652 882 2713 Patri
929 2660 989 2713 et
1016 2653 1169 2716 Filio
1223 2666 1547 2732 ὁμοούσιον
1582 2664 1783 2718 vocat.
1831 2658 1961 2729 Qua

362 2768 519 2812 voce
548 2749 841 2829 synodus
864 2752 1551 2833 Constantinopolitana
1584 2760 1645 2815 et
1674 2753 1962 2832 symbola

364 2852 514 2912 ﬁdei
564 2852 645 2912 de
674 2849 911 2929 Spiritu
954 2858 1169 2912 sancto
1206 2869 1336 2913 non
1382 2858 1646 2913 utuntur
1692 2850 1798 2931 (2).
1838 2852 1962 2913 Sed

364 2949 679 3029 Spiritum
710 2948 875 3009 Patri
906 2954 966 3009 et
988 2947 1140 3009 Filio
1164 2960 1491 3028 όμοούσιον
1517 2950 1641 3011 iam
1675 2951 1736 3010 S.
1766 2950 1959 3013 Atha-

366 3049 584 3111 nasius
617 3048 899 3129 appellat
945 3049 1049 3128 (3).
1101 3049 1207 3121 54.
1248 3051 1427 3113 Unde
1464 3051 1797 3113 verisimile
1843 3059 1958 3128 est,

368 3168 505 3212 eam
539 3169 766 3213 vocem
799 3151 864 3212 in
894 3154 1343 3233 Aegyptiorum
1372 3153 1661 3215 formulis
1688 3153 1835 3215 fidei
1855 3172 1964 3216 an-

2062 633 2399 697 formulam
2454 638 2779 713 totamque
2816 634 3022 707 istam,
3075 633 3178 695 cui
3233 633 3469 695 inserta
3523 641 3654 715 est,

2064 737 2489 799 narrationem
2527 735 2674 798 satis
2702 735 3025 816 antiquam
3051 753 3188 797 esse
3225 735 3407 798 facile
3446 739 3654 801 credi-

2064 838 2251 901 deris.
2309 838 2654 901 Hieracitas
2716 836 3242 899 resurrectionem
3312 855 3656 919 corporum

2063 957 2327 1020 negasse
2380 942 2442 1001 S.
2495 938 2887 1020 Epiphanius
2918 936 3125 1012 docet,
3159 939 3269 1019 qui
3302 938 3655 1002 doctrinam

2064 1060 2285 1105 eorum
2320 1041 2491 1119 large
2529 1040 2819 1121 eXposuit
2850 1039 2954 1119 (4).
3004 1041 3222 1119 Neque
3246 1056 3392 1101 vero
3424 1041 3485 1100 S.
3509 1040 3659 1120 Epi-

2063 1143 2358 1225 phanius,
2397 1160 2609 1222 neque
2663 1142 2725 1203 S.
2775 1141 3046 1202 Hilarius
3092 1142 3201 1222 (5),
3252 1159 3460 1220 neque
3497 1140 3658 1203 alius

2064 1244 2423 1323 quisquam,
2456 1247 2763 1322 quantum
2807 1240 3087 1315 invenio,
3120 1241 3350 1316 retulit,
3382 1242 3661 1303 Hieraci-

2062 1350 2157 1404 tas
2212 1344 2329 1404 tria
2350 1357 2563 1405 rerum
2612 1341 2923 1421 principia
2964 1341 3294 1419 agnovisse
3334 1348 3416 1417 et,
3458 1343 3658 1403 Deum

2061 1444 2341 1505 Verbum
2390 1443 2714 1505 hominem
2765 1442 2993 1507 factum
3056 1459 3214 1517 esse,
3278 1461 3659 1523 causamque

2064 1546 2349 1608 omnium
2389 1562 2603 1608 rerum
2642 1545 3027 1607 effectricem
3073 1544 3329 1618 servari,
3360 1544 3661 1606 infitiatos

2064 1663 2226 1709 esse.
2270 1646 2447 1709 Unde
2501 1645 2676 1708 hisce
2726 1662 2889 1707 nova
2938 1644 3150 1723 aliqua
3197 1643 3276 1706 de
3329 1643 3661 1717 Hieracitis

2064 1745 2668 1826 edocemur,qui'bus
2688 1744 3099 1807 fundamenta
3112 1743 3659 1823 doctrinae,quam

2063 1848 2543 1926 proﬁtebantur,
2604 1845 2943 1910 dilucidius
3012 1850 3510 1922 cognoscuntur.
3568 1844 3659 1905 Ad

2062 1948 2219 2009 illud
2250 1964 2396 2010 vero
2426 1948 2822 2009 enuntiatum
2852 1945 3125 2020 Macarii,
3163 1962 3231 2007 se
3262 1950 3480 2006 contra
3511 1943 3657 2005 dae-

2062 2068 2286 2113 mones
2331 2050 2654 2130 principes
2688 2048 2847 2109 nihil
2884 2048 3117 2121 valere,
3169 2044 3344 2126 quod
3393 2050 3658 2124 spectat,

2060 2153 2231 2215 idem
2284 2153 2346 2213 S.
2384 2151 2695 2213 Antonius
2736 2165 2995 2229 quoque
3026 2145 3347 2228 professus
3380 2152 3472 2206 est
3500 2151 3661 2207 teste

2061 2253 2338 2317 Palladio
2368 2252 2473 2333 (6).
2506 2254 2818 2313 Mortuum
2850 2250 2928 2312 ad
2961 2246 3481 2328 respondendum
3506 2263 3659 2308 evo-

2063 2338 2271 2415 catum
2294 2369 2431 2413 esse
2462 2351 2727 2427 legimus
2748 2350 2815 2410 in
2840 2349 3002 2409 libro
3033 2345 3343 2409 Samuelis
3375 2346 3483 2424 (7).
3506 2347 3661 2406 Um-

2060 2453 2213 2515 brae
2266 2458 2659 2514 mortuorum
2708 2455 3003 2511 evocatae
3054 2465 3191 2511 esse
3245 2448 3543 2508 dicuntur
3590 2446 3661 2506 in

2061 2555 2324 2619 Homeri
2368 2565 2594 2628 Νεκυίςι
2618 2550 2727 2633 (8),
2759 2550 2929 2630 apud
2965 2553 3286 2611 Lucanum
3327 2549 3435 2627 (9),
3476 2547 3659 2609 Taci-

2062 2662 2195 2718 tum
2251 2653 2411 2736 (10),
2452 2652 2727 2714 Plinium
2777 2650 2931 2731 (11),
2994 2649 3444 2710 Philostratu-m
3500 2645 3657 2726 (12),

2061 2758 2327 2819 Dionem
2392 2753 2672 2817 Cassium
2722 2749 2871 2834 (13),
2931 2748 3037 2819 55
3085 2748 3242 2810 alios
3281 2746 3430 2828 (14).
3477 2746 3661 2825 Apud

2064 2876 2227 2939 quos
2248 2856 2511 2918 umbrae
2538 2853 2961 2929 interrogatae
2988 2857 3095 2911 aut
3117 2847 3530 2927 respondent,
3553 2854 3663 2908 aut

2064 2958 2454 3039 respondere
2497 2955 2881 3027 detrectant;
2924 2950 3154 3013 deinde
3180 2950 3258 3012 ad
3286 2948 3525 3010 inferos
3554 2966 3659 3009 re-

2062 3066 2391 3123 vertuntur
2429 3056 2575 3139 (15).
2617 3057 2847 3128 Moses,
2879 3070 2961 3114 ne
3002 3051 3220 3113 Iudaei
3264 3067 3503 3127 magos,
3549 3049 3661 3129 qui

2061 3167 2491 3241 νεκρομαντεῖα
2518 3155 2779 3229 faciunt,
2814 3154 3080 3227 adirent,
3112 3152 3253 3231 lege
3284 3151 3481 3212 vetuit
3510 3147 3656 3230 (16).

367 3253 549 3333 liquo
574 3272 699 3315 usu
733 3261 1046 3334 receptam
1074 3254 1288 3317 fuisse.
1322 3256 1475 3328 Quia
1503 3272 1651 3317 vero
1674 3256 1954 3331 everbis,

2068 3269 2500 3341 Νεκρομαντεῒα
2542 3255 2975 3337 superstitiosa
3016 3271 3153 3316 esse
3189 3252 3403 3314 Cicero
3443 3257 3660 3313 osten-

365 3353 605 3433 quibus
664 3355 1025 3433 symbolum
1073 3356 1837 3437 ConstantinOpolitanum
1878 3359 1958 3420 de

366 3452 608 3531 Spiritu
628 3459 851 3515 sancto
895 3452 1291 3530 loauitur,‘in
1323 3456 1449 3531 illa,
1487 3475 1676 3537 quam
1708 3460 1959 3539 episco-

438 3628 515 3700 (1)
558 3628 770 3686 Textus
802 3646 1029 3701 graecus
1055 3632 1254 3705 legitur
1281 3634 1425 3690 infra
1455 3636 1510 3691 in
1553 3636 1746 3693 harum
1789 3654 1961 3710 quae-

368 3722 615 3780 Stionum
641 3722 957 3793 Appendicc
980 3725 1162 3793 priore
1183 3727 1286 3781 sub
1313 3724 1374 3782 V.

2059 3366 2150 3427 dit
2175 3363 2322 3445 (17).
2362 3358 2788 3423 Tertullianus
2821 3356 2961 3418 illas
2991 3355 3272 3417 manium
3318 3351 3663 3432 apparitio-

2059 3486 2174 3532 nes
2219 3465 2498 3529 fallacias
2539 3462 2923 3525 daemonum
2974 3455 3253 3537 appellat
3293 3454 3439 3536 (18).
3481 3452 3661 3526 Quod

2060 3641 2359 3695 Ancorato.
2412 3638 2650 3708 Spiritus
2692 3635 2842 3691 Patri
2893 3652 2913 3686 ‹
2951 3630 3443 3688 consubstantialis
3476 3649 3494 3682 ι
3550 3630 3658 3683 iam

2060 3739 2288 3786 vocatur
2313 3731 2368 3784 in
2404 3731 2624 3797 Iiturgia
2646 3725 2704 3780 S.
2734 3724 2915 3779 lacobi
2945 3722 3132 3778 fratris
3164 3722 3401 3785 Domini,
3430 3720 3504 3774 cf.
3527 3720 3660 3775 Biu-

438 3812 518 3881 (2)
572 3810 894 3882 Symbolum
955 3816 1175 3870 concilii
1231 3817 1832 3889 Constantinopolitani
1890 3820 1958 3877 de
2057 3824 2216 3879 terim
2244 3818 2788 3891 Denkwﬁrdigkeiten
2828 3816 2892 3873 T.
2928 3815 2995 3871 1V
3025 3814 3389 3886 P.llp.149.

371 3900 581 3969 Spiritu
617 3910 812 3955 sancto
840 3903 973 3958 haec
997 3904 1194 3959 habet:
1251 3925 1268 3956 σ
1310 3908 1420 3961 Καὶ
1464 3906 1840 3982 [πιστεύομεν]
1878 3912 1959 3976 εἰς

367 3990 429 4043 τὸ
464 3990 771 4062 πνεῦματὺ
797 3992 971 4061 ἆγιον,
1008 3994 1070 4047 τὸ
1108 3996 1319 4066 κύριον,
1351 3998 1412 4050 τὸ
1462 3996 1746 4065 ζωοποιὸν,
1798 4001 1860 4054 τὸ
1897 4002 1962 4055 ὲκ

368 4083 460 4135 τοῦ
498 4083 713 4155 πατρὸς
758 4086 1210 4157 ἐκπορευόμενον,
1263 4089 1324 4142 τὸ
1374 4091 1469 4145 σὺν
1509 4092 1677 4163 πατρὶ
1721 4092 1816 4145 καὶ
1861 4092 1963 4163 υἱῷ

368 4176 960 4247 συμπροσκυνούμενον
984 4180 1079 4231 καὶ
1117 4180 1591 4253 συνδοξαζόμενον,
1622 4183 1685 4235 τὸ
1710 4182 1955 4252 λαλῆσαν

365 4266 451 4319 διὰ
472 4267 585 4319 τῶν
607 4268 903 4339 προφητῶν
938 4289 982 4325 ι.
1026 4269 1199 4327 Mansi
1232 4272 1402 4327 Cunc.
1431 4274 1611 4344 Ampi.
1632 4274 1769 4331 Coll.
1799 4272 1866 4329 T.
1890 4273 1957 4330 ΙΙΙ

369 4378 421 4431 p.
458 4362 589 4417 565.
622 4364 819 4418 iisdem
857 4363 971 4421 fere
992 4366 1175 4423 verbis
1202 4367 1270 4423 de
1300 4368 1508 4439 Spiritu
1543 4378 1736 4426 sancto
1771 4381 1957 4427 cetera

366 4470 590 4524 quoque
626 4454 751 4510 fidei
775 4456 1019 4527 symbola
1054 4456 1369 4527 loquuntur.

440 4546 523 4614 (5)
566 4563 585 4598 α
616 4548 728 4601 Καὶ
750 4550 849 4602 οὐκ
894 4550 1107 4622 ἄδηλον,
1130 4551 1326 4605 ὅτιούκ
1356 4548 1471 4605 ἔστι
1516 4551 1623 4607 τῶν
1653 4552 1865 4608 πολλῶν
1893 4553 1957 4608 τὸ

364 4641 623 4712 πνεῦμα,
676 4643 792 4697 ἀλλ’
828 4644 950 4698 οὐδὲ
997 4647 1246 4715 ἄγγελος,
1293 4646 1410 4701 ἀλλ’
1455 4648 1525 4700 ἒνο
1549 4648 1629 4705 ὃν.
1668 4648 1868 4717 μᾶλλον
1900 4649 1959 4703 δὲ

362 4736 462 4789 τοῦ
503 4736 667 4802 λόγου
700 4736 818 4801 ἑνὸς
847 4738 1000 4803 ὄντος
1038 4739 1184 4805 ἴδιον,
1219 4740 1313 4795 καὶ
1348 4740 1443 4794 τοῦ
1481 4740 1605 4795 θεοῦ
1649 4742 1765 4805 ἐνὸς
1809 4742 1960 4806 ὄντος

364 4829 504 4895 (διον
550 4829 650 4882 καὶ
695 4830 976 4899 ὁμοούσιόν
1016 4833 1183 4888 ἐστι.»
1250 4816 1309 4887 S.
1337 4834 1539 4888 Athan.
1564 4833 1662 4904 Ep.
1693 4835 1761 4888 ad
1802 4834 1961 4890 Sera-

366 4920 521 4988 pion.
547 4934 671 4987 cap.
699 4920 790 4974 27.
819 4919 877 4976 S.
902 4923 1101 4976 Athan.
1144 4922 1280 4993 Opp.
1313 4925 1400 4979 ed.
1441 4922 1627 4980 Petav.
1654 4926 1793 4979 1777
1847 4925 1912 4980 Τ.
1943 4926 1960 4981 l

370 5012 429 5065 P.
462 5010 503 5065 ll
534 5028 589 5083 p.
626 5012 751 5068 540.
778 5013 834 5069 S.
875 5016 1208 5072 Athanasius
1232 5017 1497 5089 Spiritum
1540 5028 1790 5074 sanctum
1837 5036 1959 5075 cum

371 5108 530 5162 Patre
554 5115 613 5162 et
639 5106 773 5160 Filio
800 5108 1044 5163 eiusdem
1067 5110 1530 5181 substantiaeh'ﬁg
1553 5111 1723 5183 αὐτῆς
1752 5112 1962 5185 οὐσίας)

377 5215 491 5254 esse
511 5199 609 5254 ait.
639 5200 713 5253 De
743 5200 955 5253 iucarn.
982 5207 1176 5255 contra
1203 5201 1388 5255 Ariun.
1435 5218 1557 5272 cap.
1591 5203 1645 5258 9.
1686 5204 1774 5258 l9.
1819 5204 1954 5275 Opp.

381 5291 438 5345 S.
458 5295 660 5347 Athan.
694 5294 732 5346 l.
760 5294 793 5346 Ι.
822 5309 874 5363 p.
903 5293 1027 5351 701.
1050 5294 1174 5349 708.
1196 5294 1461 5365 Spiritum
1488 5308 1741 5352 sanctum
1770 5298 1867 5351 σὺν
1884 5297 1962 5366 τῷ

375 5388 534 5457 πατρὶ
557 5387 655 5440 καὶ
676 5385 756 5457 τῷ
781 5385 882 5456 υἱῷ
909 5387 1008 5455 τῆς
1047 5389 1175 5458 μιᾶς
1205 5390 1300 5441 καὶ
1337 5388 1435 5459 τῆς
1471 5388 1643 5457 αὐτῆς
1679 5388 1866 5451 οὐσίας
1900 5406 1961 5441 τε

368 5480 463 5537 καὶ
484 5479 734 5544 ἐξουσίας
765 5495 892 5535 esse
921 5479 1081 5535 docet
1111 5480 1379 5536 Damasus
1408 5496 1547 5551 papa
1592 5480 1875 5551 (366-584)
1905 5483 1958 5535 in

365 5574 621 5642 cpistola,
672 5587 838 5644 quam
908 5573 1132 5643 scripsit
1181 5572 1411 5628 Paulino
1456 5574 1716 5643 episcopo
1766 5576 1954 5632 Antio-

367 5667 567 5720 cheno.
614 5664 789 5721 Mansi
848 5665 1023 5720 Conc.
1080 5665 1261 5735 Ampi.
1314 5666 1452 5720 Coll.
1508 5665 1573 5721 T.
1630 5665 1697 5721 Ill
1741 5684 1792 5738 p.
1830 5670 1955 5725 488.

374 5756 625 5811 Sanctam
647 5758 949 5813 trinitatem
974 5756 1499 5811 consubstantialem
1531 5758 1834 5829 (ὁμοούσιον
1858 5764 1956 5833 τὴν

366 5851 530 5918 ἁγίαν
580 5852 789 5923 τριάδα)
823 5849 1112 5923 praedicat
1150 5848 1398 5904 Meletius
1433 5851 1727 5921 cpiscopus
1757 5854 1952 5909 Antio-g

366 5944 593 6015 thenus.
621 5942 751 6003 Ibid.
779 5961 835 6019 p.
864 5943 995 6003 359.
1025 5940 1112 6000 Cf.
1149 5941 1209 5998 S.
1229 5941 1498 6014 Epiphan.
1528 5944 1681 6002 hacr.
1713 5945 1778 6002 76
1808 5956 1861 6003 ct
1896 5949 1951 6005 in

2139 3928 2216 3997 (4)
2242 3926 2403 3981 Haer.
2445 3924 2537 3979 67.

2136 4033 2212 4104 (5)
2240 4030 2481 4087 Hilarius
2512 4031 2578 4086 de
2610 4029 2840 4085 Hieraca
2873 4028 3120 4100 disputat
3148 4027 3222 4082 De
3262 4026 3417 4080 Trin.
3444 4024 3541 4080 lib.
3566 4021 3660 4090 Vl,

2072 4118 2163 4174 12.
2197 4118 2254 4173 S.
2281 4117 2449 4173 llilar.
2478 4116 2619 4189 Opp.
2642 4133 2761 4173 cur.
2802 4117 2982 4187 Migne
3012 4116 3076 4172 T.
3107 4116 3147 4170 ll
3172 4132 3224 4186 p.
3259 4117 3361 4171 165
3394 4131 3515 4186 sqq.

2134 4223 2212 4297 (6)
2243 4225 2379 4281 Hist.
2406 4224 2572 4280 Laus.
2604 4239 2726 4296 cap.
2761 4224 2832 4280 29
2854 4223 2995 4295 Opp.
3021 4223 3224 4280 Meurs.
3255 4224 3291 4278 ι.
3317 4224 3353 4278 l.
3386 4238 3441 4294 p.
3472 4221 3601 4277 455.

2135 4333 2215 4404 (7)
2240 4333 2388 4388 Sam.
2421 4334 2463 4396 ι,
2491 4332 2583 4387 es.

2134 4427 2211 4495 (8)
2238 4425 2340 4480 0d.
2373 4425 2465 4488 XI,
2491 4426 2561 4480 25
2590 4441 2711 4496 sqq.

2133 4521 2211 4589 (9)
2236 4517 2429 4574 Phars.
2458 4517 2552 4585 Vl,
2584 4519 2689 4573 652
2722 4532 2846 4589 sqq.

2135 4610 2249 4681 (10)
2274 4610 2470 4665 Annal.
2500 4610 2569 4675 Il,
2595 4610 2688 4665 28.

2135 4704 2249 4775 (11)
2275 4702 2401 4756 Nat.
2426 4702 2563 4758 Hist.
2584 4700 2757 4765 XXX,
2786 4701 2840 4758 6.

2137 4798 2249 4869 (12)
2273 4796 2382 4850 Vit.
2407 4797 2579 4868 Apoll.
2612 4797 2787 4866 Tyan.
2815 4793 2903 4862 lV,
2929 4796 3015 4849 l6.

2139 4890 2250 4964 (ιδ)
2279 4892 2418 4946 Hist.
2445 4891 2604 4946 nom.
2635 4888 2897 4949 Lxxvn.
2929 4889 3015 4943 15.

2142 4982 2259 5053 (14)
2298 4980 2431 5035 Hor.
2475 4990 2580 5036 sat.
2602 4979 2642 5048 1,
2668 4980 2722 5047 8,
2752 4980 2844 5033 41.
2878 4978 3041 5033 Plura
3067 4980 3313 5049 exempla
3339 4978 3501 5034 habet
3537 4978 3660 5037 Del-

2065 5074 2149 5129 rio
2177 5074 2463 5144 Disquisit.
2507 5073 2707 5143 magic.
2750 5071 2814 5137 ll,
2853 5072 2918 5136 Q.
2949 5071 3041 5124 26.

2139 5157 2250 5252 (15)
2282 5178 2783 5249 Apollonius(apud
2818 5176 3202 5230 l‘hilostratum
3229 5176 3264 5229 l.
3293 5175 3434 5246 l.)de
3466 5176 3657 5231 umbra

2064 5272 2310 5338 Achillis,
2335 5287 2497 5341 quam
2527 5279 2784 5324 evocarat
2818 5288 2831 5323 :
2872 5288 2891 5321 ‹
2936 5268 3524 5340 Ταῦτα,ίιι‹ιιιίι,εῐπὼν
3562 5314 3575 5326 .
3605 5310 3652 5326 ..

2063 5363 2275 5434 ἀπῆλθε
2307 5364 2402 5430 ξὺν
2425 5364 2678 5433 ἀστραπῇ
2700 5362 2915 5432 μετρίᾳ,
2930 5362 3025 5415 καὶ
3048 5362 3156 5433 γὰρ
3176 5362 3239 5433 δὴ
3258 5363 3353 5415 καὶ
3370 5363 3658 5434 ἀλεκτρυό-

2061 5471 2150 5517 νες
2185 5454 2287 5525 ἤδη
2316 5453 2457 5525 ᾠδῆς
2489 5454 2741 5523 ἥπτοντο.
2786 5452 2885 5508 Ed.
2930 5451 3133 5508 Olearii
3172 5451 3322 5523 Lips.
3372 5454 3509 5510 i709
3553 5452 3651 5510 fol.

2061 5562 2117 5616 p.
2155 5546 2281 5601 154.

2134 5649 2248 5718 (l6)
2275 5644 2321 5701 ν
2356 5648 2491 5703 Mos.
2529 5646 2718 5715 XVIII,
2752 5649 2837 5703 11.
2866 5648 2926 5703 Ill
2959 5649 3094 5706 Mos.
3138 5648 3280 5716 XIX,
3314 5649 3403 5705 51.

2134 5754 2245 5820 (17)
2271 5751 2437 5810 Tusc.
2466 5755 2609 5824 disp.
2635 5753 2677 5820 Ι,
2710 5753 2799 5807 16.

2134 5860 2244 5930 (l8)
2270 5859 2392 5916 Lib.
2451 5861 2518 5916 de
2580 5861 2759 5915 anima
2808 5875 2931 5931 cap.
2984 5861 3073 5917 57.
3110 5860 3341 5916 Tertull.
3374 5861 3509 5933 Opp.
3549 5865 3637 5922 cd.

2061 5954 2268 6012 Sentior
2306 5953 2371 6011 Τ.
2415 5952 2478 6009 lV
2519 5970 2581 6025 ρ.
2609 5953 2881 6026 281mm,
2936 5954 3112 6024 Mignc
3166 5953 3370 6012 Patrol.
3444 5957 3507 6011 Τ.
3576 5955 3639 6011 ιι.
