4046 6446
599 324 670 382 55
1414 296 1421 311 ¹
1470 324 1573 382 SS.
1609 324 2077 382 MACARIORUM
2117 320 2443 382 AEGYPTII
2485 321 2573 376 ET
2611 322 3079 379 ALEXANDRINI
3828 326 3897 377 3‘5

593 434 767 500 idem
795 434 927 498 fere
963 444 1297 501 senserunt
1325 441 1385 501 S.
1418 441 1921 523 Chrysostomus,
1959 444 2021 503 S.
2047 446 2172 504 Au-
2203 449 2250 504 Α
2280 439 2808 501 resurrectionem
2861 439 3211 501 Ilieracitae
3274 439 3598 519 probaret,
3670 456 3895 519 neque

593 535 900 611 gustinus,
925 535 1030 596 alii
1071 537 1177 617 (1).
1212 540 1339 601 Nec
1384 541 1592 602 minus
1635 548 1891 621 postero
1916 558 2173 621 quoque

593 652 748 697 aevo
786 637 1089 716 imagines
1129 647 1522 703 mortuorum
1562 660 1597 704 a
1637 642 1834 721 magis
1873 643 2172 704 excitatae

594 750 732 797 esse
776 736 1087 813 leguntur.
1143 740 1265 813 Sic,
1304 746 1373 801 ut
1413 740 1567 803 haec
1602 748 1841 803 tantum
1883 743 2171 822 exempla

591 836 881 917 prodam,
914 839 1142 900 Basilio
1170 840 1534 919 imperatori
1565 840 1675 903 ﬁlii
1704 841 1980 903 umbraa
2011 843 2167 903 San-

593 938 891 1001 tabareno
928 940 1241 1002 monacho
1295 940 1645 1003 ostenditur
1696 941 1811 1023 (2);
1866 960 1900 1003 a
1944 944 2168 1003 Fausto

587 1038 827 1100 Ileiena
849 1039 1300 1102 formosissima
1314 1041 1547 1102 femina
1575 1041 1966 1104 scholaribus
1988 1060 2170 1103 mon-

589 1144 818 1200 stratur
861 1139 967 1220 (3).
1004 1142 1095 1202 Ab
1142 1142 1240 1202 his
1290 1142 1477 1219 igitur
1529 1158 1858 1219 magorum
1910 1141 2168 1203 fallaciis

585 1244 693 1300 aut
721 1239 1005 1301 ludibriis
1038 1239 1332 1301 miracula
1361 1256 1585 1300 senum
1616 1238 1804 1319 plane
1841 1238 2163 1299 differunt.

584 1338 703 1408 Qui
750 1356 880 1399 non
926 1356 1253 1417 magorum
1302 1340 1500 1402 instar
1554 1340 1861 1417 imagines
1921 1345 2165 1399 tantum

585 1438 878 1513 efferunt,
910 1439 1021 1500 sed
1050 1439 1274 1502 Christi
1304 1457 1451 1520 ope,
1484 1446 1554 1502 ut
1589 1440 1796 1502 anima
1832 1439 1897 1500 in
1932 1456 2166 1519 corpus

578 1537 819 1613 redeat,
869 1545 1161 1619 totusque
1216 1540 1410 1603 homo
1458 1541 1804 1614 reviviscat,
1865 1539 2162 1603 efﬁciunt.

582 1638 956 1702 Submersos
997 1641 1280 1721 quidem,
1327 1642 1665 1703 suifocatos
1704 1649 1765 1703 et
1794 1642 1930 1703 sine
1968 1642 2167 1722 bapti-

548 1752 717 1799 ‘smo
752 1747 1035 1801 mortuos
1054 1758 1273 1801 senum
1300 1759 1423 1821 cpe
1454 1741 1549 1802 vel
1580 1741 1863 1803 oratione
1895 1741 2161 1803 resusci-
2198 1792 2237 1844 Β

579 1844 740 1899 tatos
796 1858 955 1913 esse,
1008 1843 1246 1904 centies
1287 1842 1513 1920 legitur
1566 1844 1671 1925 (4).
1723 1846 1770 1905 Ε
1820 1846 2051 1925 quibus
2090 1847 2154 1921 ii,

578 1939 683 2020 qui
738 1942 1205 2018 resuscitantur,
1261 1951 1329 2006 ut
1385 1946 1763 2025 baptismum
1820 1948 2154 2027 accipiant,

577 2039 675 2101 vel
705 2040 873 2101 aliud
899 2041 1052 2122 ipsis
1078 2043 1290 2107 aliisve
1320 2045 1470 2108 utile
1492 2064 1656 2127 Opus
1685 2054 2008 2127 peragant,
2044 2066 2154 2109 ex-

576 2139 749 2220 pleto
787 2141 911 2204 hoc
952 2160 1215 2207 munere
1247 2147 1453 2209 statim
1483 2147 1693 2212 denuo
1714 2149 1873 2210 mori
1908 2148 2153 2223 solent;

576 2243 771 2304 ceteri
821 2261 1010 2327 saepe
1068 2252 1176 2325 56
1218 2246 1478 2326 longum
1532 2249 1720 2311 etiam
1768 2256 2019 2330 tempus
2063 2250 2155 2311 vi-

578 2351 729 2405 vunt
787 2344 892 2426 (5).
976 2347 1099 2409 Sed
1154 2356 1437 2411 mortuos
1494 2350 1575 2412 ad
1637 2351 2157 2431 respondendum

575 2454 867 2506 evocatos
887 2464 1025 2508 esse
1055 2465 1194 2510 raro
1211 2449 1547 2511 invenitur.
1575 2451 1877 2512 Macarius
1904 2455 2155 2529 Aegyp-

571 2543 694 2605 tius
729 2545 889 2608 duos
914 2547 1068 2609 alios
1092 2548 1444 2623 defunctos,
1480 2567 1609 2611 non
1640 2551 1921 2630 quidem,
1954 2556 2023 2612 ut
2052 2567 2153 2612 re-

570 2655 925 2723 surgerem,
979 2650 1091 2711 sed
1129 2657 1199 2712 ut
1252 2668 1285 2712 e
1334 2652 1576 2714 tumulo
1618 2653 1737 2714 sibi
1772 2652 1850 2715 ad
1888 2652 2158 2714 interro-

572 2750 710 2821 gata
746 2746 1226 2826 responderent,
1254 2749 1535 2827 coegisse
1566 2747 1673 2828 (6),
1708 2754 1895 2827 atque
1937 2746 2148 2822 etiam,

567 2853 637 2905 ut
657 2846 937 2907 cranium
965 2848 1228 2910 alicuius
1251 2848 1551 2921 defuncti,
1575 2848 1747 2929 quod
1776 2866 1968 2929 super
1987 2854 2153 2909 terra

567 2943 829 3020 invenit,
853 2946 971 3007 sibi
1003 2947 1079 3007 de
1103 2947 1328 3029 poenis
1348 2946 1579 3010 inferni
1606 2947 1979 3028 loqueretur
2035 2947 2146 3029 (7),

570 3044 856 3107 effecisse
910 3046 1127 3108 fertur.
1189 3050 1469 3112 Mortuus
1504 3065 1654 3110 vero
1689 3049 1767 3109 ad
1805 3064 2147 3127 corporum

2278 537 2533 618 quando
2554 544 2616 599 et
2642 556 2767 618 qua
2797 538 3003 601 oblata
3034 538 3368 601 occasione
3402 539 3465 599 id
3490 540 3747 601 factum
3788 544 3893 615 sit,

2275 638 2468 713 addit,
2511 639 2875 713 credideris,
2909 639 3108 700 varias
3144 638 3221 699 de
3256 638 3376 700 hoc
3417 641 3726 718 prodigio
3765 641 3892 701 iam

2273 735 2398 797 illis
2421 736 2680 798 Palladii
2703 737 3095 817 temporibus
3132 738 3439 798 exstitisse
3475 741 3896 801 narrationes

2274 856 2659 919 magnOpere
2680 839 2842 901 inter
2871 856 2937 902 se
2969 838 3421 917 discrepantes.
3452 841 3629 911 Quae
3664 841 3722 899 si
3757 858 3892 901 non

2274 943 2674 1018 exstitissent,
2697 943 3009 1006 Palladius
3036 942 3358 1003 historiam
3392 943 3681 1023 prodigii
3717 942 3894 1003 haud

2272 1043 2607 1105 omisisset.

2354 1146 2380 1217 §
2421 1143 2511 1205 15.
2550 1146 2638 1205 De
2686 1144 2796 1207 illo
2843 1145 3268 1219 adolescente,
3303 1146 3409 1226 qui
3458 1152 3586 1207 tam
3639 1147 3891 1211 multos

2270 1260 2466 1323 panes
2484 1245 2855 1307 comedebat
2874 1247 3175 1327 cibosque
3194 1263 3484 1309 comesos
3504 1249 3886 1321 evomebat,

2269 1359 2305 1403 a
2354 1344 2621 1406 Macario
2678 1346 2987 1425 Aegyptio
3046 1354 3262 1408 sanato
3321 1346 3493 1409 solus
3546 1347 3888 1409 Palladius

2268 1443 2476 1505 tradit.
2509 1445 2847 1507 Hominem
2876 1446 3207 1522 illustrem,
3241 1448 3350 1527 qui
3376 1466 3410 1509 a
3432 1449 3761 1512 daemone
3791 1450 3890 1511 fu-

2268 1544 2436 1607 rioso
2458 1546 2561 1617 57
2582 1554 2927 1627 occupatus
2954 1550 3187 1629 pariter
3208 1551 3465 1631 prepria
3488 1552 3885 1615 comedebat

2270 1652 2693 1723 excrementa,
2742 1648 2979 1708 sanavit
3023 1650 3083 1709 S.
3120 1652 3427 1712 Antonius
3478 1651 3590 1732 (9).
3648 1655 3885 1715 Mulier

2268 1744 2598 1820 quaedam,
2634 1764 2796 1826 quae
2842 1749 3123 1827 quotidie
3164 1750 3414 1829 triginta
3450 1753 3729 1830 gallinas
3764 1772 3876 1816 co-

2264 1844 2557 1907 medebat
2605 1866 2812 1928 neque
2858 1850 2981 1911 cibi
3026 1852 3381 1914 aviditatem
3435 1854 3706 1934 explere
3756 1874 3878 1934 po-

2260 1949 2448 2020 terat,
2498 1956 2711 2009 sanata
2755 1956 2849 2010 est
2874 1967 2909 2010 a
2939 1951 3385 2015 S.Macedonio
3425 1950 3574 2034 (10).
3630 1955 3875 2017 Adole-

2260 2047 2459 2107 scenti
2506 2047 2607 2110 isti
2637 2052 2926 2113 morbum
2956 2054 3185 2132 ingerit
3222 2055 3492 2117 daemon
3530 2056 3873 2136 ingluviei,

2260 2144 2371 2223 qui
2410 2162 2487 2206 ex
2522 2148 2743 2209 ordine
2779 2156 2870 2210 est
2905 2170 3148 2226 eorum,
3182 2154 3291 2233 qui
3322 2154 3493 2231 ignei
3524 2164 3867 2218 vocantur.

2257 2246 2330 2305 Ιιι
2359 2245 2481 2307 vita
2519 2249 2578 2309 S.
2628 2252 2904 2325 Antonii,
2958 2253 3063 2313 ubi
3110 2252 3189 2315 de
3233 2253 3660 2317 daemonibus
3694 2257 3872 2336 large

2259 2345 2584 2409 disseritur
2603 2349 2653 2428 (1
2672 2349 2749 2429 i),
2780 2350 2939 2413 ordo
2959 2353 3214 2431 quidem
3244 2354 3577 2432 igneorum
3605 2357 3871 2420 daemo-

2258 2464 2411 2508 num
2442 2466 2571 2510 non
2602 2451 3025 2531 distinguitur.
3065 2457 3152 2517 De
3196 2457 3493 2535 gradibus
3519 2477 3678 2521 vero
3710 2460 3867 2521 dae-

2257 2570 2518 2615 monum
2547 2557 2829 2619 scribens
2855 2559 3237 2622 Trithemius
3269 2578 3283 2621 :
3319 2586 3347 2617 «
3377 2562 3569 2624 Multa
3600 2564 3804 2637 enim.
3837 2590 3863 2618 υ

2253 2651 2482 2733 inquit,
2511 2664 2702 2718 «sunt
2731 2676 2962 2736 genera
2979 2660 3385 2737 daemonum,
3410 2667 3469 2725 et
3486 2665 3683 2726 certis
3699 2666 3867 2725 inter

2256 2767 2324 2813 sc
2359 2754 2654 2830 gradibus
2690 2757 2942 2833 distant,
2973 2760 3214 2822 ratione
3244 2760 3554 2837 locorum,
3591 2764 3665 2823 in
3697 2781 3863 2843 quae

2255 2852 2553 2917 cadentes
2600 2873 2636 2918 a
2686 2858 3001 2939 principio
3063 2867 3210 2922 sunt
3260 2862 3519 2924 detrusi.
3570 2866 3861 2926 Primum

2254 2950 2509 3029 quidem
2550 2971 2750 3031 genus
2777 2956 3162 3021 daemonum
3184 2961 3541 3040 appellatur
3564 2963 3854 3041 igneum.

2254 3051 2433 3123 Quod
2488 3054 2654 3117 circa
2707 3058 3102 3136 superiorem
3166 3069 3541 3141 pervagatur
3604 3082 3851 3135 aerem,

566 3146 1094 3208 resurrectionem
1128 3148 1521 3227 probandam
1568 3147 1970 3211 resuscitatus
2008 3164 2145 3208 esse
2175 3141 2217 3199 C
2250 3167 2368 3212 nec
2416 3170 2699 3234 unquam
2748 3165 2894 3220 ante
2942 3159 3162 3223 iudicii
3208 3162 3376 3225 diem
3427 3163 3503 3225 ad
3545 3166 3855 3227 inferiora

564 3242 631 3306 in
686 3246 808 3307 vita
852 3248 914 3307 S.
971 3248 1221 3310 Patricii
1267 3266 1524 3329 quoque
1587 3249 1777 3328 plane
1834 3245 2147 3310 consimili

563 3344 755 3405 modo
808 3346 1073 3409 traditur
1151 3346 1257 3429 (8).
1326 3348 1481 3422 Quia
1533 3348 1847 3412 Palladius
1912 3351 2141 3421 narrat,

564 3450 957 3506 constantem
984 3447 1049 3507 in
1072 3447 1410 3510 solitudine
1425 3448 1655 3510 famam
1672 3448 1863 3509 fuisse
1881 3447 1959 3509 de
1981 3464 2145 3509 mor-

562 3545 696 3617 tuo,
729 3560 919 3622 quem
941 3547 1244 3609 Macarius
1274 3548 1679 3624 resuscitarit,
1709 3555 1780 3610 ut
1801 3564 2143 3627 corporum

560 3699 619 3753 p.
653 3685 754 3738 747
792 3702 912 3757 sqq.
943 3685 1090 3743 Sauli
1124 3687 1429 3746 Samuelem
1451 3707 1578 3747 vere
1610 3691 1931 3764 apparuisse
1964 3689 2155 3747 docuit

559 3772 761 3830 Justin.
798 3774 962 3848 Resp.
996 3780 1061 3835 ad
1089 3778 1311 3846 Quaest.
1344 3783 1415 3837 52
1447 3781 1695 3849 Quaestt.
1741 3784 2041 3839 Christian.

631 3867 708 3936 (1)
741 3866 800 3921 S.
835 3868 1122 3940 Chrysost.
1166 3872 1357 3926 homil.
1408 3874 1477 3928 ‘29
1528 3874 1583 3928 in
1615 3873 1832 3939 Matth.,
1876 3874 2016 3946 Opp.
2056 3874 2145 3930 ed.

564 3955 920 4014 Montfaucon
937 3961 999 4015 Τ.
1026 3960 1116 4015 VII
1146 3978 1200 4033 p.
1226 3963 1333 4019 366
1359 3981 1504 4035 sqq.,
1528 3964 1586 4020 S.
1609 3967 1750 4039 Aug.
1773 3967 1842 4023 de
1870 3969 2033 4024 Civit.
2051 3970 2147 4025 Dei

562 4047 661 4103 lib.
682 4048 750 4113 Χ,
779 4049 812 4103 9
843 4066 962 4119 sqq.
991 4060 1045 4105 et
1068 4054 1294 4122 passim.
1327 4054 1413 4109 Cf.
1450 4055 1653 4118 Justin.
1680 4060 1839 4129 Apol.
1872 4060 1920 4114 ll
1951 4076 2074 4132 cap.
2114 4062 2149 4117 5

560 4154 683 4209 sqq.
712 4141 797 4195 ed.
851 4141 1029 4199 Paris.
1072 4144 1212 4199 1658
1246 4162 1301 4217 p.
1346 4147 1415 4203 65
1466 4165 1615 4220 sqq.,
1662 4150 1753 4206 ed.
1812 4151 1942 4206 Otto
1986 4154 2147 4211 lenae

560 4229 699 4283 i8-t2
724 4229 825 4287 T.i
853 4248 907 4303 p.
943 4233 1048 4289 295
1075 4250 1232 4307 sqq.;
1265 4236 1413 4311 Orig.
1443 4251 1632 4296 contra
1655 4240 1874 4301 Celsum
1905 4242 1949 4314 Ι,
1992 4245 2063 4303 68
2091 4254 2146 4303 et

559 4336 783 4391 passun.

628 4413 704 4483 (Ξ)
759 4414 987 4473 Michael
1040 4417 1238 4492 Glycas
1284 4422 1472 4480 anna].
1514 4422 1652 4481 Pars
1706 4423 1776 4482 IV
1839 4428 1927 4485 ed.
1960 4426 2134 4485 Bonn.

557 4518 610 4572 p.
642 4504 764 4560 550.

622 4595 700 4667 (ὅ)
755 4596 820 4653 Η.
869 4598 1108 4657 Dantzer
1140 4601 1239 4659 Die
1284 4602 1423 4676 Sage
1457 4620 1565 4662 von
1611 4606 1812 4664 Doctor
1852 4608 2133 4670 Iohannes

552 4689 722 4747 Faust
753 4708 807 4763 p.
842 4694 974 4765 175;
998 4695 1073 4751 cf.
1108 4697 1240 4754 ibid.
1282 4699 1467 4771 p.159
1499 4717 1621 4774 sqq.
1648 4703 1828 4761 Deirio
1867 4706 2153 4778 Disquisit-

552 4784 748 4855 magic.
781 4785 818 4839 l.
843 4785 883 4840 i.

619 4878 695 4945 (4)
720 4876 779 4933 in
810 4880 985 4936 indice
1008 4882 1203 4937 morati
1239 4883 1485 4943 cuiusvis
1529 4886 1645 4943 fere
1688 4889 1823 4944 tomi
1863 4890 1977 4944 LA.
2022 4888 2123 4947 SS.

547 4965 683 5021 Boil.
720 4986 767 5023 s.
801 4988 853 5026 v.
881 4984 1124 5028 mortuus
1144 4976 1377 5045 plurima
1401 4980 1646 5051 exempla
1671 4980 1985 5037 laudantur.

619 5055 693 5126 (ὃ)
726 5057 971 5118 Mortuus
997 5064 1326 5130 monachus,
1359 5079 1389 5120 a
1418 5064 1476 5121 S.
1509 5068 1790 5139 Comgaiio
1825 5073 2123 5129 resuscita-

545 5159 656 5215 tus,
688 5152 1000 5219 quindecim
1032 5164 1225 5228 postea
1260 5174 1438 5221 annos
1478 5160 1636 5217 vixit.
1674 5162 1789 5218 AA.
1838 5162 1940 5221 SS.
1978 5163 2119 5226 Boii.

541 5241 670 5297 Mai.
703 5240 765 5297 T.
800 5242 841 5297 li
876 5260 931 5314 p.
961 5247 1086 5314 581,
1110 5250 1166 5307 d.

613 5333 695 5404 (6)
723 5334 807 5390 Cf.
840 5335 985 5391 infra
1013 5339 1202 5411 Capita
1231 5341 1299 5397 iV
1328 5352 1384 5401 et
1405 5343 1494 5400 Vl.

611 5424 693 5490 (7)
723 5425 807 5481 Cf.
840 5427 984 5482 infra
1011 5428 1188 5499 Caput
1218 5431 1308 5488 Vl.

611 5517 687 5586 (8)
720 5518 978 5585 Patricio.
1012 5523 1307 5582 Hiberniae
1335 5533 1607 5600 apostolo,
1656 5536 1900 5607 regulus,
1950 5553 2113 5607 quem

2252 3250 2660 3334 demergitur,
2694 3260 2805 3322 sed
2830 3262 3133 3325 continuo
3164 3266 3280 3327 sub
3312 3265 3684 3344 regionibus
3714 3285 3854 3348 per-

2249 3362 2577 3418 manentes
2610 3357 2936 3422 lunaribus
2970 3361 3216 3424 nullum
3262 3362 3496 3426 habent
3534 3383 3685 3427 cum
3728 3366 3847 3427 ho-

2248 3451 2525 3517 minibus
2545 3456 2610 3518 in
2640 3466 2803 3523 terra
2823 3463 3468 3545 commercium(12).»
3495 3468 3698 3539 Quam
3720 3467 3851 3528 Tri-

2248 3549 2473 3617 themii
2522 3557 3017 3641 descriptionem
3075 3565 3411 3643 igneorum
3459 3568 3849 3633 daemonum

2256 3710 2403 3752 rum.
2442 3718 2460 3751 ι
2505 3698 2780 3760 Patricius
2811 3721 2935 3761 cum
2965 3708 3157 3778 regulo
3179 3719 3233 3765 et
3258 3710 3416 3781 plebe
3444 3712 3616 3767 multa
3655 3713 3722 3768 ad
3760 3720 3845 3767 tu-

2249 3789 2459 3845 mulum
2492 3797 2750 3851 accessit.
2782 3796 2953 3863 Quem
2978 3813 3105 3853 cum
3154 3800 3353 3855 baculo
3388 3800 3517 3857 Jesu
3567 3804 3844 3875 signasset

2251 3881 2594 3957 humumque
2624 3890 2743 3944 erui
2775 3890 3024 3958 fecisset,
3060 3892 3206 3947 facta
3253 3895 3502 3950 oratione
3556 3896 3835 3951 hominem

2249 3974 2304 4029 in
2356 3979 2777 4038 admirationem
2819 3987 3065 4039 omnium
3103 3994 3159 4041 et
3199 3986 3675 4044 conﬁrmationem
3719 3988 3839 4042 fidei

2247 4069 2549 4125 catholicae
2579 4075 2950 4129 resuscitavit.
2984 4075 3087 4141 Qui
3121 4091 3330 4147 poenas
3356 4077 3555 4133 inferni
3588 4087 3834 4140 enarrat,

2246 4158 2558 4229 baptizatur
2583 4172 2638 4219 et
2676 4166 3009 4222 eucitaristia
3044 4178 3301 4239 percepta
3343 4169 3399 4223 in
3424 4170 3616 4225 eodem
3659 4170 3837 4241 sepul-

2244 4250 2381 4307 chro
2420 4254 2477 4309 in
2521 4254 2752 4313 Domino
2790 4260 3013 4314 dormit.
3073 4258 3263 4331 Neque
3286 4262 3578 4332 quisquam
3619 4277 3831 4323 eorum,

2243 4346 2335 4415 qui
2372 4346 2620 4415 aderant,
2659 4350 2727 4406 de
2753 4354 3166 4411 resurrectione
3209 4366 3552 4412 mortuorum
3599 4358 3832 4428 amplius

2243 4435 2531 4495 dubitavit.
2566 4439 2677 4494 AA.
2715 4440 2816 4498 SS.
2843 4442 2979 4498 Boii.
3013 4443 3172 4500 Mart.
3208 4444 3272 4500 T.
3301 4445 3343 4501 ll
3391 4463 3445 4517 p.
3479 4447 3608 4511 557,
3654 4463 3706 4502 e.
3743 4447 3827 4507 At.

2169 4530 2217 4590 D
2242 4529 2478 4598 inquies,
2503 4535 2776 4602 quomodo
2793 4534 2975 4602 homo,
2994 4538 3086 4609 qui
3102 4554 3308 4608 poenas
3325 4538 3524 4593 inferni
3548 4540 3826 4598 sustinuit,

2243 4621 2534 4692 baptizari,
2571 4627 2963 4682 eucharistiam
2991 4631 3275 4701 percipere
3296 4638 3351 4688 et
3374 4632 3577 4687 salvari
3610 4628 3830 4703 potest?

2238 4713 2441 4772 Eadem
2490 4718 2785 4777 difﬁcultas
2827 4721 2993 4777 etiam
3043 4723 3100 4778 in
3142 4725 3459 4779 narratione
3515 4724 3584 4779 de
3613 4724 3823 4785 cranio,

2238 4810 2385 4878 quod
2415 4809 2650 4866 Macario
2677 4812 2944 4885 Aegyptio
2982 4814 3048 4869 de
3097 4817 3288 4887 poenis
3324 4817 3526 4872 inferni
3561 4819 3819 4889 loquitur.

2234 4902 2500 4956 occurrit.
2531 4903 2607 4958 De
2631 4919 2740 4974 qua
2770 4906 2914 4960 inira
2942 4906 3074 4977 Cap.
3110 4906 3193 4961 Vl.
3240 4906 3348 4963 Sed
3382 4908 3605 4964 Patricii
3642 4908 3823 4981 prodi-

2230 4992 2380 5061 gium
2410 4993 2511 5057 illi,
2539 4995 2687 5065 quod
2738 4997 2793 5050 in
2848 4999 3231 5056 resuscitando
3292 5009 3509 5057 mortuo
3552 5000 3820 5059 Macarius

2228 5081 2418 5150 edidit,
2450 5086 2784 5141 simillimum
2813 5096 2917 5143 est.

2303 5174 2380 5245 (9)
2418 5174 2526 5229 Vit.
2557 5176 2615 5231 S.
2655 5178 2901 5245 Antonii,
2933 5180 3045 5235 VV.
3080 5181 3183 5237 PP.
3224 5182 3412 5241 Rosw.
3450 5200 3573 5255 cap.
3611 5184 3702 5251 '56,
3756 5180 3811 5236 S.

2226 5265 2429 5319 Athan.
2464 5264 2603 5336 Opp.
2629 5283 2746 5337 cap.
2782 5269 2851 5324 64
2883 5287 2935 5341 p.
2965 5271 3086 5327 674.

2297 5356 2409 5428 (10)
2441 5355 2556 5413 VV.
2582 5358 2687 5415 PP.
2708 5360 2893 5418 Rosw.
2925 5364 3017 5417 lib.
3061 5362 3129 5418 ix
3150 5380 3271 5436 cap.
3294 5367 3359 5421 15
3386 5384 3438 5437 p.
3477 5368 3602 5433 8'50,
3636 5368 3686 5421 1.

2294 5452 2409 5522 (11)
2440 5450 2562 5505 Vita
2587 5451 2908 5520 S.Antonii,
2934 5455 2991 5510 S.
3019 5459 3217 5512 Athan.
3249 5458 3387 5530 Opp.
3415 5477 3537 5531 cap.
3577 5465 3803 5520 22—43.

2295 5546 2405 5616 (12)
2429 5544 2514 5601 Jo.
2544 5545 2832 5602 Trithemii
2854 5548 3114 5605 Lib.octo
3137 5555 3520 5622 quaestionum
3550 5560 3616 5612 ad
3642 5558 3804 5613 Maxi-

539 5610 890 5721 bapitizarate
931 5615 1089 5677 «Sin
1146 5619 1344 5689 inquit,
1379 5642 1397 5675 ‹
1430 5640 1590 5679 avum
1631 5644 1815 5704 meum
1855 5646 1886 5685 a
1921 5631 2114 5687 diebus
2218 5610 2505 5693 miliarium
2530 5640 2821 5696 Caesarem
2856 5659 2910 5713 q.
2949 5644 3033 5699 γι.
3069 5610 3358 5711 (ἶῖ..001ΐὶ0
3377 5651 3660 5721 Disquisit.
3684 5665 3803 5708 ma-

542 5702 729 5755 multis
765 5704 1128 5763 incineratum
1167 5718 1587 5773 resuscitavcris
1638 5702 1693 5772 in
1734 5721 1934 5777 virtu-te
1981 5720 2111 5778 Jesu

538 5788 766 5860 Christi,
822 5796 1048 5858 ﬁrmiter
1089 5802 1307 5861 credam
1356 5809 1816 5867 resurrectionem
1865 5822 2110 5871 mortuo-

2228 5730 2334 5803 gic.
2360 5732 2457 5789 lib.
2484 5731 2527 5787 ll
2550 5731 2613 5799 Ω.
2640 5733 2711 5787 27
2735 5732 2883 5791 Sect.
2914 5736 2969 5791 2.
