4046 6466
212 427 252 483 δῖ
1830 423 2062 480 VITAE.
3512 418 3581 473 58

216 544 443 607 maxima
478 562 567 605 ex
603 553 835 626 parte
871 550 1128 615 falsam
1160 567 1294 615 esse
1325 550 1489 611 bene
1517 546 1726 610 Dclrio
1752 545 1884 609 ani-
1911 550 1957 605 Α
1987 551 2049 604 te
2083 539 2230 623 (10).
2256 536 2613 619 Evagrium,
2644 538 2709 601 in
2753 543 2968 600 monte
2991 535 3224 598 Nitriae
3243 549 3440 615 quum
3462 532 3580 595 ha-

221 647 549 721 madvertit,
584 650 718 728 qui
786 660 1045 716 tamen
1105 652 1424 726 concedit,
1469 650 1692 728 igneos
1736 647 1884 709 ideo

230 750 407 812 vocari
432 748 873 827 daemones,
914 755 1080 833 quia
1108 754 1173 815 in
1209 752 1369 815 aeris
1400 751 1659 828 regione
1688 764 1883 827 supe-

236 852 371 912 riore
409 858 753 911 maneant
792 850 923 933 (1).
969 853 1098 914 Sed
1138 851 1448 915 Palladius
1483 850 1883 924 daemonem,

247 953 340 1031 qui
361 949 889 1015 adolescentem
922 954 1117 1015 istum
1140 952 1429 1031 agitabat,
1449 952 1709 1029 igneum
1737 949 1884 1033 ideo

252 1059 428 1123 vocat,
459 1049 622 1129 quia
674 1050 855 1125 cibi,
906 1070 1077 1131 quos
1114 1050 1335 1113 infelix
1373 1049 1492 1111 iste
1531 1048 1883 1123 evomebat,

268 1161 532 1232 tanquam
557 1153 731 1230 igne
765 1153 1359 1225 consumebantur;
1390 1166 1585 1229 quare
1615 1148 1885 1209 daemon

278 1255 360 1316 ille
388 1260 652 1335 prepter
682 1263 1005 1318 naturam
1036 1272 1235 1329 suam,
1268 1269 1431 1334 quae
1460 1252 1590 1330 igni
1623 1266 1885 1329 compa-

284 1357 385 1417 rari
411 1361 645 1436 potest,
681 1373 920 1437 neque
950 1362 1213 1437 prOpter
1239 1370 1417 1416 suam
1447 1353 1513 1413 in
1543 1368 1688 1414 aere
1714 1350 1890 1413 habi-

278 1458 562 1518 tationem
604 1457 862 1536 igneus
900 1462 1180 1519 vocatur.
1214 1454 1597 1517 Adolescens
1622 1450 1888 1514 vinculis

286 1559 598 1621 adstrictus
647 1558 738 1619 ad
781 1558 1133 1620 Macarium
1178 1555 1455 1628 ducitur;
1496 1551 1889 1615 daemoniaci

290 1661 457 1733 enim,
510 1677 596 1721 ne
650 1666 966 1733 noceant,
1014 1656 1278 1721 vinculis
1323 1656 1670 1735 constringi
1720 1654 1887 1718 sole-

296 1762 424 1828 Iant
458 1760 567 1841 (2).

366 1867 390 1935 ξ
422 1862 513 1923 16.
538 1864 589 1923 Ε
618 1862 843 1924 verbis
874 1860 1148 1941 denique
1180 1858 1461 1934 Palladii,
1494 1859 1722 1940 quibus
1751 1874 1891 1920 nar-

284 1965 590 2026 rationem
622 1964 737 2026 ille
774 1964 855 2024 de
896 1960 1164 2024 Macario
1194 1960 1504 2040 Aegyptio
1548 1958 1892 2034 concludit,

283 2066 543 2144 quando
573 2065 681 2128 hic
714 2064 1025 2126 Macarius
1053 2068 1341 2125 mortuus
1371 2062 1469 2136 sit,
1496 2061 1893 2123 deﬁniamus.

284 2168 644 2229 Palladius:
677 2191 706 2222 «
735 2168 896 2245 Ego,
925 2189 954 2223 υ
984 2166 1211 2247 inquit,
1249 2189 1276 2221 «
1304 2171 1588 2227 sanctum
1612 2162 1749 2242 ipse
1790 2160 1899 2231 58

285 2284 415 2328 non
443 2266 760 2340 conveni;
785 2283 953 2328 anno
982 2265 1173 2340 enim,
1207 2270 1545 2343 antequam
1573 2262 1640 2323 in
1674 2260 1897 2323 solitu-

293 2369 501 2429 dinem
524 2366 963 2445 ingrediebar,
984 2365 1223 2427 obierat
1240 2362 1345 2444 (3).
1366 2386 1394 2420 ››
1420 2364 1606 2439 Ergo,
1638 2358 1894 2439 quando

300 2467 615 2528 Palladius
638 2466 1048 2528 solitudinem
1080 2466 1400 2544 ingressus
1422 2465 1520 2539 sit,
1553 2463 1896 2544 quaeritur.

298 2569 435 2644 Ipse
484 2584 556 2627 se
611 2562 1058 2626 Alexandriam
1106 2564 1350 2625 venisse
1383 2562 1575 2624 refert
1619 2561 1900 2624 secundo

296 2667 634 2729 consulatu
678 2665 1019 2728 Theodosii
1064 2664 1270 2742 Magni
1316 2662 1423 2743 (4).
1460 2665 1653 2736 Quem
1713 2660 1904 2739 gessit

293 2769 723 2839 Theodosius,
758 2766 932 2827 fastis
967 2765 1403 2828 consularibus
1437 2764 1725 2838 testibus,
1766 2763 1902 2827 col-

298 2870 429 2947 lega
461 2870 553 2929 ΡΙ.
587 2868 893 2948 Cynegio,
928 2884 1095 2929 anno
1128 2866 1268 2927 Chr.
1304 2866 1417 2927 388
1452 2865 1558 2947 (5).
1590 2864 1905 2926 Palladius

302 2972 375 3031 ab
414 2970 668 3031 Isidoro
720 2966 1098 3030 xenodocho
1143 2966 1443 3029 Dorothei
1475 2967 1665 3040 senis,
1702 2982 1905 3045 prepe

304 3071 751 3133 Alexandriam
807 3069 1175 3144 habitantis,
1224 3068 1595 3149 disciplinae
1641 3066 1906 3128 traditus

307 3182 414 3249 est,
448 3191 651 3254 quam
675 3189 807 3235 non
836 3177 1001 3233 totos
1029 3178 1153 3233 tres
1176 3189 1378 3234 annos
1409 3169 1726 3243 sustinuit,
1758 3169 1906 3250 quia

1992 645 2252 707 bitasset
2284 643 2635 715 biennium,
2661 642 2846 703 tertio
2870 657 3038 702 anno
3062 640 3421 717 ingressum
3446 652 3587 699 esse

1992 744 2179 807 tradit
2209 743 2612 805 solitudinem
2642 740 2788 824 (11).
2833 741 3014 802 Unde
3042 740 3207 809 inter
3243 738 3583 809 adventum

1991 844 2060 906 in
2092 851 2307 906 monte
2348 850 2408 904 ct
2437 843 2775 904 adventum
2803 841 2870 902 in
2900 838 3239 902 solitudine
3272 836 3587 899 Palladius

1991 945 2131 1024 ipse
2161 943 2546 1019 distinguere
2575 942 2843 1003 videtur.
2874 940 3053 1014 Quod
3086 938 3428 1001 Bollandus
3457 944 3586 1000 sta-

1990 1046 2109 1107 tuit
2123 1044 2241 1125 (12)
2256 1094 2269 1117 ,
2283 1043 2720 1105 Tillemontius
2738 1044 2805 1105 in
2818 1044 3112 1121 ambiguo
3127 1042 3486 1123 relinquere
3499 1041 3590 1101 vi-

1995 1144 2805 1226 detur(13).AcBollandum
2818 1146 3017 1207 secuti
3036 1147 3423 1207 suntCaveus
3440 1142 3587 1225 (14),

1992 1243 2793 1327 Possinus(15),Fabricius
2813 1245 2960 1327 (16),
2976 1245 3087 1317 59
3107 1246 3185 1308 de
3202 1245 3417 1307 Nessel
3441 1246 3589 1327 (17),

1992 1348 2218 1411 Pritius
2251 1347 2397 1430 (18).
2433 1348 2554 1410 Sed
2582 1366 2734 1410 num
2762 1354 2934 1410 recte
2964 1348 3226 1411 omnino
3255 1346 3590 1420 senserint,

1994 1450 2269 1526 ambigo.
2299 1449 2419 1510 Vix
2453 1448 2624 1511 enim
2656 1449 2918 1512 dubium
2959 1466 3099 1512 esse
3138 1448 3405 1524 videtur,
3437 1448 3592 1527 quin

1994 1552 2311 1615 Palladius
2359 1552 2572 1616 dicere
2622 1552 2917 1629 voluerit,
2991 1553 3332 1616 Macarium
3386 1556 3593 1630 Aegy-

1994 1654 2197 1734 ptium
2225 1674 2389 1715 anno
2420 1663 2755 1736 antequam
2782 1657 2913 1735 ipse
2927 1654 3367 1733 illasregiones
3397 1672 3597 1713 acces-

1996 1757 2153 1817 serit
2188 1756 2444 1818 obiisse.
2475 1759 2678 1836 Atque
2707 1772 2893 1817 mons
2921 1756 3155 1818 Nitriae
3184 1755 3345 1817 Sceti
3380 1755 3599 1816 solitu-

1997 1856 2129 1917 dini
2148 1857 2570 1936 prepinquior
2596 1857 2735 1934 fuit,
2767 1874 2957 1937 quam
2987 1856 3259 1919 Cellulae
3290 1856 3446 1936 (19);
3478 1874 3595 1916 ne-

1999 1975 2156 2038 que,
2208 1976 2320 2020 cur
2364 1958 2676 2021 Palladius
2718 1977 2953 2021 annum
3006 1960 3228 2022 mortis
3270 1959 3521 2021 Macarii
3562 1976 3595 2019 a

1999 2065 2289 2140 tempore
2320 2062 2624 2123 adventus
2656 2063 2752 2124 sui
2779 2063 2845 2124 in
2870 2062 3122 2125 Cellulis
3148 2061 3483 2131 deﬁnierit,
3505 2060 3600 2121 in-

1998 2161 2322 2241 telligitur.
2360 2164 2636 2238 Accedit,
2672 2164 2844 2243 quod
2875 2160 3189 2225 Palladius
3217 2162 3383 2223 inter
3410 2178 3597 2222 mon-

1999 2268 2129 2324 tem
2158 2263 2390 2327 Nitriae
2422 2270 2483 2326 et
2513 2266 2801 2326 intimam
2824 2265 3225 2327 solitudinem
3250 2263 3597 2341 distinguit,

2002 2378 2200 2441 quare
2232 2364 2502 2426 adventu
2532 2366 2599 2427 in
2630 2366 2971 2428 solitudine
3012 2367 3351 2428 adventum
3389 2366 3456 2427 in
3487 2367 3598 2426 Ni-

2002 2462 2119 2523 tria
2167 2463 2507 2541 signiﬁcari
2552 2454 2884 2546 probabile
2931 2472 3045 2528 est.
3090 2468 3218 2529 Nec
3256 2466 3600 2529 Palladium

2005 2562 2217 2626 dicere
2265 2565 2570 2641 voluisse,
2618 2567 2957 2629 Macarium
3004 2568 3384 2648 Aegyptium
3432 2586 3601 2632 anno

2003 2674 2344 2746 antequam
2384 2668 2524 2748 ipse
2571 2668 2639 2728 in
2683 2667 3086 2729 solitudinem
3124 2671 3326 2730 Scetis
3365 2671 3605 2731 venerit

2005 2800 2082 2809 —
2103 2782 2250 2827 nam
2273 2766 2586 2829 Palladius
2606 2767 3010 2829 solitudinem
3042 2770 3241 2829 Sectis
3271 2768 3366 2829 bis
3393 2770 3604 2830 invisit

2008 2902 2083 2912 --—
2105 2868 2364 2944 obiisse,
2395 2869 2579 2932 facile
2610 2868 2862 2944 credes;
2895 2868 2959 2930 id
2993 2870 3161 2931 enim
3190 2869 3450 2931 Palladii
3472 2890 3608 2932 ver-

2008 2968 2107 3031 bis
2137 2987 2268 3031 non
2302 2971 2488 3032 inest.

2090 3072 2291 3145 Quare
2321 3069 2715 3152 probabilior
2745 3071 3055 3133 sententia
3076 3069 3232 3133 haec
3264 3089 3403 3133 esse
3428 3070 3605 3132 vide-

2009 3178 2143 3248 tur,
2208 3173 2548 3235 Maearium
2610 3172 2990 3252 Aegyptium
3044 3188 3210 3233 anno
3268 3178 3609 3252 antequam

304 3277 363 3336 in
410 3276 716 3337 morbum
765 3273 1204 3336 vehementem
1262 3273 1483 3336 incidit
1527 3272 1635 3353 (6).
1682 3273 1907 3335 Tribus
1934 3266 1977 3324 C
2011 3271 2326 3334 Palladius
2353 3273 2420 3333 in
2449 3277 2734 3333 montem
2777 3271 3011 3332 Nitriae
3041 3272 3233 3346 venit,
3266 3271 3311 3332 i.
3346 3288 3403 3333 e.
3440 3289 3610 3333 anno

304 3396 449 3441 vero
482 3378 673 3440 annis
706 3378 773 3438 in
811 3375 1228 3449 monasteriis,
1266 3390 1431 3455 quae
1480 3375 1718 3436 circum
1757 3373 1903 3435 Ale-

310 3477 635 3540 xandriam
669 3482 867 3549 erant,
890 3474 1161 3556 peractis
1188 3475 1253 3536 in
1282 3478 1565 3536 montem
1586 3473 1818 3535 Nitriae
1840 3490 1908 3534 se

308 3575 601 3649 contulit,
630 3574 744 3636 ubi
771 3591 1006 3636 annum
1037 3574 1351 3653 integrum
1377 3572 1569 3651 degit.
1603 3573 1763 3633 Tum
1791 3572 1905 3634 de-

308 3696 477 3738 mum
512 3677 581 3738 in
619 3678 908 3737 intimam
949 3676 1375 3749 solitudinem,
1421 3690 1547 3753 qua
1582 3672 1769 3735 Cellia
1797 3690 1911 3735 seu

307 3777 578 3839 Cellulae
608 3775 1045 3853 signiﬁcantur
1079 3776 1187 3857 (7),
1211 3775 1381 3836 venit
1406 3774 1514 3855 (8).
1543 3776 1726 3852 Ergo,
1755 3793 1909 3837 num

312 3880 467 3939 inter
498 3875 765 3939 Palladii
795 3876 1133 3938 adventum
1158 3876 1225 3938 in
1256 3885 1539 3938 montem
1571 3882 1633 3936 et
1659 3876 1725 3936 in
1755 3875 1908 3937 soli-

312 3981 590 4041 tudinem
625 3977 1141 4057 distinguendum
1180 3978 1280 4054 sit,
1325 3977 1667 4058 quaeritur.
1700 3976 1906 4039 Palla-

311 4084 447 4143 dius
478 4082 559 4143 de
588 4081 979 4143 habitatione
1010 4097 1122 4142 sua
1155 4080 1221 4141 in
1248 4087 1454 4143 monte
1487 4096 1678 4158 saepe
1703 4076 1907 4159 loqui-

312 4191 406 4243 tur
438 4185 552 4263 (9).
580 4181 925 4244 Nathanael
958 4198 1175 4243 senem
1206 4180 1438 4243 obiisse
1470 4186 1678 4242 narrat
1713 4181 1902 4261 quin-

310 4286 519 4346 decim
566 4302 772 4347 annos
806 4289 951 4345 ante
994 4300 1179 4344 suum
1219 4282 1555 4345 adventum
1608 4282 1676 4343 in
1710 4301 1898 4346 mon—

382 4474 460 4542 (1)
488 4472 673 4526 Delrio
692 4469 934 4540 Disquis.
966 4469 1162 4539 magic.
1204 4469 1242 4522 l.
1270 4469 1306 4525 I.

381 4568 462 4634 (2}
498 4562 897 4618 Daemoniacos
926 4561 1136 4616 catenis
1156 4568 1414 4616 oneratos
1440 4560 1639 4615 adduci
1667 4559 1805 4631 legis
1844 4560 1903 4615 in

312 4659 434 4713 Vita
456 4655 760 4710 Hilarionis
784 4670 941 4725 capp.
959 4655 1049 4721 12,
1074 4654 1143 4709 13
1162 4693 1177 4718 ,
1197 4664 1251 4710 et
1272 4654 1579 4710 innumeris
1604 4655 1726 4712 aliis
1748 4656 1908 4711 locis.
1941 4669 1989 4725 ι)

381 4752 463 4821 (3)
493 4750 678 4819 Supra
699 4764 755 4818 p.
790 4746 881 4802 11.

380 4845 461 4913 (4)
512 4842 653 4897 Hist.
712 4840 886 4897 Laus.
949 4839 1038 4896 ed.
1082 4837 1282 4897 Meurs.
1321 4854 1446 4911 cap.
1471 4840 1499 4895 1
1534 4838 1675 4912 Opp.
1704 4839 1910 4898 Meurs.

318 4938 351 4991 l.
380 4941 419 4992 l.
450 4955 506 5007 p.
538 4936 669 4991 548.

387 5032 465 5099 (5)
513 5029 601 5083 Ab
658 5026 974 5082 Almeloven
1017 5025 1165 5082 Fasti
1196 5024 1360 5081 Rom.
1404 5026 1635 5082 Consul.
1670 5024 1739 5080 ad
1774 5040 1907 5081 ann.

327 5120 450 5175 Chr.
491 5121 598 5177 588
648 5120 735 5175 ed.
774 5118 817 5174 II
866 5118 1174 5173 Amstelod.
1218 5119 1359 5172 1740
1394 5133 1450 5187 p.
1503 5118 1627 5172 166.
1678 5117 1914 5173 Relandi

332 5211 471 5265 Fa~ti
538 5212 774 5267 Consul.
830 5211 895 5265 ad
934 5227 1063 5265 ann.
1114 5210 1243 5264 Chr.
1275 5211 1380 5265 588
1407 5209 1557 5267 Trai.
1600 5210 1721 5264 Bat.
1773 5210 1914 5264 I7I5

328 5322 385 5360 ι).
415 5305 529 5358 493.
569 5304 710 5358 Tal).
734 5301 1066 5372 Chronolog.
1104 5310 1253 5355 auct.
1282 5303 1350 5357 de
1378 5299 1659 5356 Graveson
1704 5301 1759 5355 in
1793 5302 1915 5357 eius

320 5398 463 5452 Hist.
488 5397 626 5452 eccl.
656 5395 748 5451 ed.
782 5395 957 5449 Mansi
996 5394 1059 5448 Τ.
1105 5394 1174 5447 IX
1199 5392 1414 5463 (Venet.
1451 5392 1610 5461 1761)
1646 5407 1699 5463 p.
1731 5391 1822 5459 84,
1857 5392 1911 5447 2.

387 5490 466 5560 (6)
499 5488 644 5543 Hist.
682 5487 852 5542 Laus.
892 5487 983 5541 cd.
1034 5485 1237 5542 Meurs.
1275 5501 1397 5557 cap.
1444 5484 1480 5538 2
1526 5482 1666 5555 Opp.
1708 5482 1910 5540 Meurs.

320 5586 355 5643 I.
393 5588 431 5640 I.
476 5602 529 5657 p.
556 5584 683 5641 549.

390 5680 467 5751 (Ἰ)
505 5678 643 5733 Ibid.
666 5693 786 5749 cap.
815 5676 875 5730 21
916 5675 1060 5745 Opp.
1085 5674 1286 5730 Meurs.
1313 5673 1347 5727 I.
1378 5674 1414 5727 l.
1458 5690 1513 5743 p.
1545 5672 1671 5726 ⁸596.

391 5771 469 5839 (8)
504 5770 638 5827 Ibid.
672 5787 792 5841 cap.
825 5770 858 5825 8
884 5768 1027 5839 Opp.
1055 5766 1257 5821 Meurs.
1303 5767 1357 5818 Ι.
1382 5766 1421 5819 l.
1457 5782 1509 5835 p.
1552 5764 1681 5820 ⁵566.
1711 5764 1836 5820 561.
1875 5824 1879 5828 ἢ

394 5870 470 5931 (ξι)
502 5866 631 5919 ΙΜιῘ.
660 5882 778 5935 cap.
821 5864 907 5919 10.
945 5864 1035 5915 ll.
1075 5860 1161 5915 12.
1201 5860 1283 5913 15.

397 5962 505 6029 (to)
531 5958 659 6016 Ibid.
685 5975 809 6031 cap.
832 5958 892 6012 21
934 5955 1075 6027 Opp.
1110 5953 1307 6008 Meurs.
1339 5952 1375 6007 l.
1400 5951 1436 6004 l.
1462 5965 1516 6020 p.

2015 3372 2127 3434 390
2166 3372 2285 3453 (20)
2316 3389 2533 3434 mense
2577 3372 2981 3446 Januari0,ut
3011 3371 3453 3451 Martyrologia
3481 3379 3608 3433 tra-

2015 3474 2173 3537 dunt
2205 3474 2354 3556 (21),
2386 3479 2705 3537 mortuum
2724 3492 2886 3536 esse.
2909 3474 3086 3535 Unde
3113 3481 3293 3535 natus
3322 3481 3415 3534 est
3442 3491 3609 3535 anno

2014 3575 2153 3636 Chr.
2191 3574 2328 3650 300,
2363 3581 2425 3637 et
2466 3592 2750 3637 eremum
2784 3575 3035 3636 intravit
3074 3592 3242 3637 anno
3283 3575 3426 3637 Chr.
3471 3574 3608 3636 330.

2012 3678 2170 3738 Nam
2198 3676 2263 3737 in
2290 3675 2696 3737 solitudinem
2720 3676 2889 3737 venit
2908 3675 3159 3753 triginta
3181 3694 3381 3738 annos
3404 3682 3609 3750 natus,

2011 3778 2077 3840 in
2100 3797 2226 3858 qua
2248 3778 2572 3857 sexaginta
2592 3794 2795 3839 annos
2816 3794 3019 3857 usque
3042 3776 3119 3837 ad
3142 3782 3409 3838 mortem
3436 3796 3612 3839 suam

2013 3876 2308 3956 explevit.

2095 3982 2121 4054 §
2156 3977 2249 4040 17.
2282 3980 2600 4043 Hactenus
2628 3996 2725 4055 ea,
2765 3997 2929 4061 quae
2967 3980 3046 4043 ad
3074 3978 3332 4042 Palladii
3365 3979 3443 4041 de
3478 3982 3610 4041 Ma-

2015 4080 2187 4141 cario
2220 4082 2530 4162 Aegyptio
2566 4083 2987 4145 narrationem
3024 4090 3200 4145 erant
3226 4083 3607 4145 annotanda.

2012 4182 2251 4257 Restat,
2273 4191 2341 4245 ut
2362 4185 2708 4258 videamus,
2734 4184 3059 4264 quomodo
3089 4203 3183 4259 ea,
3209 4204 3371 4265 quae
3404 4184 3611 4246 adhuc

2012 4299 2047 4343 e
2086 4285 2409 4349 codicibus
2447 4286 3047 4350 Vindobonensibus
3094 4287 3501 4368 protulimus,
3546 4287 3614 4349 in

2090 4471 2201 4542 (11)
2227 4473 2364 4530 Ibid.
2393 4490 2516 4547 cap.
2545 4475 2614 4531 88
2635 4474 2773 4547 Opp.
2801 4475 3004 4533 Meurs.
3031 4478 3068 4532 l.
3096 4477 3134 4533 Ι.
3160 4490 3214 4548 p.
3239 4478 3362 4533 553.

2090 4568 2343 4640 (12)ΑΑ.
2370 4568 2470 4627 ss.
2502 4570 2627 4627 Jan.
2660 4572 2726 4627 T.
2753 4572 2773 4627 1
2804 4589 2857 4643 p.
2893 4573 3071 4628 1007.,

2088 4662 2201 4735 (l3)
2232 4662 2360 4718 Not.
2386 4663 2416 4716 7
2441 4664 2511 4720 de
2551 4665 2757 4723 Macar.
2801 4668 2962 4739 Aeg,
3008 4664 3301 4721 Mémoircs
3330 4664 3419 4721 ed.
3448 4665 3613 4722 Brux.

2019 4753 2084 4809 T.
2111 4754 2224 4808 VIII
2247 4755 2308 4819 P.
2332 4756 2400 4810 III
2427 4774 2479 4829 p.
2506 4758 2667 4815 1425.

2018 4850 2205 4974 nix”
2240 4848 2474 4921 Βονίριι.
2506 4852 2714 4908 eccles.
2757 4850 2903 4909 Hist.
2930 4852 3040 4908 litt.
3068 4868 3113 4905 ε.
3150 4864 3203 4905 v.
3241 4848 3515 4904 Macarius
3541 4864 3618 4903 se-

2091 5012 2202 5083 (I5)
2226 5012 2390 5070 Thes.
2416 5020 2600 5071 Ascet.
2623 5014 2804 5071 Paris.
2833 5015 2977 5070 1684
2997 5014 3214 5084 Proleg.
3248 5013 3275 5085 §
3315 5012 3385 5068 V.

2091 5104 2202 5174 (16)
2228 5103 2365 5159 Bibl.
2392 5105 2584 5163 Graec.
2612 5107 2699 5163 ed.
2728 5106 2949 5162 Harles.
2979 5107 3042 5160 T.
3068 5105 3179 5159 V’lll
3206 5123 3258 5177 p.
3294 5106 3419 5161 561.

2094 5195 2205 5267 (17)
2238 5196 2521 5269 Supplem.
2555 5192 3451 5253 Commentar.'Lambcc.\’indnb.
3476 5195 3615 5253 1690

2020 5289 2084 5344 Τ.
2112 5292 2157 5345 ll
2186 5291 2240 5345 in
2265 5292 2448 5346 indice
2472 5290 2823 5362 alphabetico
2851 5306 2898 5347 s.
2928 5308 2981 5347 ν.
3010 5292 3286 5347 Macarius
3310 5291 3613 5362 cognomine

2019 5384 2268 5455 Magnus.

2090 5478 2204 5545 (18)
2230 5474 2451 5530 Macarii
2474 5475 2939 5550 AegyptiiOpusc.
2964 5485 3019 5534 ct
3033 5477 3430 5551 Apophtlicgm.
3458 5472 3606 5547 Lips.

2023 5571 2159 5626 1699
2179 5570 2359 5625 Praef.
2403 5570 2430 5641 §
2462 5569 2550 5625 IV.

2095 5665 2208 5729 (I9)
2233 5662 2319 5717 Cf.
2349 5679 2515 5733 supra
2552 5681 2604 5733 p.
2630 5664 2684 5718 ’5.

2097 5758 2211 5827 (20)
2247 5756 2323 5811 De
2346 5765 2610 5827 tempore,
2640 5772 2749 5827 quo
2772 5756 3050 5816 Palladius
3067 5758 3121 5814 in
3144 5753 3379 5813 Nitriam
3400 5753 3615 5813 venerit

2023 5850 2094 5907 cf.
2122 5849 2262 5903 infra
2288 5848 2463 5918 Caput
2486 5846 2552 5903 III
2581 5849 2607 5919 ᾗ
2638 5848 2730 5903 21.

2098 5942 2210 6014 (21)
2234 5940 2320 5997 Cf.
2355 5940 2496 5997 infra
2526 5941 2698 6010 Caput
2733 5941 2867 5997 VIII.
