4046 6470
531 381 601 441 59
1376 378 1473 434 SS.
1516 376 1977 437 MACARIOliUM
2011 381 2337 439 AEGYPTII
2378 381 2466 437 ET
2503 378 2967 435 ALEXANDRINI
3746 386 3823 442 60

533 497 795 578 singulis
823 496 1203 561 editionibus
1236 497 1547 559 Historiae
1576 497 1910 560 Lausiacae
1939 497 2111 560 exlii-
2138 506 2184 561 Α
2211 500 2415 563 carius
2457 500 2612 560 dixit
2646 517 2659 559 :
2691 499 2755 559 Si
2782 514 2925 559 vere
2957 495 3274 558 desideras
3318 514 3396 559 ex
3423 502 3564 561 toto
3606 500 3823 563 corde

533 600 823 661 beantur.

614 702 659 760 E
690 702 920 781 quibus
955 718 1175 779 graeca
1205 699 1455 761 Meursii
1488 699 1679 760 editio
1707 704 1769 759 et
1808 698 2113 777 interpre-

532 803 685 863 tatio
721 804 971 864 Herveti
1004 820 1039 864 a
1076 810 1291 864 nostro
1331 802 1619 864 codicum
1656 800 2109 862 Vindobonen-

535 905 697 965 sium
719 911 893 966 textu
924 922 1061 966 raro
1088 912 1275 983 atque
1304 904 1632 966 levissimis
1658 910 1899 964 tantum
1922 902 2111 964 rebus

536 1004 856 1066 differunt.
892 1007 1109 1084 Neque
1142 1006 1209 1066 in
1243 1005 1556 1077 Paradiso,
1606 1003 1920 1066 Heraclidi
1962 1019 2111 1082 per-

534 1122 751 1183 peram
794 1107 1051 1179 tributo,
1099 1106 1224 1167 ulla
1260 1106 1502 1183 gravior
1548 1104 1898 1166 differentia
1932 1103 2109 1165 inve-

534 1205 725 1266 nitur.
757 1204 947 1266 Multo
975 1206 1084 1276 60
1112 1212 1318 1266 autem
1360 1203 1739 1284 locupletior
1779 1203 2002 1265 ceteris
2046 1202 2113 1264 in

534 1302 658 1367 hoc
709 1306 910 1385 capite
964 1313 1057 1366 est
1097 1305 1355 1384 antiqua
1398 1305 1516 1367 ista
1561 1304 1789 1377 versio,
1839 1321 2001 1384 quae
2046 1304 2112 1365 in

532 1403 844 1465 Rosweidi
863 1403 1214 1483 appendice
1239 1409 1459 1465 exstat.
1484 1403 1657 1476 Quae
1678 1402 1951 1482 primum
1969 1409 2113 1481 post

530 1502 702 1563 illam
750 1503 827 1563 de
858 1502 1092 1564 femina
1137 1503 1202 1564 in
1236 1520 1465 1583 equam
1510 1510 1745 1565 mutata
1788 1501 2111 1564 historiam

531 1599 694 1662 hanc
722 1600 801 1663 de
836 1602 1043 1681 puella
1072 1601 1244 1663 addit
1276 1618 1291 1661 :

613 1722 643 1754 α
677 1700 808 1762 Alia
843 1718 1102 1780 quoque
1141 1699 1350 1780 puella
1385 1698 1462 1761 ad
1506 1716 1650 1762 eum
1690 1698 1957 1760 deducta
1995 1705 2109 1773 est,

529 1800 711 1861 cuius
760 1801 1077 1862 obscoena
1120 1799 1404 1880 corporis
1455 1800 1540 1861 ita
1587 1816 1664 1861 ex
1710 1799 1883 1861 omni
1935 1805 2112 1878 parte

531 1909 1069 1982 computruerant,
1106 1908 1176 1963 ut
1209 1901 1599 1981 consumptis
1630 1900 1922 1963 carnibus
1956 1900 2114 1962 inte-

531 2003 699 2064 riora
728 2020 986 2083 quoque
1015 2010 1077 2064 et
1108 2003 1447 2064 secretiora
1492 2008 1748 2063 naturae
1792 2002 2110 2063 nudaren-

529 2110 655 2177 tur,
678 2122 749 2166 ac
780 2104 1079 2166 vermium
1109 2103 1257 2164 inde
1284 2101 1571 2164 ebulliret
1599 2101 1928 2163 innumera
1956 2101 2114 2163 mul-

530 2204 757 2277 titudo,
785 2204 869 2266 ita
893 2212 963 2265 ut
992 2222 1121 2265 non
1149 2202 1477 2265 accederet
1504 2200 1837 2281 quisquam
1862 2201 1940 2263 ad
1974 2219 2111 2264 eam

532 2322 684 2385 prae
714 2305 971 2367 foetoris
1004 2303 1290 2366 horrore.
1330 2305 1497 2365 Haec
1540 2320 1683 2366 cum
1723 2302 1903 2365 allata
1931 2321 1967 2365 a
1994 2322 2109 2385 pa-

530 2406 812 2466 rentibus
858 2414 919 2467 et
964 2405 1244 2485 proiecta
1287 2403 1507 2465 fuisset
1551 2410 1695 2465 ante
1742 2403 1910 2466 fores
1951 2405 2107 2481 eius,

530 2508 832 2568 miserans
890 2506 1145 2585 virginis
1212 2506 1523 2567 cruciatus
1569 2522 1582 2565 :
1629 2508 1847 2585 Aequo
1898 2506 2109 2568 animo

531 2614 689 2679 esto,
722 2605 948 2685 inquit,
986 2604 1143 2677 ﬁlia;
1175 2602 1331 2665 haec
1358 2603 1472 2665 tibi
1508 2603 1587 2664 ad
1616 2602 1880 2664 salutem
1906 2604 2114 2665 Domi-

530 2724 670 2778 nus,
701 2723 832 2767 non
860 2705 938 2767 ad
962 2704 1284 2766 interitum
1313 2704 1503 2765 dedit.
1542 2703 1722 2765 Unde
1766 2704 2108 2783 providen-

528 2807 675 2867 dum
712 2814 806 2868 est
837 2806 1058 2884 magis,
1087 2810 1157 2867 ut
1185 2804 1413 2867 sanitas
1441 2812 1547 2866 tua
1592 2804 1833 2866 nullum
1857 2805 1970 2867 tibi
2005 2823 2113 2885 pe-

529 2906 798 2967 riculum
838 2906 1086 2967 inferat.
1117 2906 1193 2965 Et
1232 2922 1376 2966 cum
1415 2904 1685 2967 stetisset
1714 2905 1779 2966 in
1807 2906 2109 2968 orationi-

528 3006 646 3067 bus
684 3021 795 3084 per
826 3010 1067 3083 septem
1106 3002 1440 3065 continuos
1469 3002 1624 3076 dies,
1658 3009 1719 3064 et
1754 3002 1964 3065 oleum
1995 3003 2110 3067 be-

528 3105 830 3168 nedicens
858 3106 924 3166 in
952 3104 1210 3167 nomine
1238 3104 1486 3165 Domini
1513 3110 1892 3183 perungeret
1918 3122 2114 3167 mem-

528 3206 640 3267 bra
670 3206 825 3279 eius,
864 3205 951 3266 ita
984 3222 1124 3267 eam
1155 3222 1369 3267 sanam
1408 3204 1698 3281 reddidit,
1736 3212 1807 3268 ut
1843 3212 1903 3268 et
1932 3224 2110 3287 repa—
2137 3189 2180 3248 (ἶ

528 3310 660 3367 rata
696 3309 952 3366 naturae
982 3304 1248 3384 qualitas
1295 3310 1357 3366 et
1385 3303 1664 3384 perfecta
1692 3304 2014 3368 muliebris
2043 3306 2111 3367 in

529 3421 604 3465 ea
648 3404 893 3485 species
937 3410 1290 3484 appareret,
1328 3412 1619 3485 essetque
1668 3405 1727 3466 ei
1774 3404 1852 3468 de
1900 3411 2111 3467 cetero

526 3506 692 3567 inter
741 3504 1029 3568 homines
1082 3507 1472 3569 conversatio
1519 3507 1758 3587 absque
1804 3506 2111 3587 pristinae

526 3605 905 3668 inﬁrmitatis
935 3604 1259 3668 obstaculo
1304 3602 1410 3686 (1).
1446 3628 1476 3663 ιο

607 3707 776 3769 Haec
816 3707 1088 3769 narratio
1123 3706 1310 3768 etiam
1350 3706 1513 3769 libro
1561 3705 1840 3769 secundo
1885 3704 2111 3768 iisdem

526 3808 733 3869 verbis
758 3807 1008 3887 legitur,
1037 3824 1246 3888 neque
1264 3825 1414 3869 vero
1436 3825 1574 3870 eam
1601 3808 1748 3870 alibi
1770 3808 1979 3889 reperi
2002 3805 2106 3889 (2).

530 3909 699 3981 Quae
733 3908 987 3988 antiqua
1016 3908 1221 3970 versio
1260 3908 1339 3969 de
1370 3909 1845 3971 resuscitatione
1879 3909 2113 3971 mortui

530 4008 737 4082 habet,
765 4027 910 4071 cum
938 4008 1295 4069 narratione
1316 4008 1456 4069 libri
1486 4008 1748 4071 secundi
1776 4010 2009 4089 pariter
2032 4010 2111 4073 ad

527 4110 789 4171 verbum
827 4107 1231 4170 conveniunt.
1262 4110 1334 4169 In
1374 4108 1499 4170 ﬁne
1530 4114 1739 4170 autem
1782 4110 2003 4188 capitis
2032 4110 2111 4173 de

529 4207 797 4269 Macario
826 4206 1157 4286 Aegyptio,
1190 4214 1521 4287 postquam
1552 4208 1786 4270 dictum
1817 4215 1930 4283 est,
1965 4226 2107 4271 eum

529 4325 697 4370 anno
726 4314 1064 4388 antequam
1108 4308 1417 4370 Palladius
1462 4309 1864 4372 solitudinem
1911 4311 2107 4372 intra-

528 4412 706 4487 verit,
736 4412 989 4486 obiisse,
1011 4412 1265 4493 antiqua
1292 4414 1408 4475 ista
1436 4415 1638 4477 versio
1668 4414 1920 4493 longam
1947 4416 2109 4479 hanc

2210 601 2569 662 renuntiare
2612 600 2755 661 huic
2791 604 3066 671 saeculo,
3110 598 3323 673 ﬁliole,
3356 605 3417 660 et
3446 599 3824 664 adhaerere

2210 698 2477 761 Domino
2539 700 2871 772 Salvatori,
2919 699 3079 761 sicut
3145 699 3296 762 dicit
3349 700 3685 780 PrOpheta
3750 702 3823 763 in

2212 798 2453 877 psalmo
2491 817 2503 859 :
2538 798 2831 861 Adhaesit
2858 800 3064 860 anima
3093 816 3231 859 mea
3261 806 3403 878 post
3432 806 3515 873 te,
3555 817 3675 861 me
3708 818 3827 862 au-

2208 907 2336 961 tem
2394 900 2670 980 suscepit
2727 901 2945 962 dextra
3003 907 3440 979 tua—parata
3482 903 3669 962 enim
3724 910 3827 963 est

2211 999 2427 1062 dextra
2457 1002 2725 1075 Domini,
2755 1001 3190 1079 confugientes
3232 1000 3309 1062 ad
3357 1018 3423 1062 se
3469 1003 3824 1081 suscipere

2212 1135 2285 1143 —
2308 1106 2558 1180 oportet
2586 1108 2643 1162 te
2668 1102 3027 1163 renuntiare
3056 1100 3201 1163 huic
3226 1101 3463 1162 mundo
3487 1109 3549 1161 et
3571 1120 3827 1163 omnes

2211 1208 2385 1261 actus
2411 1200 2544 1262 eius
2573 1202 2867 1277 abiicere,
2901 1202 3061 1264 sicut
3094 1201 3243 1263 dicit
3267 1202 3615 1281 Apostolus
3646 1204 3822 1265 scri-

2211 1300 2369 1363 bens
2397 1301 2477 1363 ad
2504 1301 2903 1364 Colossenses
2937 1319 2951 1362 :
2984 1302 3209 1364 Mortui
3253 1304 3420 1363 enim
3464 1305 3619 1365 estis
3659 1303 3822 1366 huic

2211 1402 2481 1477 mundo,
2530 1408 2592 1464 et
2640 1404 2763 1465 vita
2809 1409 3010 1465 vestra
3069 1402 3437 1466 abscondita
3495 1411 3594 1465 est
3663 1422 3823 1467 cum

2212 1502 2451 1565 Christo
2480 1504 2545 1565 in
2576 1504 2727 1565 Deo.
2760 1506 2910 1565 Cum
2938 1504 3106 1565 enim
3135 1503 3411 1565 Christus
3431 1506 3823 1584 apparuerit

2212 1603 2333 1664 vita
2372 1610 2598 1672 vestra,
2642 1609 2791 1665 tunc
2822 1610 2883 1665 et
2912 1620 3022 1664 vos
3058 1603 3441 1683 apparebitis
3475 1622 3625 1665 cum
3664 1604 3817 1683 ipso

2211 1699 2277 1759 in
2329 1698 2544 1777 gloria.
2589 1702 2756 1763 Haec
2798 1700 3060 1762 audiens
3093 1701 3310 1779 junior
3357 1700 3558 1761 dixit:
3602 1701 3819 1763 Crede

2214 1797 2390 1872 mihi,
2414 1799 2769 1862 beatissime
2796 1806 2992 1881 pater,
3016 1800 3162 1880 quia
3194 1806 3255 1862 et
3281 1808 3559 1863 mentem
3590 1820 3815 1864 meam

2211 1899 2474 1961 alienavi
2514 1901 2592 1961 ab
2627 1900 2749 1963 hoc
2797 1901 3034 1963 mundo
3078 1908 3139 1963 et
3167 1902 3246 1963 ab
3280 1903 3603 1976 omnibus,
3640 1921 3818 1983 quae

2209 1997 2278 2057 in
2308 2015 2384 2059 eo
2411 2006 2576 2072 sunt,
2600 2004 2669 2061 ut
2696 1998 2819 2060 iam
2848 2005 3144 2080 tanquam
3171 2008 3455 2064 mortuus
3478 2001 3720 2080 degam
3745 2004 3815 2067 in

2212 2094 2399 2158 huius
2426 2098 2729 2178 temporis
2777 2098 2921 2160 vita.
2958 2100 3230 2178 Cognovi
3266 2100 3455 2174 enim,
3491 2102 3815 2180 quoniam

2210 2198 2581 2276 temporalia
2623 2204 2685 2260 et
2736 2200 3090 2262 transitoria
3131 2206 3318 2281 atque
3360 2203 3815 2281 corruptibilia

2212 2307 2358 2361 sunt
2385 2300 2617 2375 omnia,
2642 2318 2805 2380 quae
2824 2301 2891 2362 in
2918 2299 3040 2363 hoc
3070 2303 3307 2364 mundo
3334 2303 3636 2365 videntur
3665 2322 3814 2367 esse

2210 2399 2401 2463 bona.
2432 2402 2606 2463 Tunc
2650 2402 2801 2464 dicit
2843 2403 2901 2464 ei
2937 2402 3148 2465 senior
3181 2422 3193 2464 :
3228 2403 3386 2465 Audi
3426 2421 3551 2478 me,
3590 2390 3711 2479 fili,
3749 2411 3815 2468 et

2211 2499 2366 2561 vade
2397 2500 2475 2561 ad
2506 2499 2839 2580 sepulchra
2878 2509 3292 2577 mortuorum,
3322 2508 3382 2565 et
3411 2505 3815 2585 quampluri-

2210 2600 2330 2661 mis
2371 2598 2645 2675 iniuriis,
2688 2600 2901 2662 multis
2942 2601 3241 2663 conviciis
3296 2620 3367 2664 ac
3411 2603 3807 2678 maledictis,

2213 2701 2400 2762 etiam
2440 2708 2501 2762 et
2528 2700 2841 2781 lapidibus
2868 2718 2978 2763 eos
3014 2701 3345 2775 detestare,
3372 2711 3441 2764 ut
3470 2705 3808 2783 provocati

2208 2799 2531 2863 irritentur
2554 2802 2849 2865 adversus
2872 2809 2956 2864 te.
2978 2802 3088 2863 His
3113 2802 3338 2865 auditis
3358 2800 3571 2865 iunior
3591 2806 3806 2866 statim

2210 2903 2485 2982 perrexit
2513 2902 2591 2965 ad
2619 2910 3028 2965 monumenta
3063 2911 3480 2966 mortuorum.
3512 2905 3807 2985 Cumque

2212 3003 2559 3064 secundum
2601 3011 3009 3083 praeceptum
3055 3005 3220 3066 beati
3270 3005 3537 3067 senioris
3584 3007 3806 3069 multis

2214 3118 2345 3176 eos,
2374 3109 2444 3163 ut
2470 3103 2747 3183 putabat,
2769 3102 3013 3164 iniuriis
3042 3102 3373 3178 affecisset,
3398 3122 3694 3166 reversus
3724 3103 3802 3165 ad

2212 3210 2495 3265 sanctum
2526 3204 2860 3265 Macarium
2892 3203 3046 3265 dixit
3088 3205 3146 3266 ei
3176 3204 3349 3284 quod
3391 3205 3632 3268 fecerat
3665 3225 3680 3267 :
3710 3207 3805 3268 in-

2213 3303 2674 3381 terrogavitque
2705 3319 2849 3364 eum
2875 3302 3108 3374 senior,
3142 3302 3196 3364 si
3240 3302 3396 3363 nihil
3438 3304 3497 3365 ei
3524 3322 3800 3385 respon-

2213 3401 2450 3463 dissent
2470 3402 2561 3463 illi
2581 3401 2855 3465 mortui?
2874 3404 2949 3464 Et
2978 3402 3370 3483 respondens
3399 3404 3554 3466 dixit
3580 3423 3593 3465 :
3630 3403 3801 3466 Nihil

2211 3504 2464 3586 penitus
2484 3503 2798 3578 dixerunt,
2821 3502 3099 3565 domine.
3124 3506 3357 3565 Iterum
3382 3512 3595 3567 autem
3620 3522 3801 3585 prae-

2211 3608 2379 3687 cepit
2408 3606 2467 3668 ei
2494 3606 2709 3669 dicens
2740 3625 2752 3666 :
2784 3607 2982 3684 Perge
3011 3606 3281 3667 crastino
3319 3603 3445 3681 die,
3493 3614 3554 3669 et
3585 3607 3800 3669 multis

2212 3707 2565 3790 praeconiis
2594 3706 2878 3769 collauda
2911 3712 2972 3767 et
3003 3704 3281 3784 gloriﬁca
3315 3724 3445 3768 eos.
3482 3708 3651 3769 Abiit
3676 3708 3795 3768 ite-

2212 3828 2350 3871 rum
2379 3807 2571 3871 frater
2594 3807 2672 3870 ad
2697 3806 3032 3888 sepulchra
3058 3813 3475 3882 mortuorum,
3501 3815 3563 3869 et
3585 3808 3797 3888 coepit

2210 3909 2464 3971 laudare
2500 3907 2992 3987 honoriﬁcisque
3026 3906 3424 3969 sermonibus
3445 3907 3793 3985 gloriﬁcare

2212 4027 2323 4072 eos
2365 4008 2582 4070 dicens
2616 4026 2629 4068 :
2659 4008 2786 4069 Vos
2821 4006 3032 4085 magni
3074 4006 3243 4081 estis,
3277 4013 3340 4068 et
3369 4008 3593 4083 sancti,
3622 4016 3686 4070 et
3706 4008 3791 4068 si-

2210 4109 2392 4171 miles
2413 4108 2775 4190 apostolicis
2802 4107 2971 4181 viris,
3006 4114 3067 4168 et
3094 4105 3326 4168 iustitia
3354 4125 3579 4185 magna
3602 4109 3667 4170 in
3691 4124 3793 4169 vo—

2210 4213 2306 4275 bis
2333 4217 2446 4273 est.
2474 4212 2549 4271 Et
2590 4210 2741 4273 alias
2771 4208 3263 4289 quamplurimas
3292 4208 3512 4272 laudes
3541 4228 3687 4273 cum
3714 4208 3791 4270 ad

2210 4332 2320 4376 eos
2350 4312 2629 4385 dixisset,
2664 4328 2948 4373 reversus
2971 4308 3049 4370 ad
3077 4309 3298 4371 cellam
3329 4309 3483 4371 dixit
3510 4309 3745 4372 seniori
3773 4326 3787 4368 :

2208 4416 2371 4477 Ecce
2417 4412 2765 4476 secundum
2822 4415 3231 4491 praeceptum
3276 4417 3487 4484 tuum,
3534 4410 3791 4473 domine

529 4510 852 4574 historiam
893 4512 1088 4589 addit,
1127 4530 1317 4593 quam
1356 4514 1442 4576 ita
1484 4515 1912 4579 adumbratam
1952 4536 2105 4580 nus-
2141 4531 2187 4587 ι)
2215 4522 2415 4596 pater,
2455 4513 2701 4576 laudavi
2747 4518 2809 4573 et
2846 4511 3185 4589 gloriﬁcavi
3212 4510 3354 4572 illos
3390 4519 3697 4587 mortuos,
3731 4516 3791 4572 et

530 4614 697 4695 piam
731 4613 984 4676 invenio
1023 4631 1038 4674 :

609 4740 638 4773 «
675 4715 957 4789 Quodam
1002 4718 1288 4794 tempore
1318 4732 1460 4777 cum
1498 4715 1577 4778 ad
1621 4717 1874 4779 beatum
1902 4720 2108 4781 Maca-

528 4816 693 4878 rium
735 4815 993 4897 quidam
1022 4815 1316 4889 venisset,
1366 4815 1730 4878 desiderans
1764 4817 1832 4878 in
1866 4835 2107 4897 propo-

529 4918 648 4980 sito
694 4918 1151 4981 monachorum
1198 4917 1431 4980 servire
1478 4918 1745 4995 Christo,
1783 4928 1844 4982 et
1890 4922 2112 5002 depre-

529 5025 776 5082 caretur
804 5025 1088 5081 sanctum
1125 5034 1365 5092 senem,
1397 5023 1467 5079 ut
1496 5018 1831 5081 instrueret
1863 5037 2008 5083 eum
2037 5039 2108 5084 ac

530 5119 809 5194 doceret,
837 5126 898 5181 et
926 5138 1003 5182 ex
1029 5120 1204 5182 fonte
1249 5118 1570 5183 doctrinae
1610 5120 1916 5197 salutaris,
1948 5140 2110 5202 quae

527 5221 595 5284 in
628 5239 705 5284 eo
741 5239 856 5302 per
883 5222 1146 5301 Spiritus
1172 5222 1277 5294 61
1316 5222 1514 5284 sancti
1549 5221 1806 5300 gratiam
1837 5224 2114 5286 abunda-

530 5327 666 5398 bat,
712 5323 1113 5387 conﬁrmaret
1155 5330 1246 5398 et,
1290 5323 1558 5403 qualiter
1601 5329 1816 5403 posset
1859 5326 2110 5389 iuvante

530 5426 799 5490 Domino
822 5422 1079 5485 insidias
1103 5429 1291 5503 atque
1318 5424 1826 5504 impugnationes
1854 5427 2111 5505 maligni

533 5526 818 5600 evadere,
845 5530 1308 5605 praemoneret,
1334 5524 1725 5604 respondens
1748 5526 1965 5591 beatus
1988 5531 2111 5590 Ma-

604 5708 682 5777 (ι)
707 5706 822 5763 vv.
856 5707 961 5763 PP.
987 5708 1174 5764 Rosw.
1217 5708 1421 5778 p.989,
1458 5710 1513 5765 «ξ.

2212 4615 2370 4678 nihil
2428 4614 2583 4676 mihi
2642 4612 2893 4693 penitus
2935 4610 3249 4673 dixerunt.
3295 4614 3471 4675 Tunc
3513 4613 3669 4674 dixit
3732 4609 3789 4672 ei

2210 4725 2462 4781 sanctus
2502 4719 2805 4779 Macarius
2848 4734 2861 4776 :
2909 4714 3269 4791 Considera,
3311 4716 3425 4786 ﬁli,
3466 4719 3786 4798 quoniam,

2211 4818 2373 4881 sicut
2412 4817 2656 4897 injuriis
2696 4823 2759 4877 et
2786 4814 3185 4878 contumeliis
3223 4817 3615 4896 exprobrasti
3648 4816 3788 4878 illos

2210 4924 2517 4991 mortuos,
2534 4917 2642 4988 62
2661 4922 2723 4978 et
2744 4915 2900 4977 nihil
2922 4916 3033 4977 tibi
3052 4916 3249 4978 locuti
3269 4924 3435 4991 sunt,
3458 4917 3543 4979 ita
3563 4934 3712 4995 ergo
3729 4920 3789 4975 et

2214 5028 2306 5094 tu,
2336 5020 2389 5081 si
2424 5018 2517 5079 vis
2551 5017 2758 5079 salvus
2802 5033 2941 5078 esse
2986 5022 3047 5078 et
3088 5017 3157 5079 in
3204 5023 3421 5079 sancto
3462 5016 3787 5099 proposito

2218 5124 2469 5202 placere
2497 5118 2797 5181 Salvatori
2823 5124 3061 5192 nostro,
3081 5118 3326 5180 imitare
3352 5118 3562 5199 ipsum
3592 5114 3793 5181 Domi—

2219 5241 2371 5285 num
2401 5220 2906 5301 Salvatoremque
2940 5229 3246 5295 nostrum,
3275 5222 3435 5283 sicut
3463 5222 3612 5284 dicit
3640 5224 3787 5285 bea-

2214 5332 2314 5387 tus
2333 5327 2611 5387 Joannes
2630 5323 2955 5404 apostolus
2977 5329 3037 5385 et
3057 5324 3433 5401 evangelista
3455 5343 3468 5385 :
3487 5326 3600 5398 Qui
3621 5323 3785 5393 dicit,

2216 5445 2283 5489 se
2312 5427 2379 5489 in
2412 5426 2652 5488 Christo
2700 5442 2979 5500 manere,
3012 5425 3221 5499 debet,
3261 5426 3785 5505 quemadmodum

2214 5527 2321 5590 ille
2358 5526 2717 5601 ambulavit,
2762 5534 2823 5589 et
2863 5527 3001 5606 ipse
3043 5525 3385 5588 ambulare.
3409 5526 3589 5589 Unde
3626 5534 3685 5588 et
3724 5523 3786 5584 in

2222 5716 2280 5771 S.
2313 5717 2602 5774 Antonius.
2628 5714 2735 5773 Vit.
2772 5715 2829 5773 S.
2851 5717 3067 5772 Antonii
3090 5732 3207 5789 cap.
3234 5717 3324 5787 58,
3350 5718 3406 5773 S.
3426 5718 3627 5774 Athan.
3652 5716 3783 5785 Opp.

606 5792 683 5867 '(2)
727 5797 1003 5868 Virginem
1057 5800 1221 5856 simili
1266 5801 1457 5854 morbo
1511 5799 1848 5858 laborantem
1902 5802 2115 5857 sanavit
2221 5825 2274 5877 p,
2310 5809 2414 5863 670
2440 5827 2559 5881 sqq.
