4046 6486
226 372 262 428 GI
1028 414 1031 415 ν
1811 382 1862 439 Vl

1964 384 2037 441 .E.
3466 395 3541 450 εἰ

222 489 513 572 Evangelio
542 499 863 578 quidem
894 506 1211 585 legimus,
1238 506 1534 586 quoniam
1566 505 1686 585 ipsi
1716 522 1859 585 per-
1893 510 1938 565 Α
1969 503 2133 582 gelio
2172 503 2250 566 de
2296 505 2373 566 iis
2401 506 2510 585 qui
2550 506 2766 569 laudes
2810 505 3137 569 hominum
3168 516 3480 589 quaerunt
3523 531 3537 574 :

223 594 462 657 ﬁdissimi
510 608 819 667 nostrae
874 608 1052 669 ﬁdei
1098 607 1326 668 aemuli
1374 607 1593 668 Judaei
1627 605 1859 667 multas
1958 609 2158 666 Amen
2197 605 2338 667 dico
2369 607 2568 680 vobis,
2600 608 2748 686 quia
2779 614 3155 687 receperunt
3183 611 3542 673 mercedem

223 700 467 775 iniurias,
496 699 907 781 instigante
934 708 1209 770 humani
1238 706 1485 786 generis
1511 705 1691 767 hoste
1720 705 1855 767 dia-
1960 722 2160 767 suam.
2177 707 2251 766 Et
2269 706 2387 768 alia
2408 706 2601 768 multa
2621 714 2787 781 sunt,
2808 725 2970 787 quae
2992 708 3069 769 de
3093 711 3368 772 cavenda
3386 729 3543 775 vana

228 800 368 873 bolo,
395 802 465 862 in
511 802 919 869 Dominum
967 816 1255 871 nostrum
1294 810 1506 869 Jesum
1549 806 1858 868 Christum
1960 804 2156 883 gloria
2186 812 2433 869 sanctae
2471 808 2824 886 Scripturae
2862 808 3203 870 admonere
3234 827 3362 871 non
3403 828 3542 872 ces-

233 903 593 965 Salvatorem
648 906 995 972 dixerunt
1031 930 1043 970 :
1084 910 1534 972 Samaritanum
1585 925 1746 983 esse,
1797 914 1859 970 et
1959 913 2119 968 sant.
2153 910 2307 970 Cave
2342 925 2515 986 ergo,
2565 925 2604 970 o
2649 908 2758 983 fili,
2790 915 2851 971 et
2881 926 3090 989 neque
3124 911 3201 973 ad
3241 911 3545 989 irrogatas

245 1004 626 1067 daemonium
664 1006 1077 1085 habentem,
1113 1015 1173 1072 et
1200 1011 1268 1072 in
1305 1011 1655 1073 Beelzebub
1679 1012 1858 1091 prin-
1957 1009 2217 1072 iniurias
2256 1011 2622 1073 exardescat
2646 1010 2713 1071 in
2746 1011 3067 1073 iracundia
3100 1013 3346 1073 animus
3372 1020 3540 1089 tuus,

253 1110 369 1187 cipe
387 1108 913 1173 daemoniorum
941 1112 1299 1174 eiicientem
1327 1111 1686 1184 daemonia;
1713 1127 1857 1171 nam
1960 1110 2093 1171 etsi
2118 1110 2442 1172 incitatum
2468 1109 2655 1171 fuerit
2681 1128 2792 1173 cor
2818 1119 3019 1186 tuum,
3042 1111 3179 1191 ipse
3213 1118 3422 1174 tamen
3453 1114 3546 1174 di-

255 1217 308 1270 et
332 1208 743 1270 seductorem
784 1227 947 1272 eum
980 1211 1117 1273 ausi
1147 1217 1291 1272 sunt
1330 1211 1578 1273 dicere:
1612 1217 1675 1271 et
1702 1209 1858 1271 haec
1958 1211 2168 1273 stricte
2200 1212 2266 1272 in
2293 1212 2518 1273 timore
2549 1212 2797 1273 Domini
2833 1212 3079 1273 refrena
3114 1214 3192 1275 ab
3220 1212 3545 1277 iracundia

250 1311 442 1371 omnia
491 1309 845 1389 patienter
902 1311 1044 1391 ipse
1106 1311 1248 1391 pius
1292 1311 1594 1373 Dominus
1643 1316 1859 1372 noster
1958 1310 2762 1391 animumtuum,utpossis
2781 1311 3067 1371 virtutem
3088 1309 3454 1371 humilitatis
3471 1327 3544 1373 ac

236 1414 414 1474 Iesus
444 1411 747 1473 Christus
790 1413 982 1487 caeli,
1014 1419 1215 1476 terrae
1245 1418 1304 1475 et
1331 1414 1540 1487 maris,
1574 1411 1856 1474 omnium
1958 1414 2295 1493 patientiae
2312 1412 2655 1486 custodire;
2676 1418 2737 1474 et
2753 1418 2901 1474 tunc
2915 1412 3218 1474 veraciter
3238 1412 3542 1484 ostendis,

236 1531 494 1595 quoque
526 1530 803 1589 eorum,
839 1531 1007 1594 quae
1035 1515 1103 1575 in
1132 1515 1221 1577 eis
1267 1520 1432 1590 sunt,
1468 1522 1713 1577 creator
1757 1532 1859 1575 su-
1960 1514 2132 1593 quod
2151 1512 2490 1594 promisisti
2514 1510 2920 1589 dicens,quia
2937 1516 3233 1589 tanquam
3256 1515 3544 1571 mortuus

239 1615 486 1687 stinuit,
523 1620 603 1676 ut
640 1614 849 1676 nobis
896 1614 1234 1695 patientiae
1263 1630 1413 1676 suae
1435 1663 1450 1689 ,
1478 1614 1751 1676 lenitatis
1795 1618 1857 1675 et
1960 1616 2150 1693 degas
2185 1614 2253 1675 in
2282 1613 2404 1675 hoc
2436 1613 2697 1685 mundo,
2729 1612 2780 1673 si
2806 1611 2962 1672 nihil
2993 1610 3419 1672 turbulentum
3451 1628 3547 1671 re-

242 1717 617 1779 humilitatis
660 1717 1010 1797 praeberet
1044 1717 1425 1797 exemplum.
1470 1719 1625 1778 Nam
1660 1716 1712 1778 si
1742 1733 1854 1779 vo-
1958 1717 2273 1796 spondeas
2292 1715 2369 1777 iis
2389 1714 2496 1795 qui
2514 1713 2903 1775 tibiiniurias
2925 1711 3224 1789 irrogant,
3245 1712 3405 1772 sicut
3424 1729 3545 1773 nec

242 1818 460 1881 luisset
482 1820 862 1899 potentiam
893 1836 1041 1880 suae
1068 1818 1405 1881 maiestatis
1434 1815 1765 1879 ostendere
1796 1822 1859 1877 et
1889 1850 1930 1903 Β
1956 1817 2049 1878 illi
2076 1817 2155 1878 de
2184 1814 2610 1879 monumentis
2630 1813 2887 1886 mortui,
2907 1812 2974 1873 in
2998 1828 3159 1891 quos
3186 1811 3415 1873 multas
3440 1810 3542 1871 in-

231 1917 504 1996 injurias
536 1917 906 1991 vindicare,
934 1932 1185 1977 omnem
1215 1914 1422 1977 subito
1453 1913 1760 1975 mundum
1789 1913 1855 1973 in
1952 1919 2149 1999 jurias
2171 1925 2233 1981 et
2253 1916 2534 1981 convicia
2572 1915 2804 1992 dixisti,
2852 1921 2914 1976 et
2950 1912 3106 1975 nihil
3141 1912 3251 1975 tibi
3294 1912 3547 1992 penitus

229 2017 443 2080 chaos
477 2018 871 2092 deduceret,
902 2022 962 2078 et
982 2034 1099 2079 nec
1128 2033 1323 2094 genus
1350 2014 1701 2088 hominum,
1738 2031 1856 2076 nec
1959 2019 2446 2098 responderunt.
2503 2002 2799 2097 Ideoque’
2835 2020 3155 2095 oportet,‘
3181 2020 3252 2076 ut
3305 2013 3548 2075 fortiter

224 2115 388 2194 ipse
432 2115 673 2176 saltem
726 2121 1063 2195 appareret
1106 2114 1403 2187 mundus,
1452 2113 1564 2175 sed
1609 2113 1676 2174 in
1714 2131 1855 2175 mO-
1960 2120 2385 2183 custodiamus
2433 2119 2724 2180 virtutem
2764 2116 3130 2179 humilitatis
3179 2132 3251 2177 ac
3295 2114 3544 2195 patien-

226 2222 469 2277 mento
522 2215 756 2277 omnia
796 2214 1139 2277 interirent.
1183 2215 1623 2276 Verumtamen
1658 2214 1860 2275 noluit
1958 2220 2105 2295 tiae,
2151 2226 2460 2300 quatenus
2496 2219 2812 2300 possimus
2846 2218 2923 2280 ad
2955 2216 3245 2281 caelestia
3268 2214 3548 2296 praemia

232 2314 408 2378 haec
454 2316 686 2378 facere
724 2315 1159 2377 inenarrabilis
1188 2314 1410 2377 Christi
1439 2315 1688 2376 Domini
1718 2314 1856 2394 pie-

244 2426 358 2480 tas
398 2418 735 2493 bonitatis,
771 2418 879 2497 qui
906 2436 1036 2479 non
1074 2417 1152 2479 ad
1193 2416 1609 2497 puniendum,
1641 2416 1751 2478 sed
1779 2416 1857 2477 ad

249 2518 639 2581 salvandum
701 2523 957 2580 venerat
998 2518 1324 2579 mundum.
1356 2518 1506 2579 Ideo
1539 2518 1707 2579 enim
1743 2534 1858 2597 pa-

250 2620 488 2681 tienter
515 2619 749 2680 omnia
785 2618 1096 2690 sustinuit,
1129 2622 1198 2677 ut
1225 2616 1409 2679 nobis
1440 2616 1725 2696 exempla
1754 2634 1863 2697 pa-

246 2722 518 2783 tientiae
544 2728 612 2789 et
651 2719 1021 2781 humilitatis
1050 2718 1429 2780 ostenderet.
1465 2718 1644 2779 Unde
1674 2724 1736 2778 et
1756 2734 1857 2778 se-

248 2824 614 2903 quentibus
666 2839 736 2883 se
785 2820 1107 2900 discipulis
1148 2821 1345 2883 dixit:
1386 2820 1615 2882 Discite
1647 2838 1683 2881 a
1723 2836 1858 2891 me,

248 2928 405 3006 quia
436 2926 617 2987 mitis
650 2942 793 2986 sum
822 2930 884 2985 et
909 2922 1162 2985 humilis
1192 2923 1403 2997 corde,
1442 2929 1505 2984 et
1532 2922 1862 2985 invenietis

254 3027 547 3108 requiem
572 3023 914 3088 animabus
932 3024 1170 3085 vestris.
1194 3023 1314 3086 Sed
1336 3031 1399 3086 et
1417 3039 1637 3085 omnes
1657 3040 1692 3084 a
1721 3040 1860 3085 sae-

257 3130 404 3191 culo
453 3126 705 3201 sancti,
753 3132 881 3187 tam
923 3125 1271 3205 prOphetae
1318 3142 1509 3205 quam
1554 3123 1859 3203 apostoli,

258 3229 639 3310 Opprobriis
679 3232 742 3288 et
780 3225 1027 3287 iniuriis
1069 3244 1141 3288 ac
1170 3226 1431 3288 diversis
1476 3226 1682 3288 amicti
1725 3232 1859 3287 tor-

255 3332 492 3392 mentis
517 3346 784 3408 semper
803 3326 1192 3389 immobilem
1212 3326 1503 3388 virtutem
1524 3326 1861 3406 patientiae

256 3436 323 3489 et
354 3426 742 3489 humilitatis
780 3430 1139 3497 tenuerunt,
1188 3429 1250 3485 et
1292 3441 1694 3503 nequaquam
1738 3422 1861 3487 hu-

255 3528 467 3589 manis
492 3526 795 3587 laudibus
817 3531 960 3586 sunt
980 3524 1251 3604 decepti.
1277 3527 1672 3604 Respuentes
1692 3543 1864 3587 nam-

255 3646 387 3708 que
418 3628 639 3689 inanis
680 3625 916 3704 gloriae
958 3624 1304 3705 praesentis
1332 3624 1493 3686 vitae
1529 3642 1724 3687 vanos
1752 3645 1862 3687 ru-

252 3727 683 3797 mores,illam
706 3725 903 3788 solam
919 3725 1248 3788 caelestem
1266 3732 1713 3805 aeternamque
1734 3724 1866 3803 glo-

258 3830 421 3892 riam
454 3829 949 3908 concupiscunt,
981 3827 1093 3907 qui
1129 3827 1370 3889 Christo
1415 3826 1661 3906 placere
1693 3826 1862 3888 desi-

265 3931 516 4005 derant,
550 3946 721 4009 quae
754 3946 831 3990 ex
870 3929 999 3990 Deo
1044 3933 1138 3991 est
1169 3933 1229 3989 et
1270 3934 1599 4007 permanet
1642 3927 1709 3989 in
1753 3944 1862 3989 ae-

263 4037 568 4104 ternum;
630 4028 811 4091 cuius
874 4028 1167 4091 claritatis
1225 4028 1633 4109 splendorem
1692 4027 1865 4090 nulla

263 4131 552 4194 humana
600 4131 818 4209 lingua
864 4134 1071 4209 potest
1109 4145 1451 4209 exponere.
1496 4129 1665 4191 Haec
1713 4144 1865 4206 ergo

265 4231 569 4310 exempla
596 4227 936 4309 patientiae
965 4233 1025 4289 et
1053 4226 1415 4289 humilitatis
1435 4226 1863 4304 considerans,

266 4331 493 4403 ﬁliole,
520 4331 571 4392 si
594 4328 850 4409 quando
872 4328 1177 4407 irrogatae
1192 4327 1307 4389 tibi
1323 4328 1559 4389 fuerint
1572 4328 1864 4403 iniuriae,

263 4432 625 4495 fortissime
670 4430 959 4490 virtutem
1002 4429 1339 4509 patientiae
1391 4434 1453 4490 et
1498 4427 1867 4490 humilitatis

1960 2324 2022 2378 et
2048 2317 2124 2379 ad
2153 2324 2444 2379 aeternae
2485 2318 2646 2377 vitae
2689 2315 2951 2394 gloriam
2986 2315 3339 2395 pervenire,
3386 2315 3549 2377 sicut

1960 2417 2109 2479 dicit
2137 2417 2201 2477 in
2224 2416 2599 2496 Apocalypsi
2628 2416 2971 2478 Dominus:
3001 2417 3192 2487 Tene,
3226 2415 3398 2495 quod
3426 2413 3545 2477 ha-

1959 2517 2094 2590 bes,
2126 2534 2207 2578 ne
2235 2516 2393 2578 alius
2432 2516 2697 2595 accipiat
2732 2531 3032 2576 coronam
3062 2520 3233 2574 tuam
3279 2511 3385 2594 (1).
3424 2536 3453 2569 »

2038 2618 2208 2678 Haec
2248 2615 2436 2693 longa
2472 2616 2551 2677 ad
2590 2616 2848 2677 fratrem
2891 2614 3239 2676 admonitio
3270 2632 3413 2677 cum
3445 2615 3548 2675 in-

1962 2714 2149 2793 genio
2175 2720 2237 2775 et
2261 2712 2476 2775 indole
2515 2710 2917 2773 homiliarum
2954 2709 3205 2771 Macarii
3258 2710 3549 2788 Aegyptii

1960 2820 2087 2876 tam
2114 2812 2363 2893 egregie
2392 2812 2692 2885 concinit,
2727 2817 2799 2873 ut
2832 2828 2971 2872 eam
3004 2827 3039 2871 e
3067 2808 3343 2871 homiliis
3370 2826 3548 2871 com-

1962 2914 2216 2995 pilatam
2248 2920 2309 2975 et
2336 2913 2632 2974 historiae
2662 2910 2754 2972 illi
2786 2910 2864 2971 de
2894 2909 3084 2972 fratre
3103 2910 3279 2971 iussu
3302 2910 3552 2971 Macarii

1964 3014 2300 3095 sepulchra
2338 3015 2612 3077 adeunte
2660 3012 2935 3074 additam
2967 3027 3105 3073 esse
3154 3009 3320 3072 haud
3364 3028 3552 3089 aegre

1967 3115 2331 3179 credideris.
2370 3116 2538 3187 Quae
2568 3112 2852 3187 historia,
2886 3111 3134 3174 omissis
3170 3111 3286 3173 ista
3317 3110 3571 3173 exhor-'

1965 3215 2202 3278 tatione
2223 3222 2285 3278 et
2313 3214 2639 3288 doctrinis,
2662 3213 2729 3275 in
2756 3211 3321 3293 Apophthegmatis
3354 3219 3555 3273 exstat

1966 3315 2065 3378 his
2113 3316 2246 3378 fere
2294 3315 2548 3376 verbis:
2596 3337 2624 3370 «
2665 3315 2878 3398 Frater
2924 3312 3217 3375 convenit
3261 3312 3553 3373 abbatem

1962 3418 2301 3480 Macarium
2330 3414 2728 3495 Aegyptium,
2764 3413 2865 3475 cui
2894 3430 2907 3472 :
2963 3413 3160 3488 Abba,
3189 3411 3418 3490 inquit,
3452 3413 3553 3487 dic

1962 3518 2120 3580 mihi
2165 3518 2451 3591 verbum,
2498 3513 2823 3596 quomodo
2872 3512 3093 3574 salver.
3148 3510 3241 3571 Ait
3291 3528 3485 3572 senex
3537 3530 3550 3573 :

1962 3619 2137 3681 Vade
2160 3619 2224 3679 in
2254 3616 2658 3697 sepulchrum
2682 3621 2744 3677 et
2770 3612 3117 3674 maledictis
3140 3618 3421 3672 mortuos
3441 3612 3557 3672 im-

1963 3726 2134 3799 pete.
2166 3717 2397 3779 Abiens
2437 3715 2628 3793 igitur
2655 3712 2843 3773 frater
2872 3727 2982 3771 eos
3016 3708 3314 3770 conviciis
3357 3714 3417 3767 et
3446 3712 3557 3785 64

1964 3816 2280 3898 lapidibus
2301 3814 2588 3895 appetiit,
2617 3826 3033 3888 reversusque
3054 3808 3443 3870 annuntiavit
3461 3825 3557 3871 se-

1963 3917 2054 3981 ni.
2091 3916 2207 3991 Qui
2236 3916 2314 3978 ab
2343 3932 2420 3977 eo
2447 3912 2693 3994 quaerit
2726 3929 2739 3972 :
2781 3910 3033 3972 Nihilne
3061 3909 3176 3970 tibi
3213 3908 3555 3988 responde-

1964 4015 2149 4079 runt?
2169 4014 2282 4077 Ille
2314 4032 2327 4075 :
2359 4012 2552 4075 Nihil.
2583 4013 2741 4073 Tum
2775 4026 3007 4072 senex:
3040 4011 3295 4081 Iterum,
3321 4009 3552 4087 inquit,

1964 4118 2366 4199 proﬁciscere
2398 4131 2556 4189 cras,
2589 4130 2827 4193 eosque
2857 4110 3148 4173 laudibus
3182 4110 3359 4171 effer.
3410 4112 3556 4172 Per-

1966 4235 2122 4297 gens
2177 4217 2389 4297 itaque
2440 4214 2633 4276 frater
2674 4209 3050 4275 collaudavit
3101 4226 3211 4271 eos
3258 4226 3491 4271 vocans
3534 4230 3553 4272 :

1966 4315 2276 4397 Apostoli,
2310 4312 2532 4388 sancti,
2555 4310 2727 4373 iusti.
2750 4312 2907 4371 Tum
2942 4308 3092 4370 adiit
3123 4325 3340 4370 senem
3376 4307 3560 4369 dixit-

1969 4437 2096 4499 que
2132 4435 2145 4478 :
2182 4415 2479 4479 Laudavi.
2517 4413 2633 4486 Qui
2667 4429 2680 4473 :
2721 4410 2998 4484 Nihilne,
3032 4409 3262 4488 inquit,
3301 4408 3416 4469 tibi
3462 4426 3559 4471 re-

265 4532 551 4605 custodi,
574 4531 828 4593 imitans
852 4529 1229 4609 PrOphetam
1252 4529 1362 4609 qui
1394 4529 1548 4590 dixit
1574 4547 1586 4589 :
1608 4530 1739 4606 Ego
1765 4546 1870 4591 au-
1899 4548 1944 4603 ι)
1974 4517 2405 4601 sponderunt?
2432 4518 2684 4578 Frater:
2718 4511 2907 4575 Nihil.
2933 4513 3108 4573 Tunc
3140 4527 3334 4573 senex
3368 4510 3506 4572 inﬁt
3538 4529 3553 4572 :

266 4642 399 4697 tem
423 4642 733 4712 tanquam
753 4631 976 4693 surdus
996 4647 1126 4693 non
1146 4630 1477 4693 audiebam
1494 4629 1602 4700 63
1625 4633 1685 4690 et
1710 4628 1869 4708 sicut
1970 4620 2172 4694 Nosti,
2215 4617 2466 4699 quantis
2509 4632 2621 4678 eos
2663 4611 3061 4677 contumeliis
3097 4610 3407 4687 atl‘eceris,
3440 4629 3559 4673 nec

268 4744 495 4797 mutus
525 4750 660 4794 non
680 4732 969 4812 aperiens
989 4748 1060 4793 os
1081 4748 1287 4806 suum,
1314 4736 1376 4791 et
1394 4730 1594 4792 factus
1616 4746 1753 4790 sum
1781 4728 1895 4791 sic-
1966 4722 2313 4804 quidquam
2357 4715 2824 4797 responderunt
2862 4712 2998 4785 tibi,
3031 4717 3092 4773 et
3121 4713 3371 4791 quantis
3410 4728 3557 4772 eos-

269 4844 341 4898 ut
398 4836 601 4897 homo
639 4850 766 4896 non
796 4832 1079 4906 audiens,
1120 4837 1181 4892 et
1209 4848 1339 4892 non
1376 4829 1617 4892 habens
1651 4828 1720 4890 in
1760 4844 1871 4890 ore
1969 4822 2114 4884 dem
2142 4819 2435 4883 laudibus
2474 4815 2816 4888 ornaveris,
2867 4812 3152 4891 nihilque
3184 4812 3263 4872 ad
3301 4818 3364 4873 te
3403 4828 3557 4891 pro-
3653 4856 3661 4888 ί

276 4955 393 5000 suo
416 4934 921 5011 redargutiones.
952 4932 1131 5005 Quod
1157 4938 1325 4993 certe
1351 4930 1429 4993 ad
1454 4944 1871 4991 commonen-
1968 4922 2166 4987 locuti
2205 4926 2373 4983 sunt.
2402 4921 2494 4980 Ita
2525 4923 2586 4980 et
2625 4923 2716 4992 tu,
2760 4916 2814 4978 si
2866 4913 3087 4977 salvari
3118 4912 3353 5011 cupisr
3382 4930 3559 4973 mor-
3643 4918 3653 4961 4

280 5037 429 5098 dum
454 5009 716 5097 sensum
745 5039 1031 5095 nostrum
1053 5030 1335 5111 quotidie
1362 5030 1426 5090 in
1455 5028 1677 5108 synaxi
1708 5027 1873 5108 psal—
1969 5030 2117 5087 tuus
2146 5023 2279 5095 ﬁas,
2307 5035 2519 5099 neque
2548 5017 2807 5079 iniurias
2835 5013 3165 5076 hominum
3194 5026 3311 5071 nec
3340 5009 3560 5072 laudes

286 5135 450 5197 litur.
475 5138 634 5197 Cave
656 5135 971 5207 etiam,ne
998 5148 1156 5193 vana
1190 5129 1386 5209 gloria
1410 5128 1725 5208 laudeque
1747 5126 1867 5188 ho-
1973 5142 2195 5189 eorum
2241 5122 2479 5199 cogites
2518 5118 2716 5181 instar
2768 5123 3207 5177 mortuorum:
3258 5111 3347 5173 sic
3390 5111 3561 5171 enim

289 5236 524 5297 minum
546 5235 904 5310 delecteris,
928 5239 989 5296 et
1013 5232 1241 5313 perdas
1262 5232 1683 5311 omnia,quae
1701 5227 1874 5291 labo-
1974 5226 2211 5309 poteris
2254 5224 2460 5287 salvus
2503 5219 2639 5282 fieri
2682 5216 2790 5299 (2).
2826 5240 2856 5273 ι)
2900 5212 3181 5276 Eandem
3235 5211 3557 5275 historiam

284 5336 486 5398 rando
512 5338 579 5399 in
618 5337 808 5399 bonis
837 5335 1138 5416 operibus
1171 5332 1560 5413 acquisieris,
1594 5330 1870 5393 fructus-

281 5454 411 5519 que
440 5438 657 5501 ieiunii
682 5445 744 5501 et
769 5434 1189 5500 abstinentiae
1217 5441 1361 5496 tuae
1390 5432 1870 5511 vigiliarumque

284 5544 348 5600 et
380 5540 729 5602 orationum
774 5533 1141 5599 mercedem
1177 5533 1246 5595 in
1281 5539 1537 5595 aeterna
1575 5530 1697 5592 vita
1736 5546 1869 5590 non

286 5643 680 5724 consequaris
700 5660 735 5705 a
750 5637 1067 5710 Domino,
1092 5634 1236 5715 quia
1251 5635 1390 5715 ipse
1411 5632 1566 5695 dixit
1587 5631 1655 5693 in
1676 5632 1874 5693 Evan-

346 5815 413 5885 (11
453 5815 559 5874 1Ὓ.
596 5813 709 5873 PP.
760 5808 964 5864 Rosw.
990 5819 1044 5872 p.
1083 5800 1209 5865 990,
1244 5799 1301 5854 Ξ.

330 5913 400 5991 (2)
425 5913 672 5973 Cotelcr.
719 5899 889 5959 Eccl.
928 5895 1125 5951 Graec.
1156 5891 1301 5947 Mon.
1341 5889 1406 5944 Τ.
1439 5886 1457 5942 1
1494 5904 1547 5960 ρ.
1580 5886 1684 5943 5⁸58
1719 5903 1765 5943 s.
1807 5901 1860 5942 v.

1974 5329 2268 5405 nuspiam
2298 5321 2446 5384 alibi
2474 5317 2711 5381 inveni.

2052 5424 2323 5504 Antiqua
2369 5426 2581 5484 autem
2621 5414 2826 5477 versio
2879 5410 3110 5474 deinde
3158 5410 3319 5472 hanc
3375 5407 3559 5469 aliam

1973 5528 2146 5592 addit
2170 5523 2423 5587 Macarii
2452 5517 2743 5599 Aegyptii
2784 5515 3172 5578 doctrinam:
3224 5536 3251 5567 α
3297 5512 3559 5572 Sanctus

1974 5627 2168 5690 abbas
2197 5620 2499 5684 Macarius
2524 5614 2971 5681 commonebat
2998 5629 3186 5691 saepe
3216 5606 3560 5687 discipulos

1954 5788 2238 5846 Macarius
2263 5787 2546 5859 Aegyptius
2572 5782 2602 5855 §
2627 5780 2825 5848 XXIII;
2858 5779 2913 5836 in
2935 5778 3129 5834 harum
3155 5773 3551 5842 Quaestionum

1970 5880 2284 5953 Appendice
2314 5879 2486 5935 altera
2516 5876 2621 5935 sub
2646 5873 2733 5930 111.
