4046 6452
546 419 619 474 63
1352 407 1454 464 ss.
1498 404 1968 463 MACARIORUM
2012 406 2335 461 AEGYPTII
2375 408 2464 462 ET
2505 406 2982 464 suamnam
3769 406 3844 464 64

545 544 695 590 suos
731 529 792 587 et
818 523 1083 587 docebat
1118 538 1229 583 eos
1269 519 1527 582 dicens:
1561 520 1939 580 Mementote
1963 533 2128 579 sem-
2160 535 2206 592 Α
2235 536 2347 581 nes
2394 520 2843 600 versionesque
2880 519 3138 594 habent,
3188 517 3321 581 sola
3365 517 3653 581 exhibet.
3708 522 3843 584 Po-

544 645 682 707 per,
726 626 874 706 quia
909 629 1052 685 ante
1096 626 1508 700 conspectum
1550 617 1799 678 Domini
1830 616 2126 696 omnipo-

545 726 734 788 tentis
789 721 1271 794 conversamini,
1329 719 1439 798 qui
1498 716 1803 797 prospicit
1848 718 2130 778 omnium

542 826 875 888 hominum
922 821 1336 899 cogitationes
1397 825 1459 881 et
1509 818 1898 896 singulorum
1940 818 2131 881 corda

544 931 883 988 scrutatur.
930 921 1110 995 Quod
1160 920 1345 982 etiam
1380 925 1441 980 et
1476 926 1727 979 sanctae
1772 918 2131 997 Scripturae

542 1031 874 1098 testantur,
907 1029 969 1085 et
1007 1020 1343 1101 Apostolus
1379 1019 1565 1080 docet
1608 1024 1669 1078 et
1717 1017 1868 1079 dicit
1899 1036 1911 1078 :
1945 1018 2132 1079 Vivus

546 1133 641 1189 est
672 1126 842 1187 enim
879 1139 1087 1184 sermo
1118 1121 1228 1181 Dei
1260 1122 1320 1181 et
1348 1120 1567 1181 efﬁcax
1601 1126 1663 1180 et
1691 1120 1934 1180 acutior
1959 1119 2133 1181 omni

544 1227 754 1305 gladio
784 1224 1044 1303 ancipiti
1074 1228 1135 1283 et
1155 1222 1522 1301 pertingens
1547 1238 1751 1300 usque
1778 1220 1855 1281 ad
1885 1221 2132 1283 animae

545 1328 915 1390 divisionem
947 1342 1018 1386 ac
1056 1322 1314 1403 spiritus
1346 1339 1726 1402 compagum
1775 1339 2034 1402 quoque
2072 1329 2133 1385 et

542 1427 985 1498 medullarum,
1020 1424 1327 1486 diseretor
1358 1422 1809 1501 cogitationum
1832 1428 1893 1484 et
1920 1422 2130 1485 inten-

540 1532 785 1593 tionum
823 1528 1063 1603 cordis;
1097 1539 1159 1591 et
1189 1546 1319 1591 non
1365 1535 1457 1592 est
1497 1527 1623 1589 ulla
1652 1535 1936 1591 creatura
1968 1528 2131 1589 invi-

543 1629 739 1691 sibilis
770 1630 837 1691 in
880 1636 1230 1709 conspectu
1261 1629 1434 1702 eius;
1470 1628 1683 1691 omnia
1712 1636 1917 1692 autem
1966 1630 2135 1692 nuda

542 1737 605 1790 et
648 1739 863 1810 aperta
914 1736 1061 1791 sunt
1107 1730 1305 1792 oculis
1354 1730 1511 1793 eius.
1562 1732 1842 1811 Ideoque
1882 1730 1933 1793 si
1990 1750 2129 1807 nos,

428 1886 440 1909 ,
539 1828 788 1902 fratres,
824 1830 1160 1909 pulsaverit
1199 1828 1530 1891 delectatio
1565 1832 1768 1892 carnis
1812 1837 1873 1892 et
1906 1849 2135 1893 concu-

539 1926 851 2005 piscentia
905 1926 1362 2004 fornicationis,
1408 1928 1777 1991 festinemus
1826 1932 2133 2012 repellere

546 2032 607 2087 et
639 2027 909 2090 abiicere
940 2027 1020 2090 de
1059 2029 1252 2091 corde
1283 2037 1502 2092 nostro
1550 2032 2043 2095 sordidissimam
2074 2034 2135 2095 et

545 2129 883 2209 pessimam
923 2129 1391 2207 cogitationem,
1442 2130 1806 2193 invocantes
1853 2134 2135 2195 intentis-

543 2229 701 2291 sime
752 2230 1134 2292 adiutorium
1180 2231 1431 2293 Domini
1476 2234 1674 2295 nostri
1718 2236 1864 2295 Jesu
1912 2234 2135 2298 Christi

541 2328 608 2390 in
643 2331 1033 2393 orationibus
1052 2349 1123 2394 ac
1152 2332 1429 2408 ieiuniis,
1456 2339 1527 2396 ut
1553 2335 1779 2397 virtute
1812 2337 2134 2416 potentiae

541 2445 693 2490 suae
727 2429 951 2509 eripiat
982 2447 1100 2491 nos
1133 2436 1192 2493 et
1238 2438 1526 2511 protegat
1555 2440 1615 2495 et
1647 2442 1928 2499 conterat
1957 2438 2131 2501 Sata-

546 2548 691 2591 nam
733 2532 851 2592 sub
905 2531 1174 2611 pedibus
1224 2535 1479 2596 nostris.
1537 2537 1797 2615 Oportet
1842 2555 2015 2616 ergo,
2070 2546 2137 2603 ut

546 2636 730 2695 etiam
778 2636 1205 2714 nosmetipsos
1256 2638 1643 2717 poenitendo
1692 2646 1751 2701 et
1783 2657 1817 2702 a
1862 2641 2135 2721 peccatis

544 2735 920 2797 abstinendo
959 2737 1398 2817 corripiamus,
1443 2740 1851 2820 dicamusque
1887 2743 1965 2803 ad
1995 2741 2133 2804 ani-

547 2852 712 2895 mam
769 2843 1086 2900 nostram:
1141 2839 1445 2912 Quoniam
1496 2840 1827 2903 delectatio
1877 2843 2135 2921 quidem

544 2936 851 3013 corporis,
882 2953 1045 3017 quae
1083 2943 1145 2999 te
1176 2937 1338 2999 male
1373 2937 1667 3015 oblectat,
1708 2942 1784 3003 ad
1814 2942 2135 3004 modicum

543 3042 795 3114 tempus
840 3041 970 3109 est;
1013 3054 1158 3098 nam
1208 3043 1523 3101 tormenta
1563 3047 1625 3101 et
1669 3040 1777 3110 65
1824 3041 2135 3103 cruciatus

544 3134 788 3196 animae
819 3142 881 3197 et
910 3138 1199 3217 corporis
1233 3137 1299 3199 in
1334 3137 1483 3217 igne
1516 3145 1775 3201 aeterno
1806 3138 2134 3217 gehennae

2231 618 2456 679 sterior
2504 618 2896 695 exhortatio,
2949 638 3139 700 quam
3186 618 3538 692 attulimus,
3598 627 3743 684 tota
3808 640 3846 686 θ

2231 724 2445 780 mente
2499 720 2751 781 Macarii
2813 720 3125 800 Aegyptii,
3184 736 3347 799 quae
3416 738 3494 780 ex
3543 720 3847 783 homiliis

2233 823 2657 899 cognoscitur,
2700 830 3007 902 concepta
3054 829 3167 884 est.
3229 820 3557 883 Humilitas
3622 829 3845 885 autem

2233 920 2478 993 cordis,
2548 921 2737 981 timor
2813 921 3103 996 Domini,
3182 921 3455 983 studium
3502 918 3846 989 castitatis,

2233 1017 2572 1097 praecipua
2644 1017 2897 1080 illorum
2962 1017 3419 1082 monachorum
3487 1026 3844 1100 praecepta

2232 1114 2490 1175 fuerunt
2524 1114 2632 1195 (Ξ).
2660 1118 2744 1177 Ac
2775 1117 3186 1197 peccantibus
3216 1118 3416 1195 magis
3447 1117 3849 1179 erubescen-

2234 1212 2385 1273 dum
2455 1229 2594 1275 esse
2646 1222 2909 1293 propter
2968 1215 3167 1276 Deum
3222 1214 3840 1294 omnipraesentem,

2235 1332 2426 1393 quam
2457 1323 2721 1395 prOpter
2741 1317 3055 1391 homines,
3081 1316 3477 1379 meretricem
3508 1317 3845 1397 quandam

2233 1414 2547 1495 Ephraem
2575 1418 2768 1496 Syrus
2793 1417 3028 1497 insigni
3052 1416 3247 1479 modo
3278 1418 3532 1480 edocuit
3572 1418 3698 1498 (3).

2315 1519 2554 1592 Restat,
2585 1524 2655 1579 ut
2686 1518 3059 1580 sententiam
3095 1518 3370 1593 Macarii,
3408 1534 3571 1597 quae
3609 1516 3843 1581 ultimo

2236 1620 2531 1699 antiquae
2561 1620 2867 1681 versionis
2914 1620 3119 1699 capite
3149 1619 3401 1699 legitur,
3436 1614 3601 1681 hanc
3633 1619 3841 1682 adda-

2235 1736 2376 1779 mus
2404 1737 2417 1779 :
2445 1742 2473 1774 «
2512 1719 2675 1781 Dixit
2700 1720 2892 1781 abbas
2919 1720 3223 1783 Macarius
3256 1738 3270 1781 :
3304 1721 3365 1781 Si
3387 1718 3674 1800 aliquem
3704 1738 3845 1782 cor-

2236 1820 2506 1900 ripueris
2534 1828 2888 1883 commotus
2934 1822 3011 1882 ad
3052 1821 3465 1896 iracundiam,
3500 1824 3840 1902 pr0priam

2236 1918 2594 1997 passionem
2626 1918 2956 1999 adimples.
2993 1920 3120 1981 Nec
3153 1922 3347 1995 enim,
3376 1924 3445 1981 ut
3475 1920 3673 1982 alium
3712 1921 3841 1983 sal-

2235 2036 2366 2092 ves,
2400 2019 2671 2098 teipsum
2711 2020 2977 2099 perdere
3008 2020 3224 2082 debes.
3257 2024 3422 2083 Erue
3466 2024 3840 2102 proximum

2234 2125 2411 2180 tuum
2440 2138 2474 2181 a
2506 2122 2782 2199 peccatis
2816 2122 2951 2183 sine
2981 2121 3395 2201 improperio,
3426 2122 3491 2184 in
3520 2133 3838 2203 quantum

2236 2220 2580 2301 praevales,
2614 2223 2763 2303 quia
2795 2222 2871 2285 ad
2903 2241 2970 2285 se
3019 2224 3184 2285 Deus
3227 2232 3675 2287 convertentes
3708 2243 3841 2288 non

2236 2323 2507 2403 proiicit.
2543 2324 2762 2387 Sermo
2792 2332 3003 2387 autem
3038 2324 3312 2387 malitiae
3359 2343 3489 2387 non
3526 2326 3837 2389 demore-

2235 2433 2338 2489 tur
2366 2427 2429 2488 in
2465 2427 2657 2489 corde
2703 2436 2812 2489 tuo
2860 2434 3079 2491 contra
3109 2445 3277 2503 eum,
3312 2434 3379 2489 ut
3412 2429 3624 2507 possis
3655 2428 3837 2491 dice-

2235 2546 2343 2591 re:
2382 2528 2630 2591 Dimitte
2662 2529 2848 2590 nobis
2878 2530 3084 2591 debita
3118 2538 3353 2605 nostra,
3394 2530 3555 2592 sicut
3601 2537 3666 2593 et
3719 2548 3837 2592 nos

2237 2630 2607 2692 dimittimus
2647 2630 3038 2692 debitoribus
3073 2634 3322 2693 nostris.
3356 2633 3464 2693 Dei
3495 2641 3711 2694 autem
3746 2640 3839 2694 est

2237 2731 2549 2793 dimittere
2598 2738 2659 2793 et
2706 2731 3080 2793 conﬁrmare
3135 2732 3247 2803 66
3285 2732 3662 2811 petitionem
3715 2749 3834 2793 no-

2236 2838 2424 2894 stram
2468 2831 2579 2913 (Ιι).
2635 2855 2664 2888 ιι
2714 2832 2901 2893 Cujus
2955 2832 3211 2912 quidem
3260 2833 3608 2894 sententiae
3662 2833 3837 2913 prior

2236 2946 2385 3009 pars
2426 2928 2493 2989 in
2544 2928 2937 2992 collectionis
2981 2930 3292 2991 Rosweidi
3340 2930 3500 2993 libro
3540 2931 3735 2993 tertio
3774 2939 3833 2993 et

2238 3029 2461 3109 quinto
2494 3036 2682 3109 atque
2729 3031 2795 3090 in
2841 3029 3411 3110 Apophthegmatis
3440 3049 3473 3092 a
3516 3031 3831 3093 Cotelerio

2238 3126 2421 3189 editis
2472 3127 2701 3206 legitur
2758 3128 2865 3208 (5),
2927 3146 3193 3210 eamque
3242 3130 3492 3191 Macarii
3539 3131 3831 3211 Aegyptii

543 3235 610 3296 in
646 3245 981 3316 perpetuas
1014 3247 1391 3320 permanent
1437 3259 1700 3320 poenas.
1746 3241 1907 3303 Illud
1947 3243 2133 3305 etiam

2239 3230 2613 3293 sententiam
2643 3248 2806 3305 esse,
2838 3248 2874 3293 e
2917 3231 3079 3295 libro
3112 3232 3336 3313 quinto
3380 3231 3460 3313 (6)
3497 3233 3829 3296 collectio-

545 3336 959 3401 admonentes
1015 3340 1289 3402 animam
1351 3349 1627 3403 nostram
1678 3342 2013 3404 dicamus:
2073 3342 2136 3404 Si

546 3435 864 3498 erubescis
898 3436 1188 3500 homines
1226 3439 1463 3502 similes
1505 3440 1596 3502 tui
1630 3448 2016 3521 peccatores,
2055 3458 2137 3505 ne

544 3534 797 3596 videant
828 3542 888 3596 te
920 3544 1315 3615 peccantem,
1347 3554 1541 3618 quare
1574 3557 1704 3602 non
1732 3541 1930 3619 magis
1956 3556 2135 3604 reve-

546 3633 669 3693 reri
703 3640 763 3694 et
794 3635 1015 3697 timere
1044 3636 1237 3699 debes
1276 3640 1664 3701 maiestatem
1697 3640 1806 3703 Dei
1836 3642 2133 3722 omnipo-

543 3735 752 3807 tentis,
784 3737 893 3815 qui
931 3739 1215 3800 omnium
1261 3747 1501 3803 secreta
1530 3743 1817 3804 cordium
1850 3744 2139 3806 conside-

544 3840 661 3907 rat,
719 3836 881 3897 sicut
936 3845 997 3899 et
1048 3841 1388 3919 Apostolus
1419 3842 1544 3904 ait:
1600 3845 1819 3905 Omnia
1868 3846 2035 3907 nuda
2075 3852 2138 3907 et

544 3939 759 4011 aperta
783 3942 929 3996 sunt
951 3937 1152 3999 oculis
1181 3940 1338 4001 eius.
1364 3940 1617 4003 Talibus
1646 3958 1796 4020 ergo
1817 3944 2139 4021 cogitatio-

545 4034 731 4094 nibus
782 4034 835 4094 si
880 4034 1280 4116 increpamus
1334 4041 1782 4121 nosmetipsos,
1832 4047 2135 4109 continuo

543 4132 732 4192 timor
752 4133 1001 4196 Domini
1020 4138 1187 4198 venit
1213 4138 1281 4200 in
1313 4141 1503 4202 corde
1528 4148 1768 4217 nostro,
1793 4150 1855 4205 et
1875 4145 1941 4207 in
1966 4164 2137 4209 amo-

547 4250 676 4293 rem
710 4234 1007 4297 castitatis
1029 4238 1434 4302 conﬁrmatur
1452 4242 1658 4304 anima
1681 4250 1914 4319 nostra,
1948 4247 2135 4309 etiam

547 4336 608 4393 et
636 4332 714 4393 ad
747 4335 958 4397 omnia
1001 4349 1339 4420 praecepta
1382 4342 1630 4404 Domini
1658 4342 1948 4406 facienda
1980 4346 2137 4409 inci-

545 4435 768 4519 tamur,
795 4433 1126 4497 adiuvante
1156 4455 1275 4500 nos
1304 4442 1501 4519 gratia
1530 4442 1779 4504 Domini
1811 4446 2009 4507 nostri
2036 4449 2135 4509 Je-

2240 3331 2338 3392 nis
2367 3338 2557 3411 patet.

2318 3434 2438 3496 Sed
2475 3434 2599 3495 iam
2628 3434 2725 3509 iis,
2758 3450 2920 3513 quae
2947 3433 3191 3513 singula
3231 3434 3541 3497 Historiae
3573 3436 3827 3498 Lausia-

2240 3550 2349 3595 cae
2396 3535 2779 3615 exemplaria
2828 3534 2906 3595 de
2957 3536 3226 3596 Macario
3278 3536 3586 3615 Aegyptio
3644 3553 3827 3615 prae-

2238 3634 2412 3704 bent,
2437 3633 2725 3710 cognitis,
2759 3632 2836 3694 ad
2862 3650 2958 3707 ea,
2982 3650 3143 3713 quae
3170 3635 3248 3696 de
3270 3636 3537 3696 Macario
3570 3636 3830 3697 Alexan-

2240 3732 2421 3793 drino
2452 3750 2487 3793 a
2515 3732 2790 3795 Palladio
2836 3739 3191 3808 narrantur,
3224 3735 3683 3797 transeundum
3713 3743 3821 3797 est.

2833 3855 3078 3916 CAPUT
3121 3856 3224 3917 III.

2237 3971 2583 4016 PALLADIUS
2624 3974 2707 4016 DE
2748 3973 2985 4019 SANCTO
3030 3975 3303 4019 MACARIO
3345 3974 3819 4021 ALEXANDRINO.

2319 4057 2345 4130 §
2392 4053 2485 4115 18.
2535 4057 2809 4119 Historia
2833 4058 3153 4135 Lausiaca,
3198 4076 3361 4139 quae
3390 4060 3454 4121 in
3502 4062 3822 4124 codicibus

2238 4155 2839 4219 Vindobonensibus
2868 4156 3119 4236 legitur,
3154 4165 3493 4240 postquam
3521 4160 3600 4222 de
3632 4163 3823 4222 Maca—

2236 4255 2331 4315 rio
2371 4255 2678 4334 Aegyptio
2722 4256 2827 4318 illa
2870 4256 3105 4333 retulit,
3136 4258 3221 4319 ita
3267 4258 3475 4338 pergit
3521 4275 3816 4321 narrare:

2240 4380 2268 4413 α
2298 4358 2592 4420 Sanctum
2620 4377 2768 4422 vero
2797 4358 3137 4425 Macarium
3162 4361 3652 4425 Alexandrinum
3678 4380 3821 4425 con-

2236 4458 2403 4532 veni,
2440 4461 2549 4538 qui
2584 4462 2917 4541 presbyter
2948 4470 3079 4525 erat
3123 4463 3483 4539 Celliorum,
3524 4483 3689 4544 quae
3725 4462 3816 4524 di-

546 4547 620 4592 ευ
648 4530 894 4641 Christi,
947 4537 1059 4615 qui
1093 4540 1507 4603 servientibus
1556 4543 1676 4603 Sibi
1710 4544 1777 4605 in
1810 4546 2131 4609 sanctitate
2161 4577 2212 4640 υ
2237 4530 2484 4621 cuntur:
2520 4530 2605 4622 In.
2620 4530 2798 4641 quae"
2816 4580 2935 4641 ego
2968 4578 3193 4625 novem
3225 4581 3425 4626 annos
3457 4530 3711 4639 gec‘cssi’
3747 4579 3820 4625 ex

547 4639 607 4693 et
638 4633 917 4697 castitate
960 4640 1250 4717 promisit
1292 4642 1585 4706 caelestia
1625 4652 1685 4706 et
1725 4653 1979 4709 aeterna
2012 4647 2128 4709 do—

546 4752 695 4797 nare
739 4736 805 4797 in
834 4736 939 4799 illa
970 4739 1243 4817 gloriosa
1286 4741 1479 4804 futuri
1521 4744 1754 4806 saeculi
1794 4747 1940 4822 vita,
1988 4765 2131 4810 cum

545 4836 786 4913 angelis
819 4840 1049 4900 sanctis
1079 4840 1144 4900 in
1172 4842 1464 4921 perpetui
1505 4841 1760 4905 luminis
1792 4843 2133 4925 splendore

545 4951 799 5015 semper
829 4939 1103 5014 gaudere
1138 4936 1244 5019 (1).
1286 4962 1315 4996 »

628 5057 701 5116 Et
733 5056 888 5120 haec
921 5060 1178 5138 quidem
1220 5061 1478 5141 antiqua
1506 5062 1711 5125 versio
1756 5062 1834 5125 de
1866 5064 2133 5129 Macario

546 5157 856 5235 Aegyptio
900 5168 1150 5237 praeter
1187 5180 1284 5235 ea,
1333 5180 1496 5242 quae
1538 5162 1790 5225 codices
1819 5164 2137 5228 Vindobo-

547 5274 778 5320 nenses
826 5266 888 5321 et
917 5270 1163 5325 ceterae
1189 5265 1501 5328 Historiae
1544 5266 1877 5328 Lausiacae
1908 5266 2134 5329 editio-

619 5441 697 5511 (ι)
728 5438 844 5495 γν.
881 5437 984 5493 ΡΡ.
1018 5441 1205 5497 Rosvv.
1234 5459 1289 5514 p.
1327 5444 1455 5511 991,
1490 5446 1541 5500 Ι.

616 5508 697 5602 (2)
739 5532 824 5587 cr.
879 5530 1077 5603 Evagr.
1120 5508 1311 5605 Capita
1348 5508 1613 5607 practice.
1658 5538 1835 5595 initio.
1875 5508 2127 5593 canam.

547 5620 687 5681 Bibl.
712 5622 818 5679 PP.
849 5624 913 5677 Τ.
958 5624 1049 5680 vn
1082 5642 1136 5695 p.
1166 5626 1291 5681 διεδ.

617 5716 698 5785 (5)
729 5713 846 5772 VV.
882 5717 984 5771 PP.
1017 5718 1201 5773 Rosw.
1234 5720 1325 5773 lib.
1358 5720 1402 5773 ν
1435 5736 1558 5791 cap.
1583 5720 1644 5774 21
1683 5738 1734 5791 p.
1767 5722 1891 5776 598.

620 5806 697 5872 (4)
732 5805 865 5876 Cap.
903 5809 993 5875 29.,
1038 5810 1105 5862 17
1134 5806 1242 5864 VV.
1278 5809 1380 5865 PP.
1416 5812 1600 5865 Rosw.
1631 5828 1683 5881 p.
1723 5813 1881 5867 1001.

621 5895 697 5965 (Β)
731 5894 850 5955 Lib.
879 5899 943 5954 ιιι
982 5917 1102 5971 cap.
1137 5901 1204 5954 a7
1231 5918 1244 5965 ;
1276 5903 1370 5959 lib.
1412 5904 1451 5957 v
1480 5904 1645 5959 libell.
1671 5904 1726 5971 4,
1758 5905 1848 5959 23.
1888 5904 2121 5961 Cotcler.

2236 4666 2469 4747 quibus
2532 4676 2658 4731 tres
2719 4688 2970 4732 mecum
3033 4671 3184 4732 vixit
3238 4670 3344 4733 ille
3394 4672 3698 4733 Macarius
3757 4669 3818 4729 in

2235 4767 2447 4847 quiete
2498 4767 2758 4847 degens.
2807 4773 3009 4849 Atque
3056 4770 3176 4832 alia
3224 4769 3483 4849 quidem
3528 4771 3664 4851 ipse
3698 4764 3818 4829 vidi

2234 4866 2403 4946 apud
2434 4885 2579 4928 eum
2602 4869 2877 4948 Optimae
2908 4870 3043 4932 eius
3066 4870 3312 4931 vivendi
3342 4872 3601 4933 rationis
3631 4883 3816 4950 opera

2237 4974 2299 5028 et
2328 4966 2528 5045 signa,
2561 4968 2679 5031 alia
2706 4971 2786 5032 ab
2816 4970 2918 5045 iis,
2943 4971 3053 5051 qui
3079 4989 3203 5033 una
3234 4989 3377 5033 cum
3405 4989 3482 5034 eo
3512 4972 3812 5038 vixerunt.

2236 5067 2453 5142 didici,
2499 5069 2618 5132 alia
2651 5071 2928 5149 denique
2975 5089 3011 5133 a
3059 5071 3492 5152 compluribus
3535 5073 3671 5135 aliis
3704 5088 3812 5132 au—

2237 5167 2385 5229 divi.
2418 5170 2791 5232 Exercitatio
2835 5172 3024 5248 igitur
3051 5172 3300 5234 Macarii
3340 5174 3572 5251 magni,
3606 5182 3674 5235 ut
3703 5186 3814 5248 ego

2240 5278 2301 5331 et
2347 5270 2528 5333 multi
2573 5272 2741 5353 apud
2790 5291 2933 5334 eum
2976 5272 3332 5348 didicimus,
3376 5273 3531 5337 haec
3570 5274 3706 5335 fuit.
3756 5272 3813 5329 SI

2236 5449 2385 5506 Eccl.
2420 5449 2617 5505 Graec.
2661 5449 2809 5505 Mon.
2850 5451 2913 5507 Τ.
2966 5452 2982 5504 Ι
3021 5468 3074 5523 p.
3101 5452 3205 5507 586
3238 5466 3283 5508 s.
3316 5470 3369 5507 ν.
3406 5453 3680 5509 Macarius
3714 5450 3809 5503 Ac-

2233 5541 2439 5609 gyptius
2477 5541 2505 5612 ᾗ
2541 5540 2719 5610 XVII;
2752 5541 2805 5597 in
2844 5543 3037 5597 harum
3079 5542 3474 5610 Quaestionum
3507 5542 3809 5617 Appendice

2235 5633 2404 5686 altera
2432 5632 2536 5687 sub
2572 5629 2661 5685 Ill.

2305 5722 2381 5793 (6)
2414 5723 2531 5777 Lib.
2562 5722 2607 5776 V
2633 5724 2803 5781 libell.
2834 5726 2889 5788 4,
2918 5725 2989 5780 28
3019 5726 3153 5797 legis
3182 5745 3194 5780 :
3233 5745 3251 5776 ί
3297 5726 3438 5780 Dixit
3469 5728 3592 5782 item
3634 5723 3804 5777 Maca—

2233 5818 2385 5877 rius;
2416 5830 2434 5862 ι
2474 5815 2566 5869 sed
2601 5816 2779 5885 capite
2812 5817 3171 5876 antecedente
3197 5818 3266 5875 de
3303 5840 3319 5872 ε
3354 5818 3592 5875 Macario
3620 5816 3806 5872 maiora

2233 5909 2286 5962 in
2316 5906 2483 5963 Scit/ti
2521 5927 2537 5958 ι
2573 5916 2847 5965 narratur.
