  <div class='ocr_page' id='page_1' title='image "/cluster/home/n/w/nwhite01/storage/ocr_20150623/34/coo.31924054869312/046.png"; bbox 0 0 4046 6470; ppageno 0'>
   <div class='ocr_carea' id='block_1_1' title="bbox 223 366 1872 436">
    <p class='ocr_par' dir='ltr' id='par_1_1' title="bbox 223 366 1866 433">
     <span class='ocr_line' id='line_1_1' title="bbox 223 366 1866 433; baseline 0.001 -2"><span class='ocrx_word' id='word_1_1' title='bbox 223 378 260 432; x_wconf 77' lang='lat'><strong>65</strong></span> <span class='ocrx_word' id='word_1_2' title='bbox 1801 366 1866 433; x_wconf 75' lang='lat' dir='ltr'><strong>&#39;VI</strong></span> 
     </span>
    </p>
   </div>
   <div class='ocr_carea' id='block_1_2' title="bbox 1975 366 3532 436">
    <p class='ocr_par' dir='ltr' id='par_1_2' title="bbox 1975 373 3532 436">
     <span class='ocr_line' id='line_1_2' title="bbox 1975 373 3532 436; baseline 0.002 -5"><span class='ocrx_word' id='word_1_3' title='bbox 1975 373 2028 434; x_wconf 59' lang='grc' dir='ltr'><strong>[τι.</strong></span> <span class='ocrx_word' id='word_1_4' title='bbox 3467 384 3532 436; x_wconf 76' lang='lat' dir='ltr'><strong>m</strong></span> 
     </span>
    </p>
   </div>
   <div class='ocr_carea' id='block_1_3' title="bbox 225 487 3539 581">
    <p class='ocr_par' dir='ltr' id='par_1_3' title="bbox 225 487 3539 581">
     <span class='ocr_line' id='line_1_3' title="bbox 225 487 3539 581; baseline 0.004 -33"><span class='ocrx_word' id='word_1_5' title='bbox 225 487 332 568; x_wconf 84' lang='lat' dir='ltr'><strong>quod</strong></span> <span class='ocrx_word' id='word_1_6' title='bbox 395 507 586 571; x_wconf 85' lang='lat' dir='ltr'><strong>Opus</strong></span> <span class='ocrx_word' id='word_1_7' title='bbox 657 503 1206 566; x_wconf 76' lang='lat' dir='ltr'><strong>exercitationis</strong></span> <span class='ocrx_word' id='word_1_8' title='bbox 1257 503 1526 581; x_wconf 77' lang='lat' dir='ltr'><strong>aliquem</strong></span> <span class='ocrx_word' id='word_1_9' title='bbox 1585 515 1860 578; x_wconf 78' lang='lat' dir='ltr'><strong>unquam</strong></span> <span class='ocrx_word' id='word_1_10' title='bbox 1895 501 1934 553; x_wconf 84' lang='lat' dir='ltr'><strong>A</strong></span> <span class='ocrx_word' id='word_1_11' title='bbox 1968 502 2334 576; x_wconf 82' lang='lat' dir='ltr'><strong>potestatem</strong></span> <span class='ocrx_word' id='word_1_12' title='bbox 2383 497 2446 556; x_wconf 93' lang='lat' dir='ltr'><strong>in</strong></span> <span class='ocrx_word' id='word_1_13' title='bbox 2490 501 2795 575; x_wconf 78' lang='lat' dir='ltr'><strong>Aegypto,</strong></span> <span class='ocrx_word' id='word_1_14' title='bbox 2852 501 3134 578; x_wconf 86' lang='lat' dir='ltr'><strong>tempore</strong></span> <span class='ocrx_word' id='word_1_15' title='bbox 3180 497 3337 559; x_wconf 90' lang='lat' dir='ltr'><strong>vitae</strong></span> <span class='ocrx_word' id='word_1_16' title='bbox 3391 517 3539 562; x_wconf 87' lang='lat' dir='ltr'><strong>suae</strong></span> 
     </span>
    </p>
   </div>
   <div class='ocr_carea' id='block_1_4' title="bbox 220 588 1868 673">
    <p class='ocr_par' dir='ltr' id='par_1_4' title="bbox 220 588 1868 673">
     <span class='ocr_line' id='line_1_4' title="bbox 220 588 1868 673; baseline 0.005 -23"><span class='ocrx_word' id='word_1_17' title='bbox 220 588 384 652; x_wconf 77' lang='lat' dir='ltr'><strong>iecisse</strong></span> <span class='ocrx_word' id='word_1_18' title='bbox 437 596 821 673; x_wconf 79' lang='lat' dir='ltr'><strong>audierat,</strong></span> <span class='ocrx_word' id='word_1_19' title='bbox 879 604 1078 665; x_wconf 86' lang='lat' dir='ltr'><strong>idem</strong></span> <span class='ocrx_word' id='word_1_20' title='bbox 1130 605 1373 664; x_wconf 82' lang='lat' dir='ltr'><strong>eﬂicere</strong></span> <span class='ocrx_word' id='word_1_21' title='bbox 1411 603 1700 664; x_wconf 83' lang='lat' dir='ltr'><strong>ardenter</strong></span> <span class='ocrx_word' id='word_1_22' title='bbox 1744 606 1868 659; x_wconf 84' lang='lat' dir='ltr'><strong>stu-</strong></span> 
     </span>
    </p>
   </div>
   <div class='ocr_carea' id='block_1_5' title="bbox 217 691 1862 782">
    <p class='ocr_par' dir='ltr' id='par_1_5' title="bbox 217 691 1862 782">
     <span class='ocr_line' id='line_1_5' title="bbox 217 691 1862 782; baseline 0.007 -33"><span class='ocrx_word' id='word_1_23' title='bbox 217 691 313 751; x_wconf 87' lang='lat' dir='ltr'><strong>duit.</strong></span> <span class='ocrx_word' id='word_1_24' title='bbox 342 694 473 754; x_wconf 83' lang='lat' dir='ltr'><strong>Hic</strong></span> <span class='ocrx_word' id='word_1_25' title='bbox 511 695 754 774; x_wconf 77' lang='lat' dir='ltr'><strong>igitur</strong></span> <span class='ocrx_word' id='word_1_26' title='bbox 789 712 1114 777; x_wconf 82' lang='lat' dir='ltr'><strong>sanctus,</strong></span> <span class='ocrx_word' id='word_1_27' title='bbox 1165 722 1356 782; x_wconf 89' lang='lat' dir='ltr'><strong>quum</strong></span> <span class='ocrx_word' id='word_1_28' title='bbox 1392 702 1710 772; x_wconf 85' lang='lat' dir='ltr'><strong>audiisset,</strong></span> <span class='ocrx_word' id='word_1_29' title='bbox 1744 700 1862 760; x_wconf 86' lang='lat' dir='ltr'><strong>Ta-</strong></span> 
     </span>
    </p>
   </div>
   <div class='ocr_carea' id='block_1_6' title="bbox 211 789 1867 884">
    <p class='ocr_par' dir='ltr' id='par_1_6' title="bbox 211 789 1867 884">
     <span class='ocr_line' id='line_1_6' title="bbox 211 789 1867 884; baseline 0.005 -31"><span class='ocrx_word' id='word_1_30' title='bbox 211 789 602 858; x_wconf 87' lang='lat' dir='ltr'><strong>bennesiotas</strong></span> <span class='ocrx_word' id='word_1_31' title='bbox 637 816 793 877; x_wconf 89' lang='lat' dir='ltr'><strong>per</strong></span> <span class='ocrx_word' id='word_1_32' title='bbox 841 808 1068 866; x_wconf 88' lang='lat' dir='ltr'><strong>totam</strong></span> <span class='ocrx_word' id='word_1_33' title='bbox 1117 803 1652 884; x_wconf 87' lang='lat' dir='ltr'><strong>q&#39;uadragesimam</strong></span> <span class='ocrx_word' id='word_1_34' title='bbox 1699 800 1867 862; x_wconf 88' lang='lat' dir='ltr'><strong>nulla</strong></span> 
     </span>
    </p>
   </div>
   <div class='ocr_carea' id='block_1_7' title="bbox 215 894 1869 979">
    <p class='ocr_par' dir='ltr' id='par_1_7' title="bbox 215 894 1869 979">
     <span class='ocr_line' id='line_1_7' title="bbox 215 894 1869 979; baseline 0.005 -26"><span class='ocrx_word' id='word_1_35' title='bbox 215 894 478 967; x_wconf 85' lang='lat' dir='ltr'><strong>revesci,</strong></span> <span class='ocrx_word' id='word_1_36' title='bbox 540 915 752 976; x_wconf 88' lang='lat' dir='ltr'><strong>quae</strong></span> <span class='ocrx_word' id='word_1_37' title='bbox 811 902 976 979; x_wconf 82' lang='lat' dir='ltr'><strong>igni</strong></span> <span class='ocrx_word' id='word_1_38' title='bbox 1027 905 1272 966; x_wconf 87' lang='lat' dir='ltr'><strong>admota</strong></span> <span class='ocrx_word' id='word_1_39' title='bbox 1321 910 1504 973; x_wconf 82' lang='lat' dir='ltr'><strong>esset,</strong></span> <span class='ocrx_word' id='word_1_40' title='bbox 1551 901 1764 962; x_wconf 84' lang='lat' dir='ltr'><strong>statuit</strong></span> <span class='ocrx_word' id='word_1_41' title='bbox 1805 909 1869 962; x_wconf 89' lang='lat' dir='ltr'><strong>et</strong></span> 
     </span>
    </p>
   </div>
   <div class='ocr_carea' id='block_1_8' title="bbox 217 995 1864 1082">
    <p class='ocr_par' dir='ltr' id='par_1_8' title="bbox 217 995 1864 1082">
     <span class='ocr_line' id='line_1_8' title="bbox 217 995 1864 1082; baseline 0.006 -30"><span class='ocrx_word' id='word_1_42' title='bbox 217 995 318 1072; x_wconf 82' lang='lat' dir='ltr'><strong>ipse</strong></span> <span class='ocrx_word' id='word_1_43' title='bbox 339 999 739 1074; x_wconf 87' lang='lat' dir='ltr'><strong>septennio</strong></span> <span class='ocrx_word' id='word_1_44' title='bbox 780 1001 1003 1076; x_wconf 87' lang='lat' dir='ltr'><strong>nihil,</strong></span> <span class='ocrx_word' id='word_1_45' title='bbox 1039 1005 1209 1082; x_wconf 93' lang='lat' dir='ltr'><strong>quod</strong></span> <span class='ocrx_word' id='word_1_46' title='bbox 1256 1022 1366 1082; x_wconf 87' lang='lat' dir='ltr'><strong>per</strong></span> <span class='ocrx_word' id='word_1_47' title='bbox 1404 1005 1613 1079; x_wconf 80' lang='lat' dir='ltr'><strong>ignem</strong></span> <span class='ocrx_word' id='word_1_48' title='bbox 1661 1009 1864 1062; x_wconf 90' lang='lat' dir='ltr'><strong>trans—</strong></span> 
     </span>
    </p>
   </div>
   <div class='ocr_carea' id='block_1_9' title="bbox 228 1097 1866 1182">
    <p class='ocr_par' dir='ltr' id='par_1_9' title="bbox 228 1097 1866 1182">
     <span class='ocr_line' id='line_1_9' title="bbox 228 1097 1866 1182; baseline 0.004 -28"><span class='ocrx_word' id='word_1_49' title='bbox 228 1097 378 1165; x_wconf 77' lang='lat' dir='ltr'><strong>iisset,</strong></span> <span class='ocrx_word' id='word_1_50' title='bbox 409 1098 855 1176; x_wconf 84' lang='lat' dir='ltr'><strong>comedere,</strong></span> <span class='ocrx_word' id='word_1_51' title='bbox 900 1110 972 1163; x_wconf 90' lang='lat' dir='ltr'><strong>et</strong></span> <span class='ocrx_word' id='word_1_52' title='bbox 1016 1110 1253 1182; x_wconf 84' lang='lat' dir='ltr'><strong>septem</strong></span> <span class='ocrx_word' id='word_1_53' title='bbox 1293 1103 1474 1163; x_wconf 91' lang='lat' dir='ltr'><strong>annis</strong></span> <span class='ocrx_word' id='word_1_54' title='bbox 1522 1101 1674 1162; x_wconf 91' lang='lat' dir='ltr'><strong>nihil</strong></span> <span class='ocrx_word' id='word_1_55' title='bbox 1699 1100 1866 1161; x_wconf 90' lang='lat' dir='ltr'><strong>aliud</strong></span> 
     </span>
    </p>
   </div>
   <div class='ocr_carea' id='block_1_10' title="bbox 235 1198 1864 1280">
    <p class='ocr_par' dir='ltr' id='par_1_10' title="bbox 235 1198 1864 1280">
     <span class='ocr_line' id='line_1_10' title="bbox 235 1198 1864 1280; baseline 0.001 -22"><span class='ocrx_word' id='word_1_56' title='bbox 235 1198 488 1275; x_wconf 77' lang='lat' dir='ltr'><strong>gustavit,</strong></span> <span class='ocrx_word' id='word_1_57' title='bbox 518 1199 666 1259; x_wconf 85' lang='lat' dir='ltr'><strong>nisi</strong></span> <span class='ocrx_word' id='word_1_58' title='bbox 705 1203 945 1264; x_wconf 87' lang='lat' dir='ltr'><strong>cruda</strong></span> <span class='ocrx_word' id='word_1_59' title='bbox 979 1204 1170 1275; x_wconf 90' lang='lat' dir='ltr'><strong>olera,</strong></span> <span class='ocrx_word' id='word_1_60' title='bbox 1206 1210 1266 1264; x_wconf 92' lang='lat' dir='ltr'><strong>et</strong></span> <span class='ocrx_word' id='word_1_61' title='bbox 1305 1204 1354 1263; x_wconf 90' lang='lat' dir='ltr'><strong>si</strong></span> <span class='ocrx_word' id='word_1_62' title='bbox 1391 1219 1548 1280; x_wconf 88' lang='lat' dir='ltr'><strong>quae</strong></span> <span class='ocrx_word' id='word_1_63' title='bbox 1577 1201 1735 1262; x_wconf 85' lang='lat' dir='ltr'><strong>forte</strong></span> <span class='ocrx_word' id='word_1_64' title='bbox 1767 1201 1864 1260; x_wconf 90' lang='lat' dir='ltr'><strong>in-</strong></span> 
     </span>
    </p>
   </div>
   <div class='ocr_carea' id='block_1_11' title="bbox 238 1296 1866 1376">
    <p class='ocr_par' dir='ltr' id='par_1_11' title="bbox 238 1296 1866 1376">
     <span class='ocr_line' id='line_1_11' title="bbox 238 1296 1866 1376; baseline 0.004 -21"><span class='ocrx_word' id='word_1_65' title='bbox 238 1297 480 1371; x_wconf 78' lang='lat' dir='ltr'><strong>venisset</strong></span> <span class='ocrx_word' id='word_1_66' title='bbox 525 1296 918 1376; x_wconf 79' lang='lat' dir='ltr'><strong>legumina</strong></span> <span class='ocrx_word' id='word_1_67' title='bbox 961 1302 1336 1364; x_wconf 87' lang='lat' dir='ltr'><strong>humectata.</strong></span> <span class='ocrx_word' id='word_1_68' title='bbox 1365 1303 1450 1362; x_wconf 90' lang='lat' dir='ltr'><strong>De</strong></span> <span class='ocrx_word' id='word_1_69' title='bbox 1487 1301 1608 1362; x_wconf 93' lang='lat' dir='ltr'><strong>alio</strong></span> <span class='ocrx_word' id='word_1_70' title='bbox 1646 1301 1866 1361; x_wconf 90' lang='lat' dir='ltr'><strong>audie-</strong></span> 
     </span>
    </p>
   </div>
   <div class='ocr_carea' id='block_1_12' title="bbox 243 1401 1865 1484">
    <p class='ocr_par' dir='ltr' id='par_1_12' title="bbox 243 1401 1865 1484">
     <span class='ocr_line' id='line_1_12' title="bbox 243 1401 1865 1484; baseline 0.004 -23"><span class='ocrx_word' id='word_1_71' title='bbox 243 1409 337 1470; x_wconf 88' lang='lat' dir='ltr'><strong>rat,</strong></span> <span class='ocrx_word' id='word_1_72' title='bbox 377 1403 486 1480; x_wconf 96' lang='lat' dir='ltr'><strong>qui</strong></span> <span class='ocrx_word' id='word_1_73' title='bbox 515 1401 785 1464; x_wconf 82' lang='lat' dir='ltr'><strong>libram</strong></span> <span class='ocrx_word' id='word_1_74' title='bbox 825 1406 1026 1484; x_wconf 87' lang='lat' dir='ltr'><strong>panis</strong></span> <span class='ocrx_word' id='word_1_75' title='bbox 1059 1406 1451 1477; x_wconf 89' lang='lat' dir='ltr'><strong>comederet;</strong></span> <span class='ocrx_word' id='word_1_76' title='bbox 1505 1425 1698 1484; x_wconf 87' lang='lat' dir='ltr'><strong>quare</strong></span> <span class='ocrx_word' id='word_1_77' title='bbox 1738 1404 1865 1468; x_wconf 88' lang='lat' dir='ltr'><strong>fre—</strong></span> 
     </span>
    </p>
   </div>
   <div class='ocr_carea' id='block_1_13' title="bbox 248 1504 1872 1582">
    <p class='ocr_par' dir='ltr' id='par_1_13' title="bbox 248 1504 1872 1582">
     <span class='ocr_line' id='line_1_13' title="bbox 248 1504 1872 1582; baseline 0.002 -19"><span class='ocrx_word' id='word_1_78' title='bbox 248 1505 339 1580; x_wconf 81' lang='lat' dir='ltr'><strong>git,</strong></span> <span class='ocrx_word' id='word_1_79' title='bbox 367 1523 530 1582; x_wconf 90' lang='lat' dir='ltr'><strong>quae</strong></span> <span class='ocrx_word' id='word_1_80' title='bbox 553 1504 845 1579; x_wconf 82' lang='lat' dir='ltr'><strong>habuit,</strong></span> <span class='ocrx_word' id='word_1_81' title='bbox 879 1506 1231 1567; x_wconf 85' lang='lat' dir='ltr'><strong>buccellata</strong></span> <span class='ocrx_word' id='word_1_82' title='bbox 1263 1512 1324 1566; x_wconf 89' lang='lat' dir='ltr'><strong>et</strong></span> <span class='ocrx_word' id='word_1_83' title='bbox 1351 1507 1415 1566; x_wconf 91' lang='lat' dir='ltr'><strong>in</strong></span> <span class='ocrx_word' id='word_1_84' title='bbox 1443 1505 1726 1582; x_wconf 84' lang='lat' dir='ltr'><strong>lagonam</strong></span> <span class='ocrx_word' id='word_1_85' title='bbox 1758 1507 1872 1566; x_wconf 90' lang='lat' dir='ltr'><strong>im-</strong></span> 
     </span>
    </p>
   </div>
   <div class='ocr_carea' id='block_1_14' title="bbox 255 1603 1868 1683">
    <p class='ocr_par' dir='ltr' id='par_1_14' title="bbox 255 1603 1868 1683">
     <span class='ocr_line' id='line_1_14' title="bbox 255 1603 1868 1683; baseline 0.004 -21"><span class='ocrx_word' id='word_1_86' title='bbox 255 1603 418 1675; x_wconf 84' lang='lat' dir='ltr'><strong>misit,</strong></span> <span class='ocrx_word' id='word_1_87' title='bbox 466 1611 790 1665; x_wconf 83' lang='lat' dir='ltr'><strong>statuens</strong></span> <span class='ocrx_word' id='word_1_88' title='bbox 850 1613 1099 1666; x_wconf 90' lang='lat' dir='ltr'><strong>tantum</strong></span> <span class='ocrx_word' id='word_1_89' title='bbox 1148 1605 1508 1676; x_wconf 84' lang='lat' dir='ltr'><strong>comedere,</strong></span> <span class='ocrx_word' id='word_1_90' title='bbox 1567 1613 1868 1683; x_wconf 84' lang='lat' dir='ltr'><strong>quantum</strong></span> 
     </span>
    </p>
   </div>
   <div class='ocr_carea' id='block_1_15' title="bbox 265 1704 1869 1783">
    <p class='ocr_par' dir='ltr' id='par_1_15' title="bbox 265 1704 1869 1783">
     <span class='ocr_line' id='line_1_15' title="bbox 265 1704 1869 1783; baseline 0.002 -21"><span class='ocrx_word' id='word_1_91' title='bbox 265 1721 459 1764; x_wconf 86' lang='lat' dir='ltr'><strong>manus</strong></span> <span class='ocrx_word' id='word_1_92' title='bbox 507 1704 740 1783; x_wconf 85' lang='lat' dir='ltr'><strong>ipsius</strong></span> <span class='ocrx_word' id='word_1_93' title='bbox 794 1723 1056 1766; x_wconf 86' lang='lat' dir='ltr'><strong>sursum</strong></span> <span class='ocrx_word' id='word_1_94' title='bbox 1088 1705 1348 1766; x_wconf 86' lang='lat' dir='ltr'><strong>tulisset.</strong></span> <span class='ocrx_word' id='word_1_95' title='bbox 1400 1708 1617 1782; x_wconf 83' lang='lat' dir='ltr'><strong>Magna</strong></span> <span class='ocrx_word' id='word_1_96' title='bbox 1661 1713 1869 1766; x_wconf 90' lang='lat' dir='ltr'><strong>autem</strong></span> 
     </span>
    </p>
   </div>
   <div class='ocr_carea' id='block_1_16' title="bbox 269 1799 1938 1894">
    <p class='ocr_par' dir='ltr' id='par_1_16' title="bbox 269 1799 1938 1894">
     <span class='ocr_line' id='line_1_16' title="bbox 269 1799 1938 1894; baseline 0.003 -34"><span class='ocrx_word' id='word_1_97' title='bbox 269 1799 398 1862; x_wconf 84' lang='lat' dir='ltr'><strong>haec</strong></span> <span class='ocrx_word' id='word_1_98' title='bbox 451 1821 741 1882; x_wconf 88' lang='lat' dir='ltr'><strong>quoque</strong></span> <span class='ocrx_word' id='word_1_99' title='bbox 802 1805 931 1866; x_wconf 83' lang='lat' dir='ltr'><strong>fuit</strong></span> <span class='ocrx_word' id='word_1_100' title='bbox 978 1804 1383 1866; x_wconf 84' lang='lat' dir='ltr'><strong>continentia.</strong></span> <span class='ocrx_word' id='word_1_101' title='bbox 1448 1807 1601 1865; x_wconf 86' lang='lat' dir='ltr'><strong>Nam</strong></span> <span class='ocrx_word' id='word_1_102' title='bbox 1650 1805 1866 1865; x_wconf 80' lang='lat' dir='ltr'><strong>festive</strong></span> <span class='ocrx_word' id='word_1_103' title='bbox 1899 1840 1938 1894; x_wconf 67' lang='grc' dir='ltr'><strong>Β</strong></span> 
     </span>
    </p>
   </div>
   <div class='ocr_carea' id='block_1_17' title="bbox 271 1901 1868 1980">
    <p class='ocr_par' dir='ltr' id='par_1_17' title="bbox 271 1901 1868 1980">
     <span class='ocr_line' id='line_1_17' title="bbox 271 1901 1868 1980; baseline 0.001 -20"><span class='ocrx_word' id='word_1_104' title='bbox 271 1903 434 1962; x_wconf 86' lang='lat' dir='ltr'><strong>nobis</strong></span> <span class='ocrx_word' id='word_1_105' title='bbox 462 1904 788 1964; x_wconf 82' lang='lat' dir='ltr'><strong>narrabat</strong></span> <span class='ocrx_word' id='word_1_106' title='bbox 821 1921 835 1962; x_wconf 94' lang='lat'><strong>:</strong></span> <span class='ocrx_word' id='word_1_107' title='bbox 889 1903 1071 1964; x_wconf 88' lang='lat' dir='ltr'><strong>Plura</strong></span> <span class='ocrx_word' id='word_1_108' title='bbox 1111 1903 1365 1980; x_wconf 84' lang='lat' dir='ltr'><strong>quidem</strong></span> <span class='ocrx_word' id='word_1_109' title='bbox 1400 1901 1596 1962; x_wconf 89' lang='lat' dir='ltr'><strong>frusta</strong></span> <span class='ocrx_word' id='word_1_110' title='bbox 1643 1920 1868 1980; x_wconf 88' lang='lat' dir='ltr'><strong>appre-</strong></span> 
     </span>
    </p>
   </div>
   <div class='ocr_carea' id='block_1_18' title="bbox 268 2000 1870 2081">
    <p class='ocr_par' dir='ltr' id='par_1_18' title="bbox 268 2000 1870 2081">
     <span class='ocr_line' id='line_1_18' title="bbox 268 2000 1870 2081; baseline 0 -19"><span class='ocrx_word' id='word_1_111' title='bbox 268 2000 645 2074; x_wconf 87' lang='lat' dir='ltr'><strong>hendebam,</strong></span> <span class='ocrx_word' id='word_1_112' title='bbox 682 2003 808 2064; x_wconf 89' lang='lat' dir='ltr'><strong>sed</strong></span> <span class='ocrx_word' id='word_1_113' title='bbox 843 2004 1066 2064; x_wconf 78' lang='lat' dir='ltr'><strong>etferre</strong></span> <span class='ocrx_word' id='word_1_114' title='bbox 1099 2021 1223 2062; x_wconf 89' lang='lat' dir='ltr'><strong>non</strong></span> <span class='ocrx_word' id='word_1_115' title='bbox 1255 2009 1534 2081; x_wconf 89' lang='lat' dir='ltr'><strong>poteram</strong></span> <span class='ocrx_word' id='word_1_116' title='bbox 1567 2001 1647 2062; x_wconf 89' lang='lat' dir='ltr'><strong>ob</strong></span> <span class='ocrx_word' id='word_1_117' title='bbox 1677 2020 1870 2080; x_wconf 71' lang='lat' dir='ltr'><strong>angu-</strong></span> 
     </span>
    </p>
   </div>
   <div class='ocr_carea' id='block_1_19' title="bbox 271 2101 1863 2180">
    <p class='ocr_par' dir='ltr' id='par_1_19' title="bbox 271 2101 1863 2180">
     <span class='ocr_line' id='line_1_19' title="bbox 271 2101 1863 2180; baseline -0.001 -18"><span class='ocrx_word' id='word_1_118' title='bbox 271 2104 440 2163; x_wconf 88' lang='lat' dir='ltr'><strong>stiam</strong></span> <span class='ocrx_word' id='word_1_119' title='bbox 497 2102 881 2164; x_wconf 83' lang='lat' dir='ltr'><strong>foraminis.</strong></span> <span class='ocrx_word' id='word_1_120' title='bbox 946 2101 1320 2161; x_wconf 90' lang='lat' dir='ltr'><strong>Publicanus</strong></span> <span class='ocrx_word' id='word_1_121' title='bbox 1375 2101 1566 2173; x_wconf 88' lang='lat' dir='ltr'><strong>enim,</strong></span> <span class='ocrx_word' id='word_1_122' title='bbox 1639 2101 1863 2180; x_wconf 88' lang='lat' dir='ltr'><strong>inquit,</strong></span> 
     </span>
    </p>
   </div>
   <div class='ocr_carea' id='block_1_20' title="bbox 269 2202 1863 2283">
    <p class='ocr_par' dir='ltr' id='par_1_20' title="bbox 269 2202 1863 2283">
     <span class='ocr_line' id='line_1_20' title="bbox 269 2202 1863 2283; baseline -0.001 -19"><span class='ocrx_word' id='word_1_123' title='bbox 269 2204 417 2264; x_wconf 86' lang='lat' dir='ltr'><strong>mihi</strong></span> <span class='ocrx_word' id='word_1_124' title='bbox 451 2222 588 2265; x_wconf 87' lang='lat' dir='ltr'><strong>non</strong></span> <span class='ocrx_word' id='word_1_125' title='bbox 631 2203 1049 2283; x_wconf 85' lang='lat' dir='ltr'><strong>permittebat</strong></span> <span class='ocrx_word' id='word_1_126' title='bbox 1092 2202 1348 2262; x_wconf 88' lang='lat' dir='ltr'><strong>omnino</strong></span> <span class='ocrx_word' id='word_1_127' title='bbox 1379 2203 1485 2272; x_wconf 85' lang='lat'><strong>67</strong></span> <span class='ocrx_word' id='word_1_128' title='bbox 1519 2220 1646 2262; x_wconf 91' lang='lat' dir='ltr'><strong>non</strong></span> <span class='ocrx_word' id='word_1_129' title='bbox 1677 2203 1863 2264; x_wconf 86' lang='lat' dir='ltr'><strong>vesci.</strong></span> 
     </span>
    </p>
   </div>
   <div class='ocr_carea' id='block_1_21' title="bbox 274 2303 1866 2382">
    <p class='ocr_par' dir='ltr' id='par_1_21' title="bbox 274 2303 1866 2382">
     <span class='ocr_line' id='line_1_21' title="bbox 274 2303 1866 2382; baseline -0.002 -16"><span class='ocrx_word' id='word_1_130' title='bbox 274 2307 368 2366; x_wconf 82' lang='lat' dir='ltr'><strong>Sic</strong></span> <span class='ocrx_word' id='word_1_131' title='bbox 395 2305 587 2381; x_wconf 77' lang='lat' dir='ltr'><strong>igitur</strong></span> <span class='ocrx_word' id='word_1_132' title='bbox 621 2313 767 2364; x_wconf 91' lang='lat' dir='ltr'><strong>tres</strong></span> <span class='ocrx_word' id='word_1_133' title='bbox 795 2321 996 2364; x_wconf 90' lang='lat' dir='ltr'><strong>annos</strong></span> <span class='ocrx_word' id='word_1_134' title='bbox 1027 2303 1288 2381; x_wconf 90' lang='lat' dir='ltr'><strong>peregit,</strong></span> <span class='ocrx_word' id='word_1_135' title='bbox 1323 2310 1590 2381; x_wconf 85' lang='lat' dir='ltr'><strong>quatuor</strong></span> <span class='ocrx_word' id='word_1_136' title='bbox 1613 2304 1866 2382; x_wconf 86' lang='lat' dir='ltr'><strong>quidem</strong></span> 
     </span>
    </p>
   </div>
   <div class='ocr_carea' id='block_1_22' title="bbox 279 2403 1868 2485">
    <p class='ocr_par' dir='ltr' id='par_1_22' title="bbox 279 2403 1868 2485">
     <span class='ocr_line' id='line_1_22' title="bbox 279 2403 1868 2485; baseline -0.003 -19"><span class='ocrx_word' id='word_1_137' title='bbox 279 2406 370 2466; x_wconf 81' lang='lat' dir='ltr'><strong>vel</strong></span> <span class='ocrx_word' id='word_1_138' title='bbox 415 2408 721 2485; x_wconf 84' lang='lat' dir='ltr'><strong>quinque</strong></span> <span class='ocrx_word' id='word_1_139' title='bbox 790 2405 1004 2465; x_wconf 87' lang='lat' dir='ltr'><strong>uncias</strong></span> <span class='ocrx_word' id='word_1_140' title='bbox 1060 2403 1395 2465; x_wconf 87' lang='lat' dir='ltr'><strong>comedens</strong></span> <span class='ocrx_word' id='word_1_141' title='bbox 1443 2411 1503 2463; x_wconf 92' lang='lat' dir='ltr'><strong>et</strong></span> <span class='ocrx_word' id='word_1_142' title='bbox 1552 2404 1868 2464; x_wconf 88' lang='lat' dir='ltr'><strong>modicum</strong></span> 
     </span>
    </p>
   </div>
   <div class='ocr_carea' id='block_1_23' title="bbox 284 2501 1868 2583">
    <p class='ocr_par' dir='ltr' id='par_1_23' title="bbox 284 2501 1868 2583">
     <span class='ocr_line' id='line_1_23' title="bbox 284 2501 1868 2583; baseline -0.001 -17"><span class='ocrx_word' id='word_1_143' title='bbox 284 2522 469 2583; x_wconf 85' lang='lat' dir='ltr'><strong>aquae</strong></span> <span class='ocrx_word' id='word_1_144' title='bbox 523 2506 799 2565; x_wconf 88' lang='lat' dir='ltr'><strong>bibens.</strong></span> <span class='ocrx_word' id='word_1_145' title='bbox 871 2501 1003 2562; x_wconf 91' lang='lat' dir='ltr'><strong>Olei</strong></span> <span class='ocrx_word' id='word_1_146' title='bbox 1085 2508 1295 2562; x_wconf 89' lang='lat' dir='ltr'><strong>autem</strong></span> <span class='ocrx_word' id='word_1_147' title='bbox 1350 2503 1686 2562; x_wconf 73' lang='lat' dir='ltr'><strong>sextarium</strong></span> <span class='ocrx_word' id='word_1_148' title='bbox 1735 2511 1868 2565; x_wconf 87' lang='lat' dir='ltr'><strong>toto</strong></span> 
     </span>
    </p>
   </div>
   <div class='ocr_carea' id='block_1_24' title="bbox 280 2601 1868 2667">
    <p class='ocr_par' dir='ltr' id='par_1_24' title="bbox 280 2601 1868 2667">
     <span class='ocr_line' id='line_1_24' title="bbox 280 2601 1868 2667; baseline -0.003 -1"><span class='ocrx_word' id='word_1_149' title='bbox 280 2623 436 2667; x_wconf 85' lang='lat' dir='ltr'><strong>anno</strong></span> <span class='ocrx_word' id='word_1_150' title='bbox 479 2607 548 2666; x_wconf 91' lang='lat' dir='ltr'><strong>in</strong></span> <span class='ocrx_word' id='word_1_151' title='bbox 597 2604 978 2666; x_wconf 86' lang='lat' dir='ltr'><strong>alimentum</strong></span> <span class='ocrx_word' id='word_1_152' title='bbox 1029 2601 1456 2663; x_wconf 87' lang='lat' dir='ltr'><strong>consumebat.</strong></span> <span class='ocrx_word' id='word_1_153' title='bbox 1508 2601 1726 2662; x_wconf 90' lang='lat' dir='ltr'><strong>Statuit</strong></span> <span class='ocrx_word' id='word_1_154' title='bbox 1753 2602 1868 2662; x_wconf 89' lang='lat' dir='ltr'><strong>ali-</strong></span> 
     </span>
    </p>
   </div>
   <div class='ocr_carea' id='block_1_25' title="bbox 276 2704 1870 2787">
    <p class='ocr_par' dir='ltr' id='par_1_25' title="bbox 276 2704 1870 2787">
     <span class='ocr_line' id='line_1_25' title="bbox 276 2704 1870 2787; baseline -0.003 -20"><span class='ocrx_word' id='word_1_155' title='bbox 276 2707 528 2787; x_wconf 78' lang='lat' dir='ltr'><strong>quando</strong></span> <span class='ocrx_word' id='word_1_156' title='bbox 563 2723 879 2785; x_wconf 84' lang='lat' dir='ltr'><strong>superare</strong></span> <span class='ocrx_word' id='word_1_157' title='bbox 913 2721 1224 2775; x_wconf 88' lang='lat' dir='ltr'><strong>somnum,</strong></span> <span class='ocrx_word' id='word_1_158' title='bbox 1261 2711 1327 2763; x_wconf 89' lang='lat' dir='ltr'><strong>ut</strong></span> <span class='ocrx_word' id='word_1_159' title='bbox 1358 2704 1492 2782; x_wconf 91' lang='lat' dir='ltr'><strong>ipse</strong></span> <span class='ocrx_word' id='word_1_160' title='bbox 1524 2704 1705 2764; x_wconf 89' lang='lat' dir='ltr'><strong>nobis</strong></span> <span class='ocrx_word' id='word_1_161' title='bbox 1734 2721 1870 2763; x_wconf 89' lang='lat' dir='ltr'><strong>nar-</strong></span> 
     </span>
    </p>
   </div>
   <div class='ocr_carea' id='block_1_26' title="bbox 274 2805 1870 2884">
    <p class='ocr_par' dir='ltr' id='par_1_26' title="bbox 274 2805 1870 2884">
     <span class='ocr_line' id='line_1_26' title="bbox 274 2805 1870 2884; baseline -0.003 -15"><span class='ocrx_word' id='word_1_162' title='bbox 274 2810 427 2869; x_wconf 67' lang='lat' dir='ltr'><strong>ravit</strong></span> <span class='ocrx_word' id='word_1_163' title='bbox 475 2827 488 2868; x_wconf 93' lang='lat'><strong>:</strong></span> <span class='ocrx_word' id='word_1_164' title='bbox 540 2807 732 2868; x_wconf 87' lang='lat' dir='ltr'><strong>Totis</strong></span> <span class='ocrx_word' id='word_1_165' title='bbox 781 2806 994 2884; x_wconf 77' lang='lat' dir='ltr'><strong>viginti</strong></span> <span class='ocrx_word' id='word_1_166' title='bbox 1045 2806 1264 2868; x_wconf 90' lang='lat' dir='ltr'><strong>diebus</strong></span> <span class='ocrx_word' id='word_1_167' title='bbox 1311 2812 1372 2865; x_wconf 88' lang='lat' dir='ltr'><strong>et</strong></span> <span class='ocrx_word' id='word_1_168' title='bbox 1414 2805 1699 2865; x_wconf 83' lang='lat' dir='ltr'><strong>noctibus</strong></span> <span class='ocrx_word' id='word_1_169' title='bbox 1754 2805 1870 2865; x_wconf 90' lang='lat' dir='ltr'><strong>sub</strong></span> 
     </span>
    </p>
   </div>
   <div class='ocr_carea' id='block_1_27' title="bbox 272 2905 1867 2986">
    <p class='ocr_par' dir='ltr' id='par_1_27' title="bbox 272 2905 1867 2986">
     <span class='ocr_line' id='line_1_27' title="bbox 272 2905 1867 2986; baseline -0.001 -18"><span class='ocrx_word' id='word_1_170' title='bbox 272 2915 511 2970; x_wconf 86' lang='lat' dir='ltr'><strong>tectum</strong></span> <span class='ocrx_word' id='word_1_171' title='bbox 550 2926 694 2969; x_wconf 89' lang='lat' dir='ltr'><strong>non</strong></span> <span class='ocrx_word' id='word_1_172' title='bbox 732 2925 870 2967; x_wconf 87' lang='lat' dir='ltr'><strong>sum</strong></span> <span class='ocrx_word' id='word_1_173' title='bbox 913 2907 1249 2984; x_wconf 75' lang='lat' dir='ltr'><strong>ingressus,</strong></span> <span class='ocrx_word' id='word_1_174' title='bbox 1293 2905 1567 2966; x_wconf 85' lang='lat' dir='ltr'><strong>interdiu</strong></span> <span class='ocrx_word' id='word_1_175' title='bbox 1616 2907 1867 2986; x_wconf 87' lang='lat' dir='ltr'><strong>quidem</strong></span> 
     </span>
    </p>
   </div>
   <div class='ocr_carea' id='block_1_28' title="bbox 272 3007 1870 3085">
    <p class='ocr_par' dir='ltr' id='par_1_28' title="bbox 272 3007 1870 3085">
     <span class='ocr_line' id='line_1_28' title="bbox 272 3007 1870 3085; baseline -0.002 -13"><span class='ocrx_word' id='word_1_176' title='bbox 272 3020 451 3072; x_wconf 83' lang='lat' dir='ltr'><strong>aestu</strong></span> <span class='ocrx_word' id='word_1_177' title='bbox 479 3010 751 3080; x_wconf 88' lang='lat' dir='ltr'><strong>urebar,</strong></span> <span class='ocrx_word' id='word_1_178' title='bbox 783 3014 968 3069; x_wconf 88' lang='lat' dir='ltr'><strong>noctu</strong></span> <span class='ocrx_word' id='word_1_179' title='bbox 998 3025 1144 3068; x_wconf 90' lang='lat' dir='ltr'><strong>vero</strong></span> <span class='ocrx_word' id='word_1_180' title='bbox 1174 3007 1332 3068; x_wconf 86' lang='lat' dir='ltr'><strong>febri</strong></span> <span class='ocrx_word' id='word_1_181' title='bbox 1362 3007 1660 3085; x_wconf 87' lang='lat' dir='ltr'><strong>rigebam.</strong></span> <span class='ocrx_word' id='word_1_182' title='bbox 1694 3008 1870 3080; x_wconf 85' lang='lat' dir='ltr'><strong>Quod</strong></span> 
     </span>
    </p>
   </div>
   <div class='ocr_carea' id='block_1_29' title="bbox 274 3108 1867 3186">
    <p class='ocr_par' dir='ltr' id='par_1_29' title="bbox 274 3108 1867 3186">
     <span class='ocr_line' id='line_1_29' title="bbox 274 3108 1867 3186; baseline -0.003 -14"><span class='ocrx_word' id='word_1_183' title='bbox 274 3112 400 3172; x_wconf 90' lang='lat' dir='ltr'><strong>nisi</strong></span> <span class='ocrx_word' id='word_1_184' title='bbox 427 3117 681 3172; x_wconf 86' lang='lat' dir='ltr'><strong>tectum</strong></span> <span class='ocrx_word' id='word_1_185' title='bbox 716 3108 898 3170; x_wconf 89' lang='lat' dir='ltr'><strong>citius</strong></span> <span class='ocrx_word' id='word_1_186' title='bbox 923 3125 1125 3169; x_wconf 89' lang='lat' dir='ltr'><strong>essem</strong></span> <span class='ocrx_word' id='word_1_187' title='bbox 1152 3109 1492 3185; x_wconf 90' lang='lat' dir='ltr'><strong>ingressus,</strong></span> <span class='ocrx_word' id='word_1_188' title='bbox 1523 3108 1867 3186; x_wconf 86' lang='lat' dir='ltr'><strong>inquiebat,</strong></span> 
     </span>
    </p>
   </div>
   <div class='ocr_carea' id='block_1_30' title="bbox 278 3205 1870 3279">
    <p class='ocr_par' dir='ltr' id='par_1_30' title="bbox 278 3205 1870 3279">
     <span class='ocr_line' id='line_1_30' title="bbox 278 3205 1870 3279; baseline -0.002 -9"><span class='ocrx_word' id='word_1_189' title='bbox 278 3218 345 3270; x_wconf 85' lang='lat' dir='ltr'><strong>et</strong></span> <span class='ocrx_word' id='word_1_190' title='bbox 371 3224 606 3270; x_wconf 89' lang='lat' dir='ltr'><strong>somno</strong></span> <span class='ocrx_word' id='word_1_191' title='bbox 640 3224 798 3266; x_wconf 89' lang='lat' dir='ltr'><strong>usus</strong></span> <span class='ocrx_word' id='word_1_192' title='bbox 827 3222 1050 3279; x_wconf 89' lang='lat' dir='ltr'><strong>essem,</strong></span> <span class='ocrx_word' id='word_1_193' title='bbox 1092 3206 1415 3266; x_wconf 89' lang='lat' dir='ltr'><strong>cerebrum</strong></span> <span class='ocrx_word' id='word_1_194' title='bbox 1455 3206 1542 3267; x_wconf 92' lang='lat' dir='ltr'><strong>ita</strong></span> <span class='ocrx_word' id='word_1_195' title='bbox 1572 3205 1726 3266; x_wconf 89' lang='lat' dir='ltr'><strong>mihi</strong></span> <span class='ocrx_word' id='word_1_196' title='bbox 1769 3223 1870 3268; x_wconf 89' lang='lat' dir='ltr'><strong>es-</strong></span> 
     </span>
    </p>
   </div>
   <div class='ocr_carea' id='block_1_31' title="bbox 276 3305 1874 3384">
    <p class='ocr_par' dir='ltr' id='par_1_31' title="bbox 276 3305 1874 3384">
     <span class='ocr_line' id='line_1_31' title="bbox 276 3305 1874 3384; baseline -0.003 -13"><span class='ocrx_word' id='word_1_197' title='bbox 276 3317 375 3370; x_wconf 89' lang='lat' dir='ltr'><strong>set</strong></span> <span class='ocrx_word' id='word_1_198' title='bbox 407 3307 791 3376; x_wconf 83' lang='lat' dir='ltr'><strong>arefactum,</strong></span> <span class='ocrx_word' id='word_1_199' title='bbox 827 3311 916 3378; x_wconf 90' lang='lat' dir='ltr'><strong>ut,</strong></span> <span class='ocrx_word' id='word_1_200' title='bbox 939 3305 1091 3384; x_wconf 90' lang='lat' dir='ltr'><strong>quin</strong></span> <span class='ocrx_word' id='word_1_201' title='bbox 1121 3305 1185 3365; x_wconf 92' lang='lat' dir='ltr'><strong>in</strong></span> <span class='ocrx_word' id='word_1_202' title='bbox 1202 3307 1467 3366; x_wconf 89' lang='lat' dir='ltr'><strong>ecstasin</strong></span> <span class='ocrx_word' id='word_1_203' title='bbox 1500 3322 1739 3382; x_wconf 88' lang='lat' dir='ltr'><strong>agerer,</strong></span> <span class='ocrx_word' id='word_1_204' title='bbox 1769 3324 1874 3384; x_wconf 89' lang='lat' dir='ltr'><strong>pa-</strong></span> 
     </span>
    </p>
   </div>
   <div class='ocr_carea' id='block_1_32' title="bbox 275 3407 1870 3486">
    <p class='ocr_par' dir='ltr' id='par_1_32' title="bbox 275 3407 1870 3486">
     <span class='ocr_line' id='line_1_32' title="bbox 275 3407 1870 3486; baseline 0.001 -17"><span class='ocrx_word' id='word_1_205' title='bbox 275 3427 422 3469; x_wconf 84' lang='lat' dir='ltr'><strong>rum</strong></span> <span class='ocrx_word' id='word_1_206' title='bbox 452 3410 738 3470; x_wconf 90' lang='lat' dir='ltr'><strong>abesset.</strong></span> <span class='ocrx_word' id='word_1_207' title='bbox 774 3409 845 3467; x_wconf 91' lang='lat' dir='ltr'><strong>Et</strong></span> <span class='ocrx_word' id='word_1_208' title='bbox 874 3415 1198 3486; x_wconf 90' lang='lat' dir='ltr'><strong>quantum,</strong></span> <span class='ocrx_word' id='word_1_209' title='bbox 1230 3408 1458 3486; x_wconf 90' lang='lat' dir='ltr'><strong>inquit,</strong></span> <span class='ocrx_word' id='word_1_210' title='bbox 1495 3408 1563 3468; x_wconf 90' lang='lat' dir='ltr'><strong>in</strong></span> <span class='ocrx_word' id='word_1_211' title='bbox 1591 3425 1691 3468; x_wconf 90' lang='lat' dir='ltr'><strong>me</strong></span> <span class='ocrx_word' id='word_1_212' title='bbox 1733 3407 1870 3474; x_wconf 82' lang='lat' dir='ltr'><strong>fuit.</strong></span> 
     </span>
    </p>
   </div>
   <div class='ocr_carea' id='block_1_33' title="bbox 276 3511 1875 3587">
    <p class='ocr_par' dir='ltr' id='par_1_33' title="bbox 276 3511 1875 3587">
     <span class='ocr_line' id='line_1_33' title="bbox 276 3511 1875 3587; baseline 0.001 -20"><span class='ocrx_word' id='word_1_213' title='bbox 276 3511 404 3570; x_wconf 62' lang='lat' dir='ltr'><strong>vici</strong></span> <span class='ocrx_word' id='word_1_214' title='bbox 460 3525 806 3581; x_wconf 89' lang='lat' dir='ltr'><strong>somnum,</strong></span> <span class='ocrx_word' id='word_1_215' title='bbox 864 3515 1162 3587; x_wconf 87' lang='lat' dir='ltr'><strong>quantum</strong></span> <span class='ocrx_word' id='word_1_216' title='bbox 1217 3525 1378 3586; x_wconf 86' lang='lat' dir='ltr'><strong>Opus</strong></span> <span class='ocrx_word' id='word_1_217' title='bbox 1439 3514 1560 3575; x_wconf 88' lang='lat' dir='ltr'><strong>est,</strong></span> <span class='ocrx_word' id='word_1_218' title='bbox 1620 3513 1875 3569; x_wconf 89' lang='lat' dir='ltr'><strong>naturae</strong></span> 
     </span>
    </p>
   </div>
   <div class='ocr_carea' id='block_1_34' title="bbox 277 3609 681 3672">
    <p class='ocr_par' dir='ltr' id='par_1_34' title="bbox 277 3609 681 3672">
     <span class='ocr_line' id='line_1_34' title="bbox 277 3609 681 3672; baseline -0.005 -2"><span class='ocrx_word' id='word_1_219' title='bbox 277 3609 681 3672; x_wconf 84' lang='lat' dir='ltr'><strong>concedens.</strong></span> 
     </span>
    </p>
   </div>
   <div class='ocr_carea' id='block_1_35' title="bbox 368 3702 1870 3780">
    <p class='ocr_par' dir='ltr' id='par_1_35' title="bbox 368 3702 1870 3780">
     <span class='ocr_line' id='line_1_35' title="bbox 368 3702 1870 3780; baseline 0.001 -18"><span class='ocrx_word' id='word_1_220' title='bbox 368 3733 394 3762; x_wconf 77' lang='grc' dir='ltr'><strong>α</strong></span> <span class='ocrx_word' id='word_1_221' title='bbox 426 3710 641 3780; x_wconf 90' lang='lat' dir='ltr'><strong>Quum</strong></span> <span class='ocrx_word' id='word_1_222' title='bbox 677 3705 782 3766; x_wconf 90' lang='lat' dir='ltr'><strong>hic</strong></span> <span class='ocrx_word' id='word_1_223' title='bbox 815 3709 1062 3765; x_wconf 91' lang='lat' dir='ltr'><strong>sanctus</strong></span> <span class='ocrx_word' id='word_1_224' title='bbox 1093 3719 1276 3765; x_wconf 88' lang='lat' dir='ltr'><strong>mane</strong></span> <span class='ocrx_word' id='word_1_225' title='bbox 1311 3705 1377 3763; x_wconf 90' lang='lat' dir='ltr'><strong>in</strong></span> <span class='ocrx_word' id='word_1_226' title='bbox 1417 3702 1573 3764; x_wconf 88' lang='lat' dir='ltr'><strong>cella</strong></span> <span class='ocrx_word' id='word_1_227' title='bbox 1603 3703 1870 3776; x_wconf 87' lang='lat' dir='ltr'><strong>sederet,</strong></span> 
     </span>
    </p>
   </div>
   <div class='ocr_carea' id='block_1_36' title="bbox 283 3803 1876 3888">
    <p class='ocr_par' dir='ltr' id='par_1_36' title="bbox 283 3803 1876 3888">
     <span class='ocr_line' id='line_1_36' title="bbox 283 3803 1876 3888; baseline -0.002 -22"><span class='ocrx_word' id='word_1_228' title='bbox 283 3809 352 3868; x_wconf 79' lang='lat' dir='ltr'><strong>iL</strong></span> <span class='ocrx_word' id='word_1_229' title='bbox 392 3806 563 3888; x_wconf 89' lang='lat' dir='ltr'><strong>pede</strong></span> <span class='ocrx_word' id='word_1_230' title='bbox 605 3824 757 3867; x_wconf 88' lang='lat' dir='ltr'><strong>eum</strong></span> <span class='ocrx_word' id='word_1_231' title='bbox 787 3804 965 3866; x_wconf 90' lang='lat' dir='ltr'><strong>culex</strong></span> <span class='ocrx_word' id='word_1_232' title='bbox 999 3804 1284 3884; x_wconf 81' lang='lat' dir='ltr'><strong>pupugit,</strong></span> <span class='ocrx_word' id='word_1_233' title='bbox 1316 3821 1528 3881; x_wconf 88' lang='lat' dir='ltr'><strong>quem,</strong></span> <span class='ocrx_word' id='word_1_234' title='bbox 1571 3803 1876 3880; x_wconf 83' lang='lat' dir='ltr'><strong>sanguine</strong></span> 
     </span>
    </p>
   </div>
   <div class='ocr_carea' id='block_1_37' title="bbox 288 3903 1872 3980">
    <p class='ocr_par' dir='ltr' id='par_1_37' title="bbox 288 3903 1872 3980">
     <span class='ocr_line' id='line_1_37' title="bbox 288 3903 1872 3980; baseline -0.004 -12"><span class='ocrx_word' id='word_1_235' title='bbox 288 3915 665 3980; x_wconf 85' lang='lat' dir='ltr'><strong>saturatum,</strong></span> <span class='ocrx_word' id='word_1_236' title='bbox 717 3905 935 3966; x_wconf 89' lang='lat' dir='ltr'><strong>dolore</strong></span> <span class='ocrx_word' id='word_1_237' title='bbox 982 3911 1181 3964; x_wconf 90' lang='lat' dir='ltr'><strong>tactus</strong></span> <span class='ocrx_word' id='word_1_238' title='bbox 1228 3920 1418 3964; x_wconf 89' lang='lat' dir='ltr'><strong>manu</strong></span> <span class='ocrx_word' id='word_1_239' title='bbox 1454 3903 1636 3963; x_wconf 85' lang='lat' dir='ltr'><strong>elisit.</strong></span> <span class='ocrx_word' id='word_1_240' title='bbox 1686 3903 1872 3963; x_wconf 89' lang='lat' dir='ltr'><strong>Dein-</strong></span> 
     </span>
    </p>
   </div>
   <div class='ocr_carea' id='block_1_38' title="bbox 288 4001 1877 4086">
    <p class='ocr_par' dir='ltr' id='par_1_38' title="bbox 288 4001 1877 4086">
     <span class='ocr_line' id='line_1_38' title="bbox 288 4001 1877 4086; baseline -0.004 -18"><span class='ocrx_word' id='word_1_241' title='bbox 288 4025 438 4086; x_wconf 80' lang='lat' dir='ltr'><strong>ceps</strong></span> <span class='ocrx_word' id='word_1_242' title='bbox 469 4024 626 4066; x_wconf 88' lang='lat' dir='ltr'><strong>vero</strong></span> <span class='ocrx_word' id='word_1_243' title='bbox 672 4023 742 4066; x_wconf 92' lang='lat' dir='ltr'><strong>se</strong></span> <span class='ocrx_word' id='word_1_244' title='bbox 786 4003 1208 4082; x_wconf 86' lang='lat' dir='ltr'><strong>reprehendit,</strong></span> <span class='ocrx_word' id='word_1_245' title='bbox 1256 4002 1364 4080; x_wconf 87' lang='lat' dir='ltr'><strong>qui</strong></span> <span class='ocrx_word' id='word_1_246' title='bbox 1415 4019 1480 4062; x_wconf 91' lang='lat' dir='ltr'><strong>se</strong></span> <span class='ocrx_word' id='word_1_247' title='bbox 1527 4003 1662 4080; x_wconf 87' lang='lat' dir='ltr'><strong>ipse</strong></span> <span class='ocrx_word' id='word_1_248' title='bbox 1714 4001 1877 4062; x_wconf 89' lang='lat' dir='ltr'><strong>ultus</strong></span> 
     </span>
    </p>
   </div>
   <div class='ocr_carea' id='block_1_39' title="bbox 289 4101 1877 4184">
    <p class='ocr_par' dir='ltr' id='par_1_39' title="bbox 289 4101 1877 4184">
     <span class='ocr_line' id='line_1_39' title="bbox 289 4101 1877 4184; baseline -0.003 -19"><span class='ocrx_word' id='word_1_249' title='bbox 289 4117 481 4177; x_wconf 86' lang='lat' dir='ltr'><strong>esset,</strong></span> <span class='ocrx_word' id='word_1_250' title='bbox 532 4123 736 4184; x_wconf 83' lang='lat' dir='ltr'><strong>seque</strong></span> <span class='ocrx_word' id='word_1_251' title='bbox 776 4103 1232 4174; x_wconf 77' lang='lat' dir='ltr'><strong>condemnavit,</strong></span> <span class='ocrx_word' id='word_1_252' title='bbox 1270 4109 1336 4162; x_wconf 88' lang='lat' dir='ltr'><strong>ut</strong></span> <span class='ocrx_word' id='word_1_253' title='bbox 1380 4102 1624 4163; x_wconf 85' lang='lat' dir='ltr'><strong>sederet</strong></span> <span class='ocrx_word' id='word_1_254' title='bbox 1671 4101 1877 4162; x_wconf 90' lang='lat' dir='ltr'><strong>nudus</strong></span> 
     </span>
    </p>
   </div>
   <div class='ocr_carea' id='block_1_40' title="bbox 287 4203 1874 4284">
    <p class='ocr_par' dir='ltr' id='par_1_40' title="bbox 287 4203 1874 4284">
     <span class='ocr_line' id='line_1_40' title="bbox 287 4203 1874 4284; baseline -0.003 -18"><span class='ocrx_word' id='word_1_255' title='bbox 287 4227 399 4268; x_wconf 85' lang='lat' dir='ltr'><strong>sex</strong></span> <span class='ocrx_word' id='word_1_256' title='bbox 457 4225 716 4267; x_wconf 84' lang='lat' dir='ltr'><strong>menses</strong></span> <span class='ocrx_word' id='word_1_257' title='bbox 772 4207 835 4265; x_wconf 89' lang='lat' dir='ltr'><strong>in</strong></span> <span class='ocrx_word' id='word_1_258' title='bbox 896 4204 1124 4284; x_wconf 89' lang='lat' dir='ltr'><strong>palude</strong></span> <span class='ocrx_word' id='word_1_259' title='bbox 1183 4205 1399 4277; x_wconf 86' lang='lat' dir='ltr'><strong>Scetis,</strong></span> <span class='ocrx_word' id='word_1_260' title='bbox 1459 4222 1620 4282; x_wconf 90' lang='lat' dir='ltr'><strong>quae</strong></span> <span class='ocrx_word' id='word_1_261' title='bbox 1675 4209 1768 4263; x_wconf 89' lang='lat' dir='ltr'><strong>est</strong></span> <span class='ocrx_word' id='word_1_262' title='bbox 1811 4203 1874 4262; x_wconf 91' lang='lat' dir='ltr'><strong>in</strong></span> 
     </span>
    </p>
   </div>
   <div class='ocr_carea' id='block_1_41' title="bbox 286 4303 1878 4382">
    <p class='ocr_par' dir='ltr' id='par_1_41' title="bbox 286 4303 1878 4382">
     <span class='ocr_line' id='line_1_41' title="bbox 286 4303 1878 4382; baseline -0.001 -18"><span class='ocrx_word' id='word_1_263' title='bbox 286 4317 458 4368; x_wconf 71' lang='lat' dir='ltr'><strong>vasta</strong></span> <span class='ocrx_word' id='word_1_264' title='bbox 492 4306 859 4368; x_wconf 87' lang='lat' dir='ltr'><strong>solitudine.</strong></span> <span class='ocrx_word' id='word_1_265' title='bbox 893 4305 1007 4365; x_wconf 93' lang='lat' dir='ltr'><strong>Ubi</strong></span> <span class='ocrx_word' id='word_1_266' title='bbox 1034 4303 1264 4365; x_wconf 89' lang='lat' dir='ltr'><strong>culices</strong></span> <span class='ocrx_word' id='word_1_267' title='bbox 1291 4310 1551 4382; x_wconf 90' lang='lat' dir='ltr'><strong>possunt</strong></span> <span class='ocrx_word' id='word_1_268' title='bbox 1572 4304 1665 4363; x_wconf 88' lang='lat' dir='ltr'><strong>vel</strong></span> <span class='ocrx_word' id='word_1_269' title='bbox 1698 4319 1878 4382; x_wconf 90' lang='lat' dir='ltr'><strong>apro-</strong></span> 
     </span>
    </p>
   </div>
   <div class='ocr_carea' id='block_1_42' title="bbox 291 4401 1876 4486">
    <p class='ocr_par' dir='ltr' id='par_1_42' title="bbox 291 4401 1876 4486">
     <span class='ocr_line' id='line_1_42' title="bbox 291 4401 1876 4486; baseline -0.005 -18"><span class='ocrx_word' id='word_1_270' title='bbox 291 4426 432 4468; x_wconf 86' lang='lat' dir='ltr'><strong>rum</strong></span> <span class='ocrx_word' id='word_1_271' title='bbox 457 4407 664 4486; x_wconf 85' lang='lat' dir='ltr'><strong>pelles</strong></span> <span class='ocrx_word' id='word_1_272' title='bbox 695 4405 997 4476; x_wconf 86' lang='lat' dir='ltr'><strong>sauciare,</strong></span> <span class='ocrx_word' id='word_1_273' title='bbox 1038 4421 1230 4481; x_wconf 88' lang='lat' dir='ltr'><strong>quum</strong></span> <span class='ocrx_word' id='word_1_274' title='bbox 1274 4403 1396 4464; x_wconf 90' lang='lat' dir='ltr'><strong>sint</strong></span> <span class='ocrx_word' id='word_1_275' title='bbox 1430 4419 1630 4480; x_wconf 88' lang='lat' dir='ltr'><strong>aeque</strong></span> <span class='ocrx_word' id='word_1_276' title='bbox 1668 4401 1876 4478; x_wconf 83' lang='lat' dir='ltr'><strong>magni</strong></span> 
     </span>
    </p>
   </div>
   <div class='ocr_carea' id='block_1_43' title="bbox 1899 3175 1946 3234">
    <p class='ocr_par' dir='ltr' id='par_1_43' title="bbox 1899 3175 1946 3234">
     <span class='ocr_line' id='line_1_43' title="bbox 1899 3175 1946 3234; baseline 0 0"><span class='ocrx_word' id='word_1_277' title='bbox 1899 3175 1946 3234; x_wconf 88' lang='lat' dir='ltr'><strong>C</strong></span> 
     </span>
    </p>
   </div>
   <div class='ocr_carea' id='block_1_44' title="bbox 1972 597 3539 678">
    <p class='ocr_par' dir='ltr' id='par_1_44' title="bbox 1972 597 3539 678">
     <span class='ocr_line' id='line_1_44' title="bbox 1972 597 3539 678; baseline 0.003 -21"><span class='ocrx_word' id='word_1_278' title='bbox 1972 616 2046 657; x_wconf 80' lang='lat' dir='ltr'><strong>ex</strong></span> <span class='ocrx_word' id='word_1_279' title='bbox 2112 597 2430 676; x_wconf 88' lang='lat' dir='ltr'><strong>quadratis</strong></span> <span class='ocrx_word' id='word_1_280' title='bbox 2483 598 2796 678; x_wconf 85' lang='lat' dir='ltr'><strong>lapidibus</strong></span> <span class='ocrx_word' id='word_1_281' title='bbox 2849 606 3333 662; x_wconf 85' lang='lat' dir='ltr'><strong>construxerunt</strong></span> <span class='ocrx_word' id='word_1_282' title='bbox 3383 601 3539 661; x_wconf 91' lang='lat' dir='ltr'><strong>illud</strong></span> 
     </span>
    </p>
   </div>
   <div class='ocr_carea' id='block_1_45' title="bbox 1972 699 3538 778">
    <p class='ocr_par' dir='ltr' id='par_1_45' title="bbox 1972 699 3538 778">
     <span class='ocr_line' id='line_1_45' title="bbox 1972 699 3538 778; baseline 0.001 -20"><span class='ocrx_word' id='word_1_283' title='bbox 1972 717 2155 778; x_wconf 84' lang='lat' dir='ltr'><strong>opus,</strong></span> <span class='ocrx_word' id='word_1_284' title='bbox 2188 700 2252 759; x_wconf 91' lang='lat' dir='ltr'><strong>in</strong></span> <span class='ocrx_word' id='word_1_285' title='bbox 2284 717 2410 777; x_wconf 91' lang='lat' dir='ltr'><strong>quo</strong></span> <span class='ocrx_word' id='word_1_286' title='bbox 2438 707 2915 761; x_wconf 89' lang='lat' dir='ltr'><strong>monumentum</strong></span> <span class='ocrx_word' id='word_1_287' title='bbox 2945 699 3250 774; x_wconf 82' lang='lat' dir='ltr'><strong>fecerunt,</strong></span> <span class='ocrx_word' id='word_1_288' title='bbox 3291 708 3351 761; x_wconf 90' lang='lat' dir='ltr'><strong>et</strong></span> <span class='ocrx_word' id='word_1_289' title='bbox 3377 701 3538 762; x_wconf 87' lang='lat' dir='ltr'><strong>mul-</strong></span> 
     </span>
    </p>
   </div>
   <div class='ocr_carea' id='block_1_46' title="bbox 1970 801 3538 881">
    <p class='ocr_par' dir='ltr' id='par_1_46' title="bbox 1970 801 3538 881">
     <span class='ocr_line' id='line_1_46' title="bbox 1970 801 3538 881; baseline 0.003 -23"><span class='ocrx_word' id='word_1_290' title='bbox 1970 805 2098 860; x_wconf 90' lang='lat' dir='ltr'><strong>tum</strong></span> <span class='ocrx_word' id='word_1_291' title='bbox 2140 801 2275 861; x_wconf 85' lang='lat' dir='ltr'><strong>auri</strong></span> <span class='ocrx_word' id='word_1_292' title='bbox 2313 801 2765 880; x_wconf 86' lang='lat' dir='ltr'><strong>deposuerunt,</strong></span> <span class='ocrx_word' id='word_1_293' title='bbox 2800 801 3005 861; x_wconf 91' lang='lat' dir='ltr'><strong>omnis</strong></span> <span class='ocrx_word' id='word_1_294' title='bbox 3042 819 3296 881; x_wconf 89' lang='lat' dir='ltr'><strong>quoque</strong></span> <span class='ocrx_word' id='word_1_295' title='bbox 3344 819 3538 880; x_wconf 84' lang='lat' dir='ltr'><strong>gene-</strong></span> 
     </span>
    </p>
   </div>
   <div class='ocr_carea' id='block_1_47' title="bbox 1970 899 3544 978">
    <p class='ocr_par' dir='ltr' id='par_1_47' title="bbox 1970 899 3544 978">
     <span class='ocr_line' id='line_1_47' title="bbox 1970 899 3544 978; baseline 0.003 -19"><span class='ocrx_word' id='word_1_296' title='bbox 1970 900 2055 959; x_wconf 93' lang='lat' dir='ltr'><strong>ris</strong></span> <span class='ocrx_word' id='word_1_297' title='bbox 2082 900 2340 960; x_wconf 87' lang='lat' dir='ltr'><strong>arbores</strong></span> <span class='ocrx_word' id='word_1_298' title='bbox 2359 899 2737 978; x_wconf 83' lang='lat' dir='ltr'><strong>plantarum,</strong></span> <span class='ocrx_word' id='word_1_299' title='bbox 2769 906 2830 959; x_wconf 89' lang='lat' dir='ltr'><strong>et</strong></span> <span class='ocrx_word' id='word_1_300' title='bbox 2851 905 3109 978; x_wconf 89' lang='lat' dir='ltr'><strong>puteum</strong></span> <span class='ocrx_word' id='word_1_301' title='bbox 3131 917 3330 978; x_wconf 89' lang='lat' dir='ltr'><strong>aquae</strong></span> <span class='ocrx_word' id='word_1_302' title='bbox 3351 903 3544 963; x_wconf 85' lang='lat' dir='ltr'><strong>maxi-</strong></span> 
     </span>
    </p>
   </div>
   <div class='ocr_carea' id='block_1_48' title="bbox 1969 999 3542 1078">
    <p class='ocr_par' dir='ltr' id='par_1_48' title="bbox 1969 999 3542 1078">
     <span class='ocr_line' id='line_1_48' title="bbox 1969 999 3542 1078; baseline 0.003 -18"><span class='ocrx_word' id='word_1_303' title='bbox 1969 1017 2140 1060; x_wconf 91' lang='lat' dir='ltr'><strong>mum</strong></span> <span class='ocrx_word' id='word_1_304' title='bbox 2198 999 2516 1072; x_wconf 84' lang='lat' dir='ltr'><strong>foderunt,</strong></span> <span class='ocrx_word' id='word_1_305' title='bbox 2566 1006 2888 1078; x_wconf 89' lang='lat' dir='ltr'><strong>sperantes</strong></span> <span class='ocrx_word' id='word_1_306' title='bbox 2951 999 3205 1078; x_wconf 87' lang='lat' dir='ltr'><strong>quidem</strong></span> <span class='ocrx_word' id='word_1_307' title='bbox 3256 1001 3415 1075; x_wconf 86' lang='lat' dir='ltr'><strong>fore,</strong></span> <span class='ocrx_word' id='word_1_308' title='bbox 3471 1006 3542 1064; x_wconf 87' lang='lat' dir='ltr'><strong>ut</strong></span> 
     </span>
    </p>
   </div>
   <div class='ocr_carea' id='block_1_49' title="bbox 1969 1098 3542 1177">
    <p class='ocr_par' dir='ltr' id='par_1_49' title="bbox 1969 1098 3542 1177">
     <span class='ocr_line' id='line_1_49' title="bbox 1969 1098 3542 1177; baseline 0.002 -18"><span class='ocrx_word' id='word_1_309' title='bbox 1969 1104 2113 1177; x_wconf 87' lang='lat' dir='ltr'><strong>post</strong></span> <span class='ocrx_word' id='word_1_310' title='bbox 2161 1115 2342 1159; x_wconf 90' lang='lat' dir='ltr'><strong>suum</strong></span> <span class='ocrx_word' id='word_1_311' title='bbox 2385 1098 2531 1159; x_wconf 91' lang='lat' dir='ltr'><strong>hinc</strong></span> <span class='ocrx_word' id='word_1_312' title='bbox 2579 1098 2726 1160; x_wconf 91' lang='lat' dir='ltr'><strong>illuc</strong></span> <span class='ocrx_word' id='word_1_313' title='bbox 2784 1099 3125 1161; x_wconf 89' lang='lat' dir='ltr'><strong>discessum</strong></span> <span class='ocrx_word' id='word_1_314' title='bbox 3185 1099 3542 1162; x_wconf 86' lang='lat' dir='ltr'><strong>fruerentur</strong></span> 
     </span>
    </p>
   </div>
   <div class='ocr_carea' id='block_1_50' title="bbox 1969 1196 3543 1278">
    <p class='ocr_par' dir='ltr' id='par_1_50' title="bbox 1969 1196 3543 1278">
     <span class='ocr_line' id='line_1_50' title="bbox 1969 1196 3543 1278; baseline 0.003 -20"><span class='ocrx_word' id='word_1_315' title='bbox 1969 1196 2210 1259; x_wconf 89' lang='lat' dir='ltr'><strong>deliciis</strong></span> <span class='ocrx_word' id='word_1_316' title='bbox 2239 1199 2302 1259; x_wconf 90' lang='lat' dir='ltr'><strong>in</strong></span> <span class='ocrx_word' id='word_1_317' title='bbox 2333 1197 2455 1260; x_wconf 91' lang='lat' dir='ltr'><strong>hoc</strong></span> <span class='ocrx_word' id='word_1_318' title='bbox 2489 1199 2800 1278; x_wconf 87' lang='lat' dir='ltr'><strong>paradiso.</strong></span> <span class='ocrx_word' id='word_1_319' title='bbox 2847 1201 3072 1259; x_wconf 89' lang='lat' dir='ltr'><strong>Servus</strong></span> <span class='ocrx_word' id='word_1_320' title='bbox 3100 1200 3288 1277; x_wconf 85' lang='lat' dir='ltr'><strong>igitur</strong></span> <span class='ocrx_word' id='word_1_321' title='bbox 3319 1200 3543 1262; x_wconf 87' lang='lat' dir='ltr'><strong>Christi</strong></span> 
     </span>
    </p>
   </div>
   <div class='ocr_carea' id='block_1_51' title="bbox 1969 1297 3543 1377">
    <p class='ocr_par' dir='ltr' id='par_1_51' title="bbox 1969 1297 3543 1377">
     <span class='ocr_line' id='line_1_51' title="bbox 1969 1297 3543 1377; baseline 0.003 -19"><span class='ocrx_word' id='word_1_322' title='bbox 1969 1299 2269 1359; x_wconf 86' lang='lat' dir='ltr'><strong>Macarius</strong></span> <span class='ocrx_word' id='word_1_323' title='bbox 2313 1316 2506 1377; x_wconf 89' lang='lat' dir='ltr'><strong>quum</strong></span> <span class='ocrx_word' id='word_1_324' title='bbox 2539 1299 2721 1371; x_wconf 89' lang='lat' dir='ltr'><strong>viam,</strong></span> <span class='ocrx_word' id='word_1_325' title='bbox 2770 1315 2929 1376; x_wconf 88' lang='lat' dir='ltr'><strong>quae</strong></span> <span class='ocrx_word' id='word_1_326' title='bbox 2961 1299 3035 1359; x_wconf 89' lang='lat' dir='ltr'><strong>ad</strong></span> <span class='ocrx_word' id='word_1_327' title='bbox 3081 1297 3248 1361; x_wconf 91' lang='lat' dir='ltr'><strong>hunc</strong></span> <span class='ocrx_word' id='word_1_328' title='bbox 3291 1300 3543 1363; x_wconf 87' lang='lat' dir='ltr'><strong>hortum</strong></span> 
     </span>
    </p>
   </div>
   <div class='ocr_carea' id='block_1_52' title="bbox 1971 1397 3546 1476">
    <p class='ocr_par' dir='ltr' id='par_1_52' title="bbox 1971 1397 3546 1476">
     <span class='ocr_line' id='line_1_52' title="bbox 1971 1397 3546 1476; baseline 0.002 -18"><span class='ocrx_word' id='word_1_329' title='bbox 1971 1398 2162 1472; x_wconf 89' lang='lat' dir='ltr'><strong>ducit,</strong></span> <span class='ocrx_word' id='word_1_330' title='bbox 2206 1398 2544 1475; x_wconf 85' lang='lat' dir='ltr'><strong>ignoraret,</strong></span> <span class='ocrx_word' id='word_1_331' title='bbox 2587 1397 2719 1458; x_wconf 88' lang='lat' dir='ltr'><strong>sola</strong></span> <span class='ocrx_word' id='word_1_332' title='bbox 2763 1398 3122 1476; x_wconf 83' lang='lat' dir='ltr'><strong>conjectura</strong></span> <span class='ocrx_word' id='word_1_333' title='bbox 3168 1407 3418 1460; x_wconf 89' lang='lat' dir='ltr'><strong>secutus</strong></span> <span class='ocrx_word' id='word_1_334' title='bbox 3451 1408 3546 1461; x_wconf 92' lang='lat' dir='ltr'><strong>est</strong></span> 
     </span>
    </p>
   </div>
   <div class='ocr_carea' id='block_1_53' title="bbox 1970 1497 3538 1576">
    <p class='ocr_par' dir='ltr' id='par_1_53' title="bbox 1970 1497 3538 1576">
     <span class='ocr_line' id='line_1_53' title="bbox 1970 1497 3538 1576; baseline 0.003 -19"><span class='ocrx_word' id='word_1_335' title='bbox 1970 1504 2154 1571; x_wconf 89' lang='lat' dir='ltr'><strong>astra,</strong></span> <span class='ocrx_word' id='word_1_336' title='bbox 2199 1500 2357 1560; x_wconf 92' lang='lat' dir='ltr'><strong>sicut</strong></span> <span class='ocrx_word' id='word_1_337' title='bbox 2409 1506 2658 1571; x_wconf 86' lang='lat' dir='ltr'><strong>nautae,</strong></span> <span class='ocrx_word' id='word_1_338' title='bbox 2717 1497 2825 1576; x_wconf 88' lang='lat' dir='ltr'><strong>qui</strong></span> <span class='ocrx_word' id='word_1_339' title='bbox 2862 1499 3053 1558; x_wconf 89' lang='lat' dir='ltr'><strong>maria</strong></span> <span class='ocrx_word' id='word_1_340' title='bbox 3090 1500 3538 1561; x_wconf 86' lang='lat' dir='ltr'><strong>transmittunt.</strong></span> 
     </span>
    </p>
   </div>
   <div class='ocr_carea' id='block_1_54' title="bbox 1970 1598 3543 1678">
    <p class='ocr_par' dir='ltr' id='par_1_54' title="bbox 1970 1598 3543 1678">
     <span class='ocr_line' id='line_1_54' title="bbox 1970 1598 3543 1678; baseline 0.003 -21"><span class='ocrx_word' id='word_1_341' title='bbox 1970 1598 2069 1659; x_wconf 89' lang='lat' dir='ltr'><strong>Sic</strong></span> <span class='ocrx_word' id='word_1_342' title='bbox 2117 1604 2311 1660; x_wconf 89' lang='lat' dir='ltr'><strong>totam</strong></span> <span class='ocrx_word' id='word_1_343' title='bbox 2358 1598 2630 1678; x_wconf 85' lang='lat' dir='ltr'><strong>pervasit</strong></span> <span class='ocrx_word' id='word_1_344' title='bbox 2685 1598 3107 1658; x_wconf 88' lang='lat' dir='ltr'><strong>solitudinem.</strong></span> <span class='ocrx_word' id='word_1_345' title='bbox 3156 1599 3543 1662; x_wconf 86' lang='lat' dir='ltr'><strong>Fasciculum</strong></span> 
     </span>
    </p>
   </div>
   <div class='ocr_carea' id='block_1_55' title="bbox 1969 1700 3543 1790">
    <p class='ocr_par' dir='ltr' id='par_1_55' title="bbox 1969 1700 3543 1790">
     <span class='ocr_line' id='line_1_55' title="bbox 1969 1700 3543 1790; baseline 0.003 -31"><span class='ocrx_word' id='word_1_346' title='bbox 1969 1718 2118 1762; x_wconf 89' lang='lat' dir='ltr'><strong>vero</strong></span> <span class='ocrx_word' id='word_1_347' title='bbox 2165 1701 2543 1762; x_wconf 90' lang='lat' dir='ltr'><strong>arundinum</strong></span> <span class='ocrx_word' id='word_1_348' title='bbox 2586 1700 2808 1771; x_wconf 86' lang='lat' dir='ltr'><strong>tenuit,</strong></span> <span class='ocrx_word' id='word_1_349' title='bbox 2849 1717 2925 1760; x_wconf 84' lang='lat' dir='ltr'><strong>ex</strong></span> <span class='ocrx_word' id='word_1_350' title='bbox 2971 1700 3199 1790; x_wconf 85' lang='lat' dir='ltr'><strong>quibus</strong></span> <span class='ocrx_word' id='word_1_351' title='bbox 3239 1719 3429 1762; x_wconf 91' lang='lat' dir='ltr'><strong>unam</strong></span> <span class='ocrx_word' id='word_1_352' title='bbox 3478 1703 3543 1764; x_wconf 90' lang='lat' dir='ltr'><strong>in</strong></span> 
     </span>
    </p>
   </div>
   <div class='ocr_carea' id='block_1_56' title="bbox 1971 1800 3547 1882">
    <p class='ocr_par' dir='ltr' id='par_1_56' title="bbox 1971 1800 3547 1882">
     <span class='ocr_line' id='line_1_56' title="bbox 1971 1800 3547 1882; baseline 0.003 -21"><span class='ocrx_word' id='word_1_353' title='bbox 1971 1818 2361 1880; x_wconf 88' lang='lat' dir='ltr'><strong>unoquoque</strong></span> <span class='ocrx_word' id='word_1_354' title='bbox 2387 1803 2500 1872; x_wconf 80' lang='lat'><strong>68</strong></span> <span class='ocrx_word' id='word_1_355' title='bbox 2537 1800 2787 1862; x_wconf 87' lang='lat' dir='ltr'><strong>milliari</strong></span> <span class='ocrx_word' id='word_1_356' title='bbox 2823 1807 3118 1879; x_wconf 87' lang='lat' dir='ltr'><strong>tanquam</strong></span> <span class='ocrx_word' id='word_1_357' title='bbox 3151 1802 3395 1879; x_wconf 87' lang='lat' dir='ltr'><strong>sign-um</strong></span> <span class='ocrx_word' id='word_1_358' title='bbox 3433 1819 3547 1882; x_wconf 53' lang='lat' dir='ltr'><strong>pod-</strong></span> 
     </span>
    </p>
   </div>
   <div class='ocr_carea' id='block_1_57' title="bbox 1970 1901 3544 1979">
    <p class='ocr_par' dir='ltr' id='par_1_57' title="bbox 1970 1901 3544 1979">
     <span class='ocr_line' id='line_1_57' title="bbox 1970 1901 3544 1979; baseline 0.001 -19"><span class='ocrx_word' id='word_1_359' title='bbox 1970 1901 2128 1972; x_wconf 91' lang='lat' dir='ltr'><strong>suit,</strong></span> <span class='ocrx_word' id='word_1_360' title='bbox 2186 1901 2365 1961; x_wconf 88' lang='lat' dir='ltr'><strong>cuius</strong></span> <span class='ocrx_word' id='word_1_361' title='bbox 2425 1917 2550 1979; x_wconf 91' lang='lat' dir='ltr'><strong>ope</strong></span> <span class='ocrx_word' id='word_1_362' title='bbox 2612 1905 2938 1961; x_wconf 89' lang='lat' dir='ltr'><strong>remearet.</strong></span> <span class='ocrx_word' id='word_1_363' title='bbox 3013 1901 3248 1961; x_wconf 90' lang='lat' dir='ltr'><strong>Novem</strong></span> <span class='ocrx_word' id='word_1_364' title='bbox 3322 1901 3544 1962; x_wconf 88' lang='lat' dir='ltr'><strong>diebus</strong></span> 
     </span>
    </p>
   </div>
   <div class='ocr_carea' id='block_1_58' title="bbox 1970 1998 3547 2080">
    <p class='ocr_par' dir='ltr' id='par_1_58' title="bbox 1970 1998 3547 2080">
     <span class='ocr_line' id='line_1_58' title="bbox 1970 1998 3547 2080; baseline 0.003 -22"><span class='ocrx_word' id='word_1_365' title='bbox 1970 2016 2169 2077; x_wconf 88' lang='lat' dir='ltr'><strong>prepe</strong></span> <span class='ocrx_word' id='word_1_366' title='bbox 2214 1999 2389 2060; x_wconf 87' lang='lat' dir='ltr'><strong>illum</strong></span> <span class='ocrx_word' id='word_1_367' title='bbox 2441 1998 2694 2060; x_wconf 88' lang='lat' dir='ltr'><strong>hortum</strong></span> <span class='ocrx_word' id='word_1_368' title='bbox 2724 1998 2912 2070; x_wconf 88' lang='lat' dir='ltr'><strong>venit,</strong></span> <span class='ocrx_word' id='word_1_369' title='bbox 2959 2008 3020 2059; x_wconf 89' lang='lat' dir='ltr'><strong>et</strong></span> <span class='ocrx_word' id='word_1_370' title='bbox 3058 2009 3244 2062; x_wconf 89' lang='lat' dir='ltr'><strong>nocte</strong></span> <span class='ocrx_word' id='word_1_371' title='bbox 3287 2018 3547 2080; x_wconf 85' lang='lat' dir='ltr'><strong>oppres-</strong></span> 
     </span>
    </p>
   </div>
   <div class='ocr_carea' id='block_1_59' title="bbox 1971 2099 3546 2178">
    <p class='ocr_par' dir='ltr' id='par_1_59' title="bbox 1971 2099 3546 2178">
     <span class='ocr_line' id='line_1_59' title="bbox 1971 2099 3546 2178; baseline 0.004 -20"><span class='ocrx_word' id='word_1_372' title='bbox 1971 2117 2077 2159; x_wconf 89' lang='lat' dir='ltr'><strong>sus</strong></span> <span class='ocrx_word' id='word_1_373' title='bbox 2111 2117 2328 2177; x_wconf 87' lang='lat' dir='ltr'><strong>parum</strong></span> <span class='ocrx_word' id='word_1_374' title='bbox 2377 2099 2686 2160; x_wconf 72' lang='lat' dir='ltr'><strong>dormivit.</strong></span> <span class='ocrx_word' id='word_1_375' title='bbox 2727 2101 3056 2178; x_wconf 88' lang='lat' dir='ltr'><strong>Improbus</strong></span> <span class='ocrx_word' id='word_1_376' title='bbox 3091 2117 3236 2162; x_wconf 88' lang='lat' dir='ltr'><strong>vero</strong></span> <span class='ocrx_word' id='word_1_377' title='bbox 3275 2101 3546 2164; x_wconf 88' lang='lat' dir='ltr'><strong>daemon</strong></span> 
     </span>
    </p>
   </div>
   <div class='ocr_carea' id='block_1_60' title="bbox 1971 2199 3541 2280">
    <p class='ocr_par' dir='ltr' id='par_1_60' title="bbox 1971 2199 3541 2280">
     <span class='ocr_line' id='line_1_60' title="bbox 1971 2199 3541 2280; baseline 0.001 -20"><span class='ocrx_word' id='word_1_378' title='bbox 1971 2200 2309 2260; x_wconf 88' lang='lat' dir='ltr'><strong>arundines</strong></span> <span class='ocrx_word' id='word_1_379' title='bbox 2340 2199 2478 2259; x_wconf 92' lang='lat' dir='ltr'><strong>illas</strong></span> <span class='ocrx_word' id='word_1_380' title='bbox 2506 2199 2797 2260; x_wconf 90' lang='lat' dir='ltr'><strong>collectas</strong></span> <span class='ocrx_word' id='word_1_381' title='bbox 2827 2201 2905 2261; x_wconf 92' lang='lat' dir='ltr'><strong>ad</strong></span> <span class='ocrx_word' id='word_1_382' title='bbox 2937 2206 3122 2279; x_wconf 91' lang='lat' dir='ltr'><strong>caput</strong></span> <span class='ocrx_word' id='word_1_383' title='bbox 3152 2202 3286 2262; x_wconf 91' lang='lat' dir='ltr'><strong>eius</strong></span> <span class='ocrx_word' id='word_1_384' title='bbox 3311 2204 3541 2280; x_wconf 89' lang='lat' dir='ltr'><strong>posuit,</strong></span> 
     </span>
    </p>
   </div>
   <div class='ocr_carea' id='block_1_61' title="bbox 1968 2299 3544 2378">
    <p class='ocr_par' dir='ltr' id='par_1_61' title="bbox 1968 2299 3544 2378">
     <span class='ocr_line' id='line_1_61' title="bbox 1968 2299 3544 2378; baseline 0.002 -19"><span class='ocrx_word' id='word_1_385' title='bbox 1968 2299 2230 2360; x_wconf 83' lang='lat' dir='ltr'><strong>fortasse</strong></span> <span class='ocrx_word' id='word_1_386' title='bbox 2300 2300 2408 2360; x_wconf 90' lang='lat' dir='ltr'><strong>Dei</strong></span> <span class='ocrx_word' id='word_1_387' title='bbox 2467 2300 2773 2378; x_wconf 86' lang='lat' dir='ltr'><strong>permissu</strong></span> <span class='ocrx_word' id='word_1_388' title='bbox 2840 2301 2916 2360; x_wconf 89' lang='lat' dir='ltr'><strong>ad</strong></span> <span class='ocrx_word' id='word_1_389' title='bbox 2982 2299 3278 2360; x_wconf 88' lang='lat' dir='ltr'><strong>maiorem</strong></span> <span class='ocrx_word' id='word_1_390' title='bbox 3351 2303 3544 2362; x_wconf 90' lang='lat' dir='ltr'><strong>sancti</strong></span> 
     </span>
    </p>
   </div>
   <div class='ocr_carea' id='block_1_62' title="bbox 1965 2402 3546 2474">
    <p class='ocr_par' dir='ltr' id='par_1_62' title="bbox 1965 2402 3546 2474">
     <span class='ocr_line' id='line_1_62' title="bbox 1965 2402 3546 2474; baseline 0 -11"><span class='ocrx_word' id='word_1_391' title='bbox 1965 2402 2514 2474; x_wconf 82' lang='lat' dir='ltr'><strong>exercitationem,</strong></span> <span class='ocrx_word' id='word_1_392' title='bbox 2567 2419 2649 2464; x_wconf 90' lang='lat' dir='ltr'><strong>ne</strong></span> <span class='ocrx_word' id='word_1_393' title='bbox 2702 2402 2767 2462; x_wconf 91' lang='lat' dir='ltr'><strong>in</strong></span> <span class='ocrx_word' id='word_1_394' title='bbox 2824 2403 3234 2464; x_wconf 84' lang='lat' dir='ltr'><strong>arundinibus</strong></span> <span class='ocrx_word' id='word_1_395' title='bbox 3284 2404 3546 2464; x_wconf 82' lang='lat' dir='ltr'><strong>ducibus</strong></span> 
     </span>
    </p>
   </div>
   <div class='ocr_carea' id='block_1_63' title="bbox 1973 2501 3542 2580">
    <p class='ocr_par' dir='ltr' id='par_1_63' title="bbox 1973 2501 3542 2580">
     <span class='ocr_line' id='line_1_63' title="bbox 1973 2501 3542 2580; baseline 0.002 -19"><span class='ocrx_word' id='word_1_396' title='bbox 1973 2520 2150 2580; x_wconf 89' lang='lat' dir='ltr'><strong>spem</strong></span> <span class='ocrx_word' id='word_1_397' title='bbox 2181 2521 2353 2562; x_wconf 89' lang='lat' dir='ltr'><strong>suam</strong></span> <span class='ocrx_word' id='word_1_398' title='bbox 2394 2501 2672 2576; x_wconf 87' lang='lat' dir='ltr'><strong>haberet,</strong></span> <span class='ocrx_word' id='word_1_399' title='bbox 2721 2503 2830 2563; x_wconf 88' lang='lat' dir='ltr'><strong>sed</strong></span> <span class='ocrx_word' id='word_1_400' title='bbox 2863 2503 3058 2579; x_wconf 89' lang='lat' dir='ltr'><strong>magis</strong></span> <span class='ocrx_word' id='word_1_401' title='bbox 3092 2503 3156 2563; x_wconf 91' lang='lat' dir='ltr'><strong>in</strong></span> <span class='ocrx_word' id='word_1_402' title='bbox 3189 2505 3382 2580; x_wconf 84' lang='lat' dir='ltr'><strong>gratia</strong></span> <span class='ocrx_word' id='word_1_403' title='bbox 3412 2505 3542 2578; x_wconf 89' lang='lat' dir='ltr'><strong>Dei,</strong></span> 
     </span>
    </p>
   </div>
   <div class='ocr_carea' id='block_1_64' title="bbox 1973 2601 3545 2683">
    <p class='ocr_par' dir='ltr' id='par_1_64' title="bbox 1973 2601 3545 2683">
     <span class='ocr_line' id='line_1_64' title="bbox 1973 2601 3545 2683; baseline 0.004 -23"><span class='ocrx_word' id='word_1_404' title='bbox 1973 2601 2083 2680; x_wconf 88' lang='lat' dir='ltr'><strong>qui</strong></span> <span class='ocrx_word' id='word_1_405' title='bbox 2111 2619 2224 2678; x_wconf 90' lang='lat' dir='ltr'><strong>per</strong></span> <span class='ocrx_word' id='word_1_406' title='bbox 2255 2601 2609 2662; x_wconf 90' lang='lat' dir='ltr'><strong>columnam</strong></span> <span class='ocrx_word' id='word_1_407' title='bbox 2643 2603 2806 2679; x_wconf 83' lang='lat' dir='ltr'><strong>ignis</strong></span> <span class='ocrx_word' id='word_1_408' title='bbox 2837 2611 2896 2664; x_wconf 91' lang='lat' dir='ltr'><strong>et</strong></span> <span class='ocrx_word' id='word_1_409' title='bbox 2926 2604 3110 2664; x_wconf 88' lang='lat' dir='ltr'><strong>nubis</strong></span> <span class='ocrx_word' id='word_1_410' title='bbox 3140 2606 3545 2683; x_wconf 87' lang='lat' dir='ltr'><strong>quadraginta.</strong></span> 
     </span>
    </p>
   </div>
   <div class='ocr_carea' id='block_1_65' title="bbox 1973 2700 3545 2778">
    <p class='ocr_par' dir='ltr' id='par_1_65' title="bbox 1973 2700 3545 2778">
     <span class='ocr_line' id='line_1_65' title="bbox 1973 2700 3545 2778; baseline 0.002 -18"><span class='ocrx_word' id='word_1_411' title='bbox 1973 2718 2172 2760; x_wconf 88' lang='lat' dir='ltr'><strong>annos</strong></span> <span class='ocrx_word' id='word_1_412' title='bbox 2216 2700 2279 2760; x_wconf 90' lang='lat' dir='ltr'><strong>in</strong></span> <span class='ocrx_word' id='word_1_413' title='bbox 2311 2701 2421 2760; x_wconf 90' lang='lat' dir='ltr'><strong>ista</strong></span> <span class='ocrx_word' id='word_1_414' title='bbox 2473 2700 2810 2775; x_wconf 85' lang='lat' dir='ltr'><strong>solitudine</strong></span> <span class='ocrx_word' id='word_1_415' title='bbox 2861 2701 3165 2778; x_wconf 85' lang='lat' dir='ltr'><strong>pepulum</strong></span> <span class='ocrx_word' id='word_1_416' title='bbox 3201 2702 3385 2761; x_wconf 82' lang='lat' dir='ltr'><strong>Israel</strong></span> <span class='ocrx_word' id='word_1_417' title='bbox 3421 2721 3545 2763; x_wconf 93' lang='lat' dir='ltr'><strong>non</strong></span> 
     </span>
    </p>
   </div>
   <div class='ocr_carea' id='block_1_66' title="bbox 1975 2803 3547 2882">
    <p class='ocr_par' dir='ltr' id='par_1_66' title="bbox 1975 2803 3547 2882">
     <span class='ocr_line' id='line_1_66' title="bbox 1975 2803 3547 2882; baseline 0.001 -20"><span class='ocrx_word' id='word_1_418' title='bbox 1975 2803 2374 2865; x_wconf 86' lang='lat' dir='ltr'><strong>obedientem</strong></span> <span class='ocrx_word' id='word_1_419' title='bbox 2406 2809 2465 2863; x_wconf 90' lang='lat' dir='ltr'><strong>et</strong></span> <span class='ocrx_word' id='word_1_420' title='bbox 2492 2811 2944 2882; x_wconf 83' lang='lat' dir='ltr'><strong>repugnantem</strong></span> <span class='ocrx_word' id='word_1_421' title='bbox 2969 2803 3242 2864; x_wconf 85' lang='lat' dir='ltr'><strong>deduxit.</strong></span> <span class='ocrx_word' id='word_1_422' title='bbox 3274 2806 3547 2882; x_wconf 81' lang='lat' dir='ltr'><strong>Surgens</strong></span> 
     </span>
    </p>
   </div>
   <div class='ocr_carea' id='block_1_67' title="bbox 1974 2902 3547 2980">
    <p class='ocr_par' dir='ltr' id='par_1_67' title="bbox 1974 2902 3547 2980">
     <span class='ocr_line' id='line_1_67' title="bbox 1974 2902 3547 2980; baseline 0.002 -18"><span class='ocrx_word' id='word_1_423' title='bbox 1974 2903 2160 2980; x_wconf 87' lang='lat' dir='ltr'><strong>igitur</strong></span> <span class='ocrx_word' id='word_1_424' title='bbox 2216 2903 2556 2965; x_wconf 87' lang='lat' dir='ltr'><strong>arundines</strong></span> <span class='ocrx_word' id='word_1_425' title='bbox 2605 2902 2922 2977; x_wconf 79' lang='lat' dir='ltr'><strong>colligatus</strong></span> <span class='ocrx_word' id='word_1_426' title='bbox 2973 2903 3230 2964; x_wconf 87' lang='lat' dir='ltr'><strong>invenit.</strong></span> <span class='ocrx_word' id='word_1_427' title='bbox 3289 2905 3547 2966; x_wconf 80' lang='lat' dir='ltr'><strong>Sanetus</strong></span> 
     </span>
    </p>
   </div>
   <div class='ocr_carea' id='block_1_68' title="bbox 1973 3001 3544 3082">
    <p class='ocr_par' dir='ltr' id='par_1_68' title="bbox 1973 3001 3544 3082">
     <span class='ocr_line' id='line_1_68' title="bbox 1973 3001 3544 3082; baseline 0.001 -18"><span class='ocrx_word' id='word_1_428' title='bbox 1973 3011 2180 3064; x_wconf 89' lang='lat' dir='ltr'><strong>autem</strong></span> <span class='ocrx_word' id='word_1_429' title='bbox 2217 3022 2229 3063; x_wconf 90' lang='lat'><strong>:</strong></span> <span class='ocrx_word' id='word_1_430' title='bbox 2272 3003 2411 3076; x_wconf 89' lang='lat' dir='ltr'><strong>Ubi,</strong></span> <span class='ocrx_word' id='word_1_431' title='bbox 2462 3002 2689 3080; x_wconf 90' lang='lat' dir='ltr'><strong>inquit,</strong></span> <span class='ocrx_word' id='word_1_432' title='bbox 2741 3002 2816 3063; x_wconf 89' lang='lat' dir='ltr'><strong>ad</strong></span> <span class='ocrx_word' id='word_1_433' title='bbox 2848 3001 3100 3063; x_wconf 87' lang='lat' dir='ltr'><strong>hortum</strong></span> <span class='ocrx_word' id='word_1_434' title='bbox 3148 3004 3408 3082; x_wconf 88' lang='lat' dir='ltr'><strong>propius</strong></span> <span class='ocrx_word' id='word_1_435' title='bbox 3440 3023 3544 3066; x_wconf 89' lang='lat' dir='ltr'><strong>ac-</strong></span> 
     </span>
    </p>
   </div>
   <div class='ocr_carea' id='block_1_69' title="bbox 1976 3103 3546 3183">
    <p class='ocr_par' dir='ltr' id='par_1_69' title="bbox 1976 3103 3546 3183">
     <span class='ocr_line' id='line_1_69' title="bbox 1976 3103 3546 3183; baseline 0.002 -18"><span class='ocrx_word' id='word_1_436' title='bbox 1976 3105 2157 3177; x_wconf 88' lang='lat' dir='ltr'><strong>cessi,</strong></span> <span class='ocrx_word' id='word_1_437' title='bbox 2207 3122 2283 3165; x_wconf 86' lang='lat' dir='ltr'><strong>ex</strong></span> <span class='ocrx_word' id='word_1_438' title='bbox 2324 3123 2400 3166; x_wconf 92' lang='lat' dir='ltr'><strong>eo</strong></span> <span class='ocrx_word' id='word_1_439' title='bbox 2452 3104 2687 3182; x_wconf 88' lang='lat' dir='ltr'><strong>egressi</strong></span> <span class='ocrx_word' id='word_1_440' title='bbox 2737 3110 2882 3164; x_wconf 89' lang='lat' dir='ltr'><strong>sunt</strong></span> <span class='ocrx_word' id='word_1_441' title='bbox 2933 3103 3210 3183; x_wconf 89' lang='lat' dir='ltr'><strong>mihique</strong></span> <span class='ocrx_word' id='word_1_442' title='bbox 3254 3122 3546 3168; x_wconf 85' lang='lat' dir='ltr'><strong>occurre-</strong></span> 
     </span>
    </p>
   </div>
   <div class='ocr_carea' id='block_1_70' title="bbox 1978 3203 3550 3284">
    <p class='ocr_par' dir='ltr' id='par_1_70' title="bbox 1978 3203 3550 3284">
     <span class='ocr_line' id='line_1_70' title="bbox 1978 3203 3550 3284; baseline 0 -20"><span class='ocrx_word' id='word_1_443' title='bbox 1978 3211 2123 3265; x_wconf 84' lang='lat' dir='ltr'><strong>runt</strong></span> <span class='ocrx_word' id='word_1_444' title='bbox 2159 3204 2549 3284; x_wconf 85' lang='lat' dir='ltr'><strong>septuaginta</strong></span> <span class='ocrx_word' id='word_1_445' title='bbox 2580 3203 2710 3265; x_wconf 83' lang='lat' dir='ltr'><strong>fere</strong></span> <span class='ocrx_word' id='word_1_446' title='bbox 2755 3203 3096 3263; x_wconf 88' lang='lat' dir='ltr'><strong>daemones</strong></span> <span class='ocrx_word' id='word_1_447' title='bbox 3123 3204 3306 3264; x_wconf 85' lang='lat' dir='ltr'><strong>variis</strong></span> <span class='ocrx_word' id='word_1_448' title='bbox 3335 3203 3550 3265; x_wconf 85' lang='lat' dir='ltr'><strong>formis</strong></span> 
     </span>
    </p>
   </div>
   <div class='ocr_carea' id='block_1_71' title="bbox 1974 3303 3546 3385">
    <p class='ocr_par' dir='ltr' id='par_1_71' title="bbox 1974 3303 3546 3385">
     <span class='ocr_line' id='line_1_71' title="bbox 1974 3303 3546 3385; baseline -0.001 -19"><span class='ocrx_word' id='word_1_449' title='bbox 1974 3306 2262 3385; x_wconf 88' lang='lat' dir='ltr'><strong>praediti,</strong></span> <span class='ocrx_word' id='word_1_450' title='bbox 2293 3306 2395 3366; x_wconf 89' lang='lat' dir='ltr'><strong>alii</strong></span> <span class='ocrx_word' id='word_1_451' title='bbox 2429 3305 2684 3385; x_wconf 89' lang='lat' dir='ltr'><strong>quidem</strong></span> <span class='ocrx_word' id='word_1_452' title='bbox 2728 3304 3087 3377; x_wconf 88' lang='lat' dir='ltr'><strong>clamantes,</strong></span> <span class='ocrx_word' id='word_1_453' title='bbox 3122 3303 3226 3364; x_wconf 91' lang='lat' dir='ltr'><strong>alii</strong></span> <span class='ocrx_word' id='word_1_454' title='bbox 3257 3322 3402 3366; x_wconf 91' lang='lat' dir='ltr'><strong>vero</strong></span> <span class='ocrx_word' id='word_1_455' title='bbox 3439 3323 3546 3366; x_wconf 85' lang='lat' dir='ltr'><strong>ex-</strong></span> 
     </span>
    </p>
   </div>
   <div class='ocr_carea' id='block_1_72' title="bbox 1976 3405 3547 3483">
    <p class='ocr_par' dir='ltr' id='par_1_72' title="bbox 1976 3405 3547 3483">
     <span class='ocr_line' id='line_1_72' title="bbox 1976 3405 3547 3483; baseline -0.001 -16"><span class='ocrx_word' id='word_1_456' title='bbox 1976 3407 2275 3480; x_wconf 89' lang='lat' dir='ltr'><strong>silientcs,</strong></span> <span class='ocrx_word' id='word_1_457' title='bbox 2309 3406 2412 3466; x_wconf 87' lang='lat' dir='ltr'><strong>alii</strong></span> <span class='ocrx_word' id='word_1_458' title='bbox 2445 3425 2588 3468; x_wconf 89' lang='lat' dir='ltr'><strong>cum</strong></span> <span class='ocrx_word' id='word_1_459' title='bbox 2627 3423 2854 3483; x_wconf 91' lang='lat' dir='ltr'><strong>magno</strong></span> <span class='ocrx_word' id='word_1_460' title='bbox 2887 3405 3135 3466; x_wconf 83' lang='lat' dir='ltr'><strong>fremitu</strong></span> <span class='ocrx_word' id='word_1_461' title='bbox 3164 3405 3228 3466; x_wconf 91' lang='lat' dir='ltr'><strong>in</strong></span> <span class='ocrx_word' id='word_1_462' title='bbox 3259 3424 3356 3466; x_wconf 90' lang='lat' dir='ltr'><strong>me</strong></span> <span class='ocrx_word' id='word_1_463' title='bbox 3390 3406 3547 3466; x_wconf 89' lang='lat' dir='ltr'><strong>den-</strong></span> 
     </span>
    </p>
   </div>
   <div class='ocr_carea' id='block_1_73' title="bbox 1973 3506 3552 3584">
    <p class='ocr_par' dir='ltr' id='par_1_73' title="bbox 1973 3506 3552 3584">
     <span class='ocr_line' id='line_1_73' title="bbox 1973 3506 3552 3584; baseline -0.001 -17"><span class='ocrx_word' id='word_1_464' title='bbox 1973 3508 2142 3568; x_wconf 89' lang='lat' dir='ltr'><strong>tibus</strong></span> <span class='ocrx_word' id='word_1_465' title='bbox 2179 3507 2535 3568; x_wconf 89' lang='lat' dir='ltr'><strong>stridentes.</strong></span> <span class='ocrx_word' id='word_1_466' title='bbox 2579 3508 2776 3567; x_wconf 86' lang='lat' dir='ltr'><strong>Ceteri</strong></span> <span class='ocrx_word' id='word_1_467' title='bbox 2812 3514 3105 3584; x_wconf 89' lang='lat' dir='ltr'><strong>tanquam</strong></span> <span class='ocrx_word' id='word_1_468' title='bbox 3141 3507 3308 3567; x_wconf 86' lang='lat' dir='ltr'><strong>corvi</strong></span> <span class='ocrx_word' id='word_1_469' title='bbox 3345 3506 3552 3566; x_wconf 89' lang='lat' dir='ltr'><strong>volan-</strong></span> 
     </span>
    </p>
   </div>
   <div class='ocr_carea' id='block_1_74' title="bbox 1974 3605 3545 3667">
    <p class='ocr_par' dir='ltr' id='par_1_74' title="bbox 1974 3605 3545 3667">
     <span class='ocr_line' id='line_1_74' title="bbox 1974 3605 3545 3667; baseline 0 -3"><span class='ocrx_word' id='word_1_470' title='bbox 1974 3612 2068 3666; x_wconf 88' lang='lat' dir='ltr'><strong>tes</strong></span> <span class='ocrx_word' id='word_1_471' title='bbox 2115 3607 2426 3667; x_wconf 89' lang='lat' dir='ltr'><strong>audebant</strong></span> <span class='ocrx_word' id='word_1_472' title='bbox 2470 3606 2667 3667; x_wconf 88' lang='lat' dir='ltr'><strong>vultui</strong></span> <span class='ocrx_word' id='word_1_473' title='bbox 2714 3623 2857 3666; x_wconf 91' lang='lat' dir='ltr'><strong>meo</strong></span> <span class='ocrx_word' id='word_1_474' title='bbox 2888 3605 3184 3665; x_wconf 89' lang='lat' dir='ltr'><strong>insultare</strong></span> <span class='ocrx_word' id='word_1_475' title='bbox 3224 3606 3501 3666; x_wconf 83' lang='lat' dir='ltr'><strong>dicentes</strong></span> <span class='ocrx_word' id='word_1_476' title='bbox 3535 3625 3545 3664; x_wconf 94' lang='lat'><strong>:</strong></span> 
     </span>
    </p>
   </div>
   <div class='ocr_carea' id='block_1_75' title="bbox 1977 3704 3549 3778">
    <p class='ocr_par' dir='ltr' id='par_1_75' title="bbox 1977 3704 3549 3778">
     <span class='ocr_line' id='line_1_75' title="bbox 1977 3704 3549 3778; baseline 0.001 -13"><span class='ocrx_word' id='word_1_477' title='bbox 1977 3707 2133 3778; x_wconf 89' lang='lat' dir='ltr'><strong>Quid</strong></span> <span class='ocrx_word' id='word_1_478' title='bbox 2166 3706 2274 3778; x_wconf 88' lang='lat' dir='ltr'><strong>vis,</strong></span> <span class='ocrx_word' id='word_1_479' title='bbox 2305 3707 2550 3778; x_wconf 87' lang='lat' dir='ltr'><strong>Macari,</strong></span> <span class='ocrx_word' id='word_1_480' title='bbox 2586 3706 2841 3766; x_wconf 89' lang='lat' dir='ltr'><strong>tentatio</strong></span> <span class='ocrx_word' id='word_1_481' title='bbox 2872 3704 3362 3766; x_wconf 82' lang='lat' dir='ltr'><strong>monachorum?</strong></span> <span class='ocrx_word' id='word_1_482' title='bbox 3394 3705 3549 3778; x_wconf 89' lang='lat' dir='ltr'><strong>Quid</strong></span> 
     </span>
    </p>
   </div>
   <div class='ocr_carea' id='block_1_76' title="bbox 1977 3804 3551 3884">
    <p class='ocr_par' dir='ltr' id='par_1_76' title="bbox 1977 3804 3551 3884">
     <span class='ocr_line' id='line_1_76' title="bbox 1977 3804 3551 3884; baseline 0 -18"><span class='ocrx_word' id='word_1_483' title='bbox 1977 3808 2054 3867; x_wconf 80' lang='lat' dir='ltr'><strong>arl</strong></span> <span class='ocrx_word' id='word_1_484' title='bbox 2089 3825 2204 3867; x_wconf 90' lang='lat' dir='ltr'><strong>nos</strong></span> <span class='ocrx_word' id='word_1_485' title='bbox 2235 3804 2596 3867; x_wconf 83' lang='lat' dir='ltr'><strong>accessisti?</strong></span> <span class='ocrx_word' id='word_1_486' title='bbox 2626 3810 2716 3865; x_wconf 90' lang='lat' dir='ltr'><strong>An</strong></span> <span class='ocrx_word' id='word_1_487' title='bbox 2745 3823 2862 3866; x_wconf 91' lang='lat' dir='ltr'><strong>nos</strong></span> <span class='ocrx_word' id='word_1_488' title='bbox 2895 3823 3151 3884; x_wconf 88' lang='lat' dir='ltr'><strong>quoque</strong></span> <span class='ocrx_word' id='word_1_489' title='bbox 3194 3813 3409 3866; x_wconf 87' lang='lat' dir='ltr'><strong>contra</strong></span> <span class='ocrx_word' id='word_1_490' title='bbox 3444 3807 3551 3866; x_wconf 86' lang='lat' dir='ltr'><strong>ali-</strong></span> 
     </span>
    </p>
   </div>
   <div class='ocr_carea' id='block_1_77' title="bbox 1977 3903 3550 3985">
    <p class='ocr_par' dir='ltr' id='par_1_77' title="bbox 1977 3903 3550 3985">
     <span class='ocr_line' id='line_1_77' title="bbox 1977 3903 3550 3985; baseline -0.002 -18"><span class='ocrx_word' id='word_1_491' title='bbox 1977 3924 2138 3985; x_wconf 89' lang='lat' dir='ltr'><strong>quos</strong></span> <span class='ocrx_word' id='word_1_492' title='bbox 2198 3905 2651 3967; x_wconf 88' lang='lat' dir='ltr'><strong>monachorum</strong></span> <span class='ocrx_word' id='word_1_493' title='bbox 2704 3905 3038 3966; x_wconf 88' lang='lat' dir='ltr'><strong>machinati</strong></span> <span class='ocrx_word' id='word_1_494' title='bbox 3086 3903 3338 3966; x_wconf 83' lang='lat' dir='ltr'><strong>sumus?</strong></span> <span class='ocrx_word' id='word_1_495' title='bbox 3387 3909 3550 3979; x_wconf 88' lang='lat' dir='ltr'><strong>Quae</strong></span> 
     </span>
    </p>
   </div>
   <div class='ocr_carea' id='block_1_78' title="bbox 1979 4007 3554 4080">
    <p class='ocr_par' dir='ltr' id='par_1_78' title="bbox 1979 4007 3554 4080">
     <span class='ocr_line' id='line_1_78' title="bbox 1979 4007 3554 4080; baseline 0.001 -13"><span class='ocrx_word' id='word_1_496' title='bbox 1979 4015 2190 4068; x_wconf 89' lang='lat' dir='ltr'><strong>nostra</strong></span> <span class='ocrx_word' id='word_1_497' title='bbox 2223 4014 2387 4079; x_wconf 86' lang='lat' dir='ltr'><strong>sunt,</strong></span> <span class='ocrx_word' id='word_1_498' title='bbox 2418 4007 2612 4068; x_wconf 89' lang='lat' dir='ltr'><strong>habes</strong></span> <span class='ocrx_word' id='word_1_499' title='bbox 2641 4007 2766 4067; x_wconf 92' lang='lat' dir='ltr'><strong>illic</strong></span> <span class='ocrx_word' id='word_1_500' title='bbox 2803 4025 2944 4069; x_wconf 91' lang='lat' dir='ltr'><strong>cum</strong></span> <span class='ocrx_word' id='word_1_501' title='bbox 2975 4009 3065 4068; x_wconf 91' lang='lat' dir='ltr'><strong>tui</strong></span> <span class='ocrx_word' id='word_1_502' title='bbox 3094 4007 3420 4080; x_wconf 88' lang='lat' dir='ltr'><strong>similibus,</strong></span> <span class='ocrx_word' id='word_1_503' title='bbox 3455 4024 3554 4068; x_wconf 87' lang='lat' dir='ltr'><strong>so-</strong></span> 
     </span>
    </p>
   </div>
   <div class='ocr_carea' id='block_1_79' title="bbox 1979 4107 3551 4185">
    <p class='ocr_par' dir='ltr' id='par_1_79' title="bbox 1979 4107 3551 4185">
     <span class='ocr_line' id='line_1_79' title="bbox 1979 4107 3551 4185; baseline 0.002 -20"><span class='ocrx_word' id='word_1_504' title='bbox 1979 4107 2305 4168; x_wconf 89' lang='lat' dir='ltr'><strong>litudinem</strong></span> <span class='ocrx_word' id='word_1_505' title='bbox 2355 4107 2521 4180; x_wconf 89' lang='lat' dir='ltr'><strong>dico,</strong></span> <span class='ocrx_word' id='word_1_506' title='bbox 2573 4124 2606 4167; x_wconf 90' lang='lat' dir='ltr'><strong>e</strong></span> <span class='ocrx_word' id='word_1_507' title='bbox 2648 4125 2770 4185; x_wconf 89' lang='lat' dir='ltr'><strong>qua</strong></span> <span class='ocrx_word' id='word_1_508' title='bbox 2825 4115 3124 4184; x_wconf 87' lang='lat' dir='ltr'><strong>cognatos</strong></span> <span class='ocrx_word' id='word_1_509' title='bbox 3162 4112 3410 4168; x_wconf 89' lang='lat' dir='ltr'><strong>nostros</strong></span> <span class='ocrx_word' id='word_1_510' title='bbox 3450 4107 3551 4168; x_wconf 62' lang='lat' dir='ltr'><strong>fw</strong></span> 
     </span>
    </p>
   </div>
   <div class='ocr_carea' id='block_1_80' title="bbox 1979 4205 3550 4283">
    <p class='ocr_par' dir='ltr' id='par_1_80' title="bbox 1979 4205 3550 4283">
     <span class='ocr_line' id='line_1_80' title="bbox 1979 4205 3550 4283; baseline 0 -16"><span class='ocrx_word' id='word_1_511' title='bbox 1979 4207 2249 4283; x_wconf 87' lang='lat' dir='ltr'><strong>gavistis.</strong></span> <span class='ocrx_word' id='word_1_512' title='bbox 2295 4209 2528 4267; x_wconf 90' lang='lat' dir='ltr'><strong>Tecum</strong></span> <span class='ocrx_word' id='word_1_513' title='bbox 2591 4205 2747 4266; x_wconf 90' lang='lat' dir='ltr'><strong>nihil</strong></span> <span class='ocrx_word' id='word_1_514' title='bbox 2808 4223 3142 4267; x_wconf 89' lang='lat' dir='ltr'><strong>commune</strong></span> <span class='ocrx_word' id='word_1_515' title='bbox 3198 4205 3550 4267; x_wconf 88' lang='lat' dir='ltr'><strong>habemus:</strong></span> 
     </span>
    </p>
   </div>
   <div class='ocr_carea' id='block_1_81' title="bbox 1979 4303 3552 4382">
    <p class='ocr_par' dir='ltr' id='par_1_81' title="bbox 1979 4303 3552 4382">
     <span class='ocr_line' id='line_1_81' title="bbox 1979 4303 3552 4382; baseline 0.004 -19"><span class='ocrx_word' id='word_1_516' title='bbox 1979 4305 2130 4382; x_wconf 89' lang='lat' dir='ltr'><strong>quid</strong></span> <span class='ocrx_word' id='word_1_517' title='bbox 2165 4311 2376 4366; x_wconf 89' lang='lat' dir='ltr'><strong>nostra</strong></span> <span class='ocrx_word' id='word_1_518' title='bbox 2407 4305 2543 4366; x_wconf 88' lang='lat' dir='ltr'><strong>loca</strong></span> <span class='ocrx_word' id='word_1_519' title='bbox 2574 4303 2960 4382; x_wconf 80' lang='lat' dir='ltr'><strong>ingrederis?</strong></span> <span class='ocrx_word' id='word_1_520' title='bbox 2989 4305 3374 4367; x_wconf 83' lang='lat' dir='ltr'><strong>Anachoreta</strong></span> <span class='ocrx_word' id='word_1_521' title='bbox 3408 4326 3552 4369; x_wconf 92' lang='lat' dir='ltr'><strong>con-</strong></span> 
     </span>
    </p>
   </div>
   <div class='ocr_carea' id='block_1_82' title="bbox 1979 4403 3552 4476">
    <p class='ocr_par' dir='ltr' id='par_1_82' title="bbox 1979 4403 3552 4476">
     <span class='ocr_line' id='line_1_82' title="bbox 1979 4403 3552 4476; baseline 0.003 -13"><span class='ocrx_word' id='word_1_522' title='bbox 1979 4410 2187 4465; x_wconf 86' lang='lat' dir='ltr'><strong>tentus</strong></span> <span class='ocrx_word' id='word_1_523' title='bbox 2217 4411 2349 4466; x_wconf 90' lang='lat' dir='ltr'><strong>esto</strong></span> <span class='ocrx_word' id='word_1_524' title='bbox 2382 4405 2740 4466; x_wconf 88' lang='lat' dir='ltr'><strong>solitudine.</strong></span> <span class='ocrx_word' id='word_1_525' title='bbox 2779 4405 2892 4476; x_wconf 88' lang='lat' dir='ltr'><strong>Qui</strong></span> <span class='ocrx_word' id='word_1_526' title='bbox 2922 4403 3087 4466; x_wconf 88' lang='lat' dir='ltr'><strong>hunc</strong></span> <span class='ocrx_word' id='word_1_527' title='bbox 3131 4406 3337 4467; x_wconf 89' lang='lat' dir='ltr'><strong>locum</strong></span> <span class='ocrx_word' id='word_1_528' title='bbox 3380 4409 3552 4468; x_wconf 89' lang='lat' dir='ltr'><strong>aedi-</strong></span> 
     </span>
    </p>
   </div>
   <div class='ocr_carea' id='block_1_83' title="bbox 291 4502 3552 4586">
    <p class='ocr_par' dir='ltr' id='par_1_83' title="bbox 291 4502 3552 4586">
     <span class='ocr_line' id='line_1_83' title="bbox 291 4502 3552 4586; baseline 0.001 -18"><span class='ocrx_word' id='word_1_529' title='bbox 291 4517 362 4570; x_wconf 89' lang='lat' dir='ltr'><strong>ut</strong></span> <span class='ocrx_word' id='word_1_530' title='bbox 388 4523 646 4586; x_wconf 84' lang='lat' dir='ltr'><strong>vespae.</strong></span> <span class='ocrx_word' id='word_1_531' title='bbox 681 4506 770 4565; x_wconf 75' lang='lat' dir='ltr'><strong>Al)</strong></span> <span class='ocrx_word' id='word_1_532' title='bbox 801 4505 871 4564; x_wconf 90' lang='lat' dir='ltr'><strong>iis</strong></span> <span class='ocrx_word' id='word_1_533' title='bbox 898 4504 1086 4581; x_wconf 88' lang='lat' dir='ltr'><strong>igitur</strong></span> <span class='ocrx_word' id='word_1_534' title='bbox 1115 4509 1278 4564; x_wconf 90' lang='lat' dir='ltr'><strong>totus</strong></span> <span class='ocrx_word' id='word_1_535' title='bbox 1306 4503 1387 4563; x_wconf 90' lang='lat' dir='ltr'><strong>ita</strong></span> <span class='ocrx_word' id='word_1_536' title='bbox 1416 4502 1725 4562; x_wconf 88' lang='lat' dir='ltr'><strong>sauciatus</strong></span> <span class='ocrx_word' id='word_1_537' title='bbox 1757 4507 1871 4574; x_wconf 89' lang='lat' dir='ltr'><strong>est,</strong></span> <span class='ocrx_word' id='word_1_538' title='bbox 1909 4505 1955 4561; x_wconf 92' lang='lat' dir='ltr'><strong>D</strong></span> <span class='ocrx_word' id='word_1_539' title='bbox 1986 4506 2269 4580; x_wconf 89' lang='lat' dir='ltr'><strong>ticarunt,</strong></span> <span class='ocrx_word' id='word_1_540' title='bbox 2305 4523 2448 4566; x_wconf 89' lang='lat' dir='ltr'><strong>eum</strong></span> <span class='ocrx_word' id='word_1_541' title='bbox 2475 4506 2657 4567; x_wconf 87' lang='lat' dir='ltr'><strong>nobis</strong></span> <span class='ocrx_word' id='word_1_542' title='bbox 2692 4506 3117 4581; x_wconf 82' lang='lat' dir='ltr'><strong>adsignarunt.</strong></span> <span class='ocrx_word' id='word_1_543' title='bbox 3150 4508 3289 4567; x_wconf 91' lang='lat' dir='ltr'><strong>Non</strong></span> <span class='ocrx_word' id='word_1_544' title='bbox 3323 4510 3552 4586; x_wconf 81' lang='lat' dir='ltr'><strong>poteris</strong></span> 
     </span>
    </p>
   </div>
   <div class='ocr_carea' id='block_1_84' title="bbox 288 4600 1873 4682">
    <p class='ocr_par' dir='ltr' id='par_1_84' title="bbox 288 4600 1873 4682">
     <span class='ocr_line' id='line_1_84' title="bbox 288 4600 1873 4682; baseline -0.004 -15"><span class='ocrx_word' id='word_1_545' title='bbox 288 4617 362 4669; x_wconf 89' lang='lat' dir='ltr'><strong>ut</strong></span> <span class='ocrx_word' id='word_1_546' title='bbox 392 4616 458 4669; x_wconf 88' lang='lat' dir='ltr'><strong>et</strong></span> <span class='ocrx_word' id='word_1_547' title='bbox 489 4606 695 4667; x_wconf 89' lang='lat' dir='ltr'><strong>aculei</strong></span> <span class='ocrx_word' id='word_1_548' title='bbox 721 4605 788 4665; x_wconf 92' lang='lat' dir='ltr'><strong>in</strong></span> <span class='ocrx_word' id='word_1_549' title='bbox 810 4613 939 4665; x_wconf 91' lang='lat' dir='ltr'><strong>toto</strong></span> <span class='ocrx_word' id='word_1_550' title='bbox 971 4620 1236 4682; x_wconf 90' lang='lat' dir='ltr'><strong>corpore</strong></span> <span class='ocrx_word' id='word_1_551' title='bbox 1266 4604 1463 4682; x_wconf 90' lang='lat' dir='ltr'><strong>ipsius</strong></span> <span class='ocrx_word' id='word_1_552' title='bbox 1493 4600 1873 4675; x_wconf 87' lang='lat' dir='ltr'><strong>viderentur,</strong></span> 
     </span>
    </p>
   </div>
   <div class='ocr_carea' id='block_1_85' title="bbox 291 4700 1872 4782">
    <p class='ocr_par' dir='ltr' id='par_1_85' title="bbox 291 4700 1872 4782">
     <span class='ocr_line' id='line_1_85' title="bbox 291 4700 1872 4782; baseline -0.004 -14"><span class='ocrx_word' id='word_1_553' title='bbox 291 4729 363 4772; x_wconf 88' lang='lat' dir='ltr'><strong>ac</strong></span> <span class='ocrx_word' id='word_1_554' title='bbox 397 4705 696 4768; x_wconf 89' lang='lat' dir='ltr'><strong>nonnulli</strong></span> <span class='ocrx_word' id='word_1_555' title='bbox 743 4705 1092 4776; x_wconf 87' lang='lat' dir='ltr'><strong>crederent,</strong></span> <span class='ocrx_word' id='word_1_556' title='bbox 1147 4701 1558 4782; x_wconf 89' lang='lat' dir='ltr'><strong>elephantiasi</strong></span> <span class='ocrx_word' id='word_1_557' title='bbox 1591 4718 1732 4762; x_wconf 91' lang='lat' dir='ltr'><strong>eum</strong></span> <span class='ocrx_word' id='word_1_558' title='bbox 1784 4700 1872 4761; x_wconf 91' lang='lat' dir='ltr'><strong>la-</strong></span> 
     </span>
    </p>
   </div>
   <div class='ocr_carea' id='block_1_86' title="bbox 294 4799 1878 4866">
    <p class='ocr_par' dir='ltr' id='par_1_86' title="bbox 294 4799 1878 4866">
     <span class='ocr_line' id='line_1_86' title="bbox 294 4799 1878 4866; baseline -0.003 -2"><span class='ocrx_word' id='word_1_559' title='bbox 294 4808 548 4866; x_wconf 85' lang='lat' dir='ltr'><strong>borare.</strong></span> <span class='ocrx_word' id='word_1_560' title='bbox 589 4805 930 4863; x_wconf 78' lang='lat' dir='ltr'><strong>Reversum</strong></span> <span class='ocrx_word' id='word_1_561' title='bbox 968 4819 1116 4861; x_wconf 89' lang='lat' dir='ltr'><strong>vero</strong></span> <span class='ocrx_word' id='word_1_562' title='bbox 1152 4800 1217 4860; x_wconf 90' lang='lat' dir='ltr'><strong>in</strong></span> <span class='ocrx_word' id='word_1_563' title='bbox 1264 4799 1550 4861; x_wconf 88' lang='lat' dir='ltr'><strong>cellulam</strong></span> <span class='ocrx_word' id='word_1_564' title='bbox 1584 4818 1758 4860; x_wconf 87' lang='lat' dir='ltr'><strong>suam</strong></span> <span class='ocrx_word' id='word_1_565' title='bbox 1802 4817 1878 4860; x_wconf 86' lang='lat' dir='ltr'><strong>ex</strong></span> 
     </span>
    </p>
   </div>
   <div class='ocr_carea' id='block_1_87' title="bbox 298 4902 1636 4982">
    <p class='ocr_par' dir='ltr' id='par_1_87' title="bbox 298 4902 1636 4982">
     <span class='ocr_line' id='line_1_87' title="bbox 298 4902 1636 4982; baseline -0.005 -16"><span class='ocrx_word' id='word_1_566' title='bbox 298 4908 424 4968; x_wconf 91' lang='lat' dir='ltr'><strong>sola</strong></span> <span class='ocrx_word' id='word_1_567' title='bbox 459 4921 616 4967; x_wconf 85' lang='lat' dir='ltr'><strong>voce</strong></span> <span class='ocrx_word' id='word_1_568' title='bbox 654 4910 1082 4982; x_wconf 88' lang='lat' dir='ltr'><strong>cognoverunt</strong></span> <span class='ocrx_word' id='word_1_569' title='bbox 1111 4902 1441 4963; x_wconf 87' lang='lat' dir='ltr'><strong>Macarium</strong></span> <span class='ocrx_word' id='word_1_570' title='bbox 1479 4918 1636 4961; x_wconf 87' lang='lat' dir='ltr'><strong>esse.</strong></span> 
     </span>
    </p>
   </div>
   <div class='ocr_carea' id='block_1_88' title="bbox 376 4999 1874 5084">
    <p class='ocr_par' dir='ltr' id='par_1_88' title="bbox 376 4999 1874 5084">
     <span class='ocr_line' id='line_1_88' title="bbox 376 4999 1874 5084; baseline -0.001 -24"><span class='ocrx_word' id='word_1_571' title='bbox 376 5031 405 5060; x_wconf 76' lang='grc' dir='ltr'><strong>σι</strong></span> <span class='ocrx_word' id='word_1_572' title='bbox 443 5004 653 5084; x_wconf 89' lang='lat' dir='ltr'><strong>Cupiit</strong></span> <span class='ocrx_word' id='word_1_573' title='bbox 684 5002 1046 5082; x_wconf 87' lang='lat' dir='ltr'><strong>aliquando,</strong></span> <span class='ocrx_word' id='word_1_574' title='bbox 1091 5008 1158 5062; x_wconf 90' lang='lat' dir='ltr'><strong>ut</strong></span> <span class='ocrx_word' id='word_1_575' title='bbox 1190 5001 1370 5062; x_wconf 89' lang='lat' dir='ltr'><strong>nobis</strong></span> <span class='ocrx_word' id='word_1_576' title='bbox 1409 5001 1544 5079; x_wconf 90' lang='lat' dir='ltr'><strong>ipse</strong></span> <span class='ocrx_word' id='word_1_577' title='bbox 1589 4999 1874 5072; x_wconf 91' lang='lat' dir='ltr'><strong>narravit,</strong></span> 
     </span>
    </p>
   </div>
   <div class='ocr_carea' id='block_1_89' title="bbox 302 5100 1880 5181">
    <p class='ocr_par' dir='ltr' id='par_1_89' title="bbox 302 5100 1880 5181">
     <span class='ocr_line' id='line_1_89' title="bbox 302 5100 1880 5181; baseline -0.005 -16"><span class='ocrx_word' id='word_1_578' title='bbox 302 5104 542 5181; x_wconf 81' lang='lat' dir='ltr'><strong>ingredi</strong></span> <span class='ocrx_word' id='word_1_579' title='bbox 594 5108 1106 5174; x_wconf 86' lang='lat' dir='ltr'><strong>monumentum,</strong></span> <span class='ocrx_word' id='word_1_580' title='bbox 1155 5101 1322 5180; x_wconf 90' lang='lat' dir='ltr'><strong>quod</strong></span> <span class='ocrx_word' id='word_1_581' title='bbox 1373 5100 1597 5161; x_wconf 89' lang='lat' dir='ltr'><strong>dicitur</strong></span> <span class='ocrx_word' id='word_1_582' title='bbox 1647 5100 1880 5169; x_wconf 75' lang='grc' dir='ltr'><strong>κηποτάο</strong></span> 
     </span>
    </p>
   </div>
   <div class='ocr_carea' id='block_1_90' title="bbox 311 5199 1880 5279">
    <p class='ocr_par' dir='ltr' id='par_1_90' title="bbox 311 5199 1880 5279">
     <span class='ocr_line' id='line_1_90' title="bbox 311 5199 1880 5279; baseline -0.004 -10"><span class='ocrx_word' id='word_1_583' title='bbox 311 5221 426 5270; x_wconf 65' lang='lat' dir='ltr'><strong>sm</strong></span> <span class='ocrx_word' id='word_1_584' title='bbox 451 5209 684 5266; x_wconf 82' lang='lat' dir='ltr'><strong>Jannes</strong></span> <span class='ocrx_word' id='word_1_585' title='bbox 715 5210 776 5263; x_wconf 90' lang='lat' dir='ltr'><strong>et</strong></span> <span class='ocrx_word' id='word_1_586' title='bbox 799 5201 1082 5263; x_wconf 89' lang='lat' dir='ltr'><strong>Jambres</strong></span> <span class='ocrx_word' id='word_1_587' title='bbox 1113 5218 1458 5277; x_wconf 88' lang='lat' dir='ltr'><strong>magorum,</strong></span> <span class='ocrx_word' id='word_1_588' title='bbox 1493 5201 1600 5279; x_wconf 84' lang='lat' dir='ltr'><strong>qui</strong></span> <span class='ocrx_word' id='word_1_589' title='bbox 1626 5199 1880 5263; x_wconf 82' lang='lat' dir='ltr'><strong>fuerunt</strong></span> 
     </span>
    </p>
   </div>
   <div class='ocr_carea' id='block_1_91' title="bbox 307 5299 1876 5386">
    <p class='ocr_par' dir='ltr' id='par_1_91' title="bbox 307 5299 1876 5386">
     <span class='ocr_line' id='line_1_91' title="bbox 307 5299 1876 5386; baseline -0.005 -18"><span class='ocrx_word' id='word_1_590' title='bbox 307 5318 586 5386; x_wconf 84' lang='lat' dir='ltr'><strong>tempore</strong></span> <span class='ocrx_word' id='word_1_591' title='bbox 631 5301 996 5375; x_wconf 89' lang='lat' dir='ltr'><strong>Pharaonis,</strong></span> <span class='ocrx_word' id='word_1_592' title='bbox 1034 5299 1284 5360; x_wconf 87' lang='lat' dir='ltr'><strong>videndi</strong></span> <span class='ocrx_word' id='word_1_593' title='bbox 1327 5318 1534 5373; x_wconf 90' lang='lat' dir='ltr'><strong>causa,</strong></span> <span class='ocrx_word' id='word_1_594' title='bbox 1581 5306 1686 5359; x_wconf 90' lang='lat' dir='ltr'><strong>aut</strong></span> <span class='ocrx_word' id='word_1_595' title='bbox 1728 5300 1876 5360; x_wconf 90' lang='lat' dir='ltr'><strong>dae-</strong></span> 
     </span>
    </p>
   </div>
   <div class='ocr_carea' id='block_1_92' title="bbox 297 5399 1881 5485">
    <p class='ocr_par' dir='ltr' id='par_1_92' title="bbox 297 5399 1881 5485">
     <span class='ocr_line' id='line_1_92' title="bbox 297 5399 1881 5485; baseline -0.007 -14"><span class='ocrx_word' id='word_1_596' title='bbox 297 5427 543 5482; x_wconf 84' lang='lat' dir='ltr'><strong>mones,</strong></span> <span class='ocrx_word' id='word_1_597' title='bbox 579 5405 691 5485; x_wconf 91' lang='lat' dir='ltr'><strong>qui</strong></span> <span class='ocrx_word' id='word_1_598' title='bbox 723 5403 810 5464; x_wconf 90' lang='lat' dir='ltr'><strong>ibi</strong></span> <span class='ocrx_word' id='word_1_599' title='bbox 836 5407 1004 5475; x_wconf 90' lang='lat' dir='ltr'><strong>sunt,</strong></span> <span class='ocrx_word' id='word_1_600' title='bbox 1035 5399 1471 5461; x_wconf 89' lang='lat' dir='ltr'><strong>conveniendi.</strong></span> <span class='ocrx_word' id='word_1_601' title='bbox 1504 5399 1881 5460; x_wconf 85' lang='lat' dir='ltr'><strong>Dieebantur</strong></span> 
     </span>
    </p>
   </div>
   <div class='ocr_carea' id='block_1_93' title="bbox 295 5500 1878 5584">
    <p class='ocr_par' dir='ltr' id='par_1_93' title="bbox 295 5500 1878 5584">
     <span class='ocr_line' id='line_1_93' title="bbox 295 5500 1878 5584; baseline -0.008 -10"><span class='ocrx_word' id='word_1_602' title='bbox 295 5514 467 5573; x_wconf 87' lang='lat' dir='ltr'><strong>enim</strong></span> <span class='ocrx_word' id='word_1_603' title='bbox 504 5507 684 5571; x_wconf 91' lang='lat' dir='ltr'><strong>multi</strong></span> <span class='ocrx_word' id='word_1_604' title='bbox 717 5507 892 5584; x_wconf 90' lang='lat' dir='ltr'><strong>iique</strong></span> <span class='ocrx_word' id='word_1_605' title='bbox 923 5501 1166 5564; x_wconf 89' lang='lat' dir='ltr'><strong>feroces</strong></span> <span class='ocrx_word' id='word_1_606' title='bbox 1199 5502 1282 5561; x_wconf 90' lang='lat' dir='ltr'><strong>ibi</strong></span> <span class='ocrx_word' id='word_1_607' title='bbox 1317 5502 1395 5562; x_wconf 90' lang='lat' dir='ltr'><strong>ab</strong></span> <span class='ocrx_word' id='word_1_608' title='bbox 1433 5500 1554 5561; x_wconf 90' lang='lat' dir='ltr'><strong>illis</strong></span> <span class='ocrx_word' id='word_1_609' title='bbox 1593 5501 1878 5563; x_wconf 87' lang='lat' dir='ltr'><strong>collocati</strong></span> 
     </span>
    </p>
   </div>
   <div class='ocr_carea' id='block_1_94' title="bbox 295 5602 1878 5684">
    <p class='ocr_par' dir='ltr' id='par_1_94' title="bbox 295 5602 1878 5684">
     <span class='ocr_line' id='line_1_94' title="bbox 295 5602 1878 5684; baseline -0.008 -9"><span class='ocrx_word' id='word_1_610' title='bbox 295 5632 433 5674; x_wconf 85' lang='lat' dir='ltr'><strong>esse</strong></span> <span class='ocrx_word' id='word_1_611' title='bbox 464 5612 808 5672; x_wconf 88' lang='lat' dir='ltr'><strong>daemones</strong></span> <span class='ocrx_word' id='word_1_612' title='bbox 849 5621 967 5684; x_wconf 90' lang='lat' dir='ltr'><strong>per</strong></span> <span class='ocrx_word' id='word_1_613' title='bbox 1004 5603 1434 5665; x_wconf 80' lang='lat' dir='ltr'><strong>excellentiam</strong></span> <span class='ocrx_word' id='word_1_614' title='bbox 1470 5602 1744 5678; x_wconf 84' lang='lat' dir='ltr'><strong>magicae</strong></span> <span class='ocrx_word' id='word_1_615' title='bbox 1777 5622 1878 5663; x_wconf 53' lang='lat' dir='ltr'><strong>ar-</strong></span> 
     </span>
    </p>
   </div>
   <div class='ocr_carea' id='block_1_95' title="bbox 295 5703 1880 5792">
    <p class='ocr_par' dir='ltr' id='par_1_95' title="bbox 295 5703 1880 5792">
     <span class='ocr_line' id='line_1_95' title="bbox 295 5703 1880 5792; baseline -0.008 -17"><span class='ocrx_word' id='word_1_616' title='bbox 295 5717 394 5784; x_wconf 86' lang='lat' dir='ltr'><strong>tis,</strong></span> <span class='ocrx_word' id='word_1_617' title='bbox 439 5731 566 5792; x_wconf 88' lang='lat' dir='ltr'><strong>qua</strong></span> <span class='ocrx_word' id='word_1_618' title='bbox 615 5710 850 5790; x_wconf 90' lang='lat' dir='ltr'><strong>primas</strong></span> <span class='ocrx_word' id='word_1_619' title='bbox 901 5720 1160 5785; x_wconf 88' lang='lat' dir='ltr'><strong>quoque</strong></span> <span class='ocrx_word' id='word_1_620' title='bbox 1199 5703 1306 5762; x_wconf 91' lang='lat' dir='ltr'><strong>illo</strong></span> <span class='ocrx_word' id='word_1_621' title='bbox 1344 5709 1631 5781; x_wconf 84' lang='lat' dir='ltr'><strong>tempore</strong></span> <span class='ocrx_word' id='word_1_622' title='bbox 1673 5707 1880 5782; x_wconf 88' lang='lat' dir='ltr'><strong>partes</strong></span> 
     </span>
    </p>
   </div>
   <div class='ocr_carea' id='block_1_96' title="bbox 296 5803 1876 5891">
    <p class='ocr_par' dir='ltr' id='par_1_96' title="bbox 296 5803 1876 5891">
     <span class='ocr_line' id='line_1_96' title="bbox 296 5803 1876 5891; baseline -0.006 -18"><span class='ocrx_word' id='word_1_623' title='bbox 296 5815 465 5891; x_wconf 87' lang='lat' dir='ltr'><strong>apud</strong></span> <span class='ocrx_word' id='word_1_624' title='bbox 513 5813 906 5872; x_wconf 78' lang='lat' dir='ltr'><strong>Pharaonem</strong></span> <span class='ocrx_word' id='word_1_625' title='bbox 958 5804 1334 5864; x_wconf 87' lang='lat' dir='ltr'><strong>habuerunt.</strong></span> <span class='ocrx_word' id='word_1_626' title='bbox 1402 5803 1514 5873; x_wconf 87' lang='lat' dir='ltr'><strong>Qui</strong></span> <span class='ocrx_word' id='word_1_627' title='bbox 1573 5803 1654 5861; x_wconf 90' lang='lat' dir='ltr'><strong>ita</strong></span> <span class='ocrx_word' id='word_1_628' title='bbox 1716 5807 1876 5865; x_wconf 76' lang='lat' dir='ltr'><strong>nacti</strong></span> 
     </span>
    </p>
   </div>
   <div class='ocr_carea' id='block_1_97' title="bbox 593 5929 1376 6010">
    <p class='ocr_par' dir='ltr' id='par_1_97' title="bbox 593 5929 1376 6010">
     <span class='ocr_line' id='line_1_97' title="bbox 593 5929 1376 6010; baseline -0.014 0"><span class='ocrx_word' id='word_1_629' title='bbox 593 5951 868 6010; x_wconf 71' lang='lat' dir='ltr'><strong>PATROL.</strong></span> <span class='ocrx_word' id='word_1_630' title='bbox 918 5945 1038 6002; x_wconf 80' lang='lat' dir='ltr'><strong>Gn.</strong></span> <span class='ocrx_word' id='word_1_631' title='bbox 1082 5929 1376 5999; x_wconf 71' lang='lat' dir='ltr'><strong>XXXIV.</strong></span> 
     </span>
    </p>
   </div>
   <div class='ocr_carea' id='block_1_98' title="bbox 1979 4604 3551 4684">
    <p class='ocr_par' dir='ltr' id='par_1_98' title="bbox 1979 4604 3551 4684">
     <span class='ocr_line' id='line_1_98' title="bbox 1979 4604 3551 4684; baseline 0.003 -20"><span class='ocrx_word' id='word_1_632' title='bbox 1979 4605 2081 4667; x_wconf 90' lang='lat' dir='ltr'><strong>hic</strong></span> <span class='ocrx_word' id='word_1_633' title='bbox 2136 4623 2413 4666; x_wconf 88' lang='lat' dir='ltr'><strong>manere.</strong></span> <span class='ocrx_word' id='word_1_634' title='bbox 2485 4604 2641 4677; x_wconf 90' lang='lat' dir='ltr'><strong>Quid</strong></span> <span class='ocrx_word' id='word_1_635' title='bbox 2697 4605 2945 4684; x_wconf 87' lang='lat' dir='ltr'><strong>quaeris</strong></span> <span class='ocrx_word' id='word_1_636' title='bbox 3012 4606 3257 4682; x_wconf 87' lang='lat' dir='ltr'><strong>ingredi</strong></span> <span class='ocrx_word' id='word_1_637' title='bbox 3324 4607 3551 4679; x_wconf 86' lang='lat' dir='ltr'><strong>locum,</strong></span> 
     </span>
    </p>
   </div>
   <div class='ocr_carea' id='block_1_99' title="bbox 1980 4704 3551 4787">
    <p class='ocr_par' dir='ltr' id='par_1_99' title="bbox 1980 4704 3551 4787">
     <span class='ocr_line' id='line_1_99' title="bbox 1980 4704 3551 4787; baseline 0.001 -22"><span class='ocrx_word' id='word_1_638' title='bbox 1980 4723 2169 4784; x_wconf 90' lang='lat' dir='ltr'><strong>quem</strong></span> <span class='ocrx_word' id='word_1_639' title='bbox 2216 4723 2404 4766; x_wconf 89' lang='lat' dir='ltr'><strong>nemo</strong></span> <span class='ocrx_word' id='word_1_640' title='bbox 2437 4704 2787 4776; x_wconf 89' lang='lat' dir='ltr'><strong>hominum,</strong></span> <span class='ocrx_word' id='word_1_641' title='bbox 2829 4705 2937 4782; x_wconf 89' lang='lat' dir='ltr'><strong>qui</strong></span> <span class='ocrx_word' id='word_1_642' title='bbox 2971 4705 3279 4780; x_wconf 81' lang='lat' dir='ltr'><strong>vixerunt,</strong></span> <span class='ocrx_word' id='word_1_643' title='bbox 3322 4724 3396 4768; x_wconf 87' lang='lat' dir='ltr'><strong>ex</strong></span> <span class='ocrx_word' id='word_1_644' title='bbox 3429 4727 3551 4787; x_wconf 89' lang='lat' dir='ltr'><strong>quo</strong></span> 
     </span>
    </p>
   </div>
   <div class='ocr_carea' id='block_1_100' title="bbox 1984 4805 3551 4883">
    <p class='ocr_par' dir='ltr' id='par_1_100' title="bbox 1984 4805 3551 4883">
     <span class='ocr_line' id='line_1_100' title="bbox 1984 4805 3551 4883; baseline 0.003 -20"><span class='ocrx_word' id='word_1_645' title='bbox 1984 4812 2266 4883; x_wconf 89' lang='lat' dir='ltr'><strong>tempore</strong></span> <span class='ocrx_word' id='word_1_646' title='bbox 2328 4805 2571 4876; x_wconf 89' lang='lat' dir='ltr'><strong>fratres,</strong></span> <span class='ocrx_word' id='word_1_647' title='bbox 2636 4805 2744 4883; x_wconf 89' lang='lat' dir='ltr'><strong>qui</strong></span> <span class='ocrx_word' id='word_1_648' title='bbox 2804 4823 2946 4866; x_wconf 90' lang='lat' dir='ltr'><strong>eum</strong></span> <span class='ocrx_word' id='word_1_649' title='bbox 3007 4806 3448 4880; x_wconf 88' lang='lat' dir='ltr'><strong>condiderunt,</strong></span> <span class='ocrx_word' id='word_1_650' title='bbox 3524 4826 3551 4868; x_wconf 78' lang='grc' dir='ltr'><strong><em>δ</em></strong></span> 
     </span>
    </p>
   </div>
   <div class='ocr_carea' id='block_1_101' title="bbox 1983 4904 3557 4984">
    <p class='ocr_par' dir='ltr' id='par_1_101' title="bbox 1983 4904 3557 4984">
     <span class='ocr_line' id='line_1_101' title="bbox 1983 4904 3557 4984; baseline 0.002 -19"><span class='ocrx_word' id='word_1_651' title='bbox 1983 4906 2166 4966; x_wconf 91' lang='lat' dir='ltr'><strong>nobis</strong></span> <span class='ocrx_word' id='word_1_652' title='bbox 2214 4904 2316 4967; x_wconf 91' lang='lat' dir='ltr'><strong>hic</strong></span> <span class='ocrx_word' id='word_1_653' title='bbox 2366 4905 2591 4984; x_wconf 90' lang='lat' dir='ltr'><strong>sepulti</strong></span> <span class='ocrx_word' id='word_1_654' title='bbox 2645 4913 2812 4978; x_wconf 89' lang='lat' dir='ltr'><strong>sunt,</strong></span> <span class='ocrx_word' id='word_1_655' title='bbox 2865 4912 2957 4966; x_wconf 84' lang='lat' dir='ltr'><strong>est</strong></span> <span class='ocrx_word' id='word_1_656' title='bbox 3011 4905 3367 4981; x_wconf 81' lang='lat' dir='ltr'><strong>ingressus?</strong></span> <span class='ocrx_word' id='word_1_657' title='bbox 3412 4909 3557 4968; x_wconf 66' lang='lat' dir='ltr'><strong>Sanv</strong></span> 
     </span>
    </p>
   </div>
   <div class='ocr_carea' id='block_1_102' title="bbox 1982 5005 3588 5082">
    <p class='ocr_par' dir='ltr' id='par_1_102' title="bbox 1982 5005 3588 5082">
     <span class='ocr_line' id='line_1_102' title="bbox 1982 5005 3588 5082; baseline 0 -15"><span class='ocrx_word' id='word_1_658' title='bbox 1982 5014 2116 5067; x_wconf 89' lang='lat' dir='ltr'><strong>ctus</strong></span> <span class='ocrx_word' id='word_1_659' title='bbox 2152 5024 2163 5065; x_wconf 93' lang='lat'><strong>:</strong></span> <span class='ocrx_word' id='word_1_660' title='bbox 2201 5009 2422 5079; x_wconf 91' lang='lat' dir='ltr'><strong>Quum,</strong></span> <span class='ocrx_word' id='word_1_661' title='bbox 2471 5006 2697 5079; x_wconf 88' lang='lat' dir='ltr'><strong>aiebat,</strong></span> <span class='ocrx_word' id='word_1_662' title='bbox 2743 5005 3008 5066; x_wconf 90' lang='lat' dir='ltr'><strong>multum</strong></span> <span class='ocrx_word' id='word_1_663' title='bbox 3046 5006 3307 5082; x_wconf 88' lang='lat' dir='ltr'><strong>insuper</strong></span> <span class='ocrx_word' id='word_1_664' title='bbox 3343 5007 3549 5068; x_wconf 87' lang='lat' dir='ltr'><strong>turba-</strong></span> <span class='ocrx_word' id='word_1_665' title='bbox 3582 5037 3588 5048; x_wconf 69' lang='grc' dir='ltr'><strong><em>τ</em></strong></span> 
     </span>
    </p>
   </div>
   <div class='ocr_carea' id='block_1_103' title="bbox 1983 5105 3550 5184">
    <p class='ocr_par' dir='ltr' id='par_1_103' title="bbox 1983 5105 3550 5184">
     <span class='ocr_line' id='line_1_103' title="bbox 1983 5105 3550 5184; baseline 0 -17"><span class='ocrx_word' id='word_1_666' title='bbox 1983 5115 2121 5167; x_wconf 89' lang='lat' dir='ltr'><strong>rent</strong></span> <span class='ocrx_word' id='word_1_667' title='bbox 2170 5106 2787 5184; x_wconf 84' lang='lat' dir='ltr'><strong>lamentarenturque</strong></span> <span class='ocrx_word' id='word_1_668' title='bbox 2820 5106 3181 5176; x_wconf 88' lang='lat' dir='ltr'><strong>daemones,</strong></span> <span class='ocrx_word' id='word_1_669' title='bbox 3235 5105 3408 5166; x_wconf 89' lang='lat' dir='ltr'><strong>dixi:</strong></span> <span class='ocrx_word' id='word_1_670' title='bbox 3453 5109 3550 5168; x_wconf 92' lang='lat' dir='ltr'><strong>In-</strong></span> 
     </span>
    </p>
   </div>
   <div class='ocr_carea' id='block_1_104' title="bbox 1983 5204 3553 5286">
    <p class='ocr_par' dir='ltr' id='par_1_104' title="bbox 1983 5204 3553 5286">
     <span class='ocr_line' id='line_1_104' title="bbox 1983 5204 3553 5286; baseline -0.003 -17"><span class='ocrx_word' id='word_1_671' title='bbox 1983 5208 2230 5286; x_wconf 88' lang='lat' dir='ltr'><strong>grediar</strong></span> <span class='ocrx_word' id='word_1_672' title='bbox 2285 5214 2548 5280; x_wconf 89' lang='lat' dir='ltr'><strong>tantum,</strong></span> <span class='ocrx_word' id='word_1_673' title='bbox 2611 5206 2857 5276; x_wconf 88' lang='lat' dir='ltr'><strong>videbo,</strong></span> <span class='ocrx_word' id='word_1_674' title='bbox 2923 5211 2982 5266; x_wconf 89' lang='lat' dir='ltr'><strong>et</strong></span> <span class='ocrx_word' id='word_1_675' title='bbox 3043 5204 3188 5266; x_wconf 90' lang='lat' dir='ltr'><strong>hinc</strong></span> <span class='ocrx_word' id='word_1_676' title='bbox 3248 5207 3553 5267; x_wconf 83' lang='lat' dir='ltr'><strong>recedam.</strong></span> 
     </span>
    </p>
   </div>
   <div class='ocr_carea' id='block_1_105' title="bbox 1980 5305 3562 5384">
    <p class='ocr_par' dir='ltr' id='par_1_105' title="bbox 1980 5305 3562 5384">
     <span class='ocr_line' id='line_1_105' title="bbox 1980 5305 3562 5384; baseline -0.003 -15"><span class='ocrx_word' id='word_1_677' title='bbox 1980 5311 2375 5369; x_wconf 86' lang='lat' dir='ltr'><strong>Daemones:</strong></span> <span class='ocrx_word' id='word_1_678' title='bbox 2434 5309 2589 5379; x_wconf 85' lang='lat' dir='ltr'><strong>Hoc,</strong></span> <span class='ocrx_word' id='word_1_679' title='bbox 2644 5305 2961 5383; x_wconf 88' lang='lat' dir='ltr'><strong>inquiunt,</strong></span> <span class='ocrx_word' id='word_1_680' title='bbox 3030 5305 3212 5365; x_wconf 88' lang='lat' dir='ltr'><strong>nobis</strong></span> <span class='ocrx_word' id='word_1_681' title='bbox 3267 5306 3562 5384; x_wconf 88' lang='lat' dir='ltr'><strong>promitte</strong></span> 
     </span>
    </p>
   </div>
   <div class='ocr_carea' id='block_1_106' title="bbox 1981 5405 3561 5482">
    <p class='ocr_par' dir='ltr' id='par_1_106' title="bbox 1981 5405 3561 5482">
     <span class='ocr_line' id='line_1_106' title="bbox 1981 5405 3561 5482; baseline -0.003 -13"><span class='ocrx_word' id='word_1_682' title='bbox 1981 5410 2047 5469; x_wconf 91' lang='lat' dir='ltr'><strong>in</strong></span> <span class='ocrx_word' id='word_1_683' title='bbox 2092 5406 2478 5468; x_wconf 87' lang='lat' dir='ltr'><strong>conscientia</strong></span> <span class='ocrx_word' id='word_1_684' title='bbox 2532 5413 2656 5466; x_wconf 90' lang='lat' dir='ltr'><strong>tua.</strong></span> <span class='ocrx_word' id='word_1_685' title='bbox 2684 5407 2757 5464; x_wconf 88' lang='lat' dir='ltr'><strong>Et</strong></span> <span class='ocrx_word' id='word_1_686' title='bbox 2804 5422 2997 5482; x_wconf 91' lang='lat' dir='ltr'><strong>quum</strong></span> <span class='ocrx_word' id='word_1_687' title='bbox 3045 5405 3388 5466; x_wconf 87' lang='lat' dir='ltr'><strong>dixissem:</strong></span> <span class='ocrx_word' id='word_1_688' title='bbox 3429 5406 3561 5465; x_wconf 63' lang='lat' dir='ltr'><strong>Hoc</strong></span> 
     </span>
    </p>
   </div>
   <div class='ocr_carea' id='block_1_107' title="bbox 1981 5502 3555 5580">
    <p class='ocr_par' dir='ltr' id='par_1_107' title="bbox 1981 5502 3555 5580">
     <span class='ocr_line' id='line_1_107' title="bbox 1981 5502 3555 5580; baseline -0.003 -14"><span class='ocrx_word' id='word_1_689' title='bbox 1981 5508 2229 5578; x_wconf 79' lang='lat' dir='ltr'><strong>faciam,</strong></span> <span class='ocrx_word' id='word_1_690' title='bbox 2271 5505 2603 5566; x_wconf 85' lang='lat' dir='ltr'><strong>confestim</strong></span> <span class='ocrx_word' id='word_1_691' title='bbox 2635 5509 3043 5565; x_wconf 88' lang='lat' dir='ltr'><strong>evanuerunt.</strong></span> <span class='ocrx_word' id='word_1_692' title='bbox 3076 5505 3398 5580; x_wconf 87' lang='lat' dir='ltr'><strong>Ingressus</strong></span> <span class='ocrx_word' id='word_1_693' title='bbox 3440 5502 3555 5579; x_wconf 86' lang='lat' dir='ltr'><strong>igi-</strong></span> 
     </span>
    </p>
   </div>
   <div class='ocr_carea' id='block_1_108' title="bbox 1983 5601 3561 5681">
    <p class='ocr_par' dir='ltr' id='par_1_108' title="bbox 1983 5601 3561 5681">
     <span class='ocr_line' id='line_1_108' title="bbox 1983 5601 3561 5681; baseline -0.004 -14"><span class='ocrx_word' id='word_1_694' title='bbox 1983 5616 2107 5681; x_wconf 91' lang='lat' dir='ltr'><strong>tur,</strong></span> <span class='ocrx_word' id='word_1_695' title='bbox 2164 5606 2392 5677; x_wconf 89' lang='lat' dir='ltr'><strong>aiebat,</strong></span> <span class='ocrx_word' id='word_1_696' title='bbox 2445 5605 2569 5665; x_wconf 88' lang='lat' dir='ltr'><strong>vidi</strong></span> <span class='ocrx_word' id='word_1_697' title='bbox 2627 5605 2857 5667; x_wconf 91' lang='lat' dir='ltr'><strong>omnia.</strong></span> <span class='ocrx_word' id='word_1_698' title='bbox 2923 5603 3040 5664; x_wconf 90' lang='lat' dir='ltr'><strong>Ubi</strong></span> <span class='ocrx_word' id='word_1_699' title='bbox 3085 5603 3295 5663; x_wconf 90' lang='lat' dir='ltr'><strong>inveni</strong></span> <span class='ocrx_word' id='word_1_700' title='bbox 3339 5601 3561 5663; x_wconf 86' lang='lat' dir='ltr'><strong>cadum</strong></span> 
     </span>
    </p>
   </div>
   <div class='ocr_carea' id='block_1_109' title="bbox 1984 5703 3561 5782">
    <p class='ocr_par' dir='ltr' id='par_1_109' title="bbox 1984 5703 3561 5782">
     <span class='ocr_line' id='line_1_109' title="bbox 1984 5703 3561 5782; baseline -0.009 -16"><span class='ocrx_word' id='word_1_701' title='bbox 1984 5721 2276 5776; x_wconf 84' lang='lat' dir='ltr'><strong>aeneum,</strong></span> <span class='ocrx_word' id='word_1_702' title='bbox 2309 5711 2529 5764; x_wconf 88' lang='lat' dir='ltr'><strong>catena</strong></span> <span class='ocrx_word' id='word_1_703' title='bbox 2573 5703 2773 5764; x_wconf 87' lang='lat' dir='ltr'><strong>ferrea</strong></span> <span class='ocrx_word' id='word_1_704' title='bbox 2805 5703 3183 5782; x_wconf 78' lang='lat' dir='ltr'><strong>pendentem</strong></span> <span class='ocrx_word' id='word_1_705' title='bbox 3237 5720 3312 5760; x_wconf 83' lang='lat' dir='ltr'><strong>ex</strong></span> <span class='ocrx_word' id='word_1_706' title='bbox 3345 5708 3561 5779; x_wconf 80' lang='lat' dir='ltr'><strong>puteo,</strong></span> 
     </span>
    </p>
   </div>
   <div class='ocr_carea' id='block_1_110' title="bbox 1992 5801 3561 5885">
    <p class='ocr_par' dir='ltr' id='par_1_110' title="bbox 1992 5801 3561 5885">
     <span class='ocr_line' id='line_1_110' title="bbox 1992 5801 3561 5885; baseline -0.009 -18"><span class='ocrx_word' id='word_1_707' title='bbox 1992 5807 2100 5867; x_wconf 76' lang='lat' dir='ltr'><strong>sed</strong></span> <span class='ocrx_word' id='word_1_708' title='bbox 2151 5814 2436 5885; x_wconf 83' lang='lat' dir='ltr'><strong>tempore</strong></span> <span class='ocrx_word' id='word_1_709' title='bbox 2487 5813 2958 5882; x_wconf 71' lang='lat' dir='ltr'><strong>consumptum,</strong></span> <span class='ocrx_word' id='word_1_710' title='bbox 2989 5811 3040 5862; x_wconf 85' lang='lat' dir='ltr'><strong>et</strong></span> <span class='ocrx_word' id='word_1_711' title='bbox 3093 5803 3331 5861; x_wconf 74' lang='lat' dir='ltr'><strong>fructus</strong></span> <span class='ocrx_word' id='word_1_712' title='bbox 3374 5801 3561 5861; x_wconf 73' lang='lat' dir='ltr'><strong>malo-</strong></span> 
     </span>
    </p>
   </div>
   <div class='ocr_carea' id='block_1_111' title="bbox 3182 5939 3218 5995">
    <p class='ocr_par' dir='ltr' id='par_1_111' title="bbox 3182 5939 3218 5995">
     <span class='ocr_line' id='line_1_111' title="bbox 3182 5939 3218 5995; baseline 0 0"><span class='ocrx_word' id='word_1_713' title='bbox 3182 5939 3218 5995; x_wconf 88' lang='grc'>3</span> 
     </span>
    </p>
   </div>
  </div>
