4046 6448
598 360 671 419 (Π
1429 355 1527 411 SS.
1563 352 2033 410 MACARIORUM
2074 349 2397 406 AEGYPTII
2437 350 2525 405 ΕΤ
2557 350 3031 407 Αιεχικῖςῡιὶικι
3804 358 3871 409 68

603 492 745 537 rum
772 470 1101 548 siccamm,
1133 487 1296 552 quae
1325 470 1705 532 intrinsecus
1726 487 1956 531 vacuae
1985 474 2184 531 erant.
2216 472 2263 529 Δ
2290 469 2477 531 misit.
2510 470 2680 542 Quae
2709 469 2983 550 prepriis
3013 469 3280 549 pedibus
3309 486 3624 548 regressa,
3659 471 3881 552 copio-

602 575 869 637 Sanctus
922 573 1111 653 igitur
1166 589 1360 653 quum
1413 571 1652 651 absque
1712 568 2182 650 perturbatione

600 674 776 737 illinc
819 674 1201 749 recessisset,
1252 691 1369 755 per
1415 671 1636 751 viginti
1679 669 1813 733 dies
1859 671 2177 733 remeavit.

602 776 1003 855 Consumptis
1054 793 1203 838 vero
1259 774 1507 838 cibariis
1563 771 1968 835 solitudinem
2007 790 2185 851 pera-

602 894 791 957 graus
830 893 1034 957 paene
1061 875 1219 937 nihil
1246 875 1506 937 omnino
1539 872 1825 951 gustavit,
1873 871 2046 951 quod
2082 890 2182 933 res

602 990 864 1054 quoque
911 973 1226 1053 probavit;
1258 979 1448 1053 atque
1476 977 1707 1033 tentata
1737 978 1830 1033 est
1857 970 2181 1033 tolerantia

604 1074 765 1137 eius.
817 1077 1019 1149 Quum
1074 1092 1222 1137 vero
1268 1075 1392 1136 iam
1438 1089 1662 1153 parum
1714 1073 1986 1145 abesset,
2027 1073 2183 1151 quin

604 1176 1047 1251 collaberetur,
1083 1176 1141 1237 ei
1184 1174 1311 1237 visa
1353 1181 1446 1236 est
1492 1190 1689 1235 unum
1731 1172 1863 1234 fere
1914 1173 2183 1234 stadium

606 1277 844 1339 distans
870 1276 1081 1357 puella
1103 1276 1412 1355 quaedam
1432 1274 1543 1345 69
1562 1273 1798 1335 munda
1826 1273 1992 1334 linea
2017 1281 2183 1335 veste

604 1378 846 1453 induta,
890 1395 1051 1457 quae
1092 1393 1316 1438 urnam
1349 1375 1601 1436 tenebat
1642 1390 1805 1452 aqua
1847 1370 2183 1433 stillantem

607 1485 797 1558 atque
844 1495 989 1540 eum
1036 1476 1443 1558 provocabat.
1475 1478 1628 1537 Tres
1672 1474 1862 1551 igitur
1905 1472 2040 1535 dies
2087 1472 2185 1532 in-

604 1594 855 1655 gressus
892 1594 1032 1639 eam
1060 1576 1234 1651 vidit,
1268 1592 1475 1654 neque
1506 1573 1755 1653 assequi
1788 1573 2024 1653 potuit;
2070 1589 2184 1652 Spe

604 1685 817 1741 autem
894 1676 1153 1739 bibendi
1223 1675 1593 1753 languorem
1657 1673 1971 1736 sustinuit.
2037 1675 2185 1735 Post

606 1797 798 1861 quam
846 1778 1137 1859 apparuit
1176 1775 1510 1840 multitudo
1548 1774 1955 1847 bubalorum;
2006 1792 2185 1854 repe-

606 1883 855 1945 riuntur
899 1881 1070 1943 enim
1116 1880 1183 1941 in
1225 1878 1349 1940 illis
1397 1876 1783 1957 regionibus.
1839 1876 1887 1936 E
1929 1876 2179 1955 quibus,

607 1984 832 2059 aiebat,
861 2001 989 2045 una
1032 1980 1294 2043 vitulum
1339 1979 1579 2041 habens
1614 1975 1771 2038 mihi
1816 1992 1893 2037 ex
1923 1976 2183 2037 adverso

609 2085 795 2146 stetit.
845 2084 1029 2145 Cuius
1064 2088 1311 2145 uterum
1359 2097 1555 2159 quum
1594 2078 1754 2140 lacte
1795 2078 1989 2138 fluere
2019 2076 2187 2138 vide-

610 2201 767 2257 rem,
800 2181 1059 2255 accessi,
1092 2188 1153 2242 et
1180 2197 1381 2259 usque
1415 2179 1491 2240 ad
1530 2178 1875 2240 satietatem
1919 2177 2185 2239 nutritus

608 2303 767 2346 sum.
814 2288 899 2345 Ac
926 2283 1136 2343 divino
1180 2279 1377 2342 iussui
1430 2295 1658 2359 parens
1704 2293 1806 2338 me
1853 2282 2061 2338 secuta
2092 2280 2186 2337 est

612 2402 813 2465 usque
840 2383 918 2445 ad
951 2380 1196 2455 cellam,
1240 2386 1301 2440 et
1331 2396 1432 2440 me
1466 2378 1723 2458 quidem
1759 2376 2035 2450 nutrivit,
2068 2393 2182 2436 ne-

610 2502 735 2565 que
765 2500 913 2546 vero
942 2480 1200 2543 vitulum
1242 2497 1424 2541 suum
1460 2478 1710 2540 admisit

689 2652 717 2684 α
767 2628 1007 2688 Rursus
1058 2624 1210 2687 alias
1264 2622 1368 2685 hic
1425 2623 1649 2684 virtute
1704 2621 2024 2702 praeditus
2068 2621 2182 2696 vir,

607 2745 806 2808 quum
855 2742 1060 2806 prOpe
1104 2724 1255 2787 folia
1302 2730 1365 2786 et
1408 2730 1720 2785 sarmenta
1766 2729 2026 2803 puteum
2083 2721 2184 2783 fo-

608 2830 784 2891 deret
805 2826 872 2887 in
892 2824 1346 2887 recreationem
1366 2821 1849 2895 monachorum,
1872 2821 1951 2881 ab
1969 2819 2187 2899 aspide

607 2942 858 2989 morsus
888 2931 1004 2986 est.
1034 2922 1213 2995 Quod
1246 2920 1473 2984 animal
1519 2920 1705 2981 letale
1734 2937 2049 2981 venenum
2083 2919 2191 2980 ha-

608 3026 736 3087 bet.
771 3022 1246 3104 Apprehensam
1286 3022 1476 3099 igitur
1516 3037 1551 3082 a
1579 3020 1866 3081 faucibus
1904 3021 2188 3100 aspidem

2284 587 2416 630 sam
2460 570 2691 631 sanctis
2719 570 3103 632 oblationem
3132 571 3320 631 misit.

2364 715 2392 746 α
2445 692 2559 753 Hic
2612 709 2878 769 magnus
2926 692 3229 754 Macarius
3283 707 3477 769 quum
3538 690 3877 764 audiisset,

2281 791 2771 853 Tabennesiotas
2811 790 3202 871 praeclarum
3236 789 3468 851 habere
3498 787 3675 848 vitae
3708 788 3883 849 insti-

2282 898 2507 965 tutum,
2551 899 2784 953 mutata
2833 898 3003 953 veste
3053 898 3114 952 et
3159 891 3489 969 adsumpto
3540 890 3881 949 mundano

2284 992 2557 1071 operarii
2587 992 2825 1067 habitu,
2854 992 3056 1073 spatio
3090 992 3451 1072 quindecim
3479 992 3597 1061 70
3626 990 3880 1051 dierum

2281 1094 2348 1155 in
2404 1093 2809 1168 Thebaidem,
2873 1112 2989 1174 per
3043 1092 3447 1155 solitudinem
3515 1090 3881 1170 profectus,

2282 1194 2589 1273 pervenit.
2629 1195 2741 1255 Ubi
2789 1212 2986 1273 quum
3028 1193 3095 1253 in
3138 1191 3597 1253 monasterium
3637 1189 3885 1251 Taben-

2283 1294 2664 1355 nesiotarum
2706 1295 2997 1367 venisset,
3046 1292 3453 1354 Pachomium
3500 1306 3741 1351 eorum
3791 1306 3885 1349 ar-

2284 1392 2763 1455 chimandritam
2822 1394 3163 1474 quaesivit,
3227 1392 3427 1452 virum
3491 1389 3879 1468 probatissi-

2283 1512 2480 1568 mum,
2523 1494 2633 1573 qui
2671 1495 2929 1571 gratiam
2982 1494 3354 1574 pr0phetiae
3410 1491 3721 1553 habebat.
3773 1490 3881 1550 Cui

2282 1599 2491 1655 tamen
2531 1594 2866 1655 Macarium
2913 1611 3210 1671 magnum
3252 1610 3391 1654 esse
3436 1590 3882 1653 abscondeba-

2283 1698 2405 1753 tur.
2447 1695 2604 1755 Eum
2648 1694 2836 1771 igitur
2883 1711 3026 1755 cum
3072 1696 3375 1755 Macarius
3414 1691 3873 1754 convenisset:

2213 1816 2257 1876 Β
2285 1792 2405 1854 Oro
2434 1800 2517 1868 te,
2546 1794 2769 1874 inquit,
2806 1793 3083 1866 domine,
3117 1793 3367 1872 suscipe
3395 1809 3497 1853 me
3530 1793 3602 1852 in
3650 1807 3874 1851 mona-

2284 1895 2542 1956 sterium
2572 1901 2773 1968 tuum,
2807 1903 2873 1956 ut
2906 1895 3251 1957 monachus
3282 1896 3447 1956 ﬁam.
3479 1894 3597 1954 Cui
3629 1892 3877 1954 Pacho-

2283 1997 2447 2057 mius
2475 2014 2487 2056 :
2520 2000 2733 2058 Aetate
2774 2002 2901 2057 tam
2939 2004 3273 2076 provectus
3309 1996 3419 2076 qui
3453 1996 3771 2073 deinceps
3817 1987 3875 2053 t'e

2284 2114 2579 2179 exercere
2608 2097 2893 2177 poteris?
2922 2100 3163 2159 Fratres
3188 2116 3223 2159 a
3249 2098 3577 2159 iuventute
3610 2114 3683 2158 se
3706 2111 3879 2156 exer-

2285 2207 2451 2274 cent,
2489 2207 2550 2263 et
2585 2200 2653 2261 in
2693 2200 3015 2263 laboribus
3046 2200 3478 2273 adoleverunt,
3518 2215 3743 2277 neque
3780 2196 3871 2258 fee

2284 2309 2430 2363 runt
2460 2302 2763 2365 laborem.
2796 2304 2890 2363 Tu
2922 2320 3071 2363 vero
3118 2301 3235 2364 hac
3275 2308 3475 2363 aetate
3510 2318 3647 2365 non
3696 2306 3875 2379 potes

2284 2406 2595 2468 sustinere
2638 2406 3012 2467 tentationes
3042 2406 3527 2469 exercitationis.
3571 2404 3869 2466 Offende-

2286 2507 2392 2581 ris,
2425 2508 2624 2569 exibis
2648 2515 2710 2570 et
2732 2508 3068 2569 maledices
3087 2508 3355 2569 nobis.N
3362 2525 3526 2586 eque
3551 2525 3703 2569 eum
3730 2524 3866 2568 sus-

2286 2608 2477 2687 cepit.
2536 2607 2648 2668 Ille
2687 2616 2896 2669 autem
2930 2608 3193 2686 perstitit
3236 2625 3307 2669 ac
3344 2607 3602 2668 ieiunus
3632 2623 3868 2668 reman-

2286 2710 2366 2772 sit
2413 2716 2657 2790 septem
2706 2709 2862 2771 dies.
2916 2709 3153 2770 Deinde
3200 2709 3505 2771 Macarius
3563 2726 3866 2786 magnus.

2286 2811 2405 2882 Me,
2437 2809 2663 2889 inquit,
2695 2810 2968 2888 suscipe,
3004 2810 3187 2883 abba,
3230 2815 3290 2869 et
3323 2808 3441 2869 nisi
3478 2808 3865 2877 ieiunavero,

2287 2907 2448 2969 sicut
2487 2908 2601 2983 illi,
2646 2915 2709 2970 et
2746 2916 3040 2988 operatus
3068 2908 3272 2980 fuero,
3306 2924 3467 2987 quae
3502 2914 3867 2987 Operantur,

2288 3011 2421 3067 tum
2455 3006 2602 3069 iube
2630 3025 2732 3068 me
2762 3008 2905 3069 eiici
2939 3024 2973 3068 e
3004 3008 3408 3070 monasterio.
3455 3010 3727 3086 Magnus
3756 3004 3865 3082 igi-

610 3132 861 3188 sanctus
921 3124 1223 3185 ambabus
1282 3120 1572 3183 manibus
1633 3120 1997 3200 discerpsit,
2062 3128 2124 3182 et
2170 3139 2257 3213 :c
2290 3114 2392 3168 ιω·
2442 3108 2820 3213 Ρᾷοὴοωὶυε
2866 3109 3158 3171 fratribus
3214 3110 3553 3190 persuadet
3610 3117 3679 3171 ut
3732 3124 3865 3169 eum

611 3228 837 3299 Quum,
866 3224 1094 3303 inquit,
1128 3229 1191 3284 te
1225 3237 1355 3283 non
1384 3220 1622 3283 miserit
1654 3221 1955 3283 Dominus
1982 3238 2184 3298 meus,

612 3326 934 3407 quomodo
973 3340 1123 3386 ausa
1152 3339 1220 3385 es
1246 3321 1324 3384 ad
1354 3338 1456 3384 me
1488 3319 1835 3385 accedere?

691 3492 723 3529 cr
756 3469 870 3531 Hic
918 3466 1218 3530 Macarius
1263 3481 1527 3542 magnus
1574 3462 1847 3524 diversas
1894 3461 2082 3524 cellas
2120 3463 2187 3524 in

611 3569 948 3631 solitudine
974 3567 1214 3640 habuit,
1236 3566 1302 3626 in
1323 3564 1552 3644 quibus
1584 3562 1921 3625 certamina
1948 3564 2187 3624 virtutis

610 3671 855 3753 peregit
888 3688 900 3730 :
934 3686 1123 3730 unam
1165 3665 1422 3746 quidem
1466 3664 1530 3725 in
1567 3666 1770 3737 Scete,
1813 3681 1973 3743 quae
2014 3664 2187 3741 regio

611 3779 705 3833 est
735 3772 801 3832 in
835 3770 1134 3831 interiore
1172 3774 1335 3829 vasta
1365 3764 1728 3837 solitudine,
1757 3783 1945 3825 unam
1978 3765 2044 3825 in
2085 3764 2185 3825 Li-

608 3878 733 3951 hya
777 3878 845 3931 in
904 3873 1132 3944 Celliis,
1188 3884 1350 3947 quae
1406 3870 1723 3938 dicuntur,
1775 3877 1837 3926 et
1890 3876 2074 3927 an'am
2122 3872 2190 3926 in

610 3977 827 4033 monte
859 3970 1113 4031 Nitriae.
1152 3971 1239 4030 Ex
1277 3969 1508 4047 quibus
1552 3970 1710 4031 aliae
1740 3967 1995 4047 quidem
2028 3966 2189 4027 ostio

611 4070 930 4141 carebant,
962 4068 1027 4127 in
1077 4067 1307 4147 quibus
1346 4066 1650 4128 Macarius
1686 4064 2010 4128 dicebatur
2039 4071 2193 4125 tem-

612 4182 769 4247 pore
807 4164 1322 4244 quadragesimae
1364 4164 1585 4226 sedere
1630 4163 1695 4224 in
1743 4164 2042 4225 tenebris.
2082 4163 2188 4223 Al-

608 4272 743 4328 tera
771 4271 977 4326 autem
1006 4264 1163 4327 cella
1193 4264 1392 4326 multo
1425 4265 1749 4343 angustior
1775 4272 1905 4326 erat
1942 4265 2187 4339 ceteris,

608 4366 676 4427 in
708 4383 832 4445 qua
861 4382 979 4426 nec
1026 4363 1256 4444 pedem
1305 4365 1643 4428 extendere
1690 4372 1954 4445 poterat.
1986 4366 2192 4427 Tertia

610 4483 759 4526 vero
790 4463 1059 4543 amplior
1085 4470 1239 4536 erat,
1286 4464 1353 4525 in
1390 4482 1515 4544 qua
1556 4467 1741 4528 etiam
1795 4483 1905 4529 eos
1952 4483 2185 4529 conve-
2219 4509 2264 4565 Β

612 4566 843 4639 niebat,
878 4565 982 4646 qui
1014 4564 1093 4627 ad
1123 4565 1332 4644 ipsum
1362 4566 1766 4629 ventitabant.

693 4736 723 4770 α
763 4714 879 4775 Hic
906 4713 999 4774 vir
1034 4719 1283 4774 sanctus
1324 4717 1553 4774 tantam
1595 4712 2059 4774 multitudinem
2100 4732 2193 4775 sa-

611 4814 779 4876 navit
809 4830 1053 4887 eorum,
1098 4813 1209 4893 qui
1256 4830 1290 4873 a
1339 4812 1754 4876 daemonibus
1782 4816 2188 4891 vexabantur,

609 4925 680 4978 ut
711 4935 821 4978 eos
874 4914 1265 4976 numerando
1315 4913 1481 4975 haud
1528 4914 1710 4977 facile
1757 4933 2188 4995 percenseres.

613 5019 814 5089 Quum
844 5034 959 5077 nos
986 5016 1371 5087 adessemus,
1404 5014 1481 5075 ad
1506 5015 1674 5078 hunc
1705 5024 1989 5079 sanctum
2017 5018 2191 5095 virgo

610 5116 1053 5178 Thessalonica
1101 5115 1387 5188 oriunda,
1445 5115 1676 5177 nobilis
1723 5134 1955 5196 genere
2014 5126 2076 5181 et
2128 5120 2192 5180 in

611 5215 731 5278 hac
776 5215 898 5275 vita
952 5215 1147 5291 dives,
1193 5223 1525 5297 apportata
1586 5224 1703 5293 est,
1766 5235 1930 5299 quae
1981 5220 2193 5281 multis

611 5316 795 5379 annis
838 5315 1109 5395 paralysi
1152 5316 1497 5381 laborabat.
1547 5323 1748 5401 Atque
1784 5320 1864 5383 ad
1898 5338 2044 5383 eum
2089 5323 2195 5383 ad-

613 5418 799 5478 ducta
841 5433 1041 5495 prope
1090 5416 1312 5480 cellam
1354 5421 1552 5483 sancti
1590 5422 1873 5501 proiecta
1916 5428 2028 5483 est.
2079 5423 2193 5495 Qui

612 5514 1039 5577 misericordia
1071 5524 1423 5580 commotus
1455 5538 1649 5600 quum
1681 5540 1902 5602 preces
1922 5521 2193 5583 fundens

613 5620 678 5674 et
733 5613 874 5676 oleo
932 5624 1149 5677 sancto
1206 5634 1343 5678 eam
1391 5622 1665 5701 propriis
1724 5624 1853 5684 suis
1900 5622 2193 5683 manibus

609 5730 858 5789 ungens
904 5716 1119 5793 viginti
1168 5718 1391 5780 diebus
1437 5738 1628 5802 super
1672 5740 1809 5784 eam
1864 5723 2085 5785 sedulo
2121 5741 2193 5786 ac

610 5812 875 5878 multum
911 5825 1167 5891 orasset,
1219 5836 1432 5883 sanam
1478 5822 1545 5885 in
1574 5823 1880 5886 civitatem
1929 5825 2064 5886 eius
2099 5825 2190 5886 di-

2290 3209 2655 3289 suscipiant.
2688 3212 3041 3272 Conventus
3074 3220 3282 3273 autem
3312 3211 3480 3273 illius
3506 3206 3866 3273 monasterii

2289 3316 2533 3370 constat
2578 3309 3268 3389 mille-quadringentis
3299 3312 3447 3372 viris
3494 3312 3566 3373 in
3617 3309 3863 3372 hodier-

2260 3427 2440 3471 num
2493 3428 2693 3491 usque
2743 3411 2933 3473 diem.
2991 3414 3125 3474 Hoc
3180 3413 3369 3489 igitur
3424 3409 3867 3473 monasterium

2289 3511 2589 3572 Macarius
2628 3528 2892 3589 magnus
2937 3512 3205 3573 intravit.
3240 3511 3419 3573 Brevi
3462 3520 3676 3573 autem
3714 3517 3865 3569 tem-

2290 3628 2447 3691 pore
2496 3618 2638 3691 post
2688 3619 2820 3674 erat
2876 3613 3372 3693 quadragesima.
3428 3618 3517 3676 Ac
3576 3609 3867 3674 Macarius

2289 3729 2577 3789 magnus,
2633 3731 2827 3791 quum
2887 3715 3142 3775 vidisset
3205 3729 3730 3793 unumquemque
3774 3710 3864 3771 di-

2290 3830 2468 3875 versa
2514 3816 2866 3895 suscepisse
2903 3816 3151 3876 vivendi
3179 3816 3481 3889 instituta,
3517 3816 3711 3877 alium
3732 3810 3862 3892 qui-

2291 3915 2435 3977 dem
2476 3934 2760 3996 vespere,
2802 3916 2993 3979 alium
3040 3926 3183 3997 post
3238 3918 3429 3992 duos,
3483 3918 3679 3979 alium
3733 3917 3865 3992 post

2291 4017 2574 4097 quinque
2625 4018 2759 4079 dies
2804 4018 3168 4092 comedere,
3223 4018 3413 4081 alium
3469 4020 3660 4080 etiam
3716 4021 3864 4075 stare

2293 4133 2409 4196 per
2441 4123 2635 4178 totam
2687 4124 2959 4190 noctem,
3002 4117 3280 4179 interdiu
3325 4124 3539 4179 autem
3588 4116 3667 4178 ad
3714 4127 3863 4192 opus

2293 4217 2552 4277 sedere:
2617 4216 2776 4295 ipse,
2838 4236 3033 4297 quum
3092 4235 3301 4279 ramos
3350 4218 3469 4279 sibi
3527 4217 3861 4297 palmarum

2293 4320 2524 4382 multos
2578 4319 3047 4394 madefecissct,
3098 4320 3165 4380 in
3219 4318 3451 4397 angulo
3508 4335 3640 4381 uno
3688 4311 3859 4381 stetit,

2294 4434 2527 4498 neque,
2559 4417 2764 4480 donec
2800 4418 3273 4497 quadragesima
3310 4416 3572 4497 impleta
3617 4416 3774 4475 esset
3808 4412 3860 4466 ct

2294 4520 2527 4599 pascha
2568 4519 2940 4593 advenisset,
2976 4537 3199 4599 panem
3232 4536 3439 4598 neque
3468 4534 3697 4597 aquam
3728 4507 3859 4571 teti—

2292 4621 2401 4697 git,
2456 4636 2666 4699 neque
2714 4638 2881 4698 genu
2926 4620 3121 4693 ﬂexit,
3174 4637 3382 4699 neque
3432 4620 3617 4692 sedit,
3668 4622 3859 4689 neque

2292 4722 2605 4796 accubuit,
2645 4740 2853 4801 neque
2887 4722 3145 4783 omnino
3177 4721 3343 4781 aliud
3379 4720 3719 4800 quidquam
3753 4726 3857 4787 gu-

2293 4826 2494 4898 stavit,
2527 4824 2651 4885 nisi
2679 4825 2871 4885 cruda
2900 4823 3184 4885 crambes
3216 4822 3390 4897 folia,
3419 4840 3581 4902 quae
3611 4811 3860 4895 sumpsit

2294 4925 2397 4986 die
2436 4925 2773 4997 dominica,
2817 4932 2885 4986 ut
2930 4926 3246 4986 videretur
3286 4926 3622 4987 comedere
3666 4929 3858 4994 neque

2292 5026 2356 5085 in
2376 5024 2651 5103 aliquam
2669 5025 2746 5086 de
2773 5043 2838 5085 se
2855 5024 3223 5105 Opinionem
3238 5025 3568 5087 incideret.
3585 5028 3797 5099 Atque,
3812 5010 3857 5071 si

2294 5124 2549 5203 quando
2588 5131 2849 5205 pr0pter
2897 5125 3331 5187 necessitatem
3365 5142 3540 5185 suam
3587 5114 3856 5197 egredie-

2294 5225 2498 5300 batur,
2533 5226 2715 5287 citius
2753 5226 3116 5304 regrediens
3151 5225 3315 5285 stetit
3341 5224 3418 5286 ad
3465 5241 3625 5304 opus
3653 5227 3855 5280 manus

2295 5342 2469 5400 suae,
2528 5342 2737 5405 neque
2800 5344 2872 5387 os
2924 5326 3189 5405 aperuit,
3242 5342 3359 5387 nec
3398 5342 3595 5405 pauca
3629 5319 3855 5381 locutus

2295 5441 2413 5488 nec
2464 5427 2679 5499 multa,
2712 5428 2820 5489 sed
2870 5427 3035 5489 stetit
3093 5426 3305 5487 silens.
3357 5428 3576 5506 Neque
3615 5427 3852 5504 prorsus

2293 5525 2461 5586 aliud
2484 5527 2851 5606 quidquam,
2883 5527 3001 5587 nisi
3033 5527 3383 5589 orationem
3412 5527 3537 5606 egit
3563 5526 3628 5587 in
3653 5513 3848 5583 corde.

2296 5633 2357 5688 et
2397 5645 2605 5689 ramos
2647 5629 2928 5689 tractavit
2963 5647 3125 5708 quos
3153 5629 3422 5691 habebat
3454 5630 3520 5690 in
3560 5619 3846 5689 manibus.

2294 5729 2462 5790 Haec
2490 5736 2699 5790 autem
2729 5746 2949 5791 omnes
2980 5730 3424 5792 exercitatores
3451 5730 3614 5791 illius
3641 5731 3844 5784 mona—

2301 5830 2469 5891 sterii
2511 5849 2705 5910 quum
2743 5831 3080 5908 vidissent,
3128 5832 3601 5895 insurrexerunt
3644 5821 3841 5887 adver-
