4046 6486
278 374 318 431 t9

281 508 347 555 sus
364 495 820 573 praefectum
848 520 1069 565 suum
1089 514 1269 581 atque
1295 520 1308 562 :
1332 502 1433 573 71
1454 500 1803 574 Undenam,
1826 503 1920 563 in-
1949 509 1993 564 Α

286 592 501 672 quiunt,
548 598 771 660 nobis
811 600 1165 663 adduxisti
1198 600 1366 662 hunc
1408 599 1729 661 hominem
1771 604 1914 660 tan-

283 710 433 771 quam
482 694 641 756 sine
692 715 932 761 carne
978 701 1317 779 degentem
1356 698 1431 760 ad
1463 704 1740 759 nostram
1769 713 1919 759 con-

282 793 764 858 demnationem
785 798 822 861 ‘I
862 804 1004 863 Aut
1039 820 1183 863 eum
1214 800 1363 862 hinc
1404 798 1589 873 veiice,
1619 803 1727 859 aut
1754 799 1921 859 bene

282 896 429 968 scito,
462 914 596 958 nos
632 916 909 963 omnes
950 903 1109 965 hinc
1146 902 1334 963 hodie
1364 918 1501 962 esse
1532 916 1915 962 recessuros.

287 996 417 1068 Quae
464 1014 697 1076 quum
758 1001 1178 1064 Pachomius
1216 1019 1483 1080 magnus
1527 1018 1563 1062 a
1616 1000 1917 1061 fratribus

296 1096 593 1170 audiisset,
623 1100 1038 1164 sciscitatus
1068 1110 1160 1165 est
1187 1103 1265 1164 de
1296 1120 1395 1164 eo.
1428 1104 1501 1162 Et
1529 1118 1725 1180 quum
1753 1100 1920 1161 didi-

298 1200 457 1261 cisset
479 1201 628 1262 eius
650 1202 844 1264 vitae
866 1204 1189 1276 instituta,
1206 1205 1403 1264 Deum
1433 1202 1758 1276 oravit,’ut,
1776 1201 1921 1280 quis

304 1308 465 1373 esset,
495 1300 625 1362 sibi
664 1303 1111 1365 revelaretur.
1144 1302 1509 1367 Revelatum
1537 1308 1630 1362 est
1659 1301 1738 1374 ei,
1788 1303 1919 1362 Ma-

310 1402 525 1465 carinm
551 1404 982 1466 monachum
1007 1421 1168 1466 esse.
1185 1406 1340 1465 Tum
1373 1400 1921 1465 dominusPacho-

314 1504 455 1565 mins
501 1506 645 1565 eius
695 1523 984 1567 manum
1041 1504 1375 1586 prehendit
1422 1520 1696 1583 eumque
1753 1503 1920 1564 foras

318 1604 546 1678 eduxit;
593 1609 805 1685 atque
842 1624 1049 1685 quum
1078 1606 1143 1666 in
1182 1606 1439 1667 domum
1487 1604 1765 1677 oratorii,
1810 1604 1921 1665 ubi

325 1714 403 1765 est
447 1705 673 1779 altare,
731 1723 892 1767 eum
925 1705 1286 1767 deduxisset
1314 1704 1769 1783 amplexusque
1817 1722 1920 1765 es-

328 1814 407 1867 set
432 1825 444 1866 :
471 1808 685 1879 Tune,
723 1807 841 1880 ait,
877 1825 947 1867 es
992 1805 1346 1867 venerande
1375 1804 1613 1867 senex?
1640 1808 1815 1865 Tune
1852 1822 1920 1865 es

326 1906 649 1981 Macarius,
696 1906 907 1985 idque
950 1905 1186 1979 celasti,
1223 1922 1338 1967 nec
1376 1904 1531 1966 mihi
1570 1904 1920 1965 manifesta-
1953 1882 1994 1959 Β

322 2004 437 2067 sti?
482 2008 577 2067 Ex
631 2006 860 2068 multis
908 2006 1089 2068 annis
1128 2005 1298 2085 cupii
1336 2012 1398 2067 te
1444 2005 1678 2079 videre,
1724 2024 1919 2085 quum

326 2107 402 2169 de
437 2115 497 2169 te
525 2108 853 2171 audirem.
892 2108 1106 2168 Habeo
1134 2106 1249 2167 tibi
1300 2106 1545 2184 gratias,
1576 2106 1747 2185 quod
1778 2107 1922 2167 sub-

321 2212 528 2288 egeris
575 2211 755 2272 ﬁlios
794 2226 994 2283 meos,
1038 2226 1119 2270 ne
1158 2208 1281 2270 alte
1327 2209 1598 2269 sentiant
1624 2209 1702 2269 de
1737 2226 1917 2269 exer-

328 2311 627 2372 citatione
700 2327 837 2371 sua.
894 2310 1072 2385 Rogo
1122 2313 1222 2381 te,
1293 2307 1519 2368 recede
1574 2308 1643 2369 in
1708 2308 1919 2371 locum

335 2417 537 2485 tuum;
582 2428 712 2472 nos
761 2409 929 2471 enim
977 2408 1123 2470 satis
1170 2408 1539 2483 aedificasti;
1582 2416 1769 2489 atque
1812 2426 1921 2470 ora

337 2530 441 2591 pro
478 2513 703 2574 nobis.
739 2510 975 2572 Deinde
1010 2510 1088 2571 ab
1131 2526 1207 2570 eo
1245 2516 1521 2587 rogatus,
1561 2510 1921 2589 petentibus

334 2632 589 2694 quoque
624 2614 924 2675 omnibus
952 2612 1267 2686 fratribus,
1299 2612 1581 2673 recessit.

402 2727 659 2786 Rursus
688 2724 838 2785 alias
868 2723 968 2786 hic
999 2724 1089 2785 vir
1116 2724 1476 2804 impatibilis
1507 2724 1691 2786 nobis
1713 2742 1922 2786 narra-

326 2828 409 2888 vit
429 2848 443 2888 :
467 2828 701 2899 Omne,
716 2826 942 2906 inquit,
956 2827 1115 2887 vitae
1128 2824 1533 2887 monachicae
1545 2827 1917 2901 institutum,

325 2928 502 3008 quod
557 2928 961 3007 expetebant,
992 2935 1287 3007 expertus
1327 2927 1405 2988 ad
1451 2927 1619 2989 aliud
1667 2930 1919 2990 tandem

326 3027 666 3109 spirituale
725 3027 1104 3090 desiderium
1158 3028 1323 3091 veni.
1374 3029 1569 3090 Statui
1623 3030 1792 3091 enim
1841 3031 1919 3091 ad

326 3129 449 3191 tale
480 3146 765 3210 Operum
801 3127 1180 3191 desiderium
1219 3132 1542 3193 accedere.
1583 3132 1787 3201 Volui,
1826 3134 1921 3194 in-

330 3233 483 3313 quit,
512 3232 808 3312 quinque
838 3231 972 3293 dies
1004 3230 1199 3294 solam
1235 3241 1511 3295 mentem
1533 3253 1738 3296 meam
1772 3235 1916 3295 red-
1946 3224 1988 3281 (ἶ

328 3335 481 3396 dere
508 3352 543 3394 a
578 3334 714 3394 Deo
734 3333 1363 3413 individuam,neque
1384 3335 1551 3397 aliud
1575 3337 1919 3416 quidquam

332 3434 600 3495 omnino
626 3432 925 3510 cogitare,
958 3434 1069 3494 sed
1114 3435 1169 3495 ci
1200 3436 1317 3497 soli
1338 3435 1701 3498 adhaerere.
1741 3438 1919 3510 Quod

331 3549 528 3611 quum
549 3533 727 3611 apud
751 3549 849 3593 me
869 3533 1243 3609 statuissem,
1261 3534 1480 3597 cellam
1505 3554 1707 3598 meam
1730 3545 1921 3617 atque

331 3634 731 3693 extrinsecus
768 3632 970 3694 aulam
1008 3634 1223 3709 clausi,
1264 3642 1332 3696 ut
1374 3637 1529 3698 nulli
1566 3639 1921 3701 advenienti

330 3750 717 3811 responsum
733 3732 941 3795 darem
954 3782 967 3793 .
982 3739 1065 3796 Ac
1079 3738 1540 3819 stetiincipiens
1561 3757 1595 3801 a
1617 3741 1917 3816 secunda,

331 3836 529 3895 menti
579 3852 764 3895 meae
799 3836 1199 3915 praecipiens
1241 3845 1302 3900 et
1339 3840 1556 3901 dicens
1593 3858 1605 3900 :
1644 3841 1800 3901 Vide
1840 3860 1921 3904 ne

333 3933 687 3995 descendas
723 3950 759 3994 e
799 3936 1025 4010 coelis;
1072 3936 1160 3998 ibi
1194 3939 1453 4017 angelos
1491 3940 1685 4002 habes
1731 3948 1793 4002 et
1816 3960 1919 4003 ar-

334 4034 709 4112 changelos,
754 4054 1058 4116 supernas
1090 4046 1452 4118 potestates,
1487 4042 1818 4104 Cherubim
1847 4063 1921 4107 ac

334 4137 699 4216 Seraphim,
732 4138 928 4199 Deum
957 4138 1183 4201 horum
1215 4143 1497 4204 omnium
1530 4145 1917 4207 effectorem.

329 4236 465 4297 Illic
502 4255 772 4299 versare.
796 4241 887 4301 Ne
918 4241 1034 4302 sub
1058 4242 1304 4304 coelum
1326 4244 1703 4319 descendas;
1730 4264 1809 4309 ne
1829 4247 1924 4308 in-

332 4337 510 4397 cidas
548 4339 620 4398 in
658 4340 1004 4401 mundanas
1034 4342 1467 4420 cogitationes.
1519 4347 1641 4416 Sic,
1690 4348 1915 4427 inquit,

333 4455 535 4516 quum
558 4439 808 4501 duobus
839 4442 1059 4503 diebus
1091 4461 1163 4505 ac
1186 4443 1427 4506 duabus
1450 4448 1739 4509 noctibus
1770 4467 1918 4529 per-

332 4556 752 4613 severassem,
772 4541 856 4601 ita
883 4541 1259 4603 daemonem
1285 4544 1541 4614 irritavi,
1575 4554 1643 4607 ut
1663 4548 1913 4612 ﬂamma
1947 4566 1994 4623 ι)

329 4639 501 4717 ignis
538 4640 740 4713 ﬁeret,
775 4641 1058 4720 mihique
1098 4644 1330 4718 omnia,
1384 4663 1544 4725 quae
1590 4647 1656 4708 in
1694 4649 1918 4711 cellula

329 4749 537 4814 erant,
563 4742 985 4817 combureret,
1017 4744 1096 4805 ita
1121 4750 1189 4805 ut
1214 4746 1400 4808 etiam
1432 4754 1662 4821 storea,
1692 4750 1758 4811 in
1795 4770 1918 4832 qua

328 4844 603 4913 stabam,
638 4851 1164 4918 concremaretur,
1196 4854 1257 4907 et
1284 4847 1371 4909 sic
1402 4866 1503 4909 me
1533 4867 1789 4931 quoque
1816 4861 1915 4915 to-

329 4949 471 5001 tum
520 4942 702 5002 aduri
748 4943 1185 5005 existimarem.
1250 4948 1643 5011 Postremum
1694 4953 1918 5016 timore

336 5044 602 5103 affectus
624 5043 805 5103 tertio
827 5043 927 5104 die
949 5043 1157 5104 destiti
1180 5046 1257 5107 ab
1277 5047 1398 5109 hoc
1425 5053 1751 5129 proposito
1775 5072 1917 5118 meo

339 5147 544 5218 atque,
583 5160 781 5220 quum
816 5151 1091 5205 mentem
1124 5162 1327 5208 meam
1352 5149 1622 5228 amplius
1643 5152 1916 5215 indivul-

344 5255 472 5297 sam
497 5248 716 5301 tenere
748 5258 875 5302 non
904 5260 1178 5322 possem,
1211 5246 1510 5309 descendi
1534 5250 1598 5311 in
1630 5260 1916 5315 conteru-

339 5336 678 5415 plationem
703 5339 890 5402 huius
925 5343 1167 5416 mundi,
1204 5344 1309 5415 72
1333 5363 1413 5407 ne
1446 5346 1507 5408 id
1542 5348 1696 5410 mihi
1726 5369 1917 5432 repu-

332 5448 561 5501 taretur
585 5441 649 5502 in
672 5443 1037 5523 superbiam

410 5586 439 5615 α
474 5564 799 5635 Quondam
833 5582 1033 5645 quum
1078 5565 1157 5626 ad
1194 5564 1363 5631 hunc
1392 5577 1678 5633 sanctum
1708 5576 1917 5637 venis-

331 5680 486 5736 sem,
525 5673 697 5727 extra
727 5668 953 5730 cellam
1001 5666 1138 5727 eius
1183 5668 1489 5731 iacentem
1532 5672 1746 5735 inveni
1799 5678 1919 5738 vici

331 5764 645 5829 cuiusdam
690 5769 1171 5849 presbyterum,
1203 5769 1382 5830 cuius
1440 5780 1628 5851 caput
1666 5774 1749 5837 ita
1787 5786 1918 5839 erat

331 5883 579 5931 exesum
629 5874 851 5935 morbo
890 5868 1012 5951 qui
1053 5884 1281 5931 cancer
1309 5870 1559 5949 dicitur,
1607 5882 1677 5937 ut
1717 5884 1778 5939 et
1809 5879 1908 5957 ip-

1872 381 2098 441 VITAE.

3525 390 3598 449 το

2024 521 2158 565 sum
2181 523 2252 567 os
2279 511 2477 571 totum
2501 518 2833 592 appareret
2857 511 2923 573 in
2944 510 3198 573 vertice.
3220 510 3439 588 Neque
3452 524 3595 570 eum

2023 606 2101 667 ad
2132 608 2517 690 colloquium
2562 611 2946 674 admittebat.
2978 610 3214 689 Rogavi
3258 610 3448 688 igitur
3475 625 3547 669 ac
3581 624 3595 667 :

2023 704 2274 781 Precor,
2304 708 2587 790 inquam,
2610 711 2909 772 miserere
2932 711 3118 771 huius
3138 710 3374 782 miseri,
3400 714 3461 769 et
3486 706 3603 768 sal‘

2020 810 2151 867 tem
2180 825 2553 889 responsum
2592 811 2650 872 ei
2677 812 2776 873 da.
2808 813 3160 892 Respondit
3189 810 3341 871 mihi
3376 829 3389 871 :
3424 809 3598 871 Indi-

2025 922 2185 983 gnus
2220 916 2335 983 est,
2368 913 2478 990 qui
2507 917 2783 975 sanetur.
2821 917 2990 975 Haec
3021 914 3188 974 enim
3227 912 3284 973 ei
3321 911 3599 971 immissa

2026 1015 2118 1069 est
2146 1008 2496 1089 disciplina.
2520 1014 2628 1076 Sin
2659 1032 2803 1075 eum
2832 1015 2922 1074 vis
2956 1013 3184 1086 sanari,
3207 1013 3400 1073 suade
3424 1012 3505 1085 ei,
3534 1016 3605 1071 ut

2025 1113 2328 1196 deinceps
2356 1117 2664 1181 abstineat
2697 1138 2732 1181 a
2760 1120 3089 1181 sacrificio.
3117 1121 3245 1196 Ego
3276 1136 3289 1178 :
3324 1118 3465 1189 Cur,
3498 1116 3602 1176 ina-

2024 1231 2235 1293 quam,
2257 1218 2559 1281 obsecro?
2581 1221 2948 1300 Respondet
2965 1238 2975 1279 :
2994 1221 3336 1281 Fornicans
3357 1235 3605 1279 sacrum

2023 1317 2267 1394 peregit
2324 1320 2782 1396 ministerium,
2839 1322 3010 1383 unde
3061 1322 3183 1383 iam
3243 1321 3600 1398 castigatur.

2024 1418 2257 1488 Quodsi
2286 1427 2452 1483 metu
2482 1422 2735 1499 desistat
2767 1423 2844 1484 ab
2873 1423 2973 1496 iis,
2996 1440 3158 1503 quae
3179 1439 3295 1502 per
3325 1428 3607 1484 contem-

2024 1526 2197 1598 ptum
2225 1537 2412 1582 ausus
2433 1528 2526 1583 est
2551 1522 2780 1595 facere,
2818 1524 2980 1585 Deus
3011 1541 3152 1585 eum
3180 1524 3443 1583 sanabit.
3470 1523 3604 1585 Hoc

2026 1620 2106 1694 ei,
2133 1621 2244 1700 qui
2271 1622 2680 1700 aﬁligebatur,
2704 1623 2855 1684 dixi.
2873 1624 2989 1696 Qui
3008 1621 3413 1684 iureiurando
3434 1618 3605 1700 apud

2025 1723 2221 1784 Deum
2258 1725 2574 1803 pollicitus
2604 1733 2719 1800 est,
2754 1743 2820 1787 se
2848 1743 2977 1787 non
3008 1724 3278 1804 amplius
3308 1723 3605 1785 sacerdo—

2024 1824 2102 1885 tis
2123 1842 2387 1887 munera
2417 1844 2553 1887 esse
2592 1826 2930 1887 obiturum.
2975 1828 3131 1885 Tum
3165 1842 3307 1886 eum
3332 1823 3610 1902 suscepit

2024 1926 2209 2005 eique
2236 1944 2248 1986 :
2279 1927 2595 2000 Credisne,
2618 1926 2846 2006 inquit,
2874 1944 3011 1987 esse
3037 1927 3259 1999 Deum,
3293 1942 3483 2003 quem
3507 1923 3605 1984 ni-

2022 2022 2110 2085 hil
2157 2023 2340 2088 latet?
2386 2026 2499 2087 Ille
2543 2026 2890 2107 respondet
2932 2026 3267 2099 :Maxime,
3318 2040 3473 2103 rogo
3518 2030 3603 2085 te.

2021 2125 2258 2187 Deinde
2299 2145 2313 2187 :
2346 2129 2530 2195 Num,
2564 2128 2791 2207 inquit,
2832 2126 3090 2207 potuisti
3131 2125 3397 2187 illudere
3435 2121 3611 2185 Deo?

2020 2226 2388 2306 Respondet
2424 2246 2437 2288 :
2470 2230 2609 2289 Non
2634 2228 2832 2308 potui,
2862 2228 2943 2289 mi
2981 2227 3257 2289 domine.
3298 2228 3558 2304 Magnus
3591 2242 3604 2285 :

2021 2328 2084 2389 Si
2120 2330 2430 2406 agnoscis,
2470 2330 2698 2410 inquit,
2740 2337 3067 2411 peccatum
3100 2337 3276 2391 tuum
3311 2347 3382 2391 ac
3415 2328 3606 2390 disci-

2020 2428 2260 2507 plinam
2284 2430 2416 2505 Dei,
2450 2449 2574 2509 qua
2600 2430 2754 2493 haec
2794 2431 3061 2505 subiisti,
3096 2438 3159 2493 te
3223 2431 3501 2509 corrigas
3541 2429 3609 2489 in

2022 2537 2367 2609 posterum.
2403 2533 2518 2604 Qui
2552 2532 2879 2594 confessus
2912 2540 3004 2594 est
3032 2538 3384 2613 peccatum,
3427 2538 3489 2593 et
3531 2532 3606 2593 ﬁ-

2024 2630 2169 2691 dem
2191 2631 2384 2703 dedit,
2423 2649 2491 2692 se
2536 2650 2665 2693 non
2707 2632 2978 2712 amplius
3017 2651 3153 2694 esse
3175 2638 3606 2711 peccaturum,

2025 2750 2233 2812 neque
2271 2733 2447 2795 altari
2485 2734 3002 2807 ministraturum,
3039 2733 3149 2795 sed
3186 2733 3329 2794 laici
3375 2738 3609 2793 sortem

2023 2833 2485 2914 amplexurum.
2519 2835 2755 2896 Deinde
2785 2842 3035 2896 sanctus
3068 2834 3127 2894 ei
3153 2850 3377 2894 manus
3403 2833 3611 2912 impo-

2022 2936 2165 2997 suit.
2198 2936 2312 3009 Qui
2348 2937 2563 3015 paucis
2592 2936 2815 2998 diebus
2838 2942 3088 2997 sanatus
3123 2942 3238 3009 est,
3272 2933 3613 3014 capillique

2021 3039 2243 3118 capitis
2274 3038 2329 3099 ei
2354 3046 2703 3113 creverunt,
2732 3045 2792 3099 et
2820 3038 2883 3099 in
2912 3037 3171 3099 domum
3202 3053 3379 3098 suam
3410 3053 3614 3098 rever-

2022 3157 2128 3201 sus
2178 3138 2540 3217 gloriﬁcavit
2587 3141 2805 3213 Deum,
2850 3157 2921 3202 ac
2953 3139 3177 3217 gratias
3208 3138 3332 3216 egit
3368 3145 3611 3201 sancto.

2106 3276 2133 3309 ‹‹
2161 3255 2408 3314 Rursus
2438 3253 2567 3313 vidi
2596 3254 2673 3315 ad
2706 3272 2851 3315 eum
2876 3254 3102 3316 adduci
3126 3272 3397 3334 puerum
3424 3273 3457 3317 a
3490 3254 3616 3335 spi-

2022 3352 2147 3414 ritu
2192 3354 2468 3433 maligno
2512 3361 2829 3416 vexatum.
2882 3356 2991 3417 Cui
3054 3364 3305 3419 sanctus
3356 3374 3613 3419 manum

2023 3454 2305 3516 dextram
2334 3456 2401 3516 in
2438 3461 2629 3535 caput
2666 3456 2967 3536 imposuit
2996 3463 3057 3518 et
3078 3458 3392 3519 sinistram
3425 3477 3615 3539 supra

2022 3573 2154 3629 cor,
2179 3574 2250 3618 ac
2279 3555 2515 3617 tamdiu
2545 3558 2763 3631 oravit,
2788 3558 2990 3620 donec
3014 3558 3262 3621 fecisset
3284 3576 3426 3621 eum
3451 3580 3614 3641 pen-

2023 3656 2173 3717 dere
2193 3657 2258 3718 in
2278 3674 2447 3719 aere.
2478 3658 2642 3718 Puer
2662 3658 2871 3737 igitur,
2896 3660 3055 3721 sicut
3082 3668 3224 3722 uter
3248 3662 3521 3737 inﬂatus,
3548 3663 3615 3727 in

2023 3775 2292 3837 corpore
2314 3758 2745 3838 maximOpere
2776 3760 3094 3835 intumuit,
3127 3762 3380 3837 deinde,
3417 3781 3613 3843 quum

2023 3860 2232 3920 subito
2267 3857 2697 3933 exclamasset,
2730 3878 2846 3941 per
2875 3878 3096 3923 omnes
3127 3880 3351 3926 sensus
3383 3882 3613 3945 aquam

2025 3959 2260 4033 emisit,
2281 3977 2442 4039 quae
2463 3978 2659 4040 quum
2682 3962 3071 4037 desiisset,in
3101 3982 3262 4041 eam,
3288 3985 3411 4046 qua
3430 3968 3612 4031 initio

2022 4060 2247 4134 fuerat,
2290 4077 2650 4123 mensuram
2693 4064 2895 4125 rediit.
2920 4066 3205 4146 Eumque
3243 4085 3441 4147 quum
3467 4069 3613 4133 oleo

2023 4164 2240 4219 sancto
2266 4158 2549 4221 unxisset
2571 4167 2632 4222 et
2655 4179 2817 4240 aqua
2848 4163 3178 4227 benedicta
3208 4167 3609 4247 perfudisset,

2023 4257 2185 4336 patri
2214 4256 2510 4333 reddidit,
2532 4277 2604 4321 ac
2630 4261 2846 4334 vetuit,
2879 4278 2958 4323 ne
2977 4282 3228 4327 carnem
3253 4286 3370 4331 nec
3396 4271 3611 4334 vinum

2022 4357 2357 4434 attingeret
2389 4358 2799 4437 quadraginta
2830 4361 3077 4425 diebus.
3107 4365 3312 4431 Puero
3353 4371 3613 4450 quidem

2022 4455 2107 4517 ita
2129 4462 2345 4517 sanato
2376 4474 2487 4518 eos
2517 4457 2773 4521 dimisit.

2103 4604 2132 4637 α
2166 4582 2347 4644 Hunc
2373 4583 2709 4645 Macarium
2742 4602 3038 4665 magnum
3070 4593 3390 4670 quondam
3419 4614 3610 4660 vexa-

2020 4688 2166 4743 runt
2195 4683 2609 4759 cogitationes
2638 4702 2836 4749 vanae
2878 4687 3138 4767 gloriae,
3189 4712 3351 4774 quae
3393 4714 3538 4759 eum
3578 4717 3614 4761 e

2020 4780 2178 4843 cella
2209 4781 2438 4844 eiicere
2469 4791 2808 4862 tentarunt,
2845 4790 2950 4860 73
2976 4798 3036 4852 et
3057 4806 3503 4871 suggesserunt
3529 4800 3612 4875 ei,

2019 4888 2090 4942 ut
2117 4880 2603 4961 dispensationis
2633 4886 2826 4963 gratia
2858 4889 3119 4950 Romam
3148 4899 3463 4970 pergeret,
3489 4894 3616 4957 ius-

2020 4988 2276 5062 tamque
2301 5002 2553 5046 causam
2576 4984 2928 5065 allegarunt
2950 4992 3343 5054 sanationem
3366 5012 3611 5067 eorum.

2022 5080 2133 5159 qui
2172 5081 2262 5143 ibi
2308 5091 2476 5149 sunt.
2524 5087 2943 5150 infirmorum.
2981 5091 3173 5153 Valde
3215 5096 3383 5157 enim
3423 5098 3489 5159 in
3536 5117 3613 5161 eo

2020 5181 2321 5246 adversus
2375 5186 2632 5265 spiritus
2680 5191 3057 5268 operabatur
3097 5195 3291 5271 gratia
3338 5198 3609 5261 Domini.

2020 5287 2237 5364 Longo
2267 5295 2474 5349 autem
2504 5296 2792 5370 tempore
2828 5293 2906 5353 ab
2935 5294 3011 5354 iis
3044 5301 3373 5373 tentatum,
3416 5320 3613 5380 quum

2024 5402 2149 5448 non
2188 5388 2551 5463 obediisset,
2594 5398 2664 5453 ut
2714 5395 3140 5471 egrederetur,
3174 5402 3379 5462 acrius
3412 5402 3611 5480 agita-

2022 5492 2188 5545 runt.
2219 5488 2568 5551 Prostratus
2608 5491 2796 5569 igitur
2816 5504 3066 5557 sanctus
3086 5498 3149 5558 in
3173 5484 3398 5561 limine.
3417 5502 3611 5565 cellae

2023 5604 2173 5646 suae
2195 5587 2389 5666 pedes
2408 5588 2576 5651 foras
2597 5592 2823 5665 emisit,
2850 5595 3393 5680 daemonibusque
3417 5621 3611 5665 vanae

2024 5684 2258 5761 gloriae
2284 5704 2297 5746 :
2320 5688 2594 5763 Trahite,
2616 5692 2844 5770 inquit,
2870 5713 2970 5757 me
2994 5703 3055 5758 et
3081 5698 3313 5771 vellite,
3349 5702 3609 5764 daemo‘

2025 5799 2160 5856 nes,
2193 5784 2242 5844 si
2280 5788 2562 5864 potestis.
2600 5792 2731 5868 Ego
2766 5794 2935 5855 enim
2974 5797 3131 5857 meis
3162 5801 3429 5877 pedibus
3461 5801 3615 5865 alias

2024 5899 2155 5947 non
2182 5886 2390 5949 abibo.
2442 5889 2549 5951 Sin
2598 5894 2858 5971 potestis
2886 5895 3071 5957 talem
3115 5915 3217 5960 me
3256 5901 3609 5980 deportare,

3623 4964 3634 5019 l
3730 5014 3737 5020 .
