4046 6450
545 368 606 423 ’ἔέ
1388 371 1485 423 SS.
1531 370 1988 425 MACARlORlYM
2030 368 2340 424 AEGYPTil
2386 368 2472 424 ET
2513 368 2978 426 ALEXANDRINI
3751 375 3819 429 τε

543 503 672 562 quo
711 485 912 548 dicitis
944 489 1324 566 perveniam.
1353 494 1547 568 Atque
1582 491 1798 551 iuravit
1826 490 1899 548 iis
1948 507 1960 548 :
1995 490 2117 562 Sic,
2151 494 2195 548 A
2223 489 2442 548 Christi
2469 505 2584 565 ego
2608 489 2952 558 observavi,
2978 489 3181 548 Marco
3216 488 3619 548 exercitatori
3653 506 3820 552 nun-

543 588 770 667 inquit,
819 589 1040 650 iacebo
1072 608 1272 669 usque
1311 589 1384 650 ad
1443 610 1789 670 vesperam.
1846 593 1970 652 Nisi
2022 610 2118 651 me

542 689 881 763 moveritis,
908 691 1084 752 vobis
1103 709 1232 752 non
1263 691 1574 752 obediam.
1607 694 1807 764 Quum
1827 708 1976 753 vero
1997 692 2114 752 im-

540 794 749 849 motus
779 789 1130 862 mansisset,
1161 807 1304 850 sero
1338 791 1584 870 vesperi
1612 791 1866 852 tandem
1903 808 2115 851 surre-

540 889 650 947 xit.
710 888 830 948 Sed
876 895 1061 950 nocte
1115 889 1486 952 adventante
1520 910 1731 954 rursus
1752 909 1896 953 eum
1933 892 2118 953 vehe-

541 987 810 1048 mentius
858 990 1046 1050 etiam
1098 989 1384 1052 insectati
1421 999 1587 1052 sunt.
1633 994 1835 1064 Quare
1867 999 2117 1054 sanctus

540 1090 829 1162 surrexit,
855 1090 1250 1170 duorumque
1289 1092 1419 1153 fere
1448 1093 1808 1155 modiorum
1840 1101 2116 1174 sportam

538 1207 726 1250 arena
764 1191 1065 1270 implevit,
1100 1210 1223 1270 qua
1257 1191 1535 1256 humeris
1583 1194 1877 1274 imposita
1923 1203 2114 1257 totam

539 1290 940 1352 solitudinem
962 1293 1252 1370 pervasit.
1292 1293 1400 1353 Cui
1422 1295 1697 1356 occurrit
1726 1296 2118 1360 Theosebius

537 1389 858 1451 Cosmetor
884 1391 1332 1466 Antiochenus,
1365 1401 1426 1455 et
1454 1413 1464 1454 :
1500 1396 1681 1469 Quid,
1711 1398 1937 1476 inquit,
1963 1415 2116 1476 por-

536 1497 650 1562 tas,
675 1489 884 1552 abba?
907 1492 1068 1554 Cede
1096 1493 1252 1554 mihi
1281 1511 1466 1569 onus,
1483 1513 1640 1557 neve
1669 1497 1806 1576 ipse
1837 1498 2112 1560 vexerisl

532 1590 643 1652 Ille
673 1599 880 1654 autem
915 1611 927 1653 :
962 1594 1157 1668 Vexo,
1189 1595 1416 1675 inquit,
1453 1615 1621 1672 eum,
1655 1598 1764 1678 qui
1794 1616 1894 1660 me
1916 1606 2114 1660 vexat.

533 1695 671 1772 Ipse
689 1694 858 1755 enim
879 1713 1075 1773 quum
1094 1695 1360 1758 lascivus
1382 1697 1480 1770 sit,
1507 1698 1658 1758 mihi
1675 1700 2120 1778 peregrinatio-

531 1810 646 1855 nes
665 1793 963 1872 suggerit.
986 1794 1084 1857 Sic
1118 1813 1266 1856 vero
1283 1815 1478 1876 quum
1500 1816 1566 1859 se
1588 1799 1850 1861 multum
1873 1817 2120 1880 permo-

531 1895 744 1968 visset,
768 1897 834 1956 in
857 1896 1077 1958 cellam
1102 1897 1351 1959 intravit
1374 1900 1642 1961 contrito
1661 1919 1925 1980 corpore
1954 1901 2058 1979 (1).
2086 1928 2111 1957 »

612 1999 640 2069 §
677 1993 767 2054 19.
790 1995 958 2057 Haec
981 1995 1307 2076 hucusque
1325 1999 1595 2060 Historia
1612 2000 1928 2072 Lausiaca,
1955 2019 2115 2078 quae

531 2093 598 2154 in
619 2095 944 2157 codicibus
969 2097 1569 2160 Vindobonensibus
1597 2099 1846 2176 legitur,
1882 2103 1996 2160 sub
2026 2102 2116 2160 in-

533 2195 672 2256 dice
706 2213 719 2256 :
750 2197 835 2258 De
891 2197 1160 2260 Macario
1217 2198 1661 2261 Alexandrino.
1713 2200 2007 2278 Sequitur
2053 2202 2114 2262 in

531 2297 750 2358 codice
780 2298 1261 2362 membranaceo
1297 2300 1412 2360 sub
1446 2300 1651 2361 indice
1689 2321 1701 2362 :
1746 2325 1774 2356 «
1818 2302 1904 2362 De
1953 2304 2113 2362 Mar-

532 2413 608 2457 co
636 2421 662 2452 »
696 2396 803 2475 (2),
828 2398 893 2458 in
925 2399 1142 2460 codice
1172 2398 1500 2461 chartaceo
1534 2401 1649 2461 sub
1679 2400 1886 2462 indice
1917 2420 1928 2461 :
1967 2427 1992 2456 ‹‹
2033 2403 2115 2464 De

529 2498 737 2559 Marco
770 2499 1180 2561 exercitatore
1226 2524 1253 2555 »
1293 2501 1372 2580 (3)
1408 2510 1596 2580 caput
1627 2503 1966 2580 quoddam,
2003 2524 2113 2566 cu-

530 2598 628 2658 ius
653 2599 924 2660 maxima
954 2618 1098 2679 pars
1129 2601 1193 2661 in
1225 2601 1407 2663 editis
1443 2602 1749 2664 lliStoriac
1785 2606 2116 2666 Lausiacae

531 2699 993 2780 exemplaribus
1039 2701 1117 2762 de
1170 2703 1436 2764 Macario
1490 2704 1909 2765 Alexandrino
1965 2707 2112 2782 agit.

530 2800 748 2879 Neque
771 2801 907 2880 ipse
930 2801 1130 2864 codex
1152 2805 1674 2866 membranaceus
1707 2807 1825 2866 sibi
1848 2815 2112 2879 constat,

531 2901 642 2980 qui
681 2917 924 2975 senem,
973 2901 1052 2962 de
1076 2919 1204 2980 quo
1236 2911 1541 2977 narratur,
1579 2905 1769 2967 modo
1816 2909 2112 2979 Marcum,

530 3001 726 3062 modo
778 3000 1116 3062 Macarium
1173 3001 1426 3064 indicat.
1485 3003 1856 3066 Chartaceus
1907 3013 2116 3067 autem

532 3117 786 3179 semper
822 3099 1080 3178 quidem
1118 3101 1395 3162 Marcum
1442 3103 1748 3177 nominat,
1783 3122 1970 3183 quem
2017 3113 2112 3166 ta-

2225 608 2412 668 quam
2448 609 2545 652 me
2579 592 2826 652 dedisse
2867 591 3274 664 oblationem,
3311 590 3419 650 sed
3454 591 3729 668 angelus
3758 594 3817 656 ei

2221 693 2405 754 dabat
2446 694 2523 754 de
2566 693 2764 755 altari.
2803 695 2934 770 Ego
2963 710 3110 754 vero
3151 692 3354 753 solum
3398 691 3819 770 splendorem

2220 811 2442 855 manus
2473 795 2600 856 vidi
2632 795 2787 866 eius,
2821 793 2928 874 qui
2953 795 3010 855 ei
3045 793 3428 856 oblationem
3449 793 3664 854 dabat.
3697 794 3819 857 Hic

2219 909 2367 952 vero
2416 895 2656 954 Marcus
2687 910 2880 972 quum
2929 892 3138 954 iunior
3175 898 3341 953 esset
3383 890 3486 970 (6),
3516 898 3710 952 vetus
3757 900 3820 953 et

2217 1011 2451 1054 novum
2488 1000 2930 1056 testamentum
2974 993 3339 1055 memoriter
3379 993 3622 1066 didicit,
3659 991 3816 1054 fuit-

2219 1112 2343 1172 que
2372 1095 2700 1172 insigniter
2728 1095 2894 1156 mitis
2915 1101 3104 1173 atque
3126 1099 3354 1166 castus,
3375 1092 3426 1153 si
3447 1093 3593 1172 quis
3622 1092 3814 1155 alius.

2299 1219 2328 1250 ‹‹
2373 1195 2653 1267 Quodam
2701 1195 2802 1256 die
2833 1211 3029 1274 quum
3069 1193 3266 1254 otium
3313 1192 3466 1254 mihi
3504 1198 3702 1268 esset,
3735 1193 3817 1254 ad

2221 1308 2364 1352 eum
2386 1292 2452 1352 in
2483 1299 2760 1352 extrema
2791 1291 2924 1352 eius
2955 1297 3278 1353 senectute
3305 1291 3581 1371 perrexi.
3608 1292 3816 1363 Quem

2221 1411 2414 1472 quum
2440 1411 2582 1470 ego,
2620 1402 2839 1472 utpote
2869 1393 2977 1472 qui
3009 1393 3181 1454 rudis
3211 1409 3439 1464 essem,
3466 1410 3665 1471 supra
3691 1391 3813 1453 ho-

2221 1495 2454 1554 minem
2489 1511 2624 1554 esse
2650 1494 3093 1566 existimarem,
3134 1501 3203 1555 ut
3231 1494 3417 1554 etiam
3461 1492 3604 1566 fuit,
3646 1494 3816 1555 ostio

2221 1595 2415 1656 cellae
2472 1595 2668 1674 ipsius
2718 1595 2931 1655 adsedi
2969 1601 3049 1668 et,
3083 1595 3233 1673 quid
3290 1593 3665 1673 loqueretur
3717 1593 3813 1654 vel

2219 1706 2451 1773 ageret,
2503 1697 2862 1760 auscultavi.
2915 1697 3098 1756 Solus
3148 1695 3338 1773 igitur
3391 1695 3560 1756 intus
3609 1711 3816 1774 quum

2219 1797 2343 1858 iam
2394 1805 2644 1859 centum
2703 1797 2836 1858 fere
2891 1814 3090 1857 annos
3150 1795 3409 1856 haberet
3451 1794 3815 1873 dentesque

2221 1899 2546 1971 amisisset,
2573 1918 2784 1961 secum
2809 1907 2867 1960 et
2896 1918 3039 1960 cum
3069 1897 3320 1960 diabolo
3349 1896 3656 1977 pugnavit
3683 1913 3757 1958 ac
3798 1913 3812 1955 :

2217 2000 2374 2072 Quid
2401 2001 2677 2072 tandem,
2713 2001 2938 2079 inquit,
2975 2001 3088 2074 vis,
3115 1999 3276 2060 male
3310 1995 3547 2058 senex?
3580 1998 3679 2058 En
3718 1996 3813 2056 vi-

2219 2118 2368 2162 num
2391 2102 2599 2162 bibisti
2621 2109 2681 2164 et
2703 2101 2912 2163 oleum
2936 2100 3209 2178 tetigisti.
3235 2099 3392 2172 Quid
3423 2100 3513 2160 vis
3533 2097 3817 2177 amplius

2218 2203 2329 2263 tibi
2363 2203 2609 2276 faciam,
2635 2221 2824 2264 vorax
2863 2203 2928 2263 in
2960 2202 3210 2275 canitie,
3246 2201 3522 2261 serviens
3553 2197 3814 2261 ventri?

2218 2306 2306 2364 Ita
2341 2321 2407 2365 se
2433 2304 2568 2382 ipse
2600 2303 2998 2364 contumeliis
3030 2302 3662 2379 castigavit.Diabolo
3695 2319 3811 2360 au-

2219 2410 2344 2464 tem
2385 2422 2396 2463 :
2434 2403 2705 2477 Recede,
2746 2404 2972 2482 inquit,
3013 2421 3047 2464 a
3078 2420 3200 2474 me,
3255 2402 3525 2463 diabole.
3580 2404 3813 2462 Consc-

2221 2504 2408 2563 nuisti
2432 2521 2676 2563 mecum
2707 2503 2770 2562 in
2803 2503 3072 2582 pigritia.
3106 2502 3534 2562 Inﬁrmitatem
3569 2518 3809 2580 corpo-

2221 2604 2302 2663 ris
2323 2603 2476 2663 mihi
2507 2603 2806 2663 intllxisti.
2857 2603 3085 2663 Vinum
3116 2610 3174 2663 et
3215 2601 3424 2662 oleum
3464 2618 3566 2661 me
3611 2600 3814 2680 perci-

2218 2720 2369 2782 pere
2401 2702 2622 2762 fecisti.
2657 2702 3089 2780 V’oluptarium
3144 2719 3245 2763 me
3276 2702 3629 2763 reddidisti.
3653 2705 3763 2774 Qu
3795 2753 3806 2758 -

2218 2805 2330 2865 tibi
2354 2805 2615 2883 insuper
2644 2804 2888 2864 debeo?
2922 2803 3085 2863 Nihil
3113 2802 3358 2863 invenis
3387 2803 3451 2862 in
3474 2820 3602 2875 me,
3637 2801 3808 2880 quod

2220 2903 2509 2983 deripere
2545 2904 2719 2965 velis.
2760 2903 3010 2964 Recede
3038 2919 3385 2980 ergoame,
3407 2901 3668 2961 inimice
3700 2899 3812 2960 ho-

2221 3007 2484 3066 minum.
2536 3011 2619 3068 Ac
2669 3007 2858 3067 veluti
2902 3005 3059 3066 latro
3110 3004 3216 3074 75
3272 3003 3390 3064 sibi
3424 3003 3564 3081 ipse
3603 3020 3617 3062 :
3658 3005 3811 3077 Age-

2221 3107 2393 3179 dum,
2426 3107 2652 3186 inquit,
2689 3114 2976 3183 nugator,
3012 3106 3078 3166 in
3105 3105 3333 3166 canitie
3367 3111 3623 3166 vorator
3655 3111 3716 3164 et
3746 3102 3805 3162 in

532 3216 680 3263 men
709 3216 898 3280 saepe
920 3212 952 3263 ό
980 3209 1268 3278 μακάριος
1295 3209 1527 3279 μάρκος
1676 3200 1786 3274 74
1815 3203 2110 3282 appellat.

2224 3206 2586 3269 heluatione
2619 3225 2810 3268 senex
2833 3207 2843 3268 l
2868 3207 3177 3279 Quamdiu
3200 3207 3385 3268 etiam
3415 3214 3628 3268 tecum
3664 3200 3808 3266 ero?

533 3301 701 3374 Quae
726 3319 922 3380 quum
949 3302 1030 3362 ita
1051 3301 1305 3376 sint,fas
1327 3303 1466 3376 erit,
1487 3302 1606 3364 hoc
1629 3321 1886 3382 quoque
1906 3311 2113 3383 caput,

534 3402 709 3481 quod
768 3403 834 3464 in
888 3403 1216 3465 codicibus
1267 3403 1864 3465 Vindobonensibus
1905 3422 1918 3464 :
1965 3429 1991 3460 α
2031 3406 2117 3465 De

532 3504 742 3566 Marco
786 3527 813 3560 )›
861 3504 1243 3579 inscribitur,
1275 3522 1599 3584 apponere
1632 3511 1714 3578 et,
1748 3523 1898 3566 num
1936 3505 1998 3566 in
2040 3525 2117 3568 eo

535 3604 613 3666 de
642 3607 871 3680 Marco,
910 3625 989 3668 an
1016 3606 1094 3668 de
1125 3606 1392 3668 Macario
1437 3613 1742 3678 narretur,
1780 3607 2114 3686 dispicere.

533 3705 711 3777 Quod
743 3706 998 3786 quidem
1029 3705 1113 3766 ita
1142 3705 1619 3784 praestabimus,
1653 3712 1721 3766 ut
1742 3712 1978 3766 textum
2003 3724 2111 3766 co-

533 3804 690 3867 dicis
729 3806 1190 3868 membranacei
1229 3804 1417 3867 latine
1468 3806 1780 3868 redditum
1827 3823 2113 3886 appona-

533 3924 694 3980 mus,
728 3906 1035 3967 variantes
1056 3912 1263 3966 autem
1294 3905 1567 3967 nominis
1595 3907 1764 3968 senis
1792 3906 1956 3968 illius
1984 3908 2114 3969 lec-

533 4006 762 4079 tiones,
797 4023 958 4084 quae
1004 4005 1069 4065 in
1129 4005 1348 4066 codice
1397 4005 1726 4068 chartaceo
1780 4006 2112 4080 habentur,

534 4109 650 4169 sub
677 4114 851 4169 textu
891 4112 1288 4169 annotemus.
1328 4108 1418 4168 Ita
1457 4106 1626 4168 enim
1658 4107 1892 4168 codicis
1912 4126 2114 4169 mem-

534 4207 827 4272 branacei
885 4207 1158 4268 Historia
1200 4206 1495 4268 Lausiaca
1541 4224 1796 4268 narrare
1851 4209 2054 4288 pergit
2099 4227 2111 4268 :

536 4330 566 4363 «
602 4303 686 4368 De
719 4306 944 4367 eodem
973 4312 1188 4368 sancto
1229 4307 1435 4367 Marco
1479 4322 1704 4383 magno
1742 4308 2113 4369 exercitato-

535 4422 603 4465 re
623 4405 700 4486 (5)
732 4404 833 4466 hic
855 4404 1236 4467 admirabilis
1265 4404 1568 4482 Macarius
1597 4405 1718 4467 hoc
1744 4406 2114 4470 incredibile

535 4504 718 4564 nobis
747 4505 1014 4566 narravit
1050 4522 1062 4564 :
1113 4506 1316 4577 Quum
1359 4522 1561 4579 sacro,
1591 4505 1816 4584 inquit,
1851 4525 2112 4570 munere

2301 3331 2330 3361 ‹‹
2379 3306 2768 3384 Paphnutius
2784 3324 3041 3385 quoque
3059 3305 3280 3365 Christi
3299 3323 3512 3366 servus
3538 3312 3603 3365 et
3634 3319 3808 3384 prae-

2220 3407 2368 3469 clari
2393 3407 2577 3468 huius
2605 3409 2718 3468 viri
2741 3408 3086 3486 discipulus
3114 3407 3267 3468 haec
3289 3406 3472 3468 nobis
3495 3403 3798 3466 narravit:

2219 3507 2524 3581 Quodam,
2581 3508 2810 3586 inquit,
2857 3506 2981 3580 die,
3037 3523 3232 3584 quum
3295 3504 3601 3565 Macarius
3637 3500 3805 3564 domi

2218 3605 2283 3666 in
2319 3605 2460 3666 aula
2495 3607 2742 3666 sederet
2786 3606 2866 3686 (7)
2911 3612 2973 3667 et
3010 3605 3287 3666 animum
3324 3605 3451 3665 Deo
3492 3603 3802 3664 intentum

2219 3687 2500 3776 haberet,
2542 3705 2786 3782 hyaena
2818 3705 3090 3766 catulum
3129 3721 3385 3765 caecum
3431 3721 3617 3764 suum
3649 3710 3805 3763 attu-

2217 3802 2308 3876 lit,
2357 3812 2416 3865 et
2454 3806 2614 3865 ostio
2653 3805 2830 3866 aulae
2875 3805 3077 3883 capite
3109 3803 3351 3883 pulsato
3378 3803 3661 3879 ingressa
3690 3805 3800 3869 est,

2217 3905 2325 3966 illo
2349 3906 2536 3967 etiam
2567 3906 2847 3967 sedente.
2868 3906 3052 3966 Cuius
3083 3911 3226 3966 ante
3260 3903 3454 3983 pedes
3473 3920 3620 3964 eum
3653 3917 3797 3981 pro-

2216 4005 2670 4068 iecit.Sanctus
2717 4005 2905 4082 igitur
2943 4004 3245 4065 Macarius
3288 4020 3484 4081 quum
3530 3999 3799 4064 catulum

2217 4107 2566 4186 accepisset
2595 4107 2610 4183 (
2618 4107 2674 4185 8)
2711 4107 2974 4184 eiusque
3003 4106 3068 4166 in
3100 4104 3318 4166 oculos
3347 4103 3643 4182 spuisset,
3674 4116 3802 4161 ora—

2216 4208 2322 4279 vit,
2358 4214 2418 4267 et
2465 4206 2669 4268 statim
2725 4205 2966 4266 catulus
3020 4204 3191 4265 vidit.
3250 4206 3446 4276 Quem
3482 4220 3679 4281 quum
3725 4198 3804 4258 la—

2219 4315 2467 4381 ctasset,
2502 4308 2745 4386 hyaena
2769 4307 2942 4368 abiit.
2981 4305 3090 4366 Die
3113 4311 3322 4366 autem
3353 4303 3647 4382 sequenti
3668 4299 3798 4380 pel-

2218 4409 2342 4470 lem
2396 4426 2660 4485 magnae
2707 4407 2842 4469 ovis
2901 4415 3118 4468 sancto
3167 4409 3373 4468 Marco
3433 4405 3637 4466 attulit
3698 4398 3798 4478 (9),

2223 4525 2412 4587 quam
2473 4507 2730 4586 quidem
2787 4505 3019 4585 pellem
3078 4508 3131 4567 is
3189 4511 3408 4566 sancto
3468 4498 3800 4566 Athanasio

533 4603 852 4683 fungerer,
871 4611 1156 4685 tempore
1178 4604 1634 4668 distributionis
1661 4609 2111 4686 mysteriorum
2149 4623 2188 4675 ι)
2221 4611 2524 4689 episc0po
2565 4607 2852 4687 reliquit;
2894 4607 3071 4669 beata
3113 4614 3321 4667 autem
3361 4604 3625 4668 Melania
3653 4596 3799 4664 mihi

605 4810 681 4878 (vl)
709 4808 914 4863 'l‘extus
944 4823 1171 4878 graecos
1203 4809 1404 4879 legitur
1436 4810 1579 4864 intra
1613 4809 1668 4863 in
1694 4811 1887 4864 harum
1918 4809 2124 4876 Quaes-

533 4900 745 4952 tionum
779 4899 1096 4969 Appendice
1121 4900 1302 4968 priore
1332 4900 1434 4952 sub
1465 4897 1528 4952 ll.

605 5002 681 5072 (2)
710 5000 916 5058 Graece
942 5021 956 5057 :
982 5003 1116 5074 Περὶ
1138 5004 1385 5074 Μάρκου.
1405 5001 1490 5055 Cf.
1511 5003 1703 5056 harum
1724 5001 2121 5068 Quaestionum

531 5094 902 5164 Appendicem
928 5095 1163 5164 priorem
1202 5096 1305 5151 sub
1339 5095 1378 5148 ll
1410 5111 1459 5149 c.
1494 5104 1642 5149 nota.

606 5184 682 5254 (5)
706 5182 911 5238 Graece
927 5186 1062 5254 Περὶ
1089 5185 1182 5239 τοῦ
1208 5187 1435 5256 Μάρκου
1461 5186 1552 5239 τοῦ
1577 5187 1836 5258 ἁσκήτου.
1867 5187 1954 5242 Cl‘.
1979 5188 2119 5242 infra

532 5275 908 5347 Appendicem
943 5276 980 5328 Ι.
1018 5277 1055 5329 Ι.

609 5368 683 5437 (4)
712 5365 898 5421 Litcra
940 5367 1113 5434 prima
1150 5368 1390 5422 nominis
1447 5368 1654 5438 proprii
1713 5370 1768 5422 in
1835 5368 2121 5426 codicibus

535 5455 808 5510 Vindobb.
842 5455 1150 5510 minuscula
1178 5473 1298 5511 esse
1349 5460 1509 5523 solet,
1556 5459 1702 5512 unde
1746 5475 1942 5514 nomen
1991 5477 2120 5530 pro—

536 5547 718 5617 prium
750 5547 1034 5617 Μακάριος
1064 5547 1132 5600 ab
1156 5547 1428 5603 adiectivo
1461 5551 1728 5621 μάκαριος
1750 5552 1804 5607 in
1854 5552 1923 5606 iis
1946 5553 2122 5622 scrip-

538 5653 664 5696 tura
693 5658 801 5697 non
835 5642 1034 5698 diﬂ'ert.

611 5733 690 5800 (5)
724 5732 860 5803 Περὶ
908 5735 1002 5786 τοῦ
1040 5733 1198 5801 ἁγίου
1240 5737 1427 5788 τούτου
1483 5737 1696 5806 μάρκου
1741 5737 1837 5792 τοῦ
1887 5738 2120 5805 μεγάλου

541 5823 800 5893 ἀσκήτου.
831 5824 1008 5879 ..(ἶοὸ.
1049 5826 1290 5880 chartac.
1331 5827 1566 5881 rectius:
1605 5830 1740 5900 Περὶ
1773 5830 1985 5898 μάρκου
2025 5828 2117 5881 τοῦ

2231 4814 2329 4883 μὲν
2358 4812 2668 4880 ἀσκήτου...

2298 4904 2374 4973 (6)
2403 4898 2571 4964 Οὗτος
2597 4901 2652 4952 δὲ
2675 4901 2704 4952 ὁ
2739 4900 2948 4970 μάρκος
2971 4897 3234 4968 νεώτερος
3265 4898 3360 4952 ὢν.
3381 4939 3394 4953 .
3416 4938 3431 4952 .
3477 4897 3615 4954 Cod.
3656 4900 3801 4952 char-

2223 5005 2330 5048 tac.
2372 5012 2384 5047 :
2414 4986 2584 5056 Οὗτος
2609 4991 2666 5044 δὲ
2694 4993 2722 5045 ὀ
2760 4991 3028 5062 μακάριος
3071 4991 3280 5060 μάρκον
3322 4989 3585 5062 νεώτερος
3632 4989 3722 5042 ὢν.
3748 5022 3795 5037 ..

2227 5087 2328 5142 Ubi
2376 5087 2586 5157 μάρκον
2644 5084 2881 5153 positum
2938 5099 3063 5138 esse
3108 5099 3205 5152 pro
3250 5084 3478 5153 μάρκος,
3508 5098 3681 5152 neque
3708 5090 3800 5148 pro

2232 5179 2465 5249 μάρκου,
2503 5177 2855 5246 utquispiam
2886 5175 3120 5232 fortasse
3171 5176 3488 5239 crediderit,
3527 5191 3558 5231 e
3600 5171 3799 5230 codicis

2229 5273 2501 5341 scriptura
2536 5269 2878 5339 intelligitur.

2299 5377 2375 5447 (7)
2413 5417 2426 5428 .
2458 5416 2470 5427 .
2499 5415 2512 5428 .
2545 5372 2912 5443 καθεζομένου
2969 5371 3066 5426 τοῦ
3113 5373 3385 5445 μακαρίου
3437 5371 3609 5426 οἴκου.
3670 5365 3796 5423 Cod.

2227 5470 2403 5522 rhart.
2429 5486 2442 5521 :
2479 5509 2492 5520 .
2517 5508 2530 5521 .
2561 5508 2574 5522 .
2607 5465 2972 5536 καθεζομένου
3006 5464 3098 5518 τοῦ
3125 5466 3393 5537 μακαρίου
3425 5468 3518 5518 καὶ
3543 5463 3798 5519 ἀθανάτου

2232 5558 2463 5628 μάρκου.

2301 5650 2376 5715 (8)
2401 5647 2602 5700 Τοῦτον
2619 5647 2711 5698 τὸν
2742 5646 2980 5716 σκύμνον
3000 5645 3182 5700 λαϐὼν
3222 5647 3251 5699 ὁ
3301 5646 3456 5714 ἅγιος
3503 5646 3792 5716 Μακάριος.

2229 5739 2364 5793 (10(1.
2399 5740 2557 5792 chart
2610 5757 2623 5792 :
2667 5737 2798 5791 Τ.τ.
2944 5736 2993 5790 λ.
3022 5739 3050 5790 ὁ
3078 5737 3234 5805 ἅγιος
3258 5739 3488 5808 μάρκος.
3587 5715 3600 5730 κ

2300 5833 2377 5901 (9)
2413 5825 2648 5897 Ἤνεγκε
2668 5829 2747 5899 τῷ
2775 5829 2916 5898 ἁγίῳ
2949 5830 3144 5900 μάρκῳ
3174 5841 3408 5901 uterque
3445 5832 3637 5888 codex.
