4046 6456
303 374 369 427 T5

1886 364 2113 421 VITAE.

3548 370 3615 427 Π

318 479 498 556 dixit,
554 498 635 544 se
701 500 745 545 a
811 489 1041 548 sancto
1093 482 1421 545 Athanasio
1463 482 1633 544 illam
1686 482 1939 562 pellem,
1970 485 2018 543 Α
2046 496 2158 541 cus
2183 480 2435 559 pellem,
2468 480 2545 541 ab
2575 480 2818 559 hyaena
2848 477 2964 539 sibi
2988 476 3280 548 oblatam,
3313 473 3434 536 hoc
3467 491 3618 553 pro.

330 598 488 661 quae
516 598 785 645 munus
808 585 1098 665 hyaenae
1125 584 1572 665 appellabatur,
1600 584 1938 663 accepisse.
1982 592 1983 597 ‘

333 679 405 741 Id
438 686 668 741 autem
710 682 1032 743 Dominus
1066 681 1227 755 fecit,
1258 687 1326 742 ut
1348 679 1687 758 gloriosum
1716 679 1940 741 redde-

346 785 435 841 ret
486 797 764 841 servum
806 798 1015 856 suum,
1058 781 1217 843 sicut
1256 780 1442 842 etiam
1490 777 1555 841 in
1597 778 1726 840 Elia
1773 787 1833 841 et
1876 780 1941 840 in

352 880 605 942 Daniele
628 882 818 943 fecit.
1721 936 1732 947 .

433 1006 459 1037 ι
506 982 863 1042 Dicebatur
890 980 990 1041 hic
1019 988 1287 1057 sanctus,
1321 1001 1397 1045 ex
1427 1000 1554 1062 quo
1598 984 1943 1063 baptizatus

371 1088 543 1154 esset,
580 1080 772 1142 humi
803 1097 930 1142 non
958 1081 1196 1160 spuisse
1223 1099 1336 1162 per
1374 1084 1689 1161 sexaginta
1718 1103 1937 1147 annos.

367 1186 574 1242 Annos
641 1182 817 1243 enim
888 1181 1292 1261 quadraginta
1356 1191 1538 1246 natus
1596 1186 1943 1265 baptizatus

366 1286 452 1339 est
476 1278 589 1351 (1).
623 1280 872 1340 Statura
912 1285 1118 1340 autem
1163 1280 1268 1341 illa
1308 1289 1509 1343 aetate
1538 1284 1685 1345 satis
1705 1286 1941 1348 minuta

367 1396 433 1438 ac
456 1394 597 1438 rara
627 1378 750 1439 fuit
777 1396 791 1451 ;
830 1379 989 1459 pilos
1020 1381 1085 1441 in
1109 1380 1243 1441 solo
1273 1380 1449 1444 labro
1480 1382 1718 1458 habuit,
1755 1393 1942 1465 atque

368 1472 431 1531 in
480 1490 785 1551 suprema
829 1485 1001 1554 parte
1032 1477 1227 1537 menti
1261 1476 1477 1561 habuit
1504 1498 1761 1561 paucos.
1789 1486 1942 1545 Nam

368 1581 637 1651 prOpter
674 1574 902 1637 nimios
935 1554 1394 1641 exercitationis
1431 1580 1677 1645 labores
1725 1601 1803 1645 ne
1833 1586 1943 1664 pili

368 1672 632 1752 quidem
659 1675 851 1736 menti
877 1677 1008 1738 eius
1031 1679 1195 1740 enati
1225 1686 1389 1741 sunt.

445 1797 475 1829 ι
525 1775 715 1837 Hunc
741 1788 1017 1839 sanctum
1046 1778 1147 1841 die
1175 1781 1447 1860 quodam
1481 1784 1747 1845 conveni
1768 1783 1944 1845 valde

368 1872 597 1933 anxius
629 1875 839 1936 animo
869 1882 928 1936 et
965 1893 977 1935 :
1019 1876 1211 1951 Abba,
1252 1878 1544 1957 inquam,
1585 1882 1787 1943 Marce
1829 1880 1943 1960 (2),

370 1973 525 2051 quid
575 1972 836 2048 faciam;
889 1993 1031 2037 nam
1083 1976 1361 2055 aﬂligunt
1402 1996 1501 2041 me
1540 1981 1948 2058 cogitationes

371 2073 838 2136 insusurrantes
872 2075 1061 2136 mihi:
1088 2076 1252 2138 Nihil
1290 2077 1475 2153 facis;
1517 2081 1740 2141 recede
1776 2080 1943 2141 hinc.

370 2174 817 2236 Sanctissimus
854 2177 1091 2237 Marcus
1134 2177 1287 2238 mihi
1331 2180 1655 2258 respondit
1692 2178 1771 2260 (3)
1800 2199 1811 2240 :
1844 2182 1949 2242 Dic

372 2282 461 2345 tu,
492 2275 727 2353 inquit,
761 2276 1235 2352 cogitationibus
1275 2279 1433 2340 tuis:
1475 2282 1737 2360 PrOpter
1789 2282 1955 2342 Chri-

378 2386 543 2435 stum
595 2376 868 2454 parietes
921 2377 1028 2447 76
1066 2379 1373 2440 custodio.
1413 2381 1581 2443 Haec
1609 2382 1863 2461 quidem
1919 2402 1952 2444 e

382 2475 590 2536 multis
659 2476 1023 2555 magnisque
1112 2480 1302 2555 signis
1357 2498 1430 2542 ac
1513 2485 1955 2546 certaminibus

378 2575 597 2653 inclyti
647 2581 705 2637 et
740 2578 959 2637 virtute
1005 2580 1203 2639 ornati
1249 2581 1433 2642 Marci
1479 2580 1558 2660 (4)
1588 2582 1884 2643 indicavi.
1925 2606 1952 2638 »

456 2678 615 2735 Cum
647 2674 892 2736 duobus
913 2676 1231 2739 codicibus
1260 2680 1853 2747 Vindobonensibus
1878 2686 1956 2747 de

381 2778 505 2837 hoc
536 2776 683 2838 loco
707 2780 1181 2857 componendus
1203 2792 1293 2843 est
1313 2785 1530 2845 tertius
1561 2786 1815 2865 quidam
1846 2804 1954 2849 co-

383 2876 507 2938 dex
535 2877 953 2939 bibliothecae
975 2880 1305 2943 Caesareae
1333 2883 1834 2947 Vindobonensis
1852 2887 1955 2966 (5),

1977 1840 1997 1894 1

2048 579 2193 658 logo
2230 586 2411 654 teste,
2462 582 2522 641 S.
2578 580 2844 641 Macario
2891 577 3161 657 reliquit,
3214 594 3247 636 a
3306 593 3433 655 quo
3483 592 3620 637 eam

2048 681 2111 741 S.
2135 678 2397 741 Melania
2418 680 2659 758 accepit
2684 678 2788 758 (9).

2127 781 2289 857 Ergo
2321 780 2385 840 in
2416 779 2660 852 codice,
2694 795 2729 839 e
2758 794 2885 857 quo
2915 774 3214 855 prologus
3242 770 3622 851 compilaba-

2051 884 2169 953 tur,
2192 896 2294 940 res
2315 879 2454 941 illae
2476 896 2604 940 non
2624 878 2831 939 minus
2853 876 2931 937 de
2948 879 3152 937 Marco
3173 884 3453 936 narratae
3484 888 3619 933 esse

2049 978 2359 1041 videntur.

2127 1080 2284 1154 Quid
2312 1087 2544 1155 autem,
2575 1081 2627 1141 si
2664 1081 2729 1140 in
2760 1080 3084 1142 codicibus
3110 1076 3620 1139 Vindobonensi-

2048 1181 2165 1243 bus
2190 1181 2258 1243 in
2296 1181 2406 1243 illo
2425 1182 2627 1260 capite
2664 1187 2934 1242 erratum
2963 1178 3092 1241 sit?
3120 1178 3301 1251 Quid,
3334 1176 3386 1237 si
3434 1176 3623 1235 index

2046 1282 2153 1344 ille
2200 1300 2214 1342 :
2253 1305 2281 1338 «
2317 1282 2402 1343 De
2430 1284 2634 1343 Marco
2668 1305 2695 1337 »
2729 1281 2991 1357 margini
3026 1278 3374 1357 adscriptus
3399 1292 3619 1353 reapse

2046 1382 2126 1443 ad
2157 1381 2353 1443 solam
2385 1382 2806 1461 prodigiosam
2835 1380 3085 1442 Macarii
3113 1377 3511 1440 Alexandrini
3543 1375 3619 1437 de

2048 1485 2276 1556 Marco,
2300 1484 2402 1544 cui
2423 1482 2803 1544 oblationem
2824 1481 3080 1565 angelus
3109 1479 3371 1551 dederit,
3402 1494 3615 1539 narra-

2047 1581 2284 1643 tionem
2312 1581 2603 1661 pertinet,
2637 1599 2709 1646 ac
2738 1581 2970 1643 librarii
2990 1580 3127 1657 ipso
3149 1578 3271 1639 hoc
3299 1576 3529 1647 indice,
3551 1582 3621 1634 ut

2048 1684 2155 1740 aut
2188 1695 2423 1741 nomen
2462 1689 2731 1759 μακάριος
2767 1679 2833 1740 in
2870 1688 3078 1760 μάρκος
3135 1682 3465 1751 mutarent,
3516 1683 3622 1744 aut

2049 1778 2191 1840 voci
2232 1788 2500 1861 μακάριος
2536 1779 2791 1841 alteram
2835 1788 3041 1859 μάρκος
3075 1777 3395 1850 adderent,
3432 1778 3633 1839 addu-

1998 1844 2018 1894 ς
2047 1878 2128 1941 cti
2162 1844 2335 1943 sunt!

2129 1981 2233 2050 77
2265 1982 2442 2054 Quod
2484 1981 2740 2061 quidem
2775 1999 2917 2042 cum
2957 1996 3072 2060 per
3104 1997 3171 2041 se
3217 1996 3345 2041 non
3391 1978 3635 2040 abhor--

2051 2087 2182 2141 reat
2218 2097 2253 2141 a
2290 2079 2855 2153 verisimilitudine,
2893 2085 3068 2139 textu
3106 2077 3451 2137 editionum
3483 2092 3625 2136 ver-

2052 2180 2426 2259 sionumque
2479 2181 2787 2242 Historiae
2848 2179 3179 2240 Lausiacae
3230 2174 3630 2255 comprobari

2054 2279 2315 2341 videtur.
2357 2283 2424 2341 In
2455 2286 2627 2342 textu
2648 2281 2815 2341 enim
2842 2280 3113 2352 Meursii,
3161 2278 3446 2339 Cotelerii
3480 2278 3624 2356 (10),

2054 2380 2581 2452 Fronto-Ducaei,
2628 2388 2817 2459 atque
2868 2380 2930 2439 in
2994 2379 3277 2439 versione
3339 2377 3627 2449 Herveti,

2056 2479 2316 2539 narratis
2343 2479 2441 2552 iis,
2477 2480 2707 2559 quibus
2736 2480 2799 2540 in
2832 2480 3153 2541 codicibus
3176 2478 3629 2539 Vindobonen-

2057 2580 2227 2640 sibus
2251 2579 2508 2642 historia
2542 2582 2790 2642 Macarii
2814 2580 3214 2641 Alexandrini
3246 2580 3477 2653 ﬁnitur,
3512 2578 3635 2657 pri-

2057 2699 2228 2742 mum
2259 2684 2528 2746 narratio
2560 2684 2893 2764 Paphnutii
2922 2684 2999 2744 de
3027 2683 3233 2745 catulo
3262 2700 3333 2743 ac
3362 2681 3526 2762 pelle
3554 2681 3633 2743 ab

2056 2782 2301 2861 hyaena
2359 2786 2644 2847 Macario
2712 2784 3130 2846 Alexandrino
3174 2784 3437 2858 oblatis,
3500 2788 3633 2844 tum

2060 2892 2287 2959 cetera,
2324 2904 2484 2965 quae
2518 2886 2583 2947 in
2616 2886 2939 2948 codicibus
2968 2902 3169 2965 usque
3197 2886 3275 2947 ad
3310 2885 3498 2946 tinem
3536 2902 3634 2946 ca-

384 2977 451 3039 in
508 2995 638 3057 quo
692 2979 997 3058 capitibus
1049 2982 1329 3043 asceticis
1392 2985 1712 3046 cuiusdam
1773 2988 1961 3047 Marci
2061 2986 2205 3064 pitis
2252 2986 2596 3061 habentur,
2660 2987 3143 3067 subiunguntur.
3200 2985 3435 3046 Deinde
3494 2991 3637 3063 post

386 3080 703 3160 inscriptis
737 3098 751 3140 2
783 3091 886 3145 Τοῦ
916 3092 1058 3165 ἀββεῖ
1090 3092 1300 3163 μάρκου
1332 3095 1568 3167 περὶτοῦ
1594 3096 1953 3167 πνευματικοῦ

2062 3088 2249 3147 verba
2295 3104 2306 3145 :
2364 3111 2391 3142 «
2440 3090 2609 3149 Haec
2650 3087 2904 3166 quidem
2954 3105 2988 3148 e
3038 3086 3248 3147 multis
3295 3095 3355 3146 et
3397 3086 3637 3162 magnis

385 3192 554 3259 νόμον
599 3180 677 3261 (6)
725 3186 1022 3265 prologus
1090 3189 1506 3270 praemittitur
1549 3190 1629 3269 ('7)
1682 3208 1716 3250 e
1756 3192 1960 3269 capite
1988 3181 2028 3236 (ἒ
2063 3187 2255 3263 signis
2287 3205 2357 3248 ac
2381 3187 2826 3249 certaminibus
2850 3186 3069 3265 inclyti
3098 3204 3169 3248 ac
3198 3186 3421 3247 virtute
3452 3202 3632 3264 prae-

388 3282 699 3343 Historiae
738 3286 1083 3362 Lausiacae,
1122 3288 1292 3367 quod
1331 3290 1668 3361 attulimus,
1715 3291 1961 3370 compi-
2064 3288 2175 3349 diti
2218 3290 2493 3351 Macarii
2532 3289 2870 3365 signiﬁcavi
2902 3312 2928 3343 »
2965 3289 3243 3348 eiusdem
3283 3287 3532 3349 Macarii
3561 3287 3637 3347 de

391 3382 573 3444 latus.
620 3385 734 3455 Qui
778 3386 999 3466 incipit
1048 3391 1251 3451 verbis
1282 3408 1295 3449 2
1329 3394 1498 3464 Οὗτος
1522 3401 1551 3452 6
1576 3399 1841 3463 ἀθάνατος
1868 3400 1953 3453 καὶ

2064 3386 2301 3457 Marco,
2344 3385 2445 3446 cui
2484 3385 2865 3445 oblationem
2900 3384 3159 3461 angelus
3197 3383 3458 3457 dederit,
3490 3400 3637 3444 nar-

395 3484 665 3554 μαράριος
701 3485 904 3555 μάρκος
940 3487 1199 3560 νεώτερος
1248 3490 1321 3543 ὢν
1371 3491 1604 3544 παλαιὰν
1645 3493 1739 3545 καὶ
1772 3492 1953 3562 καίνηι

2066 3483 2222 3544 ratio
2279 3483 2541 3561 legitur;
2599 3501 2670 3545 ac
2720 3489 2848 3542 tum
2908 3483 3163 3543 demum
3217 3483 3332 3543 sub
3388 3480 3634 3542 indice:

392 3587 613 3656 ypagiw
646 3588 1115 3658 ἁπεστήθισεν.....
1150 3585 1305 3643 Tum
1327 3584 1607 3662 sequitur
1641 3602 1653 3643 ε
1686 3585 1822 3655 Περὶ
1845 3585 1966 3638 τού-

392 3694 488 3729 του
520 3678 624 3749 ἔφη
650 3682 677 3733 ὁ
706 3681 800 3748 μὲν
832 3682 1095 3751 μακάριος
1116 3686 1143 3735 ὁ
1184 3683 1579 3755 Ἀλεξάνδρινος
1601 3684 1966 3756 πρεσβύτερος

392 3766 491 3825 ὢν.
508 3770 591 3820 ὅτι
625 3771 815 3842 μάρκῳ
836 3772 914 3824 τῶ
934 3774 1145 3843 ἀσκητῇ
1181 3774 1433 3827 οὐδέποτε
1454 3775 1630 3829 ἔδωκα
1656 3774 1763 3842 ἐγὼ
1795 3792 1967 3846 προσ-

2070 3603 2096 3635 ‹‹
2130 3580 2216 3641 De
2266 3583 2470 3640 Marco
2505 3604 2531 3634 »
2579 3580 2746 3639 hunc
2786 3596 3000 3640 senem
3041 3596 3244 3639 sacras
3300 3578 3641 3655 scripturas

2069 3679 2421 3752 edidicisse,
2455 3680 2725 3758 probum
2748 3687 2807 3739 et
2829 3686 3064 3740 castum
3094 3679 3285 3739 fuisse
3316 3684 3375 3737 et
3410 3684 3637 3748 cetera,

2069 3796 2230 3858 quae
2261 3780 2338 3840 de
2369 3780 2556 3840 Marci
2579 3795 2790 3839 secum
2822 3785 3049 3839 etcum
3086 3778 3335 3838 diabolo
3366 3778 3645 3837 certami-

394 3871 640 3941 ᾳοράν...
683 3865 811 3934 Qua
849 3864 1199 3927 narratione
1254 3865 1332 3927 de
1390 3866 1727 3937 oblatione,
1781 3884 1953 3946 quam

2070 3882 2252 3942 nibus
2286 3880 2623 3955 attulimus,
2657 3898 2859 3959 usque
2899 3880 2977 3941 ad
3012 3880 3235 3941 verba:
3286 3878 3643 3952 «Quamdiu

394 3966 609 4023 MéII‘CO
661 3964 796 4023 seni
837 3964 1097 4041 angelus
1136 3965 1397 4040 dederit,
1456 3966 1651 4039 ﬁnita,
1707 3966 1968 4028 alteram
2072 3982 2256 4044 etiam
2284 3988 2489 4044 tecum
2512 3999 2620 4044 ero
2646 4003 2674 4037 ))
2698 3986 3067 4061 sequuntur.

396 4061 662 4163 lesis‘de
693 4062 897 4123 catulo
930 4080 1001 4125 ae
1031 4063 1195 4143 pelle
1224 4063 1531 4144 hyaenae.
1562 4084 1723 4145 quae
1752 4065 1971 4146 incipit
2150 4086 2310 4163 Ergo
2352 4084 2417 4145 in
2460 4083 2839 4146 editionibus
2868 4082 3105 4161 graecis
3136 4081 3443 4143 Historiae
3484 4082 3643 4140 Lau-

399 4160 609 4222 verbis
637 4178 650 4219 :
680 4170 863 4234 Οὖτως
889 4173 918 4223 6
946 4170 1114 4241 μέγας
1154 4172 1248 4225 καὶ
1278 4172 1541 4236 ἀθάνατος
1580 4174 1809 4243 μάρκος·
1841 4174 1953 4227 ποτὲ

2073 4160 2274 4245 siacae
2328 4191 2389 4245 et
2434 4182 2501 4244 in
2546 4182 2836 4244 versione
2880 4160 3133 4242 Herveti
3189 4178 3456 4241 maxima
3504 4196 3647 4257 pars

398 4271 765 4340 καθεζομένου
797 4274 855 4325 ὲν
885 4276 950 4343 τῇ
990 4273 1123 4345 αὐλῇ
1158 4273 1259 4343 τῆς
1302 4274 1499 4344 κέλλης
1553 4274 1720 4327 αὐτοῦ
1760 4274 1852 4327 καί
1895 4275 1953 4345 τᾷ

2074 4282 2319 4361 capitis,
2365 4281 2624 4361 quodin
2653 4281 3013 4343 codicibus:
3065 4279 3206 4338 «De
3260 4276 3648 4337 Μελιτοουὶη.⁸

399 4372 511 4443 θεῷ
544 4374 997 4443 προσομιλοῦντος
1044 4374 1202 4430 ὖαινα
1235 4377 1325 4429 τὸν
1364 4377 1561 4445 ἑαυτῆς
1610 4375 1846 4446 σκύμνον
1882 4393 1953 4428 τυι

2076 4381 2378 4461 scriptum
2406 4386 2522 4455 est,
2554 4380 2633 4441 ad
2666 4380 3001 4442 Macarium
3018 4375 3503 4438 Alexandrinum
3546 4392 3647 4434 re-

402 4473 535 4541 φλδν
554 4475 685 4526 ὄντα
713 4475 909 4545 ἤνεγκε
956 4477 1051 4528 καὶ
1095 4479 1275 4547 ῥίπτει
1326 4477 1487 4530 αὐτὸν
1530 4479 1607 4539 εἰς
1637 4478 1764 4540 τοὺς
1805 4477 1953 4535 πόδας

2075 4480 2307 4554 fertur;
2356 4480 2596 4559 reliqua
2641 4497 2813 4552 vero,
2865 4496 3026 4557 quae
3066 4477 3144 4539 de
3186 4479 3389 4537 Marco
3435 4481 3667 4552 agunt,

398 4574 495 4627 τοῦ
524 4576 705 4642 ἁγίου,
728 4576 785 4628 ὃν
808 4578 901 4630 καὶ
922 4576 1287 4649 ἐθεράπευσεν
1306 4580 1335 4632 6
1358 4578 1531 4646 ἆγιος³
1554 4581 1621 4649 τῇ
1644 4578 1771 4647 ἑξῆς
1787 4579 1953 4650 ὴμέρς

2080 4597 2243 4641 novo
2267 4580 2469 4659 capite
2505 4578 3150 4657 comprehenduntur.

401 4674 600 4730 κώδιον
621 4676 891 4747 προϐάτου
922 4678 1153 4747 μεγάλου
1181 4680 1319 4749 ἁγίῳ
1361 4680 1579 4749 ἤνεγκε,
1605 4680 1742 4749 ὅπερ
1768 4683 1795 4733 ὀ
1820 4680 1972 4748 ἅγιος

403 4778 619 4848 μὰρκος
640 4778 993 4832 καταλέλοιπε
1009 4779 1087 4850 τῷ
1102 4781 1238 4850 ἁγίῳ
1270 4774 1694 4851 μακαρίῳυουᾶ
1717 4772 1953 4851 quiden

2078 4778 2367 4839 versione

404 4871 762 4933 narratione
794 4871 1090 4951 prologus
1116 4872 1231 4935 iste
1274 4872 1641 4934 terminatur
1668 4872 1773 4951 (8).
1820 4875 1971 4933 Mar-

472 5083 555 5153 (1)
580 5082 1122 5154 Τεσσαρακονταετὴς
1142 5084 1249 5154 γὰρ
1281 5084 1572 5152 ἐϐαπίσθη.
1597 5083 1730 5139 Cod.
1760 5085 1932 5138 chart.
1959 5102 1971 5136 :

414 5172 465 5225 Τ.
494 5190 549 5239 γ.
580 5172 881 5241 ἐϐαπτίσθη
912 5174 940 5225 6
965 5175 1183 5243 γνήσιος
1219 5171 1313 5225 τοῦ
1348 5172 1585 5244 Χριστοῦ
1608 5172 1789 5235 δοῦλος
1840 5172 1979 5242 μάρ-

415 5284 520 5329 mg.

476 5360 558 5429 (2)
589 5356 764 5409 ‘A66i
786 5356 977 5426 Μάρκε
1006 5366 1232 5425 uterque
1266 5356 1457 5409 codex.

480 5451 562 5517 (3)
604 5446 985 5518 ’Λποκρίνεται
1014 5465 1101 5517 μοι
1128 5450 1155 5500 6
1184 5445 1481 5515 ἁγιώτατος
1513 5446 1719 5518 μάρκος
1754 5454 1983 5516 uterque

408 5543 605 5594 codex.

410 5742 513 5791 qui!
544 5724 742 5779 codex.

482 5817 557 5886 ,5)
617 5814 757 5868 (20d.
822 5832 920 5867 ms.
976 5813 1141 5867 tlteul.
1192 5827 1371 5884 graec.
1424 5811 1517 5865 Nr.
1568 5809 1691 5869 ΞΗ,
1735 5808 1861 5861 olim
1891 5804 1997 5861 “2'58

593 5670 606 5683 .
634 5671 647 5682 .
678 5670 691 5684 .
722 5628 817 5681 τοῦ
842 5629 1085 5699 ἀοιδίμου
1111 5630 1202 5682 καὶ
1233 5629 1485 5698 ἐναρέτου
1518 5627 1745 5699 μάρκου.
1769 5665 1781 5680 .
1801 5669 1812 5678 .
1851 5636 1991 5679 uter-

2158 4679 2347 4739 Aliter
2386 4694 2532 4738 vero
2585 4694 2651 4738 se
2692 4677 2877 4739 habet
2916 4677 2981 4736 in
3027 4674 3318 4736 Paradiso
3358 4679 3544 4751 atque
3588 4670 3651 4729 in

2449 4777 2759 4839 Historiae
2821 4776 3150 4837 Lausiacae
3230 4772 3504 4849 antiqua.
3582 4772 3648 4828 In

2080 4878 2308 4958 quibus
2335 4878 2728 4965 narrationes
2763 4878 2981 4956 capitis
3022 4874 3187 4936 illius
3225 4872 3447 4934 eodem
3480 4886 3655 4950 pror-

2081 5089 2256 5143 chart.

2151 5183 2227 5252 (6)
2266 5182 2480 5239 Excusa
2508 5190 2636 5239 sunt.
2674 5184 2727 5237 in
2753 5181 2930 5251 Magn.
2980 5180 3116 5233 Bibl.
3146 5177 3256 5231 νγ.
3317 5176 3423 5230 PP.
3474 5175 3651 5229 Paris.

2080 5274 2140 5327 τ.
2176 5274 2244 5328 XI
2276 5275 2481 5344 p.888.

2151 5368 2225 5437 (7)
2256 5369 2313 5423 111
2346 5367 2554 5421 codicis
2581 5366 2675 5421 fol.
2702 5365 2831 5428 257,
2860 5364 2914 5420 2.

2153 5461 2230 5530 (8)
2262 5460 2347 5514 Cl‘.
2372 5460 2562 5513 harum
2595 5457 2989 5524 Quaestionum
3021 5456 3389 5527 Appendicem
3418 5452 3671 5524 priorem.

2086 5553 2188 5606 sub
2220 5551 2308 5606 IV.

2158 5645 2231 5713 (9)
2266 5626 2349 5699 tif.
2382 5660 2545 5714 supra
2575 5661 2624 5713 p.
2662 5644 2727 5697 16
2762 5649 2873 5696 not.
2899 5641 2952 5695 9..

2162 5739 2271 5801 (l0)
2304 5738 2517 5790 (,‘otcler
2572 5738 2657 5789 Em
2682 5738 2711 5787 l.
2751 5734 2939 5787 Crm‘t'.
2980 5732 3123 5783 Men.
3148 5730 3211 5785 T.
3238 5730 3301 5783 111
3337 5745 3391 5799 p.
3430 5724 3569 5789 16?...
