4046 6424
427 393 495 449 75
1249 377 1348 432 SS.
1390 378 1850 436 MACARIORUM
1891 380 2212 438 AEGYPTII
2250 380 2339 435 ET
2392 378 2854 435 ALEXANDRINI
3594 378 3667 436 76

423 516 530 560 sus
590 497 810 559 ordine
874 503 1224 576 sequuntur
1284 502 1473 575 atque
1529 497 1596 558 in
1662 497 1984 561 codicibus
2016 524 2060 579 Α
2087 508 2457 581 sequuntur,
2493 501 2572 564 ad
2608 499 2940 562 Macarium
2968 497 3457 559 Alexandrinum
3487 515 3675 579 spec»-

428 599 1037 660 Vindobonensibus.
1081 599 1303 676 Neque
1337 613 1484 658 vero
1522 598 1844 659 Paradisus
1872 600 1991 661 sibi

423 703 687 769 constat,
723 697 829 774 qui
867 697 1099 776 pariter
1134 702 1324 774 atque
1373 694 1571 756 codex
1604 696 1993 759 membrana-

422 810 573 857 ceus
609 794 1109 855 Vindobonensis
1141 812 1373 856 nomen
1411 794 1577 854 senis
1612 793 1801 855 modo
1838 796 1991 856 Mar-

423 911 601 966 cum,
657 894 846 955 modo
894 895 1225 957 Macarium
1276 894 1529 955 indicat.
1584 894 1736 954 Nam
1792 911 1988 972 quum

420 991 694 1071 primum
730 993 807 1055 de
844 994 1062 1055 Marco
1102 1000 1442 1067 narrasset,
1475 997 1691 1071 postea
1732 993 1984 1054 scribit:

423 1116 453 1148 οι
484 1092 575 1153 Ad
602 1092 768 1154 hunc
800 1096 1116 1170 [Marcum]
1159 1112 1301 1156 cum
1330 1094 1639 1156 venissem
1662 1093 1985 1155 dicerem-

420 1210 574 1271 que:
606 1191 779 1254 Abba
796 1194 1065 1253 Macari.
1107 1241 1120 1254 .
1159 1240 1171 1253 .
1209 1240 1222 1253 .
1252 1216 1305 1269 ι),
1336 1200 1469 1255 tum
1496 1196 1558 1256 in
1580 1193 1703 1254 ﬁne
1725 1192 1945 1272 capitis
1971 1209 1984 1252 :

424 1314 451 1345 ι(
494 1293 659 1353 Haec
696 1310 890 1372 pauca
932 1292 1009 1353 de
1039 1292 1249 1353 multis
1269 1309 1345 1354 ex
1390 1290 1566 1353 factis
1601 1289 1799 1352 sancti
1841 1291 1986 1351 Ma-

420 1391 582 1450 carii
610 1392 704 1453 vel
725 1392 903 1453 dictis
925 1391 1285 1469 signiﬁcavi.
1311 1414 1339 1447 »
1371 1393 1593 1453 Contra
1614 1391 1680 1451 in
1701 1390 1988 1451 versione

416 1490 726 1553 Historiae
769 1493 1100 1555 Lausiacae
1142 1493 1397 1572 antiqua
1446 1499 1645 1555 totum
1684 1498 1870 1572 caput
1910 1492 1988 1559 ad

417 1592 769 1653 Macarium
796 1592 1085 1668 refertur,
1129 1594 1241 1673 qui
1268 1591 1541 1655 Palladio
1584 1599 1728 1654 ante
1766 1591 1985 1654 cellam

420 1692 556 1753 eius
587 1693 843 1755 sedente
873 1700 936 1755 et
958 1693 1344 1755 auscultante
1373 1710 1587 1755 secum
1618 1698 1680 1754 et
1698 1710 1842 1754 cum
1863 1692 1990 1754 dia-

418 1792 567 1855 bolo
594 1793 711 1855 ista
740 1793 1171 1855 confabulatus
1199 1793 1298 1867 sit,
1330 1798 1392 1854 et
1412 1792 1512 1855 cui
1532 1790 1721 1871 plane
1750 1791 1983 1865 omnia,

2096 606 2263 661 tent:
2295 618 2473 673 eum,
2520 617 2597 661 ex
2641 616 2769 678 quo
2808 598 3151 677 baptizatus
3187 598 3293 670 sit,
3343 600 3669 676 sexaginta

2092 716 2291 761 annos
2328 718 2455 761 non
2501 698 2676 760 humi
2705 697 2970 777 spuisse,
3003 714 3204 757 annos
3251 697 3668 775 quadraginta

2091 804 2304 859 natum
2334 798 2710 877 baptizatum
2736 813 2893 867 esse,
2926 802 3153 856 statura
3182 794 3354 855 brevi
3384 794 3576 856 fuisse
3601 802 3668 857 et

2091 904 2317 972 cetera,
2343 916 2504 977 quae
2535 914 2733 976 usque
2756 896 2833 957 ad
2867 897 3053 957 ﬁnem
3090 896 3308 974 capitis
3342 895 3662 972 leguntur.

2091 1000 2245 1060 Nam
2286 999 2440 1060 ordo
2482 998 2673 1058 totius
2700 996 2884 1057 huius
2923 996 3220 1055 orationis
3258 994 3551 1073 postulat,
3591 1001 3669 1056 ut

2088 1097 2244 1160 haec
2294 1098 2372 1159 de
2432 1098 2655 1159 eodem
2710 1112 2860 1157 sene
2919 1094 3381 1172 intelligantur,
3438 1112 3473 1155 a
3528 1112 3665 1174 quo

2089 1196 2255 1258 oculi
2283 1196 2487 1259 catulo
2508 1196 2787 1275 hyaenae
2816 1194 3080 1256 restituti
3101 1201 3263 1255 sunt.
3291 1194 3400 1256 Illa
3430 1212 3576 1255 vero
3609 1195 3669 1255 si

2089 1297 2167 1359 de
2199 1298 2464 1359 Macario
2501 1296 2903 1375 intelligenda
2943 1303 3109 1368 sunt,
3152 1312 3369 1356 senem
3399 1312 3669 1375 quoque

2088 1404 2339 1459 centum
2385 1414 2721 1469 annorum,
2772 1396 2883 1475 qui
2938 1412 3004 1457 se
3053 1402 3114 1456 et
3158 1395 3475 1456 diabolum
3530 1402 3669 1456 tam

2088 1500 2312 1561 acerbe
2340 1498 2699 1578 increpavit,
2730 1496 3065 1559 Macarium
3101 1495 3291 1556 fuisse
3323 1494 3502 1556 facile
3538 1502 3671 1555 sta-

2087 1611 2247 1664 tues.
2297 1604 2451 1664 Nam
2490 1600 2894 1681 quadraginta
2939 1599 3109 1673 anni,
3159 1616 3318 1677 quos
3355 1598 3666 1659 Macarius

2087 1707 2230 1763 ante
2250 1702 2624 1781 baptismum
2654 1700 2825 1774 vixit,
2854 1704 2915 1760 et
2935 1698 3275 1775 sexaginta,
3311 1715 3470 1778 quos
3506 1697 3666 1757 virit

2088 1807 2347 1879 accepto
2393 1801 2735 1879 baptismo,
2782 1798 2836 1861 si
2885 1803 3349 1877 computantur,
3404 1803 3666 1860 centum

418 1908 583 1970 quae
616 1891 819 1970 capite
849 1891 959 1953 illo
988 1891 1315 1965 habentur,
1341 1891 1736 1953 conveniant.
1766 1892 1984 1969 Neque
2018 1875 2059 1929 Β
2084 1875 2284 1962 anno},
2306 1875 2600 1961 efﬁciunt.

418 1991 485 2053 in
513 2009 587 2053 ea
615 1992 802 2055 Marci
828 1993 1064 2055 mentio
1089 1994 1187 2067 ﬁt,
1218 1993 1336 2055 nisi
1366 1999 1457 2065 ut,
1490 2009 1651 2071 quae
1684 1992 1985 2054 Macarius

421 2091 500 2153 de
529 2109 604 2153 eo
626 2092 926 2167 retulerit,
959 2099 1316 2166 narrentur;
1346 2093 1575 2172 quibus
1601 2091 1981 2170 adiungitur,

418 2194 717 2268 Marcum,
770 2211 963 2273 quum
1010 2193 1253 2255 iuvenis
1299 2202 1484 2268 esset,
1543 2212 1594 2255 s.
1651 2193 1986 2272 scripturas

420 2292 770 2369 edidicisse,
789 2300 851 2355 et
873 2294 1199 2372 insigniter
1231 2301 1627 2359 mansuetum
1660 2300 1721 2355 et
1750 2299 1986 2357 castum

416 2393 632 2457 fuisse.

497 2527 608 2598 78
647 2528 804 2601 Quid
866 2527 1105 2607 igitur?
1158 2531 1321 2591 Num
1385 2532 1761 2599 statuemus,
1824 2523 1987 2587 facta

415 2627 607 2690 Marci
658 2628 981 2690 mentione
1027 2626 1311 2689 librarios
1347 2625 1639 2687 inductos
1686 2640 1845 2697 esse,
1895 2628 1984 2695 ut,

416 2745 577 2809 quae
591 2728 855 2790 Macario
868 2727 1266 2801 conveniunt,
1290 2727 1494 2789 Marco
1513 2724 1860 2795 tribuerint,
1881 2739 1984 2794 an,

416 2829 669 2910 quodin
699 2829 797 2901 iis,
828 2845 989 2907 quae
1018 2827 1415 2899 antecedunt,
1447 2824 1525 2885 de
1544 2822 1809 2885 Macario
1841 2840 1985 2883 nar-

416 2937 618 2992 ratum
642 2936 758 3003 est,
790 2929 1057 2991 Macario
1078 2928 1389 3000 tribuisse,
1416 2941 1578 3004 quae
1607 2923 1684 2985 ad
1713 2925 1988 2984 Marcum

415 3036 701 3111 spectant
721 3027 751 3090 Ὺ

496 3169 665 3229 Haec
696 3164 977 3246 quaestio
1005 3164 1209 3243 primo
1232 3164 1487 3243 quidem
1515 3159 1814 3237 adspectu
1841 3154 1987 3216 satis

416 3268 721 3355 perplexa
764 3283 899 3328 esse
933 3266 1214 3338 videtur;
1267 3262 1400 3333 sed,
1442 3261 1495 3322 si
1556 3262 1841 3321 accurate
1884 3254 1981 3315 di-

418 3368 839 3440 stinxerimus,
874 3366 1055 3428 facile
1078 3364 1369 3426 solvetur.
1388 3359 1597 3422 Ruﬁni
1625 3358 1792 3419 enim
1819 3357 1983 3416 Con-

417 3468 763 3531 tinuatione
822 3465 1131 3527 Historiae
1173 3460 1642 3525 Ecclesiasticae
1694 3453 1982 3527 Eusebii,

418 3586 581 3649 quae
606 3567 798 3628 multo
834 3572 976 3627 ante
1003 3562 1335 3624 Historiam
1372 3559 1729 3621 Lausiacam
1758 3553 1987 3632 scripta

420 3672 536 3740 est,
569 3664 927 3734 edocemur,
971 3659 1173 3722 catulo
1205 3658 1486 3736 hyaenae
1520 3654 1736 3717 oculos
1777 3669 1813 3713 a
1854 3654 1984 3711 Ma-

418 3766 589 3829 cario
620 3761 1036 3826 Alexandrino
1069 3760 1384 3821 restitutos
1414 3774 1573 3820 esse.
1606 3758 1758 3817 Nam
1788 3752 1981 3829 legis:

421 3889 451 3921 α
483 3865 656 3928 Idem
683 3865 820 3943 ipse
854 3861 1155 3930 Macarius
1183 3861 1436 3921 leaenae
1469 3857 1834 3936 speluncam
1870 3852 1984 3913 ha-

418 3965 555 4039 buit
609 3963 869 4025 cellulae
921 3964 1115 4037 [suae]
1147 3960 1433 4021 vicinam.
1478 3960 1547 4016 Et
1573 3956 1842 4036 quadam
1886 3952 1987 4013 die

420 4065 658 4128 catulos
691 4081 837 4125 suos
860 4080 1081 4124 caecos
1109 4061 1187 4121 ad
1218 4077 1359 4120 eum
1386 4058 1591 4121 bellua
1620 4055 1909 4135 producit
1928 4060 1991 4115 et

419 4170 565 4227 ante
597 4161 789 4242 pedes
816 4161 949 4223 eius
976 4160 1171 4239 ponit.
1203 4164 1274 4219 At
1302 4158 1405 4219 ille
1433 4174 1627 4236 quum
1654 4153 1989 4215 intellexis-

310 4300 313 4305 -
422 4272 539 4339 set,
584 4281 700 4344 pro
743 4262 1038 4325 caecitate
1076 4260 1402 4322 oculorum
1451 4258 1713 4319 bestiam
1756 4255 1991 4334 suppli-

422 4383 588 4439 care,
619 4365 853 4442 rogavit
881 4362 1232 4433 Dominum,
1258 4368 1325 4421 ut
1346 4360 1435 4421 eis
1450 4359 1738 4421 redderet
1763 4357 1986 4417 visum.

424 4468 558 4540 Quo
597 4471 852 4542 recepto
904 4468 1165 4524 matrem
1211 4465 1548 4537 sequentes
1605 4456 1870 4519 redeunt
1912 4454 1989 4515 ad

2163 2032 2272 2102 79
2292 2035 2510 2111 Itaque
2543 2031 2607 2092 in
2635 2029 2764 2091 sola
2794 2030 3049 2111 antiqua
3086 2030 3373 2093 versione
3418 2034 3669 2090 rectam

2082 2133 2345 2194 inveniri
2374 2132 2699 2194 nominum
2724 2131 3091 2211 scripturam
3115 2130 3433 2207 intelligis,
3459 2147 3666 2191 cunc—

2084 2241 2295 2313 taque,
2317 2216 2479 2312 quae
2509 2232 2712 2311 capite
2739 2231 2848 2293 illo
2880 2231 3167 2293 codicum
3202 2230 3666 2291 Vindobonen—

2085 2333 2289 2396 sium:
2347 2333 2484 2393 «De
2527 2333 2732 2394 Marco
2762 2354 2791 2386 ››
2844 2330 3145 2409 inscripto
3195 2328 3523 2402 habentur,
3574 2329 3667 2391 ad

2084 2432 2417 2496 Macarium
2484 2430 2969 2494 Alexandrinum
3032 2436 3358 2509 spectare,
3446 2445 3665 2507 neque

2087 2531 2345 2593 omnino
2379 2532 2651 2592 Marcum
2686 2530 2753 2590 in
2791 2530 2993 2609 capite
3031 2529 3373 2603 nominari,
3414 2528 3533 2591 nisi
3584 2534 3668 2589 ut

2086 2631 2171 2704 id,
2206 2631 2376 2711 quod
2397 2631 2474 2692 de
2506 2647 2581 2692 eo
2614 2630 2915 2692 Macarius
2943 2629 3188 2703 dixerit,
3214 2634 3518 2699 narretur,
3550 2629 3668 2689 cui

2088 2733 2344 2811 quidem
2383 2732 2723 2794 narrationi
2746 2731 3081 2802 Palladius,
3111 2733 3406 2801 Marcum,
3456 2747 3664 2807 quum

2087 2834 2327 2895 iuvenis
2351 2840 2532 2907 esset,
2562 2852 2612 2896 s.
2646 2835 2981 2914 scripturas
3003 2833 3351 2905 edidicisse,
3384 2850 3455 2893 ac
3482 2849 3669 2894 sanc-

2088 2935 2256 2996 titate
2286 2942 2346 2997 et
2374 2936 2650 2997 castitate
2678 2935 2987 3013 insignem
3014 2932 3229 3006 fuisse,
3260 2932 3587 2993 addiderit.

2168 3036 2295 3096 Nec
2330 3052 2480 3108 non,
2509 3042 2578 3097 ut
2608 3034 2761 3095 illud
2802 3041 2987 3114 caput
3016 3035 3099 3095 ita
3147 3034 3664 3111 interpretemur,

2091 3135 2273 3197 etiam
2303 3152 2502 3196 nexus
2539 3136 2911 3197 narrationis
2952 3134 3207 3197 Palladii
3258 3134 3336 3194 de
3376 3132 3666 3196 Macariis

2087 3236 2349 3297 suadere
2383 3235 2645 3298 videtur.
2678 3238 2832 3297 Nam
2862 3234 3226 3309 Palladium,
3258 3234 3401 3314 qui,
3433 3252 3664 3313 quam-

2089 3335 2196 3398 diu
2226 3335 2526 3397 Macarius
2553 3335 2891 3414 Aegyptius
2912 3335 3153 3407 vixerit,
3178 3340 3502 3405 memorat,
3540 3350 3664 3411 pa-

2086 3435 2259 3507 riter,
2294 3439 2447 3512 quot
2476 3450 2675 3495 annos
2703 3433 3003 3497 Macarius
3029 3432 3482 3495 Alexandrinus
3524 3432 3668 3492 atti-

2089 3535 2267 3612 gerit,
2313 3533 2619 3595 indicasse
2669 3539 3161 3594 consentaneum
3210 3539 3326 3595 est.
3380 3530 3662 3603 Accedit,

2088 3635 2255 3713 quod
2281 3633 2547 3694 narratio
2566 3631 2820 3693 Palladii
2836 3632 2912 3693 de
2934 3632 3198 3693 Macario
3215 3629 3660 3703 Alexandrino,

2089 3732 2139 3792 si
2168 3732 2319 3793 illud
2362 3738 2548 3811 caput
2578 3731 2653 3792 ad
2684 3732 2953 3791 Marcum
2996 3728 3294 3802 refertur,
3336 3729 3498 3789 iusto
3533 3727 3665 3791 ﬁne

2089 3850 2347 3910 prorsus
2374 3837 2540 3893 caret
2566 3848 2580 3903 ;
2626 3836 2863 3902 contra,
2905 3827 2957 3888 si
2990 3828 3068 3888 ad
3097 3825 3431 3888 Macarium
3461 3823 3660 3903 perti-

2090 3940 2219 4007 net,
2267 3934 2488 3995 ambae
2534 3931 2613 3992 de
2649 3928 2930 3991 Macariis
2974 3926 3229 3988 Palladii
3271 3924 3664 3987 narrationes

2089 4030 2409 4112 praeclare
2441 4029 2708 4091 invicem
2728 4026 2846 4089 sibi
2877 4025 3281 4105 respondent.

2166 4164 2441 4227 Tertium
2473 4162 2747 4241 denique
2777 4167 2837 4222 et
2872 4160 3291 4222 ﬁrmissimum
3322 4173 3663 4235 argumen-

2089 4273 2223 4329 tum
2268 4265 2611 4345 repetimus
2655 4281 2690 4325 a
2719 4266 3090 4336 Sozomeno,
3142 4260 3251 4339 qui
3303 4276 3542 4333 senem,
3581 4258 3666 4319 de

2093 4384 2220 4445 quo
2284 4365 2423 4427 isto.
2473 4363 2676 4442 capite
2737 4369 3051 4435 narratur,
3117 4358 3452 4421 Macarium
3524 4374 3665 4418 esse

2095 4470 2309 4545 aperte
2345 4464 2551 4526 docet.
2590 4464 2972 4524 Sozomenus
3010 4461 3217 4522 enim:
3250 4483 3277 4515 «
3304 4458 3471 4519 Alter
3507 4459 3662 4532 [Ma-

421 4567 809 4647 speluncam.
862 4566 934 4623 Et
980 4560 1169 4642 paulo
1221 4566 1365 4638 post
1405 4559 1539 4638 ipsa
1586 4575 1727 4619 cum
1768 4554 1986 4618 catulis
2022 4556 2062 4608 D
2091 4564 2293 4625 carius
2329 4562 2803 4637 Alexandrinus]
2847 4579 2995 4623 vero
3030 4585 3084 4635 »,
3130 4560 3356 4638 inquit,
3402 4582 3428 4614 ι(
3463 4557 3664 4619 serius

419 4667 549 4729 suis
572 4664 934 4742 regrediens
962 4661 1159 4741 pelles
1191 4660 1396 4721 ovium
1426 4658 1663 4719 lanatas
1691 4656 1989 4735 plurimas

419 4770 589 4831 velut
636 4783 860 4831 munus
908 4780 1021 4843 pro
1070 4768 1357 4840 suscepta
1402 4759 1592 4837 gratia
1639 4758 1717 4819 ad
1774 4772 1990 4817 senem

421 4871 622 4933 defert
653 4885 867 4932 morsu
903 4864 1028 4927 oris
1065 4870 1337 4934 evectas,
1371 4868 1431 4921 et
1471 4868 1614 4920 ante
1649 4858 1816 4919 fores
1855 4856 1989 4918 eius

421 4968 721 5048 depositis
763 4964 1041 5029 abscedit
1097 4962 1203 5042 (1).
1248 4985 1276 5017 ››
1328 4960 1593 5021 Dubium
1645 4974 1794 5018 sane
1852 4973 1989 5017 esse

418 5067 519 5127 vix
549 5072 774 5145 potest,
807 5064 958 5143 quin
986 5061 1249 5125 eandem
1291 5059 1451 5121 hanc
1480 5058 1865 5119 sanationem
1887 5074 1989 5117 ca-

418 5164 697 5228 tulorum
740 5162 995 5225 leaenae
1050 5177 1240 5240 supra
1294 5157 1603 5219 Palladius
1656 5156 1985 5234 signiﬁcet.

418 5262 594 5339 Quod
626 5262 678 5323 si
698 5266 959 5335 constat,
993 5260 1261 5321 dubitari
1281 5257 1550 5336 amplius
1566 5257 1806 5336 nequit,
1833 5256 1987 5335 quin

420 5372 629 5428 cetera
658 5377 938 5442 quoque,
978 5377 1136 5438 quae
1169 5361 1371 5438 capite
1400 5359 1520 5420 isto
1556 5357 1811 5419 Palladii
1840 5375 1985 5418 nar-

419 5465 728 5526 rationem
757 5462 835 5524 de
865 5459 1070 5522 catulo
1101 5459 1383 5540 hyaenae
1417 5460 1495 5522 ad
1542 5460 1731 5521 ﬁnem
1781 5474 1983 5537 usque

492 5673 570 5741 (1)
599 5672 731 5725 Ruf.
780 5671 917 5726 llist.
967 5670 1114 5724 Eccl.
1152 5671 1247 5724 lib.
1278 5685 1464 5740 ncap.
1489 5670 1523 5723 4
1556 5670 1641 5724 ed.
1675 5668 1842 5726 Basil.
1866 5670 1904 5722 l.
1930 5685 1987 5738 p.

423 5765 549 5829 245,
584 5761 760 5816 Rufini
799 5762 938 5832 Opp.
961 5761 1049 5818 ed.
1093 5760 1323 5817 Vallarsi
1345 5779 1398 5837 p.
1424 5762 1550 5824 272,
1575 5762 1749 5831 Miguc
1782 5760 1985 5815 Patrol.

422 5854 487 5922 Τ.
527 5852 640 5917 XXI
670 5870 723 5924 p.
754 5853 876 5909 εις.

2090 4664 2339 4742 quidem
2390 4663 2719 4743 presbyter
2761 4662 2959 4723 factus
3015 4667 3127 4722 est.
3192 4660 3314 4721 Sed
3368 4659 3663 4720 omnibus

2088 4761 2217 4822 fere
2246 4760 2527 4822 arctioris
2573 4760 2939 4841 disciplinae
2983 4759 3529 4821 exercitationibus
3566 4765 3663 4820 est

2091 4861 2477 4940 perfunctus,
2511 4879 2775 4939 quarum
2807 4862 2957 4923 alias
2999 4862 3134 4940 ipse
3182 4860 3659 4937 excogitaverat,

2092 4958 2390 5036 quasdam
2412 4959 2489 5019 ab
2518 4956 2651 5019 aliis
2685 4966 2971 5037 acceptas
3012 4964 3182 5018 tanto
3217 4956 3421 5017 studio
3467 4972 3659 5015 exco-

2097 5059 2316 5134 luerat,
2350 5067 2420 5121 ut
2444 5080 2522 5121 ea:
2544 5062 2739 5122 nimia
2768 5061 2928 5121 cutis
2948 5062 3246 5122 ariditate
3280 5060 3398 5138 pili
3430 5057 3662 5119 barbae

2097 5161 2153 5219 ei
2200 5178 2328 5219 non
2379 5161 2792 5220 succreverint
2838 5159 2944 5239 (2).
2992 5182 3021 5217 ››
3084 5160 3200 5221 Ubi
3242 5162 3664 5221 Sozomenum

2093 5258 2428 5320 Historiam
2452 5260 2806 5320 Lausiacam
2840 5277 2876 5320 e
2910 5260 3110 5338 capite
3139 5260 3257 5320 isto
3288 5258 3663 5338 compilasse

2095 5358 2492 5419 manifestum
2543 5365 2656 5419 est.
2701 5358 2931 5432 Quodsi
2972 5366 3177 5419 autem
3222 5376 3316 5432 ea,
3376 5376 3535 5437 quae
3582 5357 3665 5418 de

2090 5458 2275 5520 barba
2310 5459 2477 5519 senis
2519 5457 2584 5518 in
2626 5459 2827 5537 capite
2856 5458 3186 5519 Lausiacae
3228 5458 3540 5537 leguntur,
3585 5457 3667 5523 ad

2164 5668 2240 5737 (l)
2267 5665 2481 5722 Sozom.
2507 5665 2809 5725 ﬂist.Eccl.
2842 5665 2937 5723 lib.
2958 5665 3024 5722 ΙΙΙ
3063 5680 3183 5738 cap.
3208 5665 3274 5721 14
3307 5665 3395 5721 ed.
3421 5663 3667 5722 Valesius

2094 5775 2147 5834 p.
2175 5757 2294 5814 516.
