4046 6458
237 410 294 463 Tl

1800 387 1839 440 Υ
1850 383 2028 441 ΙΤΑΕ.

3471 366 3552 425 τε

248 513 591 577 Macci-ium
614 518 970 594 spectant,
1000 512 1157 591 quis,
1180 510 1333 591 quin
1360 525 1564 572 cetera
1586 521 1865 587 quoque,
1894 505 1940 562 Α
1967 502 2171 565 solum
2192 507 2318 563 tres
2344 502 2621 578 integros
2642 513 2864 570 annos,
2896 492 3009 556 sed
3039 490 3226 554 etiam
3256 494 3381 551 tres
3408 487 3545 551 fere

264 630 410 693 quae
436 611 558 673 illo
597 613 840 693 capite
875 611 1290 684 continentur,
1330 609 1397 670 in
1438 606 1708 693 eundem
1756 622 1863 668 ca-

274 688 430 785 dant,
452 688 756 791 amplius
785 707 1136 774 dubitabit?
1652 688 1667 699 ’

348 816 572 891 Itaque
601 812 1031 892 perspicuum
1052 814 1162 883 est,
1191 808 1258 870 in
1279 806 1601 871 codicibus
1626 804 1865 867 Vindo-

286 912 678 977 bonensibus
726 928 848 992 pro
889 916 1151 989 Μακάριος
1192 907 1349 970 falso
1387 906 1688 986 scriptum
1730 922 1870 969 esse

299 1020 527 1091 Μάριος.
569 1009 701 1082 Qui
746 1008 998 1089 quidem
1047 1023 1219 1069 error
1262 1022 1405 1067 cum
1440 1021 1517 1066 ex
1554 1004 1872 1066 adﬁnitate

303 1113 631 1173 verborum
658 1116 797 1172 tum
835 1126 912 1171 ex
937 1107 1145 1169 indice
1172 1124 1184 1167 :
1228 1130 1256 1163 ‹‹
1285 1107 1374 1165 De
1401 1107 1607 1167 Marco
1636 1128 1664 1161 ››
1692 1110 1873 1166 natus

303 1218 403 1281 est,
435 1226 638 1289 quem
660 1226 807 1271 cum
830 1206 1114 1268 librarius
1141 1210 1248 1266 aut
1267 1203 1485 1276 lector,
1510 1202 1671 1264 facta
1687 1202 1875 1264 Marci

299 1306 625 1368 mentione
655 1305 915 1383 longum
958 1311 1145 1382 caput
1186 1302 1258 1363 de
1295 1302 1599 1363 Macariis
1634 1300 1876 1361 finitum

299 1424 431 1469 esse
466 1413 671 1479 ratus,
712 1406 780 1467 in
818 1405 1093 1482 margine
1125 1403 1579 1482 adscripsisset,
1624 1418 1882 1481 corrup-

299 1504 416 1566 tela
451 1504 864 1584 postmodum
904 1505 971 1564 in
1010 1510 1247 1564 textum
1274 1500 1564 1564 facillime
1606 1499 1875 1579 irrepsit.

371 1605 485 1674 80
540 1606 745 1676 Quam
797 1603 1049 1683 quidem
1099 1601 1550 1682 corruptelam,
1609 1600 1779 1681 quod
1816 1601 1883 1661 in

304 1702 790 1763 membranaceo
846 1701 1062 1763 codice
1117 1699 1307 1762 modo
1362 1706 1639 1780 Μακάριος
1692 1698 1884 1760 modo

1964 619 2165 664 annos
2192 600 2472 662 indicare
2501 615 2687 679 posse
2705 596 2808 679 (3).
2831 591 3087 656 Etiamsi
3113 606 3262 652 vero
3275 588 3397 650 hoc
3416 592 3542 649 sta-

1965 708 2231 774 tuamus,
2253 706 2419 762 certe
2436 706 2643 761 tamen
2664 702 2807 759 ante
2835 710 3068 757 annum
3095 690 3206 752 400
3235 687 3553 751 Palladius.

1970 817 2047 862 ex
2077 789 2324 861 Celluli's
2355 815 2484 861 non
2505 795 2793 859 decessit.

2048 904 2247 980 Atque
2314 916 2457 962 cum
2519 896 2638 958 hac
2704 901 3062 973 temporum
3126 886 3548 967 descriptione

1973 1000 2211 1080 optime
2241 997 2622 1062 conveniunt
2658 992 2917 1055 Palladii
2936 990 3147 1063 verba,
3175 988 3383 1067 ipsum
3416 991 3547 1045 tre-

1975 1100 2181 1161 decim
2244 1116 2443 1160 annos
2492 1093 2868 1157 monachum
2930 1090 3155 1163 fuisse,
3215 1092 3553 1164 antequam

1978 1201 2314 1279 episc0pus
2352 1199 2525 1259 ﬁeret
2563 1195 2669 1276 (4).
2712 1197 2761 1255 Ε
2799 1190 3049 1254 Cellulis
3089 1188 3259 1251 enim
3286 1184 3560 1248 afﬂictae.

1977 1299 2346 1362 valetudinis
2407 1315 2629 1372 causa,
2676 1303 2744 1358 ut
2790 1295 2928 1375 ipse
2975 1296 3215 1363 narrat,
3279 1286 3551 1347 Alexan-

1980 1400 2201 1474 driam,
2248 1398 2476 1461 deinde
2516 1397 2905 1459 medicorum
2951 1389 3215 1455 consilio
3250 1387 3553 1448 Hieroso-

1980 1497 1999 1557 1
2003 1516 2148 1577 yma
2169 1498 2368 1579 petiit,
2394 1496 2560 1559 unde
2584 1513 2778 1575 quum
2793 1495 2861 1555 in
2880 1489 3235 1569 Bithyniam
3255 1485 3557 1556 venisset,

1984 1601 2320 1680 epiSCOpus
2359 1599 2680 1661 ordinatus
2712 1601 2804 1658 est
2844 1593 2950 1674 (5).
2979 1593 3372 1670 Quapropter
3408 1600 3556 1646 eum

1985 1719 2152 1766 anno
2224 1706 2368 1782 post
2422 1694 2759 1763 adventum
2819 1711 3003 1758 suum
3060 1690 3243 1752 tertio
3308 1686 3556 1749 decimo

307 1810 530 1882 mpm;
578 1800 834 1879 legitur,
881 1801 1201 1879 antiquam
1237 1816 1397 1874 esse,
1432 1800 1542 1861 sed
1564 1798 1885 1879 paullatim
1920 1840 1961 1895 Β
1986 1808 2337 1883 Aegyptum
2359 1800 2713 1881 reliquisse,
2745 1802 2806 1858 et
2833 1810 3000 1858 anno
3033 1790 3139 1853 401
3186 1787 3559 1895 episcopum

304 1906 547 1960 tantum
573 1900 910 1977 genuinam
944 1915 1203 1960 vocem:
1246 1905 1511 1978 Μακάριος
1560 1904 1735 1958 textu
1778 1913 1881 1957 ex-

302 1998 567 2076 pulisse,
593 2005 665 2058 ut
693 2004 787 2058 est
812 1997 877 2058 in
904 1997 1121 2059 codice
1143 1995 1493 2069 chartaceo,
1515 1993 1876 2056 credideris.

300 2098 679 2159 Auctoritati
720 2103 923 2159 autem
963 2096 1252 2159 codicum
1302 2093 1882 2157 Vindobonensium

292 2197 644 2269 Lausiacae
664 2196 771 2259 illo
792 2212 1003 2258 errore
1025 2195 1123 2256 vix
1143 2193 1485 2274 quidquam
1523 2193 1880 2269 derogatur,

304 2312 582 2375 quorum
641 2296 835 2356 virtus
891 2295 956 2356 in
1004 2311 1080 2356 eo
1137 2294 1529 2374 potissimum
1586 2292 1880 2365 cernitur,

312 2397 481 2476 quod
526 2414 632 2458 res
673 2396 836 2457 iusto
867 2397 1085 2457 ordine
1105 2395 1377 2472 integras
1408 2399 1678 2465 narrant,
1714 2390 1886 2471 quod

312 2498 375 2557 in
412 2496 803 2558 editionibus
832 2494 1065 2573 graecis
1095 2501 1156 2557 et
1191 2495 1256 2555 in
1293 2491 1543 2555 Herveti
1574 2491 1883 2567 versione,

314 2603 379 2657 ut
406 2596 801 2675 saepissime,
828 2595 913 2656 ita
941 2594 1040 2655 hic
1072 2610 1349 2673 quoque,
1373 2591 1781 2654 desideratur.

388 2698 515 2758 Sed
537 2697 723 2770 haec,
747 2713 906 2775 quae
928 2694 1234 2756 Palladius
1251 2694 1328 2755 de
1342 2692 1609 2754 Macario
1632 2690 1891 2752 Alexan-

314 2795 499 2857 drino
549 2795 792 2869 retulit,
842 2808 1009 2857 nunc
1054 2794 1308 2873 quidem
1347 2794 1671 2854 hactenus.
1714 2790 1888 2852 Reli-

318 2915 512 2976 quum
568 2904 687 2970 est,
738 2905 806 2958 ut
848 2896 927 2959 ad
985 2913 1060 2958 ea
1095 2893 1459 2957 illustranda
1504 2908 1704 2972 pauca
1748 2907 1888 2953 mo-

320 3014 585 3057 neamus
596 3043 609 3055 .

400 3102 452 3172 §.
492 3096 592 3157 20.
630 3101 713 3157 Ac
747 3095 1013 3176 primum
1055 3093 1311 3175 quidem
1355 3110 1456 3167 eo,
1501 3090 1671 3172 quod
1700 3088 1895 3151 Palla-

1985 1902 2092 1972 81
2127 1901 2356 1963 factum
2380 1915 2515 1961 esse
2539 1900 3031 1959 consentaneum
3058 1887 3325 1949 videtur.
3366 1884 3557 1943 Prae-

1986 2009 2157 2063 terea
2178 2015 2345 2062 anno
2378 1996 2489 2058 400
2524 1995 2869 2057 Palladium
2896 1987 3306 2052 Alexandriae
3343 1982 3560 2056 fuisse,

1988 2103 2063 2164 iis
2098 2116 2377 2181 quoque,
2410 2114 2573 2178 quae
2610 2095 2689 2158 de
2714 2098 2915 2157 morte
2944 2088 3188 2169 Evagrii
3215 2087 3351 2167 ipse
3388 2090 3569 2147 retu-

1990 2202 2081 2276 lit,
2114 2199 2441 2281 probabile
2480 2198 2547 2260 ﬁt
2571 2195 2679 2279 (6).

2070 2301 2191 2362 Sed
2219 2298 2556 2379 quominus
2599 2296 2664 2357 id
2707 2298 3070 2361 statuamus,
3116 2284 3443 2368 prohiberi
3469 2284 3564 2344 vi-

1992 2398 2214 2461 demur
2258 2397 2398 2459 loco
2447 2394 2677 2472 dialogi
2730 2392 2808 2455 de
2853 2392 2915 2451 S.
2958 2384 3379 2467 Chrysostomi
3418 2383 3566 2456 vita,

1993 2515 2207 2576 quem,
2256 2496 2518 2558 testibus
2556 2492 2825 2570 Georgio
2860 2486 3279 2551 Alexandrino
3309 2490 3372 2546 et
3398 2482 3567 2543 Pho-

1992 2600 2080 2660 tio
2114 2599 2223 2678 (7),
2270 2596 2581 2658 Palladius
2627 2593 2963 2673 episcopus
3009 2586 3276 2667 scripsit.
3322 2585 3396 2644 In
3448 2580 3570 2642 hoc

1996 2698 2165 2758 enim
2198 2695 2446 2772 dialogo
2472 2692 2724 2771 legitur,
2766 2687 3011 2768 synodo
3042 2682 3572 2759 Constantinopo-

1994 2795 2222 2858 litanae
2242 2792 2586 2856 indictione
2613 2791 2754 2852 XIII
2777 2787 3026 2850 habitae
3046 2781 3403 2845 interfuisse
3431 2778 3576 2840 Ραι-

1997 2893 2234 2955 ladium
2249 2892 2598 2971 episcopum
2608 2884 3008 2966 Helenopolis
3023 2883 3102 2964 (8)
3116 2897 3297 2961 ,quae
3312 2884 3404 2940 est
3419 2878 3581 2943 urbs.

1997 2991 2347 3072 Bithyniae.
2394 2989 2526 3050 Viri
2563 2988 2753 3067 igitur
2786 2984 2977 3059 docti,
3025 2978 3335 3061 imprimis
3376 2978 3576 3037 Baro-

1998 3095 2140 3156 nius
2162 3093 2240 3175 (9)
2286 3098 2349 3153 et
2384 3089 2816 3152 Tillemontius
2840 3085 2986 3167 (10),
3033 3100 3162 3145 non
3192 3079 3587 3150 dubitarunt,

322 3194 465 3256 dius
517 3202 761 3268 narrat,
806 3212 873 3256 se
934 3211 1158 3256 novem
1203 3209 1403 3254 annos
1445 3191 1511 3253 in
1559 3188 1761 3251 Celliis
1787 3192 1968 3250 seuC
2001 3192 2170 3255 hunc
2197 3190 2606 3270 Helenopolis
2657 3188 3026 3268 episcopum
3064 3180 3336 3245 eundem
3372 3176 3580 3241 facere

322 3296 574 3357 Cellulis
618 3294 863 3369 vixisse,
911 3293 1239 3355 difﬁcultas
1269 3290 1577 3373 quaedam
1631 3288 1902 3353 chrono-

322 3396 530 3473 logica
568 3394 861 3456 nascitur.
907 3393 1214 3455 Palladius
1254 3391 1445 3465 enim,
1484 3389 1594 3469 qui
1636 3405 1703 3450 se
1733 3404 1901 3451 anno

328 3495 444 3555 388
484 3494 917 3556 Alexandriam
942 3492 1186 3553 venisse
1225 3491 1363 3570 ipse
1392 3494 1671 3562 testatur,
1714 3488 1903 3550 etiam

327 3597 546 3670 tradit,
586 3614 675 3670 se,
710 3603 1043 3674 antequam
1084 3594 1151 3653 in
1192 3590 1453 3653 Cellulas
1495 3590 1728 3664 abiret,
1775 3594 1904 3649 tres

325 3713 529 3758 annos
590 3696 822 3758 circum
881 3693 1316 3755 Alexandriam
1369 3690 1477 3772 (1),
1548 3696 1610 3751 et
1669 3704 1906 3751 annum

328 3798 646 3876 integrum
666 3797 730 3858 in
746 3805 955 3858 monte
977 3796 1202 3857 Nitriae
1222 3794 1299 3876 (2)
1316 3792 1650 3855 habitasse.
1676 3793 1901 3863 Quare,

333 3899 381 3959 si
427 3899 581 3959 anni
648 3902 1109 3977 computantur,
1150 3901 1293 3956 ante
1344 3910 1578 3955 annum
1621 3888 1729 3951 401
1775 3888 1907 3951 Cel-

331 3995 491 4057 lulas
545 4014 677 4058 non
714 3995 1041 4076 reliquisse
1076 3994 1338 4055 videtur.
1373 3995 1599 4054 Fateor
1625 3989 1904 4069 quidem,

332 4098 524 4159 verba
550 4115 564 4157 :
608 4098 729 4157 Ἐπὶ
755 4103 843 4161 ἔτη
872 4104 1020 4176 τρία,
1051 4096 1280 4175 quibus
1326 4090 1730 4155 habitationis
1757 4107 1908 4151 suae

333 4198 577 4260 circum
625 4195 1057 4258 Alexandriam
1096 4202 1348 4275 tempus
1389 4192 1728 4271 signiﬁcat,
1776 4206 1909 4252 non

406 4364 483 4434 (1)
518 4362 653 4417 llist.
674 4361 837 4416 Laus.
861 4361 948 4417 ed.
979 4359 1177 4415 Mcurs.
1201 4373 1321 4429 cap.
1354 4356 1388 4413 8
1411 4357 1548 4428 Opp.
1583 4355 1779 4411 Meurs.
1812 4354 1847 4408 Ι.
1874 4353 1914 4407 l.

334 4474 393 4530 p.
420 4456 545 4511 360.

411 4551 489 4619 (ε)
523 4548 660 4605 Ibid.
689 4564 740 4618 p.
767 4548 893 4601 561.

413 4644 490 4709 (5)
539 4640 795 4693 Matthiae
847 4639 1001 4694 Ausi”.
1064 4637 1283 4695 Griech.
1326 4633 1664 4691 Grammatik
1714 4631 1803 4686 ed.
1874 4628 1921 4683 l1

336 4734 405 4788 τ.
435 4733 473 4786 ιι
501 4731 679 4803 ςδδσ.

414 4826 492 4893 (4)
518 4823 659 4879 Hist.
708 4822 871 4879 Laus.
911 4822 999 4877 ed.
1040 4822 1241 4877 Meurs.
1288 4819 1497 4889 prolog.
1535 4816 1674 4888 Opp.
1718 4814 1916 4869 Meurs.

342 4919 379 4971 l.
414 4917 451 4970 Ι.
486 4932 543 4986 p.
577 4915 702 4970 340.

415 5010 494 5080 (5)
525 5008 663 5063 Ibid.
693 5022 813 5077 cap.
837 5006 905 5060 44
936 5005 1073 5076 Opp.
1100 5004 1301 5060 Meurs.
1338 5003 1379 5058 1.
1404 5002 1444 5058 l.
1472 5017 1526 5072 p.
1558 4999 1682 5053 472.

409 5102 489 5172 (b‘)
532 5100 671 5154 Ibid.
708 5116 826 5171 cap.
864 5101 932 5155 88
959 5100 1097 5168 Opp.
1129 5098 1332 5153 Meurs.
1385 5097 1421 5150 l.
1467 5097 1502 5148 Ι.
1538 5110 1591 5164 p.
1626 5092 1731 5147 550
1757 5106 1921 5159 sqq.;

352 5192 645 5248 Tillemont
685 5191 970 5247 Mémoires
1037 5190 1103 5245 T.
1156 5190 1203 5243 Χ
1254 5206 1309 5260 p.
1367 5187 1479 5242 568
1527 5203 1684 5256 sqq.,
1726 5199 1779 5254 p.
1823 5180 1925 5237 796

358 5282 473 5338 Not.
526 5285 581 5337 7.

420 5378 490 5447 (7)
534 5376 735 5446 Georg.
791 5375 1201 5430 Alexandrinus
1245 5374 1301 5427 in
1348 5371 1470 5427 Vita
1521 5371 1581 5424 S.
1622 5366 1708 5423 Jo.
1748 5365 1925 5437 Chry-

347 5472 600 5525 sostomi.
651 5468 879 5524 Ptiotius
925 5470 982 5522 in
1020 5468 1158 5523 Bibl.
1205 5483 1275 5523 ex
1329 5481 1445 5521 rec.
1480 5462 1710 5520 Bekker.
1742 5460 1925 5515 Berol.

346 5563 489 5617 1824
516 5578 571 5631 p.
598 5560 692 5624 78,
725 5561 781 5615 b.
806 5560 891 5615 Cf.
922 5558 980 5613 S.
1012 5558 1097 5613 ιο.
1127 5552 1423 5629 Chrysost.
1458 5553 1599 5626 Opp.
1629 5553 1719 5610 ed.
1750 5550 1930 5608 Mont-

351 5652 551 5709 faucon
576 5651 647 5707 T.
680 5649 797 5705 Xlll
829 5648 1007 5703 Praef.
1036 5663 1093 5718 p.
1125 5664 1177 5702 xl
1203 5663 1289 5716 sq.

2003 3310 2148 3354 cum
2185 3291 2493 3370 scriptore
2523 3287 2835 3350 Historiae
2873 3283 3229 3346 Lausiacae.
3273 3275 3589 3351 Quoniam

2003 3409 2150 3454 vero
2180 3391 2439 3455 indictio
2468 3392 2609 3451 X111
2629 3390 2852 3451 abVIII
2882 3384 3132 3448 Calend.
3150 3380 3432 3445 Octobris
3451 3377 3495 3438 i.
3522 3393 3580 3437 e.

2004 3492 2192 3553 XXIV
2206 3491 2587 3571 Septembris
2611 3488 2730 3568 (11)
2748 3487 2897 3549 anni
2919 3483 3029 3545 399
3049 3480 3285 3561 incepit
3302 3476 3420 3559 (12)
3435 3524 3448 3551 ,
3464 3474 3587 3536 Til-

2006 3590 2367 3662 lemontius,
2388 3585 2933 3658 Montefalconius,
2960 3580 3250 3645 Neander
3273 3574 3584 3656 synodum

2010 3706 2227 3751 mense
2274 3688 2434 3750 Maio
2481 3687 2632 3750 anni
2674 3683 2787 3745 400
2837 3682 3111 3744 habitam
3157 3696 3295 3740 esse
3350 3682 3584 3738 statue-

2010 3794 2155 3849 runt
2178 3786 2323 3867 (l3).
2361 3785 2641 3865 Scriptor
2675 3800 2824 3844 vero
2853 3782 3012 3843 vitae
3039 3782 3100 3841 S.
3136 3774 3584 3856 Chrysostomi,

2013 3904 2175 3966 quae
2200 3885 2265 3947 in
2294 3888 2413 3945 AA.
2445 3885 2549 3944 SS.
2579 3880 2748 3945 Boll.
2766 3878 3103 3953 invenitur,
3135 3890 3349 3939 mense
3369 3870 3587 3933 Martio

2014 3994 2121 4050 aut
2154 3987 2351 4067 Aprili
2380 3986 2529 4048 anni
2569 3982 2679 4045 399
2712 4000 2852 4044 eam
2895 3980 3089 4042 fuisse
3130 3975 3457 4044 arbitratus
3497 3979 3591 4032 est

2016 4088 2099 4150 ob
2129 4087 2543 4161 difﬁcultates,
2592 4102 2755 4165 quae
2791 4080 3102 4163 synodum
3134 4093 3300 4144 anno
3332 4073 3441 4135 400
3474 4071 3589 4133 ha-

2014 4187 2208 4250 bitam
2239 4204 2375 4250 esse
2407 4202 2536 4253 non
2564 4183 2896 4251 admittunt
2916 4178 3061 4261 (14).

2024 4368 2126 4408 con
2162 4350 2226 4405 Τ.
2258 4349 2375 4405 Xlll
2411 4366 2464 4422 p.
2498 4350 2705 4421 50’sq.,
2736 4345 2991 4403 Galland.
3031 4342 3166 4397 Bibl.
3216 4338 3320 4395 PP.
3372 4336 3437 4391 Τ.
3480 4334 3599 4390 γιιι

2026 4461 2080 4516 p.
2112 4444 2239 4499 298.
2277 4443 2401 4499 δυο.

1948 4517 1999 4572 D
2097 4537 2173 4604 (9)
2210 4532 2412 4587 Baron.
2447 4530 2649 4587 Annal.
2695 4546 2747 4584 υ.
2785 4526 2911 4583 ass.
2960 4524 3085 4580 400.
3134 4520 3259 4577 405.
3298 4519 3423 4575 ιοι.
3466 4518 3590 4573 405.

2020 4623 2147 4680 406.

2094 4718 2208 4790 (10)
2248 4717 2545 4773 Tillemont
2588 4713 2875 4770 Mémoires
2910 4709 2970 4764 Τ.
3009 4709 3078 4764 XI
3103 4723 3156 4778 p.
3198 4706 3303 4760 500
3340 4718 3458 4773 sqq.

2094 4812 2208 4884 (11)
2249 4810 2421 4866 ldeler
2467 4808 2667 4863 Lehrb.
2718 4805 2774 4861 d‘.
2820 4801 3189 4870 Chronologie
3243 4797 3424 4851 Berlin
3457 4794 3598 4849 1851-

2022 4922 2079 4978 p.
2112 4904 2257 4971 412;
2312 4902 2393 4956 Du
2422 4900 2607 4968 Gange
2634 4898 2884 4953 Glossar.
2919 4910 2968 4948 s.
2994 4910 3047 4944 ν.
3077 4889 3317 4978 indictio.

2095 4995 2208 5067 (ia)
2249 4992 2361 5049 AA.
2403 4990 2506 5046 ss.
2532 4989 2670 5043 Boil.
2708 4988 2860 5055 Sept.
2902 4982 2965 5037 T.
3004 4980 3071 5034 Iv
3106 4997 3159 5050 p.
3196 4976 3322 5042 545,
3354 4972 3599 5030 b.'l'ille-
3654 4986 3659 4991 ι

2027 5095 2181 5143 ment
2209 5084 2499 5139 Mémoires
2522 5080 2587 5134 Τ.
2622 5077 2692 5132 XI
2718 5093 2771 5147 p.
2814 5074 2935 5128 158.
2960 5069 3086 5125 582.

2097 5176 2208 5247 (15)
2250 5173 2542 5229 Tillemont
2570 5170 2607 5222 l.
2638 5168 2675 5221 l.
2710 5183 2763 5235 p.
2795 5163 2893 5217 581
2921 5175 3041 5229 sqq.
3070 5155 3189 5210 Not.
3214 5154 3302 5209 59.
3328 5151 3605 5208 Μοηιΐίιιιον

2027 5285 2131 5324 con
2168 5270 2221 5321 in
2249 5264 2371 5318 Vita
2412 5261 2472 5317 S.
2503 5258 2591 5315 ιο.
2636 5253 3032 5327 Chrysostomi,
3073 5249 3132 5304 S.
3180 5248 3266 5303 ιο.
3307 5247 3599 5317 Cbrysost.

2028 5358 2168 5428 Opp.
2203 5354 2293 5410 ed.
2324 5350 2674 5406 Montfaucoa
2716 5345 2781 5399 T.
2819 5341 3145 5411 Xlllrp.1'57
3171 5334 3597 5428 sqq.7Neander,

2029 5425 2136 5501 Der
2168 5447 2223 5500 h.
2254 5443 2379 5500 Joh.
2408 5440 2834 5511 Cltrysostomus
2862 5450 2919 5488 ιι.
2949 5433 3038 5485 die
3074 5431 3275 5485 Kirche
3306 5427 3359 5480 in
3398 5425 3607 5480 dessent

2030 5539 2291 5594 Zeitalter
2320 5534 2503 5588 Berlin
2532 5531 2671 5586 1822
2703 5527 2769 5583 Τ.
2800 5527 2845 5581 11
2870 5542 2924 5593 p.
2954 5525 3031 5578 77η
3050 5539 3172 5593 sqq.

2103 5631 2216 5700 (l4)
2255 5626 2367 5682 AA.
2400 5625 2500 5679 SS.
2532 5624 2670 5679 Boil.
2700 5623 2855 5691 Sept.
2904 5618 2970 5677 T.
3005 5616 3072 5672 ιν
3107 5633 3159 5687 p.
3203 5613 3309 5670 545
3348 5609 3598 5700 sqq._Cf.

819 5698 1093 5795 lli-avlide“
1126 5698 1355 5792 vit—ars.
1417 5734 1500 5791 lo.
1549 5731 1933 5805 Chrysostomi
2036 5698 2182 5779 Cave
2223 5729 2277 5777 et
2308 5719 2511 5775 Oudin.
2537 5733 2584 5773 s.
2610 5732 2661 5769 ν.
2690 5712 3124 5813 ϐιιινυεοειοηιιιε.
3153 5703 3447 5813 Blollaiidus
3474 5698 3611 5759 Jana

351 5854 469 5909 cap.
524 5840 611 5895 15.
658 5836 745 5891 14.
790 5834 845 5889 S.
881 5828 966 5889 Jo.
1016 5831 1304 5902 Chrysost.
1353 5827 1493 5901 Opp.
1532 5827 1619 5883 od.
1663 5824 1929 5880 Montfau-

2040 5814 2108 5871 T.
2134 5814 2152 5869 1
2182 5830 2234 5886 p.
2277 5810 2413 5867 10οἹ
2437 5807 2705 5880 synodum
2748 5794 3408 5866 Constantiuopolitanam
3454 5804 3618 5846 anno.
