4046 6462
494 352 564 411 79
1315 351 1416 406 SS.
1456 349 1916 407 MACARIORUM
1953 348 2273 403 AEGYPTII
2313 349 2398 404 ET
2440 348 2900 404 ALEXANDRINI
3703 350 3781 407 80

570 467 680 539 82
730 471 928 548 Atque
970 468 1296 539 Baronius,
1345 464 1802 537 Tillemontius,
1850 463 2065 536 ceteri,
2098 469 2142 525 Α
2172 464 2476 544 episcopo
2509 464 2655 525 inde
2685 480 2719 525 a
2752 470 3060 543 tempore,
3103 482 3232 544 quo
3268 466 3335 527 S.
3362 464 3778 544 Chrysosto-

495 574 563 631 ut
607 568 948 630 Palladium
997 567 1325 629 Lausiacae
1373 566 1743 644 scriptorem
1791 563 2063 625 eundem
2164 581 2302 624 mus
2336 563 2402 624 in
2437 562 2688 624 exilium
2722 565 2947 627 missus
2982 571 3097 639 est,
3147 566 3188 627 i.
3223 583 3281 628 e.
3315 566 3392 627 ab
3423 580 3622 626 anno
3657 563 3783 626 404

485 664 774 729 facerent
799 684 938 727 cum
967 665 1074 727 illo
1095 663 1505 743 Helenopolis
1527 663 1854 742 episcOpo,
1887 677 2066 740 prae-
2165 663 2465 725 accidisse
2491 663 2774 740 dialogus
2793 664 2998 737 tradit,
3027 664 3094 725 in
3122 664 3458 726 Lausiacae
3489 663 3785 742 scripto-

497 767 683 845 cipue
731 765 884 826 locis
933 764 1309 844 quibusdam
1361 762 1670 824 Historiae
1735 759 2064 821 Lausiacae

496 866 736 928 inducti
777 872 944 938 sunt,
1007 883 1166 944 quos
1210 864 1516 942 genuinos
1564 877 1701 923 esse
1744 861 1844 921 vix
1894 866 2065 922 certo

498 972 759 1028 constat.
792 968 839 1027 E
869 983 1136 1046 quorum
1167 981 1430 1025 numero
1452 969 1544 1024 est
1562 961 1740 1022 locus
1766 959 2064 1033 Paradisi,

498 1081 650 1142 quo,
708 1071 1040 1144 postquam
1083 1063 1414 1144 prephetia
1458 1061 1716 1123 Joannis
1765 1061 1831 1120 in
1872 1062 2062 1137 Lyco,

496 1163 837 1226 Palladium
865 1166 1230 1243 episc0pum
1272 1161 1430 1233 fore,
1471 1166 1712 1221 narrata
1753 1167 1870 1232 est,
1913 1159 2067 1219 haec

498 1262 791 1341 leguntur
823 1281 836 1323 :
874 1265 995 1324 «In
1048 1280 1173 1341 quo
1217 1260 1634 1340 [episcopatu]
1681 1259 2069 1337 tempestatis

2167 780 2300 823 rem
2350 763 2584 841 Optime
2628 765 2874 826 cadere.
2923 764 3034 826 Ille
3079 765 3246 826 enim
3290 771 3571 844 prOpter
3610 779 3775 827 cau-

2167 877 2294 921 sam
2360 861 2422 920 S.
2477 860 2900 941 Chrysostomi
2960 864 3224 924 Romam
3281 862 3502 942 petiit,
3590 861 3780 922 unde

2169 959 2364 1042 redux
2447 960 2650 1023 factus
2707 963 2774 1024 in
2829 963 3049 1024 urbem
3102 965 3352 1042 Syenen
3408 964 3484 1025 in
3543 966 3777 1040 Aegy-

2168 1067 2278 1140 pto
2321 1079 2522 1142 prepe
2562 1063 2916 1142 Blemmyes
2962 1065 3142 1126 sitam
3175 1065 3240 1125 in
3287 1064 3562 1125 exilium
3611 1064 3782 1125 abiit

2168 1158 2524 1239 multosque
2558 1161 2664 1223 diu
2700 1180 3032 1241 perpessus
3062 1162 3416 1223 estlabores
3445 1160 3621 1242 (10).
3657 1165 3776 1221 At-

2169 1276 2294 1338 que
2325 1261 2631 1322 Palladius
2660 1262 2989 1325 Lausiacae
3023 1263 3291 1342 scriptor
3314 1280 3382 1324 se
3407 1264 3678 1322 Romae
3712 1269 3781 1322 et

498 1361 686 1434 illius,
730 1379 890 1442 quae
930 1362 1045 1422 sub
1081 1366 1296 1422 sancto
1335 1361 1577 1421 Joanne
1609 1364 1921 1420 commota
1953 1364 2065 1431 est,

497 1458 750 1520 interfui
771 1458 946 1520 malis
968 1483 994 1514 ι)
1017 1458 1119 1539 (1).
1140 1458 1311 1520 Idem
1331 1457 1593 1518 habetur
1613 1455 1866 1536 quidem
1885 1455 2070 1516 etiam

495 1557 562 1620 in
613 1576 836 1637 graeco
882 1558 1132 1621 Meursii
1185 1564 1357 1618 textu
1419 1556 1533 1635 (2);
1605 1556 1713 1616 sed
1769 1556 2072 1617 Ilervetus

497 1655 651 1719 haec
669 1657 942 1738 profert:
971 1681 997 1713 ‹‹
1027 1657 1262 1735 Dignus
1292 1655 1539 1717 habitus
1571 1673 1708 1716 sum
1737 1655 2072 1716 ordinatio-

497 1773 602 1831 ne,
634 1775 795 1836 quae
815 1775 986 1818 meas
1011 1757 1169 1817 vires
1197 1763 1472 1835 superat,
1498 1757 1564 1814 in
1590 1773 1724 1814 cum
1743 1774 1950 1816 casum
1979 1755 2073 1814 ἰηρ

498 1857 732 1931 cidens,
787 1875 963 1938 quem
1014 1859 1285 1918 Ioannes
1341 1855 1428 1931 [in
1483 1857 1670 1934 Lyco]
1727 1853 2065 1933 praedixe-

497 1966 598 2016 rat
624 1956 729 2036 (3).
763 1982 788 2012 υ
813 1960 980 2030 Quae
998 1956 1250 2036 quidem
1273 1955 1480 2028 lectio,
1501 1971 1694 2032 quum
1716 1960 1847 2014 toto
1870 1952 2072 2032 capite

499 2057 577 2118 de
597 2058 837 2118 Joanne
870 2057 934 2117 in
960 2059 1124 2135 Lyco
1155 2063 1460 2128 narretur,
1482 2053 1867 2134 probabilior
1894 2052 2070 2113 vide-

500 2162 620 2213 tur.
665 2153 1013 2228 (Quomodo
1044 2154 1292 2215 codices
1325 2152 1842 2212 Vindobonenses
1865 2151 2072 2213 locum

500 2254 857 2328 exhibeant,
872 2271 1000 2314 non
1021 2254 1415 2321 examinavi.)
1433 2256 1672 2313 Rursus
1695 2260 1754 2312 et
1771 2253 2073 2313 Baronius

2171 1360 2414 1437 Syenae
2443 1359 2636 1421 fuisse
2657 1360 2792 1438 ipse
2813 1367 3067 1422 testatur
3087 1359 3232 1438 (11).
3257 1359 3546 1433 Accedit,
3586 1358 3776 1436 quod

2172 1458 2501 1519 Lausiacae
2523 1458 2812 1538 scriptori
2831 1460 3104 1519 Joannes
3125 1457 3190 1518 in
3215 1459 3382 1536 Lyco
3404 1455 3774 1536 praedixit,

2172 1553 2402 1632 ipsum,
2434 1557 2485 1616 si
2517 1557 2852 1636 episcopus
2878 1556 3075 1619 factus
3104 1563 3289 1628 esset,
3320 1555 3566 1617 multos
3589 1553 3778 1614 labo—

2174 1671 2273 1714 res
2343 1654 2845 1734 calamitatesque
2907 1673 3352 1735 perpessurum
3401 1672 3552 1716 esse
3613 1652 3774 1732 (12).

2174 1753 2454 1834 Denique
2486 1754 2662 1828 illud,
2704 1756 2874 1836 quod
2906 1755 3214 1817 Palladius
3244 1753 3592 1816 Lausiacae
3615 1753 3776 1815 scri-

2173 1860 2315 1933 ptor
2359 1861 2587 1929 narrat,
2631 1873 2721 1929 se,
2786 1863 3118 1935 postquam
3165 1856 3506 1935 episcopus
3557 1855 3776 1916 factus

2172 1970 2286 2031 per
2304 1952 2596 2013 undecim
2627 1970 2875 2014 menses
2902 1955 2966 2014 in
2997 1954 3152 2015 cella
3177 1953 3518 2014 tenebrosa
3552 1953 3772 2014 latue-.

2171 2053 2275 2128 rit,
2324 2054 2720 2115 recordatum
2773 2073 2910 2116 esse
2963 2056 3135 2116 verbi
3183 2055 3349 2118 beati
3392 2055 3674 2117 Joannis
3705 2055 3774 2114 in

2172 2157 2339 2234 Lyco
2363 2154 2509 2234 (13),
2543 2155 2776 2234 Optime
2801 2156 2878 2216 de
2909 2155 3075 2216 exilii
3109 2163 3416 2234 tempore,
3453 2171 3594 2234 quo
3631 2153 3776 2215 Pal-

2171 2251 2397 2326 ladius,
2432 2253 2838 2333 Helenopolis
2887 2255 3247 2334 episcopus,
3292 2255 3360 2316 in
3397 2259 3775 2334 Aegyptum

2101 1821 2144 1876 Β

500 2359 561 2413 et
590 2353 1020 2415 Tillemontius
1053 2354 1429 2432 tradunt(4),
1472 2354 1838 2432 scriptorem
1871 2354 2076 2413 Histo-

501 2452 628 2513 riae
669 2454 997 2515 Lausiacae
1037 2457 1275 2515 Romae
1315 2454 1396 2514 ob
1428 2471 1678 2514 causam
1710 2454 1769 2512 S.
1814 2451 2074 2514 Joannis

503 2553 969 2632 [Chrysostomi]
986 2561 1332 2615 morantem
1347 2553 1655 2614 aPiniano
1670 2552 1969 2614 Melaniae
1984 2552 2076 2613 iu-

502 2653 695 2714 nioris
721 2657 942 2715 marito
974 2661 1305 2735 exceptum
1338 2670 1498 2714 esse.
1523 2654 1698 2726 Quod
1719 2653 1973 2733 quidem
2007 2653 2073 2714 in

501 2750 773 2812 editione
813 2751 1156 2832 Meursii(5)
1200 2758 1260 2813 et
1289 2751 1353 2812 in
1388 2750 1680 2812 Paradiso
1704 2750 1781 2831 (6)
1822 2751 2070 2828 legitur,

500 2849 608 2909 sed
654 2853 828 2910 deest
857 2849 922 2909 in
966 2849 1288 2911 codicibus
1338 2848 1935 2910 Vindobonensibus
1991 2846 2072 2926 (7)

501 2954 562 3007 et
590 2947 656 3007 in
690 2947 942 3026 antiqua
972 2947 1282 3008 versione.
1331 2946 1612 3023 Denique
1640 2944 2075 3005 Tillemontius

500 3047 834 3112 Historiam
882 3047 1241 3108 Lausiacam
1297 3047 1362 3106 in
1410 3045 1734 3107 codicibus
1784 3043 2072 3104 Palladio

2172 2353 2475 2417 abductus
2507 2363 2622 2430 est,
2653 2356 2777 2417 dici
2805 2363 3027 2435 potest.

2255 2558 2329 2616 At
2355 2555 2497 2629 alia,
2549 2573 2710 2634 quae
2745 2555 2824 2617 de
2868 2554 3142 2618 Palladio
3171 2555 3594 2635 HelenOpolis
3624 2555 3770 2636 epi—

2175 2673 2372 2736 scopo
2412 2656 2478 2717 in
2519 2655 2769 2734 dialogo
2816 2656 3131 2734 leguntur,
3173 2675 3318 2718 eum
3357 2657 3609 2720 scilicet
3656 2675 3769 2736 sy-

2175 2756 2347 2818 nodo
2373 2757 2475 2817 isti
2503 2757 3220 2837 Constantinopolitanae
3252 2759 3648 2834 interfuisse,
3700 2760 3769 2823 in

2174 2852 2507 2914 Lausiacae
2545 2854 2917 2932 scriptorem
2958 2855 3182 2916 cadere
3221 2864 3575 2935 nequeunt.
3623 2857 3769 2918 Pri-

2174 2969 2342 3012 mum
2377 2953 2542 3013 enim
2571 2953 2909 3032 descriptio
2954 2961 3334 3034 temporum,
3375 2975 3497 3035 qua
3543 2957 3653 3018 hic
3700 2957 3769 3020 in

2175 3049 2446 3110 Historia
2471 3050 2763 3111 Lausiaca
2786 3051 2920 3129 ipse
2940 3051 3154 3124 utitur,
3179 3060 3392 3130 aperte
3416 3060 3763 3132 repugnat.

502 3140 898 3218 Helenopolis
952 3143 1235 3220 episcopo
1285 3142 1475 3202 tribui
1525 3143 1710 3202 docet
1743 3140 1856 3219 (8),
1905 3139 2077 3217 quod
2106 3156 2144 3208 Ο
2178 3147 2413 3207 Deinde
2468 3148 2780 3210 Palladius
2835 3152 3166 3212 Lausiacae
3211 3155 3498 3232 scriptor,
3558 3171 3764 3232 quum

502 3255 631 3304 non
678 3239 936 3300 omnino
983 3258 1198 3301 verum
1253 3248 1374 3314 est;
1440 3258 1582 3301 nam
1621 3240 1872 3301 codices
1921 3239 2070 3298 Vin-

503 3340 901 3420 dobonenses
969 3358 1106 3402 eam
1167 3341 1455 3403 Palladio
1509 3343 1793 3421 episcopo
1853 3339 2076 3401 inseri-

503 3440 661 3528 bunt
692 3439 801 3515 (9).

579 3634 688 3706 83
735 3637 956 3697 Fateor
998 3652 1094 3709 ea,
1150 3652 1310 3714 quae
1353 3634 1626 3698 Palladio
1671 3636 2078 3718 HelenOpolis

505 3888 602 3942 401
643 3886 883 3942 habitam
925 3903 1046 3943 esse
1074 3889 1306 3958 putavit,
1337 3890 1483 3960 quod
1512 3890 1736 3961 quidem
1756 3908 1934 3962 neque
1950 3909 2074 3948 cum

510 3981 690 4034 verbis
733 3981 935 4050 dialogi
971 3984 1032 4051 (1.
1069 3983 1156 4050 1.),
1201 4000 1314 4052 quo
1359 3993 1472 4036 tum
1510 3985 1802 4038 tumultum
1856 3995 2076 4055 propter

507 4072 736 4126 Gainam
770 4073 1065 4127 barbarum
1103 4073 1275 4129 fuisse
1305 4075 1559 4138 traditur,
1593 4092 1770 4146 neque
1799 4093 1925 4131 cum
1965 4087 2075 4132 tota

507 4163 627 4232 ejus
657 4164 918 4230 temporis
955 4163 1308 4234 chronologia
1343 4166 1618 4220 convenit.

580 4255 656 4325 (l)
696 4253 892 4308 Parad.
948 4270 1068 4323 cap.
1109 4255 1215 4322 22,
1278 4254 1390 4308 νγ.
1431 4256 1533 4309 ΡΡ.
1596 4257 1778 4311 Rosw.
1845 4273 1895 4325 p.
1947 4257 2074 4312 966.

508 4342 595 4397 (Ξῖ.
633 4343 851 4399 Baronii
901 4347 1098 4398 Annal.
1145 4363 1196 4400 a.
1245 4348 1388 4412 588;
1444 4346 1739 4401 Tillement
1787 4347 2076 4406 Mémoires

511 4435 573 4488 Τ.
604 4436 671 4488 xu
702 4451 753 4505 p.
781 4436 906 4491 510.

2184 3247 2555 3308 Alexandria
2586 3251 3108 3328 proﬁcisceretur,
3139 3252 3464 3332 hydrOpisi
3495 3254 3762 3316 laboras

2179 3342 2284 3403 bat
2314 3343 2459 3421 (14),
2511 3345 2590 3404 ita
2630 3351 2696 3405 ut
2735 3363 2880 3406 eum
2918 3348 3017 3407 vix
3055 3348 3373 3422 reducem,
3414 3357 3763 3428 postquam

2179 3458 2400 3502 recens
2445 3444 2783 3522 episcopus
2833 3445 3154 3507 ordinatus
3190 3454 3306 3519 est,
3363 3448 3440 3507 ad
3499 3463 3761 3516 causam

2181 3541 2476 3601 Antonini
2521 3542 2752 3621 Ephesi
2799 3544 3080 3623 episcopi
3133 3531 3636 3625 disceptandam,
3697 3543 3762 3605 id

2181 3639 2350 3718 quod
2379 3641 2660 3720 dialogus
2702 3645 2906 3718 tradit,
2947 3662 2983 3705 a
3009 3645 3254 3723 synodo
3285 3646 3559 3708 electum
3596 3663 3756 3711 esse.

2183 3897 2553 3964 πραιποσιτῳ
2597 3897 2787 3965 παρὰ
2827 3899 3272 3952 Παλλαδίου
3313 3899 3756 3953 ἐπισκόπου

2184 3987 2312 4053 περὶ
2355 3987 2499 4050 βίου
2551 3986 2848 4055 διαφόρων
2894 3988 3237 4055 ἀσκητικῶν
3280 3991 3374 4042 καὶ
3406 3991 3600 4044 ὁσίων
3644 4006 3757 4042 πα-

2185 4073 2358 4141 τρῶν.
2405 4071 2488 4127 tif.
2523 4073 2763 4128 Palladii
2813 4074 3112 4128 Historiam
3161 4075 3482 4130 Lausiacam
3517 4078 3590 4130 ad
3611 4076 3758 4131 codi-

2185 4166 2259 4218 cis
2311 4163 2725 4220 l’indobonensis
2769 4167 2925 4235 ﬁdem
2977 4184 3011 4220 α
3059 4168 3210 4222 nobis
3259 4169 3482 4224 breviter
3521 4170 3756 4224 delinea-

2185 4267 2295 4309 tam
2325 4256 2465 4309 infra
2497 4257 2531 4310 l.
2564 4258 2599 4310 Ι.

2254 4344 2367 4413 (10)
2401 4343 2610 4398 Pallad.
2639 4345 2774 4398 Dial.
2817 4347 2886 4401 de
2904 4348 3015 4400 vita
3040 4347 3094 4402 S.
3126 4347 3211 4402 Io.
3260 4349 3548 4418 Chrysost.
3599 4363 3650 4401 c.
3698 4347 3752 4400 5.

2182 4439 2235 4493 4.
2294 4440 2384 4492 20.
2419 4438 2476 4493 S.
2509 4439 2592 4493 J0.
2621 4441 2900 4511 (llirysost.
2939 4441 3077 4511 Opp.
3108 4442 3197 4495 ed.
3233 4441 3612 4496 Montt‘aue.T.
3641 4433 3757 4492 Xlll

582 4525 661 4597 (Ξ)
696 4525 839 4580 llist.
866 4526 1033 4580 Laus.
1081 4527 1169 4581 ed.
1223 4527 1426 4582 Meurs.
1463 4544 1583 4599 cap.
1616 4529 1684 4583 44
1706 4529 1844 4600 Opp.
1877 4529 2080 4586 Meurs.
2115 4522 2158 4578 D
2187 4545 2243 4600 p.
2297 4531 2357 4584 11
2417 4547 2564 4600 sqq.,
2611 4532 2682 4584 77
2727 4549 2837 4601 sq.,
2876 4532 3128 4588 Galland.
3166 4533 3305 4588 Bibl.
3351 4533 3456 4587 PP.
3509 4532 3574 4587 T.
3642 4528 3750 4582 Vlll

512 4619 547 4672 1.
591 4619 627 4672 l.
657 4633 712 4672 I.
752 4619 878 4672 472.

516 4619 547 4672 I.
591 4619 627 4672 l.
698 4660 712 4672 .
792 4620 878 4672 72.

516 4677 519 4682 λ
581 4619 836 4776 (ῖηίδῖι.
883 4727 937 4782 p.
968 4711 1093 4777 471,
1130 4710 1244 4765 vv.
1280 4710 1383 4764 rp.
1427 4710 1612 4767 nosw.
1651 4713 1746 4768 lib.
1786 4711 1903 4767 vm
1932 4729 1981 4768 c.
2011 4714 2080 4768 45

515 4819 566 4878 p.
609 4801 732 4865 740,
772 4802 827 4855 2.

583 4895 660 4963 (4)
703 4893 902 4948 Baron.
940 4893 1141 4950 Annal.
1189 4909 1241 4949 a.
1277 4895 1423 4962 388;
1467 4895 1765 4950 Tillemont
1793 4894 2080 4950 Mémoires

513 4979 678 5032 'r.x1
713 4997 768 5052 p.
804 4982 927 5034 515.

586 5071 664 5138 (5)
705 5069 843 5126 Hist.
883 5071 1047 5128 Laus.
1084 5073 1172 5128 ed.
1210 5072 1414 5128 Meurs.
1442 5086 1562 5141 cap.
1589 5071 1691 5127 123
1714 5069 1853 5142 Opp.
1880 5069 2077 5125 Meurs.

515 5163 552 5217 1.
580 5164 619 5217 1.
651 5177 706 5231 p.
747 5161 872 5217 604.

583 5253 663 5323 (6)
691 5253 828 5323 Cap.
859 5253 1082 5318 49,νν.
1114 5255 1218 5309 PP.
1252 5255 1437 5328 Rosvv.
1465 5269 1517 5323 p.
1549 5255 1674 5314 980.
1709 5254 1762 5308 l.

582 5344 660 5413 (7)
692 5341 774 5397 Cl.
825 5343 1062 5396 Palladii
1113 5344 1410 5398 Historiam
1454 5342 1769 5398 Lausiacam
1823 5343 1890 5398 ad
1935 5341 2082 5394 codi-

515 5437 587 5488 cis
619 5435 1032 5490 Vindobonensis
1055 5435 1211 5502 ﬁdem
1247 5454 1279 5488 a
1313 5439 1460 5498 nobis
1493 5437 1714 5491 breviter
1735 5435 2076 5492 delineatam,

516 5523 659 5580 intra
677 5525 806 5577 huic
828 5534 1048 5578 nostrae
1065 5523 1288 5578 editioni
1308 5524 1578 5580 Historiae
1603 5523 1905 5580 Lauciacae
1927 5537 2082 5592 prae-

518 5609 770 5687 positam.

590 5697 671 5757 (8)
711 5697 1000 5756 Tillemont
1024 5697 1312 5754 Mémoires
1341 5701 1376 5753 1.
1415 5702 1453 5753 1.
1482 5718 1536 5771 p.
1574 5701 1699 5755 500.

590 5788 669 5857 (11)
717 5788 1101 5858 Ἀντίγραρον
1138 5789 1466 5857 ἐπιστολῆς
1497 5791 1819 5860 γραφείσης
1859 5788 2078 5850 Aulim,»

2184 4638 2238 4691 p.
2271 4621 2376 4676 267
2409 4639 2531 4692 sqq.
2565 4624 2688 4678 5‘20.
2726 4623 2852 4678 32L

2255 4715 2369 4783 (ll)
2431 4712 2570 4769 llist.
2627 4713 2770 4770 Laus
2852 4713 3070 4785 Prolog.
3129 4715 3268 4785 Opp.
3339 4712 3544 4770 Meurs.
3611 4715 3650 4768 l.
3711 4713 3748 4767 l.

2184 4819 2238 4872 p.
2270 4803 2390 4857 559.
3753 4805 3758 4813 ’

2257 4895 2368 4964 (12)
2411 4894 2546 4949 Ibid.
2581 4910 2701 4964 cap.
2735 4897 2806 4951 44
2834 4912 2888 4966 p.
2924 4896 3053 4952 471.

2254 4986 2364 5053 (is)
2425 4984 2558 5040 Ibid.
2590 4988 2626 5041 ι.
2663 4989 2700 5042 l.

2265 5077 2378 5146 (14)
2416 5076 2694 5133 Palladius
2734 5080 2916 5135 tribus
2949 5095 3110 5135 annis
3151 5088 3442 5150 postquam
3485 5078 3747 5134 Joannem

2185 5169 2238 5222 in
2276 5167 2424 5237 Lyco
2460 5170 2671 5234 invisit,
2701 5170 2738 5224 i.
2769 5186 2819 5224 e.
2848 5181 3086 5226 exeunte
3123 5187 3268 5226 anno
3298 5173 3402 5226 597
3435 5171 3530 5240 (cf.
3586 5182 3745 5236 supra

2187 5277 2240 5330 p.
2271 5261 2386 5329 2|),
2435 5261 2625 5329 splene
2674 5271 2729 5317 et
2779 5264 3066 5317 stomacho
3119 5265 3370 5320 laborare
3420 5266 3617 5334 coepit.
3647 5260 3747 5326 Qui

2187 5352 2410 5406 morbus
2440 5352 2638 5406 deinde
2670 5352 2726 5406 in
2752 5353 3078 5424 hydropisin
3105 5357 3288 5422 vertit,
3320 5356 3466 5411 unde
3503 5371 3533 5409 a
3569 5351 3748 5409 fratri-

2187 5443 2291 5499 bus
2318 5443 2711 5498 Alexandriam
2734 5447 2939 5501 missus
2980 5447 3320 5501 medicorum
3351 5447 3588 5501 consilio
3611 5443 3747 5498 aeris

2188 5534 2497 5588 subtilioris
2553 5536 2730 5603 gratia
2782 5546 3018 5590 exeunte
3057 5552 3206 5591 anno
3235 5536 3362 5600 400,
3424 5547 3484 5591 ut
3524 5533 3740 5607 patebit.

2186 5633 2280 5675 aut
2314 5623 2535 5676 ineunte
2566 5623 2660 5676 401
2724 5621 3172 5696 Πίονοεοιγιῐιεθι
3205 5627 3258 5680 in
3288 5625 3596 5696 Bithyniam
3645 5637 3735 5679 Ve:

2183 5714 2284 5788 nit.
2308 5711 2445 5767 Ilist.
2481 5712 2641 5767 Laus.
2674 5714 2708 5766 l.
2740 5714 2776 5766 l.
