4046 6470
227 381 274 440 lli

1774 403 2001 462 VITAE.
3450 419 3524 475 39,

237 499 622 609 nutiustante
640 510 911 609 aestate
938 518 1076 573 tam
1110 512 1359 591 longum
1384 515 1503 576 iter
1529 515 1848 595 Ephesum
1877 534 1924 588 Α
1952 521 2030 584 tis
2101 525 2337 598 nititur,
2399 527 2760 591 coniectura
2815 529 3052 609 optime
3123 531 3280 594 solvi
3322 531 3518 598 vides.

243 600 578 680 suscepisse
604 603 732 681 (1),
786 626 1031 688 parum
1066 612 1398 674 verisimile
1418 615 1516 679 sit.
1540 615 1650 687 84
1674 616 1841 678 Diffi-

248 700 480 762 cultates
510 708 749 765 autem
778 709 1176 787 expediendi
1203 713 1356 773 haec
1378 718 1565 774 restat
1591 714 1709 775 via.
1734 716 1845 776 So-

253 808 428 864 crates
451 801 661 865 refert
696 805 818 884 (2),
873 807 1224 870 Palladium
1254 811 1622 890 episcopum
1643 813 1832 874 Hele-

256 905 453 986 u0poli
484 909 839 986 Aspunam
878 912 1244 973 translatum
1283 929 1442 974 esse.
1475 913 1654 986 Quid,
1690 915 1743 975 si
1780 915 1843 976 id

264 1007 336 1070 ad
377 1006 739 1070 Palladium
812 1011 1188 1092 episc0pum
1270 1013 1501 1090 dialogi
1569 1014 1845 1092 scripto-

270 1120 380 1162 rem
441 1103 814 1182 pertineat,
905 1125 979 1170 ac
1037 1109 1249 1188 paullo
1316 1117 1458 1190 post
1531 1112 1842 1189 synodum

270 1203 636 1282 Ephesinam
667 1222 844 1268 anno
871 1205 979 1267 401
1015 1207 1287 1270 habitam
1322 1209 1555 1271 factum
1586 1209 1684 1282 sit,
1711 1209 1846 1270 Pal-

263 1305 449 1368 iadius
473 1326 642 1369 vero
671 1310 1013 1372 Lausiacae
1049 1311 1317 1388 scriptor
1341 1310 1465 1372 hoc
1501 1310 1643 1390 ipso
1675 1327 1842 1372 anno

259 1406 318 1466 in
342 1407 475 1467 eius
501 1407 730 1469 locum
760 1409 839 1469 sit
870 1406 1210 1470 sutiectus‘?

328 1511 532 1588 Atque
568 1525 712 1570 rem
746 1510 829 1570 ita
871 1526 936 1570 se
973 1509 1203 1571 habere
1237 1508 1522 1589 dialogus
1551 1507 1656 1570 ille
1690 1525 1846 1588 quo-

259 1607 598 1670 dammodo
647 1609 944 1670 ostendit.
989 1610 1172 1671 Cuius
1201 1610 1470 1688 scriptor
1511 1608 1738 1670 Photio
1783 1615 1845 1670 et

265 1709 526 1785 Georgio
585 1708 1014 1769 Alexandrino
1072 1708 1333 1769 testibus
1381 1713 1475 1769 est
1517 1707 1844 1768 Palladius

268 1807 583 1884 episcopus
621 1806 734 1888 (3),
778 1807 845 1867 in
887 1806 1208 1868 codicibus
1243 1804 1570 1868 Palladi-us
1601 1806 1840 1884 episco-

251 1924 370 1982 pus
395 1905 996 1991 :Heienopolita'nus,
1026 1905 1102 1967 ab
1143 1906 1284 1968 aliis
1307 1907 1490 1967 etiam
1522 1907 1842 1985 episcopus

252 2007 645 2084 Asponenst's
689 2007 894 2067 dict-us
919 2006 1023 2086 (4).
1073 2008 1130 2068 is
1171 2006 1360 2083 igitur
1391 2005 1458 2066 in
1488 2005 1736 2083 dialogo
1774 2022 1842 2068 se

251 2109 519 2169 Romam
599 2108 880 2187 primum
938 2109 1182 2170 venisse
1243 2108 1321 2188 (5)
1380 2108 1465 2168 ait
1519 2107 1840 2186 aliquanto

249 2215 395 2286 post
428 2207 786 2268 Palladium
812 2207 1406 2287 Helenopolitanum
1443 2208 1833 2286 episcOpum,

256 2323 440 2384 quem
472 2307 596 2366 sub
624 2307 1000 2368 innocentio
1029 2309 1193 2386 Papa
1225 2306 1311 2366 ibi
1340 2307 1534 2366 fuisse
1566 2306 1647 2367 ob
1687 2323 1838 2367 cau-

262 2421 389 2464 sam
417 2408 478 2464 S.
509 2404 948 2484 Chrysostomi
981 2405 1084 2486 (6),
1135 2413 1196 2467 et
1241 2423 1316 2466 eo
1356 2413 1661 2485 tempore,
1711 2424 1838 2485 quo

264 2500 539 2579 dialogus
577 2501 956 2575 instituitur,
997 2502 1164 2580 apud
1208 2501 1561 2579 Blemmyes
1611 2501 1678 2560 in
1717 2506 1836 2561 Ae-

265 2609 446 2678 gypto
479 2601 762 2662 detineri
790 2603 869 2681 (7)
908 2601 1141 2663 scribit.
1180 2604 1376 2662 Porro
1416 2601 1685 2679 scriptor
1713 2601 1842 2662 dia-

258 2697 379 2775 logi
410 2718 446 2761 a
475 2700 828 2762 Theodoro
859 2701 1149 2775 diacono,
1187 2718 1462 2780 quocum
1490 2699 1669 2760 illum
1703 2716 1837 2760 ser-

255 2815 507 2861 monem
548 2801 904 2874 conseruit,
953 2817 1141 2881 saepe
1172 2817 1285 2880 per
1323 2816 1516 2862 canos
1554 2815 1721 2870 suos,
1772 2803 1842 2858 ut

253 2916 464 2961 verum
496 2901 696 2974 dicat,
742 2919 936 2963 senex
963 2903 1322 2963 obsecratur
1352 2899 1462 2981 (8),
1507 2899 1678 2978 quod
1704 2897 1838 2959 sine

257 2999 445 3062 dubio
481 3002 552 3062 in
579 3001 930 3063 Palladium
955 3001 1285 3064 Lausiacae
1314 3001 1707 3080 scriptorem,
1731 2998 1839 3080 qui

258 3108 386 3162 tum
411 3102 516 3162 vix
545 3120 754 3164 annos
783 3103 1190 3182 quadraginta
1222 3108 1402 3163 natus
1429 3108 1582 3174 erat,
1613 3099 1838 3162 cadere

263 3218 384 3263 non
427 3210 670 3281 potest.
718 3203 896 3264 Unde
938 3203 1100 3264 inter
1139 3202 1296 3264 duos
1332 3201 1498 3262 illius
1535 3199 1839 3277 temporis

260 3300 570 3362 Palladios
614 3301 1022 3381 Helenopolis
1069 3303 1403 3382 episcopos
1445 3300 1837 3377 distinguen-

2019 623 2128 694 85
2158 627 2738 707 Quomodocunque
2779 647 2927 691 vero
2958 647 3058 691 res
3092 647 3160 691 se
3189 630 3398 705 habet,
3443 650 3516 693 ex

1941 725 2039 799 iis,
2097 743 2261 804 quae
2321 727 2792 806 disputavimus,
2843 729 2966 792 hoc
3022 730 3240 808 liquet,
3293 732 3520 792 iustam

1942 843 2193 887 causam
2242 843 2371 888 non
2417 845 2586 901 esse,
2627 847 2740 890 cur
2781 847 2924 894 cum
2965 830 3364 891 Tillemontio
3396 830 3517 912 (10)

1943 922 2372 1002 chronologia,
2399 943 2561 1004 quae
2583 927 2646 988 in
2668 927 2935 988 Historia
2955 928 3248 990 Lausiaca
3268 928 3515 1004 legitur,

1942 1021 2157 1084 relicta
2201 1031 2562 1099 statuamus,
2604 1026 2950 1087 Palladium
2985 1027 3317 1089 Lausiacae
3358 1028 3518 1088 scri-

1943 1129 2190 1200 ptorem
2217 1141 2382 1186 anno
2416 1124 2526 1185 399
2555 1127 2926 1188 Alexandria
2955 1127 3309 1207 profectum
3353 1146 3516 1202 esse,

1940 1217 2200 1282 ineunte
2229 1238 2395 1283 anno
2423 1221 2534 1282 400
2558 1224 2928 1303 episcopum
2968 1242 3105 1285 esse
3135 1225 3516 1298 ordinatum,

1945 1323 2007 1376 et
2046 1317 2112 1376 in
2154 1318 2407 1380 Nitriam
2449 1337 2616 1381 anno
2648 1319 2758 1379 390
2796 1320 3066 1381 venisse.
3113 1324 3312 1383 Immo
3361 1322 3518 1384 haec

1943 1417 2154 1495 potius
2182 1419 2452 1481 tenenda
2480 1425 2573 1480 est
2604 1419 3032 1498 chronologia,
3057 1421 3397 1481 Palladium
3425 1439 3519 1483 se-

1945 1519 2154 1580 cundo
2184 1519 2520 1582 Theodosii
2555 1522 2760 1598 Magni
2789 1520 3141 1593 consulatu,
3193 1520 3302 1598 qui
3336 1520 3514 1582 ince-

1942 1617 2036 1696 pit
2059 1634 2094 1678 a
2118 1617 2400 1680 Calendis
2418 1619 2724 1681 Ianuariis
2751 1618 2899 1680 anni
2928 1618 3042 1678 388
3075 1617 3225 1697 (11),
3249 1618 3516 1679 Alexan-

1945 1718 2142 1779 driam
2172 1720 2512 1799 appulisse,
2539 1737 2706 1781 anno
2731 1718 2836 1780 391
2865 1718 2932 1778 in
2954 1718 3234 1792 Nitriam,
3257 1736 3329 1780 ac
3363 1719 3513 1779 sub-

1944 1828 2250 1898 sequente
2291 1821 2359 1882 in
2409 1821 2674 1882 Cellulas
2723 1820 2993 1893 venisse,
3050 1835 3346 1898 annoque
3401 1817 3508 1880 401

1951 1918 2322 1998 epiSCOpum
2345 1919 2410 1980 in
2441 1919 2729 1997 Bithynia
2759 1917 3116 1980 ordinatum
3150 1932 3310 1990 esse,
3347 1918 3518 1978 unde

1953 2018 2137 2078 etiam
2163 2019 2494 2079 Historiam
2521 2018 2901 2091 Lausiacam,
2929 2023 2997 2078 ut
3029 2034 3216 2095 supra
3251 2016 3370 2096 (l2)
3391 2017 3516 2077 iam

1949 2116 2304 2190 docuimus,
2351 2133 2517 2177 anno
2556 2116 2663 2177 421
2720 2116 3014 2195 scriptam
3055 2132 3193 2176 esse
3233 2132 3269 2175 e
3308 2115 3518 2176 verbis

1947 2216 2204 2279 Palladii
2232 2216 2579 2278 coniicitur.

2029 2391 2186 2469 §21.
2241 2391 2418 2466 Quod
2473 2391 2524 2452 si
2573 2397 2664 2452 est
2711 2391 3126 2470 exploratum,
3182 2389 3518 2451 Macarium

1945 2491 2430 2552 Alexandrinum
2482 2490 2698 2551 saltem
2745 2507 2948 2568 usque
3001 2489 3075 2549 ad
3114 2507 3349 2550 annum
3405 2488 3518 2548 395

1947 2592 2344 2670 superstitem
2385 2591 2576 2651 fuisse
2631 2597 2910 2668 apparet.
2958 2591 3111 2650 Nam
3154 2596 3274 2649 tres
3317 2605 3519 2649 annos

1946 2708 2092 2752 cum
2135 2690 2409 2752 Palladio
2457 2689 2525 2749 in
2569 2687 2818 2748 Cellulis
2854 2686 3004 2746 vixit
3051 2687 3118 2745 in
3160 2688 3359 2764 quiete
3407 2685 3514 2746 de-

1945 2809 2095 2869 gens
2130 2789 2276 2869 (13).
2327 2793 2524 2867 Atque
2556 2787 2709 2866 quin
2740 2793 2864 2846 tres
2908 2784 3094 2863 primi
3136 2784 3307 2856 anni,
3357 2801 3518 2862 quos

1946 2889 2255 2950 Palladius
2277 2888 2343 2948 in
2369 2886 2616 2947 Cellulis
2639 2883 3038 2959 transigebat,
3063 2883 3514 2961 signiﬁcentur,

1946 3003 2076 3048 non
2096 2985 2277 3047 facile
2298 2984 2630 3046 dubitabis.
2661 2984 2788 3043 Nec
2811 2991 2866 3042 te
2883 2982 3517 3060 Hierosolymitanum

1944 3089 2086 3162 iter,
2145 3087 2316 3166 quod
2357 3085 2668 3147 Palladius
2711 3083 2872 3144 circa
2900 3099 3136 3142 annum
3180 3081 3293 3141 394
3334 3081 3516 3142 insti-

1946 3192 2060 3253 tuit
2101 3190 2246 3272 (14),
2285 3189 2621 3270 quominus
2657 3194 2784 3247 tres
2815 3186 3051 3266 primos
3091 3202 3293 3246 annos
3322 3183 3518 3244 fuisse

1946 3292 2138 3364 dicas,
2179 3290 2505 3370 impediet.
2557 3287 2868 3348 Palladius
2911 3286 3103 3359 enim,
3145 3285 3254 3363 qui
3293 3301 3520 3344 novem

259 3400 410 3462 dum
439 3419 585 3463 esse
627 3401 948 3480 probabile
981 3409 1073 3462 est
1104 3401 1210 3483 (9).
1256 3399 1434 3473 Quod
1481 3400 1532 3460 si
1573 3407 1834 3470 constat,
1866 3393 1912 3454 C
1943 3411 2166 3464 annos,
2191 3407 2549 3470 quanquam
2583 3388 2951 3468 saepissime
2979 3388 3216 3448 interea
3243 3386 3522 3467 peregri-

261 3499 695 3562 diiiicultatem
761 3500 903 3575 illa,
985 3518 1146 3580 quae
1204 3498 1566 3562 testimonio
1624 3500 1842 3558 Socra-

333 3685 411 3754 (1)
447 3682 662 3738 Pallad.
694 3683 964 3754 Dial.cap.
990 3686 1076 3738 15.
1102 3686 1190 3740 11.
1214 3683 1270 3740 S.
1291 3683 1720 3754 Chrysost.0pp.
1740 3683 1776 3735 l.
1799 3682 1834 3735 l.

267 3790 320 3846 p.
345 3775 580 3844 495qq.,
607 3773 857 3829 Gallaud.
882 3774 1019 3829 Bibl.
1038 3775 1210 3830 PP.'l.
1241 3778 1276 3830 l.
1310 3793 1362 3845 p.
1381 3775 1507 3837 298.
1543 3777 1666 3833 299.
1715 3776 1839 3832 ³500.

331 3866 406 3936 (2)
450 3864 615 3920 Socr.
678 3864 820 3920 Hist.
874 3864 1022 3920 Eccl.
1070 3865 1168 3921 lib.
1216 3865 1308 3920 Vll
1363 3884 1481 3940 cap.
1542 3868 1610 3924 56
1660 3869 1747 3924 ed.
1803 3867 1842 3920 1.

274 3970 323 4025 p.
352 3955 478 4011 581.

334 4049 412 4116 (5)
447 4046 534 4101 Ci.
576 4062 746 4116 supra
791 4063 845 4118 p.
877 4047 967 4102 81.

334 4139 412 4210 (4)
456 4140 695 4193 Emeric.
729 4139 904 4210 Bigot.
945 4139 1014 4194 de
1049 4137 1293 4195 Palladio
1328 4141 1584 4211 episcopo
1612 4138 1846 4194 Heleno-

267 4234 517 4302 politano
544 4230 726 4287 Praef.
752 4233 806 4285 in
826 4230 968 4286 Bibl.
985 4228 1231 4285 Galland.
1249 4233 1286 4285 l.
1305 4233 1340 4286 l.
1363 4233 1576 4302 Proleg.
1607 4247 1659 4301 p.
1679 4229 1841 4287 XXV.

336 4323 416 4393 (5)
450 4321 588 4390 Cap.
627 4320 676 4385 1,
709 4318 766 4375 S.
802 4320 1086 4390 Chrysost.
1114 4319 1251 4390 Opp.
1285 4322 1322 4377 Ι.
1347 4322 1385 4377 1.
1421 4338 1474 4392 p.
1511 4325 1566 4388 5,
1592 4320 1840 4376 Galland.

269 4414 408 4468 Bibl.
443 4413 548 4466 PP.
583 4414 620 4466 1.
653 4413 690 4466 1.
731 4428 784 4482 p.
806 4411 931 4465 261.

336 4506 418 4571 (6)
455 4505 591 4574 Cap.
639 4506 706 4569 5,
754 4503 814 4558 S.
846 4503 1128 4574 Chrysost.
1167 4503 1305 4574 Opp.
1341 4505 1377 4558 Ι.
1415 4504 1453 4558 l.
1489 4519 1544 4574 p.
1587 4505 1687 4569 11,
1718 4503 1844 4560 Gal-

266 4595 416 4648 land.
443 4594 587 4648 Bibl.
625 4593 726 4646 rp.
755 4593 790 4646 1.
819 4594 852 4646 1.
870 4609 924 4663 p.
953 4593 1074 4647 267.

335 4684 416 4753 (τ)
457 4683 699 4751 Cap.20,
727 4683 784 4737 S.
807 4683 1088 4752 Chrysost.
1110 4679 1247 4752 Opp.
1280 4682 1374 4738 1.1.
1402 4697 1458 4752 p.
1482 4681 1572 4747 77,
1594 4680 1844 4740 Galland.

267 4773 407 4829 Bibl.
433 4773 542 4827 pr.
566 4773 605 4825 1.
623 4775 724 4843 Lp.
745 4774 868 4828 520.

337 4867 418 4938 (8)
460 4867 601 4936 Cap.
637 4866 691 4928 4.
729 4867 786 4919 S.
835 4866 1119 4936 Chrysost.
1172 4863 1312 4934 Opp.
1345 4864 1385 4918 1.
1413 4863 1450 4918 1.
1500 4878 1552 4932 p.
1586 4863 1674 4931 16,
1718 4861 1849 4918 Gal-

273 4959 422 5012 land.
455 4957 600 5012 Bibl.
633 4955 737 5010 PP.
777 4957 815 5010 1.
844 4958 880 5011 1.
924 4972 977 5027 p.
1010 4955 1135 5011 270.
1199 4956 1328 5021 271,
1379 4961 1435 5010 et
1480 4954 1688 5024 passim
1742 4967 1842 5023 per

279 5050 491 5116 dialogu
499 5065 552 5101 m
564 5086 579 5099 .

353 5139 429 5204 (9)
480 5135 533 5190 id
574 5133 872 5204 Gregorius
905 5132 1310 5194 Alexandrinus
1358 5138 1412 5186 et
1447 5129 1678 5186 Photius
1719 5143 1846 5184 sene

286 5225 427 5279 sisse
455 5225 733 5288 videntur,
767 5223 862 5294 qui
905 5224 1230 5291 scriptorem
1274 5220 1476 5289 dialogi
1523 5218 1848 5288 simpliciter

287 5315 588 5369 Palladium
623 5315 918 5384 episcopum
939 5313 1150 5368 dicunt.
1179 5312 1259 5366 Ac
1280 5310 1513 5366 Pbotius
1537 5308 1844 5364 Palladium

272 5409 597 5479 episcOpum
644 5405 1153 5476 Helenopolitanum
1193 5411 1353 5458 antea
1387 5401 1548 5469 (Bibl.
1603 5417 1672 5456 ex
1727 5415 1843 5454 rec.

275 5499 499 5556 Bekkeri
530 5516 586 5570 p.
619 5499 702 5566 18,
735 5501 771 5554 b
800 5498 1140 5552 laudaverat.
1167 5494 1476 5555 Palladium
1525 5495 1843 5564 episc0pum

274 5607 400 5646 cum
449 5591 628 5647 tribus
673 5593 797 5647 aliis
837 5587 1118 5659 episcopis
1165 5587 1223 5640 S.
1255 5585 1650 5656 Cbrysostomo
1681 5585 1843 5654 pulso

279 5686 504 5738 Romam
544 5685 756 5740 venisse
782 5677 1141 5737 innocentius
1167 5678 1312 5748 Papa
1354 5679 1504 5732 clero
1531 5677 1844 5730 Constanti-

279 5775 618 5845 nopolitanae
663 5774 939 5831 ecclesiae
990 5769 1234 5837 scripsit.
1285 5768 1339 5822 S.
1377 5767 1667 5837 Chrysost.
1703 5763 1839 5837 Opp.

279 5865 366 5934 ed.
401 5864 737 5934 Montfaucon
770 5866 839 5924 T.
876 5861 945 5917 111
996 5877 1051 5930 ι).
1086 5858 1205 5928 521.
1245 5857 1743 5938 Eundempropter
1785 5875 1844 5914 se

1948 3498 2129 3552 natus
2161 3488 2273 3557 86
2298 3494 2412 3560 est,
2455 3486 2522 3546 in
2562 3484 2811 3545 Cellulis
2851 3483 3229 3561 transegisse
3273 3500 3340 3544 se
3370 3499 3518 3542 nar-

1947 3682 2002 3731 et
2034 3682 2256 3745 propter
2283 3671 2572 3726 ecclesiam
2604 3670 2884 3725 aerumnis
2913 3668 3049 3723 allici
3090 3669 3208 3739 ipse
3255 3667 3308 3722 S.
3344 3667 3522 3739 Chry-

1944 3769 2226 3816 sostomus
2252 3757 2415 3812 tradit
2449 3759 2501 3809 in
2540 3773 2626 3826 ep.
2660 3757 2762 3811 148
2793 3759 2830 3810 1.
2863 3758 2898 3809 1.
2932 3772 2984 3826 p.
3019 3758 3143 3811 686.
3178 3757 3365 3811 Eidem
3392 3756 3520 3809 Pal-

1945 3853 2092 3906 ladio
2143 3849 2204 3906 S.
2255 3850 2688 3918 Cbrysostomus
2744 3849 2930 3915 (annis
2980 3845 3284 3918 404—407)
3323 3847 3524 3916 episto-

1944 3942 2053 3995 lam
2082 3940 2329 4009 scripsit,
2362 3941 2418 3993 in
2449 3938 2612 4008 cujus
2628 3938 2737 3993 ﬁne
2761 3939 2917 4007 petit,
2950 3949 3010 3992 ut
3033 3939 3210 4007 ipsum
3243 3936 3523 3992 Palladius

1947 4032 2015 4087 de
2051 4032 2368 4086 valetudine
2403 4044 2502 4085 sua
2531 4029 2826 4084 certiorem
2873 4028 3060 4082 faciat.
3105 4028 3204 4098 Ep.
3238 4029 3339 4083 115
3388 4028 3426 4081 l.
3480 4027 3520 4083 l.

1949 4139 2006 4192 p.
2041 4122 2165 4178 656.
2202 4121 2350 4188 Quae
2381 4120 2599 4192 quidem
2630 4121 2682 4174 in
2707 4127 3075 4191 aegrotantem
3096 4119 3363 4172 Historiae
3381 4117 3524 4172 Lau—

1949 4217 2130 4270 siacae
2176 4216 2501 4282 scriptorem
2554 4211 2757 4280 Optime
2802 4212 3024 4266 cadunt.
3075 4209 3337 4275 Plurima,
3382 4224 3526 4278 quae

1947 4304 2053 4358 viri
2081 4304 2231 4358 docti
2259 4304 2327 4358 de
2343 4302 2588 4355 Palladio
2607 4303 2979 4370 disputarunt,
3001 4302 3135 4371 legis
3157 4301 3297 4370 Opp.
3320 4299 3520 4356 Meurs.

1950 4394 2015 4449 Τ.
2053 4393 2167 4449 Vill
2191 4411 2244 4463 p.
2270 4394 2376 4448 650
2403 4409 2523 4462 sqq.
2569 4393 2656 4446 Cf.
2687 4393 2923 4447 Emeric.
2958 4392 3128 4462 Bigot.
3176 4393 3212 4445 l.
3245 4393 3311 4445 1.·

2018 4487 2130 4555 (10)
2188 4485 2482 4539 Tilleinont
2553 4485 2844 4540 ltlémoires
2909 4484 2974 4537 T.
3031 4483 3101 4536 Xl
3158 4485 3227 4538 de
3279 4482 3526 4539 Palladio

1879 4607 1921 4660 ι)
1952 4597 2004 4650 p.
2039 4579 2324 4634 500-555
2363 4579 2668 4647 etpassim.

2021 4673 2131 4741 (11)
2172 4669 2332 4725 Teste
2361 4669 2694 4724 Cassiodoro
2743 4665 2870 4722 inde
2900 4668 2968 4722 ab
3005 4681 3056 4719 a.
3087 4683 3144 4721 u.
3191 4665 3290 4721 601
3329 4680 3528 4719 consu-

1951 4765 2094 4818 latus
2125 4777 2155 4815 a
2177 4760 2434 4817 Calendis
2463 4758 2744 4814 Januariis
2782 4757 3279 4826 i11ccpit.Cassiod.
3315 4757 3522 4809 Chron.

1949 4855 2088 4924 Opp.
2119 4851 2373 4906 Cassiod.
2398 4853 2484 4906 ed.
2514 4851 2654 4905 1656
2682 4867 2734 4921 p.
2769 4851 2897 4914 681,
2926 4849 3015 4905 ed.
3055 4849 3240 4903 Gareti
3290 4865 3345 4917 p.
3394 4847 3523 4913 584,

1948 4943 2127 5016 Migne
2153 4943 2356 4997 Patrol.
2386 4940 2451 4995 Τ.
2489 4939 2654 4994 LXIX
2701 4956 2754 5009 p.
2789 4941 2950 4994 1225.
2980 4939 3067 4994 Cl‘.
3106 4939 3278 4993 ldeler
3321 4936 3522 4992 Lehrb.

1947 5037 2003 5093 d.
2039 5033 2413 5104 Chronologie
2456 5050 2511 5103 p.
2541 5033 2668 5088 528.
2704 5032 2790 5086 Ei.
2841 5031 3142 5085 Handbuch
3189 5031 3288 5085 der
3323 5030 3528 5084 matbe-

1949 5129 2252 5183 matisclien
2279 5141 2334 5179 u.
2377 5121 2736 5180 teclmischen
2772 5122 3144 5192 Cbronologie
3178 5120 3360 5175 Berlin
3386 5109 3531 5176 1825

1948 5217 2013 5272 Τ.
2041 5218 2087 5271 ΙΙ
2118 5233 2172 5287 p.
2208 5215 2328 5269 149.
2360 5213 2435 5268 De
2465 5229 2612 5268 anno
2644 5211 2749 5266 588
2783 5209 2857 5266 cf.
2912 5226 3080 5278 supra
3115 5225 3169 5280 p.
3201 5209 3271 5264 58
3305 5215 3424 5263 not.
3467 5209 3522 5264 5.

2018 5306 2131 5377 (12)
2185 5304 2247 5358 Ρ.
2295 5305 2386 5359 24.
2430 5302 2656 5357 Plurimi
2702 5315 2822 5356 eam
2880 5299 3044 5366 falso,
3098 5311 3158 5355 ut
3200 5301 3306 5354 iam
3353 5307 3522 5369 patet,

1952 5414 2097 5455 anno
2127 5397 2232 5451 420
2275 5403 2370 5450 aut
2398 5395 2502 5448 419
2543 5397 2807 5464 scriptam
2861 5409 2985 5449 esse
3032 5398 3384 5456 statuerunt;
3427 5405 3526 5443 an-

1950 5505 2082 5547 num
2114 5488 2214 5543 421
2248 5488 2563 5541 indicarunt
2585 5487 2729 5542 Cave
2758 5494 2815 5540 et
2852 5484 3053 5539 Oudin.
3081 5500 3197 5539 s.v.
3219 5480 3525 5550 Palladius,
3562 5504 3568 5511 -

1949 5590 2014 5638 et-
2037 5580 2297 5646 Rettberg
2329 5577 2384 5630 in
2415 5577 2558 5632 libro
2586 5595 2598 5631 :
2632 5578 2777 5646 Allg.
2817 5574 3121 5646 Encyklop.
3164 5587 3217 5632 ν.
3262 5569 3432 5636 Ersch
3463 5583 3522 5639 II,

1949 5673 2162 5731 Gruber
2189 5684 2216 5722 s
2263 5684 2315 5722 v.
2353 5668 2656 5722 Palladius.

2017 5762 2130 5833 (15)
2167 5757 2251 5812 Cl‘.
2288 5773 2453 5828 supra
2482 5773 2534 5830 p.
2573 5760 2661 5813 66.

2019 5856 2130 5926 (11)
2168 5848 2254 5918 Cf.
2295 5867 2460 5931 supra
2497 5867 2547 5921 p.
2581 5852 2670 5905 2i.
2698 5848 2788 5912 22.
