4046 6476
546 412 617 466 8'5
1373 415 1480 474 SS.
1522 415 1981 473 MACARIORUM
2020 413 2343 471 AEGYPTII
2384 414 2472 468 ET
2504 415 2976 473 ALEXANDRINI
3782 402 3860 457 84

541 534 658 601 rat,
698 529 884 591 etiam
918 536 1046 593 tres
1072 550 1139 594 se
1174 550 1374 596 annos
1403 552 1547 597 cum
1582 535 1852 597 Macario
1888 534 2114 595 vixisse
2144 538 2190 593 Α
2218 533 2296 594 de
2330 542 2391 594 te
2434 533 2714 594 audirem
2742 557 2769 588 υ
2819 533 2926 613 (7).
2967 534 3170 604 Quare
3224 537 3366 609 post
3406 538 3681 587 annum
3714 524 3854 588 335

543 626 754 689 dicere
785 632 1008 708 potuit,
1041 633 1156 693 etsi
1189 635 1297 695 illo
1336 642 1620 715 tempore
1654 636 1841 696 breve
1870 635 1988 696 iter
2015 634 2116 696 in-

546 727 833 791 stituerit.
870 733 1207 795 Macarium
1232 737 1300 796 in
1329 738 1529 815 quiete
1558 738 1785 797 sedisse
1815 736 1916 797 vix
1951 735 2117 797 aliud

547 826 889 906 quidquam
921 831 1249 908 significat,
1274 835 1395 896 nisi
1430 853 1576 897 eum
1606 852 1868 897 munere
1904 852 2115 897 sacer-

545 926 697 987 dotii
722 928 787 988 in
808 947 989 991 usum
1010 933 1268 995 fratrum
1290 942 1548 1015 propter
1566 942 1955 998 senectutem
1983 943 2117 998 tum

544 1041 675 1087 non
715 1030 984 1109 amplius
1031 1033 1313 1096 functum
1357 1053 1494 1097 esse
1528 1035 1636 1115 (1).
1682 1037 2118 1098 Tillemontius

543 1138 579 1182 e
622 1124 827 1185 verbis
874 1128 1125 1189 Palladii
1172 1130 1499 1205 conclusit,
1544 1132 1744 1194 tribus
1774 1132 1896 1193 illis
1934 1133 2118 1195 annis

543 1222 773 1302 elapsis
798 1228 1129 1289 Macarium
1170 1231 1399 1292 obiisse
1440 1231 1546 1311 (2),
1581 1234 1749 1294 unde
1779 1250 1948 1294 mors
1982 1233 2117 1295 eius

539 1320 609 1382 in
651 1340 884 1386 annum
942 1327 1054 1388 395
1102 1331 1373 1405 caderet,
1426 1339 1488 1394 et
1534 1333 1790 1413 quidem
1851 1339 2117 1396 testante

540 1423 981 1503 Martyrologio
1022 1427 1085 1488 in
1113 1431 1190 1489 IV
1216 1438 1357 1491 ante
1380 1434 1539 1493 Non.
1562 1434 1906 1507 Ianuarias,
1923 1436 2114 1495 Grae-

542 1522 631 1583 cis
658 1525 930 1587 Menaeis
970 1528 1232 1590 tcstibus
1270 1531 1336 1591 in
1368 1532 1499 1592 XIV
1541 1540 1685 1592 ante
1717 1532 1966 1594 Calend.
2000 1535 2117 1593 Fe-

541 1620 821 1685 bruarias
856 1623 961 1705 (3).
1008 1628 1130 1689 Sed
1161 1647 1311 1690 num
1354 1648 1389 1691 e
1433 1632 1638 1693 verbis
1670 1631 1925 1693 Palladii
1962 1632 2117 1693 illud

540 1729 711 1785 recte
754 1724 963 1803 colligi
1002 1729 1218 1806 possit,
1250 1731 1315 1792 in
1347 1732 1608 1793 dubium
1656 1733 1793 1795 iure
1834 1742 2113 1795 vocatur.

2218 631 2596 710 baptizatum
2627 648 2762 693 esse
2790 648 2933 692 eum
2965 647 3149 708 aegre
3191 625 3567 689 credideris.

2298 729 2615 791 Fabricius
2657 729 2764 809 (8),
2821 732 3053 791 Caveus
3105 727 3231 809 (9),
3301 724 3604 787 Oudinus
3661 718 3852 799 (10),

2219 828 2297 889 de
2328 828 2541 890 Nessel
2575 828 2721 911 (11),
2750 830 2976 892 Pritius
3001 827 3119 908 (12)
3156 827 3369 889 nescio
3394 824 3657 903 quibus
3689 819 3857 881 fulti

2218 929 2566 992 rationibus
2600 929 2874 1002 tradunt,
2925 928 3259 989 Macarium
3304 923 3855 987 Alexandrinum

2218 1044 2385 1088 anno
2433 1027 2547 1089 404
2582 1046 2617 1089 e
2654 1028 2777 1089 vita
2824 1028 3190 1089 decessisse.
3239 1024 3361 1086 Sed
3397 1024 3498 1083 vix
3536 1019 3853 1082 dubium

2220 1135 2333 1201 est,
2376 1128 2530 1207 quin
2569 1129 2636 1189 in
2682 1146 2827 1190 eum
2867 1145 3141 1189 errorem
3181 1126 3327 1187 ideo
3363 1122 3629 1185 inducti
3676 1120 3851 1192 sint,

2218 1228 2389 1307 quod
2415 1230 2477 1289 in
2507 1235 2676 1290 textu
2701 1247 2925 1307 graeco
2957 1228 3207 1289 Meursii
3233 1226 3380 1307 (13),
3409 1226 3474 1286 in
3502 1223 3851 1285 versione

2216 1330 2468 1391 Herveti
2514 1328 2633 1411 (14)
2684 1339 2872 1408 atque
2917 1329 2983 1389 in
3030 1328 3324 1390 Paradiso
3372 1324 3491 1407 (l5)
3541 1323 3849 1401 legitur,

2217 1431 2551 1491 Macarium
2574 1429 3058 1491 Alexandrinum
3077 1429 3344 1490 Macario
3370 1424 3716 1504 Aegyptio
3742 1424 3852 1483 iu-

2218 1531 2461 1593 niorem
2482 1531 2696 1592 fuisse.
2726 1532 2795 1592 Id
2824 1549 2970 1593 vero
2994 1531 3046 1592 si
3074 1530 3315 1604 fuisset,
3349 1546 3492 1590 eum
3517 1532 3691 1606 post
3726 1541 3851 1585 an-

2218 1648 2367 1691 num
2408 1631 2518 1691 300
2575 1638 2812 1706 natum,
2868 1636 3011 1711 post
3068 1646 3305 1692 annum
3362 1626 3474 1689 340
3514 1625 3844 1705 baptiza-

2220 1737 2350 1791 tum
2408 1748 2569 1805 esse,
2623 1738 2685 1793 et
2744 1738 2887 1793 ante
2934 1748 3170 1792 annum
3214 1728 3326 1789 348
3375 1734 3633 1790 tantam
3698 1725 3843 1786 vir-

540 1823 876 1887 Macarium
923 1829 1090 1890 enim
1136 1839 1279 1910 post
1330 1832 1471 1894 illos
1506 1840 1630 1895 tres
1669 1851 1871 1896 annos
1909 1836 2112 1897 statim
2146 1877 2192 1937 B
2216 1832 2366 1893 tutis
2390 1831 2620 1895 famam
2648 1831 2860 1893 multis
2890 1831 3116 1892 abhinc
3138 1831 3321 1891 armis
3356 1829 3675 1891 habuisse
3708 1844 3841 1888 ne-

539 1923 811 1987 animam
848 1928 1089 1992 efﬂasse
1126 1931 1434 1993 Palladius
1473 1950 1598 1994 non
1637 1934 1808 2008 dicit,
1850 1936 1960 1996 sed
1992 1934 2113 1997 hoc
2146 1923 2191 1937 ν
2219 1950 2394 1994 cesse
2419 1940 2605 2008 esset,
2640 1933 2811 2013 quod
2837 1950 2874 1995 a
2903 1930 3444 1993 verisimilitudine
3468 1928 3683 2009 plane
3711 1926 3840 1988 ab-

541 2020 744 2083 solum
786 2041 798 2083 :
832 2026 1164 2088 Macarium
1207 2031 1577 2109 Aegyptium
1613 2049 1780 2093 anno
1820 2039 1962 2093 ante
2000 2033 2112 2093 ad-

539 2125 795 2180 ventum
828 2121 1027 2199 ipsius
1057 2125 1121 2185 in
1155 2126 1561 2189 solitudinem
1587 2136 1904 2191 mortuum
1943 2148 2112 2205 esse;

541 2234 687 2279 cum
714 2221 980 2285 Macario
1012 2232 1221 2287 autem
1256 2227 1697 2305 Alexandrino,
1742 2230 2116 2294 Cellularum

542 2320 936 2400 presbytero,
959 2343 1026 2387 se
1054 2332 1179 2389 tres
1208 2346 1409 2391 annos
1428 2332 1677 2395 vixisse.
1703 2334 1884 2407 Quid,
1909 2334 1960 2395 si
1984 2337 2115 2395 Ma-

539 2419 745 2481 carius
782 2422 1260 2504 Alexandrinus,
1299 2432 1409 2510 qui
1445 2433 1720 2496 Palladio
1754 2442 1913 2497 teste
1941 2434 2021 2516 (4)
2050 2436 2117 2497 in

540 2520 734 2585 Nitria
773 2530 833 2585 et
873 2525 937 2587 in
979 2527 1277 2593 interiore
1318 2540 1485 2597 vasta
1530 2535 1867 2598 solitudine
1928 2537 2117 2599 cellas

539 2617 779 2695 habuit,
824 2632 965 2703 post
1007 2626 1150 2690 illos
1189 2636 1316 2692 tres
1344 2650 1545 2695 annos
1581 2634 1648 2696 in
1674 2635 1859 2697 aliam
1895 2635 2117 2698 cellam

536 2720 737 2783 abiit?
771 2726 927 2797 Quid
963 2727 1014 2789 si
1053 2734 1420 2809 congressui
1452 2733 1712 2797 fratrum
1750 2738 2009 2798 omnino
2050 2755 2119 2799 se

539 2819 874 2884 subduxit?
904 2826 1144 2901 Fateor,
1182 2828 1561 2893 Tillemontii
1596 2834 1971 2896 sententiam
2006 2851 2115 2895 ve-

538 2916 861 2982 risimilem
897 2926 1153 3003 quidem
1193 2947 1352 3005 esse,
1399 2933 1511 2995 sed
1550 2941 1783 2997 certam
1822 2952 1961 2996 eam
2001 2952 2116 2996 ne-

542 3036 862 3099 quaquam
892 3023 1180 3087 dixerim.

618 3118 748 3192 Sin,
764 3121 1139 3186 Tillemontii
1158 3129 1522 3207 opinionem
1535 3135 1752 3208 secuti,
1767 3138 2116 3214 statuimus,

537 3223 868 3286 Macarium
895 3227 1376 3294 Alexandrinum
1399 3252 1615 3298 mense
1640 3240 1932 3303 Januario
1971 3242 2121 3304 anni
2148 3218 2190 3276 c

541 3318 657 3379 395
689 3322 809 3383 vita
848 3323 1213 3403 decessisse,
1251 3334 1519 3394 eundem
1561 3342 1705 3398 ante
1738 3355 1973 3400 annum
2005 3339 2121 3402 295

539 3426 779 3498 natum,
795 3433 856 3486 et
867 3434 1010 3489 ante
1030 3447 1263 3493 annum
1295 3433 1409 3494 335
1422 3435 1799 3515 baptizatum
1823 3458 1981 3517 esse,
1999 3450 2122 3505 sta-

536 3527 786 3585 tuamus
800 3542 1055 3590 necesse
1076 3536 1187 3592 est.
1203 3534 1355 3595 Nam
1373 3534 1647 3599 Palladio
1659 3545 1910 3601 auctore
1922 3558 2123 3604 annos

539 3622 946 3704 quadraginta
969 3637 1148 3691 natus
1173 3631 1549 3713 baptismum
1573 3640 1870 3718 suscepit,
1897 3657 1974 3702 ex
1992 3659 2122 3721 quo

539 3723 759 3786 saltem
796 3729 1115 3807 sexaginta
1156 3750 1358 3796 annos
1400 3736 1549 3798 vixit
1581 3736 1689 3820 (5).
1729 3740 1977 3803 Macarii
2009 3741 2119 3804 illo

540 3824 620 3885 ad
648 3826 1138 3893 Tabennesiotas
1162 3833 1387 3897 itinere
1408 3836 1771 3913 edocemur,
1800 3856 1943 3902 eum
1970 3847 2117 3903 ante

539 3940 777 3987 annum
804 3926 942 4003 348,
975 3948 1103 4010 quo
1138 3934 1511 3997 Pachomius
1542 3936 1709 3998 diem
1748 3956 2116 4019 supremum

542 4026 699 4087 obiit
730 4027 839 4108 (6),
883 4031 992 4100 87
1022 4050 1248 4111 magna
1280 4037 1443 4098 vitae
1483 4038 1893 4103 monachicae
1930 4041 2117 4104 laude

541 4124 865 4201 ﬂoruisse;
917 4130 1150 4191 etenim
1198 4133 1572 4196 Pachomius
1614 4136 1671 4197 ei
1707 4154 1720 4196 :
1760 4138 2114 4215 «Multis»,

541 4222 770 4303 inquit,
820 4251 847 4283 ς(
872 4227 1096 4291 abhinc
1131 4235 1313 4294 annis
1354 4236 1521 4315 cupii
1551 4242 1612 4298 te
1646 4236 1878 4312 videre,
1921 4258 2117 4319 quum

620 4373 697 4442 (1)
728 4373 903 4428 Simili
936 4377 1095 4430 modo
1145 4376 1410 4447 Ephracm
1445 4380 1555 4432 τὸν
1584 4381 1829 4449 ἥσυχον
1853 4383 1942 4437 ἀεὶ
1979 4384 2117 4448 ἐξα-

542 4465 775 4533 σκῆσαι
824 4467 970 4530 ,βίον
1024 4468 1251 4525 dicitur.
1305 4469 1445 4526 Hist.
1518 4473 1681 4529 Laus.
1746 4476 1836 4530 ed.
1909 4475 2113 4532 Meurs.

542 4570 665 4626 cap.
694 4558 784 4610 101
819 4557 956 4628 Opp.
992 4560 1190 4616 Meurs.
1228 4563 1263 4618 l.
1297 4564 1331 4619 ι.
1369 4580 1424 4633 p.
1452 4565 1577 4620 572.

618 4650 694 4719 (2)
736 4650 1028 4706 Tillemont
1071 4653 1360 4712 Mémoires
1402 4658 1489 4713 ed.
1544 4659 1830 4716 Bruxelles
1888 4658 1952 4714 Τ.
1999 4659 2113 4716 VIII

544 4737 608 4794 P.
645 4739 708 4792 ιιι
740 4758 791 4810 p.
833 4742 988 4801 ιιι-ιε.

617 4834 694 4902 (5)
735 4832 821 4887 Cf.
861 4833 1002 4889 infra
1029 4835 1206 4906 Caput
1241 4836 1375 4893 VIII.

616 4923 692 4993 (4)
736 4925 909 4995 Supra
946 4943 996 4996 p.
1026 4927 1112 4981 69.

617 5012 694 5081 (ει)
752 5012 838 5067 Cf.
870 5030 1031 5084 supra
1075 5012 1274 5085 §i9tL
1304 5014 1373 5069 75
1411 5032 1533 5086 saa-

620 5102 697 5171 (6)
736 5102 846 5155 AA.
875 5103 973 5158 SS.
1015 5105 1149 5161 Boll.
1189 5106 1290 5160 Mai
1320 5106 1383 5160 Τ.
1438 5107 1502 5160 IlI
1553 5124 1609 5178 p.
1663 5108 1769 5163 290
1820 5126 1940 5181 sqq.
1977 5150 1992 5173 ,
2039 5111 2115 5167 cf.

550 5191 848 5248 Tillemont
898 5195 1187 5255 Mémoires
1230 5202 1316 5254 ed.
1358 5198 1525 5254 Brux.
1590 5198 1655 5257 T.
1715 5200 1799 5254 VII
1838 5200 1898 5255 P.
1945 5202 2009 5256 III
2062 5221 2115 5274 p.

548 5287 573 5339 1
584 5287 708 5339 255.

623 5377 697 5445 (7)
741 5375 825 5429 Cf.
857 5392 1019 5446 supra
1049 5394 1102 5447 p.
1132 5380 1220 5433 7I.

561 5506 565 5510 .
623 5462 700 5531 (Β)
741 5461 880 5517 Bibl.
914 5463 1104 5517 Graec.
1165 5464 1252 5520 ed.
1290 5464 1527 5521 Harless.
1556 5466 1621 5519 T.
1661 5465 1775 5520 VIII
1822 5470 2116 5539 Hamburg.

551 5553 711 5613 1802,
738 5555 814 5615 4³,
849 5571 899 5622 p.
929 5554 1034 5608 565
1057 5570 1102 5608 s.
1126 5572 1177 5609 ν.
1197 5554 1471 5611 Macarius
1500 5559 1676 5611 iunior
1702 5560 2119 5612 Alexandrinus.

623 5642 698 5709 (9)
733 5641 957 5712 Scriptt.
980 5646 1177 5699 eccles.
1204 5644 1347 5699 Hist.
1369 5646 1473 5699 litt.
1495 5663 1607 5701 s.v.
1633 5647 2117 5715 Macariusjunior.

623 5732 736 5801 (10)
784 5733 1091 5790 Comment.
1114 5737 1183 5793 de
1223 5736 1453 5808 Scriptt.
1489 5739 1690 5795 eccles.
1728 5752 1777 5792 s.
1810 5755 1861 5793 v.
1894 5737 2122 5791 Macarii

554 5829 660 5877 Ire;
689 5826 946 5883 monachi.

2218 2032 2453 2096 horret.
2506 2033 2666 2095 Illud
2697 2051 2869 2107 vero,
2931 2032 3269 2095 Macarium
3308 2028 3840 2090 Alexandrinum

2215 2137 2523 2215 Aegyptio
2552 2136 2858 2198 iuniorem
2890 2134 3102 2207 fuisse,
3137 2149 3345 2213 neque
3377 2132 3441 2192 in
3472 2129 3837 2191 codicibus

2215 2234 2830 2308 Vindobonensibus,
2875 2251 3083 2313 neque
3108 2234 3176 2293 in
3218 2232 3473 2310 antiqua
3502 2230 3837 2291 versione

2217 2333 2505 2396 habetur.
2563 2335 2995 2396 Tillemontius
3046 2334 3379 2395 Macarium
3425 2331 3831 2392 Alexandri-

2217 2452 2368 2496 num
2398 2442 2597 2497 aetate
2617 2435 2807 2495 fuisse
2838 2435 3146 2496 minorem
3168 2434 3311 2494 ideo
3332 2433 3599 2512 putavit,
3638 2431 3833 2512 quod

2218 2536 2556 2615 scriptores
2587 2552 2729 2597 cum
2761 2552 3011 2615 semper
3051 2543 3190 2615 post
3224 2535 3559 2595 Macarium
3608 2537 3832 2613 Aegy-

2217 2638 2418 2716 ptium
2450 2638 3077 2699 commemoravcrint
3110 2635 3255 2716 (16).
3296 2638 3454 2697 Rem
3494 2638 3828 2699 Sozome-

2218 2754 2337 2797 nus
2366 2735 2656 2816 explicat,
2700 2737 2833 2816 qui,
2880 2743 3212 2817 postquam
3246 2737 3323 2798 de
3363 2737 3642 2798 Macario
3692 2740 3825 2798 Ae-

2219 2838 2436 2915 gyptio
2464 2837 2838 2917 disputavit:
2875 2836 3231 2898 «Macarius
3260 2858 3312 2910 »,
3342 2835 3571 2914 inquit,
3608 2860 3641 2891 α
3680 2835 3830 2896 Ale-

2218 2936 2562 2998 xandrinus
2630 2936 2829 2998 serius
2895 2935 3152 3015 quidem
3209 2937 3543 3015 presbyter
3604 2934 3827 2996 factus

2221 3042 2365 3097 est»
2392 3035 2537 3117 (17).
2578 3040 2779 3116 Atque
2826 3036 3016 3097 etiam
3062 3035 3393 3096 verisimile
3436 3042 3552 3109 est,
3598 3038 3827 3096 Maca—

2220 3137 2381 3199 rium
2426 3138 2540 3209 88
2582 3137 3073 3199 Alexandrinum
3114 3142 3257 3214 post
3301 3137 3647 3198 Macarium
3691 3139 3821 3196 Ae-

2225 3238 2510 3317 gyptium
2558 3235 2939 3297 monachum
2974 3235 3206 3298 factum
3247 3252 3405 3296 esse.
3463 3233 3827 3296 Macarium

2230 3355 2375 3400 vero
2416 3338 2902 3399 Alexandrinum
2945 3336 3253 3417 Aegyptio
3305 3342 3455 3397 natu
3490 3336 3821 3397 minorem

2226 3439 2443 3513 fuisse,
2492 3440 2615 3501 iam
2665 3440 2833 3519 apud
2872 3440 3232 3500 Makrizium
3267 3437 3421 3516 legis
3463 3435 3616 3517 (18).
3652 3438 3817 3509 Nec,

2229 3539 2398 3601 unde
2434 3556 2609 3600 error
2635 3539 2701 3600 in
2744 3538 2851 3601 illa
2879 3538 3189 3599 Historiae
3222 3537 3560 3598 Lausiacae
3589 3550 3819 3597 exem-

2226 3640 2425 3720 plaria
2474 3640 2820 3720 irrepserit,
2875 3646 3049 3702 certo
3090 3638 3343 3699 dixeris.
3402 3637 3554 3710 Quia
3592 3646 3817 3698 autem

2224 3741 2644 3801 Sozomenum
2665 3756 2759 3813 ea,
2783 3755 2945 3818 quae
2966 3737 3044 3799 de
3070 3736 3350 3798 Macariis
3371 3734 3585 3808 habet,
3612 3743 3647 3795 e
3667 3730 3813 3793 Pal-

2222 3841 2374 3903 ladii
2412 3840 2683 3903 Historia
2722 3839 3016 3902 Lausiaca
3052 3838 3425 3917 compilasse
3467 3836 3810 3898 manifesto

2220 3946 2415 4021 patet,
2433 3940 3289 4013 additamentum,Macarium
3312 3938 3811 4000 Alexandrinum
3857 3968 3869 3982 -

2220 4042 2420 4105 serius
2442 4041 2878 4121 presbyterum
2899 4056 3034 4099 esse
3054 4038 3443 4112 factum,iam
3467 4034 3809 4098 Sozomeni

2225 4149 2508 4222 tempore
2540 4142 2603 4202 in
2646 4141 2938 4202 Lausiaca
2970 4140 3277 4201 exstitisse
3309 4138 3640 4219 probabile
3687 4140 3801 4196 est.

2304 4248 2330 4319 ᾗ
2359 4243 2475 4304 22..
2510 4242 2631 4304 Sed
2669 4241 2748 4304 ad
2790 4240 3178 4302 narrationes
3213 4240 3380 4320 ipsas
3414 4238 3493 4301 de
3529 4233 3806 4300 Macario

2294 4385 2406 4453 (II)
2451 4383 2732 4452 Supplem.
2775 4382 3080 4436 Comment.
3112 4379 3369 4434 Lambec.
3397 4376 3632 4433 Vindob.
3662 4374 3803 4430 1696

2232 4474 2296 4530 Τ.
2333 4474 2375 4529 Il
2420 4475 2475 4528 in
2499 4474 2681 4527 indice
2711 4472 3057 4541 alphabetico
3088 4487 3136 4526 s.
3171 4487 3223 4525 v.
3256 4469 3530 4523 Macarius
3554 4469 3767 4537 iunior.

2151 4544 2193 4598 ί)
2294 4564 2405 4636 (12)
2437 4565 2493 4619 S.
2524 4564 2743 4617 Macarii
2787 4563 3033 4633 Aegyptii
3062 4563 3267 4632 Opusc.
3312 4574 3366 4618 et
3394 4563 3803 4633 Apuplithegm.

2226 4657 2376 4728 Lips.
2427 4658 2561 4713 1699
2594 4654 2774 4710 Praef.
2819 4654 2978 4726 §VII.

2295 4750 2407 4817 (I5)
2441 4748 2576 4818 Cap.
2606 4748 2677 4801 20
2706 4746 2845 4816 Opp.
2880 4745 3081 4799 Meurs.
3107 4746 3145 4802 l.
3184 4746 3219 4798 Ι.
3259 4761 3311 4815 p.
3339 4746 3463 4798 589.

2296 4843 2406 4912 (II)
2437 4840 2601 4906 Ibid.,
2651 4848 2708 4895 et
2756 4836 2870 4893 VV.
2922 4836 3024 4890 PP.
3057 4835 3243 4891 Rosw.
3274 4837 3371 4891 lib.
3410 4833 3527 4887 VIII
3572 4849 3694 4903 cap.
3732 4831 3799 4883 19

2226 4950 2278 5004 p.
2315 4933 2438 4996 719,
2480 4931 2536 4984 2.

2297 5028 2409 5096 (15)
2440 5023 2555 5079 VV.
2586 5022 2692 5078 PP.
2721 5020 2903 5077 Bosw.
2930 5033 3052 5089 cap.
3083 5017 3117 5072 6
3144 5034 3199 5089 p.
3225 5017 3350 5081 950,
3392 5019 3445 5072 1.

2295 5118 2408 5189 (16)
2461 5133 2481 5167 ‹
2536 5115 2692 5170 Celui
2753 5111 3140 5167 d’Alexandrie
3176 5125 3205 5162 a
3260 5108 3346 5163 été
3390 5111 3797 5179 apparemment

2232 5210 2546 5282 postérieur
2575 5207 2607 5262 ξι
2630 5206 2769 5261 celui
2804 5203 3065 5274 d’Egypte
3110 5202 3258 5255 aussi
3321 5201 3450 5256 bien
3479 5216 3619 5270 pour
3662 5198 3797 5253 I’en-

2227 5301 2348 5356 trée
2402 5300 2541 5353 dans
2595 5297 2647 5351 la
2703 5294 2939 5351 solitude
3004 5306 3112 5361 que
3174 5306 3313 5359 pour
3374 5291 3425 5344 la
3484 5293 3791 5347 naissance.

2229 5392 2520 5463 puisqu’on
2544 5390 2595 5445 le
2622 5396 2733 5443 met.
2767 5386 3023 5455 toujours
3054 5380 3217 5452 apres
3244 5382 3459 5438 I’autre.
3501 5403 3521 5436 ι
3570 5377 3793 5437 Mémoi-

2234 5502 2325 5540 res
2357 5484 2421 5538 T.
2447 5481 2565 5536 VIII
2590 5481 2648 5535 P.
2674 5480 2742 5533 ιιι
2777 5495 2812 5549 p
2869 5477 3029 5532 1045.

2296 5577 2412 5648 (I7)
2453 5576 2574 5631 Hist
2623 5574 2769 5628 Eccl.
2796 5573 2890 5627 lib.
2925 5571 2992 5626 III
3031 5589 3153 5642 cap.
3184 5572 3249 5624 M
3277 5568 3363 5623 ed.
3405 5568 3439 5621 l.
3478 5584 3532 5636 p.
3563 5564 3685 5620 5l6.

2310 5670 2424 5739 (18)
2456 5666 2675 5721 Macrizi
2702 5664 3031 5719 Geschichte
3051 5666 3150 5717 der
3178 5664 3388 5727 Copten
3422 5677 3469 5713 v.
3490 5657 3648 5712 [θυι-11.
3668 5649 3789 5707 Wil-

2235 5761 2467 5817 sterile-Id
2498 5760 2741 5829 Gotting.
2781 5757 2921 5813 1345
2951 5773 3005 5827 p.
3041 5756 3163 5811 ιιο.
3214 5755 3335 5808 ιιι.
