4046 6470
173 369 222 428 85

1733 394 1960 455 VITAE.

3398 413 3467 471 86

185 497 593 610 Alexandrino
628 519 674 565 e
736 506 1031 610 Historia
1058 508 1345 610 Lausiaca
1382 512 1655 590 prolatas
1684 531 1792 575 vc-
1823 525 1866 579 Α
1898 522 2148 598 sederit,
2178 525 2241 585 in
2270 527 2520 589 Herveti
2558 535 2618 591 et
2644 530 2709 591 in
2740 531 2992 610 antiqua
3020 531 3308 593 versione
3338 550 3469 595 non

192 604 421 665 alamus.
460 604 783 676 Quarum
824 608 1001 670 nulla
1025 610 1187 689 apud
1209 608 1396 671 alium
1427 612 1795 693 scriptorem

196 705 478 768 invenitur
514 714 809 784 praeter
840 709 1039 771 solam
1076 710 1153 771 de
1193 728 1518 789 magorum
1562 732 1793 776 monu—

206 812 388 867 mento
434 824 472 867 a
517 809 830 872 Macario
866 810 1283 874 Alexandrino
1324 813 1480 887 viso,
1530 832 1692 893 quae
1728 816 1795 877 in

206 906 346 967 libro
387 908 695 970 secundo
761 907 846 989 (l)
909 909 1041 971 fere
1088 910 1209 973 hoc
1258 913 1446 974 modo
1485 914 1791 976 habetur:

211 1009 525 1071 Macarium
547 1028 722 1091 prae
756 1012 984 1074 ceteris
1003 1012 1257 1074 senibus
1282 1020 1624 1076 amatorem
1655 1032 1795 1076 ere-

209 1110 294 1169 mi
320 1108 520 1181 fuisse,
556 1115 627 1170 et
658 1110 989 1172 inaccessa
1017 1119 1471 1190 perscrutatum
1500 1131 1639 1175 esse
1675 1114 1795 1175 de-

212 1219 379 1269 serta.
419 1210 792 1290 Aliquando
830 1228 974 1272 eum
1003 1212 1313 1274 invenisse
1346 1213 1553 1275 locum
1587 1214 1654 1275 in
1692 1232 1796 1276 re-

205 1309 564 1370 motissimis
578 1310 784 1371 eremi
806 1312 1082 1390 partibus
1096 1314 1365 1392 positum
1379 1315 1797 1395 omnibusque

1897 622 2111 685 culicis
2147 625 2346 701 elisio,
2388 628 2498 690 sed
2544 630 2795 708 spiritus
2836 630 3264 693 fornicationis
3301 633 3468 694 indi-

1897 730 2091 785 catur.
2139 727 2208 787 In
2256 727 2485 805 quibus
2531 728 2686 791 haec
2736 730 2889 807 legis
2920 749 2935 791 :
2972 755 2999 787 ‹‹
3030 732 3098 792 Ei
3132 732 3470 811 aliquando

1896 826 2245 887 molestiam
2294 828 2575 890 exhibuit
2621 831 2875 909 spiritus
2923 830 3377 906 fornicationis,
3411 839 3474 893 et

1896 931 2045 988 tunc
2076 928 2511 990 condemnavit
2539 931 2816 1009 seipsum
2846 932 3065 994 sedere
3094 934 3329 994 nudum
3362 950 3475 994 sex

1900 1044 2146 1088 menses
2174 1028 2238 1088 in
2269 1028 2494 1108 palude
2525 1031 2717 1092 Scetis
2746 1078 2758 1091 .
2791 1079 2803 1092 .
2833 1079 2845 1091 .
2877 1055 2905 1087 »
2939 1031 3043 1109 (3).
3090 1034 3281 1105 Quam
3322 1026 3472 1095 eau-

1897 1145 2027 1188 sam
2060 1127 2275 1190 falsam
2304 1146 2439 1190 esse
2469 1130 2753 1191 existimo
2785 1138 2845 1192 et
2872 1131 3020 1192 inde
3054 1133 3276 1204 ﬁctam,
3303 1132 3475 1211 quod

1896 1229 2268 1309 talispoena
2303 1232 2421 1293 soli
2460 1231 2677 1293 ultioni
2718 1232 2933 1293 culicis
2974 1234 3309 1311 pungentis
3346 1251 3476 1294 non

1900 1348 2174 1407 congrua
2202 1330 2329 1391 visa
2360 1331 2457 1391 sit.
2488 1333 2704 1392 Versio
2734 1333 2984 1392 Herveti
3015 1333 3288 1393 Macario
3329 1350 3481 1411 qua-

196 1408 383 1469 bonis
406 1408 761 1488 repletum.
784 1411 900 1470 Ubi
916 1411 1073 1473 duos
1084 1412 1391 1477 habitasse
1412 1414 1655 1492 fratres,
1686 1417 1796 1495 qui

190 1516 462 1589 propter
492 1510 971 1573 multitudinem
1014 1512 1390 1575 daemonum
1423 1516 1511 1576 ibi
1557 1516 1797 1594 degen-
1898 1532 2113 1587 monte
2141 1527 2369 1588 Nitriae
2399 1528 2566 1588 sitas.
2591 1528 2709 1588 Sed
2735 1528 2921 1589 Cellia
2950 1529 3026 1589 ad
3054 1529 3307 1606 Libyam
3340 1546 3481 1607 per-

194 1612 374 1681 tium,
396 1628 481 1671 ne
509 1610 770 1672 alioseo
792 1613 1796 1690 monachosdeduceret.eumad-
1898 1628 2240 1701 timuerunt,
2307 1647 2513 1708 neque
2583 1630 2832 1692 codices
2900 1647 3107 1707 neque
3170 1630 3479 1690 editiones

199 1712 593 1771 monuerint.
631 1713 977 1788 Regressus
989 1720 1194 1775 autem
1216 1733 1410 1794 quum
1433 1716 1803 1795 opportuni-

1911 1736 2272 1809 ceteraeque
2295 1730 2613 1791 versiones
2641 1730 2781 1809 plus
2806 1730 3003 1790 tribus
3033 1729 3279 1790 Macarii
3306 1728 3479 1790 cellis

205 1816 394 1869 tatem
417 1809 551 1871 loci
581 1808 885 1870 fratribus
916 1808 1274 1883 indicasset,
1300 1809 1640 1872 multorum
1668 1809 1801 1870 ani-
1837 1864 1874 1917 Β
1902 1808 2173 1889 norum,
2188 1830 2450 1907 Antiqua
2484 1808 2685 1890 versi},
2702 1847 2829 1890 non
2872 1830 3081 1903 habet,
3114 1828 3476 1902 Macarium,

200 1926 347 1969 mos
388 1910 827 1971 inﬂammatos
881 1927 1039 1983 esse,
1090 1909 1201 1971 sed
1248 1918 1490 1973 ceteros
1527 1911 1793 1973 dixisse:

194 2033 225 2061 σ
260 2010 471 2070 Locus
515 2009 640 2069 iste
679 2008 732 2069 si
764 2026 930 2080 vere,
977 2014 1047 2069 ut
1082 2008 1367 2083 iactatur,
1405 2027 1441 2071 a
1475 2010 1694 2071 Jamne
1739 2014 1802 2071 et

184 2109 489 2171 Mambre
510 2110 799 2171 consitus
830 2117 943 2181 est,
968 2127 1097 2170 non
1124 2108 1287 2170 aliud
1317 2110 1394 2170 de
1422 2127 1498 2171 eo
1533 2110 1797 2172 creden-

188 2212 360 2272 dum
388 2219 512 2285 est,
548 2211 675 2271 nisi
702 2211 870 2290 quod
904 2210 1133 2272 diaboli
1156 2228 1348 2290 Opere
1379 2212 1455 2273 ad
1485 2212 1804 2291 deceptio-

195 2330 358 2372 nem
377 2320 669 2372 nostram
694 2321 1100 2391 praeparatus
1128 2312 1225 2372 sit.
1261 2312 1321 2371 Si
1346 2313 1514 2372 enim
1543 2330 1709 2386 vere,
1732 2320 1803 2374 ut

204 2412 573 2492 perhibent,
632 2411 967 2473 deliciosus
1008 2418 1102 2472 est
1146 2418 1206 2472 et
1252 2411 1599 2485 abundans,
1649 2412 1801 2490 quid

206 2513 617 2591 sperabimus
656 2512 721 2572 in
768 2512 980 2573 futuro
1019 2512 1292 2585 saeculo,
1336 2512 1389 2572 si
1422 2511 1523 2574 hic
1561 2512 1803 2576 deliciis

212 2610 573 2673 fruimur?»
605 2614 842 2685 Quibus
869 2615 1071 2677 verbis
1092 2616 1343 2678 tandem
1362 2615 1673 2679 ferventes
1701 2616 1799 2678 iu-

214 2731 447 2775 venum
486 2715 740 2775 animos
770 2732 1090 2794 repressos
1129 2734 1287 2779 esse.
1340 2721 1496 2779 Rem
1535 2721 1806 2800 scriptor

1900 1436 2043 1488 tuor
2069 1428 2282 1489 tribuit
2312 1428 2565 1490 cellulas
2590 1430 2653 1490 in
2696 1432 2897 1501 Scete,
2931 1431 3145 1507 Libya,
3178 1430 3383 1491 Celliis
3416 1436 3477 1490 et

1902 1948 2096 2009 quum
2125 1930 2609 2006 cogitationibus
2638 1948 2831 1992 vanae
2864 1930 3096 2008 gloriae
3126 1935 3475 2004 vexaretur,

1900 2045 2088 2088 arena
2132 2027 2408 2089 humeris
2450 2029 2745 2108 imposita
2788 2048 3069 2091 eremum
3107 2030 3479 2109 pervasisse,

1902 2130 2012 2191 sed
2052 2148 2065 2190 :
2109 2154 2136 2186 ς(
2174 2132 2272 2192 Sic
2323 2149 2495 2208 ergo,
2530 2156 2558 2186 »
2591 2132 2818 2211 inquit,
2853 2156 2879 2187 «
2917 2132 3105 2195 iacuit
3148 2149 3351 2210 usque
3404 2131 3484 2192 ad

1900 2249 2256 2310 vesperam;
2284 2233 2685 2311 postmodum
2717 2232 2985 2292 surrexit
3006 2232 3082 2292 ad
3113 2236 3485 2292 consuetum

1903 2349 2063 2411 Opus
2113 2332 2359 2393 Domini
2394 2357 2421 2387 υ
2458 2332 2560 2413 (4).
2594 2334 2874 2412 Denique
2920 2332 2985 2392 in
3030 2331 3283 2392 Herveti
3323 2336 3383 2391 et
3418 2329 3486 2391 in

1903 2431 2159 2511 antiqua
2220 2432 2533 2506 versione,
2593 2439 2928 2511 postquam
2998 2437 3315 2491 narratum
3371 2435 3484 2497 est,

1904 2531 2245 2594 daemones
2276 2549 2310 2593 e
2342 2538 2755 2592 monumento
2781 2555 2807 2585 «
2836 2532 3034 2591 Janne
3064 2536 3125 2590 et
3152 2528 3427 2590 Mambre
3458 2550 3487 2583 ι»

1902 2649 2230 2710 magorum
2250 2649 2533 2709 egressos
2548 2649 2581 2693 a
2604 2632 2869 2693 Macario
2889 2631 3137 2707 fugatos
3160 2646 3319 2701 esse,
3336 2627 3492 2690 haec

1904 2732 2264 2793 adduntur:
2299 2756 2324 2787 ει
2359 2731 2757 2810 Ingrediente
2796 2735 3001 2791 autem
3044 2746 3120 2789 eo
3162 2728 3489 2803 [Macario]

210 2809 356 2873 libri
402 2811 677 2875 secundi
720 2811 883 2875 fama
924 2821 1281 2894 acceperat;
1323 2834 1471 2879 nam
1508 2818 1755 2898 scripsit
1788 2836 1801 2877 :

218 2934 244 2961 ι
276 2910 590 2971 Ferebant
618 2930 761 2973 eum
789 2920 1127 2976 amatorem
1149 2916 1340 2977 fuisse
1367 2964 1380 2977 .
1415 2965 1428 2977 .
1460 2966 1473 2978 .
1503 2936 1600 2991 .;»
1632 2924 1802 2981 tum:

227 3032 252 3061 ι
282 3008 394 3068 Ubi
428 3010 625 3071 etiam
648 3009 807 3071 duos
829 3010 1046 3073 fratres
1075 3013 1386 3076 invenisse
1407 3016 1749 3093 ferebatur.
1773 3040 1801 3072 ι)

228 3110 509 3171 Fortasse
533 3110 901 3173 etiamfama
921 3113 998 3175 de
1016 3113 1262 3176 duobus
1282 3116 1627 3189 monachis,
1647 3134 1807 3195 quos

230 3212 531 3272 Macarius
568 3213 916 3291 Aegyptius
942 3214 1008 3274 in
1046 3215 1477 3276 remotissimis
1519 3215 1807 3277 solitudi-
1836 3203 1877 3258 (ἶ

227 3314 322 3377 his
343 3314 638 3393 partibus
675 3314 880 3375 nudos
901 3316 1011 3384 89
1032 3316 1271 3377 invenit
1298 3316 1379 3394 (2)
1394 3365 1407 3389 ,
1444 3317 1511 3378 in
1530 3317 1813 3379 indolem

222 3413 263 3472 .8"
280 3413 365 3474 ,ιι-ί
389 3412 661 3474 secundi
688 3414 1059 3475 narrationis
1076 3416 1200 3476 vim
1218 3415 1492 3492 aliquam
1510 3416 1809 3479 exercuit.

306 3531 397 3593 Ad
454 3528 753 3593 ordinem
816 3532 1068 3608 deinde,
1121 3551 1248 3613 quo
1305 3536 1695 3597 narrationes
1749 3536 1816 3597 in

226 3631 409 3693 editis
433 3632 902 3711 exemplaribus
926 3652 990 3695 se
1016 3636 1356 3715 excipiunt,
1377 3637 1546 3717 quod
1574 3638 1813 3711 attinet,

228 3732 560 3794 Paradisus
586 3739 649 3793 et
668 3734 870 3795 versio
898 3736 1153 3813 antiqua
1182 3754 1281 3797 res
1315 3737 1539 3798 eodem
1571 3739 1815 3812 ordine,

237 3852 358 3912 quo
404 3836 667 3897 codices
713 3836 1255 3912 Vindobonenses,
1288 3846 1573 3914 narrant;
1626 3840 1820 3901 altera

242 3936 304 3996 in
346 3937 469 3999 hoc
513 3937 657 3999 solo
706 3938 1036 4019 discrepat,
1072 3941 1243 4019 quod
1271 3940 1451 4015 illud,
1484 3943 1819 4004 Macarium

241 4036 351 4097 sibi
397 4038 838 4117 preposuisse,
871 4047 939 4100 ut
983 4041 1264 4120 quinque
1310 4042 1530 4103 diebus
1575 4042 1641 4102 in
1684 4042 1820 4104 solo

240 4138 363 4200 Deo
396 4145 684 4200 mentem
716 4140 1038 4218 deﬁgeret,
1071 4144 1297 4204 omisit.
1331 4143 1522 4221 Magis
1551 4151 1757 4205 autem
1788 4162 1823 4205 a

239 4241 565 4302 codicibus
597 4241 891 4304 differunt
916 4260 1174 4320 graecae
1205 4245 1510 4307 editiones
1541 4253 1601 4307 et
1632 4246 1827 4308 inter-

240 4342 509 4419 pretatio
557 4343 830 4403 Herveti.
872 4346 943 4404 In
976 4345 1203 4424 quibus
1246 4345 1325 4406 ab
1372 4346 1551 4406 initio
1604 4347 1825 4425 capitis

239 4448 513 4519 quatuor
535 4443 947 4519 narrationes,
963 4463 1125 4524 quae
1144 4446 1209 4506 in
1233 4446 1555 4508 codicibus
1573 4446 1821 4521 desunt,

1903 2832 1970 2893 in
1990 2832 2348 2911 paradisum
2372 2832 2428 2892 ei
2452 2831 2722 2893 occurrit
2739 2829 3026 2890 diabolus
3044 2830 3153 2898 90
3176 2846 3318 2889 cum
3346 2828 3493 2888 stri-

1908 2940 2002 2994 cta
2020 2932 2427 3012 rhomphaea,
2453 2931 2510 2993 ei
2530 2931 2845 2991 minitans.
2874 2928 2961 2989 Ad
2993 2947 3182 3008 quem
3208 2928 3369 2989 hanc
3389 2944 3497 2989 v0-

1908 3049 2046 3093 cem
2076 3031 2401 3111 respondit
2432 3038 2682 3091 sanctus
2710 3029 3012 3090 Macarius
3048 3047 3061 3089 :
3093 3031 3184 3089 Tu
3208 3028 3382 3088 venis
3417 3026 3497 3088 ad

1909 3148 2013 3192 me
2058 3130 2124 3191 in
2172 3130 2380 3191 stricta
2430 3128 2839 3207 rhomphaea,
2887 3135 2947 3188 et
3005 3145 3122 3205 ego
3172 3134 3389 3189 contra
3434 3134 3497 3188 te

1911 3230 2230 3309 ingrediar
2258 3230 2322 3290 in
2354 3229 2610 3290 nomine
2646 3228 2893 3290 Domini
2931 3227 3227 3302 Sabaoth,
3257 3228 3324 3288 in
3363 3227 3500 3289 acie

1915 3333 2025 3393 Dei
2053 3330 2244 3393 Israel
2277 3330 2383 3410 (5).
2421 3353 2449 3385 ››

1992 3435 2066 3493 Et
2094 3432 2248 3493 haec
2280 3430 2534 3509 quidem
2568 3436 2733 3501 sunt,
2757 3427 2987 3507 quibus
3017 3425 3327 3488 editiones
3356 3441 3499 3485 ver-

1918 3532 2255 3610 sionesque
2310 3530 2623 3591 Historiae
2692 3528 3029 3589 Lausiacae
3085 3543 3120 3586 a
3176 3524 3503 3587 codicibus

1919 3634 2237 3694 differunt.
2266 3632 2401 3691 Hoc
2430 3629 2632 3691 solum
2665 3628 2927 3700 accedit,
2962 3624 3135 3703 quod
3165 3625 3231 3684 in
3272 3624 3500 3684 editio—

1919 3734 2104 3793 nibus
2146 3731 2381 3809 graccis
2412 3736 2472 3789 et
2503 3729 2568 3789 in
2604 3728 2892 3788 versione
2933 3724 3184 3785 Herveti
3215 3723 3502 3796 traditur,

1920 3833 2253 3895 Macarium
2343 3829 2831 3891 Alexandrinum
2931 3825 3193 3887 bellaria
3281 3823 3502 3882 vendi-

1923 3936 2082 3995 disse
2117 3932 2219 4014 (6).
2260 3932 2379 3992 Ubi
2422 3931 2489 3990 in
2536 3928 2830 3989 Paradiso
2876 3926 3145 3987 habetur
3181 3942 3195 3985 :
3233 3947 3259 3979 «
3296 3923 3505 4002 Nego-

1923 4037 2117 4095 tialor
2160 4041 2329 4108 erat,
2369 4056 2396 4088 »
2446 4031 2650 4109 glossa
2692 4029 2760 4089 in
2810 4028 3091 4106 margine
3140 4025 3450 4104 adscripta
3490 4038 3505 4082 :

1927 4160 1954 4193 «
1992 4140 2103 4197 Ms.
2135 4135 2305 4197 addit
2336 4152 2348 4193 :
2383 4134 2489 4213 qui
2522 4150 2705 4211 poma
2735 4129 2829 4189 vel
2861 4129 3176 4208 legumina
3208 4143 3509 4205 nucesque

1924 4235 2226 4297 vendebat
2264 4258 2290 4290 »
2322 4235 2427 4313 (7).
2458 4234 2625 4305 Quae
2676 4230 2920 4309 glossae
2967 4230 3157 4290 verba
3204 4227 3391 4287 etiam
3442 4224 3510 4286 in

1926 4333 2159 4396 codicis
2186 4331 2548 4412 pervetusti,
2569 4347 2757 4408 quem
2782 4331 3021 4387 Romae
3042 4326 3106 4385 in
3132 4322 3513 4384 bibliotheca

1926 4433 2289 4497 monasterii
2343 4431 2810 4493 Yerusalemme
2858 4430 2924 4489 in
2982 4428 3173 4488 Croce
3222 4424 3349 4486 adii
3400 4423 3509 4503 (8),

240 4540 871 4625 inveniuntur,atque
895 4545 1191 4609 cellarum
1212 4546 1463 4609 Macarii
1490 4564 1821 4609 enumera-
1856 4538 1898 4591 ι)
1927 4540 2098 4595 textu
2126 4532 2439 4609 leguntur-
2469 4530 2737 4611 Antiqua
2777 4527 3052 4606 denique
3094 4524 3299 4585 VOI‘SiO
3345 4524 3511 4584 R05-

243 4644 327 4705 tio
362 4643 753 4723 virginisque
786 4643 1224 4707 Thessalonica
1255 4644 1557 4707 oriundae
1585 4645 1822 4706 sanatio

246 4750 385 4821 post
424 4742 754 4803 historiam
789 4742 1055 4805 infelicis
1088 4744 1450 4818 sacerdotis,
1481 4744 1591 4823 qui
1620 4743 1822 4805 forni-

248 4862 392 4906 cans
424 4860 607 4906 sacra
640 4844 899 4919 obierat,
930 4844 1243 4922 leguntur.

325 4943 413 5003 Ad
462 4960 567 5003 res
613 4941 883 5021 denique
928 4942 1098 5021 quod
1145 4946 1403 5021 spectat,
1456 4958 1662 5012 causa,
1715 4957 1826 5000 cur

256 5041 549 5106 Macarius
590 5060 703 5103 sex
742 5060 990 5104 menses
1027 5043 1233 5105 nudus
1266 5042 1332 5104 in
1370 5040 1598 5121 palude
1627 5041 1821 5102 Scetis
1854 5066 1871 5093 η

338 5297 555 5370 (DCap.
592 5297 688 5359 29,
729 5294 844 5352 νγ.
873 5295 978 5349 PP.
1012 5295 1196 5350 Rosw.
1231 5310 1283 5363 p.
1320 5293 1448 5356 480,
1477 5294 1512 5347 2
1535 5308 1656 5362 sqq.

325 5389 399 5461 l2)
436 5388 539 5446 νγ.
567 5388 680 5443 ΡΡ.
731 5386 917 5443 Bosw.
954 5388 1050 5440 lib.
1096 5384 1161 5440 Vl
1214 5385 1381 5438 libell.
1420 5385 1474 5447 5,
1502 5384 1571 5448 4;
1608 5380 1831 5451 Apoph-

250 5484 447 5554 tbcgm.
478 5499 528 5538 s.
558 5498 612 5537 v.
643 5478 923 5535 Macarius
942 5466 1223 5547 Aegyptius
1255 5476 1379 5547 §ll;
1410 5476 1647 5529 Coteler.
1679 5472 1829 5527 Eccl.

251 5576 433 5630 Graec.
463 5575 611 5631 Mon.
649 5573 716 5628 T.
754 5573 774 5627 Ι
802 5588 856 5643 p.
887 5571 996 5626 526
1032 5569 1257 5639 sqq.Cf.
1290 5570 1430 5622 infra
1464 5569 1639 5637 Caput
1668 5565 1758 5621 Vl.

313 5666 383 5737 (3)
412 5665 525 5722 vv.
577 5664 691 5720 PP.
726 5663 919 5719 Rosw.
959 5676 1017 5729 p.
1053 5659 1174 5723 722,
1208 5660 1260 5716 1.
1292 5661 1418 5723 992,
1455 5661 1507 5713 ι.

320 5762 392 5830 ιιι)
412 5761 544 5833 Cap.
571 5763 667 5827 10,
687 5757 803 5813 νγ.
839 5755 949 5811 ΡΡ.
987 5752 1236 5824 Rosw.p.
1256 5755 1383 5818 995,
1410 5756 1467 5809 2.

316 5856 384 5927 (5)
431 5856 655 5914 Herveti
724 5851 911 5909 versio
1002 5862 1123 5915 cap.
1190 5848 1280 5912 20,
1326 5847 1435 5902 νγ.
1488 5846 1591 5901 PP.
1642 5845 1827 5901 Rosw.

1929 4635 2267 4695 weidianae
2325 4631 2715 4694 collectionis
2765 4629 2959 4703 idem,
3010 4626 3182 4707 quod
3253 4640 3514 4703 graecus

1931 4742 2136 4797 textus
2166 4741 2226 4796 et
2254 4733 2506 4796 Herveti
2544 4732 2775 4806 versio,
2816 4728 3099 4809 profert:
3142 4750 3168 4781 ‹‹
3206 4725 3513 4787 Grutaria

1930 4838 2198 4897 vendens
2234 4834 2338 4915 (9).
2370 4858 2398 4889 ››
2426 4833 2547 4895 Sed
2580 4849 2790 4911 neque
2825 4829 3146 4892 codicibus
3185 4822 3510 4884 Vindobo-

1931 4938 2233 4999 nensibus
2256 4954 2465 5015 neque
2488 4933 2711 4997 ceteris
2734 4930 3005 5010 antiquis
3025 4925 3324 4995 fontibus,
3349 4940 3512 5001 quos

1931 5033 2763 5110 examinabimus,eiusmodi
2775 5031 3115 5114 quidquam
3128 5023 3504 5086 continetur.

1929 5305 1984 5359 p.
2018 5287 2143 5353 722,
2169 5287 2226 5343 2.
2262 5286 2503 5356 Antiqua
2527 5282 2712 5339 versio
2737 5295 2859 5349 cap.
2898 5278 2986 5340 10,
3031 5273 3164 5330 ibid.
3192 5289 3247 5343 p.
3289 5272 3412 5337 992,
3453 5270 3507 5323 1.

2008 5380 2083 5450 (6)
2158 5379 2507 5449 Τραγήματα
2568 5373 2925 5441 πιπράσκων
2987 5368 3129 5424 Hist.
3190 5366 3354 5421 Laus.
3415 5363 3504 5417 ed.

1933 5471 2133 5527 Meurs.
2154 5486 2276 5540 cap.
2318 5468 2389 5523 20
2421 5468 2559 5537 Opp.
2601 5466 2806 5520 Meurs.
2856 5481 2911 5535 p.
2962 5462 3088 5515 589.
3132 5457 3329 5512 Versio
3367 5453 3507 5509 Iler-

1930 5565 2037 5620 veli
2070 5563 2203 5618 ibid.
2234 5578 2290 5632 p.
2321 5560 2426 5614 590
2451 5570 2505 5614 et
2531 5556 2644 5613 νγ.
2674 5555 2779 5613 ΡΡ.
2819 5554 3003 5609 Rosw.
3040 5568 3093 5622 p.
3121 5551 3245 5615 719,
3286 5547 3342 5601 2.

2010 5657 2087 5726 (7)
2138 5656 2270 5726 Cap.
2305 5653 2357 5719 6,
2391 5651 2504 5707 VV.
2534 5650 2639 5705 PP.
2673 5648 2857 5704 Rosw.
2895 5664 2950 5718 p.
2979 5646 3107 5710 950,
3149 5643 3198 5696 1.

2010 5748 2087 5819 (8)
2134 5748 2218 5803 Cf.
2262 5761 2424 5817 supra
2459 5761 2511 5814 p.
2552 5743 2639 5796 15.

2011 5844 2089 5913 (9)
2119 5838 2252 5910 Cap.
2286 5838 2338 5892 9.
2379 5836 2492 5892 VV.
2524 5834 2625 5891 PP.
2650 5831 2835 5887 Rosw.
2872 5845 2925 5899 p.
2958 5826 3084 5892 989,
3104 5824 3162 5879 2.
