4046 6490
578 414 645 467 87
1416 410 1517 465 SS.
1554 407 2012 464 MACARIORUM
2043 409 2360 467 AEGYI‘TII
2404 412 2489 466 ΕΤ
2546 409 3016 467 ALEXANDRINI
3837 406 3917 461 83

580 527 715 587 Hoc
734 525 941 600 etiam,
966 525 1217 605 quodin
1235 526 1470 602 graecis
1491 525 1888 596 editionibus,
1912 527 2160 587 Herveti
2193 534 2230 588 A
2263 528 2451 603 olera,
2484 546 2646 608 quae
2680 534 2905 608 sponte
2937 530 3278 589 nascuntur
3312 524 3376 586 in
3403 531 3625 597 terra,
3668 539 3921 602 neque

585 626 868 687 versione
923 636 982 687 et
1031 626 1099 687 in
1156 627 1445 688 Paradiso
1504 626 1787 700 habetur,
1826 626 2156 686 Macarium
2262 645 2512 705 panem,
2544 646 2659 689 nec
2698 628 3013 706 legumen,
3046 642 3252 705 neque
3282 642 3359 685 ex
3388 624 3755 686 fructibus
3795 642 3914 685 ar-

583 725 1068 787 Alexandrinum
1092 726 1419 786 virtutibus
1438 726 1598 786 vitae
1618 724 2019 786 monachicae
2041 727 2161 786 Ma-

586 826 751 886 cario
766 829 1045 905 Aegypto
1059 823 2161 907 antecelluisse(1),incodicibusVin-

587 925 1497 989 dobonensibusetinversione
1510 927 1760 1006 antiqua
1774 926 2156 1003 nonlegitur.

668 1029 695 1100 ς
740 1025 836 1087 23.
887 1028 972 1088 Ad
1010 1028 1285 1104 singulas
1325 1035 1533 1089 autem
1564 1027 1972 1099 narrationes,
2005 1043 2163 1105 quas

590 1126 667 1187 de
714 1128 979 1189 Macario
1029 1128 1445 1189 Alexandrino
1493 1145 1528 1188 e
1572 1126 1863 1187 Lausiaca
1906 1125 2163 1187 Palladii

592 1225 981 1303 protulimus,
1014 1224 1407 1286 illustrandas
1434 1223 1590 1285 haec
1618 1221 2163 1285 animadvertenda

593 1330 760 1385 sunt.

670 1437 877 1497 Primo
910 1436 1279 1499 abstinentia
1314 1436 1562 1498 Macarii
1590 1434 1988 1496 Alexandrini
2028 1452 2161 1496 ma-

595 1552 871 1613 gnopere
910 1531 1323 1613 praedicatur.
1359 1537 1472 1608 Qui
1512 1554 1693 1596 usum
1739 1534 2162 1596 Tabennesio-

595 1643 795 1696 tarum
828 1655 941 1715 per
975 1645 1165 1698 totam
1205 1637 1743 1715 quadragesimam
1780 1635 1973 1696 coctis
2011 1634 2166 1696 cibis

596 1751 663 1796 se
693 1735 1134 1797 abstinentium
1177 1742 1447 1811 secutus,
1478 1742 1719 1815 septem
1764 1735 1945 1797 annis
1985 1734 2162 1809 nihil,

598 1834 769 1910 quod
806 1835 936 1911 igni
974 1836 1292 1896 admotum
1334 1840 1518 1911 esset,
1550 1832 1845 1905 comedit,
1889 1832 1999 1893 sed
2035 1832 2166 1894 sola

599 1907 788 1992 cruda
822 1907 989 1995 olera
1017 1935 1118 2003 91
1146 1943 1205 1995 et
1227 1907 1629 2012 legumina,si
1643 1949 1802 2011 quae
1817 1932 2163 1992 forteinve-
2202 1907 2240 1960 Β

598 2030 814 2105 nisset,
831 2031 1182 2095 humectata
1202 2035 1485 2111 gustavit.
1499 2038 1582 2094 Ac
1603 2050 1797 2112 quum
1810 2032 2165 2105 audivisset,

599 2130 851 2193 fratrem
909 2135 1221 2213 quendam
1284 2136 1505 2197 libram
1570 2134 1750 2214 panis
1807 2132 2164 2207 comedere,

598 2229 983 2306 buccellatis,
1008 2252 1169 2312 quae
1207 2234 1444 2309 habuit,
1470 2234 1536 2294 in
1566 2234 1849 2310 lagonam
1870 2230 2165 2292 immissis

600 2330 994 2394 solummodo
1045 2342 1306 2407 tantum,
1352 2342 1653 2413 quantum
1712 2350 1901 2393 manu
1947 2332 2171 2392 etl‘erre

602 2435 867 2507 poterat,
924 2433 1217 2506 comedit,
1272 2433 1596 2509 tribusque
1662 2433 1843 2493 annis
1904 2438 2173 2511 quatuor

601 2535 839 2590 tantum
868 2530 961 2591 vel
996 2532 1275 2611 quinque
1310 2533 1637 2593 unciarum
1681 2533 1833 2593 cibis
1866 2550 2014 2592 usus
2056 2538 2168 2592 est.

601 2628 735 2689 Oiei
763 2638 969 2691 autem
1001 2633 1335 2693 sextarium
1357 2650 1523 2693 anno
1550 2633 1615 2693 in
1642 2632 2000 2694 alimentum
2029 2650 2176 2694 con-

602 2729 887 2808 sumpsit.
928 2732 1054 2791 Iam
1082 2732 1157 2792 ad
1188 2731 1407 2792 libram
1438 2732 1770 2792 duodecim
1806 2732 2027 2793 unciae
2070 2749 2173 2792 re-

602 2826 797 2889 deunt
822 2828 923 2907 (2).
949 2832 1032 2891 Ac
1061 2840 1262 2909 Ξέπης
1290 2848 1401 2892 seu
1427 2830 1765 2891 sextarium
1793 2831 1915 2893 olei
1942 2832 2178 2892 duode-

604 2926 819 3003 viginti
856 2927 986 2990 fere
1012 2932 1229 2992 uncias
1256 2930 1472 2991 habuit
1496 2930 1601 3010 (3).
1644 2932 1823 2993 Unde
1863 2933 2179 2993 abstinen-

604 3026 753 3086 tiam
814 3030 1061 3089 Macarii
1124 3031 1455 3091 maximam
1518 3030 1709 3091 fuisse
1766 3038 2025 3110 apparet
2068 3032 2175 3112 (4).

606 3127 733 3187 Nec
756 3128 958 3189 solum
981 3131 1121 3192 oleo
1144 3148 1325 3192 senes
1351 3131 1418 3191 in
1446 3130 1833 3205 alimentum,
1857 3132 1965 3193 sed
1994 3139 2175 3193 etiam

2259 730 2483 790 borum
2523 729 2887 809 quidquam,
2920 745 3127 807 neque
3165 727 3423 788 omnino
3465 744 3589 799 ea,
3638 726 3919 805 quibus

2260 830 2389 907 igni
2421 830 2687 892 admotis
2715 830 3004 891 homines
3032 836 3389 904 vescuntur,
3425 828 3758 891 comedit
3787 828 3910 907 (9).

2260 932 2564 1010 Serapion
2607 931 2932 992 Sindonita
2973 936 3220 1009 praeter
3256 947 3480 1010 panem
3523 936 3605 991 et
3639 947 3915 1009 aquam

2261 1031 2417 1091 nihil
2447 1032 2709 1111 sumpsit
2732 1031 2876 1110 (10).
2909 1031 3226 1108 Evagrius,
3249 1047 3327 1091 ex
3354 1049 3481 1110 quo
3518 1032 3605 1093 in
3642 1032 3909 1094 solitu-

2263 1130 2474 1193 dinem
2494 1132 2603 1202 92
2626 1131 2814 1205 venit,
2832 1147 3039 1210 neque
3059 1130 3363 1191 lactucam
3387 1132 3639 1209 tetigit,
3662 1148 3914 1211 neque

2262 1230 2572 1290 minutum
2637 1229 2797 1303 olus,
2857 1246 2974 1291 nec
3036 1229 3231 1291 viride
3289 1230 3704 1309 quidquam,
3764 1222 3911 1292 nec

2261 1328 2553 1401 fructum,
2571 1346 2688 1389 nec
2710 1344 2913 1402 uvam,
2928 1344 3044 1389 nec
3064 1327 3399 1403 lavacrum,
3417 1346 3545 1390 nec
3572 1346 3905 1403 carnem,

2264 1446 2382 1489 nec
2423 1445 2671 1507 panem,
2696 1446 2813 1489 nec
2841 1428 3075 1500 vinum,
3110 1445 3315 1508 neque
3348 1430 3636 1490 omnino
3685 1430 3905 1508 quid-

2265 1546 2456 1606 quam
2486 1545 2562 1588 ex
2590 1528 2687 1602 iis,
2710 1544 2869 1606 quae
2901 1545 3011 1607 per
3034 1528 3245 1605 ignem
3276 1535 3653 1601 transeunt,
3690 1546 3904 1608 prae—

2266 1632 2361 1687 ter
2403 1626 2709 1705 quaedam
2751 1627 2919 1688 olera
2954 1627 3143 1689 cruda
3173 1634 3234 1688 et
3265 1629 3602 1689 modicum
3640 1645 3899 1706 aquae.

2268 1726 2704 1787 Sextodecimo
2759 1733 2966 1787 autem
3037 1725 3396 1789 huiusmodi
3452 1728 3641 1788 vitae
3710 1744 3900 1789 anno

2270 1844 2464 1904 quum
2496 1834 2753 1905 prOpter
2779 1828 3062 1907 corporis
3090 1826 3521 1906 stomachique
3558 1826 3896 1888 imbecil-

2268 1925 2502 1986 litatem
2528 1943 2756 2005 panem
2782 1926 3037 2005 quidem
3064 1926 3386 2004 tetigisset,
3419 1933 3617 1987 cocta
3659 1932 3893 1987 tamen

2270 2026 2439 2086 Olera
2486 2025 2563 2086 ad
2617 2033 2882 2087 mortem
2938 2042 3139 2105 usque
3194 2042 3323 2085 non
3380 2026 3671 2103 gustavit
3729 2024 3891 2107 (11).

2270 2125 2665 2186 Philoromus
2719 2125 2993 2204 denique
3052 2126 3380 2203 presbyter
3435 2126 3654 2187 coctis
3720 2125 3891 2189 cibis

2270 2225 2693 2301 duodeviginti
2723 2226 2901 2287 annis
2931 2244 2997 2286 se
3029 2225 3323 2285 abstinuit
3352 2223 3493 2305 (12).

2347 2329 2647 2390 Macarius
2725 2328 3197 2401 Alexandrinus,
3256 2334 3322 2387 ut
3390 2329 3677 2390 omnino
3745 2345 3884 2390 non

2274 2428 2439 2488 vesci
2471 2429 2665 2508 cupiit
2697 2429 2867 2508 quod
2904 2436 3110 2489 tamen
3153 2428 3425 2489 humana
3462 2436 3709 2490 natura
3744 2446 3885 2491 non

2273 2528 2665 2602 admittebat,
2697 2530 2780 2589 ita
2808 2529 2994 2590 etiam
3024 2530 3090 2590 in
3113 2546 3334 2590 somno
3354 2530 3687 2592 vincendo
3718 2530 3879 2611 quid

2272 2634 2482 2707 posset
2515 2630 2783 2709 experiri
2812 2631 3041 2702 statuit,
3076 2630 3349 2707 totisque
3378 2629 3603 2707 viginti
3640 2631 3879 2692 diebus

2274 2727 2387 2788 sub
2414 2728 2593 2790 coelo
2626 2728 2859 2805 degens
2890 2728 3046 2789 nihil
3079 2729 3335 2791 omnino
3376 2728 3725 2803 dormivit;
3761 2728 3873 2790 sed

2276 2834 2659 2907 postremum
2690 2836 2947 2890 naturae
2977 2846 3118 2889 eum
3157 2829 3381 2890 cedere
3421 2846 3700 2890 necesse
3730 2828 3871 2889 fuit.

2275 2928 2535 2987 Noctem
2585 2944 2736 2988 vero
2796 2927 3159 3007 saepissime
3216 2926 3623 3006 pervigilasse
3684 2925 3869 2987 multi

2277 3043 2459 3087 senes
2507 3025 2813 3087 feruntur.
2862 3028 2951 3087 Ex
2998 3027 3225 3105 quibus
3279 3025 3662 3100 Dorotheus,
3698 3022 3871 3103 apud

2279 3142 2468 3204 quem
2535 3126 2843 3188 Palladius
2913 3128 3244 3188 Lausiacae
3311 3127 3586 3205 scriptor
3662 3141 3869 3205 prOpe

606 3224 684 3285 ad
718 3228 1081 3303 unguendas
1117 3236 1178 3289 et
1216 3229 1585 3291 molliendas
1622 3232 1699 3291 ab
1729 3247 1919 3308 Opere
1960 3248 2179 3291 manus
2209 3246 2248 3300 (ι
2287 3225 2717 3287 Alexandriam
2783 3227 2955 3299 vixit,
3016 3244 3052 3288 a
3122 3228 3437 3287 iuventute
3502 3242 3723 3305 usque
3793 3222 3871 3284 ad

609 3324 696 3382 uti
726 3325 1008 3387 solebant
1042 3325 1161 3407 (5);
1216 3344 1251 3388 a
1291 3344 1417 3406 quo
1457 3345 1576 3388 usu
1616 3327 1741 3387 iam
1784 3330 1843 3387 S.
1874 3328 2178 3389 Antonius

609 3438 675 3481 se
721 3424 1017 3485 abstinuit
1062 3426 1170 3502 (ti).
1215 3432 1299 3487 Ac
1348 3426 1541 3487 coctis
1592 3427 1747 3487 cibis
1786 3426 1958 3487 multi
1996 3444 2178 3487 senes

610 3522 706 3583 usi
742 3540 870 3584 non
912 3542 1047 3587 esse
1092 3527 1399 3587 dicuntur.
1432 3527 1521 3586 Ex
1559 3527 1787 3605 quibus
1818 3527 2179 3587 Ammonius

607 3620 757 3684 inde
784 3641 815 3683 a
845 3623 1160 3686 iuventute
1187 3642 1385 3705 usque
1404 3626 1479 3687 ad
1504 3633 1768 3687 mortem
1796 3624 1944 3685 solis
1972 3626 2179 3686 crudis

608 3723 767 3787 cibis
804 3726 1186 3801 vescebatur,
1213 3744 1329 3787 nec
1363 3744 1665 3806 unquam,
1696 3726 1863 3804 quod
1904 3726 2029 3803 igni
2068 3725 2176 3784 ad-

610 3829 852 3883 motum
930 3832 1127 3900 esset,
1178 3826 1451 3887 comedit
1506 3835 1752 3905 praeter
1807 3844 2030 3904 panem
2071 3825 2176 3903 (7).

612 3924 858 3999 Moyses
910 3924 1100 3986 abbas
1148 3943 1226 3986 ex
1270 3926 1511 3989 latrone
1570 3927 1913 3988 monachus
1959 3927 2178 3999 factus,

614 4038 811 4099 quum
845 4023 1186 4100 plurimum
1228 4035 1593 4106 Operaretur
1632 4036 1693 4090 et
1730 4029 2183 4108 quinquaginta

615 4119 929 4181 orationes
982 4122 1263 4201 quotidie
1314 4134 1662 4203 perageret,
1714 4126 1867 4187 nihil
1935 4134 2185 4206 praeter

614 4218 850 4280 siccum
909 4221 1240 4284 duodecim
1305 4226 1628 4287 unciarum
1708 4244 1936 4305 panem
2011 4244 2180 4287 sum-

618 4319 741 4407 psit
789 4318 896 4400 (8).
943 4322 1166 4401 Apollo
1220 4325 1412 4386 abbas
1467 4342 1595 4386 non
1654 4325 1923 4404 amplius
1996 4342 2181 4404 quam

2283 3332 2666 3386 senectutem
2722 3344 3043 3404 nunquam
3099 3333 3318 3406 sponte
3384 3326 3706 3398 dormivit,
3757 3321 3867 3383 sed

2286 3442 2411 3484 non
2458 3426 2577 3485 nisi
2622 3425 2785 3486 inter
2827 3426 3215 3505 Operandum
3258 3426 3353 3486 vel
3396 3425 3868 3487 comedendum

2286 3519 2502 3581 oculos
2544 3538 2767 3583 somno
2816 3541 3035 3601 parum
3081 3524 3453 3585 connivebat
3481 3524 3633 3604 (13).
3672 3525 3864 3584 Porro

2287 3620 2580 3681 Arsenius
2608 3640 2794 3683 unam
2829 3623 3032 3683 somni
3062 3623 3279 3685 horam
3316 3631 3573 3685 strenuo
3616 3622 3865 3685 exerci-

2286 3720 2470 3779 tatori
2539 3719 2825 3783 sufﬁcere
2902 3724 3239 3803 perhibuit,
3290 3731 3477 3802 atque
3538 3725 3683 3804 ipse
3736 3728 3861 3783 tota

2288 3827 2472 3881 nocte
2519 3821 2878 3899 pervigilata
2929 3840 3111 3883 mane
3160 3841 3379 3901 parum
3435 3824 3669 3885 sedens
3713 3824 3859 3885 dor-

2290 3918 2459 3978 mivit
2490 3918 2633 3996 (14).
2681 3922 2741 3979 S.
2789 3920 3094 3981 Antonius
3144 3922 3415 3999 denique
3472 3931 3669 3985 totam
3712 3938 3854 4001 per—

2284 4035 2473 4095 saepe
2494 4027 2745 4079 noctem
2766 4020 3116 4080 insomnem
3141 4020 3315 4081 duxit
3331 4020 3378 4100 (1
3394 4022 3473 4097 5).
3490 4026 3857 4100 Quanquam

2286 4134 2499 4177 senem
2572 4116 2845 4196 aliquem
2913 4135 3137 4179 somno
3206 4119 3318 4193 sic,
3375 4127 3443 4180 ut
3523 4120 3854 4184 Macarium

2286 4214 2796 4288 Alexandrinum,
2828 4218 3198 4279 abstinuisse
3229 4236 3358 4280 non
3386 4219 3620 4281 inveni.

2363 4326 2637 4388 Tertium
2670 4327 2941 4408 denique
2972 4348 3252 4394 summae
3296 4332 3544 4394 Macarii
3590 4332 3848 4394 Alexan-

689 4593 761 4661 (I)
805 4594 940 4647 llist.
970 4594 1131 4649 Laus.
1195 4597 1282 4651 ed.
1320 4599 1521 4652 Meurs.
1567 4600 1600 4651 I.
1650 4601 1683 4652 Ι.
1720 4597 1914 4654 Versin
1962 4599 2178 4653 Ilerveti
2219 4584 2260 4635 Π
2288 4601 2617 4674 Regularum
2650 4607 2735 4661 ed.
2763 4606 2900 4675 Aug.
2931 4607 3360 4666 Vindelic.1759
3390 4611 3455 4667 Τ.
3487 4612 3581 4682 lp.
3608 4613 3698 4675 51,
3744 4610 3792 4666 1.

620 4683 656 4737 1.
692 4686 725 4734 I.
758 4685 1000 4739 I’aradis.
1042 4688 1074 4737 I.
1111 4690 1141 4738 I.

689 4776 766 4844 (2)
804 4777 1013 4829 Buet'kh
1040 4778 1319 4848 Metrolog.
1350 4778 1850 4850 Untersuchungcn
1878 4782 2015 4835 Berl.
2048 4783 2181 4836 1858

619 4879 673 4935 p.
707 4864 809 4918 160
839 4880 959 4935 sqq.

690 4953 766 5026 (5)
792 4955 925 5011 Ibid.
958 4973 1012 5028 p.
1042 4958 1110 5014 17
1130 4976 1249 5031 sqq.
1273 4960 1357 5017 CI.
1381 4960 1567 5031 Steph.
1586 4960 1752 5018 Thes.
1773 4979 1820 5020 s.
1837 4979 1923 5017 vv.
1957 4963 2186 5032 Ξέστης

618 5054 674 5101 et
713 5050 955 5118 Οὐγκία.

693 5139 769 5208 (4)
833 5140 1099 5212 Evagrius
1144 5144 1569 5214 quatuordecim
1613 5146 1774 5200 annis
1802 5145 1993 5199 libram
2028 5148 2187 5216 panis

621 5230 864 5299 quotidie
893 5247 956 5288 ac
978 5238 1141 5289 tribus
1170 5239 1436 5290 mensibus
1463 5239 1760 5291 sextarium
1786 5239 1891 5292 olei
1926 5254 2186 5293 consum-

624 5322 753 5390 psit.
803 5320 943 5377 Ilist.
998 5324 1161 5381 Laus.
1207 5329 1294 5382 ed.
1328 5328 1528 5384 Meurs.
1565 5344 1687 5400 cap.
1722 5331 1789 5386 88
1818 5329 1954 5401 Opp.
1983 5331 2185 5387 Meurs.

624 5410 661 5462 l.
693 5411 725 5463 I.
755 5428 807 5480 p.
841 5412 966 5466 555.
993 5414 1296 5474 Dorotbeus
1320 5434 1483 5473 senex
1511 5419 1757 5489 quotidie
1788 5437 1879 5474 sex
1901 5424 2181 5475 unciarum

625 5516 818 5569 panem
869 5505 1103 5558 comedit
1157 5521 1221 5559 ac
1279 5508 1549 5561 modicum
1594 5524 1768 5578 aquae
1824 5510 1983 5565 bibit.
2052 5510 2186 5566 Ibid.

628 5605 749 5659 cap.
784 5591 825 5643 Ξ
857 5607 909 5660 p.
964 5593 1089 5650 549.
1141 5596 1324 5649 Abhas
1362 5597 1526 5661 Elias,
1593 5614 1754 5655 senex
1798 5617 1966 5670 quum
2023 5612 2187 5665 esset,

628 5682 786 5730 trium
825 5683 1097 5735 unciarum
1131 5700 1320 5753 panem
1350 5695 1402 5739 et
1431 5696 1540 5740 tres
1576 5688 1723 5742 oleas
1745 5690 1985 5758 quotidie
2013 5708 2188 5744 conie-

628 5767 724 5821 dit.
763 5769 894 5830 Ibid,
931 5789 982 5843 p.
1012 5774 1135 5829 495.

705 5860 779 5927 (5)
814 5860 1016 5929 Regula
1083 5867 1139 5923 S.
1177 5867 1453 5923 I‘acliomiii
1495 5888 1612 5939 cap.
1654 5871 1809 5937 XCII,
1845 5872 2015 5927 Ilolst.
2056 5873 2188 5933 Cod.

2358 4698 2430 4767 (6)
2461 4695 2581 4751 Vita
2626 4697 2684 4752 S.
2722 4699 2949 4754 Antonii
2982 4717 3104 4771 cap.
3140 4705 3193 4767 7,
3235 4702 3291 4757 S.
3324 4703 3522 4757 Alban.
3571 4703 3707 4775 Opp.
3737 4700 3794 4755 T.
3822 4698 3841 4754 l

2291 4789 2349 4845 P.
2378 4788 2421 4841 ιι
2446 4805 2501 4859 p.
2523 4790 2647 4845 658.

2358 4885 2432 4955 (7)
2458 4883 2597 4939 Hist.
2620 4884 2783 4938 Laus.
2811 4883 2898 4938 ed.
2938 4883 3139 4940 Meurs.
3205 4901 3328 4956 cap.
3372 4887 3437 4941 M
3466 4894 3604 4958 Upp.
3652 4883 3837 4939 Meurs.

2295 4978 2331 5030 ι.
2368 4978 2403 5032 ι.
2433 4993 2483 5046 ρ.
2516 4977 2642 5031 377.

2366 5072 2443 5140 (8)
2467 5070 2603 5123 Ibid.
2632 5085 2750 5139 cap.
2778 5070 2849 5123 25
2874 5086 2927 5138 p.
2963 5069 3089 5123 416.

2369 5159 2445 5228 (9)
2485 5157 2621 5213 Ibid.
2648 5175 2767 5227 cap.
2798 5159 2867 5212 55
2901 5175 2953 5228 p.
2984 5159 3110 5213 496.

2366 5252 2479 5321 (10)
2527 5251 2658 5303 Ibid.
2689 5268 2811 5320 cap.
2843 5252 2912 5306 84
2946 5267 2997 5321 p.
3028 5251 3150 5305 542,

2363 5344 2474 5409 (ll)
2517 5343 2649 5396 Ibid.
2671 5358 2792 5412 cap.
2826 5342 2894 5397 88
2920 5360 2972 5413 p.
3006 5345 3135 5399 553.

2360 5431 2492 5501 (12))
2516 5430 2650 5485 Ibid.
2676 5445 2800 5501 cap.
2833 5433 2938 5487 115
2967 5449 3023 5504 p.
3047 5435 3173 5490 584.

2363 5522 2474 5593 (15)
2510 5523 2647 5578 Ibid.
2680 5539 2802 5593 cap.
2834 5524 2943 5594 2p.
2986 5526 3113 5581 552.

2363 5620 2474 5691 (M)
2501 5620 2611 5674 νγ.
2631 5620 2733 5673 PP.
2767 5619 2949 5675 Rosw.
2971 5622 3063 5677 lib.
3090 5622 3133 5674 ν
3158 5622 3322 5679 Iibell.
3351 5623 3406 5685 1,
3436 5624 3491 5676 2.
3522 5624 3571 5677 5.

2364 5710 2475 5779 (15)
2505 5709 2627 5762 Vita
2656 5710 2712 5763 s.
2741 5711 2963 5765 Antonii
2989 5728 3108 5784 cap.
3135 5714 3187 5779 τ,
3226 5711 3283 5768 s.
3317 5714 3517 5769 Athan.
3557 5702 3769 5780 ουρ-Τ.
3812 5693 3832 5751 ι

2296 5800 2353 5853 r.
2392 5801 2430 5855 ιι
2462 5817 2511 5871 p.
2541 5802 2665 5855 658.
