4046 6490
205 377 265 432 8%
1809 373 2041 436 VITAE.
3465 383 3535 434 90

221 492 374 556 ttrini
395 495 938 560 exercitationis
964 501 1390 576 argumentum
1411 494 1532 557 hoc
1553 501 1668 570 est,
1691 496 1864 574 quod
1891 503 1938 558 Α
1965 493 2206 555 veritati
2250 493 2538 554 resistant
2570 491 2678 572 (6).
2727 493 2894 564 Quae
2936 494 3204 572 apostoli
3240 495 3427 556 verba
3456 495 3532 556 ad

229 603 487 674 propter
519 594 754 656 solam
799 595 1124 659 ultionem
1152 595 1364 656 culicis
1391 594 1727 674 pungentis
1753 611 1862 655 sex

237 709 485 754 menses
533 694 776 756 nudus
819 697 900 757 in
953 695 1177 776 palude
1220 695 1414 756 Scetis
1465 695 1644 756 sedit.
1684 694 1864 754 Unde

249 811 436 874 quum
462 801 875 870 reverteret,
908 815 947 858 a
980 796 1272 858 culicibus
1306 803 1438 857 toto
1475 812 1742 874 corpore
1778 795 1864 856 ita

245 894 618 956 vulneratus
659 895 824 971 fuit,
860 905 934 958 ut
960 915 1036 958 ex
1065 895 1191 958 sola
1221 913 1372 957 voce
1399 901 1863 972 agnosceretur,

261 1005 328 1059 et
355 995 796 1076 elephantiasi
856 998 1140 1059 laborare
1194 997 1528 1058 videretur.
1578 997 1669 1055 lta
1722 1011 1866 1056 vero

271 1099 442 1158 etiam
505 1097 869 1175 Evagrius,
919 1098 1026 1177 qui
1078 1115 1113 1159 a
1171 1097 1392 1176 spiritu
1442 1095 1868 1174 blasphemiae

266 1199 369 1268 93
424 1197 785 1275 quondam
853 1204 1107 1257 vexatus
1173 1195 1395 1257 diebus
1463 1194 1870 1274 quadraginta

267 1306 495 1358 tectum
566 1315 719 1359 non
800 1298 1117 1375 ingressus
1183 1302 1336 1370 erat,
1400 1303 1534 1358 toto
1604 1313 1871 1374 corpore

259 1398 498 1458 muscis
540 1398 868 1459 sca-tuisse
911 1396 1170 1458 traditur
1212 1394 1323 1475 (1).
1376 1395 1677 1473 Idemque
1714 1398 1867 1456 Eva-

257 1499 458 1575 grius,
516 1515 557 1558 a
649 1498 968 1559 daemone
1047 1496 1474 1558 fornicationis
1554 1497 1872 1576 quondam

259 1605 553 1670 vexatus,
589 1597 836 1660 hiemis
881 1605 1160 1677 tempore
1201 1603 1329 1659 tota
1370 1597 1648 1659 noctein
1681 1607 1874 1678 puteo

273 1701 438 1763 stetit
493 1699 618 1779 (2).
673 1700 802 1762 Sed
854 1715 1248 1777 nequaquam
1300 1699 1608 1760 Palladius
1646 1699 1729 1761 ita
1773 1701 1873 1761 in-

276 1801 674 1880 telligendus
705 1807 824 1872 est,
845 1807 914 1861 ut
943 1800 1184 1871 dixerit,
1206 1800 1540 1861 Macarium
1567 1818 1675 1862 sex
1703 1819 1876 1861 men-

277 1903 448 1963 sibus
483 1902 556 1962 in
595 1900 858 1980 paludis
886 1916 1044 1978 aqua
1072 1898 1306 1960 sedisse
1341 1917 1354 1958 :
1386 1899 1520 1972 sed,
1551 1907 1618 1960 ut
1648 1910 1872 1979 sponte

275 2004 512 2076 elucet,
558 2001 741 2082 apud
791 2000 1050 2080 paludes
1075 1998 1172 2060 vel
1223 2000 1288 2059 in
1337 1999 1472 2078 ripa
1527 1998 1869 2078 paludium.

275 2106 447 2176 Quas
485 2103 794 2180 regiones
833 2100 1133 2163 culicibus
1169 2099 1432 2177 aliisque
1469 2099 1722 2160 insectis
1753 2099 1872 2162 ho-

278 2205 547 2268 diedum
612 2203 941 2267 abundare
998 2201 1281 2263 Minutoli
1331 2201 1563 2262 indicat
1608 2202 1713 2281 (3).
1771 2203 1873 2262 Li-

278 2303 536 2364 brarius
595 2311 838 2376 autem,
890 2305 998 2382 qui
1054 2305 1385 2365 Macarium
1431 2304 1498 2365 in
1547 2304 1877 2383 paludibus

295 2411 557 2483 propter
625 2404 915 2482 spiritum
974 2402 1404 2466 fornicationis
1463 2397 1698 2467 sedisse
1755 2405 1874 2467 fin-

302 2503 387 2562 xit
415 2505 522 2583 (is),
544 2503 901 2565 Palladium
929 2503 1085 2564 falso
1115 2505 1232 2564 isto
1275 2505 1464 2566 modo
1500 2505 1879 2568 intellexisse

301 2602 565 2663 videtur.
585 2602 893 2680 Idemque
926 2603 1224 2663 Macarius
1251 2602 1704 2663 Alexandrinus
1730 2603 1880 2665 alias

298 2700 379 2761 ob
409 2700 600 2761 aliam
634 2719 886 2762 causam
915 2701 979 2761 in
1008 2701 1203 2762 Sectis
1239 2700 1500 2779 paludes
1525 2702 1876 2774 secessisse,

295 2801 469 2862 unde
492 2800 803 2863 culicibus
824 2802 1202 2880 perforatum
1224 2803 1523 2864 Macarius
1544 2803 1882 2881 Aegyptius

294 2904 376 2963 ad
435 2903 670 2964 fratres
719 2903 1054 2978 reduxerit,
1104 2903 1168 2964 in
1211 2903 1764 2983 ApOphthegmatis
1798 2903 1876 2985 (5)

298 3002 555 3080 legitur.

376 3105 506 3164 Sed
562 3104 693 3164 iam
751 3102 827 3164 de
879 3103 987 3164 illo
1060 3103 1436 3184 cepotaphio
1510 3104 1740 3165 Jannes
1823 3111 1883 3164 et

299 3203 617 3264 Mambres
673 3219 1020 3280 magorum,
1071 3206 1240 3282 quod
1289 3222 1324 3264 a
1365 3221 1442 3265 se
1493 3204 1694 3265 visum
1745 3221 1882 3265 esse
1913 3197 1954 3252 (ί

299 3301 612 3365 Macarius
639 3300 776 3379 ipse
812 3300 1083 3362 Palladio
1112 3302 1341 3375 retulit,
1361 3303 1770 3380 disputemus.
1793 3305 1882 3363 Eo

301 3401 475 3460 enim
503 3400 762 3461 nomine
789 3417 823 3460 a
852 3400 1100 3461 Judaeis
1134 3401 1300 3478 magi
1332 3402 1721 3477 dicebantur,
1751 3402 1886 3481 qui-

303 3499 577 3560 b’uscum
610 3501 816 3560 Moses
842 3506 897 3559 et
921 3503 1122 3560 Aaron
1153 3517 1359 3561 coram
1389 3500 1711 3562 Pharaone
1741 3519 1886 3581 pro-

303 3601 495 3678 digiis
552 3606 1017 3662 concertarunt.
1073 3601 1161 3659 Ex
1222 3617 1345 3678 qua
1413 3601 1767 3674 traditione,
1815 3610 1884 3662 ut

303 3709 480 3762 recte
537 3699 728 3760 docet
786 3697 1233 3772 Theodoretus,
1281 3699 1506 3760 Paulus
1565 3701 1884 3780 apostolus

305 3800 570 3861 nomina
597 3799 703 3860 illa
731 3799 795 3858 in
829 3799 1089 3877 epistola
1114 3800 1189 3861 ad
1219 3801 1612 3861 Timotheum
1641 3801 1888 3863 desum-

307 3899 456 3976 psit,
502 3915 731 3959 omnes
780 3897 1134 3976 increpans,
1178 3899 1308 3977 qui,
1357 3901 1885 3978 quemadmodum

304 4001 544 4061 Jannes
589 4006 653 4060 et
694 3999 1000 4060 Mambres
1047 3999 1201 4060 Mosi
1244 4000 1604 4075 restiterint,
1637 4001 1721 4061 ita
1766 4001 1890 4079 ipsi

233 4229 251 4246 ‘
379 4164 460 4233 (t)
501 4163 646 4218 IISI.
684 4161 846 4218 Laus.
881 4162 970 4216 ed.
1001 4161 1200 4217 Meurs.
1220 4178 1342 4233 cap.
1375 4164 1443 4219 88
1482 4163 1618 4235 Opp.
1676 4165 1878 4222 Meurs.

305 4255 343 4307 1.
384 4254 425 4306 1.
465 4269 521 4322 p.
554 4251 679 4304 555.

382 4344 470 4412 (2)
505 4343 648 4396 una.
680 4343 717 4396 l.
747 4342 782 4396 l.

384 4433 466 4502 (3)
508 4429 677 4484 Reise
747 4446 865 4483 zum
900 4430 1118 4487 Temnel
1152 4432 1247 4487 des
1280 4430 1494 4501 Jupiter
1545 4431 1776 4488 Ammon
1830 4435 1884 4488 in

1959 591 2191 653 librum
2228 591 2665 671 a’pocryphum
2698 615 2727 648 α
2759 593 3010 654 Jamnes
3056 601 3118 654 et
3165 596 3470 656 Mambres
3505 620 3532 650 »

1959 693 2333 772 inscriptum
2385 693 2722 772 respicere,
2763 693 3046 771 Origines
3079 693 3397 773 perhibuit
3424 695 3532 775 (7).

1965 793 2145 854 Unde
2197 799 2389 872 patet,
2426 793 2847 868 traditionem,
2882 812 3004 872 qua
3053 782 3281 855 Jannes
3323 802 3386 856 et
3429 795 3540 866 94.

1964 895 2271 955 Mambres
2312 895 2477 972 magi
2522 895 2676 956 Mosi
2709 895 3105 957 adversantes
3130 899 3533 971 vocabantur,

1965 997 2113 1058 satis
2159 996 2480 1075 antiquam
2519 995 2732 1057 fuisse.
2770 999 2968 1075 Atque
3017 996 3240 1059 eodem
3279 999 3536 1059 nomine

1968 1096 2132 1174 magi
2173 1096 2273 1157 isti
2299 1113 2333 1157 a
2363 1098 2750 1173 Targumista
2787 1097 3121 1169 Jonathan,
3150 1115 3266 1160 nec
3305 1117 3432 1160 non
3471 1100 3535 1160 in

1966 1196 2225 1257 Talmud
2247 1196 2630 1274 Babylonico
2648 1195 2727 1278 (8)
2751 1196 3165 1276 appellantur.
3185 1199 3310 1259 Nec
3335 1198 3538 1259 solum

1969 1297 2136 1376 apud
2183 1298 2474 1371 Judaeos,
2522 1298 2631 1358 sed
2680 1297 2866 1358 etiam
2913 1298 3082 1376 apud
3143 1300 3434 1372 Graecos,
3480 1306 3542 1360 et

1970 1397 2137 1478 apud
2169 1400 2486 1460 Romanos
2515 1400 2746 1460 Jannes
2775 1405 2836 1459 et
2865 1400 3171 1460 Mambres
3205 1400 3385 1460 laude
3415 1418 3544 1460 ma-

1973 1497 2145 1574 gicae
2167 1499 2313 1558 artis
2335 1498 2697 1557 ﬂoruerunt.
2726 1499 2878 1557 Nam
2904 1497 3012 1557 Jan
3024 1514 3131 1556 nes
3155 1502 3215 1557 et
3237 1498 3542 1558 Mambres

1971 1612 2187 1673 magos
2257 1595 2490 1656 artibus
2555 1595 2810 1672 magicis
2873 1594 3265 1668 excelluisse,
3335 1603 3397 1655 et
3465 1597 3543 1656 ab

1973 1695 2416 1775 Aegyptiorum
2449 1695 2685 1775 populo
2719 1697 2969 1757 Musaeo
2996 1696 3189 1776 (Mosi)
3222 1696 3545 1775 oppositos

1977 1812 2137 1869 esse,
2169 1795 2511 1856 Numenius
2556 1794 3018 1872 Pythagoraeus
3065 1794 3131 1854 in
3168 1793 3543 1871 fragmento,

1974 1893 2147 1972 quod
2203 1900 2296 1954 est
2349 1893 2516 1972 apud
2569 1892 2907 1953 Eusebium
2965 1890 3084 1972 (9),
3143 1892 3410 1970 scripsit.
3463 1895 3546 1951 Ac

1973 1993 2207 2053 Plinius
2240 1991 2356 2070 (10)
2389 2011 2402 2052 :
2436 2016 2464 2048 (ί
2496 1993 2622 2067 Est,
2658 2015 2685 2048 »
2717 1992 2954 2070 inquit,
2989 2017 3017 2046 α
3043 1998 3103 2052 et
3129 1990 3249 2052 alia
3283 1992 3550 2068 Magices

1974 2090 2161 2152 factio
2190 2108 2224 2152 a
2251 2093 2421 2152 Mose
2449 2097 2510 2152 et
2535 2093 2754 2152 Jamne
2782 2099 2843 2152 et
2869 2092 3091 2169 Jotape
3116 2091 3366 2152 Judaeis
3397 2107 3552 2169 pen-

1976 2192 2154 2253 dens.
2187 2215 2215 2247 »
2246 2192 2741 2271 Abulpharagius
2781 2193 2848 2252 in
2895 2193 3149 2270 Dynast.
3182 2194 3229 2252 Ι.
3260 2197 3545 2252 Artemo-

1977 2295 2152 2355 nium
2211 2293 2527 2373 quendam
2596 2293 2826 2367 laudat,
2877 2293 2988 2371 qui
3047 2295 3262 2354 Mosen
3329 2292 3550 2353 decem

1977 2413 2176 2457 annos
2205 2403 2419 2457 natum
2447 2413 2482 2456 a
2504 2395 2627 2456 ﬁlia
2657 2394 2995 2456 Pharaonis
3018 2397 3247 2455 Jannes
3278 2402 3339 2454 et
3367 2397 3556 2454 Mam-

1978 2495 2121 2556 bres
2164 2494 2551 2574 sapientibus
2595 2492 3046 2553 instituendum
3081 2492 3374 2559 traditum
3416 2510 3552 2553 esse

1980 2597 2263 2657 docuerit
2306 2594 2448 2676 (11).
2495 2599 2695 2672 Atque
2734 2594 2801 2654 in
2856 2602 3063 2655 vetere
3121 2592 3428 2655 Midrasch
3477 2593 3554 2654 ad

1981 2697 2176 2757 Exod.
2218 2698 2345 2770 XV,
2393 2695 2461 2756 10
2498 2720 2524 2751 «
2557 2699 2833 2758 Joannes
2875 2703 2936 2757 et
2980 2698 3242 2755 Mamres
3279 2717 3306 2748 »
3341 2710 3556 2770 magos

1981 2799 2339 2858 submersos
2368 2814 2506 2858 esse
2536 2797 2602 2857 in
2631 2798 2788 2859 mari
2824 2797 3014 2857 rubro
3054 2800 3358 2868 narratur,
3391 2813 3553 2872 quo-

1983 2915 2126 2958 cum
2189 2905 2408 2960 catena
2467 2899 2710 2960 arabica
2768 2917 2884 2959 ms.
2941 2899 3009 2959 in
3063 2897 3557 2959 Pentateuchum

1984 2998 2300 3069 convenit,
2330 2998 2396 3058 in
2431 3016 2555 3077 qua
2588 2997 2743 3060 haec
2775 2999 3083 3060 habentur
3114 3018 3126 3059 :
3164 3022 3191 3053 «
3227 3000 3392 3059 Haec
3439 3015 3558 3058 no-

1984 3095 2153 3157 mina
2180 3113 2529 3174 magorum,
2564 3097 2671 3175 qui
2706 3103 3010 3159 steterunt
3039 3103 3254 3158 contra
3293 3099 3508 3158 Mosen
3542 3115 3556 3158 :

1988 3195 2319 3267 Deiannes,
2377 3196 2695 3256 Jambaras
2751 3204 2812 3256 et
2866 3196 3152 3257 Sarudas.
3200 3197 3362 3257 Deus
3414 3215 3560 3258 vero

1989 3311 2100 3355 eos
2171 3295 2443 3374 perdidit
2503 3295 2569 3355 in
2640 3297 2795 3356 mari
2876 3298 3064 3358 rubro
3108 3295 3252 3377 (12).
3293 3321 3321 3352 ››
3382 3298 3562 3359 Unde

1988 3395 2386 3456 Ilarnmundo
2419 3395 2538 3476 (13)
2585 3396 2785 3457 visum
2835 3403 2947 3466 est,
2994 3398 3163 3476 apud
3221 3397 3562 3459 Palladium

1989 3515 2105 3577 pro
2155 3505 2491 3576 κηποτάφιον
2536 3497 2874 3574 legendum
2914 3515 3050 3558 esse
3084 3508 3398 3575 κενοτάφιον
3427 3500 3466 3559 i.
3503 3516 3561 3560 e.

1989 3597 2396 3676 sepulchrum
2449 3613 2735 3657 vacuum.
2789 3597 2899 3657 Cui
2966 3585 3222 3658 Palladii
3267 3600 3561 3674 narratio,

1989 3697 2331 3759 daemones
2399 3696 2648 3769 dixisse,
2696 3698 2774 3757 ab
2829 3696 2982 3774 ipsis
3042 3714 3258 3773 magos
3317 3699 3401 3758 ibi
3461 3717 3563 3760 se-

1991 3799 2202 3878 pultos
2243 3815 2402 3872 esse,
2433 3804 2744 3876 repugnat
2779 3797 2924 3876 (14).
2963 3797 3378 3875 Sepulchrum
3416 3818 3563 3862 vero

1989 3900 2057 3960 in
2127 3899 2310 3960 horto
2372 3898 2699 3960 arboribus
2762 3898 3028 3971 consito,
3076 3899 3292 3976 quales
3343 3901 3566 3962 etiam-

1992 4000 2100 4070 95
2150 4016 2320 4060 nunc
2377 3998 2786 4079 pulcherrimi
2833 3999 2901 4059 in
2960 4000 3220 4061 Oasibus
3276 4000 3565 4080 plantan-

2000 4163 2161 4226 1842,
2202 4161 2281 4226 4ο,
2314 4160 2377 4215 Τ.
2411 4160 2457 4215 n
2492 4177 2546 4232 p.
2580 4162 2669 4216 με..

2063 4253 2172 4315 (10)
2200 4251 2319 4306 Nat.
2345 4253 2488 4308 Ilist.
2514 4252 2683 4318 XXX,
2719 4253 2773 4317 2,
2802 4253 2890 4308 ed.
2921 4252 3358 4327 deGrandsagne
3388 4257 3566 4314 Paris.

1991 4347 2128 4400 I829
2169 4345 2232 4397 T.
2263 4343 2373 4397 VIII
2397 4360 2450 4414 p.
2483 4345 2718 4399 288.0".
2763 4357 2922 4401 notas
2945 4347 3017 4401 ibi
3039 4347 3106 4401 ad
3149 4348 3186 4402 l.
3225 4349 3260 4401 l.
3301 4351 3565 4406 adiectas.

2063 4438 2106 4491 ll
2129 4437 2173 4503 l)
2204 4435 2581 4491 Bar-Hebraei
2636 4436 2842 4492 Clu-on.
2878 4437 3016 4510 Dyn.
3048 4438 3134 4495 ed.
3171 4439 3366 4496 Kirsch
3417 4441 3566 4513 Lips.

310 4521 415 4576 der
451 4521 735 4591 Iibyscben
767 4519 958 4576 Wuste
994 4539 1047 4578 u.
1073 4523 1213 4577 nach
1238 4521 1645 4593 Oberaegypten
1671 4541 1725 4594 p.
1753 4524 1882 4579 205.
1922 4551 1964 4604 ι)
1999 4528 2132 4580 1788
2165 4545 2216 4597 p.
2256 4526 2344 4580 14.

387 4611 471 4680 (4)
515 4609 606 4664 Cf.
643 4627 807 4680 supra
841 4628 893 4681 p.
931 4613 1020 4667 89.

389 4703 470 4774 (5)
551 4701 610 4755 S.
650 4718 703 4755 v.
755 4701 1030 4757 Macarius
1079 4705 1361 4775 Aegyptius
1423 4704 1605 4779 §XXI
1653 4705 1889 4760 Coteler.

312 4794 470 4848 Eccl.
508 4790 706 4847 Graec.
755 4791 899 4848 Mon.
925 4792 991 4848 T.
1025 4793 1044 4848 I
1094 4811 1149 4864 p.
1186 4795 1288 4850 557
1326 4811 1449 4866 sqq.
1498 4797 1584 4852 Cf.
1618 4794 1761 4850 infra
1793 4795 1894 4849 Ca-

317 4894 419 4956 put
452 4883 567 4938 VII.

2064 4617 2176 4686 (12)
2209 4615 2374 4670 Henr.
2411 4613 2741 4672 Hammond.
2775 4617 2840 4672 ad
2868 4616 2914 4674 II
2933 4617 3243 4686 Timoth.3,
3264 4621 3319 4677 8.

2064 4708 2174 4775 (15)
2196 4705 2348 4778 ι10111.

2065 4798 2177 4867 (14)
2238 4796 2524 4867 Magorum
2570 4799 2791 4853 nomina
2850 4801 2993 4868 apud
3053 4803 3238 4856 varios
3275 4803 3574 4872 scriptorcs

1993 4891 2144 4943 varie
2175 4889 2449 4958 leguntur.
2477 4887 2532 4942 In
2558 4889 2624 4942 N.
2661 4889 2726 4943 Τ.
2765 4891 3024 4961 leguntur
3068 4892 3377 4960 Ἰαννῆςθι
3413 4895 3572 4961 Ἰαμ-

389 4977 469 5042 (6)
512 4974 560 5028 II
620 4972 858 5030 Timoth.
887 4975 942 5042 3,
977 4975 1030 5030 8.
1075 4973 1158 5030 Ad
1192 4991 1352 5045 quem
1404 4978 1654 5048 Apostoli
1710 4979 1894 5032 locum
1990 4977 2178 5046 βρῆς,
2229 4985 2394 5048 atque
2422 4978 2477 5032 in
2513 4978 2647 5033 solis
2694 4979 2911 5034 duobus
2950 4980 3112 5034 codd.
3164 4981 3364 5050 legitur
3405 4983 3575 5050 Μαμ-

325 5067 709 5122 Tbeodoretus
731 5069 865 5124 haec
882 5067 1104 5138 scripsit
1134 5087 1147 5122 :
1185 5068 1261 5122 Τὰ
1279 5069 1483 5138 μέντοι
1518 5071 1746 5124 τούτων
1765 5071 1899 5124 ὀνό-

332 5178 476 5228 ματα
511 5165 623 5214 οὐκ
650 5162 718 5213 ἐκ
755 5159 867 5229 τῆς
893 5163 1051 5228 θείας
1082 5162 1312 5232 γραφῆς
1333 5163 1676 5233 μεμάθηκεν
1693 5167 1724 5217 ό
1744 5163 1898 5230 θεῖος

341 5254 693 5318 ἀπόστολος,
729 5254 852 5306 ἀλλ
871 5253 885 5270 ’
907 5253 975 5306 ἐκ
1007 5253 1116 5321 τῆς
1144 5253 1412 5324 ἀγράφου
1451 5254 1566 5307 τῶν
1595 5254 1901 5308 Ἰουδαίων

339 5343 740 5409 οίὸασκαλίας.
772 5343 873 5398 Ed.
905 5342 1170 5399 Noesselt.
1213 5345 1379 5400 Halae
1407 5345 1567 5410 1771,
1594 5347 1674 5412 8⁰,
1719 5344 1782 5399 Τ.
1833 5345 1899 5400 III

333 5450 384 5502 p.
415 5437 535 5490 689.

395 5526 468 5594 (7)
513 5527 569 5579 In
605 5526 800 5580 Matth.
857 5524 1074 5580 Comm.
1116 5525 1299 5581 Series
1337 5523 1362 5597 ᾗ
1403 5524 1525 5578 117.
1555 5523 1708 5596 Orig.
1757 5525 1894 5596 Opp.

331 5615 407 5669 ed.
437 5615 503 5674 de
525 5618 571 5673 Ia
605 5619 730 5676 Rue
774 5617 963 5672 Paris.
997 5615 1130 5669 1740
1168 5617 1232 5670 Τ.
1270 5617 1412 5686 IIIp.
1448 5617 1576 5682 9I6,
1599 5617 1655 5671 2.

388 5711 461 5776 (8)
506 5712 694 5768 Tract.
754 5707 1094 5764 Monachoth
1124 5724 1245 5778 cap.
1285 5708 1377 5762 IX.

380 5806 454 5880 (9)
488 5807 688 5880 Pracp.
714 5817 934 5872 evang.
979 5797 1067 5862 IX,
1095 5799 1148 5866 8,
1193 5798 1280 5856 ed.
1337 5798 1640 5856 Heinichen
1687 5799 1903 5869 Lipsiae

1990 5069 2173 5137 ﬁpﬁq.
2230 5068 2292 5124 In
2346 5067 2607 5141 Vulgata,
2664 5071 2960 5140 Evangelio
3005 5069 3283 5125 Nicodemi
3325 5081 3381 5127 et
3429 5073 3575 5142 apud

1997 5159 2192 5216 Patres
2252 5161 2486 5217 habetur
2553 5161 2711 5215 lectio
2773 5160 3042 5214 Mambres
3094 5169 3258 5231 atque
3300 5163 3574 5217 interdum

1997 5247 2244 5303 Jamnes.
2275 5250 2332 5303 In
2374 5249 2630 5305 Peschito
2657 5261 2924 5304 vocantur
2960 5269 2972 5305 :
2999 5248 3154 5305 Jonis
3199 5262 3253 5306 et
3275 5251 3574 5317 Jambaris,

2002 5342 2057 5394 in
2110 5339 2369 5410 Talmud,
2429 5341 2745 5412 Targumim
2797 5351 2851 5396 et
2904 5344 3061 5400 libris
3122 5346 3338 5400 rabbin.
3369 5365 3381 5400 :
3414 5343 3575 5399 lanis

2003 5440 2053 5485 et
2083 5431 2346 5496 Jambris,
2393 5432 2634 5499 Jamnes,
2680 5433 2896 5498 Janm’s,
2937 5434 3168 5500 Jannos,
3225 5436 3418 5498 Jonas,
3467 5436 3569 5490 Jo-

2003 5523 2186 5588 chane,
2211 5523 2433 5588 Jac/me,
2463 5524 2704 5579 Jochana
2739 5535 2791 5580 et
2832 5525 3060 5591 Mamre,
3105 5527 3378 5591 Jambros,
3423 5526 3579 5582 Jam-

2006 5616 2428 5677 bros,.lambres.
2456 5617 2543 5673 Cf.
2571 5619 2803 5674 Coteler.
2848 5619 3038 5676 Patres
3072 5621 3375 5690 Apostolic.
3429 5621 3577 5675 Con-

2007 5710 2182 5762 stitul.
2218 5709 2408 5778 Apost.
2439 5709 2581 5775 VIII,
2610 5711 2631 5763 1
2695 5710 2784 5764 ed.
2817 5713 2981 5791 A'ntv.
3011 5711 3148 5764 1700
3180 5709 3246 5766 Τ.
3294 5710 3312 5763 I
3347 5728 3400 5781 p.
3449 5712 3579 5765 588.

2009 5802 2148 5870 Allg.
2187 5800 2481 5873 Encyclop.
2527 5818 2577 5857 v.
2613 5801 2784 5858 Erscb
2830 5819 2886 5858 u.
2921 5801 3139 5858 Gruber
3176 5819 3222 5858 s.
3259 5819 3311 5858 v.
3353 5801 3576 5857 Ιιιηηκ.
