4046 6454
608 332 675 391 91
1420 336 1521 393 SS.
1564 334 2026 393 MACARIORUM
2063 337 2171 392 ΑΕ(

2277 336 2381 392 »τη
2428 336 2516 391 ετ
2556 335 3019 392 ALEXANDRINI
3461 298 3469 305 ’
3816 336 3895 391 ω

610 460 714 516 tur
744 447 851 537 (1),
894 454 1165 537 positum
1215 472 1493 534 saxoque
1524 455 1851 534 quadrato.
1901 472 2027 534 quo
2059 454 2176 515 ho-
2206 478 2254 533 Α
2282 462 2450 517 ctum
2478 472 2623 517 cum
2656 454 3066 515 daemonibus
3102 452 3262 526 iniit,
3296 450 3406 512 sed
3436 450 3563 526 illa,
3606 454 3692 510 ut
3721 448 3893 510 dae-

611 554 869 615 diedum
901 556 1202 633 Aegyptia
1237 562 1641 617 monumenta
1681 562 1992 616 exstructa
2023 570 2180 615 con-

609 654 965 732 spiciuntur
1000 654 1107 735 (2),
1145 656 1536 717 aediﬁcatum
1570 654 1706 716 fuit.
1741 657 1868 717 Nec
1898 672 2026 716 non
2059 673 2180 734 pu-

609 756 738 827 teo,
766 754 874 832 qui
902 754 1033 814 fere
1078 755 1142 815 in
1170 755 1344 815 nullo
1390 755 1497 815 tali
1546 755 1807 833 Aegypti
1849 754 2181 833 sepulchro

614 853 1004 915 desideratur
1037 855 1144 933 (3),
1170 864 1452 916 ornatum
1478 855 1612 927 fuit,
1639 855 2027 933 multumque
2048 855 2184 917 auri

611 952 676 1011 in
701 962 1109 1015 monumento
1140 955 1489 1034 depositum
1522 972 1657 1015 esse
1688 954 1850 1015 fama
1878 954 2037 1015 tulit.
2064 958 2184 1033 Ap-

612 1054 1063 1132 propinquanti
1108 1072 1255 1115 vero
1305 1055 1569 1115 Macario
1620 1054 2010 1133 septuaginta
2048 1055 2182 1117 fere

613 1153 952 1213 daemones
1022 1172 1055 1215 e
1112 1164 1520 1215 monumento
1585 1156 1817 1232 egressi
1872 1155 2182 1233 variisque

606 1247 829 1310 formis
884 1251 1145 1329 praediti
1186 1260 1617 1326 occurrerunt,
1673 1253 1773 1313 alii
1820 1252 2178 1327 clamantes,

609 1349 713 1409 alii
738 1350 1111 1422 exsilientes,
1140 1350 1241 1411 alii
1264 1368 1491 1427 magno
1513 1352 1761 1412 fremitu
1785 1353 1845 1412 in
1869 1370 2011 1413 eum
2035 1352 2185 1413 den-

610 1450 775 1510 tibus
808 1450 1176 1523 stridentes;
1220 1452 1411 1511 ceteri
1442 1458 1735 1531 tanquam
1766 1454 1936 1515 corvi
1963 1454 2181 1514 vol-an-

609 1552 702 1607 tes
752 1548 884 1608 eius
930 1548 1125 1608 vultui
1167 1549 1561 1610 insultarunt.
1600 1551 1915 1611 Consimili
1975 1558 2183 1612 autem

608 1646 799 1706 modo
849 1648 911 1706 S.
980 1649 1250 1709 Antonio
1297 1649 1359 1708 in
1410 1648 1745 1727 sepulchro
1796 1651 2180 1729 pernoctanti

612 1743 959 1805 daemones
1004 1746 1068 1806 in
1119 1747 1318 1807 forma
1360 1747 1638 1820 leonum,
1688 1766 1998 1821 ursorum,
2050 1749 2183 1811 leo-

2284 567 2505 611 mones
2533 549 2921 623 recederent,
2954 554 3177 627 sponte
3204 548 3509 628 promisit.
3551 546 3900 608 Diabolus

2280 650 2418 721 iste,
2457 650 2563 727 qui
2577 649 2839 710 Macario
2857 656 3332 710 monumentum
3362 647 3627 709 intranti
3651 649 3897 709 stricto

2280 748 2485 825 gladio
2527 748 2769 809 obviam
2798 749 3039 809 venisse
3082 748 3145 808 in
3189 747 3450 819 duabus,
3491 753 3557 807 ut
3602 747 3897 807 monui-

2280 864 2438 919 mus,
2465 846 2791 908 Lausiacae
2814 847 3201 908 versionibus
3220 846 3375 907 falso
3400 845 3705 916 traditur,
3737 845 3897 905 dae-

2280 964 2429 1007 mon
2451 947 2744 1026 princeps
2773 965 2909 1008 esse
2930 948 3191 1020 videtur,
3216 946 3325 1025 qui
3352 952 3628 1006 testante
3664 947 3739 1005 S.
3766 950 3898 1005 An—

2279 1047 2479 1118 tonio,
2505 1048 2727 1107 ceteris
2752 1046 3161 1108 daemonibus
3183 1046 3507 1125 superatis,
3531 1046 3692 1123 ipse
3730 1070 3761 1099 α
3783 1048 3896 1105 ad-

2280 1148 2447 1207 venit
2498 1147 2778 1208 horribili
2824 1148 3046 1221 forma,
3086 1155 3155 1208 ut
3202 1155 3503 1208 terrorem
3560 1147 3889 1219 incutiat,

2281 1247 2597 1325 multaque
2638 1247 2889 1320 iactitat,
2936 1248 3042 1309 sed
3085 1248 3395 1317 mentitur,
3434 1264 3549 1307 nec
3586 1247 3890 1306 extime-

2282 1349 2551 1409 scendus
2578 1355 2691 1421 est,
2721 1349 2864 1427 quia
2886 1367 2996 1427 per
3011 1348 3230 1408 Christi
3256 1348 3510 1424 gratiam
3528 1364 3707 1407 vana
3731 1355 3891 1406 sunt

2283 1447 2561 1507 omnium
2582 1447 2956 1521 daemonum
2980 1446 3299 1508 molimina
3317 1470 3342 1499 »
3363 1442 3507 1523 (11).
3530 1448 3673 1505 Res
3696 1462 3886 1515 vero,

2284 1564 2439 1624 quas
2474 1547 2772 1607 Macarius
2808 1554 3281 1607 monumentum
3324 1547 3659 1623 ingressus
3690 1546 3887 1606 inve—

2284 1646 2409 1717 nit,
2466 1645 2689 1707 cadum
2727 1664 2991 1708 aeneum
3033 1653 3249 1708 catena
3285 1647 3487 1707 ferrea
3540 1665 3625 1708 ex
3672 1656 3884 1726 puteo

2286 1746 2687 1823 pendentem,
2712 1747 2996 1826 malaque
3026 1738 3399 1809 intrinsecus
3428 1765 3654 1821 vacua,
3684 1765 3723 1809 a
3747 1748 3888 1807 Pal-

611 1844 972 1920 pardorum,
1032 1851 1376 1919 taurorum,
1426 1854 1813 1925 serpentum,
1868 1848 2177 1927 aspidum,
2213 1853 2252 1906 Β
2282 1844 2445 1906 ladio
2470 1856 2585 1925 ῥόαι
2615 1854 2848 1918 vocata,
2880 1847 3123 1925 aliaque
3150 1847 3459 1909 eiusmodi
3488 1849 3554 1908 in
3587 1849 3883 1927 Aegypti

608 1944 1013 2023 scorpionum
1044 1952 1228 2025 atque
1253 1946 1544 2026 luporum
1574 1956 2002 2027 apparuerunt
2032 1950 2181 2011 den-

606 2044 900 2123 tibusque
931 2047 993 2106 in
1025 2065 1165 2108 eum
1199 2048 1535 2110 striderunt
1560 2050 1666 2129 (4).
1700 2049 2041 2129 Eidemque
2064 2055 2181 2111 An-

607 2144 782 2204 tonio
837 2145 901 2205 in
951 2146 1205 2207 castello
1244 2148 1514 2225 quodam
1547 2149 1796 2227 degenti
1842 2150 2179 2213 daemones

608 2241 952 2304 clamarunt
985 2264 997 2305 :
1032 2269 1058 2300 α
1093 2247 1138 2304 Ε
1168 2247 1395 2307 nostris
1435 2249 1658 2309 recede
1696 2249 1981 2311 sedibus!
2021 2251 2178 2323 Quid

604 2342 716 2402 tibi
746 2362 887 2404 cum
919 2345 1174 2407 eremo?
1219 2349 1471 2409 Nostras
1514 2366 1834 2428 nunquam
1878 2350 2041 2412 feres
2075 2351 2176 2411 in-

602 2442 792 2503 sidias
818 2468 843 2498 »
874 2444 977 2525 (5).
1023 2446 1247 2507 lisdem
1282 2447 1413 2509 fere
1458 2450 1662 2510 verbis
1699 2449 2036 2511 daemones
2078 2451 2178 2512 isti

602 2541 935 2601 Macarium
966 2543 1451 2605 Alexandrinum
1471 2554 1875 2624 exceperunt.
1901 2550 2174 2619 Quorum

600 2640 856 2717 quidem
888 2660 1018 2716 eos,
1054 2644 1162 2722 qui
1184 2644 1496 2719 volabant,
1522 2664 1663 2708 cum
1693 2647 1914 2719 corvis,
1949 2650 2176 2725 qubus

598 2742 703 2803 illa
746 2760 992 2806 eremus
1040 2745 1379 2808 hodiedum
1418 2748 1689 2809 abundat
1722 2747 1825 2827 (6),
1874 2748 2174 2809 Macarius

599 2851 941 2920 comparat.
995 2848 1193 2923 Atque
1249 2864 1579 2907 corvorum
1631 2846 1874 2925 species
1914 2847 2171 2907 daemo-

600 2942 783 3003 nibus
804 2942 969 3004 haud
995 2962 1133 3006 raro
1166 2947 1523 3007 tribuuntur
1556 2946 1662 3026 (7).
1692 2946 2033 3025 Sepulchra
2069 2948 2173 3009 de-

600 3041 791 3120 nique
814 3052 1346 3124 monumentaque
1362 3046 1473 3115 96
1494 3046 1687 3106 eremi
1706 3064 1739 3107 a
1762 3047 2171 3108 daemonibus

2281 1947 2628 2025 sepulchris
2657 1947 2993 2009 hodiedum
3030 1948 3316 2021 inveniri,
3365 1966 3491 2009 non
3534 1956 3639 2009 est
3695 1950 3879 2028 quod

2281 2046 2562 2125 pluribus
2584 2048 2805 2109 dicam.
2829 2052 2912 2109 Ac
2932 2048 3098 2109 fraus
3130 2049 3231 2109 illa
3257 2048 3510 2119 diaboli,
3537 2050 3659 2127 qui
3682 2067 3882 2111 arun-

2280 2148 2458 2211 dines
2519 2150 2678 2228 signi
2719 2168 2906 2211 causa
2951 2150 3017 2209 in
3065 2150 3160 2209 via
3208 2149 3438 2227 positas
3486 2149 3875 2227 collegerat,

2278 2250 2577 2328 virgoque
2625 2249 2856 2310 munda
2902 2255 3070 2309 veste
3117 2247 3356 2320 induta,
3412 2264 3574 2325 quae
3636 2267 3877 2309 urnam

2278 2362 2438 2425 aqua
2481 2346 2810 2407 stillantem
2856 2347 2920 2407 in
2951 2346 3153 2425 capite
3195 2352 3441 2423 gestans
3468 2344 3727 2407 fessum
3764 2367 3870 2409 se-

2279 2462 2422 2504 nem
2456 2451 2578 2505 tres
2611 2444 2743 2506 dies
2786 2444 3183 2524 provocabat,
3227 2460 3376 2520 grex
3419 2445 3712 2524 denique
3748 2445 3871 2507 bu«

2278 2544 2584 2616 balorum,
2608 2546 2716 2623 qui
2738 2545 2836 2605 siti
2858 2561 3228 2623 oppressum
3250 2543 3522 2616 nutrivit,
3555 2545 3868 2607 virtutem

2278 2653 2339 2705 et
2382 2644 2790 2706 constantiam
2821 2645 3067 2706 Macarii
3109 2644 3479 2722 divinaeque
3520 2646 3772 2720 gratiae
3814 2645 3867 2703 ei

2275 2744 2629 2823 impertitae
2674 2742 3165 2822 magnitudinem
3221 2743 3581 2803 ostendunt.
3639 2743 3866 2804 Bubali

2283 2853 2489 2905 autem
2522 2844 2755 2906 circum
2788 2843 3015 2904 Nitriae
3055 2842 3315 2921 paludes
3343 2842 3698 2903 hodiedum
3734 2861 3868 2904 cre-

2275 2945 2529 3005 berrimi
2560 2952 2706 3005 sunt
2738 2943 2890 3022 (12).
2923 2941 3202 3002 Narratio
3230 2958 3376 3001 vero
3413 2940 3555 3000 libri
3587 2940 3859 3002 secundi

2274 3043 2353 3104 de
2390 3043 2611 3104 eodem
2656 3047 3066 3103 monumento
3095 3058 3129 3100 a
3170 3040 3436 3101 Macario
3478 3040 3616 3101 viso
3665 3040 3857 3111 fama,

596 3141 931 3203 inhabitari
960 3161 1307 3223 eorumque
1345 3147 1407 3206 in
1449 3152 1756 3225 potestate
1783 3145 2022 3219 haberi,
2072 3147 2167 3207 Si-
2197 3181 2239 3238 ρ
2272 3149 2342 3203 ut
2373 3142 2720 3214 docuimus,
2753 3141 2930 3203 valde
2960 3141 3291 3220 depravata
3341 3140 3603 3201 Palladii
3638 3156 3858 3201 narra-

596 3240 731 3302 vvah
764 3243 934 3303 Oasis
964 3243 1205 3307 incolae
1235 3246 1591 3309 etiamnunc
1621 3245 1880 3306 credunt
1911 3244 2017 3325 (8).
2054 3247 2169 3307 Mi-

598 3360 736 3402 rum
766 3349 877 3414 est,
912 3345 1078 3422 quod
1110 3348 1408 3407 Macarius
1448 3345 1880 3419 daemonibus,
1917 3347 2168 3423 cognito

597 3451 1005 3505 monumento
1034 3463 1101 3505 se
1125 3463 1515 3508 recessurum
1537 3465 1698 3521 esse,
1720 3449 1839 3509 ﬁde
1869 3448 2007 3509 data
2027 3465 2171 3527 pro-

596 3543 785 3603 misit.
821 3546 974 3605 Nam
1003 3544 1343 3608 daemones
1376 3548 1633 3609 omnino
1666 3565 1793 3608 non
1823 3547 2167 3608 audiendos

597 3661 733 3704 esse
756 3646 816 3703 S.
840 3645 1142 3706 Antonius
1159 3646 1371 3706 docuit
1392 3645 1494 3724 (9).
1519 3648 1588 3707 In
1610 3647 1864 3725 antiqua
1886 3647 2167 3707 versione

594 3745 897 3805 Macarius
921 3746 1073 3806 haec
1096 3754 1335 3807 tantum
1351 3748 1537 3807 verba
1569 3766 1581 3809 :
1620 3771 1647 3803 «
1676 3749 1932 3827 Oportet
1952 3764 2053 3809 me
2078 3749 2170 3808 in-

595 3846 767 3921 gredi
784 3853 844 3906 et
858 3847 1065 3907 videre
1085 3848 1541 3926 urespondisse,
1560 3848 2023 3927 daemonesque
2040 3865 2167 3908 non

594 3963 817 4006 curans
856 3948 1117 4007 intrasse
1166 3947 1529 4026 perhibetur
1559 3948 1701 4028 (10).
1735 3950 1913 4021 Quod
1959 3956 2167 4009 tamen

593 4045 789 4105 textui
820 4046 1131 4119 codicum,
1166 4048 1508 4109 editionum
1534 4056 2007 4127 ceterarumque
2037 4068 2171 4108 ver-

490 4224 494 4231 .
593 4144 844 4205 sionum
884 4152 1212 4225 repugnat.
1254 4148 1472 4225 Neque
1515 4148 1816 4209 Macarius
1859 4165 2004 4209 vere
2051 4165 2165 4229 pa-

2278 3244 2433 3304 tioni
2466 3243 2893 3323 posthabenda
2924 3248 3038 3301 est.
3069 3246 3268 3319 Atque
3302 3241 3488 3301 istum
3520 3256 3859 3318 magorum

2278 3343 2528 3404 hortum
2560 3343 2844 3404 manibus
2874 3341 2978 3413 97
3028 3340 3473 3420 Aegyptiorum
3518 3341 3855 3417 iussuque,

2274 3452 2344 3507 ut
2375 3445 2637 3517 videtur,
2663 3444 3001 3504 Pharaonis
3021 3443 3387 3503 adornatum
3416 3441 3638 3514 fuisse,
3666 3461 3703 3503 a
3727 3440 3861 3501 Pal-

2274 3541 2442 3604 ladio
2474 3540 2639 3601 haud
2673 3541 2937 3600 obscure
2968 3539 3303 3612 indicatur;
3336 3556 3530 3617 quare
3550 3541 3635 3601 ab
3658 3538 3857 3599 hortis

2273 3642 2551 3723 magicis,
2568 3640 2672 3719 qui
2691 3640 2851 3700 haud
2871 3656 3007 3699 raro
3023 3639 3333 3716 leguntur,
3348 3640 3452 3700 ille
3465 3640 3857 3717 distinguen-

2274 3748 2390 3808 dus
2412 3761 2549 3808 esse
2584 3742 2822 3801 videtur
2845 3740 2991 3819 (13).
3017 3741 3135 3801 Sed
3167 3741 3245 3801 ad
3276 3748 3480 3801 cetera
3502 3741 3849 3801 veniamus.

2352 3848 2651 3909 Macarius
2690 3842 2993 3920 aspidem,
3038 3859 3072 3901 a
3118 3858 3241 3919 qua
3286 3841 3351 3901 in
3392 3850 3586 3920 puteo
3630 3841 3709 3902 ad
3752 3858 3849 3900 re-

2273 3949 2579 4011 creandos
2607 3949 2826 4010 fratres
2856 3942 3152 4006 fodiendo
3178 3942 3601 4015 mordebatur,
3637 3942 3783 4002 inde
3817 3958 3849 3999 a

2274 4048 2557 4109 faucibus
2588 4066 2844 4127 prorsus
2874 4043 3223 4127 discerpsit.
3279 4045 3463 4127 Isque
3512 4060 3653 4104 mos
3686 4039 3845 4120 apud

2250 4172 2253 4175 ·
2273 4147 2652 4211 Mamelucos
2673 4148 3013 4211 hodiedum
3032 4150 3319 4223 obtinuit,
3340 4150 3495 4229 quia
3510 4148 3845 4228 scorpione

592 4437 652 4494 In
678 4439 866 4495 codice
888 4441 1306 4495 membranaceo
1342 4438 1482 4494 Vind
1501 4439 1594 4494 ob.
1651 4438 1795 4508 magi
1842 4438 2031 4493 vocari
2072 4437 2157 4492 vi-
2191 4429 2235 4485 D
2267 4438 2327 4496 P.
2360 4439 2403 4494 ll
2438 4459 2489 4513 p.
2522 4442 2629 4498 640
2654 4458 2771 4512 sqq.

591 4532 789 4585 dentur
825 4551 836 4585 :
876 4532 1103 4599 Ἰαννῆς
1134 4532 1234 4584 καὶ
1271 4529 1577 4599 Ἰαμβρῆς,
1630 4530 1684 4585 in
1715 4530 1907 4585 codice
1942 4530 2161 4585 charta-

590 4632 716 4677 taco
746 4634 1012 4677 vocantur
1048 4623 1248 4692 Ἰαννῆ
1277 4624 1374 4676 καὶ
1422 4619 1690 4691 ’1αμβρῆ.
1741 4620 1814 4676 De
1848 4623 1957 4676 illis
1989 4622 2164 4691 magis

590 4730 732 4781 «(uae
764 4715 867 4766 viri
927 4714 1071 4767 docti
1110 4715 1481 4783 disputarunt,
1521 4714 1737 4784 collegit
1782 4712 2068 4768 Fabricius
2106 4714 2164 4767 in

592 4806 731 4859 libro
754 4824 766 4859 :
792 4805 930 4858 Cod.
958 4805 1349 4875 Pseudoepigr.
1384 4806 1447 4859 γ.
1478 4805 1544 4861 Τ.
1587 4805 1779 4860 Ilamb.
1809 4805 1946 4859 1722
1977 4822 2029 4876 p.
2058 4805 2164 4859 815

591 4913 709 4965 sqq.
739 4895 811 4950 De
854 4896 1046 4950 iisdem
1089 4899 1312 4967 scripsit
1354 4893 1636 4965 Zentgraf.
1672 4916 1685 4951 :
1725 4896 1875 4967 Disp.
1923 4897 2055 4951 hist.
2095 4897 2164 4951 de

590 4987 781 5043 Jamne
813 4996 866 5043 et
898 4988 1115 5043 Jambre
1143 4989 1517 5043 celeberrimis
1546 4989 1945 5058 Aegyptiorum
1984 4988 2162 5059 magis

590 5077 815 5134 Witteb.
846 5082 1084 5143 1669,4".
1109 5080 1158 5135 J.
1192 5081 1257 5136 G.
1301 5080 1581 5134 Michaelis
1607 5099 1620 5133 :
1644 5079 1792 5135 Diss.
1824 5078 1893 5134 de
1908 5078 2086 5135 Jannc
2102 5087 2157 5135 et

588 5169 808 5225 Jambre
829 5165 1049 5227 famosis
1070 5175 1455 5245 Aegyptiorum
1494 5174 1669 5244 magis
1702 5173 1869 5227 Ilalae
1894 5173 2053 5237 1747,
2076 5175 2149 5231 4ο.

661 5262 737 5332 (1)
781 5261 1022 5318 Minutoli
1053 5264 1210 5319 Reise
1249 5282 1371 5319 zum
1403 5264 1623 5335 Tempel
1653 5266 1750 5320 des
1781 5263 1994 5335 Jupiter
2038 5266 2159 5318 Am-

590 5370 713 5408 mon
744 5354 796 5408 in
830 5354 927 5408 der
957 5355 1232 5425 libyschen
1270 5356 1459 5412 Wﬁste
1483 5374 1538 5411 u.
1573 5358 1710 5411 nach
1753 5356 2161 5427 Obcraegypten

590 5461 645 5511 ι).
678 5445 801 5499 175.
832 5443 915 5496 Cf.
951 5442 1102 5513 Sulp.
1130 5444 1255 5500 Sev.
1284 5448 1419 5500 Dial.
1454 5447 1613 5514 lcap.
1644 5447 1710 5500 15
1734 5444 1983 5499 Galland.
2019 5445 2158 5497 Bibl.

590 5534 693 5589 PP.
720 5536 783 5590 Τ.
813 5534 925 5587 VIII
953 5552 1005 5605 p.
1040 5536 1162 5597 406,
1189 5537 1245 5602 2,
1275 5536 1449 5607 Migne
1479 5536 1686 5592 Patrol.
1710 5536 1775 5592 Τ.
1808 5536 1905 5590 XX
1949 5552 2003 5601 p.
2033 5536 2158 5591 192.

660 5626 736 5693 (ἳ)
780 5625 1022 5680 Minuloli
1056 5626 1092 5679 l.
1119 5626 1155 5679 l.
1186 5643 1238 5695 p.
1266 5627 1357 5680 61.

662 5716 740 5783 (5)
781 5714 913 5768 Ibid.
950 5734 1003 5783 p.
1033 5717 1122 5770 M.
1152 5718 1243 5770 6|.

548 5840 549 5843 η
662 5807 740 5876 (1)
784 5804 891 5859 Viti
936 5807 995 5863 S.
1026 5808 1241 5863 Antonii
1278 5823 1398 5878 cap.
1429 5807 1483 5874 9,
1518 5804 1576 5861 S.
1617 5806 1813 5863 Athan.
1838 5809 1975 5879 Opp.
2004 5805 2071 5862 Τ.
2113 5805 2153 5861 1.

2346 4532 2422 4599 (5)
2465 4532 2600 4587 Ibid.
2636 4549 2758 4601 cap.
2788 4531 2850 4585 ιδ
2880 4546 2931 4600 p.
2961 4528 3085 4584 6.42.

2341 4624 2418 4693 (6)
2460 4623 2709 4677 Minutoli
2742 4625 2776 4677 Ι.
2804 4624 2839 4677 l.
2877 4639 2929 4693 p.
2963 4622 3084 4675 186.

2336 4716 2416 4785 (7)
2456 4714 2541 4768 Cf.
2580 4715 2639 4769 S.
2670 4714 2893 4769 Ilieron.
2939 4715 3271 4769 Commentt.
3310 4712 3363 4767 in
3393 4712 3486 4767 lib.
3512 4710 3615 4768 Job
3654 4713 3706 4768 in
3740 4710 3838 4764 line

2264 4819 2386 4875 cap.
2414 4804 2503 4859 58.
2531 4802 2737 4858 Grimm
2765 4802 3036 4859 Deutsche
3061 4804 3386 4875 Mythologie
3422 4802 3521 4859 Ed.
3551 4805 3597 4859 ll
3628 4822 3682 4875 p.
3710 4802 3831 4857 949.

2338 4898 2416 4966 (8)
2457 4897 2701 4951 Minutoli
2732 4898 2768 4950 Ι.
2803 4898 2838 4950 1.
2868 4914 2917 4967 p.
2956 4896 3046 4951 82.

2335 4988 2412 5058 (9)
2452 4985 2573 5041 Vita
2618 4987 2675 5044 S.
2720 4988 2940 5042 Antonii
2973 5004 3092 5059 cap.
3126 4988 3214 5043 24.
3247 4984 3338 5044 25.
3388 4987 3449 5044 S.
3473 4989 3670 5044 Athan.
3699 4984 3831 5054 Opp.

2264 5076 2303 5135 l.
2329 5077 2365 5131 l.
2400 5094 2451 5147 p.
2480 5077 2585 5131 650
2608 5093 2727 5145 sqq.

2335 5168 2445 5240 (ιο)
2483 5166 2594 5221 vv.
2625 5165 2731 5221 PP.
2762 5165 2946 5221 Bosw.
2979 5182 3031 5237 p.
3060 5166 3186 5238 992,
3225 5167 3275 5220 I.

2334 5260 2380 5331 (I
2400 5257 2584 5332 I)Vita
2618 5259 2675 5314 S.
2703 5261 2926 5314 Antonii
2959 5272 3078 5330 cap.
3107 5258 3177 5311 24
3207 5262 3242 5315 Ι.
3271 5260 3306 5313 l.
3333 5276 3384 5329 p.
3414 5260 3540 5314 650.

2339 5351 2453 5423 (12)
2496 5352 2744 5406 Minntoli
2792 5352 2829 5407 l.
2872 5353 2912 5405 l.
2959 5368 3012 5423 p.
3066 5352 3191 5408 206.
3245 5352 3330 5405 Cf.
3384 5352 3525 5408 Hist.
3546 5350 3706 5406 Laus.
3742 5344 3824 5399 ed.

2261 5444 2462 5500 Meurs.
2498 5460 2619 5514 cap.
2648 5445 2738 5498 51.

2334 5536 2445 5607 (15)
2467 5534 2574 5591 Eos
2594 5551 2699 5589 non
2724 5543 2979 5589 accurate
2994 5534 3329 5603 distinguere
3344 5534 3823 5589 videturDuentzer

2261 5626 2313 5679 in
2377 5625 2574 5679 libro:
2632 5621 2726 5680 Die
2776 5624 2917 5695 Sage
2974 5640 3099 5680 von.
3158 5621 3250 5679 Dr.
3308 5619 3585 5681 Iohannes
3639 5620 3817 5676 Fausto

2260 5734 2314 5787 p.
2355 5719 2473 5771 192.
