4046 6490
246 354 306 410 93
1845 364 2071 421 VITAE.
3522 376 3591 429 91

264 474 496 559 puncti,
554 483 636 539 ut.
699 478 993 548 vulneri
1053 487 1451 562 medeantur,
1508 484 1907 567 scorpionem
1939 492 1983 546 Α
2011 485 2203 548 fuisse
2239 487 2345 568 (7).
2378 486 2735 569 Iisoemque
2771 502 2903 551 lere
2933 490 3161 563 verbis,
3201 490 3430 569 quibus
3458 492 3586 550 Ma-

277 580 472 661 ipsum
530 596 749 660 super
812 604 1070 652 recens
1142 589 1366 651 vulnus
1414 594 1748 651 conterunt
1797 585 1905 665 (1).
2013 589 2249 650 carium
2278 589 2675 662 Pachomius,
2726 589 3064 670 aliquando
3094 591 3429 653 Palaemon
3473 593 3590 651 Pa-

293 680 753 762 Scorpionibus
784 695 1022 752 autem
1044 709 1292 753 eremus
1321 690 1427 751 illa
1467 690 1743 752 abundat
1802 688 1907 770 (2).

374 785 423 846 E
445 784 651 846 tribus
684 786 915 864 cellis,
972 809 1133 871 quas
1170 791 1233 851 in
1264 792 1562 853 interiore
1602 797 1768 853 vasta
1804 810 1908 853 so-

313 885 583 960 litudine,
617 886 693 947 in
729 889 956 951 Celliis
993 899 1054 952 et
1090 892 1156 952 in
1201 898 1415 953 monte
1444 892 1675 953 Nitriae
1706 894 1910 953 Maca-

326 988 439 1052 rius
486 987 972 1053 Alexandrinus
1016 992 1254 1065 habuit,
1307 1010 1457 1067 una,
1507 995 1572 1054 in
1625 1011 1747 1072 qua
1805 1012 1914 1072 per

333 1090 876 1171 quadragesimam
900 1093 967 1154 in
1002 1095 1275 1156 tenebris
1303 1094 1581 1166 sedebat,
1615 1095 1776 1155 ostio
1806 1112 1910 1155 ca-

332 1195 460 1254 ruit.
490 1191 708 1253 Cellae
738 1193 914 1253 enim
948 1195 1471 1256 monasteriorum
1499 1194 1666 1255 illius
1704 1194 1912 1271 regio-

326 1294 414 1355 nis
442 1292 746 1354 fenestris
777 1292 972 1356 hodie
1002 1312 1256 1374 quoque
1292 1302 1527 1369 carent,
1588 1296 1671 1358 ita
1701 1303 1769 1358 ut
1809 1296 1916 1357 lux

321 1400 559 1455 tantum
596 1412 722 1473 per
754 1394 988 1455 ostium
1031 1394 1219 1456 intret
1274 1394 1379 1473 (3).
1409 1397 1689 1475 Eamque
1719 1398 1917 1457 Maca-

318 1496 393 1556 rii
432 1494 742 1556 cellulam
772 1495 839 1555 in
873 1495 1169 1557 interiore
1194 1503 1359 1557 vasta
1380 1496 1716 1556 solitudine
1738 1495 1915 1556 sitam

316 1595 513 1658 fuisse
564 1596 915 1657 verisimile
966 1602 1080 1657 est.
1126 1596 1329 1657 Altera
1358 1604 1567 1657 autem
1594 1596 1659 1657 in
1686 1596 1912 1671 Celliis,

320 1704 387 1760 ut
424 1696 710 1770 videtur,
744 1698 860 1758 sita
899 1697 1333 1774 angustissima
1371 1697 1509 1771 fuit,
1549 1697 1617 1758 in
1663 1715 1786 1776 qua
1812 1696 1917 1758 ille

2013 687 2333 750 chomium
2373 688 2479 770 (8),
2555 692 2616 751 S.
2674 694 2980 754 Antonius
3032 692 3294 752 Paulum
3350 690 3591 770 simpli-

2014 807 2150 851 cem
2185 788 2263 870 (9)
2296 793 2677 871 repulerant.
2726 793 3098 854 Pachomius
3139 793 3205 853 in
3231 792 3337 853 illa
3376 809 3595 853 narra-

2012 892 2186 954 tione
2242 894 2530 972 spiritum
2580 895 2949 974 prOphetiae
2996 894 3291 955 habuisse
3346 893 3597 965 dicitur,

2014 993 2184 1071 quod
2206 1000 2266 1054 et
2288 994 2351 1054 in
2364 994 2484 1055 vita
2506 995 2641 1056 eius
2673 995 3422 1074 quodammodotraditur
3442 992 3595 1072 (10).

2012 1096 2099 1154 Ac
2121 1094 2413 1156 monachi
2443 1098 2804 1157 monasterii
2836 1098 3001 1158 illius
3023 1115 3228 1158 ramos
3250 1096 3601 1176 palmarum

2016 1200 2311 1269 tractant,
2346 1196 2518 1274 quod
2546 1197 2611 1257 in
2642 1198 3037 1258 monasteriis
3064 1199 3125 1257 S.
3156 1196 3409 1257 Antonii
3440 1195 3599 1256 alio—

2016 1314 2284 1374 rumque
2307 1314 2526 1357 senum
2550 1298 2683 1359 ﬁeri
2706 1298 2945 1359 solebat
2971 1296 3117 1379 (11).
3148 1303 3349 1376 Atque
3370 1297 3436 1357 in
3456 1297 3604 1355 Ter-

2016 1396 2236 1471 raneh,
2280 1414 2442 1475 quae
2474 1405 2568 1460 est
2606 1400 2756 1459 urbs
2808 1416 3009 1477 prope
3045 1399 3300 1458 Nitriam
3342 1398 3479 1471 sita,
3523 1412 3603 1457 ex

2016 1494 2230 1570 iunco,
2264 1496 2374 1575 qui
2412 1496 2478 1556 in
2514 1496 2647 1575 ejus
2670 1497 3003 1576 paludibus
3032 1495 3450 1557 creberrimus
3482 1501 3600 1569 est,

2016 1603 2257 1676 tapetes
2286 1598 2705 1659 venustissimi
2734 1598 2939 1660 adhuc
2975 1606 3270 1659 texuntur
3292 1596 3437 1675 (12).

2096 1699 2497 1777 PrOpositum
2546 1698 2817 1771 Macarii,
2871 1692 3151 1777 quinque
3199 1698 3421 1758 diebus
3459 1714 3604 1758 cum

326 1815 401 1860 ne
434 1798 683 1878 pedem
718 1798 973 1876 quidem
1008 1798 1347 1860 extendere
1387 1803 1653 1879 poterat.
1695 1798 1914 1878 Cujus-
1950 1834 1992 1889 Β
2021 1798 2156 1861 solo
2182 1800 2311 1861 Deo
2343 1799 2755 1861 conversandi
2782 1806 3106 1877 totamque
3128 1806 3402 1859 mentem
3426 1799 3492 1859 in
3525 1814 3603 1858 eo

322 1902 493 1964 modi
527 1900 720 1962 cellis
746 1901 849 1962 alii
890 1919 1141 1981 quoque
1182 1918 1364 1963 senes
1393 1902 1489 1962 usi
1519 1919 1655 1964 esse
1690 1902 1915 1964 dicun-

318 2012 425 2066 tur
474 2004 594 2083 (4).
639 2005 719 2064 In
767 2003 947 2064 tertia
984 2003 1258 2082 denique
1292 2003 1471 2077 cella,
1513 2004 1756 2067 duabus
1795 2006 1919 2067 illis

319 2104 665 2184 ammiore,
693 2105 993 2165 Macarius
1015 2104 1420 2167 adventantes
1451 2108 1720 2187 excepit,
1748 2107 1919 2187 quod

319 2204 390 2265 in
412 2204 646 2266 cellam
674 2203 907 2265 Nitriae
928 2203 1183 2276 montis,
1210 2222 1398 2282 quem
1428 2205 1682 2284 plurimi
1707 2212 1767 2267 et
1790 2224 1924 2266 mo-

324 2305 514 2367 nachi
545 2312 611 2366 et
634 2305 956 2385 peregrini
985 2306 1186 2368 visere
1216 2306 1524 2380 solebant,
1557 2310 1793 2388 optime
1825 2329 1925 2372 ca-

334 2405 441 2465 dit.
466 2407 636 2483 Erga
671 2421 859 2483 quos,
899 2406 952 2466 si
985 2405 1061 2466 ad
1091 2406 1301 2485 ipsum
1340 2408 1744 2483 accedebant,
1790 2411 1921 2471 Ma-

338 2506 570 2566 carium
618 2503 1118 2567 Alexandrinum
1188 2506 1549 2570 hilariorem
1616 2511 1923 2589 Aegyptio

336 2606 603 2668 Macario
637 2606 865 2680 fuisse,
895 2614 1081 2686 atque
1114 2608 1462 2671 urbanitate
1511 2610 1784 2690 quadam
1824 2611 1923 2671 iu-

332 2706 542 2767 niores
588 2706 676 2767 ad
717 2706 1111 2785 disciplinam
1150 2708 1583 2772 monachicam
1613 2710 1924 2788 allexisse,

333 2806 625 2867 Socrates
660 2804 881 2866 nescio
910 2806 1080 2867 unde
1114 2807 1358 2886 accepit
1391 2806 1498 2887 (5).

406 2907 494 2967 De
516 2906 773 2984 virgine
803 2905 1242 2969 Thessalonica
1272 2909 1559 2983 oriunda,
1595 2928 1782 2989 quam
1808 2914 1929 2974 Ma-

336 3016 539 3071 carius
573 3009 1042 3070 Alexandrinus
1078 3010 1219 3071 oleo
1257 3018 1470 3073 sancto
1514 3013 1688 3073 unxit
1719 3015 1928 3092 preci-

336 3108 583 3187 busque
620 3107 847 3186 viginti
879 3107 1121 3169 dierum
1151 3110 1409 3184 sanavit,
1458 3125 1590 3171 non
1628 3120 1720 3171 est
1758 3111 1928 3190 quod

338 3207 769 3288 disputemus.
801 3208 999 3279 Quare
1028 3208 1107 3269 ad
1134 3208 1581 3269 monasterium
1610 3209 1931 3271 Pachomii

336 3324 370 3369 a
394 3309 510 3379 98
538 3308 821 3370 Macario
846 3308 1112 3370 invisum
1133 3316 1543 3370 transeamus.
1576 3310 1753 3381 Quod
1779 3327 1929 3389 per-

337 3428 569 3489 magno
609 3427 883 3472 numero
920 3411 1376 3473 monachorum
1419 3410 1733 3473 efﬂuxisse
1773 3430 1928 3474 con-

340 3518 577 3571 stanter
624 3509 895 3571 traditur
928 3509 1034 3592 (6).
1082 3512 1418 3574 Macarium
1458 3512 1717 3593 quidem
1758 3521 1930 3574 veste

341 3613 622 3693 Operarii
666 3611 958 3673 indutum
1008 3612 1383 3676 Pachomius
1424 3621 1669 3693 septem
1708 3615 1931 3677 diebus

339 3714 681 3775 admittere
731 3712 952 3775 noluit.
990 3715 1109 3776 Ubi
1156 3715 1634 3790 animadvertas,
1687 3716 1929 3779 Pacho-

338 3814 447 3875 mii
481 3813 731 3892 regula,
780 3820 850 3875 ut
895 3815 1146 3877 saeculo
1175 3816 1655 3879 renunciaturus
1698 3835 1934 3897 paucos

344 3922 476 3984 dies
532 3930 686 3985 ante
727 3922 978 3984 ianuam
1034 3924 1395 3986 monasterii
1444 3930 1799 3985 remaneret
1836 3925 1933 3985 di-

342 4041 677 4104 gnumque
735 4040 803 4085 se
858 4041 997 4086 esse
1051 4028 1432 4102 ostenderet,
1476 4026 1935 4107 praescriptum

414 4231 498 4302 (1)
542 4230 795 4285 Minutoli
830 4231 868 4284 1.
898 4232 933 4285 1.
969 4248 1021 4301 p.
1064 4233 1151 4288 77.

416 4323 501 4391 (2;
545 4320 684 4375 Ibid.
718 4339 772 4392 p.
806 4323 934 4377 204.
1006 4394 1011 4399 ν

417 4416 499 4483 (5)
543 4413 914 4469 Tischentlorf
940 4423 993 4468 et
1024 4414 1335 4471 Wilkinson
1370 4417 1409 4470 1.
1440 4417 1478 4471 1.
1509 4434 1675 4489 supra
1708 4436 1760 4490 p.
1784 4420 1840 4476 2.

2021 1901 2158 1963 solo
2200 1901 2538 1979 deﬁgendi,
2585 1901 2770 1962 tertio
2818 1900 2919 1961 die
2958 1901 3249 1973 daemon,
3310 1900 3377 1960 in
3418 1899 3598 1959 ﬂam-

2019 2018 2185 2063 mam
2217 2001 2380 2078 ignis
2414 2018 2777 2073 conversus,
2820 2001 3063 2062 irritum
3101 1999 3269 2061 fecit.
3315 1998 3431 2072 Qui
3469 2007 3601 2060 sto-

2024 2119 2221 2175 ream,
2248 2102 2311 2163 in
2337 2120 2461 2181 qua
2480 2120 2675 2164 senex
2698 2102 2918 2175 stabat,
2942 2102 3306 2175 combussit,
3332 2118 3606 2180 eumque

2020 2204 2230 2283 ipsum
2262 2203 2527 2264 adurere
2570 2204 2736 2265 visus
2784 2211 2897 2264 est.
2945 2204 3125 2264 Unde
3177 2201 3347 2263 hunc
3395 2202 3607 2279 ignem

2023 2322 2153 2367 non
2177 2304 2547 2384 phantasma
2569 2306 2893 2367 daemonis
2913 2305 3127 2379 fuisse,
3158 2304 3267 2365 sed
3296 2304 3416 2363 vim
3440 2320 3613 2364 com-

2024 2404 2293 2467 burendi
2323 2404 2615 2466 habuisse
2657 2404 3019 2467 credideris.
3053 2405 3403 2465 Daemones
3434 2418 3609 2475 vero,

2026 2505 2137 2585 qui
2184 2506 2384 2568 varias
2423 2507 2683 2567 omnino
2712 2506 2985 2567 induunt
3010 2504 3244 2566 formas
3268 2504 3415 2582 (13),
3446 2503 3612 2581 ignis

2027 2609 2239 2685 specie
2272 2608 2635 2687 apparuisse
2666 2614 2855 2687 atque
2885 2606 3251 2700 incendium
3283 2604 3613 2678 excitasse,

2028 2710 2176 2771 alibi
2206 2710 2373 2771 haud
2402 2708 2584 2770 facile
2620 2708 2815 2786 leges.

2106 2812 2217 2881 99
2248 2813 2552 2874 Sacerdos
2580 2811 2710 2884 ille,
2742 2809 2853 2889 qui
2884 2808 3203 2870 foruicans
3259 2824 3432 2868 sacra
3473 2823 3618 2885 per-

2032 2920 2266 2989 egerat,
2316 2930 2443 2973 non
2485 2913 2603 2973 nisi
2628 2912 2768 2973 data
2795 2911 2939 2984 fide,
2980 2925 3241 2970 munera
3270 2907 3616 2968 sacerdotis

2032 3029 2100 3073 se
2135 3030 2264 3074 non
2294 3014 2563 3093 amplius
2593 3014 2907 3074 obiturum
2939 3028 3100 3085 esse,
3137 3028 3171 3071 a
3214 3008 3480 3071 Macario
3511 3024 3613 3069 sa—

2034 3122 2239 3175 natur.
2272 3116 2513 3176 Veteris
2543 3114 2713 3175 enim
2755 3112 3058 3174 ecclesiae
3101 3109 3430 3190 disciplina
3473 3109 3617 3179 fuit,

2039 3222 2106 3276 ut
2135 3218 2450 3291 sacerdos,
2508 3215 2617 3295 qui
2665 3216 2870 3275 carnis
2914 3220 3243 3293 peccatum
3293 3217 3398 3272 aut
3447 3209 3616 3273 aliud

2039 3336 2221 3397 grave
2255 3319 2491 3379 crimen
2523 3317 2941 3388 commiserat,
2966 3333 2999 3375 a
3028 3313 3374 3375 ministerio
3409 3311 3619 3377 altaris

2037 3419 2480 3499 prohiberetur
2518 3425 2577 3479 et
2633 3418 2709 3478 ad
2753 3416 3055 3479 laicorum
3102 3414 3619 3477 communionem

2037 3521 2446 3597 redigeretur.
2494 3520 2679 3579 Cuius
2719 3517 3006 3596 exempla
3053 3523 3197 3577 sunt
3242 3514 3309 3574 in
3357 3514 3618 3574 Decreto

2039 3621 2315 3681 Gratiani
2348 3619 2469 3700 (14)
2491 3628 2551 3680 et
2580 3620 2645 3679 in
2669 3619 2843 3680 libris
2873 3616 3430 3697 poeuitentialihus
3464 3614 3614 3696 (15).

2035 3724 2338 3784 Macarius
2384 3721 2723 3795 infelicem,
2767 3719 2867 3781 cui
2902 3717 3361 3780 funestissimus
3410 3715 3620 3776 cancri

2034 3825 2294 3885 morbus
2327 3823 2408 3885 ob
2440 3823 2605 3884 istud
2630 3828 2960 3901 peccatum
2991 3827 3121 3881 erat
3139 3819 3435 3891 inﬂictus,
3465 3834 3619 3877 num

2036 3926 2247 3987 credat
2270 3927 2462 3986 Deum
2488 3942 2648 3996 esse,
2682 3939 2872 4002 quem
2910 3920 3066 3982 nihil
3098 3919 3285 3981 lateat
3317 3934 3432 3978 nec
3453 3916 3622 3995 quis-

2037 4044 2227 4107 quam
2250 4026 2515 4087 illudere
2548 4024 2766 4105 possit,
2790 4040 3071 4101 numque
3106 4025 3444 4097 cognoscat
3474 4034 3624 4099 pec»-

2036 4240 2293 4297 absentes
2316 4241 2519 4294 vidisse
2552 4240 2606 4293 in
2626 4240 2744 4293 eius
2762 4238 2871 4292 vita
2900 4235 3107 4307 capp.‘
3132 4243 3183 4290 et
3212 4235 3246 4289 6
3276 4234 3313 4287 1.
3348 4234 3383 4286 1.
3419 4231 3619 4303 p.508,

2041 4330 2093 4382 1.
2134 4331 2259 4397 514,
2302 4331 2336 4383 2
2379 4332 2593 4399 legitur.

2112 4418 2369 4488 (H)llist.
2391 4419 2555 4473 Laus.
2578 4418 2665 4473 ed.
2688 4417 2890 4472 Meurs.
2909 4431 3028 4484 cap.
3046 4415 3136 4468 40.
3154 4414 3242 4468 29.
3262 4413 3297 4466 2
3315 4428 3375 4467 ac
3390 4412 3619 4483 passim.

421 4508 503 4575 (4)
545 4504 783 4561 Passim.
837 4507 1146 4563 Marcianus
1198 4508 1253 4561 in
1316 4510 1452 4564 cella
1510 4528 1614 4564 nun
1675 4514 1924 4582 ampliore

2114 4512 2228 4579 (12)
2271 4510 2522 4564 Miuutoli
2562 4510 2597 4564 1.
2634 4510 2669 4563 1.
2714 4525 2763 4578 p.
2798 4508 2918 4561 189.
2949 4506 3075 4560 202.

346 4615 590 4669 corpore
639 4614 741 4652 suo
779 4614 837 4653 se
888 4599 1177 4654 inclusisse
1211 4600 1409 4671 legitur
1440 4600 1552 4665 νγ,
1592 4601 1698 4660 PP.
1746 4604 1931 4659 Rosw.

347 4690 447 4743 lib.
488 4687 559 4740 Ix
587 4703 710 4757 cap.
729 4689 782 4741 5.

426 4780 509 4848 (5)
553 4780 712 4833 Socr.
760 4779 899 4835 Hist.
948 4779 1096 4834 Eccl.
1146 4779 1213 4835 IV
1254 4797 1376 4853 cap.
1419 4783 1490 4836 25
1528 4786 1614 4837 ett.
1658 4784 1840 4839 Vales.
1881 4800 1936 4853 ιι.

345 4874 482 4926 234.

426 4966 508 5033 (ti)
550 4964 693 5018 Hist.
722 4963 885 5017 Laus.
931 4963 1019 5018 ed.
1060 4962 1260 5020 Meurs.
1301 4980 1423 5036 cap.
1461 4965 1529 5021 59
1559 4967 1609 5021 in
1645 4967 1770 5029 fine,
1798 4967 1937 5039 Opp.

352 5056 563 5109 Μίλητε.
616 5056 652 5107 1.
684 5054 721 5107 1.
756 5071 808 5123 p.
845 5052 970 5106 456.
1004 5052 1119 5105 Vita
1153 5054 1209 5106 S.
1244 5054 1519 5109 Pachomii
1567 5073 1685 5127 cap.
1732 5060 1799 5121 5,
1826 5062 1938 5113 AA.

360 5146 459 5199 SS.
500 5145 639 5197 Bell.
686 5143 812 5196 Mai.
855 5144 919 5197 'l‘.
959 5142 1021 5194 111
1062 5160 1113 5212 p.
1155 5144 1278 5198 510.
1327 5144 1384 5197 8.
1418 5145 1639 5201 Hieron.
1672 5147 1851 5204 Praef.
1889 5153 1940 5203 in

362 5239 602 5306 regulam
652 5236 713 5291 S.
767 5235 1048 5290 Pachomii
1100 5235 1348 5292 Holsten.
1398 5236 1534 5291 Cod.
1577 5238 1770 5310 Regul.
1818 5241 1940 5296 Τ.1

404 5377 409 5381 .
444 5330 523 5382 25.

404 5377 409 5381 .
444 5344 523 5382 2.).

362 5344 396 5398 Ρ
426 5426 498 5491 (7)
539 5421 746 5492 Regula
794 5419 855 5474 S.
905 5418 1185 5474 Pachomii
1245 5436 1367 5491 cap.
1412 5421 1482 5478 49
1532 5421 1779 5480 Holsten.
1828 5426 1938 5482 1.1.

389 5513 525 5568 .28.

389 5552 403 5565 .
436 5529 525 5568 τις.

349 5529 385 5584 p
420 5607 494 5677 (8)
532 5605 650 5662 Vita
683 5607 742 5660 S.
778 5601 1071 5657 Pachomii
1105 5618 1223 5673 cap.
1268 5604 1382 5667 1,1.
1416 5605 1451 5658 1.
1483 5622 1536 5675 p.
1574 5605 1709 5672 297,
1747 5608 1799 5661 1.

416 5698 487 5767 (9)
527 5697 669 5753 Hist.
718 5697 896 5751 Laus.
943 5691 1035 5748 ed.
1067 5691 1267 5747 Mcurs.
1311 5710 1432 5763 cap.
1464 5695 1532 5749 29
1563 5694 1700 5766 Opp.
1739 5696 1941 5754 Meurs.

347 5786 380 5842 1.
403 5789 436 5844 1.
460 5807 513 5861 ρ.
544 5791 673 5846 429.

2117 4603 2230 4664 (15)
2274 4602 2468 4671 Specie
2499 4601 2625 4670 galli
2656 4600 2945 4671 gallinacei
2972 4598 3213 4652 adhibita
3244 4595 3493 4651 diabolus
3522 4594 3624 4646 Pa-

2041 4694 2317 4747 chomiqu
2347 4701 2557 4747 tentare
2580 4701 2825 4746 conatur.
2857 4689 2980 4743 Vita
3004 4688 3060 4745 S.
3094 4689 3371 4742 Pachomii
3410 4702 3532 4755 cap.
3562 4685 3619 4740 2.

2042 4787 2097 4841 1η
2140 4786 2310 4839 forma
2346 4786 2567 4857 vaporis
2614 4785 2890 4838 diabolum
2942 4798 3208 4853 apparere
3240 4781 3406 4834 tradit
3440 4777 3623 4831 Delrio

2042 4878 2281 4947 Disquis.
2320 4878 2515 4947 magic.
2542 4877 2633 4931 lib.
2668 4875 2710 4928 11
2737 4876 2801 4942 Q.
2832 4877 2902 4929 28
2938 4875 2992 4929 8.
3017 4874 3051 4927 2
3090 4890 3144 4943 p.
3183 4872 3307 4926 ⁸502.
3349 4872 3435 4925 est.
3469 4870 3509 4923 1.

2121 4973 2232 5040 (14)
2264 4972 2399 5026 (Ian.
2427 4974 2459 5025 9
2493 4970 2625 5025 Dist.
2664 4971 2738 5026 L:
2775 4989 2792 5021 ι
2830 4970 2932 5035 Qui
2980 4969 3146 5039 igitur
3176 4972 3297 5036 post
3334 4971 3621 5033 acceptum

2043 5077 2261 5116 sacrum
2294 5060 2539 5115 ordinem
2572 5061 2756 5129 lapsus
2782 5062 2834 5113 iu
2885 5068 3166 5126 peccatum
3214 5054 3397 5107 carnis
3436 5052 3620 5113 fuerit,

2043 5171 2201 5208 sacro
2228 5155 2421 5209 ordine
2470 5155 2542 5207 ita
2577 5162 2783 5216 careat,
2821 5163 2876 5205 ut
2921 5152 2985 5206 ad
3018 5149 3205 5204 altaris
3254 5149 3622 5203 ministerium

2045 5248 2278 5301 ulterius
2310 5262 2416 5299 non
2460 5247 2704 5299 accedat.
2746 5264 2763 5295 ι
2803 5244 2940 5296 Tum
2991 5243 3122 5296 ibid.
3171 5257 3295 5297 can.
3330 5242 3439 5296 10:
3472 5259 3490 5292 ε
3525 5241 3622 5294 Sin

2042 5344 2223 5391 autem
2249 5353 2371 5391 eum
2399 5336 2710 5390 fraternitas
2736 5344 2827 5389 tua
2858 5336 3017 5390 talem
3048 5335 3435 5405 poenitentiam
3466 5349 3626 5402 agere

2043 5428 2381 5495 cognoverit.
2422 5435 2483 5480 ut
2517 5428 2563 5481 ei
2601 5428 2742 5481 iuste
2773 5427 2838 5479 ad
2866 5427 3233 5495 recipiendam
3278 5428 3419 5481 inter
3455 5426 3629 5481 laicos

2042 5520 2486 5573 communionem
2517 5528 2569 5574 et
2604 5529 2733 5573 ante
2755 5522 2962 5574 exitum
2986 5521 3181 5575 debeat
3212 5519 3483 5583 misereri,
3525 5520 3627 5573 hoc

2044 5611 2098 5665 in
2136 5619 2260 5665 tuae
2305 5610 2668 5667 fraternitatis
2690 5612 2945 5681 ponimus
2982 5618 3272 5681 potestate.
3308 5631 3326 5661 ι
3362 5609 3448 5664 Cf.
3487 5610 3622 5664 ibid.

2042 5719 2167 5757 can.
2197 5703 2249 5757 8.
2287 5704 2372 5757 11.
2412 5703 2495 5757 12.

2115 5794 2226 5863 (15)
2261 5792 2380 5849 Lib.
2431 5794 2642 5849 Pncnit.
2687 5794 2958 5849 Theodori
2997 5796 3255 5849 Cantuar.
3304 5793 3473 5849 XVlll
3508 5797 3532 5866 ξ
3574 5796 3625 5850 1.

402 5882 516 5959 (to)
556 5880 942 5940 Pachomium
1005 5890 1093 5930 res
1121 5877 1366 5933 occultas
1408 5879 1729 5950 cognovisse
1781 5890 1945 5952 atque
2048 5884 2140 5942 Die
2167 5888 2353 5943 latcin.
2378 5886 2950 5944 Poenitentialbucher
2974 5890 3069 5943 der
3089 5890 3495 5961 Angclsachsen
3522 5904 3627 5942 run
