4046 6474
527 377 596 432 95
1346 363 1446 419 88.
1490 358 1951 417 MACARIORUM
2007 355 2327 411 AECYPTII
2386 355 2472 408 ET
2523 351 2994 409 ALEXANDRINI
3784 343 3865 402 95

525 491 734 549 catum
755 502 962 558 suum,
986 485 1354 562 interrogat.
1381 486 1549 555 Quae
1574 498 1768 560 quum
1791 479 2113 540 annuisset
2145 487 2186 538 A
2216 477 2316 550 rit,
2351 476 2633 536 invenire
2667 492 2796 536 non
2842 473 3042 554 potui.
3092 471 3200 532 Cui
3239 467 3624 541 Macarium,
3682 466 3861 546 quid

526 595 588 648 et
617 593 871 666 peccata
895 584 1220 646 confessus
1241 590 1427 656 esset,
1443 583 1664 642 morbo
1685 581 1978 640 liberatus
1992 585 2106 638 est.

525 687 833 766 Equidem
866 685 962 745 his
998 684 1243 745 Macarii
1287 679 1886 755 interrogationibus
1934 677 2109 738 ordi-

536 806 682 847 nem
729 787 805 847 ad
847 787 1115 846 dandam
1148 783 1598 864 poenitentiam
1641 788 1770 841 tum
1817 780 2111 839 usitatum

527 887 840 947 contineri
859 885 1254 958 crediderim;
1271 902 1412 945 nam
1427 884 1490 943 in
1507 883 1664 943 libro
1679 878 2114 959 poenitentiali

527 989 736 1050 Bedae
773 988 1122 1068 presbyteri
1148 985 1226 1066 (1)
1259 982 1550 1046 sacerdos
1588 981 1899 1044 consimili
1923 981 2112 1043 modo

532 1090 966 1168 poenitentem
1012 1088 1307 1167 primum,
1353 1103 1500 1145 num
1534 1083 1597 1143 in
1637 1084 1831 1143 Deum
1875 1081 2110 1154 credat,

533 1191 808 1269 denique
831 1207 979 1250 num
1001 1194 1254 1267 peccata
1275 1185 1390 1265 ipsi
1409 1184 1648 1244 demitti
1667 1183 2116 1253 velit,interro-

534 1307 680 1367 gare
709 1289 979 1348 iubetur.
1013 1287 1146 1347 Alio
1170 1285 1377 1345 cancri
1411 1285 1654 1356 morbo,
1682 1282 1789 1360 qui
1820 1291 2116 1360 φαγέδαινα

534 1390 991 1459 nominabatur,
1039 1385 1392 1466 Stephanus
1427 1386 1611 1464 Libys
1647 1401 1876 1461 genere
1899 1400 2117 1461 aegro-

533 1493 695 1549 tasse
727 1487 952 1564 legitur
971 1484 1078 1563 (2).

615 1587 700 1646 De
721 1587 946 1646 iuvene
981 1585 1090 1645 illo
1119 1603 1153 1645 a
1177 1583 1485 1644 daemone
1507 1587 1750 1654 vexato,
1787 1598 1976 1659 quem
1999 1581 2122 1641 Ma-

535 1687 740 1749 carius
773 1688 1062 1746 manihus
1089 1686 1153 1744 in
1191 1692 1379 1764 caput
1416 1691 1475 1744 et
1505 1701 1616 1743 cor
1649 1685 1780 1760 ejus
1810 1683 2120 1761 impositis

2219 584 2522 656 portaret,
2552 575 2964 652 interroganti
2995 588 3373 652 responsum
3404 570 3648 632 datum
3688 573 3799 627 est
3844 584 3858 624 :

2215 701 2243 732 ει
2279 678 2453 736 Vexo
2499 693 2666 746 eum,
2708 675 2819 753 qui
2859 690 2963 735 me
3009 679 3269 733 vexat».
3311 667 3686 731 Consimile
3743 684 3858 728 re-

2215 793 2520 856 sponsum
2550 775 2861 836 Palladius
2902 774 2980 836 ab
3009 773 3277 846 Isidoro,
3305 789 3495 851 quem
3533 777 3861 830 interro-

2215 883 2482 955 gaverat,
2508 895 2621 939 cur
2638 883 2836 938 aetate
2857 877 3196 938 admodum
3215 880 3558 954 provectus
3575 888 3858 949 corpu-

2214 979 2458 1040 sculum
2480 985 2856 1050 contereret,
2875 977 2997 1038 hoc
3017 976 3262 1055 accepit
3294 994 3307 1036 :
3343 997 3371 1029 α
3398 972 3468 1034 Id
3491 988 3619 1034 me
3657 971 3856 1032 occi-

2217 1079 2328 1153 dit,
2362 1097 2478 1157 ego
2507 1080 2714 1159 ipsum
2743 1079 3025 1140 occidam
3056 1076 3136 1157 (6)
3167 1100 3221 1136 ι».

2294 1182 2396 1253 Et,
2448 1181 2602 1242 haec
2646 1180 2903 1259 quidem
2954 1185 3130 1239 erant
3172 1174 3536 1239 adnotanda
3593 1173 3686 1236 ad
3746 1189 3855 1245 ea,

2218 1299 2380 1359 quae
2412 1281 2476 1342 in
2503 1281 2828 1342 codicibus
2858 1278 3460 1341 Vindobonensibus
3493 1301 3520 1332 ε(
3563 1277 3670 1336 De
3707 1277 3856 1336 Ma-

2219 1380 2387 1439 cario
2411 1379 2878 1440 Alexandrino»
2909 1380 3209 1458 inscripta
3241 1377 3564 1454 leguntur.
3608 1376 3717 1437 Ad
3745 1393 3858 1436 ce—

2217 1483 2372 1551 tera,
2415 1495 2575 1557 quae
2606 1479 2723 1538 sub
2756 1477 2912 1539 falso
2943 1477 3151 1538 indice
3184 1494 3196 1535 :
3234 1501 3260 1531 α
3283 1477 3369 1536 De
3408 1479 3638 1537 Marco
3679 1497 3710 1529 »
3771 1491 3856 1534 ex

2218 1580 2441 1640 iisdem
2483 1578 2812 1639 codicibus
2868 1577 3244 1656 protulimus
3297 1585 3359 1637 et
3395 1576 3475 1636 ad
3533 1575 3853 1636 eundem

2220 1680 2552 1740 Macari-um
2577 1677 3061 1738 Alexandrinum
3085 1683 3366 1756 spectare
3389 1675 3850 1748 ostendimus,

537 1787 796 1858 sanavit,
829 1804 960 1846 non
994 1793 1086 1846 est
1116 1787 1286 1863 quod
1317 1784 1715 1845 disseramus.
1752 1785 1971 1844 Mirum
2004 1802 2118 1844 au-
2149 1825 2196 1880 Β
2222 1777 2376 1837 haec
2407 1777 2957 1837 animadvertenda
2986 1783 3155 1837 sunt.

535 1893 666 1946 tem
703 1886 789 1959 id,
834 1885 1003 1964 quod
1037 1884 1340 1963 sequitur,
1372 1884 1644 1962 cuipiam
1673 1884 1974 1958 videatur,
2007 1902 2120 1944 cur

537 1985 807 2046 Macario
855 1985 1280 2053 Alexandrino
1323 1984 1388 2043 in
1429 1993 1703 2045 mentem
1736 1986 1948 2046 venire
1997 2003 2117 2064 po-

539 2084 750 2157 tuerit,
806 2083 979 2144 adire
1029 2087 1291 2144 Romam
1341 2093 1650 2163 οἰκονομίας
1690 2085 1904 2161 gratia,
1947 2094 2016 2146 ut
2054 2086 2120 2147 in

537 2187 713 2241 textu
745 2198 966 2258 graeco
1001 2181 1245 2259 legitur.
1281 2183 1398 2244 Sed
1431 2202 1466 2245 e
1500 2185 1562 2244 S.
1603 2186 1990 2264 Hieronymo
2021 2185 2118 2245 di-

540 2283 797 2356 scimus,
861 2301 938 2345 co
985 2291 1292 2364 tempore,
1344 2304 1472 2365 quo
1506 2294 1674 2349 totus
1707 2289 1926 2349 Oriens
1967 2289 2122 2358 100

541 2383 870 2444 monachis
901 2384 1213 2458 allluebat,
1259 2389 1495 2448 Romae
1533 2395 1722 2465 atque
1762 2388 2022 2448 omnino
2055 2389 2119 2448 in

541 2483 877 2545 Occidente
924 2485 1356 2546 monachicam
1407 2487 1592 2547 vitam
1643 2488 1708 2548 in
1761 2489 1976 2567 primis
2020 2489 2120 2549 in-

543 2584 872 2645 cunabulis
890 2585 1190 2671 ‘iacuissc.
1223 2589 1389 2658 Quae
1416 2588 1567 2648 inde
1587 2589 1666 2650 ab
1689 2589 2122 2650 Alexandrinis

544 2680 952 2758 presbyteris,
1007 2701 1167 2762 papa
1207 2685 1541 2748 Athanasio
1575 2705 1646 2748 ac
1691 2696 1909 2765 postea
1939 2690 2121 2750 Petro

543 2779 680 2839 eius
712 2797 1097 2855 successore,
1133 2782 1242 2860 qui
1279 2785 1513 2846 Romae
1550 2787 1872 2848 exulantes
1905 2791 1965 2848 8.
1993 2795 2121 2851 An-

543 2876 703 2936 tonii
742 2877 926 2939 vitam
967 2878 1383 2955 divulgat-unt,
1436 2884 1636 2961 prima
1679 2886 1746 2945 in
1787 2887 2122 2950 Occidente

542 2977 721 3038 initia
741 2978 930 3056 cepit.
962 2979 1115 3040 Nam
1147 2982 1384 3041 Romae
1407 2999 1596 3043 nemo
1626 2991 1886 3062 prOpter
1903 2988 1987 3046 rei
2015 3005 2126 3049 no-

544 3078 798 3138 vitatem
827 3078 1318 3154 ignominiosum
1347 3080 1444 3141 vel
1463 3089 1644 3161 turpe
1677 3101 1914 3146 nomen
1944 3087 2127 3148 adsu-

2304 1877 2580 1936 Primum
2620 1875 2887 1936 similem
2927 1875 3186 1952 gratiam
3239 1871 3689 1952 perspiciendi
3722 1889 3848 1933 cu-

2224 1977 2414 2038 iusvis
2436 1977 2731 2038 monachi
2753 1977 2828 2038 ad
2851 1984 3237 2037 sacramenta
3258 1974 3630 2036 accedentis
3655 1991 3846 2032 inen-

2225 2085 2351 2138 tem
2382 2079 2678 2154 Eulogius
2714 2079 3044 2156 presbyter
3076 2078 3431 2156 possedisse
3459 2076 3630 2143 101
3669 2074 3843 2148 legi-

2226 2186 2326 2238 tur
2360 2178 2466 2257 (7).
2501 2185 2766 2240 Ammon
2797 2196 3076 2258 quoque,
3101 2197 3294 2257 quum
3317 2176 3717 2238 sacriﬁcium
3747 2174 3846 2235 0f-

2226 2279 2440 2354 ferret,
2469 2281 2620 2341 vidit
2639 2283 2929 2358 angelum
2951 2289 3217 2341 stantem
3244 2280 3307 2340 in
3331 2279 3552 2340 dextra
3585 2276 3840 2347 altaris,

2226 2381 2572 2460 fratresque
2585 2382 2663 2443 ad
2691 2401 2927 2444 sacram
2955 2382 3465 2444 communionem
3495 2379 3840 2441 acceden-

2228 2488 2323 2543 tes
2367 2483 2434 2543 in
2470 2483 2630 2544 libro
2678 2491 2998 2544 notantem
3032 2482 3140 2562 (8).
3181 2481 3351 2541 Alius
3391 2481 3590 2540 etiam
3633 2495 3845 2538 senex

2229 2585 2600 2645 sacriﬁcanti
2637 2585 2756 2645 sibi
2784 2602 2819 2646 a
2859 2584 3075 2644 dextra
3108 2590 3169 2644 et
3197 2601 3233 2644 a
3273 2581 3520 2643 sinistra
3557 2579 3842 2657 angelos

2229 2687 2543 2748 adstantes
2588 2689 2814 2748 vidisse
2859 2695 3142 2749 narratur
3187 2687 3292 2765 (9).
3342 2690 3426 2747 Ac
3474 2686 3840 2769 macarium

2231 2787 2594 2864 dignitatem
2631 2788 2724 2848 vel
2755 2787 3184 2864 indignitatem
3211 2805 3453 2858 eorum,
3483 2786 3606 2863 qui
3640 2784 3721 2844 ad
3747 2782 3842 2843 al-

2229 2895 2360 2948 tare
2391 2888 2793 2962 accedebant,
2827 2888 3196 2965 cognovisse
3225 2884 3692 2963 legimuslibro
3731 2899 3840 2941 se-

2231 2989 2440 3050 cundo
2476 2987 2620 3066 (10).
2681 2987 2857 3060 Quod
2888 2988 3054 3047 idem
3101 2986 3179 3047 de
3209 2989 3414 3048 Marco
3439 3002 3600 3046 sene
3631 2986 3833 3045 Sozo-

2233 3106 2456 3148 menus
2509 3088 2629 3166 (11)
2681 3087 2910 3160 retulit,
2947 3086 3287 3147 Palladium
3319 3091 3602 3148 secutus.

547 3194 720 3239 mere
743 3194 820 3239 eo
857 3196 1060 3257 usque
1089 3196 1277 3241 ausus
1307 3188 1439 3243 erat
1465 3181 1572 3261 (3).
1606 3185 1773 3246 Ilaec
1813 3205 2007 3266 quum
2046 3190 2122 3251 ita

2312 3187 2452 3246 lstis
2479 3194 2690 3246 autem
2721 3186 2930 3247 verbis
2979 3195 3296 3263 πολιοφάγε,
3331 3196 3484 3265 λῆρε,
3507 3194 3832 3264 (pa-{671395,

547 3295 619 3340 se
662 3276 956 3352 habeant,
993 3279 1250 3341 ubinam
1279 3283 1582 3345 Macarius
1611 3285 1969 3348 uberiorem
2007 3288 2125 3350 ho-

546 3379 752 3440 mines
793 3380 1056 3441 sanandi
1099 3387 1159 3441 et
1196 3382 1323 3443 Deo
1365 3386 1811 3447 reconciliandi
1856 3406 2126 3452 messem

546 3478 830 3540 invenire
860 3481 1084 3559 potuit,
1121 3499 1309 3559 quam
1338 3486 1599 3559 Romae,
1636 3487 1806 3548 unde
1840 3489 2126 3563 Ruﬁnus,

546 3577 610 3635 S.
634 3576 1080 3657 Hieronymus,
1115 3580 1400 3654 Melania,
1425 3583 1734 3658 Marcella,
1767 3587 1975 3659 Paula,
1999 3589 2126 3662 alii,

548 3685 621 3741 ut
649 3697 871 3742 senum
919 3680 1102 3742 vitam
1140 3693 1593 3759 cognoscerent
1625 3695 1686 3748 et
1714 3688 2128 3760 imitarentur,

545 3779 611 3842 in
635 3786 985 3861 Aegyptum
1012 3784 1430 3848 ventitabant?
1447 3789 1645 3850 Verba
1665 3801 1975 3870 οἰκονομίας
1989 3812 2133 3870 gra-

547 3884 642 3944 tia
662 3901 791 3945 non
821 3884 898 3944 ad
921 3885 1455 3964 dispensationem
1488 3907 1693 3952 rerum
1718 3895 2128 3970 terrestrium,

547 4000 678 4061 quo
709 4001 900 4044 sensu
932 4001 1053 4045 vox
1080 3985 1185 4046 illa
1211 3994 1304 4047 est
1336 3987 1399 4048 in
1417 3989 1670 4051 Palladii
1693 3993 1897 4070 capite
1928 3995 2004 4056 de
2027 3997 2134 4055 Se-

548 4083 836 4162 rapione,
889 4100 1041 4143 sene
1089 4085 1366 4161 regionis
1395 4089 1734 4151 Arsenoitis
1773 4091 1880 4170 (4),
1913 4094 2022 4154 sed
2054 4094 2131 4155 ad

549 4181 1088 4260 dispensationem
1113 4183 1434 4256 virtutum,
1479 4202 1635 4264 quas
1668 4205 1702 4247 a
1731 4188 1970 4251 Christo
2002 4194 2131 4254 Ma—

551 4280 756 4341 carius
785 4286 1135 4358 acceperat,
1167 4281 1511 4342 retulerim.
1543 4283 1714 4345 Sicut
1743 4303 1890 4347 vero
1922 4290 2127 4350 Maca-

551 4376 682 4438 rius
718 4393 907 4438 arena
932 4377 1212 4439 humeris
1241 4377 1534 4458 imposita
1569 4381 1980 4458 cogitationes
2016 4403 2132 4446 xe-

2233 3287 2463 3366 quibus
2501 3287 2827 3359 Macarius,
2878 3287 3158 3366 quumin
3185 3295 3461 3349 extrema
3490 3293 3833 3348 senectute

2230 3389 2296 3448 in
2327 3387 2484 3449 cella
2513 3387 2780 3460 sederet,
2815 3405 2881 3448 se
2918 3389 3055 3467 ipse
3083 3389 3416 3467 increpuit,
3448 3390 3510 3448 S.
3547 3387 3830 3449 Antonio

2233 3495 2293 3548 et
2322 3485 2515 3546 Paulo
2547 3486 2819 3564 simplici
2857 3486 3233 3547 daemonem
3271 3487 3594 3566 quendam
3629 3486 3825 3547 male—

2233 3585 2466 3646 dixissc
2513 3584 2670 3661 legis
2704 3584 2850 3664 (12).
2897 3588 3116 3665 Neque
3160 3587 3508 3664 incongrue
3553 3588 3639 3648 iis
3664 3587 3826 3647 dicta

2233 3687 2712 3757 contumeliosa,
2780 3686 3010 3765 quibus
3066 3705 3309 3749 summa
3358 3687 3825 3750 incontinentia

2232 3786 2644 3863 signiﬁcetur,
2679 3803 2921 3848 cernas.

2313 3887 2396 3946 De
2418 3887 2622 3948 caecis
2645 3885 2926 3964 hyaenae
2957 3885 3053 3946 vel
3083 3885 3342 3948 leaenae
3363 3887 3589 3950 catulis
3612 3906 3648 3949 a
3673 3902 3820 3947 sene

2236 3987 2430 4047 eremi
2475 3986 2704 4047 sanatis
2741 3986 2925 4048 etiam
2965 3985 3264 4064 Sulpitius
3309 3989 3581 4048 Severus
3627 3984 3818 4048 tradi—

2235 4082 2323 4143 dit
2355 4082 2473 4163 (13)
2501 4131 2515 4157 ,
2551 4084 2661 4162 qui
2698 4101 2915 4145 senem
2964 4083 3181 4145 oculos
3209 4101 3429 4145 eorum
3475 4088 3817 4147 restituen‘

2233 4189 2360 4243 tem
2420 4201 2552 4244 non
2615 4184 2982 4258 nominavit,
3033 4191 3308 4245 attamen
3383 4204 3519 4245 eum
3579 4184 3818 4247 duobus

2238 4285 2492 4346 Nitriae
2519 4285 2837 4345 monachis
2871 4285 3016 4344 olim
3052 4286 3119 4344 in
3153 4288 3523 4346 monasterii
3554 4302 3812 4347 conver-

2235 4385 2475 4443 satione
2498 4402 2713 4443 carum
2743 4392 2801 4443 et
2818 4384 3201 4462 familiarem
3221 4386 3439 4462 fuisse,
3485 4396 3543 4446 et
3579 4384 3810 4446 duode-

551 4478 863 4540 nodoxiae
894 4481 1303 4559 impugnavit,
1341 4482 1423 4543 ita
1454 4483 1848 4547 Palaemonis
1877 4485 2132 4549 hortatu
2167 4530 2206 4559 η
2237 4484 2357 4543 Cim
2377 4503 2576 4544 annos
2605 4485 2673 4543 in
2695 4494 2967 4544 extremo
2989 4483 3098 4544 illo
3120 4484 3360 4545 deserto
3386 4485 3662 4548 Blembis
3677 4500 3813 4544 conr-

551 4581 925 4643 Pachomius
942 4600 1194 4644 arenam
1208 4585 1517 4664 portando
1529 4586 1814 4664 abegisse
1835 4605 2128 4649 somnum
2166 4581 2195 4584 ᾖ
2237 4585 2408 4661 tiguo
2427 4584 2868 4644 anachoretam
2883 4583 3193 4659 habitasse
3214 4586 3318 4647 ait.
3342 4587 3461 4647 Ubi
3480 4604 3595 4666 pro
3619 4584 3815 4645 Blem-

555 4677 779 4757 legitur
811 4678 915 4760 (5).
941 4681 1087 4753 Quis
1115 4681 1218 4744 ille
1245 4682 1632 4746 Theosebius
1662 4692 1976 4747 cosmetor
1993 4685 2129 4748 fue-

553 4935 647 4992 Dr.
679 4936 769 4992 Fr.
799 4936 1146 4994 Kunstmann
1175 4939 1350 4994 Mainz
1379 4940 1517 4996 18M
1554 4957 1608 5011 p.
1645 4941 1733 4997 56.
1761 4941 1904 4997 Beda
1933 4942 2001 4996 de
2039 4957 2125 4995 re-

553 5027 748 5082 mediis
797 5039 1172 5097 peccatorum,
1205 5031 1337 5086 ibid.
1379 5048 1435 5101 p.
1477 5033 1601 5088 {55.
1637 5032 1847 5088 Similia
1897 5035 1953 5089 in
2006 5036 2130 5090 aliis

554 5117 710 5174 libris
746 5121 1225 5187 poenitentialibus
1252 5123 1527 5194 leguntur.

627 5207 703 5280 (I)
739 5210 874 5264 ibid.
902 5227 954 5281 p.
989 5215 1112 5271 ηδ.

555 5300 1078 5444 ὺ.(ἓ)ΡιῗίΞιίΟξιθυε.
1108 5306 1200 5365 ed.
1246 5306 1452 5364 Maura.
1487 5324 1609 5380 cap.
1639 5309 1699 5364 9|
1751 5307 1888 5381 Opp.
1927 5310 2128 5369 Meurs.

628 5464 705 5534 (5)
737 5464 796 5519 8.
833 5464 1056 5520 Hieron.
1081 5481 1168 5536 ep.
1201 5467 1322 5524 127.

627 5555 886 5696 (543)7Hist.
931 5555 1095 5612 Laus.
1120 5558 1207 5614 ed.
1242 5559 1441 5618 Meurs.
1489 5579 1609 5635 cap.
1641 5566 1708 5620 77
1748 5567 1885 5636 Opp.
1927 5565 2128 5624 Meurs.

557 5657 613 5714 p.
639 5657 764 5696 δίη.

602 5734 707 5803 ¹(ὃ)
737 5737 854 5790 Vita
885 5736 941 5792 S.
973 5737 1249 5796 Pachomii
1283 5758 1404 5815 cap.
1437 5745 1490 5813 I,
1533 5747 1646 5801 AA.
1684 5746 1785 5804 SS.
1819 5750 1952 5808 Boll.
2002 5751 2122 5806 Mai.

563 5822 629 5878 Τ.
661 5823 725 5879 III
755 5842 803 5895 p.
837 5827 961 5884 297.

2237 4685 2330 4748 bis
2358 4686 2423 4746 in
2453 4685 2828 4749 collectione
2871 4687 3181 4750 Rosweidi
3223 4689 3404 4764 falso,
3452 4696 3521 4751 ut
3562 4690 3806 4770 opinor,

2307 4936 2384 5007 (6)
2417 4935 2552 4989 Hist.
2589 4935 2755 4993 Laus.
2803 4938 2893 4992 ed.
2941 4937 3144 4996 Meurs.
3181 4955 3304 5010 cap.
3348 4941 3385 4994 ἓ
3413 4942 3550 5011 Opp.
3608 4942 3802 4994 Meurs.

2233 5031 2271 5084 l.
2301 5031 2338 5084 1.
2364 5045 2417 5098 p.
2444 5029 2568 5082 549.

2309 5119 2385 5187 (7)
2419 5117 2554 5171 Ibid.
2578 5133 2700 5187 cap.
2726 5117 2792 5171 76
2819 5135 2872 5188 p.
2904 5119 3029 5175 557.

2306 5208 2384 5278 (8)
2417 5207 2554 5260 Ibid.
2579 5223 2700 5276 cap.
2729 5208 2800 5259 75
2827 5224 2877 5276 p.
2903 5208 3026 5264 556.

2306 5300 2382 5370 (9)
2415 5297 2530 5353 vv.
2555 5299 2663 5354 pp.
2688 5299 2878 5355 Bosw.
2901 5301 2996 5355 lib.
3035 5300 3080 5354 Χ
3112 5317 3232 5372 cap.
3270 5303 3374 5358 199
3402 5317 3455 5375 p.
3485 5303 3611 5369 927,
3633 5303 3685 5356 ε.

2308 5391 2422 5464 (ιο)
2449 5391 2536 5446 cr.
2570 5391 2713 5446 infra
2739 5392 2917 5462 Caput.
2947 5393 3036 5448 iv.

2305 5482 2664 5554 (It)_Sozom.
2689 5482 2830 5539 Hist.
2863 5483 3077 5539 Eccles.
3099 5486 3194 5540 lib.
3225 5485 3290 5538 Vl
3324 5502 3446 5558 cap.
3478 5488 3548 5543 29
3576 5485 3660 5542 ed.
3695 5478 3794 5536 Va-

2232 5573 2334 5630 les.
2367 5589 2423 5644 p.
2469 5574 2594 5630 68!.

2305 5665 2418 5735 (12)
2454 5665 2594 5720 Ilist.
2631 5665 2799 5720 Laus.
2833 5667 2921 5721 ed.
2964 5668 3166 5724 Meurs.
3204 5685 3325 5739 cap.
3361 5672 3432 5725 29
3461 5689 3512 5742 p.
3544 5669 3666 5726 436.

2306 5757 2420 5822 (I5)
2468 5757 2606 5810 Dial.
2641 5757 2657 5809 I
2689 5773 2815 5825 cap.
2839 5760 2904 5812 15
2929 5759 3182 5816 Galland.
3212 5761 3352 5816 Bibl.
3389 5764 3487 5818 PP.
3517 5763 3578 5819 Τ.
3610 5755 3715 5813 VIII
3739 5770 3784 5824 ρ.

2232 5848 2357 5908 407,
2391 5851 2439 5915 I,
2469 5847 2645 5918 Migne
2675 5847 2878 5904 Patrol.
2911 5849 2973 5904 T.
3007 5851 3102 5904 XX
3131 5867 3183 5920 p.
3221 5855 3340 5910 195.
