4046 6464
214 356 267 417 Μ
1775 367 1999 423 VITAE.
3443 367 3509 421 98

228 476 517 559 [amplus
552 478 645 563 (1)
684 488 836 558 est;
876 501 1035 551 nam
1057 485 1369 549 desertum
1396 484 1673 566 Memphi
1692 502 1840 549 con—
1868 494 1912 548 A
1944 483 2349 546 desideraret.
2388 482 2795 546 Postmodum
2827 483 2895 546 in
2930 482 3051 545 hoc
3074 481 3216 545 loco
3250 498 3380 543 non
3421 488 3512 543 est

237 582 461 660 tignum
473 580 588 643 vix
614 590 1011 648 extremum
1034 587 1372 649 vocaveris.
1397 590 1482 648 Ac
1503 586 1843 660 desertum,
1946 586 2115 645 visus
2140 583 2261 656 leo,
2295 584 2406 645 sed
2427 601 2613 663 quam
2634 584 2902 663 plurima
2922 584 3146 646 damna
3167 582 3374 649 intulit
3402 581 3513 643 ho-

247 683 301 744 in
316 700 436 762 quo
447 682 873 747 anachoreta
887 686 1157 761 vivebat,
1169 705 1203 747 a
1216 687 1407 749 Nitria
1418 687 1605 765 longe
1619 686 1848 748 distare
1948 685 2217 746 minibus
2239 690 2298 745 et
2316 684 2607 749 iumentis
2663 684 2743 765 (7)
2758 731 2770 743 .
2797 705 2826 741 »

261 803 378 850 cum
409 784 738 864 Sulpitius
769 787 1048 851 Severus
1090 789 1224 868 ipse
1259 794 1487 861 narrat,
1517 795 1651 849 tum
1697 786 1846 846 inde
2027 788 2222 847 Porro
2251 803 2524 859 causam,
2567 803 2678 847 cur
2697 784 3022 857 Macarius,
3048 800 3125 846 ex
3147 801 3273 863 quo
3303 784 3508 864 bapti-

262 886 1848 967 patet,quodilliNitriaemonachiseptimodemum
1947 893 2118 947 zatus
2179 893 2272 947 est
2321 892 2630 965 tempore,
2665 885 3059 965 septuaginta
3115 886 3292 946 annis
3336 885 3509 947 humi

276 1005 463 1050 mense
488 988 561 1048 id
594 988 997 1050 invenerunt
1018 988 1122 1068 (2).
1156 989 1445 1051 Blembos
1474 1005 1622 1049 vero
1647 986 1849 1064 Sulpi-
1948 1004 2075 1047 non
2096 986 2357 1066 spuerit,
2386 986 2568 1047 aliam
2598 986 2716 1047 nisi
2732 984 3264 1048 utcontinentiam
3296 990 3508 1046 osten-

279 1087 376 1146 tius
406 1088 694 1149 Severus
723 1089 1086 1167 Blemmyes
1118 1105 1342 1149 vocare
1368 1086 1631 1157 videtur,
1677 1086 1845 1145 Stra-
1947 1086 2147 1159 deret,
2212 1104 2341 1147 non
2394 1087 2668 1149 invenio.
2713 1086 2835 1146 Sed
2866 1085 2977 1165 pili
3013 1076 3246 1147 barbae
3290 1085 3372 1145 ob
3410 1084 3510 1145 ni-

1946 1187 2137 1247 miam
2180 1186 2687 1248 exercitationem
2747 1186 2932 1247 etiam
2978 1184 3202 1247 Joanni
3238 1184 3302 1245 in
3347 1186 3512 1263 Lyco

1946 1303 2077 1347 non
2120 1287 2288 1347 enati
2334 1303 2471 1347 esse
2511 1285 2802 1363 leguntur
2850 1283 3199 1363 (8).Ultima
3241 1285 3513 1365 denique

1945 1383 2062 1445 ista
2094 1384 2363 1446 narratio
2415 1380 2491 1444 de
2540 1382 3044 1459 cogitationibus,
3103 1398 3263 1459 quae
3309 1382 3509 1443 Palla-

1947 1486 2117 1545 dium
2137 1485 2307 1546 abire
2328 1484 2644 1556 iusserint,
2669 1484 2838 1562 quod
2864 1484 3020 1544 nihil
3042 1489 3253 1560 ageret
3272 1483 3338 1544 in
3360 1483 3509 1547 soli-

274 1187 418 1248 bene
446 1194 731 1250 testante
790 1189 871 1268 (3)
931 1188 1304 1266 Aethiopum
1346 1186 1646 1258 subditos,
1692 1185 1845 1252 102

268 1289 586 1366 Aegyptiis
626 1288 951 1349 ﬁnitimos.
986 1287 1230 1348 Etenim
1261 1286 1560 1364 Sulpitius
1585 1288 1846 1346 Severus

265 1386 472 1466 paullo
519 1394 697 1466 post,
750 1387 1215 1449 adolescentem
1262 1385 1600 1464 quendam,
1651 1404 1845 1464 quum

260 1486 324 1547 in
349 1490 654 1565 Aegypto
697 1488 987 1548 tribunus
1026 1492 1211 1559 esset,
1256 1485 1685 1565 frequentibus
1726 1488 1843 1549 ad-

261 1606 509 1647 versum
529 1586 822 1647 Blembos
846 1586 1346 1665 expedition-ibus
1367 1589 1673 1666 quaedam
1703 1607 1842 1651 ere-
1946 1585 2204 1657 tudine,
2258 1584 2423 1646 varie
2490 1583 2733 1647 exculta
2785 1583 2936 1645 alibi
2985 1600 3238 1663 quoque
3286 1599 3511 1645 occur-

264 1687 513 1749 miloca
561 1688 903 1765 contigisse
937 1686 1045 1766 (4),
1093 1693 1321 1749 narrat.
1364 1690 1531 1759 Quae
1581 1691 1841 1768 expedi-
1946 1686 2025 1747 rit
2058 1685 2164 1765 (9).

267 1788 464 1849 tiones
482 1788 652 1866 quin
668 1793 885 1892 contra
908 1786 1257 1865 Blemmyes
1281 1788 1601 1863 nomades,
1625 1789 1841 1850 ﬁnium
1878 1837 1920 1892 Β
2026 1790 2053 1861 §
2099 1786 2195 1847 24.
2220 1789 2294 1847 Et
2321 1785 2477 1848 haec
2514 1784 2887 1892 quidem-ad
2922 1791 3109 1892 caput
3152 1784 3400 1892 Palladii
3434 1784 3513 1892 de

262 1887 531 1965 Aegypti
552 1885 825 1957 accolas,
848 1884 1045 1948 factae
1064 1885 1210 1958 sint,
1232 1886 1334 1945 vix
1351 1886 1840 1969 dubiumest(5).
1878 1883 1918 1892 ”
1950 1888 2219 1951 Macario
2282 1886 2703 1949 Alexandrino
2752 1884 3186 1946 illustrandum
3250 1883 3515 1946 dicenda

258 1987 377 2046 Sed
397 1983 748 2045 Macarium
770 1983 1253 2051 Alexandrinum
1284 1983 1618 2046 duodecim
1647 2003 1847 2048 annos
1953 1996 2150 2052 erant.
2174 1992 2419 2061 Restat,
2448 1993 2518 2048 ut
2554 1991 2823 2066 quatuor
2856 1984 3263 2055 narrationes,
3288 1983 3515 2060 quibus

254 2086 323 2147 in
390 2086 515 2146 ista
566 2084 965 2161 Blemmyum
1013 2099 1224 2145 eremo
1270 2084 1707 2148 anachoretam
1750 2088 1844 2147 vi-
1948 2097 2192 2152 textum
2220 2108 2257 2151 a
2284 2087 2553 2151 Meursio
2590 2086 2826 2147 editum
2866 2084 3243 2162 Hervetique
3275 2083 3511 2145 versios

256 2186 445 2258 lisse,
486 2183 553 2244 id
590 2183 768 2262 quod
789 2182 935 2244 alibi
961 2200 1093 2245 non
1113 2182 1397 2255 traditur,
1418 2183 1555 2246 solo
1578 2185 1845 2265 Sulpitio
1953 2207 2099 2251 nem
2133 2190 2199 2250 in
2223 2189 2331 2251 illo
2360 2189 2563 2268 capite
2582 2187 2905 2250 codicibus
2926 2181 3516 2245 Vindobonensibus

260 2292 411 2346 teste
442 2300 584 2345 non
615 2282 1032 2355 crediderim;
1068 2282 1123 2342 is
1163 2281 1329 2342 enim
1367 2300 1498 2343 rem
1537 2282 1701 2349 fama
1738 2301 1843 2346 ac-
1954 2290 2304 2370 ceterisque
2332 2278 2720 2351 versionibus
2738 2284 3217 2364 locupletiorem
3241 2300 3377 2344 esse
3398 2282 3512 2343 do-

268 2387 445 2464 cepit,
484 2402 685 2465 quam
724 2383 999 2445 Palladio
1027 2382 1439 2462 Paphnutius,
1470 2385 1719 2447 Macarii
1746 2385 1843 2448 di-

268 2486 565 2565 scipulus,
605 2484 843 2556 retulit,
873 2484 982 2562 qui
1016 2483 1371 2556 Macarium,
1405 2500 1599 2562 quum
1631 2485 1848 2555 catulis

268 2587 477 2649 oculos
509 2585 891 2655 restitueret,
933 2584 1098 2644 domi
1141 2584 1210 2643 in
1248 2581 1398 2642 aula
1429 2582 1617 2642 cellae
1650 2586 1847 2662 ipsius

265 2686 496 2746 sedisse
522 2683 711 2744 dixit.
743 2680 1191 2743 Familiaritatis
1213 2686 1422 2741 autem
1451 2698 1674 2743 senum
1701 2700 1847 2743 cum

261 2785 405 2846 feris
432 2784 719 2865 plurima
748 2781 1035 2861 exempla
1060 2780 1464 2842 inveniuntur
1492 2781 1599 2861 (6).
1624 2782 1849 2843 Ludol-

262 2883 355 2945 fus
384 2900 657 2964 quoque
680 2899 877 2962 quum
904 2899 1068 2957 saec.
1093 2883 1225 2942 XIV
1254 2882 1668 2945 Palaestinam
1697 2884 1851 2945 invi-

266 2990 446 3057 seret,
483 2984 569 3045 de
601 2981 791 3043 terris
816 2982 1071 3044 Jordani
1099 2983 1525 3047 adiacentibus
1544 2985 1698 3049 haec
1720 2994 1844 3049 tra-

1953 2392 2218 2465 cuimus,
2279 2390 2728 2451 examinemus.
2787 2388 2953 2459 Quae
2998 2383 3251 2463 quidem
3297 2380 3516 2460 capitis

1951 2489 2133 2551 initio
2164 2494 2309 2568 post
2335 2487 2593 2549 Palladii
2616 2485 2825 2558 verba,
2844 2483 3086 2547 Macarii
3118 2479 3517 2543 Alexandrini

1958 2584 2113 2654 103
2139 2584 2257 2645 alia
2287 2600 2355 2644 se
2381 2583 2589 2662 ipsum
2612 2582 2837 2643 vidisse
2865 2597 3059 2660 opera
3087 2579 3374 2657 etsigna,
3400 2577 3517 2643 alia

1954 2701 2021 2746 se
2050 2685 2129 2745 ab
2161 2684 2258 2755 iis,
2294 2684 2405 2762 qui
2427 2700 2553 2745 una
2578 2698 2720 2745 cum
2761 2698 2837 2744 eo
2866 2680 3151 2752 vixerint,
3201 2678 3517 2751 didicisse,

1952 2786 2037 2846 ita
2056 2785 2384 2862 leguntur:

2035 2909 2063 2942 α
2096 2888 2158 2946 Is
2187 2901 2383 2964 quum
2411 2881 2578 2962 apud
2601 2887 2841 2961 patrem
2866 2880 3204 2944 Antonium
3225 2896 3517 2959 magnum

1956 2986 2190 3048 electos
2236 2985 2557 3065 quondam
2612 2984 2857 3063 palmae
2902 2999 3143 3056 ramos,
3194 2998 3358 3062 quos
3413 2981 3520 3045 ille

268 3082 409 3143 didit
444 3099 459 3143 :
501 3107 532 3137 ι
560 3084 773 3161 Supra
807 3082 1045 3143 ﬂuxum
1082 3083 1367 3146 Iordanis
1404 3092 1548 3147 sunt
1584 3087 1848 3166 plurima
1953 3088 2272 3160 tractabat,
2325 3085 2599 3158 vidisset,
2650 3101 2846 3145 unum
2889 3083 2967 3143 ab
3016 3099 3095 3145 eo
3131 3081 3519 3161 manipulum

267 3186 651 3248 Graecorum
684 3192 750 3247 et
788 3181 1339 3249 schismaticorum
1377 3188 1752 3250 monasteria
1792 3191 1920 3251 etC
1953 3204 2268 3249 ramorum
2299 3186 2497 3265 petiit.
2530 3184 2637 3246 Cui
2668 3185 2972 3247 Antonius
3005 3200 3017 3242 :
3052 3183 3361 3262 Scriptum
3403 3189 3517 3255 est,

267 3287 627 3348 eremitoria
652 3286 941 3363 gratiosa.
964 3289 1152 3351 Juxta
1167 3288 1438 3349 eundem
1477 3288 1716 3351 ﬂuxum
1750 3289 1850 3352 in-

264 3385 683 3447 numerabilia
738 3392 1073 3449 cernuntur
1164 3387 1453 3449 animalia
1554 3388 1854 3452 silvestria

267 3502 447 3564 parva
486 3492 548 3545 et
586 3501 818 3562 magna
856 3486 1027 3547 omni
1057 3502 1318 3566 vespere
1348 3502 1414 3547 se
1453 3488 1850 3566 adaquantia,

265 3583 630 3663 specialiter
670 3582 911 3657 leones,
952 3584 1195 3663 vulpes,
1246 3585 1544 3663 capreoli,
1597 3586 1761 3648 cervi
1797 3596 1857 3649 et

265 3682 541 3763 lepores,
575 3683 756 3763 capri
784 3684 1097 3746 silvestres
1127 3690 1188 3745 et
1215 3683 1577 3747 huiusmodi
1610 3686 1851 3753 anima-

268 3786 366 3860 lia,
397 3804 569 3865 quae
592 3786 769 3869 iusta
804 3785 1095 3848 homines
1130 3786 1434 3850 incedunt
1465 3793 1535 3850 ut
1566 3787 1855 3849 animalia

1954 3285 2178 3363 inquit,
2228 3286 2366 3346 Non
2428 3284 2839 3362 concupisces
2895 3300 2993 3345 res
3052 3282 3325 3360 proximi
3394 3282 3509 3345 tui.

1955 3386 2131 3457 Quod
2164 3385 2367 3453 solum
2412 3401 2603 3462 quum
2646 3384 2920 3455 dixisset,
2967 3384 3121 3445 rami
3150 3400 3370 3445 omnes
3394 3388 3519 3445 sta-

1954 3487 2065 3547 tim
2097 3491 2392 3563 tanquam
2432 3484 2563 3562 igni
2589 3483 2905 3547 torrefacti
2946 3474 3111 3546 sunt.
3150 3484 3219 3547 Id
3252 3484 3363 3549 ubi
3393 3487 3517 3544 An-

1954 3587 2164 3649 tonius
2202 3585 2375 3659 vidit,
2424 3585 2714 3658 Macario,
2772 3585 2953 3656 Ecce,
2994 3584 3219 3661 inquit,
3268 3584 3522 3661 spiritus

1954 3686 2259 3764 requievit
2284 3699 2474 3762 super
2490 3688 2574 3752 te,
2605 3682 2852 3761 erisque
2872 3680 3026 3743 mihi
3054 3681 3353 3759 deinceps
3380 3679 3522 3743 hae-

1948 3801 2053 3847 res
2077 3785 2369 3846 virtutum
2396 3798 2699 3844 mearum.

2035 3908 2064 3940 «
2098 3883 2382 3946 Eundem
2410 3898 2677 3962 corpore
2706 3880 2883 3943 valde
2903 3881 3305 3961 defatigatum
3330 3882 3396 3943 in
3425 3897 3523 3944 so-

1954 3984 2515 4047 litudinediabolus
2541 3983 2798 4056 invenit,
2816 3984 3002 4064 eique
3033 4002 3046 4045 :
3081 3986 3264 4059 Ecce,
3292 3984 3517 4064 inquit,

269 3886 639 3948 domestica.
684 3887 758 3947 In
809 3886 1033 3948 eodem
1078 3886 1222 3949 loco
1260 3885 1658 3966 temporibus
1696 3887 1854 3947 meis

269 3991 436 4048 trans
460 3986 668 4064 ripam
688 3984 977 4047 Iordanis
1006 3985 1105 4047 leo
1130 3986 1392 4051 adsidue
1430 4003 1568 4049 esse
1589 3986 1850 4062 solebat,

268 4094 331 4147 et
352 4086 658 4148 homines
696 4090 1090 4147 transeuntes
1112 4086 1356 4164 aspexit
1394 4092 1454 4147 et
1470 4086 1859 4151 caudablan—
1956 4087 2214 4164 gratiam
2265 4086 2519 4148 Antonii
2569 4087 2894 4165 accepisti;
2946 4104 3058 4148 cur
3101 4086 3353 4147 tandem
3394 4104 3521 4148 non

266 4186 448 4247 diens
478 4202 663 4247 more
688 4175 857 4249 canis
882 4190 943 4245 et
974 4201 1100 4246 non
1127 4185 1305 4263 fugit,
1340 4202 1458 4247 nec
1490 4185 1568 4247 de
1605 4186 1708 4248 die
1736 4186 1852 4248 ali-
1942 4187 2144 4248 uteris
2178 4186 2498 4264 dignitate,
2549 4191 2738 4265 atque
2770 4204 2806 4247 a
2846 4187 2972 4248 Deo
3016 4187 3224 4249 cibum
3270 4196 3330 4249 et
3363 4191 3523 4251 vires

262 4281 369 4341 cui
419 4278 665 4358 aliquid
709 4280 919 4343 damni
974 4281 1203 4343 intulit.
1267 4282 1544 4345 Tandem
1598 4284 1853 4363 quidam
1954 4287 2033 4349 ad
2080 4286 2197 4347 iter
2240 4286 2718 4363 ingrediendum
2766 4283 2962 4365 petis?
3012 4288 3125 4348 Hic
3173 4295 3381 4349 autem
3431 4308 3524 4351 re-

263 4380 626 4457 sagittarius
660 4387 891 4455 noster,
914 4379 1129 4442 volens
1165 4399 1307 4443 eum
1346 4390 1582 4445 terrere
1621 4391 1683 4446 et
1707 4384 1865 4449 irri-_
1955 4387 2209 4467 spondit
2241 4404 2254 4446 :
2288 4386 2495 4446 Virtus
2545 4401 2687 4447 mea
2736 4391 2796 4446 et
2838 4385 2971 4446 laus
3023 4404 3162 4448 mea
3198 4386 3518 4451 Dominus.

262 4480 421 4547 tare,
475 4477 764 4552 sagittam
815 4477 1040 4538 emisit.
1090 4480 1214 4541 Leo
1261 4497 1328 4541 se
1372 4498 1502 4543 non
1539 4484 1849 4557 movebat,

1953 4484 2047 4543 Tu
2092 4487 2299 4543 autem
2350 4498 2430 4543 ne
2477 4481 2809 4542 tentaveris
2853 4500 3099 4543 servum
3154 4484 3297 4546 Dei!
3354 4488 3523 4548 Fecit

258 4576 378 4637 sed
408 4575 491 4637 ad
526 4576 811 4653 sagittam
851 4577 1168 4653 adorabat,
1221 4586 1283 4642 et
1320 4597 1463 4642 cum
1501 4581 1607 4643 ille
1638 4552 1847 4645 denuo
1883 4552 1925 4606 Β
1955 4596 2105 4661 ergo
2136 4578 2531 4653 diabolus,ut
2552 4577 2607 4641 ei
2638 4578 3004 4657 phantasma
3030 4592 3383 4661 appareret,
3413 4602 3519 4645 ca-

258 4678 556 4754 sagittam
607 4677 936 4752 emitteret,
980 4678 1081 4741 leo
1118 4698 1187 4741 se
1223 4681 1459 4743 directe
1490 4689 1706 4745 contra
1743 4700 1845 4745 sa-

260 4776 486 4851 gittam
508 4775 727 4850 erexit,
768 4776 946 4854 quasi
967 4793 1075 4839 ore
1098 4785 1159 4840 et
1178 4779 1442 4858 pedibus
1462 4796 1600 4842 eam
1620 4798 1844 4861 capere

333 4912 413 4981 (Ι)
458 4909 573 4964 μ’.
610 4910 711 4964 PP.
739 4910 919 4967 Rosw.
952 4911 1046 4967 lib.
1079 4911 1145 4967 IV
1180 4930 1300 4985 cap.
1328 4914 1361 4969 8
1387 4928 1442 4985 p.
1478 4915 1600 4982 540,
1630 4917 1683 4970 2.

339 5004 417 5071 (2)
464 5000 606 5054 Dial.
647 5002 684 5065 ι,
713 5002 748 5054 l.
776 5003 810 5056 I.

342 5091 416 5157 (3)
448 5089 759 5159 Geograplt.
783 5090 879 5145 lih.
913 5089 1055 5144 XVII
1084 5092 1261 5149 initio.

348 5182 417 5247 (4)
471 5180 614 5235 Dial.
650 5180 669 5233 Ι
704 5196 824 5251 cap.
855 5182 928 5235 22
959 5180 1208 5239 Galland.
1243 5182 1383 5239 Bibl.
1429 5184 1534 5239 PP.
1577 5185 1615 5239 l.
1646 5186 1684 5239 l.
1716 5186 1842 5250 408,

270 5269 334 5333 2,
371 5271 539 5342 Migne
578 5273 617 5327 Ι.
659 5274 695 5327 l.
736 5290 785 5342 p.
828 5274 950 5327 197.

342 5364 416 5432 (5)
439 5364 651 5421 Plinius
682 5366 830 5433 (Nat.
858 5363 1004 5421 Hist.
1036 5364 1100 5427 ν,
1126 5365 1180 5438 8)
1213 5366 1520 5437 Blemmyas
1545 5376 1758 5439 gentem
1788 5369 1843 5423 in

256 5458 568 5515 conﬁnibus
604 5458 839 5531 Aegypti
880 5457 1216 5513 habitantem
1252 5459 1540 5527 perhibet,
1586 5478 1606 5511 ε
1644 5462 1847 5530 quibus

256 5549 544 5605 traduntur
590 5551 775 5622 capita
812 5548 1034 5610 abesse,
1079 5562 1175 5601 ore
1210 5557 1265 5604 et
1309 5551 1486 5604 oculis
1527 5553 1733 5619 pectori
1760 5552 1845 5605 af-

261 5638 403 5697 ﬁxis.
430 5661 447 5692 ι
480 5641 745 5715 Vopiscus
780 5642 839 5695 in
875 5638 1060 5693 Probo
1088 5638 1188 5691 l7:
1220 5657 1236 5688 ‹
1261 5638 1620 5711 Blemmyas,»
1646 5642 1841 5711 inquit,

264 5746 287 5779 ι
313 5732 461 5788 etiam
489 5737 735 5807 subegit,
769 5744 1021 5802 quorum
1042 5730 1290 5798 captivos
1322 5729 1550 5784 Ruinam
1584 5734 1841 5788 transmi-

256 5821 345 5879 ιὶι.
384 5824 483 5897 Qui
512 5826 838 5884 mirabilem
874 5821 965 5876 sui
1006 5820 1183 5872 visum
1218 5829 1471 5891 stupente
1502 5824 1704 5893 pepulo
1732 5824 1838 5879 Ro-

518 5927 796 5986 Pu'nm.
858 5918 988 5978 Gn.
1019 5915 1312 5976 XXXIV.

1942 4679 2154 4743 melus
2187 4695 2379 4740 onera
2425 4677 2708 4739 baiulans
2739 4686 2799 4753 et
2837 4697 3049 4741 errans
3092 4700 3205 4761 per
3236 4684 3518 4745 solitudi-

1942 4797 2123 4853 nem,
2153 4778 2394 4842 habens
2414 4779 2623 4841 omnia
2646 4779 2722 4840 ad
2748 4798 2933 4841 usum
2955 4785 3324 4847 necessaria.
3356 4790 3520 4857 Quae

1944 4928 2116 4968 manu
2134 4915 2525 4984 praebuerunt.
2561 4935 2579 4967 ι
2612 4915 2699 4970 Cf.
2740 4916 2960 4985 Vopisc.
2995 4918 3276 4973 Aurelian.
3310 4920 3399 4975 55.
3428 4923 3516 4977 41.

2019 5004 2099 5075 (6)
2122 5004 2396 5060 Nonnulla
2429 5006 2567 5076 legis
2598 5006 2650 5058 in
2670 5005 2890 5076 Sulpitii
2924 5006 3107 5062 Severi
3133 5008 3272 5065 Dial.
3294 5011 3334 5065 Ι.
3360 5028 3516 5085 capp.

1942 5096 2037 5155 15.
2078 5096 2164 5150 14.
2199 5097 2320 5150 Alia
2349 5099 2520 5152 multa
2556 5098 2609 5153 in
2645 5097 2891 5153 ννμΡΡ.
2923 5110 3240 5155 occurrunt.

2019 5186 2094 5258 (7)
2136 5186 2344 5241 Ludolli
2381 5189 2613 5243 rectoris
2654 5190 2912 5244 ecclesiae
2952 5191 3279 5258 parochiaiis
3323 5193 3377 5247 in
3411 5191 3519 5257 Su-

1948 5278 2103 5332 chem
2130 5278 2204 5331 De
2224 5279 2409 5332 itinere
2423 5288 2639 5333 sanctae
2658 5289 2828 5333 terrae
2844 5280 3001 5336 liber.
3017 5280 3167 5337 Nach
3191 5284 3329 5338 altcn
3347 5284 3520 5339 Hand-

1954 5369 2222 5425 schriften
2253 5371 2544 5442 bericlitigt
2567 5372 3006 5445 berausgegeben
3030 5375 3214 5430 vonD'
3236 5375 3297 5429 F.
3320 5376 3513 5448 Dcyks.

1951 5461 2154 5530 Stuttg.
2188 5461 2319 5517 1851
2355 5479 2408 5533 p.
2437 5463 2504 5519 89
2534 5480 2597 5535 ες

2021 5553 2098 5623 (8)
2131 5552 2271 5606 Hist.
2300 5552 2469 5610 Laus.
2497 5556 2584 5611 ed.
2612 5556 2811 5613 Mcurs.
2844 5572 2964 5629 cap.
2991 5558 3062 5612 44
3083 5556 3220 5628 Opp.
3244 5556 3446 5614 Meurs.
3478 5561 3511 5614 I.

1948 5644 1991 5699 1.
2026 5658 2079 5713 p.
2105 5644 2233 5698 με.

2026 5735 2099 5805 (9)
2128 5733 2240 5790 νγ.
2275 5735 2381 5790 PP.
2418 5737 2603 5795 Rosw.
2640 5741 2734 5796 lih.
2769 5740 2832 5794 lll
2877 5755 3032 5813 capp.
3072 5740 3196 5797 106.
3224 5741 3353 5799 .107.
3374 5741 3514 5808 108;

1948 5826 2044 5881 lib.
2076 5825 2113 5879 γ
2152 5827 2318 5883 libell.
2356 5830 2406 5893 7,

3160 5935 3193 5995 4
