4046 6448
592 381 666 439 ξω
886 338 889 341 ’
1447 374 1547 431 ss.
1589 370 2052 429 uacamonuu
2101 368 2168 424 Al

2266 366 2376 423 ἵΡΤ
2379 367 2421 423 ιι
2460 370 2550 425 ΕΤ
2594 368 3059 425 ALEXANDRINI
3742 365 3852 422 ιω

591 499 844 580 quidem
920 514 1124 578 prope
1212 495 1575 569 Macarium,
1631 512 1821 575 quem
1897 493 2157 562 viderat,
2188 498 2232 553 A
2263 506 2341 552 ex
2378 490 2535 552 urbe
2571 490 2941 553 Alexandria
2983 487 3308 563 oriundus,
3344 486 3730 569 appellatur.
3764 492 3850 551 Ac

590 598 850 661 adsedit.
895 598 1035 675 Ipse
1066 594 1430 675 phantasma
1469 609 1629 665 esse,
1660 598 1728 653 ut
1762 598 1912 664 erat,
1957 588 2167 668 suspi-
2269 590 2429 652 duae
2457 590 2599 652 illae
2628 592 2869 670 priores
2899 590 3287 653 narrationes
3316 589 3462 651 alibi
3489 607 3620 651 non
3652 606 3853 670 repe-

589 706 763 760 catus
802 696 1070 757 substitit
1113 693 1191 756 ad
1238 693 1567 767 orandum,
1616 698 1805 771 atque
1849 687 2166 768 extemplo

590 793 865 857 camelus
894 800 1056 853 terra
1085 793 1379 870 absorpta
1406 796 1519 852 est.

670 916 697 947 α
722 891 896 953 Idem
926 891 1231 953 Macarius
1248 898 1524 961 πολιτικός
1544 887 1863 968 quondam
1893 886 2061 948 venit
2088 886 2166 948 ad

588 992 920 1053 Macarium
958 1009 1276 1069 magnum.
1321 990 1520 1051 Ambo
1569 1005 1765 1067 quum
1806 985 2015 1047 Nilum
2063 1002 2164 1047 es-

589 1102 727 1155 sent
756 1094 1197 1168 transmissuri,
1238 1093 1464 1167 evenit,
1506 1098 1575 1153 ut
1607 1091 1947 1152 maximum
1997 1107 2164 1171 pon-

588 1202 800 1257 tonem
833 1194 1333 1272 ingrederentur,
1376 1194 1443 1254 in
1485 1209 1677 1271 quem
1706 1192 2015 1253 intrarunt
2050 1191 2161 1252 tri-

588 1295 740 1356 buni
772 1312 913 1357 cum
948 1310 1173 1370 magno
1200 1293 1384 1366 fastu,
1426 1292 1535 1371 qui
1562 1291 1821 1353 rhedam
1853 1290 2165 1353 habebant

588 1402 781 1455 totam
819 1410 1101 1466 aeneam,
1134 1399 1196 1453 et
1230 1409 1427 1471 equos
1470 1390 1663 1451 frenis
1692 1390 1896 1451 aureis
1928 1390 2163 1449 instru-

589 1504 745 1567 ctos,
775 1512 847 1556 ac
874 1494 1103 1555 milites
1132 1493 1439 1571 quosdam
1478 1491 1771 1553 satellites
1806 1506 2163 1569 puerosque

586 1593 914 1672 torquibus
936 1598 997 1653 et
1020 1591 1226 1653 aureis
1254 1591 1428 1651 zonis
1458 1596 1733 1651 ornatos.
1765 1587 2023 1649 Tribuni
2052 1588 2165 1666 igi-

584 1697 686 1753 tur
729 1690 1074 1753 monachos
1105 1689 1449 1768 conspicati
1477 1688 1791 1749 veteribus
1822 1688 2045 1766 pannis
2071 1689 2165 1749 in-

584 1789 793 1865 dutos,
830 1791 940 1869 qui
969 1790 1035 1851 in
1064 1788 1290 1866 angulo
1334 1788 1661 1862 sedebant,
1704 1788 2159 1869 simplicitatem
2195 1827 2237 1886 Β

585 1904 805 1951 eorum
832 1890 1078 1951 beatam
1124 1887 1587 1968 praedicarunt;
1612 1904 1901 1967 unusque
1945 1907 2021 1951 ex
2050 1890 2161 1951 tri-

585 1988 809 2051 bunis:
859 1988 1050 2061 Beati,
1104 1988 1333 2067 inquit,
1384 2004 1493 2048 vos
1548 1986 1718 2061 estis,
1776 1989 1884 2066 qui
1927 1989 2164 2051 mundo

585 2088 889 2150 illusistis.
923 2089 1031 2149 Cui
1060 2088 1362 2148 Macarius
1393 2094 1667 2158 πολιτικός
1702 2088 2029 2166 respondit
2066 2088 2162 2149 di-

585 2203 774 2248 cens:
828 2187 955 2246 Nos
1015 2181 1561 2263 quidem'mundo
1608 2181 1937 2255 illusimus,
1987 2183 2165 2245 vobis

586 2292 795 2348 autem
842 2270 1035 2346 illusit
1079 2282 1372 2344 mundus.
1424 2283 1593 2345 Scito
1641 2289 1851 2345 tamen
1881 2300 2009 2346 non
2060 2291 2165 2347 tua

588 2394 837 2468 sponte,
869 2386 980 2447 sed
1005 2383 1373 2464 prephetice
1404 2389 1465 2444 te
1487 2382 1609 2445 hoc
1631 2382 1899 2457 dixisse;
1932 2385 2163 2448 etenim

586 2489 773 2550 ambo
811 2494 1088 2566 Μακάριοι
1122 2502 1438 2547 vocamur.
1486 2485 1619 2555 Quo
1646 2500 1939 2546 sermone
1987 2501 2169 2546 com-

587 2594 857 2669 punctus
902 2586 1212 2658 tribunus,
1259 2583 1631 2665 simulatque
1680 2584 1935 2646 domum
1975 2586 2163 2659 venit,

588 2687 792 2749 exutis
856 2686 1129 2747 vestibus
1186 2683 1373 2744 vitam
1444 2682 1874 2746 monachicam
1942 2683 2169 2763 delegit

586 2785 939 2864 multasque
966 2784 1115 2846 fecit
1148 2782 1608 2862 eleemosynas.

676 2910 704 2945 κ
740 2886 906 2948 Alias
951 2886 1227 2959 missam,
1279 2900 1405 2962 qua
1434 2883 1603 2945 vesci
1641 2883 1944 2963 cupierat,
1983 2902 2168 2947 uvam

589 2992 934 3061 recentem,
964 2983 1413 3048 continentiam
1467 2984 1806 3045 ostendens
1851 3002 2049 3059 suam,
2088 2985 2168 3048 ad

588 3084 842 3150 fratrem
863 3086 1182 3165 quendam
1198 3089 1653 3161 aegrotantem,
1684 3084 1793 3163 qui
1817 3087 1975 3160 105
2000 3086 2169 3149 idem

2268 690 2541 765 riuntur;
2580 690 2860 770 reliquae
2904 707 3053 753 vero
3084 690 3202 764 bis,
3238 690 3429 751 altera
3462 690 3731 769 quidem
3773 689 3856 752 de

2266 788 2537 849 tribunis
2564 789 2725 851 libro
2754 789 3033 852 secundo
3083 789 3164 871 (2)
3198 796 3259 851 et
3295 797 3472 852 sexto
3504 790 3615 869 (3),
3653 792 3856 854 altera

2268 887 2347 949 de
2376 905 2494 950 uva
2526 888 2685 950 libro
2715 890 2993 951 secundo
3029 889 3109 971 (4)
3142 896 3203 953 et
3235 890 3420 952 tertio
3458 889 3537 970 (5)
3569 893 3860 953 Roswei—

2268 987 2489 1051 dianae
2516 989 2906 1051 collectionis
2931 991 3017 1051 ita
3044 989 3354 1069 leguntur,
3385 998 3456 1052 ut
3502 1008 3577 1052 ex
3616 992 3854 1053 eodem

2267 1104 2492 1166 graeco
2522 1088 2699 1151 fonte
2744 1106 2849 1151 eas
2892 1106 3178 1151 manasse
3212 1090 3537 1170 probabile
3571 1090 3678 1151 sit.
3721 1093 3855 1151 No-

2264 1203 2411 1247 men
2462 1186 2718 1247 urbicus
2767 1187 2845 1267 (6)
2903 1188 3169 1250 Macario
3201 1206 3328 1250 non
3379 1189 3637 1269 quidem
3686 1189 3755 1251 in
3788 1189 3860 1250 li-

2264 1285 2379 1347 bro
2407 1286 2709 1361 secundo,
2739 1287 2848 1348 sed
2884 1288 2949 1349 in
2994 1288 3155 1350 libro
3186 1296 3361 1349 sexto
3404 1290 3677 1350 inditum
3718 1296 3852 1362 est;

2263 1385 2329 1446 in
2374 1386 2644 1447 Historia
2691 1388 2982 1449 Lausiaca
3030 1394 3261 1463 autem,
3303 1396 3371 1449 ut
3412 1407 3560 1450 mox
3609 1389 3857 1451 videbi-

2264 1502 2426 1560 mus,
2450 1503 2683 1549 nomen
2712 1498 2985 1562 πολιτικός
3009 1490 3201 1551 semel
3224 1491 3281 1552 ei
3302 1490 3617 1552 tribuitur.
3644 1494 3854 1563 Quare

2265 1587 2646 1665 posteriores
2694 1589 2854 1651 duae
2891 1591 3279 1652 narrationes
3325 1592 3478 1669 quin
3518 1592 3596 1652 ad
3652 1594 3856 1653 Maca-

2265 1685 2426 1747 rium
2452 1686 2934 1751 Alexandrinum
2959 1696 3262 1769 spectent,
3293 1692 3390 1751 vix
3413 1690 3680 1751 dubium
3714 1708 3855 1752 esse

2266 1791 2495 1864 potest,
2527 1787 2720 1866 idque
2748 1789 2973 1862 solum,
3004 1807 3154 1850 num
3185 1790 3345 1850 duae
3374 1790 3621 1869 priores
3642 1790 3728 1850 de
3749 1808 3855 1851 eo—

2267 1883 2409 1945 dem
2447 1885 2740 1961 referant,
2793 1889 3131 1967 quaeritur.
3176 1888 3351 1963 Quod
3400 1889 3547 1950 inde
3584 1890 3850 1968 pendet,

2265 2001 2416 2046 num
2445 1988 2768 2063 Macarius,
2802 1990 2865 2050 S.
2907 1990 3155 2051 Antonii
3200 1990 3547 2071 discipulus
3578 1992 3851 2070 eiusque

2265 2082 2488 2149 haeres
2512 2088 2831 2162 virtutum,
2854 2107 3018 2151 unus
3044 2107 3121 2151 ex
3148 2090 3379 2151 nostris
3404 2090 3695 2153 Macariis
3719 2091 3856 2153 fue-

2265 2186 2366 2248 rit.
2397 2191 2471 2250 At
2499 2188 2623 2251 hoc
2650 2206 2780 2252 non
2806 2189 3021 2264 fuisse,
3052 2190 3213 2252 infra
3247 2190 3519 2253 dilucide
3550 2192 3855 2271 probabi—

2265 2304 2425 2349 mus.
2474 2290 2635 2367 Ergo
2680 2290 2835 2353 duas
2878 2292 3121 2371 priores
3165 2292 3556 2353 narrationes
3607 2292 3691 2354 ad
3744 2310 3854 2355 no-

2264 2392 2427 2449 stros
2446 2390 2749 2452 Macarios
2787 2408 2916 2454 non
2944 2392 3257 2470 pertinere
3283 2391 3363 2471 (7)
3396 2399 3626 2471 sponte
3654 2397 3847 2471 patet.

2348 2485 2504 2558 105
2526 2492 2569 2565 ξ.
2593 2487 2688 2549 25.
2710 2489 2821 2551 His
2836 2490 3043 2568 igitur,
3060 2507 3220 2569 quae
3237 2490 3303 2551 in
3320 2490 3609 2552 codicum
3638 2509 3713 2553 ac
3728 2491 3853 2553 siu-

2267 2588 2550 2667 gularum
2580 2590 2887 2651 Historiae
2935 2591 3271 2651 Lausiacae
3308 2590 3659 2651 editionum
3708 2608 3846 2651 ver-

2268 2689 2644 2769 sionumque
2686 2690 2930 2770 capite:
2971 2690 3059 2751 De
3105 2690 3372 2752 Macario
3421 2691 3850 2753 Alexandrino

2268 2788 2579 2868 leguntur,
2597 2791 2663 2852 in
2685 2791 2961 2852 medium
2976 2790 3255 2870 prolatis,
3281 2791 3401 2853 iam
3418 2797 3486 2853 ut
3505 2792 3583 2853 ad
3605 2799 3846 2854 ceteros

2269 2889 2454 2951 etiam
2498 2890 2830 2952 Lausiacae
2885 2889 3098 2963 locos,
3156 2890 3385 2969 quibus
3429 2893 3843 2954 Macariorum

2269 2990 2507 3053 mentio
2532 2994 2619 3063 fit,
2650 2991 2925 3052 animum
2968 2989 3381 3064 advertamus,
3432 2992 3593 3053 ordo
3630 2993 3843 3073 dispu-

2269 3088 2519 3151 tationis
2548 3087 2865 3167 postulare
2892 3085 3155 3148 videtur.
3181 3087 3417 3160 Quibus
3438 3088 3698 3167 quidem
3723 3104 3843 3148 non

589 3206 741 3251 uvas
769 3186 1186 3259 desiderabat,
1223 3186 1411 3247 misit.
1441 3190 1641 3265 Atque
1670 3186 1771 3248 hic
1792 3205 1975 3249 uvam
2002 3206 2169 3251 sum-
2196 3186 2239 3214 ν
2274 3188 2574 3251 Macarius
2601 3188 2963 3267 Aegyptius,
3010 3188 3118 3250 sed
3148 3187 3450 3249 Macarius
3484 3187 3847 3250 Alexandri-

592 3305 695 3351 ma
721 3305 865 3350 cum
911 3286 1144 3348 laetitia
1185 3292 1510 3365 acceptam
1548 3285 1652 3347 alii
1681 3284 1854 3348 fratri
1896 3288 2167 3351 eundem

592 3388 803 3451 cibum
852 3386 1175 3467 appetenti
1223 3385 1467 3447 obtulit.
1518 3385 1641 3447 Sed
1696 3392 1759 3447 et
1804 3385 1929 3461 hic,
1987 3405 2171 3451 uvam

594 3494 834 3563 nactus,
886 3470 1071 3549 idem
1098 3485 1266 3560 fecit,
1320 3486 1436 3549 etsi
1478 3486 1618 3565 ipse
1662 3503 1736 3548 ea
1779 3487 1947 3549 vesci
1994 3488 2171 3552 valde

592 3586 904 3667 cupiebat.
937 3586 1139 3659 Quum
1170 3601 1318 3646 vero
1348 3583 1648 3664 deinceps
1676 3585 1756 3647 ad
1784 3585 2016 3649 multos
2044 3588 2172 3651 fra-

593 3693 718 3748 tres
766 3702 923 3748 uvae
971 3683 1424 3765 pervenissent,
1475 3700 1594 3746 nec
1622 3682 1789 3746 ullus
1835 3702 1941 3757 eas
1981 3686 2171 3749 edere

591 3782 909 3857 voluisset,
943 3780 1225 3853 ultimus,
1255 3778 1363 3859 qui
1395 3787 1748 3860 acceperat,
1792 3797 1898 3844 eas
1922 3782 2003 3844 ad
2037 3784 2167 3844 Ma-

592 3883 831 3945 carium
877 3881 1135 3953 remisit,
1182 3884 1481 3957 tanquam
1510 3896 1808 3957 magnum
1837 3881 1897 3943 ei
1930 3881 2169 3945 donum

591 3979 947 4059 largiturus.
977 3978 1093 4051 Qui
1120 3975 1389 4055 cognitis
1416 3976 1552 4038 uvis
1579 3994 1777 4058 reque
1805 3979 2049 4042 curiose
2077 3979 2172 4042 in-

595 4080 823 4160 quisita
854 4078 1112 4140 miratus
1139 4076 1369 4155 gratias
1397 4076 1526 4139 Deo
1553 4079 1635 4140 ob
1660 4084 1892 4141 tantam
1918 4079 2168 4144 illorum

593 4177 1043 4242 continentiam
1090 4174 1239 4253 egit,
1272 4191 1389 4237 nec
1430 4175 1569 4255 ipse
1614 4176 1869 4256 quidem
1910 4194 2015 4241 eas
2054 4198 2167 4243 co-

558 4330 567 4341 ,
593 4279 810 4341 medit.
849 4301 879 4333 n

678 4376 882 4453 Vides,
913 4393 992 4438 ex
1021 4380 1291 4456 quatuor
1322 4374 1495 4438 hisce
1525 4374 1987 4437 narrationibus
2013 4375 2169 4438 duas

2273 3305 2394 3350 nus
2416 3286 2599 3350 aliive
2627 3288 2873 3350 Macarii
2901 3294 3347 3349 memorantur.

2350 3391 2434 3449 Ac
2464 3387 2735 3466 primum
2763 3386 3017 3465 quidem
3037 3384 3338 3446 Macarius
3356 3384 3462 3445 ille
3482 3386 3840 3464 presbyter,

2271 3485 2741 3567 ptochotrOphii
2785 3483 3185 3547 Alexandrini
3242 3483 3600 3563 praefectus
3658 3491 3719 3546 et
3767 3484 3842 3544 ab

2270 3586 2690 3650 adolescentia
2710 3584 3071 3665 lapidarius,
3108 3583 3185 3645 de
3215 3600 3343 3663 quo
3374 3583 3690 3645 Palladius
3713 3600 3841 3644 nar-

2271 3695 2366 3750 rat
2408 3687 2515 3768 (8),
2549 3704 2692 3750 cum
2725 3684 2955 3747 nostris
2984 3684 3233 3745 duobus
3278 3684 3558 3746 Macariis
3586 3701 3670 3746 ne
3701 3698 3843 3745 con-

2268 3786 2585 3849 fundatur.
2617 3786 2747 3847 Nec
2797 3800 2925 3845 non
2963 3782 3070 3844 ille
3108 3781 3320 3843 iunior
3361 3783 3691 3856 Macarius,
3738 3782 3837 3861 qui

2267 3885 2511 3948 iuvenis
2553 3883 2941 3962 undeviginti
2995 3898 3303 3944 annorum
3360 3881 3622 3943 caedem
3676 3882 3838 3943 invo-

2268 3985 2597 4048 luntariam
2614 3984 2845 4047 fecerat
2866 3981 2973 4064 (9),
2997 3981 3074 4046 ab
3102 3980 3224 4043 illis
3238 3980 3831 4059 distinguendusest.

2267 4088 2569 4150 Macarius
2596 4083 3051 4147 Alexandrinus
3081 4082 3200 4165 (10)
3232 4089 3438 4145 autem
3463 4086 3839 4144 memoratur

2267 4184 2337 4247 in
2386 4183 2589 4262 capite
2637 4190 2771 4260 Περὶ
2797 4186 3013 4241 Παύλου
3058 4174 3395 4258 inscripto,
3444 4178 3619 4257 quod
3668 4194 3703 4239 e
3740 4190 3838 4237 co-

2269 4282 2512 4345 dicibus
2538 4277 3132 4343 Vindobonensibus
3156 4277 3348 4341 latine
3380 4278 3697 4341 redditum
3724 4290 3833 4352 ap-

2274 4397 2567 4463 pommus
2601 4398 2615 4441 :

592 4477 838 4558 priores
867 4475 945 4539 ad
975 4476 1310 4539 Macarium
1365 4477 1430 4537 S.
1465 4474 1740 4549 Antonii,
1765 4475 1943 4537 cuius
1960 4475 2170 4555 digni-
2202 4488 2247 4546 ι)
2356 4506 2385 4539 «
2420 4483 2597 4543 Mons
2625 4485 2719 4541 est
2752 4496 2819 4539 in
2854 4482 3137 4557 Aegypto
3165 4474 3485 4538 abducens
3513 4475 3579 4537 in
3609 4479 3831 4536 vastam

591 4584 783 4641 tatem
818 4576 997 4657 quasi
1042 4576 1459 4639 haereditarie
1502 4582 1850 4655 acceperat,
1898 4576 2172 4658 discipu-
2273 4582 2471 4644 Scetis
2512 4578 2943 4651 solitudinem,
2985 4576 3093 4656 qui
3140 4575 3406 4636 Pherme
3453 4573 3830 4655 appellatur;

590 4676 723 4741 lum
750 4683 1059 4757 spectare,
1090 4684 1331 4739 ceteras
1361 4692 1508 4737 vero
1539 4675 1694 4737 duas
1723 4676 1801 4737 ad
1833 4677 2167 4739 Macarium
2272 4683 2339 4744 in
2368 4698 2496 4761 quo
2538 4681 2649 4741 viri
2680 4678 2811 4740 fere
2867 4676 3190 4757 quingenti
3239 4674 3481 4747 sedent,
3518 4675 3626 4753 qui
3670 4687 3835 4732 exer-

590 4779 1036 4855 πολιτικόν,ἱ.θ.
1068 4793 1146 4837 ex
1175 4775 1333 4837 urbe
1362 4773 1722 4850 oriundum,
1752 4792 1881 4854 quo
1912 4777 2168 4840 nomine
2274 4786 2515 4841 centur.
2564 4780 2655 4839 Ex
2704 4774 2932 4855 quibus
2976 4774 3224 4847 Paulus,
3279 4771 3626 4834 monachus
3673 4767 3831 4847 epti-

591 4879 941 4942 Sozomeno
990 4883 1151 4940 teste
1202 4874 1285 4957 (1)
1334 4874 1637 4939 Macarius
1686 4873 2163 4951 Alexandrinus,
2270 4898 2434 4955 mus,
2488 4886 2616 4941 toto
2661 4885 2946 4957 tempore
2992 4891 3106 4936 suo
3148 4874 3309 4937 hanc
3356 4874 3545 4937 vitam
3594 4872 3827 4951 agebat.

2266 5095 2414 5151 Bone
2439 5096 2492 5149 in
2526 5094 2798 5164 Legendis
2828 5093 3043 5163 poetice
3068 5091 3393 5162 descriptis.

2334 5188 2411 5259 (8)
2436 5186 2580 5243 Hist.
2608 5188 2773 5242 Laus.
2806 5185 2901 5241 ed.
2924 5183 3127 5239 Meurs.
3160 5199 3281 5255 cap.
3318 5184 3372 5237 7.

2336 5281 2417 5353 (9)
2449 5278 2588 5334 ibid.
2623 5293 2746 5347 cap.
2777 5280 2865 5335 is.

2339 5371 2456 5441 (10)
2488 5372 2788 5426 Palladium
2821 5379 3046 5427 secutus
3074 5367 3508 5423 iunioremtllum
3542 5357 3825 5418 Macarium

2269 5477 2299 5516 a
2331 5462 2537 5517 nostris
2564 5461 2816 5516 Macariis
2847 5462 2985 5515 bene
3009 5458 3302 5528 distinguit
3326 5458 3666 5511 Sozomenus
3687 5449 3819 5504 Hist.

663 5557 743 5627 (5)
777 5556 909 5625 Cap.
937 5555 1008 5610 ιε
1039 5571 1092 5624 p.
1122 5554 1248 5621 507,
1271 5554 1325 5607 2.
2269 5552 2524 5610 Eccl.lib.
2548 5552 2615 5607 IV
2644 5568 2763 5623 cap.
2783 5553 2853 5606 29
2870 5549 3725 5621 ed.Vales.p.68l.Sozomenum
3746 5553 3827 5593 se-

665 5646 742 5717 (6)
769 5644 825 5699 In
856 5645 1147 5716 Nicephori
1172 5645 1381 5700 Callisti
1404 5644 1611 5699 Eccles.
1642 5642 1781 5697 Hist.
1812 5642 1905 5696 lib.
1940 5638 2011 5695 IX
2035 5654 2158 5710 cap.
2267 5646 2456 5715 quitur
2479 5644 2817 5716 Nicephorius
2840 5644 3102 5699 Callistus
3130 5642 3276 5699 Eccl.
3313 5640 3454 5697 llist.
3490 5641 3579 5695 lib.
3608 5634 3675 5690 XI
3707 5638 3819 5699 cap-

596 5736 667 5790 Η
694 5737 941 5791 versione
970 5736 1139 5790 latina
1170 5735 1407 5805 legitur:
1441 5734 1715 5789 Macarius
1748 5731 2000 5786 urbanus.
2266 5738 2354 5794 55,

668 5827 743 5884 l7)
769 5826 915 5883 Illam
945 5843 1079 5884 uvae
1098 5827 1383 5881 historiam
1411 5826 1574 5881 nimis
1605 5824 1772 5882 libere
1796 5822 2048 5891 exposuit
2086 5819 2153 5874 li.

664 5102 743 5172 (l)
770 5102 987 5157 Sozom.
1021 5102 1162 5158 Hist.
1193 5100 1339 5155 Eccl.
1384 5099 1481 5154 lib.
1507 5096 1575 5151 ill
1604 5112 1727 5168 cap.
1758 5097 1825 5152 ιι
1852 5099 1940 5153 ed.
1978 5096 2167 5155 Vales.

594 5195 907 5355 p.(zfz‘fflap.
942 5283 1034 5347 29,
1064 5281 1175 5337 νγ.
1206 5281 1312 5335 ΡΡ.
1344 5280 1531 5336 Rosw.
1569 5295 1624 5351 p.
1660 5280 1788 5347 482,
1820 5280 1871 5333 1.

665 5375 744 5445 (δ)
775 5371 1183 5437 Libell.l|l,15
1214 5388 1266 5441 p.
1304 5372 1432 5437 656,
1465 5372 1523 5426 2.

661 5466 741 5535 (4)
766 5463 900 5534 Cap.
929 5463 997 5519 29
1027 5479 1081 5535 p.
1108 5463 1233 5529 481,
1266 5464 1314 5517 ι.
