  <div class='ocr_page' id='page_1' title='image "/cluster/home/n/w/nwhite01/storage/ocr_20150623/34/coo.31924054869312/064.png"; bbox 0 0 4046 6470; ppageno 0'>
   <div class='ocr_carea' id='block_1_1' title="bbox 266 374 3603 451">
    <p class='ocr_par' dir='ltr' id='par_1_1' title="bbox 266 374 3603 451">
     <span class='ocr_line' id='line_1_1' title="bbox 266 374 3603 451; baseline 0.004 -21"><span class='ocrx_word' id='word_1_1' title='bbox 266 374 355 431; x_wconf 70' lang='grc' dir='ltr'>1οὶ</span> <span class='ocrx_word' id='word_1_2' title='bbox 1838 385 2064 451; x_wconf 67' lang='grc' dir='ltr'>νιτιυζ.</span> <span class='ocrx_word' id='word_1_3' title='bbox 2166 390 2181 393; x_wconf 56' lang='grc'>⁴</span> <span class='ocrx_word' id='word_1_4' title='bbox 3500 389 3603 444; x_wconf 68' lang='grc'>101</span> 
     </span>
    </p>
   </div>
   <div class='ocr_carea' id='block_1_2' title="bbox 278 490 3603 593">
    <p class='ocr_par' dir='ltr' id='par_1_2' title="bbox 278 490 3603 593">
     <span class='ocr_line' id='line_1_2' title="bbox 278 490 3603 593; baseline 0.005 -42"><span class='ocrx_word' id='word_1_5' title='bbox 278 490 621 571; x_wconf 66' lang='lat' dir='ltr'>Nunquam</span> <span class='ocrx_word' id='word_1_6' title='bbox 674 511 870 576; x_wconf 89' lang='lat' dir='ltr'>opus</span> <span class='ocrx_word' id='word_1_7' title='bbox 900 500 1142 579; x_wconf 88' lang='lat' dir='ltr'>attigit,</span> <span class='ocrx_word' id='word_1_8' title='bbox 1179 516 1295 562; x_wconf 91' lang='lat' dir='ltr'>nec</span> <span class='ocrx_word' id='word_1_9' title='bbox 1343 506 1663 593; x_wconf 82' lang='lat' dir='ltr'>negotium</span> <span class='ocrx_word' id='word_1_10' title='bbox 1708 518 1924 564; x_wconf 85' lang='lat' dir='ltr'>susce-</span> <span class='ocrx_word' id='word_1_11' title='bbox 1953 513 1997 563; x_wconf 79' lang='grc' dir='ltr'><strong>Α</strong></span> <span class='ocrx_word' id='word_1_12' title='bbox 2028 499 2409 564; x_wconf 90' lang='lat' dir='ltr'>editionibus</span> <span class='ocrx_word' id='word_1_13' title='bbox 2437 517 2626 583; x_wconf 81' lang='lat' dir='ltr'>supra</span> <span class='ocrx_word' id='word_1_14' title='bbox 2659 499 2742 582; x_wconf 80' lang='lat'>(2)</span> <span class='ocrx_word' id='word_1_15' title='bbox 2819 499 3082 581; x_wconf 82' lang='lat' dir='ltr'>egimus,</span> <span class='ocrx_word' id='word_1_16' title='bbox 3118 500 3195 563; x_wconf 89' lang='lat' dir='ltr'>ad</span> <span class='ocrx_word' id='word_1_17' title='bbox 3239 499 3443 563; x_wconf 87' lang='lat' dir='ltr'>solum</span> <span class='ocrx_word' id='word_1_18' title='bbox 3470 503 3603 568; x_wconf 48' lang='lat' dir='ltr'>Ma.-</span> 
     </span>
    </p>
   </div>
   <div class='ocr_carea' id='block_1_3' title="bbox 292 592 3602 679">
    <p class='ocr_par' dir='ltr' id='par_1_3' title="bbox 292 592 3602 679">
     <span class='ocr_line' id='line_1_3' title="bbox 292 592 3602 679; baseline 0.004 -26"><span class='ocrx_word' id='word_1_19' title='bbox 292 592 396 673; x_wconf 83' lang='lat' dir='ltr'>pit,</span> <span class='ocrx_word' id='word_1_20' title='bbox 426 609 652 672; x_wconf 87' lang='lat' dir='ltr'>neque</span> <span class='ocrx_word' id='word_1_21' title='bbox 715 596 809 657; x_wconf 87' lang='lat' dir='ltr'>ab</span> <span class='ocrx_word' id='word_1_22' title='bbox 842 598 1078 679; x_wconf 90' lang='lat' dir='ltr'>aliquo</span> <span class='ocrx_word' id='word_1_23' title='bbox 1126 615 1405 679; x_wconf 82' lang='lat' dir='ltr'>unquam</span> <span class='ocrx_word' id='word_1_24' title='bbox 1442 592 1686 679; x_wconf 79' lang='lat' dir='ltr'>accepit</span> <span class='ocrx_word' id='word_1_25' title='bbox 1732 599 1921 679; x_wconf 90' lang='lat' dir='ltr'>quid-</span> <span class='ocrx_word' id='word_1_26' title='bbox 2025 602 2263 667; x_wconf 88' lang='lat' dir='ltr'>carium</span> <span class='ocrx_word' id='word_1_27' title='bbox 2281 602 2769 666; x_wconf 88' lang='lat' dir='ltr'>Alexandrinum</span> <span class='ocrx_word' id='word_1_28' title='bbox 2796 619 2933 664; x_wconf 90' lang='lat' dir='ltr'>esse</span> <span class='ocrx_word' id='word_1_29' title='bbox 2963 601 3381 664; x_wconf 88' lang='lat' dir='ltr'>referendum.</span> <span class='ocrx_word' id='word_1_30' title='bbox 3405 604 3602 668; x_wconf 90' lang='lat' dir='ltr'>Porro</span> 
     </span>
    </p>
   </div>
   <div class='ocr_carea' id='block_1_4' title="bbox 308 700 1924 782">
    <p class='ocr_par' dir='ltr' id='par_1_4' title="bbox 308 700 1924 782">
     <span class='ocr_line' id='line_1_4' title="bbox 308 700 1924 782; baseline 0.005 -27"><span class='ocrx_word' id='word_1_31' title='bbox 308 713 504 777; x_wconf 80' lang='lat' dir='ltr'>quam,</span> <span class='ocrx_word' id='word_1_32' title='bbox 530 704 816 775; x_wconf 87' lang='lat' dir='ltr'>praeter</span> <span class='ocrx_word' id='word_1_33' title='bbox 844 700 1032 779; x_wconf 90' lang='lat' dir='ltr'>quod</span> <span class='ocrx_word' id='word_1_34' title='bbox 1060 700 1203 780; x_wconf 91' lang='lat' dir='ltr'>ipso</span> <span class='ocrx_word' id='word_1_35' title='bbox 1229 700 1330 762; x_wconf 91' lang='lat' dir='ltr'>die</span> <span class='ocrx_word' id='word_1_36' title='bbox 1351 700 1731 764; x_wconf 91' lang='lat' dir='ltr'>comederet.</span> <span class='ocrx_word' id='word_1_37' title='bbox 1754 703 1924 782; x_wconf 85' lang='lat' dir='ltr'>Opus</span> 
     </span>
    </p>
   </div>
   <div class='ocr_carea' id='block_1_5' title="bbox 322 801 1920 884">
    <p class='ocr_par' dir='ltr' id='par_1_5' title="bbox 322 801 1920 884">
     <span class='ocr_line' id='line_1_5' title="bbox 322 801 1920 884; baseline 0.002 -22"><span class='ocrx_word' id='word_1_38' title='bbox 322 807 509 863; x_wconf 82' lang='lat' dir='ltr'>autem</span> <span class='ocrx_word' id='word_1_39' title='bbox 556 801 1065 864; x_wconf 73' lang='lat' dir='ltr'>exercitationis</span> <span class='ocrx_word' id='word_1_40' title='bbox 1107 803 1243 865; x_wconf 93' lang='lat' dir='ltr'>eius</span> <span class='ocrx_word' id='word_1_41' title='bbox 1285 802 1403 865; x_wconf 92' lang='lat' dir='ltr'>fuit</span> <span class='ocrx_word' id='word_1_42' title='bbox 1464 820 1646 866; x_wconf 91' lang='lat' dir='ltr'>orare</span> <span class='ocrx_word' id='word_1_43' title='bbox 1686 820 1920 884; x_wconf 91' lang='lat' dir='ltr'>perpe-</span> 
     </span>
    </p>
   </div>
   <div class='ocr_carea' id='block_1_6' title="bbox 324 904 1919 983">
    <p class='ocr_par' dir='ltr' id='par_1_6' title="bbox 324 904 1919 983">
     <span class='ocr_line' id='line_1_6' title="bbox 324 904 1919 983; baseline 0.001 -19"><span class='ocrx_word' id='word_1_44' title='bbox 324 911 437 964; x_wconf 86' lang='lat' dir='ltr'>tuo.</span> <span class='ocrx_word' id='word_1_45' title='bbox 474 906 686 981; x_wconf 86' lang='lat' dir='ltr'>Atque</span> <span class='ocrx_word' id='word_1_46' title='bbox 723 911 1004 966; x_wconf 89' lang='lat' dir='ltr'>statutas</span> <span class='ocrx_word' id='word_1_47' title='bbox 1033 904 1301 967; x_wconf 83' lang='lat' dir='ltr'>habebat</span> <span class='ocrx_word' id='word_1_48' title='bbox 1333 922 1555 983; x_wconf 83' lang='lat' dir='ltr'>preces</span> <span class='ocrx_word' id='word_1_49' title='bbox 1584 912 1919 978; x_wconf 89' lang='lat' dir='ltr'>trecentas,</span> 
     </span>
    </p>
   </div>
   <div class='ocr_carea' id='block_1_7' title="bbox 342 1004 1923 1085">
    <p class='ocr_par' dir='ltr' id='par_1_7' title="bbox 342 1004 1923 1085">
     <span class='ocr_line' id='line_1_7' title="bbox 342 1004 1923 1085; baseline 0.003 -20"><span class='ocrx_word' id='word_1_50' title='bbox 342 1023 468 1085; x_wconf 81' lang='lat' dir='ltr'>quas</span> <span class='ocrx_word' id='word_1_51' title='bbox 489 1004 623 1066; x_wconf 91' lang='lat' dir='ltr'>hoc</span> <span class='ocrx_word' id='word_1_52' title='bbox 653 1006 860 1067; x_wconf 91' lang='lat' dir='ltr'>modo</span> <span class='ocrx_word' id='word_1_53' title='bbox 895 1010 1242 1071; x_wconf 86' lang='lat' dir='ltr'>numeravit</span> <span class='ocrx_word' id='word_1_54' title='bbox 1277 1026 1289 1068; x_wconf 94' lang='lat'>:</span> <span class='ocrx_word' id='word_1_55' title='bbox 1323 1008 1597 1070; x_wconf 86' lang='lat' dir='ltr'>calculos</span> <span class='ocrx_word' id='word_1_56' title='bbox 1626 1006 1923 1070; x_wconf 89' lang='lat' dir='ltr'>collectos</span> 
     </span>
    </p>
   </div>
   <div class='ocr_carea' id='block_1_8' title="bbox 342 1107 1921 1187">
    <p class='ocr_par' dir='ltr' id='par_1_8' title="bbox 342 1107 1921 1187">
     <span class='ocr_line' id='line_1_8' title="bbox 342 1107 1921 1187; baseline 0.001 -20"><span class='ocrx_word' id='word_1_57' title='bbox 342 1108 457 1167; x_wconf 86' lang='lat' dir='ltr'>sinu</span> <span class='ocrx_word' id='word_1_58' title='bbox 486 1107 729 1181; x_wconf 86' lang='lat' dir='ltr'>tenuit,</span> <span class='ocrx_word' id='word_1_59' title='bbox 772 1126 1050 1187; x_wconf 85' lang='lat' dir='ltr'>quorum</span> <span class='ocrx_word' id='word_1_60' title='bbox 1086 1126 1282 1169; x_wconf 91' lang='lat' dir='ltr'>unum</span> <span class='ocrx_word' id='word_1_61' title='bbox 1313 1116 1456 1187; x_wconf 92' lang='lat' dir='ltr'>post</span> <span class='ocrx_word' id='word_1_62' title='bbox 1499 1125 1921 1187; x_wconf 87' lang='lat' dir='ltr'>unamquam-</span> 
     </span>
    </p>
   </div>
   <div class='ocr_carea' id='block_1_9' title="bbox 339 1207 1922 1285">
    <p class='ocr_par' dir='ltr' id='par_1_9' title="bbox 339 1207 1922 1285">
     <span class='ocr_line' id='line_1_9' title="bbox 339 1207 1922 1285; baseline 0.001 -18"><span class='ocrx_word' id='word_1_63' title='bbox 339 1222 445 1285; x_wconf 87' lang='lat' dir='ltr'>que</span> <span class='ocrx_word' id='word_1_64' title='bbox 475 1209 847 1269; x_wconf 86' lang='lat' dir='ltr'>orationem</span> <span class='ocrx_word' id='word_1_65' title='bbox 891 1208 1139 1270; x_wconf 91' lang='lat' dir='ltr'>abiecit.</span> <span class='ocrx_word' id='word_1_66' title='bbox 1170 1209 1276 1270; x_wconf 88' lang='lat' dir='ltr'>Vir</span> <span class='ocrx_word' id='word_1_67' title='bbox 1302 1208 1581 1270; x_wconf 86' lang='lat' dir='ltr'>utilitatis</span> <span class='ocrx_word' id='word_1_68' title='bbox 1626 1225 1697 1269; x_wconf 90' lang='lat' dir='ltr'>ac</span> <span class='ocrx_word' id='word_1_69' title='bbox 1728 1207 1922 1269; x_wconf 90' lang='lat' dir='ltr'>collo-</span> 
     </span>
    </p>
   </div>
   <div class='ocr_carea' id='block_1_10' title="bbox 335 1308 1920 1389">
    <p class='ocr_par' dir='ltr' id='par_1_10' title="bbox 335 1308 1920 1389">
     <span class='ocr_line' id='line_1_10' title="bbox 335 1308 1920 1389; baseline 0 -21"><span class='ocrx_word' id='word_1_70' title='bbox 335 1308 453 1389; x_wconf 87' lang='lat' dir='ltr'>quii</span> <span class='ocrx_word' id='word_1_71' title='bbox 482 1308 843 1387; x_wconf 89' lang='lat' dir='ltr'>spiritualis</span> <span class='ocrx_word' id='word_1_72' title='bbox 889 1311 1082 1387; x_wconf 87' lang='lat' dir='ltr'>gratia</span> <span class='ocrx_word' id='word_1_73' title='bbox 1132 1310 1425 1371; x_wconf 81' lang='lat' dir='ltr'>convenit</span> <span class='ocrx_word' id='word_1_74' title='bbox 1460 1316 1745 1372; x_wconf 91' lang='lat' dir='ltr'>sanctum</span> <span class='ocrx_word' id='word_1_75' title='bbox 1789 1310 1920 1369; x_wconf 89' lang='lat' dir='ltr'>Ma-</span> 
     </span>
    </p>
   </div>
   <div class='ocr_carea' id='block_1_11' title="bbox 330 1408 1917 1489">
    <p class='ocr_par' dir='ltr' id='par_1_11' title="bbox 330 1408 1917 1489">
     <span class='ocr_line' id='line_1_11' title="bbox 330 1408 1917 1489; baseline -0.001 -18"><span class='ocrx_word' id='word_1_76' title='bbox 330 1410 565 1471; x_wconf 87' lang='lat' dir='ltr'>carium</span> <span class='ocrx_word' id='word_1_77' title='bbox 598 1410 910 1485; x_wconf 71' lang='grc' dir='ltr'>πολιτικὸν,</span> <span class='ocrx_word' id='word_1_78' title='bbox 959 1411 1059 1473; x_wconf 90' lang='lat' dir='ltr'>cui</span> <span class='ocrx_word' id='word_1_79' title='bbox 1096 1428 1108 1470; x_wconf 93' lang='lat'><strong>:</strong></span> <span class='ocrx_word' id='word_1_80' title='bbox 1156 1411 1351 1485; x_wconf 86' lang='lat' dir='ltr'>Abba,</span> <span class='ocrx_word' id='word_1_81' title='bbox 1397 1410 1623 1489; x_wconf 87' lang='lat' dir='ltr'>inquit,</span> <span class='ocrx_word' id='word_1_82' title='bbox 1669 1408 1917 1482; x_wconf 86' lang='lat' dir='ltr'>Macari,</span> 
     </span>
    </p>
   </div>
   <div class='ocr_carea' id='block_1_12' title="bbox 323 1511 1917 1589">
    <p class='ocr_par' dir='ltr' id='par_1_12' title="bbox 323 1511 1917 1589">
     <span class='ocr_line' id='line_1_12' title="bbox 323 1511 1917 1589; baseline -0.002 -16"><span class='ocrx_word' id='word_1_83' title='bbox 323 1511 570 1589; x_wconf 80' lang='lat' dir='ltr'>aﬁligor</span> <span class='ocrx_word' id='word_1_84' title='bbox 600 1512 812 1573; x_wconf 87' lang='lat' dir='ltr'>valde.</span> <span class='ocrx_word' id='word_1_85' title='bbox 846 1512 960 1585; x_wconf 90' lang='lat' dir='ltr'>Qui</span> <span class='ocrx_word' id='word_1_86' title='bbox 984 1512 1192 1574; x_wconf 85' lang='lat' dir='ltr'>dicere</span> <span class='ocrx_word' id='word_1_87' title='bbox 1221 1530 1365 1574; x_wconf 90' lang='lat' dir='ltr'>eum</span> <span class='ocrx_word' id='word_1_88' title='bbox 1394 1511 1602 1589; x_wconf 83' lang='lat' dir='ltr'>coegit</span> <span class='ocrx_word' id='word_1_89' title='bbox 1643 1526 1917 1583; x_wconf 88' lang='lat' dir='ltr'>causam,</span> 
     </span>
    </p>
   </div>
   <div class='ocr_carea' id='block_1_13' title="bbox 323 1606 1921 1693">
    <p class='ocr_par' dir='ltr' id='par_1_13' title="bbox 323 1606 1921 1693">
     <span class='ocr_line' id='line_1_13' title="bbox 323 1606 1921 1693; baseline -0.003 -18"><span class='ocrx_word' id='word_1_90' title='bbox 323 1606 402 1675; x_wconf 84' lang='lat' dir='ltr'>Ob</span> <span class='ocrx_word' id='word_1_91' title='bbox 445 1632 650 1693; x_wconf 88' lang='lat' dir='ltr'>quam</span> <span class='ocrx_word' id='word_1_92' title='bbox 684 1614 1053 1683; x_wconf 80' lang='lat' dir='ltr'>tristaretur,</span> <span class='ocrx_word' id='word_1_93' title='bbox 1103 1615 1161 1673; x_wconf 88' lang='lat' dir='ltr'>Is</span> <span class='ocrx_word' id='word_1_94' title='bbox 1193 1613 1425 1691; x_wconf 81' lang='lat' dir='ltr'>igitur:</span> <span class='ocrx_word' id='word_1_95' title='bbox 1469 1614 1539 1672; x_wconf 92' lang='lat' dir='ltr'>In</span> <span class='ocrx_word' id='word_1_96' title='bbox 1583 1610 1719 1672; x_wconf 87' lang='lat' dir='ltr'>vico</span> <span class='ocrx_word' id='word_1_97' title='bbox 1766 1626 1921 1689; x_wconf 88' lang='lat' dir='ltr'>quo-</span> 
     </span>
    </p>
   </div>
   <div class='ocr_carea' id='block_1_14' title="bbox 323 1710 1919 1793">
    <p class='ocr_par' dir='ltr' id='par_1_14' title="bbox 323 1710 1919 1793">
     <span class='ocr_line' id='line_1_14' title="bbox 323 1710 1919 1793; baseline -0.003 -16"><span class='ocrx_word' id='word_1_98' title='bbox 323 1717 489 1788; x_wconf 87' lang='lat' dir='ltr'>dam,</span> <span class='ocrx_word' id='word_1_99' title='bbox 546 1715 787 1793; x_wconf 88' lang='lat' dir='ltr'>inquit,</span> <span class='ocrx_word' id='word_1_100' title='bbox 849 1714 1017 1791; x_wconf 89' lang='lat' dir='ltr'>virgo</span> <span class='ocrx_word' id='word_1_101' title='bbox 1068 1712 1333 1779; x_wconf 85' lang='lat' dir='ltr'>habitat.</span> <span class='ocrx_word' id='word_1_102' title='bbox 1396 1729 1556 1791; x_wconf 84' lang='lat' dir='ltr'>quae</span> <span class='ocrx_word' id='word_1_103' title='bbox 1605 1710 1919 1772; x_wconf 87' lang='lat' dir='ltr'>tricesimo</span> 
     </span>
    </p>
   </div>
   <div class='ocr_carea' id='block_1_15' title="bbox 2025 699 3601 783">
    <p class='ocr_par' dir='ltr' id='par_1_15' title="bbox 2025 699 3601 783">
     <span class='ocr_line' id='line_1_15' title="bbox 2025 699 3601 783; baseline -0.001 -18"><span class='ocrx_word' id='word_1_104' title='bbox 2025 702 2230 782; x_wconf 84' lang='lat' dir='ltr'>capite</span> <span class='ocrx_word' id='word_1_105' title='bbox 2270 704 2701 782; x_wconf 85' lang='lat' dir='ltr'>subsequente</span> <span class='ocrx_word' id='word_1_106' title='bbox 2752 699 2833 783; x_wconf 91' lang='lat'>(3)</span> <span class='ocrx_word' id='word_1_107' title='bbox 2879 701 3188 763; x_wconf 85' lang='lat' dir='ltr'>Historiae</span> <span class='ocrx_word' id='word_1_108' title='bbox 3246 702 3601 775; x_wconf 87' lang='lat' dir='ltr'>Lausiacae,</span> 
     </span>
    </p>
   </div>
   <div class='ocr_carea' id='block_1_16' title="bbox 2025 802 3605 883">
    <p class='ocr_par' dir='ltr' id='par_1_16' title="bbox 2025 802 3605 883">
     <span class='ocr_line' id='line_1_16' title="bbox 2025 802 3605 883; baseline 0.002 -20"><span class='ocrx_word' id='word_1_109' title='bbox 2025 802 2198 883; x_wconf 89' lang='lat' dir='ltr'>quod</span> <span class='ocrx_word' id='word_1_110' title='bbox 2256 812 2392 883; x_wconf 73' lang='grc' dir='ltr'>Περὶ</span> <span class='ocrx_word' id='word_1_111' title='bbox 2420 813 2681 881; x_wconf 83' lang='grc' dir='ltr'>Εὐλογίου</span> <span class='ocrx_word' id='word_1_112' title='bbox 2714 811 2925 865; x_wconf 77' lang='grc' dir='ltr'>καὶτοῦ</span> <span class='ocrx_word' id='word_1_113' title='bbox 2963 810 3344 883; x_wconf 77' lang='grc' dir='ltr'>λελωϐημένου</span> <span class='ocrx_word' id='word_1_114' title='bbox 3371 814 3465 866; x_wconf 69' lang='grc' dir='ltr'>καὶ</span> <span class='ocrx_word' id='word_1_115' title='bbox 3502 813 3605 883; x_wconf 79' lang='grc' dir='ltr'>τῆς</span> 
     </span>
    </p>
   </div>
   <div class='ocr_carea' id='block_1_17' title="bbox 2026 903 3601 984">
    <p class='ocr_par' dir='ltr' id='par_1_17' title="bbox 2026 903 3601 984">
     <span class='ocr_line' id='line_1_17' title="bbox 2026 903 3601 984; baseline 0 -18"><span class='ocrx_word' id='word_1_116' title='bbox 2026 912 2261 984; x_wconf 84' lang='grc' dir='ltr'>κρίσεως</span> <span class='ocrx_word' id='word_1_117' title='bbox 2308 913 2401 967; x_wconf 80' lang='grc' dir='ltr'>τοῦ</span> <span class='ocrx_word' id='word_1_118' title='bbox 2447 914 2602 981; x_wconf 80' lang='grc' dir='ltr'>ἁγίου</span> <span class='ocrx_word' id='word_1_119' title='bbox 2641 914 2929 968; x_wconf 84' lang='grc' dir='ltr'>Ἀντωνίου</span> <span class='ocrx_word' id='word_1_120' title='bbox 2960 903 3343 978; x_wconf 82' lang='lat' dir='ltr'>inscribitur,</span> <span class='ocrx_word' id='word_1_121' title='bbox 3395 906 3601 966; x_wconf 86' lang='lat' dir='ltr'>Maca-</span> 
     </span>
    </p>
   </div>
   <div class='ocr_carea' id='block_1_18' title="bbox 2025 1004 3601 1087">
    <p class='ocr_par' dir='ltr' id='par_1_18' title="bbox 2025 1004 3601 1087">
     <span class='ocr_line' id='line_1_18' title="bbox 2025 1004 3601 1087; baseline 0.001 -21"><span class='ocrx_word' id='word_1_122' title='bbox 2025 1004 2154 1066; x_wconf 89' lang='lat' dir='ltr'>rius</span> <span class='ocrx_word' id='word_1_123' title='bbox 2184 1006 2245 1066; x_wconf 93' lang='lat' dir='ltr'>S.</span> <span class='ocrx_word' id='word_1_124' title='bbox 2278 1007 2532 1067; x_wconf 86' lang='lat' dir='ltr'>Antonii</span> <span class='ocrx_word' id='word_1_125' title='bbox 2550 1006 2897 1087; x_wconf 89' lang='lat' dir='ltr'>discipulus</span> <span class='ocrx_word' id='word_1_126' title='bbox 2926 1006 3285 1068; x_wconf 86' lang='lat' dir='ltr'>nominatur</span> <span class='ocrx_word' id='word_1_127' title='bbox 3312 1024 3349 1067; x_wconf 90' lang='lat' dir='ltr'>a</span> <span class='ocrx_word' id='word_1_128' title='bbox 3374 1005 3601 1068; x_wconf 89' lang='lat' dir='ltr'>Cronio</span> 
     </span>
    </p>
   </div>
   <div class='ocr_carea' id='block_1_19' title="bbox 2025 1106 3601 1187">
    <p class='ocr_par' dir='ltr' id='par_1_19' title="bbox 2025 1106 3601 1187">
     <span class='ocr_line' id='line_1_19' title="bbox 2025 1106 3601 1187; baseline 0.002 -21"><span class='ocrx_word' id='word_1_129' title='bbox 2025 1106 2325 1184; x_wconf 91' lang='lat' dir='ltr'>quodam,</span> <span class='ocrx_word' id='word_1_130' title='bbox 2365 1106 2474 1187; x_wconf 92' lang='lat' dir='ltr'>qui</span> <span class='ocrx_word' id='word_1_131' title='bbox 2502 1106 2779 1169; x_wconf 90' lang='lat' dir='ltr'>Palladio</span> <span class='ocrx_word' id='word_1_132' title='bbox 2807 1106 2963 1169; x_wconf 91' lang='lat' dir='ltr'>haec</span> <span class='ocrx_word' id='word_1_133' title='bbox 2996 1106 3244 1169; x_wconf 90' lang='lat' dir='ltr'>retulit:</span> <span class='ocrx_word' id='word_1_134' title='bbox 3287 1130 3314 1163; x_wconf 74' lang='grc' dir='ltr'><strong>α</strong></span> <span class='ocrx_word' id='word_1_135' title='bbox 3346 1109 3452 1167; x_wconf 89' lang='lat' dir='ltr'>Est</span> <span class='ocrx_word' id='word_1_136' title='bbox 3487 1125 3601 1169; x_wconf 83' lang='lat' dir='ltr'>au-</span> 
     </span>
    </p>
   </div>
   <div class='ocr_carea' id='block_1_20' title="bbox 2022 1208 3604 1288">
    <p class='ocr_par' dir='ltr' id='par_1_20' title="bbox 2022 1208 3604 1288">
     <span class='ocr_line' id='line_1_20' title="bbox 2022 1208 3604 1288; baseline 0.004 -24"><span class='ocrx_word' id='word_1_137' title='bbox 2022 1210 2149 1266; x_wconf 90' lang='lat' dir='ltr'>tem</span> <span class='ocrx_word' id='word_1_138' title='bbox 2206 1208 2412 1282; x_wconf 91' lang='lat' dir='ltr'>[mons</span> <span class='ocrx_word' id='word_1_139' title='bbox 2464 1208 2526 1267; x_wconf 91' lang='lat' dir='ltr'>S.</span> <span class='ocrx_word' id='word_1_140' title='bbox 2577 1208 2851 1283; x_wconf 79' lang='lat' dir='ltr'>Antonii]</span> <span class='ocrx_word' id='word_1_141' title='bbox 2900 1208 3064 1269; x_wconf 90' lang='lat' dir='ltr'>inter</span> <span class='ocrx_word' id='word_1_142' title='bbox 3109 1208 3496 1288; x_wconf 83' lang='lat' dir='ltr'>Babylonem</span> <span class='ocrx_word' id='word_1_143' title='bbox 3544 1217 3604 1271; x_wconf 86' lang='lat' dir='ltr'>et</span> 
     </span>
    </p>
   </div>
   <div class='ocr_carea' id='block_1_21' title="bbox 2021 1306 3606 1389">
    <p class='ocr_par' dir='ltr' id='par_1_21' title="bbox 2021 1306 3606 1389">
     <span class='ocr_line' id='line_1_21' title="bbox 2021 1306 3606 1389; baseline 0.004 -24"><span class='ocrx_word' id='word_1_144' title='bbox 2021 1306 2387 1369; x_wconf 88' lang='lat' dir='ltr'>Heracleam</span> <span class='ocrx_word' id='word_1_145' title='bbox 2417 1308 2572 1370; x_wconf 90' lang='lat' dir='ltr'>situs</span> <span class='ocrx_word' id='word_1_146' title='bbox 2598 1309 2664 1369; x_wconf 91' lang='lat' dir='ltr'>in</span> <span class='ocrx_word' id='word_1_147' title='bbox 2695 1315 2862 1371; x_wconf 89' lang='lat' dir='ltr'>vasta</span> <span class='ocrx_word' id='word_1_148' title='bbox 2898 1309 3256 1383; x_wconf 83' lang='lat' dir='ltr'>solitudine,</span> <span class='ocrx_word' id='word_1_149' title='bbox 3293 1327 3455 1389; x_wconf 90' lang='lat' dir='ltr'>quae</span> <span class='ocrx_word' id='word_1_150' title='bbox 3484 1309 3606 1371; x_wconf 83' lang='lat' dir='ltr'>fert</span> 
     </span>
    </p>
   </div>
   <div class='ocr_carea' id='block_1_22' title="bbox 2022 1405 3600 1487">
    <p class='ocr_par' dir='ltr' id='par_1_22' title="bbox 2022 1405 3600 1487">
     <span class='ocr_line' id='line_1_22' title="bbox 2022 1405 3600 1487; baseline 0.004 -21"><span class='ocrx_word' id='word_1_151' title='bbox 2022 1405 2101 1466; x_wconf 91' lang='lat' dir='ltr'>ad</span> <span class='ocrx_word' id='word_1_152' title='bbox 2138 1409 2293 1478; x_wconf 85' lang='lat'><strong>107</strong></span> <span class='ocrx_word' id='word_1_153' title='bbox 2321 1424 2491 1468; x_wconf 91' lang='lat' dir='ltr'>mare</span> <span class='ocrx_word' id='word_1_154' title='bbox 2513 1409 2790 1471; x_wconf 83' lang='lat' dir='ltr'>Rubrum</span> <span class='ocrx_word' id='word_1_155' title='bbox 2820 1426 2891 1471; x_wconf 90' lang='lat' dir='ltr'>ac</span> <span class='ocrx_word' id='word_1_156' title='bbox 2918 1410 3168 1487; x_wconf 82' lang='lat' dir='ltr'>triginta</span> <span class='ocrx_word' id='word_1_157' title='bbox 3210 1409 3343 1471; x_wconf 89' lang='lat' dir='ltr'>fere</span> <span class='ocrx_word' id='word_1_158' title='bbox 3375 1410 3600 1473; x_wconf 87' lang='lat' dir='ltr'>millia-</span> 
     </span>
    </p>
   </div>
   <div class='ocr_carea' id='block_1_23' title="bbox 2022 1505 3603 1589">
    <p class='ocr_par' dir='ltr' id='par_1_23' title="bbox 2022 1505 3603 1589">
     <span class='ocr_line' id='line_1_23' title="bbox 2022 1505 3603 1589; baseline 0.006 -25"><span class='ocrx_word' id='word_1_159' title='bbox 2022 1505 2112 1566; x_wconf 89' lang='lat' dir='ltr'>ria</span> <span class='ocrx_word' id='word_1_160' title='bbox 2125 1505 2307 1568; x_wconf 89' lang='lat' dir='ltr'>distat</span> <span class='ocrx_word' id='word_1_161' title='bbox 2330 1525 2366 1570; x_wconf 91' lang='lat' dir='ltr'>a</span> <span class='ocrx_word' id='word_1_162' title='bbox 2386 1508 2598 1570; x_wconf 87' lang='lat' dir='ltr'>ﬂuvio.</span> <span class='ocrx_word' id='word_1_163' title='bbox 2622 1508 2711 1569; x_wconf 88' lang='lat' dir='ltr'>Ad</span> <span class='ocrx_word' id='word_1_164' title='bbox 2734 1510 3181 1571; x_wconf 88' lang='lat' dir='ltr'>monasterium</span> <span class='ocrx_word' id='word_1_165' title='bbox 3203 1510 3390 1587; x_wconf 86' lang='lat' dir='ltr'>igitur</span> <span class='ocrx_word' id='word_1_166' title='bbox 3406 1528 3603 1589; x_wconf 86' lang='lat' dir='ltr'>quum</span> 
     </span>
    </p>
   </div>
   <div class='ocr_carea' id='block_1_24' title="bbox 2024 1607 3599 1691">
    <p class='ocr_par' dir='ltr' id='par_1_24' title="bbox 2024 1607 3599 1691">
     <span class='ocr_line' id='line_1_24' title="bbox 2024 1607 3599 1691; baseline 0.005 -24"><span class='ocrx_word' id='word_1_167' title='bbox 2024 1607 2333 1670; x_wconf 89' lang='lat' dir='ltr'>venissem</span> <span class='ocrx_word' id='word_1_168' title='bbox 2360 1627 2561 1690; x_wconf 89' lang='lat' dir='ltr'>prope</span> <span class='ocrx_word' id='word_1_169' title='bbox 2586 1611 2842 1671; x_wconf 79' lang='lat' dir='ltr'>fluvium</span> <span class='ocrx_word' id='word_1_170' title='bbox 2870 1611 3056 1671; x_wconf 88' lang='lat' dir='ltr'>situm</span> <span class='ocrx_word' id='word_1_171' title='bbox 3083 1629 3155 1674; x_wconf 92' lang='lat' dir='ltr'>ac</span> <span class='ocrx_word' id='word_1_172' title='bbox 3181 1612 3385 1691; x_wconf 87' lang='lat' dir='ltr'>Pispir</span> <span class='ocrx_word' id='word_1_173' title='bbox 3414 1629 3599 1675; x_wconf 90' lang='lat' dir='ltr'>voca—</span> 
     </span>
    </p>
   </div>
   <div class='ocr_carea' id='block_1_25' title="bbox 2022 1711 3604 1792">
    <p class='ocr_par' dir='ltr' id='par_1_25' title="bbox 2022 1711 3604 1792">
     <span class='ocr_line' id='line_1_25' title="bbox 2022 1711 3604 1792; baseline 0.005 -23"><span class='ocrx_word' id='word_1_174' title='bbox 2022 1714 2179 1784; x_wconf 90' lang='lat' dir='ltr'>tum,</span> <span class='ocrx_word' id='word_1_175' title='bbox 2229 1711 2339 1772; x_wconf 91' lang='lat' dir='ltr'>ubi</span> <span class='ocrx_word' id='word_1_176' title='bbox 2365 1711 2655 1792; x_wconf 90' lang='lat' dir='ltr'>discipuli</span> <span class='ocrx_word' id='word_1_177' title='bbox 2687 1712 2822 1775; x_wconf 91' lang='lat' dir='ltr'>eius</span> <span class='ocrx_word' id='word_1_178' title='bbox 2865 1712 3166 1775; x_wconf 88' lang='lat' dir='ltr'>sedebant</span> <span class='ocrx_word' id='word_1_179' title='bbox 3194 1714 3496 1775; x_wconf 87' lang='lat' dir='ltr'>Macarius</span> <span class='ocrx_word' id='word_1_180' title='bbox 3542 1723 3604 1777; x_wconf 90' lang='lat' dir='ltr'>et</span> 
     </span>
    </p>
   </div>
   <div class='ocr_carea' id='block_1_26' title="bbox 323 1809 3601 1898">
    <p class='ocr_par' dir='ltr' id='par_1_26' title="bbox 323 1809 3601 1898">
     <span class='ocr_line' id='line_1_26' title="bbox 323 1809 3601 1898; baseline 0.001 -24"><span class='ocrx_word' id='word_1_181' title='bbox 323 1831 491 1874; x_wconf 84' lang='lat' dir='ltr'>anno</span> <span class='ocrx_word' id='word_1_182' title='bbox 526 1813 658 1874; x_wconf 88' lang='lat' dir='ltr'>iam</span> <span class='ocrx_word' id='word_1_183' title='bbox 696 1818 1041 1873; x_wconf 88' lang='lat' dir='ltr'>exercetur.</span> <span class='ocrx_word' id='word_1_184' title='bbox 1079 1812 1272 1883; x_wconf 88' lang='lat' dir='ltr'>Quam</span> <span class='ocrx_word' id='word_1_185' title='bbox 1299 1810 1479 1872; x_wconf 91' lang='lat' dir='ltr'>multi</span> <span class='ocrx_word' id='word_1_186' title='bbox 1514 1809 1670 1871; x_wconf 90' lang='lat' dir='ltr'>mihi</span> <span class='ocrx_word' id='word_1_187' title='bbox 1698 1826 1916 1870; x_wconf 90' lang='lat' dir='ltr'>narra-</span> <span class='ocrx_word' id='word_1_188' title='bbox 1950 1843 1993 1898; x_wconf 72' lang='lat' dir='ltr'><strong>B</strong></span> <span class='ocrx_word' id='word_1_189' title='bbox 2021 1814 2291 1886; x_wconf 89' lang='lat' dir='ltr'>Amatas,</span> <span class='ocrx_word' id='word_1_190' title='bbox 2327 1813 2435 1893; x_wconf 89' lang='lat' dir='ltr'>qui</span> <span class='ocrx_word' id='word_1_191' title='bbox 2464 1815 2651 1876; x_wconf 89' lang='lat' dir='ltr'>etiam</span> <span class='ocrx_word' id='word_1_192' title='bbox 2688 1822 2973 1878; x_wconf 89' lang='lat' dir='ltr'>sanctum</span> <span class='ocrx_word' id='word_1_193' title='bbox 3004 1815 3342 1876; x_wconf 88' lang='lat' dir='ltr'>Antonium</span> <span class='ocrx_word' id='word_1_194' title='bbox 3372 1815 3601 1877; x_wconf 88' lang='lat' dir='ltr'>defun-</span> 
     </span>
    </p>
   </div>
   <div class='ocr_carea' id='block_1_27' title="bbox 321 1910 1919 1977">
    <p class='ocr_par' dir='ltr' id='par_1_27' title="bbox 321 1910 1919 1977">
     <span class='ocr_line' id='line_1_27' title="bbox 321 1910 1919 1977; baseline -0.004 0"><span class='ocrx_word' id='word_1_195' title='bbox 321 1923 465 1977; x_wconf 85' lang='lat' dir='ltr'>runt</span> <span class='ocrx_word' id='word_1_196' title='bbox 509 1913 701 1975; x_wconf 88' lang='lat' dir='ltr'>nullo</span> <span class='ocrx_word' id='word_1_197' title='bbox 741 1912 865 1974; x_wconf 90' lang='lat' dir='ltr'>alio</span> <span class='ocrx_word' id='word_1_198' title='bbox 902 1912 1003 1973; x_wconf 92' lang='lat' dir='ltr'>die</span> <span class='ocrx_word' id='word_1_199' title='bbox 1043 1912 1162 1974; x_wconf 91' lang='lat' dir='ltr'>nisi</span> <span class='ocrx_word' id='word_1_200' title='bbox 1196 1913 1454 1973; x_wconf 90' lang='lat' dir='ltr'>sabbato</span> <span class='ocrx_word' id='word_1_201' title='bbox 1504 1918 1565 1972; x_wconf 91' lang='lat' dir='ltr'>et</span> <span class='ocrx_word' id='word_1_202' title='bbox 1603 1910 1919 1971; x_wconf 89' lang='lat' dir='ltr'>dominica</span> 
     </span>
    </p>
   </div>
   <div class='ocr_carea' id='block_1_28' title="bbox 319 2013 1918 2094">
    <p class='ocr_par' dir='ltr' id='par_1_28' title="bbox 319 2013 1918 2094">
     <span class='ocr_line' id='line_1_28' title="bbox 319 2013 1918 2094; baseline -0.006 -10"><span class='ocrx_word' id='word_1_203' title='bbox 319 2022 538 2084; x_wconf 87' lang='lat' dir='ltr'>cibum</span> <span class='ocrx_word' id='word_1_204' title='bbox 564 2035 846 2091; x_wconf 90' lang='lat' dir='ltr'>sumere,</span> <span class='ocrx_word' id='word_1_205' title='bbox 878 2017 988 2078; x_wconf 91' lang='lat' dir='ltr'>sed</span> <span class='ocrx_word' id='word_1_206' title='bbox 1018 2023 1151 2078; x_wconf 93' lang='lat' dir='ltr'>toto</span> <span class='ocrx_word' id='word_1_207' title='bbox 1177 2019 1335 2093; x_wconf 75' lang='lat'>106</span> <span class='ocrx_word' id='word_1_208' title='bbox 1354 2023 1640 2094; x_wconf 89' lang='lat' dir='ltr'>tempore</span> <span class='ocrx_word' id='word_1_209' title='bbox 1664 2013 1918 2075; x_wconf 89' lang='lat' dir='ltr'>trahens</span> 
     </span>
    </p>
   </div>
   <div class='ocr_carea' id='block_1_29' title="bbox 320 2115 1919 2197">
    <p class='ocr_par' dir='ltr' id='par_1_29' title="bbox 320 2115 1919 2197">
     <span class='ocr_line' id='line_1_29' title="bbox 320 2115 1919 2197; baseline -0.004 -13"><span class='ocrx_word' id='word_1_210' title='bbox 320 2120 768 2184; x_wconf 84' lang='lat' dir='ltr'>hebdomadas</span> <span class='ocrx_word' id='word_1_211' title='bbox 799 2136 871 2181; x_wconf 91' lang='lat' dir='ltr'>ac</span> <span class='ocrx_word' id='word_1_212' title='bbox 919 2123 1059 2197; x_wconf 93' lang='lat' dir='ltr'>post</span> <span class='ocrx_word' id='word_1_213' title='bbox 1097 2116 1379 2196; x_wconf 89' lang='lat' dir='ltr'>quinque</span> <span class='ocrx_word' id='word_1_214' title='bbox 1414 2115 1549 2177; x_wconf 90' lang='lat' dir='ltr'>dies</span> <span class='ocrx_word' id='word_1_215' title='bbox 1578 2116 1919 2179; x_wconf 87' lang='lat' dir='ltr'>comedens</span> 
     </span>
    </p>
   </div>
   <div class='ocr_carea' id='block_1_30' title="bbox 319 2217 1918 2297">
    <p class='ocr_par' dir='ltr' id='par_1_30' title="bbox 319 2217 1918 2297">
     <span class='ocr_line' id='line_1_30' title="bbox 319 2217 1918 2297; baseline -0.004 -12"><span class='ocrx_word' id='word_1_216' title='bbox 319 2224 653 2285; x_wconf 88' lang='lat' dir='ltr'>orationes</span> <span class='ocrx_word' id='word_1_217' title='bbox 681 2218 829 2281; x_wconf 81' lang='lat' dir='ltr'>facit</span> <span class='ocrx_word' id='word_1_218' title='bbox 858 2219 1303 2297; x_wconf 88' lang='lat' dir='ltr'>septingentas.</span> <span class='ocrx_word' id='word_1_219' title='bbox 1346 2218 1481 2279; x_wconf 88' lang='lat' dir='ltr'>Hoc</span> <span class='ocrx_word' id='word_1_220' title='bbox 1519 2234 1716 2295; x_wconf 90' lang='lat' dir='ltr'>quum</span> <span class='ocrx_word' id='word_1_221' title='bbox 1752 2217 1918 2279; x_wconf 92' lang='lat' dir='ltr'>didi-</span> 
     </span>
    </p>
   </div>
   <div class='ocr_carea' id='block_1_31' title="bbox 322 2319 1917 2402">
    <p class='ocr_par' dir='ltr' id='par_1_31' title="bbox 322 2319 1917 2402">
     <span class='ocr_line' id='line_1_31' title="bbox 322 2319 1917 2402; baseline -0.004 -15"><span class='ocrx_word' id='word_1_222' title='bbox 322 2325 543 2398; x_wconf 89' lang='lat' dir='ltr'>cerim,</span> <span class='ocrx_word' id='word_1_223' title='bbox 580 2320 919 2402; x_wconf 89' lang='lat' dir='ltr'>reprobavi</span> <span class='ocrx_word' id='word_1_224' title='bbox 968 2336 1068 2381; x_wconf 92' lang='lat' dir='ltr'>me</span> <span class='ocrx_word' id='word_1_225' title='bbox 1122 2319 1262 2399; x_wconf 89' lang='lat' dir='ltr'>ipse</span> <span class='ocrx_word' id='word_1_226' title='bbox 1311 2319 1735 2399; x_wconf 86' lang='lat' dir='ltr'>perpendens,</span> <span class='ocrx_word' id='word_1_227' title='bbox 1791 2338 1917 2392; x_wconf 87' lang='lat' dir='ltr'>me,</span> 
     </span>
    </p>
   </div>
   <div class='ocr_carea' id='block_1_32' title="bbox 332 2418 1925 2499">
    <p class='ocr_par' dir='ltr' id='par_1_32' title="bbox 332 2418 1925 2499">
     <span class='ocr_line' id='line_1_32' title="bbox 332 2418 1925 2499; baseline -0.004 -14"><span class='ocrx_word' id='word_1_228' title='bbox 332 2424 659 2486; x_wconf 86' lang='lat' dir='ltr'>hominem</span> <span class='ocrx_word' id='word_1_229' title='bbox 698 2420 1062 2494; x_wconf 89' lang='lat' dir='ltr'>maioribus,</span> <span class='ocrx_word' id='word_1_230' title='bbox 1103 2436 1291 2499; x_wconf 89' lang='lat' dir='ltr'>quam</span> <span class='ocrx_word' id='word_1_231' title='bbox 1311 2418 1440 2494; x_wconf 91' lang='lat' dir='ltr'>illa,</span> <span class='ocrx_word' id='word_1_232' title='bbox 1472 2420 1756 2499; x_wconf 91' lang='lat' dir='ltr'>corporis</span> <span class='ocrx_word' id='word_1_233' title='bbox 1780 2420 1925 2479; x_wconf 87' lang='lat' dir='ltr'>viri-</span> 
     </span>
    </p>
   </div>
   <div class='ocr_carea' id='block_1_33' title="bbox 322 2521 1922 2603">
    <p class='ocr_par' dir='ltr' id='par_1_33' title="bbox 322 2521 1922 2603">
     <span class='ocr_line' id='line_1_33' title="bbox 322 2521 1922 2603; baseline -0.005 -12"><span class='ocrx_word' id='word_1_234' title='bbox 322 2530 435 2591; x_wconf 87' lang='lat' dir='ltr'>bus</span> <span class='ocrx_word' id='word_1_235' title='bbox 474 2529 893 2597; x_wconf 89' lang='lat' dir='ltr'>instructum,</span> <span class='ocrx_word' id='word_1_236' title='bbox 939 2523 1152 2603; x_wconf 90' lang='lat' dir='ltr'>plures</span> <span class='ocrx_word' id='word_1_237' title='bbox 1192 2522 1487 2584; x_wconf 90' lang='lat' dir='ltr'>trecentis</span> <span class='ocrx_word' id='word_1_238' title='bbox 1533 2521 1922 2583; x_wconf 89' lang='lat' dir='ltr'>orationibus</span> 
     </span>
    </p>
   </div>
   <div class='ocr_carea' id='block_1_34' title="bbox 318 2623 1924 2707">
    <p class='ocr_par' dir='ltr' id='par_1_34' title="bbox 318 2623 1924 2707">
     <span class='ocr_line' id='line_1_34' title="bbox 318 2623 1924 2707; baseline -0.006 -14"><span class='ocrx_word' id='word_1_239' title='bbox 318 2632 531 2693; x_wconf 85' lang='lat' dir='ltr'>facere</span> <span class='ocrx_word' id='word_1_240' title='bbox 563 2644 707 2689; x_wconf 90' lang='lat' dir='ltr'>non</span> <span class='ocrx_word' id='word_1_241' title='bbox 735 2625 1037 2707; x_wconf 90' lang='lat' dir='ltr'>potuisse.</span> <span class='ocrx_word' id='word_1_242' title='bbox 1075 2623 1494 2702; x_wconf 81' lang='lat' dir='ltr'>Respondens</span> <span class='ocrx_word' id='word_1_243' title='bbox 1523 2632 1772 2684; x_wconf 90' lang='lat' dir='ltr'>sanctus</span> <span class='ocrx_word' id='word_1_244' title='bbox 1801 2624 1924 2684; x_wconf 91' lang='lat' dir='ltr'>Ma-</span> 
     </span>
    </p>
   </div>
   <div class='ocr_carea' id='block_1_35' title="bbox 316 2724 1921 2807">
    <p class='ocr_par' dir='ltr' id='par_1_35' title="bbox 316 2724 1921 2807">
     <span class='ocr_line' id='line_1_35' title="bbox 316 2724 1921 2807; baseline -0.007 -10"><span class='ocrx_word' id='word_1_245' title='bbox 316 2734 524 2797; x_wconf 82' lang='lat' dir='ltr'>carius</span> <span class='ocrx_word' id='word_1_246' title='bbox 562 2750 577 2791; x_wconf 90' lang='lat'><strong>:</strong></span> <span class='ocrx_word' id='word_1_247' title='bbox 630 2731 798 2807; x_wconf 86' lang='lat' dir='ltr'>Ego,</span> <span class='ocrx_word' id='word_1_248' title='bbox 844 2726 1073 2806; x_wconf 90' lang='lat' dir='ltr'>inquit,</span> <span class='ocrx_word' id='word_1_249' title='bbox 1130 2724 1589 2803; x_wconf 80' lang='lat' dir='ltr'>sexagesimum</span> <span class='ocrx_word' id='word_1_250' title='bbox 1636 2740 1757 2802; x_wconf 89' lang='lat' dir='ltr'>ago</span> <span class='ocrx_word' id='word_1_251' title='bbox 1804 2742 1921 2787; x_wconf 88' lang='lat' dir='ltr'>an-</span> 
     </span>
    </p>
   </div>
   <div class='ocr_carea' id='block_1_36' title="bbox 318 2824 1921 2910">
    <p class='ocr_par' dir='ltr' id='par_1_36' title="bbox 318 2824 1921 2910">
     <span class='ocr_line' id='line_1_36' title="bbox 318 2824 1921 2910; baseline -0.006 -13"><span class='ocrx_word' id='word_1_252' title='bbox 318 2852 491 2907; x_wconf 85' lang='lat' dir='ltr'>num,</span> <span class='ocrx_word' id='word_1_253' title='bbox 528 2850 611 2895; x_wconf 90' lang='lat' dir='ltr'>ex</span> <span class='ocrx_word' id='word_1_254' title='bbox 646 2846 781 2910; x_wconf 90' lang='lat' dir='ltr'>quo</span> <span class='ocrx_word' id='word_1_255' title='bbox 813 2833 1069 2890; x_wconf 90' lang='lat' dir='ltr'>statutas</span> <span class='ocrx_word' id='word_1_256' title='bbox 1103 2832 1356 2888; x_wconf 91' lang='lat' dir='ltr'>centum</span> <span class='ocrx_word' id='word_1_257' title='bbox 1386 2825 1702 2887; x_wconf 91' lang='lat' dir='ltr'>orationes</span> <span class='ocrx_word' id='word_1_258' title='bbox 1732 2824 1921 2900; x_wconf 88' lang='lat' dir='ltr'>facio,</span> 
     </span>
    </p>
   </div>
   <div class='ocr_carea' id='block_1_37' title="bbox 320 2926 1921 3016">
    <p class='ocr_par' dir='ltr' id='par_1_37' title="bbox 320 2926 1921 3016">
     <span class='ocr_line' id='line_1_37' title="bbox 320 2926 1921 3016; baseline -0.006 -18"><span class='ocrx_word' id='word_1_259' title='bbox 320 2953 547 3016; x_wconf 86' lang='lat' dir='ltr'>eaque,</span> <span class='ocrx_word' id='word_1_260' title='bbox 599 2946 775 3013; x_wconf 88' lang='lat' dir='ltr'>quae</span> <span class='ocrx_word' id='word_1_261' title='bbox 819 2933 964 2991; x_wconf 91' lang='lat' dir='ltr'>sunt</span> <span class='ocrx_word' id='word_1_262' title='bbox 1004 2927 1085 2990; x_wconf 91' lang='lat' dir='ltr'>ad</span> <span class='ocrx_word' id='word_1_263' title='bbox 1129 2926 1497 2989; x_wconf 91' lang='lat' dir='ltr'>alimentum</span> <span class='ocrx_word' id='word_1_264' title='bbox 1545 2926 1921 3002; x_wconf 91' lang='lat' dir='ltr'>necessaria,</span> 
     </span>
    </p>
   </div>
   <div class='ocr_carea' id='block_1_38' title="bbox 323 3026 1927 3108">
    <p class='ocr_par' dir='ltr' id='par_1_38' title="bbox 323 3026 1927 3108">
     <span class='ocr_line' id='line_1_38' title="bbox 323 3026 1927 3108; baseline -0.006 -8"><span class='ocrx_word' id='word_1_265' title='bbox 323 3039 472 3099; x_wconf 89' lang='lat' dir='ltr'>meis</span> <span class='ocrx_word' id='word_1_266' title='bbox 502 3034 673 3098; x_wconf 88' lang='lat' dir='ltr'>mihi</span> <span class='ocrx_word' id='word_1_267' title='bbox 710 3030 1003 3093; x_wconf 90' lang='lat' dir='ltr'>manibus</span> <span class='ocrx_word' id='word_1_268' title='bbox 1032 3045 1353 3108; x_wconf 91' lang='lat' dir='ltr'>comparo,</span> <span class='ocrx_word' id='word_1_269' title='bbox 1385 3045 1458 3091; x_wconf 89' lang='lat' dir='ltr'>ac</span> <span class='ocrx_word' id='word_1_270' title='bbox 1493 3026 1789 3090; x_wconf 86' lang='lat' dir='ltr'>fratribus</span> <span class='ocrx_word' id='word_1_271' title='bbox 1818 3028 1927 3091; x_wconf 91' lang='lat' dir='ltr'>de-</span> 
     </span>
    </p>
   </div>
   <div class='ocr_carea' id='block_1_39' title="bbox 323 3129 1918 3211">
    <p class='ocr_par' dir='ltr' id='par_1_39' title="bbox 323 3129 1918 3211">
     <span class='ocr_line' id='line_1_39' title="bbox 323 3129 1918 3211; baseline -0.005 -10"><span class='ocrx_word' id='word_1_272' title='bbox 323 3140 510 3201; x_wconf 90' lang='lat' dir='ltr'>bitam</span> <span class='ocrx_word' id='word_1_273' title='bbox 539 3153 652 3198; x_wconf 88' lang='lat' dir='ltr'>me</span> <span class='ocrx_word' id='word_1_274' title='bbox 679 3132 957 3196; x_wconf 89' lang='lat' dir='ltr'>adeundi</span> <span class='ocrx_word' id='word_1_275' title='bbox 978 3130 1225 3211; x_wconf 80' lang='lat' dir='ltr'>COpiam</span> <span class='ocrx_word' id='word_1_276' title='bbox 1254 3129 1476 3205; x_wconf 86' lang='lat' dir='ltr'>reddo,</span> <span class='ocrx_word' id='word_1_277' title='bbox 1510 3146 1627 3192; x_wconf 90' lang='lat' dir='ltr'>nec</span> <span class='ocrx_word' id='word_1_278' title='bbox 1648 3148 1751 3191; x_wconf 88' lang='lat' dir='ltr'>me</span> <span class='ocrx_word' id='word_1_279' title='bbox 1778 3147 1918 3193; x_wconf 91' lang='lat' dir='ltr'>mea</span> 
     </span>
    </p>
   </div>
   <div class='ocr_carea' id='block_1_40' title="bbox 324 3228 1919 3309">
    <p class='ocr_par' dir='ltr' id='par_1_40' title="bbox 324 3228 1919 3309">
     <span class='ocr_line' id='line_1_40' title="bbox 324 3228 1919 3309; baseline -0.008 -8"><span class='ocrx_word' id='word_1_280' title='bbox 324 3235 722 3301; x_wconf 87' lang='lat' dir='ltr'>conscientia</span> <span class='ocrx_word' id='word_1_281' title='bbox 751 3232 989 3294; x_wconf 90' lang='lat' dir='ltr'>indicat</span> <span class='ocrx_word' id='word_1_282' title='bbox 1024 3228 1449 3309; x_wconf 86' lang='lat' dir='ltr'>negligentem</span> <span class='ocrx_word' id='word_1_283' title='bbox 1491 3245 1651 3291; x_wconf 89' lang='lat' dir='ltr'>esse.</span> <span class='ocrx_word' id='word_1_284' title='bbox 1683 3230 1777 3290; x_wconf 93' lang='lat' dir='ltr'>Tu</span> <span class='ocrx_word' id='word_1_285' title='bbox 1816 3246 1919 3290; x_wconf 87' lang='lat' dir='ltr'>ve-</span> 
     </span>
    </p>
   </div>
   <div class='ocr_carea' id='block_1_41' title="bbox 326 3329 1917 3421">
    <p class='ocr_par' dir='ltr' id='par_1_41' title="bbox 326 3329 1917 3421">
     <span class='ocr_line' id='line_1_41' title="bbox 326 3329 1917 3421; baseline -0.009 -16"><span class='ocrx_word' id='word_1_286' title='bbox 326 3359 417 3416; x_wconf 86' lang='lat' dir='ltr'>ro,</span> <span class='ocrx_word' id='word_1_287' title='bbox 447 3356 656 3421; x_wconf 90' lang='lat' dir='ltr'>quum</span> <span class='ocrx_word' id='word_1_288' title='bbox 686 3340 1001 3398; x_wconf 89' lang='lat' dir='ltr'>trecentas</span> <span class='ocrx_word' id='word_1_289' title='bbox 1031 3332 1347 3395; x_wconf 89' lang='lat' dir='ltr'>orationes</span> <span class='ocrx_word' id='word_1_290' title='bbox 1390 3329 1629 3393; x_wconf 83' lang='lat' dir='ltr'>faciens</span> <span class='ocrx_word' id='word_1_291' title='bbox 1675 3347 1711 3392; x_wconf 93' lang='lat' dir='ltr'>a</span> <span class='ocrx_word' id='word_1_292' title='bbox 1760 3346 1917 3392; x_wconf 87' lang='lat' dir='ltr'>con-</span> 
     </span>
    </p>
   </div>
   <div class='ocr_carea' id='block_1_42' title="bbox 326 3428 1919 3513">
    <p class='ocr_par' dir='ltr' id='par_1_42' title="bbox 326 3428 1919 3513">
     <span class='ocr_line' id='line_1_42' title="bbox 326 3428 1919 3513; baseline -0.008 -8"><span class='ocrx_word' id='word_1_293' title='bbox 326 3442 592 3505; x_wconf 82' lang='lat' dir='ltr'>scientia</span> <span class='ocrx_word' id='word_1_294' title='bbox 616 3436 942 3511; x_wconf 83' lang='lat' dir='ltr'>iudicaris,</span> <span class='ocrx_word' id='word_1_295' title='bbox 980 3440 1089 3498; x_wconf 89' lang='lat' dir='ltr'>aut</span> <span class='ocrx_word' id='word_1_296' title='bbox 1114 3449 1246 3495; x_wconf 91' lang='lat' dir='ltr'>non</span> <span class='ocrx_word' id='word_1_297' title='bbox 1284 3447 1447 3513; x_wconf 89' lang='lat' dir='ltr'>pure</span> <span class='ocrx_word' id='word_1_298' title='bbox 1484 3447 1590 3493; x_wconf 90' lang='lat' dir='ltr'>eas</span> <span class='ocrx_word' id='word_1_299' title='bbox 1620 3435 1683 3492; x_wconf 89' lang='lat' dir='ltr'>te</span> <span class='ocrx_word' id='word_1_300' title='bbox 1710 3428 1919 3492; x_wconf 87' lang='lat' dir='ltr'>facere</span> 
     </span>
    </p>
   </div>
   <div class='ocr_carea' id='block_1_43' title="bbox 328 3520 1915 3623">
    <p class='ocr_par' dir='ltr' id='par_1_43' title="bbox 328 3520 1915 3623">
     <span class='ocr_line' id='line_1_43' title="bbox 328 3520 1915 3623; baseline -0.009 -17"><span class='ocrx_word' id='word_1_301' title='bbox 328 3542 567 3623; x_wconf 86' lang='lat' dir='ltr'>prodis,</span> <span class='ocrx_word' id='word_1_302' title='bbox 608 3544 753 3609; x_wconf 91' lang='lat' dir='ltr'>aut,</span> <span class='ocrx_word' id='word_1_303' title='bbox 1150 3532 1364 3615; x_wconf 87' lang='lat' dir='ltr'>plures</span> <span class='ocrx_word' id='word_1_304' title='bbox 1410 3530 1618 3595; x_wconf 86' lang='lat' dir='ltr'>facere</span> <span class='ocrx_word' id='word_1_305' title='bbox 1685 3530 1915 3611; x_wconf 88' lang='lat' dir='ltr'>possis,</span> 
     </span>
    </p>
   </div>
   <div class='ocr_carea' id='block_1_44' title="bbox 328 3636 899 3719">
    <p class='ocr_par' dir='ltr' id='par_1_44' title="bbox 328 3636 899 3719">
     <span class='ocr_line' id='line_1_44' title="bbox 328 3636 899 3719; baseline -0.021 -12"><span class='ocrx_word' id='word_1_306' title='bbox 328 3661 455 3707; x_wconf 91' lang='lat' dir='ltr'>non</span> <span class='ocrx_word' id='word_1_307' title='bbox 480 3642 702 3704; x_wconf 85' lang='lat' dir='ltr'>facere</span> <span class='ocrx_word' id='word_1_308' title='bbox 727 3636 834 3719; x_wconf 83' lang='grc'>(1).</span> <span class='ocrx_word' id='word_1_309' title='bbox 871 3659 899 3694; x_wconf 78' lang='grc' dir='ltr'>ιι</span> 
     </span>
    </p>
   </div>
   <div class='ocr_carea' id='block_1_45' title="bbox 400 3777 1919 3855">
    <p class='ocr_par' dir='ltr' id='par_1_45' title="bbox 400 3777 1919 3855">
     <span class='ocr_line' id='line_1_45' title="bbox 400 3777 1919 3855; baseline -0.01 -1"><span class='ocrx_word' id='word_1_310' title='bbox 400 3792 520 3854; x_wconf 83' lang='lat' dir='ltr'>Hic</span> <span class='ocrx_word' id='word_1_311' title='bbox 577 3785 891 3851; x_wconf 81' lang='lat' dir='ltr'>Macarius</span> <span class='ocrx_word' id='word_1_312' title='bbox 940 3792 1214 3855; x_wconf 84' lang='grc' dir='ltr'>πολιτικός</span> <span class='ocrx_word' id='word_1_313' title='bbox 1255 3781 1301 3843; x_wconf 91' lang='lat' dir='ltr'>i.</span> <span class='ocrx_word' id='word_1_314' title='bbox 1348 3797 1406 3842; x_wconf 91' lang='lat' dir='ltr'>e.</span> <span class='ocrx_word' id='word_1_315' title='bbox 1459 3777 1919 3841; x_wconf 86' lang='lat' dir='ltr'>Alexandrinus</span> 
     </span>
    </p>
   </div>
   <div class='ocr_carea' id='block_1_46' title="bbox 331 3880 1915 3975">
    <p class='ocr_par' dir='ltr' id='par_1_46' title="bbox 331 3880 1915 3975">
     <span class='ocr_line' id='line_1_46' title="bbox 331 3880 1915 3975; baseline -0.012 -20"><span class='ocrx_word' id='word_1_316' title='bbox 331 3893 713 3975; x_wconf 84' lang='lat' dir='ltr'>appellatur.</span> <span class='ocrx_word' id='word_1_317' title='bbox 745 3886 923 3961; x_wconf 87' lang='lat' dir='ltr'>Quod</span> <span class='ocrx_word' id='word_1_318' title='bbox 943 3898 1325 3963; x_wconf 84' lang='lat' dir='ltr'>cognomen,</span> <span class='ocrx_word' id='word_1_319' title='bbox 1356 3880 1706 3941; x_wconf 90' lang='lat' dir='ltr'>Sozomeno</span> <span class='ocrx_word' id='word_1_320' title='bbox 1734 3882 1915 3951; x_wconf 89' lang='lat' dir='ltr'>teste,</span> 
     </span>
    </p>
   </div>
   <div class='ocr_carea' id='block_1_47' title="bbox 331 3976 1915 4066">
    <p class='ocr_par' dir='ltr' id='par_1_47' title="bbox 331 3976 1915 4066">
     <span class='ocr_line' id='line_1_47' title="bbox 331 3976 1915 4066; baseline -0.015 -8"><span class='ocrx_word' id='word_1_321' title='bbox 331 3994 622 4066; x_wconf 64' lang='lat' dir='ltr'>Macario,</span> <span class='ocrx_word' id='word_1_322' title='bbox 680 3995 749 4051; x_wconf 91' lang='lat' dir='ltr'>ut</span> <span class='ocrx_word' id='word_1_323' title='bbox 809 3986 1099 4059; x_wconf 89' lang='lat' dir='ltr'>vidimus,</span> <span class='ocrx_word' id='word_1_324' title='bbox 1144 3977 1565 4044; x_wconf 87' lang='lat' dir='ltr'>Alexandrino</span> <span class='ocrx_word' id='word_1_325' title='bbox 1620 3976 1915 4049; x_wconf 91' lang='lat' dir='ltr'>inditum,</span> 
     </span>
    </p>
   </div>
   <div class='ocr_carea' id='block_1_48' title="bbox 330 4076 1914 4157">
    <p class='ocr_par' dir='ltr' id='par_1_48' title="bbox 330 4076 1914 4157">
     <span class='ocr_line' id='line_1_48' title="bbox 330 4076 1914 4157; baseline -0.011 -2"><span class='ocrx_word' id='word_1_326' title='bbox 330 4094 451 4157; x_wconf 84' lang='lat' dir='ltr'>hoc</span> <span class='ocrx_word' id='word_1_327' title='bbox 478 4098 731 4155; x_wconf 89' lang='lat' dir='ltr'>tantum</span> <span class='ocrx_word' id='word_1_328' title='bbox 772 4084 1083 4148; x_wconf 81' lang='lat' dir='ltr'>Historiae</span> <span class='ocrx_word' id='word_1_329' title='bbox 1107 4082 1443 4145; x_wconf 88' lang='lat' dir='ltr'>Lausiacae</span> <span class='ocrx_word' id='word_1_330' title='bbox 1484 4078 1630 4141; x_wconf 92' lang='lat' dir='ltr'>loco</span> <span class='ocrx_word' id='word_1_331' title='bbox 1664 4076 1914 4156; x_wconf 89' lang='lat' dir='ltr'>legitur.</span> 
     </span>
    </p>
   </div>
   <div class='ocr_carea' id='block_1_49' title="bbox 325 4175 1921 4255">
    <p class='ocr_par' dir='ltr' id='par_1_49' title="bbox 325 4175 1921 4255">
     <span class='ocr_line' id='line_1_49' title="bbox 325 4175 1921 4255; baseline -0.013 0"><span class='ocrx_word' id='word_1_332' title='bbox 325 4194 451 4255; x_wconf 89' lang='lat' dir='ltr'>Sed</span> <span class='ocrx_word' id='word_1_333' title='bbox 480 4190 565 4253; x_wconf 88' lang='lat' dir='ltr'>ad</span> <span class='ocrx_word' id='word_1_334' title='bbox 593 4189 703 4251; x_wconf 88' lang='lat' dir='ltr'>illa</span> <span class='ocrx_word' id='word_1_335' title='bbox 730 4184 983 4248; x_wconf 85' lang='lat' dir='ltr'>Macarii</span> <span class='ocrx_word' id='word_1_336' title='bbox 1009 4181 1194 4244; x_wconf 90' lang='lat' dir='ltr'>verba</span> <span class='ocrx_word' id='word_1_337' title='bbox 1221 4177 1677 4242; x_wconf 85' lang='lat' dir='ltr'>animadvertas</span> <span class='ocrx_word' id='word_1_338' title='bbox 1706 4175 1921 4237; x_wconf 91' lang='lat' dir='ltr'>dicen-</span> 
     </span>
    </p>
   </div>
   <div class='ocr_carea' id='block_1_50' title="bbox 325 4276 1918 4369">
    <p class='ocr_par' dir='ltr' id='par_1_50' title="bbox 325 4276 1918 4369">
     <span class='ocr_line' id='line_1_50' title="bbox 325 4276 1918 4369; baseline -0.012 -14"><span class='ocrx_word' id='word_1_339' title='bbox 325 4295 429 4367; x_wconf 88' lang='lat' dir='ltr'>tis,</span> <span class='ocrx_word' id='word_1_340' title='bbox 458 4285 1054 4369; x_wconf 50' lang='lat' dir='ltr'>sexagesimum&#39;agi</span> <span class='ocrx_word' id='word_1_341' title='bbox 1078 4297 1336 4355; x_wconf 90' lang='lat' dir='ltr'>annum,</span> <span class='ocrx_word' id='word_1_342' title='bbox 1368 4296 1447 4342; x_wconf 90' lang='lat' dir='ltr'>ex</span> <span class='ocrx_word' id='word_1_343' title='bbox 1475 4294 1605 4360; x_wconf 89' lang='lat' dir='ltr'>quo</span> <span class='ocrx_word' id='word_1_344' title='bbox 1635 4294 1773 4339; x_wconf 91' lang='lat' dir='ltr'>eam</span> <span class='ocrx_word' id='word_1_345' title='bbox 1800 4276 1918 4338; x_wconf 89' lang='lat' dir='ltr'>sibi</span> 
     </span>
    </p>
   </div>
   <div class='ocr_carea' id='block_1_51' title="bbox 324 4378 1914 4470">
    <p class='ocr_par' dir='ltr' id='par_1_51' title="bbox 324 4378 1914 4470">
     <span class='ocr_line' id='line_1_51' title="bbox 324 4378 1914 4470; baseline -0.011 -14"><span class='ocrx_word' id='word_1_346' title='bbox 324 4395 493 4456; x_wconf 87' lang='lat' dir='ltr'>vitae</span> <span class='ocrx_word' id='word_1_347' title='bbox 516 4390 800 4470; x_wconf 87' lang='lat' dir='ltr'>regulam</span> <span class='ocrx_word' id='word_1_348' title='bbox 828 4382 1321 4469; x_wconf 89' lang='lat' dir='ltr'>praescripserit.</span> <span class='ocrx_word' id='word_1_349' title='bbox 1352 4379 1533 4442; x_wconf 92' lang='lat' dir='ltr'>Unde</span> <span class='ocrx_word' id='word_1_350' title='bbox 1557 4378 1914 4453; x_wconf 85' lang='lat' dir='ltr'>Macarium,</span> 
     </span>
    </p>
   </div>
   <div class='ocr_carea' id='block_1_52' title="bbox 322 4480 1913 4575">
    <p class='ocr_par' dir='ltr' id='par_1_52' title="bbox 322 4480 1913 4575">
     <span class='ocr_line' id='line_1_52' title="bbox 322 4480 1913 4575; baseline -0.011 -19"><span class='ocrx_word' id='word_1_351' title='bbox 322 4494 441 4575; x_wconf 88' lang='lat' dir='ltr'>qui</span> <span class='ocrx_word' id='word_1_352' title='bbox 470 4509 682 4555; x_wconf 89' lang='lat' dir='ltr'>annos</span> <span class='ocrx_word' id='word_1_353' title='bbox 716 4486 1124 4569; x_wconf 89' lang='lat' dir='ltr'>quadraginta</span> <span class='ocrx_word' id='word_1_354' title='bbox 1158 4490 1339 4545; x_wconf 91' lang='lat' dir='ltr'>natus</span> <span class='ocrx_word' id='word_1_355' title='bbox 1365 4480 1745 4560; x_wconf 86' lang='lat' dir='ltr'>baptismum</span> <span class='ocrx_word' id='word_1_356' title='bbox 1774 4496 1913 4539; x_wconf 89' lang='lat' dir='ltr'>sus—</span> 
     </span>
    </p>
   </div>
   <div class='ocr_carea' id='block_1_53' title="bbox 318 4579 1915 4676">
    <p class='ocr_par' dir='ltr' id='par_1_53' title="bbox 318 4579 1915 4676">
     <span class='ocr_line' id='line_1_53' title="bbox 318 4579 1915 4676; baseline -0.012 -16"><span class='ocrx_word' id='word_1_357' title='bbox 318 4600 614 4676; x_wconf 80' lang='lat' dir='ltr'>ceperat,</span> <span class='ocrx_word' id='word_1_358' title='bbox 651 4606 818 4652; x_wconf 90' lang='lat' dir='ltr'>anno</span> <span class='ocrx_word' id='word_1_359' title='bbox 855 4588 1013 4648; x_wconf 88' lang='lat' dir='ltr'>vitae</span> <span class='ocrx_word' id='word_1_360' title='bbox 1044 4601 1192 4646; x_wconf 90' lang='lat' dir='ltr'>suae</span> <span class='ocrx_word' id='word_1_361' title='bbox 1226 4581 1571 4646; x_wconf 90' lang='lat' dir='ltr'>centesimo</span> <span class='ocrx_word' id='word_1_362' title='bbox 1618 4579 1683 4640; x_wconf 93' lang='lat' dir='ltr'>h.</span> <span class='ocrx_word' id='word_1_363' title='bbox 1719 4596 1775 4640; x_wconf 91' lang='lat' dir='ltr'>e.</span> <span class='ocrx_word' id='word_1_364' title='bbox 1813 4595 1915 4641; x_wconf 51' lang='lat' dir='ltr'>eo.</span> 
     </span>
    </p>
   </div>
   <div class='ocr_carea' id='block_1_54' title="bbox 320 4679 1913 4767">
    <p class='ocr_par' dir='ltr' id='par_1_54' title="bbox 320 4679 1913 4767">
     <span class='ocr_line' id='line_1_54' title="bbox 320 4679 1913 4767; baseline -0.013 -8"><span class='ocrx_word' id='word_1_365' title='bbox 320 4698 478 4759; x_wconf 90' lang='lat' dir='ltr'>dem</span> <span class='ocrx_word' id='word_1_366' title='bbox 522 4693 659 4755; x_wconf 87' lang='lat' dir='ltr'>fere</span> <span class='ocrx_word' id='word_1_367' title='bbox 703 4698 1007 4767; x_wconf 88' lang='lat' dir='ltr'>tempore,</span> <span class='ocrx_word' id='word_1_368' title='bbox 1051 4702 1177 4765; x_wconf 89' lang='lat' dir='ltr'>quo</span> <span class='ocrx_word' id='word_1_369' title='bbox 1214 4701 1342 4745; x_wconf 91' lang='lat' dir='ltr'>una</span> <span class='ocrx_word' id='word_1_370' title='bbox 1394 4700 1538 4745; x_wconf 92' lang='lat' dir='ltr'>cum</span> <span class='ocrx_word' id='word_1_371' title='bbox 1582 4697 1659 4742; x_wconf 94' lang='lat' dir='ltr'>eo</span> <span class='ocrx_word' id='word_1_372' title='bbox 1710 4679 1913 4741; x_wconf 89' lang='lat' dir='ltr'>Palla-</span> 
     </span>
    </p>
   </div>
   <div class='ocr_carea' id='block_1_55' title="bbox 321 4783 1918 4862">
    <p class='ocr_par' dir='ltr' id='par_1_55' title="bbox 321 4783 1918 4862">
     <span class='ocr_line' id='line_1_55' title="bbox 321 4783 1918 4862; baseline -0.011 -2"><span class='ocrx_word' id='word_1_373' title='bbox 321 4799 471 4859; x_wconf 89' lang='lat' dir='ltr'>dius</span> <span class='ocrx_word' id='word_1_374' title='bbox 502 4797 571 4856; x_wconf 91' lang='lat' dir='ltr'>in</span> <span class='ocrx_word' id='word_1_375' title='bbox 600 4790 845 4854; x_wconf 89' lang='lat' dir='ltr'>Cellulis</span> <span class='ocrx_word' id='word_1_376' title='bbox 878 4788 1050 4861; x_wconf 87' lang='lat' dir='ltr'>vixit,</span> <span class='ocrx_word' id='word_1_377' title='bbox 1080 4786 1234 4847; x_wconf 92' lang='lat' dir='ltr'>illud</span> <span class='ocrx_word' id='word_1_378' title='bbox 1266 4784 1460 4847; x_wconf 92' lang='lat' dir='ltr'>Paulo</span> <span class='ocrx_word' id='word_1_379' title='bbox 1489 4783 1625 4845; x_wconf 90' lang='lat' dir='ltr'>seni</span> <span class='ocrx_word' id='word_1_380' title='bbox 1654 4798 1918 4862; x_wconf 90' lang='lat' dir='ltr'>respon-</span> 
     </span>
    </p>
   </div>
   <div class='ocr_carea' id='block_1_56' title="bbox 322 4884 1917 4969">
    <p class='ocr_par' dir='ltr' id='par_1_56' title="bbox 322 4884 1917 4969">
     <span class='ocr_line' id='line_1_56' title="bbox 322 4884 1917 4969; baseline -0.008 -12"><span class='ocrx_word' id='word_1_381' title='bbox 322 4913 471 4960; x_wconf 87' lang='lat' dir='ltr'>sum</span> <span class='ocrx_word' id='word_1_382' title='bbox 510 4892 786 4964; x_wconf 91' lang='lat' dir='ltr'>dedisse,</span> <span class='ocrx_word' id='word_1_383' title='bbox 816 4889 1221 4969; x_wconf 90' lang='lat' dir='ltr'>perspicuum</span> <span class='ocrx_word' id='word_1_384' title='bbox 1264 4892 1380 4949; x_wconf 91' lang='lat' dir='ltr'>est.</span> <span class='ocrx_word' id='word_1_385' title='bbox 1413 4884 1678 4945; x_wconf 89' lang='lat' dir='ltr'>Pherme</span> <span class='ocrx_word' id='word_1_386' title='bbox 1708 4890 1917 4945; x_wconf 89' lang='lat' dir='ltr'>autem</span> 
     </span>
    </p>
   </div>
   <div class='ocr_carea' id='block_1_57' title="bbox 330 4986 1915 5073">
    <p class='ocr_par' dir='ltr' id='par_1_57' title="bbox 330 4986 1915 5073">
     <span class='ocr_line' id='line_1_57' title="bbox 330 4986 1915 5073; baseline -0.008 -14"><span class='ocrx_word' id='word_1_387' title='bbox 330 5015 543 5068; x_wconf 86' lang='lat' dir='ltr'>mons,</span> <span class='ocrx_word' id='word_1_388' title='bbox 586 4994 697 5073; x_wconf 90' lang='lat' dir='ltr'>qui</span> <span class='ocrx_word' id='word_1_389' title='bbox 727 4993 796 5053; x_wconf 91' lang='lat' dir='ltr'>in</span> <span class='ocrx_word' id='word_1_390' title='bbox 835 4989 1238 5053; x_wconf 90' lang='lat' dir='ltr'>solitudinem</span> <span class='ocrx_word' id='word_1_391' title='bbox 1282 4987 1478 5050; x_wconf 92' lang='lat' dir='ltr'>Scetis</span> <span class='ocrx_word' id='word_1_392' title='bbox 1521 4986 1835 5065; x_wconf 88' lang='lat' dir='ltr'>vergebat,</span> <span class='ocrx_word' id='word_1_393' title='bbox 1880 5002 1915 5047; x_wconf 89' lang='lat' dir='ltr'>a</span> 
     </span>
    </p>
   </div>
   <div class='ocr_carea' id='block_1_58' title="bbox 332 5088 1917 5167">
    <p class='ocr_par' dir='ltr' id='par_1_58' title="bbox 332 5088 1917 5167">
     <span class='ocr_line' id='line_1_58' title="bbox 332 5088 1917 5167; baseline -0.005 -11"><span class='ocrx_word' id='word_1_394' title='bbox 332 5095 581 5156; x_wconf 84' lang='lat' dir='ltr'>Cellulis</span> <span class='ocrx_word' id='word_1_395' title='bbox 611 5091 782 5153; x_wconf 89' lang='lat' dir='ltr'>haud</span> <span class='ocrx_word' id='word_1_396' title='bbox 824 5090 1090 5151; x_wconf 90' lang='lat' dir='ltr'>multum</span> <span class='ocrx_word' id='word_1_397' title='bbox 1126 5088 1342 5149; x_wconf 90' lang='lat' dir='ltr'>abfuit.</span> <span class='ocrx_word' id='word_1_398' title='bbox 1391 5090 1437 5148; x_wconf 91' lang='lat' dir='ltr'>E</span> <span class='ocrx_word' id='word_1_399' title='bbox 1468 5088 1698 5167; x_wconf 89' lang='lat' dir='ltr'>quibus</span> <span class='ocrx_word' id='word_1_400' title='bbox 1729 5088 1917 5149; x_wconf 88' lang='lat' dir='ltr'>etiam</span> 
     </span>
    </p>
   </div>
   <div class='ocr_carea' id='block_1_59' title="bbox 336 5189 1913 5270">
    <p class='ocr_par' dir='ltr' id='par_1_59' title="bbox 336 5189 1913 5270">
     <span class='ocr_line' id='line_1_59' title="bbox 336 5189 1913 5270; baseline -0.003 -14"><span class='ocrx_word' id='word_1_401' title='bbox 336 5196 543 5258; x_wconf 89' lang='lat' dir='ltr'>denuo</span> <span class='ocrx_word' id='word_1_402' title='bbox 583 5192 953 5265; x_wconf 87' lang='lat' dir='ltr'>conﬁcitur,</span> <span class='ocrx_word' id='word_1_403' title='bbox 988 5189 1153 5251; x_wconf 90' lang='lat' dir='ltr'>istud</span> <span class='ocrx_word' id='word_1_404' title='bbox 1193 5196 1403 5269; x_wconf 93' lang='lat' dir='ltr'>caput,</span> <span class='ocrx_word' id='word_1_405' title='bbox 1446 5190 1617 5270; x_wconf 90' lang='lat' dir='ltr'>quod</span> <span class='ocrx_word' id='word_1_406' title='bbox 1658 5191 1774 5252; x_wconf 89' lang='lat' dir='ltr'>sub</span> <span class='ocrx_word' id='word_1_407' title='bbox 1813 5190 1913 5252; x_wconf 84' lang='lat' dir='ltr'>in-</span> 
     </span>
    </p>
   </div>
   <div class='ocr_carea' id='block_1_60' title="bbox 333 5288 1920 5377">
    <p class='ocr_par' dir='ltr' id='par_1_60' title="bbox 333 5288 1920 5377">
     <span class='ocr_line' id='line_1_60' title="bbox 333 5288 1920 5377; baseline -0.002 -21"><span class='ocrx_word' id='word_1_408' title='bbox 333 5293 476 5356; x_wconf 88' lang='lat' dir='ltr'>dice</span> <span class='ocrx_word' id='word_1_409' title='bbox 517 5313 533 5355; x_wconf 88' lang='lat'><em>:</em></span> <span class='ocrx_word' id='word_1_410' title='bbox 573 5296 675 5377; x_wconf 81' lang='lat' dir='ltr'>De</span> <span class='ocrx_word' id='word_1_411' title='bbox 730 5292 954 5353; x_wconf 86' lang='lat' dir='ltr'>Marco</span> <span class='ocrx_word' id='word_1_412' title='bbox 1022 5288 1089 5349; x_wconf 90' lang='lat' dir='ltr'>in</span> <span class='ocrx_word' id='word_1_413' title='bbox 1133 5289 1456 5351; x_wconf 88' lang='lat' dir='ltr'>codicibus</span> <span class='ocrx_word' id='word_1_414' title='bbox 1502 5288 1920 5370; x_wconf 79' lang='lat' dir='ltr'>plurimisque</span> 
     </span>
    </p>
   </div>
   <div class='ocr_carea' id='block_1_61' title="bbox 394 5510 1922 5588">
    <p class='ocr_par' dir='ltr' id='par_1_61' title="bbox 394 5510 1922 5588">
     <span class='ocr_line' id='line_1_61' title="bbox 394 5510 1922 5588; baseline -0.003 -19"><span class='ocrx_word' id='word_1_415' title='bbox 394 5518 470 5588; x_wconf 83' lang='grc' dir='ltr'>(Ι)</span> <span class='ocrx_word' id='word_1_416' title='bbox 497 5515 703 5573; x_wconf 83' lang='lat' dir='ltr'>Textus</span> <span class='ocrx_word' id='word_1_417' title='bbox 717 5527 961 5587; x_wconf 84' lang='lat' dir='ltr'>graecus</span> <span class='ocrx_word' id='word_1_418' title='bbox 975 5510 1172 5581; x_wconf 81' lang='lat' dir='ltr'>legitur</span> <span class='ocrx_word' id='word_1_419' title='bbox 1189 5510 1329 5564; x_wconf 80' lang='lat' dir='ltr'>infra</span> <span class='ocrx_word' id='word_1_420' title='bbox 1344 5510 1396 5564; x_wconf 90' lang='lat' dir='ltr'>in</span> <span class='ocrx_word' id='word_1_421' title='bbox 1418 5511 1611 5564; x_wconf 85' lang='lat' dir='ltr'>harum</span> <span class='ocrx_word' id='word_1_422' title='bbox 1628 5512 1922 5577; x_wconf 81' lang='lat' dir='ltr'>Quaestio-</span> 
     </span>
    </p>
   </div>
   <div class='ocr_carea' id='block_1_62' title="bbox 317 5600 1919 5682">
    <p class='ocr_par' dir='ltr' id='par_1_62' title="bbox 317 5600 1919 5682">
     <span class='ocr_line' id='line_1_62' title="bbox 317 5600 1919 5682; baseline -0.002 -20"><span class='ocrx_word' id='word_1_423' title='bbox 317 5626 451 5663; x_wconf 87' lang='lat' dir='ltr'>num</span> <span class='ocrx_word' id='word_1_424' title='bbox 480 5610 801 5682; x_wconf 87' lang='lat' dir='ltr'>Appendice</span> <span class='ocrx_word' id='word_1_425' title='bbox 835 5604 1033 5677; x_wconf 78' lang='lat' dir='ltr'>priore</span> <span class='ocrx_word' id='word_1_426' title='bbox 1080 5603 1203 5658; x_wconf 86' lang='lat' dir='ltr'>sub.</span> <span class='ocrx_word' id='word_1_427' title='bbox 1246 5602 1333 5668; x_wconf 87' lang='grc' dir='ltr'>ιιι,</span> <span class='ocrx_word' id='word_1_428' title='bbox 1368 5604 1417 5657; x_wconf 78' lang='lat' dir='ltr'>l.</span> <span class='ocrx_word' id='word_1_429' title='bbox 1447 5602 1530 5657; x_wconf 79' lang='lat' dir='ltr'>Cf.</span> <span class='ocrx_word' id='word_1_430' title='bbox 1562 5600 1704 5660; x_wconf 85' lang='lat' dir='ltr'>Hist.</span> <span class='ocrx_word' id='word_1_431' title='bbox 1750 5602 1919 5661; x_wconf 78' lang='lat' dir='ltr'>Laus.</span> 
     </span>
    </p>
   </div>
   <div class='ocr_carea' id='block_1_63' title="bbox 318 5694 1067 5772">
    <p class='ocr_par' dir='ltr' id='par_1_63' title="bbox 318 5694 1067 5772">
     <span class='ocr_line' id='line_1_63' title="bbox 318 5694 1067 5772; baseline -0.009 -17"><span class='ocrx_word' id='word_1_432' title='bbox 318 5702 407 5755; x_wconf 80' lang='lat' dir='ltr'>ed.</span> <span class='ocrx_word' id='word_1_433' title='bbox 441 5701 634 5760; x_wconf 73' lang='lat' dir='ltr'>Meurs.</span> <span class='ocrx_word' id='word_1_434' title='bbox 671 5718 803 5772; x_wconf 84' lang='lat' dir='ltr'>cap.</span> <span class='ocrx_word' id='word_1_435' title='bbox 836 5698 936 5761; x_wconf 74' lang='lat'>23,</span> <span class='ocrx_word' id='word_1_436' title='bbox 970 5694 1067 5749; x_wconf 65' lang='lat'>25.</span> 
     </span>
    </p>
   </div>
   <div class='ocr_carea' id='block_1_64' title="bbox 389 5794 1001 5870">
    <p class='ocr_par' dir='ltr' id='par_1_64' title="bbox 389 5794 1001 5870">
     <span class='ocr_line' id='line_1_64' title="bbox 389 5794 1001 5870; baseline -0.015 -21"><span class='ocrx_word' id='word_1_437' title='bbox 389 5794 458 5867; x_wconf 63' lang='lat'>(&#39;2)</span> <span class='ocrx_word' id='word_1_438' title='bbox 492 5796 520 5870; x_wconf 67' lang='grc' dir='ltr'>ς</span> <span class='ocrx_word' id='word_1_439' title='bbox 558 5797 624 5853; x_wconf 81' lang='lat' dir='ltr'>l9</span> <span class='ocrx_word' id='word_1_440' title='bbox 652 5813 712 5868; x_wconf 86' lang='lat' dir='ltr'>p.</span> <span class='ocrx_word' id='word_1_441' title='bbox 754 5794 827 5848; x_wconf 89' lang='grc'>78</span> <span class='ocrx_word' id='word_1_442' title='bbox 866 5803 1001 5859; x_wconf 86' lang='lat' dir='ltr'>sqq.</span> 
     </span>
    </p>
   </div>
   <div class='ocr_carea' id='block_1_65' title="bbox 375 5872 1917 5957">
    <p class='ocr_par' dir='ltr' id='par_1_65' title="bbox 375 5872 1917 5957">
     <span class='ocr_line' id='line_1_65' title="bbox 375 5872 1917 5957; baseline -0.012 -11"><span class='ocrx_word' id='word_1_443' title='bbox 375 5889 449 5957; x_wconf 75' lang='lat'>(3)</span> <span class='ocrx_word' id='word_1_444' title='bbox 480 5890 561 5948; x_wconf 74' lang='lat' dir='ltr'>Cf.</span> <span class='ocrx_word' id='word_1_445' title='bbox 593 5884 860 5946; x_wconf 77' lang='lat' dir='ltr'>Palladii</span> <span class='ocrx_word' id='word_1_446' title='bbox 912 5877 1221 5933; x_wconf 75' lang='lat' dir='ltr'>Historiam</span> <span class='ocrx_word' id='word_1_447' title='bbox 1257 5876 1567 5931; x_wconf 78' lang='lat' dir='ltr'>Lausiacam</span> <span class='ocrx_word' id='word_1_448' title='bbox 1614 5874 1683 5927; x_wconf 82' lang='lat' dir='ltr'>ad</span> <span class='ocrx_word' id='word_1_449' title='bbox 1719 5872 1917 5928; x_wconf 78' lang='lat' dir='ltr'>codicis</span> 
     </span>
    </p>
   </div>
   <div class='ocr_carea' id='block_1_66' title="bbox 2022 1915 3598 1997">
    <p class='ocr_par' dir='ltr' id='par_1_66' title="bbox 2022 1915 3598 1997">
     <span class='ocr_line' id='line_1_66' title="bbox 2022 1915 3598 1997; baseline 0.003 -24"><span class='ocrx_word' id='word_1_450' title='bbox 2022 1920 2189 1974; x_wconf 90' lang='lat' dir='ltr'>ctum</span> <span class='ocrx_word' id='word_1_451' title='bbox 2218 1915 2625 1995; x_wconf 89' lang='lat' dir='ltr'>sepelierunt,</span> <span class='ocrx_word' id='word_1_452' title='bbox 2658 1917 2939 1997; x_wconf 89' lang='lat' dir='ltr'>quinque</span> <span class='ocrx_word' id='word_1_453' title='bbox 2960 1917 3204 1991; x_wconf 91' lang='lat' dir='ltr'>diebus,</span> <span class='ocrx_word' id='word_1_454' title='bbox 3230 1925 3299 1978; x_wconf 92' lang='lat' dir='ltr'>ut</span> <span class='ocrx_word' id='word_1_455' title='bbox 3318 1924 3598 1980; x_wconf 88' lang='lat' dir='ltr'>sanctum</span> 
     </span>
    </p>
   </div>
   <div class='ocr_carea' id='block_1_67' title="bbox 2018 2013 3604 2096">
    <p class='ocr_par' dir='ltr' id='par_1_67' title="bbox 2018 2013 3604 2096">
     <span class='ocr_line' id='line_1_67' title="bbox 2018 2013 3604 2096; baseline 0.004 -25"><span class='ocrx_word' id='word_1_456' title='bbox 2018 2013 2360 2075; x_wconf 90' lang='lat' dir='ltr'>Antonium</span> <span class='ocrx_word' id='word_1_457' title='bbox 2382 2015 2812 2089; x_wconf 90' lang='lat' dir='ltr'>convenirem,</span> <span class='ocrx_word' id='word_1_458' title='bbox 2838 2015 3212 2096; x_wconf 86' lang='lat' dir='ltr'>exspectavi.</span> <span class='ocrx_word' id='word_1_459' title='bbox 3238 2016 3355 2088; x_wconf 88' lang='lat' dir='ltr'>Qui</span> <span class='ocrx_word' id='word_1_460' title='bbox 3375 2014 3453 2077; x_wconf 91' lang='lat' dir='ltr'>ad</span> <span class='ocrx_word' id='word_1_461' title='bbox 3481 2013 3604 2078; x_wconf 90' lang='lat' dir='ltr'>hoc</span> 
     </span>
    </p>
   </div>
   <div class='ocr_carea' id='block_1_68' title="bbox 2019 2115 3600 2197">
    <p class='ocr_par' dir='ltr' id='par_1_68' title="bbox 2019 2115 3600 2197">
     <span class='ocr_line' id='line_1_68' title="bbox 2019 2115 3600 2197; baseline 0.003 -23"><span class='ocrx_word' id='word_1_462' title='bbox 2019 2115 2467 2177; x_wconf 85' lang='lat' dir='ltr'>monasterium</span> <span class='ocrx_word' id='word_1_463' title='bbox 2491 2116 2681 2178; x_wconf 90' lang='lat' dir='ltr'>modo</span> <span class='ocrx_word' id='word_1_464' title='bbox 2709 2124 2852 2197; x_wconf 91' lang='lat' dir='ltr'>post</span> <span class='ocrx_word' id='word_1_465' title='bbox 2872 2117 3114 2189; x_wconf 91' lang='lat' dir='ltr'>decem,</span> <span class='ocrx_word' id='word_1_466' title='bbox 3130 2118 3321 2179; x_wconf 92' lang='lat' dir='ltr'>modo</span> <span class='ocrx_word' id='word_1_467' title='bbox 3344 2123 3487 2197; x_wconf 92' lang='lat' dir='ltr'>post</span> <span class='ocrx_word' id='word_1_468' title='bbox 3505 2118 3600 2179; x_wconf 84' lang='lat' dir='ltr'>vi-</span> 
     </span>
    </p>
   </div>
   <div class='ocr_carea' id='block_1_69' title="bbox 2022 2213 3605 2295">
    <p class='ocr_par' dir='ltr' id='par_1_69' title="bbox 2022 2213 3605 2295">
     <span class='ocr_line' id='line_1_69' title="bbox 2022 2213 3605 2295; baseline 0.003 -22"><span class='ocrx_word' id='word_1_469' title='bbox 2022 2213 2199 2291; x_wconf 89' lang='lat' dir='ltr'>ginti,</span> <span class='ocrx_word' id='word_1_470' title='bbox 2217 2213 2533 2276; x_wconf 89' lang='lat' dir='ltr'>interdum</span> <span class='ocrx_word' id='word_1_471' title='bbox 2552 2222 2613 2277; x_wconf 93' lang='lat' dir='ltr'>et</span> <span class='ocrx_word' id='word_1_472' title='bbox 2635 2220 2777 2295; x_wconf 90' lang='lat' dir='ltr'>post</span> <span class='ocrx_word' id='word_1_473' title='bbox 2797 2215 3252 2294; x_wconf 89' lang='lat' dir='ltr'>quinquaginta</span> <span class='ocrx_word' id='word_1_474' title='bbox 3274 2215 3408 2277; x_wconf 87' lang='lat' dir='ltr'>dies</span> <span class='ocrx_word' id='word_1_475' title='bbox 3428 2233 3605 2278; x_wconf 90' lang='lat' dir='ltr'>acce-</span> 
     </span>
    </p>
   </div>
   <div class='ocr_carea' id='block_1_70' title="bbox 2022 2314 3602 2395">
    <p class='ocr_par' dir='ltr' id='par_1_70' title="bbox 2022 2314 3602 2395">
     <span class='ocr_line' id='line_1_70' title="bbox 2022 2314 3602 2395; baseline 0.001 -20"><span class='ocrx_word' id='word_1_476' title='bbox 2022 2314 2173 2376; x_wconf 89' lang='lat' dir='ltr'>dere</span> <span class='ocrx_word' id='word_1_477' title='bbox 2192 2315 2537 2389; x_wconf 90' lang='lat' dir='ltr'>dicebatur,</span> <span class='ocrx_word' id='word_1_478' title='bbox 2569 2324 2756 2395; x_wconf 90' lang='lat' dir='ltr'>prout</span> <span class='ocrx_word' id='word_1_479' title='bbox 2775 2316 2938 2376; x_wconf 91' lang='lat' dir='ltr'>Deus</span> <span class='ocrx_word' id='word_1_480' title='bbox 2961 2334 3102 2376; x_wconf 90' lang='lat' dir='ltr'>eum</span> <span class='ocrx_word' id='word_1_481' title='bbox 3117 2322 3328 2394; x_wconf 89' lang='lat' dir='ltr'>ageret</span> <span class='ocrx_word' id='word_1_482' title='bbox 3350 2316 3427 2378; x_wconf 92' lang='lat' dir='ltr'>ad</span> <span class='ocrx_word' id='word_1_483' title='bbox 3449 2316 3602 2377; x_wconf 89' lang='lat' dir='ltr'>sub-</span> 
     </span>
    </p>
   </div>
   <div class='ocr_carea' id='block_1_71' title="bbox 2023 2416 3602 2497">
    <p class='ocr_par' dir='ltr' id='par_1_71' title="bbox 2023 2416 3602 2497">
     <span class='ocr_line' id='line_1_71' title="bbox 2023 2416 3602 2497; baseline 0.002 -20"><span class='ocrx_word' id='word_1_484' title='bbox 2023 2416 2400 2478; x_wconf 89' lang='lat' dir='ltr'>veniendum</span> <span class='ocrx_word' id='word_1_485' title='bbox 2422 2416 2519 2491; x_wconf 93' lang='lat' dir='ltr'>iis,</span> <span class='ocrx_word' id='word_1_486' title='bbox 2547 2417 2655 2497; x_wconf 89' lang='lat' dir='ltr'>qui</span> <span class='ocrx_word' id='word_1_487' title='bbox 2686 2433 2762 2478; x_wconf 93' lang='lat' dir='ltr'>eo</span> <span class='ocrx_word' id='word_1_488' title='bbox 2780 2416 3180 2479; x_wconf 87' lang='lat' dir='ltr'>advenerant.</span> <span class='ocrx_word' id='word_1_489' title='bbox 3199 2418 3363 2479; x_wconf 84' lang='lat' dir='ltr'>Varii</span> <span class='ocrx_word' id='word_1_490' title='bbox 3393 2425 3602 2480; x_wconf 90' lang='lat' dir='ltr'>autem</span> 
     </span>
    </p>
   </div>
   <div class='ocr_carea' id='block_1_72' title="bbox 2019 2518 3600 2594">
    <p class='ocr_par' dir='ltr' id='par_1_72' title="bbox 2019 2518 3600 2594">
     <span class='ocr_line' id='line_1_72' title="bbox 2019 2518 3600 2594; baseline 0.002 -15"><span class='ocrx_word' id='word_1_491' title='bbox 2019 2518 2244 2580; x_wconf 84' lang='lat' dir='ltr'>fratres</span> <span class='ocrx_word' id='word_1_492' title='bbox 2287 2519 2369 2580; x_wconf 91' lang='lat' dir='ltr'>ob</span> <span class='ocrx_word' id='word_1_493' title='bbox 2396 2519 2594 2580; x_wconf 90' lang='lat' dir='ltr'>varias</span> <span class='ocrx_word' id='word_1_494' title='bbox 2638 2519 3041 2582; x_wconf 89' lang='lat' dir='ltr'>necessitates</span> <span class='ocrx_word' id='word_1_495' title='bbox 3082 2536 3600 2594; x_wconf 88' lang='lat' dir='ltr'>conveneramus,</span> 
     </span>
    </p>
   </div>
   <div class='ocr_carea' id='block_1_73' title="bbox 2024 2619 3603 2700">
    <p class='ocr_par' dir='ltr' id='par_1_73' title="bbox 2024 2619 3603 2700">
     <span class='ocr_line' id='line_1_73' title="bbox 2024 2619 3603 2700; baseline -0.001 -18"><span class='ocrx_word' id='word_1_496' title='bbox 2024 2637 2102 2682; x_wconf 91' lang='lat' dir='ltr'>ex</span> <span class='ocrx_word' id='word_1_497' title='bbox 2134 2621 2363 2700; x_wconf 90' lang='lat' dir='ltr'>quibus</span> <span class='ocrx_word' id='word_1_498' title='bbox 2386 2627 2447 2683; x_wconf 91' lang='lat' dir='ltr'>et</span> <span class='ocrx_word' id='word_1_499' title='bbox 2468 2620 2767 2698; x_wconf 88' lang='lat' dir='ltr'>Eulogius</span> <span class='ocrx_word' id='word_1_500' title='bbox 2806 2619 3261 2681; x_wconf 90' lang='lat' dir='ltr'>Alexandrinus</span> <span class='ocrx_word' id='word_1_501' title='bbox 3287 2619 3426 2694; x_wconf 89' lang='lat' dir='ltr'>fuit,</span> <span class='ocrx_word' id='word_1_502' title='bbox 3458 2638 3603 2682; x_wconf 89' lang='lat' dir='ltr'>cum</span> 
     </span>
    </p>
   </div>
   <div class='ocr_carea' id='block_1_74' title="bbox 2024 2720 3601 2800">
    <p class='ocr_par' dir='ltr' id='par_1_74' title="bbox 2024 2720 3601 2800">
     <span class='ocr_line' id='line_1_74' title="bbox 2024 2720 3601 2800; baseline 0.001 -18"><span class='ocrx_word' id='word_1_503' title='bbox 2024 2737 2232 2800; x_wconf 90' lang='lat' dir='ltr'>eoque</span> <span class='ocrx_word' id='word_1_504' title='bbox 2269 2720 2429 2783; x_wconf 89' lang='lat' dir='ltr'>alius</span> <span class='ocrx_word' id='word_1_505' title='bbox 2474 2720 2773 2782; x_wconf 90' lang='lat' dir='ltr'>membris</span> <span class='ocrx_word' id='word_1_506' title='bbox 2810 2738 3089 2782; x_wconf 90' lang='lat' dir='ltr'>mancus.</span> <span class='ocrx_word' id='word_1_507' title='bbox 3128 2743 3158 2777; x_wconf 70' lang='grc' dir='ltr'><strong>υ</strong></span> <span class='ocrx_word' id='word_1_508' title='bbox 3188 2723 3345 2782; x_wconf 90' lang='lat' dir='ltr'>Tum</span> <span class='ocrx_word' id='word_1_509' title='bbox 3393 2738 3601 2796; x_wconf 88' lang='lat' dir='ltr'>causa,</span> 
     </span>
    </p>
   </div>
   <div class='ocr_carea' id='block_1_75' title="bbox 2024 2820 3603 2900">
    <p class='ocr_par' dir='ltr' id='par_1_75' title="bbox 2024 2820 3603 2900">
     <span class='ocr_line' id='line_1_75' title="bbox 2024 2820 3603 2900; baseline 0.002 -18"><span class='ocrx_word' id='word_1_510' title='bbox 2024 2839 2139 2883; x_wconf 90' lang='lat' dir='ltr'>cur</span> <span class='ocrx_word' id='word_1_511' title='bbox 2163 2821 2463 2900; x_wconf 85' lang='lat' dir='ltr'>Eulogius</span> <span class='ocrx_word' id='word_1_512' title='bbox 2506 2820 2859 2883; x_wconf 90' lang='lat' dir='ltr'>mutilatum</span> <span class='ocrx_word' id='word_1_513' title='bbox 2911 2821 3232 2883; x_wconf 89' lang='lat' dir='ltr'>hominem</span> <span class='ocrx_word' id='word_1_514' title='bbox 3266 2822 3349 2883; x_wconf 89' lang='lat' dir='ltr'>ad</span> <span class='ocrx_word' id='word_1_515' title='bbox 3379 2839 3603 2885; x_wconf 89' lang='lat' dir='ltr'>mona-</span> 
     </span>
    </p>
   </div>
   <div class='ocr_carea' id='block_1_76' title="bbox 2025 2922 3601 3003">
    <p class='ocr_par' dir='ltr' id='par_1_76' title="bbox 2025 2922 3601 3003">
     <span class='ocr_line' id='line_1_76' title="bbox 2025 2922 3601 3003; baseline 0.003 -21"><span class='ocrx_word' id='word_1_516' title='bbox 2025 2922 2284 2983; x_wconf 91' lang='lat' dir='ltr'>sterium</span> <span class='ocrx_word' id='word_1_517' title='bbox 2321 2946 2349 2977; x_wconf 83' lang='lat'>«</span> <span class='ocrx_word' id='word_1_518' title='bbox 2383 2923 2588 3000; x_wconf 88' lang='lat' dir='ltr'>Magni</span> <span class='ocrx_word' id='word_1_519' title='bbox 2623 2945 2651 2978; x_wconf 68' lang='grc' dir='ltr'><strong>η</strong></span> <span class='ocrx_word' id='word_1_520' title='bbox 2692 2922 3044 2997; x_wconf 84' lang='lat' dir='ltr'>adduxerit,</span> <span class='ocrx_word' id='word_1_521' title='bbox 3090 2923 3373 3003; x_wconf 82' lang='lat' dir='ltr'>exposita</span> <span class='ocrx_word' id='word_1_522' title='bbox 3400 2923 3601 2986; x_wconf 88' lang='lat' dir='ltr'>Palla-</span> 
     </span>
    </p>
   </div>
   <div class='ocr_carea' id='block_1_77' title="bbox 2024 3022 3605 3103">
    <p class='ocr_par' dir='ltr' id='par_1_77' title="bbox 2024 3022 3605 3103">
     <span class='ocr_line' id='line_1_77' title="bbox 2024 3022 3605 3103; baseline 0.003 -20"><span class='ocrx_word' id='word_1_523' title='bbox 2024 3022 2165 3084; x_wconf 92' lang='lat' dir='ltr'>dius</span> <span class='ocrx_word' id='word_1_524' title='bbox 2197 3022 2281 3084; x_wconf 88' lang='lat' dir='ltr'>ita</span> <span class='ocrx_word' id='word_1_525' title='bbox 2309 3024 2553 3103; x_wconf 86' lang='lat' dir='ltr'>pergit:</span> <span class='ocrx_word' id='word_1_526' title='bbox 2588 3047 2616 3079; x_wconf 77' lang='grc' dir='ltr'><strong><em>α</em></strong></span> <span class='ocrx_word' id='word_1_527' title='bbox 2639 3024 2878 3098; x_wconf 89' lang='lat' dir='ltr'>Evenit,</span> <span class='ocrx_word' id='word_1_528' title='bbox 2902 3030 2972 3085; x_wconf 92' lang='lat' dir='ltr'>ut</span> <span class='ocrx_word' id='word_1_529' title='bbox 2990 3022 3187 3085; x_wconf 92' lang='lat' dir='ltr'>altero</span> <span class='ocrx_word' id='word_1_530' title='bbox 3220 3024 3322 3085; x_wconf 90' lang='lat' dir='ltr'>die</span> <span class='ocrx_word' id='word_1_531' title='bbox 3341 3042 3605 3103; x_wconf 85' lang='lat' dir='ltr'>magnus</span> 
     </span>
    </p>
   </div>
   <div class='ocr_carea' id='block_1_78' title="bbox 2027 3125 3603 3206">
    <p class='ocr_par' dir='ltr' id='par_1_78' title="bbox 2027 3125 3603 3206">
     <span class='ocr_line' id='line_1_78' title="bbox 2027 3125 3603 3206; baseline 0.003 -21"><span class='ocrx_word' id='word_1_532' title='bbox 2027 3125 2355 3201; x_wconf 85' lang='lat' dir='ltr'>Antonius,</span> <span class='ocrx_word' id='word_1_533' title='bbox 2394 3125 2749 3206; x_wconf 87' lang='lat' dir='ltr'>chlamyde,</span> <span class='ocrx_word' id='word_1_534' title='bbox 2803 3127 2963 3189; x_wconf 88' lang='lat' dir='ltr'>sicut</span> <span class='ocrx_word' id='word_1_535' title='bbox 3005 3128 3266 3190; x_wconf 90' lang='lat' dir='ltr'>Cronius</span> <span class='ocrx_word' id='word_1_536' title='bbox 3312 3129 3603 3206; x_wconf 88' lang='lat' dir='ltr'>narravit,</span> 
     </span>
    </p>
   </div>
   <div class='ocr_carea' id='block_1_79' title="bbox 2021 3226 3603 3314">
    <p class='ocr_par' dir='ltr' id='par_1_79' title="bbox 2021 3226 3603 3314">
     <span class='ocr_line' id='line_1_79' title="bbox 2021 3226 3603 3314; baseline 0.004 -25"><span class='ocrx_word' id='word_1_537' title='bbox 2021 3226 2290 3307; x_wconf 88' lang='lat' dir='ltr'>pellicea</span> <span class='ocrx_word' id='word_1_538' title='bbox 2332 3228 2597 3291; x_wconf 87' lang='lat' dir='ltr'>amictus</span> <span class='ocrx_word' id='word_1_539' title='bbox 2626 3246 2768 3291; x_wconf 90' lang='lat' dir='ltr'>sero</span> <span class='ocrx_word' id='word_1_540' title='bbox 2816 3230 3062 3310; x_wconf 89' lang='lat' dir='ltr'>vesperi</span> <span class='ocrx_word' id='word_1_541' title='bbox 3090 3231 3351 3292; x_wconf 88' lang='lat' dir='ltr'>veniret.</span> <span class='ocrx_word' id='word_1_542' title='bbox 3404 3236 3603 3314; x_wconf 80' lang='lat' dir='ltr'>Atque</span> 
     </span>
    </p>
   </div>
   <div class='ocr_carea' id='block_1_80' title="bbox 2016 3329 3605 3409">
    <p class='ocr_par' dir='ltr' id='par_1_80' title="bbox 2016 3329 3605 3409">
     <span class='ocr_line' id='line_1_80' title="bbox 2016 3329 3605 3409; baseline 0.004 -18"><span class='ocrx_word' id='word_1_543' title='bbox 2016 3329 2339 3409; x_wconf 89' lang='lat' dir='ltr'>ingressus</span> <span class='ocrx_word' id='word_1_544' title='bbox 2374 3336 2468 3393; x_wconf 88' lang='lat' dir='ltr'>est</span> <span class='ocrx_word' id='word_1_545' title='bbox 2503 3332 2954 3394; x_wconf 88' lang='lat' dir='ltr'>monasterium</span> <span class='ocrx_word' id='word_1_546' title='bbox 2982 3350 3190 3394; x_wconf 89' lang='lat' dir='ltr'>suum.</span> <span class='ocrx_word' id='word_1_547' title='bbox 3224 3334 3354 3395; x_wconf 88' lang='lat' dir='ltr'>Hac</span> <span class='ocrx_word' id='word_1_548' title='bbox 3393 3340 3605 3397; x_wconf 91' lang='lat' dir='ltr'>autem</span> 
     </span>
    </p>
   </div>
   <div class='ocr_carea' id='block_1_81' title="bbox 2017 3429 3601 3513">
    <p class='ocr_par' dir='ltr' id='par_1_81' title="bbox 2017 3429 3601 3513">
     <span class='ocr_line' id='line_1_81' title="bbox 2017 3429 3601 3513; baseline 0.006 -23"><span class='ocrx_word' id='word_1_549' title='bbox 2017 3429 2084 3490; x_wconf 91' lang='lat' dir='ltr'>in</span> <span class='ocrx_word' id='word_1_550' title='bbox 2120 3429 2387 3492; x_wconf 88' lang='lat' dir='ltr'>Macario</span> <span class='ocrx_word' id='word_1_551' title='bbox 2416 3430 2726 3511; x_wconf 91' lang='lat' dir='ltr'>discipulo</span> <span class='ocrx_word' id='word_1_552' title='bbox 2771 3450 2887 3493; x_wconf 93' lang='lat' dir='ltr'>suo</span> <span class='ocrx_word' id='word_1_553' title='bbox 2928 3432 3009 3495; x_wconf 93' lang='lat' dir='ltr'>de</span> <span class='ocrx_word' id='word_1_554' title='bbox 3049 3433 3148 3508; x_wconf 90' lang='lat' dir='ltr'>iis,</span> <span class='ocrx_word' id='word_1_555' title='bbox 3181 3435 3289 3513; x_wconf 92' lang='lat' dir='ltr'>qui</span> <span class='ocrx_word' id='word_1_556' title='bbox 3325 3435 3601 3499; x_wconf 88' lang='lat' dir='ltr'>advene-</span> 
     </span>
    </p>
   </div>
   <div class='ocr_carea' id='block_1_82' title="bbox 2016 3532 3599 3613">
    <p class='ocr_par' dir='ltr' id='par_1_82' title="bbox 2016 3532 3599 3613">
     <span class='ocr_line' id='line_1_82' title="bbox 2016 3532 3599 3613; baseline 0.004 -21"><span class='ocrx_word' id='word_1_557' title='bbox 2016 3538 2178 3605; x_wconf 91' lang='lat' dir='ltr'>rant,</span> <span class='ocrx_word' id='word_1_558' title='bbox 2234 3532 2681 3611; x_wconf 90' lang='lat' dir='ltr'>interrogando</span> <span class='ocrx_word' id='word_1_559' title='bbox 2747 3536 3039 3595; x_wconf 89' lang='lat' dir='ltr'>utebatur</span> <span class='ocrx_word' id='word_1_560' title='bbox 3113 3538 3599 3613; x_wconf 90' lang='lat' dir='ltr'>consuetudine,</span> 
     </span>
    </p>
   </div>
   <div class='ocr_carea' id='block_1_83' title="bbox 2017 3633 3600 3715">
    <p class='ocr_par' dir='ltr' id='par_1_83' title="bbox 2017 3633 3600 3715">
     <span class='ocr_line' id='line_1_83' title="bbox 2017 3633 3600 3715; baseline 0.005 -22"><span class='ocrx_word' id='word_1_561' title='bbox 2017 3638 2088 3694; x_wconf 95' lang='lat' dir='ltr'>ut</span> <span class='ocrx_word' id='word_1_562' title='bbox 2116 3633 2462 3697; x_wconf 88' lang='lat' dir='ltr'>monachos</span> <span class='ocrx_word' id='word_1_563' title='bbox 2490 3643 2738 3696; x_wconf 88' lang='lat' dir='ltr'>vocaret</span> <span class='ocrx_word' id='word_1_564' title='bbox 2786 3636 3413 3715; x_wconf 85' lang='lat' dir='ltr'>Hierosolymitanos,</span> <span class='ocrx_word' id='word_1_565' title='bbox 3461 3657 3600 3701; x_wconf 91' lang='lat' dir='ltr'>sae-</span> 
     </span>
    </p>
   </div>
   <div class='ocr_carea' id='block_1_84' title="bbox 2018 3732 3602 3814">
    <p class='ocr_par' dir='ltr' id='par_1_84' title="bbox 2018 3732 3602 3814">
     <span class='ocr_line' id='line_1_84' title="bbox 2018 3732 3602 3814; baseline 0.004 -19"><span class='ocrx_word' id='word_1_566' title='bbox 2018 3732 2261 3795; x_wconf 89' lang='lat' dir='ltr'>culares</span> <span class='ocrx_word' id='word_1_567' title='bbox 2277 3750 2428 3795; x_wconf 90' lang='lat' dir='ltr'>vero</span> <span class='ocrx_word' id='word_1_568' title='bbox 2455 3735 2817 3814; x_wconf 88' lang='lat' dir='ltr'>Aegyptios.</span> <span class='ocrx_word' id='word_1_569' title='bbox 2840 3737 3096 3811; x_wconf 86' lang='lat' dir='ltr'>Magnus</span> <span class='ocrx_word' id='word_1_570' title='bbox 3120 3736 3309 3813; x_wconf 83' lang='lat' dir='ltr'>igitur</span> <span class='ocrx_word' id='word_1_571' title='bbox 3335 3756 3347 3796; x_wconf 95' lang='lat'>:</span> <span class='ocrx_word' id='word_1_572' title='bbox 3377 3740 3602 3802; x_wconf 92' lang='lat' dir='ltr'>Macari</span> 
     </span>
    </p>
   </div>
   <div class='ocr_carea' id='block_1_85' title="bbox 2017 3832 3604 3916">
    <p class='ocr_par' dir='ltr' id='par_1_85' title="bbox 2017 3832 3604 3916">
     <span class='ocr_line' id='line_1_85' title="bbox 2017 3832 3604 3916; baseline 0.006 -23"><span class='ocrx_word' id='word_1_573' title='bbox 2017 3832 2231 3907; x_wconf 83' lang='lat' dir='ltr'>frater,</span> <span class='ocrx_word' id='word_1_574' title='bbox 2262 3832 2492 3913; x_wconf 90' lang='lat' dir='ltr'>inquit,</span> <span class='ocrx_word' id='word_1_575' title='bbox 2521 3840 2915 3896; x_wconf 90' lang='lat' dir='ltr'>veneruntne</span> <span class='ocrx_word' id='word_1_576' title='bbox 2952 3834 3076 3897; x_wconf 90' lang='lat' dir='ltr'>huc</span> <span class='ocrx_word' id='word_1_577' title='bbox 3108 3836 3302 3916; x_wconf 88' lang='lat' dir='ltr'>aliqui</span> <span class='ocrx_word' id='word_1_578' title='bbox 3336 3838 3604 3903; x_wconf 69' lang='lat' dir='ltr'>fratres?</span> 
     </span>
    </p>
   </div>
   <div class='ocr_carea' id='block_1_86' title="bbox 2017 3934 3599 4022">
    <p class='ocr_par' dir='ltr' id='par_1_86' title="bbox 2017 3934 3599 4022">
     <span class='ocr_line' id='line_1_86' title="bbox 2017 3934 3599 4022; baseline 0.006 -27"><span class='ocrx_word' id='word_1_579' title='bbox 2017 3934 2412 4014; x_wconf 81' lang='lat' dir='ltr'>Respondit:</span> <span class='ocrx_word' id='word_1_580' title='bbox 2443 3935 2786 3996; x_wconf 73' lang='lat' dir='ltr'>Venerunt.</span> <span class='ocrx_word' id='word_1_581' title='bbox 2820 3935 2931 3997; x_wconf 90' lang='lat' dir='ltr'>Ille</span> <span class='ocrx_word' id='word_1_582' title='bbox 2961 3953 2974 3996; x_wconf 91' lang='lat'><strong>:</strong></span> <span class='ocrx_word' id='word_1_583' title='bbox 3011 3937 3249 4000; x_wconf 89' lang='lat' dir='ltr'>Suntne</span> <span class='ocrx_word' id='word_1_584' title='bbox 3288 3941 3599 4022; x_wconf 83' lang='lat' dir='ltr'>Aegyptii,</span> 
     </span>
    </p>
   </div>
   <div class='ocr_carea' id='block_1_87' title="bbox 2017 4034 3597 4117">
    <p class='ocr_par' dir='ltr' id='par_1_87' title="bbox 2017 4034 3597 4117">
     <span class='ocr_line' id='line_1_87' title="bbox 2017 4034 3597 4117; baseline 0.004 -19"><span class='ocrx_word' id='word_1_585' title='bbox 2017 4054 2099 4098; x_wconf 88' lang='lat' dir='ltr'>an</span> <span class='ocrx_word' id='word_1_586' title='bbox 2136 4034 2739 4113; x_wconf 78' lang='lat' dir='ltr'>Hierosolymitani?</span> <span class='ocrx_word' id='word_1_587' title='bbox 2778 4038 2977 4117; x_wconf 90' lang='lat' dir='ltr'>Eique</span> <span class='ocrx_word' id='word_1_588' title='bbox 3022 4038 3269 4117; x_wconf 90' lang='lat' dir='ltr'>signum</span> <span class='ocrx_word' id='word_1_589' title='bbox 3317 4040 3597 4117; x_wconf 89' lang='lat' dir='ltr'>dederat,</span> 
     </span>
    </p>
   </div>
   <div class='ocr_carea' id='block_1_88' title="bbox 2017 4137 3602 4223">
    <p class='ocr_par' dir='ltr' id='par_1_88' title="bbox 2017 4137 3602 4223">
     <span class='ocr_line' id='line_1_88' title="bbox 2017 4137 3602 4223; baseline 0.004 -24"><span class='ocrx_word' id='word_1_590' title='bbox 2017 4144 2088 4200; x_wconf 92' lang='lat' dir='ltr'>ut</span> <span class='ocrx_word' id='word_1_591' title='bbox 2114 4155 2245 4211; x_wconf 91' lang='lat' dir='ltr'>eos,</span> <span class='ocrx_word' id='word_1_592' title='bbox 2278 4137 2508 4218; x_wconf 89' lang='lat' dir='ltr'>quibus</span> <span class='ocrx_word' id='word_1_593' title='bbox 2538 4137 2748 4201; x_wconf 92' lang='lat' dir='ltr'>minus</span> <span class='ocrx_word' id='word_1_594' title='bbox 2778 4139 3014 4218; x_wconf 89' lang='lat' dir='ltr'>negotii</span> <span class='ocrx_word' id='word_1_595' title='bbox 3044 4147 3228 4215; x_wconf 88' lang='lat' dir='ltr'>esset,</span> <span class='ocrx_word' id='word_1_596' title='bbox 3261 4144 3602 4223; x_wconf 86' lang='lat' dir='ltr'>Aegyptios</span> 
     </span>
    </p>
   </div>
   <div class='ocr_carea' id='block_1_89' title="bbox 2020 4238 3601 4324">
    <p class='ocr_par' dir='ltr' id='par_1_89' title="bbox 2020 4238 3601 4324">
     <span class='ocr_line' id='line_1_89' title="bbox 2020 4238 3601 4324; baseline 0.004 -24"><span class='ocrx_word' id='word_1_597' title='bbox 2020 4256 2159 4300; x_wconf 91' lang='lat' dir='ltr'>esse</span> <span class='ocrx_word' id='word_1_598' title='bbox 2202 4238 2460 4301; x_wconf 89' lang='lat' dir='ltr'>diceret.</span> <span class='ocrx_word' id='word_1_599' title='bbox 2496 4242 2697 4319; x_wconf 84' lang='lat' dir='ltr'>Atque</span> <span class='ocrx_word' id='word_1_600' title='bbox 2740 4240 2818 4301; x_wconf 91' lang='lat' dir='ltr'>ad</span> <span class='ocrx_word' id='word_1_601' title='bbox 2858 4241 3199 4320; x_wconf 82' lang='lat' dir='ltr'>Aegyptios</span> <span class='ocrx_word' id='word_1_602' title='bbox 3236 4244 3407 4322; x_wconf 90' lang='lat' dir='ltr'>quod</span> <span class='ocrx_word' id='word_1_603' title='bbox 3454 4262 3601 4324; x_wconf 89' lang='lat' dir='ltr'>spe-</span> 
     </span>
    </p>
   </div>
   <div class='ocr_carea' id='block_1_90' title="bbox 2019 4336 3604 4416">
    <p class='ocr_par' dir='ltr' id='par_1_90' title="bbox 2019 4336 3604 4416">
     <span class='ocr_line' id='line_1_90' title="bbox 2019 4336 3604 4416; baseline 0.002 -18"><span class='ocrx_word' id='word_1_604' title='bbox 2019 4342 2160 4409; x_wconf 88' lang='lat' dir='ltr'>ctat,</span> <span class='ocrx_word' id='word_1_605' title='bbox 2201 4336 2509 4398; x_wconf 88' lang='lat' dir='ltr'>Macario:</span> <span class='ocrx_word' id='word_1_606' title='bbox 2541 4337 2716 4409; x_wconf 89' lang='lat' dir='ltr'>Para,</span> <span class='ocrx_word' id='word_1_607' title='bbox 2749 4336 2976 4416; x_wconf 92' lang='lat' dir='ltr'>inquit,</span> <span class='ocrx_word' id='word_1_608' title='bbox 3010 4336 3274 4413; x_wconf 90' lang='lat' dir='ltr'>lentem,</span> <span class='ocrx_word' id='word_1_609' title='bbox 3312 4346 3373 4399; x_wconf 93' lang='lat' dir='ltr'>et</span> <span class='ocrx_word' id='word_1_610' title='bbox 3415 4339 3491 4400; x_wconf 91' lang='lat' dir='ltr'>da</span> <span class='ocrx_word' id='word_1_611' title='bbox 3527 4340 3604 4402; x_wconf 92' lang='lat' dir='ltr'>iis</span> 
     </span>
    </p>
   </div>
   <div class='ocr_carea' id='block_1_91' title="bbox 2018 4438 3599 4517">
    <p class='ocr_par' dir='ltr' id='par_1_91' title="bbox 2018 4438 3599 4517">
     <span class='ocr_line' id='line_1_91' title="bbox 2018 4438 3599 4517; baseline 0.001 -16"><span class='ocrx_word' id='word_1_612' title='bbox 2018 4439 2375 4501; x_wconf 92' lang='lat' dir='ltr'>comedere.</span> <span class='ocrx_word' id='word_1_613' title='bbox 2399 4438 2637 4499; x_wconf 90' lang='lat' dir='ltr'>Deinde</span> <span class='ocrx_word' id='word_1_614' title='bbox 2667 4456 2810 4499; x_wconf 91' lang='lat' dir='ltr'>cum</span> <span class='ocrx_word' id='word_1_615' title='bbox 2836 4438 2912 4499; x_wconf 93' lang='lat' dir='ltr'>iis</span> <span class='ocrx_word' id='word_1_616' title='bbox 2935 4439 3283 4502; x_wconf 86' lang='lat' dir='ltr'>orationem</span> <span class='ocrx_word' id='word_1_617' title='bbox 3312 4440 3599 4517; x_wconf 83' lang='lat' dir='ltr'>faciebat,</span> 
     </span>
    </p>
   </div>
   <div class='ocr_carea' id='block_1_92' title="bbox 1948 4539 3604 4619">
    <p class='ocr_par' dir='ltr' id='par_1_92' title="bbox 1948 4539 3604 4619">
     <span class='ocr_line' id='line_1_92' title="bbox 1948 4539 3604 4619; baseline 0.005 -22"><span class='ocrx_word' id='word_1_618' title='bbox 1948 4541 1994 4597; x_wconf 88' lang='lat' dir='ltr'><strong>D</strong></span> <span class='ocrx_word' id='word_1_619' title='bbox 2024 4557 2263 4619; x_wconf 91' lang='lat' dir='ltr'>eosque</span> <span class='ocrx_word' id='word_1_620' title='bbox 2312 4539 2683 4601; x_wconf 89' lang='lat' dir='ltr'>dimittebat.</span> <span class='ocrx_word' id='word_1_621' title='bbox 2727 4542 2902 4602; x_wconf 89' lang='lat' dir='ltr'>Tunc</span> <span class='ocrx_word' id='word_1_622' title='bbox 2942 4542 3247 4603; x_wconf 90' lang='lat' dir='ltr'>Macarius</span> <span class='ocrx_word' id='word_1_623' title='bbox 3289 4543 3367 4604; x_wconf 94' lang='lat' dir='ltr'>de</span> <span class='ocrx_word' id='word_1_624' title='bbox 3421 4544 3604 4606; x_wconf 90' lang='lat' dir='ltr'>nobis</span> 
     </span>
    </p>
   </div>
   <div class='ocr_carea' id='block_1_93' title="bbox 2025 4639 3600 4720">
    <p class='ocr_par' dir='ltr' id='par_1_93' title="bbox 2025 4639 3600 4720">
     <span class='ocr_line' id='line_1_93' title="bbox 2025 4639 3600 4720; baseline 0.001 -18"><span class='ocrx_word' id='word_1_625' title='bbox 2025 4643 2107 4703; x_wconf 93' lang='lat' dir='ltr'>ob</span> <span class='ocrx_word' id='word_1_626' title='bbox 2138 4640 2488 4703; x_wconf 90' lang='lat' dir='ltr'>mutilatum</span> <span class='ocrx_word' id='word_1_627' title='bbox 2532 4639 2709 4699; x_wconf 89' lang='lat' dir='ltr'>illum</span> <span class='ocrx_word' id='word_1_628' title='bbox 2739 4640 3063 4720; x_wconf 89' lang='lat' dir='ltr'>respondit</span> <span class='ocrx_word' id='word_1_629' title='bbox 3092 4659 3104 4701; x_wconf 93' lang='lat'>:</span> <span class='ocrx_word' id='word_1_630' title='bbox 3147 4642 3317 4703; x_wconf 85' lang='lat' dir='ltr'>Mixti</span> <span class='ocrx_word' id='word_1_631' title='bbox 3350 4644 3600 4704; x_wconf 90' lang='lat' dir='ltr'>adsunt.</span> 
     </span>
    </p>
   </div>
   <div class='ocr_carea' id='block_1_94' title="bbox 2022 4739 3603 4819">
    <p class='ocr_par' dir='ltr' id='par_1_94' title="bbox 2022 4739 3603 4819">
     <span class='ocr_line' id='line_1_94' title="bbox 2022 4739 3603 4819; baseline 0.001 -17"><span class='ocrx_word' id='word_1_632' title='bbox 2022 4742 2130 4802; x_wconf 92' lang='lat' dir='ltr'>Sin</span> <span class='ocrx_word' id='word_1_633' title='bbox 2178 4740 2425 4803; x_wconf 89' lang='lat' dir='ltr'>dicebat</span> <span class='ocrx_word' id='word_1_634' title='bbox 2465 4758 2478 4799; x_wconf 89' lang='lat'>:</span> <span class='ocrx_word' id='word_1_635' title='bbox 2528 4739 3076 4819; x_wconf 82' lang='lat' dir='ltr'>Hierosolymitani</span> <span class='ocrx_word' id='word_1_636' title='bbox 3130 4750 3294 4817; x_wconf 91' lang='lat' dir='ltr'>sunt,</span> <span class='ocrx_word' id='word_1_637' title='bbox 3355 4750 3603 4804; x_wconf 89' lang='lat' dir='ltr'>sanctus</span> 
     </span>
    </p>
   </div>
   <div class='ocr_carea' id='block_1_95' title="bbox 2018 4841 3600 4924">
    <p class='ocr_par' dir='ltr' id='par_1_95' title="bbox 2018 4841 3600 4924">
     <span class='ocr_line' id='line_1_95' title="bbox 2018 4841 3600 4924; baseline -0.001 -19"><span class='ocrx_word' id='word_1_638' title='bbox 2018 4861 2133 4924; x_wconf 92' lang='lat' dir='ltr'>per</span> <span class='ocrx_word' id='word_1_639' title='bbox 2160 4848 2352 4904; x_wconf 91' lang='lat' dir='ltr'>totam</span> <span class='ocrx_word' id='word_1_640' title='bbox 2393 4851 2641 4903; x_wconf 86' lang='lat' dir='ltr'>noctem</span> <span class='ocrx_word' id='word_1_641' title='bbox 2677 4841 2955 4916; x_wconf 89' lang='lat' dir='ltr'>sedebat,</span> <span class='ocrx_word' id='word_1_642' title='bbox 3003 4842 3081 4903; x_wconf 91' lang='lat' dir='ltr'>ad</span> <span class='ocrx_word' id='word_1_643' title='bbox 3126 4859 3386 4921; x_wconf 89' lang='lat' dir='ltr'>eosque,</span> <span class='ocrx_word' id='word_1_644' title='bbox 3437 4860 3600 4921; x_wconf 90' lang='lat' dir='ltr'>quae</span> 
     </span>
    </p>
   </div>
   <div class='ocr_carea' id='block_1_96' title="bbox 2023 4941 3602 5025">
    <p class='ocr_par' dir='ltr' id='par_1_96' title="bbox 2023 4941 3602 5025">
     <span class='ocr_line' id='line_1_96' title="bbox 2023 4941 3602 5025; baseline -0.003 -18"><span class='ocrx_word' id='word_1_645' title='bbox 2023 4945 2099 5007; x_wconf 86' lang='lat' dir='ltr'>ad</span> <span class='ocrx_word' id='word_1_646' title='bbox 2128 4945 2389 5007; x_wconf 88' lang='lat' dir='ltr'>salutem</span> <span class='ocrx_word' id='word_1_647' title='bbox 2432 4944 2772 5025; x_wconf 87' lang='lat' dir='ltr'>pertinent,</span> <span class='ocrx_word' id='word_1_648' title='bbox 2807 4942 3203 5022; x_wconf 85' lang='lat' dir='ltr'>loquebatur.</span> <span class='ocrx_word' id='word_1_649' title='bbox 3236 4941 3347 5002; x_wconf 93' lang='lat' dir='ltr'>Illa</span> <span class='ocrx_word' id='word_1_650' title='bbox 3393 4950 3602 5003; x_wconf 86' lang='lat' dir='ltr'>autem</span> 
     </span>
    </p>
   </div>
   <div class='ocr_carea' id='block_1_97' title="bbox 2022 5041 3600 5128">
    <p class='ocr_par' dir='ltr' id='par_1_97' title="bbox 2022 5041 3600 5128">
     <span class='ocr_line' id='line_1_97' title="bbox 2022 5041 3600 5128; baseline -0.004 -21"><span class='ocrx_word' id='word_1_651' title='bbox 2022 5064 2285 5128; x_wconf 90' lang='lat' dir='ltr'>vespera</span> <span class='ocrx_word' id='word_1_652' title='bbox 2308 5049 2568 5125; x_wconf 83' lang='lat' dir='ltr'>Magnus</span> <span class='ocrx_word' id='word_1_653' title='bbox 2588 5044 2817 5107; x_wconf 86' lang='lat' dir='ltr'>sedens</span> <span class='ocrx_word' id='word_1_654' title='bbox 2840 5060 3060 5105; x_wconf 88' lang='lat' dir='ltr'>omnes</span> <span class='ocrx_word' id='word_1_655' title='bbox 3080 5041 3557 5124; x_wconf 74' lang='lat' dir='ltr'>arcessivit...(4)</span> <span class='ocrx_word' id='word_1_656' title='bbox 3572 5069 3600 5100; x_wconf 76' lang='lat'><strong>»</strong></span> 
     </span>
    </p>
   </div>
   <div class='ocr_carea' id='block_1_98' title="bbox 2103 5188 3601 5271">
    <p class='ocr_par' dir='ltr' id='par_1_98' title="bbox 2103 5188 3601 5271">
     <span class='ocr_line' id='line_1_98' title="bbox 2103 5188 3601 5271; baseline -0.003 -18"><span class='ocrx_word' id='word_1_657' title='bbox 2103 5193 2219 5255; x_wconf 90' lang='lat' dir='ltr'>Hic</span> <span class='ocrx_word' id='word_1_658' title='bbox 2244 5194 2431 5271; x_wconf 88' lang='lat' dir='ltr'>igitur</span> <span class='ocrx_word' id='word_1_659' title='bbox 2458 5193 2761 5255; x_wconf 88' lang='lat' dir='ltr'>Macarius</span> <span class='ocrx_word' id='word_1_660' title='bbox 2781 5192 2842 5251; x_wconf 92' lang='lat' dir='ltr'>S.</span> <span class='ocrx_word' id='word_1_661' title='bbox 2872 5188 3125 5250; x_wconf 90' lang='lat' dir='ltr'>Antonii</span> <span class='ocrx_word' id='word_1_662' title='bbox 3154 5188 3440 5250; x_wconf 89' lang='lat' dir='ltr'>minister</span> <span class='ocrx_word' id='word_1_663' title='bbox 3464 5188 3601 5261; x_wconf 87' lang='lat' dir='ltr'>fuit,</span> 
     </span>
    </p>
   </div>
   <div class='ocr_carea' id='block_1_99' title="bbox 2027 5289 3603 5376">
    <p class='ocr_par' dir='ltr' id='par_1_99' title="bbox 2027 5289 3603 5376">
     <span class='ocr_line' id='line_1_99' title="bbox 2027 5289 3603 5376; baseline -0.005 -19"><span class='ocrx_word' id='word_1_664' title='bbox 2027 5301 2217 5376; x_wconf 90' lang='lat' dir='ltr'>atque</span> <span class='ocrx_word' id='word_1_665' title='bbox 2236 5298 2302 5356; x_wconf 85' lang='lat' dir='ltr'>in</span> <span class='ocrx_word' id='word_1_666' title='bbox 2328 5294 2640 5357; x_wconf 88' lang='lat' dir='ltr'>coenobio</span> <span class='ocrx_word' id='word_1_667' title='bbox 2664 5291 3061 5373; x_wconf 88' lang='lat' dir='ltr'>Pispiritano,</span> <span class='ocrx_word' id='word_1_668' title='bbox 3086 5289 3257 5371; x_wconf 90' lang='lat' dir='ltr'>quod</span> <span class='ocrx_word' id='word_1_669' title='bbox 3288 5296 3603 5370; x_wconf 88' lang='lat' dir='ltr'>estprope</span> 
     </span>
    </p>
   </div>
   <div class='ocr_carea' id='block_1_100' title="bbox 2035 5506 3608 5580">
    <p class='ocr_par' dir='ltr' id='par_1_100' title="bbox 2035 5506 3608 5580">
     <span class='ocr_line' id='line_1_100' title="bbox 2035 5506 3608 5580; baseline -0.004 -12"><span class='ocrx_word' id='word_1_670' title='bbox 2035 5513 2451 5568; x_wconf 74' lang='lat' dir='ltr'>Vindobonensis</span> <span class='ocrx_word' id='word_1_671' title='bbox 2500 5512 2659 5580; x_wconf 76' lang='lat' dir='ltr'>ﬁdem</span> <span class='ocrx_word' id='word_1_672' title='bbox 2693 5509 2914 5564; x_wconf 80' lang='lat' dir='ltr'>breviter</span> <span class='ocrx_word' id='word_1_673' title='bbox 2943 5506 3267 5563; x_wconf 79' lang='lat' dir='ltr'>delineatam</span> <span class='ocrx_word' id='word_1_674' title='bbox 3312 5506 3454 5560; x_wconf 84' lang='lat' dir='ltr'>infra</span> <span class='ocrx_word' id='word_1_675' title='bbox 3501 5520 3608 5562; x_wconf 77' lang='lat' dir='ltr'>no-</span> 
     </span>
    </p>
   </div>
   <div class='ocr_carea' id='block_1_101' title="bbox 2026 5596 3493 5668">
    <p class='ocr_par' dir='ltr' id='par_1_101' title="bbox 2026 5596 3493 5668">
     <span class='ocr_line' id='line_1_101' title="bbox 2026 5596 3493 5668; baseline -0.006 -9"><span class='ocrx_word' id='word_1_676' title='bbox 2026 5616 2173 5660; x_wconf 79' lang='lat' dir='ltr'>strae</span> <span class='ocrx_word' id='word_1_677' title='bbox 2205 5601 2429 5657; x_wconf 90' lang='lat' dir='ltr'>editioni</span> <span class='ocrx_word' id='word_1_678' title='bbox 2461 5599 2735 5655; x_wconf 83' lang='lat' dir='ltr'>Historiae</span> <span class='ocrx_word' id='word_1_679' title='bbox 2768 5598 3073 5653; x_wconf 83' lang='lat' dir='ltr'>Lausiacae</span> <span class='ocrx_word' id='word_1_680' title='bbox 3106 5596 3493 5668; x_wconf 82' lang='lat' dir='ltr'>praepositam.</span> 
     </span>
    </p>
   </div>
   <div class='ocr_carea' id='block_1_102' title="bbox 2098 5688 3607 5767">
    <p class='ocr_par' dir='ltr' id='par_1_102' title="bbox 2098 5688 3607 5767">
     <span class='ocr_line' id='line_1_102' title="bbox 2098 5688 3607 5767; baseline -0.005 -17"><span class='ocrx_word' id='word_1_681' title='bbox 2098 5697 2175 5767; x_wconf 68' lang='lat'>(4-)</span> <span class='ocrx_word' id='word_1_682' title='bbox 2205 5697 2412 5752; x_wconf 83' lang='lat' dir='ltr'>Textus</span> <span class='ocrx_word' id='word_1_683' title='bbox 2444 5710 2677 5763; x_wconf 74' lang='lat' dir='ltr'>graecus</span> <span class='ocrx_word' id='word_1_684' title='bbox 2713 5700 2801 5747; x_wconf 86' lang='lat' dir='ltr'>est</span> <span class='ocrx_word' id='word_1_685' title='bbox 2831 5691 2976 5746; x_wconf 84' lang='lat' dir='ltr'>infra</span> <span class='ocrx_word' id='word_1_686' title='bbox 3009 5691 3063 5745; x_wconf 90' lang='lat' dir='ltr'>in</span> <span class='ocrx_word' id='word_1_687' title='bbox 3093 5691 3286 5745; x_wconf 83' lang='lat' dir='ltr'>harum</span> <span class='ocrx_word' id='word_1_688' title='bbox 3311 5688 3607 5755; x_wconf 82' lang='lat' dir='ltr'>Quaestio-</span> 
     </span>
    </p>
   </div>
   <div class='ocr_carea' id='block_1_103' title="bbox 2026 5780 3075 5857">
    <p class='ocr_par' dir='ltr' id='par_1_103' title="bbox 2026 5780 3075 5857">
     <span class='ocr_line' id='line_1_103' title="bbox 2026 5780 3075 5857; baseline -0.006 -15"><span class='ocrx_word' id='word_1_689' title='bbox 2026 5802 2155 5843; x_wconf 89' lang='lat' dir='ltr'>num</span> <span class='ocrx_word' id='word_1_690' title='bbox 2186 5786 2501 5857; x_wconf 85' lang='lat' dir='ltr'>Appcndice</span> <span class='ocrx_word' id='word_1_691' title='bbox 2532 5786 2718 5856; x_wconf 87' lang='lat' dir='ltr'>priore</span> <span class='ocrx_word' id='word_1_692' title='bbox 2749 5783 2854 5839; x_wconf 89' lang='lat' dir='ltr'>sub</span> <span class='ocrx_word' id='word_1_693' title='bbox 2889 5780 2978 5847; x_wconf 89' lang='lat' dir='ltr'>Ill,</span> <span class='ocrx_word' id='word_1_694' title='bbox 3020 5783 3075 5837; x_wconf 72' lang='lat'>9..</span> 
     </span>
    </p>
   </div>
  </div>
