  <div class='ocr_page' id='page_1' title='image "/cluster/home/n/w/nwhite01/storage/ocr_20150623/34/coo.31924054869312/065.png"; bbox 0 0 4046 6442; ppageno 0'>
   <div class='ocr_carea' id='block_1_1' title="bbox 560 378 3885 455">
    <p class='ocr_par' dir='ltr' id='par_1_1' title="bbox 560 378 3885 455">
     <span class='ocr_line' id='line_1_1' title="bbox 560 378 3885 455; baseline 0.003 -19"><span class='ocrx_word' id='word_1_1' title='bbox 560 381 664 437; x_wconf 73' lang='grc'>105</span> <span class='ocrx_word' id='word_1_2' title='bbox 1375 382 1478 437; x_wconf 86' lang='lat' dir='ltr'>SS.</span> <span class='ocrx_word' id='word_1_3' title='bbox 1513 378 1974 436; x_wconf 72' lang='lat' dir='ltr'>MACARIORUM</span> <span class='ocrx_word' id='word_1_4' title='bbox 2011 378 2335 434; x_wconf 77' lang='lat' dir='ltr'>AEGYPTII</span> <span class='ocrx_word' id='word_1_5' title='bbox 2377 382 2467 437; x_wconf 82' lang='lat' dir='ltr'><strong>ET</strong></span> <span class='ocrx_word' id='word_1_6' title='bbox 2516 384 2989 441; x_wconf 75' lang='lat' dir='ltr'>ALEXANDRINI</span> <span class='ocrx_word' id='word_1_7' title='bbox 3758 390 3885 455; x_wconf 18' lang='grc'>105»</span> 
     </span>
    </p>
   </div>
   <div class='ocr_carea' id='block_1_2' title="bbox 550 491 3857 577">
    <p class='ocr_par' dir='ltr' id='par_1_2' title="bbox 550 491 3857 577">
     <span class='ocr_line' id='line_1_2' title="bbox 550 491 3857 577; baseline 0.004 -22"><span class='ocrx_word' id='word_1_8' title='bbox 550 491 1035 569; x_wconf 85' lang='lat' dir='ltr'>mareRubrum,</span> <span class='ocrx_word' id='word_1_9' title='bbox 1067 492 1388 569; x_wconf 78' lang='lat' dir='ltr'>habitavit,</span> <span class='ocrx_word' id='word_1_10' title='bbox 1420 494 1704 557; x_wconf 85' lang='lat' dir='ltr'>Macariis</span> <span class='ocrx_word' id='word_1_11' title='bbox 1736 495 2044 575; x_wconf 78' lang='lat' dir='ltr'>Aegyptio</span> <span class='ocrx_word' id='word_1_12' title='bbox 2076 500 2138 555; x_wconf 87' lang='lat' dir='ltr'>et</span> <span class='ocrx_word' id='word_1_13' title='bbox 2164 512 2215 569; x_wconf 72' lang='grc' dir='ltr'><strong>Α</strong></span> <span class='ocrx_word' id='word_1_14' title='bbox 2241 497 2397 558; x_wconf 91' lang='lat' dir='ltr'>toris</span> <span class='ocrx_word' id='word_1_15' title='bbox 2447 498 2709 577; x_wconf 85' lang='lat' dir='ltr'>ﬁguram</span> <span class='ocrx_word' id='word_1_16' title='bbox 2755 500 3087 563; x_wconf 83' lang='lat' dir='ltr'>simulavit.</span> <span class='ocrx_word' id='word_1_17' title='bbox 3128 502 3303 565; x_wconf 90' lang='lat' dir='ltr'>Unus</span> <span class='ocrx_word' id='word_1_18' title='bbox 3339 509 3568 565; x_wconf 90' lang='lat' dir='ltr'>autem</span> <span class='ocrx_word' id='word_1_19' title='bbox 3600 501 3808 567; x_wconf 89' lang='lat' dir='ltr'>accito</span> <span class='ocrx_word' id='word_1_20' title='bbox 3844 524 3857 567; x_wconf 93' lang='lat'>:</span> 
     </span>
    </p>
   </div>
   <div class='ocr_carea' id='block_1_3' title="bbox 550 594 3862 681">
    <p class='ocr_par' dir='ltr' id='par_1_3' title="bbox 550 594 3862 681">
     <span class='ocr_line' id='line_1_3' title="bbox 550 594 3862 681; baseline 0.003 -24"><span class='ocrx_word' id='word_1_21' title='bbox 550 594 974 657; x_wconf 78' lang='lat' dir='ltr'>Alexandrino</span> <span class='ocrx_word' id='word_1_22' title='bbox 1038 595 1105 657; x_wconf 92' lang='lat' dir='ltr'>in</span> <span class='ocrx_word' id='word_1_23' title='bbox 1158 595 1387 657; x_wconf 89' lang='lat' dir='ltr'>eremis</span> <span class='ocrx_word' id='word_1_24' title='bbox 1450 595 1681 675; x_wconf 84' lang='lat' dir='ltr'>Libyae</span> <span class='ocrx_word' id='word_1_25' title='bbox 1738 595 2135 673; x_wconf 81' lang='lat' dir='ltr'>degentibus.</span> <span class='ocrx_word' id='word_1_26' title='bbox 2245 599 2471 661; x_wconf 83' lang='lat' dir='ltr'>Dilexit</span> <span class='ocrx_word' id='word_1_27' title='bbox 2501 608 2587 674; x_wconf 86' lang='lat' dir='ltr'>te,</span> <span class='ocrx_word' id='word_1_28' title='bbox 2619 601 2851 681; x_wconf 91' lang='lat' dir='ltr'>inquit,</span> <span class='ocrx_word' id='word_1_29' title='bbox 2880 602 3159 666; x_wconf 90' lang='lat' dir='ltr'>Christus</span> <span class='ocrx_word' id='word_1_30' title='bbox 3190 605 3273 666; x_wconf 91' lang='lat' dir='ltr'>ob</span> <span class='ocrx_word' id='word_1_31' title='bbox 3304 606 3475 667; x_wconf 82' lang='lat' dir='ltr'>vitae</span> <span class='ocrx_word' id='word_1_32' title='bbox 3510 610 3662 667; x_wconf 90' lang='lat' dir='ltr'>tuae</span> <span class='ocrx_word' id='word_1_33' title='bbox 3693 606 3862 669; x_wconf 89' lang='lat' dir='ltr'>inte-</span> 
     </span>
    </p>
   </div>
   <div class='ocr_carea' id='block_1_4' title="bbox 550 697 3866 784">
    <p class='ocr_par' dir='ltr' id='par_1_4' title="bbox 550 697 3866 784">
     <span class='ocr_line' id='line_1_4' title="bbox 550 697 3866 784; baseline 0.003 -26"><span class='ocrx_word' id='word_1_34' title='bbox 550 698 748 771; x_wconf 87' lang='lat' dir='ltr'>Quem</span> <span class='ocrx_word' id='word_1_35' title='bbox 780 697 1034 777; x_wconf 88' lang='lat' dir='ltr'>quidem</span> <span class='ocrx_word' id='word_1_36' title='bbox 1065 698 1127 758; x_wconf 92' lang='lat' dir='ltr'>S.</span> <span class='ocrx_word' id='word_1_37' title='bbox 1158 697 1412 759; x_wconf 78' lang='lat' dir='ltr'>Antonii</span> <span class='ocrx_word' id='word_1_38' title='bbox 1444 697 1797 759; x_wconf 88' lang='lat' dir='ltr'>ministrum</span> <span class='ocrx_word' id='word_1_39' title='bbox 1832 714 1962 759; x_wconf 91' lang='lat' dir='ltr'>non</span> <span class='ocrx_word' id='word_1_40' title='bbox 1993 697 2144 758; x_wconf 88' lang='lat' dir='ltr'>fuis—</span> <span class='ocrx_word' id='word_1_41' title='bbox 2247 698 2529 777; x_wconf 89' lang='lat' dir='ltr'>gritatem</span> <span class='ocrx_word' id='word_1_42' title='bbox 2574 700 3058 784; x_wconf 79' lang='lat' dir='ltr'>institutumque</span> <span class='ocrx_word' id='word_1_43' title='bbox 3105 714 3283 766; x_wconf 90' lang='lat' dir='ltr'>tuum</span> <span class='ocrx_word' id='word_1_44' title='bbox 3338 712 3403 767; x_wconf 91' lang='lat' dir='ltr'>et</span> <span class='ocrx_word' id='word_1_45' title='bbox 3454 705 3749 780; x_wconf 83' lang='lat' dir='ltr'>advenit,</span> <span class='ocrx_word' id='word_1_46' title='bbox 3795 715 3866 769; x_wconf 89' lang='lat' dir='ltr'>ut</span> 
     </span>
    </p>
   </div>
   <div class='ocr_carea' id='block_1_5' title="bbox 552 797 3863 883">
    <p class='ocr_par' dir='ltr' id='par_1_5' title="bbox 552 797 3863 883">
     <span class='ocr_line' id='line_1_5' title="bbox 552 797 3863 883; baseline 0.001 -24"><span class='ocrx_word' id='word_1_47' title='bbox 552 816 620 860; x_wconf 90' lang='lat' dir='ltr'>se</span> <span class='ocrx_word' id='word_1_48' title='bbox 653 799 987 860; x_wconf 89' lang='lat' dir='ltr'>Macarium</span> <span class='ocrx_word' id='word_1_49' title='bbox 1026 798 1424 878; x_wconf 83' lang='lat' dir='ltr'>Aegyptium,</span> <span class='ocrx_word' id='word_1_50' title='bbox 1468 815 1543 859; x_wconf 79' lang='lat' dir='ltr'>ex</span> <span class='ocrx_word' id='word_1_51' title='bbox 1572 799 1669 871; x_wconf 91' lang='lat' dir='ltr'>iis,</span> <span class='ocrx_word' id='word_1_52' title='bbox 1705 813 1867 877; x_wconf 85' lang='lat' dir='ltr'>quae</span> <span class='ocrx_word' id='word_1_53' title='bbox 1912 797 1991 859; x_wconf 91' lang='lat' dir='ltr'>de</span> <span class='ocrx_word' id='word_1_54' title='bbox 2020 798 2142 860; x_wconf 92' lang='lat' dir='ltr'>hoc</span> <span class='ocrx_word' id='word_1_55' title='bbox 2244 802 2307 857; x_wconf 94' lang='lat' dir='ltr'>te</span> <span class='ocrx_word' id='word_1_56' title='bbox 2336 797 2581 871; x_wconf 87' lang='lat' dir='ltr'>videat;</span> <span class='ocrx_word' id='word_1_57' title='bbox 2615 799 2916 876; x_wconf 82' lang='lat' dir='ltr'>egredere</span> <span class='ocrx_word' id='word_1_58' title='bbox 2953 818 2987 861; x_wconf 91' lang='lat' dir='ltr'>e</span> <span class='ocrx_word' id='word_1_59' title='bbox 3018 800 3173 861; x_wconf 85' lang='lat' dir='ltr'>cella</span> <span class='ocrx_word' id='word_1_60' title='bbox 3202 818 3508 880; x_wconf 82' lang='lat' dir='ltr'>eumque,</span> <span class='ocrx_word' id='word_1_61' title='bbox 3548 802 3605 862; x_wconf 91' lang='lat' dir='ltr'>si</span> <span class='ocrx_word' id='word_1_62' title='bbox 3635 802 3863 883; x_wconf 86' lang='lat' dir='ltr'>procul</span> 
     </span>
    </p>
   </div>
   <div class='ocr_carea' id='block_1_6' title="bbox 552 896 3868 978">
    <p class='ocr_par' dir='ltr' id='par_1_6' title="bbox 552 896 3868 978">
     <span class='ocr_line' id='line_1_6' title="bbox 552 896 3868 978; baseline 0 -19"><span class='ocrx_word' id='word_1_63' title='bbox 552 897 866 960; x_wconf 89' lang='lat' dir='ltr'>Palladius</span> <span class='ocrx_word' id='word_1_64' title='bbox 908 898 1140 973; x_wconf 89' lang='lat' dir='ltr'>retulit,</span> <span class='ocrx_word' id='word_1_65' title='bbox 1182 900 1330 960; x_wconf 83' lang='lat' dir='ltr'>satis</span> <span class='ocrx_word' id='word_1_66' title='bbox 1369 897 1706 975; x_wconf 76' lang='lat' dir='ltr'>colligitur.</span> <span class='ocrx_word' id='word_1_67' title='bbox 1757 901 1975 978; x_wconf 89' lang='lat' dir='ltr'>Neque</span> <span class='ocrx_word' id='word_1_68' title='bbox 2009 901 2140 959; x_wconf 88' lang='lat' dir='ltr'>Ma-</span> <span class='ocrx_word' id='word_1_69' title='bbox 2247 902 2515 956; x_wconf 86' lang='lat' dir='ltr'>stantem</span> <span class='ocrx_word' id='word_1_70' title='bbox 2564 896 2819 970; x_wconf 91' lang='lat' dir='ltr'>videris,</span> <span class='ocrx_word' id='word_1_71' title='bbox 2873 900 3303 977; x_wconf 82' lang='lat' dir='ltr'>procumbens</span> <span class='ocrx_word' id='word_1_72' title='bbox 3347 898 3581 959; x_wconf 84' lang='lat' dir='ltr'>adora.</span> <span class='ocrx_word' id='word_1_73' title='bbox 3643 900 3868 975; x_wconf 86' lang='lat' dir='ltr'>Egres-</span> 
     </span>
    </p>
   </div>
   <div class='ocr_carea' id='block_1_7' title="bbox 554 996 3866 1080">
    <p class='ocr_par' dir='ltr' id='par_1_7' title="bbox 554 996 3866 1080">
     <span class='ocr_line' id='line_1_7' title="bbox 554 996 3866 1080; baseline -0 -19"><span class='ocrx_word' id='word_1_74' title='bbox 554 999 793 1061; x_wconf 89' lang='lat' dir='ltr'>carium</span> <span class='ocrx_word' id='word_1_75' title='bbox 845 998 1337 1062; x_wconf 81' lang='lat' dir='ltr'>Alexandrinum</span> <span class='ocrx_word' id='word_1_76' title='bbox 1385 999 1579 1061; x_wconf 89' lang='lat' dir='ltr'>fuisse</span> <span class='ocrx_word' id='word_1_77' title='bbox 1624 1017 1768 1061; x_wconf 87' lang='lat' dir='ltr'>eum</span> <span class='ocrx_word' id='word_1_78' title='bbox 1816 1000 2144 1080; x_wconf 86' lang='lat' dir='ltr'>probabile</span> <span class='ocrx_word' id='word_1_79' title='bbox 2247 1011 2353 1057; x_wconf 92' lang='lat' dir='ltr'>sus</span> <span class='ocrx_word' id='word_1_80' title='bbox 2390 996 2580 1074; x_wconf 86' lang='lat' dir='ltr'>igitur</span> <span class='ocrx_word' id='word_1_81' title='bbox 2617 1014 2652 1057; x_wconf 90' lang='lat' dir='ltr'>e</span> <span class='ocrx_word' id='word_1_82' title='bbox 2691 998 2846 1060; x_wconf 92' lang='lat' dir='ltr'>cella</span> <span class='ocrx_word' id='word_1_83' title='bbox 2886 1000 3250 1060; x_wconf 90' lang='lat' dir='ltr'>comitatum</span> <span class='ocrx_word' id='word_1_84' title='bbox 3292 998 3451 1059; x_wconf 88' lang='lat' dir='ltr'>vidit</span> <span class='ocrx_word' id='word_1_85' title='bbox 3497 1004 3670 1076; x_wconf 82' lang='lat'>109</span> <span class='ocrx_word' id='word_1_86' title='bbox 3719 999 3866 1061; x_wconf 91' lang='lat' dir='ltr'>lam-</span> 
     </span>
    </p>
   </div>
   <div class='ocr_carea' id='block_1_8' title="bbox 556 1095 3861 1181">
    <p class='ocr_par' dir='ltr' id='par_1_8' title="bbox 556 1095 3861 1181">
     <span class='ocr_line' id='line_1_8' title="bbox 556 1095 3861 1181; baseline -0.001 -19"><span class='ocrx_word' id='word_1_87' title='bbox 556 1105 670 1174; x_wconf 89' lang='lat' dir='ltr'>est,</span> <span class='ocrx_word' id='word_1_88' title='bbox 698 1100 893 1180; x_wconf 92' lang='lat' dir='ltr'>quod,</span> <span class='ocrx_word' id='word_1_89' title='bbox 919 1101 971 1162; x_wconf 91' lang='lat' dir='ltr'>si</span> <span class='ocrx_word' id='word_1_90' title='bbox 1000 1100 1241 1175; x_wconf 87' lang='lat' dir='ltr'>fuisset,</span> <span class='ocrx_word' id='word_1_91' title='bbox 1275 1105 1435 1176; x_wconf 76' lang='lat'><strong>103</strong></span> <span class='ocrx_word' id='word_1_92' title='bbox 1463 1100 1774 1161; x_wconf 90' lang='lat' dir='ltr'>Palladius</span> <span class='ocrx_word' id='word_1_93' title='bbox 1803 1102 1869 1161; x_wconf 90' lang='lat' dir='ltr'>in</span> <span class='ocrx_word' id='word_1_94' title='bbox 1897 1102 2141 1181; x_wconf 85' lang='lat' dir='ltr'>capite:</span> <span class='ocrx_word' id='word_1_95' title='bbox 2248 1095 2440 1176; x_wconf 90' lang='lat' dir='ltr'>padas</span> <span class='ocrx_word' id='word_1_96' title='bbox 2497 1096 2833 1157; x_wconf 86' lang='lat' dir='ltr'>ferentium</span> <span class='ocrx_word' id='word_1_97' title='bbox 2875 1104 2936 1159; x_wconf 92' lang='lat' dir='ltr'>et</span> <span class='ocrx_word' id='word_1_98' title='bbox 2990 1098 3195 1179; x_wconf 83' lang='lat' dir='ltr'>spatio</span> <span class='ocrx_word' id='word_1_99' title='bbox 3246 1098 3379 1160; x_wconf 89' lang='lat' dir='ltr'>fere</span> <span class='ocrx_word' id='word_1_100' title='bbox 3428 1099 3632 1160; x_wconf 89' lang='lat' dir='ltr'>stadii</span> <span class='ocrx_word' id='word_1_101' title='bbox 3682 1100 3861 1160; x_wconf 86' lang='lat' dir='ltr'>Anti-</span> 
     </span>
    </p>
   </div>
   <div class='ocr_carea' id='block_1_9' title="bbox 558 1196 3867 1285">
    <p class='ocr_par' dir='ltr' id='par_1_9' title="bbox 558 1196 3867 1285">
     <span class='ocr_line' id='line_1_9' title="bbox 558 1196 3867 1285; baseline -0.001 -19"><span class='ocrx_word' id='word_1_102' title='bbox 558 1228 586 1262; x_wconf 75' lang='grc' dir='ltr'><strong><em>α</em></strong></span> <span class='ocrx_word' id='word_1_103' title='bbox 624 1206 710 1267; x_wconf 93' lang='lat' dir='ltr'>De</span> <span class='ocrx_word' id='word_1_104' title='bbox 739 1206 1003 1268; x_wconf 86' lang='lat' dir='ltr'>Macario</span> <span class='ocrx_word' id='word_1_105' title='bbox 1033 1204 1454 1267; x_wconf 79' lang='lat' dir='ltr'>Alexandrino</span> <span class='ocrx_word' id='word_1_106' title='bbox 1491 1230 1518 1260; x_wconf 87' lang='lat'>»</span> <span class='ocrx_word' id='word_1_107' title='bbox 1567 1206 1871 1285; x_wconf 88' lang='lat' dir='ltr'>inscripto</span> <span class='ocrx_word' id='word_1_108' title='bbox 1902 1206 1967 1267; x_wconf 88' lang='lat' dir='ltr'>id</span> <span class='ocrx_word' id='word_1_109' title='bbox 2006 1205 2143 1268; x_wconf 88' lang='lat' dir='ltr'>lau-</span> <span class='ocrx_word' id='word_1_110' title='bbox 2249 1196 2576 1270; x_wconf 80' lang='lat' dir='ltr'>Christum,</span> <span class='ocrx_word' id='word_1_111' title='bbox 2614 1214 2805 1276; x_wconf 85' lang='lat' dir='ltr'>quem</span> <span class='ocrx_word' id='word_1_112' title='bbox 2851 1198 3278 1277; x_wconf 89' lang='lat' dir='ltr'>procumbens</span> <span class='ocrx_word' id='word_1_113' title='bbox 3308 1200 3631 1261; x_wconf 85' lang='lat' dir='ltr'>adoravit.</span> <span class='ocrx_word' id='word_1_114' title='bbox 3676 1201 3867 1262; x_wconf 89' lang='lat' dir='ltr'>Miser</span> 
     </span>
    </p>
   </div>
   <div class='ocr_carea' id='block_1_10' title="bbox 556 1298 3867 1380">
    <p class='ocr_par' dir='ltr' id='par_1_10' title="bbox 556 1298 3867 1380">
     <span class='ocr_line' id='line_1_10' title="bbox 556 1298 3867 1380; baseline -0.001 -14"><span class='ocrx_word' id='word_1_115' title='bbox 556 1303 707 1367; x_wconf 88' lang='lat' dir='ltr'>dare</span> <span class='ocrx_word' id='word_1_116' title='bbox 746 1323 876 1369; x_wconf 89' lang='lat' dir='ltr'>non</span> <span class='ocrx_word' id='word_1_117' title='bbox 908 1306 1241 1367; x_wconf 88' lang='lat' dir='ltr'>omisisset.</span> <span class='ocrx_word' id='word_1_118' title='bbox 1277 1306 1396 1367; x_wconf 91' lang='lat' dir='ltr'>Sed</span> <span class='ocrx_word' id='word_1_119' title='bbox 1428 1307 1759 1367; x_wconf 87' lang='lat' dir='ltr'>S.Antonii</span> <span class='ocrx_word' id='word_1_120' title='bbox 1793 1307 2146 1367; x_wconf 88' lang='lat' dir='ltr'>ministrum</span> <span class='ocrx_word' id='word_1_121' title='bbox 2249 1303 2458 1357; x_wconf 71' lang='lat' dir='ltr'>autem</span> <span class='ocrx_word' id='word_1_122' title='bbox 2502 1302 2833 1376; x_wconf 68' lang='lat' dir='ltr'>tantopere</span> <span class='ocrx_word' id='word_1_123' title='bbox 2880 1298 3175 1360; x_wconf 80' lang='lat' dir='ltr'>subactus</span> <span class='ocrx_word' id='word_1_124' title='bbox 3218 1306 3279 1361; x_wconf 83' lang='lat' dir='ltr'>et</span> <span class='ocrx_word' id='word_1_125' title='bbox 3317 1299 3646 1380; x_wconf 82' lang='lat' dir='ltr'>deceptae</span> <span class='ocrx_word' id='word_1_126' title='bbox 3688 1317 3867 1362; x_wconf 86' lang='lat' dir='ltr'>men-</span> 
     </span>
    </p>
   </div>
   <div class='ocr_carea' id='block_1_11' title="bbox 556 1394 3864 1488">
    <p class='ocr_par' dir='ltr' id='par_1_11' title="bbox 556 1394 3864 1488">
     <span class='ocr_line' id='line_1_11' title="bbox 556 1394 3864 1488; baseline 0 -28"><span class='ocrx_word' id='word_1_127' title='bbox 556 1404 750 1468; x_wconf 78' lang='lat' dir='ltr'>alium</span> <span class='ocrx_word' id='word_1_128' title='bbox 780 1407 1038 1468; x_wconf 77' lang='lat' dir='ltr'>omnino</span> <span class='ocrx_word' id='word_1_129' title='bbox 1063 1406 1233 1468; x_wconf 80' lang='lat' dir='ltr'>illius</span> <span class='ocrx_word' id='word_1_130' title='bbox 1269 1408 1575 1488; x_wconf 72' lang='lat' dir='ltr'>temporis</span> <span class='ocrx_word' id='word_1_131' title='bbox 1604 1408 1940 1469; x_wconf 70' lang='lat' dir='ltr'>Macarium</span> <span class='ocrx_word' id='word_1_132' title='bbox 1986 1408 2144 1470; x_wconf 77' lang='lat' dir='ltr'>fuis-</span> <span class='ocrx_word' id='word_1_133' title='bbox 2249 1396 2327 1456; x_wconf 92' lang='lat' dir='ltr'>tis</span> <span class='ocrx_word' id='word_1_134' title='bbox 2366 1394 2502 1466; x_wconf 89' lang='lat' dir='ltr'>fuit,</span> <span class='ocrx_word' id='word_1_135' title='bbox 2548 1401 2617 1457; x_wconf 89' lang='lat' dir='ltr'>ut</span> <span class='ocrx_word' id='word_1_136' title='bbox 2656 1395 2757 1457; x_wconf 86' lang='lat' dir='ltr'>die</span> <span class='ocrx_word' id='word_1_137' title='bbox 2788 1399 3210 1477; x_wconf 90' lang='lat' dir='ltr'>subsequente</span> <span class='ocrx_word' id='word_1_138' title='bbox 3253 1398 3508 1459; x_wconf 88' lang='lat' dir='ltr'>veniret</span> <span class='ocrx_word' id='word_1_139' title='bbox 3548 1400 3620 1460; x_wconf 92' lang='lat' dir='ltr'>in</span> <span class='ocrx_word' id='word_1_140' title='bbox 3662 1400 3864 1462; x_wconf 88' lang='lat' dir='ltr'>eccle-</span> 
     </span>
    </p>
   </div>
   <div class='ocr_carea' id='block_1_12' title="bbox 557 1498 3865 1587">
    <p class='ocr_par' dir='ltr' id='par_1_12' title="bbox 557 1498 3865 1587">
     <span class='ocr_line' id='line_1_12' title="bbox 557 1498 3865 1587; baseline 0.004 -21"><span class='ocrx_word' id='word_1_141' title='bbox 557 1520 647 1579; x_wconf 85' lang='lat' dir='ltr'>se,</span> <span class='ocrx_word' id='word_1_142' title='bbox 683 1522 759 1566; x_wconf 81' lang='lat' dir='ltr'>ex</span> <span class='ocrx_word' id='word_1_143' title='bbox 788 1506 888 1581; x_wconf 92' lang='lat' dir='ltr'>iis,</span> <span class='ocrx_word' id='word_1_144' title='bbox 923 1522 1087 1587; x_wconf 86' lang='lat' dir='ltr'>quae</span> <span class='ocrx_word' id='word_1_145' title='bbox 1119 1506 1282 1569; x_wconf 90' lang='lat' dir='ltr'>infra</span> <span class='ocrx_word' id='word_1_146' title='bbox 1312 1507 1391 1569; x_wconf 92' lang='lat' dir='ltr'>de</span> <span class='ocrx_word' id='word_1_147' title='bbox 1432 1524 1509 1569; x_wconf 87' lang='lat' dir='ltr'>eo</span> <span class='ocrx_word' id='word_1_148' title='bbox 1543 1508 1947 1582; x_wconf 83' lang='lat' dir='ltr'>disseremus,</span> <span class='ocrx_word' id='word_1_149' title='bbox 1981 1507 2149 1571; x_wconf 90' lang='lat' dir='ltr'>clare</span> <span class='ocrx_word' id='word_1_150' title='bbox 2250 1498 2404 1559; x_wconf 70' lang='grc' dir='ltr'>δίδη]</span> <span class='ocrx_word' id='word_1_151' title='bbox 2432 1506 2492 1559; x_wconf 66' lang='grc' dir='ltr'>εἴ</span> <span class='ocrx_word' id='word_1_152' title='bbox 2525 1516 2736 1562; x_wconf 71' lang='lat' dir='ltr'>00mm</span> <span class='ocrx_word' id='word_1_153' title='bbox 2758 1500 3051 1562; x_wconf 75' lang='lat' dir='ltr'>omnibus</span> <span class='ocrx_word' id='word_1_154' title='bbox 3072 1501 3311 1563; x_wconf 67' lang='lat' dir='ltr'>diceret</span> <span class='ocrx_word' id='word_1_155' title='bbox 3339 1520 3350 1561; x_wconf 75' lang='grc' dir='ltr'><strong>ε</strong></span> <span class='ocrx_word' id='word_1_156' title='bbox 3380 1501 3545 1562; x_wconf 75' lang='lat' dir='ltr'>Mihi</span> <span class='ocrx_word' id='word_1_157' title='bbox 3576 1519 3865 1579; x_wconf 76' lang='lat' dir='ltr'>commu-</span> 
     </span>
    </p>
   </div>
   <div class='ocr_carea' id='block_1_13' title="bbox 558 1598 3865 1689">
    <p class='ocr_par' dir='ltr' id='par_1_13' title="bbox 558 1598 3865 1689">
     <span class='ocr_line' id='line_1_13' title="bbox 558 1598 3865 1689; baseline -0.002 -18"><span class='ocrx_word' id='word_1_158' title='bbox 558 1608 818 1689; x_wconf 88' lang='lat' dir='ltr'>patebit.</span> <span class='ocrx_word' id='word_1_159' title='bbox 2250 1598 2441 1661; x_wconf 87' lang='lat' dir='ltr'>nione</span> <span class='ocrx_word' id='word_1_160' title='bbox 2480 1610 2641 1679; x_wconf 84' lang='lat' dir='ltr'>Opus</span> <span class='ocrx_word' id='word_1_161' title='bbox 2671 1617 2799 1662; x_wconf 91' lang='lat' dir='ltr'>non</span> <span class='ocrx_word' id='word_1_162' title='bbox 2840 1607 2970 1674; x_wconf 89' lang='lat' dir='ltr'>est;</span> <span class='ocrx_word' id='word_1_163' title='bbox 3002 1600 3311 1663; x_wconf 87' lang='lat' dir='ltr'>Christum</span> <span class='ocrx_word' id='word_1_164' title='bbox 3343 1602 3526 1663; x_wconf 90' lang='lat' dir='ltr'>enim</span> <span class='ocrx_word' id='word_1_165' title='bbox 3571 1604 3707 1665; x_wconf 92' lang='lat' dir='ltr'>vidi</span> <span class='ocrx_word' id='word_1_166' title='bbox 3752 1603 3865 1667; x_wconf 84' lang='lat' dir='ltr'>ho-</span> 
     </span>
    </p>
   </div>
   <div class='ocr_carea' id='block_1_14' title="bbox 2251 1699 3866 1786">
    <p class='ocr_par' dir='ltr' id='par_1_14' title="bbox 2251 1699 3866 1786">
     <span class='ocr_line' id='line_1_14' title="bbox 2251 1699 3866 1786; baseline 0.005 -26"><span class='ocrx_word' id='word_1_167' title='bbox 2251 1699 2375 1762; x_wconf 91' lang='lat' dir='ltr'>die.</span> <span class='ocrx_word' id='word_1_168' title='bbox 2430 1701 2605 1763; x_wconf 88' lang='lat' dir='ltr'>Tunc</span> <span class='ocrx_word' id='word_1_169' title='bbox 2666 1708 2874 1781; x_wconf 86' lang='lat' dir='ltr'>patres</span> <span class='ocrx_word' id='word_1_170' title='bbox 2932 1702 3472 1782; x_wconf 89' lang='lat' dir='ltr'>comprehensum</span> <span class='ocrx_word' id='word_1_171' title='bbox 3537 1722 3694 1765; x_wconf 89' lang='lat' dir='ltr'>eum</span> <span class='ocrx_word' id='word_1_172' title='bbox 3752 1723 3866 1786; x_wconf 75' lang='lat' dir='ltr'>per</span> 
     </span>
    </p>
   </div>
   <div class='ocr_carea' id='block_1_15' title="bbox 2250 1802 3862 1882">
    <p class='ocr_par' dir='ltr' id='par_1_15' title="bbox 2250 1802 3862 1882">
     <span class='ocr_line' id='line_1_15' title="bbox 2250 1802 3862 1882; baseline 0.004 -21"><span class='ocrx_word' id='word_1_173' title='bbox 2250 1808 2501 1882; x_wconf 90' lang='lat' dir='ltr'>tempus</span> <span class='ocrx_word' id='word_1_174' title='bbox 2522 1802 2778 1882; x_wconf 89' lang='lat' dir='ltr'>aliquod</span> <span class='ocrx_word' id='word_1_175' title='bbox 2800 1802 2969 1865; x_wconf 90' lang='lat' dir='ltr'>ferro</span> <span class='ocrx_word' id='word_1_176' title='bbox 2991 1804 3347 1866; x_wconf 79' lang='lat' dir='ltr'>vinxerunt.</span> <span class='ocrx_word' id='word_1_177' title='bbox 3380 1806 3501 1867; x_wconf 92' lang='lat' dir='ltr'>Cui</span> <span class='ocrx_word' id='word_1_178' title='bbox 3536 1806 3862 1868; x_wconf 87' lang='lat' dir='ltr'>continuis</span> 
     </span>
    </p>
   </div>
   <div class='ocr_carea' id='block_1_16' title="bbox 560 1866 2156 1983">
    <p class='ocr_par' dir='ltr' id='par_1_16' title="bbox 560 1866 2145 1946">
     <span class='ocr_line' id='line_1_16' title="bbox 560 1866 2145 1946; baseline 0.004 -19"><span class='ocrx_word' id='word_1_179' title='bbox 560 1866 627 1927; x_wconf 92' lang='lat' dir='ltr'>in</span> <span class='ocrx_word' id='word_1_180' title='bbox 669 1866 898 1946; x_wconf 86' lang='lat' dir='ltr'>capite,</span> <span class='ocrx_word' id='word_1_181' title='bbox 954 1866 1127 1945; x_wconf 89' lang='lat' dir='ltr'>quod</span> <span class='ocrx_word' id='word_1_182' title='bbox 1177 1867 1582 1930; x_wconf 91' lang='lat' dir='ltr'>inscribitur:</span> <span class='ocrx_word' id='word_1_183' title='bbox 1641 1868 1780 1940; x_wconf 73' lang='grc' dir='ltr'>Περὶ</span> <span class='ocrx_word' id='word_1_184' title='bbox 1828 1868 2145 1934; x_wconf 71' lang='grc' dir='ltr'>Οὐάλεντος.</span> 
     </span>
    </p>
   </div>
   <div class='ocr_carea' id='block_1_17' title="bbox 2258 1866 3861 1983">
    <p class='ocr_par' dir='ltr' id='par_1_17' title="bbox 2258 1866 3861 1983">
     <span class='ocr_line' id='line_1_17' title="bbox 2258 1866 3861 1983; baseline 0.004 -22"><span class='ocrx_word' id='word_1_185' title='bbox 2258 1866 2484 1963; x_wconf 73' lang='lat' dir='ltr'>deinde</span> <span class='ocrx_word' id='word_1_186' title='bbox 2526 1866 2821 1982; x_wconf 70' lang='lat' dir='ltr'>precibus</span> <span class='ocrx_word' id='word_1_187' title='bbox 2864 1920 2982 1983; x_wconf 87' lang='lat' dir='ltr'>pro</span> <span class='ocrx_word' id='word_1_188' title='bbox 3022 1921 3098 1966; x_wconf 91' lang='lat' dir='ltr'>eo</span> <span class='ocrx_word' id='word_1_189' title='bbox 3146 1903 3324 1966; x_wconf 90' lang='lat' dir='ltr'>factis</span> <span class='ocrx_word' id='word_1_190' title='bbox 3376 1911 3441 1967; x_wconf 86' lang='lat' dir='ltr'>et</span> <span class='ocrx_word' id='word_1_191' title='bbox 3480 1866 3861 1968; x_wconf 79' lang='lat' dir='ltr'>multimoda</span> 
     </span>
    </p>
   </div>
   <div class='ocr_carea' id='block_1_18' title="bbox 560 1966 3858 2087">
    <p class='ocr_par' dir='ltr' id='par_1_18' title="bbox 560 1966 3858 2087">
     <span class='ocr_line' id='line_1_18' title="bbox 560 1966 3858 2087; baseline 0.001 -25"><span class='ocrx_word' id='word_1_192' title='bbox 560 1966 2150 2087; x_wconf 29' lang='grc' dir='ltr'>ῗᾼξῗῴθῴξῇΥωᾴίξρθἷξθθδῲξξδ</span> <span class='ocrx_word' id='word_1_193' title='bbox 2255 2000 2665 2081; x_wconf 89' lang='lat' dir='ltr'>despcctione</span> <span class='ocrx_word' id='word_1_194' title='bbox 2719 2004 2970 2083; x_wconf 89' lang='lat' dir='ltr'>vitaque</span> <span class='ocrx_word' id='word_1_195' title='bbox 3035 2005 3382 2067; x_wconf 90' lang='lat' dir='ltr'>austeriore</span> <span class='ocrx_word' id='word_1_196' title='bbox 3429 2023 3667 2068; x_wconf 90' lang='lat' dir='ltr'>vanam</span> <span class='ocrx_word' id='word_1_197' title='bbox 3719 2006 3858 2087; x_wconf 83' lang='lat' dir='ltr'>Opi-</span> 
     </span>
    </p>
   </div>
   <div class='ocr_carea' id='block_1_19' title="bbox 562 2064 3856 2178">
    <p class='ocr_par' dir='ltr' id='par_1_19' title="bbox 562 2064 3856 2178">
     <span class='ocr_line' id='line_1_19' title="bbox 562 2064 3856 2178; baseline 0.005 -28"><span class='ocrx_word' id='word_1_198' title='bbox 562 2064 957 2178; x_wconf 49' lang='lat' dir='ltr'>desumpf‘fn}</span> <span class='ocrx_word' id='word_1_199' title='bbox 997 2083 1070 2128; x_wconf 74' lang='grc' dir='ltr'>⁸ο</span> <span class='ocrx_word' id='word_1_200' title='bbox 1100 2064 1292 2178; x_wconf 48' lang='grc' dir='ltr'>Ῑδίξξῖθ</span> <span class='ocrx_word' id='word_1_201' title='bbox 1333 2066 2033 2178; x_wconf 45' lang='lat' dir='ltr'>redditamféscriwe</span> <span class='ocrx_word' id='word_1_202' title='bbox 2069 2068 2147 2178; x_wconf 42' lang='lat'>1}“</span> <span class='ocrx_word' id='word_1_203' title='bbox 2252 2064 2508 2164; x_wconf 72' lang='lat' dir='ltr'>nionem</span> <span class='ocrx_word' id='word_1_204' title='bbox 2546 2064 3169 2178; x_wconf 20' lang='lat' dir='ltr'>ademerurit,vitavut</span> <span class='ocrx_word' id='word_1_205' title='bbox 3188 2064 3856 2168; x_wconf 34' lang='lat' dir='ltr'>sanareturmeonti-a-</span> 
     </span>
    </p>
   </div>
   <div class='ocr_carea' id='block_1_20' title="bbox 563 2165 3855 2267">
    <p class='ocr_par' dir='ltr' id='par_1_20' title="bbox 563 2165 3855 2267">
     <span class='ocr_line' id='line_1_20' title="bbox 563 2165 3855 2267; baseline 0.001 -3"><span class='ocrx_word' id='word_1_206' title='bbox 563 2173 740 2228; x_wconf 57' lang='lat' dir='ltr'>cem:</span> <span class='ocrx_word' id='word_1_207' title='bbox 776 2191 804 2223; x_wconf 65' lang='grc' dir='ltr'>(ί</span> <span class='ocrx_word' id='word_1_208' title='bbox 838 2165 1065 2228; x_wconf 65' lang='lat' dir='ltr'>valens</span> <span class='ocrx_word' id='word_1_209' title='bbox 1086 2166 1365 2246; x_wconf 64' lang='lat' dir='ltr'>qnidam’</span> <span class='ocrx_word' id='word_1_210' title='bbox 1390 2185 1622 2246; x_wconf 57' lang='lat' dir='ltr'>genere</span> <span class='ocrx_word' id='word_1_211' title='bbox 1647 2167 2052 2241; x_wconf 52' lang='lat' dir='ltr'>Palaestinus’</span> <span class='ocrx_word' id='word_1_212' title='bbox 2082 2166 2152 2229; x_wconf 70' lang='lat' dir='ltr'>in</span> <span class='ocrx_word' id='word_1_213' title='bbox 2252 2202 2361 2263; x_wconf 91' lang='lat' dir='ltr'>riis</span> <span class='ocrx_word' id='word_1_214' title='bbox 2403 2202 2572 2263; x_wconf 90' lang='lat' dir='ltr'>enim</span> <span class='ocrx_word' id='word_1_215' title='bbox 2628 2165 2939 2264; x_wconf 77' lang='lat' dir='ltr'>contraria</span> <span class='ocrx_word' id='word_1_216' title='bbox 2974 2165 3363 2266; x_wconf 81' lang='lat' dir='ltr'>conveniunt</span> 
     </span>
    </p>
   </div>
   <div class='ocr_carea' id='block_1_21' title="bbox 562 2267 2523 2381">
    <p class='ocr_par' dir='ltr' id='par_1_21' title="bbox 562 2267 2523 2381">
     <span class='ocr_line' id='line_1_21' title="bbox 562 2267 2523 2381; baseline 0.004 -51"><span class='ocrx_word' id='word_1_217' title='bbox 562 2267 967 2381; x_wconf 74' lang='lat' dir='ltr'>solitudinem</span> <span class='ocrx_word' id='word_1_218' title='bbox 993 2267 1319 2380; x_wconf 81' lang='lat' dir='ltr'>profectus</span> <span class='ocrx_word' id='word_1_219' title='bbox 1363 2269 1638 2380; x_wconf 37' lang='lat' dir='ltr'>longum.</span> <span class='ocrx_word' id='word_1_220' title='bbox 1669 2276 1916 2379; x_wconf 82' lang='lat' dir='ltr'>tempus</span> <span class='ocrx_word' id='word_1_221' title='bbox 1945 2269 2153 2381; x_wconf 50' lang='lat' dir='ltr'>n‘obis-</span> <span class='ocrx_word' id='word_1_222' title='bbox 2254 2309 2316 2363; x_wconf 60' lang='lat' dir='ltr'><strong>ta</strong></span> <span class='ocrx_word' id='word_1_223' title='bbox 2347 2301 2455 2381; x_wconf 44' lang='lat'>(1).</span> <span class='ocrx_word' id='word_1_224' title='bbox 2498 2327 2523 2356; x_wconf 58' lang='grc' dir='ltr'><strong>η</strong></span> 
     </span>
    </p>
   </div>
   <div class='ocr_carea' id='block_1_22' title="bbox 564 2368 2155 2449">
    <p class='ocr_par' dir='ltr' id='par_1_22' title="bbox 564 2368 2155 2449">
     <span class='ocr_line' id='line_1_22' title="bbox 564 2368 2155 2449; baseline -0.001 -18"><span class='ocrx_word' id='word_1_225' title='bbox 564 2387 710 2431; x_wconf 90' lang='lat' dir='ltr'>cum</span> <span class='ocrx_word' id='word_1_226' title='bbox 741 2369 1059 2431; x_wconf 88' lang='lat' dir='ltr'>habitavit.</span> <span class='ocrx_word' id='word_1_227' title='bbox 1088 2370 1206 2443; x_wconf 89' lang='lat' dir='ltr'>Qui</span> <span class='ocrx_word' id='word_1_228' title='bbox 1230 2387 1427 2449; x_wconf 88' lang='lat' dir='ltr'>quum</span> <span class='ocrx_word' id='word_1_229' title='bbox 1478 2369 1748 2432; x_wconf 78' lang='lat' dir='ltr'>maxima</span> <span class='ocrx_word' id='word_1_230' title='bbox 1774 2368 2023 2430; x_wconf 89' lang='lat' dir='ltr'>vivendi</span> <span class='ocrx_word' id='word_1_231' title='bbox 2059 2384 2155 2430; x_wconf 87' lang='lat' dir='ltr'>se-</span> 
     </span>
    </p>
   </div>
   <div class='ocr_carea' id='block_1_23' title="bbox 564 2469 2150 2548">
    <p class='ocr_par' dir='ltr' id='par_1_23' title="bbox 564 2469 2150 2548">
     <span class='ocr_line' id='line_1_23' title="bbox 564 2469 2150 2548; baseline -0.001 -17"><span class='ocrx_word' id='word_1_232' title='bbox 564 2472 822 2533; x_wconf 86' lang='lat' dir='ltr'>veritate</span> <span class='ocrx_word' id='word_1_233' title='bbox 872 2488 1182 2532; x_wconf 91' lang='lat' dir='ltr'>summam</span> <span class='ocrx_word' id='word_1_234' title='bbox 1220 2471 1554 2532; x_wconf 89' lang='lat' dir='ltr'>asceticam</span> <span class='ocrx_word' id='word_1_235' title='bbox 1606 2471 1794 2532; x_wconf 89' lang='lat' dir='ltr'>vitam</span> <span class='ocrx_word' id='word_1_236' title='bbox 1832 2469 2150 2548; x_wconf 88' lang='lat' dir='ltr'>suscepis-</span> 
     </span>
    </p>
   </div>
   <div class='ocr_carea' id='block_1_24' title="bbox 564 2569 2153 2651">
    <p class='ocr_par' dir='ltr' id='par_1_24' title="bbox 564 2569 2153 2651">
     <span class='ocr_line' id='line_1_24' title="bbox 564 2569 2153 2651; baseline -0.003 -17"><span class='ocrx_word' id='word_1_237' title='bbox 564 2580 682 2647; x_wconf 88' lang='lat' dir='ltr'>set,</span> <span class='ocrx_word' id='word_1_238' title='bbox 711 2588 867 2634; x_wconf 83' lang='lat' dir='ltr'>vana</span> <span class='ocrx_word' id='word_1_239' title='bbox 897 2572 977 2634; x_wconf 92' lang='lat' dir='ltr'>de</span> <span class='ocrx_word' id='word_1_240' title='bbox 1018 2588 1087 2635; x_wconf 88' lang='lat' dir='ltr'>se</span> <span class='ocrx_word' id='word_1_241' title='bbox 1119 2572 1423 2651; x_wconf 83' lang='lat' dir='ltr'>Opinione</span> <span class='ocrx_word' id='word_1_242' title='bbox 1463 2588 1535 2633; x_wconf 88' lang='lat' dir='ltr'>ac</span> <span class='ocrx_word' id='word_1_243' title='bbox 1582 2570 1880 2650; x_wconf 85' lang='lat' dir='ltr'>superbia</span> <span class='ocrx_word' id='word_1_244' title='bbox 1916 2587 1953 2632; x_wconf 92' lang='lat' dir='ltr'>a</span> <span class='ocrx_word' id='word_1_245' title='bbox 2001 2569 2153 2631; x_wconf 88' lang='lat' dir='ltr'>dae-</span> 
     </span>
    </p>
   </div>
   <div class='ocr_carea' id='block_1_25' title="bbox 566 2671 2154 2754">
    <p class='ocr_par' dir='ltr' id='par_1_25' title="bbox 566 2671 2154 2754">
     <span class='ocr_line' id='line_1_25' title="bbox 566 2671 2154 2754; baseline -0.004 -16"><span class='ocrx_word' id='word_1_246' title='bbox 566 2691 759 2738; x_wconf 91' lang='lat' dir='ltr'>mone</span> <span class='ocrx_word' id='word_1_247' title='bbox 785 2675 1006 2738; x_wconf 89' lang='lat' dir='ltr'>irrisus</span> <span class='ocrx_word' id='word_1_248' title='bbox 1035 2680 1099 2737; x_wconf 89' lang='lat' dir='ltr'>et</span> <span class='ocrx_word' id='word_1_249' title='bbox 1126 2673 1235 2735; x_wconf 89' lang='lat' dir='ltr'>tali</span> <span class='ocrx_word' id='word_1_250' title='bbox 1263 2673 1619 2754; x_wconf 88' lang='lat' dir='ltr'>perniciosa</span> <span class='ocrx_word' id='word_1_251' title='bbox 1656 2672 1849 2735; x_wconf 91' lang='lat' dir='ltr'>animi</span> <span class='ocrx_word' id='word_1_252' title='bbox 1897 2671 2154 2734; x_wconf 90' lang='lat' dir='ltr'>calami-</span> 
     </span>
    </p>
   </div>
   <div class='ocr_carea' id='block_1_26' title="bbox 567 2773 2156 2856">
    <p class='ocr_par' dir='ltr' id='par_1_26' title="bbox 567 2773 2156 2856">
     <span class='ocr_line' id='line_1_26' title="bbox 567 2773 2156 2856; baseline -0.003 -17"><span class='ocrx_word' id='word_1_253' title='bbox 567 2782 689 2839; x_wconf 87' lang='lat' dir='ltr'>tate</span> <span class='ocrx_word' id='word_1_254' title='bbox 734 2777 909 2838; x_wconf 90' lang='lat' dir='ltr'>brevi</span> <span class='ocrx_word' id='word_1_255' title='bbox 940 2784 1228 2856; x_wconf 86' lang='lat' dir='ltr'>tempore</span> <span class='ocrx_word' id='word_1_256' title='bbox 1270 2776 1574 2855; x_wconf 90' lang='lat' dir='ltr'>deceptus</span> <span class='ocrx_word' id='word_1_257' title='bbox 1618 2781 1735 2850; x_wconf 90' lang='lat' dir='ltr'>est,</span> <span class='ocrx_word' id='word_1_258' title='bbox 1776 2780 1849 2835; x_wconf 88' lang='lat' dir='ltr'>ut</span> <span class='ocrx_word' id='word_1_259' title='bbox 1896 2773 2156 2852; x_wconf 88' lang='lat' dir='ltr'>angelos</span> 
     </span>
    </p>
   </div>
   <div class='ocr_carea' id='block_1_27' title="bbox 568 2871 2156 2954">
    <p class='ocr_par' dir='ltr' id='par_1_27' title="bbox 568 2871 2156 2954">
     <span class='ocr_line' id='line_1_27' title="bbox 568 2871 2156 2954; baseline -0.003 -17"><span class='ocrx_word' id='word_1_260' title='bbox 568 2893 713 2937; x_wconf 88' lang='lat' dir='ltr'>cum</span> <span class='ocrx_word' id='word_1_261' title='bbox 748 2875 892 2954; x_wconf 92' lang='lat' dir='ltr'>ipso</span> <span class='ocrx_word' id='word_1_262' title='bbox 920 2874 1301 2947; x_wconf 89' lang='lat' dir='ltr'>conversari,</span> <span class='ocrx_word' id='word_1_263' title='bbox 1351 2881 1413 2934; x_wconf 90' lang='lat' dir='ltr'>et</span> <span class='ocrx_word' id='word_1_264' title='bbox 1441 2873 1507 2933; x_wconf 90' lang='lat' dir='ltr'>in</span> <span class='ocrx_word' id='word_1_265' title='bbox 1552 2872 1774 2951; x_wconf 89' lang='lat' dir='ltr'>quovis</span> <span class='ocrx_word' id='word_1_266' title='bbox 1807 2871 2156 2934; x_wconf 84' lang='lat' dir='ltr'>ministerio</span> 
     </span>
    </p>
   </div>
   <div class='ocr_carea' id='block_1_28' title="bbox 567 2973 2158 3058">
    <p class='ocr_par' dir='ltr' id='par_1_28' title="bbox 567 2973 2158 3058">
     <span class='ocr_line' id='line_1_28' title="bbox 567 2973 2158 3058; baseline -0.003 -19"><span class='ocrx_word' id='word_1_267' title='bbox 567 2976 692 3058; x_wconf 88' lang='lat' dir='ltr'>ipsi</span> <span class='ocrx_word' id='word_1_268' title='bbox 728 2976 1032 3039; x_wconf 89' lang='lat' dir='ltr'>inservire</span> <span class='ocrx_word' id='word_1_269' title='bbox 1073 2976 1347 3037; x_wconf 89' lang='lat' dir='ltr'>iactaret.</span> <span class='ocrx_word' id='word_1_270' title='bbox 1401 2977 1459 3036; x_wconf 84' lang='lat' dir='ltr'>Is</span> <span class='ocrx_word' id='word_1_271' title='bbox 1506 2973 1829 3053; x_wconf 89' lang='lat' dir='ltr'>quondam</span> <span class='ocrx_word' id='word_1_272' title='bbox 1879 2980 2158 3053; x_wconf 87' lang='lat' dir='ltr'>sportam</span> 
     </span>
    </p>
   </div>
   <div class='ocr_carea' id='block_1_29' title="bbox 570 3073 2155 3153">
    <p class='ocr_par' dir='ltr' id='par_1_29' title="bbox 570 3073 2155 3153">
     <span class='ocr_line' id='line_1_29' title="bbox 570 3073 2155 3153; baseline -0.004 -13"><span class='ocrx_word' id='word_1_273' title='bbox 570 3094 911 3151; x_wconf 76' lang='lat' dir='ltr'>consueris,</span> <span class='ocrx_word' id='word_1_274' title='bbox 962 3082 1033 3138; x_wconf 90' lang='lat' dir='ltr'>ut</span> <span class='ocrx_word' id='word_1_275' title='bbox 1081 3076 1216 3138; x_wconf 90' lang='lat' dir='ltr'>eius</span> <span class='ocrx_word' id='word_1_276' title='bbox 1265 3075 1421 3137; x_wconf 90' lang='lat' dir='ltr'>socii</span> <span class='ocrx_word' id='word_1_277' title='bbox 1473 3079 1824 3147; x_wconf 90' lang='lat' dir='ltr'>narrarunt,</span> <span class='ocrx_word' id='word_1_278' title='bbox 1886 3073 2155 3153; x_wconf 86' lang='lat' dir='ltr'>vesperi,</span> 
     </span>
    </p>
   </div>
   <div class='ocr_carea' id='block_1_30' title="bbox 572 3177 2158 3259">
    <p class='ocr_par' dir='ltr' id='par_1_30' title="bbox 572 3177 2158 3259">
     <span class='ocr_line' id='line_1_30' title="bbox 572 3177 2158 3259; baseline -0.003 -18"><span class='ocrx_word' id='word_1_279' title='bbox 572 3195 771 3259; x_wconf 87' lang='lat' dir='ltr'>quum</span> <span class='ocrx_word' id='word_1_280' title='bbox 829 3177 1060 3240; x_wconf 90' lang='lat' dir='ltr'>multae</span> <span class='ocrx_word' id='word_1_281' title='bbox 1104 3178 1402 3239; x_wconf 88' lang='lat' dir='ltr'>tenebrae</span> <span class='ocrx_word' id='word_1_282' title='bbox 1460 3181 1702 3249; x_wconf 88' lang='lat' dir='ltr'>essent,</span> <span class='ocrx_word' id='word_1_283' title='bbox 1755 3192 1970 3251; x_wconf 88' lang='lat' dir='ltr'>acum,</span> <span class='ocrx_word' id='word_1_284' title='bbox 2032 3194 2158 3255; x_wconf 87' lang='lat' dir='ltr'>qua</span> 
     </span>
    </p>
   </div>
   <div class='ocr_carea' id='block_1_31' title="bbox 572 3278 2156 3354">
    <p class='ocr_par' dir='ltr' id='par_1_31' title="bbox 572 3278 2156 3354">
     <span class='ocr_line' id='line_1_31' title="bbox 572 3278 2156 3354; baseline -0.003 -11"><span class='ocrx_word' id='word_1_285' title='bbox 572 3279 943 3354; x_wconf 86' lang='lat' dir='ltr'>consuebat,</span> <span class='ocrx_word' id='word_1_286' title='bbox 980 3278 1206 3342; x_wconf 91' lang='lat' dir='ltr'>amisit.</span> <span class='ocrx_word' id='word_1_287' title='bbox 1240 3280 1369 3351; x_wconf 88' lang='lat' dir='ltr'>Qua</span> <span class='ocrx_word' id='word_1_288' title='bbox 1405 3296 1537 3340; x_wconf 91' lang='lat' dir='ltr'>non</span> <span class='ocrx_word' id='word_1_289' title='bbox 1566 3279 1844 3351; x_wconf 88' lang='lat' dir='ltr'>inventa,</span> <span class='ocrx_word' id='word_1_290' title='bbox 1883 3278 2156 3339; x_wconf 91' lang='lat' dir='ltr'>daemon</span> 
     </span>
    </p>
   </div>
   <div class='ocr_carea' id='block_1_32' title="bbox 576 3378 2159 3461">
    <p class='ocr_par' dir='ltr' id='par_1_32' title="bbox 576 3378 2159 3461">
     <span class='ocr_line' id='line_1_32' title="bbox 576 3378 2159 3461; baseline -0.001 -19"><span class='ocrx_word' id='word_1_291' title='bbox 576 3382 633 3442; x_wconf 89' lang='lat' dir='ltr'>ei</span> <span class='ocrx_word' id='word_1_292' title='bbox 665 3379 1018 3461; x_wconf 89' lang='lat' dir='ltr'>lampadem</span> <span class='ocrx_word' id='word_1_293' title='bbox 1064 3378 1234 3453; x_wconf 84' lang='lat' dir='ltr'>fecit,</span> <span class='ocrx_word' id='word_1_294' title='bbox 1272 3395 1397 3458; x_wconf 91' lang='lat' dir='ltr'>qua</span> <span class='ocrx_word' id='word_1_295' title='bbox 1441 3395 1625 3441; x_wconf 89' lang='lat' dir='ltr'>acum</span> <span class='ocrx_word' id='word_1_296' title='bbox 1673 3378 1929 3458; x_wconf 89' lang='lat' dir='ltr'>reperit,</span> <span class='ocrx_word' id='word_1_297' title='bbox 1967 3380 2053 3440; x_wconf 88' lang='lat' dir='ltr'>ita</span> <span class='ocrx_word' id='word_1_298' title='bbox 2089 3386 2159 3441; x_wconf 90' lang='lat' dir='ltr'>ut</span> 
     </span>
    </p>
   </div>
   <div class='ocr_carea' id='block_1_33' title="bbox 576 3479 2156 3557">
    <p class='ocr_par' dir='ltr' id='par_1_33' title="bbox 576 3479 2156 3557">
     <span class='ocr_line' id='line_1_33' title="bbox 576 3479 2156 3557; baseline -0.001 -14"><span class='ocrx_word' id='word_1_299' title='bbox 576 3482 766 3543; x_wconf 86' lang='lat' dir='ltr'>miser</span> <span class='ocrx_word' id='word_1_300' title='bbox 794 3482 910 3543; x_wconf 90' lang='lat' dir='ltr'>iste</span> <span class='ocrx_word' id='word_1_301' title='bbox 949 3480 1145 3557; x_wconf 89' lang='lat' dir='ltr'>magis</span> <span class='ocrx_word' id='word_1_302' title='bbox 1184 3480 1371 3541; x_wconf 90' lang='lat' dir='ltr'>etiam</span> <span class='ocrx_word' id='word_1_303' title='bbox 1409 3496 1571 3540; x_wconf 88' lang='lat' dir='ltr'>vano</span> <span class='ocrx_word' id='word_1_304' title='bbox 1619 3486 1867 3541; x_wconf 88' lang='lat' dir='ltr'>tumore</span> <span class='ocrx_word' id='word_1_305' title='bbox 1902 3479 2156 3542; x_wconf 85' lang='lat' dir='ltr'>inﬂare-</span> 
     </span>
    </p>
   </div>
   <div class='ocr_carea' id='block_1_34' title="bbox 575 3579 2162 3661">
    <p class='ocr_par' dir='ltr' id='par_1_34' title="bbox 575 3579 2162 3661">
     <span class='ocr_line' id='line_1_34' title="bbox 575 3579 2162 3661; baseline -0.001 -18"><span class='ocrx_word' id='word_1_306' title='bbox 575 3590 699 3645; x_wconf 91' lang='lat' dir='ltr'>tur.</span> <span class='ocrx_word' id='word_1_307' title='bbox 728 3583 838 3645; x_wconf 90' lang='lat' dir='ltr'>Dei</span> <span class='ocrx_word' id='word_1_308' title='bbox 862 3588 1071 3645; x_wconf 92' lang='lat' dir='ltr'>autem</span> <span class='ocrx_word' id='word_1_309' title='bbox 1102 3580 1495 3661; x_wconf 89' lang='lat' dir='ltr'>providentia</span> <span class='ocrx_word' id='word_1_310' title='bbox 1516 3579 1883 3641; x_wconf 81' lang='lat' dir='ltr'>fraternitati</span> <span class='ocrx_word' id='word_1_311' title='bbox 1912 3580 2162 3642; x_wconf 87' lang='lat' dir='ltr'>calami-</span> 
     </span>
    </p>
   </div>
   <div class='ocr_carea' id='block_1_35' title="bbox 574 3679 2158 3747">
    <p class='ocr_par' dir='ltr' id='par_1_35' title="bbox 574 3679 2158 3747">
     <span class='ocr_line' id='line_1_35' title="bbox 574 3679 2158 3747; baseline -0.006 1"><span class='ocrx_word' id='word_1_312' title='bbox 574 3691 669 3747; x_wconf 86' lang='lat' dir='ltr'>tas</span> <span class='ocrx_word' id='word_1_313' title='bbox 700 3684 835 3747; x_wconf 88' lang='lat' dir='ltr'>eius</span> <span class='ocrx_word' id='word_1_314' title='bbox 882 3683 1065 3745; x_wconf 91' lang='lat' dir='ltr'>citius</span> <span class='ocrx_word' id='word_1_315' title='bbox 1094 3681 1425 3743; x_wconf 90' lang='lat' dir='ltr'>manifesta</span> <span class='ocrx_word' id='word_1_316' title='bbox 1469 3679 1630 3743; x_wconf 89' lang='lat' dir='ltr'>facta</span> <span class='ocrx_word' id='word_1_317' title='bbox 1660 3686 1773 3742; x_wconf 89' lang='lat' dir='ltr'>est.</span> <span class='ocrx_word' id='word_1_318' title='bbox 1807 3682 1962 3741; x_wconf 86' lang='lat' dir='ltr'>Nam</span> <span class='ocrx_word' id='word_1_319' title='bbox 1990 3680 2158 3742; x_wconf 92' lang='lat' dir='ltr'>acci-</span> 
     </span>
    </p>
   </div>
   <div class='ocr_carea' id='block_1_36' title="bbox 574 3774 3575 3864">
    <p class='ocr_par' dir='ltr' id='par_1_36' title="bbox 574 3774 3575 3864">
     <span class='ocr_line' id='line_1_36' title="bbox 574 3774 3575 3864; baseline 0 -19"><span class='ocrx_word' id='word_1_320' title='bbox 574 3784 687 3859; x_wconf 90' lang='lat' dir='ltr'>dit,</span> <span class='ocrx_word' id='word_1_321' title='bbox 718 3791 790 3846; x_wconf 84' lang='lat' dir='ltr'>ut</span> <span class='ocrx_word' id='word_1_322' title='bbox 818 3774 1103 3864; x_wconf 83' lang='lat' dir='ltr'>hospites</span> <span class='ocrx_word' id='word_1_323' title='bbox 1124 3782 1380 3862; x_wconf 90' lang='lat' dir='ltr'>quidam</span> <span class='ocrx_word' id='word_1_324' title='bbox 1400 3780 1694 3843; x_wconf 86' lang='lat' dir='ltr'>fratribus</span> <span class='ocrx_word' id='word_1_325' title='bbox 1714 3780 1954 3844; x_wconf 86' lang='lat' dir='ltr'>fructus</span> <span class='ocrx_word' id='word_1_326' title='bbox 1980 3781 2162 3844; x_wconf 88' lang='lat' dir='ltr'>aesti-</span> <span class='ocrx_word' id='word_1_327' title='bbox 2261 3774 2840 3864; x_wconf 44' lang='lat' dir='ltr'>In:</span> 
     </span>
    </p>
   </div>
   <div class='ocr_carea' id='block_1_37' title="bbox 574 3835 3840 3962">
    <p class='ocr_par' dir='ltr' id='par_1_37' title="bbox 574 3835 3840 3962">
     <span class='ocr_line' id='line_1_37' title="bbox 574 3835 3840 3962; baseline -0.01 -37"><span class='ocrx_word' id='word_1_328' title='bbox 726 3835 2161 3962; x_wconf 43' lang='grc' dir='ltr'>ἓξῖξξτνξῐίξπδῶξᾷἔ</span> <span class='ocrx_word' id='word_1_329' title='bbox 2263 3837 2643 3915; x_wconf 76' lang='lat' dir='ltr'>sionumque</span> <span class='ocrx_word' id='word_1_330' title='bbox 2672 3835 2827 3897; x_wconf 83' lang='lat' dir='ltr'>locis</span> <span class='ocrx_word' id='word_1_331' title='bbox 2856 3835 2976 3897; x_wconf 91' lang='lat' dir='ltr'>illis</span> <span class='ocrx_word' id='word_1_332' title='bbox 3011 3835 3308 3897; x_wconf 88' lang='lat' dir='ltr'>nomina:</span> <span class='ocrx_word' id='word_1_333' title='bbox 3343 3838 3657 3900; x_wconf 88' lang='lat' dir='ltr'>Macarius</span> <span class='ocrx_word' id='word_1_334' title='bbox 3696 3842 3840 3897; x_wconf 86' lang='grc' dir='ltr'>πολι-</span> 
     </span>
     <span class='ocr_line' id='line_1_38' title="bbox 1039 3930 3803 3962; baseline -0.017 33"><span class='ocrx_word' id='word_1_335' title='bbox 1039 3930 1052 3944; x_wconf 50' lang='grc'><strong>.</strong></span> <span class='ocrx_word' id='word_1_336' title='bbox 2365 3946 2376 3962; x_wconf 74' lang='grc' dir='ltr'>ν</span> <span class='ocrx_word' id='word_1_337' title='bbox 2473 3937 2773 3962; x_wconf 49' lang='lat' dir='ltr'>III-“4.-..</span> <span class='ocrx_word' id='word_1_338' title='bbox 2827 3937 2861 3962; x_wconf 73' lang='grc' dir='ltr'>ο</span> <span class='ocrx_word' id='word_1_339' title='bbox 2936 3939 3169 3962; x_wconf 49' lang='grc' dir='ltr'>...μμιι</span> <span class='ocrx_word' id='word_1_340' title='bbox 3228 3938 3571 3962; x_wconf 37' lang='grc' dir='ltr'>,ιξΑ,;“--ι-Δ-</span> <span class='ocrx_word' id='word_1_341' title='bbox 3645 3939 3803 3962; x_wconf 39' lang='lat' dir='ltr'>“AM</span> 
     </span>
    </p>
   </div>
   <div class='ocr_carea' id='block_1_38' title="bbox 576 3937 3839 4063">
    <p class='ocr_par' dir='ltr' id='par_1_38' title="bbox 576 3937 3839 4063">
     <span class='ocr_line' id='line_1_39' title="bbox 590 3937 3371 3962; baseline 0.001 -17"><span class='ocrx_word' id='word_1_342' title='bbox 590 3937 685 3947; x_wconf 63' lang='grc' dir='ltr'>,νυ</span> <span class='ocrx_word' id='word_1_343' title='bbox 731 3937 1052 3948; x_wconf 63' lang='lat'>-..-.------</span> <span class='ocrx_word' id='word_1_344' title='bbox 1111 3937 1377 3957; x_wconf 51' lang='grc' dir='ltr'>μνη...</span> <span class='ocrx_word' id='word_1_345' title='bbox 1428 3937 1825 3962; x_wconf 47' lang='grc' dir='ltr'>-ν--τ.η.-</span> <span class='ocrx_word' id='word_1_346' title='bbox 1869 3937 2157 3944; x_wconf 59' lang='grc' dir='ltr'>--η----π-</span> <span class='ocrx_word' id='word_1_347' title='bbox 2684 3937 2694 3949; x_wconf 95' lang='grc'><strong>.</strong></span> <span class='ocrx_word' id='word_1_348' title='bbox 3136 3939 3169 3950; x_wconf 93' lang='grc'>..</span> <span class='ocrx_word' id='word_1_349' title='bbox 3270 3939 3279 3949; x_wconf 96' lang='grc'>.</span> <span class='ocrx_word' id='word_1_350' title='bbox 3362 3939 3371 3948; x_wconf 99' lang='grc'>.</span> 
     </span>
     <span class='ocr_line' id='line_1_40' title="bbox 576 3937 3839 4063; baseline -0.001 -17"><span class='ocrx_word' id='word_1_351' title='bbox 576 3984 878 4046; x_wconf 88' lang='lat' dir='ltr'>Macarius</span> <span class='ocrx_word' id='word_1_352' title='bbox 916 3982 1245 4063; x_wconf 84' lang='lat' dir='ltr'>presbyter</span> <span class='ocrx_word' id='word_1_353' title='bbox 1272 3980 1614 4059; x_wconf 86' lang='lat' dir='ltr'>unicuique</span> <span class='ocrx_word' id='word_1_354' title='bbox 1642 3980 1709 4040; x_wconf 91' lang='lat' dir='ltr'>in</span> <span class='ocrx_word' id='word_1_355' title='bbox 1736 3979 2026 4041; x_wconf 87' lang='lat' dir='ltr'>cellulam</span> <span class='ocrx_word' id='word_1_356' title='bbox 2050 3981 2163 4042; x_wconf 90' lang='lat' dir='ltr'>mi-</span> 
     </span>
    </p>
   </div>
   <div class='ocr_carea' id='block_1_39' title="bbox 578 4037 3837 4160">
    <p class='ocr_par' dir='ltr' id='par_1_39' title="bbox 578 4037 3837 4160">
     <span class='ocr_line' id='line_1_41' title="bbox 578 4037 3837 4160; baseline 0.001 -4"><span class='ocrx_word' id='word_1_357' title='bbox 578 4037 2026 4160; x_wconf 45' lang='lat' dir='ltr'>Qii&#39;iiééiieia;asinina.(signa:</span> <span class='ocrx_word' id='word_1_358' title='bbox 2052 4037 2161 4159; x_wconf 54' lang='lat' dir='ltr'>q—ﬁi</span> <span class='ocrx_word' id='word_1_359' title='bbox 2262 4037 2400 4160; x_wconf 61' lang='grc' dir='ltr'>ἷῗῗῖῗ</span> <span class='ocrx_word' id='word_1_360' title='bbox 2410 4037 3062 4160; x_wconf 55' lang='grc' dir='ltr'>ῈτῗῗῗὲἷθῗζέῗῗῗίῗΨ</span> <span class='ocrx_word' id='word_1_361' title='bbox 3086 4040 3559 4160; x_wconf 54' lang='grc' dir='ltr'>,ῗθὲἶῗτῖιέηίὲλῗξ</span> <span class='ocrx_word' id='word_1_362' title='bbox 3595 4039 3837 4160; x_wconf 61' lang='grc' dir='ltr'>ΫῘΪΞἮἾΫ</span> 
     </span>
    </p>
   </div>
   <div class='ocr_carea' id='block_1_40' title="bbox 578 4135 3837 4253">
    <p class='ocr_par' dir='ltr' id='par_1_40' title="bbox 578 4135 3837 4253">
     <span class='ocr_line' id='line_1_42' title="bbox 578 4135 3837 4253; baseline 0.002 -16"><span class='ocrx_word' id='word_1_363' title='bbox 578 4135 1291 4253; x_wconf 44' lang='grc' dir='ltr'>ῑιῆῑιῑεῑ-ξίῇιξιῑιξεῑᾱίῖ</span> <span class='ocrx_word' id='word_1_364' title='bbox 1311 4135 1373 4238; x_wconf 56' lang='grc' dir='ltr'>ει</span> <span class='ocrx_word' id='word_1_365' title='bbox 1402 4135 1792 4238; x_wconf 54' lang='grc' dir='ltr'>ὀξέιὶῶὼὲἦᾴ</span> <span class='ocrx_word' id='word_1_366' title='bbox 1830 4135 2161 4240; x_wconf 50' lang='lat' dir='ltr'>iazies?</span> <span class='ocrx_word' id='word_1_367' title='bbox 2260 4143 2469 4253; x_wconf 54' lang='grc' dir='ltr'>αυιςιξτ</span> <span class='ocrx_word' id='word_1_368' title='bbox 2512 4136 2716 4199; x_wconf 52' lang='lat' dir='ltr'>verse</span> <span class='ocrx_word' id='word_1_369' title='bbox 2747 4135 3039 4201; x_wconf 61' lang='grc' dir='ltr'>ὴίειονίαε</span> <span class='ocrx_word' id='word_1_370' title='bbox 3064 4139 3145 4202; x_wconf 70' lang='lat' dir='ltr'>de</span> <span class='ocrx_word' id='word_1_371' title='bbox 3175 4138 3369 4203; x_wconf 67' lang='lat' dir='ltr'>Paulo</span> <span class='ocrx_word' id='word_1_372' title='bbox 3403 4141 3569 4204; x_wconf 62' lang='lat' dir='ltr'>etde</span> <span class='ocrx_word' id='word_1_373' title='bbox 3595 4138 3837 4202; x_wconf 69' lang='grc' dir='ltr'>νειεοω</span> 
     </span>
    </p>
   </div>
   <div class='ocr_carea' id='block_1_41' title="bbox 578 4242 2494 4356">
    <p class='ocr_par' dir='ltr' id='par_1_41' title="bbox 578 4242 2494 4356">
     <span class='ocr_line' id='line_1_43' title="bbox 578 4242 2494 4356; baseline -0.006 -18"><span class='ocrx_word' id='word_1_374' title='bbox 578 4276 708 4351; x_wconf 88' lang='lat' dir='ltr'>Dic,</span> <span class='ocrx_word' id='word_1_375' title='bbox 743 4277 973 4356; x_wconf 91' lang='lat' dir='ltr'>inquit,</span> <span class='ocrx_word' id='word_1_376' title='bbox 1022 4274 1333 4338; x_wconf 84' lang='lat' dir='ltr'>Macario:</span> <span class='ocrx_word' id='word_1_377' title='bbox 1365 4274 1447 4336; x_wconf 88' lang='lat' dir='ltr'>Te</span> <span class='ocrx_word' id='word_1_378' title='bbox 1498 4274 1775 4336; x_wconf 90' lang='lat' dir='ltr'>deterior</span> <span class='ocrx_word' id='word_1_379' title='bbox 1811 4292 1943 4338; x_wconf 90' lang='lat' dir='ltr'>non</span> <span class='ocrx_word' id='word_1_380' title='bbox 1996 4295 2157 4351; x_wconf 91' lang='lat' dir='ltr'>sum,</span> <span class='ocrx_word' id='word_1_381' title='bbox 2264 4242 2494 4296; x_wconf 58' lang='lat' dir='ltr'>ammt&#39;</span> 
     </span>
    </p>
   </div>
   <div class='ocr_carea' id='block_1_42' title="bbox 580 4369 3839 4457">
    <p class='ocr_par' dir='ltr' id='par_1_42' title="bbox 580 4369 3839 4457">
     <span class='ocr_line' id='line_1_44' title="bbox 580 4369 3839 4457; baseline -0.003 -18"><span class='ocrx_word' id='word_1_382' title='bbox 580 4378 753 4457; x_wconf 88' lang='lat' dir='ltr'>quod</span> <span class='ocrx_word' id='word_1_383' title='bbox 797 4385 867 4439; x_wconf 91' lang='lat' dir='ltr'>tu</span> <span class='ocrx_word' id='word_1_384' title='bbox 921 4376 1076 4439; x_wconf 92' lang='lat' dir='ltr'>mihi</span> <span class='ocrx_word' id='word_1_385' title='bbox 1125 4392 1387 4437; x_wconf 89' lang='lat' dir='ltr'>munera</span> <span class='ocrx_word' id='word_1_386' title='bbox 1444 4375 1672 4437; x_wconf 86' lang='lat' dir='ltr'>mittas.</span> <span class='ocrx_word' id='word_1_387' title='bbox 1724 4377 1928 4448; x_wconf 90' lang='lat' dir='ltr'>Quum</span> <span class='ocrx_word' id='word_1_388' title='bbox 1973 4377 2163 4454; x_wconf 81' lang='lat' dir='ltr'>igitur</span> <span class='ocrx_word' id='word_1_389' title='bbox 2339 4370 2467 4429; x_wconf 88' lang='lat' dir='ltr'>Iam</span> <span class='ocrx_word' id='word_1_390' title='bbox 2492 4386 2641 4447; x_wconf 86' lang='lat' dir='ltr'>ergo</span> <span class='ocrx_word' id='word_1_391' title='bbox 2658 4369 2733 4431; x_wconf 88' lang='lat' dir='ltr'>ad</span> <span class='ocrx_word' id='word_1_392' title='bbox 2760 4372 2946 4432; x_wconf 82' lang='lat' dir='ltr'>finem</span> <span class='ocrx_word' id='word_1_393' title='bbox 2969 4389 3177 4434; x_wconf 89' lang='lat' dir='ltr'>rerum</span> <span class='ocrx_word' id='word_1_394' title='bbox 3199 4374 3277 4436; x_wconf 91' lang='lat' dir='ltr'>de</span> <span class='ocrx_word' id='word_1_395' title='bbox 3294 4376 3572 4438; x_wconf 85' lang='lat' dir='ltr'>Macario</span> <span class='ocrx_word' id='word_1_396' title='bbox 3593 4373 3839 4435; x_wconf 76' lang='lat' dir='ltr'>Alexan-</span> 
     </span>
    </p>
   </div>
   <div class='ocr_carea' id='block_1_43' title="bbox 579 4468 3834 4556">
    <p class='ocr_par' dir='ltr' id='par_1_43' title="bbox 579 4468 3834 4556">
     <span class='ocr_line' id='line_1_45' title="bbox 579 4468 3834 4556; baseline -0.003 -16"><span class='ocrx_word' id='word_1_397' title='bbox 579 4485 832 4540; x_wconf 91' lang='lat' dir='ltr'>sanctus</span> <span class='ocrx_word' id='word_1_398' title='bbox 864 4476 1166 4540; x_wconf 90' lang='lat' dir='ltr'>Macarius</span> <span class='ocrx_word' id='word_1_399' title='bbox 1197 4493 1341 4537; x_wconf 91' lang='lat' dir='ltr'>eum</span> <span class='ocrx_word' id='word_1_400' title='bbox 1376 4474 1713 4556; x_wconf 89' lang='lat' dir='ltr'>deceptum</span> <span class='ocrx_word' id='word_1_401' title='bbox 1750 4493 1887 4538; x_wconf 89' lang='lat' dir='ltr'>esse</span> <span class='ocrx_word' id='word_1_402' title='bbox 1919 4494 2159 4555; x_wconf 83' lang='lat' dir='ltr'>cogno—</span> <span class='ocrx_word' id='word_1_403' title='bbox 2264 4468 2446 4530; x_wconf 85' lang='lat' dir='ltr'>drino</span> <span class='ocrx_word' id='word_1_404' title='bbox 2492 4486 2527 4530; x_wconf 91' lang='lat' dir='ltr'>e</span> <span class='ocrx_word' id='word_1_405' title='bbox 2564 4469 2725 4533; x_wconf 94' lang='lat' dir='ltr'>libro</span> <span class='ocrx_word' id='word_1_406' title='bbox 2764 4471 3020 4534; x_wconf 87' lang='lat' dir='ltr'>Palladii</span> <span class='ocrx_word' id='word_1_407' title='bbox 3065 4478 3652 4552; x_wconf 86' lang='lat' dir='ltr'>cognoscendamm</span> <span class='ocrx_word' id='word_1_408' title='bbox 3700 4488 3834 4552; x_wconf 86' lang='lat' dir='ltr'>per-</span> 
     </span>
    </p>
   </div>
   <div class='ocr_carea' id='block_1_44' title="bbox 580 4571 3835 4654">
    <p class='ocr_par' dir='ltr' id='par_1_44' title="bbox 580 4571 3835 4654">
     <span class='ocr_line' id='line_1_46' title="bbox 580 4571 3835 4654; baseline -0.001 -22"><span class='ocrx_word' id='word_1_409' title='bbox 580 4579 791 4654; x_wconf 74' lang='lat' dir='ltr'>visset,</span> <span class='ocrx_word' id='word_1_410' title='bbox 826 4578 975 4639; x_wconf 83' lang='lat' dir='ltr'>abiit</span> <span class='ocrx_word' id='word_1_411' title='bbox 1000 4577 1079 4639; x_wconf 81' lang='lat' dir='ltr'>ad</span> <span class='ocrx_word' id='word_1_412' title='bbox 1108 4594 1253 4638; x_wconf 86' lang='lat' dir='ltr'>eum</span> <span class='ocrx_word' id='word_1_413' title='bbox 1290 4575 1773 4651; x_wconf 73' lang='lat' dir='ltr'>cohortandum,</span> <span class='ocrx_word' id='word_1_414' title='bbox 1805 4584 1903 4639; x_wconf 79' lang='lat' dir='ltr'>et:</span> <span class='ocrx_word' id='word_1_415' title='bbox 1932 4579 2164 4641; x_wconf 77' lang='lat' dir='ltr'>Valens</span> <span class='ocrx_word' id='word_1_416' title='bbox 2196 4572 2241 4629; x_wconf 85' lang='grc' dir='ltr'>ο</span> <span class='ocrx_word' id='word_1_417' title='bbox 2266 4571 3003 4637; x_wconf 89' lang='lat' dir='ltr'>venimus.Transeamus</span> <span class='ocrx_word' id='word_1_418' title='bbox 3021 4575 3213 4653; x_wconf 89' lang='lat' dir='ltr'>igitur</span> <span class='ocrx_word' id='word_1_419' title='bbox 3227 4577 3304 4638; x_wconf 89' lang='lat' dir='ltr'>ad</span> <span class='ocrx_word' id='word_1_420' title='bbox 3326 4578 3542 4639; x_wconf 84' lang='lat' dir='ltr'>Ruﬁni</span> <span class='ocrx_word' id='word_1_421' title='bbox 3560 4574 3835 4637; x_wconf 88' lang='lat' dir='ltr'>testimo—</span> 
     </span>
    </p>
   </div>
   <div class='ocr_carea' id='block_1_45' title="bbox 579 4672 3687 4760">
    <p class='ocr_par' dir='ltr' id='par_1_45' title="bbox 579 4672 3687 4760">
     <span class='ocr_line' id='line_1_47' title="bbox 579 4672 3687 4760; baseline -0.001 -18"><span class='ocrx_word' id='word_1_422' title='bbox 579 4679 792 4754; x_wconf 86' lang='lat' dir='ltr'>frater,</span> <span class='ocrx_word' id='word_1_423' title='bbox 825 4680 1053 4759; x_wconf 89' lang='lat' dir='ltr'>inquit,</span> <span class='ocrx_word' id='word_1_424' title='bbox 1086 4678 1309 4740; x_wconf 92' lang='lat' dir='ltr'>illusus</span> <span class='ocrx_word' id='word_1_425' title='bbox 1336 4696 1443 4753; x_wconf 85' lang='lat' dir='ltr'>es;</span> <span class='ocrx_word' id='word_1_426' title='bbox 1479 4678 1696 4740; x_wconf 87' lang='lat' dir='ltr'>desine</span> <span class='ocrx_word' id='word_1_427' title='bbox 1727 4686 1787 4741; x_wconf 91' lang='lat' dir='ltr'>et</span> <span class='ocrx_word' id='word_1_428' title='bbox 1819 4680 2160 4760; x_wconf 87' lang='lat' dir='ltr'>deprecare</span> <span class='ocrx_word' id='word_1_429' title='bbox 2269 4672 2372 4733; x_wconf 78' lang='lat' dir='ltr'>nia</span> <span class='ocrx_word' id='word_1_430' title='bbox 2401 4672 2479 4734; x_wconf 77' lang='lat' dir='ltr'>de</span> <span class='ocrx_word' id='word_1_431' title='bbox 2504 4673 2787 4735; x_wconf 78' lang='lat' dir='ltr'>Macariis</span> <span class='ocrx_word' id='word_1_432' title='bbox 2816 4678 3121 4756; x_wconf 74' lang='lat' dir='ltr'>Aegyptio</span> <span class='ocrx_word' id='word_1_433' title='bbox 3153 4686 3214 4739; x_wconf 90' lang='lat' dir='ltr'>et</span> <span class='ocrx_word' id='word_1_434' title='bbox 3243 4678 3687 4741; x_wconf 82' lang='lat' dir='ltr'>Alexandrino.</span> 
     </span>
    </p>
   </div>
   <div class='ocr_carea' id='block_1_46' title="bbox 580 4778 2154 4854">
    <p class='ocr_par' dir='ltr' id='par_1_46' title="bbox 580 4778 2154 4854">
     <span class='ocr_line' id='line_1_48' title="bbox 580 4778 2154 4854; baseline 0.001 -13"><span class='ocrx_word' id='word_1_435' title='bbox 580 4779 812 4843; x_wconf 79' lang='lat' dir='ltr'>Deum!</span> <span class='ocrx_word' id='word_1_436' title='bbox 854 4779 970 4852; x_wconf 89' lang='lat' dir='ltr'>Qui</span> <span class='ocrx_word' id='word_1_437' title='bbox 1006 4778 1500 4841; x_wconf 81' lang='lat' dir='ltr'>admonitionem</span> <span class='ocrx_word' id='word_1_438' title='bbox 1547 4780 1683 4840; x_wconf 90' lang='lat' dir='ltr'>eius</span> <span class='ocrx_word' id='word_1_439' title='bbox 1722 4796 1850 4841; x_wconf 90' lang='lat' dir='ltr'>non</span> <span class='ocrx_word' id='word_1_440' title='bbox 1901 4780 2154 4854; x_wconf 88' lang='lat' dir='ltr'>audivit,</span> 
     </span>
    </p>
   </div>
   <div class='ocr_carea' id='block_1_47' title="bbox 580 4839 3250 4959">
    <p class='ocr_par' dir='ltr' id='par_1_47' title="bbox 580 4839 3250 4959">
     <span class='ocr_line' id='line_1_49' title="bbox 580 4839 3250 4959; baseline -0.009 -14"><span class='ocrx_word' id='word_1_441' title='bbox 580 4839 1103 4945; x_wconf 38' lang='lat' dir='ltr'>se-dwinob‘ediens</span> <span class='ocrx_word' id='word_1_442' title='bbox 1134 4878 1467 4941; x_wconf 90' lang='lat' dir='ltr'>oblocutus</span> <span class='ocrx_word' id='word_1_443' title='bbox 1496 4839 2159 4959; x_wconf 32' lang='lat' dir='ltr'>ementibus—igitur:</span> <span class='ocrx_word' id='word_1_444' title='bbox 2866 4839 3108 4900; x_wconf 62' lang='lat' dir='ltr'><strong>CAPUT</strong></span> <span class='ocrx_word' id='word_1_445' title='bbox 3152 4839 3250 4901; x_wconf 73' lang='lat' dir='ltr'>IV-</span> 
     </span>
    </p>
   </div>
   <div class='ocr_carea' id='block_1_48' title="bbox 582 4976 3833 5061">
    <p class='ocr_par' dir='ltr' id='par_1_48' title="bbox 582 4976 3833 5061">
     <span class='ocr_line' id='line_1_50' title="bbox 582 4976 3833 5061; baseline -0.001 -18"><span class='ocrx_word' id='word_1_446' title='bbox 582 4998 780 5061; x_wconf 91' lang='lat' dir='ltr'>quum</span> <span class='ocrx_word' id='word_1_447' title='bbox 842 4985 1237 5061; x_wconf 89' lang='lat' dir='ltr'>compertum</span> <span class='ocrx_word' id='word_1_448' title='bbox 1296 4976 1574 5051; x_wconf 86' lang='lat' dir='ltr'>haberet,</span> <span class='ocrx_word' id='word_1_449' title='bbox 1638 4980 1974 5041; x_wconf 79' lang='lat' dir='ltr'>maximam</span> <span class='ocrx_word' id='word_1_450' title='bbox 2038 4982 2158 5043; x_wconf 91' lang='lat' dir='ltr'>sibi</span> <span class='ocrx_word' id='word_1_451' title='bbox 2265 4997 2538 5041; x_wconf 67' lang='lat' dir='ltr'>nummus</span> <span class='ocrx_word' id='word_1_452' title='bbox 2592 4999 2674 5041; x_wconf 74' lang='lat' dir='ltr'>ne</span> <span class='ocrx_word' id='word_1_453' title='bbox 2736 4997 2989 5043; x_wconf 76' lang='lat' dir='ltr'>SANCTIS</span> <span class='ocrx_word' id='word_1_454' title='bbox 3053 5002 3342 5045; x_wconf 57' lang='lat' dir='ltr'>manus</span> <span class='ocrx_word' id='word_1_455' title='bbox 3410 4978 3713 5047; x_wconf 77' lang='lat' dir='ltr'>AEGYP’I‘IO</span> <span class='ocrx_word' id='word_1_456' title='bbox 3767 4990 3833 5034; x_wconf 68' lang='grc' dir='ltr'><strong><em>Π</em></strong></span> 
     </span>
    </p>
   </div>
   <div class='ocr_carea' id='block_1_49' title="bbox 583 5078 3293 5155">
    <p class='ocr_par' dir='ltr' id='par_1_49' title="bbox 583 5078 3293 5155">
     <span class='ocr_line' id='line_1_51' title="bbox 583 5078 3293 5155; baseline -0 -14"><span class='ocrx_word' id='word_1_457' title='bbox 583 5080 771 5141; x_wconf 83' lang='lat' dir='ltr'>ﬁdem</span> <span class='ocrx_word' id='word_1_458' title='bbox 815 5097 960 5141; x_wconf 89' lang='lat' dir='ltr'>eum</span> <span class='ocrx_word' id='word_1_459' title='bbox 1013 5078 1330 5152; x_wconf 86' lang='lat' dir='ltr'>habuisse,</span> <span class='ocrx_word' id='word_1_460' title='bbox 1390 5079 1652 5155; x_wconf 84' lang='lat' dir='ltr'>ﬁguram</span> <span class='ocrx_word' id='word_1_461' title='bbox 1704 5079 2157 5141; x_wconf 84' lang='lat' dir='ltr'>Salvatorisin-</span> <span class='ocrx_word' id='word_1_462' title='bbox 2828 5079 3293 5125; x_wconf 57' lang='lat' dir='ltr'>ALEXANDRINO-</span> 
     </span>
    </p>
   </div>
   <div class='ocr_carea' id='block_1_50' title="bbox 637 1765 2151 1849">
    <p class='ocr_par' dir='ltr' id='par_1_50' title="bbox 637 1765 2151 1849">
     <span class='ocr_line' id='line_1_52' title="bbox 637 1765 2151 1849; baseline 0.005 -24"><span class='ocrx_word' id='word_1_463' title='bbox 637 1765 923 1845; x_wconf 87' lang='lat' dir='ltr'>Denique</span> <span class='ocrx_word' id='word_1_464' title='bbox 991 1767 1296 1829; x_wconf 90' lang='lat' dir='ltr'>Macarius</span> <span class='ocrx_word' id='word_1_465' title='bbox 1370 1769 1704 1849; x_wconf 81' lang='lat' dir='ltr'>presbyter</span> <span class='ocrx_word' id='word_1_466' title='bbox 1766 1776 2151 1833; x_wconf 88' lang='lat' dir='ltr'>memoratur</span> 
     </span>
    </p>
   </div>
   <div class='ocr_carea' id='block_1_51' title="bbox 2335 2423 3855 2504">
    <p class='ocr_par' dir='ltr' id='par_1_51' title="bbox 2335 2423 3855 2504">
     <span class='ocr_line' id='line_1_53' title="bbox 2335 2423 3855 2504; baseline 0.001 -21"><span class='ocrx_word' id='word_1_467' title='bbox 2335 2424 2637 2484; x_wconf 87' lang='lat' dir='ltr'>Macarius</span> <span class='ocrx_word' id='word_1_468' title='bbox 2692 2423 2796 2484; x_wconf 91' lang='lat' dir='ltr'>ille</span> <span class='ocrx_word' id='word_1_469' title='bbox 2855 2425 3189 2504; x_wconf 87' lang='lat' dir='ltr'>presbyter</span> <span class='ocrx_word' id='word_1_470' title='bbox 3250 2423 3595 2487; x_wconf 80' lang='lat' dir='ltr'>Valentem</span> <span class='ocrx_word' id='word_1_471' title='bbox 3660 2424 3855 2486; x_wconf 85' lang='lat' dir='ltr'>corri-</span> 
     </span>
    </p>
   </div>
   <div class='ocr_carea' id='block_1_52' title="bbox 2256 2521 3857 2602">
    <p class='ocr_par' dir='ltr' id='par_1_52' title="bbox 2256 2521 3857 2602">
     <span class='ocr_line' id='line_1_54' title="bbox 2256 2521 3857 2602; baseline 0.002 -21"><span class='ocrx_word' id='word_1_472' title='bbox 2256 2521 2440 2601; x_wconf 90' lang='lat' dir='ltr'>piens</span> <span class='ocrx_word' id='word_1_473' title='bbox 2475 2529 2536 2582; x_wconf 86' lang='lat' dir='ltr'>et</span> <span class='ocrx_word' id='word_1_474' title='bbox 2564 2522 2933 2596; x_wconf 86' lang='lat' dir='ltr'>admonens,</span> <span class='ocrx_word' id='word_1_475' title='bbox 2970 2524 3121 2602; x_wconf 87' lang='lat' dir='ltr'>quin</span> <span class='ocrx_word' id='word_1_476' title='bbox 3154 2524 3461 2586; x_wconf 86' lang='lat' dir='ltr'>Macarius</span> <span class='ocrx_word' id='word_1_477' title='bbox 3494 2524 3857 2587; x_wconf 76' lang='lat' dir='ltr'>Alexandri-</span> 
     </span>
    </p>
   </div>
   <div class='ocr_carea' id='block_1_53' title="bbox 2259 2625 3857 2706">
    <p class='ocr_par' dir='ltr' id='par_1_53' title="bbox 2259 2625 3857 2706">
     <span class='ocr_line' id='line_1_55' title="bbox 2259 2625 3857 2706; baseline 0 -19"><span class='ocrx_word' id='word_1_478' title='bbox 2259 2643 2399 2700; x_wconf 89' lang='lat' dir='ltr'>nus,</span> <span class='ocrx_word' id='word_1_479' title='bbox 2457 2627 2787 2706; x_wconf 80' lang='lat' dir='ltr'>presbyter</span> <span class='ocrx_word' id='word_1_480' title='bbox 2842 2625 3238 2695; x_wconf 85' lang='lat' dir='ltr'>Cellularum,</span> <span class='ocrx_word' id='word_1_481' title='bbox 3295 2626 3518 2701; x_wconf 82' lang='lat' dir='ltr'>fuerit,</span> <span class='ocrx_word' id='word_1_482' title='bbox 3584 2626 3857 2688; x_wconf 87' lang='lat' dir='ltr'>dubitari</span> 
     </span>
    </p>
   </div>
   <div class='ocr_carea' id='block_1_54' title="bbox 2261 2722 3848 2807">
    <p class='ocr_par' dir='ltr' id='par_1_54' title="bbox 2261 2722 3848 2807">
     <span class='ocr_line' id='line_1_56' title="bbox 2261 2722 3848 2807; baseline 0.001 -20"><span class='ocrx_word' id='word_1_483' title='bbox 2261 2727 2357 2787; x_wconf 72' lang='lat' dir='ltr'>vix</span> <span class='ocrx_word' id='word_1_484' title='bbox 2427 2734 2660 2807; x_wconf 79' lang='lat' dir='ltr'>potest.</span> <span class='ocrx_word' id='word_1_485' title='bbox 2722 2729 2877 2788; x_wconf 88' lang='lat' dir='ltr'>Nam</span> <span class='ocrx_word' id='word_1_486' title='bbox 2938 2727 3263 2787; x_wconf 79' lang='lat' dir='ltr'>Valentem</span> <span class='ocrx_word' id='word_1_487' title='bbox 3335 2728 3405 2788; x_wconf 91' lang='lat' dir='ltr'>in</span> <span class='ocrx_word' id='word_1_488' title='bbox 3474 2722 3848 2796; x_wconf 85' lang='lat' dir='ltr'>solitudine,</span> 
     </span>
    </p>
   </div>
   <div class='ocr_carea' id='block_1_55' title="bbox 2258 2826 3850 2906">
    <p class='ocr_par' dir='ltr' id='par_1_55' title="bbox 2258 2826 3850 2906">
     <span class='ocr_line' id='line_1_57' title="bbox 2258 2826 3850 2906; baseline -0.001 -18"><span class='ocrx_word' id='word_1_489' title='bbox 2258 2828 2325 2889; x_wconf 90' lang='lat' dir='ltr'>in</span> <span class='ocrx_word' id='word_1_490' title='bbox 2382 2845 2504 2906; x_wconf 90' lang='lat' dir='ltr'>qua</span> <span class='ocrx_word' id='word_1_491' title='bbox 2569 2826 2883 2889; x_wconf 86' lang='lat' dir='ltr'>Palladius</span> <span class='ocrx_word' id='word_1_492' title='bbox 2948 2828 3130 2901; x_wconf 79' lang='lat' dir='ltr'>vixit,</span> <span class='ocrx_word' id='word_1_493' title='bbox 3185 2826 3249 2887; x_wconf 93' lang='lat' dir='ltr'>h.</span> <span class='ocrx_word' id='word_1_494' title='bbox 3319 2844 3377 2888; x_wconf 88' lang='lat' dir='ltr'>e.</span> <span class='ocrx_word' id='word_1_495' title='bbox 3428 2828 3500 2889; x_wconf 92' lang='lat' dir='ltr'>in</span> <span class='ocrx_word' id='word_1_496' title='bbox 3570 2826 3850 2899; x_wconf 88' lang='lat' dir='ltr'>Cellulis,</span> 
     </span>
    </p>
   </div>
   <div class='ocr_carea' id='block_1_56' title="bbox 2260 2928 3849 3010">
    <p class='ocr_par' dir='ltr' id='par_1_56' title="bbox 2260 2928 3849 3010">
     <span class='ocr_line' id='line_1_58' title="bbox 2260 2928 3849 3010; baseline -0.001 -20"><span class='ocrx_word' id='word_1_497' title='bbox 2260 2930 2453 3007; x_wconf 87' lang='lat' dir='ltr'>longo</span> <span class='ocrx_word' id='word_1_498' title='bbox 2531 2936 2817 3010; x_wconf 86' lang='lat' dir='ltr'>tempore</span> <span class='ocrx_word' id='word_1_499' title='bbox 2887 2928 3197 2991; x_wconf 85' lang='lat' dir='ltr'>habitasse</span> <span class='ocrx_word' id='word_1_500' title='bbox 3267 2929 3565 3008; x_wconf 86' lang='lat' dir='ltr'>legimus.</span> <span class='ocrx_word' id='word_1_501' title='bbox 3632 2930 3849 3009; x_wconf 84' lang='lat' dir='ltr'>Sequi-</span> 
     </span>
    </p>
   </div>
   <div class='ocr_carea' id='block_1_57' title="bbox 2262 3032 3848 3112">
    <p class='ocr_par' dir='ltr' id='par_1_57' title="bbox 2262 3032 3848 3112">
     <span class='ocr_line' id='line_1_59' title="bbox 2262 3032 3848 3112; baseline -0.001 -19"><span class='ocrx_word' id='word_1_502' title='bbox 2262 3040 2362 3094; x_wconf 87' lang='lat' dir='ltr'>tur</span> <span class='ocrx_word' id='word_1_503' title='bbox 2407 3033 2678 3096; x_wconf 86' lang='lat' dir='ltr'>narratio</span> <span class='ocrx_word' id='word_1_504' title='bbox 2727 3034 2805 3094; x_wconf 93' lang='lat' dir='ltr'>de</span> <span class='ocrx_word' id='word_1_505' title='bbox 2852 3035 3129 3107; x_wconf 85' lang='lat' dir='ltr'>Herone,</span> <span class='ocrx_word' id='word_1_506' title='bbox 3170 3033 3281 3112; x_wconf 90' lang='lat' dir='ltr'>qui</span> <span class='ocrx_word' id='word_1_507' title='bbox 3323 3056 3351 3089; x_wconf 78' lang='grc' dir='ltr'><strong>α</strong></span> <span class='ocrx_word' id='word_1_508' title='bbox 3403 3032 3667 3094; x_wconf 87' lang='lat' dir='ltr'>beatum</span> <span class='ocrx_word' id='word_1_509' title='bbox 3700 3033 3848 3093; x_wconf 83' lang='lat' dir='ltr'>Eva—</span> 
     </span>
    </p>
   </div>
   <div class='ocr_carea' id='block_1_58' title="bbox 2264 3130 3843 3211">
    <p class='ocr_par' dir='ltr' id='par_1_58' title="bbox 2264 3130 3843 3211">
     <span class='ocr_line' id='line_1_60' title="bbox 2264 3130 3843 3211; baseline 0.003 -17"><span class='ocrx_word' id='word_1_510' title='bbox 2264 3133 2467 3211; x_wconf 85' lang='lat' dir='ltr'>grium</span> <span class='ocrx_word' id='word_1_511' title='bbox 2535 3158 2561 3190; x_wconf 76' lang='grc' dir='ltr'>ι)</span> <span class='ocrx_word' id='word_1_512' title='bbox 2635 3134 2946 3195; x_wconf 90' lang='lat' dir='ltr'>consimili</span> <span class='ocrx_word' id='word_1_513' title='bbox 3010 3134 3392 3196; x_wconf 87' lang='lat' dir='ltr'>contumelia</span> <span class='ocrx_word' id='word_1_514' title='bbox 3456 3134 3674 3197; x_wconf 79' lang='lat' dir='ltr'>affecit</span> <span class='ocrx_word' id='word_1_515' title='bbox 3747 3130 3843 3211; x_wconf 67' lang='grc'>(2)-</span> 
     </span>
    </p>
   </div>
   <div class='ocr_carea' id='block_1_59' title="bbox 2186 3222 3846 3315">
    <p class='ocr_par' dir='ltr' id='par_1_59' title="bbox 2186 3222 3846 3315">
     <span class='ocr_line' id='line_1_61' title="bbox 2186 3222 3846 3315; baseline -0.001 -23"><span class='ocrx_word' id='word_1_516' title='bbox 2186 3222 2225 3281; x_wconf 84' lang='lat' dir='ltr'><strong><em>C</em></strong></span> <span class='ocrx_word' id='word_1_517' title='bbox 2261 3233 2379 3293; x_wconf 89' lang='lat' dir='ltr'>Ubi</span> <span class='ocrx_word' id='word_1_518' title='bbox 2427 3235 2730 3295; x_wconf 78' lang='lat' dir='ltr'>Hervetus</span> <span class='ocrx_word' id='word_1_519' title='bbox 2761 3235 2827 3295; x_wconf 90' lang='lat' dir='ltr'>in</span> <span class='ocrx_word' id='word_1_520' title='bbox 2868 3234 3153 3311; x_wconf 82' lang='lat' dir='ltr'>margine</span> <span class='ocrx_word' id='word_1_521' title='bbox 3198 3233 3559 3315; x_wconf 88' lang='lat' dir='ltr'>adscripsit,</span> <span class='ocrx_word' id='word_1_522' title='bbox 3615 3231 3846 3311; x_wconf 87' lang='lat' dir='ltr'>Evagrii</span> 
     </span>
    </p>
   </div>
   <div class='ocr_carea' id='block_1_60' title="bbox 2256 3331 3846 3415">
    <p class='ocr_par' dir='ltr' id='par_1_60' title="bbox 2256 3331 3846 3415">
     <span class='ocr_line' id='line_1_62' title="bbox 2256 3331 3846 3415; baseline -0.001 -22"><span class='ocrx_word' id='word_1_523' title='bbox 2256 3331 2403 3394; x_wconf 87' lang='lat' dir='ltr'>loco</span> <span class='ocrx_word' id='word_1_524' title='bbox 2433 3334 2498 3393; x_wconf 92' lang='lat' dir='ltr'>in</span> <span class='ocrx_word' id='word_1_525' title='bbox 2530 3332 2667 3395; x_wconf 91' lang='lat' dir='ltr'>aliis</span> <span class='ocrx_word' id='word_1_526' title='bbox 2706 3334 3031 3395; x_wconf 87' lang='lat' dir='ltr'>codicibus</span> <span class='ocrx_word' id='word_1_527' title='bbox 3076 3356 3104 3389; x_wconf 85' lang='lat'><strong>«</strong></span> <span class='ocrx_word' id='word_1_528' title='bbox 3138 3334 3477 3396; x_wconf 88' lang='lat' dir='ltr'>Macarium</span> <span class='ocrx_word' id='word_1_529' title='bbox 3520 3335 3846 3415; x_wconf 83' lang='lat' dir='ltr'>presbyte-</span> 
     </span>
    </p>
   </div>
   <div class='ocr_carea' id='block_1_61' title="bbox 2261 3431 3847 3515">
    <p class='ocr_par' dir='ltr' id='par_1_61' title="bbox 2261 3431 3847 3515">
     <span class='ocr_line' id='line_1_63' title="bbox 2261 3431 3847 3515; baseline -0.003 -22"><span class='ocrx_word' id='word_1_530' title='bbox 2261 3451 2399 3494; x_wconf 88' lang='lat' dir='ltr'>rum</span> <span class='ocrx_word' id='word_1_531' title='bbox 2435 3458 2460 3489; x_wconf 86' lang='lat'><strong>»</strong></span> <span class='ocrx_word' id='word_1_532' title='bbox 2495 3433 2617 3512; x_wconf 87' lang='lat' dir='ltr'>legi</span> <span class='ocrx_word' id='word_1_533' title='bbox 2658 3435 2764 3513; x_wconf 86' lang='lat'>(3).</span> <span class='ocrx_word' id='word_1_534' title='bbox 2802 3437 2967 3508; x_wconf 86' lang='lat' dir='ltr'>Quae</span> <span class='ocrx_word' id='word_1_535' title='bbox 3010 3433 3366 3513; x_wconf 86' lang='lat' dir='ltr'>corruptela</span> <span class='ocrx_word' id='word_1_536' title='bbox 3404 3434 3632 3515; x_wconf 87' lang='lat' dir='ltr'>procul</span> <span class='ocrx_word' id='word_1_537' title='bbox 3663 3431 3847 3493; x_wconf 88' lang='lat' dir='ltr'>dubio</span> 
     </span>
    </p>
   </div>
   <div class='ocr_carea' id='block_1_62' title="bbox 2261 3532 3847 3613">
    <p class='ocr_par' dir='ltr' id='par_1_62' title="bbox 2261 3532 3847 3613">
     <span class='ocr_line' id='line_1_64' title="bbox 2261 3532 3847 3613; baseline -0.001 -20"><span class='ocrx_word' id='word_1_538' title='bbox 2261 3532 2409 3594; x_wconf 89' lang='lat' dir='ltr'>inde</span> <span class='ocrx_word' id='word_1_539' title='bbox 2458 3541 2607 3595; x_wconf 86' lang='lat' dir='ltr'>nata</span> <span class='ocrx_word' id='word_1_540' title='bbox 2657 3539 2767 3607; x_wconf 87' lang='lat' dir='ltr'>est,</span> <span class='ocrx_word' id='word_1_541' title='bbox 2820 3533 2987 3613; x_wconf 87' lang='lat' dir='ltr'>quod</span> <span class='ocrx_word' id='word_1_542' title='bbox 3037 3533 3241 3613; x_wconf 84' lang='lat' dir='ltr'>capite</span> <span class='ocrx_word' id='word_1_543' title='bbox 3300 3536 3721 3596; x_wconf 80' lang='lat' dir='ltr'>antecedente</span> <span class='ocrx_word' id='word_1_544' title='bbox 3772 3532 3847 3592; x_wconf 87' lang='lat' dir='ltr'>de</span> 
     </span>
    </p>
   </div>
   <div class='ocr_carea' id='block_1_63' title="bbox 2261 3630 3846 3713">
    <p class='ocr_par' dir='ltr' id='par_1_63' title="bbox 2261 3630 3846 3713">
     <span class='ocr_line' id='line_1_65' title="bbox 2261 3630 3846 3713; baseline -0.003 -20"><span class='ocrx_word' id='word_1_545' title='bbox 2261 3633 2527 3694; x_wconf 87' lang='lat' dir='ltr'>Macario</span> <span class='ocrx_word' id='word_1_546' title='bbox 2550 3634 2945 3713; x_wconf 81' lang='lat' dir='ltr'>presbytero,</span> <span class='ocrx_word' id='word_1_547' title='bbox 2964 3633 3030 3692; x_wconf 89' lang='lat' dir='ltr'>in</span> <span class='ocrx_word' id='word_1_548' title='bbox 3054 3650 3242 3711; x_wconf 86' lang='lat' dir='ltr'>quem</span> <span class='ocrx_word' id='word_1_549' title='bbox 3262 3630 3497 3694; x_wconf 70' lang='lat' dir='ltr'>Valens</span> <span class='ocrx_word' id='word_1_550' title='bbox 3517 3630 3846 3713; x_wconf 80' lang='lat' dir='ltr'>superbiis—</span> 
     </span>
    </p>
   </div>
   <div class='ocr_carea' id='block_1_64' title="bbox 2261 3732 3841 3815">
    <p class='ocr_par' dir='ltr' id='par_1_64' title="bbox 2261 3732 3841 3815">
     <span class='ocr_line' id='line_1_66' title="bbox 2261 3732 3841 3815; baseline -0.003 -20"><span class='ocrx_word' id='word_1_551' title='bbox 2261 3742 2377 3807; x_wconf 88' lang='lat' dir='ltr'>set,</span> <span class='ocrx_word' id='word_1_552' title='bbox 2420 3741 2737 3796; x_wconf 82' lang='lat' dir='ltr'>narratum</span> <span class='ocrx_word' id='word_1_553' title='bbox 2784 3740 2934 3795; x_wconf 85' lang='lat' dir='ltr'>erat.</span> <span class='ocrx_word' id='word_1_554' title='bbox 2992 3732 3351 3794; x_wconf 89' lang='lat' dir='ltr'>Editionum</span> <span class='ocrx_word' id='word_1_555' title='bbox 3394 3752 3660 3815; x_wconf 89' lang='lat' dir='ltr'>quoque</span> <span class='ocrx_word' id='word_1_556' title='bbox 3712 3749 3841 3792; x_wconf 89' lang='lat' dir='ltr'>ver-</span> 
     </span>
    </p>
   </div>
   <div class='ocr_carea' id='block_1_65' title="bbox 582 5178 3829 5265">
    <p class='ocr_par' dir='ltr' id='par_1_65' title="bbox 582 5178 3829 5265">
     <span class='ocr_line' id='line_1_67' title="bbox 582 5178 3829 5265; baseline 0 -24"><span class='ocrx_word' id='word_1_557' title='bbox 582 5179 739 5252; x_wconf 91' lang='lat' dir='ltr'>duit,</span> <span class='ocrx_word' id='word_1_558' title='bbox 781 5184 843 5239; x_wconf 90' lang='lat' dir='ltr'>et</span> <span class='ocrx_word' id='word_1_559' title='bbox 878 5184 1068 5240; x_wconf 91' lang='lat' dir='ltr'>noctu</span> <span class='ocrx_word' id='word_1_560' title='bbox 1096 5178 1175 5240; x_wconf 91' lang='lat' dir='ltr'>ad</span> <span class='ocrx_word' id='word_1_561' title='bbox 1214 5194 1361 5241; x_wconf 91' lang='lat' dir='ltr'>eum</span> <span class='ocrx_word' id='word_1_562' title='bbox 1414 5178 1480 5238; x_wconf 92' lang='lat' dir='ltr'>in</span> <span class='ocrx_word' id='word_1_563' title='bbox 1530 5178 1963 5259; x_wconf 88' lang='lat' dir='ltr'>phantasmate</span> <span class='ocrx_word' id='word_1_564' title='bbox 2013 5199 2155 5243; x_wconf 91' lang='lat' dir='ltr'>cum</span> <span class='ocrx_word' id='word_1_565' title='bbox 2350 5194 2376 5265; x_wconf 84' lang='lat'>§</span> <span class='ocrx_word' id='word_1_566' title='bbox 2420 5190 2516 5252; x_wconf 73' lang='lat'>26.</span> <span class='ocrx_word' id='word_1_567' title='bbox 2549 5194 2619 5253; x_wconf 83' lang='lat' dir='ltr'>In</span> <span class='ocrx_word' id='word_1_568' title='bbox 2654 5192 2813 5255; x_wconf 72' lang='lat' dir='ltr'>libro</span> <span class='ocrx_word' id='word_1_569' title='bbox 2846 5197 3126 5259; x_wconf 77' lang='lat' dir='ltr'>secundo</span> <span class='ocrx_word' id='word_1_570' title='bbox 3155 5199 3280 5259; x_wconf 71' lang='lat' dir='ltr'>vv,</span> <span class='ocrx_word' id='word_1_571' title='bbox 3313 5200 3428 5261; x_wconf 68' lang='lat' dir='ltr'>Pp,</span> <span class='ocrx_word' id='word_1_572' title='bbox 3460 5187 3829 5261; x_wconf 82' lang='lat' dir='ltr'>collectionis</span> 
     </span>
    </p>
   </div>
   <div class='ocr_carea' id='block_1_66' title="bbox 580 5277 3824 5375">
    <p class='ocr_par' dir='ltr' id='par_1_66' title="bbox 580 5277 3824 5375">
     <span class='ocr_line' id='line_1_68' title="bbox 580 5277 3824 5375; baseline 0.002 -34"><span class='ocrx_word' id='word_1_573' title='bbox 580 5280 752 5341; x_wconf 91' lang='lat' dir='ltr'>mille</span> <span class='ocrx_word' id='word_1_574' title='bbox 791 5278 1202 5340; x_wconf 89' lang='lat' dir='ltr'>daemonibus</span> <span class='ocrx_word' id='word_1_575' title='bbox 1232 5278 1553 5358; x_wconf 89' lang='lat' dir='ltr'>lampadas</span> <span class='ocrx_word' id='word_1_576' title='bbox 1586 5277 1933 5342; x_wconf 85' lang='lat' dir='ltr'>ferentibus</span> <span class='ocrx_word' id='word_1_577' title='bbox 1963 5285 2156 5357; x_wconf 89' lang='lat' dir='ltr'>venit,</span> <span class='ocrx_word' id='word_1_578' title='bbox 2265 5292 2735 5355; x_wconf 80' lang='lat' dir='ltr'>Rosweidianac</span> <span class='ocrx_word' id='word_1_579' title='bbox 2794 5296 2872 5357; x_wconf 83' lang='lat' dir='ltr'>de</span> <span class='ocrx_word' id='word_1_580' title='bbox 2940 5299 3221 5361; x_wconf 73' lang='lat' dir='ltr'>Macariis</span> <span class='ocrx_word' id='word_1_581' title='bbox 3274 5299 3429 5363; x_wconf 74' lang='lat' dir='ltr'>haec</span> <span class='ocrx_word' id='word_1_582' title='bbox 3489 5299 3824 5375; x_wconf 81' lang='lat' dir='ltr'>leguntur:</span> 
     </span>
    </p>
   </div>
   <div class='ocr_carea' id='block_1_67' title="bbox 581 5379 3827 5482">
    <p class='ocr_par' dir='ltr' id='par_1_67' title="bbox 581 5379 3827 5482">
     <span class='ocr_line' id='line_1_69' title="bbox 581 5379 3827 5482; baseline 0.003 -38"><span class='ocrx_word' id='word_1_583' title='bbox 581 5389 911 5459; x_wconf 80' lang='lat' dir='ltr'>ratamque</span> <span class='ocrx_word' id='word_1_584' title='bbox 932 5379 1179 5456; x_wconf 84' lang='lat' dir='ltr'>igneam</span> <span class='ocrx_word' id='word_1_585' title='bbox 1212 5379 1585 5452; x_wconf 87' lang='lat' dir='ltr'>ostendit,in</span> <span class='ocrx_word' id='word_1_586' title='bbox 1608 5398 1730 5458; x_wconf 88' lang='lat' dir='ltr'>qua</span> <span class='ocrx_word' id='word_1_587' title='bbox 1748 5381 2164 5446; x_wconf 90' lang='lat' dir='ltr'>mediaSalva-</span> <span class='ocrx_word' id='word_1_588' title='bbox 2272 5417 2299 5447; x_wconf 86' lang='lat'><strong><em>«</em></strong></span> <span class='ocrx_word' id='word_1_589' title='bbox 2335 5394 2678 5456; x_wconf 86' lang='lat' dir='ltr'>Narrabant</span> <span class='ocrx_word' id='word_1_590' title='bbox 2706 5402 2914 5459; x_wconf 90' lang='lat' dir='ltr'>autem</span> <span class='ocrx_word' id='word_1_591' title='bbox 2945 5400 3128 5462; x_wconf 92' lang='lat' dir='ltr'>nobis</span> <span class='ocrx_word' id='word_1_592' title='bbox 3162 5404 3321 5475; x_wconf 87' lang='lat'>110</span> <span class='ocrx_word' id='word_1_593' title='bbox 3352 5400 3602 5482; x_wconf 89' lang='lat' dir='ltr'>quidam</span> <span class='ocrx_word' id='word_1_594' title='bbox 3631 5411 3704 5457; x_wconf 78' lang='lat' dir='ltr'>ex</span> <span class='ocrx_word' id='word_1_595' title='bbox 3731 5405 3827 5470; x_wconf 66' lang='lat' dir='ltr'>pa-</span> 
     </span>
    </p>
   </div>
   <div class='ocr_carea' id='block_1_68' title="bbox 654 5570 3820 5669">
    <p class='ocr_par' dir='ltr' id='par_1_68' title="bbox 654 5570 3820 5669">
     <span class='ocr_line' id='line_1_70' title="bbox 654 5570 3820 5669; baseline 0.001 -17"><span class='ocrx_word' id='word_1_596' title='bbox 654 5596 958 5669; x_wconf 83' lang='lat' dir='ltr'>(i)&#39;l&#39;cxtus</span> <span class='ocrx_word' id='word_1_597' title='bbox 976 5596 2165 5667; x_wconf 80' lang='lat' dir='ltr'>graecuslegiturinl‘rainharquuacstio-</span> <span class='ocrx_word' id='word_1_598' title='bbox 2272 5603 2399 5640; x_wconf 75' lang='lat' dir='ltr'>num</span> <span class='ocrx_word' id='word_1_599' title='bbox 2438 5589 2749 5657; x_wconf 70' lang='grc' dir='ltr'>Αρρσηάίερ</span> <span class='ocrx_word' id='word_1_600' title='bbox 2774 5590 2964 5660; x_wconf 71' lang='grc' dir='ltr'>Ρτίοΐο</span> <span class='ocrx_word' id='word_1_601' title='bbox 2998 5590 3100 5645; x_wconf 75' lang='grc' dir='ltr'>8ιὼ</span> <span class='ocrx_word' id='word_1_602' title='bbox 3134 5590 3219 5653; x_wconf 76' lang='lat'>&quot;&#39;-</span> <span class='ocrx_word' id='word_1_603' title='bbox 3256 5591 3321 5657; x_wconf 57' lang='lat'><strong>4;</strong></span> <span class='ocrx_word' id='word_1_604' title='bbox 3355 5587 3494 5643; x_wconf 70' lang='grc' dir='ltr'>Πῖεῑ·</span> <span class='ocrx_word' id='word_1_605' title='bbox 3537 5582 3693 5637; x_wconf 66' lang='lat' dir='ltr'><strong>Laus&#39;</strong></span> <span class='ocrx_word' id='word_1_606' title='bbox 3741 5570 3820 5625; x_wconf 49' lang='grc' dir='ltr'>δι’</span> 
     </span>
    </p>
   </div>
   <div class='ocr_carea' id='block_1_69' title="bbox 586 5683 2754 5761">
    <p class='ocr_par' dir='ltr' id='par_1_69' title="bbox 586 5683 2754 5761">
     <span class='ocr_line' id='line_1_71' title="bbox 586 5683 2754 5761; baseline -0.003 -19"><span class='ocrx_word' id='word_1_607' title='bbox 586 5708 712 5744; x_wconf 89' lang='lat' dir='ltr'>num</span> <span class='ocrx_word' id='word_1_608' title='bbox 749 5691 1063 5761; x_wconf 86' lang='lat' dir='ltr'>Appendice</span> <span class='ocrx_word' id='word_1_609' title='bbox 1118 5690 1299 5759; x_wconf 88' lang='lat' dir='ltr'>priore</span> <span class='ocrx_word' id='word_1_610' title='bbox 1331 5691 1434 5744; x_wconf 87' lang='lat' dir='ltr'>sub</span> <span class='ocrx_word' id='word_1_611' title='bbox 1479 5687 1568 5744; x_wconf 81' lang='lat' dir='ltr'>lli.</span> <span class='ocrx_word' id='word_1_612' title='bbox 1597 5690 1649 5744; x_wconf 77' lang='lat'>3.</span> <span class='ocrx_word' id='word_1_613' title='bbox 1684 5689 1768 5743; x_wconf 82' lang='lat' dir='ltr'>Cf.</span> <span class='ocrx_word' id='word_1_614' title='bbox 1815 5690 1957 5746; x_wconf 87' lang='lat' dir='ltr'>llist.</span> <span class='ocrx_word' id='word_1_615' title='bbox 1992 5688 2159 5745; x_wconf 86' lang='lat' dir='ltr'>Laus.</span> <span class='ocrx_word' id='word_1_616' title='bbox 2269 5683 2471 5739; x_wconf 83' lang='lat' dir='ltr'>Meurs.</span> <span class='ocrx_word' id='word_1_617' title='bbox 2507 5700 2628 5752; x_wconf 84' lang='lat' dir='ltr'>cap.</span> <span class='ocrx_word' id='word_1_618' title='bbox 2667 5685 2754 5738; x_wconf 56' lang='grc' dir='ltr'>δεῖ.</span> 
     </span>
    </p>
   </div>
   <div class='ocr_carea' id='block_1_70' title="bbox 586 5775 2156 5851">
    <p class='ocr_par' dir='ltr' id='par_1_70' title="bbox 586 5781 2069 5851">
     <span class='ocr_line' id='line_1_72' title="bbox 586 5781 2069 5851; baseline -0.007 -16"><span class='ocrx_word' id='word_1_619' title='bbox 586 5782 670 5835; x_wconf 76' lang='lat' dir='ltr'>ed.</span> <span class='ocrx_word' id='word_1_620' title='bbox 703 5782 901 5837; x_wconf 82' lang='lat' dir='ltr'>Meurs.</span> <span class='ocrx_word' id='word_1_621' title='bbox 932 5798 1053 5851; x_wconf 85' lang='lat' dir='ltr'>cap.</span> <span class='ocrx_word' id='word_1_622' title='bbox 1084 5781 1172 5832; x_wconf 73' lang='lat'>3:2.</span> <span class='ocrx_word' id='word_1_623' title='bbox 1880 5795 1890 5805; x_wconf 88' lang='lat'><strong>-</strong></span> <span class='ocrx_word' id='word_1_624' title='bbox 2066 5796 2069 5797; x_wconf 52' lang='grc' dir='ltr'><em>ν</em></span> 
     </span>
    </p>
   </div>
   <div class='ocr_carea' id='block_1_71' title="bbox 2258 5775 3268 5851">
    <p class='ocr_par' dir='ltr' id='par_1_71' title="bbox 2339 5775 3268 5847">
     <span class='ocr_line' id='line_1_73' title="bbox 2339 5775 3268 5847; baseline -0.002 -16"><span class='ocrx_word' id='word_1_625' title='bbox 2339 5776 2415 5847; x_wconf 76' lang='lat'>(5)</span> <span class='ocrx_word' id='word_1_626' title='bbox 2461 5776 2573 5831; x_wconf 86' lang='lat' dir='ltr'>vv.</span> <span class='ocrx_word' id='word_1_627' title='bbox 2608 5776 2713 5830; x_wconf 85' lang='lat' dir='ltr'>PP.</span> <span class='ocrx_word' id='word_1_628' title='bbox 2750 5775 2931 5832; x_wconf 80' lang='lat' dir='ltr'>Rosw.</span> <span class='ocrx_word' id='word_1_629' title='bbox 2971 5794 3022 5847; x_wconf 73' lang='grc' dir='ltr'>ρ.</span> <span class='ocrx_word' id='word_1_630' title='bbox 3059 5778 3181 5840; x_wconf 63' lang='grc' dir='ltr'>τω,</span> <span class='ocrx_word' id='word_1_631' title='bbox 3222 5778 3268 5830; x_wconf 71' lang='grc' dir='ltr'>ι.</span> 
     </span>
    </p>
   </div>
   <div class='ocr_carea' id='block_1_72' title="bbox 650 5872 2160 5944">
    <p class='ocr_par' dir='ltr' id='par_1_72' title="bbox 650 5872 2160 5944">
     <span class='ocr_line' id='line_1_74' title="bbox 650 5872 2160 5944; baseline -0.001 -18"><span class='ocrx_word' id='word_1_632' title='bbox 650 5874 727 5942; x_wconf 75' lang='lat'>(9.)</span> <span class='ocrx_word' id='word_1_633' title='bbox 751 5874 955 5931; x_wconf 76' lang='lat' dir='ltr'>Textus</span> <span class='ocrx_word' id='word_1_634' title='bbox 974 5887 1206 5944; x_wconf 78' lang='lat' dir='ltr'>graecus</span> <span class='ocrx_word' id='word_1_635' title='bbox 1222 5872 1553 5927; x_wconf 71' lang='lat' dir='ltr'>exstzatinfra</span> <span class='ocrx_word' id='word_1_636' title='bbox 1579 5872 1843 5927; x_wconf 81' lang='lat' dir='ltr'>iubarum</span> <span class='ocrx_word' id='word_1_637' title='bbox 1870 5872 2160 5939; x_wconf 81' lang='lat' dir='ltr'>Quaestio-</span> 
     </span>
    </p>
   </div>
  </div>
