4046 6466
306 437 395 494 ιςει

1890 446 2118 503 VITAE.

3532 454 3635 512 108

319 562 528 637 tribus,
593 564 718 642 qui
782 566 891 628 ibi
942 568 1040 643 [in
1087 566 1357 645 Cellulis]
1404 574 1602 642 erant,
1658 568 1830 647 quod
1882 569 1948 630 in
1978 570 2024 627 A
2052 572 2152 628 tur
2183 565 2288 646 (2).
2326 569 2739 649 »Sequuntur
2758 576 2884 634 tres
2912 574 3302 635 narrationes
3326 572 3404 635 de
3424 569 3628 654 puella

329 665 472 729 locis
485 663 620 728 illis
647 665 792 730 duo
810 670 1083 732 Macarii
1102 669 1275 751 quasi
1298 670 1424 731 duo
1438 667 1600 731 coeli
1620 669 1949 732 luminaria

343 766 755 842 refulsissent,
816 786 905 831 ex
963 770 1195 850 quibus
1244 788 1410 831 unus
1459 770 1803 848 Aegyptius
1846 787 1951 847 ge-

351 886 482 930 nere
536 875 601 931 et
651 868 1028 950 discipulus
1075 870 1239 931 beati
1287 870 1544 930 Antonii
1591 868 1730 944 fuit,
1787 870 1947 932 alius

366 968 837 1033 Alexandrinus.
899 972 1136 1044 Quibus
1178 977 1247 1033 ut
1297 970 1598 1032 vocabula
1646 971 1942 1046 nominis,

366 1070 428 1130 ita
445 1070 710 1133 virtutes
746 1072 949 1135 animi
971 1080 1032 1135 et
1058 1072 1423 1141 coelestium
1454 1071 1790 1150 gratiarum
1818 1090 1946 1133 ma-

362 1174 717 1252 gniﬁcentia
748 1176 1197 1238 concordabat.
1235 1177 1511 1255 Uterque
1540 1174 1710 1236 enim
1746 1176 1945 1238 Maca-

357 1277 497 1350 rius,
546 1282 831 1355 uterque
862 1276 1273 1338 abstinentiae
1315 1275 1627 1339 exercitiis
1667 1281 1729 1337 et
1756 1276 1945 1339 virtu—

354 1377 513 1439 tibus
540 1378 745 1439 animi
777 1377 1121 1459 aequaliter
1151 1376 1433 1457 pollens;
1472 1375 1596 1439 hoc
1625 1376 1761 1439 solo
1782 1376 1942 1440 alius

350 1476 752 1555 praecellens
778 1526 793 1553 ,
836 1476 1008 1557 quod
1066 1477 1241 1557 quasi
1300 1476 1750 1540 haereditatem
1797 1494 1938 1556 gra-

352 1578 575 1638 tiarum
640 1584 708 1639 et
761 1577 1056 1664 virtutum
1112 1578 1278 1639 beati
1338 1577 1591 1640 Antonii
1648 1578 1937 1660 posside-

351 1678 443 1738 bat
477 1677 597 1759 (1).
638 1701 671 1733 ι»

416 1782 510 1840 En
544 1780 890 1843 Macarium
930 1780 1298 1859 Aegyptium
1342 1780 1404 1839 S.
1439 1779 1689 1841 Antonii
1728 1782 1937 1859 magni

2050 665 2116 726 in
2151 683 2376 745 equam
2404 676 2662 745 mutata,
2696 671 2773 733 de
2807 672 3017 751 puella
3042 674 3311 749 minore,
3344 674 3523 737 cuius
3553 693 3627 737 ex

2050 781 2317 844 corpore
2358 770 2663 831 vermium
2698 771 3029 832 innumera
3069 772 3403 837 multitudo
3448 773 3625 837 ebul-

2045 863 2259 940 liebat,
2311 873 2372 928 et
2412 868 2492 931 de
2536 877 2786 933 mortuo
2835 871 3093 935 homine
3137 873 3215 935 ad
3252 874 3627 937 Hieracitam

2045 964 2432 1030 haeretioum
2500 971 2915 1034 refellendum
2984 974 3403 1037 resuscitato:
3466 992 3629 1055 quae

2042 1066 2160 1126 tria
2186 1067 2435 1130 Macarii
2460 1071 2751 1149 Aegyptii
2778 1071 3077 1134 miracula
3105 1073 3229 1135 iam
3251 1089 3329 1134 ex
3351 1072 3630 1135 Palladio

2044 1169 2454 1244 cognovimus
2486 1170 2595 1251 (3).
2645 1171 2885 1234 Finitur
2928 1171 3185 1237 demum
3227 1174 3501 1237 narratio
3546 1172 3628 1235 li-

2042 1265 2140 1327 bri
2187 1269 2449 1331 secundi
2479 1270 2557 1333 de
2585 1272 2853 1335 Macario
2894 1273 3204 1353 Aegyptio
3233 1271 3332 1335 his
3372 1272 3623 1336 verbis:

2045 1390 2074 1424 α
2106 1369 2295 1432 Multa
2325 1372 2511 1433 etiam
2556 1378 2618 1434 et
2656 1372 2776 1435 alia
2803 1374 3168 1437 ferebantur
3198 1374 3278 1437 de
3323 1390 3425 1449 eo,
3463 1391 3625 1453 quae

2041 1470 2229 1532 nimis
2256 1472 2497 1551 prolixa
2530 1479 2676 1537 sunt
2704 1474 2781 1537 ad
2811 1475 3237 1550 scribendum,
3273 1475 3385 1536 sed
3419 1492 3495 1537 ex
3526 1473 3623 1535 his

2040 1571 2256 1648 paucis
2280 1573 2464 1634 etiam
2487 1580 2693 1636 cetera
2715 1574 2849 1635 eius
2871 1590 3063 1654 Opera
3086 1580 3433 1636 noscuntur
3456 1571 3564 1651 (4).
3589 1595 3618 1627 ιι
3712 1642 3715 1647 ,

2118 1672 2318 1733 Nemo
2340 1672 2627 1752 profecto
2650 1674 2980 1749 dubitabit,
2999 1675 3152 1754 quin
3181 1672 3285 1737 hic
3317 1672 3621 1737 Macarius

2036 1773 2380 1851 Aegyptius
2435 1774 2603 1836 idem
2662 1775 2764 1849 sit,
2822 1775 2903 1837 de
2965 1791 3095 1854 quo
3158 1792 3346 1855 supra
3410 1772 3622 1835 retulit

348 1879 739 1960 discipulum
763 1881 1185 1963 virtutumque
1205 1881 1338 1942 eius
1360 1881 1539 1960 quasi
1559 1880 1925 1946 haeredem!
1962 1916 2006 1975 Β
2038 1870 2366 1975 Ρᾶηδάίμε-
2399 1874 2599 1975 Quare
2635 1875 2773 1935 iure
2802 1874 3089 1948 Oﬂ'endit,
3115 1874 3620 1975 quod‘Ma-cal‘ius

344 1981 544 2051 Quam
598 1996 734 2041 rem
784 1986 1117 2058 antequam
1165 1979 1594 2060 expediamus,
1663 1980 1926 2061 reliqua,

342 2097 506 2158 quae
564 2079 648 2141 de
698 2080 962 2164 Macario
993 2081 1299 2175 A‘egyptio
1342 2081 1409 2142 in
1454 2081 1614 2143 libro
1649 2084 1929 2146 secundo

341 2181 843 2258 subiunguntur,
874 2180 1198 2243 audiamus
1229 2198 1243 2240 :

420 2304 450 2337 ιι
482 2280 657 2341 Hinc
718 2278 991 2358 denique
1035 2279 1266 2354 ferunt,
1335 2280 1672 2360 aliquando
1733 2301 1929 2362 quum

349 2379 761 2442 homicidium
792 2380 857 2440 in
898 2380 1051 2441 locis
1082 2379 1300 2441 vicinis
1332 2380 1551 2444 fuisset
1588 2382 1925 2446 admissum

352 2489 405 2541 ct
430 2480 767 2543 innocenti
795 2480 1038 2542 cuidam
1066 2480 1516 2559 impingeretur
1544 2483 1782 2544 crimen
1812 2484 1927 2547 ad-

347 2584 532 2654 missi,
580 2579 948 2665 confugisse
984 2579 1062 2641 ad
1099 2580 1233 2641 eius
1267 2581 1553 2643 cellulam
1598 2601 1776 2659 eum,
1819 2586 1928 2665 qui

341 2683 725 2745 calumniam
758 2682 1128 2761 patiebatur.
1160 2681 1444 2744 Adfuisse
1468 2684 1651 2745 etiam
1682 2702 1791 2747 eos
1818 2686 1928 2765 qui

340 2786 793 2864 perurgebant,
840 2783 1177 2859 allegantes
1220 2790 1282 2843 et
1325 2782 1627 2857 dicentes,
1672 2784 1923 2863 pericli-

338 2888 449 2948 tari
479 2906 551 2949 se
579 2889 788 2966 ipsos,
820 2886 939 2949 nisi
968 2884 1499 2965 comprehensum
1529 2885 1773 2964 legibus
1806 2893 1927 2951 tra-

338 2988 561 3049 derent
614 2986 1025 3049 homicidam.
1078 2989 1137 3048 Is
1163 3004 1333 3060 vero,
1388 2986 1491 3049 cui
1525 2988 1767 3049 crimen
1811 2988 1927 3049 im-

254 3146 262 3152 ,
339 3086 743 3165 pingebatur,
776 3102 918 3147 cum
947 3086 1348 3147 sacramentis
1378 3085 1744 3161 afﬁrmabat,
1777 3104 1927 3149 con-

2032 1972 2375 2051 Aegyptius
2403 1973 2563 2036 libro
2592 1975 2871 2037 secundo
2901 1977 2963 2036 S.
2993 1973 3245 2038 Antonii
3274 1971 3620 2053 discipulus

2033 2074 2500 2154 gratiarumque
2539 2075 2675 2138 eius
2716 2094 2787 2138 ac
2832 2077 3129 2138 virtutum
3171 2075 3352 2156 quasi
3393 2073 3618 2136 haeres

2031 2182 2309 2248 vocatur,
2371 2176 2549 2238 cuius
2614 2177 2930 2255 dignitatis
3007 2176 3315 2239 Palladius
3382 2174 3617 2238 nullam

2032 2274 2221 2354 plane
2256 2277 2643 2339 mentionem
2680 2276 2850 2340 fecit.
2886 2277 3130 2338 Etenim
3168 2275 3433 2354 legimus
3470 2274 3614 2355 qui-

2032 2370 2176 2431 dem
2198 2371 2264 2433 in
2290 2374 2641 2435 Meursiana
2652 2376 2969 2437 Historiae
2990 2374 3321 2437 Lausiacae
3340 2373 3615 2436 editione

2032 2467 2110 2530 de
2154 2470 2420 2533 Macario
2468 2472 2765 2551 quodam,
2800 2490 2992 2551 quem
3021 2473 3324 2535 virtutum
3359 2489 3613 2535 suarum

2031 2567 2369 2631 haeredem
2396 2570 2534 2633 fore
2572 2574 2635 2632 S.
2672 2574 2981 2635 Antonius
3021 2573 3161 2653 ipse
3199 2572 3611 2653 praedixerit;

2030 2668 2142 2729 sed
2168 2670 2377 2732 locum
2400 2673 2687 2751 spurium
2720 2692 2859 2735 esse
2888 2674 3271 2748 censuimus,
3304 2674 3612 2736 narratio-

2029 2784 2307 2849 nemque
2327 2773 2593 2835 Macario
2614 2773 3033 2836 Alexandrino
3061 2776 3138 2836 ab
3163 2774 3613 2856 interpolatore

2028 2868 2324 2931 tributam
2351 2872 2725 2952 Pispiritano
2756 2874 2975 2952 magis,
2996 2892 3186 2955 quam
3207 2876 3439 2937 nostris
3460 2891 3613 2939 con-

2028 2968 2242 3031 venire
2272 2972 2553 3034 Macariis
2587 2973 2696 3052 (5).
2730 2974 2817 3036 De
2846 2975 3111 3037 Macario
3148 2982 3359 3038 autem
3404 2979 3611 3054 Aegy-

2026 3069 2161 3147 ptio
2190 3070 2345 3133 nihil
2378 3074 2639 3136 omnino
2673 3075 2980 3137 eiusmodi
3010 3081 3424 3138 memoratum
3451 3075 3610 3139 huc-

336 3190 533 3248 scium
575 3203 651 3249 se
695 3202 828 3248 non
875 3203 1011 3248 esse
1058 3186 1380 3264 sanguinis
1422 3186 1608 3248 illius.
1660 3188 1733 3246 Et
1774 3205 1917 3249 cum
2029 3189 2233 3253 usque
2261 3174 2641 3242 invenimus-

334 3289 439 3348 diu
466 3289 549 3350 ab
582 3294 859 3365 utraque
891 3292 1068 3366 parte
1101 3294 1418 3348 certamen
1446 3286 1802 3362 haberetur,
1832 3288 1927 3351 in-
1952 3264 1994 3322 c
2106 3296 2266 3358 Rem
2294 3315 2329 3359 a
2358 3300 2611 3361 Socrate
2642 3300 2923 3380 expediri
2949 3298 3116 3362 haud
3146 3306 3383 3365 temere
3415 3298 3614 3363 credi—

334 3388 705 3465 terrogabat
738 3393 991 3449 sanctus
1015 3386 1339 3461 Macarius,
1368 3387 1478 3448 ubi
1507 3387 1787 3467 sepultus
1821 3405 1923 3449 es-

339 3498 429 3551 set
476 3491 591 3570 qui
624 3489 950 3551 dicebatur
988 3488 1253 3551 occisus.
1287 3490 1567 3569 Cumque
1598 3490 1922 3568 designas-

334 3597 474 3651 sent
505 3589 750 3663 locum,
792 3607 935 3651 cum
964 3589 1278 3662 omnibus,
1321 3589 1431 3668 qui
1464 3589 1542 3650 ad
1583 3606 1926 3669 perurgen-

335 3691 485 3751 dum
542 3690 874 3753 hominem
929 3699 1260 3766 venerant,
1313 3690 1518 3771 pergit
1573 3692 1652 3753 ad
1708 3694 1922 3772 sepul-

336 3792 587 3863 chrum,
628 3797 818 3871 atque
845 3791 933 3853 ibi
954 3792 1090 3854 ﬁxis
1120 3793 1406 3870 genibus,
1439 3792 1727 3854 invocato
1758 3793 1925 3854 Chri-

337 3894 412 3953 sti
463 3893 755 3964 nomine,
799 3891 885 3953 ait
918 3892 994 3955 ad
1047 3910 1179 3966 eos,
1219 3894 1329 3972 qui
1364 3893 1645 3954 astabant
1679 3911 1691 3953 :
1744 3894 1923 3957 Nunc

338 3994 649 4055 Dominus
691 3992 1005 4066 ostendet,
1054 3993 1105 4053 si
1149 4011 1295 4055 vere
1333 4010 1477 4055 reus
1516 4001 1608 4054 est
1643 3992 1768 4067 hic,
1814 3995 1919 4073 qui

335 4100 722 4172 perurgetur
762 4110 799 4154 a
831 4092 1031 4154 Vobis.
1079 4095 1152 4153 Et
1197 4092 1431 4157 elevata
1478 4110 1631 4155 voce
1676 4110 1753 4154 ex
1800 4112 1919 4157 no-

334 4194 514 4255 mine
568 4192 797 4256 clamat
843 4192 1229 4254 defunctum.
1270 4192 1548 4271 Cumque
1593 4192 1651 4253 ei
1696 4194 1774 4254 de
1817 4211 1918 4256 se-

334 4295 613 4373 pulchro
662 4299 915 4356 vocatus
962 4294 1410 4373 respondisset,
1464 4292 1550 4355 ait
1594 4293 1672 4354 ad
1720 4310 1915 4355 eum:

333 4399 457 4458 Per
490 4395 683 4457 ﬁdem
711 4395 931 4457 Christi
970 4401 1033 4455 te
1076 4395 1377 4464 obtestor,
1412 4400 1479 4453 ut
1505 4393 1697 4466 dic-as,
1740 4394 1793 4455 si
1841 4395 1919 4456 ab

335 4498 461 4560 hoc
492 4497 772 4569 homine,
822 4495 930 4575 qui
978 4494 1352 4557 calumniam
1384 4493 1639 4573 patitur,
1673 4494 1919 4556 occisus

2026 3394 2215 3471 deris,
2262 3398 2371 3476 qui
2422 3416 2619 3477 quum
2672 3398 2937 3478 reliqua,
2979 3416 3142 3479 quae
3196 3398 3276 3463 de
3332 3396 3612 3460 Macariis

2022 3496 2239 3572 refert,
2275 3515 2355 3559 ex
2391 3498 2565 3561 libris
2603 3500 2847 3578 Evagrii
2887 3505 3208 3562 mutuatus
3242 3498 3343 3573 sit,
3378 3497 3535 3561 haec
3576 3514 3611 3560 e

2024 3596 2186 3661 libro
2237 3600 2518 3662 secundo
2567 3601 2982 3680 assumpsisse
3024 3600 3311 3662 videtur:
3349 3622 3378 3655 α
3411 3601 3609 3662 Ροιτο

2024 3698 2191 3761 inter
2214 3701 2583 3774 monachos,
2600 3700 2708 3780 qui
2728 3717 2805 3763 eo
2833 3706 3121 3779 tempore
3146 3699 3455 3772 vixerunt,
3480 3698 3610 3761 duo

2022 3796 2201 3859 fuere
2243 3798 2616 3860 sanctissimi
2654 3797 2882 3860 eodem
2924 3797 3183 3859 nomine
3220 3796 3604 3876 nuncupati;

2022 3902 2293 3975 uterque
2323 3897 2515 3959 enim
2577 3896 2881 3959 Macarius
2937 3895 3283 3958 dicebatur.
3330 3895 3607 3969 Quorum

2024 3993 2182 4056 alter
2231 4012 2310 4057 ex
2367 3995 2696 4077 superiore
2752 4000 3061 4075 Aegypto,
3105 3994 3262 4057 alter
3315 4010 3394 4056 ex
3449 3995 3607 4057 urbe

2023 4095 2395 4158 Alexandria
2424 4103 2554 4158 erat
2583 4096 2908 4159 oriundus.
2932 4097 3219 4157 Ceterum
3239 4095 3427 4159 ambo
3453 4111 3607 4176 prae

2023 4196 2249 4259 ceteris
2276 4196 2547 4260 illustres
2566 4195 2824 4259 fuerunt
2849 4202 2983 4257 tum
3011 4201 3274 4276 pr0pter
3293 4193 3608 4257 abstinen-

2021 4295 2196 4369 tiam,
2228 4303 2360 4358 tum
2402 4297 2485 4360 ob
2525 4314 2736 4361 mores
2773 4302 2835 4357 et
2875 4296 3439 4369 conversationem,
3469 4300 3602 4359 tum

2023 4396 2107 4457 ob
2146 4396 2467 4471 miracula,
2495 4414 2658 4477 quae
2698 4414 2812 4476 per
2851 4412 3071 4458 eorum
3112 4411 3337 4459 manus
3370 4410 3603 4477 perpe-

2022 4494 2363 4557 trabantur.
2427 4496 2770 4576 Aegyptius
2823 4495 3082 4576 quidem
3153 4494 3457 4565 Macarius
3512 4500 3606 4557 tot

333 4597 443 4661 es?
462 4600 643 4659 Tunc
668 4597 774 4659 ille
807 4598 885 4659 de
914 4593 1250 4675 sepulchro
1276 4594 1443 4657 clara
1475 4610 1631 4655 voce
1659 4611 1921 4673 respon-
1950 4610 1994 4666 1)
2023 4598 2262 4659 sanavit
2316 4614 2561 4675 aegros,
2602 4603 2695 4660 tot
2755 4596 3047 4660 obsessos
3103 4614 3139 4659 a
3191 4594 3612 4667 daemonibus

331 4701 424 4760 dit
453 4698 724 4761 dicens:
772 4714 902 4761 non
941 4715 1010 4759 se
1053 4713 1188 4757 esse
1235 4696 1313 4757 ab
1368 4711 1445 4756 eo
1495 4693 1916 4757 interfectum.

330 4802 405 4859 Et
457 4817 606 4861 cum
658 4798 1072 4878 obstupefacti
1128 4815 1348 4859 omnes
1404 4796 1784 4859 decidissent
1840 4798 1918 4859 ad

332 4909 567 4962 terram
598 4917 669 4961 ac
708 4900 975 4979 pedibus
1010 4899 1143 4960 eius
1172 4897 1671 4970 advolverentur,
1696 4914 1919 4976 rogare

336 5009 708 5081 coeperunt,
754 5008 822 5063 ut
850 5001 1261 5077 interrogaret
1290 5015 1456 5072 eum,
1502 5014 1539 5059 a
1585 5014 1713 5077 quo
1754 5004 1919 5059 esset

341 5104 604 5165 occisus.
637 5104 811 5164 Tunc
840 5102 947 5162 ille
981 5118 994 5159 :
1026 5102 1185 5173 Hoc,
1214 5101 1441 5180 inquit,
1474 5115 1604 5161 non
1638 5098 1908 5160 interro-

345 5207 529 5283 gabo.-
562 5205 794 5269 suﬂicit
824 5205 994 5266 enim
1022 5204 1196 5278 mihi,
1232 5211 1300 5265 ut
1327 5204 1638 5264 innocens
1676 5200 1910 5263 libere-

341 5316 465 5382 tur;
488 5327 617 5372 non
641 5313 737 5370 est
753 5315 960 5369 autem
981 5322 1215 5379 meum,
1253 5307 1406 5377 111
1435 5309 1506 5365 ut
1523 5320 1668 5364 reus
1688 5302 1913 5381 proda-

392 5495 470 5565 (I)
501 5493 610 5548 νγ.
646 5493 754 5548 PP.
841 5489 1028 5543 Rosw.
1078 5488 1175 5541 lib.
1218 5487 1259 5543 ll
1309 5504 1431 5556 cap.
1474 5486 1545 5541 28
1589 5502 1642 5557 p.
1688 5486 1814 5550 479,
1851 5488 1905 5540 2.

325 5585 499 5641 Rufini
547 5587 691 5658 Opp.
747 5583 843 5640 ed.
898 5578 1136 5635 Vallarsi
1182 5596 1234 5649 p.
1284 5580 1407 5641 195,
1466 5578 1643 5649 hligne
1700 5577 1907 5634 Patrol.

324 5680 383 5733 τ.
420 5681 531 5735 xx:
566 5700 619 5752 p.
656 5678 769 5733 449
807 5690 898 5743 sq.

381 5775 457 5849 (2)
489 5776 595 5831 νν.
636 5773 744 5829 PP.
780 5768 976 5822 Rosw.
1005 5764 1041 5815 l.
1064 5764 1139 5825 l.;
1168 5760 1349 5816 Ruﬁni
1377 5762 1514 5831 Opp.
1550 5761 1637 5816 cd.
1677 5760 1913 5818 Vallarsi

308 5872 337 5926 l.
369 5874 426 5933 Ι..
469 5872 650 5943 Mignc
684 5870 718 5922 Ι.
758 5866 797 5919 1.
835 5879 893 5932 p.
919 5858 1050 5911 450.

368 5966 446 6037 (3)
473 5967 558 6024 Cf.
591 5975 773 6034 supra
806 5956 999 6022 Caput
1033 5965 1067 6002 ιι
1106 5946 1168 6018 §§
1207 5948 1285 6000 12.
1326 5948 1404 6001 15.
1450 5946 1528 6000 Η.
1568 5946 1653 5999 l7.

2021 4696 2328 4773 liberavit,
2356 4700 2512 4774 112
2533 4705 2622 4773 ut,
2643 4715 2807 4780 quae
2832 4715 2949 4780 per
2971 4698 3231 4778 gratiam
3257 4697 3368 4760 Dei
3387 4696 3599 4777 gessit,

2020 4808 2380 4879 separatum
2402 4818 2563 4881 Opus
2584 4800 2944 4864 desiderent
2967 4799 3074 4881 (6).
3099 4823 3126 4855 »
3154 4801 3323 4872 Quae
3343 4797 3601 4879 quidem

2022 4902 2292 4963 Socratis
2330 4902 2516 4963 verba
2552 4902 2637 4964 ita
2674 4919 2817 4964 cum
2862 4901 3023 4963 libro
3072 4897 3351 4963 secundo
3380 4898 3598 4961 conci-

2021 5007 2203 5074 nunt,
2234 5007 2304 5064 ut
2332 5001 2635 5082 suspicari
2662 5001 2866 5074 liceat,
2890 4998 3070 5073 illud,
3088 4998 3261 5079 quod
3290 5003 3599 5074 narratur,

2017 5103 2354 5173 Macarium
2398 5102 2774 5183 Aegyptium
2821 5103 2882 5162 S.
2923 5100 3179 5163 Antonii
3221 5099 3599 5181 discipulum

2017 5204 2441 5283 virtutumque
2488 5204 2624 5266 eius
2675 5202 2855 5281 quasi
2906 5199 3247 5265 haeredem
3276 5202 3493 5278 fuisse,
3532 5201 3598 5267 in

2018 5306 2298 5384 genuino
2338 5322 2564 5384 graeco
2593 5304 2735 5367 libri
2773 5302 3038 5366 secundi
3071 5309 3270 5379 textu,
3301 5320 3430 5383 quo
3478 5304 3598 5366 So-

2084 5491 2161 5561 (4)
2191 5489 2305 5547 νγ.
2349 5487 2454 5543 PP.
2485 5486 2666 5545 Rosw.
2701 5488 2740 5543 ι.
2771 5489 2807 5544 l.
2850 5503 2905 5559 p.
2936 5487 3067 5553 480,
3102 5487 3177 5554 ‘1;
3211 5484 3448 5551 Vallarsi
3480 5485 3519 5541 ι.
3553 5484 3595 5538 ῒ.

2012 5598 2065 5652 p.
2102 5580 2225 5647 196,
2264 5580 2443 5650 Migne
2468 5581 2503 5633 l.
2539 5580 2574 5633 l.
2609 5596 2663 5650 p.
2692 5579 2818 5633 452.

2085 5676 2163 5745 (5)
2197 5667 2293 5729 Cf.“
2308 5690 2473 5743 supra
2504 5672 2682 5743 Caput
2712 5670 2781 5726 111
2808 5688 2859 5740 p.
2899 5672 2999 5725 102
3025 5688 3147 5742 sqq.

2084 5765 2162 5832 (6)
2195 5764 2355 5820 Socr.
2392 5764 2531 5819 llist.
2584 5762 2731 5819 Eccl.
2777 5762 2871 5816 lib.
2918 5759 2985 5816 IY
3032 5775 3155 5830 cap.
3178 5758 3250 5812 93
3286 5755 3374 5813 ed.
3407 5754 3593 5813 Vales.

2015 5874 2069 5925 ι).
2110 5857 2243 5911 254.
