4046 6440
569 427 671 483 I07

1375 430 1475 485 SS.
1519 428 1980 487 MACARIORUM
2018 427 2335 484 AEGYPTII
2386 429 2474 485 ET
2514 428 2980 486 ALEXANDRINI

3715 428 3812 487 108

556 549 758 603 crates
814 542 1126 615 utebatur,
1174 560 1299 606 non
1356 544 1714 617 inventum,
1758 544 1867 606 sed
1928 544 2136 605 Ruﬁni
2171 550 2211 602 A
2238 545 2339 618 sit,
2371 551 2434 607 et
2479 554 2622 624 aget
2674 544 3146 626 poenitentiam,
3181 547 3249 604 ut
3293 541 3559 605 salvetur
3604 543 3814 605 anima

554 639 913 720 interpretis
936 641 1197 703 fortasse
1221 651 1642 705 commentum
1666 661 1821 714 esse,
1840 649 1945 704 aut
1966 650 2135 722 post-

554 742 812 804 modum
842 758 876 802 a
909 759 1097 802 manu
1133 742 1593 821 interpolatrice
1621 759 1757 803 esse
1795 743 2128 804 adiectum.

633 841 927 901 Ruﬁnum
964 842 1217 921 quidem
1246 844 1409 903 inter
1439 846 1597 904 duos
1630 843 1948 916 Macarios,
1970 860 2131 921 quos

555 938 622 999 in
650 941 1127 1003 Continuatione
1165 942 1470 1003 Historiae
1499 942 1961 1003 Ecclesiasticae
2000 945 2123 1007 Eu-

557 1038 715 1099 sebii
743 1047 921 1102 vocat
949 1040 1053 1119 (1),
1077 1042 1403 1102 Macarium
1439 1041 1921 1103 Alexandrinum
1956 1052 2126 1103 retu-

558 1137 703 1202 lisse
738 1158 815 1201 ex
846 1148 1142 1202 contextu
1181 1148 1471 1220 apparet;
1503 1160 1698 1221 quum
1738 1160 1885 1203 vero
1926 1142 2124 1203 Isido-

558 1255 718 1307 rum,
767 1237 1177 1309 Heraclidem,
1224 1239 1521 1300 Pambum
1573 1240 1739 1300 idem
1788 1240 2129 1320 discipulos

555 1339 609 1397 8.
681 1338 921 1399 Antonii
989 1338 1283 1417 appellet,
1331 1338 1451 1400 hoc
1513 1340 1882 1401 vocabulum
1940 1358 2128 1401 sensu

557 1435 772 1498 latiore
792 1438 1226 1516 accipiendum
1244 1455 1383 1499 esse
1404 1438 1668 1500 videtur.
1688 1441 1904 1517 Neque
1922 1440 2127 1501 minus

552 1538 619 1599 in
649 1537 949 1617 Apologia
981 1540 1331 1616 [Invectiva]
1366 1542 1419 1600 II
1450 1540 1530 1620 (2)
1562 1541 1826 1601 Ruﬁnus
1859 1565 1886 1596 α
1921 1542 2123 1601 Maca-

555 1636 715 1698 rium
761 1638 1013 1700 Antonii
1054 1638 1434 1718 discipulum
1468 1662 1495 1695 ιο
1528 1646 1591 1700 et
1626 1664 1652 1695 α
1686 1638 1949 1701 alterum
1996 1641 2124 1700 Ma-

555 1736 791 1798 carium
840 1760 868 1794 ιδ
914 1747 1382 1813 commemorat,
1441 1739 1549 1800 ubi
1628 1747 1838 1801 tamen
1917 1747 2125 1801 utrum

552 1838 963 1900 Macariorum
982 1838 1075 1901 vel
1107 1857 1257 1901 num
1279 1840 1536 1901 omnino
1566 1857 1761 1901 unum
1793 1857 1870 1901 ex
1897 1841 2125 1901 nostris

553 1936 799 2011 dixerit,
863 1955 992 2000 non
1058 1939 1442 2016 intelligitur.
1505 1941 1705 2011 Quare
1772 1940 2124 2001 Macarium

550 2036 926 2116 Aegyptium
970 2056 1005 2101 a
1051 2040 1279 2101 Ruﬁno
1336 2041 1400 2100 S.
1448 2040 1700 2101 Antonii
1748 2040 2124 2121 discipulum

552 2138 810 2217 prOprie
842 2140 1073 2213 vocari,
1105 2148 1277 2202 certo
1308 2156 1437 2201 non
1469 2146 1731 2202 constat.

630 2240 829 2316 Atque
856 2239 1186 2299 Macarium
1216 2239 1586 2319 Aegyptium
1616 2240 1677 2299 S.
1727 2239 1977 2301 Antonii
2023 2240 2122 2301 di-

552 2334 864 2413 scipulum
885 2335 1075 2396 fuisse
1090 2336 1574 2415 praeterlibrum
1595 2336 1938 2397 secundum
1953 2334 2125 2395 solus

552 2434 879 2495 Makrizius
910 2434 1117 2495 habet.
1144 2434 1469 2496 Makrizius
1498 2452 1642 2496 eum
1680 2452 1714 2495 a
1752 2437 1814 2496 S.
1854 2435 2122 2496 Antonio

549 2537 720 2592 veste
773 2530 1226 2595 monachorum
1271 2532 1559 2593 indutum
1596 2538 1658 2593 et
1702 2532 1769 2594 in
1816 2532 2122 2594 Wadi-al-

548 2632 786 2693 Natrun
813 2632 859 2693 i.
887 2649 944 2694 e.
970 2633 1035 2694 in
1069 2632 1292 2695 vallem
1329 2632 1558 2694 Nitriae
1600 2632 1866 2708 [deserta
1903 2634 2119 2709 Scetis]

548 2732 808 2793 missum
848 2748 1009 2806 esse,
1036 2750 1112 2794 ex
1150 2734 1485 2795 traditione
1524 2732 1787 2794 fortasse
1830 2733 2122 2795 coenobii

548 2832 878 2894 Macariani
907 2831 1117 2893 retulit
1148 2832 1255 2912 (3).
1288 2833 1396 2893 Cui
1430 2839 1641 2893 tamen
1678 2838 1895 2910 aperte
1936 2831 2120 2893 oblo-

545 2939 825 3011 quuntur
838 2931 1293 2994 historiaelibri
1305 2933 1640 3012 quintiVV.
1664 2934 1782 2993 PP.
1798 2935 2001 2993 Rosw.
2036 2933 2116 3011 (4)

548 3039 611 3094 et
640 3031 1251 3112 Apophthegmatum
1280 3032 1569 3094 Cotelerii
1599 3032 1706 3111 (5),
1732 3032 1963 3111 quibus
1989 3035 2120 3093 Ma-

548 3133 783 3197 carium
831 3137 1184 3212 Aegyptum
1233 3140 1457 3213 sponte
1497 3134 1563 3196 in
1602 3134 1830 3196 Scetim
1868 3133 2117 3207 abiisse,

550 3248 755 3311 neque
800 3233 921 3294 nisi
960 3234 1309 3313 posteriore
1354 3240 1637 3314 tempore
1678 3234 1740 3294 S.
1784 3232 2117 3294 Antonium
2148 3232 2189 3290 C

549 3332 829 3395 inrisisse
863 3334 1145 3396 traditur.

628 3453 1021 3532 QuaprOpter
1048 3470 1083 3514 e
1110 3453 1315 3515 verbis
1342 3452 1486 3515 libri
1514 3453 1772 3515 secundi
1795 3451 1947 3515 nihil
1969 3455 2121 3515 certi

549 3550 759 3628 colligi
793 3569 982 3631 posse
1000 3552 1267 3625 videtur,
1300 3552 1420 3613 nisi
1460 3552 1631 3632 quod
1676 3559 1737 3613 et
1777 3570 1855 3613 ex
1901 3554 2122 3614 ceteris

548 3648 825 3713 fontibus
853 3652 1175 3728 efﬁciatur,
1201 3653 1534 3715 Macarium
1562 3652 1875 3714 interdum
1908 3670 1984 3714 ex
2012 3670 2121 3715 ore

547 3751 609 3808 8.
649 3751 923 3823 Antonii,
954 3770 1144 3831 quem
1182 3752 1427 3826 viserat,
1456 3751 1735 3813 instituta
1774 3752 1934 3812 vitae
1968 3754 2121 3825 113

547 3850 951 3914 monachicae
970 3853 1326 3932 percepisse
1339 3870 1609 3932 eumque
1628 3851 1813 3914 laude
1827 3851 2122 3912 virtutum

547 3966 751 4028 paene
780 3952 1243 4030 aequiparasse.

623 4071 734 4133 His
775 4073 1074 4152 expositis
1117 4072 1320 4134 solum
1364 4080 1553 4135 restat
1589 4073 1760 4153 quod
1806 4089 2119 4142 moneam,

548 4172 995 4246 narrationem,
1024 4191 1213 4252 quam
1258 4174 1577 4236 attulimus
1627 4174 1705 4236 de
1752 4180 2002 4235 mortuo
2045 4172 2123 4233 ad

547 4272 943 4352 purgandum
1009 4272 1353 4349 hominem,
1410 4274 1521 4354 qui
1588 4273 1911 4336 homicidii
1965 4271 2123 4333 falso

547 4374 978 4446 accusabatur,
1028 4391 1063 4435 a
1116 4375 1383 4436 Macario
1439 4374 1806 4436 resuscitato
1861 4372 1993 4434 fere
2046 4374 2123 4434 ad

549 4474 807 4535 verbum
840 4475 909 4535 in
946 4474 1107 4536 libro
1137 4475 1319 4536 tertio
1347 4475 1493 4553 legi,
1521 4474 1632 4535 ubi
1667 4480 1877 4536 tamen
1905 4473 1971 4533 in
2000 4474 2125 4535 ﬁne

2239 646 2374 707 eius
2415 645 2522 725 (6).
2560 670 2590 701 .

2318 790 2345 861 θ
2389 785 2484 846 27.
2530 789 2728 859 Quum
2792 784 2871 846 de
2934 783 3202 845 Macario
3271 780 3697 844 Alexandrino
3749 781 3814 844 in

2236 887 2711 948 Continuatione
2738 885 3043 946 Historiae
3064 882 3532 945 Ecclesiasticae
3556 880 3816 941 Eusebii

2235 990 2501 1049 Ruﬁnus
2535 989 2670 1066 ipse
2710 986 3092 1065 exposuerit,
3124 1001 3261 1045 eam
3305 983 3579 1062 primum
3618 998 3813 1043 excu-

2234 1088 2480 1149 tiamus.
2505 1088 2622 1147 Ubi
2653 1086 2731 1147 de
2759 1085 2931 1146 Lucii
2961 1085 3328 1145 Arianorum
3356 1081 3647 1161 episc0pi
3677 1098 3819 1160 per-

2234 1186 2659 1248 secutionibus
2697 1186 2761 1246 in
2807 1184 3095 1246 eremitas
3132 1184 3317 1244 verba
3354 1182 3595 1243 faciens
3635 1187 3813 1259 post-

2234 1303 2420 1366 quam
2480 1284 2774 1364 scripsit:
2829 1308 2855 1339 α
2904 1285 3023 1345 Per
3077 1283 3245 1344 idem
3300 1289 3549 1361 tempus
3606 1291 3817 1360 patres

2232 1384 2684 1445 monachorum
2710 1384 2870 1444 vitae
2898 1390 2959 1445 et
2986 1381 3369 1461 antiquitatis
3413 1380 3643 1441 merito
3684 1380 3812 1440 Ma-

2233 1482 2436 1545 carius
2480 1488 2541 1544 et
2593 1482 2870 1543 Isidorus
2923 1481 3208 1559 aliusque
3262 1480 3563 1541 Macarius
3621 1485 3813 1557 atque

2228 1582 2591 1645 Heraclides
2641 1588 2697 1644 et
2745 1582 3014 1642 Pambus
3062 1580 3313 1641 Antonii
3358 1577 3659 1657 discipuli
3702 1594 3815 1656 per

2232 1686 2585 1762 Aegyptum
2613 1689 2675 1743 et
2704 1681 2974 1742 maxime
3001 1681 3067 1741 in
3094 1680 3324 1740 Nitriae
3356 1676 3589 1740 deserti
3630 1676 3816 1755 parti-

2230 1780 2347 1841 bus
2374 1781 2762 1842 habebantur
2786 1828 2800 1841 .
2829 1827 2843 1840 .
2874 1828 2887 1840 .
2915 1779 3023 1859 (7),
3053 1804 3081 1835 υ
3106 1779 3267 1841 hanc
3304 1784 3521 1858 postea
3552 1776 3814 1837 subiun-

2160 1901 2199 1955 Β
2230 1882 2316 1958 git
2344 1881 2661 1941 historiam
2689 1898 2702 1939 :
2732 1904 2759 1936 α
2798 1884 2953 1941 Ante
2987 1876 3443 1958 aliquantulum
3470 1892 3625 1936 vero
3654 1881 3811 1935 tem-

2228 1981 2401 2059 poris
2446 1998 2669 2042 caecus
2724 1980 2979 2058 quidam
3034 1978 3292 2056 rogabat
3342 1975 3570 2038 deduci
3617 1992 3687 2036 se
3734 1974 3810 2035 ad

2226 2080 2515 2144 cellulam
2550 2081 2818 2154 Macarii,
2844 2098 3005 2160 quae
3035 2086 3165 2141 erat
3189 2079 3254 2139 in
3286 2078 3559 2151 deserto,
3587 2077 3810 2137 itinere

2223 2182 2415 2242 trium
2444 2182 2708 2243 dierum.
2743 2183 2877 2253 Quo
2906 2187 3311 2261 posteaquam
3351 2194 3580 2240 caecus
3609 2175 3807 2237 multo

2226 2279 2613 2342 ductantium
2665 2280 2879 2342 labore
2930 2279 3234 2359 pervenit,
3284 2276 3623 2338 Macarium
3680 2292 3809 2335 non

2223 2380 2459 2459 reperit
2506 2378 2695 2440 domi.
2744 2378 3150 2439 Contristatus
3210 2374 3381 2436 valde
3451 2373 3807 2435 nullatenus

2224 2479 2507 2556 mitigare
2551 2478 2927 2539 moestitiam
2971 2483 3237 2556 poterat,
3271 2475 3550 2536 sanitatis
3587 2473 3808 2535 solatio

2225 2598 2467 2643 carens.
2498 2582 2655 2641 Tum
2684 2595 2833 2640 vero
2862 2577 3107 2638 fervore
3140 2575 3284 2640 ﬁdei
3315 2562 3762 2636 concalescens
3790 2588 3803 2631 :

2224 2682 2563 2761 Deprecor,
2591 2679 2798 2757 inquit
2834 2677 2913 2739 ad
2947 2694 3057 2738 eos
3095 2676 3205 2755 qui
3243 2675 3657 2745 deduxerant,
3692 2690 3803 2751 ap-

2224 2782 2451 2863 plicate
2472 2799 2573 2842 me
2595 2780 2669 2841 ad
2696 2778 2864 2839 illam
2888 2785 3129 2857 partem
3156 2774 3429 2855 parietis,
3444 2774 3555 2835 ubi
3576 2773 3805 2835 cubare

2222 2880 2434 2940 senior
2473 2878 2649 2939 solet.
2682 2878 2757 2937 Et
2793 2892 2936 2937 cum
2976 2873 3195 2935 fuisset
3230 2872 3540 2941 admotus,
3580 2887 3802 2951 parum

2227 2979 2341 3041 luti
2370 2978 2548 3050 aridi,
2568 2977 2738 3038 unde
2770 2974 2973 3055 paries
3002 2972 3232 3035 oblitus
3260 2971 3608 3044 videbatur,
3641 2986 3807 3030 assu-

2222 3096 2401 3140 mens
2438 3078 2678 3158 palmae
2711 3092 2858 3136 suae
2895 3071 3319 3151 superposuit.
3352 3073 3553 3148 Rogat
3596 3069 3803 3140 etiam,

2222 3187 2291 3240 ut
2334 3196 2558 3258 aquam
2603 3178 2681 3239 de
2732 3182 2948 3256 puteo,
2981 3190 3059 3234 ex
3104 3189 3233 3251 quo
3271 3171 3489 3232 bibere
3534 3170 3797 3241 solebat,

2223 3280 2564 3342 haurirent.
2621 3280 2754 3351 Quo
2810 3277 3077 3337 humore
3122 3272 3442 3335 resolvens
3490 3270 3801 3350 glebulam

2222 3380 2574 3463 eodemque
2625 3379 2752 3439 luto
2795 3377 3011 3438 oculos
3055 3393 3202 3437 suos
3247 3390 3710 3453 superungens,
3744 3377 3800 3430 et

2222 3480 2432 3542 lavans
2476 3480 2553 3540 de
2596 3497 2757 3557 aqua
2808 3495 2967 3557 quae
3016 3476 3233 3537 hausta
3277 3476 3499 3546 fuerat,
3540 3478 3801 3551 repente

2222 3580 2460 3658 recepit
2490 3580 2709 3652 visum,
2732 3579 2815 3640 ita
2834 3586 2903 3639 ut
2924 3577 3096 3638 nullo
3117 3576 3403 3654 indigens
3423 3569 3802 3636 adminiculo

2221 3678 2455 3739 rediret
2500 3677 2577 3739 ad
2622 3694 2753 3738 sua.
2807 3675 2927 3737 Sed
2980 3692 3060 3736 ne
3112 3673 3457 3736 secundum
3516 3671 3801 3751 leprosos

2222 3776 2364 3837 illos
2405 3783 2635 3853 ageret,
2672 3792 2833 3853 quos
2870 3791 2905 3835 a
2942 3790 3008 3833 se
3050 3780 3297 3834 curatos
3340 3771 3404 3831 in
3453 3765 3798 3846 Evangeliis

2222 3878 2498 3955 ingratos
2525 3876 2827 3937 Dominus
2853 3881 3050 3945 notat,
3084 3889 3227 3934 cum
3264 3870 3439 3933 omni
3469 3870 3664 3931 domo
3694 3882 3793 3928 sua

2224 3994 2543 4054 regressus
2569 3983 2629 4037 et
2658 3976 2785 4036 Deo
2817 3974 2975 4045 114
2997 3974 3220 4051 gratias
3246 3971 3525 4033 referens
3553 3987 3711 4041 rem,
3734 3972 3796 4028 ut

2226 4084 2396 4154 gesta
2447 4076 2671 4149 fuerat,
2710 4074 3005 4137 indicavit
3053 4072 3159 4152 (8).
3196 4095 3225 4127 in
3271 4073 3427 4131 Tum
3477 4068 3793 4131 historiam

2222 4177 2474 4238 tradens
2504 4176 2759 4237 leaenae
2788 4176 3049 4254 eiusque
3080 4190 3407 4235 caecorum
3428 4172 3793 4239 catulorum,

2226 4296 2388 4357 quos
2430 4278 2730 4339 Macarius
2759 4277 3012 4347 sanavit,
3044 4275 3310 4336 Ruﬁnus
3349 4274 3445 4334 his
3485 4268 3795 4334 concludit

2225 4379 2430 4440 verbis
2469 4397 2482 4438 :
2532 4403 2559 4433 «
2607 4380 2837 4439 Verum
2886 4378 2938 4438 si
2990 4376 3381 4453 singulorum
3428 4371 3790 4434 mirabilium

2228 4486 2400 4557 gesta
2431 4476 2732 4556 prosequi
2768 4476 3052 4547 velimus,
3080 4473 3471 4534 excludimur
3496 4490 3531 4532 a
3560 4481 3791 4551 propo-

526 4566 694 4655 ‘post
730 4574 958 4638 verba:
992 4599 1020 4632 α
1055 4592 1183 4637 non
1226 4582 1318 4636 est
1357 4584 1564 4637 autem
1606 4593 1839 4648 meum,
1871 4581 1940 4635 ut
1975 4592 2120 4637 reus
2154 4584 2195 4638 D
2224 4580 2337 4641 sita
2369 4580 2688 4652 brevitate,
2721 4580 2989 4639 maxime
3020 4596 3163 4639 cum
3199 4577 3351 4638 haec
3383 4577 3791 4637 narrationem

536 4677 882 4756 prodatur,
924 4700 952 4733 in
989 4676 1144 4738 haec
1174 4676 1486 4739 adduntur
1529 4695 1541 4736 :
1578 4702 1606 4734 α
1639 4679 1897 4739 forsitan
1950 4678 2116 4739 enim

548 4783 1008 4859 compungetur
1028 4777 1231 4838 adhuc
1263 4794 1381 4856 pro
1407 4776 1643 4839 scelere
1668 4778 1837 4857 quod
1867 4777 2127 4840 commi-

623 4987 700 5057 (1)
741 4987 924 5042 Ruﬁni
978 4985 1118 5042 Hist.
1170 4985 1321 5041 Eccl.
1370 4988 1467 5041 lib.
1513 4988 1556 5041 ll
1597 5003 1720 5057 cap.
1761 4988 1795 5040 4
1832 4988 1921 5044 ed.
1958 4987 2122 5042 Basil.

552 5078 691 5133 1544
718 5094 771 5147 p.
794 5080 922 5140 242,
949 5079 1131 5133 Rufini
1156 5077 1294 5149 Opp.
1327 5080 1417 5135 ed.
1442 5079 1676 5135 Vallarsi
1709 5096 1766 5151 p.
1787 5080 1917 5147 271,
1946 5081 2128 5136 Mirne

549 5169 755 5225 Patrol.
794 5168 861 5223 Τ.
890 5169 1011 5223 XXI
1043 5187 1097 5241 p.
1127 5173 1257 5227 611.

618 5276 696 5344 (2)
730 5274 910 5328 Ruﬁni
938 5274 1199 5345 Apologia
1224 5275 1544 5349 [invectiva]
1570 5277 1624 5331 in
1654 5275 1713 5331 8.
1740 5275 2125 5347 Hieronymum

552 5361 646 5417 lib.
700 5363 741 5416 Il
785 5378 907 5433 cap.
955 5364 1044 5423 12,
1085 5365 1222 5435 Opp.
1275 5367 1363 5422 ed.
1397 5366 1629 5423 Vallarsi
1674 5384 1728 5438 p.
1769 5368 1896 5433 567,
1948 5367 2127 5438 Migne

551 5450 757 5508 Patrol.
786 5452 852 5509 T.
878 5452 993 5507 XXI
1024 5471 1079 5524 p.
1101 5454 1229 5519 594,
1258 5456 1315 5511 S.
1338 5456 1560 5513 Hieron.
1613 5458 1749 5529 Opp.
1798 5460 1886 5515 ed.
1920 5458 2121 5516 Bened.

552 5542 713 5599 121v
740 5544 801 5597 Ρ.
831 5545 872 5599 ll
904 5562 958 5613 p.
988 5546 1112 5600 424.
2054 5582 2057 5585 -

622 5645 699 5713 (3)
728 5643 952 5700 Makrizi
985 5646 1315 5704 Geschichte
1344 5650 1442 5705 der
1474 5651 1681 5722 Coptcn
1700 5695 1715 5719 ,
1743 5630 1835 5709 ed.
1860 5653 1910 5709 l.
1950 5670 2003 5723 p.
2028 5652 2119 5707 40.

623 5747 701 5817 (4)
725 5748 842 5804 Lib.
871 5750 917 5805 v
946 5752 1111 5807 libell.
1145 5754 1195 5814 7.
1232 5753 1284 5807 9.

622 5849 704 5921 (5)
746 5852 1015 5925 Apophth.
1060 5857 1128 5912 de
1175 5856 1418 5913 Macario
1464 5859 1732 5944 Aegyptio
1769 5875 1891 5930 cap.
1934 5860 1978 5916 1.
2027 5859 2115 5915 ιν.

2227 4680 2468 4760 proprii
2496 4679 2727 4741 habere
2749 4680 2960 4759 operis
2987 4685 3348 4739 mereantur
3364 4676 3471 4759 (9).
3503 4700 3530 4731 »
3552 4672 3791 4736 Morbus

2228 4779 2335 4840 ille
2382 4779 2709 4841 oculorum
2758 4785 2817 4841 et
2863 4778 3127 4840 caecitas
3181 4778 3371 4840 hodie
3427 4791 3681 4856 quoque
3728 4769 3790 4829 in

2230 4986 2422 5042 XXVI.
2452 4989 2687 5043 Coteler.
2725 4988 2871 5043 Eccl.
2896 4988 3089 5043 Graec.
3121 4988 3266 5042 Mon.
3302 4987 3365 5040 Τ.
3396 4988 3409 5041 Ι
3446 5004 3499 5057 p.
3527 4985 3649 5041 5‘26.
3672 4979 3786 5035 550.

2227 5081 2365 5145 540;
2404 5082 2545 5134 infra
2562 5081 2615 5135 in
2636 5081 2833 5135 harum
2859 5079 3257 5146 Quaestionum
3288 5079 3603 5149 Appendice
3630 5075 3788 5129 altera

2155 5228 2160 5233 ,
2229 5171 2335 5226 sub
2371 5169 2456 5224 Ill.

2302 5276 2381 5347 (6)
2414 5274 2530 5331 νγ.
2560 5275 2667 5331 PP.
2696 5276 2880 5332 Rosw.
2914 5276 2990 5331 lib
3027 5275 3094 5330 lll
3130 5292 3252 5347 cap.
3282 5276 3344 5330 41
3380 5291 3433 5346 p.
3466 5275 3588 5337 507,
3618 5271 3674 5325 2.

2298 5383 2375 5453 (7)
2402 5382 2487 5437 Cf.
2513 5400 2679 5454 supra
2714 5387 2910 5455 Caput.
2938 5384 2957 5438 l
2989 5385 3016 5456 §
3043 5385 3076 5439 6
3102 5402 3156 5456 p.
3193 5386 3278 5440 16.

2297 5490 2374 5561 (8)
2405 5489 2589 5544 Ruﬁni
2632 5489 2773 5545 Hist.
2807 5491 3017 5545 Eccles.
3066 5492 3159 5546 lib.
3194 5490 3233 5544 ll
3272 5506 3392 5559 cap.
3430 5490 3463 5543 4
3500 5489 3587 5544 rd.
3628 5480 3782 5540 Basil.

2224 5580 2263 5634 l.
2309 5598 2364 5652 p.
2411 5582 2519 5635 242
2562 5599 2670 5652 sq.,
2731 5580 2911 5635 Ruﬁni
2961 5581 3099 5653 Opp.
3137 5583 3225 5637 ed.
3275 5581 3508 5637 Vallarsi
3564 5597 3614 5652 p.
3659 5571 3776 5631 271,

2224 5670 2402 5741 Migne
2433 5671 2469 5725 l.
2500 5673 2537 5725 l.
2572 5688 2626 5741 p.
2654 5672 2778 5725 512.

2299 5776 2376 5845 (9)
2421 5775 2558 5831 Ibid.
2610 5776 2698 5833 ed.
2743 5776 2908 5832 Basil.
2956 5777 2994 5832 Ι.
3040 5793 3094 5848 p.
3143 5776 3271 5845 ΞΒ,
3312 5771 3544 5831 Vallarsi
3574 5788 3625 5843 p.
3660 5760 3781 5825 273.

2226 5864 2404 5937 Migne
2435 5867 2470 5921 I.
2501 5868 2535 5922 L
