4046 6456
241 419 329 476 109

1836 408 2066 463 VITAE.

248 540 535 618 Aegypto
583 547 663 604 et
708 543 792 606 in
842 545 1043 625 Libya
1076 539 1456 606 creberrima
1491 541 1639 601 sunt
1670 532 1780 618 (1).
1811 534 1900 597 De
1931 536 1976 595 Α
2002 534 2199 595 Scete.
2229 531 2411 597 sitam
2459 532 2653 597 fuisse
2681 532 2792 614 (6),
2826 528 3101 596 oﬂendit
3147 533 3380 603 tamen,
3418 530 3588 609 quod

250 639 518 702 Macario
554 649 814 707 autem
850 643 1273 710 Alexandrino
1300 641 1600 704 Ruﬁnum
1628 639 1719 700 ibi
1749 655 1897 701 nar-

261 756 405 814 rare,
440 740 726 807 indicat
777 745 954 809 liber
999 744 1336 819 secundus,
1375 742 1457 806 ad
1496 757 1687 822 quem
1729 756 1900 802 nunc

272 859 559 906 vemmus
570 891 587 905 .

352 967 381 1039 ε
418 961 526 1025 28.
576 965 900 1046 Scriptor
943 965 1084 1029 libri
1110 965 1373 1028 secundi
1400 966 1527 1028 νγ.
1549 966 1669 1027 PP.
1702 964 1900 1029 colle-

301 1064 510 1128 ctionis
542 1067 1072 1143 Rosweidianae,
1105 1073 1443 1148 postquam
1492 1065 1572 1129 de
1628 1065 1903 1128 Macario

302 1165 607 1246 Aegyptio
662 1166 913 1243 retulit,
953 1167 1032 1230 de
1072 1164 1495 1230 Alexandrino
1542 1172 1905 1230 narraturus

302 1269 376 1331 ita
424 1268 676 1349 incipit
718 1288 735 1330 :
782 1292 813 1327 α
861 1266 1034 1332 Alius
1085 1285 1237 1331 vero
1291 1274 1545 1332 sanctus
1602 1268 1905 1333 Macarius

302 1370 675 1449 magniﬁcas
715 1370 907 1433 etiam
951 1370 1089 1451 ipse
1123 1370 1382 1432 virtutes
1424 1370 1903 1444 consummavit,

298 1471 376 1533 de
400 1471 653 1551 quibus
696 1476 763 1533 et
804 1471 912 1534 alii
952 1471 1256 1534 nonnulla
1297 1471 1705 1552 scripserunt,
1743 1489 1906 1552 quae

298 1570 597 1634 sufﬁcere
645 1572 900 1652 possint
942 1572 1019 1636 ad
1062 1573 1358 1634 virtutum
1406 1573 1542 1636 eius
1587 1574 1903 1652 magnitu-

301 1669 517 1733 dinem
548 1672 1010 1747 contuendam,
1034 1678 1094 1734 et
1115 1671 1264 1734 ideo
1291 1688 1409 1735 nos
1429 1688 1503 1735 ea
1524 1672 1904 1753 compendio

305 1771 741 1849 praeterimus
780 1772 887 1854 (2).
924 1795 952 1830 ι
1000 1773 1092 1837 Ad
1148 1790 1459 1854 quosnam
1514 1773 1595 1835 de
1653 1772 1903 1835 Macarii

2001 632 2128 723 iam
2170 634 2540 717 simpliciter
2582 636 2650 698 in
2695 637 2874 698 Scete
2904 632 3221 697 habitasse
3249 629 3497 705 dicitur,
3528 630 3588 692 id

2004 736 2179 817 quod
2249 737 2476 801 eodem
2542 737 2821 801 Palladio
2877 741 3141 800 auctore
3205 732 3464 813 proprie
3519 749 3591 796 ac

2003 836 2215 899 stricte
2257 836 2337 899 de
2383 834 2521 923 solo
2579 836 2846 900 Macario
2890 833 3207 913 Aegyptio
3247 831 3431 894 valet.
3470 833 3589 894 Sed

2004 955 2202 1017 quum
2247 937 2519 1018 scriptor
2568 938 2710 1001 libri
2761 923 3029 1001 secundi
3074 935 3153 997 de
3208 933 3593 997 habitatione

2006 1037 2255 1100 Macarii
2305 1038 2596 1118 Aegyptii
2639 1037 2796 1100 nihil
2846 1030 3101 1104 referat.
3144 1033 3311 1096 haud
3355 1039 3594 1095 temere

2007 1139 2219 1220 colligi
2247 1140 2512 1215 videtur,
2542 1140 2913 1221 scriptorem
2942 1142 3052 1202 aut
3083 1135 3440 1198 confudisse
3476 1133 3594 1197 hac

2005 1240 2072 1302 in
2100 1258 2169 1303 re
2204 1242 2537 1304 Macarium
2565 1240 2943 1321 Aegyptium
2964 1255 3113 1303 cum
3145 1235 3589 1309 Alexandrino,

2005 1348 2113 1403 aut
2154 1342 2234 1404 de
2274 1341 2658 1405 habitatione
2712 1341 2960 1404 Macarii
3012 1337 3417 1434 Alpxandrini
3463 1354 3592 1397 non

2006 1450 2296 1507 accurate
2335 1445 2627 1508 edoctum
2664 1444 2881 1506 fuisse.
2922 1441 3204 1505 Palladio
3245 1440 3436 1514 enim,
3482 1440 3591 1519 qui

2007 1549 2135 1607 tres
2187 1562 2391 1607 annos
2440 1562 2568 1607 una
2621 1563 2764 1607 cum
2830 1543 3099 1608 Macario
3166 1539 3590 1621 Alexandrino

2005 1645 2180 1717 vixit,
2220 1646 2287 1707 in
2338 1662 2412 1708 ea
2457 1663 2526 1708 re
2573 1645 2878 1708 maiorem
2924 1644 3114 1706 fidem
3166 1640 3587 1705 adhibendam

2010 1764 2147 1811 esse
2179 1747 2364 1829 plane
2393 1753 2588 1827 patet.

300 1841 729 1934 Alexandrini
785 1841 1139 1937 ‘virtutibus
1168 1841 1192 1854 δ
1218 1874 1561 1956 scriptores
1640 1880 1906 1954 spectet,
1941 1875 1986 1933 Β
2090 1850 2437 1956 Πθδράρίξο
2458 1856 2669 1956 afﬁci}?
2690 1849 2805 1911 ista
2832 1846 3029 1956 δοθῐίξ
3049 1841 3429 1956 ξοῙίῖυάξηίεν
3449 1859 3591 1952 οιξῐι]

298 1990 608 2052 quaeres.
647 1976 799 2040 Sine
841 1976 1035 2040 dubio
1078 1976 1157 2040 ad
1203 1978 1548 2040 Palladium
1589 1980 1907 2060 respicere

300 2077 557 2157 nequit,
574 2076 825 2158 quippe
846 2077 954 2157 qui
974 2078 1311 2142 Historiam
1332 2081 1689 2144 Lausiacam
1711 2083 1908 2146 multo

300 2182 450 2256 post
480 2175 842 2255 scripserit.
880 2179 1079 2250 Quare
1106 2177 1226 2240 soli
1254 2177 1695 2260 relinquuntur
1728 2183 1907 2244 Rufi-

300 2293 426 2338 nus
456 2276 529 2337 in
566 2275 1081 2353 Continuatione,
1117 2296 1299 2360 quam
1335 2281 1677 2360 attulimus,
1708 2291 1772 2346 et
1804 2285 1909 2347 Ti-

307 2377 617 2440 motheus
665 2379 1005 2460 episcopus
1050 2380 1123 2462 (1-
1157 2380 1305 2463 385)
1342 2381 1449 2464 (3),
1493 2402 1684 2465 quem
1732 2404 1910 2449 com-

323 2475 597 2553 plurium
644 2480 1103 2544 monachorum
1150 2483 1306 2546 vitas
1352 2484 1549 2549 literis
1580 2487 1912 2551 mandasse

313 2579 717 2642 Sozomenus
746 2581 932 2643 tradit
961 2580 1066 2663 (4).
1101 2583 1243 2645 Istis
1278 2590 1488 2647 autem
1522 2588 1729 2651 verbis
1770 2588 1914 2651 libri

307 2680 581 2743 secundi
612 2680 887 2761 scriptor
919 2672 1201 2765 quinque
1237 2686 1562 2768 subiungit
1594 2688 1909 2768 historias,

307 2797 587 2860 quarum
624 2788 755 2842 tres
788 2782 912 2845 iam
947 2785 1117 2864 apud
1153 2787 1498 2851 Palladium
1532 2790 1911 2870 invenimus,

309 2880 393 2943 de
429 2881 575 2944 viso
621 2881 864 2946 scilicet
901 2895 1317 2951 monumento
1364 2908 1714 2970 magorum,
1752 2912 1914 2973 quae

310 2984 657 3062 primo,de
691 3003 831 3060 uva,
855 3004 1015 3067 quae
1045 2991 1349 3066 secundo,
1371 2999 1432 3053 et
1463 2994 1540 3054 de
1571 3012 1916 3075 congressu

313 3101 461 3145 cum
491 3082 753 3146 duobus
773 3085 1060 3161 tribunis,
1075 3106 1234 3169 quae
1255 3090 1481 3154 ultimo
1499 3092 1643 3155 loco
1663 3094 1911 3173 legitur.

314 3186 439 3247 Sed
473 3186 655 3247 inter
686 3186 953 3266 primam
980 3188 1151 3251 illam
1186 3191 1573 3273 alteramque
1603 3198 1910 3259 narratio-
1940 3231 1984 3288 ο

315 3302 467 3348 nem
526 3287 681 3363 loci,
731 3305 919 3367 quem
977 3292 1276 3355 Macarius
1322 3293 1711 3373 inhabitavit,
1752 3298 1915 3363 hanc

318 3386 823 3467 descriptionem
850 3389 1195 3471 interponit
1221 3410 1235 3454 :

405 3511 436 3543 ε
468 3490 680 3550 Locus
708 3497 939 3561 autem,
994 3492 1061 3554 in
1090 3511 1218 3573 quo
1249 3493 1565 3558 habitabat
1596 3497 1733 3578 ipse
1780 3517 1921 3562 san-

325 3595 464 3650 ctus
484 3589 1135 3662 Macarius,Scithium
1175 3595 1547 3674 appellatur.
1580 3600 1684 3660 Est
1710 3607 1918 3663 autem

322 3686 391 3749 in
418 3704 642 3750 eremo
670 3690 1014 3753 vastissima
1043 3693 1308 3773 positus,
1335 3696 1459 3757 diei
1484 3705 1545 3758 et
1575 3700 1777 3762 noctis
1804 3701 1922 3764 iter

328 3788 574 3851 habens
627 3790 705 3852 de
755 3792 988 3854 Nitriae
1032 3797 1450 3871 monasteriis,
1491 3805 1553 3860 et
1598 3799 1720 3863 hoc
1766 3803 1921 3873 115

331 3890 505 3952 nulla
544 3892 790 3967 semita,
832 3910 1042 3973 neque
1085 3897 1349 3959 terrenis
1387 3897 1702 3978 aliquibus
1741 3903 1921 3964 colli-

333 3988 499 4066 gitur
546 3988 651 4050 vel
702 3998 1081 4054 monstratur
1128 3994 1398 4071 indiciis,
1443 3997 1554 4059 sed
1604 4000 1924 4064 stellarum

331 4089 532 4168 signis
572 4096 639 4152 et
676 4092 964 4154 cursibus
1006 4088 1308 4174 pergitur.
1340 4099 1516 4177 Aqua
1560 4118 1702 4162 raro
1746 4102 1922 4163 inve-

335 4191 531 4266 nitur,
566 4197 631 4253 et
668 4192 869 4255 sicubi
898 4193 1146 4257 inventa
1176 4195 1385 4272 fuerit,
1416 4199 1629 4262 odoris
1669 4203 1926 4281 quidem

336 4290 643 4352 dirissimi
679 4299 793 4367 est,
820 4298 881 4355 et
910 4295 1087 4374 quasi
1128 4296 1498 4374 bituminea,
1532 4300 1643 4361 sed
1685 4305 1928 4384 saporis

335 4392 612 4453 innoxii.
648 4394 801 4455 Sunt
834 4412 983 4473 ergo
1011 4395 1095 4457 ibi
1133 4398 1247 4459 viri
1280 4399 1456 4461 valde
1486 4401 1779 4481 perfecti;
1810 4423 1927 4468 nec

340 4493 515 4554 enim
544 4495 779 4574 patitur
806 4500 929 4556 tam
968 4498 1261 4560 terribilis
1290 4499 1468 4562 locus
1508 4502 1628 4563 nisi
1662 4506 1928 4583 perfecti

340 4596 656 4675 propositi
677 4595 1055 4661 habitatores
1077 4618 1486 4683 summaeque
1504 4609 1922 4684 constantiae;

341 4696 665 4759 charitatis
711 4705 918 4759 tamen
969 4700 1133 4762 inter
1178 4719 1248 4763 se
1296 4709 1359 4765 et
1408 4722 1555 4783 erga
1595 4724 1842 4783 omnes,
1876 4709 1931 4772 si

342 4800 456 4879 qui
476 4798 642 4860 forte
660 4798 738 4860 ad
756 4816 864 4862 eos
885 4810 1304 4879 accesserunt,
1320 4822 1633 4869 summum
1654 4810 1930 4873 studium

342 4906 578 4979 gerunt
609 4897 715 4980 (5).
752 4923 782 4955 ι»

421 5000 554 5062 Etsi
605 5017 640 5060 e
688 4999 961 5062 Palladio
1008 4999 1363 5077 didicimus,
1402 5020 1437 5066 e
1482 5004 1683 5068 tribus
1729 5008 1926 5086 cellis,

351 5115 503 5179 quas
539 5099 847 5161 Macarius
882 5098 1337 5164 Alexandrinus
1364 5101 1605 5181 habuit,
1636 5124 1833 5169 unam
1864 5110 1931 5173 in

424 5268 496 5337 (i)
532 5266 788 5322 Minutoli
825 5266 862 5322 l.
902 5267 939 5321 l.
967 5283 1023 5338 p.
1048 5268 1111 5323 51
1153 5284 1238 5339 sq.
1268 5267 1642 5327 Tiscbendorf
1665 5273 1702 5328 I.
1731 5274 1771 5331 l.

422 5362 495 5433 (2)
542 5360 664 5414 ην.
718 5358 820 5413 ΡΡ.
872 5361 1060 5418 Rosw.
1098 5361 1190 5419 lib.
1235 5362 1277 5418 11
1326 5378 1449 5435 cap.
1499 5366 1569 5420 29
1598 5380 1652 5437 p.
1699 5366 1828 5432 480,
1864 5367 1941 5431 ει

351 5454 587 5510 Vallarsi
615 5455 652 5508 1.
685 5454 724 5508 1.
757 5454 986 5524 p.196,
1029 5452 1210 5526 Migne
1239 5453 1450 5511 Patrol.
1481 5456 1588 5511 1.1.
1632 5473 1687 5528 p.
1718 5458 1823 5514 1-52
1845 5440 1943 5531 sq.

417 5549 494 5617 (3)
527 5547 828 5601 Tillemont
853 5545 1141 5602 Mémoires
1170 5545 1235 5602 T.
1275 5545 1342 5600 Vl
1375 5545 1437 5603 P.
1481 5547 1524 5602 li
1551 5565 1606 5619 p.
1638 5550 1764 5605 649.

422 5640 747 5709 (θερίσαι.
791 5636 932 5694 Hist.
1002 5637 1151 5694 Eccl.
1206 5638 1305 5694 lib.
1364 5638 1430 5694 Vl
1468 5656 1589 5711 cap.
1645 5641 1715 5696 29
1761 5641 1852 5697 ed.
1894 5642 1931 5695 ι.

349 5747 403 5803 p.
434 5731 559 5787 680.

428 5824 504 5895 (5)
530 5822 641 5879 νγ.
672 5823 781 5883 PP.
809 5822 995 5880 Rosw.
1029 5822 1068 5877 1.
1102 5823 1142 5878 1.
1185 5839 1241 5896 p.
1273 5823 1400 5890 481,
1441 5824 1505 5891 l;
1542 5822 1784 5880 Vallarsi
1812 5825 1847 5878 l.
1893 5824 1930 5880 l'.

357 5936 412 5991 ν.
442 5921 557 5989 197,
602 5921 784 5993 Migne
815 5918 855 5976 ι.
890 5917 930 5973 l.
958 5933 1011 5990 ρ.
1040 5917 1148 5973 455

2010 1950 2259 2031 quantis
2287 1949 2752 2012 difﬁcultatibus
2781 1946 3108 2009 monachis
3144 1992 3159 2019 ,
3192 1944 3303 2023 qui
3332 1960 3471 2005 eam
3502 1942 3595 2002 in-

2008 2050 2393 2124 habitabant,
2427 2049 2856 2111 dimicandum
2884 2046 3094 2118 fuerit,
3117 2045 3264 2106 satis
3295 2042 3588 2105 ostendit.

2009 2154 2181 2227 Quae
2259 2151 2518 2233 quidem
2600 2150 2822 2213 eadem
2895 2146 3234 2227 descriptio
3302 2145 3369 2205 in
3431 2143 3592 2206 libro

2011 2262 2189 2318 sexto
2228 2255 2313 2335 (7)
2353 2254 2603 2334 legitur.
2649 2257 2854 2335 Atque
2898 2250 3243 2331 asperrima
3292 2248 3479 2310 etiam
3525 2247 3593 2307 in

2012 2357 2261 2420 Cellulis
2287 2357 2411 2419 vita
2439 2356 2787 2419 obtinuisse
2814 2354 3082 2441 videtur,
3114 2350 3413 2430 quoniam
3443 2366 3590 2429 per-

2011 2456 2307 2521 fectiores
2346 2459 2581 2519 Nitriae
2620 2455 2853 2519 montis
2889 2450 3185 2515 monachi
3214 2467 3290 2511 eo
3322 2466 3390 2511 se
3427 2448 3591 2509 reci—

2015 2560 2293 2642 piebant,
2326 2559 2685 2639 singulique
2720 2558 2895 2621 cellis
2933 2557 3019 2618 ita
3053 2556 3218 2616 inter
3255 2569 3323 2614 se
3353 2552 3591 2613 distan-

2013 2662 2204 2737 tibus,
2232 2669 2301 2724 ut
2347 2661 2501 2723 alter
2545 2660 2811 2721 alterum
2853 2674 2975 2719 nec
3016 2655 3227 2717 videre
3274 2670 3394 2714 nec
3440 2667 3595 2713 voce

2014 2762 2266 2842 assequi
2302 2767 2538 2841 posset,
2561 2758 2898 2820 utebantur
2926 2753 3034 2835 (8).
3068 2751 3442 2815 Monasteria
3480 2750 3594 2812 de-

2014 2863 2210 2942 nique
2250 2862 2482 2923 Nitriae
2520 2859 2773 2930 montis,
2799 2858 2866 2918 in
2894 2856 3123 2936 quibus
3151 2854 3284 2914 fere
3314 2851 3596 2931 quinque

2016 2962 2215 3025 millia
2239 2963 2514 3023 virorum
2554 2977 2696 3023 cum
2742 2964 2885 3021 octo
2923 2955 3047 3018 loci
3092 2951 3475 3035 presbyteris
3502 2950 3597 3011 vi-

2016 3064 2265 3139 vebant,
2294 3080 2482 3144 quam
2512 3061 2832 3142 praeclare
2859 3059 3140 3121 instituta
3167 3055 3424 3129 fuerint,
3456 3052 3599 3115 Pal-

2016 3164 2218 3226 ladius
2254 3165 2547 3245 exposuit
2577 3161 2685 3247 (9).

2102 3288 2262 3358 116
2291 3290 2525 3363 Restat,
2551 3293 2621 3348 ut
2659 3285 2815 3347 duas
2841 3283 2978 3347 illas
3004 3280 3419 3355 narrationes,
3448 3296 3605 3360 quas

2020 3389 2204 3451 nobis
2234 3388 2312 3450 de
2344 3389 2611 3452 Macario
2650 3385 3069 3449 Alexandrino
3100 3382 3261 3446 liber
3289 3380 3608 3445 secundus

2020 3509 2213 3555 novas
2269 3491 2547 3566 exhibet,
2597 3491 2956 3552 afferamus.
3002 3489 3174 3551 Haec
3226 3486 3417 3564 igitur
3462 3490 3607 3564 post

2022 3595 2367 3669 historiam,
2384 3611 2544 3674 quae
2561 3593 2640 3655 de
2662 3610 2781 3655 uva
2800 3592 2947 3670 agit,
2963 3590 3194 3671 scripta
3214 3588 3566 3669 reperimus
3589 3605 3602 3647 :

2105 3721 2132 3753 α
2165 3697 2255 3758 Ad
2296 3697 2483 3758 ﬁdem
2524 3711 2797 3775 namque
2835 3693 3275 3757 conﬁrmatum
3313 3688 3497 3750 nobis
3529 3686 3608 3748 de

2025 3815 2101 3861 eo
2131 3804 2225 3860 est
2249 3797 2327 3859 ab
2358 3796 2475 3869 his,
2508 3796 2619 3877 qui
2651 3812 2729 3857 ex
2758 3810 2867 3857 ore
2897 3793 3033 3855 eius
3062 3791 3410 3862 audierant,
3435 3786 3609 3866 quod

2026 3899 2299 3979 quodam
2351 3903 2642 3977 tempore
2689 3894 2893 3957 noctis
2939 3892 3210 3954 daemon
3252 3889 3333 3953 ad
3378 3889 3610 3950 ostium

2026 3998 2291 4063 cellulae
2331 3997 2465 4060 eius
2508 3996 2853 4077 pulsaverit.
2886 3994 3105 4056 dicens
3140 4009 3154 4053 :
3191 3992 3408 4067 Surge,
3450 3988 3612 4052 abba

2026 4100 2275 4175 Macari,
2312 4106 2372 4161 et
2403 4115 2620 4160 eamus
2650 4095 2729 4159 ad
2761 4094 3112 4168 collectam,
3143 4093 3254 4155 ubi
3280 4091 3503 4154 fratres
3532 4088 3611 4149 ad

2026 4200 2266 4280 vigilias
2296 4203 2778 4278 congregantur.
2812 4197 2934 4257 Sed
2961 4194 3091 4269 ille”,
3123 4194 3233 4274 qui
3269 4192 3464 4271 gratia
3500 4190 3611 4252 Dei

2028 4302 2308 4382 repletus
2351 4299 2482 4362 falli
2522 4316 2653 4360 non
2701 4301 2966 4377 poterat,
3004 4294 3336 4368 intellexit,
3380 4290 3614 4354 diaboli

2032 4420 2171 4465 esse
2214 4400 2543 4474 fallaciam,
2577 4403 2635 4460 et
2680 4398 2766 4459 ait
2800 4414 2812 4456 :
2844 4396 2891 4456 Ο
2926 4393 3200 4456 mendax.
3241 4398 3303 4454 et
3341 4389 3617 4453 veritatis

2029 4499 2314 4564 inimice!
2350 4499 2502 4580 quid
2533 4497 2702 4561 enim
2728 4495 2845 4557 tibi
2874 4492 3197 4567 consortii,
3226 4490 3379 4571 quid
3407 4488 3611 4551 socie-

2034 4604 2173 4665 tatis
2200 4606 2292 4663 est
2318 4615 2471 4661 cum
2486 4595 2747 4659 collecta
2774 4600 2835 4656 et
2860 4592 3347 4671 congregatione
3374 4596 3615 4651 sancto-

2032 4700 2211 4767 rum?
2240 4705 2313 4762 At
2340 4699 2486 4761 ille:
2520 4701 2694 4759 Latet
2728 4711 2877 4774 ergo
2912 4700 2999 4763 te,
3029 4692 3257 4771 inquit,
3288 4709 3324 4753 0
3364 4690 3618 4764 Macari,

2034 4803 2206 4887 quod
2234 4802 2372 4865 sine
2401 4799 2587 4861 nobis
2610 4795 2781 4859 nulla
2807 4793 3069 4857 collecta
3094 4793 3296 4871 agitur
3317 4788 3613 4869 nullaque

2033 4904 2439 4985 congregatio
2483 4893 2977 4962 monachorum?
3024 4894 3183 4956 Veni
3229 4890 3504 4970 denique
3552 4898 3623 4951 et

2030 5007 2271 5072 videbis
2302 5005 2759 5085 operanostra.
2788 4999 2962 5059 Tunc
2998 4994 3104 5056 ille
3136 5010 3150 5054 :
3185 4994 3476 5071 Imperet,
3511 4991 3613 5053 in-

2036 5113 2195 5194 quit,
2244 5109 2359 5172 tibi
2417 5104 2744 5175 Dominus,
2796 5099 3065 5161 daemon
3129 5094 3478 5159 immunde.
3539 5094 3623 5155 Et

2103 5277 2182 5349 (6)
2219 5274 2396 5345 Supra
2427 5272 2561 5340 Cap.
2593 5267 2660 5323 Ill
2694 5286 2745 5336 ιι.
2779 5264 2869 5321 69.
2901 5262 2975 5319 cf.
3008 5279 3060 5334 p.
3092 5262 3184 5318 89:

2104 5369 2181 5437 (7)
2212 5366 2327 5424 νγ.
2356 5363 2461 5419 PP.
2491 5365 2676 5417 Rosw.
2709 5358 2804 5413 lib.
2839 5355 2909 5410 VI
2942 5355 3110 5411 Iibell.
3138 5356 3193 5418 5,
3221 5354 3291 5409 15
3316 5370 3369 5425 p.
3384 5352 3519 5418 .656,
3555 5354 3608 5406 Ξ.

2102 5460 2177 5532 (8)
2211 5457 2328 5513 νγ.
2371 5454 2477 5509 PP.
2527 5451 2712 5506 Bosw.
2755 5449 2852 5505 lib.
2891 5448 2943 5504 1Ῑ
2975 5464 3097 5519 cap.
3144 5447 3217 5501 ‘22
3266 5462 3319 5516 p.
3368 5447 3495 5502 478;
3536 5446 3610 5500 cL

2034 5551 2176 5637 Hist.
2223 5549 2391 5604 Laus.
2436 5544 2525 5601 ed.
2565 5542 2773 5609 Meurs.
2810 5555 2931 5611 cap.
2973 5540 3040 5595 70
3076 5539 3214 5609 Opp.
3264 5536 3469 5593 Meurs.
3501 5538 3537 5591 l.
3574 5537 3609 5592 ι.

2130 5645 2158 5673 I‘.‘

2130 5645 2158 5673 ρ.

2039 5641 2373 5803 “(gziiist
2407 5732 2577 5790 Laus.
2607 5728 2699 5787 ed.
2734 5726 2938 5783 Mcurs.
2988 5736 3111 5793 cap.
3143 5719 3177 5776 8
3219 5719 3360 5794 Opp.
3409 5719 3607 5777 Meum.

2041 5832 2081 5888 Ι.
2112 5830 2146 5885 li
2181 5844 2234 5900 p-.
2268 5826 2484 5897 560311.
