4046 6486
486 416 579 469 111
1299 419 1400 476 SS.
1444 419 1906 477 MACARIORUM
1939 420 2260 478 AEGYPTII
2299 424 2383 478 ET
2428 425 2899 481 ALEXANDRINI
3679 423 3795 478 H2

483 555 820 602 conversus
863 540 940 603 ad
989 542 1339 604 orationem
1388 545 1567 623 petiit
1599 563 1633 606 a
1671 545 1964 619 Domino,
1993 551 2060 606 ut
2089 551 2132 606 Δ
2163 563 2287 626 que
2316 548 2704 626 conceperit,
2728 565 2805 609 ex
2834 546 3127 608 illusione
3159 545 3558 608 daemonum
3595 543 3794 618 fiant;

480 637 598 700 sibi
659 641 1040 716 ostenderet,
1086 642 1137 703 si
1197 642 1320 706 hoc
1382 661 1594 706 verum
1655 651 1842 719 esset,
1887 646 2057 724 quod
2157 655 2238 708 ab
2286 646 2385 708 his
2433 654 2665 720 autem,
2699 648 2808 727 qui
2848 647 3022 709 omni
3069 646 3357 709 custodia
3399 663 3524 708 cor
3580 661 3795 706 suum

481 738 779 814 gloriatus
807 748 899 801 est
927 742 1218 804 daemon.
1243 744 1407 804 Abiit
1429 762 1578 822 ergo
1599 745 1676 807 ad
1706 745 2056 820 collectam,
2160 753 2425 820 servant,
2447 747 2589 808 tetri
2617 747 3007 827 repelluntur
3028 746 3392 826 Aethiopes.
3413 747 3563 807 Deo
3599 745 3796 805 enim

480 839 590 901 ubi
619 857 655 900 a
680 839 972 903 fratribus
1002 843 1245 920 vigiliae
1280 844 1693 916 celebrantur,
1729 852 1790 906 et
1834 845 2060 907 iterum
2161 845 2496 907 coniuncta
2522 864 2701 907 mens
2732 854 2792 908 et
2822 847 2886 907 in
2925 847 3063 925 ipso
3092 854 3378 924 tempore
3406 846 3796 926 praecipue

480 937 544 996 in
580 939 864 1000 oratione
900 940 1234 1002 Dominum
1265 940 1656 1020 deprecatur,
1687 949 1756 1002 ut
1793 942 1907 1003 sibi
1948 960 2057 1003 ve-
2163 945 2462 1006 orationis
2497 946 2760 1021 intenta,
2793 945 2947 1008 nihil
2991 946 3288 1019 alienum,
3317 946 3471 1006 nihil
3527 962 3796 1026 super-

483 1038 726 1100 ritatem
776 1040 948 1101 verbi
995 1040 1181 1102 huius
1229 1041 1537 1102 ostendat.
1585 1042 1657 1102 Et
1707 1058 1878 1113 ecce,
1909 1041 2062 1102 vidit
2160 1042 2357 1104 ﬂuum
2391 1043 2612 1123 recipit
2643 1041 2752 1124 (l).
2789 1043 3291 1117 nAnimadverte,
3317 1043 3604 1105 eandem
3642 1059 3796 1104 rem

484 1156 596 1218 per
627 1145 822 1202 totam
853 1140 1180 1203 ecclesiam
1213 1141 1390 1220 quasi
1433 1143 1724 1222 parvulos
1752 1143 2060 1224 quosdam
2162 1143 2240 1205 ad
2277 1145 2538 1206 verbum
2567 1145 2634 1204 in
2663 1143 3130 1206 Rosweidianae
3156 1143 3563 1207 collectionis
3605 1141 3799 1203 libro

483 1240 784 1317 puerulos
815 1241 1155 1320 AethiOpes
1190 1248 1384 1304 tetros
1415 1243 1766 1307 discurrere
1803 1245 1927 1307 huc
1965 1252 2059 1308 at-
2162 1244 2346 1306 tertio
2375 1243 2590 1306 haberi
2610 1242 2718 1323 (2).
2747 1244 2838 1306 Ad
2869 1244 3218 1318 collectam,
3245 1261 3466 1323 graece
3507 1253 3796 1320 σύναξιν,

483 1358 608 1420 que
640 1341 812 1416 illuc,
841 1349 901 1402 et
929 1341 1094 1404 velut
1119 1342 1437 1406 volitando
1465 1345 1719 1406 deferri.
1752 1346 1939 1406 Moris
1971 1353 2064 1407 est
2165 1362 2289 1424 qua
2319 1345 2524 1406 omnis
2555 1353 2902 1408 conventus
2929 1346 3007 1408 ad
3037 1346 3303 1426 quodvis
3340 1363 3606 1408 sacmm
3657 1346 3796 1406 mi-

483 1447 688 1500 autem
731 1441 888 1502 inibi
941 1441 1309 1505 sedentibus
1359 1445 1600 1506 cunctis
1644 1445 1724 1506 ab
1766 1463 1895 1507 uno
1940 1445 2064 1509 dici
2166 1445 2494 1507 nisterium
2521 1446 2892 1524 intelligitur
2915 1445 3423 1527 (3),Cellularum
3452 1446 3796 1508 monachi

483 1539 813 1617 psalmum,
840 1543 1066 1604 ceteris
1094 1544 1193 1605 vel
1233 1543 1630 1607 audientibus
1658 1546 1754 1607 vel
1795 1563 2060 1626 respon-
2165 1544 2302 1606 solo
2355 1546 2456 1607 die
2509 1547 2747 1608 sabbati
2795 1555 2856 1607 et
2904 1546 3221 1608 dominica
3265 1547 3792 1620 conveniebant,

483 1639 796 1700 dentibus.
857 1641 1292 1703 Discurrentes
1362 1658 1513 1720 ergo
1569 1642 1661 1703 illi
1725 1642 2065 1723 AethiOpes
2167 1644 2390 1706 ceteris
2414 1663 2561 1707 vero
2590 1646 2812 1707 diebus
2841 1645 3064 1724 singuli
3099 1646 3163 1707 in
3191 1646 3366 1709 cellis
3395 1647 3529 1708 suis
3566 1663 3797 1708 rema-

485 1738 731 1814 pueruli
777 1741 1040 1819 singulis
1090 1742 1448 1820 quibusque
1495 1743 1856 1805 sedentibus
1903 1743 2061 1805 allu-
2167 1744 2401 1805 nebant
2425 1741 2531 1826 (4).
2572 1747 2693 1806 Sed
2735 1745 2929 1808 altera
2965 1747 3034 1808 in
3076 1747 3237 1809 libro
3275 1748 3569 1811 secundo
3616 1747 3794 1810 haec

482 1837 734 1913 dobant,
761 1847 821 1902 et
848 1841 901 1902 si
927 1843 1027 1904 cui
1060 1845 1308 1906 duobus
1340 1845 1616 1922 digitulis
1649 1845 1866 1906 oculos
1896 1863 2067 1908 com-
2097 1893 2138 1950 Β
2169 1845 2436 1907 narratio
2471 1848 2754 1924 sequitur
2785 1864 2798 1907 :

485 1941 876 2015 pressissent,
916 1945 1122 2006 statim
1154 1945 1557 2018 dormitabat;
1600 1948 1780 2008 sicui
1809 1965 1955 2010 vero
1994 1949 2060 2010 in
2097 1941 2136 1950 “’
2249 1967 2278 2000 α
2323 1945 2504 2006 Aliud
2545 1964 2801 2026 quoqwa
2839 1945 3035 2008 multo
3078 1945 3420 2008 terribilius
3459 1945 3790 2022 addebat,

483 2052 554 2094 os
591 2035 1045 2102 immersissent
1086 2042 1372 2120 digitum,
1405 2045 1668 2106 oscitare
1698 2063 1841 2107 eum
1870 2045 2063 2108 facie-
2169 2044 2340 2121 quod
2381 2044 2634 2106 vidisset
2671 2063 2747 2106 eo
2787 2053 3096 2125 tempore,
3125 2063 3253 2125 quo
3299 2045 3526 2106 fratres
3580 2063 3789 2107 acce-

484 2137 651 2198 bant.
684 2139 802 2201 Ubi
838 2159 987 2203 vero
1023 2152 1162 2222 post
1190 2144 1497 2224 psalmum
1537 2147 1614 2207 ad
1660 2149 1964 2210 orandum
1996 2167 2064 2212 se
2169 2143 2400 2206 debant
2441 2144 2518 2207 ad
2571 2153 2955 2207 sacramenta
2993 2163 3005 2205 :
3047 2145 3156 2206 ubi
3205 2143 3654 2224 porrexissent
3702 2145 3790 2208 ad

482 2240 894 2318 proiecissent
917 2243 1162 2318 fratres,
1186 2252 1635 2326 percurrebant
1657 2250 2065 2314 nihilominus
2169 2243 2636 2325 suscipiendum
2668 2246 2926 2326 palmas.
2958 2246 3024 2306 in
3067 2245 3518 2308 n0miu110mm
3555 2247 3786 2309 mani-

483 2337 787 2416 singulm,
816 2349 878 2402 et
915 2351 1058 2404 ante
1101 2345 1292 2406 alium
1333 2347 1642 2409 iacentem
1681 2349 1745 2410 in
1781 2353 2064 2414 oratione
2167 2345 2284 2407 bus
2323 2348 2796 2426 praevenientes
2833 2347 3174 2427 Aethiopes
3203 2347 3512 2410 carbones
3555 2349 3784 2428 depo-

483 2440 660 2516 quasi
693 2442 1030 2506 mulierum
1055 2447 1268 2525 specie
1295 2447 1676 2525 ferebantur,
1702 2458 1844 2513 ante
1874 2452 2064 2514 alium
2170 2463 2340 2520 nere,
2388 2464 2619 2527 corpus
2675 2454 2909 2522 autem,
2960 2447 3133 2527 quod
3196 2448 3355 2510 tradi
3413 2449 3788 2510 sacerdotis

483 2539 661 2616 quasi
689 2540 1090 2606 aediﬁcantes
1122 2552 1308 2625 atque
1340 2556 1662 2626 portantes
1698 2549 1956 2628 aliquid,
1993 2570 2064 2615 ac
2167 2547 2454 2607 manibus
2509 2545 2854 2621 videbatur,
2898 2546 3103 2608 redire
3169 2547 3243 2608 ad
3314 2547 3508 2609 altare
3564 2567 3581 2609 ε
3633 2548 3787 2611 aliis

481 2639 721 2703 diversa
747 2660 1036 2722 quaeque
1059 2653 1313 2723 agentes
1334 2650 1741 2728 apparebant.
1765 2653 1839 2711 Et
1865 2669 2063 2730 quae-
2165 2661 2336 2715 vero,
2371 2662 2531 2723 quos
2559 2644 2892 2706 meliorum
2926 2645 3143 2706 merita
3180 2645 3497 2720 iuvabant,
3532 2654 3782 2708 exten-

479 2758 732 2821 cuuque
783 2743 1126 2807 daemones
1158 2748 1337 2826 quasi
1364 2748 1640 2812 ludendo
1665 2750 2061 2826 formassent,
2167 2745 2460 2808 dentibus
2493 2764 2712 2808 manus
2743 2747 2820 2808 ad
2851 2746 3041 2808 altare
3070 2746 3256 2824 longe
3286 2747 3591 2808 recedere
3626 2748 3783 2809 dae-

480 2845 632 2909 llaec
667 2856 918 2911 orantes
946 2850 1036 2911 illi
1061 2851 1127 2912 in
1154 2853 1362 2916 cordis
1392 2855 1490 2916 sui
1524 2856 1903 2933 cogitatione
1932 2873 2066 2916 ver—
2166 2859 2387 2909 moues
2437 2853 2498 2910 et
2543 2867 2684 2910 cum
2732 2849 2972 2926 ingenti
3017 2849 3178 2917 118
3217 2856 3390 2910 metu
3438 2848 3776 2926 refugere.

480 2946 728 3021 sabant;
759 2966 794 3009 a
825 2951 1148 3011 nonnullis
1178 2958 1410 3027 tamen,
1433 2955 1540 3015 ubi
1567 2955 1802 3034 aliquid
1837 2956 2061 3018 horum
2164 2949 2467 3025 Angelum
2510 2949 2678 3010 enim
2719 2949 2963 3010 Domini
3001 2951 3288 3012 assistere
3327 2949 3633 3011 cernebat
3675 2947 3776 3009 al-

479 3061 664 3120 agcre
727 3049 1108 3126 coepissent,
1159 3052 1339 3129 quasi
1387 3053 1442 3111 vi
1505 3054 1773 3131 quadam
1833 3055 2064 3134 repulsi
2167 3047 2302 3119 tari.
2337 3048 2444 3126 qui
2487 3067 2629 3109 cum
2674 3049 3016 3110 sacerdotis
3052 3067 3244 3111 manu
3282 3068 3457 3111 suam
3495 3066 3777 3129 quoque

483 3145 855 3225 praecipites
886 3148 1339 3210 deiiciebantur
1367 3151 1557 3225 ita,ut
1586 3171 1703 3216 nec
1737 3161 1898 3216 stare
1930 3156 2067 3234 qui—
2167 3160 2422 3207 manum
2468 3147 2532 3206 in
2580 3156 3114 3210 sacramentorum
3158 3149 3606 3211 distributione
3657 3167 3772 3209 su-

481 3243 626 3304 dem
659 3263 916 3325 prorsus
946 3255 1051 3309 aut
1084 3250 1348 3311 transire
1386 3253 1555 3314 iuxta
1586 3270 1697 3315 eos
1733 3255 2060 3316 auderent.
2093 3245 2134 3301 C
2167 3254 2574 3325 perponeret.
2615 3249 2704 3306 EX
2746 3246 2868 3308 hoc
2909 3249 3032 3310 iam
3075 3247 3416 3329 permansit
3453 3248 3511 3309 ei
3551 3266 3590 3310 a
3633 3249 3774 3308 D80

484 3343 630 3406 Aliis
659 3359 807 3409 vero
841 3347 999 3420 117
1032 3352 1218 3413 etiam
1249 3353 1513 3414 inﬁrmis
1549 3353 1844 3416 fratribus
1879 3375 2067 3436 supra
2120 3377 2123 3381 ·
2169 3345 2362 3421 gratia
2388 3345 2526 3420 ista:
2551 3353 2614 3407 υῖ
2642 3347 2705 3406 in
2735 3345 2958 3425 Vigiiiis
2988 3347 3245 3408 fratrum
3277 3345 3674 3427 Psalmomm
3709 3352 3772 3406 et

479 3447 756 3510 cervices
786 3455 847 3510 et
877 3449 1061 3513 dorsa
1102 3451 1422 3525 ludebant,
1456 3453 1602 3533 quia
1634 3472 1762 3516 non
1792 3464 1967 3517 erant
2000 3457 2066 3518 in
2168 3446 2469 3507 orationis
2497 3454 2806 3526 tempore,
2827 3449 2879 3508 si
2906 3449 3046 3528 quis
3073 3447 3244 3510 aliud
3265 3447 3503 3526 aliquid
3531 3463 3774 3508 secun-

481 3548 764 3607 m-atione
785 3562 894 3610 sua
915 3548 1350 3612 intenti.Haec
1375 3569 1516 3613 cum
1538 3552 1789 3613 vidisset
1818 3561 2068 3615 sanctus
2168 3545 2318 3606 dum
2375 3546 2736 3608 illusionem
2793 3547 3174 3609 daemonum
3221 3548 3287 3608 in
3336 3547 3527 3609 corde
3579 3545 3768 3625 cogi-

480 3648 804 3723 Macarius,
836 3649 1143 3727 ingemuit
1175 3652 1462 3729 graviter,
1494 3661 1554 3713 et
1586 3653 1893 3733 lacrymas
1923 3673 2068 3734 pro-
2167 3651 2378 3717 tasset,
2419 3652 2812 3722 agnosceret.
2855 3653 2916 3706 εἴ
2957 3645 3387 3708 accedentium
3436 3645 3516 3707 ad
3562 3645 3769 3708 uitare

479 3746 753 3810 fundens
789 3749 866 3812 ad
910 3751 1606 3833 Dominumzﬂespice,
1638 3756 1742 3828 ait,
1775 3756 2063 3831 Domine,
2166 3745 2264 3807 vel
2320 3746 2720 3825 indignitates
2781 3766 2926 3808 eum
2979 3749 3071 3808 vel
3135 3749 3350 3809 merita
3407 3764 3537 3808 non
3600 3746 3762 3809 late-

483 3858 543 3911 et
573 3869 650 3912 ne
681 3853 887 3926 sileas,
911 3869 1120 3933 neque
1152 3853 1453 3934 mitigeris
1487 3858 2068 3935 Deus.Exsurge,ut

2168 3854 2308 3908 rent
2353 3848 2460 3928 (5).
2528 3872 2554 3903 »
2608 3848 2820 3910 Simile
2883 3849 3034 3928 quid
3091 3867 3279 3928 supra
3342 3849 3420 3911 de
3484 3847 3763 3912 Macario

482 3951 919 4030 dispergantur
953 3954 1191 4016 inimici
1229 3956 1342 4028 tui,
1373 3963 1530 4018 etut
1568 3957 1811 4035 fugiant
1844 3957 2065 4020 afacie
2167 3948 2588 4010 Alexandrino
2639 3950 3041 4029 percepimus
3075 3948 3180 4029 (6)-
3230 3949 3499 4010 Abbates
3543 3956 3760 4011 autem

482 4059 618 4125 tua;
645 4053 946 4131 quoniam
980 4055 1186 4115 anima
1215 4063 1428 4117 nostra
1456 4055 1735 4135 repletur
1762 4057 2070 4120 illusioni-
2167 4048 2620 4110 monachorum
2657 4066 2910 4110 suorum
2939 4066 3039 4110 res
3067 4048 3344 4111 occultas
3369 4064 3761 4128 cognoscere

483 4152 617 4216 bus.
654 4153 800 4212 Post
841 4151 1190 4213 orationem
1220 4159 1429 4215 tamen
1468 4156 1919 4218 examinandae
1956 4175 2065 4218 ve-
2167 4147 2333 4210 haud
2364 4166 2505 4210 raro
2537 4149 2976 4211 credebantur.

484 4251 681 4311 ritatis
730 4249 937 4328 gratia.
969 4268 1253 4314 seorsum
1297 4256 1569 4316 evocatis
1611 4257 1874 4334 singulis
1923 4259 2063 4337 qui-
2247 4250 2663 4327 Congressum
2687 4249 2963 4328 denique
2984 4249 3397 4312 Macariomm‘
3416 4267 3561 4312 cum
3590 4249 3757 4312 duo-

482 4353 726 4430 busque
752 4351 1068 4427 fratribus,
1091 4360 1232 4415 ante
1264 4367 1534 4434 quorum
1575 4355 1800 4417 faciem
1834 4357 2068 4418 viderat,
2167 4349 2767 4428 bustribunisquum
2789 4349 3057 4429 scriptor
3081 4348 3220 4410 libri
3235 4349 3496 4410 secundi
3515 4365 3761 4412 narras-

482 4453 823 4515 daemones
848 4454 1097 4516 diverso
1137 4455 1354 4518 habitu
1386 4463 1447 4519 et
1478 4458 1659 4519 variis
1692 4459 2067 4536 imaginibus
2170 4455 2283 4521 set.
2305 4449 2585 4528 caputde
2612 4450 2890 4510 Macariis
2930 4450 3065 4511 ﬁuit
3087 4449 3182 4510 his
3198 4451 3402 4540 verbis
3438 4470 3450 4509 τ
3486 4475 3513 4506 «
3548 4451 3672 4514 Sed
3693 4455 3754 4512 ct

481 4554 793 4628 ludentes,
832 4557 1094 4635 requirit
1139 4557 1218 4618 ab
1271 4559 1380 4633 eis,
1422 4559 1473 4619 si
1521 4559 1588 4620 in
1636 4561 1919 4623 oratione
1967 4561 2063 4622 vel
2102 4549 2384 4636 Dmulta,
2420 4557 2490 4610 ut
2544 4550 2833 4624 diximus,
2877 4547 2994 4611 alia
3053 4550 3131 4611 de
3192 4551 3492 4630 Operibus
3554 4548 3756 4614 sancti

480 4657 854 4719 aediﬁcandi
911 4656 1322 4733 cogitationes
1383 4657 1735 4734 habuerint,
1788 4661 1884 4722 vel
1944 4661 2063 4722 iter
2167 4651 2415 4711 Macarii
2487 4643 2889 4711 Alexandrini
2949 4649 3255 4712 mirabilia
3315 4650 3627 4726 feruntur,
3675 4667 3752 4712 ex

481 4757 730 4834 agendi,
762 4749 859 4819 ve]
891 4758 1010 4819 alia
1041 4758 1302 4832 diversa,
1334 4777 1496 4838 quae
1529 4761 1871 4840 unicuique
1900 4763 2060 4822 ima-
2167 4751 2395 4830 quibus
2444 4751 2746 4812 nonnulla
2793 4751 2858 4812 in
2910 4751 2994 4812 XI
3063 4752 3223 4814 libro
3280 4751 3753 4814 Ecclesiasticae

482 4859 685 4934 ginata
714 4871 831 4937 per
856 4859 1196 4921 daemones
1218 4861 1473 4932 viderat,
1500 4869 1560 4922 et
1588 4861 1818 4939 singuli
1843 4879 2061 4923 eorum

2166 4853 2474 4914 Historiae
2514 4853 2766 4924 inserta,
2798 4851 2906 4931 qui
2949 4852 3245 4930 requiret,
3264 4852 3540 4913 inveniet
3572 4852 3677 4932 (7).
3719 4873 3745 4906 in

479 4958 561 5019 ita
603 4961 1063 5021 conﬁtebantur
1099 4961 1164 5021 in
1204 4959 1397 5022 corde
1441 4977 1554 5021 suo
1597 4960 1813 5035 fuisse,
1846 4968 1916 5022 ut
1954 4959 2060 5022 ille
2167 4956 2256 5014 Ex
2303 4955 2531 5032 quibus
2569 4953 2656 5026 id,
2686 4952 2858 5031 quod
2903 4953 3175 5014 diximus
3207 4952 3315 5030 (8),
3343 4954 3749 5033 perspicuum

481 5059 798 5135 arguebat.
822 5063 894 5121 Et
922 5069 1070 5122 tunc
1094 5059 1485 5121 intellectum
1513 5068 1628 5136 est,
1649 5061 1818 5140 quod
1842 5079 2062 5123 omnes
2170 5063 2282 5127 est,
2308 5056 2371 5116 in
2402 5053 2881 5116 Continuatione
2911 5053 2988 5115 de
3033 5055 3298 5116 Macario
3327 5054 3748 5116 Alexandrino

479 5174 674 5218 vanae
733 5164 793 5217 et
854 5161 1209 5239 superfluae
1268 5160 1703 5238 cogitationes,
1747 5177 1903 5239 quas
1963 5161 2063 5221 vel
2171 5156 2467 5217 Ruﬁnum
2525 5153 2834 5216 retulisse.
2893 5157 3019 5216 Iam
3081 5156 3383 5234 expositis
3438 5157 3537 5230 iis,
3587 5171 3748 5236 quae

482 5254 866 5333 psalmorum
892 5257 988 5318 vel
1019 5260 1374 5321 orationum
1404 5265 1690 5333 tempore
1719 5262 2061 5340 unusquis-
2171 5257 2434 5318 Rufinus
2495 5254 2683 5316 habet
2741 5255 2821 5316 de
2877 5254 3159 5316 Macariis
3194 5289 3270 5300 -—
3309 5269 3453 5316 nam
3498 5255 3564 5316 in
3615 5257 3749 5318 eius

554 5433 628 5498 (I)
657 5429 768 5484 νγ.
816 5429 921 5484 ΡΡ.
952 5429 1135 5486 Rosw.
1171 5433 1265 5489 lib.
1301 5433 1342 5487 Il
1378 5451 1500 5504 cap.
1534 5436 1604 5489 29
1640 5453 1692 5504 p.
1727 5434 1852 5498 481,
1884 5434 1920 5489 2
1944 5451 2056 5504 sq.;

2232 5437 2309 5507 (δ)
2335 5433 2448 5488 vv.
2482 5427 2587 5488 rp.
2619 5431 2806 5488 Rosw.
2848 5433 2944 5486 lib.
2981 5431 3169 5501 ll‘cap.
3203 5431 3273 5487 29
3300 5449 3351 5501 p.
3376 5433 3502 5496 ιδε,
3531 5434 3554 5488 i
3587 5431 3745 5500 ςγδι-

483 5517 713 5576 anlarsi
747 5523 786 5578 1.
816 5523 851 5575 ι.
882 5539 935 5592 p.
975 5515 1074 5576 les
1099 5567 1115 5591 ,
1139 5524 1317 5594 Migne
1349 5528 1386 5581 I.
1421 5527 1457 5581 ι.
1491 5543 1542 5594 p.
1575 5514 1703 5582 455.

1679 5557 1703 5579 ι.
2155 5527 2285 5580 larsi
2322 5527 2356 5580 ι.
2394 5526 2430 5579 1.
2464 5541 2519 5596 p.
2548 5524 2650 5578 199
2673 5566 2686 5589 ,
2720 5524 2897 5592 Migne
2925 5523 2960 5576 1.
2990 5522 3027 5576 1.
3067 5538 3119 5591 p.
3151 5521 3277 5576 455.

533 5603 630 5680 ’(2)
655 5611 790 5666 Ibid.
825 5615 920 5668 lib.
953 5613 1021 5666 111
1047 5630 1166 5681 cap.
1196 5617 1265 5670 45
1299 5635 1350 5685 p.
1385 5618 1509 5681 507,
1538 5620 1592 5671 ἓ.

2243 5618 2318 5682 (6)
2354 5618 2441 5670 Cf.
2478 5631 2644 5685 supra
2679 5615 2858 5684 Caput
2889 5614 2962 5668 111
2988 5630 3043 5683 p.
3079 5614 3164 5668 74.
3201 5615 3322 5668 101.

558 5704 634 5765 (5)
664 5705 918 5759 Binterim
959 5707 1180 5760 Denkw.
1225 5707 1286 5760 T.
1322 5708 1390 5762 IV
1423 5709 1480 5762 P.
1514 5711 1531 5761 l
1563 5727 1611 5778 p.
1645 5711 1770 5765 557.

2243 5711 2318 5782 (7)
2355 5710 2466 5766 νγ.
2492 5708 2596 5764 PP.
2630 5708 2813 5762 Rosw.
2849 5708 2943 5761 lib.
2976 5706 3017 5758 ll
3047 5722 3165 5777 cap.
3189 5706 3257 5763 29
3285 5721 3340 5777 p.
3373 5706 3500 5772 482,
3527 5705 3595 5775 2;
3625 5702 3740 5761 Val-

565 5793 637 5857 (4)
667 5792 780 5848 V'V.
813 5797 912 5848 PP.
943 5796 1126 5850 Rosw.
1161 5798 1252 5851 lib.
1287 5799 1326 5851 ll
1353 5818 1472 5869 cap.
1507 5801 1577 5852 29.
1604 5819 1654 5869 p.
1687 5805 1810 5870 473,
1842 5807 1861 5858 1
1890 5824 1902 5870 ;
1939 5805 2063 5859 Val-
2169 5804 2298 5857 larsi
2335 5804 2368 5857 l.
2401 5804 2440 5856 l.
2469 5819 2521 5870 p.
2552 5802 2688 5862 200,
2721 5799 2903 5868 Migne
2940 5800 2974 5851 Ι.
3011 5799 3046 5851 Ι.

487 5883 618 5940 larsi
643 5887 680 5939 l.
723 5888 759 5939 l.
794 5904 848 5956 p.
891 5889 1022 5953 187,
1054 5889 1230 5959 Migne
1265 5892 1302 5945 l.
1333 5893 1369 5978 Ι.
1399 5909 1455 5964 p.
1485 5893 1590 5947 444
1620 5911 1704 5963 sq.
2245 5895 2319 5967 (8)
2351 5896 2525 5966 Supra
2555 5892 2582 5965 ᾗ
2607 5893 2674 5947 27
2704 5893 2760 5948 in
2801 5892 2924 5955 tinc,
2955 5905 3010 5961 p.
3041 5890 3161 5945 114.
