4046 6488
325 438 419 488 H".

1913 453 2137 513 VITAE.

3554 465 3657 521 ιη

327 552 823 655 Apologiarum
883 562 1383 641 [Invectivarum]
1432 566 1497 627 in
1554 568 1615 627 S.
1663 568 1978 647 Hierony-
2007 579 2053 633 Α
2083 580 2275 646 ctum,
2306 575 2846 654 interrogavitme,
2889 594 3077 655 quam
3104 577 3184 641 ob
3206 595 3456 641 causam
3476 598 3654 643 accc-

333 669 499 713 mum
516 653 724 717 libris
738 668 1025 737 praeter
1038 681 1297 743 ea,quae
1308 684 1494 744 supra
1510 668 1979 747 monuimus(1),

342 754 491 814 nihil
526 755 904 821 invenitur
936 794 1014 806 --
1044 763 1119 824 ad
1150 772 1354 826 cetera
1384 773 1791 829 transeamus.

1008 881 1248 941 CAPUT
1300 882 1371 942 ν.

814 1011 873 1055 S.
952 1015 1401 1069 IIIERONYMUS,
1500 1014 1832 1061 CASSIANUS
1898 1017 1979 1060 DE

440 1087 705 1132 SANCTIS
792 1091 1089 1136 MACARIIS
1161 1094 1470 1139 AEGYPTIO
1543 1093 1623 1137 ET
1689 1094 1975 1139 ALEXAN-

440 1165 680 1209 DRINO.

370 1008 680 1051 suemus
710 1040 727 1067 ,

447 1272 475 1343 §
516 1268 621 1330 29.
672 1273 1025 1350 Evagrium
1081 1280 1175 1336 ter
1201 1281 1440 1337 tantum
1470 1276 1549 1337 de
1581 1275 1847 1338 Macario
1877 1275 1974 1337 lo-

382 1370 501 1447 qni,
535 1389 742 1450 supra
818 1375 1181 1437 monuimus
1240 1374 1357 1457 (2);
1418 1378 1753 1439 Macarium
1824 1395 1974 1439 vero

377 1473 765 1551 Aegyptium
799 1474 921 1537 dici
952 1476 1029 1537 ab
1061 1494 1159 1551 eo,
1183 1477 1558 1539 videbimus.
1587 1479 1880 1557 Evagrius
1909 1479 1975 1541 in

376 1568 531 1633 lmro
569 1572 870 1637 secundo
908 1576 1103 1637 multo
1135 1595 1209 1637 ex
1239 1584 1520 1657 tempore
1551 1595 1587 1639 a
1616 1579 1800 1641 beato
1842 1582 1971 1642 Ma-

375 1674 567 1746 cario,
608 1695 801 1754 quem
844 1677 1326 1754 famosissimum
1363 1680 1430 1740 in
1472 1681 1587 1740 Dei
1624 1682 1835 1759 gratia
1879 1683 1969 1742 si-

376 1775 640 1853 gnisque
676 1786 737 1836 et
768 1777 1106 1838 virtutibus
1133 1779 1439 1855 insignem
1461 1780 1655 1857 fuisse
1687 1782 1971 1841 omnibus

2085 680 2327 751 ptarum
2351 676 2605 754 quidem
2620 678 2698 738 ab
2715 676 3074 740 hominibus
3092 679 3459 741 iniuriarum
3474 681 3658 741 remi-

2084 772 2386 835 niscendo
2421 776 2759 836 memoriae
2791 776 2912 837 vim
2940 794 3010 837 ac
3038 777 3396 839 facultatem
3424 780 3487 839 in
3512 779 3651 839 ani-

2082 888 2186 932 mo
2230 889 2797 953 corrumperemus,
2834 885 3121 955 acceptas
3152 894 3298 939 vero
3327 895 3363 938 a
3392 878 3653 939 daemo-

2080 972 2264 1033 nibus
2289 973 2543 1035 iniurias
2571 978 2908 1039 memoriae
2930 978 3444 1039 commendantes
3474 978 3650 1040 illae;

2079 1071 2129 1131 si
2159 1089 2574 1135 maneremus.
2602 1077 2877 1155 Cumque
2901 1093 3017 1153 ego
3049 1077 3454 1139 haesitassem
3484 1078 3655 1156 igna-

2078 1189 2184 1233 rus
2237 1173 2387 1252 quid
2434 1176 2947 1255 respondendum
2978 1184 3160 1250 esset,
3202 1177 3653 1257 petiissemque

2078 1272 2313 1345 abillo,
2347 1280 2415 1335 ut
2452 1274 2587 1353 ipse
2628 1274 2781 1334 mihi
2805 1276 2937 1337 eius
2964 1277 3054 1337 rei
3097 1295 3343 1338 causam
3380 1294 3656 1355 expone-

2076 1378 2171 1434 ret
2221 1391 2233 1433 :
2297 1374 2477 1447 Quia,
2533 1375 2776 1453 inquit,
2843 1375 3019 1457 prior
3077 1377 3335 1456 quidem
3402 1376 3650 1438 affectio

2075 1479 2295 1534 contra
2350 1480 2669 1547 naturam,
2717 1475 3034 1553 posterior
3083 1491 3233 1536 vero
3303 1475 3652 1537 secundum

2072 1571 2265 1634 animi
2295 1580 2577 1635 naturam
2615 1580 2706 1636 est
2730 1575 2834 1655 (9).
2870 1599 2900 1632 ››
2940 1577 3111 1637 Idem
3138 1575 3387 1637 Macarii
3415 1576 3650 1636 dictum

2072 1672 2230 1752 legis
2252 1675 2419 1755 apud
2448 1678 2762 1738 Socratem
2797 1674 2937 1755 (10),
2961 1684 3118 1752 120
3141 1676 3208 1736 in
3226 1674 3650 1737 VV.PP.libro

2073 1778 2421 1858 quinto(11)
2444 1785 2505 1839 et
2526 1777 3017 1858 septimo(12),in
3041 1776 3363 1839 sententiis
3374 1778 3649 1850 Patrum,

376 1882 592 1931 notum
624 1875 741 1946 sit,
781 1875 1116 1938 instructus
1176 1893 1313 1938 esse
1354 1876 1512 1946 119
1545 1878 1808 1940 traditur
1840 1878 1956 1959 (3);
1992 1911 2036 1965 Β
2071 1896 2227 1958 quas
2247 1877 2617 1939 Rosweidus
2634 1875 3117 1957 habet(13),etin
3134 1876 3649 1956 ApOphthegma-

373 1982 511 2035 uter
530 1994 695 2037 vero
719 1978 1127 2039 Macariorum
1145 1978 1405 2053 dicatur,
1426 1996 1458 2040 e
1481 1979 1639 2040 libro
1659 1981 1964 2056 secundo,

372 2079 480 2153 qui
518 2084 875 2156 utrumque
917 2079 1250 2141 Macarium
1283 2104 1309 2134 «
1341 2080 1751 2141 abstinentiae
1784 2096 1967 2141 exer-

370 2174 532 2233 citiis
565 2183 628 2236 et
661 2176 995 2237 virtutibus
1020 2177 1211 2239 animi
1240 2178 1581 2256 aequaliter
1606 2179 1905 2257 polluisse
1936 2205 1963 2237 »

370 2273 689 2349 gloriatur
734 2274 841 2355 (4),
884 2294 1014 2337 non
1086 2276 1418 2353 colligitur.
1478 2278 1751 2350 Accedit,
1794 2280 1965 2357 quod

377 2373 558 2433 verba
626 2374 715 2434 de
786 2375 1050 2437 Macario
1118 2376 1361 2453 Evagrii
1427 2384 1842 2456 praeceptore
1900 2379 1965 2441 in

382 2488 600 2546 graeco
658 2473 807 2534 libri
862 2472 1123 2536 secundi
1168 2482 1363 2549 textu,
1397 2477 1573 2538 cuius
1615 2475 1963 2555 fragmenta

379 2574 725 2635 Cotelerius
749 2574 962 2650 edidit,
983 2576 1208 2637 desunt
1228 2576 1333 2661 (5).
1357 2580 1576 2657 Neque
1604 2578 1756 2641 illud
1778 2580 1962 2642 etiam

372 2676 514 2735 satis
563 2680 865 2737 constare
912 2677 1177 2749 videtur,
1216 2678 1356 2738 libri
1403 2678 1665 2740 secundi
1705 2680 1957 2742 verbis:

378 2799 399 2827 ι
424 2776 724 2837 Vidimus
747 2777 834 2837 ibi
855 2782 915 2838 et
934 2779 1457 2857 sapientissimum
1480 2781 1705 2841 virum.
1726 2828 1738 2841 .
1760 2828 1772 2840 .
1802 2783 1959 2842 Eva-

370 2877 575 2952 grium
621 2900 654 2931 ω
696 2875 779 2953 (6)
818 2878 1236 2957 comprobari,
1269 2879 1598 2956 Evagrium
1649 2879 1961 2941 habitasse

373 2975 430 3033 in
452 2974 739 3047 Cellulis,
760 2973 839 3035 de
862 2992 1123 3053 quarum
1156 2976 1482 3039 monachis
1512 2994 1792 3056 eousque
1813 2996 1957 3039 nar-

373 3082 572 3134 ratum
628 3078 797 3145 erat;
846 3090 989 3133 nam
1035 3080 1095 3135 et
1135 3075 1505 3136 vocabulum
1584 3076 1675 3137 ibi
1718 3077 1781 3138 in
1830 3078 1957 3139 fra-

368 3180 630 3250 gmento
646 3188 873 3249 graeco
885 3172 1276 3235 desideratur
1290 3176 1370 3254 (7)
1384 3223 1395 3235 .
1411 3176 1516 3237 Sin
1530 3187 1738 3239 autem
1755 3178 1860 3240 illa
1872 3184 1961 3241 te-

2068 1980 2147 2039 tis
2167 1996 2203 2039 a
2229 1978 2537 2041 Cotelerio
2566 1978 2749 2039 editis
2782 1976 2927 2055 (14),
2962 1976 3082 2039 hoc
3099 1976 3237 2038 solo
3269 1976 3649 2038 discrimine.

2070 2079 2243 2158 quod
2286 2085 2535 2158 praeter
2576 2074 2895 2139 Socratem
2927 2078 3119 2139 ceteri
3161 2078 3512 2155 Evagrium,
3546 2076 3650 2138 cui

2067 2179 2369 2241 Macarius
2393 2179 2556 2239 istud
2577 2177 2752 2249 dixit,
2787 2194 2914 2237 non
2938 2176 3284 2239 nominant.

2147 2282 2422 2343 Alterum
2463 2280 2540 2342 de
2598 2279 2866 2340 Macario
2921 2279 3313 2340 enuntiatum
3348 2278 3650 2353 Evagrms

2065 2382 2301 2444 ibidem
2330 2382 2453 2443 hoc
2490 2367 2808 2458 suggerit:
2857 2403 2884 2435 α
2927 2379 3174 2441 Accessi
3225 2378 3368 2457 ipso
3400 2376 3648 2437 fervido

2067 2479 2328 2539 meridie
2368 2479 2445 2539 ad
2489 2484 2769 2539 sanctum
2801 2484 3039 2556 patrem
3076 2475 3434 2546 Macarium,
3472 2478 3533 2533 et
3552 2472 3650 2534 siti

2066 2577 2470 2640 vehementer
2501 2594 2839 2657 Oppressus
2878 2592 3105 2654 aquam
3139 2574 3289 2653 petii
3318 2574 3393 2634 ad
3430 2573 3653 2634 biben-

2065 2678 2238 2739 dum.
2291 2681 2348 2739 Is
2404 2685 2611 2740 autem
2654 2696 2665 2738 :
2717 2679 2968 2749 Umbra,
3025 2677 3254 2755 inquit,
3314 2678 3647 2737 contentus

2064 2784 2224 2839 esto.
2248 2778 2419 2839 Multi
2449 2779 2637 2851 enim,
2665 2779 2773 2857 qui
2804 2796 2968 2839 nunc
3001 2778 3121 2838 iter
3136 2777 3371 2837 faciunt
3404 2774 3500 2837 vel
3530 2792 3647 2837 na-

2061 2880 2294 2957 vigant,
2330 2880 2511 2941 etiam
2544 2880 2730 2941 huius
2769 2886 2983 2941 carent
3030 2879 3274 2940 solatio.
3316 2878 3470 2939 Dein
3516 2878 3647 2939 dis-

2063 2981 2303 3059 putanti
2342 2980 2493 3041 mihi
2524 2989 2583 3042 et
2611 2982 2688 3042 de
2725 2981 3101 3041 abstinentia
3142 2996 3285 3041 cum
3317 2996 3393 3040 eo
3426 2978 3646 3039 confe-

2061 3080 2225 3141 renti
2255 3100 2268 3142 :
2306 3081 2585 3155 Conﬁde,
2608 3081 2833 3160 inquit,
2854 3080 2979 3153 ﬁli;
3012 3086 3177 3141 totos
3210 3078 3423 3156 viginti
3445 3094 3647 3139 annos

2063 3198 2271 3261 neque
2312 3200 2474 3261 pane
2525 3201 2733 3260 neque
2762 3199 2925 3260 aqua
2966 3197 3175 3259 neque
3223 3196 3448 3241 somno
3492 3196 3647 3240 usus

375 3292 544 3334 mere
563 3292 639 3334 ac
664 3290 850 3351 prave
872 3274 937 3334 in
964 3274 1553 3353 graecofragmento
1571 3278 1958 3353 omittantur,
1987 3255 2031 3311 ο
2066 3299 2204 3343 sum
2242 3282 2319 3343 ad
2351 3284 2719 3343 satietatem.
2760 3284 2913 3341 Nam
2954 3298 3181 3360 panem
3223 3296 3435 3341 meum
3474 3284 3646 3340 certo

374 3375 634 3435 minime
656 3381 867 3436 tamen
892 3377 1195 3454 sequitur,
1213 3377 1543 3439 Macarium
1573 3378 1958 3441 Alexandri-

374 3492 521 3532 num
546 3474 745 3534 fuisse
774 3482 1246 3553 praeceptorem
1277 3476 1544 3553 Evagrii;
1568 3494 1645 3539 ex
1666 3494 1743 3539 eo
1766 3479 1959 3553 enim,

375 3569 547 3647 quod
574 3578 731 3631 tunc
763 3570 1055 3648 Evagrius
1080 3572 1146 3631 in
1175 3571 1425 3633 Cellulis
1454 3573 1623 3647 vixit,
1654 3574 1717 3635 id
1750 3576 1963 3655 colligi

374 3686 501 3729 non
541 3677 773 3748 potest,
808 3670 1145 3749 praecipue
1174 3688 1371 3750 quum
1396 3673 1504 3734 illo
1534 3680 1958 3755 temporeMa-

371 3770 523 3828 ear-ii
539 3770 671 3830 iam
684 3770 913 3829 mortui
928 3777 1155 3831 essent.
1173 3772 1457 3834 Socrates
1469 3790 1615 3835 vero
1632 3776 1960 3853 Evagrium

372 3869 539 3927 Maca
548 3868 644 3928 rio
652 3884 785 3927 rum
799 3868 1083 3947 Aegyptii
1096 3876 1155 3929 et
1169 3869 1570 3931 Alexandrini
1582 3872 1959 3952 discipulum

375 3975 576 4039 meat,
601 3985 639 4027 a
667 3967 914 4046 quibus,
937 3985 1131 4045 quum
1150 3977 1331 4030 antea
1352 3969 1502 4031 solis
1522 3971 1727 4055 verbis
1754 3972 1960 4051 philo-

373 4086 401 4127 s
420 4088 441 4127 )
450 4068 684 4146 phatus
698 4076 859 4129 esset
870 4117 882 4140 ,
893 4086 957 4129 re
970 4069 1101 4147 ipsa
1116 4069 1547 4150 philosophari
1558 4072 1865 4153 didicerit(
1871 4075 1928 4147 8)
1939 4124 1953 4137 .

454 4169 543 4227 De
562 4169 829 4229 Macario
856 4168 1152 4245 Evagrius
1179 4170 1244 4230 in
1264 4170 1428 4244 libri,
1453 4171 1556 4233 cui
1582 4173 1798 4236 titulus
1829 4185 1950 4237 est:

377 4291 403 4321 ιι
426 4268 645 4344 Capita
672 4269 941 4345 practica
969 4270 1047 4330 ad
1075 4272 1453 4345 Anatolium,
1472 4296 1501 4329 »
1534 4276 1758 4354 capite,
1783 4280 1953 4357 quod

380 4392 397 4423 ε
434 4374 652 4443 Ῥήσεις
672 4377 918 4446 μοναχῶν
941 4376 1109 4445 ἁγίων
1142 4394 1170 4426 lo
1209 4371 1588 4448 inscribitur,
1630 4374 1786 4438 haec
1823 4394 1955 4440 me-

376 4472 583 4527 morat
618 4484 633 4527 :

2064 3383 2349 3462 pondere
2380 3383 2647 3455 comedi,
2697 3399 2923 3461 aquam
2963 3380 3090 3442 bibi
3131 3385 3299 3441 certa
3327 3394 3644 3452 mensura,

2064 3499 2137 3544 ac
2164 3483 2368 3543 somni
2391 3483 2678 3560 exiguam
2718 3488 2958 3560 partem
2998 3481 3338 3540 suﬁ‘uratus
3369 3494 3508 3539 sum
3539 3477 3644 3537 in—

2063 3579 2355 3642 clinando
2380 3599 2481 3642 me
2504 3582 2579 3641 ad
2604 3581 2872 3659 parietes
2892 3579 3037 3658 (15).
3066 3602 3093 3634 ιυ
3122 3578 3296 3651 Quod
3312 3577 3477 3638 idem
3507 3595 3647 3637 nar-

2063 3688 2233 3741 ratur
2251 3698 2285 3742 a
2305 3679 2755 3760 Socrate(16)et
2778 3680 2843 3740 in
2867 3679 3026 3739 libro
3043 3686 3219 3739 sexto
3232 3677 3639 3755 VV.PP.(17).

2062 3782 2289 3857 Legem
2327 3787 2534 3840 autem
2576 3779 2720 3847 cibi,
2766 3785 2952 3857 potus
2982 3784 3043 3838 et
3086 3777 3292 3837 somni
3332 3775 3645 3837 desiderio

2061 3896 2385 3957 nunquam
2412 3878 2670 3939 omnino
2702 3875 3123 3938 satisfaciendi
3147 3881 3367 3954 postea
3399 3873 3647 3935 Colum-

2058 3981 2256 4042 banus
2288 3977 2611 4039 monachis
2639 3976 2768 4037 suis
2795 3974 3197 4055 praescripsit
3236 3973 3383 4053 (18).

2135 4079 2380 4139 Tertius
2403 4078 2679 4155 denique
2709 4075 2908 4148 locus,
2945 4091 3071 4153 quo
3113 4074 3446 4135 Macarium
3483 4073 3641 4133 Eva-

2057 4180 2228 4257 grius
2259 4183 2733 4249 commemorat,
2781 4175 2849 4236 in
2899 4174 3182 4236 eiusdem
3228 4174 3371 4235 libri
3410 4174 3640 4253 capite,

2055 4280 2224 4360 quod
2243 4302 2270 4334 α
2292 4287 2480 4356 Θεωρή
2491 4302 2634 4354 ματα
2650 4284 2928 4355 πρακτικὰ
2959 4303 2977 4335 ι
2994 4274 3374 4345 inscribitur,
3389 4272 3491 4335 hic
3510 4278 3639 4334 est:

2136 4404 2163 4436 ‹‹
2202 4377 2500 4439 Nonnulli
2533 4385 2678 4436 sunt
2712 4392 2790 4435 ex
2831 4374 3243 4435 daemonibus
3277 4374 3640 4441 immundis,

2056 4478 2161 4557 qui
2208 4474 2560 4553 legentibus
2606 4490 2854 4550 semper
2898 4472 3209 4553 assident,
3242 4479 3642 4551 mentemque

461 4590 492 4620 α
536 4567 878 4645 Aegyptius
900 4586 1091 4631 senex
1130 4571 1465 4644 Macarius,
1508 4589 1614 4634 vas
1649 4573 1804 4636 illud
1836 4576 1959 4639 ele-
1989 4592 2032 4647 ι)
2062 4595 2281 4641 eorum
2319 4575 2607 4654 abripere
2660 4582 2993 4647 conantur,
3033 4580 3280 4652 sumpta
3323 4589 3639 4652 saepenu-

446 4710 526 4779 (i)
566 4710 742 4780 Supra
779 4711 902 4782 §26
932 4728 983 4782 p.
1020 4712 1140 4769 ΗΞ.

452 4798 528 4869 (εξ)
559 4798 646 4855 cr.
684 4801 846 4885 §7.p.
880 4803 970 4857 δε.

450 4893 528 4961 (5)
555 4892 669 4947 νγ.
699 4894 803 4947 PP.
844 4894 1023 4950 Bosw.
1055 4897 1149 4951 lib.
1186 4896 1227 4949 II
1251 4912 1371 4966 cap.
1400 4899 1471 4950 27
1506 4915 1558 4968 p.
1588 4901 1714 4963 479.
1746 4901 1810 4965 2;
1844 4904 1955 4959 Itu-

378 4984 472 5036 tini
498 4985 641 5051 Opp.
665 4985 752 5037 ed.
782 4984 1013 5041 Vallarsi
1044 5003 1096 5054 p.
1131 4988 1262 5055 192;
1296 4988 1476 5059 Migne
1508 4992 1545 5045 I.
1574 4992 1608 5043 Ι.
1640 5007 1692 5061 p.
1720 4992 1846 5047 M9.

446 5074 525 5140 (ι)
562 5071 649 5125 Cf.
683 5089 845 5142 supra
875 5090 926 5143 p.
954 5075 1075 5129 110.

448 5166 522 5233 (ὃ)
554 5165 793 5219 Cuteler.
824 5163 967 5219 Eccl.
1000 5166 1192 5221 Graec.
1217 5167 1361 5227 Mon.
1388 5167 1451 5222 T.
1479 5168 1542 5221 III
1571 5186 1625 5241 p.
1663 5170 1764 5225 I76
1793 5187 1917 5243 sq.;

384 5258 511 5324 Opp.
542 5257 753 5312 Meurs.
786 5258 822 5311 Ι.
850 5259 885 5311 l.
912 5274 965 5327 p.
994 5258 1118 5312 6M.

451 5349 518 5417 t6)
552 5348 672 5402 V'V.
702 5348 805 5402 PP.
835 5349 1018 5406 Rosw.
1050 5351 1086 5404 ι.
1134 5350 1205 5417 ι.;
1240 5350 1471 5406 Vallarsi
1504 5352 1539 5405 I.
1571 5352 1631 5414 I..
1659 5351 1835 5423 Migne
1856 5354 1891 5408 Ι.
1914 5354 1953 5409 l.

376 5457 427 5510 ρ.
462 5442 570 5496 ἇείὸ
603 5457 689 5510 sq.

444 5534 519 5599 (7)
550 5532 785 5586 Coteler.
816 5530 852 5585 I.
881 5530 957 5595 1.;
983 5528 1119 5601 Opp.
1150 5531 1349 5586 Mcurs.
1386 5533 1423 5588 l.
1453 5534 1489 5587 l.

446 5622 522 5689 (8)
554 5622 711 5675 Socr.
737 5621 876 5676 Ilist.
912 5623 1056 5676 Eccl.
1084 5623 1179 5676 lib.
1213 5620 1281 5675 IV
1307 5641 1427 5693 cap.
1460 5625 1531 5679 25
1560 5624 1648 5679 ecl.
1683 5627 1718 5680 l.
1744 5643 1795 5696 p.
1822 5628 1948 5682 234.

448 5715 522 5781 (9)
551 5714 725 5785 Caput
755 5713 941 5777 XCIII,
964 5715 1205 5769 Cotelcr.
1232 5715 1378 5769 Eccl.
1406 5715 1601 5771 Graec.
1631 5716 1773 5771 Mon.
1795 5717 1858 5772 Τ.
1886 5717 1951 5771 Ill

378 5822 429 5874 p.
445 5805 510 5860 99
524 5823 628 5876 sq.,
650 5806 904 5861 Gallaml.
930 5806 1065 5859 Bibl.
1085 5805 1185 5859 PP.
1206 5806 1271 5860 T.
1300 5806 1384 5859 VII
1406 5823 1457 5877 p.
1476 5807 1808 5862 565.!larum
1832 5825 1954 5863 nar-

379 5899 641 5957 rationum
672 5899 985 5955 versionem
1018 5899 1239 5973 anobis
1270 5901 1585 5979 castigatam
1612 5899 1948 5957 exhibemus.

2132 4720 2243 4792 (10)
2276 4720 2432 4775 Socr.
2466 4718 2603 4773 Hist.
2636 4718 2782 4772 Eccl.
2817 4719 2852 4771 l.
2888 4719 2925 4771 I.
2952 4734 3007 4787 p.
3036 4718 3163 4773 2'55.

2130 4814 2243 4883 (ll)
2272 4810 2386 4865 vv.
2415 4810 2516 4864 re.
2549 4810 2731 4864 Rosw.
2764 4810 2856 4864 lib.
2886 4809 2926 4862 v
2950 4810 3115 4864 libell.
3150 4808 3329 4875 10,54
3356 4824 3408 4878 p.
3435 4807 3556 4872 599,
3580 4808 3637 4863 2.

2131 4904 2243 4974 (η)
2275 4904 2413 4957 lbid.
2455 4918 2578 4972 cap.
2609 4902 2701 4966 57,
2726 4902 2758 4954 4
2790 4900 3075 4970 ρ.ϐ81,2.

2129 4997 2240 5065 (l5)
2275 4994 2409 5048 Ibid.
2440 5007 2580 5050 sent.
2612 4996 2677 5046 I5
2704 5009 2755 5062 p.
2801 4995 2957 5055 t003,
2998 4993 3048 5045 l.

2133 5090 2244 5159 (14)
2274 5088 2517 5141 Coteler.
2555 5086 2701 5139 Eccl.
2737 5082 2931 5137 Graec.
2962 5082 3107 5136 Mon.
3140 5079 3207 5133 Τ.
3246 5080 3265 5133 I
3300 5095 3353 5149 p.
3388 5078 3492 5135 546
3511 5094 3558 5131 s.
3582 5094 3634 5132 ν.

2056 5178 2328 5235 Macarius
2378 5179 2666 5247 Aegyptius
2720 5172 3046 5245 §XXXV|;
3124 5172 3266 5225 infra
3322 5172 3377 5225 in
3438 5173 3634 5224 harum

2056 5263 2451 5330 Quaestionum
2486 5261 2799 5331 AppemIice
2827 5263 2997 5315 altera
3036 5261 3138 5315 sub
3164 5259 3249 5315 Ill.

2127 5352 2241 5423 (15)
2265 5352 2398 5421 Cap.
2434 5350 2615 5412 XCIV,
2636 5350 2870 5405 Coteler.
2906 5349 3052 5406 Eccl.
3073 5350 3267 5409 Graec.
3292 5349 3444 5405 Non.
3476 5346 3543 5405 Τ.
3570 5346 3636 5402 Ill

2053 5458 2107 5513 p.
2146 5442 2283 5504 100,
2310 5440 2562 5495 Galland.
2597 5441 2735 5496 Bibl.
2767 5440 2872 5495 PP.
2905 5441 2941 5495 ι.
2982 5443 3017 5498 Ι.

2130 5532 2243 5603 (l6)
2282 5532 2439 5587 Socr.
2479 5532 2617 5588 Hist.
2645 5533 2791 5587 Eccl.
2826 5532 2861 5586 I.
2891 5532 2930 5587 1.

2128 5624 2241 5694 (ιτ)
2264 5622 2854 5679 VV.PP.Rosw.Iib.VI
2880 5624 3273 5689 libell.4,l7.l8
3301 5621 3525 5693 p.559,2
3546 5636 3632 5693 sq.

2129 5718 2238 5784 (18)
2266 5716 2591 5772 Columbam
2615 5719 2742 5771 abb.
2782 5720 2970 5786 regula
2999 5716 3335 5773 coenobialis
3362 5732 3482 5772 can.
3525 5713 3559 5768 3
3581 5724 3634 5768 et

2059 5810 2114 5864 in
2161 5810 2289 5865 (ine.
2342 5809 2608 5879 Ilolstcnii
2647 5794 2795 5866 Cod.
2834 5810 3091 5880 ltcgular.
3130 5809 3193 5866 τ.
3241 5808 3259 5865 l
3305 5825 3361 5881 p.
3408 5808 3530 5874 no,
3574 5805 3629 5863 ο.

2063 5901 2188 5966 174,
2229 5901 2283 5955 εξ.
