4046 6470
525 408 628 464 H5

1336 412 1439 471 SS.
1480 412 1944 472 MACARIORUM
1978 407 2297 467 AEGYPTII
2353 406 2443 465 ΕΤ
2509 403 2984 465 ALEXANDRINI

3727 402 3836 459 116

524 535 702 583 mero
736 519 1071 584 occasione
1109 537 1188 583 ex
1226 524 1380 604 ipsis
1416 524 1643 589 divinis
1683 525 2007 606 scripturis
2038 524 2105 586 in
2134 526 2181 583 Δ
2208 520 2483 602 positum
2513 517 2879 598 virginitatis
2895 522 3003 579 aut
3024 514 3334 579 viduitatis
3361 514 3744 579 servandae
3772 524 3839 579 et

523 642 711 703 prava
742 625 1008 704 cogitata
1054 628 1413 693 desinentes
1482 628 1801 691 Interdum
1843 643 2101 708 quoque
2200 620 2279 684 ad
2326 620 2781 701 simpliciorem
2824 620 3012 683 vitam
3055 617 3353 693 traduxit,
3405 625 3839 698 quaprOpter

524 731 743 786 contra
795 742 1037 787 morem
1086 728 1351 790 oscitare
1401 729 1554 799 121
1619 732 1873 804 cogunt,
1912 731 2102 803 atque

525 823 954 899 gravissimum
976 843 1268 887 somnum
1298 826 1636 889 immittunt
1656 841 2042 904 magnopere
2067 841 2103 885 a

524 927 830 981 consueto
883 922 1222 999 diversum,
1255 924 1470 1003 idque,
1505 929 1575 985 ut
1611 924 1678 985 in
1726 924 2104 1003 quibusdam

523 1021 816 1083 fratribus
844 1022 1303 1104 deprehensum
1328 1032 1443 1099 est,
1467 1032 1686 1088 natura
1705 1025 2106 1087 inetfabiliter

524 1122 856 1183 renitente.
896 1124 1074 1197 Quod
1117 1142 1236 1203 ego
1277 1143 1423 1187 cum
1476 1124 1845 1205 frequenter
1882 1124 2103 1187 obser-

525 1238 789 1294 vassem,
832 1223 971 1303 ipse
1014 1224 1319 1304 comperi.
1370 1226 1716 1305 Capessunt
1769 1222 2106 1303 palpebras

526 1337 671 1381 cum
690 1328 824 1383 toto
853 1312 1080 1403 capite,
1108 1323 1301 1404 idque
1326 1324 1587 1405 proprio
1621 1340 1891 1404 corpore
1910 1323 2104 1401 frige-

523 1418 788 1495 factant;
820 1419 1159 1485 admodum
1190 1423 1361 1485 enim
1397 1423 1623 1502 frigida
1664 1430 1812 1486 sunt
1851 1422 2108 1485 daemo-

524 1537 675 1581 num
704 1538 993 1602 corpora,
1024 1528 1086 1584 et
1112 1523 1407 1602 crystallo
1439 1523 1686 1599 similia,
1723 1523 1890 1585 unde
1922 1530 1984 1586 et
2011 1540 2111 1586 ca-

523 1626 637 1699 put
668 1622 974 1684 sentimus
1008 1621 1177 1685 velut
1214 1623 1539 1686 cucurbita
1584 1621 1977 1686 medicorum
2009 1630 2106 1686 at-

525 1726 790 1783 tractum
816 1740 961 1786 cum
987 1723 1277 1786 stridore.
1313 1725 1448 1787 Hoc
1486 1733 1696 1786 autem
1724 1724 1981 1800 faciunt,
2013 1732 2105 1801 ut,

2202 720 2383 781 multi
2414 738 2561 782 eum
2604 719 3018 798 obiurgabant
3074 717 3185 795 (4).
3232 719 3304 779 In
3347 717 3638 798 epistola
3661 736 3837 798 qua-

2202 820 2348 882 dam
2380 821 2547 883 circa
2578 837 2815 883 annum
2848 818 2963 881 395
2996 818 3230 898 scripta
3259 817 3339 880 de
3372 840 3402 875 ¢
3433 820 3735 899 Aegypti
3772 828 3837 882 et

2203 922 2718 1002 Mosopotamiae,
2753 921 2960 991 Ponti,
3008 920 3436 1001 Cappadociae
3484 929 3558 983 et
3605 924 3838 982 Arme-

2205 1023 2347 1086 niae
2368 1022 2759 1085 examinibus
2780 1021 3235 1084 monachorum
3265 1044 3291 1077 ι
3333 1020 3641 1101 loquitur
3694 1021 3786 1104 (5)
3815 1042 3831 1098 ;

2204 1124 2318 1185 sed
2349 1129 2412 1185 et
2443 1124 2508 1185 in
2540 1122 2711 1184 Italia
2741 1120 3090 1184 monachos
3115 1139 3246 1183 non
3267 1121 3587 1197 defuisse,
3616 1140 3705 1185 ex
3726 1124 3833 1199 iis,

2205 1240 2369 1304 quae
2413 1224 2493 1287 de
2539 1224 2833 1287 defuncta
2862 1223 3112 1286 Fabiola
3146 1240 3315 1286 anno
3362 1223 3478 1285 398
3530 1226 3831 1300 tradidit,

2206 1324 2504 1387 discimus
2573 1324 2679 1404 (6).
2737 1327 2866 1387 Iam
2940 1342 3017 1385 ex
3077 1323 3176 1385 his
3223 1323 3465 1404 paucis,
3532 1341 3834 1404 quanam

2207 1425 2543 1489 occasione
2596 1425 2737 1487 data
2786 1426 2849 1486 S.
2907 1424 3332 1504 Hieronymus
3383 1427 3833 1489 Macariorum

2208 1527 2594 1590 mentionem
2630 1526 2872 1600 fecerit,
2900 1524 3194 1604 colliges;
3225 1532 3333 1588 aut
3348 1526 3531 1588 enim
3583 1527 3831 1601 amico,

2209 1626 2322 1707 qui
2354 1625 2435 1688 ad
2465 1643 2747 1689 eremum
2776 1623 3191 1688 Macariorum
3232 1632 3626 1700 accesserat,
3677 1644 3835 1689 con-

2212 1726 2573 1805 gratulatur,
2604 1730 2712 1788 aut
2741 1725 2977 1787 amicos
3008 1724 3411 1787 Occidentem
3440 1743 3687 1788 versus
3719 1726 3834 1787 ba-

521 1821 577 1882 si
610 1821 865 1885 insitum
908 1822 1119 1887 calvae
1163 1824 1437 1889 calorem
1472 1825 1550 1888 ad
1596 1843 1664 1888 se
1701 1826 1877 1908 ipsos
1906 1834 2107 1891 traxe-
2135 1869 2180 1928 Β
2211 1828 2479 1891 bitantes
2519 1826 2597 1889 ad
2645 1826 2936 1907 exempla
2982 1844 3204 1889 eorum
3260 1834 3542 1890 revocat.
3620 1830 3832 1889 Locos

524 1920 670 1996 rint,
728 1922 1069 2004 palpebrae
1117 1924 1384 1987 humore
1441 1926 1694 1988 demum
1751 1933 1814 1990 et
1870 1926 2105 2008 frigore
2135 1920 2178 1928 ⁷
2208 1933 2438 2008 quanta
2465 1926 2785 2007 potuimus
2804 1925 3323 2004 diligentiahosce
3341 1925 3827 2004 congessimus.

522 2021 835 2085 relaxatae
856 2025 1291 2089 circumﬁuant
1310 2026 1565 2107 pupillis
1582 2027 1935 2090 oculorum.
1952 2031 2110 2104 Qua-

524 2139 593 2185 re
612 2123 947 2205 palpebras
970 2143 1161 2207 saepe
1183 2127 1237 2189 si
1256 2128 1662 2203 contrectavi,
1682 2128 1894 2193 inveni
1912 2130 2109 2193 instar

524 2222 800 2301 crystalli
840 2230 1221 2305 compactas,
1252 2231 1577 2307 totamque
1606 2226 1832 2290 faciem
1875 2230 2109 2293 mortui

523 2322 790 2387 similem
834 2332 896 2388 et
930 2324 1275 2389 horridam.
1314 2330 1603 2390 Attamen
1640 2347 1895 2392 somnus
1931 2338 2110 2393 natu—

523 2424 670 2487 ralis
717 2442 985 2507 corpora
1047 2425 1353 2504 calefacit,
1410 2446 1839 2511 sanorumque
1901 2432 2108 2495 vultus

523 2525 759 2589 nitidos
779 2526 1005 2603 reddit,
1038 2526 1210 2607 quod
1252 2528 1389 2609 ipsa
1430 2548 1688 2611 quoque
1719 2533 2107 2613 experientia

521 2623 844 2687 discimus.
881 2625 1006 2689 Sed
1043 2626 1137 2688 illi
1186 2633 1405 2714 contra
1445 2634 1727 2692 naturam
1759 2647 1837 2691 ex
1874 2648 1985 2694 ore
2015 2632 2109 2693 ni-

523 2723 720 2786 mium
774 2724 1047 2789 distento
1110 2726 1547 2790 oscitationem
1597 2728 1896 2806 efﬁciunt,
1951 2738 2107 2796 atte-

523 2832 789 2888 nuantes
826 2842 918 2901 se,
957 2832 1021 2889 et
1048 2826 1347 2890 interiora
1377 2829 1504 2893 Oris
1534 2838 1941 2911 occupantes.
1973 2833 2106 2912 Ego

521 2926 781 3005 quidem
822 2926 1107 3011 nondum
1146 2926 1269 2991 hoc
1304 2928 1607 3005 intellexi,
1638 2931 1753 2993 etsi
1798 2950 2106 3015 persaepe

523 3043 746 3104 passus
774 3027 929 3102 sim;
968 3036 1032 3091 at
1077 3036 1365 3092 sanctum
1408 3030 1744 3093 Macarium
1778 3033 1986 3095 audivi
2026 3035 2106 3097 de

524 3126 647 3190 hoc
670 3127 823 3190 mihi
852 3129 1239 3209 loquentem,
1275 3130 1385 3211 qui
1433 3131 1510 3193 ad
1552 3150 1684 3194 rem
1717 3134 2104 3213 probandam

2284 2026 2563 2089 Primum
2584 2025 2709 2089 huc
2750 2032 2991 2106 spectat
3020 2024 3285 2105 epistola
3318 2023 3353 2086 3
3387 2025 3468 2086 ad
3503 2025 3828 2086 Ruﬁnum

2207 2128 2697 2210 Aquileiensem,
2761 2144 2951 2207 quem
3016 2127 3085 2188 in
3136 2129 3497 2206 Aegyptum
3563 2126 3827 2187 venisse

2205 2232 2269 2291 S.
2292 2231 2714 2309 Hieronymus
2744 2228 3050 2303 audierat,
3073 2234 3308 2289 aestate
3334 2226 3488 2288 anni
3520 2225 3651 2287 374
3676 2228 3829 2288 scri-

2207 2339 2334 2414 pta,
2375 2332 2442 2393 in
2493 2348 2615 2412 qua
2651 2349 2664 2392 :
2699 2352 2729 2387 α
2770 2329 2998 2403 Prima,
3049 2352 3078 2385 ιο
3130 2328 3361 2408 inquit,
3408 2350 3438 2385 α
3488 2327 3823 2409 inopinati
3916 2334 3919 2337 '

2209 2434 2419 2514 gaudii
2447 2433 2526 2495 ab
2560 2430 2904 2494 Heliodoro
2943 2429 3134 2491 fratre
3172 2428 3329 2490 mihi
3376 2436 3472 2491 est
3521 2431 3820 2492 nuntiata

2205 2536 2493 2599 felicitas.
2523 2536 2665 2597 Non
2694 2532 3029 2596 credebam
3059 2536 3325 2605 certum,
3356 2530 3541 2610 quod
3566 2537 3819 2593 certum

2208 2654 2346 2700 esse
2366 2635 2722 2716 cupiebam,
2746 2632 3114 2715 praesertim
3137 2648 3335 2712 quum
3368 2636 3429 2694 et
3448 2631 3566 2694 ille
3586 2632 3673 2695 ab
3693 2631 3819 2694 alio

2206 2753 2277 2800 se
2297 2735 2573 2800 audiisse
2598 2734 2859 2808 diceret,
2874 2738 2938 2796 et
2958 2732 3049 2794 rei
3069 2732 3312 2795 novitas
3332 2730 3530 2794 ﬁdem
3562 2747 3815 2795 sermo-

2206 2834 2304 2896 nis
2340 2833 2634 2896 auferret.
2690 2833 2964 2894 Rursum
3010 2846 3317 2911 suspensa
3347 2836 3521 2905 vota,
3568 2838 3809 2893 nutan-

2204 2940 2465 3014 temque
2504 2939 2781 2995 mentem
2810 2932 3068 3012 quidam
3088 2929 3560 2993 Alexandrinus
3592 2948 3813 2994 mona-

2207 3034 2385 3108 chus,
2417 3034 2527 3114 qui
2552 3033 2631 3097 ad
2656 3032 2998 3113 Aegyptios
3024 3030 3447 3106 confessores,
3475 3038 3544 3094 et
3577 3031 3806 3096 volun-

2206 3143 2331 3198 tate
2353 3136 2477 3197 iam
2493 3141 2821 3213 martyres,
2837 3134 2944 3215 pio
2966 3132 3309 3213 plebisiam
3332 3131 3583 3194 dudum
3607 3131 3810 3193 fuerat

521 3230 724 3292 attulit
762 3231 1159 3295 oscitantium
1210 3211 1759 3307 consuetudinem,
1808 3253 1880 3297 os
1921 3211 2174 3314 signo,C
2211 3236 2610 3298 transmissus
2641 3211 2987 3314 obsequio,
3007 3231 3372 3295 manifestus
3413 3233 3496 3294 ad
3529 3231 3807 3295 creduli-

522 3332 728 3394 crucis
754 3334 1081 3395 muniendi
1108 3351 1185 3396 ex
1223 3334 1553 3397 traditione
1599 3335 1853 3414 antiqua
1885 3337 2109 3400 imme-

525 3432 899 3515 moriali(ll.
948 3436 1237 3497 Ceterum
1279 3436 1491 3497 omnia
1519 3436 1625 3497 illa
1646 3438 2107 3518 patimur,quia

526 3533 781 3595 lectioni
804 3550 936 3596 non
962 3534 1342 3596 attendimus
1362 3533 1710 3613 vigilanter,
1735 3553 1943 3617 neque
1967 3556 2107 3600 san-

521 3641 619 3697 cta
649 3634 761 3697 Dei
797 3635 917 3695 vivi
951 3635 1201 3715 eloquia
1236 3652 1352 3697 nos
1388 3635 1600 3713 legere
1646 3637 1828 3699 nobis
1867 3639 2106 3702 conscii

520 3754 741 3799 sumus
787 3736 896 3817 (2).
929 3759 957 3793 ››
990 3738 1157 3799 Haec
1207 3736 1465 3816 quidem
1491 3738 1735 3816 Evagrii
1760 3739 1997 3802 notatio
2027 3740 2106 3803 ad

521 3844 891 3901 vetustatem
947 3839 1445 3910 consuetudinis,
1496 3858 1620 3919 qua
1659 3841 1994 3904 oscitantes
2034 3860 2107 3906 os

522 3938 702 4015 signo
749 3939 953 4000 crucis
994 3940 1242 4001 munire
1297 3938 1523 4013 solent,
1568 3942 2106 4021 comprobandam

521 4038 880 4116 gravissima
901 4046 1015 4099 est.
1039 4040 1190 4099 Uter
1218 4055 1367 4100 vero
1398 4039 1806 4101 Macariorum
1828 4041 1934 4103 illa
1956 4044 2108 4105 Eva-

522 4138 660 4217 grio
690 4139 1073 4217 exposuerit,
1115 4144 1286 4199 certo
1323 4139 1427 4199 vix
1468 4139 1840 4214 deﬁnietur;
1897 4160 2102 4221 quan-

523 4255 712 4318 quam
733 4256 876 4300 cum
907 4238 1201 4317 Evagrius
1230 4238 1325 4300 bis
1356 4239 1690 4301 Macarium
1727 4243 2105 4321 Aegyptium

522 4339 812 4402 laudibus
851 4338 1163 4414 extulerit,
1206 4339 1373 4402 haud
1413 4341 1764 4419 incongrue
1805 4343 2102 4419 creditur,

522 4441 623 4504 hic
646 4458 929 4522 quoque,
953 4442 1062 4503 ubi
1093 4440 1463 4523 simpliciter
1488 4443 1737 4504 Macarii
1757 4444 1996 4507 mentio
2014 4446 2102 4521 ﬁt,

2182 3344 2400 3398 tatem
2437 3335 2643 3398 nuntii
2684 3341 2904 3397 auctor
2940 3334 3297 3414 impulerat.
3349 3336 3584 3397 Fateor
3636 3340 3701 3396 et
3743 3332 3807 3393 in

2208 3435 2332 3497 hoc
2376 3452 2580 3496 meam
2631 3433 2874 3495 labasse
2920 3433 3315 3495 sententiam.
3354 3435 3517 3495 Nam
3570 3451 3719 3497 cum
3748 3438 3808 3493 et

2208 3538 2475 3618 patriam
2493 3544 2661 3598 tuam
2692 3535 3010 3614 ignoraret
3032 3544 3095 3597 et
3122 3553 3382 3610 nomen,
3397 3535 3467 3597 in
3489 3553 3572 3598 eo
3595 3542 3804 3597 tamen

2210 3637 2352 3719 plus
2380 3637 2706 3699 videbatur
2737 3635 2984 3711 afferre,
3008 3636 3181 3715 quod
3206 3636 3429 3697 eadem
3450 3637 3801 3707 asserebat,

2209 3756 2373 3819 quae
2424 3738 2549 3800 iam
2584 3736 2744 3800 alius
2780 3736 3184 3799 indicaverat.
3217 3736 3501 3799 Tandem
3541 3736 3803 3818 plenum

2208 3840 2481 3902 veritatis
2503 3839 2753 3917 pondus
2778 3839 3017 3919 erupit:
3044 3838 3345 3900 Ruﬁnum
3371 3839 3548 3901 enim
3573 3836 3803 3899 Nitriae

2209 3957 2351 4003 esse
2381 3946 2444 4001 et
2480 3939 2559 4001 ad
2597 3939 2849 4000 beatum
2901 3938 3257 4017 perrexisse
3298 3939 3641 3999 Macarium
3674 3950 3803 3997 cre-

2208 4041 2321 4103 bra
2357 4039 2845 4103 commeantium
2903 4037 3237 4099 multitudo
3297 4036 3640 4099 referebat.
3691 4033 3800 4094 Hic

2208 4159 2359 4204 vero
2412 4148 2540 4203 tota
2591 4138 2979 4202 credulitatis
3030 4136 3209 4199 frena
3263 4137 3487 4212 laxavi,
3537 4145 3603 4200 et
3656 4142 3799 4197 tunc

2206 4259 2354 4303 vere
2380 4248 2706 4319 aegrotum
2748 4257 2886 4302 esse
2913 4256 3016 4300 me
3048 4237 3245 4300 dolui.
3266 4240 3340 4299 Et
3370 4238 3490 4300 nisi
3514 4256 3619 4300 me
3646 4242 3798 4298 atte-

2209 4343 2385 4406 nuati
2427 4342 2714 4423 corporis
2740 4342 2904 4403 vires
2942 4339 3216 4420 quadam
3264 4341 3580 4420 compede
3615 4353 3795 4419 prae-

2208 4444 2552 4525 pedissent,
2611 4458 2729 4503 nec
2779 4440 3025 4502 mediae
3072 4438 3284 4502 fervor
3324 4446 3479 4516 123
3520 4436 3791 4509 aestatis,

520 4542 797 4606 eundem
824 4542 1111 4621 intelligi.
1132 4542 1252 4605 Sed
1274 4542 1603 4606 audiamus
1624 4563 1793 4608 nunc
1813 4563 1909 4623 ea,
1934 4565 2099 4629 quae
2133 4564 2179 4619 υ
2209 4564 2326 4610 nec
2364 4546 2799 4625 navigantibus
2837 4560 3090 4623 semper
3124 4543 3433 4605 incertum
3473 4559 3650 4605 mare
3694 4539 3795 4620 pia

520 4644 705 4708 nobis
733 4644 991 4725 praebet
1020 4646 1082 4707 S.
1115 4645 1562 4725 Hieronymus.

598 4749 626 4821 ς
662 4744 760 4807 30.
802 4747 863 4807 Is
909 4746 1213 4807 Macarios
1256 4746 1491 4825 passim
1531 4746 1599 4808 in
1637 4747 1943 4827 epistolis,
1991 4753 2105 4815 sed

518 4845 725 4908 obiter
790 4851 1037 4907 tantum
1103 4853 1579 4909 commemorat.
1639 4849 1711 4909 In
1757 4851 2107 4917 Palaestina

518 4946 678 5008 vitae
705 4944 1116 5009 monachicae
1130 4944 1268 5025 ipse
1288 4961 1358 5006 se
1380 4944 1661 5021 dederat,
1693 4966 1882 5027 quam
1901 4967 2106 5029 quan-

517 5053 580 5108 ta
629 5046 965 5109 dulcedine
1010 5045 1340 5126 amplexus
1376 5045 1476 5120 sit,
1518 5047 1653 5109 eius
1694 5049 1998 5128 epistolae
2043 5052 2102 5114 2.

516 5148 575 5210 3.
635 5146 727 5209 14.
769 5147 867 5208 22.
912 5148 1009 5222 24,
1052 5165 1215 5229 quae
1254 5164 1477 5210 omnes
1512 5156 1658 5210 ante
1710 5166 1946 5213 annum
1990 5152 2109 5216 384

516 5247 785 5328 scriptae
799 5249 957 5321 122
968 5257 1113 5311 sunt
1126 5248 1206 5331 (3)
1218 5297 1233 5323 ,
1253 5250 1615 5324 ostendunt,
1650 5267 1767 5313 nec
1782 5268 1909 5315 non
1922 5251 2104 5330 aliae,

515 5361 671 5424 quas
682 5351 904 5426 postea
916 5345 1333 5425 scripsit,com
1338 5348 1629 5429 probant.
1648 5351 1887 5414 Romae
1909 5370 2106 5433 quum

517 5450 889 5518 moraretur,
910 5444 1272 5525 complures
1292 5446 1539 5511 nobiles
1561 5448 1828 5513 feminas
1847 5451 1925 5514 ad
1950 5466 2100 5534 pro-

586 5616 665 5686 (1)
690 5614 899 5672 Graece
928 5633 941 5670 :
969 5615 1110 5669 κατὰ
1137 5617 1373 5688 ἀρχαίαν
1394 5618 1697 5691 παράδοσιν
1730 5621 1991 5695 ᾶρῤητον.

586 5710 667 5780 (2)
710 5709 844 5782 Cap.
879 5709 1066 5776 LXVI,
1102 5710 1341 5767 Coteler.
1379 5711 1526 5769 Eccl.
1577 5711 1773 5771 Graec.
1824 5715 1972 5773 Mon.
2030 5711 2099 5771 Τ.

518 5800 584 5858 Ill
620 5818 675 5871 p.
707 5803 776 5858 88
806 5819 917 5874 sq.,
966 5802 1218 5860 Galland.
1252 5804 1390 5860 Bibl.
1422 5805 1524 5865 PP.
1561 5809 1597 5863 Ι.
1630 5806 1668 5861 l.
1709 5822 1763 5877 p.
1788 5808 1917 5865 56L

589 5893 667 5965 (3‘.
690 5892 778 5951 Cf.
805 5892 1518 5969 S.Hicron.0pp.ed.Migne
1538 5896 1604 5954 T.
1633 5897 1849 5956 lPracf.
1876 5915 1929 5968 p.
1951 5900 1992 5955 L
2010 5917 2093 5979 sq.

2198 4648 2606 4711 festinatione
2638 4644 2948 4724 gradienti
2974 4643 3271 4706 valuisset
3301 4644 3633 4707 obsistere.
3654 4643 3789 4703 Cre-
3897 4728 3907 4741 ι

2174 4751 2316 4824 ,ὁδε
2352 4748 2531 4821 mihi,
2566 4746 2781 4820 frater,
2820 4763 2949 4807 non
2993 4745 3082 4807 sic
3120 4751 3494 4825 tempestate
3530 4745 3789 4806 iactatus

2206 4859 2458 4931 portum
2482 4856 2669 4912 nauta
2688 4852 3068 4928 prospectat,
3103 4862 3234 4908 non
3268 4846 3357 4908 sic
3392 4845 3661 4909 sitientia
3680 4843 3790 4903 im-

2209 4952 2354 5015 bres
2385 4968 2529 5013 arva
2559 4948 2943 5021 desiderant,
2984 4963 3105 5008 nec
3146 4947 3237 5009 sic
3279 4965 3471 5009 curvo
3510 4943 3788 5009 assidens

2210 5052 2403 5115 littori
2434 5051 2616 5113 anxia
2649 5050 2847 5114 ﬁlium
2875 5057 3077 5113 mater
3118 5056 3440 5130 exspectat
3490 5046 3595 5128 (7).
3633 5069 3661 5103 »
3699 5038 3786 5102 lbi

2211 5156 2581 5219 alterutrum
2630 5169 2709 5214 ex
2761 5152 2994 5214 nostris
3036 5150 3340 5225 Macariis,
3397 5156 3460 5212 et
3512 5140 3787 5210 fortassis

2209 5256 2467 5338 quidem
2504 5252 3019 5328 Alexandrinum,
3068 5252 3178 5333 qui
3212 5268 3416 5332 prope
3450 5248 3702 5311 Nitriam
3720 5241 3779 5301 in

2209 5373 2423 5419 eremo
2445 5352 2819 5417 Cellularum
2846 5352 3019 5426 vixit,
3044 5351 3312 5430 intelligi
3343 5350 3408 5412 in
3432 5353 3648 5431 aperto
3670 5347 3779 5404 est.

2209 5460 2509 5523 Ruﬁnum
2541 5473 2691 5519 vero
2713 5456 2881 5519 circa
2917 5454 3178 5517 Nitriam
3215 5471 3358 5516 cum
3395 5452 3639 5523 duobus
3657 5444 3777 5506 Ma-

2283 5622 2361 5695 (4)
2387 5619 2474 5677 cr.
2500 5620 2600 5690 Ep.
2632 5618 2721 5673 66.
2752 5616 2841 5672 73.
2868 5616 2957 5671 45.
2984 5614 3074 5670 '59.
3114 5614 3205 5670 54.

2280 5716 2361 5785 (5)
2392 5712 2492 5784 Ep.
2523 5712 2615 5776 58,
2645 5708 2705 5765 S.
2732 5707 2961 5763 Hieron.
2990 5704 3130 5776 Opp.
3162 5704 3251 5760 ed.
3283 5704 3321 5759 l.
3345 5702 3410 5759 Τ.
3436 5703 3454 5757 1
3484 5720 3537 5774 p.
3570 5695 3689 5753 581.

2278 5806 2355 5877 (6)
2387 5804 2486 5877 Ep.
2519 5804 2609 5872 7'5,
2636 5802 2697 5859 S.
2721 5799 3105 5870 Hieron.0pp.
3127 5796 3216 5853 ed.
3246 5799 3282 5852 Ι.
3309 5795 3373 5851 Τ.
3406 5795 3502 5867 lp.
3525 5790 3645 5849 694.

2278 5898 2360 5968 (7)
2389 5898 2451 5956 S.
2488 5895 2715 5955 Hieron.
2744 5893 2885 5968 Opp.
2917 5891 3009 5951 ed.
3050 5892 3091 5948 ι.
3122 5891 3188 5947 Τ.
3214 5889 3232 5945 l
3256 5906 3311 5964 p.
3336 5889 3444 5947 352
3474 5904 3560 5960 sq.
