  <div class='ocr_page' id='page_1' title='image "/cluster/home/n/w/nwhite01/storage/ocr_20150623/34/coo.31924054869312/072.png"; bbox 0 0 4046 6484; ppageno 0'>
   <div class='ocr_carea' id='block_1_1' title="bbox 292 446 3626 522">
    <p class='ocr_par' dir='ltr' id='par_1_1' title="bbox 292 446 3626 522">
     <span class='ocr_line' id='line_1_1' title="bbox 292 446 3626 522; baseline 0.005 -18"><span class='ocrx_word' id='word_1_1' title='bbox 292 446 389 505; x_wconf 72' lang='lat'>“7</span> <span class='ocrx_word' id='word_1_2' title='bbox 1878 457 2108 517; x_wconf 79' lang='lat' dir='ltr'>VITAE.</span> <span class='ocrx_word' id='word_1_3' title='bbox 3521 464 3626 522; x_wconf 75' lang='grc'>118</span> 
     </span>
    </p>
   </div>
   <div class='ocr_carea' id='block_1_2' title="bbox 296 565 3625 653">
    <p class='ocr_par' dir='ltr' id='par_1_2' title="bbox 296 565 3625 653">
     <span class='ocr_line' id='line_1_2' title="bbox 296 565 3625 653; baseline 0.003 -26"><span class='ocrx_word' id='word_1_4' title='bbox 296 565 473 627; x_wconf 85' lang='lat' dir='ltr'>cariis</span> <span class='ocrx_word' id='word_1_5' title='bbox 511 583 1001 648; x_wconf 77' lang='lat' dir='ltr'>congressum</span> <span class='ocrx_word' id='word_1_6' title='bbox 1042 590 1173 635; x_wconf 87' lang='lat' dir='ltr'>esse</span> <span class='ocrx_word' id='word_1_7' title='bbox 1204 572 1657 653; x_wconf 82' lang='lat' dir='ltr'>persecutionis</span> <span class='ocrx_word' id='word_1_8' title='bbox 1685 591 1720 636; x_wconf 88' lang='lat' dir='ltr'>a</span> <span class='ocrx_word' id='word_1_9' title='bbox 1749 573 1943 636; x_wconf 87' lang='lat' dir='ltr'>Lucio</span> <span class='ocrx_word' id='word_1_10' title='bbox 1972 576 2015 632; x_wconf 84' lang='lat' dir='ltr'><strong>A</strong></span> <span class='ocrx_word' id='word_1_11' title='bbox 2045 572 3625 653; x_wconf 85' lang='lat' dir='ltr'>Historici&#39;l‘hucyoidem,Sallustium,Herodotum,</span> 
     </span>
    </p>
   </div>
   <div class='ocr_carea' id='block_1_3' title="bbox 304 667 3633 754">
    <p class='ocr_par' dir='ltr' id='par_1_3' title="bbox 304 667 3633 754">
     <span class='ocr_line' id='line_1_3' title="bbox 304 667 3633 754; baseline 0.002 -25"><span class='ocrx_word' id='word_1_12' title='bbox 304 667 499 731; x_wconf 78' lang='lat' dir='ltr'>factae</span> <span class='ocrx_word' id='word_1_13' title='bbox 542 674 921 751; x_wconf 84' lang='lat' dir='ltr'>tempore,</span> <span class='ocrx_word' id='word_1_14' title='bbox 962 691 1091 753; x_wconf 91' lang='lat' dir='ltr'>quo</span> <span class='ocrx_word' id='word_1_15' title='bbox 1150 674 1410 753; x_wconf 91' lang='lat' dir='ltr'>epistola</span> <span class='ocrx_word' id='word_1_16' title='bbox 1467 675 1528 735; x_wconf 91' lang='lat' dir='ltr'>S.</span> <span class='ocrx_word' id='word_1_17' title='bbox 1576 671 1946 751; x_wconf 81' lang='lat' dir='ltr'>Hieronymi</span> <span class='ocrx_word' id='word_1_18' title='bbox 2047 674 2309 736; x_wconf 89' lang='lat' dir='ltr'>Livium.</span> <span class='ocrx_word' id='word_1_19' title='bbox 2341 675 2632 736; x_wconf 83' lang='lat' dir='ltr'>Oratores</span> <span class='ocrx_word' id='word_1_20' title='bbox 2652 676 3239 754; x_wconf 85' lang='lat' dir='ltr'>Lysiam,Graccos,</span> <span class='ocrx_word' id='word_1_21' title='bbox 3265 674 3633 737; x_wconf 82' lang='lat' dir='ltr'>Demosthe-</span> 
     </span>
    </p>
   </div>
   <div class='ocr_carea' id='block_1_4' title="bbox 312 769 3628 856">
    <p class='ocr_par' dir='ltr' id='par_1_4' title="bbox 312 769 3628 856">
     <span class='ocr_line' id='line_1_4' title="bbox 312 769 3628 856; baseline 0.002 -24"><span class='ocrx_word' id='word_1_22' title='bbox 312 769 538 849; x_wconf 78' lang='lat' dir='ltr'>scripta</span> <span class='ocrx_word' id='word_1_23' title='bbox 578 779 717 843; x_wconf 86' lang='lat' dir='ltr'>est,</span> <span class='ocrx_word' id='word_1_24' title='bbox 765 772 914 835; x_wconf 88' lang='lat' dir='ltr'>iam</span> <span class='ocrx_word' id='word_1_25' title='bbox 953 791 989 835; x_wconf 92' lang='lat' dir='ltr'>e</span> <span class='ocrx_word' id='word_1_26' title='bbox 1032 774 1238 835; x_wconf 84' lang='lat' dir='ltr'>Ruﬁni</span> <span class='ocrx_word' id='word_1_27' title='bbox 1281 774 1758 836; x_wconf 86' lang='lat' dir='ltr'>Continuatione</span> <span class='ocrx_word' id='word_1_28' title='bbox 1798 774 1944 835; x_wconf 92' lang='lat' dir='ltr'>His-</span> <span class='ocrx_word' id='word_1_29' title='bbox 2045 795 2214 851; x_wconf 88' lang='lat' dir='ltr'>nem,</span> <span class='ocrx_word' id='word_1_30' title='bbox 2244 778 2540 840; x_wconf 91' lang='lat' dir='ltr'>Tullium.</span> <span class='ocrx_word' id='word_1_31' title='bbox 2572 780 2647 839; x_wconf 92' lang='lat' dir='ltr'>Et</span> <span class='ocrx_word' id='word_1_32' title='bbox 2677 784 2745 839; x_wconf 90' lang='lat' dir='ltr'>ut</span> <span class='ocrx_word' id='word_1_33' title='bbox 2772 778 2848 839; x_wconf 82' lang='lat' dir='ltr'>ad</span> <span class='ocrx_word' id='word_1_34' title='bbox 2881 785 3092 839; x_wconf 88' lang='lat' dir='ltr'>nostra</span> <span class='ocrx_word' id='word_1_35' title='bbox 3121 777 3462 851; x_wconf 79' lang='lat' dir='ltr'>veniamus,</span> <span class='ocrx_word' id='word_1_36' title='bbox 3488 777 3628 856; x_wconf 87' lang='lat' dir='ltr'>epi-</span> 
     </span>
    </p>
   </div>
   <div class='ocr_carea' id='block_1_5' title="bbox 321 872 3629 959">
    <p class='ocr_par' dir='ltr' id='par_1_5' title="bbox 321 872 3629 959">
     <span class='ocr_line' id='line_1_5' title="bbox 321 872 3629 959; baseline 0.001 -25"><span class='ocrx_word' id='word_1_37' title='bbox 321 872 511 934; x_wconf 80' lang='lat' dir='ltr'>toriae</span> <span class='ocrx_word' id='word_1_38' title='bbox 556 872 1081 937; x_wconf 83' lang='lat' dir='ltr'>Ecclesiasticae</span> <span class='ocrx_word' id='word_1_39' title='bbox 1109 875 1355 937; x_wconf 89' lang='lat' dir='ltr'>Eusebii</span> <span class='ocrx_word' id='word_1_40' title='bbox 1393 876 1792 955; x_wconf 84' lang='lat' dir='ltr'>percepimus</span> <span class='ocrx_word' id='word_1_41' title='bbox 1835 872 1941 954; x_wconf 89' lang='lat'><strong>(1).</strong></span> <span class='ocrx_word' id='word_1_42' title='bbox 2047 878 2227 958; x_wconf 90' lang='lat' dir='ltr'>sc0pi</span> <span class='ocrx_word' id='word_1_43' title='bbox 2282 885 2343 939; x_wconf 90' lang='lat' dir='ltr'>et</span> <span class='ocrx_word' id='word_1_44' title='bbox 2402 879 2752 959; x_wconf 74' lang='lat' dir='ltr'>presbyteri</span> <span class='ocrx_word' id='word_1_45' title='bbox 2800 877 3073 939; x_wconf 87' lang='lat' dir='ltr'>habeant</span> <span class='ocrx_word' id='word_1_46' title='bbox 3131 878 3197 938; x_wconf 93' lang='lat' dir='ltr'>in</span> <span class='ocrx_word' id='word_1_47' title='bbox 3268 876 3629 957; x_wconf 76' lang='lat' dir='ltr'>exemplum</span> 
     </span>
    </p>
   </div>
   <div class='ocr_carea' id='block_1_6' title="bbox 408 972 1943 1054">
    <p class='ocr_par' dir='ltr' id='par_1_6' title="bbox 408 972 1943 1054">
     <span class='ocr_line' id='line_1_6' title="bbox 408 972 1943 1054; baseline 0.003 -21"><span class='ocrx_word' id='word_1_48' title='bbox 408 974 603 1034; x_wconf 81' lang='lat' dir='ltr'>Porro</span> <span class='ocrx_word' id='word_1_49' title='bbox 649 972 1002 1037; x_wconf 88' lang='lat' dir='ltr'>laudanda</span> <span class='ocrx_word' id='word_1_50' title='bbox 1038 981 1131 1036; x_wconf 89' lang='lat' dir='ltr'>est</span> <span class='ocrx_word' id='word_1_51' title='bbox 1166 975 1430 1054; x_wconf 89' lang='lat' dir='ltr'>epistola</span> <span class='ocrx_word' id='word_1_52' title='bbox 1479 974 1576 1048; x_wconf 73' lang='lat'>22,</span> <span class='ocrx_word' id='word_1_53' title='bbox 1613 976 1693 1037; x_wconf 89' lang='lat' dir='ltr'>de</span> <span class='ocrx_word' id='word_1_54' title='bbox 1730 984 1943 1037; x_wconf 87' lang='lat' dir='ltr'>custo-</span> 
     </span>
    </p>
   </div>
   <div class='ocr_carea' id='block_1_7' title="bbox 352 1072 1943 1153">
    <p class='ocr_par' dir='ltr' id='par_1_7' title="bbox 352 1072 1943 1153">
     <span class='ocr_line' id='line_1_7' title="bbox 352 1072 1943 1153; baseline 0.001 -20"><span class='ocrx_word' id='word_1_55' title='bbox 352 1072 556 1135; x_wconf 83' lang='lat' dir='ltr'>dienda</span> <span class='ocrx_word' id='word_1_56' title='bbox 615 1074 1004 1153; x_wconf 81' lang='lat' dir='ltr'>virginitate</span> <span class='ocrx_word' id='word_1_57' title='bbox 1047 1075 1125 1137; x_wconf 92' lang='lat' dir='ltr'>ad</span> <span class='ocrx_word' id='word_1_58' title='bbox 1168 1074 1567 1137; x_wconf 88' lang='lat' dir='ltr'>Eustachium</span> <span class='ocrx_word' id='word_1_59' title='bbox 1612 1074 1943 1152; x_wconf 82' lang='lat' dir='ltr'>virginem,</span> 
     </span>
    </p>
   </div>
   <div class='ocr_carea' id='block_1_8' title="bbox 352 1174 1945 1255">
    <p class='ocr_par' dir='ltr' id='par_1_8' title="bbox 352 1174 1945 1255">
     <span class='ocr_line' id='line_1_8' title="bbox 352 1174 1945 1255; baseline -0.001 -19"><span class='ocrx_word' id='word_1_60' title='bbox 352 1174 562 1237; x_wconf 77' lang='lat' dir='ltr'>Paulae</span> <span class='ocrx_word' id='word_1_61' title='bbox 612 1176 1070 1238; x_wconf 79' lang='lat' dir='ltr'>nobilissimae</span> <span class='ocrx_word' id='word_1_62' title='bbox 1097 1174 1258 1255; x_wconf 90' lang='lat' dir='ltr'>apud</span> <span class='ocrx_word' id='word_1_63' title='bbox 1285 1175 1604 1236; x_wconf 90' lang='lat' dir='ltr'>Romanos</span> <span class='ocrx_word' id='word_1_64' title='bbox 1624 1181 1945 1235; x_wconf 84' lang='lat' dir='ltr'>matronae</span> 
     </span>
    </p>
   </div>
   <div class='ocr_carea' id='block_1_9' title="bbox 352 1274 1942 1357">
    <p class='ocr_par' dir='ltr' id='par_1_9' title="bbox 352 1274 1942 1357">
     <span class='ocr_line' id='line_1_9' title="bbox 352 1274 1942 1357; baseline 0 -23"><span class='ocrx_word' id='word_1_65' title='bbox 352 1275 553 1349; x_wconf 83' lang='lat' dir='ltr'>ﬁliam,</span> <span class='ocrx_word' id='word_1_66' title='bbox 571 1292 762 1338; x_wconf 81' lang='lat' dir='ltr'>anno</span> <span class='ocrx_word' id='word_1_67' title='bbox 789 1276 907 1337; x_wconf 90' lang='lat'>384</span> <span class='ocrx_word' id='word_1_68' title='bbox 928 1278 1175 1357; x_wconf 90' lang='lat' dir='ltr'>scripta.</span> <span class='ocrx_word' id='word_1_69' title='bbox 1198 1278 1351 1338; x_wconf 88' lang='lat' dir='ltr'>Eam</span> <span class='ocrx_word' id='word_1_70' title='bbox 1374 1274 1542 1336; x_wconf 91' lang='lat' dir='ltr'>enim</span> <span class='ocrx_word' id='word_1_71' title='bbox 1569 1274 1942 1347; x_wconf 90' lang='lat' dir='ltr'>admonens,</span> 
     </span>
    </p>
   </div>
   <div class='ocr_carea' id='block_1_10' title="bbox 351 1372 1945 1453">
    <p class='ocr_par' dir='ltr' id='par_1_10' title="bbox 351 1372 1945 1453">
     <span class='ocr_line' id='line_1_10' title="bbox 351 1372 1945 1453; baseline 0 -19"><span class='ocrx_word' id='word_1_72' title='bbox 351 1375 755 1436; x_wconf 80' lang='lat' dir='ltr'>utavaritiam</span> <span class='ocrx_word' id='word_1_73' title='bbox 778 1377 954 1449; x_wconf 83' lang='lat' dir='ltr'>vitet,</span> <span class='ocrx_word' id='word_1_74' title='bbox 969 1377 1029 1436; x_wconf 93' lang='lat' dir='ltr'>S.</span> <span class='ocrx_word' id='word_1_75' title='bbox 1051 1377 1473 1453; x_wconf 86' lang='lat' dir='ltr'>Hieronymus</span> <span class='ocrx_word' id='word_1_76' title='bbox 1486 1373 1657 1434; x_wconf 88' lang='lat' dir='ltr'>addit</span> <span class='ocrx_word' id='word_1_77' title='bbox 1695 1390 1707 1433; x_wconf 94' lang='lat'>:</span> <span class='ocrx_word' id='word_1_78' title='bbox 1734 1396 1763 1428; x_wconf 73' lang='grc' dir='ltr'><strong><em>α</em></strong></span> <span class='ocrx_word' id='word_1_79' title='bbox 1786 1372 1945 1445; x_wconf 90' lang='lat' dir='ltr'>Quid</span> 
     </span>
    </p>
   </div>
   <div class='ocr_carea' id='block_1_11' title="bbox 348 1474 1944 1555">
    <p class='ocr_par' dir='ltr' id='par_1_11' title="bbox 348 1474 1944 1555">
     <span class='ocr_line' id='line_1_11' title="bbox 348 1474 1944 1555; baseline 0.001 -22"><span class='ocrx_word' id='word_1_80' title='bbox 348 1480 483 1535; x_wconf 80' lang='lat' dir='ltr'>ante</span> <span class='ocrx_word' id='word_1_81' title='bbox 512 1490 659 1536; x_wconf 85' lang='lat' dir='ltr'>non</span> <span class='ocrx_word' id='word_1_82' title='bbox 690 1476 913 1555; x_wconf 90' lang='lat' dir='ltr'>plures</span> <span class='ocrx_word' id='word_1_83' title='bbox 939 1493 1137 1538; x_wconf 88' lang='lat' dir='ltr'>annos</span> <span class='ocrx_word' id='word_1_84' title='bbox 1161 1476 1393 1537; x_wconf 88' lang='lat' dir='ltr'>Nitriae</span> <span class='ocrx_word' id='word_1_85' title='bbox 1425 1483 1666 1554; x_wconf 91' lang='lat' dir='ltr'>gestum</span> <span class='ocrx_word' id='word_1_86' title='bbox 1707 1474 1806 1548; x_wconf 91' lang='lat' dir='ltr'>sit,</span> <span class='ocrx_word' id='word_1_87' title='bbox 1840 1490 1944 1535; x_wconf 89' lang='lat' dir='ltr'>re-</span> 
     </span>
    </p>
   </div>
   <div class='ocr_carea' id='block_1_12' title="bbox 344 1571 1945 1653">
    <p class='ocr_par' dir='ltr' id='par_1_12' title="bbox 344 1571 1945 1653">
     <span class='ocr_line' id='line_1_12' title="bbox 344 1571 1945 1653; baseline -0.001 -19"><span class='ocrx_word' id='word_1_88' title='bbox 344 1574 653 1637; x_wconf 79' lang='lat' dir='ltr'>feremus.</span> <span class='ocrx_word' id='word_1_89' title='bbox 714 1575 981 1647; x_wconf 85' lang='lat' dir='ltr'>Quidam</span> <span class='ocrx_word' id='word_1_90' title='bbox 1029 1593 1105 1636; x_wconf 77' lang='lat' dir='ltr'>ex</span> <span class='ocrx_word' id='word_1_91' title='bbox 1143 1573 1434 1636; x_wconf 86' lang='lat' dir='ltr'>fratribus</span> <span class='ocrx_word' id='word_1_92' title='bbox 1474 1574 1723 1653; x_wconf 86' lang='lat' dir='ltr'>parcior</span> <span class='ocrx_word' id='word_1_93' title='bbox 1746 1571 1945 1649; x_wconf 88' lang='lat' dir='ltr'>magis</span> 
     </span>
    </p>
   </div>
   <div class='ocr_carea' id='block_1_13' title="bbox 347 1673 1945 1754">
    <p class='ocr_par' dir='ltr' id='par_1_13' title="bbox 347 1673 1945 1754">
     <span class='ocr_line' id='line_1_13' title="bbox 347 1673 1945 1754; baseline -0.002 -18"><span class='ocrx_word' id='word_1_94' title='bbox 347 1693 538 1753; x_wconf 88' lang='lat' dir='ltr'>quam</span> <span class='ocrx_word' id='word_1_95' title='bbox 593 1675 873 1750; x_wconf 85' lang='lat' dir='ltr'>avarior,</span> <span class='ocrx_word' id='word_1_96' title='bbox 908 1682 973 1738; x_wconf 90' lang='lat' dir='ltr'>et</span> <span class='ocrx_word' id='word_1_97' title='bbox 1017 1675 1305 1738; x_wconf 89' lang='lat' dir='ltr'>nesciens</span> <span class='ocrx_word' id='word_1_98' title='bbox 1348 1675 1598 1754; x_wconf 79' lang='lat' dir='ltr'>triginta</span> <span class='ocrx_word' id='word_1_99' title='bbox 1635 1673 1945 1753; x_wconf 83' lang='lat' dir='ltr'>argenteis</span> 
     </span>
    </p>
   </div>
   <div class='ocr_carea' id='block_1_14' title="bbox 351 1771 1945 1850">
    <p class='ocr_par' dir='ltr' id='par_1_14' title="bbox 351 1771 1945 1850">
     <span class='ocr_line' id='line_1_14' title="bbox 351 1771 1945 1850; baseline -0.003 -13"><span class='ocrx_word' id='word_1_100' title='bbox 351 1775 703 1838; x_wconf 88' lang='lat' dir='ltr'>Dominum</span> <span class='ocrx_word' id='word_1_101' title='bbox 758 1774 1101 1848; x_wconf 84' lang='lat' dir='ltr'>venditum,</span> <span class='ocrx_word' id='word_1_102' title='bbox 1157 1781 1412 1837; x_wconf 90' lang='lat' dir='ltr'>centum</span> <span class='ocrx_word' id='word_1_103' title='bbox 1474 1771 1734 1846; x_wconf 89' lang='lat' dir='ltr'>solidos,</span> <span class='ocrx_word' id='word_1_104' title='bbox 1784 1786 1945 1850; x_wconf 90' lang='lat' dir='ltr'>quos</span> 
     </span>
    </p>
   </div>
   <div class='ocr_carea' id='block_1_15' title="bbox 2046 973 3635 1057">
    <p class='ocr_par' dir='ltr' id='par_1_15' title="bbox 2046 973 3635 1057">
     <span class='ocr_line' id='line_1_15' title="bbox 2046 973 3635 1057; baseline -0.001 -20"><span class='ocrx_word' id='word_1_105' title='bbox 2046 976 2380 1057; x_wconf 85' lang='lat' dir='ltr'>Apostolos</span> <span class='ocrx_word' id='word_1_106' title='bbox 2410 984 2472 1037; x_wconf 93' lang='lat' dir='ltr'>et</span> <span class='ocrx_word' id='word_1_107' title='bbox 2500 976 2881 1056; x_wconf 83' lang='lat' dir='ltr'>apostolicos</span> <span class='ocrx_word' id='word_1_108' title='bbox 2910 976 3098 1049; x_wconf 90' lang='lat' dir='ltr'>viros,</span> <span class='ocrx_word' id='word_1_109' title='bbox 3131 992 3397 1054; x_wconf 90' lang='lat' dir='ltr'>quorum</span> <span class='ocrx_word' id='word_1_110' title='bbox 3432 973 3635 1036; x_wconf 83' lang='lat' dir='ltr'>hono-</span> 
     </span>
    </p>
   </div>
   <div class='ocr_carea' id='block_1_16' title="bbox 2046 1074 3631 1155">
    <p class='ocr_par' dir='ltr' id='par_1_16' title="bbox 2046 1074 3631 1155">
     <span class='ocr_line' id='line_1_16' title="bbox 2046 1074 3631 1155; baseline -0.002 -18"><span class='ocrx_word' id='word_1_111' title='bbox 2046 1093 2179 1137; x_wconf 87' lang='lat' dir='ltr'>rem</span> <span class='ocrx_word' id='word_1_112' title='bbox 2209 1075 2600 1155; x_wconf 88' lang='lat' dir='ltr'>possidentes</span> <span class='ocrx_word' id='word_1_113' title='bbox 2637 1075 2868 1137; x_wconf 90' lang='lat' dir='ltr'>habere</span> <span class='ocrx_word' id='word_1_114' title='bbox 2912 1076 3187 1137; x_wconf 87' lang='lat' dir='ltr'>nitantur</span> <span class='ocrx_word' id='word_1_115' title='bbox 3216 1081 3277 1136; x_wconf 89' lang='lat' dir='ltr'>et</span> <span class='ocrx_word' id='word_1_116' title='bbox 3310 1074 3631 1135; x_wconf 90' lang='lat' dir='ltr'>meritum.</span> 
     </span>
    </p>
   </div>
   <div class='ocr_carea' id='block_1_17' title="bbox 2046 1172 3630 1253">
    <p class='ocr_par' dir='ltr' id='par_1_17' title="bbox 2046 1172 3630 1253">
     <span class='ocr_line' id='line_1_17' title="bbox 2046 1172 3630 1253; baseline -0.001 -18"><span class='ocrx_word' id='word_1_117' title='bbox 2046 1175 2173 1235; x_wconf 92' lang='lat' dir='ltr'>Nos</span> <span class='ocrx_word' id='word_1_118' title='bbox 2200 1180 2407 1235; x_wconf 88' lang='lat' dir='ltr'>autem</span> <span class='ocrx_word' id='word_1_119' title='bbox 2437 1173 2778 1235; x_wconf 88' lang='lat' dir='ltr'>habeamus</span> <span class='ocrx_word' id='word_1_120' title='bbox 2809 1174 3115 1253; x_wconf 85' lang='lat' dir='ltr'>propositi</span> <span class='ocrx_word' id='word_1_121' title='bbox 3156 1174 3354 1236; x_wconf 90' lang='lat' dir='ltr'>nostri</span> <span class='ocrx_word' id='word_1_122' title='bbox 3385 1172 3630 1252; x_wconf 84' lang='lat' dir='ltr'>princi-</span> 
     </span>
    </p>
   </div>
   <div class='ocr_carea' id='block_1_18' title="bbox 2047 1273 3630 1355">
    <p class='ocr_par' dir='ltr' id='par_1_18' title="bbox 2047 1273 3630 1355">
     <span class='ocr_line' id='line_1_18' title="bbox 2047 1273 3630 1355; baseline -0.002 -19"><span class='ocrx_word' id='word_1_123' title='bbox 2047 1292 2162 1355; x_wconf 91' lang='lat' dir='ltr'>pes</span> <span class='ocrx_word' id='word_1_124' title='bbox 2188 1274 2413 1337; x_wconf 89' lang='lat' dir='ltr'>Paulos</span> <span class='ocrx_word' id='word_1_125' title='bbox 2448 1281 2510 1337; x_wconf 91' lang='lat' dir='ltr'>et</span> <span class='ocrx_word' id='word_1_126' title='bbox 2548 1275 2874 1347; x_wconf 81' lang='lat' dir='ltr'>Antonios,</span> <span class='ocrx_word' id='word_1_127' title='bbox 2921 1274 3219 1347; x_wconf 91' lang='lat' dir='ltr'>Iulianos,</span> <span class='ocrx_word' id='word_1_128' title='bbox 3252 1273 3630 1346; x_wconf 91' lang='lat' dir='ltr'>Hilariones,</span> 
     </span>
    </p>
   </div>
   <div class='ocr_carea' id='block_1_19' title="bbox 2042 1375 3631 1453">
    <p class='ocr_par' dir='ltr' id='par_1_19' title="bbox 2042 1375 3631 1453">
     <span class='ocr_line' id='line_1_19' title="bbox 2042 1375 3631 1453; baseline 0 -17"><span class='ocrx_word' id='word_1_129' title='bbox 2042 1376 2346 1437; x_wconf 77' lang='lat' dir='ltr'>Macarius</span> <span class='ocrx_word' id='word_1_130' title='bbox 2378 1376 2531 1452; x_wconf 83' lang='lat'><strong>(7).»</strong></span> <span class='ocrx_word' id='word_1_131' title='bbox 2557 1380 2752 1450; x_wconf 88' lang='lat' dir='ltr'>Quem</span> <span class='ocrx_word' id='word_1_132' title='bbox 2782 1375 3093 1437; x_wconf 91' lang='lat' dir='ltr'>Iulianum</span> <span class='ocrx_word' id='word_1_133' title='bbox 3124 1376 3308 1448; x_wconf 88' lang='lat' dir='ltr'>dicat,</span> <span class='ocrx_word' id='word_1_134' title='bbox 3343 1375 3631 1453; x_wconf 79' lang='lat' dir='ltr'>ambigo;</span> 
     </span>
    </p>
   </div>
   <div class='ocr_carea' id='block_1_20' title="bbox 2044 1476 3632 1557">
    <p class='ocr_par' dir='ltr' id='par_1_20' title="bbox 2044 1476 3632 1557">
     <span class='ocr_line' id='line_1_20' title="bbox 2044 1476 3632 1557; baseline -0.002 -19"><span class='ocrx_word' id='word_1_135' title='bbox 2044 1493 2125 1538; x_wconf 88' lang='lat' dir='ltr'>an</span> <span class='ocrx_word' id='word_1_136' title='bbox 2156 1476 2314 1538; x_wconf 90' lang='lat' dir='ltr'>forte</span> <span class='ocrx_word' id='word_1_137' title='bbox 2354 1477 2763 1551; x_wconf 88' lang='lat' dir='ltr'>Edessenum,</span> <span class='ocrx_word' id='word_1_138' title='bbox 2803 1476 2881 1539; x_wconf 89' lang='lat' dir='ltr'>de</span> <span class='ocrx_word' id='word_1_139' title='bbox 2922 1494 3050 1557; x_wconf 90' lang='lat' dir='ltr'>quo</span> <span class='ocrx_word' id='word_1_140' title='bbox 3085 1479 3472 1537; x_wconf 91' lang='lat' dir='ltr'>Sozomenus</span> <span class='ocrx_word' id='word_1_141' title='bbox 3501 1481 3632 1536; x_wconf 89' lang='lat' dir='ltr'>tra-</span> 
     </span>
    </p>
   </div>
   <div class='ocr_carea' id='block_1_21' title="bbox 2045 1575 3635 1660">
    <p class='ocr_par' dir='ltr' id='par_1_21' title="bbox 2045 1575 3635 1660">
     <span class='ocr_line' id='line_1_21' title="bbox 2045 1575 3635 1660; baseline -0.002 -21"><span class='ocrx_word' id='word_1_142' title='bbox 2045 1578 2137 1640; x_wconf 85' lang='lat' dir='ltr'>dit</span> <span class='ocrx_word' id='word_1_143' title='bbox 2191 1575 2317 1660; x_wconf 76' lang='lat'><strong>(8)?</strong></span> <span class='ocrx_word' id='word_1_144' title='bbox 2370 1578 2706 1640; x_wconf 90' lang='lat' dir='ltr'>Macarium</span> <span class='ocrx_word' id='word_1_145' title='bbox 2746 1596 2897 1641; x_wconf 89' lang='lat' dir='ltr'>vero</span> <span class='ocrx_word' id='word_1_146' title='bbox 2940 1578 3427 1640; x_wconf 78' lang='lat' dir='ltr'>Alexandrinum</span> <span class='ocrx_word' id='word_1_147' title='bbox 3452 1575 3635 1649; x_wconf 85' lang='lat' dir='ltr'>intel-</span> 
     </span>
    </p>
   </div>
   <div class='ocr_carea' id='block_1_22' title="bbox 2044 1676 3634 1758">
    <p class='ocr_par' dir='ltr' id='par_1_22' title="bbox 2044 1676 3634 1758">
     <span class='ocr_line' id='line_1_22' title="bbox 2044 1676 3634 1758; baseline -0.002 -19"><span class='ocrx_word' id='word_1_148' title='bbox 2044 1677 2153 1757; x_wconf 83' lang='lat' dir='ltr'>ligi</span> <span class='ocrx_word' id='word_1_149' title='bbox 2183 1714 2256 1723; x_wconf 92' lang='lat'><strong>—</strong></span> <span class='ocrx_word' id='word_1_150' title='bbox 2288 1696 2622 1740; x_wconf 89' lang='lat' dir='ltr'>numerum</span> <span class='ocrx_word' id='word_1_151' title='bbox 2652 1678 2959 1758; x_wconf 89' lang='lat' dir='ltr'>pluralem</span> <span class='ocrx_word' id='word_1_152' title='bbox 2990 1695 3106 1758; x_wconf 91' lang='lat' dir='ltr'>pro</span> <span class='ocrx_word' id='word_1_153' title='bbox 3129 1676 3427 1754; x_wconf 88' lang='lat' dir='ltr'>singulari</span> <span class='ocrx_word' id='word_1_154' title='bbox 3465 1676 3634 1756; x_wconf 89' lang='lat' dir='ltr'>posi-</span> 
     </span>
    </p>
   </div>
   <div class='ocr_carea' id='block_1_23' title="bbox 2044 1777 3631 1860">
    <p class='ocr_par' dir='ltr' id='par_1_23' title="bbox 2044 1777 3631 1860">
     <span class='ocr_line' id='line_1_23' title="bbox 2044 1777 3631 1860; baseline -0.003 -19"><span class='ocrx_word' id='word_1_155' title='bbox 2044 1785 2177 1841; x_wconf 92' lang='lat' dir='ltr'>tum</span> <span class='ocrx_word' id='word_1_156' title='bbox 2215 1797 2352 1841; x_wconf 91' lang='lat' dir='ltr'>esse</span> <span class='ocrx_word' id='word_1_157' title='bbox 2382 1786 2610 1859; x_wconf 89' lang='lat' dir='ltr'>sponte</span> <span class='ocrx_word' id='word_1_158' title='bbox 2649 1779 3041 1860; x_wconf 76' lang='lat' dir='ltr'>liquet—ex</span> <span class='ocrx_word' id='word_1_159' title='bbox 3099 1778 3265 1853; x_wconf 88' lang='lat' dir='ltr'>loco,</span> <span class='ocrx_word' id='word_1_160' title='bbox 3323 1777 3432 1857; x_wconf 91' lang='lat' dir='ltr'>qui</span> <span class='ocrx_word' id='word_1_161' title='bbox 3485 1793 3631 1838; x_wconf 91' lang='lat' dir='ltr'>cum</span> 
     </span>
    </p>
   </div>
   <div class='ocr_carea' id='block_1_24' title="bbox 347 1870 3628 1978">
    <p class='ocr_par' dir='ltr' id='par_1_24' title="bbox 347 1870 3628 1978">
     <span class='ocr_line' id='line_1_24' title="bbox 347 1870 3628 1978; baseline -0 -41"><span class='ocrx_word' id='word_1_162' title='bbox 347 1875 475 1937; x_wconf 85' lang='lat' dir='ltr'>lino</span> <span class='ocrx_word' id='word_1_163' title='bbox 522 1874 819 1938; x_wconf 73' lang='lat' dir='ltr'>texendo</span> <span class='ocrx_word' id='word_1_164' title='bbox 850 1874 1242 1955; x_wconf 86' lang='lat' dir='ltr'>acquisierat,</span> <span class='ocrx_word' id='word_1_165' title='bbox 1273 1873 1552 1936; x_wconf 90' lang='lat' dir='ltr'>moriens</span> <span class='ocrx_word' id='word_1_166' title='bbox 1587 1870 1942 1951; x_wconf 83' lang='lat' dir='ltr'>dereliquit.</span> <span class='ocrx_word' id='word_1_167' title='bbox 1974 1919 2020 1978; x_wconf 69' lang='grc' dir='ltr'><strong>Β</strong></span> <span class='ocrx_word' id='word_1_168' title='bbox 2048 1887 2263 1942; x_wconf 90' lang='lat' dir='ltr'>nostro</span> <span class='ocrx_word' id='word_1_169' title='bbox 2293 1880 2715 1942; x_wconf 88' lang='lat' dir='ltr'>conferendus</span> <span class='ocrx_word' id='word_1_170' title='bbox 2752 1887 2866 1953; x_wconf 91' lang='lat' dir='ltr'>est,</span> <span class='ocrx_word' id='word_1_171' title='bbox 2909 1885 3213 1959; x_wconf 87' lang='lat' dir='ltr'>sequente</span> <span class='ocrx_word' id='word_1_172' title='bbox 3259 1878 3628 1940; x_wconf 84' lang='lat' dir='ltr'>conieceris.</span> 
     </span>
    </p>
   </div>
   <div class='ocr_carea' id='block_1_25' title="bbox 346 1973 1945 2039">
    <p class='ocr_par' dir='ltr' id='par_1_25' title="bbox 346 1973 1945 2039">
     <span class='ocr_line' id='line_1_25' title="bbox 346 1973 1945 2039; baseline -0.003 -1"><span class='ocrx_word' id='word_1_173' title='bbox 346 1977 584 2038; x_wconf 90' lang='lat' dir='ltr'>Initum</span> <span class='ocrx_word' id='word_1_174' title='bbox 633 1982 736 2039; x_wconf 88' lang='lat' dir='ltr'>est</span> <span class='ocrx_word' id='word_1_175' title='bbox 782 1976 946 2037; x_wconf 90' lang='lat' dir='ltr'>inter</span> <span class='ocrx_word' id='word_1_176' title='bbox 971 1974 1313 2037; x_wconf 82' lang='lat' dir='ltr'>monachos</span> <span class='ocrx_word' id='word_1_177' title='bbox 1350 1973 1680 2037; x_wconf 90' lang='lat' dir='ltr'>consilium</span> <span class='ocrx_word' id='word_1_178' title='bbox 1701 2007 1774 2017; x_wconf 90' lang='lat'>-—</span> <span class='ocrx_word' id='word_1_179' title='bbox 1799 1989 1945 2034; x_wconf 90' lang='lat' dir='ltr'>nam</span> 
     </span>
    </p>
   </div>
   <div class='ocr_carea' id='block_1_26' title="bbox 343 2068 1947 2152">
    <p class='ocr_par' dir='ltr' id='par_1_26' title="bbox 343 2068 1947 2152">
     <span class='ocr_line' id='line_1_26' title="bbox 343 2068 1947 2152; baseline -0.003 -17"><span class='ocrx_word' id='word_1_180' title='bbox 343 2076 415 2138; x_wconf 90' lang='lat' dir='ltr'>in</span> <span class='ocrx_word' id='word_1_181' title='bbox 452 2075 699 2137; x_wconf 89' lang='lat' dir='ltr'>eodem</span> <span class='ocrx_word' id='word_1_182' title='bbox 742 2073 884 2136; x_wconf 88' lang='lat' dir='ltr'>loco</span> <span class='ocrx_word' id='word_1_183' title='bbox 935 2072 1182 2135; x_wconf 89' lang='lat' dir='ltr'>circiter</span> <span class='ocrx_word' id='word_1_184' title='bbox 1212 2071 1492 2152; x_wconf 90' lang='lat' dir='ltr'>quinque</span> <span class='ocrx_word' id='word_1_185' title='bbox 1523 2070 1715 2132; x_wconf 88' lang='lat' dir='ltr'>millia</span> <span class='ocrx_word' id='word_1_186' title='bbox 1735 2068 1947 2131; x_wconf 84' lang='lat' dir='ltr'>divisis</span> 
     </span>
    </p>
   </div>
   <div class='ocr_carea' id='block_1_27' title="bbox 346 2171 1943 2252">
    <p class='ocr_par' dir='ltr' id='par_1_27' title="bbox 346 2171 1943 2252">
     <span class='ocr_line' id='line_1_27' title="bbox 346 2171 1943 2252; baseline -0.006 -13"><span class='ocrx_word' id='word_1_187' title='bbox 346 2175 600 2239; x_wconf 78' lang='lat' dir='ltr'>cellulis</span> <span class='ocrx_word' id='word_1_188' title='bbox 649 2174 1018 2237; x_wconf 86' lang='lat' dir='ltr'>habitabant</span> <span class='ocrx_word' id='word_1_189' title='bbox 1045 2208 1119 2217; x_wconf 92' lang='lat'><strong>—</strong></span> <span class='ocrx_word' id='word_1_190' title='bbox 1147 2172 1300 2252; x_wconf 89' lang='lat' dir='ltr'>quid</span> <span class='ocrx_word' id='word_1_191' title='bbox 1347 2171 1515 2234; x_wconf 83' lang='lat' dir='ltr'>facto</span> <span class='ocrx_word' id='word_1_192' title='bbox 1555 2187 1719 2251; x_wconf 90' lang='lat' dir='ltr'>opus</span> <span class='ocrx_word' id='word_1_193' title='bbox 1759 2174 1943 2231; x_wconf 90' lang='lat' dir='ltr'>esset.</span> 
     </span>
    </p>
   </div>
   <div class='ocr_carea' id='block_1_28' title="bbox 347 2269 1943 2354">
    <p class='ocr_par' dir='ltr' id='par_1_28' title="bbox 347 2269 1943 2354">
     <span class='ocr_line' id='line_1_28' title="bbox 347 2269 1943 2354; baseline -0.004 -19"><span class='ocrx_word' id='word_1_194' title='bbox 347 2274 464 2335; x_wconf 77' lang='lat' dir='ltr'>Alii</span> <span class='ocrx_word' id='word_1_195' title='bbox 502 2273 907 2354; x_wconf 85' lang='lat' dir='ltr'>pauperibus</span> <span class='ocrx_word' id='word_1_196' title='bbox 950 2270 1413 2334; x_wconf 89' lang='lat' dir='ltr'>distribuendos</span> <span class='ocrx_word' id='word_1_197' title='bbox 1446 2287 1588 2333; x_wconf 92' lang='lat' dir='ltr'>esse</span> <span class='ocrx_word' id='word_1_198' title='bbox 1631 2269 1943 2342; x_wconf 90' lang='lat' dir='ltr'>dicebant,</span> 
     </span>
    </p>
   </div>
   <div class='ocr_carea' id='block_1_29' title="bbox 356 2372 1946 2452">
    <p class='ocr_par' dir='ltr' id='par_1_29' title="bbox 356 2372 1946 2452">
     <span class='ocr_line' id='line_1_29' title="bbox 356 2372 1946 2452; baseline -0.002 -15"><span class='ocrx_word' id='word_1_199' title='bbox 356 2375 455 2437; x_wconf 89' lang='lat' dir='ltr'>alii</span> <span class='ocrx_word' id='word_1_200' title='bbox 481 2374 743 2438; x_wconf 88' lang='lat' dir='ltr'>dandos</span> <span class='ocrx_word' id='word_1_201' title='bbox 775 2374 1096 2449; x_wconf 89' lang='lat' dir='ltr'>ecclesiae,</span> <span class='ocrx_word' id='word_1_202' title='bbox 1134 2372 1422 2436; x_wconf 90' lang='lat' dir='ltr'>nonnulli</span> <span class='ocrx_word' id='word_1_203' title='bbox 1453 2372 1816 2452; x_wconf 89' lang='lat' dir='ltr'>parentibus</span> <span class='ocrx_word' id='word_1_204' title='bbox 1844 2390 1946 2434; x_wconf 93' lang='lat' dir='ltr'>re-</span> 
     </span>
    </p>
   </div>
   <div class='ocr_carea' id='block_1_30' title="bbox 364 2473 1949 2538">
    <p class='ocr_par' dir='ltr' id='par_1_30' title="bbox 364 2473 1949 2538">
     <span class='ocr_line' id='line_1_30' title="bbox 364 2473 1949 2538; baseline -0.001 -2"><span class='ocrx_word' id='word_1_205' title='bbox 364 2476 728 2538; x_wconf 88' lang='lat' dir='ltr'>mittendos.</span> <span class='ocrx_word' id='word_1_206' title='bbox 752 2474 1052 2537; x_wconf 87' lang='lat' dir='ltr'>Macarius</span> <span class='ocrx_word' id='word_1_207' title='bbox 1078 2490 1225 2536; x_wconf 89' lang='lat' dir='ltr'>vero</span> <span class='ocrx_word' id='word_1_208' title='bbox 1245 2480 1307 2537; x_wconf 92' lang='lat' dir='ltr'>et</span> <span class='ocrx_word' id='word_1_209' title='bbox 1340 2474 1574 2535; x_wconf 89' lang='lat' dir='ltr'>Pambo</span> <span class='ocrx_word' id='word_1_210' title='bbox 1597 2479 1657 2534; x_wconf 91' lang='lat' dir='ltr'>et</span> <span class='ocrx_word' id='word_1_211' title='bbox 1676 2473 1949 2535; x_wconf 91' lang='lat' dir='ltr'>Isidorus</span> 
     </span>
    </p>
   </div>
   <div class='ocr_carea' id='block_1_31' title="bbox 360 2572 1944 2655">
    <p class='ocr_par' dir='ltr' id='par_1_31' title="bbox 360 2572 1944 2655">
     <span class='ocr_line' id='line_1_31' title="bbox 360 2572 1944 2655; baseline -0.003 -17"><span class='ocrx_word' id='word_1_212' title='bbox 360 2584 417 2637; x_wconf 92' lang='lat' dir='ltr'>et</span> <span class='ocrx_word' id='word_1_213' title='bbox 437 2576 671 2645; x_wconf 88' lang='lat' dir='ltr'>ceteri,</span> <span class='ocrx_word' id='word_1_214' title='bbox 700 2591 863 2654; x_wconf 90' lang='lat' dir='ltr'>quos</span> <span class='ocrx_word' id='word_1_215' title='bbox 891 2580 1098 2655; x_wconf 86' lang='lat' dir='ltr'>patres</span> <span class='ocrx_word' id='word_1_216' title='bbox 1116 2580 1363 2648; x_wconf 87' lang='lat' dir='ltr'>vocant,</span> <span class='ocrx_word' id='word_1_217' title='bbox 1392 2580 1609 2635; x_wconf 89' lang='lat' dir='ltr'>sancto</span> <span class='ocrx_word' id='word_1_218' title='bbox 1639 2573 1704 2633; x_wconf 91' lang='lat' dir='ltr'>in</span> <span class='ocrx_word' id='word_1_219' title='bbox 1736 2573 1826 2635; x_wconf 91' lang='lat' dir='ltr'>eis</span> <span class='ocrx_word' id='word_1_220' title='bbox 1850 2572 1944 2634; x_wconf 90' lang='lat' dir='ltr'>lo-</span> 
     </span>
    </p>
   </div>
   <div class='ocr_carea' id='block_1_32' title="bbox 352 2673 1948 2757">
    <p class='ocr_par' dir='ltr' id='par_1_32' title="bbox 352 2673 1948 2757">
     <span class='ocr_line' id='line_1_32' title="bbox 352 2673 1948 2757; baseline -0.004 -18"><span class='ocrx_word' id='word_1_221' title='bbox 352 2684 593 2757; x_wconf 88' lang='lat' dir='ltr'>quente</span> <span class='ocrx_word' id='word_1_222' title='bbox 636 2674 874 2755; x_wconf 88' lang='lat' dir='ltr'>Spiritu</span> <span class='ocrx_word' id='word_1_223' title='bbox 910 2675 1339 2747; x_wconf 90' lang='lat' dir='ltr'>decreverunt,</span> <span class='ocrx_word' id='word_1_224' title='bbox 1376 2673 1778 2735; x_wconf 86' lang='lat' dir='ltr'>infodiendos</span> <span class='ocrx_word' id='word_1_225' title='bbox 1810 2689 1948 2734; x_wconf 89' lang='lat' dir='ltr'>esse</span> 
     </span>
    </p>
   </div>
   <div class='ocr_carea' id='block_1_33' title="bbox 350 2772 1947 2838">
    <p class='ocr_par' dir='ltr' id='par_1_33' title="bbox 350 2772 1947 2838">
     <span class='ocr_line' id='line_1_33' title="bbox 350 2772 1947 2838; baseline -0.003 -1"><span class='ocrx_word' id='word_1_226' title='bbox 350 2794 497 2838; x_wconf 88' lang='lat' dir='ltr'>cum</span> <span class='ocrx_word' id='word_1_227' title='bbox 518 2774 793 2838; x_wconf 90' lang='lat' dir='ltr'>domino</span> <span class='ocrx_word' id='word_1_228' title='bbox 816 2790 929 2837; x_wconf 91' lang='lat' dir='ltr'>suo</span> <span class='ocrx_word' id='word_1_229' title='bbox 960 2773 1269 2836; x_wconf 87' lang='lat' dir='ltr'>dicentes:</span> <span class='ocrx_word' id='word_1_230' title='bbox 1301 2772 1573 2835; x_wconf 90' lang='lat' dir='ltr'>Pecunia</span> <span class='ocrx_word' id='word_1_231' title='bbox 1609 2778 1718 2833; x_wconf 88' lang='lat' dir='ltr'>tua</span> <span class='ocrx_word' id='word_1_232' title='bbox 1738 2778 1947 2833; x_wconf 90' lang='lat' dir='ltr'>tecum</span> 
     </span>
    </p>
   </div>
   <div class='ocr_carea' id='block_1_34' title="bbox 351 2870 1952 2955">
    <p class='ocr_par' dir='ltr' id='par_1_34' title="bbox 351 2870 1952 2955">
     <span class='ocr_line' id='line_1_34' title="bbox 351 2870 1952 2955; baseline -0.003 -17"><span class='ocrx_word' id='word_1_233' title='bbox 351 2877 432 2938; x_wconf 88' lang='lat' dir='ltr'>sit</span> <span class='ocrx_word' id='word_1_234' title='bbox 476 2877 547 2938; x_wconf 88' lang='lat' dir='ltr'>in</span> <span class='ocrx_word' id='word_1_235' title='bbox 592 2873 1043 2955; x_wconf 90' lang='lat' dir='ltr'>perditionem.</span> <span class='ocrx_word' id='word_1_236' title='bbox 1084 2875 1211 2935; x_wconf 91' lang='lat' dir='ltr'>Nec</span> <span class='ocrx_word' id='word_1_237' title='bbox 1256 2872 1375 2935; x_wconf 90' lang='lat' dir='ltr'>hoc</span> <span class='ocrx_word' id='word_1_238' title='bbox 1418 2870 1754 2935; x_wconf 90' lang='lat' dir='ltr'>crudeliter</span> <span class='ocrx_word' id='word_1_239' title='bbox 1780 2872 1952 2950; x_wconf 86' lang='lat' dir='ltr'>quis-</span> 
     </span>
    </p>
   </div>
   <div class='ocr_carea' id='block_1_35' title="bbox 353 2974 1948 3057">
    <p class='ocr_par' dir='ltr' id='par_1_35' title="bbox 353 2974 1948 3057">
     <span class='ocr_line' id='line_1_35' title="bbox 353 2974 1948 3057; baseline -0.003 -18"><span class='ocrx_word' id='word_1_240' title='bbox 353 2994 548 3056; x_wconf 86' lang='lat' dir='ltr'>quam</span> <span class='ocrx_word' id='word_1_241' title='bbox 579 2981 766 3057; x_wconf 90' lang='lat' dir='ltr'>putet</span> <span class='ocrx_word' id='word_1_242' title='bbox 801 2974 1031 3036; x_wconf 89' lang='lat' dir='ltr'>factum</span> <span class='ocrx_word' id='word_1_243' title='bbox 1052 2979 1289 3035; x_wconf 88' lang='lat' dir='ltr'>:tantus</span> <span class='ocrx_word' id='word_1_244' title='bbox 1317 2980 1580 3035; x_wconf 90' lang='lat' dir='ltr'>cunctos</span> <span class='ocrx_word' id='word_1_245' title='bbox 1611 2989 1726 3051; x_wconf 90' lang='lat' dir='ltr'>per</span> <span class='ocrx_word' id='word_1_246' title='bbox 1753 2979 1948 3034; x_wconf 91' lang='lat' dir='ltr'>totam</span> 
     </span>
    </p>
   </div>
   <div class='ocr_carea' id='block_1_36' title="bbox 354 3071 1947 3157">
    <p class='ocr_par' dir='ltr' id='par_1_36' title="bbox 354 3071 1947 3157">
     <span class='ocr_line' id='line_1_36' title="bbox 354 3071 1947 3157; baseline -0.003 -17"><span class='ocrx_word' id='word_1_247' title='bbox 354 3082 720 3157; x_wconf 77' lang='lat' dir='ltr'>Aegyptum</span> <span class='ocrx_word' id='word_1_248' title='bbox 767 3081 967 3137; x_wconf 84' lang='lat' dir='ltr'>terror</span> <span class='ocrx_word' id='word_1_249' title='bbox 1016 3074 1262 3148; x_wconf 85' lang='lat' dir='ltr'>invasit,</span> <span class='ocrx_word' id='word_1_250' title='bbox 1321 3081 1390 3135; x_wconf 94' lang='lat' dir='ltr'>ut</span> <span class='ocrx_word' id='word_1_251' title='bbox 1434 3090 1630 3133; x_wconf 92' lang='lat' dir='ltr'>unum</span> <span class='ocrx_word' id='word_1_252' title='bbox 1677 3071 1947 3136; x_wconf 87' lang='lat' dir='ltr'>solidum</span> 
     </span>
    </p>
   </div>
   <div class='ocr_carea' id='block_1_37' title="bbox 355 3173 1949 3255">
    <p class='ocr_par' dir='ltr' id='par_1_37' title="bbox 355 3173 1949 3255">
     <span class='ocr_line' id='line_1_37' title="bbox 355 3173 1949 3255; baseline -0.004 -15"><span class='ocrx_word' id='word_1_253' title='bbox 355 3179 677 3240; x_wconf 85' lang='lat' dir='ltr'>dimisisse</span> <span class='ocrx_word' id='word_1_254' title='bbox 696 3176 776 3238; x_wconf 88' lang='lat' dir='ltr'>sit</span> <span class='ocrx_word' id='word_1_255' title='bbox 804 3176 1079 3238; x_wconf 87' lang='lat' dir='ltr'>criminis</span> <span class='ocrx_word' id='word_1_256' title='bbox 1112 3174 1217 3255; x_wconf 75' lang='lat'><strong>(2).</strong></span> <span class='ocrx_word' id='word_1_257' title='bbox 1243 3199 1270 3229; x_wconf 68' lang='grc' dir='ltr'><strong>η</strong></span> <span class='ocrx_word' id='word_1_258' title='bbox 1300 3173 1637 3237; x_wconf 89' lang='lat' dir='ltr'>Macarium</span> <span class='ocrx_word' id='word_1_259' title='bbox 1684 3174 1949 3235; x_wconf 81' lang='lat' dir='ltr'>Alexan-</span> 
     </span>
    </p>
   </div>
   <div class='ocr_carea' id='block_1_38' title="bbox 355 3255 2015 3353">
    <p class='ocr_par' dir='ltr' id='par_1_38' title="bbox 355 3255 2015 3353">
     <span class='ocr_line' id='line_1_38' title="bbox 355 3255 2015 3353; baseline -0.005 -14"><span class='ocrx_word' id='word_1_260' title='bbox 355 3276 617 3339; x_wconf 85' lang='lat' dir='ltr'>drinum</span> <span class='ocrx_word' id='word_1_261' title='bbox 655 3273 1027 3335; x_wconf 87' lang='lat' dir='ltr'>Cellularum</span> <span class='ocrx_word' id='word_1_262' title='bbox 1067 3275 1503 3353; x_wconf 80' lang='lat' dir='ltr'>presbyterum</span> <span class='ocrx_word' id='word_1_263' title='bbox 1546 3272 1647 3335; x_wconf 89' lang='lat' dir='ltr'>hic</span> <span class='ocrx_word' id='word_1_264' title='bbox 1680 3273 1946 3352; x_wconf 88' lang='lat' dir='ltr'>intelligi</span> <span class='ocrx_word' id='word_1_265' title='bbox 1972 3255 2015 3312; x_wconf 65' lang='grc' dir='ltr'>(ἶ</span> 
     </span>
    </p>
   </div>
   <div class='ocr_carea' id='block_1_39' title="bbox 356 3374 1950 3459">
    <p class='ocr_par' dir='ltr' id='par_1_39' title="bbox 356 3374 1950 3459">
     <span class='ocr_line' id='line_1_39' title="bbox 356 3374 1950 3459; baseline -0.002 -19"><span class='ocrx_word' id='word_1_266' title='bbox 356 3384 651 3459; x_wconf 85' lang='lat' dir='ltr'>apparet.</span> <span class='ocrx_word' id='word_1_267' title='bbox 676 3377 827 3436; x_wconf 91' lang='lat' dir='ltr'>Nam</span> <span class='ocrx_word' id='word_1_268' title='bbox 852 3374 917 3435; x_wconf 91' lang='lat' dir='ltr'>in</span> <span class='ocrx_word' id='word_1_269' title='bbox 951 3381 1163 3437; x_wconf 89' lang='lat' dir='ltr'>monte</span> <span class='ocrx_word' id='word_1_270' title='bbox 1193 3375 1425 3436; x_wconf 82' lang='lat' dir='ltr'>Nitriae</span> <span class='ocrx_word' id='word_1_271' title='bbox 1444 3375 1679 3436; x_wconf 90' lang='lat' dir='ltr'>Pambo</span> <span class='ocrx_word' id='word_1_272' title='bbox 1709 3374 1950 3437; x_wconf 86' lang='lat' dir='ltr'>habita-</span> 
     </span>
    </p>
   </div>
   <div class='ocr_carea' id='block_1_40' title="bbox 357 3472 1947 3555">
    <p class='ocr_par' dir='ltr' id='par_1_40' title="bbox 357 3472 1947 3555">
     <span class='ocr_line' id='line_1_40' title="bbox 357 3472 1947 3555; baseline -0.002 -16"><span class='ocrx_word' id='word_1_273' title='bbox 357 3479 447 3539; x_wconf 85' lang='lat' dir='ltr'>vit</span> <span class='ocrx_word' id='word_1_274' title='bbox 507 3476 613 3555; x_wconf 86' lang='lat'><strong>(3).</strong></span> <span class='ocrx_word' id='word_1_275' title='bbox 657 3474 932 3537; x_wconf 88' lang='lat' dir='ltr'>Isidorus</span> <span class='ocrx_word' id='word_1_276' title='bbox 984 3474 1203 3537; x_wconf 88' lang='lat' dir='ltr'>cellam</span> <span class='ocrx_word' id='word_1_277' title='bbox 1264 3472 1481 3535; x_wconf 87' lang='lat' dir='ltr'>habuit</span> <span class='ocrx_word' id='word_1_278' title='bbox 1520 3473 1628 3552; x_wconf 92' lang='lat'><strong>(4).</strong></span> <span class='ocrx_word' id='word_1_279' title='bbox 1660 3474 1947 3553; x_wconf 87' lang='lat' dir='ltr'>Quinque</span> 
     </span>
    </p>
   </div>
   <div class='ocr_carea' id='block_1_41' title="bbox 357 3573 1950 3637">
    <p class='ocr_par' dir='ltr' id='par_1_41' title="bbox 357 3573 1950 3637">
     <span class='ocr_line' id='line_1_41' title="bbox 357 3573 1950 3637; baseline 0.001 -2"><span class='ocrx_word' id='word_1_280' title='bbox 357 3592 512 3637; x_wconf 85' lang='lat' dir='ltr'>vero</span> <span class='ocrx_word' id='word_1_281' title='bbox 535 3573 735 3635; x_wconf 90' lang='lat' dir='ltr'>millia</span> <span class='ocrx_word' id='word_1_282' title='bbox 755 3573 1206 3635; x_wconf 89' lang='lat' dir='ltr'>monachorum</span> <span class='ocrx_word' id='word_1_283' title='bbox 1233 3580 1513 3634; x_wconf 89' lang='lat' dir='ltr'>montem</span> <span class='ocrx_word' id='word_1_284' title='bbox 1544 3573 1721 3635; x_wconf 92' lang='lat' dir='ltr'>illum</span> <span class='ocrx_word' id='word_1_285' title='bbox 1751 3574 1950 3637; x_wconf 89' lang='lat' dir='ltr'>Cellu-</span> 
     </span>
    </p>
   </div>
   <div class='ocr_carea' id='block_1_42' title="bbox 356 3673 1943 3755">
    <p class='ocr_par' dir='ltr' id='par_1_42' title="bbox 356 3673 1943 3755">
     <span class='ocr_line' id='line_1_42' title="bbox 356 3673 1943 3755; baseline -0.001 -17"><span class='ocrx_word' id='word_1_286' title='bbox 356 3676 581 3754; x_wconf 90' lang='lat' dir='ltr'>lasque</span> <span class='ocrx_word' id='word_1_287' title='bbox 608 3673 950 3735; x_wconf 87' lang='lat' dir='ltr'>incoluisse</span> <span class='ocrx_word' id='word_1_288' title='bbox 973 3674 1205 3752; x_wconf 88' lang='lat' dir='ltr'>pariter</span> <span class='ocrx_word' id='word_1_289' title='bbox 1250 3673 1562 3735; x_wconf 91' lang='lat' dir='ltr'>Palladius</span> <span class='ocrx_word' id='word_1_290' title='bbox 1604 3675 1814 3737; x_wconf 88' lang='lat' dir='ltr'>retulit</span> <span class='ocrx_word' id='word_1_291' title='bbox 1836 3676 1943 3755; x_wconf 86' lang='grc'><strong>(5).</strong></span> 
     </span>
    </p>
   </div>
   <div class='ocr_carea' id='block_1_43' title="bbox 359 3772 1945 3848">
    <p class='ocr_par' dir='ltr' id='par_1_43' title="bbox 359 3772 1945 3848">
     <span class='ocr_line' id='line_1_43' title="bbox 359 3772 1945 3848; baseline 0.002 -13"><span class='ocrx_word' id='word_1_292' title='bbox 359 3776 527 3848; x_wconf 70' lang='grc'>124</span> <span class='ocrx_word' id='word_1_293' title='bbox 552 3776 844 3835; x_wconf 87' lang='lat' dir='ltr'>Ceterum</span> <span class='ocrx_word' id='word_1_294' title='bbox 865 3772 1032 3835; x_wconf 90' lang='lat' dir='ltr'>idem</span> <span class='ocrx_word' id='word_1_295' title='bbox 1055 3773 1131 3835; x_wconf 89' lang='lat' dir='ltr'>de</span> <span class='ocrx_word' id='word_1_296' title='bbox 1161 3773 1395 3835; x_wconf 83' lang='lat' dir='ltr'>Nitriae</span> <span class='ocrx_word' id='word_1_297' title='bbox 1426 3774 1737 3836; x_wconf 88' lang='lat' dir='ltr'>monacho</span> <span class='ocrx_word' id='word_1_298' title='bbox 1758 3792 1945 3838; x_wconf 89' lang='lat' dir='ltr'>avaro</span> 
     </span>
    </p>
   </div>
   <div class='ocr_carea' id='block_1_44' title="bbox 357 3872 1785 3951">
    <p class='ocr_par' dir='ltr' id='par_1_44' title="bbox 357 3872 1785 3951">
     <span class='ocr_line' id='line_1_44' title="bbox 357 3872 1785 3951; baseline 0.001 -18"><span class='ocrx_word' id='word_1_299' title='bbox 357 3872 422 3933; x_wconf 86' lang='lat' dir='ltr'>in</span> <span class='ocrx_word' id='word_1_300' title='bbox 458 3874 585 3933; x_wconf 64' lang='grc' dir='ltr'>ην.</span> <span class='ocrx_word' id='word_1_301' title='bbox 608 3874 728 3934; x_wconf 91' lang='lat' dir='ltr'>PP.</span> <span class='ocrx_word' id='word_1_302' title='bbox 748 3874 962 3934; x_wconf 84' lang='lat' dir='ltr'>Rosw.</span> <span class='ocrx_word' id='word_1_303' title='bbox 986 3872 1147 3934; x_wconf 90' lang='lat' dir='ltr'>libro</span> <span class='ocrx_word' id='word_1_304' title='bbox 1168 3873 1355 3935; x_wconf 82' lang='lat' dir='ltr'>tertio</span> <span class='ocrx_word' id='word_1_305' title='bbox 1384 3873 1647 3935; x_wconf 83' lang='lat' dir='ltr'>traditur</span> <span class='ocrx_word' id='word_1_306' title='bbox 1678 3872 1785 3951; x_wconf 88' lang='lat'>(6).</span> 
     </span>
    </p>
   </div>
   <div class='ocr_carea' id='block_1_45' title="bbox 439 3971 1949 4053">
    <p class='ocr_par' dir='ltr' id='par_1_45' title="bbox 439 3971 1949 4053">
     <span class='ocr_line' id='line_1_45' title="bbox 439 3971 1949 4053; baseline 0.002 -19"><span class='ocrx_word' id='word_1_307' title='bbox 439 3974 646 4035; x_wconf 83' lang='lat' dir='ltr'>Etiam</span> <span class='ocrx_word' id='word_1_308' title='bbox 678 3974 744 4036; x_wconf 90' lang='lat' dir='ltr'>in</span> <span class='ocrx_word' id='word_1_309' title='bbox 766 3971 1033 4053; x_wconf 86' lang='lat' dir='ltr'>epistola</span> <span class='ocrx_word' id='word_1_310' title='bbox 1064 3971 1161 4047; x_wconf 83' lang='lat'>58,</span> <span class='ocrx_word' id='word_1_311' title='bbox 1196 3973 1359 4036; x_wconf 89' lang='lat' dir='ltr'>circa</span> <span class='ocrx_word' id='word_1_312' title='bbox 1390 3990 1625 4035; x_wconf 89' lang='lat' dir='ltr'>annum</span> <span class='ocrx_word' id='word_1_313' title='bbox 1655 3972 1769 4034; x_wconf 87' lang='lat'>395</span> <span class='ocrx_word' id='word_1_314' title='bbox 1799 3990 1949 4037; x_wconf 85' lang='lat' dir='ltr'>con-</span> 
     </span>
    </p>
   </div>
   <div class='ocr_carea' id='block_1_46' title="bbox 358 4073 1947 4153">
    <p class='ocr_par' dir='ltr' id='par_1_46' title="bbox 358 4073 1947 4153">
     <span class='ocr_line' id='line_1_46' title="bbox 358 4073 1947 4153; baseline 0.001 -17"><span class='ocrx_word' id='word_1_315' title='bbox 358 4073 620 4153; x_wconf 89' lang='lat' dir='ltr'>scripta,</span> <span class='ocrx_word' id='word_1_316' title='bbox 664 4074 964 4137; x_wconf 87' lang='lat' dir='ltr'>Macarios</span> <span class='ocrx_word' id='word_1_317' title='bbox 1014 4076 1075 4135; x_wconf 92' lang='lat' dir='ltr'>S.</span> <span class='ocrx_word' id='word_1_318' title='bbox 1125 4074 1548 4153; x_wconf 87' lang='lat' dir='ltr'>Hieronymus</span> <span class='ocrx_word' id='word_1_319' title='bbox 1587 4082 1789 4137; x_wconf 91' lang='lat' dir='ltr'>vocat.</span> <span class='ocrx_word' id='word_1_320' title='bbox 1827 4076 1947 4138; x_wconf 92' lang='lat' dir='ltr'>Ubi</span> 
     </span>
    </p>
   </div>
   <div class='ocr_carea' id='block_1_47' title="bbox 360 4174 1947 4255">
    <p class='ocr_par' dir='ltr' id='par_1_47' title="bbox 360 4174 1947 4255">
     <span class='ocr_line' id='line_1_47' title="bbox 360 4174 1947 4255; baseline 0.003 -20"><span class='ocrx_word' id='word_1_321' title='bbox 360 4174 520 4255; x_wconf 87' lang='lat' dir='ltr'>legis</span> <span class='ocrx_word' id='word_1_322' title='bbox 545 4193 559 4234; x_wconf 91' lang='lat'><strong>:</strong></span> <span class='ocrx_word' id='word_1_323' title='bbox 586 4198 616 4229; x_wconf 75' lang='grc' dir='ltr'><em>α</em></span> <span class='ocrx_word' id='word_1_324' title='bbox 645 4176 751 4235; x_wconf 89' lang='lat' dir='ltr'>Sin</span> <span class='ocrx_word' id='word_1_325' title='bbox 778 4181 986 4238; x_wconf 89' lang='lat' dir='ltr'>autem</span> <span class='ocrx_word' id='word_1_326' title='bbox 1007 4176 1185 4255; x_wconf 90' lang='lat' dir='ltr'>cupis</span> <span class='ocrx_word' id='word_1_327' title='bbox 1202 4192 1337 4237; x_wconf 91' lang='lat' dir='ltr'>esse</span> <span class='ocrx_word' id='word_1_328' title='bbox 1360 4176 1531 4255; x_wconf 91' lang='lat' dir='ltr'>quod</span> <span class='ocrx_word' id='word_1_329' title='bbox 1554 4176 1800 4252; x_wconf 89' lang='lat' dir='ltr'>diceris,</span> <span class='ocrx_word' id='word_1_330' title='bbox 1816 4196 1947 4240; x_wconf 86' lang='lat' dir='ltr'>mo-</span> 
     </span>
    </p>
   </div>
   <div class='ocr_carea' id='block_1_48' title="bbox 360 4274 1943 4356">
    <p class='ocr_par' dir='ltr' id='par_1_48' title="bbox 360 4274 1943 4356">
     <span class='ocr_line' id='line_1_48' title="bbox 360 4274 1943 4356; baseline 0.001 -18"><span class='ocrx_word' id='word_1_331' title='bbox 360 4276 715 4349; x_wconf 89' lang='lat' dir='ltr'>nachus,id</span> <span class='ocrx_word' id='word_1_332' title='bbox 761 4282 855 4337; x_wconf 90' lang='lat' dir='ltr'>est</span> <span class='ocrx_word' id='word_1_333' title='bbox 902 4275 1097 4351; x_wconf 90' lang='lat' dir='ltr'>solus,</span> <span class='ocrx_word' id='word_1_334' title='bbox 1132 4276 1283 4356; x_wconf 92' lang='lat' dir='ltr'>quid</span> <span class='ocrx_word' id='word_1_335' title='bbox 1328 4274 1483 4338; x_wconf 87' lang='lat' dir='ltr'>facis</span> <span class='ocrx_word' id='word_1_336' title='bbox 1535 4277 1600 4337; x_wconf 90' lang='lat' dir='ltr'>in</span> <span class='ocrx_word' id='word_1_337' title='bbox 1658 4278 1943 4354; x_wconf 88' lang='lat' dir='ltr'>urbibus,</span> 
     </span>
    </p>
   </div>
   <div class='ocr_carea' id='block_1_49' title="bbox 360 4374 1945 4456">
    <p class='ocr_par' dir='ltr' id='par_1_49' title="bbox 360 4374 1945 4456">
     <span class='ocr_line' id='line_1_49' title="bbox 360 4374 1945 4456; baseline 0.001 -17"><span class='ocrx_word' id='word_1_338' title='bbox 360 4394 528 4456; x_wconf 89' lang='lat' dir='ltr'>quae</span> <span class='ocrx_word' id='word_1_339' title='bbox 559 4376 779 4455; x_wconf 92' lang='lat' dir='ltr'>utique</span> <span class='ocrx_word' id='word_1_340' title='bbox 820 4392 952 4438; x_wconf 91' lang='lat' dir='ltr'>non</span> <span class='ocrx_word' id='word_1_341' title='bbox 974 4382 1117 4437; x_wconf 91' lang='lat' dir='ltr'>sunt</span> <span class='ocrx_word' id='word_1_342' title='bbox 1138 4375 1416 4437; x_wconf 88' lang='lat' dir='ltr'>solorum</span> <span class='ocrx_word' id='word_1_343' title='bbox 1438 4374 1811 4450; x_wconf 89' lang='lat' dir='ltr'>habitacula,</span> <span class='ocrx_word' id='word_1_344' title='bbox 1835 4380 1945 4441; x_wconf 91' lang='lat' dir='ltr'>sed</span> 
     </span>
    </p>
   </div>
   <div class='ocr_carea' id='block_1_50' title="bbox 360 4474 1944 4558">
    <p class='ocr_par' dir='ltr' id='par_1_50' title="bbox 360 4474 1944 4558">
     <span class='ocr_line' id='line_1_50' title="bbox 360 4474 1944 4558; baseline 0.003 -21"><span class='ocrx_word' id='word_1_345' title='bbox 360 4476 707 4538; x_wconf 87' lang='lat' dir='ltr'>multorum</span> <span class='ocrx_word' id='word_1_346' title='bbox 732 4474 762 4537; x_wconf 75' lang='lat' dir='ltr'>‘l</span> <span class='ocrx_word' id='word_1_347' title='bbox 786 4477 988 4539; x_wconf 89' lang='lat' dir='ltr'>Habet</span> <span class='ocrx_word' id='word_1_348' title='bbox 1015 4476 1517 4556; x_wconf 91' lang='lat' dir='ltr'>unumquodque</span> <span class='ocrx_word' id='word_1_349' title='bbox 1548 4479 1944 4558; x_wconf 90' lang='lat' dir='ltr'>propositum</span> 
     </span>
    </p>
   </div>
   <div class='ocr_carea' id='block_1_51' title="bbox 2124 1980 3635 2060">
    <p class='ocr_par' dir='ltr' id='par_1_51' title="bbox 2124 1980 3635 2060">
     <span class='ocr_line' id='line_1_51' title="bbox 2124 1980 3635 2060; baseline -0.002 -19"><span class='ocrx_word' id='word_1_350' title='bbox 2124 1980 2371 2041; x_wconf 90' lang='lat' dir='ltr'>Etenim</span> <span class='ocrx_word' id='word_1_351' title='bbox 2404 1980 2628 2043; x_wconf 92' lang='lat' dir='ltr'>eodem</span> <span class='ocrx_word' id='word_1_352' title='bbox 2653 1997 2908 2060; x_wconf 89' lang='lat' dir='ltr'>prorsus</span> <span class='ocrx_word' id='word_1_353' title='bbox 2929 1980 3191 2042; x_wconf 90' lang='lat' dir='ltr'>modoS.</span> <span class='ocrx_word' id='word_1_354' title='bbox 3211 1980 3635 2056; x_wconf 90' lang='lat' dir='ltr'>Hieronymus</span> 
     </span>
    </p>
   </div>
   <div class='ocr_carea' id='block_1_52' title="bbox 2044 2078 3629 2160">
    <p class='ocr_par' dir='ltr' id='par_1_52' title="bbox 2044 2078 3629 2160">
     <span class='ocr_line' id='line_1_52' title="bbox 2044 2078 3629 2160; baseline -0.003 -18"><span class='ocrx_word' id='word_1_355' title='bbox 2044 2080 2379 2142; x_wconf 83' lang='lat' dir='ltr'>Macarium</span> <span class='ocrx_word' id='word_1_356' title='bbox 2392 2081 2456 2141; x_wconf 91' lang='lat' dir='ltr'>in</span> <span class='ocrx_word' id='word_1_357' title='bbox 2475 2080 2736 2160; x_wconf 89' lang='lat' dir='ltr'>epistola</span> <span class='ocrx_word' id='word_1_358' title='bbox 2755 2078 3059 2154; x_wconf 87' lang='lat' dir='ltr'>108,anno</span> <span class='ocrx_word' id='word_1_359' title='bbox 3077 2078 3188 2139; x_wconf 87' lang='lat'><strong>404</strong></span> <span class='ocrx_word' id='word_1_360' title='bbox 3202 2079 3629 2158; x_wconf 90' lang='lat' dir='ltr'>scripta,citat.</span> 
     </span>
    </p>
   </div>
   <div class='ocr_carea' id='block_1_53' title="bbox 2045 2179 3635 2261">
    <p class='ocr_par' dir='ltr' id='par_1_53' title="bbox 2045 2179 3635 2261">
     <span class='ocr_line' id='line_1_53' title="bbox 2045 2179 3635 2261; baseline -0.002 -18"><span class='ocrx_word' id='word_1_361' title='bbox 2045 2181 2140 2243; x_wconf 92' lang='lat' dir='ltr'>Ibi</span> <span class='ocrx_word' id='word_1_362' title='bbox 2168 2199 2364 2261; x_wconf 90' lang='lat' dir='ltr'>quum</span> <span class='ocrx_word' id='word_1_363' title='bbox 2386 2182 2573 2244; x_wconf 86' lang='lat' dir='ltr'>vitam</span> <span class='ocrx_word' id='word_1_364' title='bbox 2595 2181 2823 2244; x_wconf 89' lang='lat' dir='ltr'>Paulae</span> <span class='ocrx_word' id='word_1_365' title='bbox 2853 2187 3225 2250; x_wconf 86' lang='lat' dir='ltr'>enarrasset,</span> <span class='ocrx_word' id='word_1_366' title='bbox 3250 2181 3515 2260; x_wconf 88' lang='lat' dir='ltr'>eiusque</span> <span class='ocrx_word' id='word_1_367' title='bbox 3535 2179 3635 2240; x_wconf 85' lang='lat' dir='ltr'>iti-</span> 
     </span>
    </p>
   </div>
   <div class='ocr_carea' id='block_1_54' title="bbox 2050 2278 3633 2360">
    <p class='ocr_par' dir='ltr' id='par_1_54' title="bbox 2050 2278 3633 2360">
     <span class='ocr_line' id='line_1_54' title="bbox 2050 2278 3633 2360; baseline -0.001 -20"><span class='ocrx_word' id='word_1_368' title='bbox 2050 2295 2201 2341; x_wconf 90' lang='lat' dir='ltr'>nera</span> <span class='ocrx_word' id='word_1_369' title='bbox 2221 2280 2325 2360; x_wconf 90' lang='lat' dir='ltr'>pia</span> <span class='ocrx_word' id='word_1_370' title='bbox 2342 2287 2630 2343; x_wconf 90' lang='lat' dir='ltr'>accurate</span> <span class='ocrx_word' id='word_1_371' title='bbox 2653 2281 3107 2360; x_wconf 88' lang='lat' dir='ltr'>descripsisset,</span> <span class='ocrx_word' id='word_1_372' title='bbox 3131 2280 3389 2341; x_wconf 82' lang='lat' dir='ltr'>Nitriam</span> <span class='ocrx_word' id='word_1_373' title='bbox 3406 2278 3633 2360; x_wconf 87' lang='lat' dir='ltr'>appel-</span> 
     </span>
    </p>
   </div>
   <div class='ocr_carea' id='block_1_55' title="bbox 2049 2380 3632 2464">
    <p class='ocr_par' dir='ltr' id='par_1_55' title="bbox 2049 2380 3632 2464">
     <span class='ocr_line' id='line_1_55' title="bbox 2049 2380 3632 2464; baseline 0.001 -22"><span class='ocrx_word' id='word_1_374' title='bbox 2049 2380 2133 2443; x_wconf 90' lang='lat' dir='ltr'>lat</span> <span class='ocrx_word' id='word_1_375' title='bbox 2159 2406 2187 2437; x_wconf 74' lang='grc' dir='ltr'><strong>α</strong></span> <span class='ocrx_word' id='word_1_376' title='bbox 2221 2382 2526 2462; x_wconf 90' lang='lat' dir='ltr'>oppidum</span> <span class='ocrx_word' id='word_1_377' title='bbox 2558 2383 2827 2457; x_wconf 91' lang='lat' dir='ltr'>Domini,</span> <span class='ocrx_word' id='word_1_378' title='bbox 2860 2383 2925 2444; x_wconf 92' lang='lat' dir='ltr'>in</span> <span class='ocrx_word' id='word_1_379' title='bbox 2967 2400 3095 2464; x_wconf 92' lang='lat' dir='ltr'>quo</span> <span class='ocrx_word' id='word_1_380' title='bbox 3134 2382 3472 2462; x_wconf 89' lang='lat' dir='ltr'>purissimo</span> <span class='ocrx_word' id='word_1_381' title='bbox 3505 2384 3632 2444; x_wconf 90' lang='lat' dir='ltr'>vir-</span> 
     </span>
    </p>
   </div>
   <div class='ocr_carea' id='block_1_56' title="bbox 2047 2482 3631 2564">
    <p class='ocr_par' dir='ltr' id='par_1_56' title="bbox 2047 2482 3631 2564">
     <span class='ocr_line' id='line_1_56' title="bbox 2047 2482 3631 2564; baseline 0 -21"><span class='ocrx_word' id='word_1_382' title='bbox 2047 2487 2247 2544; x_wconf 88' lang='lat' dir='ltr'>tutum</span> <span class='ocrx_word' id='word_1_383' title='bbox 2274 2483 2437 2545; x_wconf 89' lang='lat' dir='ltr'>nitro</span> <span class='ocrx_word' id='word_1_384' title='bbox 2468 2482 2686 2546; x_wconf 89' lang='lat' dir='ltr'>sordes</span> <span class='ocrx_word' id='word_1_385' title='bbox 2715 2483 2997 2545; x_wconf 89' lang='lat' dir='ltr'>lavantur</span> <span class='ocrx_word' id='word_1_386' title='bbox 3017 2483 3299 2564; x_wconf 90' lang='lat' dir='ltr'>quotidie</span> <span class='ocrx_word' id='word_1_387' title='bbox 3322 2482 3631 2563; x_wconf 88' lang='lat' dir='ltr'>plurimo-</span> 
     </span>
    </p>
   </div>
   <div class='ocr_carea' id='block_1_57' title="bbox 2050 2583 3635 2661">
    <p class='ocr_par' dir='ltr' id='par_1_57' title="bbox 2050 2583 3635 2661">
     <span class='ocr_line' id='line_1_57' title="bbox 2050 2583 3635 2661; baseline 0.001 -17"><span class='ocrx_word' id='word_1_388' title='bbox 2050 2600 2212 2644; x_wconf 89' lang='lat' dir='ltr'>rum.</span> <span class='ocrx_word' id='word_1_389' title='bbox 2270 2584 2448 2657; x_wconf 92' lang='lat' dir='ltr'>Quod</span> <span class='ocrx_word' id='word_1_390' title='bbox 2499 2602 2643 2646; x_wconf 91' lang='lat' dir='ltr'>cum</span> <span class='ocrx_word' id='word_1_391' title='bbox 2675 2584 2908 2661; x_wconf 90' lang='lat' dir='ltr'>[Paula]</span> <span class='ocrx_word' id='word_1_392' title='bbox 2957 2583 3232 2658; x_wconf 89' lang='lat' dir='ltr'>vidisset,</span> <span class='ocrx_word' id='word_1_393' title='bbox 3263 2592 3635 2646; x_wconf 90' lang='lat' dir='ltr'>occurrente</span> 
     </span>
    </p>
   </div>
   <div class='ocr_carea' id='block_1_58' title="bbox 2050 2681 3638 2765">
    <p class='ocr_par' dir='ltr' id='par_1_58' title="bbox 2050 2681 3638 2765">
     <span class='ocr_line' id='line_1_58' title="bbox 2050 2681 3638 2765; baseline 0.001 -20"><span class='ocrx_word' id='word_1_394' title='bbox 2050 2681 2169 2745; x_wconf 88' lang='lat' dir='ltr'>sibi</span> <span class='ocrx_word' id='word_1_395' title='bbox 2192 2689 2407 2746; x_wconf 88' lang='lat' dir='ltr'>sancto</span> <span class='ocrx_word' id='word_1_396' title='bbox 2430 2690 2491 2746; x_wconf 89' lang='lat' dir='ltr'>et</span> <span class='ocrx_word' id='word_1_397' title='bbox 2519 2685 2859 2747; x_wconf 89' lang='lat' dir='ltr'>venerabili</span> <span class='ocrx_word' id='word_1_398' title='bbox 2891 2686 3194 2765; x_wconf 87' lang='lat' dir='ltr'>episcopo</span> <span class='ocrx_word' id='word_1_399' title='bbox 3223 2685 3465 2747; x_wconf 91' lang='lat' dir='ltr'>Isidoro</span> <span class='ocrx_word' id='word_1_400' title='bbox 3487 2704 3638 2747; x_wconf 90' lang='lat' dir='ltr'>con-</span> 
     </span>
    </p>
   </div>
   <div class='ocr_carea' id='block_1_59' title="bbox 2047 2779 3632 2848">
    <p class='ocr_par' dir='ltr' id='par_1_59' title="bbox 2047 2779 3632 2848">
     <span class='ocr_line' id='line_1_59' title="bbox 2047 2779 3632 2848; baseline 0.004 -6"><span class='ocrx_word' id='word_1_401' title='bbox 2047 2779 2289 2842; x_wconf 86' lang='lat' dir='ltr'>fessore</span> <span class='ocrx_word' id='word_1_402' title='bbox 2334 2789 2395 2843; x_wconf 92' lang='lat' dir='ltr'>et</span> <span class='ocrx_word' id='word_1_403' title='bbox 2438 2782 2639 2844; x_wconf 92' lang='lat' dir='ltr'>turbis</span> <span class='ocrx_word' id='word_1_404' title='bbox 2676 2783 3240 2845; x_wconf 89' lang='lat' dir='ltr'>innumerabilibus</span> <span class='ocrx_word' id='word_1_405' title='bbox 3280 2784 3632 2848; x_wconf 89' lang='lat' dir='ltr'>monacho-</span> 
     </span>
    </p>
   </div>
   <div class='ocr_carea' id='block_1_60' title="bbox 2051 2882 3634 2961">
    <p class='ocr_par' dir='ltr' id='par_1_60' title="bbox 2051 2882 3634 2961">
     <span class='ocr_line' id='line_1_60' title="bbox 2051 2882 3634 2961; baseline 0.003 -19"><span class='ocrx_word' id='word_1_406' title='bbox 2051 2897 2211 2954; x_wconf 86' lang='lat' dir='ltr'>rum,</span> <span class='ocrx_word' id='word_1_407' title='bbox 2242 2897 2319 2942; x_wconf 79' lang='lat' dir='ltr'>ex</span> <span class='ocrx_word' id='word_1_408' title='bbox 2345 2882 2572 2961; x_wconf 92' lang='lat' dir='ltr'>quibus</span> <span class='ocrx_word' id='word_1_409' title='bbox 2592 2883 2821 2945; x_wconf 92' lang='lat' dir='ltr'>multos</span> <span class='ocrx_word' id='word_1_410' title='bbox 2846 2884 3246 2947; x_wconf 84' lang='lat' dir='ltr'>sacerdotalis</span> <span class='ocrx_word' id='word_1_411' title='bbox 3267 2894 3329 2947; x_wconf 86' lang='lat' dir='ltr'>et</span> <span class='ocrx_word' id='word_1_412' title='bbox 3351 2886 3634 2948; x_wconf 90' lang='lat' dir='ltr'>leviticus</span> 
     </span>
    </p>
   </div>
   <div class='ocr_carea' id='block_1_61' title="bbox 2049 2979 3631 3065">
    <p class='ocr_par' dir='ltr' id='par_1_61' title="bbox 2049 2979 3631 3065">
     <span class='ocr_line' id='line_1_61' title="bbox 2049 2979 3631 3065; baseline 0.004 -23"><span class='ocrx_word' id='word_1_413' title='bbox 2049 2979 2423 3044; x_wconf 88' lang='lat' dir='ltr'>sublimabat</span> <span class='ocrx_word' id='word_1_414' title='bbox 2460 2983 2711 3062; x_wconf 88' lang='lat' dir='ltr'>gradus,</span> <span class='ocrx_word' id='word_1_415' title='bbox 2735 2983 3081 3046; x_wconf 86' lang='lat' dir='ltr'>laetabatur</span> <span class='ocrx_word' id='word_1_416' title='bbox 3109 2986 3365 3065; x_wconf 89' lang='lat' dir='ltr'>quidem</span> <span class='ocrx_word' id='word_1_417' title='bbox 3394 2987 3469 3049; x_wconf 91' lang='lat' dir='ltr'>ad</span> <span class='ocrx_word' id='word_1_418' title='bbox 3492 2986 3631 3064; x_wconf 82' lang='lat' dir='ltr'>gio-</span> 
     </span>
    </p>
   </div>
   <div class='ocr_carea' id='block_1_62' title="bbox 2050 3081 3632 3163">
    <p class='ocr_par' dir='ltr' id='par_1_62' title="bbox 2050 3081 3632 3163">
     <span class='ocr_line' id='line_1_62' title="bbox 2050 3081 3632 3163; baseline 0.005 -22"><span class='ocrx_word' id='word_1_419' title='bbox 2050 3081 2204 3142; x_wconf 90' lang='lat' dir='ltr'>riam</span> <span class='ocrx_word' id='word_1_420' title='bbox 2245 3082 2518 3158; x_wconf 92' lang='lat' dir='ltr'>Domini,</span> <span class='ocrx_word' id='word_1_421' title='bbox 2556 3084 2668 3145; x_wconf 90' lang='lat' dir='ltr'>sed</span> <span class='ocrx_word' id='word_1_422' title='bbox 2720 3101 2788 3146; x_wconf 88' lang='lat' dir='ltr'>se</span> <span class='ocrx_word' id='word_1_423' title='bbox 2826 3084 3147 3163; x_wconf 87' lang='lat' dir='ltr'>indignam</span> <span class='ocrx_word' id='word_1_424' title='bbox 3184 3093 3357 3149; x_wconf 91' lang='lat' dir='ltr'>tanto</span> <span class='ocrx_word' id='word_1_425' title='bbox 3387 3087 3632 3149; x_wconf 89' lang='lat' dir='ltr'>honore</span> 
     </span>
    </p>
   </div>
   <div class='ocr_carea' id='block_1_63' title="bbox 2048 3180 3632 3263">
    <p class='ocr_par' dir='ltr' id='par_1_63' title="bbox 2048 3180 3632 3263">
     <span class='ocr_line' id='line_1_63' title="bbox 2048 3180 3632 3263; baseline 0.006 -21"><span class='ocrx_word' id='word_1_426' title='bbox 2048 3180 2381 3245; x_wconf 84' lang='lat' dir='ltr'>fatebatur.</span> <span class='ocrx_word' id='word_1_427' title='bbox 2425 3184 2583 3257; x_wconf 90' lang='lat' dir='ltr'>Quid</span> <span class='ocrx_word' id='word_1_428' title='bbox 2624 3201 2782 3263; x_wconf 89' lang='lat' dir='ltr'>ergo</span> <span class='ocrx_word' id='word_1_429' title='bbox 2818 3202 3063 3247; x_wconf 91' lang='lat' dir='ltr'>narrem</span> <span class='ocrx_word' id='word_1_430' title='bbox 3093 3188 3415 3263; x_wconf 88' lang='lat' dir='ltr'>Macarios,</span> <span class='ocrx_word' id='word_1_431' title='bbox 3448 3191 3632 3251; x_wconf 81' lang='lat' dir='ltr'>Arse-</span> 
     </span>
    </p>
   </div>
   <div class='ocr_carea' id='block_1_64' title="bbox 2047 3284 3629 3368">
    <p class='ocr_par' dir='ltr' id='par_1_64' title="bbox 2047 3284 3629 3368">
     <span class='ocr_line' id='line_1_64' title="bbox 2047 3284 3629 3368; baseline 0.003 -23"><span class='ocrx_word' id='word_1_432' title='bbox 2047 3284 2211 3359; x_wconf 90' lang='lat' dir='ltr'>nios,</span> <span class='ocrx_word' id='word_1_433' title='bbox 2235 3287 2610 3366; x_wconf 89' lang='lat' dir='ltr'>Serapionas</span> <span class='ocrx_word' id='word_1_434' title='bbox 2632 3294 2692 3348; x_wconf 94' lang='lat' dir='ltr'>et</span> <span class='ocrx_word' id='word_1_435' title='bbox 2720 3288 2960 3368; x_wconf 89' lang='lat' dir='ltr'>reliqua</span> <span class='ocrx_word' id='word_1_436' title='bbox 2989 3288 3425 3351; x_wconf 90' lang='lat' dir='ltr'>columnarum</span> <span class='ocrx_word' id='word_1_437' title='bbox 3458 3290 3629 3352; x_wconf 87' lang='lat' dir='ltr'>Chri-</span> 
     </span>
    </p>
   </div>
   <div class='ocr_carea' id='block_1_65' title="bbox 2048 3383 3635 3467">
    <p class='ocr_par' dir='ltr' id='par_1_65' title="bbox 2048 3383 3635 3467">
     <span class='ocr_line' id='line_1_65' title="bbox 2048 3383 3635 3467; baseline 0.004 -22"><span class='ocrx_word' id='word_1_438' title='bbox 2048 3384 2126 3446; x_wconf 90' lang='lat' dir='ltr'>sti</span> <span class='ocrx_word' id='word_1_439' title='bbox 2146 3386 2396 3447; x_wconf 88' lang='lat' dir='ltr'>nomina</span> <span class='ocrx_word' id='word_1_440' title='bbox 2417 3383 2447 3447; x_wconf 69' lang='grc' dir='ltr'>τ</span> <span class='ocrx_word' id='word_1_441' title='bbox 2469 3387 2653 3448; x_wconf 92' lang='lat' dir='ltr'>Cuius</span> <span class='ocrx_word' id='word_1_442' title='bbox 2684 3405 2811 3449; x_wconf 91' lang='lat' dir='ltr'>non</span> <span class='ocrx_word' id='word_1_443' title='bbox 2848 3388 3093 3450; x_wconf 87' lang='lat' dir='ltr'>intravit</span> <span class='ocrx_word' id='word_1_444' title='bbox 3125 3397 3280 3467; x_wconf 76' lang='lat'><strong>125</strong></span> <span class='ocrx_word' id='word_1_445' title='bbox 3303 3389 3635 3451; x_wconf 81' lang='lat' dir='ltr'>cellulam?</span> 
     </span>
    </p>
   </div>
   <div class='ocr_carea' id='block_1_66' title="bbox 2048 3487 3634 3572">
    <p class='ocr_par' dir='ltr' id='par_1_66' title="bbox 2048 3487 3634 3572">
     <span class='ocr_line' id='line_1_66' title="bbox 2048 3487 3634 3572; baseline 0.004 -25"><span class='ocrx_word' id='word_1_446' title='bbox 2048 3487 2323 3558; x_wconf 87' lang='lat' dir='ltr'>Quorum</span> <span class='ocrx_word' id='word_1_447' title='bbox 2355 3487 2622 3567; x_wconf 89' lang='lat' dir='ltr'>pedibus</span> <span class='ocrx_word' id='word_1_448' title='bbox 2650 3505 2778 3550; x_wconf 90' lang='lat' dir='ltr'>non</span> <span class='ocrx_word' id='word_1_449' title='bbox 2806 3490 3095 3552; x_wconf 91' lang='lat' dir='ltr'>advoluta</span> <span class='ocrx_word' id='word_1_450' title='bbox 3158 3498 3252 3553; x_wconf 88' lang='lat' dir='ltr'>est</span> <span class='ocrx_word' id='word_1_451' title='bbox 3301 3489 3423 3572; x_wconf 80' lang='lat'><strong>(9)?</strong></span> <span class='ocrx_word' id='word_1_452' title='bbox 3449 3516 3474 3545; x_wconf 85' lang='lat'>»</span> <span class='ocrx_word' id='word_1_453' title='bbox 3518 3492 3634 3554; x_wconf 91' lang='lat' dir='ltr'>Hic</span> 
     </span>
    </p>
   </div>
   <div class='ocr_carea' id='block_1_67' title="bbox 2049 3589 3636 3669">
    <p class='ocr_par' dir='ltr' id='par_1_67' title="bbox 2049 3589 3636 3669">
     <span class='ocr_line' id='line_1_67' title="bbox 2049 3589 3636 3669; baseline 0.001 -20"><span class='ocrx_word' id='word_1_454' title='bbox 2049 3589 2304 3669; x_wconf 89' lang='lat' dir='ltr'>quidem</span> <span class='ocrx_word' id='word_1_455' title='bbox 2334 3591 2669 3651; x_wconf 86' lang='lat' dir='ltr'>Macarium</span> <span class='ocrx_word' id='word_1_456' title='bbox 2691 3590 3200 3665; x_wconf 79' lang='lat' dir='ltr'>Alexandrinum,</span> <span class='ocrx_word' id='word_1_457' title='bbox 3240 3591 3472 3653; x_wconf 92' lang='lat' dir='ltr'>clarum</span> <span class='ocrx_word' id='word_1_458' title='bbox 3505 3592 3636 3653; x_wconf 88' lang='lat' dir='ltr'>Cel-</span> 
     </span>
    </p>
   </div>
   <div class='ocr_carea' id='block_1_68' title="bbox 2047 3690 3631 3769">
    <p class='ocr_par' dir='ltr' id='par_1_68' title="bbox 2047 3690 3631 3769">
     <span class='ocr_line' id='line_1_68' title="bbox 2047 3690 3631 3769; baseline 0.001 -19"><span class='ocrx_word' id='word_1_459' title='bbox 2047 3690 2313 3751; x_wconf 91' lang='lat' dir='ltr'>lularum</span> <span class='ocrx_word' id='word_1_460' title='bbox 2350 3691 2784 3769; x_wconf 89' lang='lat' dir='ltr'>presbyterum</span> <span class='ocrx_word' id='word_1_461' title='bbox 2821 3698 2881 3753; x_wconf 91' lang='lat' dir='ltr'>et</span> <span class='ocrx_word' id='word_1_462' title='bbox 2909 3692 2973 3751; x_wconf 91' lang='lat' dir='ltr'>in</span> <span class='ocrx_word' id='word_1_463' title='bbox 3005 3692 3233 3752; x_wconf 88' lang='lat' dir='ltr'>Nitriae</span> <span class='ocrx_word' id='word_1_464' title='bbox 3258 3699 3469 3753; x_wconf 90' lang='lat' dir='ltr'>monte</span> <span class='ocrx_word' id='word_1_465' title='bbox 3501 3692 3631 3754; x_wconf 88' lang='lat' dir='ltr'>cel-</span> 
     </span>
    </p>
   </div>
   <div class='ocr_carea' id='block_1_69' title="bbox 2045 3788 3632 3861">
    <p class='ocr_par' dir='ltr' id='par_1_69' title="bbox 2045 3788 3632 3861">
     <span class='ocr_line' id='line_1_69' title="bbox 2045 3788 3632 3861; baseline 0.001 -12"><span class='ocrx_word' id='word_1_466' title='bbox 2045 3788 2170 3850; x_wconf 89' lang='lat' dir='ltr'>lam</span> <span class='ocrx_word' id='word_1_467' title='bbox 2206 3788 2539 3850; x_wconf 90' lang='lat' dir='ltr'>habentem</span> <span class='ocrx_word' id='word_1_468' title='bbox 2574 3788 2775 3861; x_wconf 91' lang='lat' dir='ltr'>innui,</span> <span class='ocrx_word' id='word_1_469' title='bbox 2799 3789 3133 3851; x_wconf 73' lang='lat' dir='ltr'>verisimile</span> <span class='ocrx_word' id='word_1_470' title='bbox 3170 3796 3283 3851; x_wconf 91' lang='lat' dir='ltr'>est.</span> <span class='ocrx_word' id='word_1_471' title='bbox 3315 3790 3493 3851; x_wconf 85' lang='lat' dir='ltr'>Unde</span> <span class='ocrx_word' id='word_1_472' title='bbox 3523 3808 3632 3851; x_wconf 92' lang='lat' dir='ltr'>su-</span> 
     </span>
    </p>
   </div>
   <div class='ocr_carea' id='block_1_70' title="bbox 2048 3889 3633 3970">
    <p class='ocr_par' dir='ltr' id='par_1_70' title="bbox 2048 3889 3633 3970">
     <span class='ocr_line' id='line_1_70' title="bbox 2048 3889 3633 3970; baseline 0.001 -20"><span class='ocrx_word' id='word_1_473' title='bbox 2048 3907 2185 3970; x_wconf 90' lang='lat' dir='ltr'>pra,</span> <span class='ocrx_word' id='word_1_474' title='bbox 2220 3906 2415 3968; x_wconf 92' lang='lat' dir='ltr'>quum</span> <span class='ocrx_word' id='word_1_475' title='bbox 2441 3889 2664 3949; x_wconf 87' lang='lat' dir='ltr'>eodem</span> <span class='ocrx_word' id='word_1_476' title='bbox 2718 3889 2909 3951; x_wconf 90' lang='lat' dir='ltr'>modo</span> <span class='ocrx_word' id='word_1_477' title='bbox 2962 3889 3315 3962; x_wconf 89' lang='lat' dir='ltr'>inducatur,</span> <span class='ocrx_word' id='word_1_478' title='bbox 3358 3890 3633 3951; x_wconf 89' lang='lat' dir='ltr'>eundem</span> 
     </span>
    </p>
   </div>
   <div class='ocr_carea' id='block_1_71' title="bbox 2048 3989 3632 4073">
    <p class='ocr_par' dir='ltr' id='par_1_71' title="bbox 2048 3989 3632 4073">
     <span class='ocr_line' id='line_1_71' title="bbox 2048 3989 3632 4073; baseline 0 -20"><span class='ocrx_word' id='word_1_479' title='bbox 2048 3991 2235 4073; x_wconf 89' lang='lat' dir='ltr'>plane</span> <span class='ocrx_word' id='word_1_480' title='bbox 2270 3990 2607 4051; x_wconf 89' lang='lat' dir='ltr'>Macarium</span> <span class='ocrx_word' id='word_1_481' title='bbox 2643 3989 3130 4052; x_wconf 80' lang='lat' dir='ltr'>Alexandrinum</span> <span class='ocrx_word' id='word_1_482' title='bbox 3169 3989 3434 4068; x_wconf 86' lang='lat' dir='ltr'>intelligi</span> <span class='ocrx_word' id='word_1_483' title='bbox 3464 3990 3632 4053; x_wconf 91' lang='lat' dir='ltr'>haud</span> 
     </span>
    </p>
   </div>
   <div class='ocr_carea' id='block_1_72' title="bbox 2048 4090 2573 4153">
    <p class='ocr_par' dir='ltr' id='par_1_72' title="bbox 2048 4090 2573 4153">
     <span class='ocr_line' id='line_1_72' title="bbox 2048 4090 2573 4153; baseline -0.006 0"><span class='ocrx_word' id='word_1_484' title='bbox 2048 4099 2284 4153; x_wconf 91' lang='lat' dir='ltr'>temere</span> <span class='ocrx_word' id='word_1_485' title='bbox 2315 4090 2573 4152; x_wconf 79' lang='lat' dir='ltr'>dixeris.</span> 
     </span>
    </p>
   </div>
   <div class='ocr_carea' id='block_1_73' title="bbox 2124 4190 3631 4272">
    <p class='ocr_par' dir='ltr' id='par_1_73' title="bbox 2124 4190 3631 4272">
     <span class='ocr_line' id='line_1_73' title="bbox 2124 4190 3631 4272; baseline 0 -19"><span class='ocrx_word' id='word_1_486' title='bbox 2124 4190 2493 4253; x_wconf 90' lang='lat' dir='ltr'>Prodendus</span> <span class='ocrx_word' id='word_1_487' title='bbox 2523 4191 2798 4272; x_wconf 90' lang='lat' dir='ltr'>denique</span> <span class='ocrx_word' id='word_1_488' title='bbox 2828 4198 2921 4253; x_wconf 92' lang='lat' dir='ltr'>est</span> <span class='ocrx_word' id='word_1_489' title='bbox 2951 4190 3205 4253; x_wconf 89' lang='lat' dir='ltr'>ultimus</span> <span class='ocrx_word' id='word_1_490' title='bbox 3236 4193 3296 4251; x_wconf 92' lang='lat' dir='ltr'>S.</span> <span class='ocrx_word' id='word_1_491' title='bbox 3318 4191 3631 4269; x_wconf 85' lang='lat' dir='ltr'>Hierony-</span> 
     </span>
    </p>
   </div>
   <div class='ocr_carea' id='block_1_74' title="bbox 2046 4291 3629 4365">
    <p class='ocr_par' dir='ltr' id='par_1_74' title="bbox 2046 4291 3629 4365">
     <span class='ocr_line' id='line_1_74' title="bbox 2046 4291 3629 4365; baseline 0 -12"><span class='ocrx_word' id='word_1_492' title='bbox 2046 4293 2133 4353; x_wconf 92' lang='lat' dir='ltr'>mi</span> <span class='ocrx_word' id='word_1_493' title='bbox 2185 4292 2363 4353; x_wconf 88' lang='lat' dir='ltr'>locus</span> <span class='ocrx_word' id='word_1_494' title='bbox 2419 4291 2497 4353; x_wconf 89' lang='lat' dir='ltr'>de</span> <span class='ocrx_word' id='word_1_495' title='bbox 2544 4293 2861 4365; x_wconf 86' lang='lat' dir='ltr'>Macariis;</span> <span class='ocrx_word' id='word_1_496' title='bbox 2924 4310 3068 4353; x_wconf 90' lang='lat' dir='ltr'>nam</span> <span class='ocrx_word' id='word_1_497' title='bbox 3134 4292 3435 4354; x_wconf 86' lang='lat' dir='ltr'>Macarius</span> <span class='ocrx_word' id='word_1_498' title='bbox 3490 4293 3629 4365; x_wconf 89' lang='lat' dir='ltr'>iste,</span> 
     </span>
    </p>
   </div>
   <div class='ocr_carea' id='block_1_75' title="bbox 2047 4392 3630 4472">
    <p class='ocr_par' dir='ltr' id='par_1_75' title="bbox 2047 4392 3630 4472">
     <span class='ocr_line' id='line_1_75' title="bbox 2047 4392 3630 4472; baseline 0.001 -20"><span class='ocrx_word' id='word_1_499' title='bbox 2047 4408 2236 4471; x_wconf 92' lang='lat' dir='ltr'>quem</span> <span class='ocrx_word' id='word_1_500' title='bbox 2273 4392 2337 4452; x_wconf 94' lang='lat' dir='ltr'>in</span> <span class='ocrx_word' id='word_1_501' title='bbox 2362 4392 2685 4472; x_wconf 89' lang='lat' dir='ltr'>epitaphio</span> <span class='ocrx_word' id='word_1_502' title='bbox 2714 4392 3039 4454; x_wconf 85' lang='lat' dir='ltr'>Marcellae</span> <span class='ocrx_word' id='word_1_503' title='bbox 3072 4393 3290 4457; x_wconf 84' lang='lat' dir='ltr'>viduae</span> <span class='ocrx_word' id='word_1_504' title='bbox 3318 4395 3378 4452; x_wconf 90' lang='lat' dir='ltr'>S.</span> <span class='ocrx_word' id='word_1_505' title='bbox 3402 4394 3630 4454; x_wconf 89' lang='lat' dir='ltr'>Hiero-</span> 
     </span>
    </p>
   </div>
   <div class='ocr_carea' id='block_1_76' title="bbox 2048 4492 3630 4573">
    <p class='ocr_par' dir='ltr' id='par_1_76' title="bbox 2048 4492 3630 4573">
     <span class='ocr_line' id='line_1_76' title="bbox 2048 4492 3630 4573; baseline 0 -19"><span class='ocrx_word' id='word_1_506' title='bbox 2048 4510 2273 4571; x_wconf 86' lang='lat' dir='ltr'>nymus</span> <span class='ocrx_word' id='word_1_507' title='bbox 2294 4498 2471 4554; x_wconf 89' lang='lat' dir='ltr'>vocat</span> <span class='ocrx_word' id='word_1_508' title='bbox 2504 4492 2649 4573; x_wconf 83' lang='lat'><strong>(10),</strong></span> <span class='ocrx_word' id='word_1_509' title='bbox 2674 4501 2735 4555; x_wconf 93' lang='lat' dir='ltr'>et</span> <span class='ocrx_word' id='word_1_510' title='bbox 2771 4494 3038 4555; x_wconf 84' lang='lat' dir='ltr'>Ruﬁnus</span> <span class='ocrx_word' id='word_1_511' title='bbox 3060 4494 3125 4554; x_wconf 91' lang='lat' dir='ltr'>in</span> <span class='ocrx_word' id='word_1_512' title='bbox 3151 4493 3537 4573; x_wconf 85' lang='lat' dir='ltr'>praefatione</span> <span class='ocrx_word' id='word_1_513' title='bbox 3566 4493 3630 4554; x_wconf 90' lang='lat' dir='ltr'>in</span> 
     </span>
    </p>
   </div>
   <div class='ocr_carea' id='block_1_77' title="bbox 361 4577 1946 4672">
    <p class='ocr_par' dir='ltr' id='par_1_77' title="bbox 361 4577 1940 4657">
     <span class='ocr_line' id='line_1_77' title="bbox 361 4577 1940 4657; baseline 0.002 -19"><span class='ocrx_word' id='word_1_514' title='bbox 361 4577 686 4657; x_wconf 90' lang='lat' dir='ltr'>principes</span> <span class='ocrx_word' id='word_1_515' title='bbox 722 4594 888 4639; x_wconf 90' lang='lat' dir='ltr'>suos.</span> <span class='ocrx_word' id='word_1_516' title='bbox 930 4577 1197 4639; x_wconf 88' lang='lat' dir='ltr'>Romani</span> <span class='ocrx_word' id='word_1_517' title='bbox 1242 4578 1435 4638; x_wconf 87' lang='lat' dir='ltr'>duces</span> <span class='ocrx_word' id='word_1_518' title='bbox 1478 4578 1800 4640; x_wconf 88' lang='lat' dir='ltr'>imitentur</span> <span class='ocrx_word' id='word_1_519' title='bbox 1828 4581 1940 4641; x_wconf 89' lang='lat' dir='ltr'>Ca-</span> 
     </span>
    </p>
   </div>
   <div class='ocr_carea' id='block_1_78' title="bbox 2048 4577 3625 4672">
    <p class='ocr_par' dir='ltr' id='par_1_78' title="bbox 2048 4591 3625 4672">
     <span class='ocr_line' id='line_1_78' title="bbox 2048 4591 3625 4672; baseline 0 -19"><span class='ocrx_word' id='word_1_520' title='bbox 2048 4592 2326 4671; x_wconf 88' lang='lat' dir='ltr'>Origenis</span> <span class='ocrx_word' id='word_1_521' title='bbox 2342 4591 2535 4654; x_wconf 89' lang='lat' dir='ltr'>libros</span> <span class='ocrx_word' id='word_1_522' title='bbox 2556 4598 2691 4666; x_wconf 71' lang='grc' dir='ltr'>Περὶ</span> <span class='ocrx_word' id='word_1_523' title='bbox 2710 4598 2890 4668; x_wconf 72' lang='grc' dir='ltr'>ἀρχῶν</span> <span class='ocrx_word' id='word_1_524' title='bbox 2915 4592 3195 4672; x_wconf 81' lang='lat' dir='ltr'>(11),nec</span> <span class='ocrx_word' id='word_1_525' title='bbox 3225 4609 3349 4653; x_wconf 92' lang='lat' dir='ltr'>non</span> <span class='ocrx_word' id='word_1_526' title='bbox 3366 4593 3431 4652; x_wconf 89' lang='lat' dir='ltr'>in</span> <span class='ocrx_word' id='word_1_527' title='bbox 3456 4596 3625 4671; x_wconf 84' lang='lat' dir='ltr'>Apo-</span> 
     </span>
    </p>
   </div>
   <div class='ocr_carea' id='block_1_79' title="bbox 360 4677 1945 4758">
    <p class='ocr_par' dir='ltr' id='par_1_79' title="bbox 360 4677 1945 4758">
     <span class='ocr_line' id='line_1_79' title="bbox 360 4677 1945 4758; baseline 0.004 -19"><span class='ocrx_word' id='word_1_528' title='bbox 360 4677 598 4753; x_wconf 90' lang='lat' dir='ltr'>millos,</span> <span class='ocrx_word' id='word_1_529' title='bbox 619 4678 951 4753; x_wconf 85' lang='lat' dir='ltr'>Fabricios,</span> <span class='ocrx_word' id='word_1_530' title='bbox 969 4677 1265 4757; x_wconf 81' lang='lat' dir='ltr'>Regulos,</span> <span class='ocrx_word' id='word_1_531' title='bbox 1290 4677 1638 4758; x_wconf 88' lang='lat' dir='ltr'>Scipiones.</span> <span class='ocrx_word' id='word_1_532' title='bbox 1663 4679 1945 4745; x_wconf 88' lang='lat' dir='ltr'>Philoso-</span> 
     </span>
    </p>
   </div>
   <div class='ocr_carea' id='block_1_80' title="bbox 360 4775 1938 4857">
    <p class='ocr_par' dir='ltr' id='par_1_80' title="bbox 360 4775 1938 4857">
     <span class='ocr_line' id='line_1_80' title="bbox 360 4775 1938 4857; baseline 0.004 -22"><span class='ocrx_word' id='word_1_533' title='bbox 360 4775 477 4857; x_wconf 90' lang='lat' dir='ltr'>phi</span> <span class='ocrx_word' id='word_1_534' title='bbox 532 4783 894 4856; x_wconf 90' lang='lat' dir='ltr'>proponant</span> <span class='ocrx_word' id='word_1_535' title='bbox 938 4776 1057 4837; x_wconf 90' lang='lat' dir='ltr'>sibi</span> <span class='ocrx_word' id='word_1_536' title='bbox 1100 4776 1539 4855; x_wconf 89' lang='lat' dir='ltr'>Pythagoram,</span> <span class='ocrx_word' id='word_1_537' title='bbox 1595 4778 1938 4853; x_wconf 89' lang='lat' dir='ltr'>Socratem,</span> 
     </span>
    </p>
   </div>
   <div class='ocr_carea' id='block_1_81' title="bbox 358 4867 1941 4941">
    <p class='ocr_par' dir='ltr' id='par_1_81' title="bbox 358 4867 1941 4941">
     <span class='ocr_line' id='line_1_81' title="bbox 358 4867 1941 4941; baseline 0.004 -7"><span class='ocrx_word' id='word_1_538' title='bbox 358 4874 711 4941; x_wconf 86' lang='lat' dir='ltr'>Platonem,</span> <span class='ocrx_word' id='word_1_539' title='bbox 727 4867 1137 4936; x_wconf 84' lang='lat' dir='ltr'>Aristotelem.</span> <span class='ocrx_word' id='word_1_540' title='bbox 1154 4876 1383 4937; x_wconf 89' lang='lat' dir='ltr'>Poetae</span> <span class='ocrx_word' id='word_1_541' title='bbox 1405 4872 1798 4936; x_wconf 86' lang='lat' dir='ltr'>aemulentur</span> <span class='ocrx_word' id='word_1_542' title='bbox 1813 4879 1941 4940; x_wconf 89' lang='lat' dir='ltr'>Ho-</span> 
     </span>
    </p>
   </div>
   <div class='ocr_carea' id='block_1_82' title="bbox 359 4972 1933 5051">
    <p class='ocr_par' dir='ltr' id='par_1_82' title="bbox 359 4972 1933 5051">
     <span class='ocr_line' id='line_1_82' title="bbox 359 4972 1933 5051; baseline 0.003 -15"><span class='ocrx_word' id='word_1_543' title='bbox 359 4991 632 5049; x_wconf 88' lang='lat' dir='ltr'>merum,</span> <span class='ocrx_word' id='word_1_544' title='bbox 669 4972 1017 5051; x_wconf 78' lang='lat' dir='ltr'>Virgilium,</span> <span class='ocrx_word' id='word_1_545' title='bbox 1069 4972 1500 5046; x_wconf 88' lang='lat' dir='ltr'>Menandrum,</span> <span class='ocrx_word' id='word_1_546' title='bbox 1547 4974 1933 5041; x_wconf 88' lang='lat' dir='ltr'>Terentium.</span> 
     </span>
    </p>
   </div>
   <div class='ocr_carea' id='block_1_83' title="bbox 429 5113 1605 5188">
    <p class='ocr_par' dir='ltr' id='par_1_83' title="bbox 429 5113 1605 5188">
     <span class='ocr_line' id='line_1_83' title="bbox 429 5113 1605 5188; baseline -0.002 -16"><span class='ocrx_word' id='word_1_547' title='bbox 429 5118 506 5188; x_wconf 88' lang='grc'><strong>(1)</strong></span> <span class='ocrx_word' id='word_1_548' title='bbox 537 5116 619 5172; x_wconf 79' lang='lat' dir='ltr'>Cf.</span> <span class='ocrx_word' id='word_1_549' title='bbox 662 5131 826 5187; x_wconf 83' lang='lat' dir='ltr'>supra</span> <span class='ocrx_word' id='word_1_550' title='bbox 856 5115 883 5187; x_wconf 63' lang='grc' dir='ltr'>ᾗ</span> <span class='ocrx_word' id='word_1_551' title='bbox 911 5114 944 5170; x_wconf 88' lang='lat'><strong>6</strong></span> <span class='ocrx_word' id='word_1_552' title='bbox 974 5131 1025 5184; x_wconf 93' lang='lat' dir='ltr'>p.</span> <span class='ocrx_word' id='word_1_553' title='bbox 1056 5114 1140 5169; x_wconf 85' lang='grc'>16.</span> <span class='ocrx_word' id='word_1_554' title='bbox 1171 5114 1247 5169; x_wconf 88' lang='lat' dir='ltr'>cf.</span> <span class='ocrx_word' id='word_1_555' title='bbox 1278 5114 1421 5169; x_wconf 84' lang='lat' dir='ltr'>infra</span> <span class='ocrx_word' id='word_1_556' title='bbox 1454 5113 1605 5186; x_wconf 61' lang='grc' dir='ltr'>θμε.</span> 
     </span>
    </p>
   </div>
   <div class='ocr_carea' id='block_1_84' title="bbox 432 5205 1695 5279">
    <p class='ocr_par' dir='ltr' id='par_1_84' title="bbox 432 5205 1695 5279">
     <span class='ocr_line' id='line_1_84' title="bbox 432 5205 1695 5279; baseline -0.003 -16"><span class='ocrx_word' id='word_1_557' title='bbox 432 5210 505 5279; x_wconf 74' lang='grc'><strong>(2)</strong></span> <span class='ocrx_word' id='word_1_558' title='bbox 538 5207 602 5263; x_wconf 88' lang='lat' dir='ltr'>S.</span> <span class='ocrx_word' id='word_1_559' title='bbox 646 5206 873 5261; x_wconf 83' lang='lat' dir='ltr'>Hieron.</span> <span class='ocrx_word' id='word_1_560' title='bbox 899 5207 1037 5278; x_wconf 88' lang='lat' dir='ltr'>Opp.</span> <span class='ocrx_word' id='word_1_561' title='bbox 1066 5206 1151 5261; x_wconf 89' lang='lat' dir='ltr'>ed.</span> <span class='ocrx_word' id='word_1_562' title='bbox 1183 5207 1218 5260; x_wconf 94' lang='lat' dir='ltr'>l.</span> <span class='ocrx_word' id='word_1_563' title='bbox 1247 5205 1312 5260; x_wconf 88' lang='grc' dir='ltr'><strong>Τ.</strong></span> <span class='ocrx_word' id='word_1_564' title='bbox 1343 5205 1364 5259; x_wconf 92' lang='lat' dir='ltr'>l</span> <span class='ocrx_word' id='word_1_565' title='bbox 1396 5222 1451 5275; x_wconf 90' lang='lat' dir='ltr'>p.</span> <span class='ocrx_word' id='word_1_566' title='bbox 1472 5206 1579 5260; x_wconf 72' lang='lat'>418</span> <span class='ocrx_word' id='word_1_567' title='bbox 1607 5221 1695 5275; x_wconf 85' lang='lat' dir='ltr'>sq.</span> 
     </span>
    </p>
   </div>
   <div class='ocr_carea' id='block_1_85' title="bbox 430 5296 1937 5369">
    <p class='ocr_par' dir='ltr' id='par_1_85' title="bbox 430 5296 1937 5369">
     <span class='ocr_line' id='line_1_85' title="bbox 430 5296 1937 5369; baseline 0 -14"><span class='ocrx_word' id='word_1_568' title='bbox 430 5301 503 5369; x_wconf 80' lang='lat'><strong>(3)</strong></span> <span class='ocrx_word' id='word_1_569' title='bbox 531 5300 680 5353; x_wconf 85' lang='lat' dir='ltr'>Hist.</span> <span class='ocrx_word' id='word_1_570' title='bbox 709 5296 875 5355; x_wconf 87' lang='lat' dir='ltr'>Laus.</span> <span class='ocrx_word' id='word_1_571' title='bbox 920 5298 1010 5355; x_wconf 88' lang='lat' dir='ltr'>ed.</span> <span class='ocrx_word' id='word_1_572' title='bbox 1052 5296 1256 5353; x_wconf 83' lang='lat' dir='ltr'>Meurs.</span> <span class='ocrx_word' id='word_1_573' title='bbox 1296 5311 1418 5368; x_wconf 85' lang='lat' dir='ltr'>cap.</span> <span class='ocrx_word' id='word_1_574' title='bbox 1463 5296 1531 5352; x_wconf 77' lang='grc'>12</span> <span class='ocrx_word' id='word_1_575' title='bbox 1562 5297 1699 5366; x_wconf 88' lang='lat' dir='ltr'>Opp.</span> <span class='ocrx_word' id='word_1_576' title='bbox 1729 5298 1937 5356; x_wconf 86' lang='lat' dir='ltr'>Meurs.</span> 
     </span>
    </p>
   </div>
   <div class='ocr_carea' id='block_1_86' title="bbox 363 5391 707 5462">
    <p class='ocr_par' dir='ltr' id='par_1_86' title="bbox 363 5391 707 5462">
     <span class='ocr_line' id='line_1_86' title="bbox 363 5391 707 5462; baseline -0.009 -15"><span class='ocrx_word' id='word_1_577' title='bbox 363 5392 401 5448; x_wconf 87' lang='grc' dir='ltr'>Ι.</span> <span class='ocrx_word' id='word_1_578' title='bbox 424 5392 457 5446; x_wconf 94' lang='lat' dir='ltr'>l.</span> <span class='ocrx_word' id='word_1_579' title='bbox 488 5408 545 5462; x_wconf 91' lang='lat' dir='ltr'>p.</span> <span class='ocrx_word' id='word_1_580' title='bbox 580 5391 707 5445; x_wconf 78' lang='lat'>373.</span> 
     </span>
    </p>
   </div>
   <div class='ocr_carea' id='block_1_87' title="bbox 424 5481 1112 5556">
    <p class='ocr_par' dir='ltr' id='par_1_87' title="bbox 424 5481 1112 5556">
     <span class='ocr_line' id='line_1_87' title="bbox 424 5481 1112 5556; baseline -0.004 -18"><span class='ocrx_word' id='word_1_581' title='bbox 424 5486 499 5556; x_wconf 84' lang='lat'><strong>(4)</strong></span> <span class='ocrx_word' id='word_1_582' title='bbox 528 5484 668 5539; x_wconf 89' lang='lat' dir='ltr'>lbid.</span> <span class='ocrx_word' id='word_1_583' title='bbox 701 5498 823 5553; x_wconf 89' lang='lat' dir='ltr'>cap.</span> <span class='ocrx_word' id='word_1_584' title='bbox 852 5482 876 5536; x_wconf 87' lang='grc'>1</span> <span class='ocrx_word' id='word_1_585' title='bbox 907 5498 960 5554; x_wconf 92' lang='lat' dir='ltr'>p.</span> <span class='ocrx_word' id='word_1_586' title='bbox 991 5481 1112 5537; x_wconf 77' lang='lat'>348.</span> 
     </span>
    </p>
   </div>
   <div class='ocr_carea' id='block_1_88' title="bbox 425 5574 1108 5647">
    <p class='ocr_par' dir='ltr' id='par_1_88' title="bbox 425 5574 1108 5647">
     <span class='ocr_line' id='line_1_88' title="bbox 425 5574 1108 5647; baseline -0.006 -16"><span class='ocrx_word' id='word_1_587' title='bbox 425 5576 503 5647; x_wconf 86' lang='lat'>(5)</span> <span class='ocrx_word' id='word_1_588' title='bbox 535 5574 671 5630; x_wconf 81' lang='lat' dir='ltr'>Ibid.</span> <span class='ocrx_word' id='word_1_589' title='bbox 694 5590 817 5645; x_wconf 88' lang='lat' dir='ltr'>cap.</span> <span class='ocrx_word' id='word_1_590' title='bbox 845 5574 881 5630; x_wconf 91' lang='lat'><strong>8</strong></span> <span class='ocrx_word' id='word_1_591' title='bbox 904 5590 956 5645; x_wconf 89' lang='lat' dir='ltr'>p.</span> <span class='ocrx_word' id='word_1_592' title='bbox 984 5574 1108 5628; x_wconf 76' lang='lat' dir='ltr'>56L</span> 
     </span>
    </p>
   </div>
   <div class='ocr_carea' id='block_1_89' title="bbox 427 5664 1825 5739">
    <p class='ocr_par' dir='ltr' id='par_1_89' title="bbox 427 5664 1825 5739">
     <span class='ocr_line' id='line_1_89' title="bbox 427 5664 1825 5739; baseline 0.004 -21"><span class='ocrx_word' id='word_1_593' title='bbox 427 5670 503 5739; x_wconf 84' lang='lat'><strong>(6)</strong></span> <span class='ocrx_word' id='word_1_594' title='bbox 528 5667 638 5722; x_wconf 80' lang='lat' dir='ltr'>V&#39;V.</span> <span class='ocrx_word' id='word_1_595' title='bbox 670 5666 775 5721; x_wconf 87' lang='lat' dir='ltr'>PP.</span> <span class='ocrx_word' id='word_1_596' title='bbox 805 5669 990 5722; x_wconf 84' lang='lat' dir='ltr'>Rosw.</span> <span class='ocrx_word' id='word_1_597' title='bbox 1018 5666 1109 5721; x_wconf 88' lang='lat' dir='ltr'>lib.</span> <span class='ocrx_word' id='word_1_598' title='bbox 1137 5664 1204 5720; x_wconf 91' lang='grc' dir='ltr'><strong>ΙΙΙ</strong></span> <span class='ocrx_word' id='word_1_599' title='bbox 1237 5682 1358 5736; x_wconf 78' lang='lat' dir='ltr'>cap.</span> <span class='ocrx_word' id='word_1_600' title='bbox 1386 5666 1492 5721; x_wconf 77' lang='grc'>219</span> <span class='ocrx_word' id='word_1_601' title='bbox 1526 5681 1580 5736; x_wconf 90' lang='lat' dir='ltr'>p.</span> <span class='ocrx_word' id='word_1_602' title='bbox 1614 5666 1741 5735; x_wconf 77' lang='lat'>553,</span> <span class='ocrx_word' id='word_1_603' title='bbox 1773 5668 1825 5723; x_wconf 88' lang='grc'>1.</span> 
     </span>
    </p>
   </div>
   <div class='ocr_carea' id='block_1_90' title="bbox 424 5758 1569 5830">
    <p class='ocr_par' dir='ltr' id='par_1_90' title="bbox 424 5758 1569 5830">
     <span class='ocr_line' id='line_1_90' title="bbox 424 5758 1569 5830; baseline -0.003 -16"><span class='ocrx_word' id='word_1_604' title='bbox 424 5762 501 5830; x_wconf 84' lang='grc'>(7)</span> <span class='ocrx_word' id='word_1_605' title='bbox 535 5761 592 5816; x_wconf 92' lang='lat' dir='ltr'>S.</span> <span class='ocrx_word' id='word_1_606' title='bbox 626 5761 855 5829; x_wconf 84' lang='lat' dir='ltr'>Hieron.</span> <span class='ocrx_word' id='word_1_607' title='bbox 884 5758 1022 5828; x_wconf 85' lang='lat' dir='ltr'>Opp.</span> <span class='ocrx_word' id='word_1_608' title='bbox 1049 5760 1135 5814; x_wconf 89' lang='lat' dir='ltr'>ed.</span> <span class='ocrx_word' id='word_1_609' title='bbox 1162 5760 1199 5813; x_wconf 94' lang='lat' dir='ltr'>l.</span> <span class='ocrx_word' id='word_1_610' title='bbox 1223 5760 1288 5813; x_wconf 87' lang='grc' dir='ltr'>Τ.</span> <span class='ocrx_word' id='word_1_611' title='bbox 1316 5758 1334 5810; x_wconf 91' lang='grc'>1</span> <span class='ocrx_word' id='word_1_612' title='bbox 1365 5775 1417 5829; x_wconf 91' lang='lat' dir='ltr'>p.</span> <span class='ocrx_word' id='word_1_613' title='bbox 1444 5760 1569 5813; x_wconf 79' lang='lat'>583.</span> 
     </span>
    </p>
   </div>
   <div class='ocr_carea' id='block_1_91' title="bbox 425 5850 1930 5923">
    <p class='ocr_par' dir='ltr' id='par_1_91' title="bbox 425 5850 1930 5923">
     <span class='ocr_line' id='line_1_91' title="bbox 425 5850 1930 5923; baseline -0.001 -15"><span class='ocrx_word' id='word_1_614' title='bbox 425 5854 502 5923; x_wconf 75' lang='lat'><strong>(8)</strong></span> <span class='ocrx_word' id='word_1_615' title='bbox 537 5852 757 5908; x_wconf 81' lang='lat' dir='ltr'>Sozam.</span> <span class='ocrx_word' id='word_1_616' title='bbox 796 5850 943 5906; x_wconf 77' lang='lat' dir='ltr'>Hist.</span> <span class='ocrx_word' id='word_1_617' title='bbox 977 5850 1122 5905; x_wconf 82' lang='lat' dir='ltr'>Eccl.</span> <span class='ocrx_word' id='word_1_618' title='bbox 1165 5852 1262 5906; x_wconf 87' lang='lat' dir='ltr'>lib.</span> <span class='ocrx_word' id='word_1_619' title='bbox 1298 5850 1368 5905; x_wconf 90' lang='lat' dir='ltr'>lll</span> <span class='ocrx_word' id='word_1_620' title='bbox 1407 5866 1529 5921; x_wconf 89' lang='lat' dir='ltr'>cap.</span> <span class='ocrx_word' id='word_1_621' title='bbox 1578 5850 1645 5905; x_wconf 77' lang='lat' dir='ltr'><strong>i4</strong></span> <span class='ocrx_word' id='word_1_622' title='bbox 1686 5850 1773 5905; x_wconf 87' lang='lat' dir='ltr'>ed.</span> <span class='ocrx_word' id='word_1_623' title='bbox 1805 5850 1842 5905; x_wconf 91' lang='lat' dir='ltr'>l.</span> <span class='ocrx_word' id='word_1_624' title='bbox 1875 5866 1930 5921; x_wconf 88' lang='lat' dir='ltr'>p.</span> 
     </span>
    </p>
   </div>
   <div class='ocr_carea' id='block_1_92' title="bbox 361 5938 1938 6005">
    <p class='ocr_par' dir='ltr' id='par_1_92' title="bbox 361 5938 1938 6005">
     <span class='ocr_line' id='line_1_92' title="bbox 361 5938 1938 6005; baseline -0.006 0"><span class='ocrx_word' id='word_1_625' title='bbox 361 5946 481 6005; x_wconf 76' lang='grc'>520.</span> <span class='ocrx_word' id='word_1_626' title='bbox 530 5949 874 6005; x_wconf 82' lang='lat' dir='ltr'>Edessenum</span> <span class='ocrx_word' id='word_1_627' title='bbox 925 5942 1034 6000; x_wconf 89' lang='lat' dir='ltr'>dici</span> <span class='ocrx_word' id='word_1_628' title='bbox 1073 5944 1352 5999; x_wconf 76' lang='lat' dir='ltr'>existimat</span> <span class='ocrx_word' id='word_1_629' title='bbox 1396 5940 1782 5997; x_wconf 71' lang='lat' dir='ltr'>Tillemoutius</span> <span class='ocrx_word' id='word_1_630' title='bbox 1826 5938 1938 5996; x_wconf 69' lang='lat' dir='ltr'>ue-</span> 
     </span>
    </p>
   </div>
   <div class='ocr_carea' id='block_1_93' title="bbox 2048 4692 3627 4771">
    <p class='ocr_par' dir='ltr' id='par_1_93' title="bbox 2048 4692 3627 4771">
     <span class='ocr_line' id='line_1_93' title="bbox 2048 4692 3627 4771; baseline 0 -18"><span class='ocrx_word' id='word_1_631' title='bbox 2048 4692 2231 4771; x_wconf 90' lang='lat' dir='ltr'>logiis</span> <span class='ocrx_word' id='word_1_632' title='bbox 2268 4692 2635 4768; x_wconf 84' lang='lat' dir='ltr'>[Invectivis]</span> <span class='ocrx_word' id='word_1_633' title='bbox 2684 4692 2893 4754; x_wconf 89' lang='lat' dir='ltr'>laudat</span> <span class='ocrx_word' id='word_1_634' title='bbox 2938 4692 3087 4771; x_wconf 76' lang='lat'><strong>(12),</strong></span> <span class='ocrx_word' id='word_1_635' title='bbox 3122 4693 3467 4771; x_wconf 87' lang='lat' dir='ltr'>Origenista</span> <span class='ocrx_word' id='word_1_636' title='bbox 3495 4695 3627 4753; x_wconf 88' lang='lat' dir='ltr'>Ru-</span> 
     </span>
    </p>
   </div>
   <div class='ocr_carea' id='block_1_94' title="bbox 2049 4792 3627 4874">
    <p class='ocr_par' dir='ltr' id='par_1_94' title="bbox 2049 4792 3627 4874">
     <span class='ocr_line' id='line_1_94' title="bbox 2049 4792 3627 4874; baseline -0.002 -19"><span class='ocrx_word' id='word_1_637' title='bbox 2049 4794 2286 4874; x_wconf 86' lang='lat' dir='ltr'>ﬁnique</span> <span class='ocrx_word' id='word_1_638' title='bbox 2321 4793 2666 4873; x_wconf 89' lang='lat' dir='ltr'>discipulus</span> <span class='ocrx_word' id='word_1_639' title='bbox 2693 4792 2828 4854; x_wconf 91' lang='lat' dir='ltr'>fuit.</span> <span class='ocrx_word' id='word_1_640' title='bbox 2872 4795 3045 4855; x_wconf 89' lang='lat' dir='ltr'>Unus</span> <span class='ocrx_word' id='word_1_641' title='bbox 3075 4794 3264 4871; x_wconf 87' lang='lat' dir='ltr'>igitur</span> <span class='ocrx_word' id='word_1_642' title='bbox 3306 4793 3477 4854; x_wconf 85' lang='lat' dir='ltr'>locus</span> <span class='ocrx_word' id='word_1_643' title='bbox 3524 4809 3627 4852; x_wconf 91' lang='lat' dir='ltr'>re-</span> 
     </span>
    </p>
   </div>
   <div class='ocr_carea' id='block_1_95' title="bbox 2044 4893 3628 4975">
    <p class='ocr_par' dir='ltr' id='par_1_95' title="bbox 2044 4893 3628 4975">
     <span class='ocr_line' id='line_1_95' title="bbox 2044 4893 3628 4975; baseline -0.001 -20"><span class='ocrx_word' id='word_1_644' title='bbox 2044 4901 2185 4968; x_wconf 90' lang='lat' dir='ltr'>stat,</span> <span class='ocrx_word' id='word_1_645' title='bbox 2228 4912 2417 4975; x_wconf 91' lang='lat' dir='ltr'>quem</span> <span class='ocrx_word' id='word_1_646' title='bbox 2446 4894 2825 4957; x_wconf 84' lang='lat' dir='ltr'>diﬂicultatis</span> <span class='ocrx_word' id='word_1_647' title='bbox 2855 4895 3195 4974; x_wconf 88' lang='lat' dir='ltr'>quidquam</span> <span class='ocrx_word' id='word_1_648' title='bbox 3242 4893 3475 4955; x_wconf 90' lang='lat' dir='ltr'>habere</span> <span class='ocrx_word' id='word_1_649' title='bbox 3504 4893 3628 4955; x_wconf 92' lang='lat' dir='ltr'>iam</span> 
     </span>
    </p>
   </div>
   <div class='ocr_carea' id='block_1_96' title="bbox 2043 4994 3626 5076">
    <p class='ocr_par' dir='ltr' id='par_1_96' title="bbox 2043 4994 3626 5076">
     <span class='ocr_line' id='line_1_96' title="bbox 2043 4994 3626 5076; baseline -0.003 -18"><span class='ocrx_word' id='word_1_650' title='bbox 2043 5013 2234 5076; x_wconf 90' lang='lat' dir='ltr'>supra</span> <span class='ocrx_word' id='word_1_651' title='bbox 2266 4996 2627 5058; x_wconf 89' lang='lat' dir='ltr'>monuimus</span> <span class='ocrx_word' id='word_1_652' title='bbox 2663 4994 2810 5075; x_wconf 88' lang='lat'><strong>(13),</strong></span> <span class='ocrx_word' id='word_1_653' title='bbox 2847 4996 3071 5074; x_wconf 89' lang='lat' dir='ltr'>hisque</span> <span class='ocrx_word' id='word_1_654' title='bbox 3103 4994 3455 5073; x_wconf 88' lang='lat' dir='ltr'>concipitur</span> <span class='ocrx_word' id='word_1_655' title='bbox 3485 5010 3626 5053; x_wconf 89' lang='lat' dir='ltr'>ver-</span> 
     </span>
    </p>
   </div>
   <div class='ocr_carea' id='block_1_97' title="bbox 2051 5132 3625 5203">
    <p class='ocr_par' dir='ltr' id='par_1_97' title="bbox 2051 5132 3625 5203">
     <span class='ocr_line' id='line_1_97' title="bbox 2051 5132 3625 5203; baseline -0.001 -14"><span class='ocrx_word' id='word_1_656' title='bbox 2051 5135 2257 5190; x_wconf 87' lang='lat' dir='ltr'>moircs</span> <span class='ocrx_word' id='word_1_657' title='bbox 2284 5133 2349 5189; x_wconf 87' lang='lat' dir='ltr'>T.</span> <span class='ocrx_word' id='word_1_658' title='bbox 2386 5132 2476 5187; x_wconf 61' lang='grc' dir='ltr'>ΥΠ</span> <span class='ocrx_word' id='word_1_659' title='bbox 2502 5133 2561 5188; x_wconf 87' lang='grc' dir='ltr'>Ρ.</span> <span class='ocrx_word' id='word_1_660' title='bbox 2605 5133 2670 5188; x_wconf 90' lang='grc'>111</span> <span class='ocrx_word' id='word_1_661' title='bbox 2694 5151 2745 5203; x_wconf 89' lang='lat' dir='ltr'>p.</span> <span class='ocrx_word' id='word_1_662' title='bbox 2774 5134 2911 5186; x_wconf 87' lang='grc'>1017</span> <span class='ocrx_word' id='word_1_663' title='bbox 2933 5148 3054 5201; x_wconf 80' lang='lat' dir='ltr'>sqq.</span> <span class='ocrx_word' id='word_1_664' title='bbox 3084 5132 3265 5185; x_wconf 87' lang='lat' dir='ltr'>Alium</span> <span class='ocrx_word' id='word_1_665' title='bbox 3293 5133 3521 5188; x_wconf 85' lang='lat' dir='ltr'>iunuere</span> <span class='ocrx_word' id='word_1_666' title='bbox 3547 5134 3625 5188; x_wconf 86' lang='lat' dir='ltr'>vi-</span> 
     </span>
    </p>
   </div>
   <div class='ocr_carea' id='block_1_98' title="bbox 2044 5224 3449 5294">
    <p class='ocr_par' dir='ltr' id='par_1_98' title="bbox 2044 5224 3449 5294">
     <span class='ocr_line' id='line_1_98' title="bbox 2044 5224 3449 5294; baseline -0.001 -13"><span class='ocrx_word' id='word_1_667' title='bbox 2044 5228 2245 5281; x_wconf 87' lang='lat' dir='ltr'>dentur</span> <span class='ocrx_word' id='word_1_668' title='bbox 2273 5226 2418 5280; x_wconf 91' lang='lat' dir='ltr'>docti</span> <span class='ocrx_word' id='word_1_669' title='bbox 2452 5226 2691 5280; x_wconf 88' lang='lat' dir='ltr'>editores</span> <span class='ocrx_word' id='word_1_670' title='bbox 2714 5225 2850 5294; x_wconf 89' lang='lat' dir='ltr'>Opp.</span> <span class='ocrx_word' id='word_1_671' title='bbox 2882 5224 2940 5278; x_wconf 88' lang='lat' dir='ltr'>S.</span> <span class='ocrx_word' id='word_1_672' title='bbox 2972 5224 3192 5279; x_wconf 87' lang='lat' dir='ltr'>Hieron.</span> <span class='ocrx_word' id='word_1_673' title='bbox 3222 5225 3289 5279; x_wconf 89' lang='lat' dir='ltr'>ad</span> <span class='ocrx_word' id='word_1_674' title='bbox 3328 5226 3385 5278; x_wconf 87' lang='lat' dir='ltr'>h.</span> <span class='ocrx_word' id='word_1_675' title='bbox 3413 5227 3449 5279; x_wconf 89' lang='lat' dir='ltr'>l.</span> 
     </span>
    </p>
   </div>
   <div class='ocr_carea' id='block_1_99' title="bbox 2113 5312 3273 5386">
    <p class='ocr_par' dir='ltr' id='par_1_99' title="bbox 2113 5312 3273 5386">
     <span class='ocr_line' id='line_1_99' title="bbox 2113 5312 3273 5386; baseline -0.004 -15"><span class='ocrx_word' id='word_1_676' title='bbox 2113 5318 2189 5386; x_wconf 89' lang='lat'><strong>(9)</strong></span> <span class='ocrx_word' id='word_1_677' title='bbox 2227 5316 2285 5371; x_wconf 92' lang='lat' dir='ltr'>S.</span> <span class='ocrx_word' id='word_1_678' title='bbox 2316 5315 2535 5370; x_wconf 85' lang='lat' dir='ltr'>Hieron.</span> <span class='ocrx_word' id='word_1_679' title='bbox 2566 5316 2705 5385; x_wconf 89' lang='lat' dir='ltr'>Opp.</span> <span class='ocrx_word' id='word_1_680' title='bbox 2740 5318 2827 5370; x_wconf 90' lang='lat' dir='ltr'>ed.</span> <span class='ocrx_word' id='word_1_681' title='bbox 2855 5314 2893 5367; x_wconf 94' lang='lat' dir='ltr'>l.</span> <span class='ocrx_word' id='word_1_682' title='bbox 2920 5312 2982 5369; x_wconf 88' lang='grc' dir='ltr'>Τ.</span> <span class='ocrx_word' id='word_1_683' title='bbox 3017 5315 3031 5367; x_wconf 98' lang='lat' dir='ltr'>l</span> <span class='ocrx_word' id='word_1_684' title='bbox 3070 5331 3121 5385; x_wconf 90' lang='lat' dir='ltr'>p.</span> <span class='ocrx_word' id='word_1_685' title='bbox 3147 5315 3273 5369; x_wconf 84' lang='lat'>890.</span> 
     </span>
    </p>
   </div>
   <div class='ocr_carea' id='block_1_100' title="bbox 2110 5403 3625 5478">
    <p class='ocr_par' dir='ltr' id='par_1_100' title="bbox 2110 5403 3625 5478">
     <span class='ocr_line' id='line_1_100' title="bbox 2110 5403 3625 5478; baseline -0.007 -15"><span class='ocrx_word' id='word_1_686' title='bbox 2110 5409 2223 5478; x_wconf 90' lang='grc'><strong>(10)</strong></span> <span class='ocrx_word' id='word_1_687' title='bbox 2265 5409 2324 5463; x_wconf 90' lang='lat' dir='ltr'>S.</span> <span class='ocrx_word' id='word_1_688' title='bbox 2359 5408 2584 5464; x_wconf 85' lang='lat' dir='ltr'>Hieron.</span> <span class='ocrx_word' id='word_1_689' title='bbox 2612 5408 2753 5477; x_wconf 86' lang='lat' dir='ltr'>Opp.</span> <span class='ocrx_word' id='word_1_690' title='bbox 2774 5406 2860 5461; x_wconf 84' lang='lat' dir='ltr'>ed.</span> <span class='ocrx_word' id='word_1_691' title='bbox 2884 5405 3083 5461; x_wconf 82' lang='lat' dir='ltr'>Beued.</span> <span class='ocrx_word' id='word_1_692' title='bbox 3114 5405 3177 5461; x_wconf 88' lang='grc' dir='ltr'>Τ.</span> <span class='ocrx_word' id='word_1_693' title='bbox 3206 5403 3271 5457; x_wconf 87' lang='lat' dir='ltr'>lV</span> <span class='ocrx_word' id='word_1_694' title='bbox 3296 5403 3409 5457; x_wconf 86' lang='lat' dir='ltr'>P.ll</span> <span class='ocrx_word' id='word_1_695' title='bbox 3443 5404 3625 5473; x_wconf 76' lang='lat' dir='ltr'>p.782.</span> 
     </span>
    </p>
   </div>
   <div class='ocr_carea' id='block_1_101' title="bbox 2105 5497 3625 5571">
    <p class='ocr_par' dir='ltr' id='par_1_101' title="bbox 2105 5497 3625 5571">
     <span class='ocr_line' id='line_1_101' title="bbox 2105 5497 3625 5571; baseline 0.001 -17"><span class='ocrx_word' id='word_1_696' title='bbox 2105 5501 2215 5571; x_wconf 86' lang='grc'>(11)</span> <span class='ocrx_word' id='word_1_697' title='bbox 2243 5500 2338 5568; x_wconf 88' lang='lat' dir='ltr'>Ep.</span> <span class='ocrx_word' id='word_1_698' title='bbox 2364 5501 2456 5564; x_wconf 86' lang='lat'>80,</span> <span class='ocrx_word' id='word_1_699' title='bbox 2476 5501 2535 5555; x_wconf 85' lang='lat' dir='ltr'>S.</span> <span class='ocrx_word' id='word_1_700' title='bbox 2554 5499 2932 5569; x_wconf 89' lang='lat' dir='ltr'>Hieron.0pp.</span> <span class='ocrx_word' id='word_1_701' title='bbox 2958 5501 3047 5555; x_wconf 87' lang='lat' dir='ltr'>ed.</span> <span class='ocrx_word' id='word_1_702' title='bbox 3071 5500 3247 5569; x_wconf 79' lang='lat' dir='ltr'>Migne</span> <span class='ocrx_word' id='word_1_703' title='bbox 3271 5497 3334 5554; x_wconf 88' lang='grc' dir='ltr'>Τ.</span> <span class='ocrx_word' id='word_1_704' title='bbox 3363 5498 3382 5551; x_wconf 92' lang='grc' dir='ltr'><strong>Ι</strong></span> <span class='ocrx_word' id='word_1_705' title='bbox 3415 5515 3467 5567; x_wconf 92' lang='lat' dir='ltr'>p.</span> <span class='ocrx_word' id='word_1_706' title='bbox 3502 5500 3625 5555; x_wconf 78' lang='lat'>7&#39;53.</span> 
     </span>
    </p>
   </div>
   <div class='ocr_carea' id='block_1_102' title="bbox 2108 5590 3625 5666">
    <p class='ocr_par' dir='ltr' id='par_1_102' title="bbox 2108 5590 3625 5666">
     <span class='ocr_line' id='line_1_102' title="bbox 2108 5590 3625 5666; baseline -0.001 -20"><span class='ocrx_word' id='word_1_707' title='bbox 2108 5593 2222 5661; x_wconf 75' lang='grc'><strong>(12)</strong></span> <span class='ocrx_word' id='word_1_708' title='bbox 2254 5594 2438 5648; x_wconf 79' lang='lat' dir='ltr'>Ruﬁni</span> <span class='ocrx_word' id='word_1_709' title='bbox 2470 5593 2629 5664; x_wconf 85' lang='lat' dir='ltr'>Apol.</span> <span class='ocrx_word' id='word_1_710' title='bbox 2663 5591 2986 5666; x_wconf 78' lang='lat' dir='ltr'>[lnvectiva]</span> <span class='ocrx_word' id='word_1_711' title='bbox 3023 5594 3075 5645; x_wconf 93' lang='lat' dir='ltr'>in</span> <span class='ocrx_word' id='word_1_712' title='bbox 3123 5592 3180 5645; x_wconf 89' lang='lat' dir='ltr'>S.</span> <span class='ocrx_word' id='word_1_713' title='bbox 3235 5590 3625 5661; x_wconf 85' lang='lat' dir='ltr'>Hieronymum</span> 
     </span>
    </p>
   </div>
   <div class='ocr_carea' id='block_1_103' title="bbox 2031 5679 3623 5755">
    <p class='ocr_par' dir='ltr' id='par_1_103' title="bbox 2031 5679 3623 5755">
     <span class='ocr_line' id='line_1_103' title="bbox 2031 5679 3623 5755; baseline -0.002 -15"><span class='ocrx_word' id='word_1_714' title='bbox 2031 5685 2128 5740; x_wconf 91' lang='lat' dir='ltr'>lib.</span> <span class='ocrx_word' id='word_1_715' title='bbox 2172 5683 2334 5751; x_wconf 82' lang='lat' dir='ltr'>lcap.</span> <span class='ocrx_word' id='word_1_716' title='bbox 2372 5685 2461 5749; x_wconf 86' lang='grc'>11,</span> <span class='ocrx_word' id='word_1_717' title='bbox 2498 5684 2637 5755; x_wconf 90' lang='lat' dir='ltr'>Opp.</span> <span class='ocrx_word' id='word_1_718' title='bbox 2682 5684 2772 5740; x_wconf 87' lang='lat' dir='ltr'>ed.</span> <span class='ocrx_word' id='word_1_719' title='bbox 2805 5681 3038 5737; x_wconf 75' lang='lat' dir='ltr'>Vallarsi</span> <span class='ocrx_word' id='word_1_720' title='bbox 3072 5697 3126 5752; x_wconf 90' lang='lat' dir='ltr'>p.</span> <span class='ocrx_word' id='word_1_721' title='bbox 3171 5681 3307 5743; x_wconf 71' lang='lat' dir='ltr'>3H5,</span> <span class='ocrx_word' id='word_1_722' title='bbox 3352 5679 3530 5750; x_wconf 81' lang='lat' dir='ltr'>Migne</span> <span class='ocrx_word' id='word_1_723' title='bbox 3565 5698 3623 5754; x_wconf 89' lang='lat' dir='ltr'>p.</span> 
     </span>
    </p>
   </div>
   <div class='ocr_carea' id='block_1_104' title="bbox 2036 5772 3511 5849">
    <p class='ocr_par' dir='ltr' id='par_1_104' title="bbox 2036 5772 3511 5849">
     <span class='ocr_line' id='line_1_104' title="bbox 2036 5772 3511 5849; baseline -0.004 -17"><span class='ocrx_word' id='word_1_724' title='bbox 2036 5777 2180 5841; x_wconf 80' lang='lat'>548;</span> <span class='ocrx_word' id='word_1_725' title='bbox 2224 5774 2283 5831; x_wconf 90' lang='lat' dir='ltr'>S.</span> <span class='ocrx_word' id='word_1_726' title='bbox 2326 5776 2547 5833; x_wconf 86' lang='lat' dir='ltr'>llieron.</span> <span class='ocrx_word' id='word_1_727' title='bbox 2583 5774 2723 5849; x_wconf 88' lang='lat' dir='ltr'>Opp.</span> <span class='ocrx_word' id='word_1_728' title='bbox 2767 5776 2855 5832; x_wconf 83' lang='lat' dir='ltr'>ed.</span> <span class='ocrx_word' id='word_1_729' title='bbox 2901 5774 3104 5839; x_wconf 73' lang='lat' dir='ltr'>Beued.</span> <span class='ocrx_word' id='word_1_730' title='bbox 3140 5773 3176 5828; x_wconf 92' lang='grc' dir='ltr'>Ι.</span> <span class='ocrx_word' id='word_1_731' title='bbox 3205 5773 3243 5828; x_wconf 92' lang='grc'>1.</span> <span class='ocrx_word' id='word_1_732' title='bbox 3289 5788 3342 5844; x_wconf 85' lang='lat' dir='ltr'>p.</span> <span class='ocrx_word' id='word_1_733' title='bbox 3385 5772 3511 5829; x_wconf 73' lang='lat'>360.</span> 
     </span>
    </p>
   </div>
   <div class='ocr_carea' id='block_1_105' title="bbox 2112 5868 2548 5943">
    <p class='ocr_par' dir='ltr' id='par_1_105' title="bbox 2112 5868 2548 5943">
     <span class='ocr_line' id='line_1_105' title="bbox 2112 5868 2548 5943; baseline 0.002 -20"><span class='ocrx_word' id='word_1_734' title='bbox 2112 5868 2227 5942; x_wconf 83' lang='grc'><strong>(15)</strong></span> <span class='ocrx_word' id='word_1_735' title='bbox 2255 5869 2339 5926; x_wconf 82' lang='lat' dir='ltr'>Cf.</span> <span class='ocrx_word' id='word_1_736' title='bbox 2369 5886 2422 5943; x_wconf 88' lang='lat' dir='ltr'>p.</span> <span class='ocrx_word' id='word_1_737' title='bbox 2456 5870 2548 5925; x_wconf 79' lang='lat'>&#39;53.</span> 
     </span>
    </p>
   </div>
  </div>
