4046 6520
483 438 586 490 Ηθ
1320 436 1420 491 SS.
1462 436 1928 492 MACARIORUM
1969 438 2288 494 AECYPTII
2323 439 2409 493 ET
2437 439 2901 494 ALEXANDRINI
3732 433 3848 489 τεο

466 545 563 613 bis
593 562 609 606 :
648 566 678 602 α
708 547 954 607 Amatas
987 561 1134 606 vero
1159 551 1221 606 et
1258 544 1560 606 Macarius
1590 545 1883 625 discipuli
1911 549 2040 607 Au-
2072 555 2119 609 A
2145 548 2408 609 fortasse
2436 554 2544 609 aut
2573 548 2696 610 alio
2723 548 2945 627 quovis
2975 546 3225 608 Antonii
3244 543 3641 624 discipulo
3666 560 3847 606 con-

470 644 652 719 tonii,
677 662 711 707 e
734 645 960 723 quibus
985 644 1272 723 superior
1286 644 1564 721 magistri
1593 660 1827 723 corpus
1856 661 2044 723 sepe-
2150 648 2420 720 cinnata,
2451 647 2560 724 qui
2577 646 2723 707 ideo
2743 646 3086 724 scripserit,
3121 649 3437 707 Amatam
3480 650 3563 705 et
3594 643 3842 704 Maca-

470 744 624 819 livit,
654 746 840 808 etiam
878 764 1045 807 nunc
1076 744 1403 818 afﬁrmant,
1434 744 1692 805 Paulum
1732 746 2049 823 quendam
2151 746 2310 807 rium
2364 746 2714 805 etiamnunc
2770 746 3032 806 Paulum
3080 744 3375 823 primum
3441 741 3840 803 eremitam

454 846 832 911 .Thebaeum
866 846 1217 925 principem
1248 844 1425 905 istius
1469 844 1557 904 rei
1603 844 1785 919 [vitae
1823 861 2048 905 mona-
2152 846 2538 921 praedicare.
2582 845 2706 906 Sed
2745 862 2988 919 vereor,
3018 863 3100 907 ne
3126 846 3242 907 viri
3271 843 3487 907 docti
3537 858 3839 904 errave-

470 943 940 1019 chicaelfuisse,
972 960 1103 1004 non
1134 942 1438 1011 nominis;
1471 959 1658 1020 quam
1681 942 2051 1021 Opinionem
2153 945 2298 1007 rint.
2338 946 2492 1007 Nam
2512 944 2617 1006 illa
2646 945 2833 1006 verba
2854 944 2916 1006 in
2940 962 3166 1023 graeco
3198 943 3465 1022 legeris
3499 946 3801 1022 oportet
3822 957 3836 971 ’

472 1061 588 1104 nos
616 1060 874 1123 quoque
906 1043 1244 1123 probamus
1285 1041 1390 1121 (1).
1419 1064 1447 1095 υ
1470 1040 1737 1103 Eosdem
1768 1040 2047 1120 discipu-

2254 1057 2417 1120 αὑτός
2452 1074 2543 1127 μοι
2572 1057 2893 1127 διηγήσατο,
2926 1061 3041 1125 pro
3072 1044 3301 1124 quibus
3334 1045 3418 1105 S.
3448 1043 3835 1119 Hierony-

473 1142 568 1203 los
624 1144 811 1205 ambo
869 1142 1229 1222 sepelivisse
1281 1140 1622 1202 Antonium
1664 1139 1933 1217 legimus
1984 1140 2054 1203 in
2155 1145 2499 1207 mushabet
2531 1164 2545 1206 :
2576 1151 2699 1209 «ut
2728 1146 2865 1224 ipse
2893 1159 3175 1206 asserere
3211 1141 3523 1204 solebat.
3576 1163 3612 1195 ι
3664 1140 3836 1212 Quis

474 1244 744 1306 Historia
764 1244 1057 1305 Lausiaca
1096 1241 1201 1322 (2),
1244 1241 1437 1303 multo
1457 1250 1600 1321 post
1612 1241 1797 1302 vitam
1818 1242 1880 1301 8.
1900 1242 2057 1303 Pau-
2155 1244 2344 1321 igitur
2373 1261 2500 1305 non
2520 1244 2753 1317 credat,
2776 1244 2845 1305 in
2871 1242 3090 1307 codice
3118 1256 3378 1319 graeco,
3414 1239 3835 1303 editoribus

476 1343 543 1413 li,
567 1346 632 1406 in
658 1363 781 1424 qua
800 1345 987 1405 verba
1008 1343 1113 1405 illa
1142 1343 1473 1415 habentur,
1515 1343 1681 1405 edita
1726 1342 2059 1421 (3).Quan—
2158 1342 2913 1425 testibus,mendis,quae
2958 1360 3039 1405 ne
3069 1343 3191 1423 ipsi
3233 1342 3538 1422 quidem
3583 1341 3829 1403 omnia

478 1463 668 1525 quam
701 1446 768 1506 in
802 1445 1042 1506 duabus
1075 1444 1355 1506 eiusdem
1390 1446 1451 1504 S.
1482 1443 1657 1505 Pauli
1684 1444 1922 1521 graecis
1963 1442 2055 1505 vi-
2161 1452 2601 1524 expunxerunt
2682 1446 2750 1507 in
2818 1444 3108 1506 versione
3160 1461 3272 1505 sua
3324 1441 3465 1521 (8),
3534 1448 3825 1504 scaten-

477 1547 578 1617 tis,
600 1564 756 1626 quas
784 1546 863 1608 ab
893 1544 1383 1624 Hieronymiana
1413 1543 1727 1623 profectas
1753 1559 1891 1605 esse
1919 1558 2063 1623 pro-
2160 1550 2223 1605 te
2262 1543 2371 1624 (9),
2395 1562 2511 1625 pro
2546 1571 2635 1624 μοι
2679 1543 3017 1623 legendum
3048 1562 3186 1607 esse
3220 1545 3349 1625 μένι
3396 1546 3562 1618 Quo
3584 1544 3822 1625 posito

477 1644 789 1713 babimus,
821 1648 1076 1706 Amatae
1108 1651 1168 1705 et
1196 1644 1446 1706 Macarii
1473 1643 1802 1705 nominum
1824 1642 2061 1706 mentio
2162 1644 2316 1707 nihil
2339 1645 2622 1725 profecto
2656 1653 2966 1725 superest,
3000 1664 3114 1709 cur
3132 1664 3271 1707 eam
3295 1646 3819 1724 Hieronymia-

485 1763 613 1807 non
635 1746 1034 1808 ﬁt.Erasmus
1054 1746 1308 1826 quidem
1336 1746 1600 1815 monuit,
1634 1745 1795 1807 vitae
1824 1746 1886 1806 8.
1910 1746 2065 1809 Pau-
2165 1761 2246 1805 na
2319 1744 2740 1823 antiquiorem
2797 1745 3051 1806 dixeris.
3125 1744 3410 1806 Alteram
3485 1760 3817 1823 graecam

479 1847 526 1908 li
556 1847 935 1928 exemplaria
954 1849 1041 1911 ita
1063 1850 1229 1910 inter
1247 1866 1314 1910 se
1343 1846 1808 1928 discrepare,ut
1834 1848 1896 1907 S.
1920 1848 2065 1909 Hie—
2102 1883 2140 1938 Β
2170 1846 2232 1906 8.
2276 1845 2452 1907 Pauli
2472 1846 2682 1919 vitam,
2713 1846 2999 1909 Bavarica
3032 1846 3137 1909 illa
3178 1852 3239 1909 et
3262 1847 3414 1925 ipsa
3448 1847 3814 1923 Hierony-

481 1967 784 2028 ronymus
812 1951 949 2031 ipse
978 1950 1147 2013 idem
1174 1956 1613 2029 argumentum
1646 1949 1896 2029 saepius
1924 1949 2060 2011 aliis
2165 1943 2372 2005 miana
2405 1942 2906 2023 locupletiorem,
2947 1944 3061 2006 sed
3107 1944 3188 2007 ab
3231 1944 3809 2023 Hieronymiana.

481 2050 695 2129 verbis.
715 2056 1008 2112 tractasse
1029 2056 1134 2111 aut
1162 2050 1319 2111 alius
1352 2049 1472 2111 hoc
1502 2049 1726 2112 fecisse
1755 2050 2058 2113 videatur.
2166 2049 2237 2105 ut
2281 2043 2462 2106 facile
2509 2043 2738 2118 elucet,
2790 2044 3156 2123 profectam,
3216 2045 3284 2106 in
3339 2045 3603 2108 codice
3657 2046 3814 2107 Cae-

484 2155 618 2225 Quo
668 2150 834 2214 facto
873 2151 1332 2213 Centuriatores
1374 2151 1943 2230 Magdeburgenses
1985 2170 2062 2215 eo
2170 2163 2348 2209 sareo
2378 2146 2852 2208 Vindobonensi
2881 2146 3001 2226 ipsi
3027 2146 3332 2208 adivimus
3356 2146 3531 2225 (10),
3558 2147 3635 2209 in
3668 2164 3805 2228 quo

485 2251 848 2315 temeritatis
921 2253 1238 2334 progressi
1296 2259 1464 2326 sunt,
1522 2259 1592 2315 ut
1651 2254 1837 2315 vitam
1894 2254 2064 2321 illam
2173 2245 2350 2308 locus
2377 2246 3493 2327 illedeS-Antoniil27d1'56ip01is
3525 2248 3641 2311 his
3662 2267 3809 2312 ver-

458 2426 461 2427 ,
488 2358 914 2417 commentum
936 2353 1273 2417 exercendi
1302 2353 1541 2432 ingenii
1572 2371 1781 2427 causa,
1801 2372 1930 2416 non
1963 2372 2056 2418 se-

2217 2345 2270 2405 is
2289 2362 2356 2407 se
2386 2346 2607 2407 offert:
2662 2357 2949 2411 Ἀντωνιου
2997 2356 3107 2427 γὰρ
3144 2355 3225 2409 ἔτι
3268 2356 3365 2409 καὶ
3415 2357 3695 2428 σήμερον
3747 2355 3814 2409 ol-

488 2457 582 2518 rio
604 2474 637 2518 a
668 2457 729 2516 S.
751 2456 1138 2534 Hieronymo
1168 2455 1599 2535 conscriptum
1652 2456 1923 2518 dixerint
1959 2456 2064 2537 (4).

2202 2458 2429 2527 ωιτηταὶ
2462 2460 2761 2529 περιόντες,
2779 2460 2868 2528 ὑφ’
2889 2452 2965 2512 ὧν
2994 2461 3201 2522 ἐκεῖνος
3225 2458 3323 2511 καὶ
3342 2458 3541 2528 τάφου
3572 2458 3800 2528 ἔτυχεν,

494 2557 653 2626 126
697 2553 817 2615 Sed
862 2555 1232 2616 Rosweidus
1290 2557 1455 2618 bene
1492 2556 1945 2631 animadvertit,
2002 2574 2070 2620 se

2195 2562 2331 2615 ιύτοὶ
2386 2562 2725 2633 βεϐαιοῦσιν,
2771 2564 2983 2619 Παῦλόν
3027 2582 3147 2617 τινα
3204 2563 3478 2639 Θηϐαῖον⁹
3516 2581 3579 2618 κ.
3642 2580 3700 2617 τ.
3743 2561 3793 2614 λ.

489 2653 748 2729 quidem
777 2662 1012 2718 tantam
1042 2656 1401 2718 varietatem
1431 2674 1562 2719 non
1597 2657 1911 2720 invenisse
1959 2658 2068 2739 (5),
2178 2654 2379 2725 Quare
2399 2654 2535 2717 iure
2555 2655 2923 2729 dubites,an
2942 2656 3202 2718 omnino
3219 2656 3497 2717 nomina
3527 2657 3797 2716 Amatae

490 2746 659 2808 idem
690 2751 862 2829 quod
905 2756 965 2813 et
1016 2752 1356 2814 Bollandus
1393 2760 1583 2833 atque
1631 2756 2073 2820 Henschenius
2181 2762 2243 2814 et
2278 2755 2548 2829 Macarii,
2575 2755 3026 2835 discipulorum
3067 2756 3129 2816 S.
3162 2754 3449 2830 Antonii,
3482 2753 3794 2833 primitus

493 2864 572 2906 ex
614 2856 857 2928 septem
899 2856 1121 2913 octove
1160 2851 1424 2914 aliorum
1465 2854 1755 2917 codicum
1792 2864 2074 2923 veterum
2179 2854 2245 2915 in
2265 2861 2437 2915 textu
2468 2858 2527 2916 S.
2555 2857 2921 2935 Hieronymi
2952 2856 3322 2919 exstiterint.

496 2947 620 3009 ﬁde
672 2959 1074 3013 asserueth
1116 2952 1224 3031 (6),
1267 2960 1327 3015 et
1364 2954 1487 3034 ipsi
1536 2957 1902 3019 examinatis
1930 2956 2075 3037 qui-
2259 2955 2841 3034 Quomodocunque
2869 2972 3017 3017 vero
3045 2955 3108 3017 id
3137 2971 3207 3015 se
3239 2954 3460 3028 habet,
3494 2956 3786 3016 Amatam

495 3050 755 3115 busdam
832 3052 1156 3115 codicibus
1218 3057 1724 3135 comprobamus.
1802 3059 2076 3121 Graecae
2183 3058 2246 3113 et
2293 3055 2626 3116 Macarium
2678 3055 2956 3133 insignes
3004 3056 3067 3115 S.
3118 3053 3375 3115 Antonii
3422 3048 3786 3131 discipulos

496 3168 647 3212 vero
683 3150 846 3213 duae
875 3154 936 3212 S.
973 3153 1144 3215 Pauli
1176 3154 1334 3216 vitae
1366 3155 1557 3217 modo
1586 3174 1729 3219 cum
1760 3158 2075 3235 Hierony-
2184 3154 2398 3227 fuisse,
2434 3172 2561 3216 non
2605 3156 2808 3218 solum
2840 3173 2917 3217 ex
2962 3155 3263 3229 Palladio,
3311 3154 3427 3216 sed
3469 3153 3669 3215 etiam
3707 3166 3781 3212 ex

500 3252 706 3313 miana
759 3254 1121 3327 concinunt,
1182 3254 1373 3317 modo
1434 3256 1512 3317 ab
1561 3274 1635 3320 ea
1697 3257 2076 3338 discrepant,
2104 3246 2148 3305 Ο
2181 3256 2243 3315 8.
2278 3254 2648 3333 Hieronymi
2687 3254 2995 3318 Chronico
3033 3262 3298 3327 constat,
3330 3253 3399 3315 in
3444 3269 3584 3332 quo
3614 3250 3693 3312 ad
3720 3266 3775 3310 a.

501 3352 801 3431 ipsaeque
830 3353 993 3415 inter
1024 3372 1091 3416 se
1124 3373 1381 3435 perraro
1401 3357 1805 3419 conveniunt.
1829 3361 1917 3419 Ex
1946 3360 2083 3438 qui—
2181 3355 2317 3414 XIX
2347 3354 2689 3415 Constantii
2716 3354 3041 3417 iuniorisi.
3067 3371 3188 3416 8.8.
3222 3352 3334 3415 359
3359 3352 3523 3431 legis
3548 3367 3563 3411 ἒ
3592 3374 3621 3405 α
3645 3350 3777 3411 Sal“

502 3450 620 3512 bus
651 3451 843 3513 altera
870 3452 1174 3515 Bollando
1206 3460 1268 3515 et
1296 3455 1722 3531 Henschenio,
1756 3458 1864 3535 qui
1885 3476 2023 3520 eam
2046 3476 2080 3520 e
2183 3459 2345 3513 mata
2366 3499 2381 3526 ,
2419 3456 2663 3514 Amatas
2708 3460 2771 3514 et
2831 3453 3135 3515 Macarius
3179 3451 3479 3531 discipuli
3522 3445 3774 3511 Antonii

505 3551 725 3613 codice
771 3553 1063 3615 Bavarico
1105 3572 1331 3633 graeco
1389 3573 1695 3636 perquam
1754 3558 1978 3620 vitioso
2018 3559 2078 3620 in
2182 3550 2462 3629 insignes
2492 3550 2805 3613 habentur
2831 3550 2981 3631 (11).
3024 3575 3053 3607 ιο

504 3648 766 3710 latinum
798 3667 1155 3712 sermonem
1193 3668 1557 3713 conversam
1604 3651 1954 3727 ediderunt,
2001 3652 2083 3713 ob
2264 3654 2480 3731 Itaque
2510 3653 2849 3731 quaeritur,
2874 3670 3025 3713 num
3045 3652 3347 3715 Macarius
3369 3649 3643 3730 insignis
3670 3645 3769 3707 hic

506 3750 692 3812 verba
715 3768 876 3830 quae
911 3752 1229 3814 continet:
1270 3774 1298 3809 α
1326 3758 1397 3813 ut
1424 3752 1693 3833 ipsemet
1730 3751 2081 3834 (Antonius)
2191 3753 2255 3814 S.
2285 3753 2535 3814 Antonii
2564 3754 2908 3833 discipulus
2935 3770 3098 3814 unus
3134 3770 3211 3814 ex
3239 3753 3474 3816 nostris
3497 3745 3770 3813 Macariis

508 3850 663 3911 mihi
717 3852 987 3913 narravit
1032 3852 1183 3932 (7),»
1248 3852 1739 3932 Hieronymiana
1760 3853 1935 3915 Pauli
1963 3853 2086 3915 vita
2191 3851 2413 3915 fuerit?
2444 3853 2566 3915 Sed
2597 3872 2741 3916 eum
2770 3871 2806 3916 a
2830 3854 3057 3915 nostris
3093 3852 3375 3916 Macariis
3412 3853 3615 3934 probe
3642 3847 3763 3910 dis-

510 3949 825 4031 antiquior
853 3951 984 4013 visa
1012 3958 1127 4026 est,
1152 3952 1318 4017 etab
1336 3951 1476 4032 ipso
1496 3956 1713 4015 Amata
1738 3954 2086 4016 Macariove
2194 3953 2580 4014 cernendum
2625 3968 2794 4027 esse,
2843 3951 2966 4014 iam
3030 3968 3219 4031 supra
3265 3950 3473 4017 obiter
3520 3943 3763 4011 monui-

590 4239 664 4313 (l)
700 4239 756 4295 S.
786 4239 1009 4296 Hieron.
1037 4238 1173 4310 Opp.
1198 4239 1287 4295 ed.
1317 4238 1518 4296 Bened.
1548 4238 1613 4296 T.
1639 4238 1704 4293 lV
1728 4238 1789 4296 P.
1827 4237 1870 4293 ll
1903 4254 1957 4309 p.
2002 4239 2091 4295 69.
2199 4241 2584 4296 cumstantibus
2627 4251 2677 4295 et
2707 4242 2949 4310 Epistola
2986 4240 3051 4297 R.
3095 4241 3163 4296 P.
3203 4240 3423 4301 Claudii
3451 4238 3663 4303 Sicci-di
3701 4232 3753 4290 S.

588 4334 669 4404 (‘2)
694 4334 779 4387 Cf.
816 4347 980 4403 supra
1005 4350 1057 4403 p.
1087 4334 1204 4388 107.
2202 4331 2252 4387 Ι.
2289 4334 2563 4389 Missionis
2609 4337 2897 4406 Aegyptiae
2944 4334 3229 4401 superioris
3277 4334 3342 4386 de
3379 4351 3479 4389 suo
3512 4348 3605 4402 per
3629 4329 3756 4394 infe‘

542 4430 545 4437 λ
592 4428 668 4495 (5)
702 4426 758 4479 S.
792 4425 1108 4495 Hieronymi
1146 4426 1313 4479 vitam
1343 4423 1403 4479 S.
1438 4422 1592 4478 Pauli
1628 4424 1788 4494 primi
1836 4422 2097 4477 eremitae
2202 4427 2396 4480 riorem
2434 4427 2747 4481 Thebaidem
2792 4426 3031 4495 confecto
3071 4426 3258 4479 itinere
3299 4423 3655 4491 hodieruoque
3680 4434 3754 4472 re-

516 4518 755 4573 editores
785 4516 1120 4571 Benedictini
1148 4517 1297 4570 circa
1325 4532 1374 4570 a.
1409 4516 1514 4570 365
1538 4516 1800 4584 scriptam
1832 4530 1956 4569 esse
1982 4514 2099 4568 exi-
2203 4535 2320 4572 rum
2390 4529 2533 4573 stum
2598 4520 3087 4587 antiquissimorum
3162 4519 3603 4572 monasteriorum
3659 4509 3755 4565 SS.

520 4612 764 4666 stimant.
797 4609 884 4664 Cl.
923 4608 981 4663 S.
1018 4607 1243 4665 Hieron.
1272 4608 1413 4679 Opp.
1450 4608 1537 4663 ed.
1572 4607 1772 4661 Bened.
1814 4607 1852 4661 l.
1897 4607 1933 4662 Ι.
2126 4623 2175 4681 ι)
2206 4610 2370 4664 Pauli
2402 4621 2450 4663 et
2487 4609 3097 4676 Antonii,consimilibus
3140 4611 3278 4664 notis
3313 4620 3492 4675 aucta,
3523 4624 3623 4678 qua
3650 4619 3755 4675 per-

593 4703 670 4772 (4)
704 4702 859 4756 Cent.
889 4698 978 4763 IV,
1007 4700 1095 4754 10.
2208 4704 2378 4754 multa
2418 4702 2471 4753 in
2518 4702 2798 4754 antedictis
2839 4703 2985 4755 Actis
3016 4702 3267 4755 hactenus
3304 4700 3527 4755 obscura
3550 4711 3596 4752 et
3628 4695 3755 4749 alia:

593 4794 672 4865 (5)
712 4791 773 4847 In
814 4794 983 4846 vitam
1023 4789 1082 4845 S.
1127 4789 1309 4843 Pauli.
1356 4798 1472 4843 not.
1522 4786 1716 4853 μην.
1767 4786 1875 4841 ΡΡ.
1911 4785 2098 4842 ROSW.
2205 4794 2475 4861 incognita
2524 4794 2901 4856 illustrantur;
2960 4792 3137 4846 studio
3194 4802 3241 4845 et
3303 4809 3461 4861 opera
3516 4786 3753 4844 Matt/tiae

524 4905 575 4959 p.
622 4887 708 4941 21.

2206 4886 2521 4939 Fuhrmann
2554 4888 2672 4939 0rd.
2709 4885 2879 4938 eiusd.
2911 4882 2968 4937 S.
3005 4882 3165 4936 Pauli
3197 4884 3355 4951 primi
3383 4882 3619 4936 eremitae
3645 4891 3750 4945 μνο-

594 4980 670 5047 (6)
696 4978 811 5032 AA.
840 4975 941 5031 SS.
978 4974 1114 5031 Boll.
1148 4976 1264 5031 lan.
1297 4972 1361 5028 T.
1390 4973 1405 5026 |
1450 4989 1502 5042 p.
1528 4972 1653 5025 602.
2180 5010 2183 5013 -

2180 4980 2409 5031 -υἱησὶαε
2467 4977 2714 5030 Austriae
2782 4976 3096 5029 sacerdotis.
3148 4973 3451 5028 Neostadii.
3527 4967 3751 5026 Austriae

596 5069 835 5137 (7)1bid.
863 5085 916 5137 p.
943 5068 1066 5123 605.

2210 5069 2369 5123 1760.
2423 5068 2697 5123 Kollarius
2730 5067 3013 5135 (Lambec.
3061 5065 3391 5121 Commeatt.
3427 5065 3464 5119 ι.
3508 5064 3542 5119 l.
3580 5075 3630 5130 p.
3662 5053 3749 5109 719

595 5164 670 5233 (8)
708 5162 1036 5218 Lambecius
1079 5161 1413 5218 Commentt;
1458 5159 1546 5213 ed.
1595 5158 1765 5210 altera
1796 5155 1861 5208 T-
1890 5152 2006 5208 Vl"
2049 5171 2103 5226 ρ.
2209 5163 2349 5231 not.)
2385 5169 2558 5223 notat,
2588 5159 2884 5215 editionem
2931 5159 3072 5213 hanc
3111 5158 3413 5229 puerilibus
3454 5164 3653 5212 scatere
3675 5162 3751 5203 er-

529 5257 654 5310 ‘t'zl.
2210 5252 2454 5315 roribus,
2481 5260 2647 5320 atque
2671 5251 3028 5320 interpretem
3066 5250 3402 5305 coniecturis
3429 5248 3597 5319 potius
3627 5240 3747 5299 suis.

602 5346 676 5418 (9)
703 5344 817 5399 AA.
862 5342 962 5398 SS.
1005 5343 1144 5398 Boll.
1188 5345 1224 5398 l.
1262 5345 1298 5399 l.
1332 5360 1386 5414 p.
1423 5342 1550 5405 603,
1585 5341 1637 5396 ί.
2212 5357 2376 5412 quam
2397 5340 2607 5397 codicis
2642 5342 2803 5396 inniti
2835 5341 2939 5395 ﬁde
2969 5341 3233 5396 voluisse.
3280 5340 3396 5393 Hoc
3440 5337 3640 5409 quidem
3666 5343 3747 5389 vc-

603 5437 714 5509 (10)
749 5436 1169 5491 Exstatenimin
1190 5434 1311 5490 rod.
1340 5449 1642 5507 ms.gracc.
1662 5429 2112 5488 Bibl.Caes.Vin-
2214 5446 2361 5493 rum,
2392 5429 2490 5485 sed
2515 5439 2700 5484 tamen
2736 5430 2830 5483 illa
2872 5427 3082 5484 codicis
3110 5431 3290 5500 potius
3315 5429 3469 5494 vitia,
3500 5437 3642 5496 quam
3672 5431 3745 5471 er-

532 5532 662 5583 dob.
693 5529 786 5583 Nr.
818 5527 886 5583 58
910 5527 1036 5580 olim
1066 5526 1129 5579 5|
1160 5544 1213 5596 p.
1238 5526 1364 5591 257,
1389 5526 1423 5579 9.
1447 5524 1654 5578 ——2.l7.
1687 5524 1896 5577 Prodiit
1918 5536 2114 5591 graece
2216 5537 2369 5576 rores
2400 5520 2630 5576 editoris
2660 5530 2809 5584 sunt,
2855 5522 2929 5576 ita
2960 5529 3019 5574 ut
3065 5538 3228 5575 manu
3277 5520 3597 5591 peritissim
3628 5521 3745 5580 opus

535 5635 589 5676 et
614 5620 786 5675 latine
818 5621 923 5674 sub
950 5618 1111 5672 titulo
1139 5636 1153 5671 :
1188 5620 1324 5671 Acta
1355 5619 1561 5683 sincera
1600 5614 1658 5670 S.
1689 5614 1853 5668 Pauli
1886 5612 2114 5667 Thebaei
2215 5612 2306 5675 sit,
2337 5626 2477 5678 quae
2504 5619 2708 5665 textum
2740 5614 3015 5666 restituat.
3044 5609 3099 5664 ld
3129 5610 3348 5682 quidem
3372 5614 3612 5665 accurato
3642 5598 3741 5657 eius

540 5721 882 5782 cognomento
914 5711 1072 5779 primi
1110 5711 1361 5763 eremitae
1410 5707 1809 5775 graeco-latina
1850 5721 1972 5758 eum
2022 5720 2108 5757 va-
2214 5704 2466 5757 examine
2494 5704 2596 5772 ipsi
2629 5703 2791 5757 nobis
2817 5703 3194 5772 persuasimus

542 5801 807 5856 riuntibus
855 5800 1166 5857 lectionibus
1205 5810 1254 5853 et
1314 5800 1475 5854 notis'
1501 5799 1791 5851 variorum.
1841 5796 2111 5848 Accedunt
2289 5797 2400 5867 (ll)
2437 5794 2494 5852 S.
2518 5794 2735 5851 Hieron.
2764 5795 2902 5866 Opp.
2934 5795 3221 5868 mLMigne
3253 5794 3315 5850 T.
3343 5793 3459 5851 Vlll
3484 5810 3533 5865 p.
3562 5784 3665 5842 687.

543 5895 847 5948 dissertatio
897 5892 1291 5946 uraeliminaris
1340 5894 1402 5947 de
1446 5890 1619 5943 dubiis
1665 5890 1790 5942 haec
1820 5890 1954 5941 Acta
2005 5889 2110 5942 cir-
