4046 6464
302 336 378 392 lii
1907 343 1930 399 1

2033 343 2136 399 ΑΕ.
3515 354 3622 411 129

314 469 436 516 mus
466 449 907 535 (l).Etenim
926 463 1268 524 Macarium
1288 460 1659 540 Aegyptium
1678 461 1745 523 in
1765 458 1945 523 Scéte
1976 469 2017 522 A
2046 461 2205 521 hens
2234 459 2460 537 iugiter
2505 461 2781 524 deﬁxum
2827 480 2978 526 suae
3020 462 3252 527 mentis
3292 463 3617 538 intuitum,

320 554 551 629 abiisse,
593 556 1137 624 Alexandrinum
1195 570 1466 625 extrema
1496 562 1683 623 etiam
1751 579 1939 625 sene-
2043 575 2173 638 quo
2203 560 2488 638 quotidie
2517 562 2907 642 singulisque
2935 565 3272 626 momentis
3302 581 3626 627 accersen-

331 662 479 719 ctute
508 655 934 722 Cellularum
958 664 1395 741 presbyterum
1429 660 1643 733 fuisse,
1670 677 1710 722 e
1736 659 1939 722 Palla-
2042 660 2193 721 dum
2241 677 2379 722 esse
2425 676 2493 723 se
2544 663 2742 724 credit
2775 660 2883 743 (6).
2923 686 2952 719 n
2998 664 3148 725 Uter
3183 664 3621 739 Macariorum,

336 757 428 818 dio
460 756 863 835 didicimus;
897 761 1235 824 Macarium
1267 779 1418 824 vero
1448 762 1508 822 S.
1543 763 1795 822 Antonii
1849 762 1944 823 di-
2040 760 2134 821 vel
2171 762 2355 822 etiam
2388 780 2541 823 num
2568 762 2866 825 alteruter
2894 781 2978 825 ex
3006 765 3237 826 nostris
3276 783 3349 828 ea
3384 766 3623 830 docue-

333 856 641 938 scipulum
661 858 894 921 eidem
912 860 1945 940 successisseincoenobioPispiri—
2041 862 2142 936 rit,
2191 863 2515 925 Cassianus
2561 881 2693 926 non
2746 865 2979 926 docuit.
3021 866 3325 945 Equidem
3373 868 3625 929 Macarii

338 958 732 1037 tano,ibique
755 961 955 1021 vitam
980 960 1440 1034 ﬁnivisse,infra
1462 960 1810 1021 videbimus
1830 958 1936 1039 (2).

414 1058 591 1119 Hisce
622 1060 1055 1121 continentur
1075 1077 1165 1132 ea,
1188 1078 1346 1140 quae
1373 1079 1449 1122 ex
1471 1063 1531 1123 S.
1550 1062 1939 1141 Hieronymo

344 1156 539 1234 colligi
572 1166 888 1237 possunt.
916 1161 991 1220 Ut
1022 1161 1315 1238 Evagrius
1369 1161 1702 1221 Macarium
1745 1165 1941 1239 Aegy-

338 1257 553 1335 ptium,
586 1257 686 1318 ita
718 1260 784 1318 S.
808 1259 1226 1339 Hieronymus
1241 1258 1724 1322 Alexandrinum
1744 1262 1942 1323 laudi-

333 1356 446 1417 bus
491 1358 756 1420 extulit.
816 1361 1035 1439 Neque
1077 1360 1141 1422 id
1187 1368 1424 1422 temere
1466 1360 1636 1424 fecit.
1668 1364 1823 1423 Nam
1872 1364 1939 1424 in

326 1461 698 1538 Aegyptum
729 1459 1159 1534 adventantes,
1183 1461 1259 1522 ad
1292 1480 1451 1541 quos
1473 1461 1567 1524 vel
1600 1462 1679 1524 de
1710 1464 1939 1543 quibus

325 1560 390 1618 S.
418 1560 874 1639 Hieronymus
909 1562 1238 1635 scribebat,
1270 1563 1503 1625 Nitriae
1542 1570 1647 1624 aut
1690 1563 1754 1624 in
1798 1562 1935 1625 Cel-

332 1659 466 1721 lulis
512 1661 879 1722 Macarium
923 1663 1354 1742 presbyterum
1400 1662 1561 1733 128
1590 1661 1773 1724 facile
1820 1662 1935 1724 ad-

2040 964 2329 1042 Aegyptii
2360 966 2734 1027 sententiam
2762 966 2920 1034 129
2946 984 3083 1027 esse
3112 985 3189 1027 ex
3214 968 3623 1031 similitudine

2041 1076 2183 1122 cum
2226 1063 2537 1138 doctrina,
2587 1082 2775 1144 quam
2820 1065 2873 1125 is
2900 1067 3159 1142 Evagrio
3200 1067 3371 1128 dedit
3403 1070 3512 1150 (7),
3561 1076 3625 1131 et

2041 1176 2183 1222 cum
2216 1160 2488 1224 homiliis
2521 1163 2656 1225 eius
2684 1164 2900 1225 timide
2939 1167 3342 1228 coniecerim.

2118 1257 2356 1319 Deinde
2398 1260 2690 1321 Cassiano
2732 1261 2799 1321 in
2831 1260 3189 1323 Collationis
3220 1264 3475 1342 quintae
3511 1282 3619 1328 ca-

2039 1355 2192 1435 pite,
2226 1357 2394 1437 quod
2426 1358 2787 1421 inscribitur
2814 1383 2841 1416 ct
2862 1362 2934 1421 In
2966 1377 3094 1440 quo
3125 1362 3292 1425 utilis
3319 1364 3397 1425 sit
3421 1382 3618 1426 ceno-

2040 1455 2252 1529 doxia,
2295 1480 2322 1512 »
2361 1459 2663 1537 Serapion
2696 1477 2890 1521 senex
2916 1462 3197 1539 exponit,
3232 1462 3463 1524 multos
3491 1481 3625 1525 sae-

2038 1570 2388 1635 penumero
2406 1559 2695 1620 homines
2715 1560 2920 1622 adhuc
2937 1561 3217 1623 carnales
3234 1563 3622 1626 cenodoxiae

2037 1656 2185 1717 vitio
2215 1655 2295 1717 ab
2318 1656 2454 1717 aliis
2482 1657 2768 1737 turpibus
2795 1658 3195 1738 indignisque
3224 1659 3388 1719 vitiis
3418 1665 3625 1721 custo-

335 1759 518 1833 ibant,
558 1760 630 1820 in
666 1760 885 1821 abdita
914 1776 1059 1821 vero
1089 1762 1283 1822 Scetis
1314 1761 1559 1823 deserta
1586 1778 1715 1822 non
1754 1760 1935 1823 facile
1966 1806 2008 1861 Β
2040 1757 2180 1817 diri.
2213 1757 2567 1819 Nonnullos
2604 1759 2866 1838 quidem
2900 1760 3226 1821 confessos
3254 1776 3418 1835 esse,
3450 1778 3516 1821 se
3553 1760 3622 1820 in

330 1860 787 1940 penetrabant.
837 1860 1013 1922 Unde
1068 1861 1400 1923 Macarium
1448 1860 1931 1923 Alexandrinum
1971 1859 1999 1861 ἡ
2039 1859 2255 1937 Syriae
2288 1861 2615 1922 coenobiis
2644 1861 2855 1940 quinis
2899 1862 3123 1923 diebus
3173 1861 3384 1922 cibum
3445 1879 3620 1922 sum-

324 1963 391 2023 in
420 1962 781 2023 Occidente
811 1960 1210 2023 illustriorem
1240 1960 1433 2023 fuisse
1462 1967 1713 2042 oportet
1742 1961 1851 2042 (3).

409 2065 457 2137 ς.
492 2062 593 2122 31.
626 2062 765 2123 Sed
797 2062 1244 2124 transeundum
1290 2068 1381 2123 est
1424 2063 1501 2124 ad
1540 2063 1925 2137 Cassianum,

324 2163 433 2241 qui
466 2163 777 2241 quinque
820 2161 1097 2256 locis'de
1142 2164 1373 2224 nastris
1403 2164 1683 2225 Macariis
1720 2164 1927 2226 tradit.

326 2263 416 2323 Ex
444 2263 522 2324 iis
550 2281 795 2338 unum,
830 2281 956 2344 quo
992 2264 1069 2327 de
1102 2272 1346 2328 mortuo
1380 2283 1413 2327 a
1444 2268 1734 2342 Macario,
1767 2292 1794 2323 «
1821 2268 1931 2346 qui

339 2360 800 2425 habitationem
838 2365 1249 2445 Scythioticae
1294 2367 1647 2429 solitudinis
1688 2369 1930 2448 primus

340 2464 600 2540 invenit,
641 2489 671 2518 δ)
705 2465 785 2527 ad
833 2465 1217 2529 haereticum
1264 2468 1677 2530 refellendum
1715 2488 1928 2531 resus-

336 2563 515 2626 citato
537 2572 866 2639 narratur,
898 2566 1018 2627 iam
1049 2584 1236 2647 supra
1279 2569 1666 2629 excussimus
1700 2568 1805 2649 (4).
1843 2572 1927 2631 Ac

332 2673 507 2727 sexto
539 2666 833 2746 quodam
854 2666 997 2728 loco
1029 2667 1105 2727 de
1133 2668 1421 2741 Macario,
1455 2668 1563 2747 qui
1592 2691 1619 2724 ‹‹
1650 2668 1931 2729 xen'odu-

331 2763 473 2826 chio
504 2764 689 2845 apud
721 2764 1156 2826 Alexandriam
1186 2765 1475 2846 praefuit,
1514 2788 1541 2820 »
1574 2781 1780 2827 sermo
1810 2771 1924 2839 est,

334 2882 366 2925 δ
390 2865 634 2926 nostris
654 2865 940 2927 Macariis
967 2871 1134 2926 certe
1161 2864 1604 2943 distinguendo
1638 2863 1745 2946 (5).
1798 2866 1925 2925 Re-

337 2974 499 3028 stant
528 2966 739 3043 igitur
769 2973 1038 3045 quatuor
1060 2965 1243 3030 nobis
1268 2965 1392 3028 loci
1422 2964 1839 3027 examinandi.

406 3067 480 3128 Et
502 3067 725 3147 primo
751 3067 1006 3147 quidem
1033 3067 1355 3129 Cassianus
1395 3067 1463 3128 in
1511 3066 1697 3141 libro,
1737 3081 1926 3146 quem

2038 1958 2239 2038 psisse
2267 1960 2588 2039 talemque
2612 1960 3050 2023 abstinentiam
3080 1962 3215 2024 sine
3234 1962 3621 2025 laboretole—

2036 2072 2232 2133 rasse,
2262 2058 2330 2120 in
2359 2077 2574 2122 eremo
2605 2069 2813 2122 autem
2836 2067 3011 2123 tanta
3042 2078 3109 2122 se
3152 2062 3317 2124 fame
3354 2063 3502 2126 inde
3543 2066 3624 2127 ab

2038 2158 2192 2221 hora
2219 2161 2401 2221 tertia
2424 2162 2658 2235 vexari,
2680 2168 2750 2223 ut
2770 2162 2847 2223 ad
2870 2179 3099 2223 nonam
3129 2181 3334 2243 usque
3357 2165 3457 2226 vix
3478 2184 3627 2245 pos-
3658 2182 3663 2190 '

2030 2260 2160 2321 sint
2187 2260 2418 2321 ieiunia
2448 2261 2813 2340 quotidiana
2852 2261 3128 2323 differre.
3162 2264 3309 2324 Post
3336 2262 3491 2327 haec
3517 2266 3624 2328 ad-

2038 2359 2125 2419 dit
2158 2378 2171 2419 :
2206 2383 2234 2416 ‹‹
2274 2364 2476 2440 Super
2518 2378 2642 2441 qua
2691 2380 2759 2423 re
2806 2361 3069 2441 pulchre
3100 2362 3294 2425 abbas
3319 2364 3622 2427 Macarius

2038 2462 2284 2523 cuidam
2318 2464 2776 2544 percunctanti,
2808 2481 2923 2525 cur
2950 2460 3115 2526 fame
3146 2457 3224 2525 ab
3255 2464 3413 2527 hora
3438 2467 3621 2528 tertia

2032 2565 2100 2625 in
2130 2582 2343 2627 eremo
2371 2566 2747 2644 pulsaretur,
2782 2566 2890 2644 qui
2926 2566 2993 2627 in
3030 2567 3342 2629 coenobio
3373 2566 3621 2629 hebdo-

2036 2660 2324 2723 madibus
2352 2664 2611 2741 integris
2639 2664 3050 2726 refectionem
3098 2683 3287 2745 saepe
3332 2676 3620 2729 contem-

2034 2781 2192 2824 nens
2238 2782 2364 2825 non
2397 2766 2693 2826 sensisset
2739 2766 3033 2839 esuriem,
3068 2767 3437 2845 respondit:
3467 2768 3622 2841 Quia

2036 2862 2242 2923 nullus
2264 2862 2365 2924 hic
2388 2870 2481 2924 est
2506 2862 2727 2925 ieiunii
2755 2864 2845 2925 tui
2873 2865 3069 2937 testis,
3101 2865 3211 2944 qui
3238 2871 3300 2927 te
3329 2866 3459 2928 suis
3491 2866 3623 2929 lau-

2034 2960 2217 3023 dibus
2248 2963 2479 3024 nutriat
2508 2969 2697 3043 atque
2728 2970 3055 3037 sustentet,
3087 2966 3177 3027 ibi
3205 2972 3416 3027 autem
3446 2974 3508 3029 te
3530 2967 3623 3029 di-

2035 3064 2195 3141 gitus
2227 3063 2555 3126 hominum
2603 3071 2663 3127 et
2710 3066 3099 3129 cenodoxiae
3146 3068 3406 3131 refectio
3448 3071 3619 3148 sagi-

338 3188 362 3221 ι
396 3164 475 3227 de
505 3164 750 3245 spiritu
808 3165 1266 3244 gastrimargiae
1304 3189 1332 3220 »
1362 3164 1713 3244 inscripsit,
1769 3164 1925 3227 haec
1953 3162 1996 3219 ε
2032 3164 2217 3227 na‘bat
2242 3162 2347 3246 (8).
2379 3188 2406 3221 »
2436 3166 2693 3227 Cuinam
2718 3166 2987 3227 Macario
3015 3184 3086 3227 ea
3117 3169 3446 3230 tribuenda
3469 3171 3618 3246 sint,

334 3266 519 3328 verba
550 3266 710 3327 facit
746 3283 758 3326 :
795 3288 824 3321 α
849 3264 1063 3327 Adhuc
1092 3276 1290 3326 unum
1323 3265 1488 3327 beati
1507 3265 1756 3326 Macarii
1784 3283 1930 3345 pro-

334 3368 532 3430 fertur
555 3368 750 3429 nobis
780 3366 1043 3428 salutare
1074 3365 1458 3440 mandatum,
1488 3382 1614 3445 quo
1645 3366 1927 3427 libellum

338 3467 725 3529 ieiuniorum
764 3473 825 3527 et
868 3466 1290 3527 continentiae
1339 3466 1494 3526 tanti
1532 3466 1647 3526 viri
1684 3465 1931 3529 claudat

337 3566 791 3628 sententia.Ita
841 3565 1045 3644 inquit
1100 3566 1331 3627 debere
1360 3564 1740 3627 monachum
1770 3566 1929 3627 ieiu-

337 3672 458 3732 niis
498 3687 767 3752 operam
816 3669 985 3744 dare,
1034 3676 1103 3732 ut
1145 3676 1397 3731 centum
1442 3668 1624 3729 annis
1661 3668 1732 3729 in
1783 3686 1926 3730 cor-

338 3789 495 3851 pore
530 3776 1093 3843 commoraturum,
1123 3770 1207 3831 ita
1236 3774 1445 3831 motus
1466 3768 1656 3829 animi
1690 3768 1927 3831 refrae-

344 3890 495 3935 nare
527 3880 597 3936 et
622 3871 994 3933 iniuriarum
1022 3870 1330 3944 oblivisci,
1361 3869 1767 3948 tristitiasque
1824 3886 1929 3930 re-

342 3992 599 4055 Spuere,
614 3973 867 4037 dolores
888 3988 1142 4052 quoque
1159 3990 1229 4034 ac
1252 3971 1625 4033 detrimenta
1650 3976 1903 4031 contem
1924 4009 1930 4016 -

344 4094 519 4147 nere,
557 4083 862 4154 tanquam
916 4073 1196 4153 quotidie
1243 4071 1639 4133 moriturum.
1691 4072 1763 4130 In
1818 4070 1928 4131 illo

343 4192 623 4254 namque
659 4174 828 4235 utilis
873 4179 965 4235 est
1006 4171 1414 4252 prudensque
1454 4169 1774 4244 discretio,
1818 4186 1928 4231 ae-

341 4274 516 4354 quali
545 4272 927 4336 monachum
969 4271 1354 4333 districtione
1399 4269 1638 4331 faciens
1678 4286 1931 4348 semper

340 4373 667 4448 incedere,
698 4390 815 4436 nec
844 4372 1210 4454 permittens
1238 4372 1354 4433 sub
1382 4370 1716 4432 occasione
1746 4364 1928 4433 debi-

341 4473 500 4535 litati
560 4476 848 4554 corporis
898 4472 977 4535 de
1039 4471 1250 4533 arduis
1307 4470 1386 4533 ad
1452 4469 2003 4568 perniciossiman

342 4581 687 4656 praerupta
715 4573 987 4647 devolvi;
1016 4573 1083 4635 in
1116 4572 1237 4635 hoc
1268 4586 1417 4633 vero
1452 4570 1927 4648 magnanimitas

342 4674 659 4749 salutaris,
692 4691 853 4753 quae
874 4673 1092 4745 valeat,
1127 4689 1256 4734 non
1283 4671 1488 4733 solum
1516 4687 1682 4750 quae
1714 4668 1931 4731 viden-

346 4781 449 4835 tur
476 4791 783 4855 prospera
817 4773 1036 4836 mundi
1069 4771 1414 4853 praesentis
1440 4771 1789 4851 despicere,
1818 4786 1928 4831 ve-

343 4890 486 4933 rum
516 4872 705 4934 etiam
732 4871 1004 4933 adversis
1025 4871 1429 4949 tristibusque
1452 4886 1582 4930 non
1612 4867 1837 4945 frangi,
1870 4872 1932 4929 et

341 4990 417 5034 ea
446 4972 621 5035 velut
650 4966 835 5052 parv‘a
867 4972 1161 5053 nullaque
1192 4980 1619 5047 contemnere,
1644 4970 1778 5032 illic
1808 4970 1925 5032 ha-

416 5185 493 5252 (1)
521 5180 608 5235 Cl‘.
637 5197 690 5251 p.
726 5180 823 5235 107
856 5196 940 5243 sq.

412 5275 491 5345 (‘2)
520 5271 607 5327 Cf.
636 5271 774 5325 infra
800 5270 974 5338 Caput
997 5266 1061 5320 IX
1088 5268 1227 5339 §45.

415 5367 493 5433 (ὅ)
515 5364 603 5417 Cf.
625 5362 964 5433 propositum
991 5359 1209 5413 Macarii
1232 5354 1464 5412 Romam
1486 5354 1727 5411 abeundi
1755 5368 1925 5423 supra

341 5475 397 5531 p.
418 5458 515 5514 73.
548 5458 621 5512 99
649 5471 732 5526 sq.

411 5552 492 5620 (4)
518 5549 600 5606 Cf.
632 5550 658 5623 ᾗ
692 5550 759 5604 14
787 5567 841 5620 p.
867 5548 935 5601 47
960 5563 1105 5616 sqq.,
1152 5542 1566 5600 Cassian.Coll.
1598 5540 1692 5595 XV
1724 5559 1846 5614 cap.
1872 5544 1927 5609 5,

340 5641 587 5697 Cassiani
633 5640 772 5712 Opp.
828 5638 919 5694 ed.
971 5635 1106 5691 Gaz.
1137 5651 1189 5705 p.
1210 5634 1337 5699 468,
1382 5632 1560 5703 Migne
1612 5632 1816 5689 Patrol.
1863 5635 1927 5688 'l‘.

342 5732 503 5789 XLIX
533 5751 581 5807 p.
623 5734 749 5791 995.

408 5828 481 5901 (ὅ)
510 5831 649 5887 Coll.
711 5821 837 5881 XIV
879 5836 1001 5891 cap.
1035 5819 1089 5885 4,
1119 5818 1366 5872 Cassiani
1398 5815 1536 5887 Opp.
1566 5817 1650 5872 ed.
1698 5815 1830 5871 Gaz.
1876 5834 1930 5887 p,

2020 3274 2158 3324 non
2191 3272 2282 3325 est
2311 3265 2676 3327 indicatum.
2710 3266 2971 3345 Utrique
3004 3272 3363 3330 nostrorum
3394 3286 3620 3349 reapse

2030 3366 2266 3445 Optime
2296 3368 2703 3428 conveniunt.
2745 3368 2875 3429 Nec
2914 3367 3226 3429 dubitavit
3267 3368 3616 3431 Tillemon-

2016 3462 2170 3539 “tius,
2220 3482 2293 3526 ea
2339 3468 2605 3528 Macario
2652 3468 2959 3547 Aegyptio
3007 3468 3390 3544 adiudicare,
3440 3470 3619 3533 cuius

2015 3567 2234 3624 tamen
2268 3563 2360 3625 rei
2392 3565 2701 3627 rationem
2731 3583 2862 3627 non
2883 3566 3123 3627 addidit
3153 3565 3259 3647 (9).

2108 3662 2265 3724 Tum
2295 3664 2653 3727 Collationis
2696 3669 3001 3746 septimae
3030 3668 3258 3748 capite,
3299 3668 3470 3749 quod
3514 3670 3618 3733 in-

2030 3762 2320 3823 scribitur
2370 3787 2399 3819 «
2452 3765 2538 3825 De
2588 3766 2933 3827 tentatione
2982 3768 3225 3829 abbatis
3270 3769 3538 3847 Moysis,
3588 3794 3616 3827 ι

2030 3862 2299 3923 Serenus
2330 3864 2521 3925 abbas
2552 3865 2635 3925 ita
2680 3866 2962 3946 loquitur
2992 3884 3006 3926 :
3036 3891 3064 3924 «
3100 3869 3427 3932 Secundus
3467 3888 3616 3935 vero

2032 3979 2220 4041 quem
2247 3962 2518 4025 diximus
2537 3965 2604 4027 in
2623 3963 2740 4028 hac
2766 3984 2979 4029 eremo
3003 3977 3459 4032 commoratum
3490 3973 3619 4048 [ab-

2031 4060 2141 4121 bas
2174 4063 2466 4139 Moyses],
2519 4082 2664 4126 cum
2706 4066 2843 4147 ipse
2879 4086 3137 4148 quoque
3185 4070 3519 4149 singularis
3557 4079 3619 4134 et
3724 4082 3731 4097 '

2028 4160 2538 4242 incomparabilis
2579 4166 2674 4227 vir
2707 4175 2891 4240 esset,
2940 4169 3021 4229 ob
3056 4170 3617 4249 reprehensionem

2034 4261 2218 4322 unius
2249 4265 2581 4337 sermonis,
2618 4282 2807 4344 quem
2838 4274 3056 4328 contra
3084 4268 3374 4330 abbatem
3408 4272 3614 4333 Maca-

2030 4361 2191 4423 rium
2220 4363 2546 4443 disputans
2572 4365 2763 4443 paulo
2790 4365 3007 4427 durius
3036 4368 3317 4445 protulit,
3343 4369 3613 4447 quadam

2031 4461 2269 4523 scilicet
2309 4463 2612 4542 Opinione
2634 4471 3034 4543 praeventus,
3058 4472 3182 4527 tam
3212 4467 3350 4529 diro
3388 4468 3611 4531 confe-

2030 4565 2171 4626 stim
2196 4572 2288 4627 est
2308 4566 2571 4627 traditus
2594 4566 2993 4641 daemoni,ut
3021 4566 3327 4630 humanas
3353 4570 3616 4648 egestio-

2026 4683 2140 4727 nes
2155 4666 2246 4727 ori
2260 4684 2398 4739 suo,
2415 4668 2491 4728 ab
2510 4684 2586 4729 eo
2600 4667 2950 4748 suppletus,
2964 4670 3301 4747 ingereret.
3317 4671 3493 4745 Quod
3509 4671 3617 4733 ﬂa-

2027 4768 2257 4847 gellum
2281 4770 2673 4848 purgationis
2692 4771 2885 4848 gratia
2907 4788 2975 4831 se
2987 4770 3610 4845 Dominusintulisse,

2027 4887 2107 4931 ne
2130 4869 2365 4931 scilicet
2385 4870 2450 4930 in
2472 4887 2549 4931 eo
2570 4871 2665 4931 vel
2689 4871 3115 4931 momentanei
3136 4870 3345 4931 delicti
3369 4872 3614 4934 macula

2031 4969 2357 5044 resideret,
2387 4970 2715 5033 velocitate
2744 4970 3083 5033 curationis
3110 4970 3244 5031 eius
3276 4976 3465 5050 atque
3495 4989 3614 5033 au-

2026 5176 2353 5249 450,Migue
2410 5177 2629 5247 p.958;
2671 5176 2809 5232 llist.
2837 5177 3002 5230 Laus.
3052 5177 3367 5236 cd.’Mcurs.
3410 5196 3531 5251 cap.
3579 5184 3609 5236 7

2027 5270 2165 5339 Opp.
2201 5270 2403 5325 Meurs.
2446 5272 2481 5323 Ι.
2522 5268 2565 5322 1.
2594 5284 2646 5338 p.
2666 5269 2765 5323 757
2792 5267 2864 5321 cf.
2900 5284 3063 5337 supra
3087 5268 3112 5339 ᾗ
3134 5270 3205 5325 9.5
3229 5288 3279 5340 p.
3320 5272 3442 5326 105.

2100 5360 2175 5429 (6)
2202 5359 2273 5416 De
2296 5360 2685 5419 coenobiorum
2707 5359 2974 5416 institutis
2997 5361 3139 5415 lib.V
3160 5362 3249 5432 (de
3272 5362 3610 5435 spingastr.)

2025 5466 2145 5520 cap.
2170 5452 2233 5505 41
2257 5451 2504 5506 Cassiani
2534 5450 2672 5520 Opp.
2696 5450 2783 5505 ed.
2807 5450 2939 5507 Gaz.
2962 5467 3013 5523 p.
3038 5453 3160 5518 104,
3202 5452 3378 5524 Migne
3402 5470 3459 5524 p.
3481 5455 3609 5509 265.

2100 5543 2175 5614 (7)
2202 5543 2287 5597 Cf.
2332 5558 2496 5611 supra
2529 5543 2666 5615 §29.

2090 5634 2177 5704 (8)
2199 5636 2336 5691 Coll.
2368 5635 2413 5690 ν
2446 5652 2569 5707 cap.
2597 5638 2663 5690 ti
2688 5636 2934 5695 Cassiani
2956 5636 3093 5706 Opp.
3125 5638 3215 5693 ed.
3243 5637 3375 5695 Gaz.
3399 5654 3454 5711 p.
3481 5637 3610 5697 239.

2102 5726 2180 5799 (9)
2206 5728 2492 5785 Mémoires
2532 5728 2595 5785 T.
2626 5728 2743 5783 V'lll
2770 5728 2833 5783 Ρ.
2857 5727 2921 5781 111
2948 5745 3000 5799 ρ.
3032 5729 3159 5785 985.
