4046 6480
522 352 628 408 123

1325 349 1429 408 SS.
1469 348 1925 407 MACARIORUM
1978 346 2295 406 AEGYPTII
2329 346 2419 403 ΕΤ
2470 345 2933 405 ΑιειιΑιηιιιιιΝι

3718 340 3837 396 ηδ

509 471 684 526 ctore
712 460 975 524 remedii
992 460 1460 523 demonstravit.
1484 464 1639 524 Nam
1659 463 1959 524 continuo
1986 460 2095 524 ab-
2117 467 2166 525 Δ
2193 460 2510 540 ingressus
2537 466 2653 536 est,
2680 460 2783 523 die
2811 457 3157 523 secundum
3185 455 3273 532 id,
3303 453 3502 537 quod
3533 469 3837 533 compe-

510 562 655 623 bate
684 562 951 623 Macario
972 561 1039 621 in
1067 561 1348 623 oratione
1377 561 1686 623 submisso
1730 561 1888 645 130
1923 560 2091 622 dicto

512 662 695 723 citius
725 679 999 740 nequam
1035 660 1291 740 spiritus
1328 661 1406 722 ab
1438 677 1514 722 eo
1552 660 1800 738 fugatus
1836 660 2091 722 absces-

514 759 594 820 sit
626 759 732 837 (1).
771 783 797 814 »
830 760 991 831 Quin
1045 758 1351 819 Macarius
1402 757 1743 836 Aegyptius
1780 754 2092 833 intelliga-

513 865 636 930 tur,
663 858 765 918 vix
798 857 1058 919 dubium
1089 864 1212 931 est;
1242 873 1389 917 nam
1411 859 1657 935 Moyses
1684 854 1876 917 abbas
1904 871 2092 932 egre-

514 959 651 1036 gius
694 958 889 1019 Scetis
918 956 1267 1019 monachus
1314 956 1431 1017 fuit
1462 954 1566 1033 (2).
1620 955 1797 1028 Quod
1827 962 1888 1016 et
1922 958 2093 1034 Apo-

515 1059 922 1139 phthegmata
950 1076 985 1119 a
1028 1057 1333 1119 Cotelerio
1366 1056 1530 1117 edita
1557 1054 1992 1134 comprobant,
2022 1054 2093 1114 in

514 1160 744 1238 quibus
771 1159 926 1235 legis
957 1176 971 1219 :
1005 1182 1032 1214 α
1075 1160 1323 1235 Moyses
1358 1156 1550 1217 abbas
1588 1154 1854 1216 Macario
1886 1152 2095 1215 abbati

512 1259 579 1319 in
607 1259 768 1319 Sceti
798 1276 810 1317 :
835 1258 1013 1331 Volo,
1044 1257 1273 1336 inquit,
1301 1273 1441 1321 cum
1480 1256 1692 1334 quiete
1732 1271 1805 1315 ac
1841 1252 2091 1314 silentio

516 1358 742 1425 vivere.
795 1373 910 1417 nec
955 1356 1167 1417 sinunt
1210 1371 1313 1416 me
1360 1354 1601 1416 fratres.
1652 1353 1761 1415 Cui
1793 1352 2094 1414 Macarius

512 1456 706 1518 abbas
750 1455 1073 1534 respondit
1118 1454 1360 1515 :Video
1406 1461 1468 1514 te
1517 1451 1747 1513 indolis
1791 1450 2094 1512 mollioris

514 1572 675 1627 esse,
724 1572 841 1615 nec
872 1571 1058 1633 posse
1086 1552 1343 1614 fratrem
1375 1568 1411 1612 a
1441 1558 1502 1612 te
1543 1558 1852 1622 avertere;
1884 1547 1994 1609 sed
2040 1548 2095 1610 si

514 1652 830 1714 desideras
858 1654 1133 1731 quietam
1167 1652 1377 1723 vitam,
1412 1649 1811 1729 proﬁciscere
1841 1648 1921 1709 ad
1951 1663 2093 1709 ere-

514 1769 709 1825 mum,
742 1753 931 1825 intro,
962 1752 1028 1812 in
1057 1756 1230 1830 petra
1273 1750 1483 1830 quiete
1529 1748 1743 1827 deges.
1776 1748 1944 1811 Fecit
1969 1747 2090 1825 igi-

513 1856 615 1908 tur
647 1818 767 1910 hoc
811 1856 871 1908 et
904 1818 1262 1926 conquievit
1294 1818 1429 1925 ⁸(3).
1482 1868 1510 1901 ››
1540 1818 1869 1905 Praeterea
1898 1818 2089 1902 Tille-
2123 1818 2164 1873 Β

514 1949 791 2008 montius
818 1947 986 2008 illam
1015 1945 1246 2024 Moysis
1274 1944 1513 2007 abbatis
1541 1942 1927 2004 sanationem
1961 1942 2090 2003 Ma-

515 2047 684 2108 cario
736 2047 1041 2127 Aegyptio
1090 2045 1226 2106 sine
1278 2043 1406 2106 ulla
1455 2041 1865 2105 haesitatione
1916 2041 2090 2104 attri-

518 2147 654 2207 buit
685 2144 792 2227 (4).

594 2247 857 2307 Ultimus
892 2244 1165 2323 denique
1194 2242 1467 2304 Cassiani
1494 2241 1671 2304 locus
1702 2239 1779 2301 de
1814 2238 2094 2302 Macariis

514 2346 743 2408 nostris
786 2346 849 2405 in
881 2344 1220 2406 Collatione
1248 2341 1543 2419 vigesima
1590 2346 1809 2420 quarta
1846 2339 2091 2400 inveni-

512 2456 637 2515 tur,
675 2445 784 2507 ubi
832 2443 1080 2505 Macarii
1125 2441 1335 2504 fabula
1386 2442 1464 2503 ab
1512 2440 1821 2501 Abraham
1869 2438 2093 2500 abbate

514 2552 758 2608 narrata
788 2544 945 2606 haec
986 2549 1080 2605 est
1112 2560 1124 2602 :
1160 2565 1188 2598 α
1231 2542 1386 2602 Nam
1416 2539 1586 2619 quod
1634 2537 1790 2600 alios
1834 2552 2091 2617 quoque

512 2647 747 2708 salvare
785 2662 896 2705 vos
940 2658 1126 2723 posse
1173 2638 1517 2712 conﬁditis,
1568 2644 1629 2699 et
1680 2654 1792 2717 spe
1842 2636 2092 2699 maioris

512 2745 673 2807 lucri
696 2744 777 2806 ad
808 2740 1201 2805 revisendam
1232 2739 1498 2819 patriam
1523 2736 1851 2808 festinatis,
1882 2734 2090 2796 audite

512 2847 700 2907 etiam
736 2859 928 2922 super
954 2840 1076 2901 hoc
1107 2838 1424 2918 quandam
1452 2834 1693 2898 abbatis
1722 2834 1969 2895 Macarii
1993 2832 2093 2895 fa-
2149 2843 2155 2850 '

512 2944 723 3007 bulam
772 2939 1220 3003 iucundissime
1263 2943 1451 3016 atque
1496 2933 1816 3015 aptissime
1861 2934 2091 3009 figura-

512 3050 663 3115 tam,
693 3056 879 3119 quam
913 3043 973 3099 et
1002 3036 1108 3097 ille
1152 3034 1403 3097 cuidam
1431 3032 1738 3094 similibus
1765 3030 2092 3093 desideriis

2191 566 2377 634 rerat,
2397 560 2476 622 ab
2499 577 2891 645 unoquoque
2917 557 3275 621 mercedem
3304 556 3407 619 sui
3442 553 3701 634 operis
3731 568 3840 615 re-

2191 661 2483 740 cepisset,
2513 661 2591 724 ad
2613 677 2936 741 vesperam
2965 677 3033 722 se
3058 658 3276 720 videns
3297 655 3643 736 grandem
3679 652 3841 715 soli-

2191 760 2416 822 dorum
2450 778 2780 823 numerum
2809 759 3283 839 conquisivisse,
3315 756 3394 818 ad
3451 751 3837 816 macellum

2191 858 2390 921 laetus
2415 860 2705 933 intendit,
2738 876 2912 921 escas
2944 857 3269 920 refectioni
3295 872 3456 917 suae
3495 871 3841 915 necessa—

2192 957 2315 1018 rias
2343 963 2768 1037 coempturus.
2806 958 2967 1029 Quas
2997 973 3139 1018 cum
3185 954 3526 1033 coepisset
3576 967 3837 1027 magno

2191 1056 2535 1117 solidorum
2560 1058 2763 1135 pretio
2784 1070 3171 1134 comparare,
3205 1052 3525 1132 expensis
3562 1051 3637 1111 in
3677 1069 3839 1130 per-

2192 1157 2419 1234 exiguo
2448 1157 2616 1218 victu
2655 1156 2962 1217 universis
3008 1170 3169 1233 quos
3213 1152 3630 1233 acquisierat
3664 1150 3835 1212 soli-

2192 1252 2311 1327 dis,
2345 1270 2425 1315 ne
2460 1254 2647 1316 unius
2685 1254 2939 1333 quidem
2975 1252 3213 1314 denarii
3248 1251 3469 1312 intulit
3522 1250 3829 1311 lucrum.

2192 1352 2469 1430 Cumque
2484 1352 2568 1413 ita
2583 1352 2842 1430 singulis
2858 1350 3079 1412 diebus
3095 1350 3606 1429 acquisitionem
3634 1366 3829 1409 suam

2191 1450 2442 1511 vidisset
2468 1450 2817 1525 insumi,ut
2842 1467 2970 1511 non
3011 1448 3214 1510 solum
3246 1447 3398 1509 nihil
3438 1448 3825 1525 redigeret,

2192 1550 2303 1612 sed
2332 1550 2432 1611 vix
2457 1550 2658 1632 ipsam
2701 1550 3100 1630 quotidianae
3128 1550 3532 1612 substantiae
3572 1565 3823 1611 neces-

2193 1650 2432 1713 sitatem
2462 1657 2675 1731 posset
2710 1651 2987 1731 explere,
3022 1650 3189 1731 apud
3227 1651 3678 1730 semetipsum
3710 1668 3819 1719 re-

2194 1748 2473 1826 cogitans
2494 1766 2506 1808 :
2526 1751 2842 1822 Revertar,
2865 1749 3089 1827 inquit,
3112 1748 3189 1810 ad
3209 1748 3539 1811 civitatem
3563 1766 3814 1819 meam,

2190 1847 2491 1927 illumque
2521 1856 2796 1928 repetam
2824 1849 3261 1910 tenuissimum
3300 1854 3697 1925 quaestum,
3736 1866 3818 1909 ex

2193 1963 2323 2025 quo
2367 1947 2520 2008 mihi
2565 1948 2811 2028 expleta
2856 1947 3027 2010 omni
3067 1951 3351 2028 corporis
3388 1966 3589 2021 cura,
3628 1947 3812 2028 quod

2191 2044 2269 2105 ad
2291 2047 2805 2108 sustentationem
2826 2048 3162 2109 senectutis
3184 2055 3623 2121 accresceret,
3650 2064 3818 2127 quo-

2191 2144 2421 2207 tidiana
2465 2146 2869 2209 exuberantia
2918 2145 3301 2209 conferebat.
3342 2148 3539 2220 Quod
3579 2166 3812 2228 quam-

2190 2245 2284 2306 vis
2312 2264 2568 2325 parvum
2593 2246 2905 2308 videretur
2921 2254 3209 2323 ettenue,
3228 2265 3355 2310 non
3382 2250 3811 2312 mediocrem

2190 2350 2401 2406 tamen
2422 2363 2727 2408 summam
2747 2346 2875 2424 iugi
2898 2348 3176 2426 pariebat
3195 2356 3578 2426 augmento.
3601 2351 3810 2421 Quae-

2191 2445 2464 2506 stuosior
2510 2445 2749 2525 quippe
2803 2445 2957 2506 mihi
3006 2445 3121 2507 fuit
3175 2447 3281 2509 ille
3327 2466 3805 2521 nummorum,

2192 2561 2380 2622 quam
2400 2544 2515 2606 iste
2546 2544 2890 2607 solidorum
2919 2544 3315 2623 imaginarius
3343 2554 3697 2625 quaestus,
3724 2566 3803 2608 ex

2191 2660 2318 2722 quo
2356 2660 2485 2705 non
2520 2644 2721 2706 solum
2768 2643 2922 2705 nihil
2972 2645 3292 2719 exuberat,
3325 2646 3513 2725 quod
3556 2665 3801 2710 recon-

2191 2746 2356 2818 dam,
2387 2744 2497 2806 sed
2524 2746 2707 2806 etiam
2738 2747 2840 2807 vix
2878 2748 3014 2827 ipsa
3042 2749 3391 2829 quotidiani
3421 2750 3645 2810 victus
3676 2765 3796 2810 ne-

2191 2846 2447 2908 cessitas
2490 2846 2849 2910 sustinetur.
2900 2850 2973 2910 Et
3020 2849 3255 2913 idcirco
3307 2850 3557 2912 rectius
3608 2849 3799 2911 nobis

2192 2951 2307 3018 est,
2345 2943 2513 3006 hunc
2545 2944 2897 3009 solitudinis
2925 2948 3112 3012 huius
3158 2949 3617 3012 tenuissimum
3668 2947 3797 3009 fru—

2192 3050 2359 3106 ctum
2403 3043 2721 3124 indirupta
2765 3048 3020 3125 iugitate
3048 3051 3293 3125 sectari,
3322 3067 3526 3130 quem
3577 3047 3794 3111 nullae

512 3138 823 3203 aestuanti
850 3135 1225 3199 medicinam
1263 3132 1832 3214 Opportunissimae
1873 3147 2088 3197 narra-
2116 3149 2162 3211 c
2192 3143 2541 3206 saeculares
2569 3163 2778 3221 curae,
2812 3147 3021 3210 nullae
3058 3149 3411 3212 mundanae
3449 3149 3791 3211 distentio.

511 3238 703 3300 tionis
723 3235 1000 3313 ingessit.
1022 3235 1189 3309 Erat,
1211 3232 1438 3312 inquit,
1459 3231 1526 3293 in
1548 3232 1792 3294 civitate
1819 3230 2089 3311 quadam

513 3335 927 3418 peritissimus
953 3343 1193 3407 tonsor,
1218 3331 1329 3412 qui
1348 3330 1619 3393 denariis
1650 3329 1845 3392 ternis
1867 3346 2093 3392 unum-

512 3440 831 3517 quemdue
862 3431 1236 3505 detondens,
1274 3437 1533 3492 tenuem
1576 3429 1891 3509 vilemque
1919 3445 2090 3490 mer-

512 3536 734 3599 cedem
782 3534 877 3605 su_i
925 3533 1136 3613 Operis
1169 3529 1577 3610 acquirendo,
1608 3546 1687 3591 ex
1717 3528 1833 3591 hac
1869 3528 2089 3591 eadem

512 3635 857 3715 quantitate
878 3631 1229 3695 necessaria
1254 3646 1369 3692 suo
1390 3629 1577 3691 victui
1599 3627 1882 3709 quotidie
1910 3644 2089 3691 com-

512 3735 789 3815 parabat,
840 3740 1221 3817 centumque
1266 3730 1558 3792 denarios
1622 3728 1871 3809 expleta
1916 3727 2089 3791 omni

511 3833 797 3913 corporis
844 3848 993 3893 cura
1040 3828 1360 3909 marsupio
1403 3845 1519 3891 suo
1564 3827 1786 3889 diebus
1830 3825 2090 3905 singulis

510 3930 840 3993 inferebat.
874 3929 996 3991 Sed
1032 3946 1175 3991 cum
1203 3927 1632 3990 indesinenter
1658 3926 1827 3988 hunc
1855 3925 2093 3989 conde-

511 4039 607 4094 ret
634 4038 988 4111 quaestum,
1021 4029 1255 4091 audivit
1280 4029 1347 4089 in
1376 4028 1642 4108 quadam
1670 4026 1859 4104 longe
1888 4026 2089 4105 posita

513 4131 758 4193 civitate
779 4128 1169 4208 singulorum
1200 4127 1545 4190 solidorum
1575 4126 1853 4204 singulos
1881 4124 2089 4187 homi-

512 4248 628 4293 nes
682 4230 925 4293 tonsori
980 4229 1284 4308 praebere
1341 4225 1720 4289 mercedem.
1789 4227 1921 4297 Quo
1983 4223 2089 4284 ille

514 4337 837 4409 comperto
871 4348 884 4389 :
919 4328 1226 4402 Quamdiu
1264 4344 1398 4402 ero,
1431 4326 1657 4406 inquit,
1688 4323 1804 4386 hac
1840 4323 2088 4385 mendi-

2192 3259 2325 3315 nes,
2351 3242 2519 3305 nulla
2535 3246 2920 3309 cenodoxiae
2948 3264 3021 3310 ac.
3051 3248 3330 3311 vanitatis
3356 3248 3627 3310 arrodat
3657 3245 3789 3308 ela-

2188 3342 2300 3416 tio,
2332 3343 2540 3406 nullae
2582 3346 3035 3411 sollicitudines
3073 3348 3335 3411 diurnae
3376 3346 3784 3412 necessitatis

2189 3441 2563 3504 imminuant
2619 3444 2723 3524 (5).
2763 3468 2790 3501 ι
2833 3447 2979 3509 Uter
3030 3448 3441 3510 Macariorum
3482 3449 3587 3510 vel
3630 3463 3781 3509 num

2191 3542 2450 3604 omnino
2494 3561 2660 3605 unus
2710 3562 2786 3607 ex
2831 3545 2908 3607 iis
2956 3545 3442 3626 pulcherrimam
3495 3548 3779 3611 fabulam

2189 3641 2520 3717 invenerit,
2554 3661 2683 3705 non
2711 3646 2991 3707 traditur.

2269 3769 2398 3830 Iam
2441 3771 2762 3832 recensitis
2806 3772 3075 3834 Cassiani
3103 3791 3358 3854 quoque
3387 3777 3776 3839 testimoniis

2190 3863 2385 3929 libros
2429 3868 2554 3928 VV.
2606 3870 2723 3929 PP.
2772 3886 2807 3931 a
2853 3872 3179 3934 Rosweido
3232 3873 3459 3949 editos,
3497 3892 3768 3956 quorum

2190 3964 2528 4044 scriptores
2555 3973 2744 4046 atque
2771 3974 3038 4031 aetatem
3081 3970 3449 4049 ignoramus
3515 3974 3627 4055 (6),
3660 3991 3766 4035 ex-

2190 4063 2520 4127 cutiamus.

2692 4208 2847 4280 132
2885 4211 3128 4272 CAPUT
3164 4213 3266 4274 VI.

2160 4366 2624 4413 .COLLECTIONIS
2687 4370 3163 4418 ROSWEIDIANAE
3219 4376 3399 4420 LIBEﬁ
3464 4376 3761 4430 TERTIUS,

512 4429 698 4492 citate
727 4435 1082 4501 contentus,
1114 4433 1183 4488 ut
1215 4426 1403 4487 trium
1431 4425 1832 4487 denariorum
1860 4423 2088 4502 stipem
2121 4478 2163 4533 ο
2270 4444 2563 4503 QUINTUS,
2591 4448 2849 4506 ssx'rus,
2877 4451 3176 4498 SEPTIMUS
3207 4455 3486 4500 VITARUM
3512 4423 3763 4499 “me

511 4547 656 4592 cum
704 4528 920 4590 labore
974 4527 1374 4607 conquiram,
1425 4543 1617 4605 quum
1682 4522 1916 4603 possim
1970 4522 2082 4584 illo

512 4646 781 4709 pergens
826 4628 1066 4706 ingenti
1128 4626 1472 4688 solidorum
1530 4631 1792 4705 quaestu
1840 4623 2083 4684 divitias

511 4726 930 4806 congregare?
982 4730 1198 4806 Itaque
1245 4744 1499 4788 sumens
1544 4726 1690 4787 artis
1738 4723 1889 4793 131
1934 4739 2084 4784 suae

2268 4524 2347 4565 ET
2414 4524 2795 4571 SENTENTIAE
2863 4528 3114 4575 PATRUM
3176 4534 3621 4578 AEGYPTIORUM
3682 4530 3760 4574 DE

2265 4601 2516 4647 SANCTIS
2543 4605 2829 4650 IACABIIS
2854 4608 3159 4654 AEGYP’I‘IO
3185 4613 3261 4655 ΕΤ
3290 4610 3758 4657 ALEXANDRINO.

2265 4724 2313 4797 ς.
2351 4722 2447 4784 32.
2480 4726 2662 4789 Liber
2680 4729 2897 4791 tertius
2916 4732 3041 4792 VV.
3055 4734 3171 4793 PP.
3189 4733 3578 4796 collectionis
3598 4736 3754 4794 Ros-

510 4828 797 4907 protinus
854 4826 1299 4900 instrumenta,
1357 4825 1652 4905 expensis
1710 4823 1777 4884 in
1833 4828 2081 4902 sumptu
2183 4821 2520 4885 weidianae
2548 4828 2823 4890 sedecim
2862 4830 3150 4894 historias
3192 4834 3269 4895 de
3298 4836 3576 4897 Macariis
3602 4848 3751 4894 con-

510 4927 832 5000 omnibus,
883 4943 1046 5006 quae
1096 4925 1197 4987 hic
1243 4925 1441 4986 multo
1488 4930 1775 5004 tempore
1822 4922 2084 4984 collecta
2186 4923 2365 4983 tinet.
2398 4926 2665 4997 Quarum
2690 4936 2976 5008 quatuor,
3010 4933 3087 4995 de
3114 4934 3391 5009 homine,
3423 4937 3532 5016 qui
3554 4932 3752 4997 caedis

510 5034 801 5100 servarat,
846 5027 924 5087 ad
977 5027 1198 5087 urbem
1249 5025 1419 5085 illam
1464 5021 2081 5102 quaestuosissimam

2188 5042 2357 5097 reus,
2389 5026 2549 5090 facta
2576 5048 2608 5091 a
2640 5034 2906 5097 Macario
2953 5040 3258 5117 Aegyptio
3303 5041 3413 5101 viri
3462 5038 3646 5103 occisi
3674 5033 3747 5097 ad

509 5144 653 5189 cum
671 5143 916 5189 summo
944 5127 1159 5189 labore
1191 5125 1495 5208 pervenit.
1520 5124 1639 5186 Ubi
1664 5141 1807 5186 cum
1837 5140 1932 5196 ea,
1955 5140 2079 5202 qua
2183 5125 2369 5188 vitam
2428 5133 2848 5209 revocatione,
2889 5135 3185 5201 liberatus
3228 5147 3322 5202 est
3369 5143 3477 5223 (7),
3519 5141 3595 5203 de
3638 5152 3748 5199 uva

575 5363 652 5435 (Ι)
673 5362 811 5419 Coll.
829 5362 919 5417 VII
946 5378 1067 5434 cap.
1091 5364 1158 5418 27
1175 5365 1423 5421 Cassiani
1438 5365 1577 5435 Opp.
1595 5364 1683 5421 ed.
1713 5361 1845 5418 Gaz.
1874 5377 1928 5431 p.
1952 5360 2080 5428 528,

510 5451 685 5522 Migne
714 5468 768 5521 p.
803 5451 907 5505 706
937 5467 1022 5521 sq.

579 5543 658 5612 (2)
684 5543 767 5597 Cl‘.
801 5543 1051 5597 Cassian.
1078 5544 1219 5598 Coll.
1256 5541 1298 5598 1.

508 5723 776 5777 Macarius
831 5726 1113 5794 Aegyptius
1155 5719 1379 5797 §XXI|;
1405 5725 1544 5782 infra
1594 5726 1649 5786 in
1686 5727 1873 5782 harum
1898 5725 2075 5792 Quae-

506 5817 743 5874 stionum
768 5818 1075 5875 Auoendice
1122 5820 1291 5875 altera
1318 5822 1423 5875 sub
1444 5816 1534 5872 Ill.

2245 5364 2322 5431 (ιι)
2362 5363 2648 5423 Mémoires
2674 5369 2736 5427 T.
2772 5371 2882 5427 vm
2911 5373 2970 5427 ι).
3007 5373 3071 5428 ιιι
3095 5391 3147 5445 p.
3175 5376 3333 5435 1007.

2250 5454 2327 5523 (5)
2352 5454 2491 5510 Coll.
2543 5457 2707 5513 XXIV
2750 5477 2871 5532 cap.
2922 5464 2989 5518 l5
3031 5465 3279 5523 Cassiani
3311 5467 3449 5539 Opp.
3499 5465 3586 5523 ed.
3611 5461 3732 5518 Gaz.

2137 5598 2141 5603 .
2178 5558 2233 5613 ιδ.
2255 5546 2381 5611 618,
2413 5548 2589 5620 Migue
2619 5568 2671 5622 p.
2704 5553 2830 5607 1501
2868 5570 2953 5624 sq.

580 5632 911 5702 (3)Coteler.
963 5632 1108 5688 Eccl.
1159 5633 1354 5689 Graec.
1402 5634 1546 5688 Mon.
1590 5634 1657 5689 Τ.
1706 5633 1726 5687 1
1784 5650 1838 5704 p.
1876 5633 1978 5689 558
2023 5649 2078 5686 v.
2140 5684 2143 5685 ν

2240 5637 2318 5702 (6)
2353 5636 2438 5691 Cf.
2464 5655 2627 5710 supra
2653 5641 2679 5713 ᾗ
2708 5643 2775 5696 10
2800 5659 2852 5713 p.
2881 5645 2969 5699 54.

2255 5727 2333 5791 (7ὶ
2364 5727 2473 5785 νγ.
2498 5729 2583 5787 PP
2639 5731 2820 5789 Bosw.
2854 5736 2947 5789 lib.
2982 5735 3045 5792 Ill
3072 5751 3201 5807 cap,
3221 5738 3277 5797 at
3312 5754 3366 5806 p.
3389 5734 3515 5799 507,
3536 5733 3585 5790 1.
