4046 6466
539 325 640 380 181

1368 321 1470 380 SS.
1511 320 1977 380 MACARIORUM
2010 319 2142 375 AEG
2158 317 2335 373 YPTll
2367 317 2455 373 ΕΤ
2495 317 2965 373 ALEXANDRINI

3727 320 3826 377 128

534 444 806 520 tempus,
828 443 891 502 et
919 438 1075 501 haec
1101 438 1317 501 dicens
1344 439 1631 501 discessit
1678 440 1791 522 (1).
1821 464 1850 496 »
1886 439 2119 502 Eadem
2150 446 2193 502 Α
2223 436 2405 499 editis
2427 436 2574 519 (14).
2593 438 2812 500 Fusius
2841 445 3047 500 tamen
3072 435 3289 499 eadem
3322 454 3431 500 res
3460 436 3599 499 hoc
3627 436 3829 503 altero

533 538 601 602 in
651 540 812 604 libro
874 540 1099 620 quinto
1176 538 1294 619 (2),
1345 547 1407 600 et
1472 542 1741 621 septimo
1805 540 1919 619 (3),
1966 541 2121 601 etin

534 640 1097 721 ApOphthegmatis
1162 659 1197 703 a
1250 642 1558 704 Cotelerio
1628 641 1809 703 editis
1858 640 2121 701 tradun-

534 747 639 801 tur
683 739 788 819 (4),
854 739 975 801 hoc
1028 739 1283 819 quidem
1364 740 1750 813 discrimine,
1796 744 1865 799 ut
1909 754 2125 799 mona-

538 838 695 901 chus
720 838 824 902 ille
847 840 909 900 in
936 840 1154 919 quinto
1188 840 1593 912 Thcoctistus,
1615 839 1682 898 in
1699 837 1990 917 septimo,
2013 837 2125 917 qui

536 942 817 994 ceterum
861 954 1004 997 cum
1056 936 1215 997 libro
1262 938 1447 997 tertio
1496 936 1573 997 ad
1609 936 1868 996 verbum
1898 954 2126 998 conve-

536 1034 673 1095 nire
723 1035 884 1096 solet
926 1035 1035 1114 (5),
1083 1037 1447 1114 Theopistus
1479 1043 1771 1109 vocetur;
1803 1036 1935 1097 sola
1964 1040 2128 1116 Apo-

534 1135 945 1212 phthegmata
994 1153 1137 1195 cum
1185 1136 1345 1196 libro
1405 1136 1589 1196 tertio
1650 1136 2126 1213 Theopemptum

535 1233 883 1312 appellant.
907 1235 1101 1295 Porro
1128 1235 1192 1295 in
1216 1236 1588 1296 narrationis
1607 1234 1749 1296 libri
1771 1234 1971 1314 quinti
2002 1236 2126 1297 ﬁne

536 1334 693 1413 legis
728 1355 741 1396 :
772 1360 799 1392 ‹‹
833 1338 1038 1397 Senex
1070 1355 1218 1398 vero
1251 1345 1501 1399 sanctus
1529 1338 1780 1398 intravit
1807 1338 1874 1397 in
1904 1336 2126 1398 cellam

536 1451 713 1494 suam
761 1433 1030 1495 adorans
1085 1442 1146 1495 et
1201 1436 1428 1513 gratias
1478 1453 1671 1512 agens
1727 1436 1855 1497 Deo
1910 1434 2124 1496 Salva-

536 1533 681 1605 tori,
715 1557 740 1587 ιο
774 1532 840 1593 in
872 1534 1433 1614 ApOphthegmatis
1468 1553 1481 1596 :
1514 1559 1540 1591 α
1565 1538 1739 1597 Tunc
1762 1542 2012 1597 sanctus
2036 1535 2129 1595 in-

538 1634 715 1693 travit
742 1632 808 1693 in
829 1632 1051 1694 cellam
1079 1652 1278 1694 suam.
1312 1658 1340 1689 »
1364 1636 1516 1696 Uter
1540 1652 1688 1696 vero
1719 1618 2127 1696 Macario‘rum

2223 538 2837 618 ApOphthegmatum
2883 537 3024 600 loco
3072 537 3477 617 explicatur:
3524 562 3556 593 α
3598 540 3831 602 Narra-

2224 637 2395 713 bant,
2453 638 2522 700 in
2581 638 2862 700 absentia
2906 640 3158 700 Macarii
3210 639 3465 701 abbatis
3510 638 3834 704 latronem

2224 738 2575 815 ingressum
2630 754 2769 799 esse
2841 737 3128 799 cellulam
3198 739 3353 800 eius.
3418 740 3581 817 Ipse
3643 741 3839 818 igitur

2226 854 2421 916 quum
2449 838 2527 899 ad
2564 836 2854 899 cellulam
2886 838 3193 911 rediisset,
3226 838 3477 901 invenit
3511 838 3835 901 latronem

2226 933 2531 996 camelum
2570 932 2959 1012 supellectile
2996 951 3107 995 sua
3165 943 3580 999 onerantem.
3629 940 3835 1009 Quare

2225 1030 2530 1092 introiens
2558 1031 2624 1091 in
2651 1031 2940 1093 cellulam
2973 1039 3034 1092 et
3063 1034 3360 1095 Macarius
3399 1035 3489 1096 de
3526 1037 3700 1097 vasis
3728 1055 3833 1097 ac-

2227 1130 2521 1209 cipiebat,
2572 1136 2634 1191 et
2678 1148 2803 1192 una
2833 1149 2975 1192 cum
3017 1149 3092 1193 eo
3133 1134 3441 1194 onerabat
3483 1136 3835 1197 camelum.

2227 1232 2477 1294 Sarcina
2519 1232 2712 1310 igitur
2755 1233 3048 1311 imposita
3080 1233 3180 1295 fur
3225 1236 3441 1314 coepit
3486 1239 3837 1300 verberare

2228 1332 2559 1405 camelum,
2584 1340 2651 1393 ut
2678 1340 2978 1409 surgeret.
3009 1334 3227 1411 Neque
3256 1341 3475 1396 tamen
3502 1339 3834 1414 surgebat.

2229 1432 2405 1504 Quod
2441 1432 2552 1492 ubi
2586 1432 2739 1492 vidit
2776 1431 2966 1494 abbas
3011 1434 3336 1508 Macarius,
3373 1435 3697 1497 cellulam
3745 1439 3838 1497 in-

2227 1550 2479 1610 gressus
2512 1538 2670 1609 136
2696 1550 2953 1611 parvum
2998 1533 3310 1594 sarculum
3342 1534 3627 1609 invenit,
3661 1538 3833 1615 quod

2228 1632 2525 1693 emissum
2556 1632 2856 1710 imposuit
2885 1632 3373 1703 camelodicens
3393 1653 3407 1694 :
3428 1637 3681 1708 Frater,
3716 1637 3833 1700 hoc

534 1730 941 1811 intelligatur,
971 1733 1181 1795 dicere
1213 1733 1479 1795 haesito.
1508 1733 2123 1813 ApOphthegmatum
2157 1754 2207 1835 Β·
2230 1733 2478 1810 quaerit
2524 1732 2822 1794 camelus.
2846 1736 2933 1792 Ac
2970 1732 3133 1811 pede
3164 1732 3422 1810 pulsans
3455 1751 3607 1794 eam
3636 1752 3831 1796 senex

536 1831 798 1909 quidem
837 1832 1210 1911 compilator
1242 1834 1574 1895 Macarium
1606 1833 1977 1911 Aegyptium
2008 1850 2118 1910 ag-

537 1932 733 1994 novit.
781 1934 909 1995 Nec
939 1950 1198 2013 prorsus
1246 1934 1590 2007 immerito;
1629 1934 1784 2004 135
1816 1951 1957 1995 nam
1990 1935 2120 1995 Ma-

538 2032 745 2093 carius
786 2034 1130 2113 Aegyptius
1160 2033 1378 2113 procul
1410 2034 1799 2113 aliquantum
1828 2051 1864 2095 a
1898 2050 2121 2095 mona-

538 2131 706 2207 chis,
773 2134 1004 2212 quibus
1070 2141 1387 2207 praeerat,
1455 2133 1768 2195 habitasse
1822 2134 2121 2213 perhibe-

537 2237 641 2293 tur
706 2232 811 2313 (6).
863 2238 936 2294 At
1006 2252 1219 2295 nonne
1273 2234 1352 2295 de
1398 2235 1666 2296 Macario
1702 2234 2123 2296 Alexandrino

539 2332 911 2394 Cellularum
932 2334 1301 2413 presbytero
1318 2334 1485 2395 idem
1506 2332 1766 2394 valebit?
1782 2334 1931 2394 Inde
1950 2351 2121 2407 vero,

541 2432 714 2510 quod
746 2434 1080 2495 Macarium
1116 2434 1292 2495 illum
1326 2435 1393 2495 in
1431 2451 1774 2514 paneremo
1814 2434 2125 2496 habitasse

541 2530 698 2610 legis
775 2534 884 2613 (7),
948 2535 1283 2596 Macarium
1336 2537 1710 2614 Aegyptium
1754 2535 1949 2598 fuisse
1996 2552 2126 2597 non

536 2640 730 2713 patet,
768 2640 1100 2713 propterea
1131 2635 1302 2713 quod
1335 2636 1520 2697 etiam
1547 2634 1816 2696 Cellulae
1843 2635 1909 2695 in
1939 2651 2129 2714 pane-

534 2748 717 2793 vremo
769 2733 921 2795 sitae
971 2742 1167 2795 erant.
1219 2739 1419 2813 Atque
1469 2736 1805 2797 Macarium
1856 2734 2125 2795 Alexan-

534 2833 794 2896 drinum
822 2834 1132 2897 daemone
1153 2835 1539 2897 familiariter
1557 2854 1742 2897 usum
1771 2853 1908 2897 esse
1939 2853 2128 2914 supra

531 2935 954 3011 cognovimus
1012 2935 1115 3016 (8).
1158 2936 1279 2996 Sed
1354 2935 1676 3014 quomodo
1722 2937 1990 2997 daemon
2018 2935 2130 2998 ho-

533 3031 747 3093 mines
776 3037 998 3107 tentet,
1032 3032 1411 3109 singularem
1452 3032 1521 3093 in
1564 3034 1825 3095 modum
1854 3036 1916 3094 S.
1946 3034 2130 3097 Atha-

540 3131 763 3193 nasius.
791 3132 856 3193 in
886 3133 1011 3194 vita
1047 3134 1108 3192 S.
1139 3134 1389 3194 Antonii
1429 3133 1759 3213 descripsit
1797 3133 1892 3216 (9).

625 3250 654 3284 α
680 3229 887 3290 Abbas
920 3230 1224 3292 Macarius
1254 3248 1398 3291 cum
1440 3238 1607 3292 esset
1632 3231 1701 3292 in
1742 3235 2024 3311 Aegypto
2074 3240 2135 3295 et

544 3344 834 3406 egressus
862 3329 1081 3391 fuisset
1113 3331 1190 3391 de
1224 3331 1380 3391 cella
1410 3349 1544 3405 sua,
1581 3348 1863 3394 reversus
1897 3334 2135 3395 invenit

544 3428 864 3507 quendam
884 3428 1198 3491 furantem
1218 3431 1303 3503 id,
1329 3431 1500 3508 quod
1528 3431 1591 3491 in
1616 3430 1775 3492 cella
1794 3450 1903 3493 sua
1928 3433 2132 3495 .habe-

544 3527 671 3590 bat.
701 3530 884 3589 Stetit
905 3546 1056 3607 ergo
1090 3537 1152 3591 et
1171 3532 1307 3610 ipse
1330 3538 1626 3610 tanquam
1654 3533 2043 3609 peregrinus,
2070 3540 2133 3594 et

546 3627 870 3690 carricavit
906 3629 1268 3709 (10)animal
1298 3647 1442 3691 cum
1473 3629 1582 3691 illo
1618 3648 1763 3691 cum
1804 3631 1995 3691 multa
2030 3649 2130 3692 re-

547 3727 722 3807 quie,
750 3736 815 3789 et
848 3730 1142 3809 perduxit
1170 3747 1315 3791 eum
1352 3730 1569 3793 dicens
1606 3748 1619 3790 :
1657 3730 1819 3793 Nihil
1858 3732 1922 3792 in
1963 3730 2134 3794 hunc

548 3828 855 3889 mundum
882 3829 1241 3902 intulimus;
1272 3830 1575 3891 Dominus
1605 3830 1800 3903 dedit,
1832 3830 2134 3893 Dominus

547 3926 837 4002 abstulit;
868 3930 1034 3990 sicut
1073 3936 1136 3990 et
1181 3930 1320 4008 ipse
1362 3930 1578 4004 voluit,
1609 3931 1693 3991 ita
1725 3930 1959 3993 factum
1993 3939 2128 4005 est;

549 4027 1231 4093 benedictusDominus
1256 4027 1320 4087 in
1342 4028 1634 4088 omnibus
1650 4028 1702 4101 (1
1720 4028 1795 4106 1).
1810 4053 1835 4083 »
1852 4029 2025 4091 Idem
2043 4047 2139 4092 re-

549 4128 719 4207 peris
744 4128 815 4187 in
834 4124 993 4188 libro
1016 4127 1235 4205 quinto
1266 4126 1409 4205 (1‘2),
1444 4128 1551 4188 ubi
1580 4129 1772 4189 abbas
1798 4128 1907 4188 ille
1948 4152 1976 4183 α
2004 4131 2135 4191 Ma-

549 4228 755 4289 carius
782 4227 849 4289 in
894 4230 1178 4305 Aegypto
1221 4227 1462 4305 positus
1486 4250 1514 4281 ››
1558 4230 1834 4299 vocatur,
1860 4227 1927 4287 in
1966 4226 2131 4290 libro

538 4326 819 4406 septimo
842 4324 992 4405 (13),
1016 4324 1161 4387 etin
1190 4322 1752 4404 Apophthegmatis
1770 4342 1810 4385 a
1824 4323 2130 4387 Cotelerio

2227 1832 2309 1893 ait
2342 1851 2353 1892 :
2388 1831 3088 1910 Surge.Confestimque
3122 1832 3412 1906 surrexit,
3461 1840 3531 1894 et
3569 1852 3833 1912 parum-

2229 1948 2343 2010 per
2360 1931 2601 1991 itineris
2640 1929 2913 1992 confecit
2948 1936 3206 2009 prepter
3250 1932 3388 1992 eius
3426 1950 3827 1995 sermonem.

2226 2030 2350 2092 Sed
2390 2031 2617 2092 iterum
2657 2030 2910 2105 resedit,
2943 2047 3153 2109 neque
3195 2032 3587 2106 exsurrexit,
3625 2033 3829 2094 donec

2229 2134 2673 2213 deposuissent
2727 2138 3017 2211 cunctam
3086 2132 3581 2211 supellectilem.
3661 2136 3829 2196 Tunc

2230 2234 2482 2295 demum
2511 2234 2660 2297 abiit
2688 2232 2836 2311 (15).
2868 2257 2896 2288 ιο
2928 2232 3260 2294 Macarium
3286 2235 3710 2313 Aegyptium,
3733 2235 3831 2297 cui

2230 2334 2853 2413 Ap0phthegmatum
2896 2331 3268 2410 compilator
3322 2352 3461 2395 rem
3520 2336 3824 2405 attribuit,

2231 2433 2588 2511 signiﬁcari,
2636 2432 2780 2493 libri
2812 2431 3016 2511 quinti
3058 2433 3243 2493 verba
3283 2448 3296 2491 :
3332 2456 3360 2488 α
3408 2434 3734 2497 Macarius
3766 2434 3828 2493 in

2230 2538 2514 2611 Aegypto
2552 2532 2853 2611 positus,»
2890 2538 2951 2592 et
2980 2530 3221 2604 eadem,
3247 2550 3407 2610 quae
3441 2537 3623 2615 apud
3646 2538 3821 2597 Cote—

2226 2633 2455 2695 lerium
2486 2639 2652 2703 sunt,
2674 2632 2977 2694 vocabula
3012 2650 3237 2711 graeca
3262 2651 3275 2692 :
3300 2638 3603 2706 Μακάριος
3648 2638 3705 2688 ὲν
3744 2635 3828 2687 Ai-

2233 2738 2423 2809 γύπτῳ
2446 2740 2519 2791 ὢν
2542 2735 2688 2795 satis
2712 2736 3146 2813 comprobant.
3172 2734 3282 2795 Illa
3309 2732 3450 2794 Iobi
3484 2731 3683 2791 verba
3713 2730 3827 2789 Ma-

2235 2830 2442 2891 carius
2482 2832 2822 2915 Aegyptius
2871 2833 3053 2893 etiam
3098 2833 3164 2892 in
3202 2828 3488 2892 homiliis
3536 2825 3825 2889 laudibus

2236 2928 2873 3009 eﬁ‘ert(16).Latrones
2899 2950 3051 2993 vero
3074 2932 3183 2993 illo
3208 2941 3504 3008 tempore
3542 2927 3613 2987 in
3632 2929 3825 3002 Aegy-

2236 3031 2327 3108 pti
2361 3031 2624 3093 desertis
2650 3033 3012 3094 creberrimi
3045 3040 3243 3095 erant.
3282 3032 3368 3091 De
3398 3029 3679 3097 latrone,
3725 3020 3823 3102 qui

2158 3136 2201 3194 C
2232 3132 2534 3209 virginem
2572 3135 2699 3195 Deo
2747 3141 3047 3194 sacratam
3089 3150 3124 3193 e
3171 3131 3469 3193 manibus
3510 3126 3820 3189 sociorum

2237 3236 2521 3309 stuprare
2556 3248 2690 3292 eam
2720 3231 3113 3309 cupientium
3153 3228 3405 3308 eripuit,
3444 3225 3608 3302 legis
3651 3222 3717 3282 in
3750 3218 3821 3278 li-

2238 3330 2353 3391 bro
2399 3332 2681 3393 secundo
2718 3331 2865 3410 (‘17).
2892 3330 3120 3392 Cellam
3159 3334 3220 3391 S.
3256 3328 3605 3391 Hilarionis
3638 3324 3818 3385 latro-

2228 3447 2351 3493 nes
2404 3449 2522 3510 per
2568 3439 2762 3493 totam
2816 3438 3069 3494 noctem
3130 3429 3566 3509 quaesierunt,
3624 3436 3820 3500 neque

2236 3530 2518 3590 invenire
2548 3538 2888 3610 potuerunt
2937 3530 3083 3613 (18).
3126 3531 3188 3589 S.
3223 3528 3521 3589 Ammoni
3557 3526 3820 3587 latrones

2239 3629 2602 3710 frequenter
2631 3649 2859 3711 panem
2888 3630 3299 3701 abstulerunt,
3339 3644 3545 3707 quare
3576 3631 3817 3686 sanctus

2240 3729 2399 3790 duos
2430 3730 2624 3790 eremi
2659 3730 2965 3793 dracones
2999 3729 3289 3807 ingentes
3315 3727 3390 3787 ad
3428 3726 3665 3788 ostium
3695 3717 3814 3782 cel-

2240 3828 2338 3893 lae
2391 3831 2743 3905 collocavit,
2791 3848 3061 3910 quorum
3123 3836 3383 3908 aspectu
3448 3826 3810 3889 semineces.

2242 3948 2438 4009 quum
2479 3930 3115 4010 appropinquassent,
3168 3929 3442 3990 latrones
3495 3929 3564 3989 in
3605 3921 3811 3987 cellam

2242 4027 2834 4097 introducti,mensa
2854 4029 3166 4107 apposita,
3191 4028 3257 4088 in
3287 4026 3622 4088 meliorem
3642 4021 3809 4081 vitam

2244 4128 2532 4188 conversi
2564 4135 2709 4189 sunt
2743 4127 2886 4207 (19).
2918 4128 3091 4189 Bello
3114 4128 3278 4189 inter
3296 4126 3571 4188 duorum
3588 4118 3811 4184 incolas

2240 4243 2548 4306 pagorum
2577 4234 2794 4289 coorto
2816 4227 3226 4288 alterlatrone
3256 4225 3532 4311 quodam
3564 4224 3719 4284 duce
3738 4212 3808 4277 ad

2237 4327 2473 4391 bellum
2525 4328 2870 4407 gerendum
2920 4328 3188 4389 maxime
3243 4326 3477 4389 idoneo
3540 4317 3808 4387 conﬁde—

622 4558 701 4632 (1)
758 4556 873 4613 vv.
932 4557 1039 4612 rp.
1093 4558 1277 4615 aosw.
1323 4559 1417 4614 lib.
1483 4558 1551 4615 Ill
1611 4573 1729 4627 cap.
1778 4558 1841 4612 δι
1900 4573 1956 4629 ρ.
2002 4557 2131 4623 510,
2165 4562 2209 4617 ι)
2310 4556 2425 4629 (η)
2454 4558 2590 4615 Ibid.
2623 4557 2978 4614 lib.Vlibell.
3012 4558 3154 4625 16,6
3210 4574 3264 4626 p.
3299 4556 3507 4618 631,1.

555 4654 583 4708 Ι
619 4667 706 4721 sq.

623 4744 703 4816 (ε)
731 4743 869 4798 ibid.
900 4743 996 4797 lib.
1037 4740 1081 4794 v
1112 4742 1281 4797 libell.
1313 4742 1401 4807 18,
1436 4740 1467 4795 9
1506 4758 1562 4809 p.
1607 4741 1732 4803 637,
1781 4741 1803 4793 ι
1857 4757 1942 4811 sq.

616 4836 699 4908 (3)
737 4834 872 4891 Ibid.
908 4834 1003 4889 lib.
1039 4832 1131 4887 V11
1160 4848 1279 4901 cap.
1308 4832 1359 4899 1,
1383 4833 1417 4885 8
1444 4848 1498 4901 p.
1527 4832 1653 4897 665,
1680 4833 1715 4885 2
1738 4848 1823 4901 sq.

620 4928 698 4997 (1)
728 4927 962 4981 Coteler.
991 4924 1143 4980 Eccl.
1172 4923 1368 4977 Graec.
1402 4922 1547 4976 Mon.
1586 4922 1651 4976 Τ.
1688 4922 1705 4974 l
1736 4939 1787 4989 ιι.
1822 4921 1925 4975 5‘18
1956 4936 2041 4989 sq.
2084 4934 2131 4973 s.

550 5032 603 5070 ν.
635 5014 904 5069 Macarius
936 5014 1225 5084 Aegyptius
1255 5010 1284 5083 ε
1322 5011 1425 5077 Ill;
1471 5012 1615 5064 intra
1649 5012 1703 5064 in
1736 5012 1928 5064 harum
1953 5010 2137 5074 Quae-

550 5106 791 5162 stionum
823 5105 1136 5175 Appendice
1166 5105 1336 5157 altera
1370 5104 1474 5158 sub
1501 5101 1590 5156 lll.

622 5194 701 5264 (5')
722 5192 806 5247 Cf.
834 5209 998 5263 supra
1027 5192 1053 5264 §
1086 5195 1147 5248 lt)
1184 5211 1235 5264 p.
1270 5194 1361 5247 55.

622 5284 700 5358 (6)
735 5284 819 5340 Cf.
853 5301 1018 5353 supra
1047 5285 1104 5357 ἐξ
1144 5287 1231 5352 1'2,
1274 5287 1356 5352 15,
1384 5302 1438 5357 p.
1458 5284 1555 5347 '58,
1584 5284 1673 5339 11.

620 5379 699 5448 (7)
735 5374 1006 5446 Apophth.
1038 5375 1076 5431 ι.
1104 5374 1144 5428 ι.

622 5470 701 5541 (8)
736 5469 823 5525 Cf.
858 5484 1025 5539 supra
1054 5467 1081 5538 §
1107 5468 1198 5529 28,
1230 5482 1285 5536 p.
1316 5467 1420 5521 116
1453 5482 1536 5535 sq.

622 5560 700 5631 (9)
735 5561 870 5631 Opp.
909 5559 1200 5613 Athanasii
1240 5560 1329 5614 ed.
1360 5556 1485 5613 LT.
1523 5558 1540 5611 1
1586 5558 1648 5612 Ρ.
1682 5557 1723 5611 ll
1764 5574 1817 5628 p.
1858 5556 1987 5611 651.

621 5650 734 5721 (10)
777 5651 857 5705 Ad
889 5652 1031 5704 hanc
1084 5664 1269 5704 vocem
1302 5651 1469 5721 gloss.
1515 5660 1643 5705 vett.
1693 5652 1923 5713 carrico,
1957 5662 2133 5702 onero.

554 5739 737 5794 Rosw.
766 5741 803 5794 l.
834 5743 869 5795 l.
899 5759 953 5812 p.
982 5740 1104 5801 535.
1131 5743 1153 5794 1
1191 5750 1304 5795 not.
1330 5742 1419 5795 15.

624 5829 739 5898 (11)
769 5829 882 5885 νγ.
916 5830 1021 5886 PP.
1045 5831 1228 5888 Rosw.
1255 5835 1349 5890 lib.
1378 5834 1448 5888 lll
1477 5850 1598 5904 cap.
1630 5834 1700 5889 75
1726 5848 1781 5904 p.
1817 5831 1940 5897 512,
1975 5830 2027 5884 1.

2307 4652 2420 4723 (15)
2448 4652 2588 4706 Ibid.
2618 4652 2715 4706 lib.
2749 4649 2834 4704 Vll
2860 4666 2981 4718 cap.
3016 4650 3070 4714 3,
3097 4650 3118 4702 1
3149 4664 3197 4717 p.
3242 4647 3366 4712 666,
3400 4646 3454 4702 2.

2306 4742 2417 4814 (14)
2448 4741 2685 4797 Coteler.
2718 4740 2863 4794 Eccl.
2887 4740 3082 4794 Graec.
3117 4737 3262 4791 Men.
3290 4736 3353 4789 T.
3402 4735 3421 4788 Ι
3463 4752 3518 4806 p.
3542 4732 3646 4788 556
3669 4746 3715 4785 s.
3755 4739 3802 4778 ν.

2234 4835 2506 4891 Macarius
2531 4833 2866 4904 Aegyptius§
2915 4832 3109 4898 QII";
3143 4831 3288 4884 infra
3331 4831 3388 4885 in
3421 4830 3614 4884 barum
3642 4824 3804 4889 Quae-

2234 4927 2474 4983 stionum
2506 4925 2824 4995 ‘Appeiidice
2845 4924 3013 4977 altera
3038 4923 3140 4978 sub
3169 4923 3257 4977 Ill.

2307 5017 2420 5089 (l5)
2466 5016 2601 5071 lbid.
2631 5034 2683 5087 p.
2710 5016 2816 5070 518
2847 5032 2894 5070 s.
2932 5031 2985 5069 ν.
3013 5014 3289 5067 Macarius
3321 5010 3603 5082 Aegyptius
3642 5002 3667 5072 ἕ
3704 4995 3800 5051 XL-

2308 5110 2423 5181 (16)
2454 5108 2540 5163 Cf.
2584 5108 2728 5163 infra
2759 5109 2939 5185 locum
2969 5106 3126 5161 Hom.
3158 5105 3201 5159 ν
3248 5121 3277 5159 a
3323 5106 3482 5159 nobis
3528 5112 3669 5155 nunc
3706 5091 3800 5161 pri-

2239 5215 2390 5257 mum
2422 5199 2651 5253 editum.

2310 5291 2424 5360 (17)
2451 5288 2566 5346 νγ.
2600 5289 2705 5344 ΡΡ.
2732 5289 2917 5344 Rosw.
2942 5289 3039 5343 lib.
3062 5285 3104 5339 ll
3136 5301 3258 5355 cap.
3292 5284 3360 5339 16
3381 5300 3432 5354 p.
3454 5281 3577 5342 17‘,
3612 5277 3636 5329 1
3664 5291 3679 5341 ;
3705 5269 3798 5322 Ru-

2243 5383 2335 5438 ﬁni
2356 5381 2497 5451 Opp.
2526 5381 2615 5455 ed.
2646 5380 2880 5435 Vallarsi
2914 5396 2967 5449 p.
2996 5379 3123 5443 176,
3168 5379 3354 5447 Migne
3382 5393 3437 5447 p.
3470 5372 3591 5430 456.

2311 5473 2423 5543 (18)
2451 5471 2571 5527 Vita
2602 5472 2659 5527 S.
2692 5470 2961 5526 Hilarion.
3004 5486 3127 5541 cap.
3160 5470 3213 5535 7,
3260 5468 3375 5524 νγ.
3410 5468 3516 5522 PP.
3552 5462 3723 5517 BOIW-
3746 5464 3793 5518 P-

2243 5563 2329 5628 77,
2365 5564 2417 5618 1.

2316 5652 2427 5723 (19‘;
2454 5651 2566 5725 νγ.
2602 5651 2702 5707 ΡΡ.
2740 5653 2923 5707 Rosw.
2960 5651 3058 5707 lib.
3096 5650 3141 5704 11
3181 5665 3306 5720 cap.
3353 5649 3387 5702 8
3414 5664 3468 5718 p.
3497 5646 3615 5705 165,
3643 5636 3691 5689 2.
3720 5640 3792 5696 3‘1'

2244 5744 2447 5801 Ruﬁni.
2472 5745 2608 5816 Opp.
2644 5728 2730 5803 ed.
2760 5728 2993 5802 Vallarsi
3025 5761 3079 5817 p.
3112 5742 3213 5799 158
3236 5783 3251 5808 ,
3287 5740 3467 5813 Migne
3487 5756 3540 5812 p.
3566 5734 3651 5790 4οο
