4046 6480
240 412 305 462 in
1792 407 2024 463 VITAE.

3456 399 3562 453 130

244 518 315 580 bat
339 518 450 596 {1).
495 523 882 589 Facmora
930 526 1260 597 latronum,
1299 524 1771 601 eorundemque
1793 522 1869 584 ad
1901 531 1944 585 A
1975 522 2172 584 Scetis
2201 520 2421 583 abbate
2450 518 2713 580 relatum
2748 522 2934 590 esset,
2970 514 3344 594 Aegyptium
3372 514 3561 574 intel-n

251 620 553 682 meliorem
598 626 838 687 vitam
895 628 1132 687 reditus
1171 627 1231 685 in
1260 626 1382 685 VV.
1414 626 1531 683 PP.
1565 640 1878 701 saepenu-

254 738 390 783 mero
424 735 839 786 occurrunt
881 726 993 808 (ι).
1034 726 1345 787 Beduinos
1388 740 1641 803 quoque
1690 723 1886 782 incer-

256 822 316 881 tis
336 840 599 901 semper
622 826 936 887 sedibus
962 844 1071 907 per
1091 827 1457 887 solitudines
1485 825 1607 886 huc
1640 825 1783 885 illuc
1806 825 1885 885 ad

263 925 695 1003 praedandum
752 937 1031 1005 vagatos
1074 946 1233 1001 esse,
1268 946 1344 989 ex
1381 926 1762 1007 perpulchra
1820 927 1885 985 S.

272 1026 457 1087 Malchi
490 1027 632 1088 vita
681 1046 727 1089 a
768 1030 843 1088 S.
894 1030 1282 1109 Hieronymo
1315 1028 1669 1107 conscripta
1693 1027 1886 1088 disci-

280 1144 386 1186 mus
410 1125 519 1195 i3).

340 1252 363 1282 ι
396 1227 705 1300 Quodam
752 1237 1059 1309 tempore
1122 1236 1341 1291 orante
1380 1229 1566 1290 beato
1616 1228 1889 1289 Macario

277 1329 500 1401 abbate,
541 1346 684 1389 vox
730 1330 819 1391 ad
864 1348 1008 1392 eum
1060 1331 1385 1409 personuit
1426 1330 1643 1391 dicens
1687 1347 1700 1389 :
1759 1331 1887 1389 Ma-

274 1428 409 1497 cari,
446 1429 749 1491 necdum
776 1429 863 1491 ad
886 1447 1241 1491 mensuram
1272 1432 1534 1491 duarum
1558 1429 1892 1490 mulierum

279 1530 421 1599 137
452 1533 860 1610 pervenisti,
901 1550 1062 1612 quae
1098 1534 1159 1593 in
1195 1534 1479 1613 proxima
1515 1533 1748 1612 pariter
1787 1532 1895 1594 ha-

274 1631 460 1692 bitant
508 1632 815 1694 civitate.
871 1636 1004 1707 Quo
1048 1634 1262 1695 audito
1305 1652 1498 1695 senex
1547 1650 1893 1711 exsurgens

281 1737 520 1809 arrepto
559 1731 816 1793 baculo
847 1732 915 1792 in
953 1732 1335 1809 designatam
1361 1733 1646 1813 pervenit
1674 1732 1891 1794 civita-

283 1838 416 1891 tem.
453 1834 771 1913 Cumque
820 1834 1049 1894 ostium
1094 1836 1412 1914 quaesitae
1450 1835 1675 1897 domus
1704 1840 1891 1914 atque

279 1933 569 1995 inventae
634 1934 950 2013 pulsaret,
1002 1953 1251 2015 egressa
1302 1955 1428 1999 una
1467 1954 1544 1997 ex
1588 1936 1711 1997 illis
1748 1954 1893 1998 cum

275 2050 505 2111 magna
543 2034 956 2097 exultatione
983 2054 1126 2097 eum
1164 2038 1461 2116 suscepit.
1501 2039 1661 2110 Quas
1696 2044 1896 2098 utras-

280 2151 408 2211 que
448 2152 660 2196 senex
702 2144 1082 2198 convocatas
1113 2138 1194 2199 ita
1225 2146 1318 2200 est
1353 2138 1661 2201 allocutus
1697 2156 1709 2198 :
1749 2141 1897 2200 Pro-

282 2238 424 2309 pter
445 2250 558 2294 vos
579 2240 842 2295 tantum
865 2234 1142 2296 laborem
1174 2236 1430 2298 veniens
1453 2254 1528 2297 ex
1550 2237 1896 2299 solitudine

293 2329 648 2410 longinqua
699 2332 1011 2403 sustineo,
1052 2341 1119 2394 ut
1152 2352 1345 2413 opera
1395 2342 1598 2397 vestra
1654 2353 1895 2416 cogno-

302 2448 745 2509 scerem,quae
766 2431 919 2492 mihi
946 2450 1055 2493 vos
1076 2432 1383 2494 condicite
1403 2452 1473 2495 ac
1496 2442 1759 2497 narrate.
1789 2437 1898 2497 Cui

308 2530 439 2593 illae
480 2535 572 2594 sic
622 2533 971 2593 dixerunt:
1008 2534 1201 2595 Crede
1257 2534 1463 2610 nobis,
1510 2537 1898 2598 sanctissime

302 2642 495 2712 pater,
532 2635 697 2713 quia
733 2653 850 2696 nec
883 2636 1197 2715 praesenti
1238 2643 1425 2699 nocte
1462 2654 1497 2698 a
1534 2639 1895 2699 maritorum

296 2736 546 2796 lectulis
568 2736 818 2796 fuimus
852 2744 1193 2816 separatae.
1224 2738 1436 2811 Qualia
1464 2755 1614 2815 ergo
1645 2756 1836 2819 Opera
1863 2757 1899 2801 a

300 2838 486 2898 nobis
519 2835 858 2915 exquiris?
887 2838 1007 2898 Sed
1044 2856 1235 2900 senex
1281 2839 1346 2899 in
1382 2839 1675 2918 precibus
1699 2841 1898 2919 persi-

299 2940 520 3013 slcbat,
556 2946 630 2999 ut
681 2939 740 2999 ei
790 2939 947 3000 vitae
992 2957 1139 3000 suae
1172 2940 1457 3001 ordinem
1490 2940 1897 3002 declararent.

301 3043 411 3101 Cui
439 3050 597 3103 tunc
637 3040 787 3101 illae
818 3040 1180 3120 compulsae
1207 3041 1499 3102 dixerunt
1538 3060 1549 3101 :
1577 3043 1701 3102 Nos
1733 3042 1902 3105 nulla

304 3142 466 3201 inter
506 3158 632 3201 nos
666 3157 886 3200 sumus
918 3139 1361 3218 parentelitatis
1420 3140 1710 3202 affinitate
1755 3159 1905 3203 con-

1986 622 2093 699 ligi
2136 622 2435 698 sequitur.
2486 621 2771 680 Ceterum
2828 616 3074 689 similia,
3106 615 3335 694 quibus
3380 613 3565 674 liceat

1986 723 2425 801 comprobare,
2456 721 2641 782 vitam
2670 718 3053 781 saecularem
3084 733 3227 778 cum
3261 714 3371 774 Dei
3394 729 3567 775 amo-

1987 839 2055 882 re
2088 829 2287 883 actam
2316 820 2513 898 magis
2544 835 3001 897 nonnunquam
3029 817 3180 887 Deo,
3215 831 3399 893 quam
3423 829 3565 873 mo-

1989 923 2313 984 nachicam
2344 921 2617 1001 placere,
2647 938 2681 982 e
2710 921 2835 980 VV.
2866 920 2982 979 PP.
3018 934 3207 997 supra
3251 916 3571 989 congessi-

1989 1041 2129 1083 mus
2154 1022 2259 1101 (6).
2296 1027 2339 1081 A
2369 1022 2598 1101 quibus
2624 1019 3085 1081 narrationibus
3116 1017 3301 1078 etiam
3331 1032 3571 1093 germa-

1990 1124 2200 1184 nicum
2228 1123 2387 1193 138
2412 1122 2657 1199 insigne
2687 1137 2937 1200 poema,
2964 1119 3133 1197 quod
3178 1134 3381 1196 nuper
3415 1131 3568 1194 pro-

1991 1222 2125 1296 diit,
2152 1223 2360 1284 medio
2383 1239 2536 1283 aevo
2567 1221 2948 1282 elaboratum
2975 1224 3037 1279 et
3063 1236 3075 1277 :
3103 1219 3227 1276 Der
3248 1223 3389 1295 gutc
3422 1216 3572 1277 Ger-

1993 1321 2153 1383 hard
2185 1321 2554 1401 inscriptum
2586 1320 2691 1400 (7),
2722 1320 2897 1380 initia
2927 1336 3035 1378 sua
3079 1318 3325 1396 cepisse
3361 1314 3568 1375 credi-

1992 1424 2214 1485 derim.
2246 1427 2447 1501 Atque
2505 1422 2740 1483 similes
2798 1419 3088 1480 historias
3152 1435 3358 1496 nuper
3412 1432 3569 1477 con-

1994 1524 2183 1602 gessit
2226 1524 2429 1586 clarus
2476 1523 2857 1585 Simrockius
2887 1529 3099 1583 noster
3131 1522 3195 1582 in
3238 1521 3397 1582 libro
3430 1537 3569 1591 suo,

1994 1625 2103 1704 qui
2150 1625 2557 1687 inscribitur:
2598 1628 2726 1686 Der
2776 1635 2920 1704 gute
2961 1624 3246 1688 Gcrhard
3292 1624 3424 1685 und
3473 1622 3574 1683 dic

1995 1727 2357 1788 dankbaren
2394 1728 2633 1789 Todten
2657 1727 2764 1805 (8).

2077 1852 2106 1885 «
2148 1831 2373 1890 Beatus
2422 1828 2724 1890 Macarius
2758 1828 2837 1889 de
2874 1826 3215 1906 semetipso
3265 1825 3577 1887 referebat

1996 1930 2215 1992 dicens
2242 1948 2253 1990 :
2284 1931 2442 1991 Dum
2482 1948 2686 1991 essem
2709 1930 2975 2003 iuvenis,
2999 1935 3060 1990 et
3089 1935 3297 1989 tamen
3325 1928 3389 1988 in
3422 1926 3578 1989 cella

1996 2034 2359 2107 residerem,
2384 2034 2649 2095 invitum
2688 2049 2789 2093 me
2817 2039 3106 2093 tenentes
3149 2031 3445 2093 clericum
3480 2048 3580 2092 or-

1997 2134 2366 2197 dinaverunt
2384 2134 2451 2195 in
2471 2135 2630 2196 vico.
2646 2135 2796 2195 Cum
2808 2139 3013 2195 autem
3031 2132 3254 2195 nolens
3272 2132 3398 2194 illic
3412 2150 3573 2206 esse.

1996 2234 2063 2294 in
2084 2233 2289 2295 vicum
2318 2233 2584 2295 alterum
2619 2234 3002 2312 effugissem,
3039 2240 3100 2295 et
3131 2233 3384 2313 quidam
3422 2232 3579 2294 mihi

2000 2336 2333 2397 saecularis
2374 2335 2705 2413 religiosus
2758 2352 2951 2415 Opere
2982 2351 3125 2396 meo
3166 2334 3420 2396 vendito
3468 2334 3581 2395 mi-

2000 2437 2309 2510 nistraret,
2361 2436 2643 2514 contigit,
2695 2437 3007 2515 quandam
3092 2436 3395 2513 virginem
3468 2453 3583 2515 per

2001 2543 2284 2616 stuprum
2322 2538 2555 2597 ventris
2601 2554 2761 2597 onus
2796 2537 3104 2616 accipere.
3139 2539 3307 2609 Quae
3349 2536 3499 2597 dum
3546 2554 3582 2597 a

2002 2637 2391 2716 parentibus,
2426 2654 2459 2698 a
2500 2654 2627 2715 quo
2658 2636 2875 2697 fuisset
2904 2654 3288 2716 compressa,
3322 2638 3584 2716 requiri-

2002 2744 2124 2811 tur,
2154 2737 2307 2799 dixit
2342 2738 2444 2799 illa
2478 2756 2490 2797 :
2528 2738 2916 2799 Anachoreta
2954 2736 3058 2799 ille
3102 2744 3307 2799 vester
3349 2738 3470 2799 hoc
3518 2738 3582 2798 in

2003 2856 2105 2900 me
2132 2838 2375 2900 facinus
2401 2839 2805 2918 perpetravit.
2832 2840 3080 2916 Egressi
3110 2856 3259 2900 vero
3292 2847 3585 2919 parentes

2004 2940 2252 3019 puellae
2285 2939 2899 3019 comprehendentes
2954 2958 3056 3001 me
3118 2942 3585 3021 suspenderunt

2002 3058 2147 3102 meo
2170 3040 2334 3102 collo
2356 3059 2498 3102 vasa
2536 3040 2768 3114 ﬁctilia,
2796 3048 2858 3101 et
2890 3058 3003 3121 per
3031 3022 3307 3119 singulas
3337 3044 3587 3105 semitas

2006 3141 2559 3203 circumducebant
2603 3158 2703 3201 me
2736 3142 2928 3203 caede
2971 3148 3333 3217 mactantes,
3399 3152 3590 3224 atque

306 3239 593 3313 iunctae;
637 3238 904 3315 contigit
946 3244 1177 3312 autem,
1212 3247 1280 3301 ut
1328 3240 1575 3301 duobus
1612 3242 1905 3303 fratribus
1933 3244 1975 3301 C
2008 3239 2271 3319 insuper
2312 3240 2408 3300 his
2454 3239 2715 3300 vocibus
2759 3238 3132 3301 insultantes
3168 3258 3180 3299 :
3224 3242 3339 3303 Hic
3365 3258 3586 3303 mona-

304 3340 749 3419 iungeremur,
791 3346 852 3401 et
900 3358 1041 3401 cum
1078 3339 1174 3401 his
1208 3340 1570 3419 quindecim
1620 3342 1800 3403 annis
1836 3343 1903 3403 in

305 3440 505 3501 domo
542 3458 675 3501 una
722 3440 955 3519 pariter
984 3449 1425 3519 permanentes
1476 3459 1683 3521 neque
1720 3449 1905 3522 turpe

310 3541 575 3601 verbum
617 3540 813 3602 altera
858 3540 1011 3600 dixit
1054 3540 1129 3600 ad
1171 3541 1449 3616 alteram,
1484 3559 1693 3620 neque
1730 3542 1905 3605 litem

307 3642 662 3721 aliquando
696 3641 1146 3713 commisimus,
1178 3642 1285 3702 sed
1316 3642 1379 3702 in
1414 3661 1567 3720 pace
1604 3642 1906 3705 hactenus

312 3742 608 3813 viximus,
635 3748 699 3802 et
738 3740 871 3821 pari
904 3759 1218 3802 consensu
1250 3743 1671 3816 tractavimus,
1691 3750 1909 3823 quate-

324 3860 436 3903 nus
456 3843 698 3922 pariter
741 3840 970 3901 relictis
1014 3841 1249 3902 maritis
1294 3840 1359 3901 in
1417 3843 1907 3920 congregatione

329 3942 762 4021 rcligiosarum
775 3943 1080 4021 virginum
1095 3942 1733 4022 proﬁcisceremur,et
1756 3944 1909 4004 mul-

322 4045 397 4104 tis
437 4046 736 4123 precibus
786 4043 906 4105 hoc
952 4062 987 4105 a
1029 4043 1401 4122 coniugibus
1440 4061 1569 4105 non
1603 4044 1909 4105 valuimus

322 4145 637 4206 obtinere.
670 4148 804 4217 Quo
843 4163 969 4207 non
999 4144 1250 4225 adepto,
1282 4144 1443 4206 inter
1472 4162 1589 4205 nos
1624 4151 1683 4205 et
1716 4146 1907 4205 Deum

324 4245 659 4321 posuimus
696 4251 1158 4317 testamentum,
1189 4251 1256 4305 ut
1296 4262 1494 4323 usque
1534 4244 1609 4305 ad
1644 4251 1911 4307 mortem

2008 3340 2165 3402 chus
2187 3340 2346 3402 ﬁliae
2376 3346 2627 3401 nostrae
2647 3340 2769 3400 vim
2798 3340 3025 3401 intulit.
3051 3343 3330 3421 Cumque
3357 3361 3458 3405 me
3478 3362 3586 3405 us-

2007 3459 2132 3520 que
2154 3441 2231 3503 ad
2256 3459 2479 3503 necem
2501 3441 2770 3502 fustibus
2794 3460 2995 3521 paene
3013 3442 3440 3518 mulctassent,
3456 3445 3591 3524 qui—

2007 3543 2151 3603 dam
2181 3560 2258 3603 ex
2317 3542 2672 3603 senioribus
2719 3542 2874 3603 dixit
2919 3542 2996 3603 ad
3027 3561 3136 3604 eos
3188 3561 3201 3603 :
3248 3545 3592 3624 Usquequo

2007 3645 2176 3705 hunc
2212 3645 2613 3723 peregrinum
2638 3644 3018 3705 monachum
3050 3645 3240 3707 caede
3274 3646 3595 3709 mactatis?

2009 3744 2128 3805 Sed
2164 3751 2225 3806 et
2268 3744 2662 3805 ministrante
2712 3744 2868 3805 mihi
2917 3752 3222 3824 sequente
3265 3753 3326 3807 et
3361 3747 3593 3808 rubore

2008 3844 2288 3925 perfuso,
2358 3844 2614 3905 iniurias
2666 3845 3023 3922 irrogabant
3069 3844 3396 3907 dicentes:
3432 3848 3594 3909 Ecce

2010 3944 2162 4023 quid
2195 3942 2344 4004 fecit
2372 3943 2498 4015 hic,
2526 3959 2640 4022 pro
2662 3960 2789 4021 quo
2820 3948 2886 4002 tu
2917 3942 3345 4003 testimonium
3383 3940 3596 4021 perhi-

2010 4042 2243 4105 bebas‘?
2267 4046 2345 4105 Pa
2357 4052 2563 4105 rentes
2584 4050 2789 4105 autem
2808 4043 3053 4122 puellae
3068 4044 3359 4104 dixerunt
3380 4061 3392 4102 :
3412 4043 3593 4104 Nulla

2012 4144 2180 4206 hunc
2230 4143 2471 4204 ratione
2519 4142 2910 4215 dimittimus,
2962 4142 3079 4202 nisi
3125 4158 3240 4221 pro
3280 4142 3593 4203 alimentis

2012 4244 2258 4323 puellae
2287 4242 2676 4323 praestandis
2703 4242 2930 4320 aliquis
2960 4259 3076 4321 pro
3098 4242 3238 4319 ipso
3266 4241 3595 4303 satisdator

322 4351 607 4405 nostram
663 4343 979 4405 saeculare
1020 4344 1280 4405 verbum
1329 4361 1459 4406 non
1508 4344 1916 4423 loqueremur
2013 4345 2363 4408 accesserit.
2399 4345 2573 4417 Quod
2611 4345 2758 4404 dum
2796 4343 3170 4404 ministranti
3196 4343 3376 4416 mihi,
3413 4350 3477 4405 ut
3500 4343 3595 4405 fa-

323 4442 617 4503 omnino.
648 4444 813 4514 Quae
840 4459 981 4503 cum
1017 4441 1315 4504 audiisset
1342 4444 1561 4504 beatus
1583 4443 1909 4516 Macarius,

2015 4452 2208 4520 ceret,
2247 4445 2620 4519 innuissem,
2642 4443 3011 4522 interposita
3045 4460 3146 4503 me
3178 4460 3288 4504 sua
3319 4443 3441 4504 fide
3465 4461 3599 4504 sus-

322 4545 485 4605 dixit
522 4562 534 4603 :
565 4546 638 4603 In
665 4544 919 4605 veritate
952 4562 1083 4606 non
1122 4551 1216 4607 est
1251 4545 1451 4622 virgo,
1492 4560 1699 4623 neque
1730 4544 1915 4605 mari-
1949 4621 1970 4624 _
2017 4545 2206 4624 cepit.
2238 4546 2454 4623 Itaque
2494 4560 2816 4621 regressus
2862 4542 2938 4604 ad
2972 4542 3285 4617 cellulam,
3309 4550 3599 4622 quantas-

320 4650 472 4715 tata,
522 4661 733 4722 neque
772 4643 1141 4717 monachus,
1169 4662 1375 4725 neque
1407 4644 1765 4718 saecularis,
1800 4642 1911 4705 sed
1946 4621 1989 4679 ί)
2017 4662 2270 4724 cunque
2329 4645 2543 4705 inveni
2600 4644 2930 4725 sportellas
2985 4645 3042 4705 ei
3096 4645 3596 4713 contribuebam,

322 4744 496 4805 Deus
550 4750 793 4804 tantum
843 4745 1239 4825 propositum
1286 4746 1552 4825 quaerit,
1614 4755 1675 4805 et
1725 4744 1909 4823 spiri-

321 4852 458 4905 tum
498 4844 661 4904 vitae
702 4844 997 4906 omnibus
1042 4845 1346 4906 ministrat
1384 4844 1489 4925 (4).
1527 4867 1555 4899 ››
1584 4844 1815 4906 Eadem
1850 4843 1913 4904 in

326 4945 491 5006 libro
539 4952 718 5006 sexto
758 4947 1025 5007 narratio
1082 4951 1194 5019 est,
1246 4945 1354 5007 ubi
1412 4946 1632 5025 incipit
1667 4945 1908 5007 verbis:

336 5068 360 5097 ε
410 5047 646 5105 Orante
717 5044 1054 5123 aliquando
1132 5044 1356 5106 eodem
1427 5044 1649 5106 abbate
1714 5046 1915 5105 Maca-

342 5144 498 5206 rio...
522 5145 635 5225 (5).
661 5168 690 5200 ιν
719 5146 849 5217 Qua
881 5162 959 5206 ex
988 5162 1078 5219 re,
1103 5162 1299 5223 quum
1319 5149 1501 5206 antea
1532 5144 1610 5205 de
1644 5144 1911 5205 Macario

410 5355 485 5420 (Ι)
515 5354 629 5407 νγ.
664 5353 766 5407 ΡΡ.
800 5353 986 5410 Rosw.
1016 5354 1113 5408 lib.
1146 5353 1259 5407 Vlll
1284 5368 1407 5422 cap.
1446 5353 1513 5407 52’.
1550 5370 1605 5424 p.
1640 5352 1763 5415 749.
1800 5355 1853 5406 l.

405 5450 480 5516 ('2)
506 5448 594 5501 Cf.
625 5463 791 5516 supra
827 5448 909 5517 ξι
950 5446 1118 5516 p.10.

399 5538 476 5605 (Ξ)
514 5536 629 5591 VV.
654 5536 757 5589 PP.
796 5535 981 5590 Rosw.
1016 5538 1107 5591 lib.
1137 5538 1151 5590 Ι
1183 5554 1232 5607 p.
1265 5536 1333 5591 95
1355 5551 1439 5606 sq.

399 5629 477 5699 (4)
512 5628 654 5682 Ibid.
695 5630 789 5683 lib.
826 5627 890 5681 ιιι
928 5643 1047 5697 cap.
1082 5629 1149 5682 97
1180 5644 1232 5698 p.
1264 5629 1396 5691 διδ,
1432 5629 1482 5679 ι.

402 5720 476 5789 t5)
506 5721 644 5774 Ibid.
678 5720 773 5774 lib.
794 5718 861 5773 VI
902 5720 1071 5773 libell.
1104 5721 1156 5787 3,
1186 5719 1251 5773 l7
1291 5736 1341 5789 p.
1367 5719 1491 5784 657,
1533 5722 1581 5772 Ι.

403 5812 477 5865 l6)
507 5810 593 5865 Cf.
632 5828 795 5883 supra
824 5812 851 5881 §
876 5813 911 5866 5
937 5828 989 5865 ο.
1030 5813 1062 5863 6
1088 5820 1200 5864 not.
1230 5812 1263 5864 5

406 5900 480 5971 (7)
514 5901 621 5959 Der
642 5912 769 5976 gnte
813 5902 1086 5957 Gerliard.
1130 5895 1261 5955 Eine
1300 5900 1609 5971 Erzablung
1658 5916 1763 5955 von
1805 5898 1918 5955 Ru-

722 5998 1011 6057 PATBOL.
1069 5993 1185 6055 Gn.
1234 5990 1532 6056 XXXlV.

2017 4747 2246 4826 quibus
2278 4747 2544 4808 venditis
2564 4747 2795 4807 victum
2825 4746 2980 4807 mihi
3012 4747 3397 4825 coniugique
3420 4762 3599 4806 meae

2015 4844 2413 4907 ministraret.
2456 4846 2749 4907 Dicebam
2799 4853 3003 4907 autem
3055 4847 3289 4919 :Ecce,
3348 4844 3598 4921 Macari,

2014 4946 2308 5007 invenisti
2340 4946 2455 5007 tibi
2494 4964 2797 5020 uxorem;
2840 4963 3100 5008 necesse
3137 4952 3229 5005 est
3277 4962 3427 5022 ergo
3460 4962 3597 5005 am-

2020 5045 2186 5126 plius
2224 5047 2496 5127 operari,
2526 5054 2596 5107 ut
2635 5064 2774 5108 eam
2798 5045 3002 5107 valeas
3029 5044 3330 5105 enutrire.
3377 5045 3450 5103 Et
3473 5051 3599 5105 tam

2023 5144 2245 5206 diebus
2266 5163 2454 5225 quam
2476 5145 2764 5208 noctibus
2785 5144 3115 5225 Operabar,
3137 5150 3206 5205 ut
3236 5144 3294 5205 ei
3316 5145 3599 5224 quotidie

2017 5352 2134 5407 dolt'
2158 5368 2264 5406 von
2287 5351 2417 5407 Ems
2444 5351 2885 5423 herausgegeben
2916 5364 3019 5405 von
3046 5349 3213 5405 Moriz
3241 5349 3599 5420 Haupt.Leip-

2019 5447 2104 5516 zig
2128 5444 2282 5499 1840.

2094 5536 2171 5605 (8)
2204 5534 2308 5589 Der
2335 5542 2462 5604 gnte
2494 5533 2740 5589 Gerhard
2773 5532 2881 5587 und
2910 5534 2999 5587 die
3018 5533 3335 5587 dankbaren
3362 5532 3597 5587 Todten.

2032 5627 2129 5681 Ein
2156 5627 2371 5699 Beilrag
2400 5644 2497 5682 zur
2532 5629 2835 5683 deutschen
2869 5628 3199 5699 Mythologie
3243 5628 3355 5681 und
3388 5626 3599 5699 Sagen-

2027 5719 2209 5775 kunde
2250 5737 2351 5775 von
2407 5721 2468 5775 Κ.
2514 5720 2777 5777 Simrock.
2840 5720 2993 5776 Bonn
3039 5721 3123 5776 bci
3185 5720 3351 5774 Ailolt‘
3387 5720 3595 5777 Marcus

2026 5810 2186 5868 1836.
