4046 6442
594 364 691 420 151

1399 369 1497 425 SS.
1544 367 2008 424 MACARIORUM
2051 369 2370 423 AEGYPTII
2408 370 2494 425 ΕΤ
2535 369 3002 424 ALEXANDRINI

3753 383 3851 436 132

593 463 821 525 vietum
852 464 1286 526 ministrarent.
1323 467 1440 527 Sed
1462 466 1717 546 quando
1739 468 1999 528 miserae
2017 475 2170 528 tem-
2202 478 2240 531 Α
2275 470 2470 548 ipsam
2503 469 2722 529 beatus
2754 469 3052 529 Macarius
3086 469 3517 548 requisivisset
3556 492 3568 532 :
3596 473 3854 536 Humili-

594 582 712 642 pus
745 565 1024 643 pariendi
1067 566 1336 636 advenit,
1368 566 1590 627 diebus
1625 565 1907 646 plurimis
1945 585 2163 646 parere

591 662 862 722 cruciata
883 679 1008 723 non
1038 663 1262 742 potuit.
1294 666 1460 736 Quae
1483 665 1632 742 quid
1655 664 1905 725 fecisset
1943 666 2157 744 requi-

586 761 705 824 sita
733 763 1102 840 respondit:
1141 764 1290 836 Quia
1335 763 1748 824 anachoretae
1787 763 1873 823 illi
1915 782 2163 826 causam

590 878 721 923 non
755 861 1010 924 habenti
1038 863 1277 924 crimen
1305 863 1599 942 imposui.
1626 866 1777 924 Nam
1802 883 1900 925 me
1921 865 2164 926 iuvenis

587 961 829 1022 vicinus
859 969 1073 1024 noster
1091 963 1196 1024 ille
1231 963 1623 1042 compressit.
1650 964 1825 1035 Quod
1859 982 2000 1026 cum
2032 965 2159 1039 ille,

587 1062 697 1141 qui
740 1061 895 1123 mihi
923 1063 1330 1134 ministrabat,
1363 1061 1683 1134 audiisset,
1713 1063 1941 1140 gaudio
1963 1064 2164 1143 reple-

585 1168 684 1224 tus
741 1169 902 1240 139
953 1163 1226 1233 advenit,
1285 1161 1602 1223 infelicem
1645 1162 1814 1223 illam
1861 1162 2158 1242 puellam,

585 1261 953 1341 priusquam
1003 1263 1332 1334 fateretur,
1405 1262 1578 1342 quod
1635 1263 1749 1323 tibi
1787 1262 2162 1325 calumniam

582 1361 806 1424 frustra
837 1363 1178 1436 contexuit,
1215 1379 1436 1442 parere
1474 1361 1831 1423 nullatenus
1878 1365 2160 1442 potuisse

581 1462 1073 1535 vociferans,sed
1087 1471 1377 1524 etomnes
1390 1463 1628 1524 vicinos
1660 1464 1896 1536 venire,
1931 1473 1990 1525 et
2015 1465 2076 1525 in
2099 1474 2161 1526 te

579 1561 898 1622 commissi
932 1561 1176 1622 veniam
1209 1560 1548 1640 postulare.
1581 1563 1750 1633 Quae
1781 1578 1898 1637 ego
1930 1579 2162 1639 cogno-

577 1677 875 1733 scens,ne
902 1679 1000 1721 me
1028 1667 1089 1720 et
1113 1660 1232 1739 ipsi
1263 1658 1552 1720 homines
1589 1659 2014 1732 molestarent,
2061 1660 2157 1722 fe-

578 1759 775 1820 stinus
819 1759 1166 1820 abscedens
1206 1759 1270 1819 in
1316 1759 1483 1820 hunc
1520 1758 1728 1820 locum
1766 1761 2046 1838 perveni,
2099 1768 2160 1821 et

2267 574 2360 627 tas
2398 576 2526 639 tua,
2573 567 2748 639 dixit,
2797 566 2927 627 sola
2967 584 3068 627 me
3113 567 3323 628 vincit.
3371 571 3548 632 Haec
3607 571 3850 636 dicente

2263 667 2540 737 inimico,
2575 673 2638 727 et
2686 666 3063 727 extendente
3113 666 3298 728 beato
3327 670 3604 730 Macario
3636 689 3853 735 manus

2263 782 2407 824 suas
2446 764 2523 824 ad
2563 765 2936 838 orationem,
2967 765 3222 843 spiritus
3268 765 3644 830 immundus
3697 771 3854 834 inter

2263 882 2444 926 auras
2507 865 2755 926 evanuit
2796 864 2903 943 (8).
2966 865 3197 927 Eadem
3242 865 3426 945 plane
3464 867 3550 928 ad
3593 869 3851 932 verbum

2263 963 2556 1040 leguntur
2593 964 2654 1023 in
2690 963 2848 1024 libro
2879 964 3148 1043 septimo
3176 963 3289 1044 (9);
3340 965 3406 1025 in
3438 965 3607 1027 libro
3647 976 3850 1030 autem

2263 1062 2484 1139 quinto
2524 1060 2644 1140 (10)
2680 1069 2740 1121 et
2782 1061 2846 1121 in
2878 1060 3500 1140 ApOphthegmatisa
3539 1063 3850 1126 Cotelerio

2263 1161 2445 1221 editis
2487 1161 2604 1238 (ll)
2641 1161 2759 1222 hoc
2804 1161 3061 1240 quidem
3105 1161 3467 1223 discrimine
3511 1163 3845 1236 habentur.

2262 1273 2330 1323 ut
2381 1263 2519 1323 ﬁnis
2567 1263 2721 1348 ille,
2751 1271 2969 1324 orante
3021 1264 3290 1324 Macario
3341 1264 3675 1325 diabolum
3720 1283 3850 1326 eva-

2262 1363 2496 1436 nuisse,
2535 1363 2944 1424 dcsideretur.
2968 1363 3619 1425 Animadvertendum
3645 1372 3762 1437 est,
3786 1365 3846 1426 in

2260 1461 2816 1540 ApOphthegmatis
2881 1479 3009 1522 rem
3061 1461 3157 1522 bis
3211 1462 3515 1536 inveniri;
3568 1481 3717 1524 nam
3764 1463 3846 1524 ibi

2261 1571 2482 1639 postea
2504 1562 2728 1622 iterum
2750 1561 2903 1639 legis
2929 1580 2940 1621 :
2965 1585 2992 1616 α
3016 1560 3178 1622 Alias
3193 1561 3417 1622 iterum
3439 1561 3720 1623 daemon
3734 1563 3840 1622 ad-

2259 1677 2475 1720 versus
2504 1660 2838 1720 Maearium
2867 1659 3153 1720 abbatem
3183 1657 3525 1719 insurrexit
3549 1675 3698 1719 eum
3728 1656 3844 1734 gla-

2260 1759 2452 1832 diolo,
2500 1759 2634 1819 eius
2678 1759 2905 1838 pedem
2955 1765 3409 1838 amputaturus.
3469 1756 3655 1830 Quod
3705 1774 3841 1818 cum

579 1859 733 1921 haec
755 1868 848 1922 est
871 1878 1054 1922 causa
1076 1860 1200 1920 mei
1241 1860 1306 1920 in
1338 1860 1470 1921 istis
1500 1859 1655 1920 locis
1678 1860 2144 1941 adventus(1).»
2183 1851 2224 1904 Β
2253 1866 2516 1938 prOpter
2553 1858 2965 1922 humilitatem
3010 1858 3144 1918 eius
3193 1875 3320 1919 non
3361 1857 3701 1936 potuisset,
3739 1857 3795 1916 ei
3825 1875 3836 1914 :

576 1962 746 2022 Idem
780 1962 1040 2023 traditur
1070 1961 1134 2022 in
1174 1962 1296 2020 VV.
1335 1963 1449 2021 PP.
1500 1961 1659 2023 libro
1689 1962 1910 2040 quinto
1946 1962 2050 2041 (2),
2089 1971 2151 2023 et

576 2061 641 2120 in
690 2059 1249 2140 Apophthegmatis
1295 2079 1330 2121 a
1361 2060 1668 2122 Cotelerio
1711 2063 1893 2124 editis
1931 2063 2038 2140 (3),
2087 2070 2146 2124 et

576 2161 909 2239 utrobique
927 2159 1123 2232 locus,
1147 2161 1210 2221 in
1232 2178 1419 2240 quem
1443 2162 1742 2222 Macarius
1764 2161 1944 2239 fugit,
1968 2164 2148 2223 Seete

574 2260 955 2339 appellatur;
1028 2279 1106 2321 ex
1173 2278 1301 2340 quo
1369 2261 1701 2321 Macarium
1780 2262 2149 2340 Aegyptium

573 2356 762 2418 fuisse
807 2375 952 2418 eum
976 2363 1257 2436 apparet.
1280 2357 1437 2417 Eum
1465 2374 1612 2417 vero
1631 2373 1799 2417 anno
1829 2357 2148 2433 trigesimo

571 2455 788 2515 aetatis
823 2472 970 2515 suae
1008 2455 1073 2515 in
1113 2455 1340 2516 Scetim
1377 2453 1604 2514 abiisse
1635 2472 1669 2514 e
1695 2453 1970 2515 Palladio
1992 2472 2148 2515 con-

569 2562 689 2616 stat
734 2555 840 2634 (4).
884 2558 966 2615 Ac
993 2555 1186 2616 sancti
1224 2554 1478 2633 quidem
1528 2572 1657 2614 non
1698 2555 1882 2634 pauci
1917 2555 1993 2616 de
2024 2556 2147 2616 cri-

571 2655 739 2716 mine
771 2656 960 2716 scorti
987 2654 1142 2715 falso
1171 2654 1440 2716 accusati
1462 2671 1598 2714 esse
1637 2655 1954 2727 dicuntur,
1987 2673 2151 2734 quo-

571 2772 708 2814 rum
737 2753 1096 2814 innocentia
1132 2759 1348 2831 postea
1385 2750 1629 2813 detecta
1661 2757 1774 2811 est.
1802 2752 1847 2811 E
1878 2769 2149 2831 quorum

571 2870 834 2914 numero
861 2853 1116 2914 fuerunt
1145 2851 1399 2923 Marina,
1429 2851 1729 2926 Eugenia,
1775 2851 2150 2931 Apollinaris

568 2954 861 3031 virgines,
902 2969 1064 3031 quae
1105 2951 1322 3011 habitu
1368 2950 1529 3012 virili
1563 2951 1896 3031 adsumpto
1938 2961 2150 3012 sancte

569 3055 855 3116 vixerunt
880 3055 986 3134 (5),
1004 3060 1064 3113 et
1085 3052 1437 3114 Eustathius
1469 3052 1666 3114 lector
1687 3053 2019 3112 Caesareae
2042 3071 2148 3112 ur-

2250 1962 2668 2039 Quaecunque
2703 1961 2968 2034 habetis,
3001 1959 3228 2037 inquit,
3263 1959 3578 2019 habemus
3611 1964 3673 2018 et
3696 1974 3835 2028 nos;

2249 2061 2382 2122 sola
2424 2061 2771 2121 humilitate
2811 2078 2844 2120 a
2885 2060 3066 2120 nobis
3101 2058 3363 2119 differtis
3409 2063 3474 2118 et
3531 2055 3840 2136 praevale-

2248 2161 2327 2222 tis
2358 2159 2504 2239 (12).
2549 2186 2576 2216 ι›
2611 2163 2763 2221 Cum
2794 2158 3374 2239 ApOphthegmatis,
3404 2157 3520 2218 ubi
3572 2176 3675 2218 res
3696 2175 3747 2224 s.
3775 2173 3832 2214 v.

2249 2258 2922 2336 MacariusAegyptius
2953 2257 3245 2330 occurrit,
3270 2256 3620 2316 convenire
3669 2254 3834 2314 vide-

2251 2364 2349 2418 tur
2397 2356 2539 2418 libri
2593 2357 2796 2435 quinti
2854 2355 3142 2435 scriptor,
3210 2355 3320 2433 qui
3366 2353 3715 2415 narrationi
3762 2353 3832 2412 de

2251 2457 2517 2518 Macario
2552 2455 2858 2534 Aegyptio
2890 2453 3060 2514 illam
3091 2453 3448 2514 subiunxit:

2332 2582 2358 2611 α
2386 2556 2661 2629 Quodam
2697 2565 2982 2634 tempore
3003 2554 3194 2614 abbas
3215 2553 3546 2626 Macarius,
3581 2552 3731 2614 dum
3759 2551 3829 2612 ad

2251 2665 2528 2718 montem
2567 2658 2797 2719 Nitriae
2823 2654 3212 2727 ascenderet,
3246 2653 3566 2733 discipulo
3602 2670 3741 2726 suo,
3771 2658 3832 2711 ut

2251 2775 2474 2836 parum
2514 2757 2942 2838 praecederet,
2981 2755 3331 2836 imperavit.
3371 2756 3490 2828 Qui
3516 2772 3662 2817 eum
3697 2759 3828 2815 ante

2249 2857 2426 2918 illum
2448 2865 2758 2937 pergeret,
2775 2855 3028 2917 obvium
3058 2855 3276 2917 habuit
3296 2854 3621 2934 quendam
3643 2870 3830 2914 sacer-

2253 2957 2465 3018 dotem
2501 2957 2836 3030 idolorum,
2861 2973 3047 3017 cursu
3079 2955 3330 3017 concito
3357 2955 3743 3027 venientem,
3772 2961 3827 3013 et

2250 3057 2488 3136 lignum
2519 3057 2752 3133 grande
2775 3063 3152 3135 portantem.
3179 3057 3287 3117 Cui
3323 3056 3686 3117 exclamans
3709 3053 3820 3114 ait:

570 3157 666 3218 bis
693 3157 758 3218 in
793 3155 1139 3217 Palaestina
1178 3154 1350 3225 sitae,
1392 3153 1490 3212 cui
1520 3152 1686 3212 idem
1718 3151 1928 3232 plane,
1979 3152 2148 3231 quod
2177 3183 2219 3240 ο
2253 3159 2386 3229 Quo
2423 3155 2643 3228 curris,
2673 3152 2980 3215 daemon?
3009 3158 3082 3214 At
3118 3153 3222 3214 ille
3253 3155 3447 3216 iratus
3481 3153 3672 3216 tantis
3692 3169 3822 3214 eum

566 3257 854 3330 Macario,
931 3254 1232 3317 accidisse
1301 3252 1724 3331 comperimus
1794 3252 1898 3330 (6).
1946 3253 2143 3313 Etiam

565 3357 756 3420 hodie
772 3357 838 3418 in
852 3354 1266 3435 Elephantine
1283 3352 1510 3425 insula,
1531 3359 1748 3431 stupro
1781 3353 2142 3425 commisso,

566 3456 907 3537 propinqui
937 3454 1190 3533 virginis
1228 3453 1439 3532 lapsae
1477 3457 1539 3512 et
1581 3452 1783 3531 ipsam
1824 3459 1885 3512 et
1912 3469 2078 3524 eum,
2111 3471 2146 3513 a

563 3577 693 3640 quo
715 3565 1009 3638 corrupta
1030 3564 1145 3628 est,
1173 3553 1463 3617 occidere
1483 3553 1688 3615 solent
1723 3553 1828 3633 (7).

647 3691 674 3717 α
712 3663 914 3724 Abbas
956 3659 1258 3722 Macarius
1291 3657 1439 3719 dum
1482 3655 1759 3717 diluculo
1796 3655 2146 3735 palmarum

565 3761 714 3824 folia
742 3771 998 3842 portans
1018 3760 1094 3823 ad
1115 3758 1335 3821 cellam
1363 3773 1538 3817 suam
1570 3763 2008 3830 reverteretur,
2042 3773 2146 3817 oc-

563 3861 754 3925 currit
786 3861 842 3921 ei
865 3858 1149 3921 diabolus
1174 3874 1318 3919 cum
1346 3854 1503 3917 falce
1525 3861 1880 3934 praeacuta,
1902 3855 2146 3916 volens-

563 3977 688 4041 que
731 3977 875 4020 eum
932 3963 1258 4037 percutere
1302 3971 1434 4016 non
1469 3953 1734 4017 valebat.
1795 3954 1911 4025 Qui
1944 3955 2147 4015 excla-

565 4077 742 4123 mans
791 4059 988 4119 dixit:
1022 4059 1306 4132 Magnam
1349 4072 1384 4115 a
1425 4061 1484 4114 te
1522 4054 1646 4114 vim
1686 4054 1912 4132 patior,
1943 4071 1981 4113 ο
2024 4057 2146 4115 Ma-

563 4160 712 4233 cari,
765 4158 894 4238 qui,
935 4175 1079 4218 cum
1120 4163 1182 4234 te
1224 4154 1414 4235 cupio
1461 4170 1716 4226 nocere,
1765 4170 1894 4214 non
1937 4153 2139 4226 valeo,

564 4261 736 4332 dum,
770 4274 1184 4338 quaecunque
1211 4263 1279 4317 tu
1310 4255 1487 4330 facis,
1519 4272 1639 4332 ego
1663 4259 1860 4332 magis
1890 4273 1966 4315 ex
1991 4273 2140 4334 ope-

568 4378 633 4422 re
662 4360 847 4422 facio.
877 4362 970 4419 Tu
991 4375 1141 4436 ergo
1170 4359 1412 4419 ieiunas
1442 4356 1782 4428 interdum,
1816 4373 1934 4433 ego
1965 4356 2139 4418 nullo

2248 3255 2448 3336 plagis
2467 3254 2695 3326 affecit,
2717 3260 2783 3314 ut
2807 3254 3157 3316 exanimem
3182 3271 3382 3333 paene
3410 3255 3789 3333 relinqueret
3804 3267 3818 3320 ;

2247 3363 2308 3417 et
2339 3355 2555 3416 relicto
2584 3371 2661 3417 eo
2714 3354 3005 3414 sacerdos
3054 3354 3283 3414 iterum
3325 3354 3639 3415 currebat.
3683 3353 3819 3411 Pro-

2247 3471 2621 3533 gressusque
2654 3470 2873 3532 parum
2903 3451 3172 3514 obviavit
3199 3454 3382 3513 beato
3403 3453 3696 3522 Macario,
3720 3447 3818 3527 qui

2245 3555 2329 3612 ait
2365 3551 2442 3613 ad
2475 3568 2618 3612 eum
2654 3569 2666 3610 :
2710 3549 2996 3623 Salveris,
3045 3550 3380 3622 laborator,
3421 3547 3709 3611 salverisl
3751 3551 3818 3606 At

2245 3651 2350 3712 ille
2405 3651 2743 3712 admiratus
2795 3649 3172 3728 respondit:
3211 3649 3368 3722 Quid
3418 3649 3488 3710 in
3534 3666 3636 3710 me
3679 3644 3816 3707 boni

2245 3751 2653 3833 conspexisti,
2691 3757 2760 3812 ut
2799 3768 2899 3812 me
2928 3748 3277 3812 salutares?
3314 3750 3424 3811 Cui
3467 3767 3664 3812 senex
3702 3747 3809 3807 ait:

2245 3854 2394 3926 Quia
2425 3852 2545 3913 vidi
2575 3859 2636 3912 te
2668 3851 3078 3923 laborantem,
3119 3855 3180 3910 et
3210 3848 3408 3911 curris
3438 3849 3807 3927 ignoranter.

2242 3954 2350 4014 Cui
2373 3951 2664 4014 sacerdos
2685 3950 2838 4010 dixit
2861 3967 2872 4008 :
2895 3950 2969 4009 Et
2991 3965 3110 4026 ego
3135 3947 3513 4010 salutatione
3532 3955 3637 4008 tua
3659 3957 3813 4006 com-

2244 4060 2514 4132 punctus
2543 4067 2838 4127 magnum
2864 4068 3111 4111 servum
3139 4050 3249 4109 Dei
3271 4054 3332 4108 te
3355 4046 3655 4124 cognovi;
3681 4055 3809 4102 nam

2241 4151 2397 4211 alter
2437 4150 2590 4222 141,
2624 4149 2840 4209 nescio
2895 4148 3036 4226 quis
3071 4147 3442 4209 miserabilis
3479 4145 3809 4208 monachus

2239 4267 2583 4310 occurrens
2621 4248 2774 4310 mihi
2808 4248 3066 4310 iniurias
3106 4246 3277 4319 fecit,
3303 4247 3411 4308 sed
3441 4256 3504 4308 et
3537 4261 3654 4324 ego
3683 4239 3806 4321 pla-

2241 4367 2348 4427 gas
2380 4349 2470 4409 illi
2519 4365 2635 4428 pro
2673 4349 2880 4410 verbis
2916 4347 3213 4427 imposui.
3243 4349 3416 4408 Tunc
3459 4341 3806 4427 apprehen-

563 4475 841 4541 unquam
865 4459 1006 4521 cibo
1035 4459 1302 4520 reﬁcior.
1325 4461 1416 4519 Tu
1435 4475 1623 4537 saepe
1645 4457 1881 4534 vigilas,
1906 4476 2008 4521 me
2038 4477 2140 4518 ve-
2171 4503 2216 4559 υ
2241 4451 2396 4511 dens
2452 4448 2646 4528 pedes
2684 4448 2843 4559 beati
2894 4447 3141 4559 Macarii
3189 4445 3496 4509 clamabat
3540 4445 3748 4555 dicens
3790 4453 3802 4494 ε

562 4577 634 4623 ro
658 4576 850 4640 sopor
870 4575 1193 4638 nunquam
1229 4559 1386 4630 140
1406 4558 1738 4638 Oppressit.
1771 4557 1891 4618 Sed
1926 4559 1991 4618 in
2013 4576 2139 4619 una
2171 4547 2210 4559 “’
2244 4551 2375 4611 Nisi
2431 4567 2531 4610 me
2585 4547 2962 4609 monachum
3025 4547 3274 4620 feceris,
3327 4566 3452 4609 non
3500 4547 3799 4640 desistam:

541 4646 630 4724 're
661 4679 763 4722 me
791 4659 1009 4733 vincis,
1041 4659 1180 4738 ipse
1223 4659 1546 4737 profiteor.
1579 4659 1728 4718 Cum
1780 4657 1858 4718 ab
1891 4675 1968 4718 eo
2004 4675 2136 4718 rem

632 4841 846 4911 (l)V'V.
867 4841 970 4896 PP.
1013 4842 1197 4896 Rosw.
1227 4839 1322 4893 lib.
1341 4837 1408 4891 111
1443 4853 1566 4908 cap.
1599 4838 1668 4893 99
1698 4855 1751 4908 p.
1797 4839 1922 4901 515,
1969 4840 2005 4892 9.
2050 4856 2135 4908 sq.

628 4933 874 5004 (2)1bid.
912 4933 1006 4998 lib,
1044 4931 1087 4986 v
1118 4931 1285 4986 libell.
1324 4929 1490 4995 15,21
1523 4945 1576 4999 p.
1617 4930 1743 4996 625,
1772 4930 1807 4982 ε
1845 4947 1929 5000 sq.

632 5027 709 5096 (5)
741 5026 973 5082 Coteler.
1001 5025 1148 5079 Eccl.
1173 5023 1367 5078 Graec.
1393 5021 1540 5077 Men.
1566 5019 1632 5078 Τ.
1665 5021 1756 5092 lp.
1782 5020 1886 5076 521
1911 5037 1994 5092 sq.
2016 5038 2064 5076 s.
2081 5039 2136 5077 ν.

561 5116 836 5172 Macarius
853 5117 1137 5188 Aegyptius
1161 5115 1188 5187 ᾗ
1213 5114 1256 5181 1;
1288 5114 1430 5170 infra
1451 5114 1506 5167 in
1530 5115 1723 5169 harum
1741 5113 2136 5180 Quaestionum

558 5209 872 5280 Appendice
904 5209 1072 5262 altera
1101 5208 1202 5262 sub
1221 5205 1306 5260 111.

631 5300 711 5372 (4)
741 5299 826 5355 Cf.
850 5314 1013 5367 supra
1043 5298 1070 5369 §
1098 5300 1164 5352 12
1192 5314 1245 5368 p.
1266 5299 1352 5353 '58.

631 5393 711 5464 (5)
740 5392 858 5448 Vita
884 5390 941 5444 S.
966 5390 1204 5444 Marinae
1233 5389 1344 5444 VV.
1374 5388 1476 5442 PP.
1498 5391 1682 5444 Rosw.
1713 5389 1806 5442 lib.
1859 5389 1876 5440 1
1921 5403 1976 5459 p.
2030 5388 2138 5442 593

563 5501 688 5554 sqq.
716 5482 836 5535 Vita
868 5482 926 5536 S.
964 5479 1240 5550 Eugeniae
1279 5480 1410 5532 ibid.
1446 5496 1500 5548 p.
1533 5480 1638 5534 540
1670 5497 1791 5550 sqq.
1829 5477 1904 5532 De
1937 5481 2136 5549 Appel-

563 5575 723 5630 linari
750 5575 961 5644 virgine
994 5573 1067 5627 cf.
1098 5571 1234 5624 intra
1271 5569 1443 5639 Caput
1474 5571 1563 5626 VII
1586 5572 1719 5642 δη.

636 5664 712 5734 (6)
744 5662 882 5717 Hist.
921 5663 1084 5720 Laus.
1121 5666 1206 5715 ed.
1236 5660 1438 5714 Meurs.
1469 5676 1591 5730 cap.
1623 5661 1726 5714 1M
1761 5660 1898 5730 ()pp.
1929 5657 2130 5712 Meurs.

565 5755 734 5823 l.l.p.
763 5753 962 5809 627.1n
997 5752 1156 5810 codd.
1195 5750 1505 5806 Viudobon.
1540 5752 1692 5806 locus
1727 5749 1796 5804 de
1850 5749 2134 5805 Eustatbio

567 5848 739 5904 deest.

2245 4652 2706 4728 Pergentesque
2731 4649 2962 4726 pariter
2990 4653 3296 4708 venerunt
3340 4647 3418 4709 ad
3452 4647 3684 4718 locum,
3705 4637 3802 4701 ubi

2305 4831 2383 4900 (7)
2408 4830 2652 4884 Minutoli
2679 4827 2839 4883 Reise
2879 4844 3002 4880 zum
3040 4825 3260 4896 Tempel
3307 4827 3404 4882 des
3443 4825 3658 4898 Jupiter
3691 4819 3801 4872 Am-

2233 4941 2361 4978 mon
2385 4940 2437 4993 p.
2474 4921 2600 4976 9.92.

2307 5019 2386 5086 (8)
2417 5016 2532 5072 νγ.
2565 5016 2667 5070 ΡΡ.
2709 5015 2894 5070 Rosw.
2922 5016 3014 5070 lib;
3049 5014 3118 5068 lll
3145 5030 3266 5083 cap.
3303 5014 3404 5067 124
3445 5030 3496 5084 p.
3525 5011 3648 5075 518,
3682 5005 3732 5058 2.

2303 5111 2380 5182 (9)
2405 5109 2539 5164 Ibid.
2563 5109 2658 5164 lib.
2691 5107 2780 5160 vn
2799 5123 2920 5176 cap.
2950 5107 3033 5170 15,
3063 5107 3097 5161 6
3129 5122 3182 5176 ι).
3208 5106 3333 5170 670,
3351 5107 3406 5159 ε.

2305 5198 2416 5266 (11))
2448 5196 2582 5251 Ibid.
2619 5197 2714 5250 lib.
2742 5195 2782 5249 γ
2809 5195 2976 5248 libell.
3005 5195 3092 5256 15,
3118 5194 3189 5247 26
3213 5209 3263 5263 p.
3302 5193 3434 5257 624,
3478 5193 3527 5246 1.
3585 5211 3592 5216 ·

2306 5291 2420 5362 (11)
2459 5289 2693 5345 Coteler.
2737 5287 2882 5340 Eccl.
2928 5286 3121 5341 Graec.
3163 5284 3310 5339 Mon.
3353 5283 3414 5338 T.
3461 5285 3480 5338 1
3519 5299 3570 5354 p.
3610 5277 3708 5336 554
3749 5288 3790 5325 s.

2235 5401 2288 5438 ν.
2330 5381 2604 5436 Macarius
2635 5379 2920 5449 Aegyptius
2951 5377 2978 5448 §
3009 5375 3114 5440 XI;
3154 5375 3295 5429 infra
3335 5377 3389 5430 in
3425 5377 3612 5430 harum
3635 5369 3792 5435 Quac—

2236 5475 2477 5530 stionum
2515 5471 2830 5542 Appendice
2869 5470 3039 5523 altera
3079 5467 3184 5521 sub
3220 5466 3308 5520 lll.

2306 5568 2416 5633 (12)
2460 5567 2593 5622 Ibid.
2631 5582 2685 5636 ι).
2725 5565 2829 5622 545
2881 5580 2964 5634 sq.
3017 5581 3063 5618 s.
3119 5581 3170 5615 ν.
3219 5562 3491 5616 Macarius
3530 5547 3786 5625 Aegyptius
3826 5561 3831 5568 ·

2239 5660 2265 5730 §
2304 5659 2534 5723 XXXV;
2574 5658 2715 5712 infra
2756 5659 2809 5712 in
2849 5657 3044 5712 harum
3077 5640 3762 5723 QuaestiomimAppendicc

2242 5750 2412 5805 altera
2444 5749 2548 5805 sub
2585 5746 2673 5802 Ill.
