4046 6456
276 372 344 429 I35
1862 385 2094 441 VITAE.

3488 396 3594 452 1ὖῦ

275 508 455 553 caesus
476 488 701 554 frater
732 493 1045 558 iacebat.
1078 498 1269 570 Quem
1302 497 1551 576 utrique
1584 498 1903 568 tollentes,
1938 505 1982 557 A
2013 503 2633 584 quantulamcunque
2664 506 2968 584 patimur;
3002 506 3093 568 ilI-i
3133 525 3305 585 vero,
3337 510 3447 589 qui
3482 529 3600 574 co-

276 593 551 673 quoniam
576 596 793 672 gradi
835 615 986 659 non
1024 604 1283 678 poterat,
1308 599 1592 661 manibus
1613 599 1678 660 in
1711 600 1912 661 eccle-

277 694 395 756 siam
425 695 924 774 pertulerunt.
950 700 1105 759 Cum
1128 705 1334 760 autem
1363 699 1584 761 fratres
1610 700 1912 762 vidissent

278 796 663 859 sacerdotem
703 798 921 861 illum
950 801 1201 862 beatum
1231 801 1567 862 Macarium
1598 802 1908 863 comitan—

280 905 397 971 tem,
421 898 811 978 stupefacti
885 919 1039 963 cum
1076 900 1487 963 admiratione
1531 901 1913 964 monachum

289 1000 427 1061 illum
459 1002 885 1079 perﬁciunt,
924 1010 987 1064 et
1008 1002 1185 1063 multi
1209 1008 1470 1083 propter
1488 1002 1665 1064 illum
1698 1021 1773 1065 ex
1796 1021 1910 1083 pa-

291 1101 432 1179 ganis
452 1101 619 1163 facti
656 1111 836 1165 sunt
874 1104 1230 1166 Christiani.
1263 1105 1512 1165 Dicebat
1544 1122 1695 1183 ergo
1721 1106 1914 1167 abbas

292 1203 590 1264 Macarius
612 1222 629 1264 :
653 1206 839 1277 Quia
864 1223 1078 1267 sermo
1098 1206 1408 1285 superbus
1431 1211 1492 1266 et
1511 1205 1710 1267 malus
1727 1208 1913 1267 etiam

282 1307 467 1368 bonos
497 1308 692 1369 viros
739 1310 1076 1370 convertit
1116 1309 1193 1371 ad
1234 1309 1492 1383 malum,
1526 1326 1734 1371 sermo
1764 1327 1914 1370 vero

282 1404 525 1467 humilis
568 1414 643 1468 et
690 1409 933 1470 bonus
970 1410 1155 1471 etiam
1196 1409 1396 1471 malos
1426 1416 1622 1471 mutat
1667 1411 1733 1471 in
1775 1427 1913 1471 me-

282 1507 391 1569 lius
418 1506 532 1587 (1).
576 1533 609 1565 »
662 1511 933 1571 Eadem
973 1510 1137 1571 inter
1177 1509 1717 1590 ApOphthegmata
1746 1510 1916 1589 apud

288 1610 673 1673 Cotelerium
700 1611 1043 1690 leguntur,
1073 1611 1175 1672 ubi
1198 1611 1283 1672 ita
1310 1611 1625 1689 incipiunt
1664 1628 1676 1670 :
1704 1630 1721 1662 ι
1753 1614 1914 1672 Nar-

298 1719 502 1773 rarunt
524 1714 906 1774 Macarium
929 1711 1297 1790 Aegyptium
1327 1712 1614 1773 abbatem
1627 1711 1914 1790 aliquan-

304 1812 370 1873 do
387 1830 420 1874 e
440 1814 635 1874 Scete
669 1812 1048 1875 ascendisse
1071 1812 1135 1871 in
1158 1817 1434 1872 montem
1462 1811 1832 1891 Nitriae..(2)
1850 1829 1866 1885 ;
1886 1835 1913 1866 »

303 1919 501 1973 cetera
536 1929 705 1973 vero
746 1917 1044 1972 accurate
1079 1928 1221 1971 cum
1268 1910 1393 1971 illis
1427 1912 1833 1972 conveniunt.

377 2035 405 2068 κ
439 2013 664 2074 Abbas
706 2012 1021 2074 Macarius
1051 2012 1200 2073 dum
1229 2011 1581 2073 ambularet
1607 2011 1673 2072 in
1707 2012 1920 2074 deser-

304 2120 388 2186 to,
427 2120 629 2192 caput
650 2112 990 2174 cuiusdam
1014 2110 1286 2172 hominis
1315 2110 1560 2172 aridum
1586 2112 1826 2173 invenit
1853 2113 1920 2174 in

308 2222 484 2276 ttrra.
520 2214 720 2288 Quod
766 2220 1100 2293 postquam
1150 2211 1376 2273 baculo
1429 2229 1544 2273 suo
1584 2213 1916 2286 convertit,

314 2332 526 2375 vocem
564 2315 783 2375 visum
817 2320 909 2374 est
944 2313 1251 2373 emittere.
1285 2313 1464 2385 Quod
1494 2330 1712 2387 senex,
1754 2312 1923 2393 quis-

326 2430 454 2475 nam
484 2421 693 2487 esset,
730 2413 1094 2489 interrogat.
1140 2416 1212 2472 At
1257 2411 1363 2473 ille
1399 2412 1764 2492 respondit:
1790 2414 1922 2489 Ego

329 2514 577 2592 quidem
618 2515 920 2594 princeps
955 2531 1124 2574 eram
1154 2514 1549 2575 sacerdotum
1580 2514 1917 2590 idolorum,

324 2614 421 2691 qui
459 2614 526 2674 in
566 2614 701 2674 hoc
746 2612 887 2674 loco
927 2611 1308 2674 habitabant.
1349 2615 1442 2673 Tu
1470 2619 1683 2675 autem
1713 2632 1781 2676 es
1807 2614 1919 2676 ab-

320 2712 426 2773 bas
446 2714 769 2775 Macarius
797 2714 1029 2793 Spiritu
1054 2714 1265 2776 divino
1293 2714 1592 2795 repletus.
1622 2718 1925 2789 Quacum-

320 2830 443 2891 que
476 2814 658 2874 enim
703 2813 858 2874 hora
902 2814 1192 2876 misertus
1222 2832 1445 2876 eorum
1473 2814 1691 2889 fueris,
1717 2816 1825 2895 qui
1859 2816 1925 2877 in

324 2930 531 2990 poena
557 2919 736 2985 sunt,
776 2920 838 2974 et
863 2930 980 2993 pro
1003 2913 1080 2975 iis
1100 2915 1397 2987 oraveris,
1428 2914 1925 2977 consolationem

322 3014 604 3093 aliquam
629 3015 932 3076 sentiunt.
968 3016 1077 3076 Cui
1099 3033 1293 3078 senex
1320 3034 1332 3076 :
1358 3018 1431 3077 Et
1452 3033 1617 3096 quae
1652 3022 1746 3078 est
1766 3034 1925 3079 con-

322 3115 552 3176 solatio
586 3122 795 3176 vestra
815 3115 911 3176 vel
946 3114 1194 3195 poena?
1226 3118 1563 3197 responde.
1600 3121 1673 3179 At
1698 3118 1805 3180 ille
1829 3117 1924 3180 al-

2018 604 2257 681 gnitum
2294 613 2700 683 negaverunt,
2739 610 3126 685 gravioribus
3175 618 3235 672 et
3273 612 3603 674 ineﬂ‘abili—

2017 706 2135 766 bus
2164 707 2387 784 poenis
2416 708 2634 768 subtus
2666 725 2783 769 nos
2808 710 3187 772 cruciantur.
3231 712 3466 784 Quibus
3486 729 3601 773 au-

2019 805 2163 865 ditis
2202 805 2420 866 beatus
2448 808 2752 868 Macarius
2790 810 2992 889 capite
3034 810 3220 872 altius
3249 820 3455 872 terrae
3488 811 3603 873 de—

2017 903 2190 966 fosso
2239 906 2523 969 discessit
2560 907 2668 988 (3).
2712 931 2740 964 »
2784 910 2955 971 Idem
3001 911 3064 971 in
3108 911 3269 973 libro
3308 918 3484 973 sexto
3519 911 3601 992 (4)

2020 1002 2099 1065 de
2118 1004 2339 1066 abbate
2369 1008 2635 1068 Macario
2657 1008 2877 1069 maiori
2908 1010 2950 1069 i.
2973 1027 3031 1070 e.
3064 1012 3395 1090 Aegyptio,
3416 1019 3607 1091 atque

2018 1103 2083 1165 in
2128 1104 2691 1184 ApOphthegmatis
2727 1125 2761 1167 a
2796 1109 3103 1171 Cotelerio
3133 1111 3315 1172 editis
3348 1111 3427 1190 (5)
3454 1129 3505 1173 s.
3537 1130 3603 1173 ν.

2019 1205 2344 1265 Macarius
2394 1206 2739 1285 Aegyptius
2771 1209 3052 1271 traditur.
3093 1214 3219 1273 Nec
3260 1230 3387 1273 non
3436 1214 3604 1275 idem

2022 1303 2408 1383 colloquium
2448 1309 2715 1367 Ioannes
2752 1308 3190 1385 Damascenus,
3222 1312 3378 1373 falso
3412 1318 3479 1373 ut
3512 1314 3604 1373 vi-

2024 1403 2227 1476 detur,
2277 1404 2343 1464 in
2388 1406 2658 1468 Historia
2700 1409 2993 1471 Lausiaca
3034 1410 3258 1487 legisse
3296 1430 3363 1473 se
3412 1415 3602 1475 trarii-

2033 1502 2124 1563 dit
2184 1502 2302 1581 (6),
2347 1504 2411 1564 in
2455 1522 2577 1583 qua
2647 1505 2837 1567 hodie
2874 1526 3003 1568 non
3049 1510 3318 1589 amplius
3352 1511 3602 1590 legitur.

2023 1607 2225 1683 Atque
2272 1605 2534 1684 insuper
2577 1623 2613 1666 a
2661 1607 2962 1669 Michaele
2994 1610 3185 1689 Glyca
3220 1612 3328 1689 (7),
3372 1612 3439 1672 in
3488 1614 3610 1673 Me-

2024 1706 2198 1766 naeis
2254 1708 2635 1769 Graecorum
2692 1708 2814 1787 (8),
2871 1726 2905 1769 a
2962 1711 3319 1789 Nicephoro
3372 1712 3607 1774 Blemi-

2026 1804 2101 1865 da
2155 1804 2272 1885 (9),
2333 1813 2394 1867 et
2448 1808 2514 1868 in
2566 1810 2818 1870 Ioannis
2874 1811 3262 1887 Hagioelitae
3318 1814 3610 1874 encomio

2020 1906 2571 1986 MacariiAegyptii
2589 1908 2709 1990 (10)
2729 1919 3129 1973 memoratur.
3147 1914 3611 1993 Theologorum

2020 2004 2537 2068 scholasticorum
2580 2010 2832 2087 ingenia
2874 2013 2956 2073 ob
2993 2013 3407 2088 difﬁcultates,
3449 2034 3613 2094 quae

2023 2105 2080 2167 ei
2108 2106 2345 2180 insunt,
2384 2108 2770 2186 dogrnaticas
2810 2112 3077 2173 multum
3117 2116 3419 2176 exercuit.
3451 2119 3614 2188 Quas

2024 2208 2280 2285 quidem
2320 2211 2381 2269 S.
2418 2210 2711 2283 Thomas,
2746 2212 3027 2273 refutatis
3047 2223 3402 2275 ceterorum
3434 2216 3615 2277 scho-

2022 2309 2383 2371 lasticorum
2420 2310 2541 2373 loci
2584 2312 3127 2392 explicationibus,
3155 2316 3392 2394 optime
3415 2334 3611 2396 expe-

2024 2408 2159 2470 dire
2214 2411 2449 2472 studuit
2508 2411 2654 2491 (11).
2712 2415 2835 2475 Sed
2878 2432 3007 2475 rem
3051 2415 3401 2478 fabulosam
3451 2435 3612 2491 esse,

2024 2508 2167 2587 quis
2194 2526 2321 2570 non
2346 2510 2699 2573 existimat?
2726 2513 3137 2590 Origenistam
3166 2515 3324 2575 forte
3347 2534 3612 2595 compo-

2025 2610 2223 2670 suisse
2253 2627 2391 2671 eam
2418 2612 2729 2690 suspicor,
2761 2616 2906 2691 quia
2934 2616 3317 2692 Origenistae
3348 2618 3425 2677 de
3448 2619 3618 2679 (lam-

2026 2718 2316 2773 natorum
2358 2718 2521 2773 statu
2565 2722 2708 2792 post
2745 2722 3010 2776 mortem
3046 2718 3206 2778 male
3233 2720 3614 2781 sentiebant.

2026 2815 2313 2873 Ceterum
2344 2814 2409 2873 in
2446 2831 2563 2873 ins.
2596 2815 2948 2892 Aquicinct.
2972 2822 3129 2878 teste
3155 2820 3495 2881 Rosweido
3526 2820 3619 2881 hi-

2027 2912 2217 2973 storia
2252 2912 2578 2989 legebatur
2619 2913 2703 2973 ita
2734 2914 2940 2975 verbis
2978 2924 3311 2996 concepta,
3353 2925 3423 2979 ut
3461 2920 3617 2980 diﬂi—

2028 3012 2292 3074 cultates
2320 3014 2573 3092 penitus
2604 3023 2922 3075 cessarent
2956 3015 3101 3095 (12).

2112 3114 2269 3186 143
2315 3138 2343 3171 ‹‹
2395 3116 2656 3188 Quidam
2710 3116 2902 3178 frater
2954 3118 3207 3179 beatum
3274 3122 3618 3184 Macarium

325 3217 448 3277 tius
496 3216 924 3292 ingemiscens
968 3236 981 3278 :
1027 3220 1361 3291 Quantum,
1406 3219 1632 3297 inquit,
1678 3219 1926 3282 coelum
1955 3210 1997 3269 C
2032 3214 2407 3294 postulabat,
2431 3221 2501 3275 ut
2532 3215 2589 3276 ei
2619 3232 2976 3278 sermonem
3002 3216 3260 3289 diceret,
3282 3236 3396 3297 per
3428 3237 3619 3298 quem

322 3318 515 3379 distat
547 3335 587 3379 a
627 3326 815 3390 terra,
861 3324 1101 3379 tantum
1143 3318 1306 3395 ignis
1344 3324 1437 3379 est
1477 3318 1660 3394 altus,
1701 3320 1769 3380 in
1797 3338 1926 3400 quo

322 3419 543 3479 medio
578 3436 798 3479 sumus
825 3435 859 3479 a
890 3419 1155 3498 pedibus
1180 3436 1383 3497 usque
1415 3418 1493 3480 ad
1526 3426 1714 3500 caput
1740 3421 1920 3482 undi-

326 3538 459 3598 que
497 3518 763 3599 perfusi,
785 3534 902 3580 nec
922 3518 1217 3598 cuiquam
1237 3519 1382 3581 licet
1408 3520 1633 3582 faciem
1666 3520 1923 3584 alterius

322 3621 591 3693 intueri,
636 3619 745 3680 sed
798 3619 988 3681 facies
1042 3625 1255 3681 nostro
1310 3619 1499 3682 dorso
1548 3620 1923 3683 coniunctae

326 3727 499 3782 sunt.
526 3721 680 3780 Cum
706 3737 853 3798 ergo
887 3737 1027 3781 oras
1052 3736 1168 3798 pro
1200 3720 1407 3795 nobis,
1433 3737 1510 3781 ex
1539 3726 1717 3799 parte
1743 3722 1922 3784 vide-

332 3837 474 3879 mus
495 3818 887 3892 alterutrum,
904 3825 965 3879 et
991 3817 1111 3879 hoc
1145 3817 1328 3878 nobis
1349 3835 1464 3897 pro
1495 3818 1928 3882 consolatione

335 3926 608 3981 constat.
636 3920 745 3979 IIis
767 3918 995 3980 auditis
1014 3918 1299 3980 lacrimas
1329 3918 1489 3980 fudit
1513 3919 1731 3982 dicens
1764 3939 1777 3981 :
1802 3922 1929 3983 Vae

332 4023 463 4084 diei
494 4021 617 4096 illi,
648 4022 714 4082 in
744 4038 871 4101 quo
895 4019 1087 4082 homo
1118 4020 1410 4082 mandata
1441 4021 1549 4083 Dei
1580 4028 1928 4102 transgres-

330 4134 444 4177 sus
467 4115 593 4178 est!
639 4120 793 4192 142
824 4118 899 4177 Et
924 4117 1149 4177 iterum
1184 4117 1262 4178 ab
1296 4134 1396 4191 eo,
1440 4119 1491 4181 si
1531 4128 1696 4181 esset
1737 4121 1929 4184 altera

334 4234 551 4296 poena
612 4217 829 4290 maior,
876 4216 1157 4295 inquirit.
1216 4218 1323 4278 Cui
1375 4219 1480 4281 ille
1537 4220 1865 4300 respondit
1908 4239 1921 4281 :

333 4321 500 4379 Sunt
539 4317 725 4378 nobis
764 4317 870 4378 alii
910 4316 1109 4378 multo
1146 4316 1431 4380 inferius.
1488 4321 1770 4401 Cumque
1816 4323 1927 4402 qui

332 4424 555 4480 essent
612 4417 699 4477 illi
750 4417 1183 4495 interrogaret,
1231 4419 1428 4481 dixit:
1469 4421 1596 4482 Nos
1641 4422 1921 4501 quidem,

2034 3322 2251 3395 posset
2286 3316 2528 3377 salvari.
2570 3317 2679 3377 Cui
2710 3334 2905 3379 senex
2942 3318 3025 3378 ait
3060 3336 3071 3377 :
3104 3320 3363 3397 Oportet
3401 3319 3618 3397 fugere

2027 3416 2341 3491 homines,
2375 3423 2439 3480 et
2478 3418 2700 3480 sedere
2739 3419 2806 3479 in
2846 3418 3027 3493 cella,
3073 3427 3135 3480 et
3181 3436 3296 3499 pro
3341 3422 3618 3499 peccatis

2026 3516 2255 3593 iugiter
2293 3516 2640 3592 lamentari,
2669 3524 2729 3579 et
2764 3519 2935 3597 quod
2984 3537 3177 3597 super
3223 3535 3447 3580 omnes
3491 3521 3619 3581 vir-

2032 3623 2195 3677 tutes
2234 3623 2348 3691 est,
2379 3624 2503 3678 tam
2548 3618 2827 3695 linguam
2872 3636 3166 3680 coercere
3222 3638 3412 3699 quam
3462 3640 3617 3682 ven-

2034 3726 2192 3782 trem
2235 3715 2383 3799 (13).
2432 3738 2463 3773 )›
2510 3720 2790 3781 Eandem
2843 3722 3091 3782 Macarii
3147 3722 3497 3785 doctrinam
3554 3725 3618 3786 in

2026 3817 2593 3897 ApOphthegmatis
2619 3836 2655 3879 a
2684 3817 2992 3880 Cotelerio
3020 3821 3203 3882 editis
3232 3821 3327 3881 bis
3350 3822 3616 3884 invenis.

2025 3920 2099 3979 Et
2167 3918 2359 3980 semel
2435 3919 2693 3998 quidem
2760 3919 2856 3979 his
2922 3919 3129 3980 verbis
3197 3922 3617 4001 concipitur:

2031 4042 2058 4075 ‹‹
2096 4019 2305 4081 Esaias
2336 4020 2553 4094 abbas,
2601 4020 2997 4097 interrogans
3042 4022 3380 4083 Macarium
3424 4023 3619 4085 abba-

2025 4128 2155 4182 tem
2200 4138 2213 4181 :
2265 4122 2491 4184 Profer
2547 4122 2726 4197 mihi,
2778 4123 3007 4201 inquit,
3058 4124 3455 4185 sententiam.
3514 4126 3622 4186 Cui

2033 4240 2228 4284 senex
2252 4224 2616 4303 respondit:
2642 4224 3139 4301 Hominesfuge.
3159 4225 3371 4286 Esaias
3391 4224 3582 4285 abbas
3608 4244 3621 4286 :

2033 4324 2213 4398 Quid,
2236 4325 2465 4404 inquit,
2494 4332 2588 4387 est
2628 4325 2848 4403 fugere
2898 4324 3234 4387 homines?
3272 4326 3626 4405 Respondit

2032 4442 2266 4487 senex:
2306 4426 2539 4488 Sedere
2574 4427 2641 4487 in
2681 4427 2838 4489 cella
2867 4433 2971 4487 tua
3002 4434 3064 4489 et
3094 4427 3328 4489 deﬂere
3367 4436 3623 4507 peccata

333 4519 453 4599 qui
499 4519 701 4579 Deum
754 4534 884 4578 non
936 4518 1369 4596 cognovimus,
1424 4520 1921 4585 misericordiam
1954 4526 2133 4587 Dtua
2161 4525 2311 4605 (14).
2341 4549 2370 4583 »
2403 4526 2574 4587 Alter
2601 4542 2752 4587 vero
2780 4526 3402 4606 ApOphthegmatum
3448 4526 3626 4589 locus

410 4704 489 4773 (I)
532 4702 649 4759 VV.
691 4703 793 4756 PP.
835 4703 1018 4761 Rosw.
1063 4706 1158 4762 lib.
1202 4706 1264 4761 Ill
1298 4725 1421 4779 cap.
1462 4710 1565 4764 127
1607 4727 1660 4781 p.
1702 4710 1828 4773 518,
1869 4710 1923 4765 Ξ.

411 4797 489 4865 (2)
532 4796 771 4852 Coteler.
813 4797 958 4853 Eccl.
1000 4797 1195 4854 Graec.
1238 4801 1383 4856 Men.
1427 4801 1491 4857 T.
1536 4803 1553 4856 l
1599 4819 1651 4872 p.
1722 4804 1826 4858 547
1879 4819 1926 4858 s.

340 4914 391 4947 τ.
434 4892 717 4945 Macarius
741 4893 1027 4962 Aegyptius
1063 4891 1089 4963 §
1126 4891 1380 4961 XXXIX;
1423 4893 1565 4947 infra
1622 4897 1679 4949 in
1734 4896 1927 4949 barum

342 4985 741 5051 Quaestionum
775 4984 1292 5054 Appendice_altera
1334 4986 1435 5040 sub
1461 4987 1547 5041 III.

413 5078 487 5144 ('5)
547 5072 666 5129 νγ.
716 5072 818 5126 ΡΡ.
863 5073 1052 5129 Rosw.
1106 5076 1199 5130 lib.
1258 5074 1322 5129 IlI
1368 5091 1487 5145 cap.
1543 5074 1647 5129 172
1698 5091 1753 5146 p.
1803 5076 1931 5141 5'26,

350 5168 487 5237 isq.

419 5260 488 5329 μ)
530 5258 672 5313 Ibid.
713 5258 807 5313 lib.
848 5258 916 5313 γι
956 5257 1124 5313 Iibell.
1160 5256 1215 5321 δ,
1259 5256 1325 5310 I6
1366 5272 1418 5327 p.
1460 5255 1760 5325 656,2sq.

420 5352 491 5420 (ὅ)
532 5348 773 5403 Coteler.
798 5346 948 5401 Eccl.
986 5346 1179 5403 Graec.
1215 5346 1355 5401 Men.
1393 5345 1456 5400 T.
1500 5346 1518 5399 Ι
1561 5362 1615 5417 p.
1652 5345 1757 5401 546
1791 5362 1836 5402 ε.
1878 5362 1933 5399 v.

343 5442 624 5499 Hacarius
674 5442 957 5512 Aegyptius
1001 5439 1028 5510 ᾗ
1082 5438 1384 5506 XXXVIII;
1434 5438 1576 5493 infra
1630 5438 1686 5492 in
1739 5439 1935 5493 barum

230 5594 235 5603 ,
339 5538 739 5605 Quaestionum
770 5533 1087 5605 Appendice
1126 5534 1295 5585 altera
1339 5532 1445 5587 sub
1483 5530 1572 5585 ΙΙΙ.

414 5632 491 5701 (ὕ)
530 5631 715 5685 Oratio
749 5628 816 5683 de
858 5628 926 5681 iis
967 5626 1057 5695 qui
1100 5625 1154 5677 in
1190 5624 1291 5679 [ide
1325 5624 1686 5678 dormierunt.
1724 5619 1802 5679 lo.
1838 5620 1940 5674 Da-

341 5742 516 5782 masc.
558 5725 695 5795 Opp.
739 5722 804 5777 T.
850 5721 867 5774 l
909 5736 963 5789 p.
1000 5717 1125 5771 585.

414 5822 491 5889 (τ)
537 5820 631 5889 Ep.
686 5820 777 5874 26.
824 5815 915 5870 cr.
966 5810 1206 5864 Fabricii
1257 5809 1517 5865 Bibliotb.
1562 5807 1757 5863 Graec.
1794 5820 1838 5862 s.
1887 5822 1939 5861 ν.

344 5913 622 5969 Palladius
662 5913 747 5969 ed.
793 5912 833 5965 I.
880 5907 998 5964 Vol.
1045 5902 1085 5956 X
1132 5920 1189 5969 p.
1218 5903 1339 5957 106.

2100 4688 2177 4760 (8)
2220 4687 2586 4760 Synaxarium
2614 4689 2951 4746 Graecorum
2988 4689 3059 4745 26
3085 4688 3199 4745 Ian.

2104 4784 2179 4855 (9)
2204 4781 2471 4850 Diatriba,
2502 4784 2719 4853 qualem
2753 4798 2876 4839 esse
2907 4782 3096 4836 deceat
3125 4782 3508 4851 imperatorem
3536 4777 3621 4834 Cf.

2032 4874 2269 4933 Fabricii
2320 4876 2577 4933 Biblioth.
2604 4874 2800 4930 Graec.
2842 4876 2879 4929 l.
2923 4875 2957 4927 Ι.

2106 4970 2218 5039 (10)
2252 4968 2491 5025 Consule
2513 4968 2752 5023 Leonem
2782 4967 3039 5020 Allalium
3068 4964 3135 5020 de
3156 4963 3314 5019 libris
3336 4964 3627 5019 ecclesias-

2035 5062 2161 5116 ticis
2199 5062 2534 5117 Graecorum
2574 5062 2710 5116 diss.
2739 5059 2779 5112 Il
2811 5061 2879 5113 ed
2924 5058 3080 5113 Paris
3150 5056 3286 5113 1645
3324 5072 3377 5127 ρ.
3422 5056 3527 5110 117
3554 5085 3625 5095 --—

2037 5155 2160 5208 123.

2108 5244 2222 5312 (II)
2264 5242 2319 5297 In
2359 5242 2450 5297 IV.
2497 5242 2649 5298 Sent.
2681 5241 2815 5296 Dist.
2855 5240 2996 5294 XLV
3025 5256 3080 5311 q.
3119 5240 3162 5294 ιι
3202 5249 3306 5294 art.
3348 5238 3391 5292 ιι
3425 5240 3492 5293 ad
3533 5238 3622 5296 Iv.

2037 5337 2121 5392 cr.
2148 5336 2261 5391 vv.
2298 5336 2401 5390 PP.
2436 5337 2619 5391 Rosw.
2660 5334 2755 5389 lib.
2786 5332 2857 5387 γι
2886 5343 3002 5388 not.
3045 5332 3331 5402 12p.6‘22,
3358 5333 3412 5386 2.

2101 5429 2212 5498 (12)
2247 5426 2362 5481 νγ.
2403 5426 2509 5481 PP.
2544 5425 2733 5483 Rosw.
2790 5426 2884 5479 lib.
2922 5425 2989 5478 lIl
3031 5434 3147 5479 not.
3188 5426 3259 5479 20
3300 5441 3351 5494 p.
3410 5422 3535 5488 5’55,
3569 5424 3623 5479 1.

2116 5519 2228 5589 (ιδ)
2270 5519 2405 5573 Ibid.
2432 5519 2528 5572 lib.
2564 5516 2633 5572 ιιι
2659 5532 2781 5586 cap.
2816 5517 2915 5571 189
2940 5534 2994 5587 p.
3026 5515 3151 5581 528,
3180 5517 3231 5568 ι.

2115 5612 2227 5683 (14)
2262 5612 2496 5667 Coteler.
2545 5610 2691 5665 Eccl.
2735 5609 2928 5664 Graec.
2966 5609 3109 5663 Mon.
3142 5607 3207 5661 Τ.
3238 5606 3257 5661 1
3283 5623 3334 5677 p.
3361 5606 3465 5661 540
3493 5622 3540 5661 ε.
3569 5620 3623 5661 v.

2044 5701 2318 5756 Macarius
2336 5701 2623 5772 Aegyptius
2653 5698 2680 5769 §
2706 5698 2931 5765 XXVII;
2958 5698 3095 5752 infra
3124 5698 3177 5752 in
3209 5697 3401 5751 harum
3419 5695 3636 5763 Quaes-

2046 5795 2254 5851 tionum
2288 5794 2601 5866 Appendice
2632 5794 2804 5847 altera
2828 5792 2933 5847 sub
2961 5788 3045 5845 Ill.
