4046 6490
441 421 475 473 ³1
487 422 557 473 55

1263 407 1364 469 SS.
1389 409 1850 466 MACARIORUM
1892 407 2216 464 AEGYPTII
2257 407 2343 462 ET
2385 403 2856 462 ALEXANDRINI

3678 393 3798 451 156

441 533 507 593 in
539 549 614 593 eo
644 531 778 593 solo
805 533 1033 604 ditl‘ert,
1065 531 1236 610 quod
1282 548 1398 609 pro
1436 531 1615 590 Esaia
1644 529 1864 590 abbate
1908 528 2019 588 Aio
2055 533 2095 588 Α
2125 527 2322 588 tribus
2343 524 2695 605 paximatiis
2716 521 2796 603 (4)
2817 519 3538 599 apposuit,tacensque
3564 519 3792 576 stetit.

441 631 635 692 abbas
682 631 908 707 legitur
939 628 1044 709 (1).
1090 631 1201 690 Aio
1251 636 1458 690 autem
1507 628 1699 690 abbas
1747 628 1811 687 in
1861 625 2028 685 The-

441 727 627 789 baide
676 727 974 789 habitavit
1009 726 1118 805 (2);
1166 727 1376 788 Esaias
1428 727 1622 788 abbas
1679 727 1748 788 in
1802 726 2031 804 quibus

440 830 711 907 Aegypti
759 829 1124 906 regionibus
1169 828 1413 902 vixerit,
1451 845 1583 889 non
1632 827 1886 888 invenio
1924 827 2028 906 (3).

441 927 602 990 Num
616 929 1604 1008 compilatorApophthegmatum
1619 945 1751 989 rem
1763 928 2030 988 Macario

443 1030 750 1108 Aegyptio
794 1029 957 1090 iuste
986 1030 1297 1101 tribuerit,
1344 1029 1596 1090 aliunde
1644 1046 1772 1089 non
1807 1028 2027 1106 liquet.

523 1153 551 1184 «
584 1131 906 1190 Venerunt
938 1128 1275 1207 aliquando
1316 1129 1442 1189 duo
1481 1128 1736 1208 quidam
1765 1127 2030 1188 iuvenes

443 1229 521 1290 ad
553 1230 804 1291 beatum
828 1231 1185 1301 Macarium,
1209 1249 1368 1292 unus
1392 1231 1649 1308 quidem
1670 1229 1746 1290 ad
1770 1230 2030 1308 plenum

446 1329 691 1397 doctus,
721 1330 878 1390 alter
913 1346 1064 1390 vero
1095 1329 1300 1390 adhuc
1330 1329 1665 1408 incipiens.
1697 1329 1772 1388 Et
1800 1344 2027 1406 provo-

445 1427 558 1488 luti
605 1429 872 1507 pedibus
919 1429 1055 1488 eius
1103 1428 1528 1507 postulabant.
1554 1435 1624 1489 ut
1667 1445 1881 1488 secum
1921 1445 2032 1488 eos

445 1527 724 1589 habitare
759 1529 1171 1607 permitteret.
1206 1531 1372 1602 Quos
1401 1547 1543 1590 cum
1575 1529 1829 1589 vidisset
1855 1530 2032 1607 quasi

445 1643 712 1704 corpore
758 1626 1116 1695 deliciosos.
1171 1628 1545 1688 existimavit
1593 1643 1702 1687 eos
1750 1643 2032 1688 eremum

443 1727 608 1786 ferre
639 1743 767 1786 non
799 1743 1011 1805 posse.
1037 1727 1326 1806 Dixitque
1354 1727 1430 1788 ad
1465 1744 1575 1788 eos
1604 1745 1616 1787 :
1648 1727 1784 1801 Hic,
1807 1726 2032 1788 fratres

445 1827 593 1899 mei,
625 1843 754 1886 non
798 1826 1060 1905 potestis
1091 1843 1368 1887 manere.
1401 1828 1474 1886 Et
1501 1826 1590 1886 illi
1621 1827 1910 1888 dixerunt
1935 1846 1946 1887 :
1971 1827 2033 1887 Si

443 1934 656 1988 tecum
713 1943 844 1986 non
895 1943 1236 2005 possumus
1292 1926 1595 1999 habitare,
1640 1934 1837 2006 pater,
1885 1928 2037 2008 quid

448 2045 599 2104 ergo
629 2027 972 2089 faciemus?
1001 2031 1134 2102 Quo
1166 2028 1270 2090 ille
1297 2029 1510 2090 audito
1541 2029 1751 2108 coepit
1779 2030 1939 2090 intra
1971 2048 2038 2090 se

446 2130 531 2190 ita
561 2134 853 2208 reputare
879 2146 891 2188 :
917 2130 980 2190 Si
1010 2130 1154 2191 illos
1193 2130 1340 2192 hinc
1371 2131 1642 2204 eiecero,
1675 2130 2037 2192 scandalum

450 2231 796 2310 patientur;
823 2248 990 2293 nunc
1013 2230 1216 2292 dicam
1246 2231 1369 2292 illis
1397 2249 1408 2291 :
1434 2231 1678 2305 Venite,
1695 2232 2038 2292 construite

449 2329 627 2391 vobis
657 2328 974 2403 cellulam,
999 2330 1050 2390 si
1080 2329 1366 2408 potestis.
1401 2331 1678 2408 Cumque
1710 2329 1800 2390 illi
1829 2329 2038 2392 locum

452 2430 572 2491 sibi
603 2431 1042 2494 tantummodo
1083 2431 1500 2492 demonstrari
1526 2437 1840 2508 rogarent,
1866 2431 2040 2492 duxit

453 2545 562 2590 eos
608 2537 668 2590 et
717 2528 991 2590 ostendit
1034 2527 1191 2598 144
1229 2527 1305 2588 iis
1355 2533 1620 2606 petram,
1664 2546 1788 2607 qua
1845 2529 2038 2590 incisa

451 2632 568 2694 sibi
605 2631 1026 2693 habitaculum
1050 2636 1520 2710 praepararent,
1544 2637 1604 2691 et
1631 2629 1818 2707 lignis
1839 2631 2039 2692 allatis

452 2731 530 2791 de
578 2731 808 2810 palude
870 2736 1302 2808 contegerent.
1352 2729 1782 2792 Arbitrabatur
1827 2737 2038 2791 autem

451 2832 751 2892 Macarius
794 2831 1124 2893 confestim
1165 2829 1308 2890 illos
1349 2847 1464 2909 pro
1500 2829 1783 2892 iniuncto
1823 2829 2036 2892 labore

453 2931 797 2993 discedere.
831 2931 926 2992 Illi
963 2948 1110 2993 vero
1151 2931 1695 3007 interrogaverunt
1732 2947 1900 3004 eum,
1938 2933 2033 2998 die

444 3035 666 3090 centes
692 3048 702 3088 :
729 3029 887 3102 Quid
909 3028 1120 3108 operis
1141 3045 1434 3090 exercere
1457 3029 1637 3090 iubes
1658 3046 1797 3101 nos,
1824 3028 2038 3109 pater?

452 3131 627 3190 Tunc
647 3128 754 3190 ille
777 3128 1036 3191 sublatis
1053 3128 1221 3190 foliis
1239 3128 1590 3191 funiculum
1613 3129 1734 3190 illis
1752 3130 2034 3192 intexere

453 3228 751 3302 ostendit,
778 3246 969 3307 quem
998 3245 1115 3308 pro
1145 3229 1312 3291 victu
1342 3247 1452 3290 eos
1483 3229 1828 3291 distrahere
1857 3249 2033 3292 com-

453 3330 730 3401 monuit;
781 3335 842 3389 et
887 3329 971 3389 ita
1020 3329 1098 3389 ab
1149 3329 1224 3389 iis
1278 3329 1582 3390 discessit.
1634 3333 1708 3390 At
1751 3329 1844 3390 illi
1893 3349 2037 3392 cum

455 3447 698 3492 summa
730 3430 1049 3510 patientia,
1075 3445 1512 3509 quaecumque
1540 3429 1616 3491 iis
1645 3429 1892 3492 fuerant
1916 3432 2036 3492 im-

456 3537 692 3609 perata,
737 3528 1160 3608 perfecerunt.
1209 3528 1439 3590 Videns
1490 3546 1640 3606 ergo
1689 3546 1800 3590 eos
1846 3547 2042 3592 senex

456 3632 522 3690 in
578 3629 879 3708 operibus
934 3629 1117 3690 bonis
1170 3629 1453 3708 quotidie
1513 3646 1934 3704 succrescere,
1981 3639 2046 3692 et

458 3730 824 3808 frequenter
853 3730 918 3790 in
951 3729 1280 3791 ecclesiam
1320 3749 1462 3792 cum
1503 3729 1752 3793 silentio
1793 3731 1858 3792 in
1899 3749 2043 3794 ora-

458 3831 736 3892 tionibus
800 3831 1159 3910 persistere,
1217 3831 1609 3894 desiderabat
1673 3834 1834 3895 scire
1903 3850 2048 3895 vera

461 3948 654 4009 opera
687 3948 931 3991 eorum.
957 3929 1316 4009 Septimana
1347 3947 1499 4008 ergo
1526 3932 1768 4010 integra
1797 3933 2045 3994 ieiuna-

459 4029 568 4100 vit,
603 4036 664 4090 et
695 4028 934 4106 rogavit
965 4028 1323 4100 Dominum,
1349 4036 1416 4090 ut
1447 4031 1565 4090 sibi
1601 4048 1796 4110 opera
1831 4049 2050 4094 eorum

461 4129 827 4207 dignaretur
859 4128 1217 4189 ostendere.
1253 4130 1328 4189 Et
1359 4138 1502 4208 post
1539 4130 1692 4192 haec
1733 4132 2055 4211 profectus

463 4237 558 4291 est
585 4229 662 4291 ad
695 4248 827 4303 eos,
850 4229 1243 4309 pulsavitque
1289 4229 1520 4290 ostium
1560 4230 1902 4309 speluncae
1953 4251 2057 4295 eo-

463 4346 625 4388 rum.
665 4331 798 4399 Quo
837 4335 1058 4407 aperto
1099 4335 1161 4389 et
1205 4328 1336 4389 viso
1378 4327 1636 4391 homine
1676 4331 1785 4392 Dei
1829 4332 2053 4394 adora-

462 4436 686 4489 vcrunt
725 4429 975 4508 utrique
1003 4429 1069 4488 in
1099 4434 1284 4489 terra.
1317 4430 1390 4488 Et
1426 4436 1761 4508 postquam
1790 4431 1948 4494 facta
1982 4451 2059 4493 ex

2127 629 2405 706 Cumque
2470 624 2914 694 comedissent,
2961 622 3254 680 dixerunt
3315 617 3414 678 ad
3492 615 3796 676 beatum

2128 725 2464 786 Macarium
2505 743 2518 786 :
2566 721 3088 799 Discedis,pater,
3139 734 3221 778 an
3267 713 3472 776 non?
3532 715 3620 773 Et
3674 712 3799 772 ille

2129 828 2256 888 illic
2299 842 2368 886 se
2413 824 2741 903 quiescere
2791 820 2950 881 velle
3001 817 3351 898 respondit.
3409 818 3626 876 Tunc
3692 811 3798 874 illi

2129 926 2449 988 mattulam
2479 925 2544 985 in
2573 941 2703 985 uno
2733 921 2965 999 angulo
2994 920 3072 982 ad
3102 936 3264 997 opus
3290 916 3534 996 ipsius
3569 913 3798 975 collo-

2131 1034 2372 1100 carunt,
2405 1025 2526 1106 ipsi
2551 1041 2701 1086 vero
2733 1025 2798 1084 in
2827 1024 3024 1085 altero
3052 1021 3282 1097 angulo
3310 1019 3791 1098 quieverunt,

2131 1127 2308 1205 quasi
2334 1128 2410 1186 ad
2443 1123 2882 1187 dormiendum
2912 1139 2978 1182 se
3015 1120 3478 1201 proiecissent.
3517 1118 3794 1176 Iterum

2131 1245 2282 1304 ergo
2321 1227 2624 1287 Macarius
2660 1225 2897 1302 rogavit
2935 1222 3291 1292 Dominum,
3322 1227 3405 1279 ut
3450 1219 3522 1278 ei
3564 1233 3794 1295 opera

2132 1327 2410 1404 ipsorum
2456 1324 2822 1385 declararet.
2862 1325 2936 1384 Et
2983 1340 3153 1394 ecce,
3195 1319 3366 1382 velut
3428 1317 3794 1396 dissipato

2131 1433 2295 1486 tecto
2323 1425 2426 1485 lux
2451 1425 2615 1485 clara
2636 1423 2924 1484 cellulam
2954 1421 3123 1483 illam
3148 1420 3325 1499 quasi
3354 1418 3610 1479 media
3637 1419 3792 1477 dies

2132 1525 2435 1605 implevit,
2461 1543 2648 1604 quam
2689 1532 2900 1585 tamen
2930 1523 3020 1584 illi
3050 1539 3180 1583 non
3210 1525 3611 1582 senserunt.
3652 1517 3788 1579 Sed

2132 1634 2465 1706 postquam
2497 1627 2775 1688 arbitrati
2810 1633 2955 1687 sunt
2989 1641 3206 1686 senem
3244 1622 3586 1694 dormire,
3625 1639 3785 1681 sur-

2132 1734 2350 1802 gentes
2368 1727 2430 1787 in
2447 1727 2794 1788 orationem
2814 1742 2950 1786 sese
2963 1725 3295 1794 dederunt,
3311 1721 3788 1783 extendentes

2068 1858 2106 1911 B
2135 1843 2357 1886 manus
2386 1828 2464 1888 ad
2497 1826 2766 1888 coelum.
2798 1827 2965 1898 Quos
2993 1823 3249 1904 quidem
3275 1822 3417 1894 ille,
3449 1820 3631 1900 quid
3676 1819 3779 1881 fa-

2143 1935 2378 1999 cerent,
2429 1929 2818 2000 intuebatur;
2877 1926 2966 1987 illi
3021 1933 3227 1987 autem
3280 1923 3479 1985 illum
3542 1922 3782 1982 videre

2142 2045 2272 2088 non
2319 2036 2630 2107 poterant.
2673 2029 2977 2088 lntentius
3020 2034 3227 2088 autem
3277 2042 3492 2086 senex
3549 2024 3779 2103 respi-

2141 2130 2315 2190 ciens
2337 2130 2486 2191 vidit
2515 2138 2813 2209 tanquam
2844 2147 3089 2191 muscas
3110 2129 3470 2189 daemones
3496 2127 3780 2187 venien-

2144 2235 2235 2288 tes
2260 2229 2326 2290 ‘in
2353 2230 2519 2291 illius
2548 2231 2809 2292 minoris
2839 2249 2948 2292 ore
2988 2237 3175 2309 atque
3209 2229 3417 2291 oculis
3464 2228 3779 2290 residere

2141 2328 2446 2405 volentes,
2461 2331 2572 2391 sed
2589 2330 2850 2408 angelus
2868 2331 3114 2392 Domini
3135 2329 3549 2410 rhomphaea
3574 2330 3774 2408 ignea

2141 2439 2416 2492 armatus
2450 2431 2606 2502 155
2635 2425 2943 2492 tamillum
2960 2431 3388 2493 circumdabat
3421 2438 3493 2492 et
3527 2431 3773 2492 defen-

2141 2530 2350 2605 debat,
2373 2550 2563 2612 quam
2591 2533 2933 2595 daemones
2956 2531 3302 2611 repellebat
3321 2537 3383 2593 et
3413 2531 3768 2603 eiiciebat;

2141 2630 2219 2692 ad
2247 2632 2550 2693 maiorem
2580 2650 2730 2695 vero
2769 2632 3072 2695 accedere
3104 2631 3280 2693 nullo
3314 2632 3527 2694 modo
3570 2650 3771 2712 prae-

2140 2730 2447 2792 valebant.
2481 2733 2686 2812 Prope
2715 2749 2863 2793 vero
2902 2732 3023 2793 iam
3058 2731 3197 2793 luce
3229 2731 3664 2810 proiecerunt
3696 2748 3767 2792 se

2140 2830 2207 2891 in
2261 2831 2487 2892 eodem
2539 2839 2733 2892 stratu
2781 2849 2920 2892 suo.
2971 2833 3145 2893 Tunc
3206 2833 3529 2893 Macarius
3592 2831 3769 2893 velut

2139 2929 2438 3007 evigilans
2504 2931 2802 3003 surrexit;
2858 2929 3144 2992 similiter
3204 2939 3642 2992 surrexerunt
3703 2939 3764 2991 et

2137 3031 2258 3110 ipsi
2289 3048 2468 3110 quam
2501 3031 2580 3092 de
2621 3031 2813 3109 longo
2854 3048 3080 3092 somno
3127 3031 3403 3093 excitati.
3440 3033 3524 3092 Et
3568 3048 3762 3092 acce-

2139 3130 2296 3191 dens
2325 3131 2538 3192 senior
2564 3131 2754 3192 frater
2781 3131 2859 3192 ad
2888 3147 3106 3193 senem
3134 3131 3290 3192 dixit
3320 3149 3332 3191 :
3363 3132 3516 3206 Vis,
3547 3141 3759 3212 pater,

2139 3233 2234 3294 vel
2257 3233 2592 3295 duodecim
2617 3235 2895 3313 psalmos
2917 3252 3236 3296 canamus.
3264 3237 3561 3316 Cumque
3596 3234 3762 3315 psal-

2139 3332 2362 3407 lerent,
2407 3333 2486 3395 de
2534 3351 2645 3396 ore
2696 3335 2961 3396 iunioris
3010 3335 3218 3396 fratris
3279 3354 3398 3416 per
3461 3336 3759 3415 singulos

2142 3453 2358 3497 versus
2376 3435 2477 3497 fax
2499 3437 2661 3514 ignis
2682 3455 2931 3514 egressa
2951 3439 3332 3501 ascendebat
3349 3439 3431 3502 ad
3465 3440 3754 3502 coelum.

2146 3540 2298 3599 ltem
2345 3546 2408 3598 et
2459 3539 2660 3600 maior
2714 3557 2860 3601 cum
2917 3539 3303 3613 decantaret,
3355 3543 3620 3622 quoties
3678 3539 3754 3601 ad

2148 3637 2541 3716 psallendum
2588 3638 2748 3701 labia
2793 3639 3167 3714 deducebat,
3210 3641 3379 3703 velut
3424 3641 3754 3704 funiculus

2148 3739 2312 3815 ignis
2342 3739 2420 3800 de
2453 3756 2564 3801 ore
2593 3740 2729 3801 eius
2763 3739 3049 3803 similiter
3073 3742 3457 3805 tendebatur
3489 3743 3572 3805 ad
3602 3759 3750 3805 coe-

2150 3840 2304 3901 lum.
2324 3843 2660 3919 Postquam
2679 3859 2826 3902 vero
2845 3842 3255 3922 expleverunt
3276 3847 3628 3906 matutinos
3645 3841 3747 3922 (5),

2153 3957 2442 4017 egressus
2489 3942 2792 4003 Macarius
2836 3943 3203 4006 obsecrabat
3241 3961 3376 4018 eos,
3413 3953 3482 4006 ut
3525 3961 3646 4024 pro
3684 3959 3750 4003 se

2155 4057 2334 4101 orare
2373 4041 2809 4117 dignarentur;
2847 4041 2937 4103 illi
2976 4061 3124 4105 vero
3171 4051 3452 4106 tacentes
3491 4046 3571 4107 ad
3617 4044 3747 4105 eius

2157 4141 2355 4220 pedes
2380 4149 2525 4202 sunt
2546 4143 2880 4221 provoluti,
2902 4145 3147 4225 seipsos
3167 4147 3563 4209 orationibus
3583 4144 3747 4206 illius

2159 4243 2692 4305 commendantes.
2723 4246 2796 4304 Et
2849 4247 3142 4322 cognovit
3198 4265 3416 4322 senex,
3446 4246 3744 4327 quoniam

2161 4340 2361 4401 maior
2397 4341 2654 4419 quidem
2692 4349 2856 4404 esset
2881 4343 2948 4403 in
2985 4345 3208 4406 timore
3249 4345 3358 4405 Dei
3401 4344 3743 4425 perfectus,

2162 4441 2472 4501 minorem
2503 4459 2650 4504 vero
2679 4443 2884 4507 adhuc
2907 4447 3249 4507 daemones
3277 4446 3739 4526 impugnarent.

465 4545 642 4589 more
671 4527 954 4588 oratione
997 4527 1442 4602 consederunt,
1475 4527 1581 4588 ille
1623 4530 1822 4591 maior
1858 4532 2062 4593 innuit
2091 4552 2138 4610 ι)
2164 4541 2313 4601 Post
2352 4558 2591 4620 paucos
2629 4561 2778 4605 vero
2819 4544 2953 4606 dies
2996 4546 3196 4606 maior
3235 4544 3426 4606 frater
3457 4548 3743 4622 receptus

465 4628 718 4700 minori,
739 4635 799 4687 et
829 4644 1118 4705 egressus
1149 4633 1240 4686 est
1264 4627 1453 4688 foras.
1477 4629 1618 4706 Ipse
1648 4637 1857 4691 autem
1884 4632 2062 4694 sede-

465 4727 569 4787 bat
591 4733 894 4804 torquens
914 4724 1288 4797 funiculum,
1303 4723 1458 4784 nihil
1485 4725 1753 4805 loquens
1774 4729 2055 4790 omnino.

463 4828 633 4887 Hora
662 4843 812 4888 vero
852 4843 1020 4886 nona
1060 4825 1329 4904 pulsavit
1353 4825 1583 4886 ostium
1603 4826 1796 4888 frater
1822 4829 2055 4903 iunior,

468 4933 530 4987 et
570 4927 890 5005 ingressus
929 4933 1022 4987 est
1060 4943 1205 4986 eum
1249 4925 1414 4999 cibo,
1448 4943 1575 5006 quo
1617 4929 2050 4993 reﬁcerentur.

467 5024 703 5084 Eodem
732 5031 889 5087 nutu
919 5027 1125 5086 iussus
1165 5025 1516 5087 mensulam
1555 5028 1879 5106 parvulam
1912 5050 2055 5093 cum

546 5237 623 5306 (ι)
660 5235 800 5290 Ibid.
840 5251 894 5304 p.
922 5235 1026 5290 549
1050 5236 1076 5306 ς
1103 5235 1236 5291 xu.

546 5326 780 5397 (2)1bid.
819 5342 873 5396 p.
911 5328 1016 5383 400
1043 5344 1127 5396 sq.
1161 5346 1205 5382 s.
1247 5345 1298 5382 v.
1341 5334 1460 5386 Aio.

546 5417 625 5488 ('5)
657 5418 731 5472 De
761 5416 928 5472 Esaia
951 5418 1145 5472 abbate
1167 5419 1240 5471 cf.
1268 5418 1380 5473 νγ.
1409 5421 1512 5474 PP.
1539 5419 1721 5474 Rosw.
1747 5421 1840 5473 lib.
1865 5421 1907 5474 ll
1937 5438 2056 5492 cap.

477 5508 545 5562 10
579 5524 633 5577 p.
666 5509 792 5573 469,
819 5512 874 5562 2.
923 5508 1062 5562 Ilist.
1108 5508 1272 5566 Laus.
1324 5512 1390 5566 ed
1437 5511 1639 5567 Meurs.
1668 5529 1789 5582 cap.
1818 5513 1882 5566 57
1917 5513 2052 5583 Opp.

481 5600 682 5654 Meurs.
703 5603 738 5656 l.
765 5604 804 5656 l.
833 5619 884 5671 p.
903 5604 1026 5656 515.
1062 5601 1329 5671 (Gennina
1355 5621 1495 5667 esse,
1518 5623 1658 5675 quae
1679 5608 1749 5660 ibi
1777 5609 2059 5677 leguntur.

481 5694 679 5748 docent
725 5695 885 5749 codd.
923 5695 1231 5750 Vindobon.
1271 5712 1408 5765 quos
1452 5714 1503 5767 p.
1540 5699 1607 5751 14
1639 5701 2062 5770 recensuimus.)

485 5780 704 5838 Sozom.
748 5785 888 5838 Hist.
941 5787 1086 5839 Eccl.
1134 5789 1226 5842 lib.
1271 5786 1335 5839 lll
1377 5803 1495 5856 cap.
1544 5789 1610 5842 Μ
1649 5791 1735 5844 ed.
1769 5790 1807 5844 l.
1852 5807 1905 5859 p.
1941 5793 2062 5844 5t8.

483 5871 720 5928 Coteler.
755 5874 900 5929 Eccl.
931 5875 1124 5930 Graec.
1160 5879 1302 5934 Men.
1334 5878 1396 5932 T.
1425 5879 1441 5930 I
1467 5895 1516 5949 p.
1553 5881 1656 5934 M5
1699 5895 1746 5936 s.
1773 5898 1827 5937 v.
1860 5881 2043 5936 Esaia.

2168 4646 2263 4700 est
2297 4640 2363 4700 in
2403 4658 2592 4720 pace;
2633 4643 2818 4704 tertio
2857 4644 2959 4704 die
2998 4645 3185 4707 etiam
3231 4645 3440 4706 minor
3477 4651 3571 4705 est
3604 4657 3740 4703 eum

2168 4741 2500 4802 adsecutus
2538 4741 2645 4822 (6).
2678 4767 2706 4799 »
2744 4743 2918 4805 Idem
2963 4746 3221 4807 uberius
3263 4746 3400 4825 ipse
3448 4741 3741 4806 Macarius

2169 4858 2453 4902 narrasse
2483 4842 2742 4904 traditur
2772 4845 2837 4903 in
2867 4844 3027 4906 libro
3059 4854 3235 4907 sexto
3259 4846 3342 4927 (7)
3378 4847 3439 4908 e't
3473 4847 3538 4906 in
3576 4847 3732 4921 Apo-

2162 4937 2586 5016 phthegmatis
2607 4958 2642 5000 a
2665 4941 2972 5003 Cotelerio
3006 4943 3263 5022 prolatis
3281 4941 3387 5024 (8);
3412 4941 3735 5017 utrobique

2165 5038 2334 5098 enim
2365 5037 2460 5097 his
2487 5039 2710 5120 incipit
2739 5042 2942 5103 verbis
2971 5061 2983 5102 :
3019 5068 3046 5098 «
3083 5044 3338 5106 Dicebat
3365 5045 3553 5106 abbas
3591 5038 3730 5099 Vin-

2243 5248 2318 5315 (4)
2360 5247 2416 5302 In
2457 5265 2652 5318 graeco
2680 5261 2825 5306 textu
2849 5254 3099 5308 Cotelerii
3123 5258 3274 5324 τρεῖς
3300 5255 3631 5325 παξαμὰδας·

2243 5341 2318 5408 (5)
2372 5339 2429 5394 In
2483 5357 2680 5411 graeco
2731 5352 2882 5398 textu
2941 5362 3030 5412 ap.
3094 5345 3425 5400 Cotelerium
3479 5345 3600 5414 περὶ
3643 5338 3730 5406 τὴν

2170 5433 2413 5502 πρωῖαν,
2443 5435 2589 5488 circa
2624 5437 2948 5490 matutinum
2978 5447 3212 5495 tempus.

2243 5524 2317 5591 (6)
2353 5523 2463 5578 VV.
2496 5524 2596 5580 PP.
2630 5525 2814 5582 Rosw.
2842 5528 2933 5581 lib.
2972 5527 3036 5580 ill
3081 5545 3201 5598 cap.
3231 5528 3335 5583 195
3377 5545 3430 5598 p.
3453 5527 3572 5591 528,
3597 5523 3723 5587 95‘1-

2245 5617 2320 5684 (7)
2347 5615 2484 5670 Ibid.
2525 5617 2616 5671 lib.
2645 5616 2711 5670 VI
2739 5620 2905 5674 Iibell.
2939 5621 2990 5679 5.
3020 5621 3055 5672 2
3091 5637 3141 5685 p.
3175 5620 3298 5684 6:51,
3335 5621 3370 5674 2
3405 5637 3464 5688 sq

2247 5705 2322 5770 (8)
2363 5706 2600 5762 Cotcler.
2633 5707 2780 5762 Eccl.
2809 5709 3006 5765 Graec.
3029 5711 3174 5764 Mon.
3201 5711 3310 5767 T.l
3343 5728 3396 5781 p.
3429 5711 3522 5766 5M
3549 5721 3656 5774 sqq.
3678 5717 3720 5755 8-

2179 5815 2226 5850 v.
2263 5796 2541 5851 Macarius
2583 5800 2871 5868 Aegyptius
2903 5801 2930 5872 ς
2957 5801 3207 5865 XXXIII;
3254 5803 3414 5856 infra
3453 5804 3504 5856 in
3549 5800 3718 5852 harum

2170 5887 2563 5955 Quaestionum
2597 5893 2894 5961 appendice
2927 5895 3095 5949 altera
3128 5895 3230 5950 sub
3263 5891 3350 5949 III.
