4046 6484
304 420 372 474 157
1883 435 1944 488 Ἦ

2053 435 2112 487 Ε.
3525 434 3625 489 153

298 515 520 580 dcmius
581 522 700 597 [in
771 527 1370 608 Apophthegmatis
1425 535 1735 610 Βιτίμιος],
1791 533 1939 612 quia
1972 541 2012 594 Α
2045 537 2331 610 spectare
2362 531 2737 604 invenimus,
2761 531 2823 592 id
2856 531 3028 610 quod
3059 530 3210 590 etin
3247 529 3469 590 ceteris
3498 526 3624 590 ϊν.

303 621 804 686 narravitabbas
825 629 1467 691 Macarius:Sedente
1485 631 1940 710 mealiquando
2047 633 2163 691 PP.
2208 632 2492 694 eiusdem
2537 632 2929 693 collectionis
2968 629 3142 691 libris
3186 628 3624 708 deprehende-

303 719 352 778 in
376 718 580 779 Scithi
616 723 1254 804 [ApOphthegmata
1279 744 1292 787 :
1316 738 1397 798 εὶς
1427 731 1657 805 Σκῆτιν]
1681 728 1942 790 descen-

302 813 513 878 derunt
549 817 702 881 duo
741 823 1204 887 adolescentes
1234 825 1666 905 peregrini...
1694 874 1708 899 ,
1734 850 1762 882 ››
1791 833 1851 888 et
1874 828 1938 889 in

312 918 688 982 narrationis
726 922 1014 988 demum
1048 927 1171 988 ﬂne
1209 925 1364 989 haec
1400 927 1718 989 adduntur
1750 946 1763 988 :
1803 952 1832 985 α
1867 931 1940 990 Et

324 1034 441 1077 cum
467 1016 688 1097 aliqui
722 1029 998 1100 patrum
1019 1025 1384 1088 advenirent
1405 1026 1616 1088 abbati
1645 1027 1937 1103 Macario,

2043 749 2205 792 mus.
2262 731 2632 793 Rosweidus
2657 731 2812 802 147
2837 749 2977 792 cum
3023 748 3058 790 e
3101 747 3330 806 genere
3376 728 3629 790 dicendi

2045 837 2106 891 et
2147 831 2525 910 quibusdam
2573 830 2977 910 praefationis
3020 829 3246 903 verbis,
3278 846 3441 908 quae
3484 844 3628 890 cum

2044 931 2190 1008 libri
2227 932 2491 993 secundi
2533 931 2923 1011 praefatione
2952 931 3356 1003 conveniunt,
3381 936 3512 989 tum
3553 945 3632 989 ex

2045 1032 2504 1112 praefationum
2544 1032 2683 1092 libri
2722 1033 2983 1094 secundi
3024 1039 3086 1092 et
3128 1030 3296 1092 tertii
3337 1029 3630 1090 afﬁnitate

335 1118 582 1182 ducebat
605 1139 735 1184 eos
765 1124 842 1185 in
873 1125 1098 1188 cellam
1131 1127 1414 1207 ipsorum
1437 1127 1655 1189 dicens
1680 1145 1693 1187 :
1718 1129 1938 1190 Venite

333 1219 526 1282 videre
574 1226 982 1304 martyrium
1021 1226 1246 1289 horum
1289 1228 1609 1290 minorum
1655 1230 1938 1308 peregri-

335 1340 576 1385 norum.
606 1350 639 1382 το
674 1331 1030 1392 Macarium
1057 1331 1245 1410 igitur
1269 1333 1646 1413 Aegyptium
1677 1333 1941 1411 intelligi

330 1433 552 1505 sponte
590 1427 806 1492 lucet.

410 1551 437 1582 α
469 1529 633 1590 Cum
666 1532 936 1611 quidam
963 1533 1206 1609 fratres,
1230 1535 1768 1614 quemadmodum
1806 1551 1943 1596 ora-

334 1636 490 1702 rent,
512 1630 789 1694 beatum
810 1636 1144 1696 Macarium
1166 1636 1660 1716 requisivissent,
1679 1652 1940 1716 respon-

343 1729 424 1789 dit
436 1731 566 1793 illis
589 1733 854 1796 dicens:
877 1737 1017 1798 Non
1039 1743 1181 1798 sunt
1203 1737 1554 1799 necessaria
1577 1737 1734 1808 146
1753 1738 1940 1798 nobis

343 1831 668 1908 superflua
700 1836 914 1907 verba,
938 1835 1048 1897 sed
1075 1837 1415 1898 extendere
1444 1842 1685 1898 tantum
1717 1854 1939 1898 manus

337 1947 410 1992 ac
453 1932 680 1995 dicere
735 1936 1043 1998 debemus
1086 1955 1098 1997 :
1139 1938 1326 2012 Deus,
1367 1937 1693 2017 quomodo
1739 1937 1832 1999 vis
1880 1943 1942 1998 et

332 2033 500 2095 sicut
530 2036 655 2097 tibi
687 2036 914 2117 placet,
947 2039 1032 2100 ita
1063 2040 1188 2102 ﬁat.
1225 2040 1287 2100 Si
1316 2046 1524 2102 autem
1559 2039 1821 2101 tentatio
1851 2039 1940 2099 ir-

333 2137 561 2210 ruerit,
592 2146 708 2199 aut
757 2140 1170 2219 impugnatio,
1194 2140 1529 2204 dicendum
1575 2147 1670 2202 est
1705 2159 1718 2202 :
1750 2142 1938 2212 Deus,

331 2237 649 2299 auxiliare
708 2239 914 2300 nobis.
963 2241 1107 2320 Ipse
1155 2244 1322 2302 enim
1374 2240 1512 2312 scit,
1546 2255 1709 2319 quae
1759 2239 1942 2300 nobis

341 2339 694 2418 expediant
726 2338 832 2414 (1).
866 2362 894 2395 ››
933 2339 1166 2402 Eadem
1207 2339 1457 2401 Macarii
1491 2338 1844 2399 exhortatio
1875 2337 1941 2398 in

349 2438 503 2502 libro
556 2441 792 2520 quinto
815 2439 895 2520 (2)
929 2447 991 2502 et
1034 2441 1099 2502 in
1145 2440 1708 2520 Apophthegmatis
1756 2441 1937 2500 Cote-

352 2537 479 2600 lerii
515 2539 600 2619 (3)
642 2538 892 2616 legitur.
932 2543 1133 2618 Atque
1162 2557 1240 2600 ex
1274 2537 1602 2600 monachis
1638 2538 1744 2600 alii
1789 2556 1938 2617 per-

346 2639 578 2700 multas
635 2637 921 2717 quotidie
979 2637 1294 2699 orationes
1354 2636 1646 2698 recitasse
1691 2634 1798 2713 (4),
1837 2635 1941 2697 alii

343 2740 622 2802 eandem
682 2740 933 2800 brevem
989 2755 1239 2818 semper
1291 2737 1620 2818 repetiisse
1675 2737 1938 2798 tradun-

341 2845 450 2899 tur
491 2838 601 2918 (5).
660 2837 946 2898 Ceterum
998 2854 1186 2916 quam
1234 2836 1463 2898 eximie
1517 2834 1598 2896 de
1655 2835 1940 2896 oratione

343 2939 661 3000 Macarius
696 2937 1038 3018 Aegyptius
1070 2937 1354 3011 senserit,
1387 2953 1465 2998 ex
1493 2936 1629 2998 eius
1669 2935 1942 2998 homiliis

347 3042 515 3101 clare
546 3046 747 3120 patet.

430 3165 459 3195 α
499 3140 714 3201 Abbas
744 3139 1044 3202 Macarius
1067 3139 1216 3201 dum
1244 3137 1441 3200 semel
1463 3138 1543 3200 de
1573 3137 1767 3199 Scithi
1795 3154 1942 3217 por-

2043 1151 2186 1193 cum
2232 1134 2576 1212 prooemiis
2603 1135 2913 1194 Historiae
2935 1134 3290 1205 Lausiacae,
3334 1132 3632 1192 Ruﬁnum

2041 1233 2185 1294 libri
2221 1235 2388 1295 tertii
2418 1235 2790 1314 scriptorem
2824 1234 3276 1313 (interpretem)
3302 1249 3440 1294 esse
3473 1249 3628 1294 con-

2039 1333 2208 1394 iecit.
2239 1335 2389 1403 Quia
2425 1335 2596 1396 enim
2621 1335 2765 1396 libri
2798 1336 2965 1396 tertii
3007 1335 3314 1414 praefatio
3365 1333 3633 1413 epistola

2045 1434 2304 1496 Palladii
2336 1437 2410 1496 ad
2443 1438 2712 1497 Lausum
2743 1435 3052 1496 Historiae
3080 1435 3411 1496 Lausiacae
3444 1450 3630 1512 prae-

2043 1535 2233 1597 missa
2289 1543 2462 1598 certo
2511 1536 2822 1608 innititur,
2866 1535 3170 1615 praefatio
3228 1542 3435 1597 autem
3490 1534 3630 1595 libri

2043 1635 2327 1710 secundi,
2354 1635 2532 1696 cuius
2578 1635 2890 1714 interpres
2947 1637 3236 1709 Ruﬁnus,
3267 1635 3344 1696 ad
3395 1651 3626 1714 prooe-

2041 1734 2260 1808 mium,
2311 1736 2483 1814 quod
2543 1737 2608 1798 in
2665 1737 2873 1798 fronte
2937 1737 3243 1798 Historiae
3300 1736 3629 1796 Lausiarae

2042 1836 2428 1897 Meursianae
2487 1843 2550 1896 et
2605 1836 3070 1898 Rosweidianae
3119 1836 3410 1897 editionis
3471 1836 3628 1913 legi-

2045 1939 2169 2007 tur,
2213 1933 2378 1995 haud
2438 1934 2628 1996 dubie
2684 1936 2921 2009 alludit,
2965 1936 3236 1997 eundem
3304 1935 3631 2014 utriusque

2043 2030 2185 2094 libri
2203 2035 2575 2114 scriptorem
2594 2034 3026 2114 (interpretem
3047 2042 3151 2097 aut
3173 2035 3629 2115 praefationum

2044 2131 2442 2215 scriptorem)
2475 2135 2773 2196 Ruﬁnum
2804 2152 2966 2206 esse,
2992 2135 3140 2196 satis
3160 2135 3458 2196 audacter
3485 2135 3630 2212 qui-

2044 2233 2188 2294 dem
2218 2235 2490 2296 coniecit
2515 2234 2621 2314 (9).
2647 2236 3014 2312 Quanquam
3045 2234 3139 2294 vel
3175 2250 3276 2306 eo,
3303 2235 3474 2313 quod
3511 2236 3635 2293 Ru-

2044 2331 2208 2392 ﬁnus
2256 2339 2542 2393 mortuus
2588 2338 2740 2406 erat,
2771 2338 3108 2409 antequam
3154 2329 3425 2391 Historia
3471 2332 3630 2388 Lau-

2043 2431 2204 2493 siaca
2233 2431 2518 2511 prodiret
2543 2430 2693 2512 (10),
2724 2447 2760 2492 a
2800 2429 2907 2492 tali
2945 2447 3158 2491 errore
3199 2428 3475 2490 revocari
3518 2428 3630 2488 de-

2042 2532 2250 2594 bebat.
2272 2533 2515 2593 Etenim
2538 2533 2933 2612 prooemium
2963 2531 3129 2593 istud
3163 2531 3551 2592 Meursianae
3574 2535 3635 2591 ct

2042 2632 2511 2694 Rosweidianae
2549 2633 2843 2694 editionis
2878 2632 2895 2710 (
2907 2631 2998 2710 11)
3038 2632 3349 2693 Historiae
3377 2632 3632 2691 Lausia-

2042 2750 2176 2806 cae,
2195 2751 2474 2812 quocum
2495 2733 2639 2794 libri
2667 2733 2927 2795 secundi
2959 2733 3260 2813 praefatio
3282 2734 3416 2794 sine
3439 2732 3632 2794 dubio

2043 2833 2360 2907 cohaeret,
2388 2835 2672 2913 Spurium
2689 2841 2782 2894 est
2803 2831 2920 2912 (12)
2955 2842 3016 2894 et
3041 2833 3312 2894 Historia
3338 2833 3632 2892 Lausiaca

2040 2934 2368 3006 vetustius,
2402 2933 2572 2994 unde
2609 2933 2670 2993 id
2708 2933 2772 2994 in
2810 2933 2970 2994 libro
3010 2933 3291 2995 secundo
3329 2940 3476 2993 ante
3518 2933 3630 2992 lli-

2042 3033 2298 3094 storiam
2330 3034 2690 3095 Lausiacam
2725 3034 2958 3113 scripto
2986 3033 3270 3096 adhiberi
3297 3033 3479 3094 facile
3519 3051 3630 3093 ex-

2043 3131 2304 3210 plicabis
2319 3131 2466 3212 (13).
2486 3132 2652 3193 Libri
2673 3150 2820 3194 vero
2841 3133 3006 3194 tertii
3028 3133 3328 3212 praefatio
3346 3133 3634 3210 genuinis

351 3247 514 3302 taret
543 3239 1074 3320 sportellas,quas
1102 3237 1679 3314 texerat,grandem
1702 3237 1941 3298 habens
1969 3246 2010 3302 (ε
2044 3234 2353 3295 Historiae
2379 3233 2712 3296 Lausiacae
2731 3234 3021 3296 innititur
3048 3234 3225 3308 locis,
3243 3241 3632 3314 quaprOptcr

349 3346 488 3404 viae
527 3343 809 3404 laborem
849 3341 1082 3402 resedit
1120 3348 1182 3402 et
1226 3340 1381 3402 dixit
1421 3357 1433 3399 :
1469 3339 1654 3412 Deus,
1683 3345 1751 3399 tu
1795 3337 1940 3410 scis,

351 3449 504 3528 quia
537 3446 812 3527 amplius
836 3463 968 3507 non
996 3445 1170 3507 valeo
1196 3444 1540 3517 ambulare,
1573 3450 1634 3506 et
1662 3461 1811 3504 mox
1839 3443 1941 3503 in-

351 3558 582 3611 ventus
634 3553 729 3608 est
781 3547 856 3609 ad
916 3546 1194 3620 ﬂuvium,
1242 3545 1411 3607 unde
1469 3544 1675 3606 adhuc
1730 3543 1945 3606 multis

351 3655 570 3712 aberat
625 3648 962 3711 intervallis
999 3648 1104 3729 (6).
1143 3672 1171 3702 »
1222 3648 1395 3709 Idem
1442 3648 1508 3707 in
1555 3646 1717 3707 libro
1767 3652 1944 3706 sexto

353 3753 566 3814 verbis
593 3771 606 3811 :
641 3773 669 3805 τι
699 3750 998 3812 Dicebant
1026 3749 1103 3810 de
1133 3751 1356 3811 abbate
1388 3747 1652 3809 Macario
1683 3745 1790 3807 illo
1821 3762 1948 3805 ma-

361 3854 496 3914 iore
519 3903 530 3914 .
558 3902 571 3914 .
598 3899 614 3912 .
639 3850 748 3931 (7),
771 3873 800 3906 n
820 3857 881 3911 et
907 3851 973 3911 in
1002 3848 1561 3930 Apophthegmatis
1582 3865 1618 3909 a
1637 3845 1945 3908 Cotelerio

367 3951 544 4012 editis
572 3951 666 4012 ita
691 3949 949 4028 incipit:
983 3974 1009 4003 «
1045 3949 1344 4010 Dicebant
1375 3948 1453 4009 de
1483 3947 1704 4009 abbate
1737 3947 1940 4006 Maca-

361 4053 457 4113 rio
487 4051 798 4130 Aegyptio
823 4099 874 4111 ..
905 4047 1044 4131 .(8),
1073 4073 1100 4105 »
1135 4048 1329 4122 unde,
1365 4055 1507 4110 uter
1535 4049 1942 4109 Macariorum

361 4153 634 4225 dicatur,
657 4150 1063 4232 perspicuum
1094 4156 1207 4210 est.
1225 4148 1496 4222 Fluvius,
1511 4164 1701 4227 quem
1717 4147 1943 4220 innuit,

359 4253 541 4314 Nilus
569 4257 698 4323 est;
722 4251 800 4312 ad
819 4251 1009 4312 urbes
1038 4249 1204 4312 enim
1237 4248 1304 4310 in
1333 4249 1608 4310 fluminis
1635 4248 1771 4328 ripa
1803 4248 1948 4309 sitas

362 4352 708 4412 adventare
757 4349 1041 4411 solebant
1085 4347 1399 4422 monachi,
1426 4347 1738 4427 sportulas
1792 4364 1948 4426 quas

361 4457 678 4523 texerant,
706 4448 1037 4511 vendituri.

445 4555 520 4614 Et
547 4553 705 4613 haec
737 4550 990 4630 quidem
1008 4549 1223 4651 insunt
1255 4548 1334 4651 de
1364 4545 1645 4651 Macariis
1659 4547 1813 4651 ‘VV.
1830 4546 1944 4605 PP.
1982 4599 2026 4651 Β

2050 3349 2188 3394 cam
2240 3340 2383 3411 post
2439 3332 2652 3393 Ruﬁni
2706 3340 2972 3394 mortem
3018 3334 3438 3412 conscriptam
3496 3350 3634 3392 esse

2048 3450 2179 3494 non
2207 3433 2416 3493 minus
2447 3433 2851 3512 perspicuum
2884 3440 2996 3495 est.
3033 3434 3102 3494 1d
3133 3433 3335 3495 solum
3362 3439 3629 3502 constat,

2047 3531 2192 3593 libri
2256 3533 2421 3594 tertii
2476 3533 2932 3612 praefationem
2978 3552 3013 3594 e
3064 3533 3206 3593 libri
3265 3533 3525 3594 secundi
3574 3539 3635 3591 et

2046 3634 2355 3695 Historiae
2405 3634 2737 3695 Lausiacae
2791 3634 3284 3713 praefationibus
3325 3633 3629 3712 compila-

2046 3740 2199 3806 tam,
2246 3732 2554 3811 illumque
2623 3733 2815 3809 igitur
2866 3731 3096 3793 librum
3154 3732 3325 3792 hisce
3385 3730 3634 3791 duobus

2049 3837 2248 3894 aetate
2283 3831 2699 3910 posteriorem
2733 3850 2891 3893 esse.

2131 3931 2300 4007 §33.
2344 3932 2529 3993 Libro
2597 3933 2818 4012 quinto
2884 3934 3007 3992 VV’.
3061 3933 3179 3992 PP.
3240 3931 3634 3992 collectionis

2051 4032 2520 4094 Rosweidianae
2549 4032 2979 4112 septendecim
3012 4032 3088 4092 de
3123 4031 3400 4092 Macariis
3434 4029 3632 4090 histo-

2051 4134 2180 4195 riae
2223 4133 2648 4195 continentur.
2694 4135 2963 4205 Quarum
3021 4140 3162 4194 octo
3227 4133 3305 4193 de
3365 4132 3632 4191 Macario

2052 4235 2363 4314 Aegyptio
2411 4252 2557 4296 cum
2603 4233 2899 4294 fratribus
2935 4233 3147 4294 vinum
3197 4233 3476 4322 bibente.
3523 4234 3632 4294 sed

2053 4341 2275 4414 postea
2304 4349 2420 4412 pro
2451 4331 2673 4410 quovis
2699 4330 2890 4392 calice
2921 4330 3086 4391 diem
3127 4329 3438 4406 integrum
3472 4347 3633 4408 arma

2053 4435 2405 4497 abstinente
2431 4431 2578 4513 (14),
2612 4432 2689 4494 de
2727 4431 3009 4493 eiusdem
3050 4431 3297 4493 Macarii
3336 4431 3526 4505 dicto,
3568 4431 3634 4491 in

2051 4537 2453 4617 increpandis
2505 4535 2642 4597 aliis
2684 4535 2763 4596 ad
2807 4533 3193 4596 iracundiam
3247 4539 3632 4594 commotum

366 4653 532 4714 libro
585 4651 1049 4714 Rosweidianae
1094 4648 1484 4712 collectionis
1530 4648 1738 4709 tertio.
1782 4649 1950 4720 Quae
1984 4631 2025 4651 ’⁷
2057 4655 2125 4698 se
2162 4637 2368 4715 ipsum
2401 4635 2667 4714 perdere
2693 4632 2851 4713 (15),
2889 4635 2967 4695 de
3001 4632 3282 4694 eiusdem
3324 4631 3630 4702 doctrina,

366 4754 709 4816 maximam
758 4758 997 4831 partem
1045 4750 1123 4811 ad
1187 4747 1520 4811 Macarium
1581 4746 1951 4825 Aegyptium
2059 4757 2176 4801 nos
2211 4745 2609 4819 acceptarum
2649 4734 2810 4806 148
2841 4733 2920 4796 ab
2969 4733 3331 4796 hominibus
3372 4731 3644 4792 iniuria--

441 4941 518 5008 (1)
550 4935 666 4991 νγ.
707 4937 811 4992 PP.
839 4936 1018 4992 Rosw.
1046 4937 1138 4990 lib.
1172 4935 1240 4989 111
1272 4952 1393 5005 cap.
1422 4934 1523 4989 207
1561 4951 1614 5006 p.
1648 4934 1775 4998 551,
1806 4933 1857 4986 1.

443 5033 518 5098 (2)
557 5029 694 5084 lbid.
727 5030 819 5084 lib.
850 5028 892 5080 V
931 5029 1097 5085 libell.
1136 5027 1226 5092 12,
1263 5028 1329 5082 10
1367 5044 1422 5098 p.
1457 5026 1583 5089 6M,
1617 5027 1668 5079 1.

443 5124 516 5190 (3)
551 5122 795 5177 Coteler.
823 5120 968 5174 Eccl.
1009 5118 1200 5174 Graec.
1236 5119 1380 5174 Mon.
1417 5116 1482 5171 T.
1517 5116 1618 5188 lp.
1651 5115 1754 5170 556
1783 5132 1865 5185 sq.
1901 5131 1948 5169 s.

378 5232 430 5272 τ.
455 5215 734 5270 Ηαεαγὶκε
767 5214 1050 5283 Aegyptius
1073 5211 1099 5283 §
1122 5209 1271 5277 XIX;
1301 5208 1447 5264 infra
1469 5209 1522 5263 in
1549 5209 1742 5262 harum
1774 5207 1952 5274 Quae-

383 5308 614 5361 stionum
649 5305 962 5374 Appendice
990 5305 1160 5357 altera
1189 5303 1292 5358 sub
1321 5301 1408 5356 111.

465 5401 515 5469 4)
555 5397 645 5454 Cf.
680 5411 848 5467 supra
870 5397 896 5467 ᾗ
922 5397 990 5450 25
1019 5413 1071 5466 p.
1116 5397 1235 5450 106.
1272 5395 1412 5451 llist.
1441 5393 1603 5448 Laus.
1637 5393 1724 5447 ed.
1751 5390 1949 5446 Meurs.

369 5509 490 5561 cap.
535 5492 608 5546 55
644 5489 787 5560 Opp.
833 5489 1034 5543 Meurs.
1076 5490 1110 5542 l.
1142 5489 1156 5541 l
1185 5506 1236 5558 p.
1282 5489 1422 5554 4M;
1451 5502 1569 5556 cap.
1600 5487 1668 5541 '59
1717 5503 1768 5554 p.
1809 5484 1951 5550 456;

366 5601 489 5656 cap.
515 5584 585 5637 47
615 5598 666 5653 p.
692 5581 790 5636 481
820 5599 833 5648 ;
861 5596 980 5651 cap.
1020 5581 1088 5635 55
1111 5598 1162 5651 p.
1190 5581 1329 5646 493;
1357 5595 1476 5650 cap.
1511 5577 1578 5632 88
1603 5593 1657 5648 p.
1688 5576 1810 5631 555.

439 5680 516 5750 (5)
547 5678 659 5733 VV.
698 5677 806 5732 PP.
836 5676 1023 5730 Rosw.
1072 5675 1166 5730 lib.
1199 5674 1241 5728 ll
1282 5690 1403 5744 cap.
1433 5672 1466 5726 9
1497 5689 1550 5744 p.
1591 5670 1715 5736 467,
1752 5671 1775 5723 1
1815 5669 1952 5741 Opp.

372 5771 572 5829 llenrs.
615 5773 651 5827 l.
677 5771 718 5826 l.
748 5788 805 5841 p.
837 5769 946 5823 6H
979 5783 1086 5837 sq.,
1113 5767 1335 5837 passim.

443 5864 517 5930 (6)
551 5865 679 5919 Ibid.
712 5865 810 5919 lib.
844 5861 912 5916 111
942 5860 1193 5929 cap.2|3
1216 5875 1264 5926 p.
1302 5859 1425 5917 539..
1465 5858 1508 5909 1.

447 5953 519 6025 ιτ)
549 5954 682 6013 Ibid.
711 5956 814 6012 lib.
845 5951 909 6008 vr
935 5950 1100 6006 libell.
1136 5948 1189 6017 2,
1221 5950 1258 6002 θ
1292 5965 1343 6020 ρ.
1376 5949 1499 6012 sic,
1527 5947 1582 5999 ε.

2128 4921 2205 4992 (8)
2237 4919 2472 4976 Coleler.
2499 4919 2648 4974 Eccl.
2673 4919 2866 4974 Graec.
2908 4917 3052 4972 Mon.
3082 4919 3147 4971 Τ.
3193 4918 3210 4970 1
3240 4933 3294 4985 p.
3341 4917 3446 4970 553
3491 4933 3533 4972 s.
3578 4933 3630 4972 ν.

2056 5014 2328 5070 Macarius
2363 5013 2651 5084 Aegyptius
2686 5009 2856 5083 §XIV
2888 5027 2902 5076 ;
2935 5009 3074 5064 infra
3127 5009 3180 5061 in
3222 5010 3414 5061 barum
3450 5008 3632 5076 Quae-

2053 5109 2294 5163 stionum
2330 5104 2642 5176 Appendice
2672 5104 2840 5157 altera
2872 5102 2972 5154 sub
3007 5099 3092 5151 111.
3647 5101 3656 5110 ·

2127 5201 2202 5268 (9)
2238 5199 2349 5253 VX.
2381 5198 2483 5253 PP.
2523 5197 2704 5252 Rosw.
2733 5195 2945 5262 Proleg.
2981 5192 3020 5245 ν
3051 5209 3103 5261 p.
3142 5191 3313 5244 XXIX
3345 5210 3426 5261 sq.

2127 5289 2238 5359 (10)
2275 5288 2358 5343 Cl'.
2395 5303 2560 5354 supra
2591 5285 2618 5355 ἓ
2647 5285 2679 5337 6
2701 5300 2751 5354 p.
2781 5283 2871 5336 21.

2129 5382 2241 5451 (ll)
2271 5379 2383 5433 vv.
2417 5378 2520 5434 PP.
2546 5378 2726 5432 Rosw.
2751 5377 2841 5430 lib.
2877 5374 2986 5428 vm
3019 5391 3071 5446 p.
3106 5375 3210 5429 7m
3239 5393 3325 5444 sq.

2129 5472 2242 5541 (12)
2271 5471 2357 5525 tif.
2391 5484 2554 5538 supra
2587 5467 2668 5539 §5
2703 5484 2754 5537 p.
2791 5467 2856 5520 15
2879 5466 2906 5536 §
2928 5467 2959 5520 6
2991 5481 3042 5534 p.
3068 5466 3138 5519 ‘28
3171 5481 3254 5534 sq.

2131 5563 2242 5634 (ιδ)
2267 5561 2508 5617 Ct.lbid.
2539 5576 2593 5630 p.
2624 5559 2713 5612 24.
2747 5557 2818 5610 es
2843 5573 2924 5626 sq.

2130 5655 2245 5725 (16)
2294 5651 2409 5708 νν.
2456 5651 2560 5706 ΡΡ.
2610 5651 2794 5706 Bosw.
2848 5651 2940 5704 lib.
2981 5648 3021 5700 V
3054 5649 3220 5705 libell.
3257 5648 3310 5708 4,
3341 5647 3410 5701 ‘26
3444 5663 3495 5718 p.
3529 5647 3635 5702 5th

2050 5749 2086 5802 2
2119 5766 2201 5815 sq.

2131 5841 2244 5912 (l5)
2273 5838 2407 5896 Ibid.
2439 5839 2606 5895 libell.
2639 5837 2693 5903 σ1,
2727 5838 2796 5892 ‘28
2823 5852 2874 5907 p.
2909 5835 3032 5903 570,
3067 5835 3110 5888 1.
