4046 6444
558 365 662 422 159

1382 371 1483 425 SS.
1526 372 1989 431 MACARIORUM
2028 373 2351 429 AEGYPTII
2392 372 2477 427 ET
2518 369 2989 425 ALEXANDRINI

3750 372 3854 430 ΗΟ

554 496 693 541 rum
756 484 1221 546 reminiscendo
1278 503 1399 546 vim
1460 492 1802 554 memoriae
1860 492 2133 568 laedere,
2165 501 2211 557 Α
2241 492 2416 571 poris
2444 490 2726 552 ariditate
2754 489 3056 550 Macarius
3084 485 3559 549 Alexandrinus
3582 485 3730 561 fuit,
3753 489 3857 551 cui

554 580 862 643 malorum
904 601 1049 644 vero
1092 603 1127 645 a
1166 584 1581 650 daemonibus
1615 590 1994 652 inﬂictorum
2032 609 2133 653 re-

553 681 918 744 cordatione
940 702 1067 745 non
1091 686 1338 748 laedere
1356 686 1460 767 (1),
1477 689 1553 751 de
1581 692 1769 753 modo
1792 693 2133 771 orandi(2),

554 778 633 839 de
675 780 883 859 puella
919 786 1167 861 gravida
1196 804 1230 848 a
1259 790 1524 851 Macario
1556 792 1863 869 Aegyptio
1894 811 1961 853 se
1989 812 2133 854 cor-

551 888 799 959 ruptam
833 901 968 945 esse
1006 888 1348 949 mentiente
1374 889 1480 967 (3),
1512 890 1591 951 de
1632 891 1885 953 diabolo
1922 892 2131 954 humi-

549 977 720 1042 litate
756 1001 790 1043 a
826 986 1094 1047 Macario
1132 990 1439 1068 Aegyptio
1468 1008 1534 1051 se
1569 992 1733 1052 vinci
1764 991 1996 1055 fatente
2025 994 2131 1073 (4),

551 1077 629 1139 de
661 1080 821 1155 fure,
855 1101 1043 1161 quem
1074 1084 1241 1146 idem
1270 1089 1570 1149 Macarius
1602 1089 1666 1149 in
1689 1090 1845 1152 cella
1872 1110 1983 1153 sua
2018 1093 2131 1154 de-

548 1181 887 1259 prehendit
910 1184 1018 1263 (5),
1049 1186 1126 1246 de
1165 1186 1473 1248 daemone
1496 1189 1795 1269 denique,
1830 1193 1941 1271 qui
1981 1193 2129 1253 visi-

550 1285 693 1344 tatis
722 1286 1012 1348 fratribus
1035 1286 1237 1348 solum
1271 1290 1390 1350 sibi
1423 1289 1850 1353 Theoctistum
1880 1294 2131 1356 fratrem

545 1382 612 1442 in
658 1387 1047 1453 monasterio
1099 1387 1305 1449 favere
1358 1389 1559 1450 eidem
1617 1392 1882 1452 Macario
1931 1392 2131 1454 fassus

546 1482 625 1542 sit
657 1482 764 1563 (6),
790 1502 980 1565 supra
1016 1489 1409 1549 excussimus
1436 1490 1541 1569 (7).
1566 1491 1886 1569 Superest,
1914 1499 1983 1553 ut
2022 1510 2129 1554 ce-

544 1589 708 1644 teras
738 1603 964 1647 novem
996 1605 1074 1648 ex
1105 1590 1327 1650 ordine
1360 1608 1822 1654 recenseamus.

628 1707 655 1738 ‹‹
706 1685 867 1746 Dixit
914 1688 1106 1749 abbas
1160 1690 1463 1751 Macarius
1511 1692 1718 1753 abbati
1751 1693 2125 1758 Zachariae:

544 1783 653 1845 Dic
692 1786 868 1859 mihi,
895 1789 1067 1866 quod
1115 1797 1207 1849 est
1254 1808 1416 1869 Opus
1463 1793 1798 1854 monachi?
1834 1795 1993 1855 Dixit
2030 1797 2126 1857 ei:
2162 1838 2204 1891 Β

543 1882 639 1943 Me
668 1883 1038 1965 interrogas,
1074 1888 1287 1967 pater?
1317 1892 1389 1949 Et
1418 1890 1570 1952 dixit
1600 1892 1658 1953 ei
1696 1894 1887 1955 abbas
1924 1898 2125 1958 Maca-

542 1983 709 2047 rius:
736 1989 951 2049 Certus
980 2008 1117 2050 sum
1144 1990 1222 2051 de
1251 1997 1336 2065 te,
1356 1991 1441 2052 fili
1466 1993 1786 2067 Zacharia;
1812 2002 1905 2056 est
1934 1997 2124 2072 enim,

543 2083 655 2161 qui
688 2102 789 2146 me
821 2087 1047 2165 pulsat,
1081 2096 1149 2149 ut
1188 2089 1569 2167 interrogem
1609 2096 1691 2151 te.
1725 2093 1888 2155 Dixit
1923 2096 1980 2156 ei
2014 2098 2126 2157 Za-

542 2182 785 2246 charias
832 2204 844 2246 :
886 2189 1197 2259 Quantum
1239 2189 1315 2251 ad
1366 2208 1488 2264 me,
1532 2201 1731 2270 pater,
1771 2192 1893 2256 hoc
1946 2204 2122 2275 puto,

542 2286 866 2363 quoniam,
912 2288 1277 2367 quicunque
1326 2292 1735 2369 semetipsum
1787 2296 2126 2357 necessita-

543 2382 709 2445 tibus
745 2387 1101 2460 subiecerit,
1129 2396 1316 2467 atque
1357 2390 1655 2466 coegerit,
1685 2391 1821 2471 ipse
1852 2402 1946 2456 est
1985 2413 2124 2455 mo-

542 2483 781 2545 nachus
805 2484 911 2567 (8).
942 2510 969 2543 »
991 2487 1165 2548 Idem
1181 2490 1421 2567 reperis
1440 2490 1503 2549 in
1522 2491 2077 2570 Apophthegmatis
2092 2511 2127 2555 a

540 2582 850 2645 Cotelerio
883 2586 1065 2647 editis
1082 2605 1134 2647 s.
1160 2606 1220 2647 v.
1240 2590 1611 2662 Zacharias,
1632 2608 1822 2668 quem
1852 2594 1915 2652 in
1945 2596 2127 2654 Scete

539 2682 850 2746 resedisse
894 2685 981 2745 ibi
1025 2686 1344 2761 edoceris;
1379 2708 1501 2768 qua
1549 2708 1626 2751 ex
1677 2710 1744 2752 re
1790 2693 2126 2753 Macarium

538 2784 913 2862 Aegyptium
953 2794 1171 2849 nostro
1209 2787 1352 2849 loco
1394 2790 1661 2869 intelligi
1692 2790 1859 2853 haud
1896 2791 2127 2854 iniuste

537 2881 818 2960 colliges.
843 2885 1173 2948 Zachariae
1203 2895 1413 2949 autem
1442 2891 1773 2969 responsio
1801 2892 1867 2953 in
1899 2909 2125 2969 graeco

538 2987 712 3043 textu
746 2982 879 3045 fere
922 2984 1076 3047 haec
1119 2994 1212 3047 est
1247 3006 1259 3047 :
1296 3012 1323 3043 α
1356 2991 1663 3061 Quantum
1706 3008 1823 3068 ego
1868 2992 2125 3071 quidem

537 3082 851 3157 existimo,
880 3092 1073 3163 pater,
1105 3087 1212 3165 qui
1245 3106 1311 3149 se
1342 3089 1551 3169 ipsum
1583 3091 1750 3169 cogit
1773 3091 1852 3153 ad
1890 3094 2121 3167 omnia,

538 3180 591 3239 is
624 3186 717 3241 est
751 3182 1099 3243 monachus
1128 3184 1230 3263 (9).
1272 3209 1299 3240 ››

618 3304 647 3335 ε(
680 3282 1227 3361 Interrogaverunt
1257 3286 1512 3365 quidam
1550 3295 1796 3367 patrum
1834 3289 2123 3352 abbatem

536 3382 873 3443 Macarium
954 3385 1329 3463 Aegyptium
1395 3387 1676 3450 dicentes
1729 3408 1741 3449 :
1793 3393 2123 3463 Quomodo

535 3500 770 3562 corpus
801 3490 999 3559 tuum,
1019 3494 1080 3547 et
1108 3487 1359 3565 quando
1387 3489 1747 3564 manducas,
1777 3498 1838 3552 et
1867 3494 2120 3570 quando

534 3584 798 3657 ieiunas,
838 3586 1076 3648 siccum
1118 3586 1247 3649 est?
1280 3590 1353 3649 Et
1382 3589 1535 3651 dixit
1568 3591 1643 3651 iis
1680 3609 1913 3653 senex:
1952 3594 2123 3655 Sicut

535 3684 775 3762 lignum
806 3686 871 3747 in
894 3705 1085 3749 manu
1116 3688 1411 3763 hominis,
1440 3708 1582 3751 cum
1614 3709 1740 3770 quo
1768 3692 2026 3754 frutices
2056 3692 2121 3754 in

534 3785 681 3862 igne
720 3794 1047 3848 versantur
1083 3795 1273 3867 atque.
1315 3800 1734 3865 reversantur,
1759 3809 2011 3871 semper
2042 3792 2121 3853 ab

533 3884 682 3962 igne
754 3889 1168 3961 consumitur,
1211 3890 1320 3962 ita,
1364 3892 1417 3951 si
1478 3891 1669 3953 homo
1729 3893 2122 3954 mundaverit

533 3994 813 4047 mentem
844 4005 1020 4048 suam
1056 3988 1123 4049 in
1161 3990 1385 4051 timore
1430 3991 1561 4065 Dei,
1593 3992 1734 4070 ipse
1774 3993 1965 4054 timor
2006 3993 2118 4054 Dei

534 4086 722 4148 etiam
775 4104 916 4148 ossa
970 4089 1105 4149 eius
1152 4090 1313 4161 1&9
1353 4092 1839 4171 consumit(10).
1870 4117 1896 4149 »
1942 4092 2117 4154 Idem

533 4186 781 4248 Macarii
826 4188 1115 4267 Aegyptii
1156 4189 1391 4251 dictum
1438 4191 1505 4251 in
1554 4192 2118 4271 ApOphthegmatis

534 4301 724 4367 saepe
747 4286 1012 4350 laudatis
1031 4288 1259 4367 legitur
1282 4290 1428 4369 (11).
1454 4292 1583 4353 Nec
1612 4309 1744 4353 non
1761 4293 1949 4355 simili
1970 4310 2115 4356 cor-

2241 610 2321 653 ne
2366 592 2475 670 pili
2515 588 2770 669 quidem
2813 587 3009 649 menti
3052 586 3220 648 enati
3264 592 3447 645 erant
3488 585 3580 647 ob
3621 586 3858 651 nimios

2241 690 2707 753 exercitationis
2735 688 2982 750 labores
3003 689 3213 767 obque
3238 686 3503 748 nimiam
3527 681 3701 748 cutis
3729 687 3857 749 ari-

2238 793 2493 855 ditatem
2522 790 2673 870 (12).

2320 916 2345 946 σ
2384 892 2685 952 Miserunt
2725 888 3065 968 aliquando
3108 904 3293 949 senes
3332 886 3411 948 de
3458 892 3694 946 monte
3744 888 3851 946 Ni-

2236 991 2393 1051 triae
2416 991 2493 1051 ad
2515 991 2806 1051 abbatem
2830 988 3161 1050 Macarium
3183 987 3248 1047 in
3273 985 3500 1059 Scithi,
3523 995 3852 1063 rogantes,

2234 1098 2305 1150 ut
2332 1090 2570 1151 veniret
2593 1090 2670 1151 ad
2702 1106 2834 1163 eos,
2854 1087 3136 1166 alioquin
3161 1086 3365 1158 sciret,
3387 1102 3668 1147 omnem
3697 1087 3857 1146 mul-

2234 1188 2591 1262 titudinem,
2608 1188 2659 1249 si
2688 1189 2823 1267 ipse
2844 1186 2921 1249 ad
2944 1204 3054 1247 eos
3076 1203 3205 1247 non
3226 1187 3500 1257 veniret,
3522 1184 3607 1245 ad
3640 1184 3852 1264 ipsum

2236 1306 2373 1350 esse
2412 1297 2764 1362 venturam,
2799 1287 3099 1367 quoniam
3136 1284 3599 1347 desiderabant
3638 1283 3853 1345 videre

2236 1406 2404 1463 eum,
2451 1396 2788 1467 antequam
2844 1386 3137 1463 migraret
3180 1384 3258 1445 ad
3303 1384 3688 1446 Dominum.
3734 1385 3850 1456 Qui

2234 1507 2377 1551 cum
2398 1490 2668 1551 venisset
2692 1488 2757 1548 in
2782 1495 3086 1560 montem,
3109 1491 3491 1563 congregata
3517 1492 3621 1545 est
3642 1486 3851 1546 omnis

2233 1590 2567 1654 multitudo
2606 1589 2864 1650 fratrum
2908 1588 2986 1649 ad
3028 1604 3196 1647 eum.
3244 1587 3590 1663 Rogabant
3634 1595 3845 1647 autem

2234 1707 2379 1749 eum
2418 1706 2623 1762 senes,
2653 1694 2722 1747 ut
2762 1686 2995 1747 faceret
3028 1687 3287 1746 verbum
3322 1684 3400 1745 ad
3444 1685 3707 1745 fratres.
3740 1684 3847 1745 Ille

2233 1796 2440 1850 autem
2460 1789 2786 1850 lacrimans
2802 1788 2885 1848 ait
2907 1806 2920 1847 :
2946 1786 3293 1858 Ploremus,
3316 1785 3576 1860 fratres,
3607 1795 3673 1847 et
3704 1803 3845 1866 pro-

2233 1889 2463 1949 ducant
2484 1889 2649 1950 oculi
2681 1888 2879 1949 nostri
2911 1887 3221 1961 lacrimas,
3244 1892 3599 1965 antequam
3626 1904 3843 1948 eamus

2231 1988 2402 2062 hinc,
2422 1989 2530 2049 ubi
2553 1988 2843 2050 lacrimae
2866 1992 3113 2047 nostrae
3133 2003 3400 2066 corpora
3418 1986 3837 2048 comburant.

2230 2090 2303 2149 Et
2331 2091 2635 2150 fleverunt
2665 2106 2887 2150 omnes
2918 2096 2980 2149 et
3009 2087 3375 2149 ceciderunt
3410 2089 3613 2166 proni
3644 2089 3713 2149 in
3742 2088 3837 2149 fa-

2230 2192 2387 2252 ciem
2417 2192 2725 2253 dicentes:
2750 2193 2950 2263 Pater,
2972 2207 3077 2250 ora
3100 2207 3217 2269 pro
3238 2189 3420 2250 nobis
3443 2190 3575 2268 (13)
3592 2238 3603 2248 .
3618 2213 3649 2246 ι
3668 2190 3837 2251 Idem

2230 2298 2427 2353 exstat
2442 2292 2505 2352 in
2520 2290 3077 2370 Apophthegmatis
3097 2288 3454 2350 aCotelerio
3480 2289 3676 2351 editis
3693 2290 3832 2371 (11).

2230 2390 2431 2450 Verba
2462 2396 2671 2449 autem
2710 2388 2879 2448 senis
2915 2388 3257 2464 nonaginta
3287 2386 3420 2448 fere
3461 2405 3678 2449 annos
3710 2390 3833 2449 nati

2230 2499 2292 2553 et
2320 2492 2611 2553 ultimum
2650 2490 2908 2550 Nitriam
2945 2488 3248 2549 visitantis
3285 2488 3541 2549 animos
3575 2489 3832 2549 fratrum

2227 2592 2305 2654 ad
2366 2592 2653 2654 lacrimas
2716 2588 3155 2661 commovisse,
3207 2587 3349 2666 quis
3430 2605 3571 2648 non
3654 2588 3831 2650 facile

2227 2690 2479 2753 credet?
2506 2692 2812 2768 Indidem,
2838 2690 3055 2771 quanti
3086 2705 3232 2749 eum
3266 2687 3543 2748 fecerint
3582 2686 3825 2761 fratres,

2227 2794 2454 2855 elucet.

2308 2919 2335 2951 ((
2373 2895 2576 2955 Abbas
2624 2891 2925 2955 Macarius
2968 2891 3168 2952 maior
3210 2889 3276 2949 in
3322 2888 3527 2949 Scithi
3576 2887 3822 2951 dicebat

2225 2992 2518 3056 fratribus
2542 3001 2683 3073 post
2705 2993 2925 3053 missas
2947 2990 3283 3052 ecclesiae:
3312 2989 3561 3066 Fugite,
3584 2988 3821 3050 fratres.

2226 3093 2301 3152 Et
2330 3091 2479 3153 dicit
2509 3092 2563 3153 ei
2597 3108 2761 3151 unus
2797 3089 3057 3150 fratrum
3085 3106 3098 3147 :
3133 3090 3334 3160 Pater,
3364 3087 3478 3147 ubi
3519 3086 3820 3151 habemus

2152 3197 2194 3255 C
2227 3192 2443 3270 fugere
2480 3192 2750 3271 amplius
2780 3210 2815 3253 a
2845 3190 3185 3253 solitudine
3227 3186 3385 3249 ista?
3422 3190 3504 3249 Et
3552 3188 3819 3268 ponebat

2228 3292 2490 3370 digitum
2537 3310 2717 3353 suum
2756 3290 2822 3351 in
2862 3308 2971 3351 ore
3021 3306 3136 3350 suo
3183 3288 3402 3349 dicens
3435 3304 3449 3345 :
3490 3288 3666 3348 Istud
3704 3292 3813 3359 est,

2227 3392 2397 3471 quod
2427 3391 2792 3469 fugiendum
2816 3390 2991 3464 dico;
3015 3396 3077 3450 et
3104 3388 3193 3449 sic
3220 3387 3495 3447 intrabat
3514 3388 3582 3447 in
3603 3385 3815 3448 cellam

2226 3512 2400 3554 suam
2442 3502 2503 3554 et
2531 3492 2829 3554 claudens
2862 3492 3089 3551 ostium
3116 3487 3373 3550 sedebat
3398 3486 3581 3548 solus
3605 3486 3747 3565 (15).
3783 3508 3809 3539 ι

2225 3596 2399 3656 Idem
2454 3594 2647 3654 habes
2700 3593 2766 3653 in
2814 3587 3375 3671 ApOphthegmatis
3421 3580 3463 3647 a'
3512 3585 3812 3648 Cotelerio

2225 3692 2406 3753 editis
2423 3692 2569 3770 (16),
2586 3691 2707 3753 hoc
2733 3707 2863 3751 uno
2896 3685 3467 3762 discrimine,quod
3490 3704 3608 3764 pro
3631 3709 3657 3739 α
3679 3690 3809 3765 post

2223 3792 2441 3852 missas
2474 3791 2778 3853 ecclesiae
2813 3814 2840 3845 »
2876 3790 2940 3849 in
2977 3805 3201 3865 graeco
3237 3786 3394 3856 150
3425 3808 3453 3838 α
3475 3796 3807 3867 postquam

2222 3892 2456 3952 dimisit
2483 3890 2811 3953 ecclesiam
2838 3912 2865 3944 ››
2894 3887 3140 3964 legitur.
3164 3888 3582 3951 Taciturnitas
3608 3894 3804 3950 autem

2223 3992 2582 4071 praecipuis
2647 3988 3105 4051 monachorum
3158 3990 3426 4069 Aegypti
3485 3988 3805 4051 virtutibus

2222 4090 2691 4154 adnumeranda
2725 4096 2818 4151 est
2843 4087 2963 4171 (17)
2978 4135 2992 4148 .

2306 4216 2332 4247 α
2357 4193 2559 4253 Abbas
2580 4190 2971 4264 Theodorus,
2986 4195 3409 4267 cognomento
3424 4190 3505 4251 de
3522 4189 3799 4256 Pherme,

2223 4292 2495 4354 habebat
2534 4299 2657 4352 tres
2695 4290 2947 4353 codices
2982 4290 3208 4352 bonos.
3243 4292 3319 4353 Et
3355 4310 3504 4354 cum
3540 4289 3799 4353 venisset

604 4467 684 4541 (1)
716 4468 827 4524 VV.
862 4469 964 4525 PP.
990 4470 1169 4528 Rosw.
1202 4474 1295 4528 lib.
1328 4473 1368 4528 V
1396 4475 1563 4530 libell.
1593 4475 1682 4540 10,
1716 4476 1860 4547 31p.
1892 4475 2018 4540 599,
2057 4477 2112 4531 2.
2155 4462 2204 4524 υ
2230 4490 2471 4535 stionum
2502 4477 2815 4549 Appendice
2833 4477 2998 4531 altera
3036 4476 3139 4531 sub
3168 4476 3253 4530 Ill.

602 4560 683 4634 (2)
712 4562 847 4618 Ibid.
877 4564 1045 4620 libell.
1078 4567 1165 4631 12,
1192 4568 1259 4621 10
1285 4584 1339 4638 p.
1372 4569 1497 4632 614,
1524 4568 1575 4623 1.

604 4656 682 4729 (3)
717 4656 853 4712 Ibid.
883 4660 1052 4715 libell.
1086 4662 1173 4725 15,
1205 4663 1276 4717 25
1306 4678 1359 4733 p.
1386 4662 1511 4728 625,
1532 4662 1568 4716 2
1596 4680 1682 4734 sq.

603 4751 682 4823 (.1)
718 4751 857 4805 Ibid.
885 4752 1054 4807 libell.
1090 4753 1177 4816 15,
1210 4754 1279 4808 26
1304 4770 1357 4823 p.
1394 4754 1520 4817 621,
1558 4755 1611 4809 1.

602 4844 681 4915 (5)
712 4843 848 4898 Ibid.
885 4844 1055 4899 libell.
1087 4844 1173 4909 16,
1207 4846 1240 4898 θ
1274 4861 1327 4915 ρ.
1355 4844 1554 4909 631,1.

601 4932 680 5002 (6‘)
708 4932 842 4987 Ibid.
870 4935 1040 4989 libell.
1070 4936 1156 4997 18,
1182 4937 1214 4991 9
1247 4953 1302 5004 p.
1329 4935 1455 4998 657,
1489 4935 1512 4987 1
1550 4952 1634 5004 sq.

502 5062 507 5069 .
603 5024 685 5095 (7)
723 5025 1627 5097 cr.§52p.152§17p.65§29
1661 5028 2023 5098 p.119§3‘3
2064 5044 2114 5097 p.

532 5116 793 5171 115.138
823 5132 908 5186 sq.
945 5117 1046 5172 139
1074 5135 1158 5186 sq.
1198 5118 1300 5172 155
1330 5134 1414 5187 sq.
1453 5120 1555 5173 εδδ
1588 5135 1672 5187 sq.

608 5208 684 5279 (8)
725 5208 841 5263 νγ.
876 5209 979 5262 PP.
1016 5210 1203 5265 Rosw.
1233 5211 1328 5265 lib.
1351 5210 1394 5264 V
1421 5211 1587 5265 libell.
1628 5217 1678 5278 1,
1714 5211 1747 5264 6
1800 5227 1855 5280 p.
1903 5210 2027 5276 569.,
2062 5212 2114 5265 1.

605 5300 681 5371 (9)
711 5299 952 5355 Coteler.
977 5298 1125 5354 Eccl.
1158 5300 1348 5357 Graec.
1389 5303 1533 5357 Mon.
1555 5299 1620 5356 T.
1656 5302 1674 5354 l
1709 5320 1763 5372 p.
1811 5303 1916 5357 413
1961 5321 2009 5358 s.
2060 5320 2113 5357 v.

532 5388 832 5446 Zacharias
858 5390 885 5462 §
916 5392 940 5444 1
963 5407 977 5456 ;
1015 5391 1160 5446 infra
1186 5392 1238 5445 in
1262 5393 1457 5447 harum
1482 5396 1873 5459 Quaestionum
1901 5397 2118 5467 Appen-

534 5484 657 5539 dice
683 5484 853 5538 altera
878 5484 980 5539 sub
998 5482 1087 5537 1V.

603 5575 717 5643 (10)
756 5573 871 5630 νγ.
927 5574 1032 5629 PP.
1068 5574 1252 5634 338w.
1289 5578 1385 5632 lib.
1413 5576 1457 5631 γ
1499 5578 1665 5633 libell.
1715 5580 1769 5646 5,
1818 5578 1851 5632 8
1878 5595 1955 5649 ,p.
1987 5578 2112 5643 565,

534 5662 569 5716 2
594 5678 679 5719 sq.

604 5680 620 5719 ς
666 5703 679 5715 .

604 5678 717 5823 (ill)
756 5752 993 5810 Coteler.
1020 5756 1168 5811 Eccl.
1201 5757 1395 5813 Graec.
1418 5756 1563 5810 Mon.
1599 5758 1662 5812 T.
1696 5757 1790 5828 1p.
1824 5758 1928 5812 55-1
1950 5776 2035 5828 sq.
2063 5776 2110 5816 s.

533 5859 590 5900 γ.
623 5839 899 5901 Ξίαεανὶαε
919 5847 1205 5917 Aegyptius
1236 5850 1264 5922 §
1294 5847 1421 5906 Xll'
1463 5850 1603 5907 iulia
1640 5852 1691 5906 in
1722 5852 1910 5907 harum
1933 5850 2113 5916 Quac-

2297 4572 2407 4641 (12)
2447 4569 2533 4622 Cf.
2570 4586 2735 4639 supra
2764 4571 2791 4641 §
2818 4569 2883 4625 19
2910 4584 2963 4639 p.
2999 4568 3085 4622 75.
3117 4567 3204 4621 79.

2294 4663 2405 4732 (15)
2447 4660 2560 4714 VV.
2587 4660 2689 4715 PP.
2725 4660 2908 4715 Rosw.
2938 4661 3033 4715 lib.
3056 4658 3100 4713 γ
3132 4660 3300 4715 libell.
3334 4660 3387 4722 3,
3412 4660 3445 4715 9
3472 4677 3528 4731 p.
3556 4657 3679 4725 566,
3716 4657 3762 4709 1.

2294 4755 2406 4825 (11)
2446 4754 2684 4807 Coteler.
2709 4752 2857 4808 Eccl.
2895 4751 3088 4807 Graec.
3124 4751 3271 4806 Men.
3307 4750 3373 4806 T.
3404 4753 3425 4806 l
3453 4769 3507 4823 ι).
3542 4751 3644 4808 515
3666 4766 3710 4804 s.
3741 4762 3789 4799 ν.

2223 4844 2502 4899 Macarius
2552 4845 2838 4914 Aegyptius
2891 4843 2919 4914 §
2981 4842 3235 4908 XXXIV;
3300 4843 3444 4898 infra
3490 4845 3547 4898 in
3609 4843 3787 4895 harum

2222 4937 2621 5003 Quaestionum
2648 4936 2959 5002 Appendice
2989 4936 3161 4989 altera
3194 4935 3297 4988 sub
3322 4934 3405 4989 lll.

2293 5029 2406 5097 (15)
2453 5027 2563 5080 VV.
2590 5026 2694 5083 PP.
2730 5026 2913 5082 Rosw.
2944 5028 3040 5083 lib.
3067 5027 3108 5081 ν
3140 5027 3305 5080 libell.
3336 5028 3389 5091 11,
3417 5027 3487 5079 9.7
3507 5042 3557 5095 p.
3583 5022 3703 5083 570,
3739 5017 3782 5068 Ι·

2292 5121 2406 5190 (16)
2446 5121 2681 5176 Coteler.
2724 5120 2871 5177 Eccl.
2898 5121 3091 5175 Graec.
3122 5121 3267 5174 Men.
3294 5119 3357 5173 T.
3400 5119 3419 5172 l
3460 5137 3512 5189 p.
3538 5116 3640 5172 556
3662 5129 3705 5168 s.
3732 5126 3780 5161 v.

2222 5213 2499 5268 Macarius
2538 5216 2822 5283 Aegyptius
2859 5214 2885 5285 §
2924 5214 3082 5279 XVI;
3132 5214 3273 5267 infra
3308 5214 3361 5267 in
3394 5208 3776 5273 harquuac-

2220 5307 2459 5362 stionum
2491 5306 2806 5376 Appendice
2830 5307 3001 5358 altera
3025 5306 3128 5360 sub
3152 5305 3244 5359 Ill.

2292 5398 2405 5467 (17)
2443 5397 2657 5468 Agatho
2679 5397 2869 5459 abbas,
2894 5402 2952 5447 ut
2974 5395 3365 5449 taciturnitatis
3381 5394 3634 5447 virtutem
3654 5398 3779 5439 nan-

2218 5490 2480 5554 ciscatur,
2509 5498 2621 5543 tres
2646 5503 2820 5541 annos
2852 5486 3083 5555 lapidem
3110 5488 3163 5539 in
3188 5502 3283 5541 ore
3312 5495 3557 5556 gestasse
3594 5483 3772 5535 fertur.

2220 5581 2333 5635 νγ.
2368 5580 2472 5635 PP.
2496 5581 2680 5637 Rosw.
2715 5580 2811 5635 lib.
2836 5578 2881 5631 ν
2905 5580 3073 5633 libell.
3096 5580 3150 5644 5,
3178 5579 3209 5631 7
3234 5594 3287 5648 p.
3319 5579 3444 5644 568,
3473 5580 3523 5632 1.
3547 5571 3773 5628 Tacitur—

2217 5674 2405 5728 nitatis
2433 5675 2678 5743 exempla
2714 5671 3005 5724 laudantur
3047 5673 3103 5726 in
3136 5670 3321 5725 Indice
3352 5686 3527 5725 rerum
3549 5668 3600 5721 in
3641 5659 3770 5715 νὶεαε

2226 5765 2448 5819 Patrum
2478 5764 2621 5834 apud
2654 5762 3018 5819 Rosweidum.
