4046 6494
261 383 351 442 ΗΛ
1893 394 1933 448 γ

2035 395 2123 452 lE.
3511 399 3614 454 ΜΩ

279 511 348 574 ad
385 510 724 576 abbatem
780 518 1152 593 Macarium,
1181 517 1336 579 dixit
1379 519 1437 580 ei
1473 537 1485 578 :
1524 519 1740 581 Habeo
1784 525 1911 580 tres
1940 527 1986 581 A
2014 517 2150 596 ipsa
2183 517 2387 598 plecta
2415 534 2531 598 per
2560 519 2896 583 fenestram
2919 520 3338 583 descendebat
3365 520 3430 581 in
3460 537 3610 601 spe-

291 613 565 688 codices,
594 622 671 676 et
706 619 1000 696 proﬁcio
1031 637 1104 679 ex
1136 618 1402 681 lectione
1435 637 1677 682 eorum.
1708 619 1828 681 Sed
1859 625 1921 680 et
2020 617 2227 680 lunca.
2279 621 2352 679 Et
2394 619 2726 696 egrediens
2771 639 2955 682 mane
3000 627 3252 682 sanctus
3301 621 3612 681 Antonius

297 715 512 777 fratres
539 722 800 795 petunt
833 737 951 781 eos
982 721 1058 781 ad
1089 720 1444 798 legendum,
1470 728 1531 782 et
1565 721 1687 801 ipsi
1721 722 1918 800 proﬁ-
2019 719 2173 780 vidit
2202 720 2643 782 collectionem
2677 721 3023 801 plectarum
3059 721 3302 783 abbatis
3339 721 3609 792 Macarii,

304 818 491 879 ciunt.
538 817 663 880 Dic
721 837 888 898 ergo
933 820 1108 894 mihi,
1132 821 1283 901 quid
1327 821 1530 882 debeo
1568 818 1817 882 facere?
1849 821 1922 880 Et
2023 829 2085 882 et
2118 822 2457 882 admiratus
2489 829 2604 896 est,
2632 829 2694 883 et
2724 822 3040 884 osculatus
3075 839 3299 883 manus
3337 821 3473 882 eius
3511 819 3610 880 di-

309 919 722 998 respondens
777 938 977 982 senex
1022 921 1174 981 dixit
1215 939 1228 981 :
1269 921 1428 982 Boni
1475 926 1621 981 sunt
1664 920 1922 1000 quidem
2023 922 2206 984 cebat
2248 941 2260 982 :
2305 922 2494 984 Multa
2539 923 2730 985 virtus
2776 923 2855 984 de
2903 923 3033 983 istis
3083 922 3400 999 egreditur
3429 917 3538 998 (6).
3575 940 3602 970 υ

322 1022 505 1088 actus,
520 1017 645 1077 sed
679 1019 920 1079 melius
942 1019 1232 1080 omnibus
1255 1017 1537 1092 est,nihil
1571 1017 1918 1097 possidere.
2023 1023 2254 1083 Eadem
2294 1023 2360 1083 in
2404 1022 2968 1102 ApOphthegmatis
3007 1040 3042 1083 a
3078 1021 3386 1084 Cotelerio
3427 1020 3612 1082 editis

329 1116 485 1186 Quod
517 1132 681 1176 cum
715 1116 1040 1190 audiisset,
1069 1116 1241 1190 abiit,
1276 1122 1339 1177 et
1371 1116 1648 1176 vendidit
1677 1132 1920 1176 memo-
2022 1122 2354 1184 traduntur
2377 1124 2484 1200 (7).
2517 1123 2852 1184 Macarium
2885 1140 3034 1185 vero
3066 1122 3438 1202 Aegyptium
3467 1140 3610 1183 cum

323 1224 480 1277 ratos
527 1216 826 1290 codices,
856 1225 918 1278 et
966 1217 1137 1279 dedit
1182 1217 1608 1294 indigentibus
1653 1217 1922 1296 pretium

318 1317 608 1396 ipsorum
647 1317 764 1398 (I).
806 1343 834 1374 »
877 1319 1109 1380 Eadem
1155 1319 1221 1380 in
1281 1318 1843 1399 ApOphthegmatis
1889 1336 1925 1379 a

309 1418 638 1480 Cotelerio
691 1419 878 1480 editis
921 1420 1008 1481 ita
1056 1427 1388 1482 narrantur
1427 1439 1438 1480 :
1485 1444 1511 1474 «
1558 1420 1925 1482 Theodorus

303 1518 510 1577 abbas
541 1516 860 1580 Phermae
889 1525 1016 1580 tres
1047 1519 1249 1581 bonos
1280 1519 1474 1581 libros
1499 1519 1828 1598 possidens
1849 1518 1927 1580 ad

305 1618 671 1679 Maearium
727 1619 1018 1681 abbatem
1068 1621 1261 1694 venit,
1302 1627 1365 1681 et
1414 1638 1426 1680 :
1470 1623 1643 1690 Tres,
1695 1621 1925 1700 inquit,

313 1719 473 1780 mihi
501 1728 663 1780 sunt
701 1719 846 1781 libri
886 1720 1209 1800 praeclari,
1246 1738 1324 1782 ex
1353 1739 1624 1801 quorum
1656 1721 1928 1784 lectione

320 1820 598 1882 fructum
639 1823 861 1902 capio;
893 1822 1113 1885 fratres
1150 1826 1408 1903 quoque
1438 1824 1512 1884 iis
1549 1831 1833 1898 utuntur,
1868 1832 1930 1886 et
1959 1868 2003 1923 Β

2025 1225 2086 1284 S.
2138 1223 2408 1284 Antonio
2453 1221 2523 1301 (οἳ
2563 1224 2717 1283 XVI.
2752 1224 2876 1284 Cal.
2916 1223 3096 1285 Febr.
3132 1222 3278 1302 356)
3323 1221 3403 1305 (8)
3454 1240 3610 1284 con-

2028 1340 2309 1401 gressum
2365 1340 2533 1398 esse,
2598 1322 2699 1385 hic
2764 1323 2991 1384 iterum
3045 1322 3470 1402 comperimus
3505 1320 3610 1400 (9).

2028 1426 2223 1497 Quam
2264 1423 2521 1504 quidem
2555 1423 2877 1485 historiam
2914 1443 3058 1486 cum
3100 1425 3200 1498 iis,
3225 1443 3387 1504 quae
3426 1442 3614 1504 supra

2028 1527 2108 1589 de
2175 1527 2445 1589 Macario
2516 1525 2717 1605 Pispir
2786 1526 3080 1587 coenobii
3123 1526 3369 1587 .abbate
3425 1526 3616 1588 relata

2030 1635 2175 1690 sunt
2207 1628 2353 1710 (10),
2387 1627 2898 1690 confundendam
2927 1645 3055 1689 non
3086 1644 3222 1688 esse
3252 1627 3434 1689 facile
3464 1646 3614 1708 per-

2031 1731 2240 1810 spicis.

2114 1855 2141 1887 «
2177 1832 2512 1893 Descendit
2565 1828 2906 1909 aliquando
2963 1829 3101 1908 ipse
3182 1828 3485 1890 Macarius
3540 1829 3618 1889 de

316 1923 560 2001 pariter
619 1925 988 2002 proﬁciunt.
1041 1925 1244 1987 Effare
1297 1925 1488 2004 igitur
1543 1924 1719 1996 mihi,
1770 1925 1925 2005 quid
2030 1933 2226 1994 Scithi
2253 1934 2330 1994 ad
2361 1933 2574 1995 locum
2605 1931 2715 2012 qui
2746 1930 2974 1992 dicitur
3000 1928 3410 2002 Terenuthin,
3436 1936 3496 1990 et
3527 1929 3621 1989 in-

307 2022 594 2083 debeam
663 2022 908 2097 facere;
948 2042 1101 2086 Ilum
1149 2025 1227 2087 ad
1276 2043 1482 2088 meam
1535 2025 1927 2105 fratrumque
2024 2034 2208 2096 travit
2242 2035 2518 2096 dormire
2548 2035 2615 2095 in
2642 2039 3081 2103 monumento,
3108 2031 3217 2092 ubi
3245 2037 3422 2091 erant
3455 2030 3618 2091 anti-

305 2121 666 2184 utilitatem
711 2141 823 2185 eos
868 2125 1192 2199 retineam,
1223 2144 1303 2187 an
1347 2127 1613 2188 vendam
1651 2127 1927 2207 demque
2029 2136 2243 2215 quitus
2286 2135 2532 2216 sepulta
2578 2151 2846 2213 corpora
2888 2149 3301 2212 paganorum.
3337 2132 3410 2191 Et
3438 2131 3624 2192 traxit

311 2220 768 2301 pauperibus?
819 2225 1024 2286 Senex
1063 2223 1426 2305 respondit:
1451 2225 1755 2288 Pulchrae
1793 2226 1931 2306 qui-

320 2321 464 2382 dem
515 2324 816 2385 actiones
859 2332 1023 2401 sunt,
1056 2327 1166 2388 sed
1214 2325 1440 2388 melior
1488 2329 1781 2390 omnibus
1835 2335 1930 2389 est

333 2431 698 2501 paupertas.
734 2427 872 2498 Quo
909 2427 1121 2488 audito
1163 2427 1470 2501 discessit,
1494 2445 1732 2508 eosque
1770 2446 1925 2490 ven-

337 2523 504 2597 didit,
533 2532 596 2586 et
631 2527 975 2605 pecuniam
1007 2528 1177 2590 dedit
1207 2529 1591 2608 pauperibus
1614 2529 1721 2608 (‘2).
1753 2552 1780 2585 ››
1809 2532 1932 2590 Ma-

332 2627 563 2687 carium
588 2631 974 2708 Aegyptium
998 2649 1136 2694 esse
1159 2632 1309 2694 inde
1335 2633 1605 2694 coniicio
1624 2633 1732 2715 (3),
1757 2635 1929 2713 quod

330 2727 601 2790 Pherme
636 2747 844 2810 prope
876 2733 1104 2794 Scetim
1131 2733 1247 2796 sita
1279 2739 1430 2808 erat,
1466 2740 1526 2794 et
1561 2734 1931 2797 Theodorus

327 2827 467 2906 ipse
512 2829 707 2890 initio
749 2827 818 2890 in
860 2832 1040 2893 Scete
1080 2831 1231 2892 vixit
1258 2832 1364 2913 (4).
1403 2835 1747 2912 Paupertas
1785 2851 1930 2896 vero

330 2929 711 3009 principalis
732 2932 1188 3011 Aegyptiorum
1211 2941 1462 3013 patrum
1478 2934 1672 2995 virtus
1688 2933 1806 2996 fuit
1821 2934 1928 3016 (5).

413 3055 441 3085 α
477 3032 676 3093 Venit
716 3032 909 3094 abbas
956 3034 1256 3096 Macarius
1291 3034 1493 3096 maior
1528 3034 1607 3096 ad
1641 3035 1932 3098 abbatem

333 3132 685 3193 Antonium
702 3131 770 3192 in
789 3140 1092 3208 montem,
1107 3140 1170 3195 et
1185 3151 1328 3196 cum
1350 3135 1660 3215 pulsasset
1677 3138 1928 3210 ostium,

335 3233 525 3294 exivit
558 3233 648 3295 ad
691 3251 837 3295 eum
877 3241 939 3295 et
976 3235 1129 3296 dixit
1167 3235 1225 3298 ei
1253 3254 1265 3296 :
1289 3238 1383 3298 Tu
1415 3238 1558 3316 quis
1589 3235 1693 3299 es?
1719 3239 1794 3299 Et
1820 3239 1929 3302 ille
1955 3222 1998 3282 ο

333 3336 624 3413 ait:Ego
673 3353 811 3396 sum
857 3336 1180 3398 Macarius.
1225 3338 1300 3398 Et
1345 3337 1648 3400 claudens
1697 3340 1929 3401 ostium

332 3437 611 3510 intravit,
646 3443 707 3497 et
744 3436 976 3497 dimisit
1007 3453 1150 3498 eum
1188 3437 1363 3500 foris.
1403 3441 1477 3500 Et
1506 3456 1647 3501 cum
1675 3441 1931 3503 vidisset

335 3547 560 3617 postea
592 3537 963 3618 patientiam
998 3538 1154 3612 eius,
1184 3539 1430 3619 aperuit
1469 3540 1548 3600 ei.
1581 3541 1654 3601 Et
1691 3539 1928 3618 adgau-

335 3639 498 3701 dens
533 3640 596 3702 ei
641 3638 925 3701 dicebat:
957 3639 1217 3701 Multum
1252 3646 1506 3719 tempus
1542 3648 1658 3714 est,
1685 3658 1763 3702 ex
1802 3659 1931 3720 quo

335 3748 400 3801 te
429 3740 653 3801 videre
679 3739 1135 3814 desiderabam,
1154 3740 1417 3802 audiens
1440 3740 1520 3803 de
1545 3747 1628 3802 te.
1657 3743 1731 3802 Et
1761 3742 1936 3802 exhi-

343 3841 501 3903 bens
534 3842 599 3904 ei
632 3840 1120 3921 hospitalitatem
1148 3842 1368 3905 refecit
1395 3860 1540 3906 eum
1559 3861 1574 3916 ;
1609 3850 1741 3905 erat
1764 3845 1932 3905 enim

349 3941 547 4004 fessus
580 3942 664 4004 de
704 3941 903 4003 multo
941 3941 1181 4004 labore.
1205 3945 1484 4026 Ve‘spcre
1520 3951 1730 4006 autem
1769 3944 1935 4006 facto

345 4040 575 4102 infudit
621 4041 743 4102 sibi
778 4042 969 4102 abbas
1007 4041 1314 4102 Antonius
1354 4041 1634 4104 modicas
1671 4043 1933 4122 palmas,

345 4150 408 4204 ct
451 4141 608 4205 dicit
650 4143 708 4203 ei
751 4142 943 4204 abbas
989 4142 1330 4204 Macarius:
1360 4143 1447 4202 Da
1490 4142 1668 4216 mihi,
1708 4148 1776 4203 ut
1818 4159 1937 4221 ego

343 4241 680 4304 infundam
723 4242 894 4322 quod
926 4260 1174 4322 operer.
1198 4243 1308 4305 Ille
1339 4251 1549 4306 autem
1579 4245 1769 4306 dixit:
1799 4247 1938 4307 Non

347 4341 557 4405 habeo
603 4342 766 4422 plus.
813 4345 889 4404 Et
933 4343 1173 4405 faciens
1216 4343 1587 4407 fasciculum
1633 4346 1939 4408 maiorem

347 4441 582 4503 infudit
604 4460 771 4504 eum.
791 4445 865 4505 Et
892 4443 1180 4506 sedentes
1199 4463 1235 4508 a
1255 4463 1398 4507 sero
1419 4452 1480 4507 et
1502 4445 1940 4526 colloquentes

2026 2253 2225 2296 unum
2263 2252 2496 2314 corpus
2541 2234 2657 2295 sub
2697 2240 2888 2312 caput
2924 2249 3107 2292 suum
3147 2237 3445 2309 tanquam
3478 2230 3620 2310 plu-

2029 2335 2287 2396 matium
2316 2335 2394 2396 de
2426 2334 2658 2413 scirpo.
2691 2331 2844 2403 151
2876 2333 3227 2393 Daemones
3259 2337 3491 2405 autem,
3526 2331 3619 2391 vi-

2030 2435 2252 2496 dentes
2290 2434 2582 2496 ﬁduciam
2624 2434 2782 2505 eius,
2811 2433 2995 2493 invisi
3038 2439 3206 2505 sunt,
3241 2437 3301 2493 et
3342 2431 3625 2494 volentes

2027 2543 2267 2598 terrere
2297 2554 2465 2609 eum,
2491 2536 2801 2597 vocabant
2831 2535 3011 2614 quasi
3046 2533 3362 2613 quandam
3395 2532 3621 2594 mulie—

2031 2655 2166 2699 rem
2207 2636 2492 2698 dicentes
2526 2654 2539 2696 :
2575 2638 2798 2697 Nonna
2842 2634 2970 2707 illa,
3005 2634 3148 2694 veni
3189 2633 3517 2695 nobiscum
3546 2634 3625 2695 ad

2031 2737 2350 2799 balneum.
2375 2739 2448 2797 Et
2469 2735 2626 2797 alter
2647 2736 2918 2796 daemon
2939 2734 3138 2794 desub
3159 2734 3301 2813 ipso
3324 2740 3621 2813 tanquam

2035 2857 2107 2899 ex
2137 2839 2400 2900 mortuis
2426 2838 2547 2898 illis
2575 2837 2903 2916 respondit
2929 2834 3179 2898 dicens:
3209 2834 3623 2912 Peregrinum

2035 2937 2351 3017 quendam
2374 2936 2578 2997 habeo
2602 2951 2791 3014 super
2813 2951 2938 3007 me,
2954 2950 3084 2994 non
3107 2951 3368 3013 possum
3384 2933 3622 2995 venire.

2035 3040 2241 3101 Senex
2270 3044 2479 3100 autem
2508 3053 2640 3098 non
2671 3035 2941 3116 expavit,
2976 3036 3084 3096 sed
3117 3033 3446 3096 conﬁdens
3476 3041 3624 3095 tun-

2037 3139 2225 3200 dcbat
2271 3155 2506 3218 corpus
2559 3136 2740 3211 illud,
2788 3136 3006 3198 dicens
3041 3155 3053 3196 :
3087 3137 3308 3214 Surge,
3352 3135 3534 3209 vade,
3576 3135 3628 3196 si

2031 3245 2236 3318 potes.
2264 3236 2443 3310 Quod
2475 3252 2620 3298 cum
2649 3235 2997 3297 audiissent
3022 3234 3388 3309 daemones,
3407 3234 3632 3296 clama-

2029 3345 2255 3400 verunt
2295 3354 2450 3399 voce
2495 3353 2721 3414 magna
2761 3336 3044 3398 dicentes
3079 3353 3091 3394 :
3129 3335 3340 3397 Vicisti
3383 3354 3522 3397 nos.
3556 3337 3629 3396 Et

2031 3440 2328 3518 fugerunt
2362 3437 2610 3500 confusi
2639 3436 2834 3517 (11).»
2873 3436 3103 3498 Eadem
3138 3453 3237 3497 res
3267 3435 3334 3496 in
3366 3434 3626 3516 ApOph-

2031 3541 2363 3618 thegmatis
2409 3555 2599 3617 saepe
2643 3537 2908 3599 laudatis
2938 3537 3206 3598 habetur
3237 3534 3382 3617 (12).
3433 3538 3626 3598 Tere-

2035 3641 2262 3701 nuthin
2309 3657 2458 3700 vero
2515 3638 2625 3699 ubi
2672 3639 2858 3699 situm
2909 3638 3118 3712 fuerit,
3165 3639 3446 3699 invenire
3496 3656 3625 3700 non

2035 3742 2239 3823 potui.

2117 3867 2144 3899 ‹‹
2181 3841 2461 3903 Narravit
2491 3839 2684 3901 abbas
2714 3840 2954 3912 Petrus,
2988 3840 3099 3917 qui
3133 3837 3250 3899 fuit
3281 3836 3628 3916 discipulus

2037 3943 2277 4005 abbatis
2316 3943 2452 4014 Lot,
2484 3936 2740 4001 dicens:
2775 3940 2958 4001 Eram
2988 3938 3327 4018 aliquando
3374 3937 3440 3998 in
3471 3937 3626 4000 cella

2039 4044 2278 4107 abbatis
2307 4040 2672 4121 Agathonis,
2706 4046 2768 4102 et
2807 4041 2978 4102 venit
3014 4039 3206 4102 frater
3249 4039 3503 4118 quidam
3551 4038 3630 4100 ad

2040 4164 2209 4220 eum,
2258 4145 2524 4207 dicens:
2570 4141 2731 4204 Volo
2781 4142 3062 4204 habitare
3111 4160 3252 4204 cum
3301 4141 3627 4214 fratribus,

2040 4249 2153 4310 sed
2175 4246 2277 4310 dic
2305 4245 2484 4319 mihi,
2517 4243 2841 4324 quomodo
2873 4243 3148 4305 habitem
3180 4261 3323 4307 eum
3352 4242 3451 4304 iis.
3473 4242 3633 4304 Dicit

2041 4346 2102 4408 ei
2137 4361 2333 4406 senex
2363 4360 2376 4402 :
2407 4341 2579 4402 Sicut
2622 4341 2690 4402 in
2726 4341 2930 4421 prima
2961 4342 3086 4416 die,
3117 4341 3373 4421 quando
3414 4341 3630 4419 ingre-

2043 4445 2209 4508 deris
2232 4443 2310 4505 ad
2332 4458 2466 4515 eos,
2490 4440 2577 4501 ita
2600 4441 2848 4502 custodi
2865 4442 3440 4521 peregrinationem
3462 4448 3629 4503 tuam

349 4544 431 4605 de
475 4544 738 4607 utilitate
782 4545 1127 4607 animarum
1177 4547 1487 4610 faciebant
1539 4549 1834 4629 plectam,
1876 4557 1939 4612 et
1971 4571 2014 4622 ι)
2044 4544 2338 4608 omnibus
2367 4542 2590 4604 diebus
2623 4542 2782 4603 vitae
2809 4549 2978 4617 tuae,
3010 4561 3127 4605 nec
3155 4561 3438 4606 assumas
3473 4543 3631 4604 ﬁdu-

423 4799 502 4865 (I)
541 4796 659 4852 νγ.
693 4797 795 4853 PP.
822 4799 987 4854 Rosw
1012 4801 1105 4854 lib.
1130 4799 1171 4852 ν
1196 4802 1364 4857 libell.
1388 4804 1440 4868 6,
1467 4803 1500 4856 6
1525 4818 1576 4872 p.
1609 4803 1715 4856 582
1742 4818 1825 4872 sq.

423 4892 502 4960 (2)
543 4890 782 4946 Cotelcr.
827 4890 974 4946 Eccl.
1015 4893 1210 4950 Graec.
1254 4893 1398 4949 Mon.
1433 4893 1496 4948 T.
1541 4893 1560 4947 Ι
1590 4910 1644 4964 p.
1671 4895 1768 4949 451
1805 4910 1850 4948 s.
1882 4910 1934 4948 v.

356 4985 664 5040 Theodorus
689 4983 1020 5040 Phermensis
1045 4985 1072 5057 §
1094 4985 1144 5053 I;
1179 4987 1322 5041 infra
1347 4989 1402 5043 in
1428 4987 1622 5042 harum
1649 4985 1939 5054 Quaestio-

358 5094 476 5134 nem
497 5076 819 5147 Appendice
835 5079 1002 5134 altera
1026 5081 1128 5135 sub
1154 5079 1245 5134 IV.

426 5170 500 5240 (5)
541 5170 687 5226 Hist.
721 5170 884 5227 Laus.
915 5172 1002 5226 ed.
1048 5172 1250 5227 Meurs.
1278 5188 1400 5243 cap.
1444 5172 1517 5228 24
1547 5171 1685 5244 Opp.
1730 5173 1933 5230 Meurs.

367 5265 404 5316 I.
434 5266 466 5318 ι.
490 5281 543 5334 p.
572 5265 702 5324 M7;
731 5264 807 5318 cf.
827 5265 1070 5320 Palladii
1102 5265 1735 5322 HistoriamLausiacam
1767 5271 1836 5322 ad
1853 5286 1935 5323 co-

367 5357 488 5410 dicis
518 5355 940 5410 Vindobonensis
972 5358 1130 5424 ﬁdem
1157 5357 1378 5412 breviter
1407 5359 1752 5423 delinealam,
1794 5360 1935 5415 infra

363 5449 481 5506 huic
499 5457 728 5506 nostrae
755 5450 986 5505 editioni
1016 5450 1289 5506 Historiae
1325 5450 1625 5508 Lausiacae
1649 5454 1933 5523 praeposi-

357 5556 484 5598 tam.

426 5637 500 5697 (4)
540 5635 777 5692 Coteler.
831 5635 871 5687 l.
921 5636 958 5687 Ι.
1007 5650 1059 5702 p.
1102 5633 1226 5689 457.
1280 5633 1386 5687 458
1441 5649 1488 5689 s.
1539 5650 1592 5686 v.
1639 5631 1941 5687 Theodorus

363 5721 688 5780 Phermensis
720 5725 749 5796 ᾗ
779 5722 950 5778 XXV.
987 5721 1175 5776 XXVI.
1205 5721 1422 5777 XXVII.

427 5819 501 5888 (ὅ)
539 5819 624 5873 Cf.
674 5817 959 5873 κυεην-εἱάὶ
995 5815 1231 5870 Iudicem
1260 5832 1441 5873 rerum
1490 5816 1545 5871 in
1597 5813 1710 5870 νγ.
1755 5813 1937 5871 Itosw.

363 5921 410 5965 ς.
438 5927 485 5965 v.
513 5909 838 5978 Paupertas.

2118 4797 2192 4867 (6)
2234 4795 2348 4853 νγ.
2379 4795 2483 4851 PP.
2515 4795 2702 4853 Rosw.
2731 4797 2824 4852 lib.
2868 4796 2933 4851 ν.
2974 4797 3140 4853 Iibell.
3171 4797 3225 4860 7,
3264 4797 3296 4851 9
3336 4814 3388 4867 p.
3426 4796 3623 4861 585,1.

2116 4889 2190 4958 (7)
2231 4888 2464 4943 Coleler.
2487 4886 2635 4943 Eccl.
2659 4887 2853 4943 Graec.
2880 4889 3024 4943 Mon.
3050 4888 3112 4943 T.
3141 4889 3161 4942 Ι
3187 4905 3238 4957 p.
3262 4888 3367 4942 550
3388 4903 3468 4957 sq.
3501 4904 3550 4944 s.
3572 4906 3626 4943 v.

2048 4979 2324 5036 Macarius
2359 4983 2645 5054 Aegyptius
2675 4981 2702 5054 ς
2733 4981 2837 5048 IV;
2869 4980 3010 5035 infra
3034 4981 3089 5035 in
3125 4981 3314 5034 harum
3341 4979 3629 5046 Quaestio-

2045 5091 2177 5127 num
2201 5073 2519 5145 Appendice
2545 5075 2715 5129 altera
2745 5074 2848 5129 sub
2878 5072 2964 5125 III.

2118 5168 2193 5236 (8)
2233 5168 2316 5222 Cf.
2347 5167 2640 5223 Tillemont
2668 5165 2953 5221 Mémoircs
2977 5163 3037 5217 Τ.
3069 5164 3151 5217 VII
3178 5163 3239 5218 P.
3272 5164 3289 5218 I
3320 5183 3371 5236 p.
3405 5167 3528 5222 9.9.8.

2077 5259 2190 5326 _(9)
2229 5259 2312 5313 Cf.
2361 5258 2763 5328 Apophthegm.
2821 5257 3055 5310 Coteler.
3109 5256 3145 5309 Ι.
3185 5256 3220 5309 I.
3276 5273 3310 5324 p
3381 5259 3485 5312 559
3537 5275 3626 5329 sq.

2044 5352 2070 5424 ς
2100 5351 2300 5418 xxvn;
2328 5351 2470 5406 infra
2492 5352 2519 5422 §
2544 5351 2634 5406 38.

2116 5444 2228 5512 (IO)
2269 5442 2356 5498 Cf.
2393 5458 2558 5513 supra
2597 5441 2625 5512 ᾗ
2658 5442 2730 5495 24
2759 5458 2814 5511 p.
2845 5440 2945 5494 105
2975 5459 3059 5510 sq.

2114 5537 2226 5606 (II)
2267 5533 2380 5588 νγ.
2406 5533 2510 5588 PP.
2545 5537 2729 5588 Rosw.
2755 5533 2850 5586 lib.
2878 5531 2919 5585 V
2943 5533 3112 5587 libell.
3143 5532 3193 5595 7,
3234 5533 3298 5587 10
3323 5548 3374 5602 p.
3413 5533 3536 5593 585.
3571 5532 3626 5588 2.

2119 5626 2232 5696 (12)
2271 5627 2512 5682 Coteler.
2548 5626 2696 5681 Eccl.
2723 5625 2917 5681 Graec.
2945 5624 3090 5679 Mon.
3120 5626 3184 5679 T.
3219 5625 3316 5693 lp.
3361 5624 3464 5679 5'53
3492 5642 3537 5680 s.
3573 5643 3634 5680 ν..

2053 5718 2326 5773 Macarius
2374 5721 2656 5791 Aegyptius
2693 5719 2720 5791 §
2769 5717 2921 5784 XIII;
2956 5717 3097 5772 infra
3135 5717 3188 5772 in
3227 5718 3418 5772 barum
3447 5717 3628 5786 Quae--

2052 5817 2294 5871 stionum
2325 5815 2636 5885 Appendicc
2671 5815 2842 5868 altera
2873 5810 2976 5866 sub
3007 5809 3093 5865 III.
