4046 6456
506 326 608 379 115
1355 327 1457 383 SS.
1495 326 1961 385 MACARIORUM
2002 330 2325 387 AEGYPTII
2358 332 2441 385 ΕΤ
2475 328 2943 387 ALEXANDRINI
3718 322 3819 381 1M

504 444 687 505 ciam.
724 444 879 507 Dicit
910 445 966 507 ei
996 445 1186 508 abbas
1221 448 1523 509 Macarius
1557 465 1568 507 :
1603 448 1759 521 Quid
1795 448 1958 509 enim
1992 448 2087 510 fa-
2126 461 2172 518 Α
2202 451 2333 511 ritis
2363 467 2616 529 pueros,
2650 448 2847 509 tollite
2893 447 3155 507 melotes
3188 450 3453 513 vestras,
3492 447 3564 502 et
3600 440 3819 503 disce-

509 545 591 604 eit
623 544 889 606 ﬁducia?
916 547 1070 607 Dicit
1100 548 1155 608 ei
1181 565 1373 609 senex
1408 566 1421 607 2
1456 549 1555 610 Sic
1585 556 1677 609 est
1700 550 1857 609 sicut
1885 558 2091 611 aestus
2196 550 2325 612 dite
2360 549 2507 628 (10).
2545 572 2573 605 ii
2608 548 2885 610 Eandem
2915 544 3164 607 Macarii
3193 542 3500 621 Aegii“ii
3532 540 3823 620 Prophe‘

513 644 795 722 grandis;
821 646 928 725 qui
956 647 1209 726 quando
1239 649 1560 721 exarserit,
1592 666 1813 709 omnes
1846 649 2094 728 fugiunt
2200 650 2347 711 tiam
2376 650 2441 709 in
2474 646 3033 728 ApOphtliegmatis
3059 661 3094 706 a
3131 642 3451 705 Cotelerio
3486 640 3691 702 editis
3718 640 3823 701 de-

512 760 546 802 a
579 743 737 804 faeie
766 745 920 822 ejus,
952 746 1096 823 quia
1128 753 1333 808 aestus
1387 748 1573 807 etiam
1616 748 1911 809 arborum
1958 748 2093 812 fru-
2199 748 2541 828 prehendis
2574 746 2721 829 (11).
2751 750 3068 820 Quaenam
3098 743 3295 805 Scetis
3322 741 3702 804 devastatio
3732 741 3821 802 in-

514 850 651 905 ctus
674 847 1040 925 corrumpit.
1066 846 1227 907 Dixit
1248 847 1438 908 abbas
1457 848 1756 910 Macarius
1782 866 1793 908 :
1820 849 1919 910 Sic
1936 848 2096 911 mala

517 944 743 1006 fiducia
788 944 919 1006 est?
956 948 1303 1027 ReSpondit
1348 948 1539 1010 abbas
1586 948 1874 1027 Agathon
1908 969 1921 1011 :
1958 952 2097 1011 Non

520 1052 613 1105 est
653 1045 834 1124 peior
864 1045 1057 1107 altera
1085 1048 1292 1127 passio
1322 1066 1508 1127 quam
1542 1049 1799 1124 ﬁducia;
1830 1051 2098 1129 genitrix

520 1149 613 1203 est
643 1143 811 1203 enim
856 1144 1137 1205 omnium
1178 1146 1568 1223 passionum.
1602 1150 1902 1210 Convenit
1948 1166 2100 1228 ergo

522 1244 805 1323 Operatio
850 1245 1160 1308 monacho
1200 1265 1329 1309 non
1374 1266 1621 1310 sumere
1658 1250 1972 1324 fiduciam,
2008 1252 2101 1312 vel

523 1344 575 1405 si
618 1344 789 1405 solus
831 1346 909 1406 sit
944 1346 1009 1406 in
1051 1346 1208 1408 cella
1245 1348 1349 1427 (1).
1405 1372 1433 1405 )›
1466 1352 1601 1411 Hoc
1628 1351 1968 1429 Agathonis
1998 1368 2099 1413 re-

524 1461 827 1523 Sponsum
858 1445 1027 1508 fratri
1059 1446 1273 1508 datum
1304 1448 1488 1510 etiam
1516 1450 1582 1511 in
1613 1450 1774 1513 libro
1804 1452 1987 1513 tertio
2019 1450 2101 1532 (2)

2200 856 2452 922 nuatur,
2487 865 2638 909 num
2666 848 2781 908 sub
2825 845 3017 907 Lucio
3060 844 3440 905 Arianorum
3496 840 3824 920 episc0po

2200 948 2608 1009 Alexandriae
2638 948 2905 1009 Macario
2951 946 3285 1024 superstite
3328 943 3505 1004 facta
3546 940 3710 1020 (12),
3745 960 3821 1001 an

2202 1048 2305 1110 illa
2352 1048 2782 1120 barbarorum,
2830 1046 2939 1125 qui
2988 1047 3248 1123 Moysen
3303 1043 3625 1104 abbatem
3679 1058 3825 1101 cum

2203 1146 2391 1208 sociis
2419 1145 2809 1207 trucidarunt
2842 1144 2987 1223 (13),
3024 1161 3104 1205 an
3135 1143 3314 1204 tertia
3337 1139 3687 1221 quaedam
3716 1156 3827 1199 no-

2206 1246 2302 1307 bis
2330 1246 2673 1323 incognita,
2702 1246 2975 1307 discerni
3016 1245 3116 1305 vix
3162 1243 3420 1322 poterit.
3453 1239 3825 1301 'l‘illemon-

2210 1348 2328 1408 lius
2363 1348 2752 1409 invasionem
2797 1347 3206 1408 barbaromm
3240 1344 3549 1417 istorum,
3591 1357 3765 1420 quos
3793 1358 3827 1401 e

2208 1448 2640 1510 crudelissima
2696 1448 2997 1508 Mazicum
3070 1452 3257 1523 gente
3313 1444 3525 1504 fuisse
3603 1440 3828 1502 nescio

527 1552 589 1605 et
613 1546 679 1605 in
709 1546 867 1608 libro
890 1550 1158 1627 septimo
1183 1548 1264 1626 (3)
1290 1548 1479 1627 legis;
1509 1550 1617 1612 sed
1646 1552 1892 1613 Macarii
1917 1555 2105 1617 verba
2209 1550 2440 1627 quibus
2466 1550 2544 1610 de
2574 1549 2923 1611 rationibus
2962 1547 3295 1619 existimat,
3330 1544 3501 1615 153
3536 1542 3827 1651 Ρῐθθάίςί

526 1643 591 1705 in
646 1645 793 1707 solis
855 1648 1418 1727 ApOphthegmatis
1475 1668 1509 1711 a
1564 1652 1869 1714 Cotelerio
1927 1656 2109 1716 editis
2211 1650 2555 1710 autumavit
2593 1648 2740 1728 (14).
2786 1649 2874 1708 Ea
2915 1654 3148 1716 autem,
3181 1663 3345 1725 quae
3382 1646 3452 1705 S.
3512 1643 3825 1720 Augusti-

528 1744 842 1805 adduntur
889 1745 994 1823 (4).
1044 1751 1210 1820 Quae
1247 1766 1325 1809 an
1377 1750 1500 1810 Sint
1544 1752 1832 1830 Aegyptii
1863 1755 2111 1815 Macarii
2142 1813 2182 1830 ἣ
2213 1765 2331 1808 nus
2381 1747 2457 1809 de
2515 1747 2780 1827 Aegypti
2835 1746 3229 1808 monasteriis
3280 1743 3643 1807 devastatis
3700 1750 3823 1803 tra-

529 1844 738 1919 verba,
770 1862 901 1907 non
934 1847 1078 1907 satis
1115 1849 1517 1928 perspicuum
1541 1860 1654 1912 est.
1682 1853 1923 1913 Etenim
1956 1858 2108 1931 Aga-

528 1943 683 2005 thon
706 1946 896 2007 abbas
912 1946 1067 2017 152
1082 1950 1143 2010 in
1162 1951 1340 2011 Scete
1358 1968 1484 2011 non
1500 1952 1743 2013 videtur
1756 1954 1977 2015 vixisse
1998 1954 2077 2034 (5)
2087 1973 2103 2030 ;

531 2045 750 2106 Petrus
787 2054 995 2108 autem
1044 2049 1235 2111 abbas
1264 2050 1328 2111 in
1373 2051 1619 2113 Cellulis
1650 2052 1966 2115 habitabat
1998 2055 2105 2135 (6),

534 2152 595 2205 et
623 2148 735 2207 Lot
762 2148 1121 2225 magistrum
1163 2150 1296 2210 eius
1326 2150 1389 2210 in
1425 2168 1612 2230 parva
1654 2152 1882 2232 palude
1923 2157 2107 2217 Arse-

534 2247 722 2307 noitis
752 2248 1024 2324 regionis
1054 2248 1297 2327 degisse
1328 2250 1669 2313 credideris
1707 2254 1812 2331 (7).

616 2371 643 2403 ‹‹
675 2348 879 2409 Abbas
930 2351 1231 2411 Macarius
1274 2352 1492 2413 volens
1538 2354 1850 2416 consolari
1891 2354 2113 2418 fratres

535 2445 782 2509 dicebat
813 2466 827 2508 :
860 2449 1042 2510 Venit
1077 2449 1200 2513 huc
1232 2452 1569 2531 aliquando
1600 2472 1744 2515 cum
1775 2463 1971 2517 matre
1999 2475 2113 2519 sua

535 2567 715 2630 puer,
749 2552 859 2630 qui
894 2569 929 2613 a
973 2552 1306 2615 daemonio
1354 2557 1712 2631 vexabatur,
1764 2564 1825 2620 et
1871 2559 2117 2622 dicebat

537 2651 719 2711 matri
765 2668 960 2713 suae:
1014 2654 1241 2730 Surge,
1292 2672 1507 2717 eamus
1550 2655 1718 2719 hinc.
1764 2658 1874 2720 Illa
1905 2668 2115 2721 autem

540 2752 786 2815 dicebat
815 2772 827 2813 :
853 2754 990 2816 Non
1011 2772 1268 2834 possum
1286 2756 1553 2835 pedibus
1572 2758 1914 2821 ambulare.
1940 2760 2011 2820 Et
2030 2760 2119 2821 di-

540 2852 721 2914 cebat
743 2853 800 2913 ei
821 2852 983 2915 ﬁlius
1002 2872 1150 2916 suus
1172 2874 1184 2915 :
1204 2857 1332 2934 Ego
1348 2864 1409 2918 te
1438 2866 1644 2937 porto.
1679 2861 1754 2919 Et
1780 2860 2118 2923 admiratus

542 2969 681 3013 sum
719 2954 1005 3015 astutiam
1044 2955 1794 3037 daemonum,quomodo
1832 2977 1942 3021 eos
1970 2960 2117 3022 inde

543 3051 761 3128 fugare
788 3053 1035 3115 volebat
1070 3054 1175 3135 (8).
1202 3079 1229 3113 λ)
1261 3057 1434 3117 Idem
1460 3058 1526 3119 in
1557 3058 2120 3138 ApOphthegmatis

2215 1848 2370 1910 didit
2402 1847 2549 1927 (15),
2583 1848 2707 1911 huc
2743 1866 2871 1910 non
2905 1857 3192 1928 spectare
3220 1848 3547 1909 videntur.

2295 1951 2554 2023 Quando
2584 1950 2744 2013 liber
2787 1952 3043 2030 quintus
3088 1947 3488 2027 compositus
3537 1946 3647 2018 sit,
3700 1962 3826 2006 non

2216 2050 2364 2110 satis
2414 2056 2680 2111 constat.
2730 2051 3043 2110 Laudatur
3075 2056 3285 2108 autem
3328 2064 3363 2107 a
3395 2044 3645 2106 Photio
3681 2042 3823 2121 (16),

2219 2157 2280 2212 et
2319 2149 2639 2228 Pelagium
2685 2150 2827 2212 libri
2872 2150 3281 2227 interpretem
3329 2144 3603 2209 saeculo
3653 2150 3826 2205 sexto

2217 2252 2466 2327 vixisse,
2500 2269 2629 2313 non
2657 2258 2895 2313 temere
2939 2249 3351 2312 coniecerunt
3398 2244 3562 2327 (17).
3598 2242 3727 2305 Sed
3754 2242 3826 2305 ad

2222 2358 2453 2419 librum
2482 2365 2728 2419 sextum
2756 2356 3115 2418 transimus.

2303 2462 2354 2534 ᾗ.
2386 2458 2483 2519 34.
2535 2458 2720 2519 Libro
2775 2464 2953 2519 sexto
3006 2454 3304 2517 undecim
3359 2454 3596 2514 insunt
3628 2450 3824 2511 histo-

2222 2559 2351 2620 riae
2380 2559 2458 2621 de
2486 2558 2788 2633 Macariis,
2820 2575 3086 2637 quarum
3134 2563 3374 2635 septem
3428 2554 3517 2615 de
3560 2551 3826 2614 Macario

2224 2660 2530 2738 Aegyptio
2581 2666 2914 2739 postquam
2962 2658 3255 2735 fatigatus
3302 2653 3824 2729 oravit,-elevato

2225 2767 2287 2822 et
2341 2768 2511 2821 trans
2578 2762 2815 2822 ﬂumen
2883 2757 3158 2819 demisso
3205 2754 3366 2835 (18),
3425 2755 3514 2817 de
3581 2751 3827 2815 duobus

2225 2858 2733 2921 adolescentibus
2801 2856 3153 2938 peregrinis
3232 2854 3537 2917 eumdem
3627 2852 3823 2911 Maca-

2228 2961 2389 3021 rium
2435 2960 2811 3021 adeuntibus
2859 2965 2921 3019 et
2966 2964 3137 3019 tanta
3170 2956 3397 3017 virtute
3449 2948 3820 3016 excellenti-

2228 3062 2345 3123 bus
2392 3060 2540 3142 (19),
2609 3060 2689 3121 de
2752 3058 3165 3122 Macariorum
3232 3073 3377 3118 cum
3416 3054 3681 3117 duobus
3725 3050 3822 3111 tri-

545 3169 579 3213 a
609 3152 915 3216 Cotelerio
944 3155 1124 3217 editis
1155 3155 1419 3219 habetur
1448 3158 1552 3237 (9).
1602 3160 1733 3221 Utri
1769 3167 1977 3222 autem
2002 3163 2125 3223 Ma—
2149 3179 2192 3237 ο
2225 3162 2412 3222 bunis
2480 3176 2825 3238 congressu
2896 3158 3138 3221 adiecta
3215 3156 3322 3218 illa
3395 3152 3823 3232 descriptione

546 3251 858 3313 cariorum
899 3270 999 3315 res
1028 3254 1359 3318 tribuenda
1388 3256 1484 3330 sit,
1519 3256 1798 3324 historia.
1831 3276 1991 3338 quae
2021 3277 2124 3321 se-

548 3350 782 3428 quitur,
813 3350 1070 3413 indicat.

630 3475 655 3505 α
689 3451 942 3513 Dicebat
986 3453 1213 3515 iterum
1260 3455 1341 3516 de
1387 3455 1775 3517 desolatione
1814 3457 2006 3519 Seithi
2048 3458 2126 3520 ad

550 3549 769 3612 fratres
806 3570 819 3611 :
852 3552 1109 3623 Quando
1145 3554 1421 3616 videritis
1469 3555 1691 3617 cellam
1737 3556 2124 3619 aediﬁcatam

553 3650 721 3712 iuxta
766 3651 1081 3729 paludem,
1123 3655 1367 3729 scitote,
1400 3657 1546 3735 quia
1584 3674 1783 3735 prOpe
1815 3666 1909 3719 est
1938 3659 2127 3720 deso-

556 3753 699 3815 latio
738 3754 963 3829 Scilhi;
1008 3757 1261 3835 quando
1302 3766 1510 3819 autem
1541 3758 1798 3820 arbores
1830 3759 2129 3833 videritis,

556 3854 676 3914 iam
721 3862 865 3919 ante
920 3859 1172 3920 ianuam
1229 3866 1353 3932 est;
1406 3859 1662 3939 quando
1702 3867 1912 3921 autem
1957 3860 2131 3921 vide-

629 4078 705 4147 (ι)
747 4074 861 4131 vv.
898 4074 1003 4130 PP.
1036 4075 1223 4131 RUSW.
1264 4077 1357 4131 lib.
1391 4076 1433 4130 v
1466 4079 1633 4134 libell.
1668 4080 1820 4144 10,8
1851 4077 2051 4149 p.596,
2081 4077 2135 4131 ξ.

630 4170 712 4239 (2)
753 4169 890 4223 Ibid.
932 4170 1024 4223 lib.
1053 4168 1120 4223 Ill
1156 4186 1278 4239 cap.
1317 4170 1421 4226 198
1454 4188 1507 4242 ρ.
1537 4171 1661 4234 529,
1693 4171 1749 4227 2.

632 4261 709 4332 (5)
752 4259 887 4315 Ibid.
920 4261 1017 4314 lib.
1056 4259 1147 4313 V11
1181 4276 1302 4331 cap.
1329 4261 1418 4323 42.
1453 4262 1475 4314 1
1512 4279 1566 4332 p.
1600 4262 1725 4326 683,
1768 4261 1820 4317 1.

633 4350 712 4422 (4)
747 4350 981 4406 Coteler.
1014 4352 1161 4406 Eccl.
1193 4351 1386 4407 Graec.
1421 4352 1565 4407 Mon.
1604 4354 1668 4407 Τ.
1710 4351 1727 4405 1
1755 4369 1808 4423 p.
1843 4352 1947 4406 572
1978 4367 2061 4423 sq.
2090 4367 2137 4407 s.

564 4460 617 4496 ν.
649 4442 895 4512 Agat/ian
938 4441 965 4513 ς
1003 4442 1022 4496 1
1054 4462 1069 4510 ;
1102 4442 1243 4497 infra
1294 4444 1347 4497 in
1378 4443 1571 4498 harum
1599 4443 1996 4510 Quaestionum
2032 4445 2142 4515 Ap-

566 4535 797 4605 pendice
826 4534 995 4589 altera
1031 4535 1134 4590 sub
1157 4534 1247 4590 1V.

640 4625 717 4696 (5)
756 4624 1065 4696 Congressu
1091 4628 1143 4679 in
1173 4624 1333 4681 Scete
1364 4627 1551 4709 habito
1579 4628 1829 4699 Agathon
1858 4628 2029 4683 abbas
2055 4645 2149 4683 ve-

573 4719 654 4771 nit
682 4718 1052 4787 l'ratribusque
1081 4735 1191 4773 non
1234 4729 1381 4774 recte
1408 4722 1677 4775 sancitum
1705 4736 1829 4777 esse
1862 4721 1999 4775 dixit
2032 4739 2046 4787 ;
2084 4737 2152 4775 ex

573 4825 683 4879 quo
704 4826 828 4864 eum
861 4811 917 4864 in
949 4810 1109 4865 Scete
1162 4826 1269 4864 non
1308 4812 1586 4867 habitasse
1616 4822 1762 4867 recte
1786 4813 2034 4884 colliges.
2064 4812 2149 4868 Cf.

575 4903 812 4956 Coteler.
837 4902 983 4958 Eccl.
1011 4901 1207 4958 Graec.
1239 4903 1381 4957 Mon.
1402 4904 1465 4958 T.
1493 4904 1511 4957 I
1542 4921 1599 4974 p.
1622 4905 1726 4959 577
1750 4923 1796 4959 s.
1824 4922 1875 4958 v.
1908 4906 2155 4976 Agathon

578 4993 605 5065 δ
634 4993 773 5048 xw.

649 5086 724 5157 (6)
764 5086 1001 5142 Coteler.
1051 5086 1200 5140 Eccl.
1232 5084 1430 5141 Graec.
1468 5086 1613 5144 Mon.
1653 5089 1715 5141 '1‘.
1749 5087 1845 5158 1p.
1881 5089 1983 5143 646
2009 5103 2056 5143 s.
2104 5104 2154 5141 v.

585 5180 775 5234 Petrus
812 5177 1024 5233 Pionita
1055 5178 1081 5249 §
1116 5178 1157 5233 Ι.

654 5272 732 5339 (7)
774 5268 909 5323 Ibid.
946 5286 1000 5338 ι).
1033 5270 1131 5323 521
1167 5286 1213 5324 s.
1242 5287 1291 5323 v.
1332 5270 1428 5323 Lat
1460 5268 1619 5323 abbas
1646 5268 1673 5339 §
1705 5268 1742 5323 Ι.

655 5362 733 5432 (8)
774 5357 889 5413 vv.
920 5359 1025 5416 PP.
1059 5362 1243 5416 iiosw.
1279 5363 1369 5415 lib.
1393 5362 1433 5414 v
1468 5362 1633 5416 liliell.
1663 5364 1748 5424 18,
1780 5363 1918 5432 10p.
1952 5362 2157 5425 658.1.

656 5454 734 5523 (9)
770 5451 1005 5506 Coteler.
1054 5452 1203 5506 Eccl.
1228 5452 1423 5507 Graec.
1477 5452 1622 5507 Mon.
1660 5452 1724 5507 T.
1760 5454 1777 5507 I
1810 5472 1863 5524 p.
1892 5456 1988 5509 551
2028 5475 2073 5509 δ.
2109 5472 2160 5508 v.

592 5541 864 5598 Macarius
910 5544 1197 5612 Aegyplius
1230 5544 1257 5613 §
1293 5542 1358 5595 Vl
1385 5563 1397 5609 ;
1421 5544 1561 5598 infra
1601 5547 1653 5598 in
1683 5546 2169 5613 harquuacstio-

592 5647 721 5687 num
752 5633 1064 5703 Appendice
1092 5634 1261 5687 altera
1290 5633 1395 5687 sub
1431 5633 1519 5687 Ill.

665 5723 779 5792 (10)
805 5720 919 5775 νγ.
952 5723 1054 5779 PP.
1089 5724 1269 5779 Bosw.
1293 5725 1388 5779 lib.
1412 5724 1641 5778 Vlibell.
1664 5727 1749 5790 18,
1782 5728 1839 5780 11
1877 5744 1927 5795 p.
1961 5727 2165 5789 658,1.

666 5814 782 5882 (11;
822 5814 1051 5874 Coteler.
1082 5816 1229 5872 Eccl.
1265 5818 1457 5875 Graec.
1497 5816 1643 5872 M011.
1677 5819 1710 5872 l.
1755 5820 1788 5875 l.
1820 5836 1870 5890 p.
1902 5820 2001 5875 551
2037 5836 2082 5875 s.
2116 5837 2167 5876 v.

2234 3264 2431 3325 Scetis
2466 3260 2613 3340 (20),
2646 3260 2725 3323 de
2753 3259 2968 3322 cranio
3004 3258 3273 3320 Macario
3314 3256 3637 3335 Aegyptio
3674 3268 3821 3331 poe-

2234 3381 2346 3425 nas
2368 3362 2761 3423 infernorum
2800 3366 3128 3421 enarrante
3160 3356 3309 3436 (21),
3334 3357 3412 3418 de
3444 3354 3823 3418 revelatione

2235 3464 2442 3525 eidem
2475 3462 2743 3523 Macario
2773 3461 2957 3534 facta,
2992 3460 3196 3539 ipsum
3232 3458 3526 3519 virtutem
3568 3455 3821 3515 duarum

2234 3561 2569 3622 mulierum
2614 3560 2897 3621 nondum
2940 3556 3217 3635 attigisse
3250 3554 3396 3635 (22),
3431 3556 3516 3615 de
3550 3549 3823 3617 eiusdem

2236 3660 2484 3721 Macarii
2505 3660 2695 3721 verbo
2721 3657 2893 3739 quod
2915 3657 3069 3718 dixit
3090 3655 3351 3733 Evagrio
3378 3673 3393 3716 :
3412 3655 3654 3717 Umbra
3675 3665 3818 3712 con-

2241 3765 2447 3820 tentus
2478 3764 2611 3819 esto
2646 3756 2791 3837 (23),
2840 3755 2919 3816 de
2966 3754 3244 3815 eiusdem
3289 3752 3731 3821 afﬁrmatione,
3760 3761 3820 3807 se

2240 3860 2459 3938 viginti
2485 3859 2667 3921 annis
2708 3875 2893 3936 aqua.
2928 3874 3092 3936 pane
3134 3864 3195 3917 et
3228 3872 3454 3917 somno
3486 3854 3818 3917 satietatem

2248 4078 2524 4133 Macarius
2556 4078 2844 4147 Aegyptius
2874 4077 2903 4149 ᾗ
2951 4075 2994 4129 V
3021 4094 3034 4141 ;
3074 4076 3216 4131 infra
3250 4078 3302 4131 in
3330 4077 3526 4132 harum
3546 4072 3820 4143 Quaestio-

2250 4188 2378 4226 num
2412 4174 2726 4241 Appendice
2754 4172 2925 4226 altera
2967 4173 3069 4225 $111)
3098 4169 3184 4225 111.

2324 4262 2434 4331 (12)
2475 4262 2560 4316 ω.
2595 4277 2760 4331 supra
2792 4261 2819 4332 §
2848 4262 2881 4316 6
2914 4279 2965 4333 p.
3000 4263 3067 4316 16
3119 4277 3242 4332 sqq.
3278 4260 3325 4333 §.
3360 4260 3430 4314 27
3460 4278 3515 4332 ι).
3556 4259 3660 4315 115
3678 4264 3727 4313 et
3755 4255 3823 4306 i11-

2254 4352 2333 4407 l'ra
2362 4354 2493 4423 Cap.
2528 4351 2643 4405 VIII
2677 4352 2821 4424 §42.

2323 4445 2435 4514 (13)
2478 4444 2552 4498 De
2576 4446 2677 4498 bac
2698 4444 2865 4499 caede
2883 4443 2956 4498 cf.
2985 4443 3096 4498 νγ.
3124 4444 3224 4499 PP.
3261 4443 3443 4499 Rosw.
3470 4446 3564 4500 lib.
3592 4442 3637 4497 V
3664 4438 3818 4495 libell.

2179 4573 2223 4627 Ι)
2258 4534 2343 4598 18,
2382 4535 2469 4588 15.
2500 4534 2586 4592 11.
2614 4533 2841 4588 Coteler.
2895 4534 3044 4587 Eccl.
3076 4534 3268 4588 Graec.
3309 4534 3455 4587 Mon.
3501 4536 3567 4589 Τ.
3604 4531 3701 4601 1p.
3728 4525 3823 4583 553

2255 4643 2302 4680 s.
2331 4642 2381 4678 v.
2419 4623 2566 4678 Mose
2613 4624 2850 4695 abbas
2887 4624 2956 4679 X.

2323 4717 2437 4787 (14)
2471 4715 2765 4770 Tilleiiiont
2794 4716 3083 4771 Mémuires
3111 4718 3176 4772 T.
3207 4716 3315 4770 VIII
3341 4716 3403 4771 Ρ.
3430 4718 3497 4773 111
3524 4734 3578 4789 p.
3602 4714 3724 4774 992.
3753 4707 3817 4762 εἷο

2255 4809 2318 4863 Τ.
2358 4809 2398 4863 Χ
2432 4810 2522 4866 ed.
2559 4808 2734 4863 Paris.
2775 4825 2827 4880 p.
2861 4810 2953 4864 75.
2988 4810 3110 4863 728.
3146 4809 3221 4865 De
3253 4810 3519 4866 Mazicum
3562 4816 3719 4881 gente
3749 4799 3813 4855 cf.

2258 4901 2463 4954 Pallad.
2504 4899 2639 4955 Hist.
2668 4899 2834 4955 Laus.
2868 4916 2991 4971 cap.
3024 4902 3076 4955 8.
3109 4900 3357 4957 Gassiaii.
3394 4903 3533 4958 Coll.
3566 4899 3630 4965 ll,
3656 4897 3703 4950 6.

2327 4993 2439 5063 (15)
2475 4991 2573 5062 Ep.
2631 4992 2729 5046 111
2793 4992 2953 5059 (alias
3006 4992 3152 5062 122),
3188 4992 3245 5047 S.
3297 4996 3534 5065 August.
3568 4992 3701 5062 Opp.
3736 4984 3816 5040 ed.

2261 5088 2437 5158 Migne
2468 5085 2533 5139 Τ.
2566 5085 2847 5156 "p.122.

2334 5179 2447 5251 (16)
2490 5178 2627 5232 Bibl.
2660 5178 2782 5231 cod.
2816 5177 3098 5233 CXCVIII.

2336 5271 2449 5339 (17)
2489 5267 2601 5322 γν.
2631 5267 2741 5322 ΡΡ.
2771 5268 2957 5324 Rosw.
2990 5269 3203 5338 Proleg.
3234 5268 3327 5323 XV
3357 5286 3408 5340 ι).
3445 5271 3604 5325 XLII.

2335 5359 2449 5433 (18)
2489 5358 2602 5414 YV.
2636 5361 2739 5413 PP.
2773 5360 2953 5414 Rosw.
2982 5361 3076 5414 lib.
3102 5359 3169 5413 VI
3196 5363 3364 5416 libell.
3396 5363 3451 5427 2,
3483 5366 3515 5419 6
3540 5378 3593 5434 p.
3622 5358 3738 5421 6&9,
3764 5348 3813 5407 2.

2336 5452 2448 5522 (19)
2490 5450 2629 5506 Ibid.
2657 5452 2823 5503 liliell.
2851 5452 2905 5512 5,
2937 5452 2970 5503 ε.)
2998 5468 3049 5518 ρ.
3083 5450 3208 5509 651,
3240 5450 3296 5503 2.

2339 5543 2451 5609 (20)
2493 5539 2626 5595 Ibid.
2656 5540 2825 5594 Iibell.
2861 5541 2915 5602 5,
2950 5540 3016 5593 15
3050 5556 3100 5609 p.
3136 5539 3259 5603 656,
3294 5539 3347 5593 2.

2340 5634 2452 5701 (21)
2492 5633 2631 5686 Ibid.
2667 5633 2832 5686 libell.
2860 5633 2914 5695 5,
2950 5634 3014 5685 16
3051 5648 3103 5701 p.
3139 5633 3266 5693 656,
3299 5633 3335 5685 2
3370 5649 3454 5704 sq.

2340 5726 2451 5797 (22)
2490 5726 2626 5780 Ibid.
2665 5725 2830 5778 libell.
2860 5726 2913 5789 δ,
2947 5724 3014 5776 17
3042 5740 3095 5794 p.
3121 5725 3247 5789 657,
3286 5726 3337 5779 1.

2344 5818 2458 5889 (ολδ)
2500 5817 2637 5871 Ibid.
2672 5815 2838 5871 libell.
2870 5818 2922 5884 ι,
2958 5818 3020 5873 17
3051 5833 3104 5888 p.
3131 5816 3258 5883 1559,
3278 5816 3334 5871 2.
