4046 6504
235 369 316 419 (ιδ
1062 417 1098 442 ρ
1875 387 2104 443 VITAE.
3499 392 3603 447 ita

238 500 416 563 usque
494 502 716 550 usum
801 509 966 556 non
1034 513 1174 559 esse
1234 496 1340 578 (1),
1402 497 1528 561 iam
1574 501 1898 564 recensui-
1931 507 2129 584 Anex
2180 502 2391 574 illum,
2441 504 2549 582 qui
2599 511 2888 565 mortuus
2933 504 3164 577 fuerat,
3213 505 3430 568 dicens
3462 507 3596 567 illi:

245 605 367 660 nius
393 584 503 665 (2).
539 590 850 656 Ceterae
886 606 1179 677 quatuor
1204 599 1322 664 hae
1353 610 1498 664 sunt
1530 620 1542 662 :
2004 603 2122 664 Ubi
2166 605 2248 684 (7)
2293 605 2562 684 posuisti
2608 605 2883 667 alienum
2931 605 3328 686 depositum?
3361 608 3475 681 Qui
3509 626 3604 668 re-

318 715 345 746 ι
393 690 713 755 Habebat
774 698 1069 775 quidam
1127 700 1322 763 tilium
1375 703 1787 784 paralyticum
1835 707 1901 768 in

263 798 551 873 Aegypto,
588 803 661 857 et
693 799 1002 864 adduxit
1033 821 1178 866 eum
1215 805 1294 867 ad
1320 807 1543 870 cellam
1574 808 1741 871 beati
1770 811 1898 870 Ma-

267 895 426 965 carii,
457 903 521 956 et
570 896 832 963 relicto
885 919 970 964 eo
1021 902 1102 965 ad
1129 904 1360 966 ostium
1406 907 1598 969 ﬂente
1642 908 1903 972 recessit

278 996 469 1074 longe.
515 998 945 1079 Respiciens
994 1021 1144 1082 ergo
1191 1021 1386 1068 senex
1432 1006 1584 1072 vidit
1633 1027 1900 1088 puerum

290 1094 650 1173 plorantem,
691 1104 766 1158 et
822 1099 989 1162 dixit
1034 1101 1093 1163 ei
1126 1120 1139 1162 :
1171 1104 1318 1176 Quis
1346 1110 1408 1166 te
1441 1106 1700 1170 adduxit
1735 1107 1902 1171 huc?

299 1196 396 1267 Qui
420 1195 570 1257 dixit
596 1214 610 1256 :
633 1198 858 1261 Pater
879 1219 1063 1264 meus
1085 1204 1350 1282 proiecit
1377 1223 1480 1268 me
1502 1206 1605 1270 hic
1634 1216 1695 1270 et
1723 1210 1896 1272 abiit.

291 1297 357 1355 Et
382 1295 521 1358 dicit
569 1298 638 1358 ei
679 1317 899 1362 senex
933 1320 945 1362 :
980 1304 1176 1382 Surge
1213 1305 1371 1377 154Ι
1400 1313 1462 1370 et
1489 1308 1900 1388 apprehende

289 1415 442 1457 eum.
472 1399 596 1470 Qui
638 1403 872 1465 statim
915 1422 1104 1468 sanus
1150 1407 1352 1471 factus
1399 1415 1516 1484 est,
1550 1417 1613 1472 et
1639 1429 1902 1490 surgens

283 1495 719 1574 apprehendit
751 1508 1004 1580 patrem
1034 1522 1240 1580 suum,
1289 1514 1349 1569 et
1392 1509 1482 1572 sic
1517 1510 1807 1574 abierunt
1835 1512 1902 1574 in

289 1596 537 1660 domum
570 1617 774 1663 suam
816 1604 921 1683 (3).
945 1628 973 1660 »
1004 1605 1177 1668 Idem
1204 1608 1269 1670 in
1297 1608 1458 1671 libro
1491 1612 1675 1675 tertio
1709 1615 1899 1676 Besa-

297 1700 445 1762 rioni
484 1703 722 1766 abbati
770 1706 844 1768 in
891 1709 1071 1770 Scete
1118 1709 1419 1774 habitanti
1451 1712 1570 1792 (4),
1617 1715 1686 1776 in
1727 1719 1900 1796 Apo-

302 1799 728 1880 phthegmatis
778 1825 931 1868 vero
977 1826 1013 1870 a
1045 1810 1354 1874 Colelerio
1399 1814 1584 1876 editis
1632 1817 1901 1880 Macario
1931 1849 1977 1908 Β

293 1906 597 1983 Aegyptio
627 1908 1063 1990 tribuitur(5).
1090 1913 1173 1975 De
1199 1915 1408 1994 puella
1431 1917 1717 1979 similiter
1734 1935 1770 1980 a
1790 1937 1898 1998 pa-

284 2008 571 2069 rentibus
603 2009 695 2070 ad
723 2011 982 2073 ianuam
1008 2015 1270 2076 Macarii
1298 2017 1588 2096 Aegyptii
1618 2019 1896 2098 proiecta

283 2117 349 2170 et
375 2127 410 2172 a
435 2117 666 2173 sancto
700 2121 922 2175 sanata
953 2131 1140 2194 supra
1170 2116 1521 2179 audivimus
1549 2119 1656 2199 (6).

369 2231 397 2262 ε
431 2209 706 2272 Dicebat
755 2211 952 2274 abbas
1001 2214 1195 2275 Sisois
1239 2233 1254 2275 :
1302 2217 1563 2288 Quando
1611 2235 1782 2280 eram
1827 2220 1897 2281 in

287 2311 476 2372 Scithi
521 2330 684 2373 cum
718 2312 947 2376 abbate
991 2315 1284 2390 Macario,
1317 2318 1719 2380 ascendimus
1757 2337 1893 2382 me-

295 2418 426 2472 tere
467 2431 616 2474 cum
672 2431 782 2487 eo,
831 2422 1072 2494 septem
1111 2418 1390 2480 nomina.
1454 2421 1528 2481 Et
1575 2438 1723 2483 ecce
1771 2440 1896 2485 una

301 2511 474 2572 vidua
512 2512 870 2590 colligebat
912 2515 1118 2594 spicas
1147 2515 1226 2577 de
1273 2523 1420 2596 post
1463 2536 1605 2592 nos,
1657 2527 1719 2582 et
1765 2538 1896 2584 non

298 2614 576 2675 cessabat
617 2613 908 2694 plorans.
948 2617 1204 2678 Vocavit
1248 2635 1399 2696 ergo
1447 2635 1642 2681 senex
1689 2621 1894 2683 domi-

291 2732 440 2775 num
468 2717 612 2794 agri
659 2715 833 2778 illius
871 2724 934 2778 et
961 2717 1114 2780 dixit
1141 2719 1200 2780 ei
1232 2737 1245 2780 :
1283 2720 1441 2793 Quid
1488 2731 1583 2783 est
1609 2721 1896 2787 aniculae

288 2815 458 2891 huic,
492 2817 678 2896 quod
712 2835 967 2898 semper
997 2819 1237 2900 plorat?
1265 2822 1380 2895 Qui
1415 2822 1571 2885 dixit
1601 2824 1661 2885 ei
1694 2842 1708 2885 :
1743 2825 1897 2898 Quia

291 2919 385 2978 vir
404 2919 542 2981 eius
573 2921 809 2982 habuit
839 2921 1194 3001 depositum
1231 2924 1582 2999 cuiusdam,
1614 2932 1676 2988 et
1712 2945 1890 2989 mor—

293 3023 432 3079 tuus
462 3028 562 3080 est
594 3037 737 3081 non
769 3021 1061 3100 loquens,
1091 3029 1153 3084 et
1177 3040 1302 3084 non
1332 3024 1508 3099 dixit,
1547 3026 1656 3088 ubi
1686 3029 1898 3107 posuit

296 3119 467 3194 illud,
501 3128 568 3184 et
615 3121 753 3182 vult
797 3121 1091 3185 dominus
1137 3123 1409 3204 depositi
1438 3127 1726 3207 accipere
1758 3147 1897 3191 eam

2003 706 2328 785 spondens
2350 707 2503 770 dixit
2526 707 2581 768 ei
2611 726 2622 767 :
2648 710 2718 769 In
2755 708 2945 798 domo
2985 726 3125 769 mea
3162 709 3600 770 absconditum

2004 810 2098 864 est
2125 805 2242 865 sub
2275 804 2440 885 pede
2481 804 2722 868 lectuli.
2750 808 2825 867 Et
2863 807 2948 868 ait
2977 806 3066 868 illi
3113 825 3308 870 senex
3343 826 3356 868 :
3387 809 3602 870 Dormi

2002 903 2229 965 iterum
2274 922 2476 983 usque
2519 907 2586 967 in
2623 906 2791 968 diem
2825 909 3326 970 resurrectionis.
3358 910 3597 972 Viden-

2002 1011 2099 1066 tes
2139 1013 2352 1068 autem
2395 1005 2618 1069 fratres
2657 1008 3024 1070 ceciderunt
3070 1008 3146 1071 ad
3183 1010 3380 1089 pedes
3426 1011 3596 1086 eius;

2004 1106 2236 1186 quibus
2265 1107 2420 1169 dixit
2459 1125 2654 1170 senex
2691 1126 2704 1169 :
2737 1110 2879 1170 Non
2919 1116 3181 1188 propter
3223 1126 3325 1170 me
3364 1109 3600 1172 factum

2005 1212 2099 1268 est
2127 1206 2279 1281 hoc;
2322 1207 2478 1268 nihil
2527 1209 2694 1271 enim
2744 1227 2916 1283 sum;
2962 1209 3073 1271 sed
3121 1217 3381 1289 prOpter
3425 1210 3599 1271 illam

2001 1305 2255 1367 viduam
2306 1313 2367 1368 et
2416 1306 2736 1386 orphanos
2789 1308 2988 1386 ipsius
3027 1307 3175 1369 fecit
3220 1309 3385 1370 Deus
3434 1308 3598 1371 hanc

2003 1425 2161 1469 rem.
2203 1408 2544 1470 Hoc-enim
2581 1414 2673 1469 est
2719 1425 3040 1486 magnum,
3091 1409 3237 1488 quia
3275 1408 3411 1468 sine
3442 1426 3596 1488 pec-

2005 1514 2144 1570 cato
2173 1508 2303 1570 vult
2331 1510 2495 1569 Deus
2524 1527 2662 1569 esse
2693 1509 2988 1583 animam,
3022 1515 3083 1569 et
3120 1509 3170 1569 si
3207 1508 3359 1587 quid
3391 1509 3597 1588 petie-

2004 1609 2105 1683 rit,
2143 1609 2392 1692 accipit.
2438 1610 2710 1670 Veniens
2755 1615 2964 1670 autem
3017 1609 3323 1669 nuntiavit
3372 1609 3597 1671 viduae

2002 1707 2117 1783 illi,
2149 1709 2258 1770 ubi
2287 1715 2419 1770 erat
2449 1709 2604 1770 illud
2643 1710 3175 1771 commendatum.
3210 1715 3284 1771 At
3333 1710 3433 1772 illa
3485 1730 3594 1772 su—

2006 1825 2185 1869 mens
2220 1808 2376 1879 155
2408 1809 2564 1870 illud
2592 1808 2864 1872 reddidit
2895 1810 3152 1872 domino
3188 1828 3302 1872 suo
3342 1819 3402 1872 et
3435 1813 3594 1874 libe-

2005 1909 2159 1970 ravit
2191 1909 2351 1971 ﬁlios
2379 1927 2550 1972 suos.
2581 1913 2656 1972 Et
2682 1911 2791 1991 qui
2817 1910 3152 1973 audierunt
3178 1910 3323 1986 hoc,
3355 1913 3596 1990 gloriﬁ-

2004 2018 2301 2074 caverunt
2323 2013 2520 2074 Deum
2555 2011 2655 2090 (8).
2689 2036 2717 2069 »
2760 2013 2930 2074 Idem
2979 2014 3046 2074 in
3082 2013 3596 2093 ApOpthegmatis

2002 2128 2038 2172 a
2092 2112 2398 2175 Cotelerio
2466 2113 2649 2176 editis
2717 2112 2983 2175 habetur
3044 2112 3153 2193 (9).
3229 2115 3596 2178 Rosweidus

2001 2211 2158 2274 illud
2192 2238 2220 2269 α
2256 2219 2499 2293 septem
2532 2213 2788 2276 nomina
2824 2236 2852 2270 ιι
2891 2212 3044 2293 quid
3091 2213 3210 2275 sibi
3255 2214 3425 2289 velit,
3462 2233 3596 2279 non

2002 2313 2356 2392 intelligere
2391 2332 2457 2376 se
2485 2314 2716 2377 fatetur
2745 2311 2892 2393 (10).
2926 2312 3048 2374 Sed
3079 2329 3114 2374 e
3147 2331 3372 2392 graeco
3402 2315 3465 2377 id
3493 2315 3592 2376 fa-

2003 2415 2123 2482 cile
2154 2415 2523 2495 explicatur,
2552 2415 2661 2477 ubi
2704 2415 2858 2493 legis
2892 2438 2920 2471 «
2956 2421 3094 2475 έπτά
3131 2422 3366 2496 ὀνόματα
3399 2440 3425 2470 ι›
3455 2416 3498 2476 i.
3533 2434 3589 2478 e.

2005 2523 2248 2596 septem
2291 2516 2601 2578 homines.
2643 2517 2886 2578 Etenim
2921 2533 3044 2576 vox
3079 2522 3310 2594 ὀνόματα
3347 2533 3464 2596 pro
3499 2517 3596 2576 ἅν-

2006 2626 2206 2697 θρωποι
2227 2635 2418 2698 saepe
2449 2615 2918 2697 reperitur(11),
2949 2615 3118 2677 unde
3151 2616 3292 2678 cod.
3326 2633 3442 2676 ms.
3476 2617 3597 2677 Bo—

2005 2719 2292 2782 decensis
2344 2718 2648 2779 Bollando
2696 2723 2852 2778 teste
2901 2722 3072 2776 recte
3121 2714 3380 2795 protulit
3420 2739 3447 2770 ‹‹
3489 2733 3592 2777 se-

2003 2828 2175 2901 ptem
2220 2820 2441 2882 fratres
2475 2816 2619 2898 (12).
2659 2841 2686 2873 ››
2723 2816 2864 2878 Noli
2893 2823 3102 2878 autem
3151 2813 3386 2888 mirari,
3419 2814 3593 2894 quod

2003 2922 2308 2985 Macarius
2349 2920 2693 3000 Aegyptius
2739 2918 2932 2980 abbas
2981 2918 3207 2979 exiisse
3257 2917 3486 2996 legitur
3515 2917 3595 2979 ad

2002 3023 2392 3087 metendum.
2424 3024 2558 3084 Mus
2592 3020 2761 3082 enim
2791 3035 2921 3081 non
2953 3018 3158 3080 solum
3186 3017 3446 3080 fratrum
3478 3019 3591 3079 Se-

2007 3123 2282 3202 rapionis
2329 3119 2719 3201 presbyteri,
2770 3117 2878 3198 qui
2935 3117 3155 3179 decem
3220 3117 3352 3179 fere
3401 3116 3595 3178 millia

297 3229 356 3280 et
389 3222 559 3284 ﬁlios
591 3224 737 3284 eius
763 3224 828 3284 in
863 3226 1244 3288 servitutem.
1278 3229 1354 3288 Et
1381 3229 1468 3290 ait
1507 3247 1704 3292 senex
1745 3249 1758 3291 :
1788 3232 1896 3294 Dic
1924 3215 1967 3271 (ἶ
2003 3223 2460 3286 monachorum
2479 3222 2544 3283 in
2567 3221 2827 3298 regione
2849 3219 3169 3280 Arscnoite
3191 3217 3596 3296 regebat,sed

291 3319 401 3394 illi,
438 3331 511 3384 ut
557 3324 782 3384 veniat
827 3325 903 3386 ad
959 3343 1112 3401 nos,
1168 3329 1274 3390 ubi
1321 3330 1776 3409 requiescimus
1830 3333 1898 3394 in

287 3433 608 3486 caumate.
645 3427 721 3486 Et
751 3444 896 3488 cum
926 3429 1217 3503 venisset,
1253 3430 1404 3494 dicit
1431 3433 1486 3494 ei
1518 3451 1714 3495 senex
1747 3453 1760 3494 :
1795 3436 1902 3495 Ut-

288 3524 446 3602 quid
482 3543 749 3605 semper
792 3527 1040 3608 ploras?
1078 3532 1245 3602 Quae
1275 3531 1362 3593 ait
1389 3549 1403 3592 :
1431 3533 1540 3594 Vir
1572 3549 1753 3595 meus
1782 3533 1897 3595 de-

291 3625 552 3687 functus
582 3633 705 3701 est,
729 3629 1049 3709 accipiens
1071 3633 1580 3695 commendatum
1608 3634 1896 3708 alicuius,

293 3732 358 3786 et
386 3744 518 3788 non
547 3727 714 3789 dixit
740 3731 1041 3806 moriens,
1072 3733 1180 3793 ubi
1211 3734 1424 3812 posuit
1442 3733 1625 3796 illud.
1647 3735 1722 3795 Et
1746 3735 1902 3796 dixit

305 3826 364 3886 ei
391 3845 585 3890 senex
623 3847 640 3888 :
672 3830 856 3898 Veni.
884 3838 947 3892 et
974 3833 1236 3894 ostende
1272 3835 1457 3897 nobis
1493 3835 1898 3915 sepulchrum

309 3927 420 3987 viri
461 3930 570 3989 tui.
622 3931 703 3991 Et
759 3932 1093 4011 assumptis
1141 3952 1354 3996 secum
1404 3935 1702 3998 fratribus
1749 3937 1902 3999 abiit

303 4044 446 4088 cum
466 4046 560 4091 ea.
586 4032 666 4090 Et
694 4049 840 4092 cum
867 4034 1188 4096 venissent
1217 4036 1294 4096 ad
1321 4035 1556 4110 locum,
1587 4037 1693 4098 ubi
1723 4038 1898 4118 posi-

304 4136 400 4189 tus
445 4138 608 4204 erat,
644 4132 801 4193 dixit
838 4134 915 4194 ad
962 4135 1132 4197 illam
1178 4154 1373 4198 senex
1407 4156 1418 4197 :
1450 4141 1703 4202 Recede
1749 4142 1899 4204 hinc

303 4227 363 4288 in
396 4229 666 4291 domum
694 4239 886 4292 tuam.
919 4234 993 4292 Et
1027 4235 1348 4296 orantibus
1388 4235 1510 4297 illis
1538 4237 1779 4298 vocavit
1806 4255 1901 4298 se-

373 4429 452 4498 u)
476 4429 593 4482 vv.
618 4430 720 4483 pr.
754 4430 935 4487 Rosw.
968 4433 1064 4489 lib.
1089 4434 1158 4489 vr
1194 4435 1360 4491 libell.
1397 4434 1550 4499 μηδ
1573 4453 1628 4506 ρ.
1673 4437 1778 4492 659
1809 4453 1892 4508 sq.

372 4521 454 4592 ζα)
494 4523 585 4578 Cf.
633 4539 793 4593 supra
844 4523 872 4595 §
910 4526 980 4579 32
1025 4542 1077 4594 p.
1121 4526 1257 4591 146;
1312 4527 1417 4582 115
1463 4543 1625 4597 sqq.;
1665 4527 1693 4600 §
1729 4527 1800 4581 24
1839 4544 1893 4598 p.

305 4619 408 4671 ius
437 4634 551 4686 δεμ
581 4617 702 4688 ges
733 4617 1316 4692 p.118;§'52p.Ml
1359 4636 1481 4690 sq.;
1516 4620 1617 4676 156
1637 4637 1756 4691 sq.;
1783 4621 1896 4692 με)
1928 4601 1972 4655 D

306 4727 340 4778 ι)
400 4711 534 4766 H9:
577 4711 702 4764 120.

375 4803 455 4868 (5)
496 4800 617 4854 VV.
646 4801 750 4855 PP.
795 4799 978 4858 Βοῦν.
1009 4803 1104 4858 lib.
1140 4801 1208 4856 Vl
1241 4804 1407 4860 libell.
1449 4804 1504 4866 2,
1538 4805 1568 4858 7
1603 4822 1659 4875 p.
1688 4806 1813 4872 649,
1841 4807 1896 4860 2.

376 4894 456 4963 μ)
505 4893 651 4947 Ibid.
679 4893 773 4948 lib.
813 4895 883 4947 Ill
912 4910 1034 4964 cap.
1068 4895 1172 4949 122
1197 4913 1251 4966 p.
1283 4897 1410 4960 518,
1446 4898 1482 4950 l.

376 4986 454 5053 (5)
494 4981 738 5037 Coteler.
777 4981 921 5038 Eccl.
969 4983 1162 5040 Graec.
1198 4985 1345 5040 Mon.
1399 4986 1462 5039 T.
1505 4987 1525 5039 l
1585 5004 1638 5057 p.
1673 4987 1778 5041 555
1810 5003 1894 5057 sq.

318 5090 362 5128 ι.
398 5093 449 5128 v.
489 5073 770 5129 Macarius
815 5076 1101 5146 Aegyptius
1151 5076 1179 5148 §
1227 5075 1356 5144 XV;
1403 5077 1545 5132 infra
1599 5079 1656 5132 in
1703 5079 1896 5133 harum

322 5166 712 5233 Quaestionum
745 5167 1058 5236 Appendice
1084 5170 1253 5224 altera
1285 5170 1389 5224 sub
1413 5172 1504 5224 Ill.

390 5260 459 5328 t6)
495 5259 589 5314 Cf.
621 5276 788 5328 supra
813 5259 840 5331 §
868 5261 934 5313 17
960 5260 1126 5330 p.60.

389 5353 459 5420 (7)
492 5353 588 5409 Sic
609 5354 775 5416 male,
807 5369 904 5423 pro
927 5354 1138 5408 dicens:
1159 5353 1285 5418 ιιιε,
1309 5356 1397 5409 ubi
1410 5373 1429 5420 ;
1453 5369 1646 5425 graece
1664 5353 1862 5422 λέγων
1879 5369 1892 5384 °

319 5445 377 5497 Ὀ
404 5446 587 5502 δεῖνα.
651 5446 737 5503 Cf.
786 5447 1018 5503 Cotclcr.
1076 5447 1224 5502 Eccl.
1277 5446 1475 5503 Graec.
1534 5448 1682 5501 Mon.
1743 5446 1809 5500 T.
1873 5449 1892 5500 1

313 5553 360 5601 p.
409 5538 533 5593 815.

378 5631 450 5701 (8)
498 5629 610 5687 VV.
663 5629 775 5685 PP.
818 5629 1010 5686 Rosw.
1040 5630 1135 5686 lib.
1168 5629 1239 5684 Vl
1283 5631 1451 5687 libell.
1489 5630 1545 5694 2,
1577 5631 1610 5685 8
1664 5647 1719 5701 ρ.
1767 5631 1893 5698 619,

315 5723 347 5777 2
367 5743 442 5793 sq.

381 5821 450 5888 (fl)
477 5820 721 5877 Coteler.
767 5815 922 5871 Eccl.
955 5815 1148 5870 Graec.
1184 5814 1333 5870 Men.
1376 5816 1438 5868 T.
1473 5815 1492 5868 1
1525 5831 1578 5884 p.
1615 5815 1721 5870 5’32
1755 5832 1802 5869 ε.
1837 5833 1888 5870 v.

311 5909 565 5972 Macarius
618 5909 922 5975 Aequptius
951 5906 979 5972 ἃ
1011 5907 1132 5972 Vll;
1191 5905 1332 5963 infra
1379 5907 1436 5963 in
1479 5907 1676 5962 barum
1708 5905 1891 5972 Quae-

2007 3327 2289 3390 omnium
2324 3339 2526 3404 paene
2570 3321 2837 3402 Aegypti
2879 3320 3333 3382 monachorum
3357 3319 3496 3392 fuit,
3530 3323 3597 3379 ut

2003 3428 2224 3490 messis
2246 3434 2532 3507 tempore
2551 3423 2627 3485 ad
2654 3423 3019 3484 metendum
3051 3441 3116 3483 se
3141 3421 3592 3492 conducerent,

2002 3526 2465 3604 mercedisque,
2515 3541 2713 3603 quum
2765 3528 3112 3600 octogenos
3163 3520 3411 3581 modios
3458 3519 3593 3579 fru-

2003 3627 2202 3690 menti
2230 3626 2374 3706 plus
2398 3625 2606 3686 minus
2636 3622 2868 3700 singuli
2900 3621 3316 3700 accepissent,
3353 3626 3596 3699 partem

2002 3729 2103 3802 iis,
2139 3745 2300 3807 quos
2331 3731 2656 3800 noverant,
2695 3723 3081 3804 pauperibus
3117 3722 3440 3807 offerrent,
3476 3736 3594 3780 nec

2004 3846 2134 3890 non
2192 3825 2630 3888 Alexandriam
2691 3840 2895 3902 usque
2969 3839 3156 3883 naves
3232 3820 3599 3893 frumento,

2006 3930 2177 4010 quod
2201 3927 2530 4006 egentibus
2551 3925 3052 3995 distribueretur,
3083 3927 3340 3983 onustas
3369 3919 3594 3996 dirige—

2007 4038 2145 4093 rent
2180 4028 2324 4110 (13).
2373 4027 2612 4089 Paritcr
2636 4042 2784 4087 vero
2829 4023 3195 4104 Spiridioni,
3229 4020 3415 4100 Cypri
3453 4020 3592 4099 epi-

2003 4148 2224 4211 SCOpO,
2248 4129 2373 4191 ﬁlia
2398 4127 2716 4199 defuncta,
2750 4125 2856 4202 ubi
2889 4123 3249 4203 depositum
3279 4119 3588 4202 posuerit,

2005 4251 2039 4296 e
2069 4229 2408 4312 sepulchro
2437 4225 2842 4308 respondisse
2870 4223 3134 4285 traditur
3164 4221 3312 4301 (14).

2005 4432 2249 4488 stiouum
2281 4426 2594 4500 Appendice
2625 4427 2794 4479 altera
2827 4424 2930 4478 sub
2958 4420 3044 4474 111.

2075 4523 2189 4594 (10)
2228 4519 2344 4576 νγ.
2381 4519 2485 4572 PP.
2517 4517 2698 4572 ltosw.
2743 4515 2836 4568 lib.
2876 4513 2943 4567 Vl
2971 4520 3085 4566 not.
3129 4513 3160 4564 6
3192 4527 3245 4580 p.
3274 4509 3402 4573 662,
3436 4511 3484 4562 1.

2075 4614 2187 4685 (11)
2235 4611 2494 4681 Exempla
2527 4609 2803 4678 congessit
2830 4605 3136 4660 Cutelerius
3171 4606 3207 4657 l.
3251 4606 3287 4657 l.
3318 4619 3371 4673 p.
3402 4602 3506 4656 814
3539 4603 3592 4654 in

2001 4717 2132 4762 nota
2160 4707 2227 4761 ad
2265 4712 2507 4759 nostram
2539 4702 2824 4756 historiam
2859 4701 2936 4768 (ι).
2969 4698 3095 4760 5'52,
3135 4697 3224 4762 A).

2071 4799 2183 4870 (I2)
2220 4799 2333 4854 AA.
2368 4795 2472 4850 SS.
2508 4794 2645 4849 Boll.
2683 4792 2806 4847 Jan.
2835 4790 2900 4844 T.
2933 4791 2951 4844 1
2989 4807 3042 4861 p.
3069 4789 3230 4854 1009,
3268 4789 3290 4841 1
3344 4793 3460 4840 not.
3485 4785 3542 4837 b.

2075 4892 2188 4962 (13)
2215 4889 2329 4945 vv.
2354 4889 2460 4943 PP.
2499 4887 2684 4943 Rosw.
2721 4887 2814 4941 lib.
2841 4885 2884 4939 u
2911 4901 3032 4953 cap.
3066 4883 3132 4935 18
3167 4898 3220 4950 ρ.
3256 4879 3392 4967 β’ῖϐ,
3424 4879 3474 4930 1.
3502 4876 3588 4930 et;

2001 4983 2100 5041 lib.
2131 4983 2172 5037 V
2195 4983 2364 5038 libell.
2401 4981 2491 5046 17,
2527 4980 2676 5050 20p.
2710 4978 2839 5044 651i,
2872 4980 2930 5032 2.
2985 4978 3043 5030 lu
3075 4974 3217 5028 Hist.
3270 4971 3439 5024 Laus.
3496 4970 3587 5023 ed.

2001 5076 2204 5132 Meurs.
2239 5091 2364 5146 cap.
2388 5075 2456 5128 77
2490 5074 2632 5145 Opp.
2676 5072 2878 5127 Mcurs.
2908 5071 2944 5123 l.
2985 5071 3020 5122 l.
3056 5084 3109 5137 p.
3147 5065 3256 5119 557
3290 5062 3586 5118 duodecim

2001 5171 2222 5224 artabas
2254 5169 2294 5226 i.
2320 5184 2372 5223 e.
2405 5167 2553 5222 circa
2574 5165 2936 5236 quadraginta
2967 5159 3182 5214 modios
3208 5156 3588 5226 unusquisque:

1999 5262 2281 5332 accepisse
2343 5261 2537 5316 fertur.
2584 5259 2692 5313 lsta
2735 5258 2901 5326 igitur
2952 5253 3260 5308 differentia
3307 5247 3585 5319 quomodo

1998 5354 2322 5422 explicanda
2359 5354 2453 5416 sit,
2514 5352 2721 5406 nescio.
2778 5349 2958 5417 Caput
2999 5361 3131 5399 vero
3162 5344 3294 5398 illud
3323 5341 3584 5396 editionis

1999 5447 2364 5509 Meursianae,
2389 5460 2560 5514 quum
2595 5444 2650 5496 in
2684 5441 2846 5496 codd.
2876 5439 3187 5496 Vindobon.
3212 5436 3580 5497 desideretur,

1999 5538 2246 5608 Spurium
2272 5552 2396 5591 esse
2426 5535 2725 5590 verisimile
2756 5541 2864 5588 est.

2071 5631 2186 5702 (M)
2228 5629 2412 5685 Ruﬁn.
2449 5627 2590 5682 Hist.
2623 5627 2772 5683 Eccl.
2805 5627 2903 5682 lib.
2929 5626 2948 5680 1
2973 5641 3095 5695 cap.
3133 5625 3187 5686 5.
3213 5623 3301 5677 ed.
3337 5619 3506 5672 Busil.
3544 5619 3577 5672 Ι.

1999 5724 2206 5795 p.218,
2266 5722 2448 5776 Ruﬁni
2498 5718 2638 5791 Opp.
2684 5719 2774 5776 ed.
2823 5717 3059 5774 Vallarsi
3109 5733 3159 5785 p.
3219 5712 3350 5767 222.
3401 5710 3623 5780 Migne'

2000 5816 2207 5872 Patrol.
2235 5813 2299 5869 T.
2339 5812 2459 5868 XXI
2495 5830 2546 5884 p.
2580 5812 2705 5868 471.
