4046 6448
607 345 710 400 117

1446 361 1547 416 SS.
1593 359 2053 416 MACARIOIIUM
2098 359 2172 412 AF

2276 357 2421 412 'PTII
2468 360 2555 414 ΕΤ
2593 359 3064 415 ΛιΕΧΑΝῡΒΙΝΙ
3804 367 3890 422 MF

686 493 715 525 α
748 471 931 532 Venit
960 471 1299 551 aliquando
1345 474 1537 536 abbas
1582 475 1887 536 Macarius
1923 473 2024 534 ille
2065 477 2185 533 Ae-
2218 481 2263 533 Α
2292 470 2661 533 monachus.
2710 473 3021 550 Ignoscite
3069 470 3222 532 mihi
3275 472 3513 534 fratres
3556 475 3576 536 {
3586 473 3668 543 1).
3728 478 3888 542 Idem

601 569 858 648 gyptius
895 570 973 632 de
1015 571 1208 632 Scithi
1254 573 1319 632 in
1369 580 1646 633 montem
1697 572 1926 632 Nitriae
1977 571 2043 630 in
2087 570 2187 631 die

603 666 938 729 oblationis
967 669 1045 732 ad
1076 671 1524 732 monasterium
1569 671 1808 731 abbatis
1837 669 2092 741 Pambo,
2129 676 2189 729 et

603 764 897 828 dixerunt
931 770 989 830 ei
1020 770 1303 831 seniores
1346 770 1469 832 loci
1512 771 1678 832 illius
1709 789 1722 830 :
1757 770 1862 831 Dic
1896 769 2188 832 fratribus

602 867 860 929 verbum
909 870 1392 944 aediticationis,
1442 879 1640 951 pater.
1690 872 1805 944 Qui
1853 871 2008 932 dixit
2049 872 2125 933 iis
2170 890 2182 932 :

601 967 730 1043 Ego
764 967 1046 1028 nondum
1079 969 1280 1031 factus
1321 989 1457 1032 sum
1495 971 1864 1047 monachus,
1909 972 2019 1034 sed
2059 973 2185 1034 vidi

599 1067 968 1129 monachos.
1000 1071 1074 1130 Et
1117 1071 1272 1132 dixit
1317 1089 1328 1130 :
1364 1073 1633 1133 Sedente
1663 1073 1833 1134 enim
1882 1072 2041 1144 156
2084 1092 2185 1136 me

597 1166 937 1245 aliquando
967 1169 1030 1229 in
1068 1169 1223 1230 cella
1262 1170 1325 1230 in
1362 1170 1581 1244 Scithi,
1626 1173 2052 1250 perurgebant
2083 1190 2184 1233 me

597 1268 1006 1344 cogitationes
1035 1288 1209 1330 meae
1239 1270 1520 1333 dicentes
1555 1289 1568 1332 :
1605 1274 1878 1351 Surgens
1906 1273 2060 1334 vade
2085 1293 2184 1334 us-

597 1383 721 1444 que
750 1366 814 1426 in
859 1367 1198 1442 desertum,
1237 1376 1297 1430 et
1325 1372 1679 1446 considera,
1720 1374 1891 1452 quod
1930 1373 2056 1436 Illic
2087 1375 2179 1435 vi-

596 1466 727 1527 des.
763 1469 835 1528 Et
866 1471 1211 1547 permansit
1244 1471 1611 1534 reluctando
1654 1473 2014 1535 huiusmodi
2043 1475 2180 1536 ani-

593 1585 733 1627 mus
784 1586 962 1630 meus
1016 1589 1132 1649 per
1177 1571 1460 1651 quinque
1509 1591 1711 1635 annos
1758 1574 1976 1636 dicens
2029 1593 2041 1636 :
2092 1577 2180 1637 Ne

591 1667 754 1729 forte
798 1688 834 1731 a
879 1670 1294 1732 daemonibus
1332 1672 1409 1732 sit
1455 1671 1611 1736 haec
1654 1675 1992 1752 suggestio.
2030 1677 2179 1736 Cum

593 1787 744 1846 ergo
787 1780 1246 1849 perseverasset
1295 1774 1588 1852 cogitatio
1634 1775 1751 1836 ista
1782 1777 1847 1836 in
1893 1793 2016 1849 me,
2051 1777 2174 1837 abii
2209 1814 2250 1869 Β

588 1869 655 1930 in
689 1889 926 1945 eremo,
953 1880 1012 1933 et
1043 1875 1245 1952 reperi
1272 1875 1505 1936 ibidem
1530 1884 1816 1954 stagnum
1843 1895 2170 1956 aquarum,

591 1977 653 2031 et
682 1971 948 2034 insulam
991 1975 1055 2034 in
1099 1976 1306 2037 medio
1355 1977 1510 2038 eius.
1541 1978 1889 2039 Veniebant
1917 1996 2173 2058 quoque

589 2072 830 2135 diversa
875 2078 1167 2140 animalia
1215 2082 1441 2155 eremi,
1499 2089 1559 2142 et
1606 2082 1903 2144 bibebant
1955 2100 2032 2144 ex
2071 2101 2170 2145 eo.

588 2173 756 2235 Inter
786 2193 948 2254 quae
986 2179 1109 2238 vidi
1148 2180 1308 2241 duos
1345 2180 1635 2242 homines
1665 2183 1893 2254 nudos,
1926 2189 1987 2244 et
2013 2202 2172 2244 con-

587 2275 839 2335 tremuit
888 2294 1120 2356 corpus
1167 2297 1409 2353 meum;
1445 2282 1739 2359 putabam
1781 2283 1981 2355 enim,
2024 2285 2172 2362 quia

585 2369 841 2444 spiritus
871 2381 1039 2435 sunt.
1071 2377 1352 2455 Cumque
1383 2378 1681 2439 vidissent
1718 2379 1807 2440 illi
1837 2398 1939 2441 me
1983 2383 2173 2461 trepi-

586 2466 862 2543 dantem,
896 2472 1088 2534 locuti
1125 2483 1269 2536 sunt
1297 2477 1375 2537 ad
1417 2496 1516 2539 me
1559 2479 1839 2540 dicentes
1870 2497 1884 2540 :
1918 2480 2057 2540 Noli
2089 2481 2170 2540 ti-

585 2586 789 2643 mere;
824 2579 884 2633 et
927 2592 1044 2634 nos
1077 2577 1244 2636 enim
1289 2576 1582 2639 homines
1613 2598 1850 2641 sumus.
1887 2581 2022 2642 Dixi
2051 2582 2169 2643 ita-

582 2686 706 2746 que
739 2669 858 2731 illis
888 2690 900 2732 :
932 2673 1109 2736 Unde
1133 2676 1302 2751 estis,
1332 2684 1392 2738 et
1422 2679 1745 2758 quomodo
1767 2681 1831 2740 in
1855 2680 2016 2743 hanc
2039 2699 2173 2743 ere-

581 2785 752 2829 mum
785 2773 1207 2847 venistis?Qui
1243 2777 1536 2840 dixerunt
1563 2780 1682 2841 :De
1709 2781 2022 2842 coenobio
2042 2781 2166 2843 fui-

579 2884 742 2943 mus,
761 2873 1031 2934 etfactus
1047 2884 1137 2936 est
1159 2877 1341 2938 nobis
1354 2896 1724 2953 consensus,
1742 2889 1802 2942 et
1823 2883 2054 2959 egressi
2070 2901 2172 2943 su-

580 2985 721 3030 mus
747 2969 892 3046 huc,
924 2991 1070 3036 ecce
1101 2977 1510 3056 quadraginta
1538 2981 1869 3042 annisunt.
1902 2984 2045 3044 Erat
2065 3001 2172 3044 au-

582 3075 706 3129 tem
727 3090 887 3134 unus
909 3091 984 3134 ex
1007 3075 1158 3154 ipsis
1171 3080 1532 3158 Aegyptius,
1545 3081 1703 3141 alius
1717 3100 1863 3143 vero
1877 3083 2164 3161 Libycus.

2291 566 2358 626 in
2447 567 3014 647 ApOphthegmatis
3105 569 3396 631 Cotelerii
3480 571 3736 650 reperis
3791 574 3888 655 (2).

2290 668 2526 729 Pambo
2556 667 2847 730 abbatem
2878 686 3022 730 cum
3049 669 3374 731 monachis
3406 672 3550 732 suis
3585 672 3654 732 in
3684 683 3888 736 monte

2290 766 2523 828 Nitriae
2574 767 2918 842 habitasse,
2977 768 3153 829 testis
3231 776 3325 830 est
3397 769 3732 832 Palladius
3786 772 3884 852 (3).

2290 865 2426 926 Duo
2464 863 2553 925 illi
2582 865 2875 926 monachi
2905 865 3159 927 fuerunt
3187 885 3222 928 e
3260 885 3504 945 genere
3537 869 3886 934 anachore-

2288 973 2512 1036 tarum,
2545 982 2816 1043 quorum
2846 967 3034 1027 vitam
3063 984 3249 1047 supra
3293 969 3764 1050 descripsimus
3787 972 3883 1050 (4).

2292 1069 2449 1140 157
2472 1066 2921 1128 Monachorum
2947 1076 3155 1129 autem
3183 1087 3344 1144 esse,
3379 1071 3621 1132 sedere
3652 1072 3720 1132 in
3741 1073 3884 1134 cella

2291 1171 2351 1222 et
2378 1165 2610 1229 deﬂere
2642 1177 2897 1247 peccata
2933 1187 3064 1242 sua,
3097 1171 3303 1250 ipsum
3344 1171 3657 1234 docuisse
3688 1175 3884 1236 Maca-

2287 1262 2447 1325 rium
2480 1269 2888 1346 cognovimus
2926 1267 3031 1350 (5).

2367 1389 2395 1421 α
2437 1367 2620 1428 Venit
2641 1368 2896 1447 quidam
2920 1367 3291 1430 adolescens
3320 1383 3397 1430 aa
3421 1369 3736 1432 abbatem
3759 1373 3880 1432 Ma-
3907 1402 3916 1412 -

2284 1466 2542 1541 cariuIn,
2573 1475 2643 1529 ut
2674 1476 2998 1530 sanaretur
3024 1485 3058 1530 a
3090 1469 3452 1530 daemonio.
3490 1470 3571 1530 Et
3603 1470 3759 1530 dum
3788 1488 3883 1531 es-

2283 1574 2376 1628 set
2406 1568 2557 1630 foris
2586 1575 2785 1642 stans,
2815 1587 2965 1631 ecce
2993 1569 3243 1631 advenit
3273 1570 3545 1649 quidam
3578 1569 3775 1632 frater
3808 1571 3878 1631 de

2283 1666 2406 1728 alio
2455 1669 2836 1730 monasterio
2897 1676 2960 1729 et
3013 1669 3355 1730 concubuit
3411 1670 3486 1732 in
3553 1678 3875 1750 peccatum

2283 1781 2426 1824 cum
2471 1765 2873 1828 adolescente
2914 1765 3045 1827 1110.
3088 1767 3390 1845 Egressus
3425 1775 3650 1829 autem
3694 1785 3871 1830 senex

2280 1864 2479 1924 cernit
2517 1863 2772 1926 fratrem
2809 1864 2989 1926 illum
3026 1873 3392 1945 peccantem
3429 1883 3587 1927 cum
3624 1866 3873 1944 parvulo

2276 1963 2416 2036 1110,
2450 1973 2511 2026 et
2542 1983 2672 2026 non
2713 1983 2858 2027 eum
2889 1966 3233 2044 increpavit
3277 1965 3507 2026 dicens
3542 1983 3556 2026 :
3592 1965 3656 2026 Si
3697 1965 3869 2038 Deus,

2277 2066 2384 2144 qui
2416 2065 2740 2145 plasmavit
2769 2083 2910 2139 eos,
2966 2065 3185 2126 videns
3233 2066 3616 2144 patientiam
3668 2067 3734 2128 in
3763 2065 3870 2126 illis

2276 2165 2534 2240 habuit,
2586 2167 2738 2244 qui,
2788 2165 2842 2226 si
2885 2164 3109 2238 vellet,
3143 2165 3523 2227 incenderet
3563 2183 3714 2239 eos,
3763 2184 3867 2244 ego

2277 2267 2420 2345 quis
2446 2284 2608 2341 sum,
2637 2267 2746 2346 qui
2770 2284 3027 2346 arguam
3055 2284 3165 2328 eos
3187 2263 3312 2344 (6)?
3335 2290 3362 2322 ι)
3394 2266 3613 2328 Huius
3643 2266 3868 2329 facino-

2276 2368 2360 2429 ris
2391 2369 2582 2430 ceteri
2614 2369 2821 2431 fontes
2849 2371 3217 2432 memoriam
3247 2386 3378 2431 non
3403 2369 3680 2432 faciunt.

2352 2469 2518 2529 Libri
2572 2471 2731 2532 sexti
2785 2471 3096 2550 interpres
3154 2470 3387 2531 latinus
3452 2477 3555 2532 est
3609 2472 3864 2532 Ioannes

2275 2569 2721 2645 subdiaconus,
2773 2588 2965 2650 quem
3004 2571 3260 2650 Pelagii,
3311 2572 3688 2652 interpretis
3732 2570 3861 2633 libri

2275 2671 2500 2750 quinti,
2539 2671 2869 2750 aequalem
2910 2672 3102 2734 fuisse
3149 2673 3514 2734 existimant
3548 2673 3658 2753 (7).
3707 2672 3856 2734 Sexti

2274 2788 2531 2851 quoque
2571 2771 2713 2833 libri
2752 2780 2992 2834 textum
3031 2791 3326 2851 graecum
3365 2773 3638 2836 Photius
3665 2772 3855 2836 laudat

2279 2870 2387 2951 (8).

2354 2975 2403 3045 §.
2440 2971 2535 3032 35.
2569 2971 2754 3034 Libro
2784 2973 3053 3053 septimo
3082 2990 3192 3035 sex
3229 2972 3309 3035 de
3335 2973 3632 3035 Macariis
3664 2969 3850 3034 conti-

2273 3079 2505 3134 nentur
2538 3071 2857 3148 historiae,
2891 3090 2927 3135 e
2955 3073 3185 3152 quibus
3219 3079 3433 3136 tamen
3461 3074 3610 3136 novi
3647 3088 3847 3153 parum

579 3167 1126 3248 Interrogaverunt
1161 3183 1368 3237 autem
1412 3195 1512 3239 me
1563 3186 1624 3239 ct
1661 3179 1783 3259 ipsi
1824 3159 2105 3244 dicentes
2148 3201 2162 3244 :

2276 3172 2600 3248 discimus,
2633 3191 2830 3257 quum
2859 3191 2985 3234 una
3011 3173 3144 3236 sola
3175 3181 3442 3254 excepta
3483 3191 3709 3237 omnes
3740 3173 3846 3234 iam

577 3268 906 3340 Quomodo
939 3281 1030 3334 est
1059 3277 1353 3349 mundus,
1386 3285 1446 3338 et
1477 3279 1527 3338 si
1557 3280 1838 3342 ascendit
1867 3299 2027 3361 aqua
2062 3301 2165 3345 se-

576 3368 854 3431 cundum
877 3379 1126 3453 tempus
1149 3393 1353 3450 suum,
1381 3378 1433 3437 si
1467 3379 1654 3439 etiam
1675 3379 1861 3441 habet
1894 3383 2167 3445 mundus

575 3465 1024 3532 abundantiam
1091 3472 1308 3534 suam?
1362 3477 1689 3556 Respondi
1746 3479 1822 3539 iis
1876 3498 1889 3540 :
1940 3483 2161 3543 Etiam.

576 3567 744 3638 Quos
784 3577 843 3629 ct
892 3589 1010 3648 ego
1063 3573 1487 3652 interrogavi:
1535 3579 1863 3649 Quomodo
1906 3600 2164 3661 possum

576 3667 710 3728 fieri
745 3671 1132 3734 monachus?
1179 3675 1402 3736 Dicunt
1446 3676 1602 3737 mihi
1642 3696 1654 3738 ε
1697 3679 1825 3740 Nisi
1873 3683 2014 3761 quis
2060 3701 2163 3745 re-

574 3770 949 3834 nuntiaverit
1007 3776 1323 3851 omnibus,
1374 3796 1537 3857 quae
1584 3779 1649 3841 in
1697 3783 1935 3845 mundo
1983 3793 2160 3860 sunt,

575 3886 705 3930 non
737 3880 944 3950 potest
977 3876 1112 3936 ﬁeri
1153 3879 1522 3942 monachus.
1557 3882 1794 3954 Quibus
1823 3884 1952 3944 dixi
1986 3903 1999 3945 :
2030 3889 2162 3966 Ego

571 3970 860 4034 inﬁrmus
893 3993 1030 4036 sum
1076 3983 1140 4037 et
1181 3996 1312 4040 non
1355 3998 1615 4059 possum
1663 3983 1823 4046 sicut
1869 4003 2001 4046 vos.
2035 3989 2162 4049 Re-

577 4069 972 4146 sponderunt
1001 4073 1156 4134 mihi
1181 4093 1194 4134 :
1219 4076 1281 4136 Si
1315 4094 1442 4139 non
1466 4087 1646 4157 potes
1669 4080 1829 4141 sicut
1853 4099 1987 4156 nos,
2013 4086 2162 4148 sede

575 4166 829 4231 in'cella
850 4179 950 4232 tua
987 4180 1046 4233 et
1073 4173 1300 4252 plange
1331 4184 1588 4255 peccata
1617 4185 1746 4239 tua.
1779 4180 2162 4261 Interrogavi

575 4286 726 4347 ergo
757 4289 866 4334 eos
894 4273 1110 4336 dicens
1143 4293 1156 4336 :
1192 4279 1261 4338 III
1303 4278 1509 4341 hieme
1539 4300 1668 4342 non
1700 4283 1942 4346 sentitis
1965 4284 2161 4364 frigus

571 4378 679 4432 aut
702 4372 768 4432 in
800 4381 1033 4436 aestate
1065 4394 1194 4438 non
1227 4378 1585 4442 incenditur
1615 4402 1847 4465 corpus
1885 4394 2160 4450 vestrum

2268 3276 2791 3340 recensuerimus.
2817 3277 3111 3336 Narratur
3144 3275 3313 3336 enim
3343 3277 3422 3338 de
3459 3276 3714 3339 diabolo
3741 3273 3845 3334 fra-

2265 3383 2393 3437 tres
2414 3375 2720 3438 invisente
2742 3382 2930 3456 atque
2952 3377 3217 3438 Macario
3238 3378 3555 3458 Aegyptio
3575 3396 3642 3439 se
3659 3375 3844 3438 solum

2269 3499 2297 3532 «
2324 3475 2731 3555 Theopistum
2757 3499 2785 3533 ιο
2809 3476 3081 3538 amicum
3113 3475 3345 3538 habere
3377 3479 3720 3556 proﬁtente
3744 3473 3838 3554 (9).

2267 3573 2346 3634 de
2370 3572 2532 3648 fure,
2563 3593 2752 3654 quem
2788 3573 2957 3636 idem
2991 3575 3294 3637 Macarius
3330 3576 3396 3636 in
3435 3577 3599 3639 cella
3628 3577 3838 3654 depre—

2266 3672 2485 3734 hendit
2505 3672 2651 3753 (10),
2675 3674 2754 3734 de
2775 3673 3028 3735 diabolo
3059 3673 3192 3734 sola
3214 3674 3380 3736 illius
3407 3675 3754 3738 humilitate
3780 3687 3838 3731 se

2264 3773 2432 3835 vinci
2477 3771 2880 3854 fatente(ll),
2933 3774 3013 3834 de
3064 3774 3295 3836 Cronio
3324 3822 3339 3849 ,
3385 3777 3502 3856 qui
3547 3777 3615 3837 in
3655 3770 3839 3850 Pispir

2265 3877 2576 3938 coenobio
2622 3875 2959 3938 Macarium
3002 3877 3256 3939 Antonii
3301 3877 3660 3940 ministrum
3695 3891 3832 3938 con-

2265 3979 2432 4039 venit
2447 3977 2567 4058 (12)
2580 4025 2595 4050 ,
2628 3977 2707 4039 de
2724 3977 2973 4039 Macarii
2991 3978 3280 4058 Aegyptii
3297 3980 3718 4058 expositione,
3737 3990 3835 4036 cur

2264 4080 2700 4141 recordatione
2738 4077 3048 4140 malorum
3090 4097 3125 4140 a
3167 4078 3421 4141 diabolo
3470 4080 3830 4142 inﬂictorum

2263 4179 2607 4242 memoriae
2628 4195 2760 4240 non
2789 4194 3132 4240 noceamus
3166 4177 3313 4259 (13).
3343 4180 3646 4260 Superest
3665 4176 3832 4255 igitur

2263 4279 2396 4340 sola
2427 4281 2581 4342 haec
2609 4279 2906 4340 historia:

2346 4406 2372 4435 ‹‹
2408 4383 2634 4442 Beatus
2662 4382 2963 4442 Macarius
2992 4380 3185 4442 dixit:
3217 4383 3290 4443 In
3318 4383 3581 4445 veritate
3610 4380 3660 4442 si
3688 4378 3828 4439 facta

569 4472 637 4533 in
667 4475 995 4538 caumate?
1023 4483 1097 4540 At
1124 4480 1214 4540 illi
1237 4481 1530 4545 dixerunt
1564 4503 1576 4545 :
1609 4488 1772 4549 Deus
1801 4489 1948 4551 fecit
1977 4493 2159 4554 nobis

2276 4489 2358 4542 est
2377 4469 2692 4544 monacho
2725 4480 2886 4551 158
2912 4481 3236 4560 despectio
3263 4483 3448 4561 quasi
3477 4484 3643 4554 laus,
3683 4493 3826 4558 pau-

570 4571 734 4634 hanc
767 4575 1325 4656 dispensationem,
1357 4589 1425 4644 ut
1455 4603 1662 4664 neque
1707 4589 1772 4650 in
1803 4590 2013 4656 hieme
2043 4592 2156 4654 fri-

571 4687 688 4749 gus
717 4691 927 4753 neque
972 4685 1208 4740 aestate
1255 4682 1542 4746 ardorem
1575 4689 1940 4752 sentiamus.
1969 4693 2156 4756 Ideo-

571 4789 696 4850 que
727 4773 855 4834 dixi
889 4775 1088 4851 vobis,
1122 4779 1268 4857 quia
1296 4797 1415 4858 ego
1453 4786 1738 4847 nondum
1781 4787 1983 4851 factus
2017 4809 2158 4853 sum

645 4913 722 4980 (I)
757 4913 869 4968 νγ.
905 4914 1010 4969 ΡΡ.
1042 4916 1229 4973 Rosw.
1264 4921 1356 4976 lib.
1388 4920 1456 4975 VI
1481 4925 1648 4979 libell.
1684 4928 1741 4987 5.
1784 4929 1818 4981 4
1850 4946 1904 5000 p.
1935 4931 2062 4998 655,
2097 4933 2150 4987 1.

640 5005 717 5072 (2)
747 5006 985 5062 Coteler.
1018 5010 1166 5066 Eccl.
1194 5012 1390 5069 Graec.
1435 5015 1582 5071 Mon.
1611 5017 1677 5072 T.
1728 5021 1748 5074 I
1793 5038 1843 5092 p.
1883 5023 1988 5078 5‘26
2017 5041 2065 5080 s.
2097 5042 2151 5080 ν.

573 5093 852 5152 Macarius
877 5099 1208 5174 Aegyptius§
1237 5103 1281 5158 Il
1311 5124 1324 5172 ;
1359 5107 1504 5162 infra
1531 5110 1586 5164 in
1623 5111 1821 5168 harqu
1859 5113 2156 5182 Quaestio-

575 5203 705 5241 num
741 5193 1055 5259 Appcndice
1083 5199 1253 5252 altera
1290 5201 1393 5254 sub
1427 5201 1517 5256 III.

639 5281 714 5349 (5)
748 5279 884 5335 Ilist.
923 5282 1086 5340 Laus.
1125 5290 1210 5343 ed.
1264 5290 1465 5348 Meurs.
1507 5310 1631 5365 cap.
1674 5296 1742 5350 I2
1770 5296 1908 5368 Opp.
1954 5299 2152 5357 Meurs.

579 5373 615 5426 l.
652 5375 688 5428 I.
723 5389 775 5443 p.
812 5375 936 5439 375,
974 5379 996 5430 1
1037 5395 1157 5449 sqq.

653 5464 731 5533 (4)
767 5466 856 5519 Cf.
889 5483 1056 5538 snpra
1085 5469 1111 5540 ᾗ
1145 5473 1179 5526 '5
1204 5490 1257 5542 p.
1279 5475 1310 5527 4
1341 5491 1422 5545 sq.

647 5557 728 5625 (5)
766 5559 942 5628 Supra
973 5561 1000 5632 §
1029 5563 1100 5616 se
1134 5581 1180 5634 p.
1240 5568 1364 5622 ua.

651 5647 730 5716 (6)
789 5650 902 5704 νγ.
965 5654 1071 5708 PP.
1137 5657 1324 5713 Rosw.
1394 5661 1488 5717 lib.
1545 5662 1614 5718 VI
1660 5667 1825 5722 libell.
1882 5669 1937 5733 Δ,
1988 5671 2056 5726 5-1
2098 5688 2154 5741 p.

585 5737 656 5794 δέ)
666 5741 726 5812 1,
758 5741 802 5812 1-1
834 5757 916 5812 sq.

661 5809 737 5870 (TI
768 5808 898 5867 Ibid}
928 5814 1137 5880 Prolcq.
1171 5818 1288 5874 XIV
1319 5837 1369 5883 ρ.
1394 5821 1552 5876 XLII.

2265 4591 2473 4662 pertas
2505 4583 2664 4645 sicut
2694 4583 2964 4657 divitiae,
2992 4584 3206 4664 inopia
3227 4584 3386 4646 sicut
3408 4586 3652 4666 epulae,
3677 4595 3824 4642 nun-

2265 4701 2452 4762 quam
2485 4683 2768 4746 moritur.
2801 4683 3197 4762 Impossibile
3229 4691 3343 4758 est,
3379 4686 3544 4747 bene
3577 4680 3823 4746 creden-

2264 4789 2390 4844 tem
2421 4792 2483 4845 et
2525 4785 2630 4864 pie
2669 4784 2983 4846 colentem
3014 4785 3208 4846 Deum
3251 4787 3477 4850 cadere
3506 4789 3570 4849 in
3600 4780 3820 4865 passiv-

2331 4927 2408 4995 (8)
2439 4926 2578 4980 Bibl.
2612 4925 2736 4980 cod.
2759 4925 3042 4981 CXCVIII.

2327 5021 2405 5088 (9)
2444 5019 2552 5073 VV.
2588 5019 2688 5074 PP.
2727 5020 2911 5075 Rosw.
2936 5021 3032 5075 lib.
3065 5018 3159 5073 VII
3195 5035 3318 5089 cap.
3355 5022 3408 5083 1,
3441 5021 3474 5075 8
3503 5037 3556 5091 p.
3586 5017 3705 5080 665,
3731 5017 3779 5071 2.

2334 5113 2448 5182 (I0)
2480 5111 2621 5167 Ibid.
2649 5113 2747 5166 lib.
2777 5110 2868 5165 vn
2900 5127 3022 5181 cap.
3055 5113 3158 5174 5,1
3193 5128 3248 5180 p.
3284 5112 3413 5176 666,
3447 5116 3502 5168 2.

2337 5203 2451 5270 (II)
2480 5201 2619 5256 Ibid.
2655 5201 2753 5255 lib.
2788 5200 2882 5255 VII
2917 5218 3039 5271 cap.
3076 5204 3162 5263 -15,
3189 5204 3222 5255 6
3253 5220 3306 5273 p.
3339 5205 3468 5270 (ΠΟ,
3512 5201 3565 5255 9..

2330 5294 2444 5360 (I2)
2476 5294 2613 5347 Ibid.
2644 5294 2739 5349 lib.
2768 5293 2864 5347 VII
2885 5310 3006 5364 cap.
3040 5295 3123 5354 I9.
3157 5296 3192 5348 5
3225 5312 3277 5364 p.
3302 5297 3428 5360 675,
3464 5297 3515 5348 ‘2.

2335 5387 2444 5454 (15)
2477 5386 2616 5440 Ibid.
2655 5387 2748 5441 lib.
2784 5385 2879 5439 VII
2913 5402 3036 5457 cap.
3067 5387 3159 5450 57,
3203 5387 3237 5441 4
3270 5404 3323 5457 p.
3354 5389 3452 5442 681
3480 5429 3494 5452 ,
3528 5389 3578 5440 2.
3623 5381 3809 5435 Recen-

2260 5481 2474 5531 suimus
2500 5478 2745 5547 quinque
2774 5477 2896 5532 illas
2951 5478 3214 5532 historias
3265 5494 3433 5547 supra
3478 5478 3504 5548 §
3540 5476 3606 5530 3'2
3639 5488 3687 5542 p-
3722 5463 3811 5520 135

2257 5568 2380 5634 §55
2415 5569 2799 5639 p.148;§59
2833 5586 2888 5641 p.
2946 5571 3050 5624 I33
3093 5586 3176 5639 sq.
3227 5572 3351 5641 §33
3410 5557 3807 5642 p.158;§52

2256 5676 2309 5728 ρ.
2347 5660 2443 5713 159
2475 5675 2560 5729 sq.
2593 5661 2619 5730 §
2655 5663 2722 5717 53
2752 5678 2807 5732 p.
2847 5663 2978 5729 I48;
3017 5662 3137 5734 §‘25
3161 5680 3214 5734 p.
3248 5663 3348 5718 I06
3385 5681 3468 5736 sq.
3503 5662 3616 5736 §29
3644 5673 3693 5730 ρ.
3722 5645 3806 5707 119

2264 5751 2388 5821 §55
2417 5754 2621 5822 p.148.
