4046 6514
180 392 264 450 1ιῦ

1805 411 1968 468 VI'I‘A
1977 411 2036 468 Ε.

3439 413 3545 467 150

184 501 304 589 item
327 487 785 559 immundam
815 510 895 564 et
929 505 1008 566 in
1034 524 1312 568 errorem
1343 508 1719 569 daemonum
1753 509 1856 589 (1).
1892 518 1935 569 A
1966 508 2162 570 edioit
2193 507 2341 588 (13),
2395 507 2758 568 brevissmle
2818 507 2994 584 loqui
3048 506 3335 567 suiliciet.
3391 509 3544 568 Cum

186 586 333 691 idem
392 591 946 691 in‘sententiis
1014 613 1265 685 patrum
1317 586 1769 685 Aegyptiorum
1815 586 1857 668 a

190 680 502 784 llosweido
529 693 628 771 (2)
661 704 739 757 et
763 700 852 761 in
882 680 1464 784 Apophthegmatis
1492 680 1527 768 ἐι
1553 705 1858 769 Cotelerio

192 779 256 869 (3)
288 790 474 852 editis
513 799 888 862 occurrit.

257 893 417 964 Quae
465 893 748 958 deinde
798 901 887 963 in
941 902 1112 964 libro
1157 905 1422 984 septimo
1467 906 1544 968 de
1590 907 1858 969 Macario

198 991 566 1067 camelario,
609 996 749 1074 qui
802 1000 1066 1062 nitrum
1101 1001 1337 1064 furatus
1373 1004 1482 1078 sit,
1530 1005 1860 1066 traduntur

217 1088 314 1167 (1),
341 1091 407 1151 ad
437 1100 787 1158 neutrum
826 1116 920 1160 ex
968 1103 1223 1176 nostris,
1261 1103 1370 1164 sed
1407 1104 1484 1164 ad
1524 1105 1859 1167 Macarium

223 1190 531 1267 iuniorem,
560 1197 692 1274 qui
729 1200 831 1260 ad
859 1218 1112 1262 annum
1139 1221 1340 1282 usque
1375 1205 1593 1266 aetatis
1623 1206 1861 1268 duode-

227 1293 578 1370 vigesimum
622 1317 910 1379 pecora
941 1312 1221 1383 paverat,
1252 1307 1544 1369 videntur
1573 1317 1858 1387 spectare

223 1393 321 1471 (5).
351 1397 614 1460 Latinus
656 1409 914 1466 autem
960 1406 1270 1486 interpres
1301 1408 1438 1470 libri
1484 1412 1734 1490 septimi
1765 1418 1858 1473 est

225 1492 582 1559 Paschasius
602 1499 985 1579 diaconus,
1005 1524 1190 1586 quem
1209 1508 1393 1570 etiam
1411 1510 1659 1572 saeculo
1679 1517 1856 1573 sexto

231 1590 434 1654 vixisse
457 1593 645 1659 haud
683 1607 958 1665 temere
992 1605 1257 1667 credunt
1288 1606 1395 1687 (6).

316 1693 473 1767 §36.
545 1700 648 1758 E1
711 1703 1173 1767 Rosweidiana
1247 1706 1622 1770 collectione
1684 1709 1856 1772 solus

254 1797 697 1898 sententiarum
740 1805 1202 1884 Aegyptiorum
1242 1817 1488 1888 patrum
1519 1811 1678 1872 liber
1706 1830 1854 1873 exa-
1889 1845 1930 1898 Β

249 1895 568 1959 minandus
639 1909 880 1964 restat.
949 1904 1065 1966 Ubi
1117 1907 1195 1968 de
1258 1910 1541 1972 Macariis
1592 1919 1862 1990 quatuor

242 2001 472 2057 tantum
495 1997 672 2062 locis
695 2002 997 2079 traditur,
1029 2023 1298 2085 quorum
1331 2015 1456 2071 tres
1488 2013 1859 2074 sententiam

237 2097 563 2174 Aegyptii,
614 2117 743 2161 cur
790 2104 1230 2168 recordatione
1273 2108 1583 2170 malorum
1617 2129 1652 2172 a
1705 2111 1856 2172 dae-

237 2209 426 2256 mone
457 2197 874 2264 inﬂictorum
912 2208 1251 2270 memoriae
1295 2210 1419 2270 vim
1463 2227 1592 2271 non
1641 2210 1856 2272 laeda-

244 2308 382 2352 mus
413 2293 536 2372 (71,
581 2297 890 2361 eiusdem
925 2302 1304 2379 doctrinam,
1334 2307 1704 2370 iracundum
1739 2309 1858 2370 sibi

253 2389 452 2497 ipsum
471 2412 730 2497 nocere
769 2400 878 2478 (8),
909 2401 1214 2483 illudque,
1253 2408 1421 2486 quod
1457 2409 1646 2470 modo
1673 2411 1855 2471 audi-

259 2493 480 2588 vimus,
520 2493 784 2556 dictum
823 2498 902 2559 de
939 2502 1252 2564 monacho
1290 2505 1569 2583 perfecto
1595 2507 1675 2588 (9)
1709 2527 1855 2588 per-

258 2587 470 2652 hibent
506 2593 670 2679 (10).
713 2599 977 2670 Quartus
1005 2619 1154 2664 vero
1191 2603 1291 2666 hic
1323 2613 1455 2668 est:

333 2714 360 2746 ι
389 2693 715 2757 Dicebant
739 2715 857 2776 pro
877 2699 1100 2762 abbate
1123 2705 1390 2766 Macario
1420 2708 1679 2784 maiore,
1709 2727 1856 2790 quia

245 2788 409 2852 sicut
449 2793 630 2856 Deus
661 2799 938 2876 protegit
965 2805 1165 2862 totum
1196 2805 1500 2867 mundum
1551 2815 1612 2868 et
1649 2788 1855 2888 portat

247 2901 511 2968 peccata
551 2894 936 2971 hominum,
983 2899 1068 2961 ita
1117 2909 1178 2963 et
1219 2903 1324 2966 ille
1373 2906 1552 2984 quasi
1601 2908 1855 2986 quidam

249 2992 412 3056 Deus
447 3001 759 3058 terrenus
789 2998 904 3060 fuit
939 2999 1005 3060 in
1048 3001 1371 3079 fratribus,
1416 3007 1710 3085 operiens
1740 3009 1854 3070 de-

249 3093 392 3156 licta
414 3095 712 3172 illorum,
741 3107 803 3160 et
833 3119 927 3176 ea,
951 3120 1114 3182 quae
1140 3104 1387 3167 videbat
1414 3107 1510 3168 vel
1537 3108 1851 3184 audiebat,

251 3200 430 3277 quasi
474 3217 616 3262 non
665 3201 886 3264 videns
908 3174 991 3266 et-
1012 3222 1140 3267 non
1167 3207 1430 3270 audiens
1454 3208 1600 3289 (11).
1628 3232 1657 3265 »
1681 3174 1859 3282 Quod
1884 3174 1926 3230 C

249 3307 552 3360 narratur
609 3301 802 3363 etiam
860 3303 928 3365 in
992 3307 1556 3386 Apophthegmatis
1607 3311 1767 3382 159
1822 3331 1858 3376 a

245 3401 576 3464 Cotelerio
617 3403 806 3464 editis
838 3403 982 3484 (12),
1021 3412 1082 3467 et
1119 3425 1262 3468 cum
1300 3409 1549 3483 ceteris,
1580 3429 1742 3490 quae
1780 3413 1860 3476 de

247 3502 530 3563 Macario
562 3504 877 3583 Aegyptio
907 3504 1196 3583 legimus,
1232 3508 1395 3570 bene
1419 3513 1733 3573 convenit.

333 3603 466 3663 Sed
514 3621 693 3666 nunc
754 3605 1293 3684 ApOphthegmata
1334 3626 1369 3668 a
1407 3611 1672 3674 Possino
1715 3620 1777 3676 et
1823 3633 1859 3677 a

251 3703 576 3766 Cotelerio
608 3705 780 3766 edita
806 3704 1234 3784 inspiciamus.

873 3828 1112 3890 CAPUT
1142 3831 1272 3892 VII.

275 3965 821 4011 APOPHTIIEGMATA
876 3967 916 4011 Δ
954 3969 1212 4013 POSSINO
1282 3970 1360 4014 ET
1419 3971 1460 4014 Α
1519 3971 1859 4018 COTELERIO

351 4046 559 4100 EDITA,
639 4044 894 4089 ῘΝΕΙΠΤΑ
969 4048 1239 4092 GODICUM
1294 4049 1860 4096 VINDOBONENSIUM

347 4124 674 4169 APPENDIX
691 4125 1018 4169 COTELERII
1037 4113 1860 4183 APOPIITHEGMATUM,VITAE

354 4204 746 4248 SANCTORUM
771 4204 852 4247 DE
873 4205 1123 4250 SANCTIS
1139 4207 1429 4251 MACARIIS
1456 4208 1763 4254 AEGYPTIO
1783 4210 1862 4254 ET

335 4281 797 4328 ALEXANDRINO
808 4312 822 4324 .

357 4390 388 4464 ς
433 4386 534 4449 37.
582 4387 671 4448 De
717 4387 1269 4468 Apophthegmatis
1301 4390 1573 4466 Macarii,
1617 4409 1778 4471 quae
1826 4409 1862 4454 e

1963 607 2130 668 enim
2171 608 2513 669 didacticae
2567 607 2751 686 plane
2796 608 3025 668 indolis
3055 607 3198 676 sint,
3237 614 3299 668 et
3343 625 3377 668 a
3418 608 3548 668 Pri-

1961 709 2049 768 tio
2089 707 2248 781 (14),
2311 727 2428 770 nec
2483 724 2608 770 non
2668 708 2733 768 in
2796 707 3101 768 Gallandii
3158 707 3545 769 Bibliotheca

1961 807 2056 865 PP
2084 799 2232 884 (15).
2255 808 2464 870 denuo
2492 825 2715 869 excusa
2743 807 2923 868 facile
2952 807 3334 882 evolvantur,
3359 824 3434 868 ea
3451 807 3548 868 in-

1959 911 2131 982 tegra
2163 907 2520 969 adscribere
2555 909 2896 970 noluimus.
2933 910 3254 986 Leguntur
3287 926 3437 970 vero
3476 909 3544 970 in

1959 1005 2035 1066 iis
2080 1009 2260 1068 effata
2307 1009 2554 1070 Macarii
2596 1033 2624 1064 «
2674 1009 3098 1087 magni,»1.e.
3140 1009 3430 1088 Aegyptii
3462 1010 3543 1070 de

1960 1105 2350 1182 perfectione
2372 1106 2688 1181 monachi,
2719 1106 2798 1169 de
2829 1108 2962 1168 eius
2982 1106 3436 1180 consolatione,
3462 1106 3542 1167 de

1960 1204 2436 1266 conversatione
2476 1223 2620 1266 cum
2666 1204 2944 1277 senibus,
2978 1205 3056 1265 de
3099 1204 3422 1284 patientia,
3464 1204 3544 1265 de

1958 1320 2172 1365 amore
2202 1322 2374 1378 vero,
2409 1305 2487 1366 de
2521 1306 2581 1366 vi
2619 1307 2921 1368 orationis
2963 1313 3025 1367 et
3063 1307 3422 1385 patientiae,
3463 1307 3544 1369 de

1959 1403 2408 1480 taciturnitate,
2466 1406 2545 1468 de
2601 1408 2919 1470 sanctitate
2971 1406 3106 1468 sine
3155 1407 3435 1469 doctrina
3482 1415 3546 1468 et

1959 1499 2242 1563 doctrina
2284 1504 2419 1565 sine
2465 1505 2812 1579 sanctitate,
2867 1505 2945 1566 de
3001 1521 3130 1565 non
3187 1505 3543 1583 appetenda

1958 1600 2352 1679 praefectura
2381 1603 2860 1677 monachorum,
2892 1603 2971 1664 de
3001 1603 3306 1664 oratione.
3339 1605 3542 1680 Atque

1959 1701 2179 1763 eadem
2209 1702 2274 1762 in
2309 1703 2407 1776 iis,
2439 1721 2602 1781 quae
2629 1704 2693 1764 in
2720 1703 2996 1764 homiliis
3020 1703 3270 1765 Macarii
3292 1706 3543 1781 Aegyp-

1958 1802 2049 1875 tii,
2082 1800 2575 1880 deprehenditur
2601 1801 2870 1862 indoles.
2901 1801 3020 1861 Sed
3049 1801 3347 1880 quoniam
3373 1819 3540 1872 opu-

1962 1900 2157 1975 scula,
2186 1917 2347 1979 quae
2378 1900 2494 1961 sub
2515 1901 2762 1962 Macarii
2792 1900 3078 1981 Aegyptii
3098 1901 3357 1962 nomine
3383 1901 3540 1961 Pos-

1960 2003 2134 2064 sinus
2173 2018 2250 2061 ex
2281 2001 2506 2062 eodem
2529 2001 2747 2062 codice
2776 2003 3065 2062 Romano
3103 2001 3366 2080 protulit
3389 2001 3540 2080 (16),

1961 2099 2202 2170 codice,
2237 2115 2426 2176 quem
2455 2097 2590 2176 ipse
2624 2097 3034 2158 Vindobonae
3063 2095 3188 2157 adii
3214 2094 3361 2173 (17),
3386 2100 3542 2154 teste

1963 2201 2121 2272 160
2162 2213 2196 2255 a
2232 2197 2521 2257 Simeone
2558 2195 2901 2273 Logotheta
2933 2196 2991 2270 (e
3028 2195 3274 2273 scriptis
3293 2193 3544 2254 Macarii

1957 2295 2270 2375 Aegyptii)
2306 2296 2639 2374 compilata
2679 2301 2847 2368 sunt,
2870 2294 3415 2374 ApOphthegmata
3434 2292 3544 2354 illa

1958 2395 2146 2456 simili
2181 2397 2372 2458 modo
2405 2397 2672 2457 conflata
2717 2413 2855 2456 esse
2890 2412 3016 2456 non
3058 2401 3296 2456 temere
3329 2392 3543 2472 suspi-

1961 2513 2094 2556 cor.
2125 2500 2328 2576 Atque
2349 2495 2503 2557 haec
2534 2494 3077 2573 Apophthegmata
3095 2511 3233 2555 cum
3256 2493 3544 2555 versione

1957 2613 1992 2656 a
2036 2596 2218 2658 nobis
2284 2597 2579 2674 castigata
2641 2595 2801 2656 infra
2849 2596 2914 2656 in
2955 2595 3176 2656 harum
3204 2593 3537 2665 Quaestio-

1959 2712 2111 2755 num
2155 2695 2520 2775 Appendice
2573 2695 2766 2756 altera
2807 2695 2924 2756 sub
2955 2697 3011 2755 II
3037 2695 3204 2774 typis
3246 2694 3543 2773 repetivi-

1957 2813 2120 2855 IDUS.

2038 2899 2064 2970 §
2097 2895 2191 2957 38.
2226 2898 2296 2956 In
2325 2895 2885 2976 ApOphthegmatis
2926 2912 2960 2956 a
3005 2893 3312 2954 Cotelerio
3359 2893 3543 2954 editis

1957 2994 2036 3054 de
2075 2993 2341 3054 Macario
2390 2993 2700 3072 Aegyptio
2732 2995 2859 3052 XLI
2890 2992 3197 3071 capitibus
3232 2997 3539 3064 narratur,

1958 3110 2121 3171 quae
2168 3100 2378 3154 tamen
2427 3092 2577 3154 solis
2638 3092 2858 3154 decem
2928 3090 3204 3152 historiis
3265 3090 3546 3169 exceptis

1961 3194 2171 3256 omnia
2199 3194 2322 3255 iam
2353 3194 2762 3255 excussimus.
2800 3195 3020 3272 Neque
3058 3210 3130 3254 ea
3159 3191 3325 3271 apud
3350 3191 3548 3252 Palla-

1961 3294 2156 3366 dium,
2214 3295 2280 3356 in
2336 3295 2498 3356 libro
2546 3295 2848 3369 secundo,
2919 3294 3087 3374 apud
3156 3294 3541 3367 Cassianum,

1960 3397 2021 3456 S.
2053 3397 2533 3475 Hieronymum,
2570 3397 2922 3474 Evagrium,
2962 3395 3072 3456 sed
3104 3395 3170 3456 in
3211 3395 3342 3457 sola
3380 3394 3543 3455 anti-

1960 3513 2081 3573 qua
2103 3496 2413 3557 Historiae
2433 3497 2766 3558 Lausiacae
2790 3496 3077 3557 versione
3101 3501 3162 3556 et
3180 3496 3244 3556 in
3266 3497 3390 3555 VV.
3425 3496 3543 3555 PP.

1958 3593 2133 3655 libris
2169 3594 2724 3674 deprehendimus.
2761 3595 2938 3655 Unde
2971 3593 3447 3673 compilatorem
3477 3593 3547 3654 in

1961 3713 2155 3775 Opere
2191 3713 2307 3758 suo
2337 3696 2742 3773 congerendo
2785 3713 2916 3756 non
2947 3697 3248 3773 Operibus
3277 3695 3546 3773 scripto-

1959 3814 2123 3869 rum,
2148 3797 2255 3857 sed
2289 3795 2677 3857 secundariis
2699 3802 2936 3855 tantum
2963 3795 3264 3866 fontibus,
3283 3795 3406 3852 VV.
3425 3795 3542 3852 PP.

1960 3895 2256 3956 nimirum
2286 3894 2775 3969 libris,innisum
2807 3911 2942 3954 esse
2975 3903 3146 3956 certo
3170 3893 3398 3955 elucet.
3423 3893 3545 3955 Sed

1961 3995 2078 4056 hae
2110 4002 2249 4056 sunt
2274 3995 2494 4057 decem
2524 3993 2667 4055 illae
2688 3992 2985 4054 historiae
3013 4011 3026 4052 :

2043 4097 2316 4157 «Petrus
2348 4097 2538 4166 abbas
2573 4095 2864 4168 narravit,
2899 4095 3150 4155 beatum
3187 4091 3547 4164 Macarium,

1962 4213 2158 4274 quum
2181 4195 2522 4275 aliquando
2553 4193 2997 4256 anachoretam
3022 4193 3338 4273 quendam
3367 4193 3546 4254 inve-

1964 4298 2160 4358 nisset
2209 4302 2663 4376 aegrotantem,
2710 4295 3091 4357 sciscitatum
3142 4311 3279 4356 esse
3327 4311 3403 4354 ex
3444 4309 3550 4368 eo,

1962 4398 2262 4477 quidnam
2303 4397 2427 4459 cibi
2481 4413 2731 4458 sumere
2782 4395 2991 4456 vellet.
3047 4395 3163 4468 Qui
3209 4401 3549 4474 postquam

280 4488 501 4550 codice
531 4487 783 4566 collegii
815 4489 878 4549 S.
916 4491 961 4549 Ι.
989 4490 1256 4552 Romani
1285 4491 1585 4553 Possinus
1618 4492 1860 4571 primus
1889 4514 1936 4574 υ
1964 4497 2281 4578 pastillum
2313 4497 2514 4577 petiit,
2548 4497 2751 4558 virum
2788 4496 3036 4569 fortem,
3062 4513 3259 4575 quum
3299 4494 3456 4557 nihil
3483 4493 3550 4556 in

357 4711 436 4782 (1)
474 4709 596 4764 VV.
637 4708 744 4763 PP.
780 4708 964 4765 Rosw.
997 4709 1092 4764 lib.
1115 4709 1206 4763 VII
1232 4726 1355 4781 cap.
1378 4711 1468 4775 38,
1500 4711 1535 4763 Ξ).
1570 4727 1625 4781 p.
1657 4711 1861 4779 682,1.

350 4805 428 4875 (2)
461 4803 605 4858 Ibid.
640 4804 865 4872 Aegypt.
906 4807 1432 4872 patrumsentenliae
1447 4805 1518 4860 23
1537 4823 1588 4875 p.
1617 4809 1778 4873 1005,
1810 4809 1861 4863 1.

355 4898 430 4967 (5)
458 4895 704 4950 Coteler.
740 4893 886 4948 Eccl.
929 4892 1122 4950 Graec.
1161 4895 1308 4950 Mon.
1340 4895 1405 4953 T.
1446 4897 1466 4950 I
1503 4913 1556 4967 p.
1593 4898 1699 4952 557
1730 4915 1778 4954 s.
1803 4914 1860 4954 v.

300 4989 564 5043 Macarius
589 4988 873 5056 Aegyptius
901 4986 928 5058 §
953 4986 1082 5043 XX:
1120 4988 1263 5042 infra
1284 4989 1336 5043 in
1364 4990 1555 5044 harum
1580 4990 1868 5057 Quaestio-

302 5098 417 5136 num
447 5080 769 5150 Appendice
801 5081 969 5135 altera
1018 5081 1121 5135 sub
1153 5081 1247 5135 Ill.

367 5172 433 5236 (1)
455 5169 577 5224 νγ.
604 5168 713 5224 PP.
745 5169 928 5224 Rosw.
957 5171 1053 5224 lib.
1087 5170 1175 5225 VII
1200 5187 1322 5239 cap.
1350 5173 1438 5234 12,
1481 5171 1517 5225 2
1550 5188 1601 5242 p.
1627 5172 1752 5233 669,
1774 5172 1828 5226 2.

362 5263 425 5332 (5)
465 5262 614 5317 Ilist.
650 5259 816 5315 Laus.
860 5262 948 5316 ed.
979 5262 1180 5317 Meurs.
1219 5279 1342 5333 cap.
1385 5264 1450 5318 18
1481 5262 1622 5334 Opp.
1658 5264 1863 5319 Meurs.

304 5357 339 5411 1.
368 5357 469 5428 Lp.
503 5357 639 5412 585.
673 5355 762 5409 Cf.
795 5373 960 5424 supra
990 5375 1042 5425 p.
1083 5359 1207 5412 105.

355 5451 424 5521 (6)
459 5449 578 5504 νγ.
614 5447 722 5504 ΡΡ.
755 5447 944 5502 Rosw.
978 5447 1193 5520 Proleg.
1233 5449 1353 5504 XIII
1386 5467 1440 5519 p.
1466 5449 1653 5504 XLIII.

353 5543 426 5612 (7)
461 5539 576 5595 VV.
613 5539 721 5594 PP.
748 5539 937 5594 Rosw.
971 5540 1038 5594 15
1071 5557 1124 5609 p.
1170 5542 1327 5607 1005,
1365 5542 1416 5595 1.

348 5635 420 5704 (8)
466 5633 607 5688 Ibid.
640 5632 787 5702 16p.
828 5633 990 5694 1005,
1036 5633 1087 5684 1.

359 5730 434 5798 (9)
463 5728 604 5783 Ibid.
650 5728 725 5781 25
756 5723 1006 5796 p."1005,
1043 5725 1098 5778 2.

355 5823 464 5891 (10)
496 5819 907 5878 Recensuimus
936 5832 1032 5872 eos
1046 5818 1341 5888 supra§29
1368 5816 1739 5888 p.119§35p.
1767 5817 1871 5872 147

303 5914 524 5987 91.535
554 5912 798 5988 p.157;
847 5909 1037 5982 §17p.
1082 5909 1365 5980 65§52p.
1406 5907 1731 5982 I52§55p.
1771 5909 1870 5963 117

1967 4713 1994 4785 5
2025 4715 2115 4770 55.

2041 4809 2154 4878 (11)
2195 4805 2305 4862 νγ.
2344 4806 2448 4862 PP.
2485 4807 2670 4862 Rosw.
2713 4807 2812 4860 107
2857 4805 3150 4877 p.1006,1
3193 4821 3278 4874 sq.

2039 4897 2151 4962 (12)
2193 4895 2424 4950 Coteler.
2454 4893 2493 4946 l.
2531 4895 2566 4947 l.
2603 4911 2656 4963 p.
2693 4895 2861 4948 5.115.
2889 4911 2942 4948 ν.
2976 4893 3247 4945 Macarius
3266 4891 3551 4960 Aegyptius

1971 4986 1998 5058 §
2038 4985 2262 5054 XXXII;
2300 4987 2441 5040 infra
2469 4988 2523 5040 in
2557 4987 2751 5040 harum
2785 4985 3189 5052 Quaestionum
3235 4983 3551 5052 Appendice

1969 5082 2139 5136 altera
2177 5082 2282 5134 sub
2308 5079 2400 5135 Ill.

2043 5173 2154 5236 (15)
2192 5171 2277 5224 Cl'.
2317 5185 2484 5237 supra
2549 5185 2603 5239 p.
2635 5169 2704 5222 57
2729 5172 2845 5220 not.
2883 5165 2936 5217 1.

2041 5263 2153 5334 (14)
2192 5263 2277 5316 Cf.
2303 5277 2469 5331 supra
2495 5265 2534 5315 l.
2570 5261 2605 5312 I.

2045 5355 2158 5423 (15)
2193 5354 2444 5409 Gallaud.
2475 5353 2616 5406 Bibl.
2650 5349 2757 5404 PP.
2791 5347 2856 5402 T.
2885 5345 2976 5401 VII
3007 5363 3060 5417 p.
3093 5347 3199 5401 92?.
3225 5367 3310 5418 sq.

2044 5447 2158 5520 (16)
2193 5448 2408 5501 Libroa
2442 5446 2598 5500 nobis
2640 5457 2808 5512 supra
2844 5458 2895 5511 p.
2939 5441 3008 5495 57
3033 5458 3088 5494 n.
3117 5442 3138 5494 1
3173 5442 3416 5494 laudato.
3447 5434 3550 5490 Ea-

1973 5542 2096 5597 dem
2137 5540 2400 5610 opuscula
2427 5552 2626 5592 recusa
2676 5543 2806 5590 sunt
2840 5536 2942 5588 hoc
2986 5533 3166 5588 indice
3203 5553 3214 5586 :
3254 5532 3312 5585 S.
3369 5531 3553 5586 Patris

1974 5633 2206 5690 Macarii
2257 5631 2499 5702 Aegyptii
2549 5629 2828 5692 opuscula,
2863 5638 2979 5681 elc.
3034 5625 3116 5678 ed.
3162 5625 3364 5676 Pritius
3401 5623 3552 5692 Lips.

1978 5727 2119 5780 1699
2149 5735 2203 5780 et
2232 5726 2285 5778 in
2332 5723 2587 5778 Gnlland.
2638 5720 2777 5773 Bibl.
2813 5717 2917 5772 PP.
2954 5715 3018 5770 T.
3053 5715 3142 5768 VII
3183 5732 3235 5784 p.
3276 5712 3369 5768 16I
3426 5732 3552 5783 sqq.

2048 5818 2161 5884 (17)
2202 5815 2300 5869 Est
2349 5815 2474 5869 cod.
2513 5813 2653 5866 Bibl.
2709 5809 2870 5864 Caes.
2926 5805 3164 5859 Vindob.
3224 5821 3328 5860 ms.
3380 5805 3551 5861 tlu‘rol.

1975 5924 2160 5979 graec.
2189 5907 2288 5964 No.
2325 5907 2443 5971 101,
2480 5906 2608 5960 olim
2639 5901 2766 5966 2-10,
2806 5899 2894 5953 ubi
2933 5898 3026 5953 fol.
3065 5897 3152 5964 55,
3186 5897 3365 5968 Ξεψι.
3405 5913 3549 5967 οριιο
