4046 6456
197 406 258 462 13')
1782 408 1895 464 VIT
1911 409 1939 461 1
1952 408 2010 463 Ε.

200 520 250 566 ns
279 502 364 582 (1).

201 605 394 686 quidem
451 612 646 669 teste
719 613 1023 674 Macarii
1086 612 1486 674 Alexandrini
1546 613 1826 694 discipu-

203 703 389 786 lusli),
452 707 682 769 etiam
748 711 840 773 in
897 715 1083 775 Scete
1139 712 1384 789 degisse
1443 710 1672 788 legitur
1706 713 1782 792 (3)
1812 731 1827 787 ;

205 807 427 888 primum
458 813 724 871 tamen
781 812 867 874 in
919 813 1256 875 solitudine
1304 811 1638 873 Thebaidis
1686 829 1831 873 eum

207 908 466 970 habitasse
496 911 917 975 verisimile
947 924 1040 976 est
1068 913 1171 992 (4).

278 1036 299 1064 ε
329 1012 655 1075 Macarius
727 1016 954 1078 abbas
997 1015 1149 1075 dixit
1196 1031 1209 1074 :
1259 1013 1400 1074 Noli
1446 1013 1721 1074 dormire
1764 1013 1831 1073 in

225 1114 339 1178 cella
359 1113 607 1185 fratris,
639 1133 872 1194 quem
896 1116 1060 1177 mala
1089 1115 1251 1175 fama
1286 1112 1462 1192 petiit
1494 1112 1600 1192 (5).
1642 1137 1670 1167 »

287 1261 306 1286 ι
335 1233 410 1294 Ad
433 1235 837 1295 Macarium
869 1235 1161 1296 abbatem
1194 1233 1257 1293 in
1294 1233 1474 1293 Scete
1510 1230 1831 1310 quondam

233 1341 602 1396 accesserunt
627 1334 910 1408 fratres,
941 1352 1058 1395 nec
1083 1333 1427 1413 quidquam
1453 1333 1832 1392 invenerunt

228 1437 279 1496 in
296 1435 436 1496 cella
465 1435 618 1496 eius
669 1435 814 1496 nisi
843 1452 1072 1514 aquam
1105 1433 1439 1514 putridam.
1472 1435 1690 1511 Itaque
1723 1431 1779 1491 ei
1813 1449 1826 1490 :

231 1537 396 1608 Abba,
437 1536 803 1616 inquiunt,
865 1535 1135 1597 ascende
1180 1535 1245 1596 in
1299 1552 1555 1614 pagum,
1591 1540 1651 1594 et
1681 1532 1826 1592 refi-

235 1636 440 1698 ciemus
473 1641 570 1696 te.
631 1636 892 1708 Quibus
940 1650 1133 1695 senex
1176 1633 1505 1712 respondit
1549 1650 1562 1692 :
1597 1630 1826 1704 Nostis,

241 1735 447 1809 fratres,
489 1737 865 1816 pistrinum
896 1734 1064 1796 illius
1093 1734 1369 1796 hominis
1401 1734 1466 1794 in
1499 1731 1702 1813 pago?
1730 1731 1831 1791 Di—

243 1842 365 1896 cunt
392 1835 674 1896 :Etiam.
693 1832 942 1894 Deinde
961 1849 1154 1894 senex
1179 1850 1191 1891 :
1212 1833 1340 1908 Ego
1370 1848 1626 1910 quoque
1655 1831 1823 1892 novi.
1862 1857 1902 1911 Β

237 1937 424 1996 Nostis
450 1943 517 1996 et
568 1934 918 2015 praedium
971 1931 1138 1993 illius
1182 1931 1479 2006 hominis,
1527 1932 1683 2002 163
1720 1933 1831 1993 ubi

225 2037 447 2097 ﬂuvius
467 2033 665 2097 salit?
695 2035 892 2095 Aiunt
926 2051 938 2092 :
971 2033 1290 2094 Novimus.
1324 2034 1558 2094 Senex:
1584 2033 1657 2092 Et
1687 2049 1825 2110 ego,

221 2140 449 2218 inquit,
485 2138 673 2200 novi.
711 2134 976 2209 Quando
1006 2134 1194 2213 igitur
1218 2133 1445 2213 placet,
1471 2132 1648 2194 vobis
1675 2133 1830 2193 mihi

221 2256 381 2319 Opus
422 2255 563 2300 non
604 2244 741 2310 est,
785 2234 893 2297 sed
935 2233 1072 2314 ipse
1124 2233 1280 2295 mihi
1328 2233 1598 2312 adporto
1649 2231 1755 2311 (6).
1797 2255 1825 2289 ι)

227 2341 392 2401 Haec
439 2335 930 2401 exercitationis
966 2335 1158 2394 virtus
1186 2351 1331 2394 cum
1370 2333 1615 2406 ceteris,
1665 2348 1827 2411 quae

231 2440 316 2500 de
339 2440 604 2501 Macario
637 2435 947 2516 Aegyptio
969 2434 1391 2514 percepimus,
1412 2433 1650 2512 optime
1679 2449 1829 2494 con-

231 2541 434 2602 sentit.

310 2689 334 2717 ει
375 2659 782 2742 Paphnutius
819 2657 1030 2731 abbas,
1066 2654 1317 2718 Macarii
1355 2653 1597 2716 abbatis
1634 2652 1824 2714 disci-

215 2763 434 2842 pulus,
495 2760 744 2833 retulit,
787 2775 1002 2819 senem
1059 2754 1612 2828 dixissezouando
1667 2770 1826 2833 puer

213 2884 416 2938 eram,
452 2863 733 2927 buculas
761 2877 902 2922 cum
931 2858 1067 2920 aliis
1095 2857 1308 2937 pueris
1329 2854 1688 2936 pascebam,
1717 2854 1826 2932 qui

217 2968 658 3043 perrexerunt
695 2961 970 3021 furatum
1009 2957 1182 3018 ﬁcus.
1220 2956 1508 3032 Dumque
1539 2959 1822 3026 currunt,

217 3082 340 3126 una
376 3082 458 3124 ex
487 3064 570 3124 iis
605 3059 859 3129 cecidit,
891 3073 1080 3136 quam
1110 3054 1337 3117 tollens
1359 3050 1629 3114 comedi.
1654 3053 1823 3123 Quo-

217 3167 335 3227 tias
353 3166 556 3243 igitur
587 3162 686 3222 rei
717 3161 852 3222 eius
879 3156 1182 3220 memoria
1210 3154 1394 3227 redit,
1427 3151 1685 3232 plorans
1721 3168 1820 3212 se-

213 3265 340 3327 deo
369 3266 489 3344 (7).
535 3288 566 3318 ι
615 3263 707 3322 De
750 3257 1106 3340 Paphnutio
1143 3253 1392 3318 Macarii
1427 3253 1666 3315 abbatis
1704 3252 1828 3313 dis.

202 3368 436 3447 cipulo
465 3364 846 3428 monuimus
868 3360 972 3440 (8).

297 3491 477 3550 Haec
525 3483 794 3565 quidem
849 3481 926 3544 de
959 3477 1226 3541 Macario
1261 3472 1572 3552 Aegyptio
1611 3472 1828 3531 insunt

204 3583 810 3668 ApOpbthegmatis
847 3599 884 3644 a
918 3579 1223 3642 Cotelerio
1265 3575 1448 3638 editis
1495 3591 1546 3635 s.
1582 3591 1647 3632 v.
1678 3573 1824 3633 Ma-

207 3691 437 3749 carius
490 3686 868 3765 Aegyptius.
924 3681 1045 3744 Sed
1093 3676 1404 3741 evolventi
1436 3672 1592 3735 mihi
1618 3679 1827 3734 cetera

223 3789 861 3868 Ap0phthegmatum
882 3783 1086 3862 capita
1113 3780 1314 3840 tribus
1347 3776 1484 3838 aliis
1514 3773 1672 3836 locis
1704 3775 1828 3833 Ma-

227 3891 414 3963 carii,
439 3899 504 3950 ut
531 3889 810 3960 videtur,
839 3882 1126 3963 Aegyptii
1146 3878 1382 3942 mentio
1414 3875 1686 3939 occurrit
1717 3873 1820 3953 (9t.

225 3995 401 4064 Quos
434 3989 701 4070 quidem
729 3986 906 4048 locos
935 3998 1124 4062 supra
1157 3981 1280 4042 iam
1307 3976 1717 4056 cognovimus
1743 3983 1830 4034 at-

227 4108 354 4171 que
389 4086 834 4150 recensuimus
865 4082 1012 4166 (10).

311 4213 482 4287 165
510 4218 538 4290 §
572 4211 674 4274 39.
706 4211 795 4271 De
824 4207 1091 4271 Macario
1117 4201 1539 4266 Alexandrino
1571 4201 1635 4261 in
1666 4204 1829 4281 Apo-

303 4438 385 4507 (I)
428 4436 676 4490 Coteler.
727 4433 760 4485 I.
818 4469 834 4484 .
875 4447 928 4500 p.
961 4430 1065 4484 540
1096 4428 1122 4500 §
1151 4426 1410 4490 XXVIII,
1444 4428 1588 4482 infra
1625 4428 1681 4482 in
1716 4428 1828 4496 Ap-

229 4533 404 4601 pend.
436 4531 476 4581 I.

301 4625 386 4692 (ξ)
431 4620 521 4675 cr.
551 4618 580 4689 ξ
610 4618 676 4671 19
716 4634 768 4686 p.
797 4616 886 4670 75.

306 4720 389 4788 (5)
430 4714 673 4769 Coteler.
724 4712 758 4764 l.
804 4710 839 4763 I.
872 4725 922 4778 p.
958 4707 1060 4760 649
1096 4722 1142 4759 s.
1192 4723 1243 4759 ν.
1284 4704 1621 4758 Pavhuutius
1663 4705 1689 4774 §
1735 4703 1825 4757 IV.

236 4813 500 4865 Cassian.
525 4806 669 4860 Coll.
710 4801 798 4864 III,
834 4803 881 4854 I.

311 4907 388 4975 (ι)
431 4901 581 4957 Ilist.
628 4899 793 4954 Laus.
833 4898 922 4952 ed.
957 4893 1160 4948 Mcurs.
1197 4908 1318 4963 cap.
1347 4892 1418 4946 65
1450 4891 1589 4962 Opp.
1625 4891 1828 4946 ltleurs.

249 5002 284 5049 1.
317 5001 356 5052 I.
383 5015 443 5068 p.
490 4995 603 5051 524
634 5010 724 5063 sq.
785 4987 1344 5044 Animadvertendum
1389 4992 1503 5045 est,
1553 4985 1607 5038 in
1649 4987 1830 5052 capite

251 5093 319 5144 de
346 5088 663 5159 Paphnutio
710 5082 1006 5137 Historiam
1039 5078 1369 5133 Lausiacam
1409 5077 1659 5130 codicum
1699 5075 1830 5129 Viu-

254 5179 660 5234 doboneusium
697 5190 727 5226 a
770 5172 1081 5227 Meursiana
1125 5171 1197 5224 ita
1229 5168 1470 5228 differre.
1493 5176 1552 5220 ut
1585 5169 1674 5220 vix
1720 5183 1831 5222 uno

190 5326 196 5332 _
250 5269 426 5324 verbo
451 5266 778 5324 consentiat.
801 5263 886 5318 Cf.
914 5260 1151 5315 Palladii
1180 5258 1476 5311 Historiam
1498 5257 1828 5311 Lausiacam

195 5339 198 5342 Ι
243 5365 324 5416 ad
356 5363 546 5416 codicis
602 5357 1020 5412 Vir'rdobonensis
1055 5358 1212 5424 fidem
1254 5374 1284 5408 α
1313 5356 1460 5409 nobis
1489 5356 1714 5409 breviter
1737 5355 1832 5408 de-

240 5455 517 5515 linealam,
573 5452 720 5506 infra
751 5451 881 5504 huic
930 5448 1158 5504 editioni
1210 5446 1485 5502 Historiae
1532 5445 1833 5501 Lausiacae

243 5547 644 5614 praepositam.

313 5639 392 5707 (5)
430 5637 676 5694 Coteler.
726 5633 766 5686 ἶ.
818 5632 855 5684 ι.
894 5646 948 5700 p.
983 5627 1146 5698 δάος
1191 5625 1398 5691 XXIX;
1447 5624 1589 5679 intra
1633 5625 1686 5677 in
1732 5623 1832 5692 Ap-

283 5731 401 5784 end.
443 5732 480 5785 I.

247 5744 551 5896 virgini-id.
586 5837 646 5892 p.
683 5815 787 5872 541
822 5813 848 5884 §
877 5809 1047 5871 XXX,
1079 5809 1221 5864 infra
1254 5812 1306 5864 in
1339 5807 1591 5879 Append.
1629 5807 1668 5858 I.

291 5893 373 5986 (7)
409 5912 553 5970 Ibid.
590 5924 653 5980 ρ.
685 5902 798 5960 546
828 5899 856 5971 §
891 5897 1159 5962 xxxv",
1195 5898 1338 5952 infra
1384 5898 1440 5952 in
1469 5893 1721 5968 Append.
1754 5893 1793 5948 ι.

3417 408 3520 464 151

429 528 464 559 ι.
539 507 1064 588 Paphnutius,
1120 529 1477 591 quanquam
1547 513 1822 576 Palladio
1855 523 1897 574 Α
1927 504 2349 585 phthegmatis
2377 521 2410 563 a
2445 503 2752 564 Cotelerio
2787 505 2967 565 editis
2998 505 3112 564 hac
3166 511 3290 564 tres
3322 503 3517 565 histo-

1934 606 2063 666 riae
2095 604 2452 664 referuntur
2481 623 2491 663 :

2016 730 2043 761 α
2085 707 2389 767 Macarius
2419 704 2694 769 πολιτικός
2729 706 2831 768 ille
2853 707 3044 768 abbas
3075 707 3417 786 aliquando
3439 705 3520 770 ad

1933 807 2241 869 secandos
2262 807 2609 886 palmarum
2647 825 2855 870 ramos
2885 808 3056 881 exiit,
3091 807 3388 869 fratribus
3423 807 3520 887 ip-

1932 923 2072 966 sum
2115 905 2581 969 comitantibus.
2623 908 2738 981 Qui
2786 908 2992 987 primo
3024 908 3125 969 die
3171 910 3229 970 ei
3275 927 3288 968 :
3330 908 3516 982 Veni,

1931 1007 2248 1086 inquiunt,
2282 1016 2481 1087 pater,
2528 1009 2858 1072 nobiscum
2891 1009 3178 1071 comede.
3241 1009 3519 1072 Accessit

1930 1108 2122 1185 igitur
2150 1108 2257 1170 ille
2302 1116 2363 1170 et
2397 1111 2694 1172 comedit.
2733 1109 2942 1171 Altero
2981 1127 3127 1170 eum
3160 1109 3262 1171 die
3288 1111 3518 1171 iterum

1932 1211 2176 1281 rogant,
2222 1213 2291 1266 ut
2337 1207 2647 1268 comedat.
2696 1209 2771 1267 At
2799 1207 2852 1266 is
2882 1224 3197 1268 renuens:
3229 1208 3378 1281 Vos,
3412 1209 3515 1268 in—

1932 1305 2089 1383 quit,
2136 1305 2262 1378 tilii,
2297 1306 2507 1366 cibum
2538 1307 2796 1367 sumatis
2845 1324 3102 1367 necesse
3130 1313 3256 1380 est;
3309 1306 3518 1369 adhuc

1933 1401 2102 1460 enim
2135 1419 2280 1463 caro
2316 1403 2495 1476 estis;
2533 1419 2651 1479 ego
2687 1420 2837 1464 vero
2866 1421 3034 1465 nunc
3066 1404 3215 1464 nolo
3247 1405 3518 1466 mandu-

1933 1517 2074 1561 care
2114 1500 2260 1580 (11).
2302 1526 2328 1554 υ
2360 1504 2528 1564 Ilaec
2571 1502 2832 1564 historia
2861 1505 2926 1564 in
2967 1505 3215 1566 duobus
3248 1507 3516 1586 Apoph-

1931 1599 2318 1676 thegmatum
2365 1602 2690 1664 codicibus
2725 1603 3320 1666 Vindobonensibus
3365 1624 3418 1667 s.
3448 1623 3516 1672 ν.

1931 1701 2255 1761 Macarius
2301 1700 2646 1781 Aegypti-us
2676 1711 2816 1782 post
2853 1705 3124 1778 §XXXII
3156 1722 3515 1784 perperam,

1931 1805 2000 1858 ut
2021 1800 2292 1879 quisque
2321 1799 2504 1862 facile
2529 1801 2840 1879 intelligit,
2865 1802 3098 1864 inserta
3121 1802 3347 1880 legitur
3369 1802 3514 1884 (12).

1934 1899 2334 1977 Quantopere
2372 1905 2581 1960 autem
2609 1899 2912 1960 Macarius
2945 1899 3406 1962 Alexandrinus
3435 1902 3521 1963 ci-

1932 1997 2028 2058 bis
2050 1997 2443 2073 absunuerit,
2469 2015 2503 2059 e
2529 1998 2804 2061 Palladio
2828 1999 3162 2061 didicimus
3179 1999 3295 2080 (13)
3313 2049 3327 2062 .

2015 2122 2041 2152 (ί
2060 2097 2363 2158 Macarius
2379 2098 2572 2160 abbas
2590 2100 2883 2160 convenit
2903 2099 3312 2161 Pachomium
3331 2101 3522 2162 abba-

1931 2200 2057 2257 tem
2069 2197 2692 2259 Tabennesiotarum.
2707 2200 2903 2270 Quem
2924 2199 3300 2262 Pachomius
3321 2200 3519 2261 inter-

1931 2312 2161 2374 rogans
2187 2315 2199 2358 :
2226 2297 2554 2376 Si,inquit,
2578 2298 2800 2359 fratres
2830 2298 3198 2377 disciplinae
3229 2299 3519 2360 ordinem

1931 2413 2060 2457 non
2089 2405 2358 2470 servant,
2383 2398 2703 2459 bonumne
2729 2406 2821 2458 est
2849 2398 3168 2477 corripere
3199 2395 3348 2459 eos?
3370 2400 3524 2459 Res-

1931 2494 2154 2572 pondit
2187 2494 2489 2555 Macarius
2541 2494 2734 2555 abbas
2767 2511 2779 2553 :
2817 2496 3053 2572 Castiga
3099 2501 3160 2555 et
3212 2495 3374 2556 iuste
3409 2512 3521 2556 eos

1928 2595 2157 2669 iudica,
2191 2595 2300 2674 qui
2329 2595 2441 2656 tibi
2483 2595 2936 2665 subiiciuntur;
2968 2603 3139 2656 extra
3165 2612 3317 2656 vero
3363 2595 3524 2657 iudi-

1930 2695 2166 2757 caveris
2196 2696 2550 2768 neminem;
2587 2713 2730 2756 nam
2781 2697 3084 2775 scriptum
3113 2704 3206 2758 est
3240 2716 3252 2757 :
3295 2700 3519 2760 Nonne

1930 2796 2008 2857 de
2047 2796 2145 2871 iis,
2169 2797 2280 2876 qui
2324 2796 2492 2857 intus
2522 2804 2689 2869 sunt,
2716 2813 2826 2857 vos
2849 2796 3178 2858 iudicatis?
3204 2800 3354 2859 Nam
3382 2816 3516 2872 eos,

1930 2895 2040 2975 qui
2073 2895 2224 2957 foris
2253 2902 2420 2971 sunt,
2444 2896 2607 2956 Deus
2639 2895 2937 2958 iudicabit
2964 2897 3108 2978 (14).
3132 2922 3156 2950 ››
3185 2897 3520 2958 Macarium

1931 2995 2417 3059 Alexandrinum
2481 3013 2626 3057 cum
2691 2995 3031 3057 Pachomio
3109 3013 3522 3074 congressum

1933 3115 2092 3169 esse,
2127 3116 2159 3159 a
2198 3097 2472 3159 Palladio
2524 3097 2885 3177 accepimus
2937 3097 3078 3178 (15).
3136 3101 3423 3159 Ceterum
3484 3115 3522 3160 e

1852 3203 1894 3260 ϐ
1929 3197 2250 3277 colloquio
2316 3197 2435 3260 isto
2504 3197 2715 3259 denuo
2797 3199 3120 3278 probatur,
3183 3198 3520 3260 Macarium

1930 3297 2417 3360 Alexandrinum
2443 3297 2568 3359 iam
2597 3304 2740 3360 ante
2771 3317 3006 3360 annum
3036 3298 3174 3374 348,
3210 3316 3338 3377 quo
3387 3301 3526 3379 qui-

1931 3398 2076 3460 dem
2115 3404 2398 3460 mortuus
2420 3404 2516 3460 est
2548 3397 2947 3472 Pachomius,
2977 3417 3106 3460 non
3139 3400 3364 3477 exigua
3393 3401 3522 3462 vir-

1932 3496 2078 3557 tutis
2109 3502 2169 3556 et
2194 3512 2485 3558 asceseos
2513 3495 2678 3558 fama
2711 3496 3083 3558 excelluisse
3108 3495 3253 3575 (16).

2011 3595 2314 3658 Macarius
2341 3596 2532 3658 abbas
2554 3595 2894 3676 aliquando
2915 3615 3030 3675 per
3057 3603 3330 3674 quatuor
3353 3597 3521 3660 inte-

1935 3713 2080 3774 gros
2115 3713 2365 3758 menses
2398 3697 2680 3776 quotidie
2712 3696 2996 3757 visitabat
3025 3695 3280 3757 fratrem
3315 3715 3523 3776 quen-

1936 3799 2103 3872 dam,
2138 3815 2346 3878 neque
2375 3815 2682 3877 unquam,
2732 3815 2813 3858 ne
2872 3796 3067 3858 semel
3111 3798 3390 3876 quidem,
3421 3800 3524 3860 in-

1936 3897 2105 3958 venit
2145 3915 2288 3958 eum
2335 3906 2657 3959 vacantem
2698 3898 2776 3958 ab
2824 3896 3130 3958 oratione.
3170 3897 3527 3960 Admiratus

1936 3999 2125 4076 igitur
2167 3999 2321 4060 dixit
2369 4017 2381 4059 :
2416 4001 2598 4066 Ecce.
2648 3998 2958 4063 terrestris
2997 3998 3259 4076 angelus
3295 3997 3452 4080 (l7)!
3492 4024 3521 4055 ι)

1936 4098 2311 4160 Cellularum
2342 4099 2638 4161 monachi
2669 4099 2896 4177 singuli
2918 4099 2983 4160 in
3021 4099 3196 4161 cellis
3222 4100 3528 4179 degentes

1937 4198 2070 4260 sola
2101 4199 2202 4261 die
2239 4200 2480 4262 sabbati
2511 4206 2572 4260 et
2612 4199 2928 4261 dominica
2988 4203 3144 4276 165
3185 4201 3529 4264 convenire

2015 4426 2092 4494 (8)
2128 4424 2289 4479 Modo
2324 4441 2378 4495 p.
2409 4424 2531 4478 162.
2574 4435 2688 4478 not.
2724 4425 2776 4478 7.

2012 4517 2089 4585 (9)
2140 4516 2375 4572 Coteler.
2418 4517 2454 4568 I.
2493 4517 2530 4568 1.
2565 4514 2629 4569 'I'.
2669 4511 2686 4567 1
2738 4532 2790 4584 p.
2828 4514 2955 4570 572.
2997 4516 3120 4572 445.
3153 4517 3280 4572 451.
3334 4534 3382 4574 s.
3434 4535 3524 4575 vv.

1939 4609 2185 4680 Agat/ton
2240 4608 2267 4679 §
2307 4609 2344 4673 l,
2398 4606 2694 4662 Zacharias
2741 4607 2768 4677 §
2818 4607 2858 4671 1,
2899 4607 3205 4664 Theodorus
3242 4610 3528 4666 Phermen-

1862 4667 2137 4772 θείέξι

2005 4793 2118 4860 (10)
2157 4789 2334 4861 Supra
2369 4790 2493 4861 §52
2526 4806 2579 4860 p.
2613 4789 2736 4844 151.
2773 4789 2892 4847 118.
2931 4791 3055 4845 150.

2004 4883 2116 4950 (11)
2151 4881 2391 4934 Coteler.
2420 4879 2570 4934 Eccl.
2603 4877 2794 4934 Graec.
2834 4879 2978 4932 Mon.
3032 4879 3094 4932 T.
3125 4880 3143 4933 I
3181 4897 3226 4934 s.
3262 4881 3367 4934 572
3389 4897 3432 4937 s.
3469 4901 3519 4938 ν.

1934 4971 2208 5028 Macarius
2244 4974 2551 5038 πολιτικός
2579 4988 2672 5026 seu
2709 4972 2923 5026 urbicus
2965 4972 3012 5043 §.
3047 4971 3102 5039 I;
3146 4973 3290 5026 infra
3328 4975 3381 5027 in
3425 4977 3522 5028 ha-

1933 5079 2054 5116 rum
2084 5064 2475 5130 Quaestionum
2499 5063 2813 5133 Appendice
2846 5065 3015 5118 altera
3044 5067 3146 5118 sub
3172 5064 3236 5118 ν.

2006 5155 2116 5223 (19.)
2151 5153 2383 5208 Codices
2409 5155 2752 5211 laudavimus
2781 5170 2944 5224 supra
2970 5156 2996 5225 §
3027 5155 3084 5208 11
3124 5172 3178 5225 p.
3213 5157 3282 5212 55
3324 5171 3437 5213 not.
3467 5159 3522 5214 2.

1934 5263 1988 5317 p.
2031 5247 2100 5299 56
2143 5256 2264 5299 not.
2304 5249 2354 5299 I.

2007 5339 2118 5406 (15)
2149 5337 2325 5407 Supra
2352 5354 2472 5408 cap.
2497 5339 2582 5391 III.

2007 5430 2120 5500 (M)
2161 5430 2399 5485 Coteler.
2438 5431 2474 5484 l.
2509 5431 2549 5484 I.
2587 5445 2642 5499 p.
2675 5429 2780 5484 575
2809 5428 2834 5501 §
2862 5429 2936 5497 Il;
2985 5433 3124 5487 infra
3185 5435 3238 5488 in
3271 5435 3519 5504 Appcud.

1935 5525 1971 5578 1.
2003 5524 2108 5578 sub
2135 5521 2199 5574 V.
2231 5522 2314 5576 Cf.
2349 5521 2520 5578 ICor.
2554 5523 2608 5584 5,
2642 5522 2731 5578 1‘2.
2768 5523 2852 5576 15.

2010 5612 2121 5683 (15)
2154 5611 2238 5666 Cf.
2278 5627 2442 5670 supra
2475 5627 2528 5682 p.
2565 5611 2655 5666 7t).
2677 5609 2748 5665 86
2775 5628 2858 5682 sq.

2008 5706 2120 5777 (I6)
2145 5704 2226 5760 CI.
2256 5719 2422 5774 supra
2453 5719 2506 5774 p.
2533 5704 2603 5760 86
2635 5719 2721 5773 sq.

2010 5796 2124 5866 (I7)
2155 5795 2387 5852 Coteler.
2419 5796 2456 5850 ι.
2493 5797 2528 5851 1.
2565 5811 2619 5867 p.
2647 5795 2750 5852 575
2781 5793 2809 5865 §
2844 5793 2952 5861 III;
2989 5795 3131 5850 infra
3184 5797 3239 5851 in
3266 5796 3516 5868 Append.

1938 5889 1975 5943 I.
2008 5887 2114 5945 sub
2141 5885 2204 5943 γ.
