4046 6448
653 397 757 453 I55

648 489 935 550 solebant
975 487 1042 546 in
1083 485 1345 548 ecclesia
1382 486 1462 566 (t)
1497 505 1512 559 ;

652 605 918 649 numero
939 587 1041 648 ille
1063 586 1252 647 frater
1272 587 1408 661 fuit,
1441 605 1629 666 quem
1652 588 1954 648 Macarius
1975 586 2234 646 Alexan-

652 689 869 750 drinus
889 687 1256 748 Cellularum
1285 689 1611 767 presbyter
1636 695 1726 748 tot
1748 705 1996 748 menses
2016 687 2228 766 quoti-

653 787 753 850 die
781 787 998 849 adiens
1027 805 1278 867 semper
1308 795 1590 850 orantem
1612 787 1870 848 invenit.

729 909 1043 989 Expositis
1065 908 1250 985 igitur
1271 909 1369 983 iis,
1394 926 1552 988 quae
1583 900 1648 969 in
1671 906 2230 987 ApOphthegmatis

650 1007 774 1070 illis
811 1009 889 1069 de
928 1009 1194 1070 Macario
1235 1009 1655 1070 Alexandrino
1700 1003 2122 1088 reperiuntur,
2151 1009 2228 1068 ad

653 1107 1069 1187 appendicem
1090 1108 1701 1187 Apophthegmatum
1717 1107 2013 1170 ineditam
2034 1115 2232 1168 trans-

652 1210 746 1270 ire
775 1209 1007 1271 licebit.

735 1337 762 1406 §
791 1333 883 1393 40.
917 1335 1159 1394 Etenim
1181 1334 1244 1394 in
1267 1350 1337 1394 ea
1357 1331 1731 1412 appendice,
1748 1331 1926 1393 cuius
1947 1330 2231 1393 codicem

654 1432 718 1492 in
751 1432 1125 1494 bibliotheca
1156 1436 1452 1494 Caesarea
1475 1432 1948 1493 Vindobonensi
1979 1432 2101 1493 adii
2123 1432 2227 1511 (2),

655 1538 778 1592 tres
809 1531 1100 1593 historiae
1132 1533 1211 1593 de
1251 1533 1519 1593 Macario
1552 1539 1816 1604 exstant,
1852 1549 2115 1610 quarum
2141 1532 2233 1592 ul-

656 1629 865 1690 timam
899 1629 976 1690 de
1011 1636 1261 1690 mortuo
1298 1629 1375 1689 ad
1413 1627 1825 1689 refellendum
1858 1628 2229 1689 IIieracitam

656 1727 1040 1789 haereticum
1086 1747 1122 1790 a
1192 1729 1457 1789 Macario
1516 1729 1823 1807 Aegyptio
1866 1730 2230 1790 resuscitato

657 1847 800 1888 cum
851 1828 1190 1890 lectoribus
1251 1828 1848 1890 communicavimus
1897 1827 2003 1907 (3).
2059 1828 2231 1890 Reli-
2267 1832 2309 1886 Β

656 1947 843 2007 quae,
873 1947 1136 2008 quarum
1174 1948 1296 1990 una
1343 1930 1406 1990 in
1443 1929 1680 1991 codicis
1717 1929 1828 1991 fol.
1872 1929 2004 2003 148,
2043 1929 2233 1990 altera

658 2030 767 2091 fol.
803 2029 935 2100 161,
975 2031 997 2090 1
1037 2030 1320 2101 habetur,
1362 2029 1550 2090 latine
1584 2028 1862 2089 redditae
1893 2028 2010 2090 hae
2043 2036 2186 2089 sunt
2219 2047 2232 2087 :

742 2153 767 2184 ε(
797 2129 957 2190 Dixit
990 2129 1290 2190 Macarius
1325 2127 1518 2188 abbas
1552 2145 1563 2185 :
1604 2125 1759 2198 Quid
1793 2126 2031 2186 iudicas
2051 2125 2240 2185 inter-

658 2228 929 2290 fectorcs
967 2234 1028 2288 et
1058 2226 1377 2288 adulteros
1409 2231 1470 2286 et
1493 2223 1975 2304 sepulchrorum
2005 2222 2241 2302 depila-

656 2335 851 2401 tores,
875 2333 935 2388 et
954 2327 1006 2386 si
1034 2327 1178 2406 quis
1203 2325 1361 2386 alius
1391 2323 1701 2386 eiusmodi
1749 2323 1904 2400 legis
1932 2321 2241 2383 violator?

659 2428 906 2488 Habent
952 2427 1224 2487 iudicem
1280 2443 1484 2486 suum.
1559 2426 1758 2484 Immo
1807 2423 2054 2503 inquire
2111 2441 2240 2484 non

657 2527 850 2588 modo
880 2527 944 2587 in
973 2525 1174 2587 aliena
1218 2525 1520 2598 facinora,
1554 2523 1664 2585 sed
1701 2524 1886 2585 etiam
1921 2524 1986 2584 in
2018 2524 2240 2584 delicta

658 2632 765 2686 tua
789 2642 979 2704 saepe
1009 2624 1481 2704 praemeditata,
1515 2631 1576 2684 et
1600 2630 1662 2684 te
1701 2624 1907 2702 ipsum
1937 2640 2242 2702 saepenu-

659 2741 835 2786 mero
865 2725 1146 2785 invenies
1177 2723 1299 2784 illis
1345 2723 1650 2802 peiorem.
1704 2725 1856 2784 Nam
1886 2729 1953 2783 tu
1984 2740 2241 2802 quoque

658 2826 907 2887 lascivis
954 2826 1152 2887 oculis
1206 2842 1337 2885 non
1395 2841 1536 2885 raro
1584 2824 2120 2904 circumspexisti;
2179 2825 2242 2886 id

664 2927 864 3007 quod,
894 2935 964 2987 ut
985 2928 1121 3006 ipse
1169 2927 1313 3000 scis,
1341 2943 1556 2986 verum
1578 2927 1701 2986 iam
1731 2932 1822 2986 est
1842 2926 2238 2988 adulterium.

660 3032 862 3108 Saepe
915 3029 1102 3089 etiam
1171 3027 1344 3088 fratri
1407 3036 1516 3088 tuo
1575 3027 1971 3101 maledixisti,
2034 3045 2241 3106 neque

659 3129 937 3207 ignoras,
962 3127 1076 3189 hac
1106 3127 1273 3188 dere
1296 3129 1630 3187 Dominum
1663 3127 1995 3201 revelasse,
2019 3128 2236 3189 dicen-

661 3240 789 3292 tem
843 3247 1161 3310 quemque
1217 3230 1295 3290 ad
1363 3230 1616 3290 fratrem
1670 3247 1852 3292 suum
1905 3253 1933 3285 ιι
1967 3228 2234 3304 fatue,»

662 3346 841 3391 reum
880 3346 1016 3388 esse
1057 3327 1386 3405 gehennae
1416 3327 1600 3404 ignis.
1638 3331 1862 3406 Atque,
1899 3327 2069 3405 quod
2109 3344 2242 3389 om-

661 3429 836 3490 nium
869 3427 1326 3490 atrocissimum
1365 3434 1479 3500 est,
1519 3426 1617 3486 vel
1654 3426 1950 3502 indignus
1978 3425 2239 3488 fortasse

659 3529 738 3590 ad
768 3535 980 3598 sancta
1009 3534 1070 3588 et
1097 3527 1464 3588 intemerata
1487 3526 1621 3587 eius
1644 3526 1937 3605 mysteria
1965 3525 2235 3600 accedis,

658 3629 741 3690 ita
785 3635 854 3689 ut
901 3645 1045 3690 reus
1090 3627 1200 3688 ﬁas
1241 3626 1605 3705 corporiset
1641 3625 1964 3703 sanguinis
1990 3625 2234 3686 Christi.

660 3730 770 3793 Ille
821 3731 1030 3807 igitur,
1072 3746 1261 3809 quem
1316 3727 1581 3802 iudicas,
1623 3745 1866 3788 merum
1914 3726 2239 3787 hominem

661 3831 965 3894 occidisse
1004 3829 1534 3910 deprehenditur;
1580 3836 1647 3890 tu
1696 3846 1844 3889 vero
1875 3827 2236 3907 deprehen-

660 3932 828 3994 deris
849 3931 1157 3991 Christum
1178 3930 1386 4009 ipsum
1411 3928 1706 3992 occidens
1724 3929 2072 4006 mortisque
2102 3926 2239 3988 eius

661 4050 831 4104 reus,
875 4048 1072 4111 quum
1099 4030 1396 4107 indignus
1437 4028 1773 4108 participes
1800 4029 2239 4089 intemeratum

660 4149 891 4210 corpus
924 4137 985 4191 et
1022 4130 1414 4207 sanguinem.
1468 4126 1648 4202 Legis
1683 4126 1849 4188 enim
1879 4143 1890 4184 :
1924 4126 2039 4198 Qui
2071 4125 2236 4186 indi-

661 4249 783 4310 gne
841 4230 1173 4291 manducat
1220 4236 1278 4289 et
1311 4227 1488 4301 bibit,
1526 4242 1671 4286 reus
1708 4231 1802 4286 est
1846 4225 2129 4304 corporis
2180 4231 2241 4286 et

661 4330 982 4405 sanguinis
1018 4329 1240 4389 Christi
1297 4335 1357 4390 et
1395 4326 1698 4389 iudicmm
1747 4325 1865 4386 sibi
1905 4325 2241 4386 manducat

661 4431 724 4485 et
762 4425 948 4498 bibit;
982 4425 1101 4486 hoc
1133 4431 1265 4486 est:
1303 4426 1474 4486 Sicut
1510 4424 1725 4486 Iudaei
1747 4423 1840 4483 illi
1873 4423 2240 4485 occiderunt

1498 394 1596 450 SS.
1630 393 2089 449 MACARIORUM
2136 391 2460 448 AEGYI’TII
2506 391 2588 445 ΕΤ
2634 390 3096 448 ΛιΕΧΑΝῡηιΝΙ
3826 401 3910 454 15-0

1568 505 1603 548 e
1656 505 1924 566 quorum
1969 486 2230 547 fortasse
2263 497 2307 549 Α
2337 485 2848 563 cruciﬁgentibus
2877 485 3186 546 Christum
3213 484 3529 547 iudicium
3555 501 3635 548 ex
3659 489 3910 558 Apostoli

2335 589 2540 650 verbis
2577 588 2896 648 subibunt.
2931 613 2958 642 »

2413 709 2444 741 α
2472 686 2634 746 Alias
2656 684 2983 746 confessus
3004 689 3096 745 est
3131 685 3440 746 Macarius
3472 684 3713 746 abbas:
3737 687 3909 758 Quun:

2332 785 2545 846 iunior
2575 802 2780 847 essem
2834 801 3127 862 curisque
3181 784 3247 845 in
3288 785 3452 846 cella
3499 803 3818 860 vacarem,
3864 788 3912 849 in

2335 902 2617 947 eremum
2650 884 2968 966 profectus
3000 902 3250 947 mecum
3278 894 3598 965 reputans
3628 885 3761 947 dixi
3787 905 3799 946 :
3829 888 3912 948 Cui

2334 985 2634 1058 occurris,
2674 1001 2819 1045 eum
2854 984 3167 1060 interroga
3209 1000 3326 1063 pro
3358 983 3647 1044 utilitate
3673 991 3800 1045 tua.
3845 991 3912 1046 At-

2335 1100 2460 1161 que
2490 1083 2824 1162 puerulum
2861 1083 3071 1144 inveni
3107 1083 3297 1144 bovcs
3336 1091 3748 1163 pascentem,
3780 1086 3872 1146 cui
3907 1106 3912 1144 :

2333 1183 2510 1256 Quid,
2537 1181 3077 1261 inquam,faciam,
3095 1183 3380 1262 puerule,
3409 1183 3572 1262 quia
3596 1183 3851 1245 esurio?
3874 1189 3912 1246 Ιε

2333 1282 2487 1343 mihi
2523 1300 2534 1342 τ
2564 1283 2856 1354 Comede,
2883 1282 3108 1361 inquit,
3133 1283 3409 1344 tandem.
3435 1285 3606 1343 Tum
3631 1302 3789 1362 ego:
3820 1287 3914 1344 Co-

2333 1382 2522 1456 medi,
2551 1383 2661 1443 sed
2688 1383 2913 1443 iterum
2937 1382 3170 1444 esurio.
3202 1387 3285 1444 Ac
3314 1401 3544 1444 rursus
3565 1382 3726 1444 mihi
3747 1384 3913 1444 dixit:

2332 1482 2728 1559 Ergoiterum
2743 1481 3026 1543 comede.
3047 1481 3340 1543 Similiter
3352 1489 3416 1543 et
3439 1499 3568 1558 ego
3593 1484 3913 1562 :Saepenu-

2332 1599 2533 1655 mero,
2555 1582 2838 1661 inquam,
2861 1581 3130 1655 comedi,
3149 1581 3498 1662 denuoque
3521 1600 3781 1662 semper
3804 1600 3913 1643 esu-

2333 1683 2448 1745 rio.
2473 1682 2563 1743 Ad
2587 1683 2742 1745 haec
2762 1683 2867 1744 ille
2891 1682 3250 1762 respondit:
3278 1685 3416 1743 Non
3441 1683 3723 1744 multum
3741 1684 3910 1756 abest,

2333 1790 2401 1844 ut
2436 1783 2647 1845 asinus
2681 1785 2787 1857 sis,
2828 1785 3010 1858 abba,
3046 1785 3284 1864 quippe
3315 1784 3426 1862 qui
3474 1802 3740 1864 semper
3772 1787 3909 1847 vesci

2339 1883 2510 1944 velis.
2557 1886 2773 1964 Itaque
2803 1891 3020 1946 nactus
3059 1884 3388 1946 utilitatem
3426 1885 3703 1947 discessi
3735 1885 3832 1966 (4).
3857 1911 3880 1940 ν

2415 2003 2543 2064 Etsi
2578 2002 2990 2082 perpulchrae
3020 2002 3137 2065 hae
3166 2003 3325 2064 duae
3366 2003 3684 2068 historiae
3715 2023 3908 2085 reapse

2339 2103 2589 2183 utrique
2619 2105 3028 2167 Maeariorum
3061 2105 3224 2166 bene
3253 2106 3681 2177 conveniunt,
3706 2106 3906 2167 tribue-

2338 2202 2458 2264 rim
2493 2210 2698 2265 tamen
2739 2222 2842 2266 eas
2888 2205 3233 2284 Aegyptio;
3275 2213 3338 2268 et
3369 2205 3646 2268 alteram
3679 2208 3904 2286 quidem

2341 2312 2598 2384 propter
2624 2305 3095 2366 similitudinem
3117 2307 3442 2368 doctrinae
3468 2327 3620 2370 cum
3661 2308 3904 2370 homiliis

2342 2404 2500 2476 eius,
2521 2404 2774 2466 alteram
2805 2406 3098 2484 obipsius
3125 2423 3355 2467 nexum
3378 2427 3532 2470 cum
3557 2409 3812 2473 historia
3844 2411 3905 2470 de

2341 2513 2588 2566 mortuo
2609 2506 2686 2566 ad
2708 2505 3116 2567 refellendum
3135 2507 3516 2570 Hieracitam
3539 2511 3899 2581 resuscitato,

2342 2621 2503 2682 quae
2533 2604 2598 2664 in
2629 2604 2844 2665 codice
2868 2605 3151 2683 proxime
3173 2605 3510 2669 subiuncta
3541 2609 3624 2669 ad
3663 2608 3896 2669 eundem

2340 2705 2675 2766 Macarium
2705 2705 2958 2784 respicit
2991 2705 3097 2785 (5).

2424 2828 2451 2900 §
2493 2825 2589 2886 41.
2621 2828 2944 2906 Superest,
2966 2834 3035 2887 ut
3061 2827 3212 2888 vitas
3232 2827 3506 2890 aliorum
3531 2832 3891 2898 Sanctorum,

2341 2925 2408 2985 in
2445 2926 2674 3004 quibus
2713 2928 3120 2988 Maeariorum
3165 2939 3532 2993 nostrorum
3570 2934 3800 2994 mentio
3826 2934 3891 3001 fit,

2341 3026 2792 3087 examinemus.
2829 3030 3024 3098 Quem
3051 3028 3118 3088 in
3157 3029 3345 3091 finem
3374 3032 3628 3111 singula
3662 3033 3893 3094 volumi-

2343 3143 2423 3188 na
2455 3130 2576 3188 AA.
2615 3130 2718 3188 SS.
2744 3128 3028 3190 Bollandi
3057 3130 3390 3207 diligenter
3421 3135 3786 3206 evolvimus,
3807 3131 3891 3193 sed

2340 3223 2578 3286 fructus
2608 3243 2845 3304 paucos
2874 3229 3294 3306 percepimus.
3327 3233 3642 3295 Macarius
3660 3235 3891 3294 Alexan-

2341 3325 2557 3387 drinus
2590 3327 2657 3387 in
2697 3329 2819 3388 fine
2855 3328 3155 3408 epistolae
3202 3354 3230 3385 α
3264 3335 3598 3396 Ammonis
3647 3332 3889 3413 episcopi

2339 3425 2418 3487 ad
2462 3425 2881 3506 TheOphilum
2931 3445 3154 3508 papam
3194 3429 3613 3495 Alexandriae
3653 3433 3728 3493 de
3766 3448 3891 3493 con-

2340 3525 2691 3585 versatione
2735 3532 2796 3586 et
2840 3526 3194 3604 particulari
3235 3529 3357 3590 vita
3395 3533 3460 3591 S.
3500 3530 3805 3593 Pachomii
3845 3534 3891 3587 et

2339 3622 2656 3684 Theodori
2688 3646 2716 3679 ν
2759 3632 3162 3699 memoratur,
3204 3627 3314 3688 ubi
3349 3647 3498 3692 cum
3540 3632 3721 3693 beato
3751 3628 3886 3695 Pior,

2340 3721 2700 3795 Aelurione,
2730 3723 3062 3784 Ammonio
3108 3733 3169 3784 et
3202 3725 3470 3802 Isidoro,
3512 3726 3887 3790 anachoreta-

2341 3839 2479 3883 rum
2513 3822 2794 3884 omnium
2817 3823 3282 3902 antiquissimo,
3312 3827 3502 3888 etiam
3535 3828 3741 3888 beatus
3766 3824 3885 3884 Μα-

2340 3923 2550 3982 carius
2569 3923 2645 3983 iis
2668 3922 3136 3998 adnumeratur,
3164 3943 3326 4004 quos
3359 3926 3425 3988 in
3447 3936 3662 3991 monte
3692 3923 3884 3986 Nitriae

2339 4022 2704 4085 Ammonius
2745 4022 3086 4103 cpisc0pus
3146 4025 3380 4088 viderat
3430 4035 3492 4089 et
3543 4037 3882 4104 magnOpere

2339 4123 2678 4184 admiratus
2713 4131 2845 4184 erat
2889 4123 2946 4204 (6
2957 4141 3006 4199 );
3044 4125 3377 4187 Macarium
3427 4129 3620 4206 igitur
3651 4125 3883 4186 Alexan-

2341 4226 2590 4286 drinum
2607 4225 3082 4302 intelligendum
3107 4244 3243 4290 esse
3263 4229 3768 4292 verisimillimum
3790 4229 3880 4283 est.

2342 4328 2671 4387 Praeterea
2701 4326 2865 4387 inter
2899 4327 3193 4406 reliquias
3213 4329 3519 4393 ecclesiae
3540 4322 3882 4392 Senonensis

2345 4427 2503 4498 167
2560 4426 2810 4487 Macarii
2847 4427 3086 4489 abbatis
3137 4440 3548 4494 recensentur
3595 4425 3879 4507 reliquiae.

661 4542 831 4598 eum,
863 4525 947 4585 ita
969 4532 1031 4586 et
1053 4525 1118 4597 ii,
1145 4525 1252 4602 qui
1271 4524 1507 4602 indigni
1536 4541 1767 4604 corpus
1785 4530 1846 4584 et
1867 4524 2235 4601 sanguinem
2271 4512 2314 4568 ἶ)
2343 4537 2504 4598 quae
2524 4541 2672 4584 num
2700 4524 3056 4588 alterutrius
3085 4544 3158 4588 ex
3195 4530 3423 4591 nostris
3458 4527 3730 4592 Macariis
3762 4522 3879 4588 sint.

661 4628 798 4688 eius
829 4633 1106 4697 sumunt,
1128 4626 1295 4687 idem
1361 4626 1616 4688 faciunt.
1665 4627 1816 4687 Nam
1859 4625 2239 4686 verisimilli-

660 4746 833 4790 mum
870 4735 986 4801 est,
1024 4735 1085 4788 et
1113 4744 1281 4798 eum,
1306 4728 1415 4805 qui
1447 4744 1791 4806 purpuram
1821 4726 2058 4804 regiam
2081 4725 2244 4787 scin-

661 4831 788 4898 dat,
817 4834 878 4888 et
895 4827 1005 4906 qui
1025 4844 1162 4886 eam
1187 4826 1475 4900 maculet,
1499 4831 1660 4901 166
1681 4825 1944 4887 eandem
1969 4835 2240 4886 mortem

660 4927 811 5007 pati.
852 4925 1032 4986 Unde
1065 4932 1126 4986 et
1158 4924 1268 5004 qui
1303 4941 1534 5003 corpus
1571 4925 1705 4984 eius
1732 4923 2070 5002 aliquando
2102 4942 2244 5003 per-

657 5029 960 5098 forarunt,
993 5034 1054 5087 et
1090 5025 1200 5104 qui
1235 5042 1400 5085 nunc
1442 5024 1773 5103 inquinant
1799 5023 1976 5097 illud,
2000 5025 2239 5104 quippe

658 5123 902 5202 impura
928 5124 1135 5201 ipsum
1170 5129 1379 5182 mente
1415 5121 1859 5201 percipientes,
1890 5121 2058 5182 idem
2093 5139 2233 5183 cum

731 5321 806 5393 (1)
834 5318 946 5373 γν.
980 5320 1081 5374 PP.
1115 5319 1296 5376 Rosw.
1332 5321 1428 5374 lib.
1463 5319 1504 5372 11
1531 5337 1653 5392 cap.
1680 5321 1752 5376 22
1773 5335 1824 5390 p.
1852 5320 1977 5382 478,
2007 5320 2028 5372 1
2055 5319 2230 5384 ;Hist.

658 5409 826 5464 Laus.
865 5407 931 5463 ed
955 5407 1155 5462 Ileurs.
1181 5425 1300 5476 cap.
1332 5410 1397 5464 70
1415 5410 1554 5480 Opp.
1584 5411 1784 5466 Meurs.
1822 5409 1914 5463 lib.
1960 5408 1980 5460 ι
2025 5425 2078 5479 p.
2104 5409 2230 5465 53:2.

657 5501 740 5557 Cf.
766 5516 932 5572 supra
955 5499 1070 5571 §28
1093 5515 1148 5570 p.
1179 5501 1300 5554 H7.

726 5594 800 5664 (‘2)
827 5591 984 5646 Ilanc
1010 5591 1367 5662 appendicem
1393 5592 1789 5663 descripsimus
1817 5606 1982 5662 supra
2013 5591 2040 5662 §
2073 5592 2130 5645 11
2172 5607 2225 5660 p.

657 5683 744 5745 56,
776 5683 1020 5738 codicem
1057 5683 1188 5736 ibid.
1213 5692 1324 5736 not.
1359 5684 1410 5736 1.

727 5775 804 5846 (5)
837 5773 1014 5840 Supra
1052 5773 1078 5842 ᾗ
1112 5775 1195 5828 11.
1223 5790 1275 5844 p.
1311 5777 1378 5829 49
1414 5790 1535 5843 sqq.

727 5865 802 5938 μ)
829 5863 1058 5918 Textum
1078 5879 1331 5933 graecum
1360 5882 1390 5922 e
1411 5867 1600 5920 codice
1625 5864 1959 5933 descriptum
1989 5863 2124 5933 legis
2146 5864 2230 5917 in-

2342 4628 2513 4684 certo
2546 4623 2756 4686 dicere
2796 4627 3021 4705 nequis
3048 4627 3153 4708 (7).
3197 4631 3435 4691 Rursus
3463 4628 3703 4692 Macarii
3729 4638 3879 4685 men-

2343 4721 2430 4782 tio
2468 4723 2534 4784 fit
2567 4724 2634 4784 in
2671 4725 2794 4786 vita
2849 4727 3003 4788 Iusti
3045 4729 3326 4809 epiSCOpi
3369 4725 3787 4810 Lugdunensis
3819 4720 3880 4780 ab

2343 4835 2663 4899 anonymo
2708 4825 2985 4902 quodam
3032 4826 3366 4907 descripta,
3409 4849 3568 4909 quae
3606 4819 3814 4908 prodiit
3851 4831 3879 4874 0

2349 4920 2570 4982 codice
2598 4923 2845 4984 XXXIII
2867 4926 3143 5003 Reginae
3169 4929 3453 4991 Sueciae.
3498 4933 3697 4990 Iustus
3741 4917 3878 4980 enim

2349 5020 2686 5101 episcopus
2705 5036 2973 5087 exeunte
2987 5045 3150 5089 saec.
3169 5029 3246 5089 IV
3266 5035 3608 5111 Aegyptum
3630 5022 3874 5107 petierat.

2345 5120 2416 5180 In
2460 5120 2638 5182 cuius
2659 5124 2780 5185 vita
2823 5127 3091 5206 scriptor
3126 5129 3488 5208 incognitus
3528 5133 3676 5192 haec
3722 5117 3876 5183 ver

2345 5318 2425 5372 ira
2456 5319 2510 5372 in
2535 5318 2731 5374 harum
2758 5321 3155 5388 Quaestionum
3185 5329 3500 5398 Appendice
3528 5327 3702 5400 priore
3731 5308 3870 5376 subV

2343 5410 2463 5466 1.2.

2411 5501 2488 5570 (5)
2523 5499 2654 5557 Eius
2679 5510 2866 5558 textus
2889 5519 3118 5573 graecus
3164 5508 3366 5577 legitur
3409 5528 3440 5566 e
3481 5511 3658 5567 codice
3694 5491 3868 5558 descri-

2340 5598 2468 5660 ptus
2489 5589 2631 5644 infra
2659 5593 2715 5646 in
2747 5593 2940 5648 barum
2964 5596 3362 5662 Quaestionum
3383 5601 3682 5674 Appendirc
3714 5587 3864 5662 priore

2343 5683 2445 5736 sub
2478 5680 2540 5747 V,
2581 5683 2636 5737 5.
3395 5683 3403 5692 ’

2410 5773 2488 5843 (6)
2524 5776 2634 5829 AA.
2679 5776 2779 5831 ss.
2820 5778 2949 5832 Boll.
2994 5780 3118 5834 Mai.
3163 5779 3228 5836 T.
3273 5781 3338 5836 In
3379 5801 3434 5854 p.
3472 5785 3610 5839 557-

2408 5866 2486 5937 (7)
2525 5866 2658 5922 Ibid.
2701 5869 2906 5924 δίδη.
2948 5871 3035 5923 vn
3075 5890 3126 5942 p.
3173 5875 3290 5940 l3l,
3327 5875 3386 5929 Ρ.
