4046 6450
262 385 342 443 ιω

1709 389 1942 446 VITAE.

3346 407 3449 462 158

267 497 417 560 facit:
455 517 480 551 α
522 496 648 573 Ego
708 499 910 556 autem
954 495 1086 576 ipse
1126 502 1410 559 sanctum
1461 499 1776 578 quendam
1813 511 1850 562 Α
1883 504 2105 577 Pater,
2183 522 2302 582 ego
2365 523 2400 568 a
2452 514 2511 568 te
2584 508 2727 571 volo
2798 511 3109 574 benedici.
3172 516 3454 597 Cumque

265 597 634 680 presbyterum
679 612 883 675 paene
907 597 1025 658 iam
1069 599 1560 675 nonagenariam
1599 609 1768 661 aeta-

266 706 361 760 tem
393 703 656 773 agentem
695 695 841 769 vidi,
865 697 1036 758 cuius
1070 697 1226 759 mihi
1269 697 1573 760 relatione
1617 699 1770 762 haec

262 802 522 875 comperta
573 802 759 868 sunt;
800 813 935 856 nam
973 796 1039 856 in
1089 814 1380 858 sermone
1418 798 1553 859 eius
1593 800 1772 878 quasi

267 903 455 956 sanctae
482 893 775 954 historiae
802 893 949 954 ﬁdes
970 894 1192 955 inerat.
1225 894 1582 969 Referebat,
1613 914 1680 958 se
1704 898 1770 958 in

266 995 354 1054 illis
373 995 542 1054 eremi
571 996 849 1074 partibus
877 994 982 1055 diu
1013 1001 1324 1056 moratum
1378 995 1594 1068 fuisse,
1651 1013 1769 1058 nec

270 1093 410 1154 solum
433 1093 656 1154 vidisse
692 1094 1023 1155 beatissimi
1057 1095 1330 1156 nominis
1360 1098 1622 1170 Iustum,
1658 1096 1771 1158 sed

263 1195 391 1253 etiam
417 1192 817 1254 familiaritate
840 1194 972 1254 eius
993 1210 1176 1254 usum
1192 1192 1409 1267 fuisse,
1429 1211 1500 1255 ac
1522 1195 1766 1272 magni-

259 1294 393 1354 ﬁcum
419 1295 775 1374 apparuisse
805 1295 967 1354 inter
994 1293 1159 1367 illos,
1210 1295 1319 1373 qui
1345 1301 1495 1356 tunc
1519 1295 1587 1356 in
1624 1312 1766 1357 ere-

249 1411 325 1454 mo
354 1395 815 1456 revelationibus
870 1404 1058 1475 atque
1102 1395 1435 1456 virtutibus
1469 1402 1767 1475 tanquam

246 1513 417 1573 magna
428 1496 757 1558 luminaria
775 1496 1190 1574 refulgebant,
1208 1503 1492 1557 sanctum
1514 1496 1765 1558 Macha-

247 1598 382 1666 rium,
409 1596 756 1658 Pafnutium
789 1603 1180 1674 ceterosque,
1225 1614 1495 1675 quorum
1535 1596 1764 1658 sancti-

250 1697 344 1758 tatis
364 1696 513 1758 fama
549 1714 670 1777 per
706 1698 1020 1758 Orientem
1047 1698 1296 1774 vigebat
1319 1696 1425 1774 (1).
1455 1719 1482 1751 »
1511 1695 1764 1758 Bollan-

249 1797 386 1858 dictae
414 1799 744 1860 Macarium
793 1799 1168 1876 Aegyptium
1211 1797 1408 1858 Scetis
1452 1797 1762 1869 abbatem,

245 1896 316 1957 ubi
341 1897 504 1958 etiam
531 1898 926 1978 Paphnutius
958 1898 1148 1959 abbas
1180 1897 1466 1973 degebat,
1500 1895 1764 1974 intelligi

238 1996 364 2057 haud
389 2006 622 2059 temere
665 1998 936 2059 arbitrati
975 2004 1119 2059 sunt
1151 1997 1256 2075 (2).
1280 1997 1500 2057 Verbis
1525 2041 1541 2071 ,
1570 2021 1596 2051 «
1623 2003 1762 2058 tan-

236 2113 380 2174 quam
408 2115 628 2175 magna
663 2099 985 2161 luminaria
1016 2098 1476 2177 refulgebant,»
1497 2101 1766 2180 scriptor

236 2211 527 2273 anonymus
557 2198 641 2258 ad
690 2199 900 2259 Rufini
951 2199 1177 2260 librum
1225 2203 1537 2280 respicere
1586 2201 1762 2262 vide-

240 2301 312 2353 tur
343 2294 427 2374 (3).
463 2297 755 2376 Denique
805 2297 986 2376 plura
1034 2298 1331 2376 leguntur
1371 2299 1447 2360 dc
1495 2301 1763 2362 Macario

248 2398 478 2475 Aegyptio
520 2399 590 2459 in
637 2399 760 2460 vita
811 2401 871 2458 S.
926 2400 1302 2478 Apollinaris
1350 2400 1760 2478 Syncleticae,

248 2495 526 2560 Dorotheus
567 2506 993 2578 nuncupatae,
1026 2516 1215 2578 quam
1245 2500 1367 2559 iam
1413 2501 1764 2562 accuratius

242 2603 648 2670 pertractemus.
673 2598 926 2658 Summa
956 2605 1167 2658 autem
1198 2614 1608 2677 rerum,quae
1628 2599 1764 2660 eius

239 2695 319 2755 vita
341 2698 754 2769 continentur,
784 2697 906 2758 huc
941 2697 1101 2757 redit
1137 2715 1148 2756 :

286 2797 626 2874 Apollinaris
647 2797 847 2874 virgo,
866 2798 1179 2858 Anthemii
1198 2797 1593 2875 imperatoris
1612 2796 1758 2871 ﬁlia,

235 2895 348 2956 vitae
384 2891 792 2959 monachicae
839 2898 1048 2959 studio
1094 2905 1252 2970 acta,
1305 2915 1502 2976 quum
1550 2908 1762 2961 sancta

234 2994 330 3055 loca
364 2997 666 3058 invisisset
699 3005 762 3057 et
802 2996 1236 3058 Alexandriam
1281 2997 1651 3074 navigasset,
1683 3001 1761 3058 ad

233 3095 570 3172 sepulchrum
631 3100 701 3160 S.
773 3099 1038 3158 Mennae
1086 3097 1275 3158 venit.
1333 3098 1488 3158 Inde
1549 3105 1762 3178 patres

231 3193 374 3256 Sectis
401 3197 660 3270 aditura,
695 3195 807 3256 ubi
833 3214 1034 3275 prope
1068 3197 1364 3276 paludem
1398 3197 1465 3258 in
1494 3197 1758 3273 fontem,
1789 3192 1831 3248 C

229 3295 308 3371 qui
329 3295 452 3358 fons
481 3297 868 3377 Apollinaris
897 3304 1118 3376 postea
1155 3297 1461 3376 appellari
1495 3297 1759 3373 solebat,

227 3392 417 3472 incidit,
446 3397 771 3461 lecticario
812 3404 872 3457 et
913 3398 1143 3459 comite
1181 3398 1426 3460 itineris
1466 3398 1761 3460 eunucho

229 3490 652 3570 dormientibus,
689 3501 896 3556 vestes
925 3497 1184 3556 mutavit
1223 3496 1570 3576 habituque
1618 3515 1762 3560 Ino-

230 3593 455 3670 nachico,
485 3615 686 3677 quem
722 3615 934 3659 secum
965 3597 1359 3672 reconderat,
1398 3599 1646 3672 induto,
1694 3599 1761 3660 in

231 3693 459 3768 paludem
486 3699 738 3776 effugit.
778 3700 938 3770 168
966 3699 1084 3758 Ubi
1111 3697 1343 3760 multos
1383 3717 1584 3761 annos
1615 3718 1761 3762 cum

239 3793 575 3864 daemonibus
607 3807 888 3874 certans,
938 3817 1168 3879 corpus
1219 3817 1255 3861 a
1293 3800 1601 3863 culicibus
1646 3819 1758 3864 ex-

241 3908 365 3958 esum
388 3901 521 3978 pelli
548 3900 893 3963 testudinis
921 3899 1122 3960 simile
1154 3899 1430 3976 gerebat.
1464 3901 1687 3961 Postea
1724 3917 1762 3962 a

234 3991 326 4056 Deo
348 4000 563 4076 edocta,
597 4010 674 4063 ut
710 4000 1119 4077 interroganti
1153 4017 1388 4060 nomen
1417 3999 1617 4080 ipsius
1645 4001 1763 4061 Do-

232 4095 429 4161 rotheus
469 4103 740 4174 diceret,
775 4117 810 4162 e
847 4101 1074 4181 palude
1122 4117 1374 4177 egressa
1413 4107 1506 4161 est
1551 4117 1757 4163 eunu-

226 4194 343 4259 chus
363 4201 432 4262 ab
464 4204 769 4265 omnibus
804 4200 1037 4264 habita.
1089 4226 1116 4256 «
1153 4203 1304 4262 Cum
1351 4207 1519 4262 esset
1547 4208 1756 4262 autem

224 4313 384 4374 mane,
414 4306 687 4368 occurrit
719 4305 777 4366 ei
801 4306 864 4365 S.
894 4304 1217 4376 Macarius,
1252 4310 1314 4364 et
1338 4303 1488 4364 dicit
1518 4303 1615 4364 ei:
1648 4306 1762 4366 Be-

225 4401 385 4476 nedic,
416 4415 607 4484 pater.
640 4405 741 4466 Illi
770 4413 977 4468 autem
1017 4405 1156 4468 data
1191 4406 1310 4468 sibi
1345 4405 1616 4467 invicem
1650 4424 1756 4468 ca-

1798 1851 1837 1906 Β

1874 601 2175 664 fecissent
2211 623 2456 684 preces,
2516 608 2836 670 sederunt.
2885 613 3028 671 Eam
3077 619 3284 675 autem
3343 633 3453 677 ro-

1874 702 2038 778 gavit
2100 706 2292 767 abbas
2353 709 2654 771 Macarius
2720 709 2936 773 dicens
2996 729 3010 773 :
3077 713 3184 776 Dic
3254 715 3450 792 mihi,

1870 797 2084 873 frater,
2132 803 2450 865 undenam
2485 807 2681 878 venis,
2716 815 2778 868 et
2826 809 2996 887 quod
3049 819 3140 872 est
3177 813 3287 874 tibi
3331 831 3452 876 no-

1871 901 2058 961 men?
2084 901 2191 963 Illa
2213 922 2360 964 vero
2384 906 2538 966 dixit
2562 925 2574 966 :
2606 909 2811 969 Vocor
2833 910 3202 984 Dorotheus,
3229 920 3450 974 etcum

1871 1001 2211 1066 audiissem
2251 1005 2329 1065 de
2360 1009 2612 1081 sanctis,
2665 1011 2775 1087 qui
2813 1010 2913 1072 hic
2944 1021 3110 1085 sunt,
3140 1015 3449 1088 Patribus,

1870 1103 2039 1165 volui
2083 1123 2208 1166 una
2259 1124 2402 1168 cum
2450 1109 2527 1169 iis
2583 1109 2884 1185 habitare,
2937 1111 2989 1172 si
3035 1113 3152 1172 sim
3200 1113 3449 1190 dignus.

1868 1205 2027 1268 Dicit
2064 1214 2274 1268 autem
2305 1209 2363 1268 ei
2399 1228 2614 1271 rursus
2650 1227 2842 1272 senex
2878 1228 2890 1270 :
2927 1213 3251 1283 Quodnam
3291 1232 3453 1294 Opus

1867 1304 2067 1367 facis?
2097 1309 2180 1368 Ea
2211 1325 2356 1368 vero
2393 1309 2543 1370 dicit
2574 1328 2585 1370 :
2635 1311 2901 1383 Faciam,
2941 1313 2992 1371 si
3023 1313 3175 1391 quid
3221 1332 3322 1375 me
3352 1317 3452 1376 iu-

1868 1405 2003 1466 bes.
2039 1408 2098 1467 Is
2124 1413 2328 1468 autem
2355 1408 2630 1469 ostendit
2669 1410 2750 1481 ei,
2778 1416 2847 1469 ut
2881 1409 3114 1472 faceret
3143 1421 3450 1476 catenam.

1868 1506 2032 1568 Deus
2067 1523 2216 1569 vero
2248 1507 2466 1569 volens
2500 1509 2833 1569 ostendere
2865 1509 2999 1570 eius
3035 1511 3228 1572 animi
3267 1512 3452 1574 forti-

1867 1605 2170 1679 tudinem,
2206 1624 2334 1668 non
2366 1606 2701 1668 declaravit
2738 1609 2947 1669 abbati
2986 1611 3276 1684 Macario,
3311 1630 3452 1675 eam

1869 1716 2006 1762 esse
2057 1702 2378 1775 feminam,
2429 1705 2540 1764 sed
2579 1705 2632 1765 is
2663 1712 2962 1784 tanquam
2999 1708 3199 1769 virum
3243 1723 3450 1772 eunu-

1869 1797 2056 1860 chum
2089 1818 2225 1862 eam
2273 1819 2409 1862 esse
2443 1803 2720 1881 putabat.
2766 1803 2986 1864 Multas
3031 1814 3240 1866 autem
3271 1825 3451 1869 cura-

1865 1899 2073 1962 tiones
2107 1901 2269 1962 Deus
2291 1919 2406 1980 per
2437 1921 2572 1963 eam
2610 1903 2852 1980 peregit
2887 1903 2991 1983 (5).
3029 1927 3058 1958 »
3089 1909 3171 1965 Ac
3199 1915 3450 1968 sanctae

1866 1997 2124 2074 quidem
2151 2017 2276 2060 una
2299 1999 2430 2060 sola
2456 2007 2587 2061 erat
2617 2018 2818 2073 soror,
2851 2007 3030 2080 capta
3051 2019 3086 2062 a
3115 2003 3446 2079 daemone,

1866 2098 1976 2174 qui
2018 2097 2295 2160 lacerare
2347 2118 2482 2161 eam
2532 2101 2742 2180 coepit
2786 2111 2847 2162 et
2899 2102 3154 2163 dicere:
3209 2105 3338 2166 Nisi
3382 2105 3450 2168 in

1865 2199 2269 2260 selitudincm
2299 2217 2402 2260 me
2434 2201 2721 2274 tuleritis,
2764 2219 2893 2262 non
2926 2202 3213 2278 egrediar
3245 2222 3322 2266 ex
3351 2223 3446 2269 ea.

1865 2297 2143 2358 Tandem
2170 2299 2512 2376 imperator
2541 2317 2770 2376 magno
2800 2317 2944 2360 cum
2980 2301 3280 2362 comitatu
3310 2321 3448 2365 eam

1866 2398 1943 2458 ad
1993 2404 2200 2476 patres
2250 2398 2607 2459 solitudinis
2660 2399 2913 2460 dimisit.
2983 2424 3008 2453 «
3072 2401 3354 2480 Cumque
3403 2402 3451 2464 ii

1864 2497 2181 2558 venissent
2209 2497 2275 2558 in
2314 2498 2565 2570 Scetim,
2614 2498 2785 2558 novit
2822 2500 2882 2557 S.
2925 2501 3247 2574 Macarius,
3295 2519 3448 2580 pro-

1865 2601 2006 2677 pter
2058 2613 2395 2675 quamnam
2450 2615 2698 2658 causam
2756 2599 2962 2658 adsint
3007 2599 3073 2658 in
3125 2599 3234 2661 illo
3277 2600 3445 2674 loco,

1862 2695 2068 2774 iisque
2137 2713 2506 2775 progressus
2559 2697 2843 2770 obviam,
2909 2699 3152 2777 excepit
3213 2715 3324 2761 eos
3386 2708 3450 2762 et

1864 2795 2070 2862 dixit:
2120 2795 2278 2868 Quid
2330 2795 2455 2858 huc
2505 2797 2825 2871 acceditis,
2873 2815 2910 2859 ο
2967 2797 3123 2859 ﬁlii?
3160 2799 3255 2859 Illi
3297 2818 3447 2863 vero

1865 2894 2214 2956 dixerunt:
2276 2897 2501 2958 Noster
2551 2897 2838 2976 inprimis
2901 2898 3044 2977 pius
3100 2899 3450 2979 imperator

1862 2994 2227 3057 Anthemius
2265 2997 2431 3057 misit
2479 2997 2668 3058 ﬁliam
2721 3015 2920 3070 suam,
2964 3005 3033 3059 ut
3087 3017 3203 3078 per
3248 3002 3448 3065 Deum

1863 3104 2118 3158 curetur
2146 3105 2207 3158 et
2236 3115 2458 3176 preces
2485 3104 2741 3157 vestras.
2775 3099 2924 3157 Cum
2957 3115 3094 3158 eam
3121 3105 3326 3161 autem
3348 3119 3450 3164 ac-

1865 3199 2136 3277 cepisset
2165 3215 2200 3259 a
2243 3201 2402 3274 169
2433 3197 2842 3271 cubiculario,
2885 3199 3139 3260 deduxit
3188 3218 3326 3262 eam
3365 3201 3446 3263 ad

1863 3297 2153 3358 abbatem
2174 3296 2580 3371 Dorotheum,
2613 3305 2674 3358 et
2695 3297 2845 3358 dicit
2872 3298 2929 3357 ei
2961 3315 2972 3356 :
3007 3301 3290 3376 Fungere
3315 3302 3448 3361 olli-

1862 3393 1964 3456 cio
1997 3395 2288 3469 caritatis,
2321 3396 2622 3474 quoniam
2655 3403 2748 3457 est
2776 3396 2898 3457 ﬁlia
2930 3397 3348 3477 imperatoris,
3383 3409 3446 3462 et

1863 3510 2027 3574 opus
2056 3494 2242 3557 habet
2261 3503 2508 3574 patrum
2528 3496 2824 3574 precibus
2845 3505 2907 3556 et
2927 3497 3168 3559 vestris.
3187 3500 3304 3560 Ora
3325 3518 3443 3579 pro

1863 3609 1961 3670 ea,
2010 3603 2080 3656 ut
2122 3603 2396 3656 curetur.
2447 3597 2614 3657 Haec
2671 3603 2764 3656 est
2809 3596 2977 3656 enim
3024 3614 3268 3659 merces
3315 3606 3440 3660 tua.

1860 3697 2030 3758 Haec
2061 3704 2273 3758 autem
2305 3714 2450 3758 cum
2479 3696 2799 3770 audiisset,
2834 3696 3045 3774 coepit
3075 3699 3226 3758 ﬂere
3262 3706 3324 3760 et
3355 3700 3446 3760 di-

1860 3811 2052 3857 cere:
2100 3795 2394 3868 Quisnam
2443 3812 2560 3872 ego
2604 3812 2742 3855 sum
2774 3804 3091 3874 peccator,
3140 3798 3308 3874 quod
3363 3799 3444 3860 de

1859 3912 1964 3958 me
2009 3895 2196 3958 talem
2250 3897 2597 3976 concepisti
2651 3894 3057 3975 opinionem?
3111 3897 3445 3979 Flexisque

1861 3996 2128 4073 genibus
2175 3997 2420 4059 dicebat
2467 4015 2479 4057 :
2534 3997 2821 4059 Concede
2879 3997 3056 4071 mihi,
3122 4005 3321 4077 pater,
3374 4005 3446 4061 ut

1859 4114 2002 4159 mea
2038 4105 2293 4177 peccata
2335 4098 2632 4170 defleam;
2682 4115 2826 4157 nam
2867 4100 3059 4159 multa
3101 4105 3266 4160 sunt.
3313 4101 3441 4178 Ego

1861 4199 2028 4261 enim
2052 4217 2188 4259 sum
2217 4198 2592 4270 imbecillus,
2629 4197 2942 4276 planeque
2989 4198 3162 4259 rudis
3190 4207 3251 4260 et
3271 4200 3445 4278 igna-

1861 4317 1968 4361 rus
1992 4299 2069 4360 ad
2099 4299 2261 4361 hanc
2293 4317 2448 4360 rem.
2478 4299 2634 4359 Dicit
2664 4299 2721 4359 ei
2752 4299 2944 4359 abbas
2973 4300 3274 4362 Macarius
3304 4319 3317 4360 :
3351 4305 3442 4363 An

1849 4415 1992 4472 non
2032 4406 2175 4461 sunt
2204 4399 2392 4461 etiam
2433 4399 2534 4459 alii
2567 4406 2794 4477 patres,
2831 4399 2939 4477 qui
2972 4416 3087 4478 per
3136 4401 3330 4460 Deum
3366 4401 3446 4461 si-

222 4498 361 4562 ritate
394 4506 795 4568 ambulabant
831 4506 897 4566 in
937 4506 1296 4568 solitudine.
1350 4507 1760 4583 Interrogavit
1793 4530 1834 4584 ι)
1865 4521 1986 4582 gna
2010 4500 2288 4565 faciunt?
2325 4501 2448 4562 Sed
2483 4508 2692 4562 tamen
2743 4499 2896 4561 haec
2944 4501 3242 4562 remansit
3274 4519 3442 4563 mer-

222 4613 334 4660 vero
359 4603 703 4666 Dorotheus
749 4604 1014 4667 dicens:
1062 4606 1267 4680 Pater,
1311 4606 1453 4685 quis
1492 4604 1599 4667 es?
1644 4607 1756 4668 Ille

223 4707 386 4762 autem
419 4704 604 4766 dixit:
644 4707 781 4783 Ego
825 4723 963 4766 sum
1009 4707 1332 4768 Macarius.
1383 4709 1441 4767 Is
1476 4723 1626 4768 vero
1657 4707 1756 4768 di-

223 4799 287 4859 xit
313 4821 324 4860 :
349 4806 610 4884 Fungere
642 4807 855 4869 ofﬁcio
905 4806 1212 4878 caritatis;
1251 4807 1386 4869 sine
1428 4825 1531 4868 me
1574 4807 1754 4868 habi-

226 4902 320 4962 tare
345 4921 471 4967 cum
504 4907 827 4969 fratribus.
858 4907 1152 4968 Praebuit
1179 4914 1389 4968 autem
1418 4907 1476 4968 ei
1498 4922 1755 4985 quoque

230 4999 390 5065 cellam
423 5010 710 5086 protinus
743 5009 851 5086 (4).
886 5033 916 5065 »
946 5011 1071 5071 Isto
1102 5008 1292 5088 igitur
1321 5008 1464 5070 loco
1504 5008 1605 5068 die
1632 5026 1750 5070 no-

232 5103 402 5180 ctuque
421 5123 607 5170 orans
627 5109 933 5170 acerrime
955 5105 1251 5174 certabat.
1290 5134 1316 5165 «
1345 5108 1622 5181 Quodam
1647 5127 1753 5170 au-

231 5199 322 5258 tem
337 5202 415 5266 die
433 5210 628 5270 abbas
647 5209 952 5270 Macarius
970 5209 1142 5270 venit
1165 5209 1230 5270 in
1263 5209 1398 5270 eius
1419 5208 1636 5270 cellam
1650 5258 1663 5280 ,
1689 5216 1749 5270 et

196 5291 337 5361 'dicit
367 5306 412 5367 ei
443 5326 456 5368 :
489 5312 782 5386 Fungere
815 5309 1021 5372 ofﬁcio
1068 5311 1362 5383 caritatis,
1413 5310 1579 5372 bone
1619 5311 1746 5371 fra-

214 5403 314 5468 t91';
365 5410 567 5470 emitte
633 5408 818 5470 nobis
867 5427 1112 5488 preces.
1181 5409 1285 5471 Illa
1344 5425 1489 5470 vero
1537 5409 1686 5471 dicit
1729 5426 1744 5467 :

263 5580 328 5646 (1)
355 5581 480 5637 Ibid.
512 5585 670 5656 Sept.
700 5585 763 5640 T.
801 5586 817 5639 Ι
854 5603 901 5656 p.
941 5587 1046 5642 573
1075 5602 1196 5658 cap.
1233 5586 1287 5639 4.

264 5668 327 5738 (2)
353 5671 479 5729 Ibid.
510 5693 563 5744 p.
599 5677 708 5730 574
735 5687 847 5731 not.
880 5678 917 5732 f.
954 5678 1039 5732 Cf.
1074 5693 1239 5746 supra
1275 5676 1303 5748 ᾗ
1336 5676 1404 5730 38
1440 5693 1491 5744 p.
1528 5675 1651 5729 162.

268 5758 332 5818 (5)
357 5759 462 5817 νγ.
497 5763 602 5820 ιιι),
637 5763 823 5821 Bosw.
854 5767 948 5820 lib.
983 5767 1020 5820 ΙΙ
1057 5782 1179 5836 cap.
1205 5768 1275 5821 28
1308 5783 1357 5825 υ.
1392 5765 1516 5827 479,
1548 5763 1750 5832 2;Βιι-

215 5842 290 5900 fini
319 5849 444 5924 Opp.
475 5855 561 5910 cd.
596 5855 826 5912 Vallarsi
867 5874 918 5927 p.
956 5857 1081 5921 19⁸5,
1115 5857 1292 5924 Migne
1325 5873 1377 5926 p.
1421 5857 1544 5911 450.

1857 4621 1982 4666 ces.
2013 4603 2123 4664 Illa
2151 4619 2300 4664 vero
2332 4602 2517 4663 dicit:
2557 4602 2686 4662 Fiat
2716 4602 2825 4662 Dei
2858 4601 3164 4674 voluntas,
3193 4609 3253 4662 et
3277 4610 3445 4666 mota

1859 4703 2247 4785 poenitentia
2287 4720 2424 4764 eam
2473 4701 2720 4780 accepit
2763 4702 2831 4762 in
2881 4701 3126 4775 cellam,
3169 4708 3230 4761 et
3271 4703 3445 4763 novit

1859 4822 1996 4866 eam
2033 4823 2169 4866 esse
2218 4821 2524 4873 sororem,
2563 4804 2845 4882 flensque
2877 4801 3258 4880 conquievit.
3293 4803 3442 4863 Eam

1858 4915 2066 4968 autem
2098 4907 2386 4986 amplexa
2407 4907 2594 4967 dixit:
2629 4909 2797 4967 Bene
2818 4905 3066 4980 venisti,
3098 4920 3300 4965 soror.
3332 4905 3444 4968 Dei

1859 5027 2009 5070 vero
2060 5026 2254 5089 Opere
2286 5007 2405 5069 fuit
2455 5025 2525 5068 os
2562 5007 2947 5068 obstructum
3000 5005 3316 5078 daemoni,
3361 5023 3443 5068 ne

1858 5115 2148 5186 argueret
2165 5109 2450 5170 ancillam
2482 5108 2613 5171 Dei.
2641 5106 2812 5185 quod
2832 5111 2996 5165 eSSet
3018 5103 3272 5166 femina.
3290 5107 3442 5168 Cum

1856 5215 2064 5269 autem
2100 5208 2371 5269 daemon
2408 5225 2545 5269 eam
2577 5206 2684 5266 diu
2715 5205 3037 5282 afﬂigeret,
3074 5225 3188 5285 per
3219 5225 3442 5287 preces

1866 5325 2009 5368 eum
2055 5309 2294 5369 domuit
2315 5309 2419 5387 (6).
2459 5310 2720 5369 nSanata
2753 5307 3003 5367 demum
3038 5307 3161 5370 ﬁlia
3184 5309 3438 5371 domum

1857 5408 2192 5469 rediitcum
2218 5425 2441 5486 magna
2465 5408 2724 5470 civitatis
2746 5406 2997 5469 laetitia.
3024 5409 3140 5468 Sed
3162 5413 3440 5488 postmoe

1924 5586 2001 5657 (4)
2035 5587 2148 5640 AA.
2184 5585 2284 5644 SS.
2322 5587 2458 5643 Bell.
2501 5589 2612 5643 Ian.
2651 5588 2713 5641 T.
2756 5589 2768 5642 I
2801 5605 2850 5659 p.
2882 5589 2989 5644 9.00
3017 5603 3138 5658 cap.
3168 5588 3222 5645 5.

1863 5743 1868 5746 ,
1926 5679 2003 5746 (5)
2042 5679 2180 5734 Ibid.

1931 5771 2006 5844 (6)
2037 5771 2174 5829 Ibid.
2201 5787 2323 5843 cap.
2354 5773 2408 5827 4.
