4016 6426
601 369 704 426 139

1406 369 1506 426 SS.
1555 368 2018 425 MACARIORUM
2057 367 2381 424 AEGYPTII
2425 367 2514 421 ET
2543 366 3015 423 ALEXANDRINI

3779 366 3874 422 160

600 487 750 548 dum
780 484 1067 548 diabolus
1105 502 1241 548 eam
1273 503 1486 546 rursus
1525 485 1606 546 ita
1643 484 1853 555 subiit,
1894 489 1964 543 ut
1993 500 2177 562 prae-
2212 491 2256 544 Α
2364 497 2482 541 nas
2537 499 2617 540 nn
2673 497 2903 541 usuum.
2961 495 3218 550 QUANDO
3266 491 3563 539 MEMORIA
3609 493 3870 540 smere-

599 603 800 664 gnans
827 585 1163 646 videretur.
1195 584 1586 645 Examinanti
1613 592 1820 644 autem
1845 583 1960 642 ista
1986 581 2183 659 impe-

598 684 792 745 ratori
830 684 1166 761 instigante
1206 682 1456 745 diabolo
1497 681 1842 761 respondit,
1892 697 1924 742 a
1957 697 2179 740 mona-

597 782 721 846 cho
755 783 1069 846 Dorotheo
1103 783 1358 845 allatum
1387 783 1502 843 sibi
1535 789 1822 861 stuprum
1861 797 2021 841 esse.
2067 782 2179 841 Sa-

596 885 899 946 tellitibus
928 885 1118 963 igitur
1136 885 1274 946 irati
1299 883 1601 964 principis
1624 883 1689 942 in
1716 881 1944 942 Scetim
1975 881 2182 941 missis

597 983 950 1047 Dorotheus
977 986 1115 1064 ipse
1145 1003 1212 1046 se
1244 983 1489 1054 obtulit,
1517 983 1985 1060 abeuntemque
2015 987 2182 1042 totus

597 1093 946 1147 conventus
972 1086 1218 1146 tristitia
1247 1085 1509 1146 afﬂictus
1544 1082 1840 1162 precibus
1866 1082 1995 1142 suis
2028 1097 2178 1160 pro-

597 1193 850 1247 secutus
893 1193 1008 1247 est.
1061 1208 1088 1239 «
1123 1184 1369 1246 Sciebat
1405 1183 1574 1244 enim
1618 1183 1811 1243 abbas
1853 1181 2176 1253 Macarius,

595 1285 661 1345 in
689 1285 798 1344 illo
825 1285 977 1344 nihil
1017 1302 1152 1345 esse
1183 1284 1351 1345 mali.
1393 1307 1421 1338 »
1465 1283 1556 1345 Ad
1593 1282 1801 1344 aulam
1845 1281 2179 1342 deductam

597 1404 788 1464 quum
836 1387 1176 1464 imperator
1218 1401 1509 1464 uxorque
1558 1383 1692 1445 eius
1750 1383 2176 1462 excepissent,

594 1504 666 1547 ac
717 1504 782 1546 se
823 1485 1065 1547 detecta
1111 1486 1370 1546 veritate
1419 1484 1787 1545 dimissuros
1840 1500 1979 1543 eam
2041 1499 2178 1543 esse

595 1583 1051 1662 promisissent,
1083 1583 1269 1644 ﬁliam
1300 1583 1585 1661 ipsorum
1631 1599 1698 1642 se
1736 1581 1841 1642 illa
1867 1580 2176 1654 exhibuit,

593 1701 939 1763 sororeque
969 1691 1180 1745 sanata
1228 1690 1370 1762 post
1420 1700 1658 1763 paucos
1693 1683 1827 1744 dies
1851 1682 1915 1743 in
1943 1683 2178 1754 Scetim

593 1800 839 1844 reversa
866 1790 981 1852 est,
1008 1782 1115 1842 ubi
1138 1799 1284 1842 mox
1314 1799 1348 1842 e
1382 1782 1620 1843 mundo
1653 1799 1720 1842 se
1753 1781 2058 1842 exituram
2081 1781 2178 1841 in-

593 1882 882 1961 telligens
911 1883 1119 1943 abbati
1148 1883 1414 1944 Macario
1443 1899 1456 1941 :
1493 1906 1519 1938 «
1555 1884 1727 1958 Fac,»
1786 1881 2060 1960 inquit,a
2088 1881 2182 1941 of-

592 1981 805 2042 ﬁcium
827 1981 1118 2042 caritatis.
1143 1982 1204 2042 Si
1239 1982 1570 2058 contigerit
1608 1999 1707 2042 me
1746 1999 1781 2042 e
1827 1983 1948 2044 vita
1989 2000 2176 2044 exce-

592 2082 767 2156 dere,
809 2100 890 2145 ne
926 2099 1028 2144 me
1055 2090 1438 2163 componant
1481 2082 1795 2144 monachi.
1821 2085 1878 2144 Is
1899 2102 2047 2145 vero
2079 2084 2176 2144 di-

594 2182 676 2242 cit
704 2182 800 2243 ei:
847 2183 1173 2255 Quomodo
1208 2189 1416 2262 potest
1447 2183 1568 2246 hoc
1620 2180 1798 2244 ﬁeri?
1843 2185 1928 2245 Ea
1969 2192 2178 2245 autem

593 2289 1026 2343 consummata
1071 2290 1379 2344 venerunt
1412 2283 1610 2345 sancti
1646 2290 1876 2362 patres,
1924 2293 1995 2346 ut
2031 2303 2175 2346 san—

591 2387 760 2442 ctum
809 2382 943 2443 eius
1001 2400 1233 2462 corpus
1275 2383 1571 2446 lavarent.
1603 2384 1908 2446 Viderunt
1968 2393 2176 2447 autem

592 2499 730 2543 eam
763 2500 900 2543 esse
941 2499 1095 2543 sexu
1135 2482 1457 2557 feminam,
1513 2489 1576 2545 et
1617 2484 2041 2546 exclamarunt
2076 2485 2176 2546 di-

592 2589 808 2640 centes
838 2598 850 2640 :
883 2581 1092 2642 Gloria
1117 2581 1252 2654 tibi,
1286 2581 1548 2655 Christe,
1581 2583 1693 2662 qui
1721 2583 1953 2644 multos
1983 2582 2178 2644 habes

588 2688 840 2743 sanctos
879 2682 1185 2744 occultos.
1231 2683 1587 2745 Admiratus
1629 2685 1790 2755 170
1831 2693 1924 2746 est
1966 2693 2176 2746 autem

586 2781 782 2843 abbas
819 2783 1160 2857 Macarius,
1211 2783 1385 2864 quod
1424 2783 1546 2846 hoc
1598 2785 1718 2845 sibi
1768 2802 1896 2847 non
1958 2785 2178 2847 fuisset

589 2879 954 2941 revelatum.
1011 2883 1146 2944 Una
1189 2867 1339 2945 vero
1390 2891 1575 2945 nocte
1627 2884 1795 2950 videt
1841 2886 2172 2958 visionem,

591 2996 754 3058 quae
798 2980 855 3040 ei
885 2980 1073 3042 dicit:
1122 2984 1214 3043 Ne
1245 2983 1492 3061 angaris
1526 2990 1883 3063 prOpterea.
1919 2988 2177 3065 Oportet

592 3076 762 3137 enim
815 3081 878 3137 te
929 3079 1219 3139 coronari
1265 3097 1409 3140 cum
1447 3081 1677 3141 sanctis
1716 3083 2020 3160 patribus,
2065 3083 2176 3162 qui

591 3183 740 3237 sunt
774 3195 809 3238 a
843 3178 1119 3240 saeculo.
1160 3181 1333 3240 Tunc
1368 3179 1426 3239 ei
1455 3181 1723 3242 narravit
1759 3182 1944 3244 vitam
1975 3191 2036 3244 et
2064 3202 2176 3246 no-

591 3295 741 3339 men
782 3278 1024 3340 beatae.
1070 3279 1410 3358 Allatisque
1454 3281 1684 3342 sanctis
1725 3282 1860 3344 eius
1898 3283 2178 3364 reliquiis

593 3394 734 3439 eam
769 3386 1117 3457 posuerunt
1142 3379 1220 3440 ad
1252 3380 1567 3440 Orientem
1596 3390 1844 3443 sanctae
1875 3383 2177 3447 ecclesiae

590 3477 659 3538 in
689 3485 868 3538 antro
889 3479 1131 3541 abbatis
1160 3479 1411 3541 Macarii
1440 3499 1584 3542 cum
1613 3482 1842 3560 gaudio
1873 3492 1935 3545 et
1955 3484 2172 3562 gloria,

591 3577 871 3655 usquein
889 3577 1269 3640 hodiernum
1289 3579 1478 3653 diem,
1507 3598 1623 3661 per
1637 3582 1829 3644 Deum
1850 3591 1911 3644 et
1930 3591 2178 3647 sanctos

593 3683 834 3755 patres,
896 3684 959 3739 et
1019 3686 1160 3757 post
1213 3687 1464 3743 sanctae
1530 3682 1972 3747 dormitionem
2037 3704 2181 3766 per-

590 3787 864 3855 aguntur
891 3781 1250 3842 curationes
1268 3782 1458 3858 gratia
1492 3790 1553 3844 et
1573 3785 1903 3848 clementia
1930 3788 2178 3850 Domini

592 3879 792 3938 nostri
830 3881 972 3940 Iesu
1003 3879 1248 3952 Christi,
1290 3881 1392 3942 cui
1435 3883 1631 3958 gloria
1681 3893 1742 3946 et
1788 3889 2068 3965 potentia
2109 3890 2177 3950 in

593 3978 842 4039 saecula
892 3977 998 4060 [1).
1037 4002 1062 4034 υ
1111 3982 1304 4051 Quem
1340 3983 1597 4058 quidem
1640 3987 1971 4047 Macarium
2022 4006 2174 4063 non,

591 4083 661 4136 ut
679 4093 1013 4154 perperam
1043 4079 1255 4139 statuit
1282 4080 1643 4157 Bollandus,
1665 4084 2174 4162 Alexandrinum,

592 4176 706 4236 sed
747 4178 1124 4255 Aegyptium
1174 4178 1390 4252 fuisse,
1433 4182 1540 4260 qui
1578 4183 1644 4244 in
1702 4186 1880 4247 Scete
1932 4187 2173 4250 habita-

593 4277 700 4351 vit,
734 4285 795 4338 et
824 4280 1130 4357 praesagii
1167 4298 1280 4342 seu
1310 4282 1682 4361 prephetiae
1713 4286 1935 4365 spiritu
1965 4290 2174 4350 excel-

591 4375 730 4449 luit,
769 4377 949 4440 facile
982 4379 1208 4441 elucet.
1243 4384 1466 4454 Quanti
1495 4392 1700 4446 autem
1731 4387 1953 4450 feceris
1983 4390 2176 4465 illam,

593 4494 783 4554 quam
833 4479 1112 4557 aequalis
1159 4483 1484 4563 scripsisse
1541 4485 1760 4560 fertur,
1829 4487 2174 4566 historiam,

2365 579 2500 621 RUM
2541 576 2952 621 MACAIUORUM
3006 575 3294 620 AEGYPTII
3325 575 3406 618 ET
3443 573 3873 620 ALEXANDRIM

2364 656 2634 700 AGATUR.

2365 743 2392 814 §
2431 738 2504 799 42
2519 787 2530 799 .
2547 738 2808 818 Saepius
2834 736 3025 798 locuti
3041 754 3255 797 sumus
3271 735 3346 798 de
3361 736 3645 814 Aegypti
3665 753 3872 797 senum

2284 838 2725 917 persecutione
2754 855 2790 898 a
2820 837 3011 897 Ludio
3043 835 3416 897 Arianorum
3465 835 3871 898 Alexandriae

2283 935 2584 1016 episcopo
2612 936 2998 1016 excitata(2),
3029 935 3098 996 in
3122 954 3243 1015 qua
3283 936 3603 1015 quoniam
3636 945 3874 1016 praeter

2284 1035 2440 1096 alios
2467 1037 2723 1098 abbates
2762 1038 2949 1098 etiam
2995 1037 3244 1099 Macarii
3285 1037 3492 1098 nostri
3523 1036 3590 1096 in
3631 1037 3872 1098 exilium

2283 1135 2455 1196 missi
2491 1143 2658 1210 sunt,
2705 1137 2768 1197 id
2797 1138 3120 1216 quomodo
3153 1144 3397 1215 gestum
3438 1136 3546 1208 sit,
3585 1155 3872 1198 enarran-

2284 1233 2432 1294 dum
2464 1241 2578 1294 est.
2605 1234 2719 1295 Rei
2741 1243 2948 1296 autem
2970 1241 3163 1296 testes
3185 1243 3326 1295 sunt
3357 1236 3664 1308 Ruﬁnus,
3699 1254 3872 1314 quem

2284 1336 2764 1414 persecutiones
2793 1335 2948 1396 istae
2973 1335 3180 1415 ipsum
3215 1335 3487 1414 petiere,
3514 1335 3748 1395 deinde
3770 1336 3870 1393 So-

2284 1443 2507 1508 crates,
2531 1437 2919 1496 Sozomenus
2948 1443 3010 1495 et
3037 1435 3509 1510 Theodoretus,
3545 1436 3656 1515 qui
3679 1436 3870 1497 Ruﬁni

2285 1536 2684 1597 enarratione
2714 1536 3093 1597 innituntur.

2363 1647 2698 1710 Athanasio
2738 1665 2796 1709 a.
2838 1647 2950 1708 373
2982 1655 3232 1710 mortuo
3263 1650 3494 1710 Petrus
3525 1647 3606 1708 ab
3649 1647 3872 1727 episco-

2286 1748 2382 1826 pis
2429 1749 2789 1828 provinciae
2835 1750 3290 1829 monachisque
3346 1750 3417 1810 in
3482 1749 3698 1810 locum
3749 1749 3868 1810 eius

2214 1856 2252 1911 Β
2285 1845 2652 1907 substitutus
2675 1855 2790 1908 est.
2825 1848 3180 1910 Praefectus
3207 1854 3420 1909 autem
3453 1848 3597 1910 urbi
3633 1848 3865 1927 impius,

2287 1944 2682 2007 ethnicorum
2731 1955 2792 2007 et
2840 1948 3214 2009 Iudaeorum
3261 1966 3458 2009 manu
3515 1956 3861 2020 convocata,

2283 2046 2536 2106 Petrum
2579 2046 2892 2108 eiecturus
2925 2047 3254 2107 ecclesiam
3299 2049 3666 2127 occupavit,
3697 2065 3864 2126 quam

2284 2145 2510 2206 milites
2558 2148 2826 2227 turpiter
2877 2150 3030 2219 l7],
3086 2149 3528 2228 profanarum,
3582 2167 3698 2210 nec
3752 2166 3860 2209 non

2283 2244 2510 2306 multas
2536 2246 2807 2324 virgines
2836 2254 3274 2327 stupravcrunt
3299 2246 3592 2326 aliasque
3617 2246 3862 2307 fustibus

2283 2352 2577 2407 contusas
2611 2364 2690 2408 ne
2722 2347 2977 2427 sepeliri
3012 2347 3268 2427 quidem
3299 2347 3478 2427 passi
3507 2353 3678 2408 sunt.
3718 2348 3856 2406 Pau-

2281 2447 2372 2507 cis
2404 2455 2548 2526 post
2580 2447 2802 2509 diebus
2832 2447 3059 2509 Lucius
3100 2447 3363 2510 Arianus
3395 2447 3707 2509 militibus
3741 2447 3857 2508 ein-

2280 2556 2415 2609 ctus
2443 2548 2521 2610 ab
2552 2549 2782 2610 Euzoio
2829 2549 3193 2612 Antiochiae
3237 2549 3564 2630 praesule,
3618 2549 3852 2610 Ariano-

2279 2667 2418 2710 rum
2448 2657 2598 2711 tunc
2641 2650 2953 2731 principe,
2997 2651 3065 2712 in
3115 2652 3558 2731 episcopatum
3612 2649 3851 2712 Alexan-

2277 2748 2449 2810 driae
2475 2750 2755 2810 intrusus
2785 2757 2900 2811 est.
2937 2751 3051 2824 Qui
3081 2752 3286 2813 statim
3317 2752 3482 2813 alios
3512 2751 3721 2823 minis,
3749 2750 3849 2808 vin-

2277 2848 2459 2923 culis,
2493 2851 2849 2924 tormentis,
2894 2851 3050 2913 alios
3082 2852 3648 2931 pollicitationibus
3685 2869 3716 2911 a
3754 2849 3849 2910 ﬁde

2279 2951 2552 3012 Nicaena
2583 2969 2846 3012 avocare
2875 2952 3132 3025 studuit,
3169 2969 3439 3032 eosque,
3477 2954 3588 3033 qui
3620 2952 3841 3013 resiste—

2277 3051 2452 3124 bant,
2488 3050 2870 3131 IIeliopolim
2908 3053 2973 3113 in
3005 3051 3370 3125 Phoenicia,
3412 3055 3527 3116 ubi
3569 3052 3728 3114 idola
3757 3069 3844 3111 co-

2276 3149 2489 3212 lebant
2519 3169 2764 3226 omnes,
2801 3152 3229 3232 deportandos
3273 3155 3554 3227 curavit;
3591 3167 3843 3214 murmu-

2281 3260 2490 3313 rantes
2521 3270 2671 3314 vero
2701 3253 2780 3314 ad
2811 3253 3061 3315 metalla
3103 3253 3512 3317 Phennensia
3553 3263 3613 3315 et
3641 3255 3844 3314 Proco-

2283 3352 2502 3413 nensia
2532 3352 3030 3428 deducebantur,
3078 3353 3243 3414 inter
3272 3373 3440 3434 quos
3483 3353 3651 3415 haud
3687 3347 3844 3431 pauci

2279 3451 2535 3513 fuerunt
2566 3453 2862 3515 monachi
2904 3454 3011 3534 (3).
3072 3454 3449 3518 Alexandria
3492 3456 3678 3533 igitur
3714 3450 3841 3513 sub-

2281 3559 2416 3612 acta
2457 3553 2905 3633 episCOpisque
2945 3555 3307 3634 provinciae
3357 3559 3841 3619 Neocaesaream.

2282 3673 2470 3734 quam
2509 3658 2730 3718 urbem
2766 3659 2981 3720 Iudaei
3013 3659 3474 3736 inhabitabant,
3522 3662 3587 3723 in
3615 3657 3838 3722 exilium

2282 3755 2511 3830 missis,
2557 3758 2784 3819 milites
2823 3759 2900 3820 ad
2930 3762 3308 3823 monasteria
3341 3762 3740 3825 solitudinum
3768 3755 3840 3817 di-

2282 3857 2434 3917 recti
2465 3867 2632 3931 sunt,
2668 3859 2769 3920 cui
2816 3861 3206 3940 expeditioni
3247 3864 3389 3943 ipse
3427 3862 3701 3926 interfuit
3735 3861 3832 3918 Lu-

2282 3957 2437 4017 cius.
2495 3961 2645 4020 Nam
2701 3968 2868 4022 recte
2917 3964 3350 4025 Sozomenus:
3401 3991 3428 4021 ‹‹
3457 3966 3647 4033 Fidei,
3696 3986 3719 4016 »
3752 3960 3831 4018 ill-

2282 4056 2438 4133 quit,
2492 4081 2519 4112 «
2571 4075 2792 4118 senum
2847 4059 3229 4124 adhaerebat
3282 4064 3619 4126 multitudo
3671 4056 3830 4134 vulgi.

2283 4155 2525 4235 quippe
2565 4157 2737 4236 quod
2777 4160 3018 4221 veritati
3056 4162 3386 4241 indulgere
3418 4165 3693 4226 crederet
3722 4174 3829 4226 eos,

2282 4255 2392 4333 qui
2433 4256 2725 4317 virtutem
2755 4258 2934 4319 factis
2963 4260 3118 4339 ipsis
3164 4262 3678 4340 proﬁterentur,»
3732 4262 3828 4317 et!

2285 4378 2312 4409 α
2348 4355 2528 4416 Unde
2567 4357 2815 4431 Lucius,
2859 4378 3054 4438 quum
3091 4362 3254 4423 bene
3283 4362 3677 4441 intelligeret,
3721 4352 3831 4417 ﬁeri

2282 4473 2412 4517 non
2445 4473 2654 4534 posse,
2689 4465 2756 4518 ut
2795 4460 3004 4520 Ariani
3045 4446 3453 4524 deviricerent
3499 4456 3824 4523 catholicos,

591 4577 730 4655 ipse
758 4553 989 4639 videto.
1033 4580 1218 4642 Plura
1251 4553 1316 4644 in
1348 4585 1473 4646 vv.
1507 4587 1611 4646 ss.
1637 4553 1920 4651 Bollandi
1949 4591 2028 4653 de
2057 4553 2181 4653 Ma:
2211 4553 2782 4655 Memmi-105
2812 4557 2963 4620 istos
2994 4559 3072 4620 ad
3102 4572 3312 4640 Panes
3343 4563 3703 4624 Ατίθηθτυίη
3731 4553 3824 4655 .de’

590 4678 777 4739 rariis
806 4680 1036 4740 nostris
1063 4698 1182 4757 ego
1213 4699 1341 4743 non
1373 4685 1634 4745 offendi.

1134 4838 1376 4898 CAPUT
1463 4841 1616 4900 VIII.

589 5013 962 5060 SANCTORUM
993 5019 1400 5064 MACARIORUM
1434 5020 1722 5063 AEGYPTII
1761 5021 1836 5064 ET
1881 5023 2166 5068 ALEXAN-

670 5094 848 5138 DRINI
889 5096 1148 5141 EXILIUM
1198 5099 1314 5142 SUB
1363 5099 1544 5142 LUCIO
1604 5101 1841 5144 ARIANO
1893 5103 2173 5148 ALEXAN-

668 5173 857 5216 DRIAE
910 5174 1223 5220 EPISCOPO.
1263 5179 1594 5232 SOCRATES,
1640 5180 2025 5238 SOZOMENUS,
2061 5184 2170 5226 CE-

667 5251 940 5303 TERIQUE
981 5254 1199 5299 RERUM
1245 5257 1839 5303 ECCLESIASTICARUM
1877 5261 2170 5306 SCRH’TO-

662 5477 739 5547 (Ι)
779 5477 914 5533 Ibid.
948 5495 1001 5548 p.
1029 5480 1130 5534 261
1165 5497 1285 5551 cap.
1319 5484 1373 5538 6.

660 5569 738 5637 (‘2)
773 5569 949 5640 Supra
986 5571 1012 5641 §
1042 5572 1073 5624 6
1108 5589 1159 5641 p.
1204 5576 1291 5635 16,
1337 5575 1365 5646 §
1398 5577 1467 5630 27
1500 5595 1550 5647 p.
1592 5581 1714 5643 115,
1750 5580 1777 5652 §
1813 5583 1885 5636 33
1916 5599 1968 5652 p.
2010 5585 2131 5640 152.

667 5661 742 5725 (5)
790 5662 936 5716 Petri
972 5665 1214 5734 epise0pi
1263 5669 1496 5735 epistola
1543 5672 1596 5725 in
1636 5672 1968 5729 Theodoret.
2023 5676 2163 5732 llist.

593 5745 741 5804 Eccl.
792 5753 886 5808 lib.
927 5753 991 5808 IV
1049 5771 1166 5825 cap.
1223 5759 1320 5820 19,
1363 5763 1502 5830 Opp.
1552 5766 1638 5817 ed.
1690 5765 1938 5823 Noesselt
1999 5769 2168 5826 ﬂalae

592 5836 745 5892 mi.
777 5844 847 5897 8ο.
885 5843 948 5897 Τ.
981 5843 1046 5895 ιιι
1089 5862 1140 5914 ρ.
1175 5849 1274 5905 987
1303 5868 1425 5921 sqq.
1698 5868 1702 5873 η

2227 4688 2242 4702 ο
2279 4653 2578 4728 duxisset,
2613 4671 2722 4715 eos
2761 4656 2819 4717 vi
2848 4676 3077 4736 cogere
3108 4678 3441 4739 aggressus
3476 4667 3585 4735 est,
3627 4653 3825 4736 quibus

2276 4751 2660 4828 persuadere
2714 4757 2918 4817 verbis
2966 4777 3095 4820 non
3139 4769 3381 4840 poterat
3433 4763 3533 4843 (4).
3581 4785 3607 4816 »
3652 4763 3821 4832 At‘lue

2275 4848 2338 4909 in
2383 4869 2620 4925 eremo,
2663 4873 2791 4932 quo
2838 4857 3067 4922 milites
3102 4871 3432 4938 venerunt,
3488 4868 3637 4923 teste
3672 4853 3818 4916 Ruﬁ-

2277 4965 2360 5007 no
2410 4972 2436 5002 «
2480 4951 2787 5014 Macarius
2830 4963 2891 5015 et
2934 4957 3210 5020 Isidorus
3238 4961 3527 5042 aliusque
3555 4950 3818 5019 Macarius

2279 5055 2468 5125 atque
2517 5049 2879 5115 Ileraclides
2935 5064 2997 5118 et
3054 5059 3323 5123 Pambus
3369 5058 3611 5124 Antonii
3660 5047 3815 5114 disci-

2280 5145 2414 5224 puli
2444 5164 2560 5225 per
2591 5153 2943 5231 Aegyptum
2987 5165 3047 5218 et
3085 5161 3355 5223 maxime
3392 5163 3457 5222 in
3496 5154 3706 5220 Nitriae
3731 5146 3817 5206 de-

2283 5247 2430 5307 serti
2471 5250 2752 5327 partibus
2814 5277 2841 5309 »
2885 5257 3184 5320 sederunt
3229 5261 3333 5339 (5),
3399 5281 3466 5325 ac
3511 5259 3619 5320 tria
3653 5243 3811 5314 millia

2355 5495 2430 5564 (4)
2475 5497 2695 5555 Sozom.
2740 5503 2875 5560 Hist.
2905 5505 3054 5563 Eccl.
3089 5512 3183 5566 lib.
3223 5512 3284 5565 VI
3317 5531 3435 5583 cap.
3466 5513 3532 5565 ρο
3563 5508 3642 5563 ed.
3673 5497 3807 5554 Vale-

2279 5592 2343 5644 sii
2377 5593 2518 5660 Mog.
2556 5595 2693 5647 1677
2717 5611 2771 5665 p.
2797 5595 2921 5652 662.

2349 5686 2426 5754 (5)
2460 5684 2586 5740 Ruf.
2618 5685 2761 5742 Hist.
2791 5687 2942 5746 Eccl.
2975 5693 3066 5746 lib.
3107 5693 3146 5746 ll
3186 5711 3308 5766 cap.
3344 5699 3375 5751 Ιι
3410 5697 3491 5749 ed.
3528 5688 3672 5745 ﬂasil.
3701 5681 3736 5735 Ι.
3759 5694 3801 5746 P-

2274 5776 2409 5839 242;
2463 5776 2642 5833 ltuﬁni
2684 5778 2822 5850 Opp.
2867 5785 2955 5839 ed.
3000 5784 3230 5842 Vallarsi
3267 5808 3318 5860 υ.
3359 5791 3482 5854 27:,
3520 5785 3679 5853 Migne
3713 5771 3801 5826 Ρα-

2273 5874 2399 5919 tr0I.
2431 5866 2494 5920 T.
2532 5867 2646 5921 XXI
2681 5885 2736 5939 p.
2771 5871 2896 5926 511.
