4016 6434
257 388 319 443 m
1682 363 1916 423 VITAE.

3325 372 3429 430 162

261 499 388 564 simul
427 498 701 559 virorum
752 492 855 549 aut
886 487 1148 569 amplius
1182 504 1300 568 per
1347 487 1749 577 solitudinem
1776 490 1825 548 Α
1849 501 1997 547 vere
2022 482 2402 552 domiciliis?
2427 486 2499 547 In
2534 484 2655 549 hoc
2698 485 2841 550 loco
2867 486 3113 568 depulsi
3147 485 3429 570 undique

258 602 594 679 dispersorum
653 590 1182 670 oppugnabantur
1227 588 1337 671 (1).
1389 591 1519 663 Qua
1568 588 1648 651 de
1682 606 1751 651 re

265 700 457 762 Ruﬁnus
473 698 550 758 ita
573 691 809 758 scribit
836 708 848 750 :
881 713 908 749 ι
941 693 1108 765 Quae
1135 707 1437 771 praesens
1466 690 1594 753 vidi
1649 688 1749 752 lo-

263 818 393 880 quor,
420 806 473 859 et
497 812 725 859 eorum
759 798 918 869 gesta
944 791 1173 867 refero,
1207 808 1477 871 quorum
1497 792 1565 853 in
1601 808 1751 872 pas-

269 898 476 960 sionibus
501 894 712 956 socius
759 907 886 953 esse
931 892 1272 971 promerui.
1315 891 1396 952 Hi
1440 891 1753 953 ducebant

271 994 529 1056 exercitum
573 989 840 1064 Domini,
874 1006 998 1052 non
1034 988 1398 1051 mortalibus
1433 988 1599 1064 telis,
1637 989 1749 1051 sed

278 1095 357 1155 ﬁde
378 1092 663 1169 religionis
699 1096 1014 1165 armatum,
1048 1090 1390 1151 exercitum
1419 1090 1749 1151 moriendo

270 1196 569 1265 vincentem,
616 1199 679 1252 et
729 1191 832 1269 qui
876 1190 1196 1268 sanguinis
1241 1190 1338 1251 sui
1380 1188 1749 1270 profusione

268 1294 405 1354 victor
433 1292 727 1354 Christum
764 1301 1129 1370 sequeretur
1168 1291 1246 1353 ad
1289 1290 1559 1353 coelum.
1608 1291 1752 1364 Qui-

257 1412 342 1472 que
388 1394 516 1454 dum
559 1394 629 1454 in
678 1392 1091 1455 tabernaculis
1139 1391 1330 1471 positi
1387 1398 1449 1453 et
1499 1398 1750 1453 orantes

256 1499 617 1573 exspectarent
666 1492 1092 1554 interfectores
1146 1510 1319 1566 suos,
1370 1490 1610 1553 delatus
1657 1497 1753 1553 est

254 1593 306 1653 ad
326 1610 411 1654 eos
437 1593 621 1655 homo
655 1594 796 1655 olim
825 1592 1123 1654 membris
1151 1592 1442 1654 omnibus
1473 1599 1535 1654 et
1573 1610 1752 1672 prae-

259 1693 382 1772 cipue
405 1693 663 1773 pedibus
695 1693 920 1754 aridus.
956 1698 1114 1769 172
1145 1692 1268 1753 Sed
1295 1710 1436 1753 cum
1466 1693 1544 1754 ab
1580 1693 1656 1753 iis
1683 1694 1750 1755 in

259 1794 439 1853 nomine
460 1793 704 1854 Domini
732 1792 874 1854 oleo
903 1791 1121 1853 fuisset
1150 1798 1514 1871 perunctus,
1545 1792 1750 1853 statim

252 1890 576 1953 conﬁrmatae
619 1899 763 1952 sunt
798 1890 1047 1971 plantae
1088 1892 1245 1953 eius.
1288 1893 1362 1954 Et
1397 1893 1751 1955 dicentibus

245 1989 344 2050 iis:
381 1993 441 2052 In
480 1992 738 2053 nomine
793 1994 936 2053 lesu
984 1991 1227 2067 Christi,
1279 2010 1469 2071 quem
1526 1994 1753 2056 Lucius

245 2092 599 2171 persequitur,
632 2109 816 2170 surge
846 2099 909 2155 et
944 2101 1039 2154 sta
1080 2093 1148 2155 in
1192 2094 1462 2173 pedibus
1498 2095 1648 2169 tuis,
1690 2101 1754 2157 et

245 2190 341 2251 redi
375 2192 429 2252 in
470 2192 731 2254 domum
791 2200 987 2266 tuam,
1046 2195 1351 2255 continuo
1408 2211 1754 2272 exsurgens

252 2294 294 2348 et
318 2291 570 2354 exsiliens
641 2292 1059 2356 benedicebat
1114 2294 1335 2369 Deum,
1414 2294 1754 2357 ostendens

258 2391 357 2465 quia
388 2408 511 2453 vere
555 2400 695 2454 erat
741 2393 808 2454 in
866 2394 944 2455 iis
1010 2396 1174 2455 Deus
1223 2393 1332 2471 (2).
1395 2416 1425 2452 in
1483 2395 1755 2457 Narratis

259 2484 415 2551 deinde
438 2492 602 2554 caeci
635 2492 809 2554 illius
826 2492 1100 2555 hominis
1123 2501 1184 2555 et
1212 2493 1560 2555 catulorum
1593 2495 1759 2557 leae-

254 2599 333 2646 nae
364 2591 793 2665 sanationibus,
846 2610 1001 2672 quas
1046 2593 1295 2655 Macarii
1355 2592 1757 2655 Alexandrini

252 2684 415 2748 virtute
451 2690 642 2753 factas
676 2692 801 2753 iam
831 2692 1170 2767 attulimus,
1204 2693 1469 2753 Ruﬁnus
1500 2693 1589 2754 sic
1618 2710 1758 2772 per-

249 2785 337 2860 git:
358 2811 379 2841 ι
399 2790 505 2850 Sed
533 2792 601 2852 in
630 2791 736 2853 his
757 2793 1047 2853 omnibus
1076 2794 1301 2854 Lucius
1331 2810 1459 2853 non
1483 2794 1753 2869 erubuit,

248 2903 330 2948 nec
360 2889 567 2970 ahquid
603 2894 999 2955 reverentiae
1037 2893 1333 2954 virtutum
1370 2893 1757 2955 mirabilibus

251 2983 438 3062 detulit;
467 2993 615 3071 quin
641 2993 843 3054 immo
872 2992 1047 3054 iubet
1075 3000 1285 3073 patres
1314 2994 1485 3073 ipsos
1517 2993 1757 3055 ablatos

253 3100 275 3141 ι
297 3102 439 3166 siege
465 3109 597 3166 suo,
632 3092 835 3153 immo
884 3091 1041 3153 clam
1074 3100 1310 3172 raptos,
1370 3092 1437 3152 in
1490 3092 1759 3154 insulam

1850 584 2218 648 latebamus.
2268 585 2597 659 Quomodo
2645 605 2758 650 vos
2802 605 3202 669 nequaquam
3238 590 3429 652 latere

1850 682 2213 763 potuimus?
2234 685 2523 747 Cedimus
2549 686 2823 767 antiquis
2849 688 3127 763 sedibus,
3156 688 3431 770 populos

1850 792 2092 846 vestros
2128 791 2455 865 terrasque
2486 786 2769 866 recipite.
2800 788 2952 849 Cum
2982 788 3137 851 haec
3168 790 3428 864 diceret,

1849 887 2213 967 increpatus
2267 888 2345 949 ab
2387 887 2466 949 iis
2526 889 2758 951 erroris
2794 889 3048 969 spiritus
3095 891 3427 969 eﬂ‘ugatur,

1852 996 1917 1050 et
1965 988 2175 1069 puella
2203 1006 2353 1049 sana
2379 1006 2505 1050 una
2542 1008 2687 1052 cum
2717 992 3081 1071 parentibus
3114 993 3244 1054 suis
3271 992 3434 1054 iace-

1848 1089 1957 1151 bat
1974 1088 2053 1150 ad
2076 1088 2273 1167 pedes
2290 1089 2488 1150 nostri
2504 1091 2809 1170 temporis
2831 1092 3286 1171 apostolorum.
3315 1094 3431 1167 Qui

1849 1189 2079 1251 talibus
2101 1188 2374 1251 exordiis
2397 1190 2832 1269 praedicantes
2850 1194 2929 1254 iis
2954 1194 3144 1255 ﬁdem
3181 1194 3432 1256 Domini

1849 1288 2049 1351 nostri
2081 1292 2223 1350 Iesu
2254 1288 2501 1364 Christi,
2540 1290 2606 1351 in
2664 1298 2896 1353 tantam
2950 1293 3431 1355 conversionem

1851 1396 2114 1469 repente
2153 1407 2264 1451 eos
2316 1391 2770 1468 perduxerunt,
2821 1399 2888 1453 ut
2918 1388 3127 1452 statim
3159 1392 3261 1453 die
3296 1392 3436 1473 ipsa

1851 1489 2140 1551 manibus
2166 1494 2321 1565 173
2344 1490 2471 1551 suis
2516 1491 3020 1569 antiquissimum
3043 1492 3352 1572 templum
3375 1498 3438 1554 et

1850 1590 1916 1651 in
1935 1608 2177 1652 summa
2205 1591 2608 1653 veneratione
2630 1590 2913 1653 habitum
2934 1592 3354 1665 destruerent,
3375 1598 3438 1653 et

1855 1691 2185 1754 ecclesiam
2212 1690 2541 1754 confestim
2573 1691 2998 1754 aediﬁcarent.
3048 1694 3177 1755 Nec
3215 1692 3293 1756 ad
3321 1693 3435 1755 de-

1783 1829 1826 1885 B
1856 1791 2251 1855 liberandum
2278 1792 2480 1871 spatio
2508 1791 2813 1871 temporis
2845 1799 3175 1870 eguerunt,
3208 1791 3439 1871 quibus

1858 1892 2046 1955 ﬁdem
2079 1909 2290 1953 rerum
2336 1890 2615 1952 fecerant
2643 1908 2773 1953 non
2808 1892 3026 1965 verba,
3064 1890 3175 1953 sed
3219 1890 3435 1952 virtus.

1857 1992 1981 2055 Sed
2035 1992 2157 2054 hoc
2217 2008 2363 2054 cum
2423 1990 2645 2053 fuisset
2706 1990 3118 2053 Alexandriae
3184 1991 3439 2053 nuntia-

1858 2101 2023 2167 tum,
2080 2100 2307 2155 ventus
2346 2094 2594 2165 Lucius,
2637 2109 2720 2154 ne
2766 2092 2929 2154 forte
2968 2092 3152 2155 etiam
3181 2110 3439 2155 suorum

1857 2196 1924 2257 in
1963 2212 2109 2257 eum
2157 2195 2300 2257 odia
2325 2196 2495 2273 justa
2535 2200 3024 2270 consurgerent,
3068 2193 3177 2272 qui
3222 2200 3440 2272 aperte

1856 2296 1983 2357 iam
2023 2294 2259 2357 bellum
2290 2311 2421 2356 non
2453 2293 2841 2367 hominibus,
2882 2292 2995 2355 sed
3038 2294 3166 2355 Deo
3196 2294 3439 2358 indice-

1861 2404 1977 2473 ret,
2012 2395 2255 2459 occulte
2277 2412 2387 2457 eos
2414 2394 2694 2456 revocari
2724 2400 2785 2454 et
2811 2394 2878 2455 in
2910 2411 3193 2456 eremum
3225 2396 3440 2457 remit-

1858 2500 1907 2561 ti
1970 2499 2147 2561 iubet
2185 2497 2291 2576 (3).
2328 2520 2356 2552 η
2403 2498 2745 2574 Hucusque
2784 2496 3049 2556 Ruﬁnus
3102 2496 3180 2557 de
3218 2513 3442 2557 senum

1863 2599 2072 2661 exilio.
2107 2600 2392 2660 Socrates
2421 2595 2628 2658 claudi
2668 2594 2833 2656 illius
2864 2594 3138 2657 hominis
3178 2596 3449 2657 sanatio-

1863 2716 2010 2760 nem
2053 2715 2183 2759 non
2212 2696 2538 2776 exposuit,
2577 2694 2683 2755 sed
2718 2692 2874 2755 haec
2902 2700 3142 2755 tantum
3197 2695 3447 2773 scripsit

1864 2816 2025 2877 quae
2064 2803 2447 2876 sequuntur:
2486 2819 2513 2850 α
2545 2795 2823 2873 Cumque
2870 2794 2948 2855 ad
2995 2794 3203 2855 locum
3235 2793 3448 2874 ipsum

1864 2896 2339 2976 pervenissent,
2398 2894 2563 2956 viros
2634 2892 3189 2972 deprehenderunt
3248 2892 3445 2955 solitis

1864 2994 2088 3055 studiis
2125 3000 2187 3054 et
2216 2991 2765 3054 exercitationibus
2794 2999 3157 3070 occupatos,
3197 2997 3446 3053 orantes

1866 3096 2125 3169 scilicet,
2160 3094 2397 3155 morbis
2426 3092 2775 3166 medentes,
2817 3092 3149 3154 daemonia
3186 3092 3446 3155 eiicien-

253 3188 493 3260 quandam
516 3192 792 3271 Aegypti
821 3191 1142 3271 paludium
1174 3192 1511 3271 deportari,
1539 3192 1604 3253 in
1634 3210 1757 3270 qua
1787 3183 1831 3242 ε
1863 3202 1957 3257 tes
2001 3194 2107 3276 (4).
2138 3218 2167 3252 ››
2198 3196 2285 3255 De
2311 3194 2569 3255 senibus
2605 3192 2671 3253 in
2701 3192 2955 3253 exilium
3005 3192 3202 3273 pulsis
3232 3195 3451 3255 Socra-

251 3299 594 3367 compererat,
639 3293 965 3354 neminem
993 3311 1252 3373 prorsus
1275 3310 1413 3354 esse
1460 3292 1755 3354 Christia-

247 3400 375 3461 num,
412 3408 526 3470 quo
581 3410 703 3472 per
759 3391 879 3454 hoc
930 3392 1030 3454 vel
1077 3394 1317 3471 absque
1359 3392 1596 3453 solatiis
1661 3391 1757 3453 vel

248 3487 427 3566 absque
459 3492 775 3554 consuetis
812 3492 1052 3554 actibus
1079 3493 1377 3553 viverent.
1419 3493 1613 3553 Senes
1637 3492 1755 3570 igi-

250 3590 322 3646 tur
342 3607 454 3651 cum
474 3592 719 3655 duobus
746 3592 897 3654 solis
924 3593 1320 3672 pedissequis
1340 3598 1528 3653 noctu
1560 3592 1639 3653 ad
1666 3593 1761 3653 in-

254 3684 396 3747 sulem
419 3690 830 3764 deducuntur,
851 3692 918 3751 in
939 3710 1062 3771 qua
1088 3698 1218 3753 erat
1239 3691 1542 3769 templum
1563 3692 1761 3769 quod-

261 3781 363 3844 dam
394 3806 604 3853 summa
650 3791 1061 3852 veneratione
1117 3808 1152 3853 a
1198 3790 1323 3852 loci
1368 3790 1592 3851 incolis
1639 3791 1755 3851 ob-

264 3896 507 3953 servatum.
555 3896 843 3972 Cumque
887 3892 1159 3971 primum
1204 3892 1488 3954 navicula
1534 3908 1759 3953 senum

263 3994 382 4046 oram
406 3990 502 4052 soli
553 3992 729 4053 illius
774 3990 1159 4070 contigisset,
1203 4007 1352 4052 ecce
1401 3990 1607 4052 subito
1656 4008 1757 4051 sa-

258 4083 458 4149 cerdotis
481 4090 696 4170 templi
726 4090 895 4151 illius
931 4090 1104 4166 virgo
1145 4088 1269 4150 ﬁlia
1309 4095 1597 4166 correpta
1626 4088 1759 4166 spi-

254 4179 357 4256 ritu,
379 4202 497 4247 cum
523 4188 768 4267 ingenti
799 4187 1246 4249 vociferatione
1287 4195 1349 4247 et
1382 4186 1761 4247 clamoribus

253 4294 399 4359 usque
414 4287 479 4347 ad
508 4289 760 4351 coelum
793 4287 977 4361 datis,
1009 4288 1107 4365 agi
1136 4304 1251 4366 per
1277 4285 1521 4347 medios
1548 4302 1758 4364 POPU‘

250 4375 319 4439 los
352 4388 548 4465 coepit,
606 4397 670 4451 et
720 4387 983 4449 crebros
1021 4386 1261 4448 ducens
1312 4392 1573 4455 rotatus,
1629 4384 1763 4445 stri-

1866 3304 1960 3357 tes
1988 3313 2001 3355 :
2036 3319 2063 3351 α
2095 3294 2400 3369 Quoniam
2429 3294 2646 3371 igitur,
2674 3316 2705 3351 ››
2730 3294 2956 3372 inquit,
2992 3316 3021 3350 α
3052 3294 3450 3357 admirabiles

1863 3396 1956 3458 illi
2003 3396 2120 3456 viri
2161 3395 2335 3457 omni
2376 3394 2694 3468 violentia,
2739 3410 2901 3473 quae
2940 3393 3095 3473 ipsis
3127 3394 3448 3455 infereba-

1863 3502 1987 3571 tur,
2021 3496 2380 3575 superiores
2409 3494 2815 3567 exsisterent,
2868 3493 3149 3555 animum
3195 3494 3449 3557 tandem

1866 3594 2269 3673 despondens
2286 3592 2512 3653 Lucius
2527 3590 2673 3653 duci
2702 3590 3011 3653 exercitus
3024 3592 3357 3662 mandavit,
3379 3598 3451 3653 ut

1867 3700 2073 3774 patres
2107 3692 2557 3753 monachorum
2590 3691 2657 3751 in
2701 3691 2957 3751 exilium
3012 3690 3303 3751 mitteret.
3353 3690 3452 3751 Illi

1866 3800 2076 3855 autem
2114 3797 2291 3853 erant
2333 3789 2583 3850 Macarii
2621 3789 2784 3863 duo,
2819 3788 3163 3866 Aegyptius
3204 3794 3266 3849 et
3312 3787 3452 3849 Ale-

1865 3890 2230 3952 xandrinus.
2252 3886 2674 3965 Viriigiturilli
2693 3887 3003 3967 deportati
3021 3893 3166 3948 sunt
3183 3888 3248 3948 in
3270 3888 3449 3949 insu-

1866 3988 2016 4063 lam,
2044 3989 2110 4049 in
2142 4005 2265 4068 qua
2293 3987 2502 4049 nullus
2540 3992 2670 4047 erat
2697 3986 3082 4047 Christianus
3117 3985 3223 4064 (5).
3263 4013 3282 4043 ι
3331 3987 3453 4047 Cur

1866 4092 2153 4151 Socrates
2207 4088 2376 4151 solos
2421 4087 2722 4149 Macarios
2773 4086 3091 4158 nominet,
3157 4085 3278 4146 nisi
3340 4103 3451 4147 eos

1868 4189 2418 4269 principessenum
2450 4186 2717 4259 duxerit,
2749 4203 2879 4247 non
2905 4183 3239 4261 intelliges.
3270 4186 3450 4246 Cete-

1867 4305 2004 4350 rum
2036 4289 2104 4348 in
2139 4287 2484 4351 enarranda
2524 4287 2661 4365 ipsa
2710 4285 2878 4347 exilii
2931 4303 3154 4346 senum
3192 4284 3454 4347 historia

1868 4389 2103 4462 Rufini,
2133 4404 2323 4466 quem
2364 4386 2819 4465 persecutionis
2847 4386 3026 4446 istius
3053 4392 3275 4447 testem
3312 4385 3451 4447 lau-

251 4478 364 4543 dens
411 4485 516 4549 huc
558 4497 754 4568 atque
839 4486 989 4548 illuc
1068 4486 1285 4547 rabida
1337 4502 1445 4546 ora
1494 4485 1758 4545 vibrare.
1795 4539 1840 4570 n
1871 4489 1975 4551 dat
2003 4486 2110 4570 (6),
2151 4486 2425 4562 vestigiis
2472 4492 2689 4566 aperte
2732 4485 3103 4562 ingreditur.
3149 4487 3451 4546 Sozome-

250 4582 469 4664 Cumque
500 4591 573 4651 ad
611 4589 1048 4671 Spectaculum
1093 4595 1219 4648 tam
1247 4586 1521 4663 ingentis
1584 4602 1765 4646 mon-
1794 4582 1835 4597 “’
1866 4605 1985 4648 nus
2045 4586 2216 4648 illam
2260 4586 2465 4647 claudi
2536 4585 2813 4648 hominis
2882 4586 3271 4648 curationem
3353 4585 3453 4647 his

252 4683 345 4756 stri,
367 4691 602 4752 maxime
629 4690 809 4771 quod
833 4698 997 4751 esset
1025 4687 1365 4751 sacerdotis
1384 4684 1528 4759 lilia,
1561 4685 1668 4763 qui
1696 4684 1763 4745 in
1860 4686 2087 4764 allegat
2118 4686 2323 4747 verbis
2356 4704 2369 4745 :
2404 4709 2433 4742 α
2466 4687 2556 4748 Eo
2592 4686 2734 4765 ipso
2778 4692 3089 4765 tempore,
3116 4702 3244 4765 quo
3283 4683 3449 4744 mili-

255 4779 436 4849 honore
483 4794 832 4872 praecipuo
882 4791 1052 4869 apud
1111 4789 1256 4851 illos
1316 4794 1485 4860 erat,
1540 4784 1764 4865 pOpuli
1862 4792 1955 4845 tes
2004 4784 2070 4844 in
2127 4800 2237 4844 eos
2311 4783 2617 4869 impetum
2664 4782 2887 4845 facturi
2933 4790 3137 4856 erant,
3192 4782 3453 4843 traditus

258 4890 632 4965 convenissent,
671 4909 795 4972 per
821 4908 1003 4952 auras
1030 4907 1168 4951 eam
1214 4896 1456 4966 raptam
1484 4902 1761 4964 sequen-
1860 4882 2015 4961 ipsis
2048 4882 2301 4961 quidam
2332 4900 2469 4944 esse
2502 4884 2749 4957 dicitur,
2785 4884 2963 4946 cuius
2998 4890 3167 4944 artus
3202 4882 3491 4961 iamdu-g

260 4984 323 5038 les
355 4992 692 5062 perveniunt
732 5006 935 5068 usque
978 4988 1056 5049 ad
1100 4986 1450 5048 naviculam
1506 5002 1753 5045 senum.
1865 4983 2016 5045 dum
2079 4984 2159 5044 ita
2201 4982 2455 5045 arefacti
2502 4991 2678 5045 erant
2732 4990 2920 5063 atque
2978 4982 3323 5055 extenuati,
3385 4990 3455 5044 ut

263 5076 325 5137 lbi
342 5100 453 5148 vero
478 5093 757 5170 proiecta
799 5107 1017 5151 eorum
1044 5089 1312 5168 pedibus
1349 5093 1410 5147 et
1454 5092 1760 5165 prostrata
1868 5082 2136 5161 pedibus
2158 5081 2443 5142 insistere
2466 5098 2595 5144 non
2624 5090 2913 5160 posset...
2945 5079 3052 5159 (7),
3085 5104 3113 5136 ››
3144 5081 3452 5143 vocabulo

264 5175 454 5248 Clamare
492 5194 704 5271 coepit
753 5208 768 5251 :
821 5191 976 5263 Quid
1004 5190 1257 5251 venistis
1306 5187 1453 5261 huc,
1521 5203 1559 5247 ο
1603 5186 1765 5247 servi
1873 5206 1901 5237 α
1933 5189 2140 5259 λέγεται
2164 5205 2191 5236 υ
2228 5205 2255 5235 α
2283 5181 2517 5241 dicitur
2541 5204 2568 5235 ››
2605 5181 2868 5241 fortasse
2915 5180 3213 5241 Rufinum
3242 5180 3452 5258 ‘signi-

226 5290 227 5295 “
257 5273 343 5339 Βθί
371 5292 584 5367 summi,
626 5291 908 5370 antiquis
948 5308 1066 5352 nos
1108 5297 1169 5351 et
1204 5286 1552 5350 veternosis
1589 5285 1763 5347 evol-
1872 5284 2089 5357 ﬁcans,
2119 5300 2154 5343 a
2183 5299 2312 5361 quo
2341 5282 2405 5343 id
2434 5289 2783 5360 acceperat.
2808 5280 2894 5343 De
2923 5282 3235 5345 senibusa
3261 5282 3453 5344 Lucio

1794 4539 1840 4597 D

216 5426 219 5429 ’
301 5465 359 5533 (u
390 5466 509 5525 una.
541 5472 638 5525 lib.
664 5468 709 5522 ιι
734 5484 856 5538 cap.
900 5468 1047 5523 sed.
1097 5467 1265 5523 Basil.
1312 5466 1349 5518 1.
1384 5480 1437 5535 p.
1472 5464 1601 5527 542,
1638 5460 1769 5515 v.1-
1944 5459 2021 5529 (4)
2053 5456 2270 5511 Socrat.
2292 5454 2433 5511 Hist.
2464 5455 2605 5511 Eccl.
2631 5456 2727 5511 nn.
2759 5454 2826 5510 1v
2855 5452 3451 5528 cap.eeed.i.p.239.

248 5552 345 5609 larsi
371 5562 530 5627 p.270
558 5578 665 5632 sq.,
702 5560 886 5629 Migue
922 5560 959 5613 l.
995 5560 1031 5612 l.
1942 5555 2020 5623 (5)
2048 5552 2111 5607 L.
2150 5555 2188 5607 l.

302 5648 361 5715 (1)
383 5649 504 5704 Ibid.
532 5654 624 5707 lib.
659 5652 701 5705 ll
739 5667 863 5719 cap.
902 5651 936 5703 4
967 5651 1002 5704 l.
1040 5651 1079 5703 1.

1942 5646 2019 5714 (6)
2054 5646 2115 5699 L.
2144 5645 2181 5699 ι.

305 5740 509 5807 (3)1bid.
539 5748 623 5800 ed.
666 5744 840 5798 Basil.
877 5744 913 5797 l.
946 5758 997 5812 p.
1034 5742 1163 5807 245,
1192 5742 1281 5798 ed.
1316 5738 1550 5795 Vallarsi
1580 5753 1632 5809 p.
1661 5736 1767 5792 272
1944 5739 2021 5807 (7)
2068 5739 2283 5792 Sozom.
2318 5734 2461 5792 Hist.
2497 5734 2644 5789 Emi.
2684 5740 2778 5797 lib.
2822 5734 2890 5788 Vl
2926 5750 3048 5804 cap.
3093 5734 3164 5789 20
3195 5732 3287 5790 ed.
3317 5732 3359 5790 Ι.
3394 5756 3445 5810 p.

258 5842 368 5901 sqq.
396 5831 554 5904 iligna
580 5837 772 5907 p.512
814 5850 895 5904 sq.
1869 5826 1993 5881 663.

448 5930 707 5992 PATROL.
748 5931 867 5990 Gn.
914 5931 1207 5990 XXXIV.
3084 5923 3121 5979 6
