4016 6432
598 400 712 456 165
1389 385 1486 442 SS.
1531 374 1989 439 MACARIORUM
2022 365 2346 426 AEGYPTII
2388 364 2475 419 ET
2527 361 2994 418 ALEXANDRINI
3743 366 3836 422 ηςῶ

598 509 919 589 exagitatis
939 499 1487 566 Sozomenushaec
1517 496 1744 558 refert:
1779 484 2173 551 «Cuiusmodi
2204 488 2246 543 Α
2278 496 2416 540 rum
2467 476 2698 540 chorus
2754 475 3190 536 dimitteretur.
3250 475 3338 535 Ita
3415 483 3572 553 175
3632 477 3832 540 civium

597 621 749 676 tunc
817 604 1272 669 monachorum
1341 596 1686 679 praefectos
1740 591 1932 654 fuisse
1989 604 2172 648 acce-
2277 578 2610 642 tumultum
2640 577 3054 638 extimescens
3108 574 3335 636 Lucius
3387 575 3617 638 sanctis
3672 577 3834 652 viris,

598 711 808 792 pimus
862 703 1164 766 Macarios
1213 674 1393 771 duos,
1441 697 1520 758 de
1555 693 1784 773 quibus
1821 690 1944 751 iam
1994 693 2175 747 antea
2277 689 2346 744 ut
2375 681 2454 744 ad
2480 679 2812 760 speluncas
2836 693 2978 739 suas
3009 674 3306 749 redirent,
3344 674 3659 737 concessit
3708 675 3834 754 (5)..

599 787 896 880 diximus,
949 811 1011 866 et
1080 801 1314 864 Pambo
1357 800 1517 873 174
1544 803 1730 872 atque
1785 787 2177 852 Heraclidem

600 919 972 987 ceterosque
1027 903 1279 965 Antonii
1341 895 1685 976 discipulos
1717 892 1824 970 (1).
1867 915 1896 946 »
1935 888 2054 950 Sed
2117 894 2180 948 et

598 1015 736 1092 ipse
753 1027 897 1072 cum
917 1007 1144 1068 Ruﬁno
1164 1001 1492 1070 consentit,
1513 999 1632 1058 hoc
1644 994 1779 1056 solo
1797 990 2176 1064 discrimine,

601 1112 776 1193 quod
827 1111 892 1170 in
955 1104 1283 1169 Sozomeni
1347 1098 1605 1160 historia
1659 1097 1737 1158 de
1795 1094 1908 1154 ista
1971 1107 2178 1152 sacer-

603 1192 768 1274 dotis
809 1210 934 1272 ﬁlia
974 1233 1000 1263 α
1027 1204 1326 1267 Macarius
1355 1201 1618 1278 eiusque
1658 1195 1920 1259 comites
1954 1216 1982 1248 ιο
2028 1192 2178 1252 dae-

602 1328 855 1374 monem
888 1309 1236 1384 obiurgant,
1283 1309 1344 1363 et
1395 1303 1460 1362 in
1510 1303 1633 1362 ﬁne
1663 1296 1889 1358 Lucius
1936 1292 2181 1356 occulte

602 1411 931 1492 praecipit,
979 1433 1006 1463 «
1034 1378 1122 1480 ut,
1175 1406 1282 1485 qui
1341 1421 1485 1466 cum
1529 1400 1795 1462 Macario
1831 1401 2062 1467 essent,
2104 1393 2182 1454 ad
2285 1392 2410 1446 tur.
2443 1386 2731 1445 Socrates
2753 1383 2922 1443 enim
2954 1383 3032 1443 de
3075 1381 3213 1458 lege
3253 1379 3528 1460 quadam
3573 1378 3844 1457 loquitur,

603 1479 784 1573 sedes
817 1479 968 1572 suas
999 1515 1059 1569 et
1086 1508 1154 1567 in
1172 1479 1574 1567 solitudinem
1596 1507 1985 1562 revertantur
2035 1495 2179 1575 (2)».
2286 1503 2406 1564 qua
2465 1485 2691 1546 Valens
2746 1484 3089 1562 praecepit,
3131 1504 3157 1536 α
3195 1489 3264 1542 ut
3295 1479 3715 1556 [orthodoxi],
3758 1479 3846 1557 qui

602 1613 1036 1674 Theodoretus
1061 1609 1360 1685 denique,
1386 1621 1582 1683 quum
1611 1601 1688 1662 de
1717 1597 2184 1662 crudelitatibus
2285 1585 2692 1648 Alexandriae
2729 1591 2789 1645 et
2821 1583 2885 1643 in
2917 1582 3157 1661 reliqua
3189 1586 3400 1643 essent
3431 1583 3733 1658 Aegypto,
3773 1578 3844 1638 fu-

602 1715 670 1775 in
730 1709 1170 1792 persecutione
1231 1678 1347 1767 ista
1402 1678 1773 1782 perpetratis
1836 1697 1913 1759 ad
1978 1695 2185 1756 literas
2289 1695 2585 1764 gerentur
2637 1684 2802 1764 (6).»
2852 1685 3135 1744 Ceterum
3165 1682 3392 1743 Valens
3444 1697 3503 1742 a.
3560 1679 3694 1754 373,
3738 1678 3842 1758 pri-

606 1813 773 1874 Petri
799 1810 1080 1890 episc0pi
1112 1805 1190 1888 (3)
1215 1805 1587 1880 delegasset,
1629 1799 1708 1860 de
1749 1796 1934 1858 exilio
1965 1811 2185 1855 senum
2221 1843 2260 1896 Β
2289 1804 2388 1848 ma
2421 1786 2690 1847 Ianuarii
2737 1785 2862 1858 die,
2895 1783 3096 1860 legem
3146 1781 3430 1854 sancivit,
3469 1780 3648 1841 cuius
3692 1786 3846 1840 tenor

606 1913 765 1974 haec
794 1911 982 1971 verba
1021 1908 1206 1969 facit:
1261 1928 1287 1960 α
1310 1903 1439 1965 Viri
1471 1906 1616 1963 sunt
1640 1900 1707 1961 in
1742 1902 2046 1976 Aegypto,
2079 1893 2187 1972 qui
2223 1879 2260 1896 ”
2294 1887 2398 1949 hic
2430 1894 2524 1948 est
2558 1904 2571 1947 :
2607 1910 2634 1942 α
2668 1886 2930 1959 Quidam
2968 1883 3250 1961 ignaviae
3283 1888 3626 1949 sectatores
3662 1879 3844 1940 deser-

608 2012 974 2090 angelorum
1052 2005 1591 2070 conversationem
1658 1999 2042 2061 aemulantes
2110 1995 2188 2055 ab
2295 1989 2374 2049 tis
2427 1989 2741 2050 civitatum
2797 1987 3163 2048 muneribus
3220 1989 3476 2062 captant
3515 1981 3846 2043 solitudines

607 2112 856 2172 urbium
895 2107 1262 2169 tumultibus
1289 2122 1355 2165 se
1383 2101 1838 2171 subduxerunt,
1868 2096 2190 2172 vitamque
2296 2105 2368 2148 ac
2399 2094 2659 2160 secreta,
2697 2093 2758 2148 et
2790 2086 3002 2166 specie
3044 2085 3368 2163 religionis
3399 2101 3547 2145 cum
3599 2081 3846 2144 coetibus

607 2213 675 2273 in
721 2210 1057 2271 solitudine
1086 2223 1269 2284 agere
1303 2203 1678 2264 maluerunt.
1710 2198 1826 2258 Ubi
1855 2212 2191 2258 arenosum
2297 2185 2722 2246 Monazonton
2765 2190 3249 2262 congregantur.
3301 2183 3442 2243 Hos.
3477 2181 3665 2258 igitur
3693 2186 3847 2257 atque

609 2331 680 2374 ac
716 2309 924 2371 sterile
954 2278 1157 2368 solum
1181 2303 1383 2366 fertile
1405 2301 1743 2363 reddentes
1771 2296 2042 2357 fructum
2062 2294 2191 2353 Deo
2299 2281 2659 2344 hUiusmOdi
2687 2283 2847 2344 intra
2904 2287 3255 2360 Aegyptum
3294 2278 3723 2359 deprehensos
3760 2293 3848 2356 per

2299 2383 2597 2446 comitem
2661 2383 2926 2444 Orientis
2991 2381 3127 2443 erui
3186 2399 3220 2442 e
3284 2380 3544 2442 latebris
3605 2375 3850 2441 consulta
3906 2375 3907 2388 ‘

2300 2483 2750 2562 praeceptione
2804 2482 3255 2555 mandavimus,
3315 2488 3509 2560 atque
3567 2480 3644 2542 ad
3674 2477 3847 2540 munia

2300 2581 2645 2662 patriarum
2683 2581 3006 2643 subeunda
3040 2581 3341 2654 revocari,
3378 2588 3489 2642 aut
3518 2597 3631 2660 pro
3668 2585 3846 2638 tenore

2303 2692 2554 2744 nostrae
2593 2683 2933 2744 sanctionis
2974 2680 3370 2743 familiarium
3414 2697 3624 2742 rerum
3673 2690 3842 2740 carere

2303 2782 2660 2857 inlecebris,
2697 2801 2851 2862 quas
2878 2800 2991 2862 per
3018 2799 3128 2844 eos
3168 2781 3533 2842 censuimus
3575 2777 3843 2840 vindican-

2305 2882 2438 2956 das,
2479 2884 2588 2962 qui
2640 2883 3032 2962 publicarum
3079 2888 3287 2944 essent
3335 2880 3602 2942 subituri
3631 2890 3846 2940 munera

2357 882 2445 944 De
2474 881 2660 943 exilio
2687 879 2943 960 quidem
2962 895 3185 940 senum
3214 876 3370 938 haec
3403 875 3588 938 nobis
3626 876 3688 936 in
3723 893 3837 938 me-

2281 983 2454 1046 dium
2502 980 2879 1063 proferenda
2929 985 3127 1041 erant.
3166 977 3675 1038 Persecutionem
3717 994 3840 1037 vero

2280 1084 2461 1146 istam
2508 1080 2960 1144 monachorum
2998 1079 3223 1140 Lucius
3244 1125 3259 1151 ,
3283 1077 3463 1138 urbis
3494 1074 3841 1155 praefectus,

2284 1185 2546 1263 eiusque
2584 1181 2880 1243 satellites
2913 1196 3043 1240 non
3091 1187 3216 1240 tam
3255 1194 3370 1238 suo
3408 1178 3626 1250 Marte,
3683 1193 3843 1254 quam

2284 1284 2423 1362 lege
2461 1282 2735 1345 Valentis
2763 1279 3160 1361 imperatoris
3193 1279 3395 1340 innixi
3428 1278 3632 1355 egisse
3661 1277 3846 1337 viden-

610 2409 1048 2470 suavissimum
1083 2402 1706 2484 pulcherrimumque
1749 2396 1960 2456 ferunt
1996 2393 2191 2452 virtu-

610 2517 762 2581 tem,
797 2524 984 2586 quam
1024 2504 1142 2565 sibi
1176 2499 1698 2580 tanquamlcgem
1731 2497 2191 2573 imposuerunt.

611 2609 798 2670 Cuius
827 2605 1085 2684 quidem
1117 2599 1484 2679 disciplinae
1515 2598 1707 2658 duces
1738 2611 1879 2656 cum
1906 2591 2008 2652 alii
2041 2588 2198 2650 mul-

609 2710 653 2771 ti
699 2709 1013 2778 exstitere,
1071 2711 1205 2764 tum
1247 2701 1523 2781 Optimus
1551 2696 1987 2773 religiosorum
2034 2689 2199 2752 ordi-

611 2825 765 2871 num
793 2806 1086 2883 magister
1115 2803 1232 2864 fuit
1274 2800 1579 2861 Antonius
1599 2797 1704 2858 ille
1726 2794 2194 2863 celeberrimus,

611 2907 721 2984 qui
773 2905 850 2965 ad
890 2903 1130 2964 virtutis
1174 2899 1545 2981 palaestram
1596 2893 1924 2956 monachis
1974 2890 2194 2951 solitu-

611 2981 829 3068 dinem
878 3005 1101 3066 evexit.
1150 3002 1297 3062 Eius
1340 3000 1528 3075 igitur
1575 2995 1686 3056 viri
1755 2991 2200 3071 discipulos—
2305 2983 2723 3045 functionum.
2802 3004 2912 3064 pp.
2979 2985 3234 3063 Byritho
3315 2981 3584 3044 Kalend.
3642 2981 3844 3041 Ianuar.

613 3107 752 3185 ipse
783 3105 949 3164 enim
982 3119 1126 3164 cum
1157 3099 1441 3162 maximis
1476 3104 1538 3159 et
1577 3094 2016 3176 pulcherrimis
2053 3109 2203 3154 one-
2306 3084 2741 3146 Valentiniano
2771 3093 2833 3146 et
2861 3084 3118 3146 Valente
3166 3087 3284 3144 ΑΑ.
3323 3086 3500 3145 C085.
3555 3082 3657 3161 (7).
3693 3103 3719 3135 ι
3745 3078 3847 3149 QUO

615 3183 790 3266 ribus
818 3204 896 3265 ad
927 3201 1300 3281 tranquillos
1329 3205 1548 3279 portus
1569 3195 1988 3276 appulerat—
2016 3195 2206 3256 miser
2233 3197 2276 3255 C
2306 3187 2495 3262 igitur
2542 3187 2609 3246 in
2666 3185 2920 3247 decreto
2953 3202 3084 3246 non
3129 3190 3393 3264 propter
3451 3183 3656 3255 vitam,
3699 3190 3849 3256 quam

615 3307 736 3368 iste
783 3311 844 3366 et
882 3303 1348 3365 infelicissimus
1381 3300 1657 3376 [Lucius]
1696 3299 2035 3359 insectatus
2084 3306 2196 3371 est,
2304 3288 2584 3364 degunt,
2631 3287 3106 3359 monachicam,
3157 3302 3372 3346 verum
3434 3285 3582 3365 quia
3630 3292 3850 3343 munera

619 3422 692 3466 ac
731 3402 1082 3464 divinorum
1138 3401 1391 3461 illorum
1432 3407 1724 3460 coetuum
1768 3397 1990 3470 duces,
2033 3397 2201 3458 ccle-
2305 3389 2507 3450 civilia
2545 3395 2608 3450 et
2657 3387 2911 3450 curialia
2962 3387 3240 3463 effugere
3296 3384 3458 3447 velle
3496 3383 3848 3464 putabantur.

619 3510 798 3570 brem
850 3503 1029 3564 illum
1075 3500 1445 3572 Macarium,
1495 3504 1558 3557 et
1611 3496 1875 3556 alterum
1924 3495 2204 3555 eiusdem
2306 3497 2644 3551 sectatores
2687 3490 2968 3568 ignaviae
2998 3488 3312 3550 dicuntur.
3351 3487 3552 3548 Simili
3592 3500 3662 3545 ex
3701 3493 3850 3542 causa

620 3606 917 3678 nominis,
957 3621 1071 3663 nec
1099 3617 1228 3662 non
1266 3599 1576 3660 Isidorum
1608 3595 1892 3672 aliosque
1942 3594 2019 3655 de
2065 3611 2206 3673 spe-
2305 3590 2405 3650 alii
2430 3607 2684 3669 quoque
2726 3591 3160 3668 imperatores,
3187 3588 3354 3648 inter
3404 3603 3566 3666 quos
3600 3585 3852 3646 Constan-

620 3707 826 3770 luncis
877 3705 1182 3768 abductos
1231 3703 1298 3762 in
1338 3699 1609 3761 insulam
1662 3697 1979 3777 quandam
2038 3696 2202 3757 rele-
2305 3693 2497 3765 tinus,
2528 3690 2794 3753 curiales
2815 3689 3174 3751 sacerdotes
3222 3688 3356 3750 ﬁeri
3405 3689 3720 3749 vetuerant
3763 3675 3848 3756 (8)-

623 3809 820 3886 gavit,
884 3822 1047 3884 quae
1105 3793 1183 3864 ab
1234 3802 1447 3880 impiis
1511 3799 1872 3860 hominibus
1933 3797 2205 3859 habitata
2308 3793 2526 3870 Neque
2555 3808 2705 3852 vero
2755 3790 2833 3852 de
2871 3791 3094 3869 quovis
3136 3789 3479 3862 monacho,
3526 3800 3722 3864 neque
3755 3794 3848 3840 no—

623 3910 870 3972 nullum
897 3878 1174 3986 unquam
1205 3878 1455 3983 pietatis
1486 3903 1852 3979 magistrum
1878 3899 2202 3961 habuerat.
2307 3889 2587 3951 minatim
2621 3889 2701 3950 de
2737 3905 3000 3950 munere
3035 3888 3285 3949 militari
3315 3887 3414 3949 lex
3445 3885 3552 3947 illa
3589 3878 3846 3960 loqmtuf.

625 4008 906 4084 Cumque
947 4002 1190 4064 insulae
1229 4017 1377 4061 orae
1425 3999 1994 4078 apprOpinquasset
2029 3996 2204 4056 navi-
2307 3991 2420 4053 sed
2466 3992 2544 4054 de
2599 3991 2990 4063 hominibus,
3048 3990 3157 4069 qui
3226 3989 3490 4050 desertis
3538 3977 3850 4046 muneribus

628 4107 822 4184 gium,
855 4105 1160 4174 daemon,
1203 4099 1312 4178 qui
1357 4098 1446 4160 ibi
1491 4097 1834 4168 colebatur,
1883 4113 2210 4157 consecra-
2304 4092 2603 4172 publicis,
2633 4094 2832 4171 specie
2875 4092 3203 4171 religionis
3241 4107 3385 4151 cum
3428 4084 3738 4151 monachis
3761 4078 3847 4138 de-

625 4216 759 4267 tum
825 4203 944 4264 sibi
995 4202 1294 4262 deserens
1351 4198 1750 4260 simulacrum
1777 4243 1791 4270 ,
1828 4195 2000 4274 quod
2056 4196 2209 4256 anti-
2311 4198 2496 4269 gunt;
2520 4208 2630 4253 eos
2664 4192 2831 4252 enim
2861 4199 2965 4252 aut
3003 4191 3082 4253 ad
3111 4190 3323 4251 munia
3347 4190 3582 4268 patriae
3605 4175 3851 4247 obeunda

630 4321 827 4383 quum
875 4302 1008 4363 eius
1054 4300 1255 4361 fuerat
1303 4297 1720 4370 domicilium,
1772 4296 1961 4358 ﬁliam
2008 4313 2211 4357 sacer-
2312 4292 2564 4364 retrahi,
2599 4299 2705 4353 aut
2728 4309 2793 4353 re
2825 4292 3113 4353 familiari
3157 4291 3414 4370 spoliari
3452 4288 3645 4350 iussit.
3691 4285 3853 4354 Quan-

632 4405 796 4466 dotis
850 4404 927 4464 ad
987 4401 1292 4462 insaniam
1323 4398 1654 4461 concitavit
1694 4404 1755 4458 et
1807 4395 2209 4456 furibundam
2312 4410 2500 4472 quam
2570 4393 2862 4454 inimicos
2918 4391 3370 4454 catholicorum
3431 4389 3569 4466 lege
3631 4380 3853 4460 turpiter

631 4500 710 4562 ad
740 4499 886 4559 litus
917 4498 1196 4569 deduxit,
1229 4514 1356 4576 quo
1393 4497 1599 4556 navim
1643 4494 1912 4571 remiges
1943 4493 2209 4572 appule-
2244 4543 2288 4597 Β
2315 4493 2486 4553 abuti
2537 4491 2721 4554 facile
2787 4493 3067 4572 potuisse
3093 4540 3107 4561 ,
3159 4509 3347 4553 nemo
3404 4509 3534 4552 non
3584 4476 3849 4554 intelligit.

630 4607 771 4661 rant
819 4599 927 4678 (4).
961 4620 988 4653 ι)
1047 4599 1297 4667 Cetera,
1361 4611 1524 4673 quae
1573 4600 1942 4672 sequuntur,
1997 4591 2076 4651 ad
2121 4590 2209 4664 id,

632 4701 805 4781 quod
836 4718 871 4761 e
917 4698 1146 4758 Ruﬁno
1191 4695 1544 4761 didicimus,
1575 4693 1762 4771 plane
1800 4692 2086 4754 redeunt.
2141 4694 2212 4752 In

633 4776 758 4863 ﬁne
779 4799 1238 4861 Theodoretus:
1262 4796 1528 4864 «Haec,»
1552 4792 1778 4871 inquit,
1797 4791 1950 4852 «ubi
1969 4792 2034 4852 in
2054 4790 2212 4851 urbe
2321 4793 2608 4855 nolentes
2640 4793 2908 4854 fustibus
2934 4801 3308 4855 necarentur
3329 4793 3436 4874 (9).
3477 4817 3504 4849 υ
3540 4793 3688 4865 176
3711 4776 3854 4855 Ουοά

631 4902 1065 4968 innotuerunt,
1126 4892 1408 4954 omnium
1458 4890 1626 4952 illico
1672 4889 1875 4950 factus
1920 4895 2013 4950 est
2062 4906 2213 4950 con—
2320 4893 2576 4971 quidem
2631 4902 2748 4956 etSt
2795 4895 2934 4972 lege
2985 4913 3114 4957 non
3152 4896 3557 4976 exprimitur,
3609 4896 3856 4962 magnam

630 5018 856 5064 cursus
884 4997 1143 5060 Lucium
1168 4991 1632 5069 obiurgantium
1659 4995 1720 5050 et
1763 4989 1970 5051 divina
2015 5005 2084 5050 se
2119 4990 2212 5051 ira
2317 5001 2485 5056 certe
2511 4995 2955 5074 crudelemque
2984 4997 3174 5059 fuisse
3211 4997 3654 5058 monachorum
3682 4998 3857 5066 perse-

634 5099 1004 5181 plectendos
1025 5095 1389 5168 dicentium,
1414 5091 1534 5153 nisi
1562 5090 1809 5152 divinus
1833 5090 1940 5152 ille
1966 5096 2215 5152 sancto-
2323 5095 2666 5171 cntionem,
2698 5115 2734 5159 a
2761 5098 3019 5160 Valente
3048 5099 3398 5172 excitatam,
3432 5115 3465 5158 e
3507 5095 3566 5154 S.
3621 5089 3852 5163 Chryso—

2319 4595 2590 4672 Prosper
2641 4593 2898 4672 quidem
2942 4593 3286 4672 Aquitanus
3328 4593 3534 4671 legem
3571 4607 3604 4651 a
3642 4584 3852 4646 Valente

2319 4691 2524 4754 datam
2558 4711 2693 4754 esse
2720 4693 3010 4754 tradidit:
3051 4717 3079 4749 α
3113 4700 3184 4755 ut
3225 4693 3518 4755 monachi
3543 4685 3852 4751 militarent.

711 5296 788 5368 (ι)
830 5294 967 5349 Ibid.
999 5312 1051 5364 p.
1081 5294 1206 5348 662.

709 5390 788 5461 (‘2,
822 5387 959 5441 Ibid.
990 5403 1044 5455 p.
1071 5388 1176 5441 665
1206 5388 1259 5441 in
1297 5386 1425 5440 ﬁne.

711 5484 788 5554 (3)
820 5481 1047 5535 Exstant
1075 5481 1128 5534 in
1158 5480 1484 5534 Theodorei.
1517 5475 1655 5531 Hist.
1686 5474 1834 5528 Eccl.
1865 5473 1961 5527 lib.
1987 5473 2052 5526 IV
2083 5491 2203 5545 cap.

645 5574 734 5636 19,
762 5571 901 5641 Opp.
928 5571 1016 5626 ed.
1052 5570 1299 5624 hocsselt
1335 5572 1398 5626 T.
1429 5567 1492 5620 Ill
1529 5585 1582 5636 p.
1616 5567 1722 5622 987
1752 5583 1873 5636 sqq.

716 5663 790 5732 (ὁ)
826 5664 1153 5718 Theodoret.
1191 5661 1328 5715 Hist.
1368 5659 1516 5714 Eccl.
1550 5659 1646 5714 lib.
1679 5656 1747 5710 ιν
1782 5675 1910 5730 cap.
1950 5661 2018 5714 18
2046 5659 2134 5713 cd.
2175 5659 2209 5711 l.

650 5765 702 5819 ι).
737 5753 841 5807 985
871 5771 954 5824 sq.

635 5899 644 5926 ρ
838 5847 898 5902 L.
926 5846 964 5900 Ι.
998 5861 1051 5916 p.
1081 5842 1188 5900 086
1223 5859 1306 5913 sq.

2396 5291 2472 5360 (6)
2518 5289 2676 5346 Socr.
2711 5292 2853 5348 Hist.
2885 5291 3035 5348 Eccl.
3060 5295 3158 5350 lib.
3182 5293 3249 5348 IV
3272 5311 3392 5366 cap.
3414 5295 3486 5350 24
3505 5291 3589 5349 ed.
3621 5288 3658 5342 l.
3683 5301 3726 5354 ρ.
3748 5275 3851 5330 238.

2394 5385 2474 5452 (7)
2510 5385 2647 5439 Cod.
2676 5384 2953 5442 Theodos.
2988 5387 3105 5451 XII,
3133 5389 3183 5449 1,
3215 5389 3301 5444 6'5.

2394 5476 2469 5546 (3)
2508 5475 2909 5533 Constantinus
2955 5479 3092 5534 Cod.
3143 5479 3419 5536 Theodos.
3458 5475 3603 5536 XVI,
3631 5470 3689 5524 2.
3718 5465 3762 5516 5.
3798 5455 3849 5511 ϐξ

2325 5567 2740 5625 Valentinianus
2777 5570 2913 5624 ibid.
2947 5570 3093 5633 XVI,
3126 5571 3184 5633 2,
3218 5573 3304 5626 17.

2391 5662 2466 5728 (9)
2507 5661 2697 5730 Presp.
2743 5663 3009 5732 Aquitan.
3055 5666 3260 5718 Chron.
3300 5665 3496 5734 integr.
3532 5657 3592 5712 P.
3635 5643 3850 5712 1,Μῑεειθ

2322 5751 2526 5808 Patrol.
2565 5752 2630 5807 Τ.
2664 5753 2725 5806 LI
2764 5771 2817 5823 p.
2859 5755 2983 5808 583.
