4016 6436
194 310 280 365 ίῧδ
1764 325 2000 385 VITAE.
3416 340 3515 398 ιω

208 432 375 495 stumi
413 430 620 496 libris
646 436 979 499 adversus
1006 448 1457 519 oppugnatores
1495 442 1661 503 vitae
1705 459 1842 503 πιο-
1872 455 1917 511 Α
1947 439 2204 503 minima
2219 458 2312 516 ea,
2334 458 2494 521 quae
2509 442 2587 504 de
2607 443 2938 507 Virtutibus
2958 444 3364 511 Macariorum
3392 457 3525 519 Ru-

216 534 503 595 mchicae
543 536 642 615 (1)
681 538 1027 600 discimus.
1944 542 2108 602 ﬁnus
2128 542 2192 602 in
2216 543 2695 605 Continuatione
2720 546 3032 607 Historiae
3052 548 3520 614 Ecclesiasticae

289 634 506 692 Restat
565 641 649 695 ut
716 636 1135 697 Macariorum
1186 637 1608 711 mentionem,
1648 655 1839 717 quam
1940 640 2195 701 Eusebii
2234 642 2566 720 scripserat
2627 642 2733 725 (6),
2794 644 3075 707 alludere
3132 648 3442 711 videntur.
3475 646 3523 712 E

228 735 353 795 data
383 737 890 812 persecutionis
919 736 1088 797 istius
1126 737 1474 801 narrandae
1505 739 1838 800 occasione
1940 739 2218 801 fontibus
2236 738 2859 821 deniqueincognitis
2877 746 3160 809 Socrates
3189 747 3343 811 haec
3364 764 3524 814 nova

226 833 481 895 Ruﬁnus
525 833 730 909 fecit,
790 835 1062 897 breviter
1102 835 1204 897 hic
1249 837 1723 915 subiungamus.
1778 840 1839 899 Is
1940 841 3523 928 adiecitzc<Eratporro[illacariusAegyptius]reve-

238 934 410 1003 enim,
440 950 659 1011 quum
693 939 1056 1013 temporum
1092 933 1345 995 illorum
1382 932 1703 997 historiam
1733 936 1840 998 de-
1939 943 2175 1003 rendus
2212 944 2444 1022 pariter
2480 962 2551 1006 ac
2585 960 2839 1007 severus
2881 947 2947 1007 in
2977 948 3141 1023 illos,
3176 951 3285 1028 qui
3315 950 3527 1030 ipsum

245 1031 627 1110 scripsisset:
668 1056 699 1087 α
765 1032 1662 1113 Florebat,ninquit,«igitur
1724 1040 1839 1099 Ae—
1938 1041 2213 1103 adibant.
2269 1044 2569 1105 Macarius
2630 1064 2779 1108 vero
2837 1045 3314 1125 Alexandrinus,
3379 1068 3520 1113 cum

248 1143 455 1212 gyptus
497 1150 581 1194 ea
624 1138 1004 1212 tempestate
1058 1150 1186 1194 non
1222 1134 1427 1195 solum
1465 1135 1723 1197 eruditis
1769 1138 1836 1198 in
1937 1152 2393 1221 usquequaque
2432 1144 2649 1205 similis
2689 1154 2851 1207 esset
2894 1151 3227 1228 Aegyptio,
3273 1168 3349 1213 eo
3391 1160 3527 1213 tan-

240 1234 577 1296 christiana
608 1232 1019 1313 philosophia
1046 1234 1213 1309 viris,
1246 1252 1459 1297 verum
1494 1238 1678 1298 etiam
1712 1236 1831 1313 his,
1937 1246 2069 1300 tum
2095 1241 2506 1320 discrepabat,
2529 1245 2698 1323 quod
2729 1244 2942 1307 hilaris
2965 1248 3081 1309 fuit
3107 1267 3253 1328 erga
3283 1267 3392 1312 eos
3414 1250 3526 1332 qui

234 1338 335 1417 qui
356 1354 474 1415 per
492 1342 746 1397 vastam
779 1350 1054 1395 ercmum
1078 1344 1548 1399 commanentes
1577 1338 1753 1416 signa
1774 1346 1836 1401 et
1937 1340 2013 1400 ad
2038 1338 2240 1418 ipsum
2267 1351 2677 1418 accesserant,
2695 1352 2755 1406 et
2776 1346 3124 1409 urbanitate
3144 1350 3409 1428 quadam
3431 1353 3526 1413 iu-

226 1436 517 1515 prodigia
552 1434 921 1515 Apostolica
954 1436 1347 1516 simplicitate
1391 1439 1551 1500 vitae
1590 1446 1649 1499 et
1689 1457 1832 1501 cor-
1938 1442 2148 1502 niores
2169 1443 2242 1503 ad
2265 1443 2654 1522 disciplinam
2675 1447 3104 1509 monachicam
3129 1449 3341 1512 allexit
3361 1451 3468 1530 (7).
3492 1478 3520 1511 ››

229 1538 320 1598 dis
362 1538 743 1598 sinceritate
777 1536 1104 1598 faciebant.
1152 1540 1235 1599 Ex
1279 1540 1507 1618 quibus
1555 1540 1830 1614 interim,
1936 1544 2149 1603 Cetera
2185 1544 2392 1620 igitur,
2424 1561 2499 1603 ex
2540 1546 2800 1622 Evagrio
2833 1547 3228 1629 deprompta,
3259 1551 3335 1612 ad
3369 1553 3524 1615 duas

236 1657 385 1719 quos
420 1640 560 1719 ipsi
590 1639 889 1713 vidimus,
915 1645 975 1700 et
996 1657 1266 1719 quorum
1304 1641 1597 1703 benedici
1627 1642 1831 1703 mani-
1934 1642 2183 1703 Macarii
2205 1644 2490 1722 Aegyptii
2509 1644 2797 1706 historias
2818 1647 2895 1706 de
2909 1666 3241 1722 causa,cur
3261 1649 3520 1715 iniuria-

238 1740 345 1803 bus
371 1742 767 1815 meruimus,
801 1740 864 1800 hi
895 1748 1038 1800 sunt
1063 1760 1075 1801 :
1097 1742 1399 1803 Macarius
1422 1741 1499 1803 de
1522 1742 1832 1820 superiori
1867 1813 1900 1820 _
1935 1761 2074 1804 rum
2121 1745 2199 1805 ab
2252 1744 2615 1806 hominibus
2660 1742 3036 1807 inflictarum
3087 1750 3523 1813 recordatione

239 1861 470 1915 eremo,
504 1843 679 1904 alius
709 1843 1009 1905 Macarius
1032 1841 1108 1902 de
1131 1840 1435 1915 inferiori,
1458 1841 1734 1901 Isidorus
1768 1841 1833 1902 in
1866 1813 1906 1866 Β
1936 1845 2276 1905 memoriae
2320 1846 2443 1905 vim
2491 1863 2994 1926 corrumpamus,
3037 1865 3072 1909 a
3110 1848 3524 1913 daemonibus

230 1941 419 2020 Scyti,
468 1941 758 2001 Pambus
804 1941 869 2000 in
901 1937 1171 2012 Cellulis,
1210 1937 1458 2016 Moyses
1500 1944 1561 1999 et
1606 1938 1831 1999 Benia-
1934 1960 2082 2003 vero
2102 1952 2499 2023 acceptarum
2520 1946 2983 2008 reminiscendo
3014 1964 3143 2008 non
3174 1947 3521 2023 laedamus,

97 2045 112 2069 '
224 2042 357 2102 min
404 2042 473 2102 in
514 2042 745 2114 Nitria,
813 2040 1077 2119 Scyrion
1112 2045 1173 2099 et
1241 2038 1450 2099 Helias
1499 2044 1559 2099 et
1606 2038 1834 2100 Paulus
1937 2051 1998 2104 et
2021 2044 2099 2104 de
2119 2044 2511 2118 abstinentia,
2535 2064 2657 2125 qua
2677 2046 3003 2124 Evagrium
3026 2048 3127 2108 siti
3147 2066 3525 2128 oppressum

224 2145 293 2205 in
334 2143 663 2223 Apeliote,
718 2140 875 2204 alius
914 2141 1139 2203 Paulus
1184 2142 1251 2203 in
1298 2143 1501 2218 Focis,
1554 2145 1832 2205 Poemen
1934 2147 2155 2207 umbra
2174 2152 2535 2207 contentum
2554 2164 2688 2209 esse
2708 2148 3526 2230 iusserat,redeunt(8).So-

231 2251 293 2303 et
334 2240 581 2321 Ioseph
627 2240 696 2301 in
737 2239 982 2319 Pispiri,
1024 2240 1132 2319 qui
1178 2239 1611 2319 appellabatur
1651 2257 1834 2301 mons
1937 2264 2237 2308 zomenus
2267 2248 2343 2308 de
2373 2248 2653 2315 Macariis
2684 2267 2882 2328 pauca
2911 2250 3122 2311 retulit
3151 2268 3228 2311 ex
3255 2252 3528 2314 Historia

245 2344 661 2407 AntoniiSed
693 2349 755 2404 et
780 2343 936 2404 alios
968 2342 1369 2422 quamplures
1398 2342 1833 2404 huiuscemodi
1936 2350 2252 2423 Lausiaca,
2275 2349 2393 2411 hoc
2415 2358 2622 2411 tamen
2647 2350 2993 2431 praemisso
3025 2352 3287 2415 exordio
3315 2371 3327 2413 :
3356 2378 3381 2409 «
3408 2355 3522 2415 Or-

247 2448 405 2507 viros
431 2446 493 2507 in
530 2443 805 2523 Aegypti
843 2444 1120 2523 partibus
1148 2443 1451 2517 habitare,
1474 2443 1642 2504 fideli
1667 2462 1837 2505 com-
1939 2450 2073 2511 diar
2097 2456 2303 2511 autem
2336 2451 2413 2511 ab
2441 2454 2747 2530 Aegypto,
2778 2456 2839 2512 et
2871 2468 2907 2512 a
2939 2451 3186 2513 duobus
3218 2454 3523 2528 Macariis,

246 2549 519 2628 perimus
565 2546 790 2607 auditu
818 2545 925 2625 (2).
964 2568 993 2601 η
1030 2547 1200 2606 Inter
1240 2549 1594 2623 Aegyptum
1640 2562 1833 2623 supe-
1939 2548 3136 2627 celeberrimisrectoribus,quiinScete
3152 2550 3291 2610 etin
3311 2558 3526 2613 monte

242 2650 467 2710 riorem
494 2656 562 2709 et
588 2647 954 2707 inferiorem
978 2646 1028 2707 si
1051 2646 1473 2723 distinguitur,
1494 2646 1835 2724 superioris
1938 2650 2213 2727 regionis
2241 2646 2405 2711 illius
2434 2650 2862 2730 praefuerunt.
2887 2653 3165 2722 Quorum
3193 2648 3349 2711 alter
3378 2651 3524 2729 qui-

246 2752 435 2812 eremi
482 2749 837 2810 Macarium
882 2746 1255 2826 Aegyptium
1304 2746 1501 2807 Scetis
1536 2745 1832 2819 incolam,
1940 2751 2083 2812 dem
2108 2752 2446 2831 Aegyptius
2468 2751 2777 2824 fuit,alter
2800 2759 3074 2823 πολιτικός
3116 2750 3160 2811 i.
3189 2750 3526 2813 e.urbicus

247 2852 565 2915 inferioris
599 2848 1087 2912 Alexandrinum
1114 2848 1487 2910 Cellularum
1514 2849 1839 2928 presbyte-
1938 2851 2281 2913 dicebatur.
2300 2853 2442 2912 Erat
2463 2852 2627 2912 enim
2653 2851 2959 2913 oriundus
2981 2868 3058 2912 ex
3090 2850 3247 2912 urbe
3268 2851 3530 2913 Alexan-

250 2974 375 3018 rum
402 2956 612 3016 fuisse
642 2950 1039 3014 crediderim.
1939 2949 2095 3010 dria.
2129 2951 2255 3012 Nec
2282 2968 2413 3011 non
2442 2957 2708 3029 uterque
2736 2950 2816 3011 ob
2847 2947 3121 3010 divinam
3160 2949 3523 3028 praescien-

321 3060 347 3130 ς
389 3056 491 3115 43.
531 3052 832 3123 Socratis,
854 3048 1473 3123 Sozomeni,Suidae,
1496 3046 1837 3129 Nicephori
1938 3050 2085 3111 tiam
2129 3069 2200 3112 ac
2240 3050 2709 3131 phi1050phiam
2748 3047 3131 3111 admirabilis
3167 3056 3229 3110 et
3265 3048 3526 3109 daemo-

253 3156 495 3228 Callisti,
551 3151 955 3230 aliorumque
1010 3166 1221 3211 rerum
1275 3149 1907 3211 ecclesiasticarumC
1943 3150 2128 3214 nibus
2186 3150 2599 3213 formidabilis
2660 3149 2853 3211 multa
2900 3148 3201 3211 miracula
3244 3154 3305 3210 et
3343 3166 3527 3212 cura-

248 3256 656 3335 scriptorum,
689 3252 798 3331 qui
841 3264 972 3311 non
999 3256 1124 3311 tam
1170 3266 1285 3311 suo
1336 3252 1549 3321 Marte,
1581 3266 1771 3329 quam
1804 3267 1839 3311 e
1941 3251 2147 3312 tiones
2194 3252 2536 3332 stupendas
2580 3249 2845 3330 perfecit
2893 3249 3059 3331 (9).»
3104 3250 3263 3311 Illud
3315 3251 3526 3326 etiam,

241 3355 532 3417 fontibus
570 3350 701 3412 illis
737 3350 1067 3429 primariis,
1107 3367 1268 3428 quos
1312 3349 1642 3428 hucusque
1688 3366 1837 3411 exa-
1942 3352 2115 3431 quod
2147 3370 2337 3432 supra
2376 3351 2763 3425 monuimus,
2794 3350 3182 3412 Sozomenus
3214 3351 3385 3413 solus
3413 3368 3531 3413 nos

241 3463 652 3533 minavimus,
678 3454 758 3519 de
785 3453 1063 3519 Macariis
1092 3455 1367 3529 tradunt,
1392 3456 1567 3517 locos
1597 3455 1844 3517 relatio-
1944 3451 2187 3523 edocet,
2211 3452 2547 3514 Macarium
2576 3451 3067 3511 Alexandrinum
3097 3456 3320 3523 serius,
3340 3468 3530 3529 quam

245 3582 489 3643 nesque
534 3563 818 3637 integras
864 3559 929 3619 in
975 3557 1254 3619 medium
1297 3555 1581 3637 proferre
1625 3573 1843 3636 super-
1943 3548 2804 3630 Aegyptium,presbyterum
2834 3547 3389 3627 factumesse(10).
3424 3552 3533 3611 Ce-

246 3672 442 3730 ﬂuum
474 3682 621 3728 esse
652 3671 836 3727 antea
864 3658 1141 3724 arbitrati
1166 3677 1382 3721 sumus
1413 3657 1522 3738 (3).
1553 3662 1842 3719 Attamen
1941 3662 2146 3717 terum
2164 3651 2523 3713 exHistoria
2537 3648 2831 3710 Lausiaca
2860 3649 3089 3709 famam
3114 3649 3192 3709 de
3215 3657 3465 3711 mortuo
3494 3667 3531 3711 a

259 3787 368 3830 eos
393 3767 673 3829 breviter
702 3780 1031 3827 rmensere
1060 3779 1095 3822 a
1124 3777 1192 3821 re
1230 3760 1507 3821 alienum
1536 3775 1669 3819 non
1702 3758 1838 3819 erit.
1942 3753 2210 3816 Macario
2248 3751 2555 3829 Aegyptio
2592 3749 2669 3809 ad
2707 3748 3085 3809 Hieracitam
3114 3746 3530 3809 refellendum

264 3872 339 3931 Et
383 3870 650 3931 Socratis
702 3865 956 3946 quidem
995 3871 1124 3925 tota
1167 3862 1246 3923 de
1296 3859 1577 3921 Macariis
1623 3858 1842 3921 relatio
1945 3854 2264 3927 suscitato,
2306 3853 2383 3914 de
2426 3855 2627 3911 aetate
2672 3848 2920 3909 Macarii
2968 3847 3282 3927 Aegyptii,
3317 3855 3379 3909 et
3419 3866 3533 3909 cur

265 3970 434 4034 libris
476 3970 727 4047 Evagrii
768 3967 1077 4038 innititur,
1111 3962 1388 4042 exceptis
1432 3959 1651 4041 paucis
1697 3960 1840 4039 qui-
1946 3972 2181 4017 nomen
2224 3960 2655 4033 παιδαριογέρων
2701 3948 2862 4019 178
2899 3948 2957 4008 ei
3000 3948 3269 4009 inditum
3318 3948 3529 4023 fuerit,

260 4074 524 4135 busdam
574 4067 921 4133 sententiis.
970 4065 1015 4127 E
1062 4080 1327 4144 quarum
1382 4075 1649 4122 numero
1701 4065 1846 4121 sunt
1946 4055 2259 4128 historias,
2281 4054 2554 4132 denique
2581 4049 2962 4127 singularem
2994 4048 3243 4110 Macarii
3271 4047 3534 4110 Alexan-

258 4176 383 4247 illa,
403 4190 573 4254 quae
597 4188 786 4250 supra
808 4169 883 4230 ad
908 4168 1137 4228 librum
1159 4163 1507 4227 secundum
1528 4162 1844 4242 respicere
1948 4157 2112 4220 drini
2136 4152 2582 4218 continentiam
2607 4150 2859 4254 tradidit
2882 4148 3027 4254 (1‘1).
3056 4150 3385 4254 Praeterea
3413 4150 3532 4254 S_o-

259 4248 596 4338 docuimus
620 4248 726 4351 (4);
753 4271 908 4339 177
932 4268 1041 4329 sed
1073 4267 1310 4338 ultima,
1334 4282 1497 4344 quae
1528 4281 1562 4325 e
1591 4265 1845 4325 Socrate
1948 4274 2249 4319 zomenus
2294 4254 2631 4316 Macarium
2681 4248 3172 4311 Alexandrinum
3204 4272 3232 4305 «
3265 4249 3533 4312 Cellula-

260 4376 345 4436 ibi
370 4350 723 4442 attulimus,
747 4368 933 4429 verba
962 4366 1116 4427 haec
1142 4383 1153 4425 :
1182 4388 1211 4423 ι
1243 4364 1586 4443 Aegyptius
1617 4364 1843 4438 [Maca-
1949 4378 2088 4421 rum
2149 4358 2585 4438 presbyterum
2628 4377 2654 4407 »
2704 4352 2915 4412 denuo
2972 4350 3204 4425 laudat,
3248 4351 3359 4429 qui
3405 4370 3537 4414 non

263 4473 413 4547 rius]
446 4476 546 4531 tot
574 4467 806 4529 sanavit
834 4481 1076 4541 aegros,
1099 4469 1191 4524 tot
1221 4462 1513 4523 obsessos
1534 4478 1570 4521 a
1596 4460 1848 4522 daemo-
1880 4490 1923 4547 ο
1950 4478 2039 4533 se,
2073 4459 2182 4520 sed
2234 4456 2528 4533 angelum
2576 4455 2784 4513 Marco
2832 4468 3085 4529 semper
3114 4468 3209 4524 ea,
3247 4476 3273 4506 «
3309 4470 3471 4531 quae
3500 4471 3537 4514 a

260 4575 448 4635 nibus
476 4569 785 4643 liberavit,
815 4573 907 4639 ut,
939 4582 1101 4645 quae
1127 4581 1242 4643 per
1274 4562 1533 4640 gratiam
1564 4560 1675 4622 Dei
1704 4577 1845 4638 ges-
1953 4557 2277 4620 sacerdote
2338 4552 2626 4615 ﬁdelibus
2684 4549 2762 4610 ad
2826 4548 3016 4610 altare
3086 4549 3375 4627 praeberi
3439 4550 3536 4609 ius

262 4676 443 4746 serit,
481 4678 840 4751 separatum
872 4685 1034 4747 opus
1060 4664 1416 4728 desiderent
1447 4662 1593 4735 (5),»
1645 4661 1723 4723 ad
1757 4660 1842 4721 si-
1952 4660 2172 4738 fasque
2208 4660 2302 4718 est
2332 4653 2478 4734 (12),
2508 4676 2534 4708 »
2563 4650 2917 4730 porrexisse
2938 4648 3243 4722 docuerit,
3271 4647 3331 4709 id
3363 4647 3537 4726 quod

334 4892 407 4958 (l)
448 4890 533 4943 lo.
579 4883 961 4958 Chrysostomi
1005 4878 1145 4951 Opp.
1187 4881 1278 4935 ed.
1318 4877 1673 4933 Montfaucon
1735 4876 1799 4931 T.
1831 4876 1850 4930 1
2025 4877 2105 4947 (8)
2147 4877 2303 4931 Socr.
2337 4876 2377 4929 1.
2411 4875 2508 4943 Lp.
2539 4872 2645 4927 2'55
2675 4870 3027 4941 sq.Cl'.supra
3067 4868 3095 4938 §
3132 4868 3202 4922 29
3232 4882 3287 4936 p.
3322 4866 3424 4921 119
3451 4882 3537 4934 sq.

272 5001 315 5051 β.
346 4983 415 5038 44
448 4996 579 5051 sqq.
2024 4970 2101 5039 (9)
2144 4970 2361 5024 Sozom.
2408 4966 2551 5021 Hist.
2598 4960 2746 5019 Eccl.
2788 4964 2885 5018 lib.
2918 4962 2987 5016 111
3017 4977 3142 5031 cap.
3177 4960 3245 5013 M
3278 4959 3367 5015 ed.
3400 4960 3434 5013 l.
3480 4974 3535 5029 p.

340 5073 408 5139 (2)
451 5070 644 5124 Ruﬁn.
690 5065 833 5121 Hist.
873 5065 1024 5120 Eccl.
1054 5063 1147 5117 lib.
1183 5061 1225 5115 11
1260 5077 1383 5131 cap.
1415 5059 1447 5114 8
1481 5058 1568 5113 ed.
1600 5058 1771 5116 Basil.
1810 5060 1846 5113 1.
1953 5059 2058 5116 515
2092 5075 2175 5129 sq.

281 5177 330 5229 p.
352 5162 480 5226 2&6;
517 5157 709 5213 Hunni
741 5155 880 5226 Opp.
906 5152 995 5210 ed.
1026 5151 1260 5208 Vallarsi
1294 5168 1348 5222 p.
1371 5149 1500 5215 278,
1534 5149 1713 5219 Migne
1742 5148 1849 5203 Pa-
2027 5153 2138 5221 (10)
2177 5149 2261 5204 Cf.
2301 5164 2467 5219 supra
2490 5147 2517 5218 §
2537 5147 2601 5201 21
2639 5161 2694 5217 p.
2727 5145 2798 5200 87
2824 5160 2908 5214 sq.

279 5256 397 5308 trol.
425 5255 484 5309 Τ.
518 5250 651 5306 XXI
686 5266 742 5320 p.
774 5246 899 5302 517.

2027 5242 2141 5312 (11)
2181 5240 2401 5295 Sozom.
2439 5240 2475 5293 l.
2512 5240 2546 5291 I.

224 5368 227 5369 ν
342 5345 413 5418 (ᾇ)
450 5343 632 5414 Supra
671 5339 699 5411 §
740 5338 800 5392 11
824 5355 882 5409 p.
916 5334 1009 5391 '57.

2028 5334 2140 5405 (12)
2183 5332 2401 5386 Sozam.
2425 5329 2565 5385 Hist.
2596 5328 2744 5383 Eccl.
2778 5328 2876 5382 lib.
2913 5324 2982 5381 Vl
3015 5340 3139 5396 cap.
3169 5327 3240 5383 ‘29
3279 5328 3368 5382 ed.
3411 5326 3448 5380 l.
3481 5341 3534 5395 p.

222 5424 225 5445 ί
334 5437 403 5507 (4)
443 5438 630 5507 Supra
665 5433 695 5505 ς
731 5430 805 5485 et
841 5447 894 5501 ρ.
930 5429 1029 5483 m
1064 5444 1150 5499 sq.

1955 5425 2079 5481 681.
2122 5423 2298 5478 Probe
2335 5422 2766 5485 animadvertas,
2803 5420 3167 5474 Sozomenum
3206 5419 3261 5472 h.
3300 5419 3337 5471 1.
3371 5420 3514 5472 inter

326 5502 399 5599 (.5)
439 5529 500 5583 L.
526 5502 582 5583 ’1.
670 5502 688 5505 ﬁ
1962 5532 1982 5566 ι
2020 5513 2319 5568 Macarium
2350 5511 2686 5582 Cellularum
2719 5511 3124 5580 presbyterum,
3159 5528 3177 5559 ι
3214 5515 3270 5563 et
3305 5526 3323 5559 ε
3358 5505 3536 5561 Maca-

320 5622 390 5691 (6)
425 5621 513 5678 Cf.
548 5631 731 5690 supra
761 5612 789 5685 §
830 5610 905 5664 27
934 5625 988 5680 p.
1024 5606 1144 5663 1M.
1958 5608 2104 5660 rium
2139 5625 2157 5652 ι
2189 5605 2275 5659 vel
2308 5624 2325 5655 ι
2364 5602 2661 5657 Macarium
2706 5602 2980 5656 iuniorem
3016 5618 3035 5652 ι
3069 5600 3427 5691 distinguere,
3463 5600 3536 5653 ita

311 5689 381 5789 (7)
424 5716 588 5773 Socr.
622 5689 781 5765 Hist.
818 5702 974 5758 Eccl.
1002 5702 1099 5758 lib.
1133 5701 1199 5755 IV
1223 5714 1344 5776 cap.
1373 5698 1443 5755 23
1465 5697 1554 5754 ed.
1582 5698 1618 5753 I.
1646 5709 1698 5768 ρ.
1723 5696 1849 5753 Q34.
1961 5709 2021 5754 ut
2048 5700 2255 5789 verba:
2289 5717 2306 5748 ‹
2341 5694 2581 5789 Macario
2604 5710 2797 5789 verum
2821 5694 3081 5789 donatum
3112 5692 3217 5745 fuit
3244 5689 3480 5789 abeo:
3514 5709 3535 5742 ι

240 5779 513 5891 σΐίέυρτδ
533 5810 591 5880 ﬁ.
627 5804 711 5862 25
746 5816 808 5871 ρ.
848 5794 939 5852 97.
1966 5808 2073 5846 non
2100 5791 2165 5847 de
2197 5786 2435 5845 Macario
2466 5787 2798 5845 Cellularum
2832 5783 3174 5855 presbytero,
3200 5783 3293 5839 scd
3322 5782 3390 5838 de
3423 5779 3536 5845 Mq-
