4016 6418
570 358 676 417 tm

1358 356 1459 411 SS.
1504 352 1969 411 MACARIORUM
2011 349 2332 407 AEGYPTII
2365 351 2454 407 ET
2492 352 2958 409 ALEXANDBINI

3710 364 3800 421 168

565 500 755 563 supra
785 499 819 542 e
847 478 1122 542 Palladio
1154 474 1681 558 percepimus(1).
1713 473 1893 554 Apud
1935 472 2142 535 Theo-
2175 479 2221 535 Α
2248 474 2458 538 biliter
2511 477 2891 556 praedicavit
2942 477 3167 556 iisque,
3218 477 3331 557 qui
3384 476 3451 539 in
3500 483 3801 550 tormentis

566 584 857 647 doretum
899 587 1152 662 praeter
1200 596 1297 655 ea,
1338 594 1502 658 quae
1548 576 1899 639 audivimus
1929 573 2035 655 (2),
2067 572 2147 635 de

562 683 845 746 Macariis
865 682 1094 744 nostris
1112 679 1272 741 nihil
1290 680 1523 759 reperi.
1552 680 1770 757 Neque
1804 676 2147 757 quidquam

561 785 729 867 apud
756 783 1043 845 Orosium
1066 782 1145 845 de
1166 781 1387 843 iisdem
1408 779 1653 859 uspiam
1680 778 1937 856 legitur;
1959 783 2146 855 atque

563 904 659 960 ea,
702 902 865 965 quae
905 884 973 944 in
1021 880 1371 944 Cassiodori
1416 879 1675 941 historia
1720 878 2026 958 tripartita
2067 877 2145 937 de

561 984 846 1048 Macariis
899 982 1209 1062 Aegyptio
1253 989 1314 1043 et
1353 978 1773 1041 Alexandrino
1811 983 2076 1051 exstant,
2108 994 2145 1037 e

562 1089 817 1149 Socrate
850 1092 911 1146 et
955 1082 1353 1145 Theodoreto
1385 1082 1712 1160 desumpta
1742 1085 1886 1140 sunt
1912 1077 2017 1157 (3).
2056 1077 2147 1137 Si-

560 1186 794 1248 militer
815 1182 1307 1261 Suidasid,quod
1324 1200 1443 1243 s.v.
1459 1182 1782 1242 Macarius
1806 1178 2019 1241 scribit
2035 1177 2140 1258 (4),

562 1306 598 1350 e
631 1290 907 1361 Socrate,
934 1304 1005 1347 ac
1035 1281 1429 1363 Nicephorus
1459 1280 1740 1343 Callistus
1768 1296 1930 1359 quae
1955 1277 2143 1339 habet

564 1390 670 1473 (5),
694 1407 728 1452 e
755 1390 1106 1451 Sozomeno
1139 1393 1199 1448 et
1226 1403 1260 1448 e
1290 1387 1542 1446 Socrate
1570 1379 2008 1460 compilarunt.

635 1572 954 1635 Fabricius
1015 1570 1082 1630 in
1154 1562 1540 1628 Bibliotheca
1607 1563 1839 1622 Graeca
1908 1558 2139 1639 passim

557 1678 855 1737 Ioannem
887 1669 1201 1751 quendam
1244 1662 1659 1743 Hagioelitam
1685 1660 1779 1722 vel
1814 1660 2137 1739 HagiOpo-

556 1778 730 1839 litam
756 1776 801 1837 i.
836 1792 894 1836 e.
935 1768 1575 1848 Hierosolymitanum
1608 1763 1912 1837 nominat,
1949 1778 2139 1841 quem

556 1876 642 1937 ait
692 1876 904 1935 Leone
959 1868 1180 1930 Allatio
1226 1872 1385 1927 teste
1441 1864 1811 1924 Encomium
1864 1860 2139 1921 Macarii

555 1973 851 2053 Aegyptii
868 1972 935 2033 in
961 1967 1359 2032 bibliothecis
1380 1964 1565 2027 codd.
1591 1979 1739 2024 mss.
1766 1960 2139 2022 delitescens

559 2078 915 2140 elaborasse
956 2072 1063 2153 (6).
1118 2070 1304 2131 Cuius
1360 2065 1649 2148 Opusculi
1701 2060 1826 2125 Leo
1884 2061 2140 2123 Allatius

558 2179 700 2241 data
740 2174 1075 2238 occasione
1110 2172 1237 2233 duo
1267 2186 1453 2250 parva
1484 2164 1741 2247 protulit
1768 2164 2136 2241 fragmenta,

556 2296 754 2342 unum
789 2277 857 2338 in
894 2276 1056 2337 libro
1094 2291 1210 2335 suo
1241 2273 1319 2334 de
1359 2267 1749 2351 purgatorio,
1774 2265 2038 2328 alterum
2070 2263 2138 2323 in

556 2377 991 2442 dissertatione
1027 2376 1102 2448 ιΙ,
1129 2389 1317 2453 quam
1361 2371 1441 2432 de
1483 2369 1659 2430 libris
1702 2363 2139 2428 ecclesiasticis

552 2482 933 2539 Graecorum
960 2473 1118 2542 179
1132 2470 1398 2550 scripsit.
1422 2468 1600 2529 Prius
1620 2466 1810 2545 igitur
1828 2462 2139 2541 fragmen-

554 2585 684 2639 tum
726 2577 915 2637 latine
961 2573 1273 2635 redditum
1315 2570 1437 2631 hoc
1480 2575 1613 2630 est:
1648 2591 1675 2623 ι(
1706 2564 1993 2646 Oportuit
2020 2579 2134 2623 au-

554 2689 681 2741 tem
709 2686 769 2740 et
802 2693 945 2738 eum
980 2680 1199 2754 utpote
1231 2671 1551 2733 hominem
1583 2682 1921 2729 commune
1952 2662 2135 2724 debi-

550 2788 686 2842 tum
726 2779 1048 2841 exsolvere
1091 2782 1152 2837 et
1188 2775 1256 2837 in
1297 2773 1582 2853 requiem
1628 2769 1799 2831 illam
1845 2767 2132 2829 transire.
2182 2791 2190 2797 ·

552 2878 898 2941 Arcessitur
947 2876 1115 2937 enim
1162 2891 1199 2936 a
1245 2880 1486 2936 rectore
1539 2871 1824 2933 omnium
1878 2869 2009 2930 Deo
2059 2867 2137 2930 ad

554 2983 798 3043 beatam
820 2978 1120 3058 quietem,
1140 2976 1277 3055 ipse
1298 2992 1440 3035 vere
1461 2974 1705 3046 beatus,
1725 2977 1786 3031 et
1806 2968 2135 3031 Dominico

552 3082 783 3143 throno
819 3078 1070 3152 assistit,
1112 3077 1190 3138 ad
1242 3073 1609 3152 angelorum
1652 3077 1868 3133 coetus
1910 3086 2132 3148 prove-

2251 582 2447 649 erant,
2467 578 2905 651 cessationem,
2925 595 3068 639 cum
3098 594 3214 657 pro
3242 577 3366 639 illis
3390 578 3800 661 funderentur,

2250 677 2725 759 suppeditantes
2751 678 3117 740 monstravit
3143 676 3385 759 (9).»Ex
3410 680 3632 758 quibus
3658 701 3801 746 con-

2246 778 2494 853 ieceris,
2551 779 2910 841 encomium
2934 777 3088 839 illud
3128 777 3479 859 hucusque,
3521 791 3801 860 quantum

2248 880 2461 955 sciam,
2498 880 2803 942 ineditum
2829 879 2949 960 (10)
2991 897 3345 942 sermonem
3379 884 3803 962 panegyricum

2247 996 2408 1053 esse,
2433 996 2559 1058 quo
2585 980 2887 1041 Macarius
2917 981 3257 1059 Aegyptius
3284 979 3572 1043 laudibus
3596 983 3800 1047 effera-

2245 1087 2366 1141 tur.
2392 1082 2518 1142 Nec
2546 1097 2676 1141 non
2704 1080 2871 1142 idem
2902 1082 3260 1143 encomium
3293 1084 3653 1144 Assemanni
3681 1084 3801 1145 lau-

2244 1180 2349 1241 dat
2378 1181 2444 1243 in
2481 1180 2881 1255 Calendariis,
2905 1183 3223 1261 vitamque
3255 1183 3501 1244 Macarii
3538 1185 3803 1264 Aegyptii

2243 1296 2277 1341 a
2332 1281 2569 1342 Ioanne
2634 1279 3031 1360 Hagiopolita
3091 1298 3205 1342 seu
3256 1281 3803 1361 Hierosolymitano

2241 1380 2537 1460 scriptam
2552 1381 2825 1462 appellat
2848 1378 2989 1461 (11).
3017 1381 3300 1443 Eundem
3326 1400 3515 1463 porro
3528 1385 3804 1445 Ioannem

2241 1484 2654 1561 Hagioelitam
2706 1502 2819 1545 seu
2874 1483 3338 1565 HagiOpolitam
3391 1486 3516 1545 Leo
3568 1482 3804 1544 Allatius

2240 1584 2389 1647 alibi
2418 1591 2564 1666 post
2603 1587 2902 1646 Ioannem
2944 1586 3396 1647 Damascenum
3430 1586 3513 1647 ita
3542 1601 3803 1647 comme-

2239 1692 2464 1759 morat,
2497 1690 2567 1745 ut
2603 1702 2736 1772 (non
2779 1682 2977 1745 multo
3022 1684 3143 1746 hoc
3184 1684 3382 1745 serius
3421 1684 3643 1745 vixisse
3674 1699 3803 1744 eum

2240 1787 2574 1849 verisimile
2589 1786 2869 1848 videatur
2891 1784 3291 1864 (12).Rursus
3323 1787 3483 1857 180
3508 1786 3571 1846 in
3600 1784 3805 1846 Leonis

2240 1885 2444 1946 Allatii
2476 1884 2639 1947 libro
2675 1895 2967 1967 Συμμικτά
2998 1884 3304 1963 inscripto
3334 1883 3666 1964 Epiphanii
3690 1884 3803 1943 Ha-

2241 1986 2581 2066 giopolitae
2655 1988 3005 2048 Enarratio
3057 1987 3303 2062 Syriae,
3358 1984 3535 2045 urbis
3575 1992 3805 2043 sanctae

2240 2098 2297 2149 et
2342 2106 2667 2149 sacrorum
2701 2088 2791 2149 ibi
2832 2087 3108 2148 locorum
3167 2086 3455 2161 habetur,
3496 2086 3604 2147 ubi
3641 2092 3802 2165 post-

2239 2207 2428 2270 quam
2462 2191 2523 2249 S.
2552 2192 2771 2251 Menae
2802 2196 2863 2250 et
2892 2191 2953 2249 S.
2986 2188 3379 2261 Theodorae,
3416 2212 3443 2243 α
3480 2204 3637 2266 quae
3678 2203 3803 2246 mu-

2238 2296 2367 2351 tato
2399 2290 2657 2351 nomine
2679 2289 2843 2351 dicta
2866 2295 2957 2350 est
2982 2288 3352 2350 Theodorus
3374 2295 3437 2349 et
3458 2294 3751 2357 accusata,
3779 2307 3803 2339 ι

2240 2390 2573 2471 sepulchra
2622 2397 2963 2452 memorata
3012 2397 3179 2465 sunt,
3221 2391 3299 2451 de
3351 2390 3619 2453 Macario
3668 2387 3805 2448 haec

2240 2492 2585 2569 leguntur:
2634 2514 2661 2547 «
2707 2492 2867 2552 Hinc
2917 2490 2995 2552 ad
3044 2491 3370 2553 meridiem
3421 2487 3805 2551 Alexandriae

2239 2612 2348 2655 sex
2395 2593 2641 2653 dierum
2692 2592 2893 2671 spatio
2941 2598 3219 2653 remotus
3265 2599 3360 2652 est
3412 2593 3473 2651 S.
3526 2588 3805 2652 Macarius

2239 2709 2527 2769 magnus,
2559 2691 2670 2770 qui
2715 2691 3006 2770 paradiso
3055 2690 3603 2771 adpropinquavit.
3638 2686 3805 2748 Cuius

2240 2793 2690 2853 monasterium
2727 2791 2983 2852 abbates
3022 2792 3191 2852 mille
3230 2793 3513 2853 continet
3554 2797 3613 2851 et
3652 2786 3803 2848 inille

2238 2893 2525 2965 cellulas;
2572 2899 2665 2954 est
2713 2900 2923 2954 autem
2967 2894 3279 2954 munitum
3324 2894 3523 2956 instar
3564 2889 3801 2955 castelli.

2236 2998 2439 3072 Atque
2480 3010 2516 3053 a
2558 2994 2619 3051 S.
2664 2991 2933 3052 Macario
2986 2990 3218 3052 distant
3264 2991 3513 3053 dierum
3558 2989 3801 3069 quatuor

2239 3092 2463 3152 itinere
2506 3090 2879 3170 repositoria
2920 3090 3165 3150 XXXVI
3208 3092 3486 3171 Iosephi,
3520 3109 3595 3152 ex
3620 3090 3801 3167 iisque

552 3191 689 3243 etus
720 3180 826 3261 (7)·
862 3203 893 3237 ’θ
928 3178 1206 3239 Alterum
1231 3193 1378 3237 vero
1405 3173 1483 3235 ad
1513 3172 1787 3273 ῙδδυῙδξΠ
1814 3172 1891 3273 de
1933 3172 2131 3273 capit?
2161 3166 2201 3223 C
2239 3192 2396 3254 locis
2436 3166 2918 3273 prae—tervehere
2962 3199 3144 3271 potes
3181 3166 3417 3253 Phison
3452 3191 3697 3254 ﬂuvium
3713 3166 3799 3247 iad

546 3276 895 3341 Sacerdotis
918 3274 1167 3354 gentilis
1196 3272 1461 3335 Macario
1483 3270 1790 3350 Aegyptio
1812 3269 1890 3330 de
1912 3268 2136 3347 poenis

549 3377 782 3442 inferni
813 3376 1160 3437 disserente
1186 3372 1267 3453 (8)
1295 3371 1552 3450 respicit
1590 3369 1813 3448 hisque
1849 3367 2133 3447 concipi-

552 3486 652 3541 tur
672 3476 878 3539 verbis
901 3494 914 3536 :
942 3498 970 3532 «
996 3476 1180 3536 Cuius
1205 3488 1425 3553 preces
1447 3477 1508 3533 et
1528 3470 1790 3533 calvaria
1811 3468 2134 3531 cuiusdam

551 3578 800 3659 gentilis
828 3574 1169 3639 sacerdotis
1195 3573 1262 3634 in
1292 3588 1507 3635 eremo
1544 3570 1825 3652 proiecta
1862 3568 2131 3630 admira-

549 3725 701 3780 cario
718 3723 953 3787 iuniore,
981 3720 1076 3791 qui
1107 3719 1426 3775 adolescens
1463 3717 1685 3773 caedem
1704 3715 2127 3773 involuntariam

557 3810 789 3874 fecerat,
819 3811 1058 3864 valeant.

621 3903 698 3975 (1)
742 3901 771 3972 §
812 3901 879 3955 19
918 3917 973 3970 ρ.
1016 3900 1106 3953 71.
1152 3896 1202 3969 5.
1243 3898 1315 3953 εδ
1352 3914 1405 3968 ρ.
1451 3897 1573 3953 101.

620 3994 697 4062 (2)
742 3995 769 4064 §
809 3994 879 4046 se
912 4009 967 4062 ι).
1008 3992 1134 4045 171.

617 4089 694 4158 (5)
720 4087 1092 4155 Hist.tripart.
1129 4084 1222 4137 lib.
1246 4082 1335 4136 vn
1362 4098 1481 4152 cap.
1520 4082 1570 4135 1.
1606 4082 1637 4133 7
1666 4081 1753 4136 ed.
1785 4080 1953 4135 Basil.
1987 4079 2125 4133 1511

548 4197 603 4251 p.
636 4179 760 4234 482.
795 4178 899 4232 492
934 4180 985 4245 (e
1026 4168 1293 4244 Socrate),
1319 4175 1417 4228 lib.
1460 4172 1550 4226 VII
1586 4188 1705 4242 cap.
1738 4173 1808 4227 39
1844 4188 1895 4241 p.
1930 4172 2037 4225 475
2076 4172 2125 4239 (e

548 4271 917 4333 Theodoreto,
939 4270 1022 4325 vel
1047 4269 1227 4340 potius
1247 4283 1277 4323 e
1297 4266 1519 4331 Ruﬁno,
1538 4268 1739 4336 quippe
1759 4280 1921 4336 quem
1946 4263 2124 4319 Theo-

547 4364 769 4420 doretus
795 4362 1099 4432 sequatur).

617 4455 695 4526 (4)
737 4453 939 4509 Suidae
970 4453 1157 4512 Lexic.
1190 4454 1244 4509 h.
1273 4469 1327 4508 v.

615 4548 697 4620 (5)
736 4547 967 4618 Niceph.
1013 4548 1225 4602 Callisti
1272 4545 1420 4603 Eccl.
1462 4543 1605 4601 Hist.
1646 4544 1744 4599 lib.
1778 4543 1850 4598 IX
1890 4559 2012 4613 cap.
2055 4543 2125 4598 14

544 4642 635 4699 ed.
682 4642 850 4697 Basil.
900 4639 1041 4695 4555
1086 4655 1141 4708 p.
1180 4640 1307 4707 406,
1352 4639 1451 4693 lib.
1483 4636 1555 4690 χι
1588 4652 1711 4708 cap.
1751 4637 1818 4691 55
1853 4636 2037 4708 p.572
2071 4638 2123 4707 (e

547 4733 897 4803 Sozomeno);
925 4733 1022 4788 lib.
1054 4730 1125 4785 XI
1156 4747 1277 4801 cap.
1310 4732 1381 4785 ω
1410 4748 1459 4802 p.
1490 4730 1596 4787 579
1623 4733 1673 4799 (e
1707 4728 1977 4797 Socrate).

616 4828 693 4899 (6)
734 4826 971 4882 Fabricii
1015 4824 1151 4880 Bibl.
1192 4823 1385 4878 Graec.
1415 4824 1503 4879 ed.
1547 4822 1788 4878 Harless.
1819 4822 2120 4893 Hamburg.

545 4920 703 4976 1801.
736 4918 800 4974 Τ.
830 4918 880 4973 x
907 4934 962 4988 p.
992 4918 1110 4972 106.
1144 4916 1270 4971 271.
1309 4914 1373 4969 T.
1406 4914 1476 4968 χι
1512 4915 1715 4986 p.657.

615 5010 692 5079 (7)
726 5010 869 5061 Ἔδει
914 5009 972 5061 δὲ
1025 5008 1118 5062 καὶ
1162 5007 1349 5061 τοῦτον
1403 5007 1478 5071 ὡς
1520 5007 1805 5076 ἄνθρωπον
1849 5006 1911 5060 τὸ
1944 5006 2122 5060 κοινὸν

543 5104 802 5157 ἁποτίσαι
854 5104 1033 5173 χρέος,
1083 5105 1178 5157 καὶ
1221 5103 1357 5173 πρὸς
1407 5101 1505 5173 τὴν
1560 5102 1769 5155 ἐκεῖθεν
1819 5101 2119 5173 μεταὸῆναι
2166 5156 2170 5163 ,

544 5195 873 5249 ἀνάπαυσιν.
928 5194 1310 5264 μετακαλεῖται
1358 5193 1508 5264 παρὰ
1543 5192 1637 5246 τοῦ
1684 5194 1793 5247 τῶν
1822 5194 1961 5247 ὅλων
1982 5194 2117 5247 Θεοῦ

542 5286 679 5358 πρὸς
706 5286 805 5354 τὴν
838 5286 1112 5356 μακαρίαν
1143 5284 1315 5357 λῆξιν,
1346 5287 1374 5338 ὁ
1406 5285 1572 5348 ὅντως
1604 5286 1868 5357 μακάριος
1908 5286 2003 5339 καὶ
2043 5285 2121 5355 τῷ

540 5376 844 5445 δεσποτικῷ
886 5375 1060 5445 Θρόνῳ
1114 5375 1534 5446 μετακομίζεται
1585 5376 1824 5446 χορείαις
1873 5376 2120 5445 ἀγγέλων

543 5468 1092 5540 προπομπευόμενος.
1145 5468 1346 5524 Leonis
1385 5469 1571 5523 Allatii
1608 5470 1677 5525 de
1709 5470 1999 5541 utriusque
2017 5468 2117 5526 Ec-

542 5563 744 5619 clesiae
796 5561 1153 5617 occidentalis
1196 5571 1359 5631 atque
1406 5563 1692 5620 orientalis
1748 5573 2009 5634 perpetua
2061 5566 2114 5618 in

541 5654 795 5724 dogmate
840 5652 907 5707 de
940 5655 1262 5723 purgatorio
1287 5656 1670 5720 consensione,
1711 5656 1915 5714 Romae
1970 5659 2106 5713 1655

543 5761 597 5817 τι.
633 5746 735 5800 751
766 5763 849 5815 sq.
886 5784 915 5815 ε

612 5842 691 5912 (8)
734 5841 908 5911 Supra
944 5846 971 5911 ᾗ
1003 5841 1070 5893 52
1101 5857 1152 5910 p.
1188 5840 1306 5893 141.

2234 3300 2519 3371 pontem,
2570 3291 2680 3369 qui
2746 3290 3090 3350 sustinetur
3151 3292 3474 3369 octoginta
3537 3286 3798 3365 navigiis,

2233 3396 2420 3466 atque
2467 3386 2616 3448 inde
2684 3386 3069 3465 Babylonem
3126 3405 3421 3465 magnam
3482 3383 3799 3450 Pharaonis

2235 3490 2467 3565 regiam
2501 3488 2851 3565 ingrederis
2882 3486 3068 3568 (13).»
3099 3490 3215 3549 Vix
3237 3489 3501 3551 dubium
3530 3495 3638 3561 est,
3661 3484 3798 3565 quin

2235 3589 2313 3651 de
2376 3589 2757 3651 monasterio
2827 3588 3078 3650 Macarii
3140 3591 3436 3669 Aegyptii
3503 3589 3793 3668 loquatur.

2305 3734 2381 3803 (9)
2416 3720 2494 3787 Οὗ
2538 3734 2638 3794 τὰς
2665 3734 2973 3805 προσευχὰς
2996 3733 3090 3789 καὶ
3128 3734 3350 3804 κρανίον
3381 3734 3636 3806 Ἕλληνάς
3670 3742 3796 3788 τινος

2234 3824 2425 3894 ἱερέως
2471 3824 2529 3875 ἐν
2555 3825 2747 3895 ἐρήμῳ
2788 3826 3039 3894 κείμενον
3087 3823 3407 3895 παραδόξως
3456 3817 3794 3892 ἀντεκήρυξεν,

2230 3916 2327 3967 καὶ
2359 3918 2471 3977 τοῖς
2509 3916 2564 3967 ὲν
2586 3918 2698 3978 τοῖς
2726 3914 2979 3984 βασάνοις
3008 3915 3191 3969 ἄνεσιν
3222 3915 3589 3986 χαριζομένας
3619 3909 3796 3963 ἐνέδει-

2231 4007 2353 4072 ξεν,
2411 4009 2539 4061 ὂταν
2577 4007 2719 4076 ὑπὲρ
2761 4006 2942 4060 αὐτῶν
2972 4006 3235 4075 γένοιντο.
3283 4007 3486 4063 Leonis
3519 4003 3690 4059 Allatii
3737 3998 3795 4052 de

2231 4099 2385 4151 libris
2419 4098 2727 4152 ecclesiast.
2748 4096 3080 4152 Graecorum
3111 4099 3331 4154 dissert.
3363 4098 3427 4155 Il.
3458 4098 3638 4154 Paris.
3675 4086 3795 4145 1645

2228 4206 2281 4259 p.
2322 4189 2444 4243 19.5.

2300 4281 2412 4352 (10)
2442 4279 2730 4335 Fabricius
2763 4297 2935 4336 unum
2967 4290 3179 4337 tantum
3210 4283 3459 4339 codicem
3489 4272 3794 4335 laudatNa-

2228 4377 2447 4430 nianum
2481 4372 2748 4427 CXXXVI
2784 4371 2883 4428 Nr.
2917 4375 3010 4440 24,
3039 4391 3149 4446 quo
3186 4377 3501 4431 encomium
3545 4367 3684 4427 istud
3726 4365 3791 4417 le-

2228 4467 2396 4533 gitur,
2459 4465 2758 4536 loannique
2837 4465 3170 4537 Hagioelitae
3242 4466 3596 4523 adscribitur.
3662 4455 3789 4512 Bibl.

2232 4557 2436 4612 Graeca
2476 4559 2569 4613 ed.
2610 4556 2854 4615 Harless.
2896 4556 2962 4613 Τ.
3008 4556 3047 4611 Χ
3094 4575 3149 4629 p.
3181 4558 3309 4615 271.

2300 4650 2412 4721 (11)
2452 4650 2779 4707 Assemanni
2823 4651 3152 4707 Calendaria
3189 4650 3465 4710 Ecclesiae
3519 4648 3790 4704 universae

2226 4741 2290 4797 Τ.
2325 4741 2390 4794 Vl
2433 4740 2642 4796 Romae
2681 4741 2821 4796 1755
2849 4758 2903 4812 p.
2933 4742 3023 4796 98.

2296 4836 2412 4905 (12)
2454 4835 2635 4901 Libri,
2691 4836 2785 4905 qui
2847 4836 3173 4891 inscribitur
3202 4855 3215 4890 :
3244 4835 3478 4891 Ioannes
3532 4828 3788 4886 Henricus

2224 4928 2579 4999 Hottingerus
2608 4927 2821 4982 fraudis
2852 4938 2906 4982 et
2940 4929 3282 4998 imposturae
3318 4926 3641 4981 manifestae
3664 4933 3786 4975 con-

2223 5024 2401 5076 victus
2432 5036 2461 5073 a
2493 5019 2674 5074 Leone
2705 5019 2929 5083 Allatio,
2967 5018 3173 5075 Romae
3202 5020 3336 5073 1661
3373 5035 3425 5088 p.
3464 5016 3585 5070 156.

2293 5113 2406 5184 (15)
2440 5113 2548 5165 Καὶ
2580 5113 2717 5183 πρὸς
2748 5112 2895 5165 νότον
2924 5112 3024 5181 τῆς
3053 5110 3462 5182 Ἀλεξανδρείας
3486 5102 3703 5178 ἡμερῶν
3732 5095 3787 5161 ἒξ

2221 5208 2396 5258 κεῖται
2421 5204 2450 5256 ὁ
2494 5202 2647 5271 ἅγιος
2675 5204 2961 5274 Μακάριος
2989 5205 3018 5255 ὁ
3060 5202 3257 5273 μέγας,
3299 5205 3327 5255 ὁ
3375 5197 3679 5270 πλησιάσας
3702 5190 3803 5244 τὸν

2221 5296 2565 5368 παράδεισον.
2626 5295 2781 5366 Ἔχει
2807 5294 2865 5346 δὲ
2893 5297 2925 5363 ὴ
2958 5294 3125 5349 αὐτοῦ
3167 5295 3301 5367 μονὴ
3352 5292 3559 5353 άόάδας
3595 5284 3784 5358 χιλίους

2221 5390 2314 5442 καὶ
2335 5388 2481 5459 χίλια
2519 5386 2726 5441 κελλία.
2774 5386 2922 5438 Ἐστὶ
2953 5385 3012 5439 δὲ
3044 5386 3401 5458 ὶδιόκαστρον,
3444 5383 3537 5436 καὶ
3564 5378 3669 5434 ἀπὸ
3695 5370 3783 5426 τοῦ

2220 5480 2376 5547 ἁγίου
2408 5479 2718 5548 Μακαρίου,
2749 5478 2825 5539 ὡς
2855 5479 2963 5530 ἀπὸ
2986 5479 3209 5549 ἡμερῶν
3237 5477 3541 5547 τεσσάρων,
3572 5468 3705 5524 εἰσὶν
3728 5461 3780 5518 αἱ

2218 5573 2491 5643 ἁποθῆκαι
2537 5570 2630 5625 τοῦ
2676 5573 2870 5641 Ἰωσὴφ
2904 5572 2961 5624 αἱ
3008 5572 3302 5641 τριάκοντα
3339 5568 3419 5631 ἓξ.
3468 5565 3561 5619 καὶ⁸
3590 5564 3651 5614 ἐκ
3680 5553 3780 5608 τῶν

2218 5668 2396 5719 ἐκεῖσε
2441 5666 2647 5735 περνᾷς
2690 5664 2782 5717 τὸν
2824 5665 3072 5734 ποταμὸν
3116 5663 3208 5716 τὸν
3239 5659 3414 5715 Φισὼν
3444 5659 3523 5719 εἰς
3550 5653 3780 5721 γέφυραν

2220 5756 2627 5828 βασταζομένην
2656 5757 2759 5809 ὑπὸ
2788 5756 3117 5827 ὀγδοήκοντα
3144 5752 3422 5825 καράϐων.
3459 5748 3551 5801 καὶ
3584 5736 3777 5795 ἐκεῖθεν

2217 5849 2520 5919 εἰσέρχεται
2551 5847 2649 5918 τὴν
2700 5846 2944 5918 μεγάλην
2973 5846 3292 5909 Βαὸυλῶνα,
3324 5845 3404 5904 εἰς
3436 5838 3495 5893 τὸ
3525 5828 3777 5907 βασίλειον
