4016 6446
279 394 377 452 16⁸3
1821 391 2051 449 γιτΑΕ.

288 511 646 576 Theodore
700 532 859 577 vero
920 532 1039 577 seu
1104 509 1760 576 Pseudo-Theodorus
1815 508 1921 569 ille
1951 514 1993 570 A
2024 508 2389 570 monasterii
2430 506 2944 586 frequentantur;
2980 504 3191 583 ibique
3232 504 3417 564 etiam
3471 508 3602 583 epi.

304 610 474 674 haud
530 614 738 677 dubie
800 621 898 677 est
963 612 1312 676 Dorotheus
1367 609 1468 671 vel
1537 610 1915 691 Apollinaris
2016 606 2291 681 stola,ab
2313 606 2859 667 ’AmrBen-elo’Asi
2881 604 3205 666 monachis
3222 604 3607 665 WadiHabib

321 714 682 793 Syncletica
707 716 913 794 virgo,
938 716 1116 777 cuius
1142 731 1285 776 cum
1311 714 1578 777 Macario
1608 712 1915 792 Aegyptio
2017 704 2097 767 de
2165 706 2539 770 collectione
2605 705 3034 783 [decimarum]
3106 703 3175 765 in
3240 702 3605 781 regionibus

330 833 746 894 congressum
782 815 1191 897 exposuimus
1215 812 1320 894 (1).
2017 805 2228 869 lateris
2283 806 2694 870 occidentalis
2741 805 2974 885 scripta
3006 803 3393 877 reconditur,
3433 801 3606 883 quod

2020 908 2176 969 mihi
2196 908 2452 988 quidam
2473 907 2765 979 narravit,
2794 906 2904 986 qui
2925 905 3003 968 ab
3032 905 3181 977 alio,
3206 904 3384 967 cuius
3405 901 3607 965 oculis

423 995 506 1059 Ad
550 995 913 1059 Μδοπίῖίυω
954 995 1260 1069 venimus;
1292 995 1430 1057 Sec.
1473 995 1580 1056 XV
1622 992 1919 1057 historiae
2018 1008 2125 1070 illa
2154 1008 2399 1070 obiecta
2426 1006 2649 1081 fuerat,
2682 1011 3033 1087 acceperat.
3058 1005 3195 1066 Abu
3218 1004 3421 1065 Macar
3459 1007 3610 1063 natu

3494 387 3607 441 ne
3720 366 3723 369 ’

345 1100 681 1179 Coptorum
732 1098 1122 1177 scriptorem,
1164 1115 1199 1159 e
1244 1104 1429 1175 gente
1480 1097 1751 1158 Arabum
1812 1095 1916 1177 (2).

349 1197 461 1271 Qui
488 1198 606 1259 etsi
636 1196 953 1276 praeclare
981 1197 1249 1277 scripsit,
1283 1196 1361 1258 de
1402 1197 1684 1259 Macariis
1711 1202 1921 1259 tamen

342 1303 608 1379 prOpter
630 1296 935 1358 inscitiam
967 1295 1161 1358 multa
1186 1294 1340 1358 falsa
1360 1295 1774 1357 commiscuit.
1801 1295 1923 1356 Sed

342 1415 543 1477 quum
577 1397 734 1459 liber
762 1396 894 1459 eius
920 1396 1120 1458 rarius
1148 1396 1524 1469 inveniatur,
1560 1395 1739 1458 locus
1766 1396 1928 1457 inte-

339 1516 459 1576 ger
494 1498 678 1559 nobis
715 1497 1181 1578 depromendus
1219 1514 1357 1558 esse
1390 1497 1653 1569 videtur,
1686 1496 1797 1575 qui
1833 1496 1924 1558 la-

339 1601 483 1661 tino
526 1618 816 1661 sermone
860 1598 965 1660 hic
1012 1605 1149 1660 est:
1197 1622 1225 1655 α
1272 1599 1363 1661 Ad
1412 1600 1588 1660 Wzidi
1632 1599 1858 1672 Habib,
1896 1623 1925 1654 »

341 1699 579 1778 inquit,
628 1722 655 1757 α
688 1700 857 1780 quod
888 1699 1129 1773 attinet,
1161 1699 1225 1760 id
1254 1699 1426 1779 quod
1456 1710 1517 1761 et
1550 1699 1925 1762 Waidi-l-Na-

2022 1106 2224 1168 maior
2274 1107 2318 1168 i.
2371 1124 2428 1168 e.
2484 1107 2783 1168 Macarius
2824 1106 3014 1168 vitam
3052 1104 3484 1167 monachicam
3530 1102 3609 1163 ab

2026 1204 2293 1266 Antonio
2316 1204 2551 1278 didicit,
2573 1204 2681 1283 qui
2704 1204 2943 1285 primus
2972 1220 3193 1265 eorum
3219 1201 3536 1265 cucullum
3551 1206 3614 1260 et

2024 1304 2306 1367 aschkim
2337 1304 2402 1365 h.
2438 1321 2495 1367 e.
2526 1303 2848 1381 cingulum
2888 1321 2922 1366 e
2953 1303 3129 1365 corio
3155 1301 3538 1373 confectum,
3578 1316 3614 1360 e

2027 1422 2156 1485 quo
2205 1404 2441 1483 efﬁgies
2460 1404 2686 1465 Christi
2707 1403 2878 1466 cruci
2906 1401 3074 1465 aﬂ'ixi
3118 1400 3376 1482 pendet,
3417 1403 3617 1477 gesta-

2025 1504 2154 1579 bat,
2214 1504 2369 1565 illud
2420 1502 2701 1583 quidem,
2761 1519 2890 1582 quo
2941 1499 3239 1563 monachi
3289 1499 3457 1576 cingi
3507 1513 3614 1559 so-

2027 1602 2182 1665 lent.
2231 1602 2570 1664 Antonium
2618 1599 2877 1681 quidem
2922 1598 2989 1660 in
3039 1601 3256 1659 monte
3304 1592 3614 1667 orientali,

2028 1704 2138 1766 ubi
2160 1703 2538 1765 coenobium
2561 1700 2840 1763 el‘Araba
2860 1704 2977 1774 est,
3005 1696 3267 1769 invenit,
3294 1709 3619 1774 quumque

346 1800 492 1859 trdn
520 1796 621 1857 vel
658 1797 944 1876 planities
983 1797 1235 1858 Schihat
1261 1797 1357 1858 vel
1388 1797 1677 1877 planities
1713 1798 1930 1877 Asquit
1966 1846 2006 1900 Β
2030 1804 2419 1883 aliquantum
2463 1801 2768 1883 temporis
2800 1800 2928 1862 illic
2968 1797 3393 1869 remansisset,
3422 1793 3500 1855 ab
3542 1808 3619 1853 ΘΟ

344 1900 443 1960 vel
496 1898 1028 1960 MizAn-el-Colub
1072 1897 1253 1974 [libra
1297 1898 1606 1975 cordium]
1650 1906 1931 1972 vocatur,

344 2000 501 2061 olim
534 2007 785 2061 centum
824 1998 911 2058 ibi
958 1999 1337 2062 monasteria
1376 2005 1587 2061 erecta
1625 2005 1825 2074 erant,
1858 2016 1936 2059 ex

346 2099 584 2179 quibus
621 2106 833 2178 postea
873 2104 1117 2177 septem
1163 2097 1567 2160 Occidentem
1606 2116 1821 2160 versus
1858 2098 1934 2159 ad

345 2197 517 2260 latus
570 2195 850 2277 planitiei
905 2195 1269 2273 regionibus
1320 2194 1688 2259 el-Buheira
1736 2202 1798 2257 et
1843 2194 1933 2258 el-

350 2298 595 2377 Fejjum
642 2295 1064 2357 interiacentis
1112 2296 1249 2372 sita,
1282 2297 1390 2360 ubi
1436 2298 1643 2377 campi
1690 2297 1940 2359 arenosi

362 2398 559 2458 solum
609 2396 736 2458 sale
782 2396 1065 2476 plenum,
1101 2398 1231 2476 agri
1268 2415 1471 2477 aquae
1523 2398 1707 2477 egeni
1751 2415 1937 2478 prae-

364 2505 539 2575 rupta
603 2513 748 2557 saxa
800 2497 1142 2575 excipiunt,
1192 2504 1643 2559 remanserunt.
1690 2498 1941 2561 Incolae

363 2615 587 2676 aquam
643 2597 722 2659 ad
780 2597 1124 2658 bibendum
1182 2615 1217 2659 e
1272 2598 1478 2678 puteis
1541 2598 1936 2673 hauriebant,

361 2716 623 2761 munera
730 2699 806 2760 iis
918 2699 1479 2780 eleemosynasque
1595 2701 1944 2762 offerebant

358 2800 711 2861 Christiani.
782 2802 958 2863 Nunc
1036 2802 1292 2881 quidem
1372 2800 1655 2863 funditus
1739 2802 1941 2863 diruta

362 2901 520 2970 181
553 2908 724 2961 sunt.
765 2904 961 2979 Atque
1006 2901 1334 2963 Christiani
1378 2920 1587 2963 rerum
1629 2909 1943 2980 gestarum

358 2998 703 3079 scriptores
766 2998 1173 3073 tradiderunt,
1239 3017 1317 3061 ex
1372 2999 1494 3061 illis
1549 3002 1944 3063 monasteriis

359 3103 508 3159 Amr
531 3101 664 3159 Ben
706 3098 914 3159 el-’Asi
943 3098 1337 3178 septuaginta
1371 3099 1567 3162 millia
1604 3101 1946 3163 monacho-

2032 1910 2205 1966 veste
2226 1903 2686 1966 monachorum
2716 1902 2997 1974 indutus,
3028 1901 3094 1961 in
3119 1896 3619 1960 Wadi-l-Natrun

2032 2004 2315 2067 habitare
2341 2005 2547 2067 iussus
2570 2011 2685 2077 est,
2711 2021 2839 2081 quo
2872 2017 3136 2079 magnus
3165 1994 3623 2060 monachorum

2034 2125 2337 2169 numerus
2371 2108 2449 2169 ad
2487 2106 3029 2183 obtemperantem
3055 2097 3380 2163 conﬂuxit.
3433 2093 3625 2156 Multa

2036 2217 2245 2271 autem
2316 2222 2516 2285 eaque
2586 2202 3084 2284 praeclarissima
3139 2203 3494 2269 narrantur,
3559 2196 3626 2255 in

2038 2310 2268 2389 quibus
2298 2314 2359 2369 et
2406 2306 2529 2368 hoc
2587 2310 2939 2367 memoratu
2978 2302 3237 2381 dignum
3288 2306 3404 2372 est,
3455 2297 3627 2377 quod

2038 2410 2496 2490 quinquaginta
2509 2409 2790 2486 integros
2808 2405 3243 2468 diesieiunans
3257 2419 3374 2464 nec
3388 2401 3624 2469 cibum,

2041 2529 2157 2573 nec
2181 2516 2399 2591 potum
2430 2508 2792 2588 sumpserit,
2826 2512 3175 2585 noctesque
3202 2504 3465 2582 insuper
3492 2519 3634 2580 per-

2040 2610 2404 2689 vigilaverit.
2451 2611 2783 2670 Praeterea
2835 2607 3183 2686 palmarum
3236 2602 3426 2674 foliis,
3470 2616 3632 2679 quae

2041 2710 2159 2772 sibi
2197 2713 2700 2791 praeparaverat,
2750 2707 2981 2769 victum
3034 2704 3365 2785 quaesivit,
3421 2718 3634 2779 neque

2042 2828 2322 2891 unquam
2369 2816 2689 2871 recentem
2719 2824 2949 2889 panem
2986 2805 3281 2875 comedit,
3316 2801 3425 2863 sed
3454 2799 3637 2861 oleri-

2043 2913 2161 2974 bus
2186 2908 2267 2993 (3)
2301 2926 2465 2990 aqua
2492 2909 2843 2989 palmarum
2864 2906 3030 2967 foliis
3070 2904 3400 2984 superfusa
3432 2900 3632 2962 emol-

2045 3006 2169 3067 litis
2234 3007 2393 3077 182
2445 3007 2585 3087 ipse
2628 3024 2773 3069 cum
2839 3004 3167 3068 monachis
3231 3000 3635 3072 vescebatur,

2048 3108 2352 3187 quamdiu
2416 3107 2723 3179 vivebant,
2775 3105 2911 3168 sine
2962 3104 3135 3167 omni
3187 3101 3636 3163 additamento.

359 3220 499 3264 rum
525 3202 773 3263 obviam
787 3201 1054 3275 venisse,
1075 3218 1345 3280 quorum
1369 3202 1637 3281 quisque
1651 3202 1945 3265 baculum
1974 3198 2014 3255 C
2049 3211 2163 3273 Hic
2184 3211 2373 3287 igitur
2400 3210 2576 3272 cibus
2626 3227 2847 3271 eorum
2883 3224 3000 3288 per
3033 3214 3235 3269 totum
3293 3205 3452 3266 vitae
3492 3220 3640 3281 spa-

357 3303 665 3383 gestabat.
702 3302 936 3374 Quibus
972 3301 1102 3376 ille,
1133 3320 1329 3380 quum
1377 3303 1500 3383 ipsi
1526 3321 1595 3365 se
1640 3304 1947 3367 subiecis-

356 3408 524 3475 sent,
568 3399 899 3481 epistolam
930 3399 1102 3460 dedit
1138 3398 1458 3479 hodieque
1486 3401 1656 3481 apud
1693 3419 1803 3463 eos
1853 3419 1951 3463 re-

361 3508 634 3583 pertam.
689 3499 780 3560 Ad
823 3499 940 3560 ista
975 3498 1162 3576 igitur
1201 3501 1579 3562 monasteria
1624 3508 1947 3563 monaste-

364 3603 529 3663 rium
566 3601 659 3660 Bu
686 3600 897 3660 Macﬂr
931 3606 1081 3659 natu
1106 3599 1384 3673 maioris,
1414 3617 1567 3678 prae
1599 3601 1824 3663 ceteris
1852 3618 1951 3663 ce-

364 3702 699 3774 lebratum,
729 3700 1022 3779 pertinet,
1050 3699 1117 3759 in
1164 3698 1341 3760 cuius
1370 3707 1716 3779 conspectu
1756 3702 1950 3764 multa

372 3800 748 3860 monasteria
761 3798 961 3860 diruta
983 3798 1287 3860 adiacent.
1310 3799 1377 3860 Id
1394 3799 1545 3860 olim
1567 3802 1949 3864 coenobium

381 3899 826 3961 monachorum
875 3898 1013 3973 fuit,
1048 3916 1162 3961 nec
1204 3899 1576 3978 patriarcha,
1610 3901 1854 3963 etiamsi
1884 3904 1949 3964 in

376 4001 666 4063 cathedra
692 3999 1099 4061 Alexandriae
1142 4001 1409 4080 positus,
1441 4001 1619 4063 abiis
1650 4020 1952 4081 agnosce-

374 4101 577 4177 batur,
652 4109 990 4181 antequam
1055 4102 1134 4176 ei,
1212 4108 1279 4163 ut
1356 4103 1584 4165 solium
1668 4105 1953 4185 ipsorum

374 4204 673 4268 coenobii
718 4210 1077 4284 occuparet,
1123 4204 1575 4284 permisissent.
1634 4208 1720 4267 Ac
1783 4206 1955 4267 mille

374 4305 711 4386 quingenti
761 4304 1055 4367 monachi
1100 4304 1420 4383 quondam
1492 4304 1582 4366 ibi
1643 4306 1957 4369 habitasse

375 4405 708 4477 dicuntur;
773 4422 941 4466 nunc
984 4404 1289 4484 perpauci
1338 4409 1579 4465 tantum
1642 4406 1955 4470 incolunt.

2047 3312 2203 3372 tium
2231 3309 2372 3385 fuit,
2412 3310 2771 3390 usquedum
2796 3309 2861 3370 in
2902 3309 3167 3389 patriam
3200 3304 3433 3368 reversi
3471 3308 3640 3364 sunt.

2049 3410 2185 3471 Abu
2207 3410 2411 3471 Macer
2439 3409 2895 3471 Alexandrinus
2925 3406 3297 3468 Alexandria
3322 3403 3400 3465 ad
3441 3402 3643 3475 illum,

2053 3526 2243 3589 quem
2261 3509 2553 3582 diximus,
2576 3509 2913 3569 Macarium
2931 3506 3120 3580 venit,
3145 3506 3324 3567 cuius
3342 3504 3407 3565 in
3421 3520 3647 3565 manus

2051 3616 2193 3671 vota
2252 3608 2624 3670 monachica
2662 3607 2847 3669 ~fecit.
2906 3605 3151 3666 Tertius
3201 3604 3464 3667 accessit
3512 3602 3646 3662 Abu

2054 3709 2282 3781 Macar,
2308 3706 2417 3785 qui
2440 3707 2779 3787 episcopus
2807 3704 3010 3767 factus
3034 3709 3126 3763 est
3152 3701 3261 3783 (4).
3296 3725 3324 3756 ››
3362 3700 3485 3761 Sed
3513 3702 3644 3759 Ma-

2057 3808 2311 3870 crizium
2328 3805 2591 3867 Macario
2606 3803 2912 3883 Aegyptio
2935 3819 2970 3863 a
2992 3804 3053 3861 S.
3068 3800 3647 3878 Antonio,quocum

2058 3910 2446 3989 aliquantum
2468 3907 2771 3986 temporis
2788 3906 2891 3967 ille
2910 3906 3156 3980 vixerit,
3178 3910 3415 3966 vestem
3432 3920 3651 3965 mona-

2060 4009 2303 4071 chicam
2338 4008 2544 4069 datam
2575 4025 2735 4080 esse,
2796 4006 2953 4069 falso
3000 4022 3254 4069 narrare
3292 4022 3481 4083 supra
3530 4003 3648 4065 do-

2062 4111 2306 4174 cuimus
2345 4108 2459 4189 (5);
2510 4114 2700 4188 atque
2748 4108 2815 4171 in
2842 4108 2943 4182 iis,
2989 4123 3152 4187 quae
3193 4106 3272 4168 de
3320 4105 3651 4166 virtutibus

2063 4209 2315 4271 Macarii
2344 4210 2615 4287 scripsit,
2640 4209 3013 4288 Aegyptium
3038 4225 3182 4269 cum
3206 4205 3649 4278 Alexandrino,

2066 4310 2147 4373 de
2178 4327 2307 4390 quo
2356 4309 2578 4371 eadem
2614 4308 2928 4370 Palladius
2956 4307 3208 4369 tradidit
3248 4306 3358 4386 (6),
3390 4306 3655 4368 confun-

2069 4409 2219 4471 dere
2250 4426 2419 4483 eum,
2444 4425 2633 4469 nemo
2664 4424 2795 4469 non
2823 4408 3013 4469 videt.
3036 4406 3340 4469 Macarius
3368 4424 3518 4468 vero
3547 4406 3655 4467 ille

375 4504 633 4568 Macarii
660 4510 785 4565 tres
822 4504 1307 4581 distinguuntur,
1348 4512 1499 4565 natu
1529 4506 1748 4582 maior,
1782 4508 1962 4570 cuius
2069 4508 2410 4588 episcopus
2453 4507 2743 4586 quisnam
2770 4505 2979 4579 fuerit,
3004 4503 3125 4565 nisi
3148 4503 3313 4565 forte
3349 4503 3653 4565 Hieroso-

375 4606 538 4668 illud
562 4604 679 4665 fuit
702 4605 1098 4679 coenobium,
1115 4605 1464 4666 AbuMacar
1481 4605 1961 4683 Alexandrinus,

378 4712 449 4768 et
475 4705 620 4767 Abu
649 4705 850 4766 Macar
880 4705 1240 4783 episcopus.
1268 4706 1549 4775 Quorum
1584 4721 1726 4768 ossa
1763 4709 1964 4770 tribus

2070 4609 2388 4688 lymorum
2418 4607 2758 4687 episcOpus
2784 4606 2890 4685 (7),
2926 4605 3176 4682 ignoro.

2152 4708 2249 4770 Ad
2289 4709 2675 4771 recentiores
2703 4706 2979 4785 denique
3033 4723 3245 4767 rerum
3276 4701 3655 4765 ecclesiasti-

383 4805 653 4886 singulis
687 4806 909 4869 loculis
933 4806 1159 4885 ligneis
1186 4804 1509 4867 recondita
1541 4823 1575 4867 a
1605 4807 1968 4872 Christianis
2003 4806 2042 4859 D
2074 4826 2289 4872 carum
2331 4808 2671 4887 scriptores
2704 4806 2877 4887 quod
2908 4806 3160 4880 attinet,
3192 4803 3501 4866 Baronius
3535 4801 3618 4881 (8)
3638 4848 3654 4877 ,

392 5041 485 5095 τοῦ
509 5041 730 5112 Φαραώ.
758 5041 955 5097 Leonis
985 5042 1164 5096 Allatii
1194 5039 1489 5112 Συμμικτά
1522 5042 1637 5097 sive
1670 5042 1967 5110 Opusculo-

396 5149 514 5186 tum
547 5148 864 5203 graecorum
890 5142 945 5189 et
977 5135 1269 5188 latinorum
1298 5133 1661 5187 vetustiorum
1687 5147 1751 5187 ac
1779 5147 1971 5187 recen-

401 5225 597 5278 tionun
633 5226 758 5279 libri
795 5225 925 5289 duo,
964 5225 1223 5280 Coloniae
1263 5224 1598 5295 Agrippinae
1633 5224 1772 5278 1655
1817 5223 1913 5278 lib.
1950 5222 1972 5275 ι

440 5356 455 5369 .
491 5318 577 5371 55.

440 5356 455 5369 .
491 5318 523 5371 5
562 5357 577 5371 .

396 5333 437 5388 p
469 5317 558 5480 (ίῗ
588 5408 763 5481 Supra
804 5410 834 5483 ᾗ
868 5410 933 5465 Li
969 5426 1026 5480 p.
1058 5409 1159 5464 167
1184 5426 1306 5481 sqq.

465 5502 545 5573 (2)
578 5500 723 5559 Obiit
739 5503 959 5558 Macrizi
980 5518 1122 5558 anno
1140 5502 1272 5573 Heg.
1291 5501 1417 5566 845,
1432 5498 1638 5556 Christi
1661 5500 1789 5556 MM
1803 5541 1817 5563 ,
1837 5507 1979 5555 teste

390 5595 461 5661 de
494 5596 805 5652 Sehnurrer
838 5596 985 5650 Bibl.
1021 5594 1256 5650 Arabica
1287 5593 1457 5649 Halae
1486 5592 1620 5648 1811
1657 5608 1713 5662 p.
1746 5592 1870 5649 156.

466 5688 545 5757 (5)
584 5686 686 5745 Pro
728 5688 967 5745 oleribus
996 5685 1214 5759 codices
1233 5684 1441 5741 arabici
1473 5684 1832 5738 calceamenta
1878 5684 1980 5736 tri-

402 5790 459 5836 ta
507 5783 586 5838 vel
630 5785 934 5839 anteriores
982 5788 1158 5849 partes
1210 5792 1439 5841 ocreae;
1480 5776 1697 5831 restitui
1745 5774 1977 5830 oleribus

2078 5045 2397 5102 Macrizium
2432 5049 2486 5103 in
2518 5052 2707 5117 aperto
2731 5052 2835 5098 est.

2150 5139 2225 5208 (4)
2268 5139 2488 5192 Macrizi
2536 5135 2859 5191 Gesch.der
2916 5132 3126 5200 Cepten
3179 5129 3294 5180 Aus
3345 5125 3448 5179 dt-n
3482 5124 3657 5177 [lutul-

2076 5227 2303 5282 scritten
2336 5245 2401 5281 zu
2422 5227 2595 5281 Gotha
2612 5225 2721 5279 und
2744 5223 2901 5277 Wien
2920 5238 2970 5276 v.
2996 5216 3359 5280 Witstenl'clil,
3381 5213 3656 5283 Goetting.

2080 5317 2221 5371 1845
2243 5334 2295 5387 p.
2332 5318 2434 5371 109
2457 5333 2542 5383 sq.

2152 5407 2227 5477 (5)
2272 5405 2400 5477 §26
2436 5422 2488 5475 p.
2534 5404 2651 5457 112.

2151 5497 2229 5569 (6)
2267 5497 2351 5551 Cf.
2378 5510 2542 5565 supra
2571 5511 2622 5564 p.
2652 5493 2740 5547 66.

2154 5588 2232 5657 (7)
2272 5587 2348 5642 De
2405 5586 2648 5640 Macario
2708 5582 3211 5652 Hierosolymorum
3275 5580 3539 5648 episcopo
3585 5571 3661 5628 et.

2083 5677 2410 5734 Theodoret.
2440 5675 2582 5731 Hist.
2621 5675 2770 5729 Eccl.
2804 5672 2902 5729 lib.
2932 5672 2949 5725 l
2986 5689 3107 5738 cap.
3142 5669 3201 5723 t6

2160 5773 2240 5839 (8)
2276 5769 2493 5824 Baronii
2548 5768 2786 5823 Annales
2827 5766 2893 5821 ad
2929 5780 2979 5819 a.
3020 5763 3126 5817 57.!
3173 5761 3243 5815 Νο
3277 5760 3366 5825 88,
3409 5758 3497 5815 ed.
3523 5753 3683 5811 Luc..

394 5891 457 5930 ex
493 5874 627 5933 Hist.
669 5876 954 5933 Lausiaca
994 5868 1255 5937 Palladii,
1286 5884 1447 5940 quam
1492 5866 1646 5936 sequi
1698 5866 1803 5922 hoc
1859 5866 1977 5920 loco
2088 5863 2152 5919 Τ.
2187 5864 2226 5916 \'
2257 5881 2305 5933 ιι.
2341 5862 2443 5916 587
2473 5877 2555 5930 sq.
