4016 6418
573 405 668 458 171

1389 402 1488 457 SS.
1533 401 2000 459 MACAIIIOIIUM
2041 402 2384 461 AEGYPTII
2417 404 2506 459 ET
2546 403 3015 459 ALEXANDRINI

3709 406 3804 463 173

571 520 906 584 Bollandus
941 520 1046 599 (1),
1072 522 1280 601 Dupin
1305 521 1410 599 (2),
1433 522 1653 601 Fleury
1678 522 1999 602 (3),Oudin
2026 521 2133 605 (4),
2166 535 2210 588 Α
2240 527 2628 599 colebantur,
2692 524 3112 596 multitudine,
3164 523 3373 584 dicere
3422 540 3549 585 non
3594 526 3797 589 ausim.

569 625 727 684 Cave
761 621 866 700 (5),
924 620 1027 681 alii
1056 620 1134 681 de
1155 622 1435 683 Macariis
1466 623 1767 701 Aegyptio
1794 629 1855 684 et
1887 622 2148 685 Alexan-

570 720 753 781 drino
776 721 960 781 verba
998 721 1255 799 quidem
1284 720 1590 793 fecerunt,
1623 722 1731 782 sed
1771 740 1899 783 rem
1934 724 2145 785 critice

572 819 840 898 dispexit
861 819 1031 881 solus
1049 820 1481 881 Tillemontius
1538 820 1648 899 (6),
1681 822 1859 882 cuius
1888 823 2142 902 exposi-

450 910 455 913 ’
570 923 773 983 tiones
801 924 1062 996 cunctis,
1087 941 1247 1003 quae
1266 924 1452 984 ceteri
1477 923 1727 997 habent,
1760 924 1948 1001 longe
1973 932 2147 986 ante-

571 1021 828 1095 cellunt,
860 1022 1005 1083 licet
1027 1030 1087 1083 et
1111 1024 1248 1102 ipse
1276 1023 1575 1084 nonnulla
1606 1040 1936 1105 perperam
1964 1025 2145 1088 intel-

569 1122 811 1196 lexerit,
848 1123 1004 1193 183
1025 1123 1087 1183 id
1118 1124 1289 1202 quod
1320 1132 1562 1185 nostras
1610 1126 2010 1203 quaestiones
2035 1126 2142 1205 qui

569 1222 812 1300 legerit,
855 1224 992 1301 ipse
1028 1223 1323 1284 inveniet.
1364 1225 1484 1284 Cur
1520 1223 1855 1286 Bollandus
1883 1226 2142 1285 meliora

569 1338 698 1382 non
732 1321 1024 1395 attulerit,
1050 1321 1231 1383 facile
1270 1321 1416 1382 inde
1460 1321 1822 1401 explicatur,
1864 1322 2031 1402 quod
2064 1323 2141 1383 de

565 1422 843 1483 Macariis
860 1422 1063 1502 primo
1087 1422 1349 1499 insignis
1394 1421 1604 1500 operis
1654 1420 1969 1482 volumine
2006 1422 2138 1483 dis-

566 1521 911 1600 putandum
940 1526 1093 1593 erat,
1117 1520 1388 1598 ideoque
1418 1526 1753 1598 apparatus
1792 1520 1897 1581 ille
1927 1521 2139 1583 litera-

565 1620 714 1694 rius,
744 1637 871 1699 quo
906 1619 1255 1699 posteriora
1288 1617 1604 1679 volumina
1636 1619 1936 1692 eminent,
1987 1638 2143 1682 non-

566 1718 715 1780 dum
745 1719 976 1780 aderat.
1010 1717 1100 1778 Ad
1150 1723 1537 1796 postremum
1576 1717 1889 1779 Semlerus
1922 1718 1988 1778 in
2020 1719 2142 1780 dis-

563 1819 1029 1892 sertationibus,
1076 1834 1231 1897 quas
1278 1817 1357 1877 de
1386 1817 1668 1877 Macariis
1699 1818 1968 1897 scripsit,
2010 1836 2139 1881 non

564 1919 775 1993 vitam,
807 1918 915 1979 sed
941 1919 1171 1997 scripta
1202 1935 1422 1980 eorum
1444 1919 1817 1979 examinavit
1844 1917 1951 1997 (7).

646 2019 794 2095 §44.
837 2021 1174 2108 Superest,
1230 2026 1302 2080 ut
1348 2018 1426 2079 de
1470 2018 1609 2092 die,
1655 2037 1781 2097 quo
1820 2020 2140 2100 utriusque

562 2118 810 2179 Macarii
830 2118 1131 2178 memoria
1158 2116 1223 2177 in
1246 2116 1507 2178 ecclesia
1545 2116 1915 2191 celebretur,
1942 2118 2143 2179 brevi-

560 2222 657 2277 ter
694 2216 1135 2295 disquiramus.
1162 2214 1405 2275 Etenim
1445 2213 1889 2291 martyrologia
1930 2222 2140 2277 vetera

562 2316 752 2378 latina
774 2316 1038 2378 Macario
1060 2315 1367 2398 Aegyptio
1385 2314 1551 2375 diem
1572 2316 1702 2387 XV,
1717 2314 2138 2377 Alexandrino

562 2416 729 2477 diem
764 2418 819 2476 II
864 2415 1132 2477 Ianuarii
1154 2414 1465 2475 tribuunt.
1502 2416 1549 2473 E
1584 2431 1851 2492 quorum
1874 2432 2138 2476 numero

556 2514 1322 2594 suntBeda(8),Usuardus
1344 2513 2137 2595 (9),Ado(10),Notker(11),

560 2616 1069 2695 mai-tyrologium
1103 2633 1431 2676 romanum
1471 2613 1616 2691 (12),
1651 2622 1859 2676 cetera
1908 2614 2053 2693 (l3).
2090 2620 2137 2676 A

558 2715 808 2776 Graecis
828 2732 969 2775 vero
992 2722 1260 2793 uterque
1277 2716 1577 2776 Macarius
1603 2715 1728 2776 XIX
1752 2715 2018 2775 Ianuarii
2035 2732 2138 2775 co-

557 2814 725 2893 litur,
748 2820 818 2875 ut
837 2832 870 2874 e
892 2814 1163 2876 Menaeis
1177 2821 1235 2874 et
1250 2814 1603 2891 Menologio
1627 2822 1794 2893 patet
1811 2814 1859 2894 (1
1875 2814 1928 2892 4)
1943 2862 1955 2873 .
1970 2816 2136 2875 Haec

556 2916 747 2993 igitur
773 2914 932 2985 184
960 2914 1280 2975 diversitas
1309 2915 1479 2975 unde
1508 2922 1650 2975 nata
1678 2916 1777 2987 sit,
1821 2916 1939 2975 nisi
1978 2914 2138 2975 forte

559 3014 1011 3091 emagnaillius
1031 3013 1306 3075 nominis
1325 3014 1623 3087 virorum,
1645 3014 1753 3093 qui
1776 3014 1854 3075 ab
1877 3014 2139 3075 ecclesia

2247 627 2581 688 Macarium
2646 642 2819 698 vero,
2875 624 3052 686 cuius
3106 622 3335 684 festum
3398 625 3659 685 Romani
3705 626 3799 687 XV

2245 726 2513 788 Ianuarii
2563 732 2776 803 agunt,
2807 725 2850 785 i.
2886 742 2943 785 e.
2977 724 3375 803 Aegyptium,
3413 724 3478 783 in
3508 732 3798 802 martyro-

2244 824 2427 903 logiis
2458 825 2665 886 latinis
2692 823 2855 885 haud
2890 840 3029 883 raro
3056 824 3115 882 S.
3150 821 3400 883 Antonii
3439 821 3799 901 discipulum

2244 924 2574 1003 appellari,
2605 922 2777 1001 quod
2806 922 3142 983 Bollandus
3163 922 3522 982 observasse
3554 939 3619 981 se
3646 924 3797 983 arbi-

2246 1031 2438 1087 tratus
2468 1031 2559 1084 est
2590 1020 2739 1101 (15),
2777 1038 3159 1099 magnopere
3182 1020 3431 1099 quidem
3464 1037 3590 1080 non
3612 1020 3800 1086 offen-

2244 1122 2368 1193 dat,
2396 1138 2590 1200 quum
2613 1136 2801 1183 sensu
2825 1117 3040 1178 latiore
3074 1118 3262 1177 etiam
3302 1114 3601 1175 Macarius
3626 1119 3805 1191 Aegy-

2242 1223 2408 1301 ptius
2435 1220 2681 1284 Antonii
2701 1217 3044 1296 discipulus
3062 1216 3179 1276 dici
3206 1214 3421 1295 possit.
3442 1214 3716 1274 Ceterum
3735 1215 3804 1274 de

2243 1324 2487 1395 diebus,
2512 1321 2741 1404 quibus
2786 1326 2953 1382 recte
2997 1317 3283 1379 colantur
3322 1314 3495 1375 fastis
3535 1312 3803 1386 testibus,

2240 1424 2417 1504 plura
2451 1423 2559 1501 qui
2600 1421 2921 1482 addiscere
2962 1418 3155 1497 cupit,
3187 1414 3552 1475 Assemanni
3588 1412 3800 1472 librum

2242 1531 2303 1585 et
2320 1522 2689 1584 Bollandum
2733 1518 2851 1600 (16)
2886 1518 3148 1593 evolvat,
3176 1516 3285 1579 ubi
3316 1521 3649 1598 apparatus
3683 1511 3806 1573 ido-

2240 1642 2398 1685 neus
2435 1622 2764 1702 reperitur.

2828 1734 3073 1795 CAPUT
3132 1733 3236 1794 IX.

2170 1876 2212 1929 Β
2286 1872 2325 1915 Α
2353 1870 2601 1915 SANCTIS
2621 1869 2908 1913 MACARIIS
2932 1867 3239 1912 AEGYPTIO
3269 1866 3347 1909 ET
3375 1858 3803 1908 ALEXANDRINO

2321 1950 2643 1993 MACARIUM
2713 1949 2766 1991 S.
2824 1947 3079 1990 ΛΝΤΟΝΙΙ
3127 1944 3468 1989 MINISTRUM
3525 1938 3805 1992 ALIOSQUE

2321 2027 2718 2072 COGNOMINES
2744 2026 3048 2071 DIVERSOS
3070 2025 3215 2067 ESSE
3244 2021 3656 2065 OSTENDITUR.

2323 2131 2374 2202 ἐ.
2411 2128 2505 2187 45.
2535 2127 2895 2198 Macarium,
2918 2128 2979 2185 S.
3004 2124 3255 2185 Antonii
3281 2120 3679 2201 discipulum,
3710 2116 3805 2179 cui

2243 2228 2603 2306 quindecim
2641 2227 2823 2287 annis
2850 2224 3235 2286 ministrabat
3276 2228 3337 2284 et
3379 2222 3559 2283 cuius
3587 2232 3801 2295 corpus

2243 2325 2550 2405 sepelivit,
2584 2342 2618 2386 a
2656 2324 2935 2385 Macariis
2963 2322 3267 2402 Aegyptio
3298 2328 3358 2382 et
3406 2316 3803 2381 Alexandrino

2243 2423 2441 2502 probe
2505 2421 3017 2500 distinguendum
3087 2437 3224 2481 esse
3297 2419 3549 2498 saepius
3613 2412 3808 2476 docui.

2242 2539 2381 2584 mus
2412 2522 2555 2601 (17).
2587 2521 2886 2583 Macarius
2916 2519 3083 2581 enim
3112 2520 3173 2578 S.
3202 2517 3457 2578 Antonii
3485 2511 3807 2592 discipulus

2240 2621 2305 2681 in
2328 2622 2638 2683 coenobio
2670 2620 2871 2699 Pispir
2900 2636 3101 2698 prope
3134 2634 3304 2678 mare
3332 2616 3612 2677 Rubrum
3654 2609 3806 2681 vixit,

2242 2718 2520 2779 Macariis
2566 2718 2795 2779 nostris
2826 2717 2890 2776 in
2929 2716 3191 2777 desertis
3246 2715 3482 2794 Libyae
3542 2708 3806 2789 degenti-

2242 2817 2361 2877 bus
2381 2814 2525 2893 (18).
2546 2814 2666 2874 Sed
2693 2831 2858 2874 unus
2888 2830 3210 2875 remanere
3241 2813 3448 2892 potuit
3468 2807 3799 2888 scrupulus.

2244 2912 2424 2985 Quid,
2458 2913 2508 2972 si
2541 2912 2834 2973 alteruter
2866 2928 2942 2971 ex
2987 2912 3214 2972 nostris
3242 2911 3525 2973 Macariis
3549 2909 3799 2989 primum

2246 3012 2308 3071 S.
2340 3013 2591 3073 Antonii
2630 3011 2975 3090 discipulus
3000 3011 3365 3092 quindecim
3398 3011 3576 3074 annis
3609 3004 3800 3077 fuerit,

630 3204 708 3274 (1)
752 3204 865 3257 AA.
920 3200 1022 3256 SS.
1077 3201 1217 3255 Boil.
1258 3200 1374 3257 Ian.
1435 3202 1556 3256 T.I
1606 3218 1660 3272 p.
1710 3202 1851 3257 1005
1898 3219 2018 3271 sqq.
2080 3201 2147 3255 84
2174 3207 2215 3262 C
2322 3200 2394 3269 (8)
2426 3199 2747 3253 Additiones
2780 3199 3038 3252 nimirum
3063 3198 3128 3251 ad
3156 3197 3329 3252 Bedae
3357 3195 3801 3269 Martyrologium,

560 3313 679 3366 sqq.

630 3381 711 3448 (2)
754 3378 931 3447 Dupin
955 3377 1220 3435 Nouvelle
1241 3380 1619 3451 bibliothéque
1650 3383 1748 3439 des
1789 3384 2025 3439 Auteurs
2054 3398 2145 3437 ec-

559 3472 939 3539 clésiastiques
1002 3471 1159 3525 Paris
1194 3473 1333 3526 1695
1384 3473 1448 3525 Τ.
1478 3473 1519 3527 11
1555 3490 1608 3544 p.
1645 3474 1713 3530 69
1742 3491 1862 3545 sqq.

630 3564 705 3635 (3)
744 3563 941 3634 Fleury
979 3562 1221 3619 Histoire
1244 3566 1661 3639 ecclésiastique
1712 3568 1870 3625 Paris
1894 3568 2031 3622 1724
2074 3568 2135 3622 Τ.

560 3650 627 3714 ιν
686 3669 740 3723 p.
774 3653 881 3707 220
913 3669 1035 3722 sqq.

641 3744 719 3815 (4)
760 3743 1196 3800 Commentarios
1254 3744 1327 3801 De
1379 3746 1600 3819 Scriptt.
1650 3750 1953 3805 ecclesiast.
2007 3749 2070 3804 Τ.
2116 3749 2136 3803 1

555 3850 611 3905 ι).
645 3835 749 3887 474
780 3851 825 3889 s.
860 3852 911 3888 ν.
954 3833 1183 3889 Macarii
1216 3849 1318 3893 tres
1355 3839 1615 3892 monachi.

562 3922 567 3927 ’
628 3925 706 3993 (5)
749 3924 973 3995 Scriptt.
1000 3927 1200 3980 eccles.
1242 3926 1382 3997 Hist.
1425 3929 1529 3983 litt.
1564 3946 1688 3986 s.v.
1714 3929 1988 3984 Macarius
2055 3948 2132 3985 ae-

556 4016 675 4067 nior
709 4022 761 4066 et
795 4012 1069 4068 Macarius
1101 4016 1297 4069 iunior.

625 4104 702 4173 (6)
744 4103 1029 4158 Mémoires
1084 4103 1148 4156 T.
1201 4102 1313 4156 Vill
1370 4105 1428 4159 P.
1468 4105 1535 4159 Ill
1593 4123 1645 4176 p.
1693 4108 1800 4162 955
1844 4125 1965 4178 sqq.
1992 4109 2122 4163 1041

556 4210 679 4267 sqq.
716 4210 839 4248 cum
883 4196 1026 4251 notis
1062 4199 1116 4249 in
1146 4195 1252 4250 line
1275 4198 1402 4250 lomi
1434 4198 1683 4253 adiectis.

2248 3306 2387 3361 quas
2420 3308 2450 3345 e
2479 3290 2641 3344 codd.
2691 3289 2747 3343 S.
2784 3290 2994 3360 Cyriaci
3028 3288 3409 3346 llenschenius
3464 3299 3518 3344 et
3552 3286 3803 3357 Papebro—

2246 3384 2406 3439 chius
2460 3383 2770 3437 ediderunt.
2834 3380 2944 3435 AA.
2984 3378 3084 3434 SS.
3144 3379 3280 3433 Boll.
3351 3381 3528 3435 Martii
3576 3378 3635 3433 T.
3680 3376 3719 3429 11
3754 3389 3803 3443 p.

2248 3473 2383 3528 VIII.
2423 3473 2509 3526 IX.

2316 3566 2391 3637 (9)
2430 3564 2878 3636 Martyrologium
2923 3561 3183 3626 Usuardi,
3228 3561 3342 3617 AA.
3384 3562 3488 3619 SS.
3527 3559 3658 3616 Bell.
3688 3556 3800 3611 Mai.

2239 3658 2303 3713 T.
2332 3658 2397 3711 γι
2425 3674 2475 3727 ρ.
2514 3657 2565 3710 5.
2604 3657 2695 3710 54.

2309 3749 2420 3820 (10)
2458 3748 2665 3802 Adonis
2720 3745 2871 3801 arch.
2911 3742 3106 3797 Vienn.
3148 3743 3626 3815 Martyrologium,
3674 3733 3801 3791 Bibl.

2236 3840 2374 3897 Max.
2409 3840 2514 3893 PP.
2548 3838 2721 3908 Lugd.
2756 3836 2819 3891 T.
2856 3835 2970 3891 XVI
3003 3851 3054 3906 p.
3090 3834 3214 3889 852.
3249 3836 3377 3890 854.

2312 3930 2671 4002 (II)Notkeri
2710 3926 3172 3999 Martyrologium,
3231 3926 3485 3981 Galland.
3538 3922 3672 3977 Bibl.
3705 3915 3797 3971 PP.

2230 4021 2295 4075 T.
2323 4021 2440 4074 xm
2477 4038 2529 4090 p.
2551 4020 2700 4084 \760.
2736 4020 2856 4073 763.

2302 4113 2411 4183 (12)
2442 4111 2607 4166 Vetus
2648 4110 2952 4163 Romanum
2988 4108 3459 4179 martyrologium,
3507 4106 3639 4159 Bibl.
3668 4099 3797 4155 Max.

2232 4203 2331 4256 PP.
2360 4203 2530 4273 Lugd.
2552 4201 2615 4254 T.
2648 4200 2763 4254 XVI
2792 4217 2843 4270 p.
2875 4199 2999 4253 812.
3035 4201 3481 4273 Martyrologium
3512 4199 3799 4252 Romanum

626 4285 702 4353 (7)
736 4283 892 4337 Prior
910 4286 1105 4353 prodiit
1135 4288 1238 4340 sub
1266 4288 1444 4340 indice
1477 4306 1488 4340 :
1528 4287 1813 4356 Specimen
1855 4289 2125 4344 examinis
2227 4296 2313 4350 ed.
2342 4295 2610 4348 Baronius
2634 4294 2697 4348 ad
2732 4294 2786 4348 h.
2816 4293 2908 4347 dd.

554 4376 731 4430 critici
794 4391 1041 4445 operum,
1101 4392 1241 4446 quae
1303 4379 1376 4431 ita
1422 4379 1693 4444 feruntur,
1737 4380 1979 4445 Macarii,
2022 4384 2125 4437 sub

555 4465 885 4527 laetissimos
938 4465 1215 4544 festosque
1250 4465 1367 4521 dies
1417 4466 1638 4521 Christo
1666 4467 1734 4520 ab
1778 4467 1969 4522 inferis
2008 4484 2123 4527 ma-

2297 4384 2407 4455 (15)
2441 4384 2600 4439 Plura
2645 4382 3034 4453 martyrologia
3079 4394 3441 4439 recensentur
3481 4399 3511 4437 a
3557 4373 3799 4435 Bollando

2224 4477 2335 4533 AA.
2371 4476 2469 4531 SS.
2502 4476 2614 4530 Ian.
2655 4474 2719 4529 T.
2759 4474 2862 4543 lp.
2899 4474 2988 4529 84.

551 4556 748 4649 gniﬁce
804 4557 1048 4649 redeunti
1110 4573 1300 4649 sacros
1350 4560 1477 4612 boni
1523 4560 1722 4616 ominis
1752 4575 1916 4614 causa
1953 4560 2125 4614 edidit
2157 4596 2197 4649 Β
2300 4568 2411 4638 (14)
2439 4567 2519 4622 Cf.
2553 4567 2913 4637 Menologium
2943 4566 3147 4629 Sirleti,
3172 4567 3315 4636 quod
3341 4567 3596 4624 Canisius
3623 4560 3797 4618 edidit.

550 4642 591 4711 1.
624 4645 681 4710 S,
716 4644 772 4702 S.
807 4644 919 4709 Sal.
959 4645 1128 4715 Thur.
1171 4645 1229 4700 S.
1260 4646 1365 4701 LL.
1406 4647 1460 4705 S.
1499 4647 1664 4704 IIalae
1682 4650 2126 4723 Magdeburgicae

550 4740 929 4819 i745;allera
999 4740 1103 4793 hoc
1171 4740 1488 4813 inscribitur
1550 4743 1771 4797 titulo:
1839 4741 2125 4813 Specimen

550 4832 1084 4887 animadversionum
1137 4833 1190 4886 in
1247 4834 1453 4901 aliquot
1488 4836 1749 4903 opuscula
1780 4852 1973 4905 graeca
2010 4837 2125 4890 Ma-

549 4924 708 4984 carii,
743 4924 797 4976 in
816 4924 1045 4978 natalem
1082 4922 1225 4977 diem
1258 4925 1362 4978 viri
1392 4942 1602 4981 summe
1632 4928 1934 4990 reverendi,
1954 4930 2129 4983 excel-

549 5011 863 5076 lentissimi,
902 5013 1207 5069 doctissimi
1251 5014 1586 5084 Sigismundi
1622 5016 1801 5073 lacobi
1833 5019 2129 5090 Baumgar-

550 5111 638 5153 ten
677 5099 778 5156 SS.
810 5101 998 5156 Theol.
1034 5104 1180 5158 doct.
1214 5116 1267 5157 et
1296 5104 1433 5173 prof.
1472 5121 1524 5173 p.
1561 5122 1614 5159 o.
1655 5106 1801 5161 Sem.
1839 5110 2003 5163 theol.
2043 5111 2127 5164 di-

547 5193 816 5257 rectoris,
854 5197 1066 5261 patroni
1102 5205 1157 5250 et
1196 5198 1564 5264 praeceptoris
1607 5199 2006 5253 oiliciosissime
2035 5216 2127 5255 co-

548 5284 719 5345 lendi,
750 5285 886 5337 bene
911 5286 1317 5342 ominabundus
1343 5288 1511 5341 edidit
1562 5288 1637 5340 lo.
1686 5289 1796 5343 Sal.
1849 5292 2126 5347 Semlerus

550 5373 789 5429 Salfelda
829 5375 1095 5445 Thuring.
1133 5377 1297 5431 Halae
1322 5379 1530 5435 Salicac
1550 5380 1707 5436 1746.
1737 5382 1979 5447 Quarum
2009 5384 2125 5438 dis-

547 5469 904 5522 sertationum
940 5470 1173 5522 cardoiu
1196 5485 1261 5523 eo
1285 5473 1533 5533 vertitur,
1560 5482 1619 5525 ut
1635 5476 1975 5539 ostendatur,
2009 5476 2125 5529 IIIa--

545 5561 676 5612 carii
701 5562 926 5628 scripta,
949 5561 1197 5629 inprimis
1247 5563 1364 5616 eius
1388 5563 1657 5630 Opuscula
1682 5583 1824 5635 quae
1850 5566 2116 5632 feruntur,

545 5651 731 5717 Spuria
761 5667 904 5716 esse,
976 5652 1042 5705 ad
1081 5653 1225 5721 quod
1259 5654 1652 5708 ostendendum
1706 5660 1902 5725 partim
1933 5661 2118 5713 conie-

542 5743 739 5806 cturis,
764 5745 960 5811 partim
982 5746 1316 5819 argumentis
1333 5762 1399 5801 ex
1419 5748 1536 5839 ipso
1559 5748 1945 5817 Opusculorum
1967 5758 2118 5823 textu

545 5833 731 5919 petitis
762 5835 947 5896 Utitur.

2229 4660 2438 4715 Cauisii
2466 4662 2587 4715 lect.
2613 4660 2783 4729 antiq.
2808 4659 2894 4712 ed.
2928 4658 3172 4729 Basnage
3192 4659 3257 4713 T.
3285 4659 3351 4713 111
3380 4677 3432 4730 p.
3466 4660 3570 4711 415
3603 4657 3654 4710 in
3682 4655 3794 4706 (ille.

2230 4755 2287 4810 In
2303 4754 2621 4808 Calendario
2638 4753 2903 4807 ecclesiae
2922 4752 3552 4821 Constantinopolitanae
3567 4749 3649 4804 ed.
3665 4746 3797 4799 Mor-

2230 4846 2349 4899 celli
2383 4844 2587 4898 Romae
2621 4844 2756 4898 1788
2781 4843 2844 4896 Τ.
2878 4843 2894 4895 1
2926 4859 2978 4912 p.
3005 4842 3074 4895 85
3097 4844 3161 4896 ad
3206 4841 3327 4895 XIX
3367 4842 3599 4896 Ianuarii
3634 4838 3791 4907 legis:

2235 4956 2254 4988 ι
2284 4940 2350 5008 τῇ
2391 4938 2526 5005 αὐτῇ
2567 4936 2748 5006 ἡμέρᾳ
2785 4935 2972 5004 μνήμη
3006 4934 3113 4987 τῶν
3154 4934 3315 4987 ὁσίων
3374 4933 3626 5002 πατέρων
3652 4925 3796 4997 ἡμῶν

2230 5026 2516 5097 Μακαρίου
2546 5026 2639 5078 τοῦ
2685 5025 2957 5095 Ῥῳμαίου
2991 5024 3091 5095 (sic
3111 5026 3151 5095 !)
3187 5026 3281 5078 καὶ
3314 5026 3501 5094 ἐτέρου
3523 5018 3792 5088 Μακαρίου

2228 5118 2319 5171 τοῦ
2352 5118 2669 5184 Αἰγυπτίου.
2704 5136 2722 5167 ›

2299 5208 2412 5278 (15)
2436 5208 2493 5260 In
2523 5207 2745 5260 Macarii
2778 5207 3131 5261 Alexandrini
3166 5207 3275 5260 vita
3314 5207 3350 5259 l.
3388 5205 3453 5269 1.,
3484 5212 3537 5258 et
3568 5202 3623 5255 in
3687 5197 3790 5250 vita

2230 5298 2451 5351 Macarii
2486 5297 2732 5367 Aegyptii
2770 5297 2806 5349 l.
2837 5298 2896 5358 1.,
2930 5313 2981 5366 p.
3014 5296 3168 5350 1005.

2299 5390 2413 5453 (16)
2437 5389 2763 5443 Assemanni
2790 5388 3109 5442 Calendaria
3123 5384 3399 5442 Ecclesiae
3423 5386 3704 5440 universae
3724 5374 3787 5431 ad

2226 5481 2343 5534 XIX
2405 5481 2617 5535 Ianuar.
2652 5479 2716 5533 T.
2751 5480 2816 5533 VI
2854 5479 3057 5534 Romae
3082 5479 3219 5533 1755
3253 5497 3308 5550 p.
3346 5479 3414 5533 98
3445 5494 3527 5549 sq.
3559 5476 3667 5529 AA.
3690 5469 3786 5525 SS.

2224 5570 2362 5639 Boil.
2386 5570 2501 5625 Ian.
2532 5570 2595 5625 T.
2632 5570 2651 5622 1
2700 5586 2752 5639 p.
2779 5569 2866 5622 84.

2293 5662 2553 5733 (I7)§24
2606 5678 2657 5731 p.
2696 5661 2817 5715 104.
2861 5660 2975 5729 ςξδ
3003 5676 3057 5731 p.
3118 5662 3236 5717 107.
3272 5662 3300 5736 §
3342 5660 3417 5717 '50
3445 5676 3499 5737 p.
3538 5656 3640 5713 125
3662 5670 3778 5735 sqq.

2295 5757 2408 5825 (18)
2443 5756 2614 5833 Supra
2645 5754 2764 5826 ἕξεί
2786 5770 2838 5833 p.
2878 5753 2996 5805 107.
