4016 6446
286 336 393 395 1Ίὸ

1871 365 2099 424 νιΤΑΕ.

3503 376 3599 434 1ῖ1ῖ

304 469 532 574 deinde
574 481 758 574 Apost
841 483 1097 539 mortem
1163 481 1298 541 eius
1370 482 1609 546 deserta
1676 482 1906 562 Libyae
1938 491 1981 548 Α
2011 493 2234 567 pturus
2261 493 2545 571 tempore
2577 491 3325 574 Opportun0.186Tunc
3353 501 3608 557 sanctus

318 572 602 652 petierit?
631 578 818 638 Haec
859 577 1042 656 igitur
1069 577 1373 643 dubitatio
1409 581 1596 660 plane
1628 590 1919 646 movetur

321 677 440 737 vita
470 677 871 755 Posthumii,
906 699 1027 760 qua
1055 683 1389 746 Macarium
1424 685 1486 745 S.
1517 684 1768 746 Antonii
1794 685 1914 746 mi-

325 779 597 841 nistrum
644 781 715 843 in
747 783 1064 845 coenobio
1110 784 1266 856 185
1301 784 1504 864 Pispir
1532 785 1698 846 diem
1733 785 1920 847 etiam

327 897 701 960 supremum
717 883 823 944 obi
832 883 951 944 isse
968 883 1304 946 edocemur
1327 907 1343 945 :
1364 884 1699 946 Macarium
1713 891 1923 947 autem

338 981 736 1060 Aegyptium,
777 989 848 1043 ut
876 999 911 1043 e
927 982 1199 1044 Palladio
1222 990 1486 1058 constat,
1509 984 1574 1046 in
1600 986 1779 1048 Scete
1810 985 1920 1065 (1),

345 1088 525 1158 atque
570 1080 1084 1156 Alexandrinum,
1114 1083 1286 1162 quod
1317 1101 1395 1145 ex
1433 1084 1654 1146 eodem
1699 1084 1922 1146 verisi-

344 1180 670 1242 millimum
741 1189 858 1258 est,
913 1182 980 1244 in
1034 1184 1282 1246 Cellulis
1338 1185 1756 1247 obdormiisse
1795 1186 1921 1247 sci-

337 1301 478 1344 mus
498 1282 602 1363 (2).
625 1285 697 1344 In
715 1283 833 1345 vita
855 1284 1022 1345 enim
1045 1284 1151 1346 illa
1180 1284 1336 1347 haec
1364 1285 1658 1364 leguntur
1685 1304 1698 1346 :
1719 1310 1747 1341 «
1767 1288 1925 1348 Nota

335 1378 528 1456 igitur
554 1378 715 1440 facta
756 1385 850 1440 est
897 1388 1113 1444 sancto
1152 1383 1444 1458 Macario,
1479 1384 1719 1446 scilicet
1757 1386 1926 1447 beati

333 1479 594 1540 Antonii
637 1479 968 1559 discipulo,
1020 1483 1410 1544 conversatio
1457 1483 1826 1557 Posthumii,
1865 1490 1927 1545 et

336 1581 596 1642 celebre
619 1582 752 1644 eius
791 1582 1024 1644 factum
1047 1591 1141 1645 est
1179 1601 1438 1658 nomen,
1471 1585 1799 1664 visumque
1834 1591 1928 1646 est

333 1682 454 1756 illi,
485 1683 566 1744 ad
595 1683 762 1746 hunc
785 1685 957 1748 abire
986 1687 1053 1747 in
1086 1704 1392 1748 eremum.
1424 1688 1577 1748 Nam
1609 1686 1774 1748 idem
1795 1689 1930 1749 Ma—

337 1782 548 1846 carius
580 1783 658 1844 ab
706 1784 931 1846 illustri
979 1787 1107 1847 viro
1150 1786 1421 1848 Antonio
1467 1785 1927 1848 monachorum

334 1877 476 1940 fere
527 1881 978 1960 quinquaginta
1041 1883 1232 1946 millia
1281 1892 1642 1964 susceperat
1690 1886 1922 1963 guber-

338 1979 576 2041 nanda.
633 1982 925 2044 Eiusdem
985 1983 1173 2062 igitur
1247 1985 1499 2048 Macarii
1569 1986 1773 2047 exitus
1849 1984 1930 2046 de

339 2081 602 2143 saeculo
643 2084 1214 2165 apprOpinquabat,
1263 2091 1326 2146 et
1359 2086 1688 2148 Dominico
1730 2085 1927 2164 gregi,

343 2185 492 2263 quis
541 2193 685 2264 post
739 2186 874 2248 eius
909 2203 1236 2248 excessum
1288 2187 1630 2265 magisterii
1672 2187 1932 2249 nomine

349 2285 818 2363 subrogaretur,
887 2288 1339 2367 inquirebatur.
1389 2289 1654 2350 Sanctus
1716 2287 1932 2367 itaque

352 2386 656 2447 Macarius
699 2405 840 2448 cum
877 2387 956 2448 ad
1001 2396 1287 2450 sanctum
1339 2389 1609 2449 venisset
1657 2387 1931 2448 Posthu-

359 2487 571 2558 mium,
609 2487 854 2566 excepit
883 2505 1025 2549 eum
1045 2488 1336 2560 libenter,
1371 2486 1711 2565 praecipue
1752 2485 1934 2546 cuius

357 2585 476 2646 iam
513 2587 596 2647 ab
625 2587 849 2663 angelo
877 2586 1104 2650 famam
1127 2588 1427 2649 audierat.
1481 2587 1619 2647 Non
1651 2601 1801 2662 ergo
1829 2584 1936 2644 ille

353 2696 422 2748 ut
453 2686 713 2765 hospes,
737 2687 846 2748 sed
870 2688 1004 2749 eius
1025 2688 1334 2750 subtiliter
1355 2685 1683 2766 explorare
1705 2701 1938 2764 prepo-

350 2789 540 2851 situm
557 2796 828 2852 venerat.
846 2791 1039 2851 Porro
1063 2789 1307 2851 Macarii
1333 2787 1736 2866 adspectibus
1765 2788 1936 2846 Post-

351 2889 556 2952 humii
594 2890 973 2970 complacuit
994 2891 1408 2962 conversatio,
1429 2896 1490 2950 et
1510 2906 1652 2950 eum
1674 2887 1938 2948 suadere

351 2992 588 3070 coepit,
611 2999 678 3052 ut
699 2991 896 3052 sancti
936 2992 1188 3053 Antonii
1209 2991 1727 3052 anachoretarum
1771 2987 1941 3066 prin-

2022 587 2422 652 Posthumius
2465 591 2731 672 pedibus
2759 592 2893 653 eius
2921 593 3293 672 provolutus
3332 592 3418 654 ait
3453 593 3604 653 :Ca-

2023 689 2269 752 rissime
2287 698 2487 770 pater,
2514 693 2836 771 quomodo
2858 692 3013 754 mihi
3033 700 3158 755 tam
3177 710 3437 770 magnae
3451 692 3610 753 mul-

2021 787 2306 850 titudinis
2324 806 2535 850 curam
2558 791 2856 870 imponis,
2873 792 3106 854 rustico
3120 791 3382 864 homini,
3397 790 3609 852 literas

2023 886 2370 950 nescienti?
2389 889 2653 951 Provide
2669 891 2859 967 igitur
2885 907 2963 952 ex
2983 891 3061 951 iis
3086 891 3377 952 meritum
3399 889 3606 952 homi—

2025 1004 2195 1062 nem,
2228 989 2339 1068 qui
2393 989 2591 1068 possit
2620 1008 2764 1052 cum
2794 990 3215 1052 sollicitudine
3240 998 3441 1052 tantas
3467 991 3607 1053 ani-

2023 1106 2159 1150 mas
2198 1107 2417 1168 regere
2470 1090 2876 1170 pepulerum.
2928 1093 3103 1153 Tunc
3159 1092 3460 1152 Macarius
3526 1092 3612 1152 ait

2026 1190 2394 1252 Posthumio
2437 1192 2933 1253 :Excusationes
2977 1209 3109 1252 non
3139 1192 3350 1265 audio,
3401 1208 3612 1270 neque

2030 1311 2247 1357 causas
2267 1295 2527 1375 recipio;
2549 1294 2616 1355 hi
2649 1295 2818 1356 enim
2842 1311 3062 1356 omnes
3085 1295 3201 1355 sub
3245 1301 3350 1354 tua
3372 1293 3613 1354 ditione

2028 1398 2396 1472 manebunt,
2447 1414 2565 1458 nec
2607 1395 2763 1458 alius
2807 1402 2901 1457 est
2933 1401 3141 1456 tantae
3201 1394 3614 1456 abstinentiae

2028 1494 2144 1569 vir,
2171 1495 2281 1576 qui
2301 1495 2500 1575 possit
2519 1495 2698 1556 istius
2729 1493 2951 1573 pepuli
2976 1494 3324 1571 gubernare
3347 1493 3609 1566 animas,

2027 1609 2100 1654 ac
2146 1593 2410 1654 sollicite
2463 1599 2843 1672 pertractare
2885 1609 2900 1665 ;
2937 1597 2998 1652 et
3033 1599 3100 1653 ut
3134 1591 3363 1652 certius
3385 1590 3612 1664 dicam,

2028 1693 2430 1756 dilectissime
2467 1694 2679 1767 frater,
2722 1700 2783 1755 te
2817 1692 3124 1754 electione
3156 1708 3270 1752 sua
3313 1690 3616 1750 Dominus

2031 1794 2378 1872 designavit
2395 1794 2472 1856 ad
2493 1793 2966 1874 suscipiendum
2988 1791 3156 1854 hunc
3179 1791 3505 1852 ministerii
3528 1790 3617 1851 lo-

2031 1913 2216 1969 cum;
2248 1912 2650 1975 nequaquam
2694 1911 2843 1971 ergo
2885 1892 3142 1956 coelesti
3186 1892 3418 1971 poteris
3459 1908 3622 1952 con-

2029 1995 2339 2057 tradicere
2385 1995 2671 2056 iussioni.
2729 1994 2895 2055 Nihil
2933 2011 3007 2054 ex
3039 1993 3160 2055 hoc
3215 1989 3620 2053 Posthumius

2029 2095 2276 2161 locutus
2345 2103 2439 2158 est
2510 2095 2802 2169 Macario,
2861 2095 2971 2155 sed
3025 2094 3174 2154 dum
3229 2092 3363 2153 eius
3429 2089 3621 2152 verba

2033 2213 2250 2259 secum
2308 2197 2375 2258 in
2411 2197 2622 2258 animo
2684 2195 2985 2269 volveret,
3039 2192 3343 2254 Macarius
3416 2191 3622 2252 emisit

2033 2300 2345 2380 Spiritum,
2402 2302 2739 2381 statimque
2780 2299 3166 2380 populorum
3197 2298 3420 2375 ingens
3439 2295 3624 2357 turba

2032 2401 2274 2462 intente
2296 2401 2370 2463 ad
2400 2402 2592 2462 funus
2612 2408 2895 2461 currunt.
2925 2399 3016 2459 Ibi
3036 2396 3437 2477 psallentium
3461 2393 3625 2454 mul-

2034 2503 2236 2564 titudo
2268 2502 2527 2564 diversis
2573 2500 2956 2580 hymnorum
2981 2498 3265 2571 vocibus,
3289 2495 3466 2576 quasi
3493 2511 3624 2556 uno

2037 2621 2169 2678 ore,
2231 2604 2449 2666 laudes
2494 2605 2622 2664 Deo
2651 2603 2982 2676 canebant,
3037 2599 3240 2661 donec
3284 2615 3514 2677 corpus
3546 2595 3626 2656 ad

2038 2705 2446 2786 sepulchrum
2494 2703 2912 2765 deduceretur
2966 2700 3391 2772 humandum;
3436 2714 3626 2760 nemo

2036 2812 2247 2868 tamen
2278 2805 2686 2866 vehementer
2723 2802 2975 2864 dolebat
3003 2819 3104 2875 eo,
3157 2799 3330 2878 quod
3375 2803 3630 2865 sanctus

2037 2907 2340 2969 Macarius
2362 2912 2488 2967 tam
2517 2904 2819 2965 velociter
2840 2901 3294 2964 monasterium
3316 2898 3632 2977 relinque-

2040 3015 2156 3082 ret,
2177 3007 2476 3087 quoniam
2496 3005 2800 3066 Dominus
2823 3003 3090 3065 similem
3116 3002 3172 3063 ei
3193 2999 3632 3062 Posthumium

351 3093 514 3171 cipis
559 3109 686 3154 non
727 3099 1081 3170 gravaretur
1148 3093 1396 3154 visitare
1446 3089 1766 3169 reliquias.
1814 3086 1938 3148 Sed

2044 3109 2214 3186 gregi
2237 3125 2350 3170 suo
2365 3107 2730 3185 magistrum
2751 3103 3108 3188 providerat
3133 3103 3239 3184 (3).
3270 3127 3297 3159 »
3317 3101 3632 3180 Quidquid

347 3210 499 3254 cum
536 3194 709 3253 omni
736 3193 960 3254 νίνίυῖθ
1007 3192 1383 3254 reniteretur
1405 3198 1465 3253 et
1494 3192 1666 3252 abire
1691 3188 1941 3269 Ρθηίῖυε
1969 3183 2009 3240 C
2042 3183 2232 3288 igitur
2259 3209 2336 3270 de
2363 3183 2496 3271 hae
2509 3208 2632 3269 vita
2663 3183 2904 3280 statuis,
2939 3205 3055 3267 etsi
3080 3183 3229 3266 satis
3260 3204 3522 3282 antiqua
3556 3220 3632 3264 ea

352 3292 688 3367 noluisset,
746 3292 813 3353 in
858 3293 1095 3354 somnis
1125 3291 1526 3354 Posthumius
1566 3290 1700 3351 sine
1732 3288 1945 3366 aliquo

351 3394 758 3456 cunctamine
808 3393 900 3454 ire
951 3395 1157 3454 iussus
1215 3393 1460 3454 divinae
1511 3390 1947 3453 contradicere

357 3511 492 3558 non
542 3499 784 3572 poterat
843 3493 1170 3554 maiestati.
1229 3496 1447 3572 Itaque
1494 3509 1639 3554 cum
1680 3489 1947 3552 Macario

357 3595 725 3671 aggreditur
757 3594 898 3668 iter,
930 3594 1393 3656 multitudinem
1443 3592 1951 3670 congregationis

359 3691 842 3765 monachorum,
877 3709 1039 3770 quae
1077 3710 1112 3753 a
1140 3692 1276 3753 solo
1311 3691 1778 3768 gubernabatur
1817 3691 1946 3750 Ma-

368 3792 558 3863 cario,
603 3792 947 3869 ingressus,
1041 3791 1119 3852 de
1175 3808 1303 3870 quo
1383 3807 1574 3869 saepe
1651 3787 1948 3861 diximus,

373 3907 596 3970 corpus
625 3892 947 3972 sepeliisse
983 3892 1283 3969 magistri,
1337 3908 1481 3952 cum
1513 3888 1770 3969 Spiritus
1816 3887 1951 3948 eius

372 4000 622 4053 vocatus
651 3999 744 4054 est
765 4010 841 4053 ex
862 3991 1134 4053 saeculo.
1167 3991 1448 4064 Quicum
1471 4007 1538 4051 se
1569 3990 1635 4050 in
1667 3995 1950 4050 extremo

369 4092 530 4154 vitae
555 4094 730 4154 istius
762 4091 1124 4172 temporalis
1139 4091 1510 4171 adspiceret,
1547 4089 1848 4151 advocato
1871 4086 1950 4148 ad

366 4210 438 4252 se
464 4200 680 4253 sancto
707 4192 1097 4265 Posthumio,
1128 4191 1215 4252 ita
1261 4208 1520 4252 exorsus
1554 4195 1646 4252 est
1681 4189 1740 4250 ei
1772 4207 1784 4248 :
1834 4188 1950 4261 En,

365 4293 584 4366 frater,
615 4301 866 4374 tempus
896 4293 1295 4355 resolutionis
1325 4309 1500 4354 meae
1538 4291 1760 4364 instat;
1794 4307 1952 4368 qua-

375 4403 640 4476 propter
686 4396 948 4458 audiens
1001 4397 1240 4458 bonum
1291 4392 1720 4454 testimonium
1767 4391 1845 4451 de
1865 4396 1951 4465 te,

370 4499 566 4558 ﬁnem
625 4497 962 4557 senectutis
1011 4512 1190 4556 meae
1246 4493 1579 4556 debilitatis
1647 4491 1955 4571 supposui
1986 4485 2360 4572 DMacarios
2458 4483 2632 4562 quod
2733 4481 2985 4556 attinet,

371 4598 692 4676 gressibus
719 4598 796 4659 ad
829 4597 1308 4677 pertingendum
1339 4613 1542 4674 usque
1562 4593 1638 4656 ad
1664 4603 1748 4654 te.
1775 4594 1953 4653 Nunc

370 4699 567 4777 igitur
587 4699 747 4759 bene
771 4697 969 4760 fecisti
994 4699 1202 4759 venire
1228 4713 1498 4758 mecum.
1524 4694 1785 4772 Suscipe
1804 4710 1954 4769 ergo

372 4810 640 4882 paterno
673 4817 885 4862 amore
906 4817 1158 4878 gregem
1181 4797 1292 4859 Dei
1320 4797 1398 4858 ad
1423 4795 1790 4874 regendum.
1815 4792 1956 4852 Noli

373 4917 705 4981 quaerere,
729 4899 899 4978 quod
927 4899 1040 4960 tibi
1064 4899 1215 4960 utile
1235 4905 1349 4971 est,
1385 4895 1495 4957 sed
1529 4895 1700 4974 quod
1720 4891 1950 4962 multis,

377 5011 443 5062 ut
482 5000 636 5062 salvi
677 4999 853 5072 ﬁant;
903 5015 982 5060 ne
1014 5015 1164 5076 ergo
1194 5014 1388 5075 neges
1416 4991 1802 5073 suscipiendi
1833 4990 1952 5051 ho-

383 5101 553 5163 noris
609 5099 892 5178 gratiam,
931 5097 1289 5160 mercedem
1340 5114 1376 5157 a
1430 5094 1697 5156 Domino
1771 5107 1952 5152 rece-

453 5285 528 5354 (1)
560 5288 738 5354 Supra
777 5285 804 5356 §
841 5285 906 5338 12
941 5285 1108 5354 p.41.

450 5377 526 5444 (ἒ)
556 5379 732 5445 Supra
763 5375 790 5447 §
823 5376 886 5429 21
931 5391 981 5445 p.
1022 5374 1110 5431 86.
1144 5371 1267 5446 §50
1299 5371 1509 5441 p.127.

448 5469 526 5534 i5)
567 5465 692 5519 Vita
740 5467 799 5521 ὃ.
857 5465 1167 5520 Pestbumii
1210 5480 1329 5534 cap.
1375 5463 1427 5527 Ἰ,
1455 5459 1566 5515 νγ.
1617 5459 1722 5514 ΡΡ.
1773 5459 1956 5514 Rosw.

370 5576 428 5633 p.
459 5561 568 5614 253’
596 5576 678 5630 sq.

445 5653 526 5724 (4)
563 5651 590 5720 §
621 5653 708 5708 24.
746 5669 801 5721 p.
838 5650 942 5704 105
982 5665 1062 5717 sq.

445 5743 522 5816 (5)
550 5742 691 5800 Hist.
730 5741 905 5794 Laus.
939 5739 1023 5792 ed.
1063 5736 1263 5793 Meurs.
1296 5751 1416 5790 can.
1455 5735 1521 5790 18
1582 5733 1720 5804 Opp.
1757 5734 1960 5789 Meurs.

363 5835 403 5894 I.
433 5837 474 5896 Ι.
507 5855 563 5916 ρ.
593 5836 725 5896 585.
767 5830 859 5886 Cf.
893 5828 1108 5884 Sinoni.
1149 5827 1282 5883 Hist.
1313 5827 1454 5880 Ευίει.
1491 5824 1657 5881 lib.Vl
1713 5843 1831 5896 cap.
1867 5827 1956 5884 ‘29,

2046 3328 2185 3372 esse
2248 3311 2553 3382 videatur,
2621 3313 2882 3388 apparet
2951 3311 3183 3379 tamen,
3273 3305 3632 3379 Macarium,

2047 3427 2239 3489 quem
2285 3409 2448 3469 vitae
2506 3407 2774 3486 scriptor
2854 3407 2914 3466 S.
2972 3404 3220 3465 Antonii
3253 3404 3635 3482 discipulum

2046 3515 2228 3572 vocat
2267 3514 2330 3570 et
2382 3508 2760 3580 ministrum,
2820 3506 2929 3585 qui
2962 3522 3194 3584 corpus
3245 3504 3378 3566 eius
3401 3503 3634 3583 sepeli-

2047 3611 2227 3685 verit,
2276 3609 2730 3686 monachisque
2771 3614 2915 3686 post
2953 3613 3222 3666 mortem
3268 3606 3328 3663 S.
3381 3602 3638 3663 Antonii

2050 3707 2411 3788 praefuerit,
2436 3724 2472 3767 a
2497 3706 2728 3766 nostris
2781 3703 3064 3765 Macariis
3106 3702 3421 3762 diversum
3471 3717 3634 3760 esse.

2053 3811 2446 3888 QuaprOpter
2474 3807 2657 3868 etiam
2702 3806 2857 3867 duas
2889 3804 3024 3866 illas
3053 3804 3131 3865 de
3187 3803 3458 3864 Macario
3492 3817 3638 3878 gra-

2051 3910 2277 3970 tiarum
2299 3910 2361 3968 S.
2405 3907 2659 3968 Antonii
2693 3906 2966 3967 haerede
2994 3903 3307 3976 historias,
3339 3919 3497 3980 quas
3527 3919 3636 3960 su-

2053 4027 2168 4089 pra
2197 4027 2231 4070 e
2262 4009 2611 4070 Meursiana
2649 4007 2958 4068 Historiae
2991 4004 3321 4066 Lausiacae
3362 4001 3640 4062 editione

2055 4107 2300 4186 spurias
2329 4107 2728 4168 exhibuimus
2752 4104 2857 4183 (4),
2889 4103 2967 4166 ad
2996 4102 3440 4182 Pispiritanum
3471 4100 3637 4162 refe-

2055 4210 2282 4272 rendas
2313 4227 2451 4272 esse
2472 4208 2848 4271 crediderim
2862 4252 2876 4266 .

2140 4390 2167 4461 §
2233 4384 2327 4444 46.
2382 4383 2473 4446 Ad
2524 4389 2766 4446 ceteros
2827 4381 3058 4444 deinde
3098 4380 3277 4442 istius
3337 4380 3642 4459 temporis

3079 4479 3280 4542 nostri
3386 4479 3646 4558 quidem

2059 4585 2310 4646 Macarii
2382 4601 2419 4645 a
2510 4583 2779 4645 Macario
2869 4582 3141 4656 iuniore,
3225 4580 3357 4660 qui,
3448 4596 3644 4659 quum

2060 4688 2255 4748 boves
2326 4701 2594 4764 pascens
2671 4683 2930 4746 caedem
2987 4682 3154 4744 haud
3224 4681 3644 4762 praemedita-

2062 4794 2189 4848 tam
2259 4790 2701 4866 perpetrasset,
2752 4786 2819 4845 in
2891 4783 3230 4846 solitudine
3297 4779 3647 4843 monachus

2064 4887 2520 4966 paenitentiam
2590 4886 2814 4964 agebat
2889 4884 3033 4966 (5),
3112 4890 3174 4944 et
3270 4899 3303 4944 a
3375 4881 3647 4943 Macario

2068 4987 2226 5055 187
2319 4986 2729 5047 Alexandriae
2812 4985 3184 5064 presbytero
3283 4980 3650 5062 ptochotro—

2063 5087 2328 5168 phiique
2358 5087 2761 5148 Alexandrini
2791 5086 3112 5166 praefecto
3149 5083 3258 5163 (6),
3304 5102 3424 5148 nec
3453 5102 3584 5146 non
3613 5101 3649 5145 a

2066 5271 2385 5329 Cassiodor.
2433 5272 2580 5328 Hist.
2634 5273 2851 5341 tripart.
2897 5271 2996 5325 lib.
3044 5268 3158 5322 Vlll
3193 5285 3318 5340 cap.
3355 5269 3380 5323 1
3421 5269 3475 5321 in
3519 5267 3650 5325 ﬁne.

2067 5363 2360 5434 Nicephor.
2395 5364 2606 5418 Callist.
2638 5362 2855 5423 Eccles,
2881 5361 3023 5417 Hist.
3059 5363 3153 5416 lib.
3187 5361 3252 5414 XI
3285 5376 3407 5429 cap.
3443 5359 3535 5412 55.

2141 5455 2219 5524 (6)
2255 5454 2395 5509 Hist.
2429 5453 2595 5508 Laus.
2621 5454 2708 5508 ed.
2769 5452 2974 5508 Mcurs.
3008 5468 3126 5522 cap.
3166 5453 3196 5504 7
3250 5449 3388 5520 Opp.
3442 5449 3648 5503 Meurs.

2071 5551 2108 5604 l.
2128 5550 2163 5601 ι.
2197 5565 2250 5619 p.
2285 5548 2384 5602 757
2408 5563 2490 5617 sq.
2519 5548 2658 5601 Idem
2683 5546 2948 5599 Macarius
2982 5545 3266 5614 presbyter
3286 5541 3653 5595 Alexandriae

2074 5643 2244 5698 fuisse
2305 5641 2544 5703 videtur,
2609 5655 2768 5710 quem
2835 5639 3060 5693 laudant
3110 5639 3269 5692 Socr.
3310 5634 3453 5690 Hist.
3495 5633 3662 5693 Eccl._

2074 5738 2166 5792 lib.
2197 5735 2234 5788 Ι.
2265 5751 2388 5805 cap.
2439 5735 2530 5800 27;
2559 5732 2777 5787 Sezom.
2813 5730 2954 5785 Hist.
2985 5729 3129 5784 ECi-l.
3170 5728 3265 5782 lib.
3303 5727 3345 5780 ll
3382 5742 3502 5798 cap.
3537 5725 3668 5792 22,,

2077 5842 2189 5886 tuin
2219 5827 2603 5893 Cassiodorus,
2641 5824 2982 5897 Niccpliorus
3016 5822 3278 5880 Callistus
3311 5828 3418 5876 cct.
