4016 6432
423 336 530 395 I75
1048 334 1150 393 SS.
1191 333 1653 392 MACARIORUM
1692 333 2011 389 AEGYPTH
2077 333 2166 389 ET
2221 335 2687 393 ALEXANDRINI
2730 334 2987 391 VITAE.
3582 330 3694 388 I76

422 452 689 518 Macario
725 455 1308 538 Hierosolymorum
1348 460 1649 541 episcopo
1687 457 1740 537 (1
1751 468 1802 537 ),
1837 457 2001 519 aliis-
2027 462 2075 519 A
2101 476 2217 533 ne,
2258 476 2423 539 quae
2452 460 2531 521 de
2578 457 2853 521 Macario
2908 452 3327 516 Alexandrino
3373 450 3694 513 Palladius

424 556 645 637 que(2)
661 556 956 622 facillime
995 560 1414 639 distinguitur.
1447 560 1567 621 Sed
1609 576 1733 621 una
1774 576 2000 639 super-
2106 559 2425 639 ceterique
2453 558 2882 632 tradiderunt,
2914 557 2973 619 ei
3009 552 3468 618 contradicunt.
3490 554 3692 613 Acce-

426 664 523 720 est
566 657 895 721 difﬁcultas
923 709 937 733 ,
997 678 1187 740 quam
1246 662 1459 723 obiicit
1506 659 1925 737 fragmentum
1970 676 2006 720 e
2107 659 2219 734 dit,
2244 660 2415 740 quod
2459 660 2792 733 Palladius,
2819 658 2927 737 qui
2949 664 3072 718 tres
3094 671 3291 716 annos
3312 670 3455 714 cum
3477 653 3695 711 Maca-

425 776 718 822 sermone
754 759 1029 843 Philippi
1063 763 1339 825 Sidensis
1383 764 1567 823 XXIV
1600 763 1664 823 in
1701 761 2007 823 Gallandii
2108 760 2203 821 rio
2225 760 2645 822 Alexandrino
2668 758 2911 841 vixit(5)
2934 806 2947 831 ,
2968 764 3028 819 et
3045 753 3479 832 Rufinus,qui,
3503 750 3693 829 Didy-

426 858 812 923 Bibliotheca
836 862 951 921 PP.
978 878 1299 936 excusum,
1325 881 1451 942 quo
1473 862 1725 925 scholae
1740 861 2007 922 Alexan-
2110 874 2216 919 mo
2248 876 2358 920 sex
2385 876 2586 920 annos
2608 857 2920 951 audito,in
2944 871 3220 917 eremum
3246 852 3323 914 ad
3352 851 3692 913 Macarium

426 958 644 1020 drinae
690 968 1139 1021 enumerantur
1183 962 1547 1040 praepositi.
1593 961 1684 1022 Ab
1732 960 2009 1023 Athena-
2111 959 2433 1040 profectus
2454 970 2547 1021 est
2574 954 2872 1041 (6),illius
2901 960 2992 1021 rei
3022 976 3101 1020 ne
3134 958 3510 1019 levissimam
3542 954 3688 1034 qui-

427 1072 578 1134 gora
610 1057 803 1132 enim,
835 1059 942 1138 qui
968 1060 1265 1122 Hadriani
1294 1069 1356 1123 et
1385 1061 1684 1123 Antonini
1710 1060 2012 1140 tempori—
2113 1061 2258 1123 dem
2300 1062 2687 1123 mentionem
2726 1061 2981 1123 faciunt.
3013 1062 3103 1121 Ex
3135 1058 3364 1139 quibus
3398 1073 3514 1133 ego
3545 1055 3690 1135 qui-

427 1160 547 1221 bus
583 1161 885 1234 ﬂorebat,
931 1161 1275 1240 incipiens,
1326 1163 1653 1225 recensitis
1689 1161 2012 1224 nonnullis
2111 1162 2256 1223 dem
2319 1162 2625 1236 coniicio,
2701 1162 3037 1223 Macarium
3103 1174 3359 1239 quoque
3426 1162 3692 1218 «oin-ua»

428 1258 567 1322 aliis
595 1260 673 1322 ad
693 1261 1101 1341 Serapionem
1128 1264 1386 1337 transit,
1422 1287 1452 1321 α
1485 1280 1698 1343 quem,
1722 1286 1751 1319 »
1780 1262 2009 1342 inquit,
2110 1262 2312 1337 illum,
2360 1261 2615 1325 scholae
2667 1262 3120 1323 Alexandrinae
3154 1260 3315 1330 188
3350 1256 3692 1336 aliquando

434 1382 463 1415 α
502 1360 752 1440 excepit
788 1378 1055 1439 magnus
1088 1362 1195 1425 ille
1224 1365 1445 1425 Petrus
1475 1365 1813 1443 episc0pus
1843 1380 2011 1424 mar-
2113 1363 2472 1437 antistitem,
2505 1380 2541 1425 a
2574 1363 2804 1425 nostris
2826 1362 3107 1424 Macariis
3136 1361 3449 1421 diversum
3470 1357 3692 1417 fuisse.

429 1460 594 1539 tyrio
640 1459 935 1540 inclytus.
1002 1464 1153 1525 Post
1196 1465 1451 1525 Petrum
1510 1464 1848 1538 Macarius,
1903 1465 2015 1543 qui
2115 1465 2277 1524 Num
2304 1481 2454 1525 vero
2490 1464 2792 1525 Macarius
2823 1464 3151 1543 presbyter
3177 1461 3293 1521 iste
3323 1457 3694 1520 Alexandri-

433 1564 699 1627 πολιτικός
752 1576 788 1621 a
844 1563 1271 1625 conterraneis
1345 1569 1440 1625 est
1512 1564 2009 1641 cognominatus.
2115 1582 2235 1626 nus
2268 1565 2525 1626 antistes
2550 1564 2802 1626 scholae
2842 1564 3009 1625 illius
3043 1561 3407 1623 statuendus
3432 1560 3543 1633 sit,
3573 1575 3693 1621 ne-

431 1659 579 1720 Post
606 1676 751 1721 eum
783 1660 1119 1741 Didymus,
1166 1670 1311 1743 post
1338 1664 1677 1743 Didymum
1715 1664 2011 1739 Rhodon,
2116 1682 2241 1745 que
2270 1681 2500 1742 negare
2530 1681 2741 1744 neque
2772 1666 3080 1727 aﬂirmare
3112 1664 3335 1726 ausim.

433 1759 545 1839 qui
566 1759 775 1833 etiam,
799 1769 867 1823 ut
888 1763 1064 1825 testis
1088 1769 1181 1824 est
1200 1762 1335 1843 ipse
1358 1762 1709 1844 Philippus,
1734 1763 2014 1826 scholam
2046 1813 2087 1868 Β

431 1859 745 1921 transtulit
772 1860 836 1922 in
857 1861 1028 1923 illam
1048 1863 1248 1942 ipsam
1271 1864 1580 1926 civitatem
1608 1865 1797 1926 Siden
1816 1865 2015 1945 impe-
2046 1856 2086 1868 “’
2195 1864 2412 1943 Itaque
2443 1863 2845 1943 quaestiones
2873 1861 2952 1923 de
2968 1860 3377 1923 Macariorum
3407 1856 3698 1937 Aegyptii

434 1963 613 2020 rante
646 1976 874 2037 magno
903 1961 1281 2025 Theodosio.
1324 1964 1525 2025 Huius
1569 1964 1897 2026 Rhodonis
1945 1983 2013 2027 se
2121 1970 2183 2025 et
2228 1964 2630 2026 Alexandrini
2677 1964 2819 2025 vitis
2865 1962 3266 2025 absolvimus.
3323 1960 3413 2021 Ad
3470 1959 3699 2037 scripta

438 2057 813 2137 discipulum
848 2059 1038 2122 fuisse
1082 2062 1167 2123 ait
1197 2062 1599 2143 Philippus...
1642 2088 1670 2120 ιι
1715 2065 1819 2145 (3).
1856 2066 2014 2139 Quid
2121 2082 2338 2127 eorum
2359 2064 3137 2144 quodattinet,eaquidem
3156 2062 3515 2140 dignissima
3529 2064 3698 2135 sunt,

434 2157 663 2235 igitur?
692 2161 852 2221 Num
886 2163 1188 2225 Macarius
1216 2164 1693 2240 Alexandrinus,
1732 2167 1842 2246 qui
1870 2167 2012 2228 Pal-
2120 2166 2198 2226 de
2219 2166 2447 2245 quibus
2473 2165 2659 2226 simili
2696 2164 2935 2226 ratione
2955 2163 3303 2225 accuratius
3325 2161 3697 2241 inquiratur.

437 2257 605 2321 ladio
644 2258 908 2338 aliisque
952 2263 1213 2324 testibus
1258 2270 1527 2325 πολιτικός
1570 2283 1606 2329 a
1659 2266 2015 2327 coaetaneis
2120 2266 2243 2327 Sed
2271 2264 2387 2327 hac
2418 2264 2877 2344 disquisitione,
2921 2282 3116 2343 quum
3155 2263 3233 2325 ab
3280 2262 3400 2324 hoc
3444 2261 3702 2341 quidem

438 2364 694 2420 vocatus
721 2366 815 2420 est
839 2359 945 2440 (4),
978 2360 1340 2441 aliquando,
1370 2371 1515 2426 ante
1541 2365 1872 2445 Didymum
1893 2365 2016 2427 sci-
2124 2364 2454 2446 proposito
2493 2372 2711 2427 nostro
2741 2364 2945 2427 aliena
2975 2365 3076 2439 sit,
3102 2363 3171 2425 in
3208 2362 3562 2445 praesentia
3590 2378 3703 2423 su-

442 2459 589 2523 licet
634 2459 885 2523 scholae
912 2460 1366 2525 Alexandrinae
1378 2464 1910 2544 praefuit‘lOmnia
1924 2482 2021 2527 sa-
2124 2465 2555 2546 persedemus.

516 2675 593 2746 (l)
619 2674 836 2731 Sozom.
869 2675 1007 2731 Hist.
1036 2673 1184 2731 Eccl;
1212 2674 1308 2729 lib.
1339 2672 1359 2726 l
1415 2688 1539 2744 cap.
1566 2674 1665 2743 l7;
1686 2673 2019 2731 Theodoret.
2129 2679 2337 2744 laudat,
2370 2688 2480 2737 cet.

447 2765 592 2823 llist.
628 2767 776 2823 Eccl.
806 2769 899 2823 lib.
935 2767 954 2821 l
1000 2782 1121 2838 cap.
1157 2766 1245 2833 16,
1279 2765 1415 2837 Opp.
1448 2766 1539 2823 ed.
1575 2766 1826 2825 Noesselt
1857 2768 1921 2827 T.
1958 2769 2024 2824 Ill
2199 2772 2278 2843 (3)
2310 2770 2560 2827 Galland.
2595 2769 2853 2825 Biblioth.
2896 2768 3001 2824 PP.
3033 2768 3098 2825 Τ.
3132 2766 3203 2823 IX
3242 2784 3297 2839 p.
3333 2765 3480 2823 ιοιμ

448 2875 500 2929 ρ.
526 2860 624 2915 791
663 2876 748 2931 sq.

2197 2864 2275 2935 (4)
2300 2863 2384 2919 Cf.
2420 2878 2584 2934 supra
2618 2862 2647 2935 ᾗ
2680 2862 2750 2915 24
2779 2878 2835 2933 p.
2860 2862 2962 2918 104
2996 2861 3024 2933 §
3052 2861 3125 2917 25
3159 2876 3214 2932 p.
3243 2859 3347 2917 105
3376 2875 3498 2931 sqq.

520 2950 597 3023 (2)
629 2949 745 3003 Huc
772 2950 1046 3019 pertinent
1070 2947 1343 3002 Macarius
1377 2945 1683 3013 Romanus,
1722 2950 1882 3005 cuius
1907 2951 2020 3006 vita
2200 2957 2278 3028 (5)
2313 2956 2487 3027 Supra
2521 2973 2573 3027 p.
2611 2956 2704 3011 66.
2734 2956 2824 3011 85.

450 3048 631 3097 exstat
653 3037 768 3093 VV;
804 3038 907 3093 PP.
940 3038 1127 3093 llosw.
1160 3036 1267 3091 224
1297 3052 1409 3107 sq.,
1432 3036 1704 3094 Macarius
1726 3039 2024 3097 Mathema-
2201 3047 2279 3119 (6)
2311 3046 2489 3119 Supra
2522 3047 2551 3112 ς
2581 3048 2615 3102 6
2644 3064 2699 3117 p.
2733 3048 2821 3103 l8.

452 3133 618 3199 ticus,
666 3148 828 3203 quem
877 3129 1106 3186 Ruﬁnus
1141 3132 1196 3186 in
1232 3128 1461 3202 Apolog.
1494 3128 1816 3204 [lnvectiv.]
1847 3133 1945 3189 lib.
1982 3133 2024 3189 ll
