4016 6484
322 450 424 507 I81
1904 456 1950 511 A

2053 457 2111 511 Α.
3532 457 3637 512 182

335 566 513 639 αὐτὴν
556 568 626 622 ὲν
673 573 942 643 σχήματι
982 572 1246 644 φορϐάδος
1291 571 1610 643 ἀπωδύρετο
1652 571 1748 625 καὶ
1780 570 1950 625 ἔκλαιε

2071 574 2236 641 venit,
2264 574 2318 628 in
2354 574 2528 629 forma
2548 588 2723 645 equae
2752 586 2868 627 eam
2888 571 3257 641 conspicatus,
3281 569 3542 639 ingemuit
3572 585 3635 625 ac

342 658 442 729 τὴν
490 665 852 733 συμφοράν·
885 664 980 718 καὶ
1022 663 1532 734 προσκαλεσάμενος
1564 665 1690 725 τοὺς
1726 664 1950 734 πρεσϐυ-

2064 664 2211 719 flevit
2238 664 2305 720 de
2336 666 2425 731 iis,
2478 682 2617 735 quae
2656 665 2990 718 acciderant.
3040 663 3258 715 Vocatis
3296 660 3494 715 deinde
3527 659 3634 715 vici

350 752 549 825 ⁴ιιὲρους
591 757 707 826 τῆς
755 756 959 825 κώμης
1001 754 1238 808 δείκνυσι
1279 754 1478 825 αὐτὴν,
1513 754 1608 807 καὶ
1640 754 1761 807 οὐδὲ
1806 754 1961 806 αὐτοὶ

367 845 606 915 συνῆκαν
637 846 705 899 τὸ
734 847 985 915 γεγονός.
1026 848 1120 900 καὶ
1156 847 1247 898 ἐπὶ
1294 849 1443 917 τρεῖς
1478 845 1695 915 ἡμέρας
1734 844 1960 913 μηδενὸς

376 935 724 1005 γευσαμένης
776 936 979 1005 αὐτῆς,
1010 936 1196 998 τέλος,
1238 935 1323 987 ἴνα
1363 934 1595 1003 δοξασθῇ
1638 935 1664 984 ὀ
1702 933 1834 995 Θεὸς
1867 933 1961 985 τὸν

390 1026 524 1093 ἅγιον
555 1027 754 1090 αὑτοῦ,
784 1027 950 1099 ἀνέϐη
981 1029 1071 1081 επὶ
1100 1028 1142 1059 ’θ
1172 1028 1262 1079 τὸν
1297 1025 1421 1079 νοῦν
1453 1026 1545 1079 τοῦ
1574 1026 1787 1096 ἀνδρὸς,
1816 1027 1959 1093 ἀγα-

392 1120 497 1184 γεῖν
530 1117 706 1186 αὐτὴν
737 1117 782 1147 ⁸³
830 1119 907 1179 εἰς
942 1117 1038 1187 τὴν
1073 1115 1276 1187 ἔρημον
1306 1114 1350 1147 δ’
1385 1116 1521 1185 πρὸς
1561 1114 1653 1166 τὸν
1703 1113 1858 1181 ἅγιον
1890 1112 1957 1167 ⁸³.

391 1212 477 1263 καὶ
530 1209 837 1280 φορὸιάσας
873 1210 918 1241 δ’·
957 1210 1121 1280 αὐτὴν
1168 1209 1242 1272 ὡς
1307 1209 1504 1273 ἵππον,
1561 1206 1734 1269 οὕτως
1789 1204 1960 1273 αὐτὴν

387 1304 586 1371 ήγαγεν
613 1341 626 1364 ,
658 1300 785 1353 ἔνθα
813 1299 949 1371 ᾤκει
975 1303 1004 1354 ὁ
1030 1300 1125 1353 τοῦ
1156 1300 1291 1351 Θεοῦ
1334 1299 1637 1369 ἄνθρωπος.
1673 1298 1769 1349 καὶ
1798 1299 1852 1349 ὲν
1881 1294 1959 1365 τῷ

380 1391 680 1462 πλησιάσαι
729 1392 974 1460 λέγουσιν
1027 1391 1176 1463 αὐτῷ
1220 1393 1270 1444 οἱ
1323 1390 1577 1460 ἀδελφοί·
1614 1389 1666 1442 τί
1720 1382 1822 1441 ὧδε
1860 1386 1959 1458 τὴν

379 1484 629 1552 φορϐάδα
656 1484 894 1554 ἦγαγες;
925 1484 1020 1535 καὶ
1063 1483 1213 1551 λέγει
1260 1484 1487 1545 ἐκεῖνος·
1543 1476 1626 1533 ἵνα
1658 1479 1855 1550 ὲλεηθῇ
1888 1481 1955 1549 τῇ

378 1577 663 1647 προσευχῇ
708 1573 799 1628 τοῦ
844 1574 1074 1629 δικαίου.
1112 1577 1159 1627 οί
1193 1574 1248 1627 δὲ
1288 1575 1423 1645 πρὸς
1457 1573 1620 1626 αὐτόν
1652 1573 1698 1603 ’⁵⁸
1719 1588 1733 1602 ·
1764 1571 1816 1624 τί
1849 1570 1955 1641 γὰρ

377 1663 496 1733 ἔχει
524 1664 696 1717 κακόν
718 1679 732 1728 ;
758 1663 904 1731 λέγει
929 1664 1128 1729 αὐτοῖς·
1162 1663 1322 1735 αὕτη,
1350 1664 1417 1733 ἢν
1443 1664 1604 1733 ὁρᾶτε
1620 1663 1666 1694 ⁵⁸
1688 1661 1953 1733 φορὸἀδα,

378 1758 411 1825 ἠ
461 1760 602 1827 γυνή
648 1774 748 1826 μου
777 1753 844 1828 ἦν
882 1759 915 1827 ή
968 1757 1148 1822 ἀθλία,
1184 1760 1278 1811 καὶ
1321 1759 1421 1810 οὐκ
1454 1754 1593 1821 οἶδα,
1633 1756 1686 1809 τί
1722 1756 1817 1809 νῦν
1856 1758 1955 1827 μὲν

376 1849 516 1919 αὐτή
539 1848 608 1900 ⁸⁷.
662 1849 1018 1921 ἀπεκαλύφθη
1062 1849 1118 1902 δὲ
1167 1848 1244 1921 τῷ
1288 1850 1429 1919 ἁγίῳ
1473 1849 1650 1901 πάντα
1692 1848 1761 1901 τά
1792 1865 1953 1916 γεγο-

2062 756 2398 827 presbyteris
2428 772 2546 810 eam
2564 756 2822 818 ostendit,
2860 754 2953 808 sed
2987 770 3053 806 ne
3080 754 3130 806 hi
3160 753 3379 821 quidem
3405 768 3517 805 rem
3545 754 3631 805 in-

2063 849 2410 903 tellexerunt.
2466 852 2642 915 Quum
2697 850 2863 919 igitur
2894 848 2983 900 illa
3032 844 3210 898 tribus
3256 843 3447 898 diebus
3499 845 3633 898 nihil

2062 939 2285 994 omnino
2342 940 2689 1002 comedisset,
2761 947 3095 1008 postremum
3164 937 3305 991 Deus
3378 946 3630 989 sanctum

2068 1043 2232 1081 suum
2298 1030 2707 1100 glorificaturus
2756 1030 3139 1098 cogitationem
3191 1028 3390 1081 marito
3447 1026 3634 1094 injecit

2062 1117 2297 1174 adeundi
2352 1136 2476 1174 cum
2528 1138 2591 1174 ea
2642 1130 2891 1174 sanctum
2959 1120 3137 1172 virum
3187 1118 3238 1170 in
3298 1118 3628 1181 solitudine;

2062 1224 2231 1278 quare
2269 1210 2317 1264 is
2351 1212 2592 1280 capistro
2621 1210 2839 1279 ligatam
2872 1216 2930 1262 ut
2958 1223 3151 1276 equam
3193 1208 3371 1267 duxit,
3428 1207 3518 1260 ubi
3547 1207 3632 1259 vir

2062 1301 2154 1355 Dei
2200 1303 2499 1359 habitabat.
2538 1300 3011 1372 Appropinquanti
3066 1299 3309 1353 fratres:
3347 1297 3510 1364 Quid,
3552 1298 3633 1351 in-

2061 1392 2276 1459 quiunt,
2310 1392 2417 1445 huc
2453 1407 2649 1461 equam
2694 1389 3007 1443 adduxisti?
3045 1386 3137 1441 llle
3192 1388 3527 1456 respondet:
3560 1384 3633 1439 Ut

2054 1484 2189 1553 justi
2236 1483 2485 1537 oratione
2538 1483 2971 1537 misericordiam
2998 1490 3385 1550 consequatur.
3423 1483 3488 1533 At
3521 1480 3574 1533 hi
3612 1500 3625 1534 :

2059 1576 2199 1641 Quid
2232 1576 2450 1629 tandem
2486 1576 2613 1629 mali
2648 1577 2848 1630 habet?
2878 1575 3185 1644 Respondet
3226 1595 3237 1629 :
3274 1574 3436 1643 250
3463 1573 3627 1636 llaec,

2058 1685 2220 1740 quam
2260 1668 2456 1723 videtis
2484 1684 2699 1738 equam,
2729 1684 2858 1722 cara
2888 1684 3003 1721 mea
3055 1684 3192 1721 uxor
3226 1678 3365 1732 erat,
3392 1676 3465 1731 et,
3496 1665 3629 1735 quid

2052 1761 2164 1831 jam
2180 1762 2229 1815 ei
2254 1760 2747 1823 acciderit,nescio.
2767 1758 3022 1814 Revelata
3037 1770 3216 1813 autem
3237 1767 3427 1813 sancto
3444 1759 3626 1811 omnia

2057 1862 2233 1918 erant,
2266 1869 2406 1923 quae
2447 1854 2646 1908 femina
2687 1864 2987 1922 pateretur,
3016 1861 3069 1904 et
3097 1856 3261 1904 Deum
3308 1851 3495 1903 orabat
3528 1867 3628 1918 pro

375 1939 508 1991 νότα
536 1940 673 2009 αὐτῇ
700 1939 765 2001 ⁸⁸,
794 1941 889 1993 καὶ
918 1937 983 2010 ἦν
1012 1939 1263 2010 δεόμενος
1291 1940 1381 1993 τοῦ
1418 1941 1553 1992 Θεοῦ
1585 1940 1716 2011 περὶ
1760 1940 1950 2009 αὐτῆς.

2058 1961 2142 1999 ea.
2169 1945 2246 1998 Illi
2279 1960 2409 1998 vero
2441 1960 2563 1999 cum
2605 1944 2709 1999 ista
2747 1944 3111 2005 audivissent,
3142 1943 3384 1995 referunt
3411 1942 3474 1994 ad
3508 1958 3626 1995 ser-

372 2029 425 2080 oi.
462 2027 521 2079 δὲ
566 2027 894 2093 ἀκούσαντες
938 2028 1112 2080 ταῦτα
1152 2028 1485 2098 ἀναφέρουσι
1532 2027 1612 2098 τῷ
1659 2027 1952 2098 Θεράποντι

373 2118 470 2171 τοῦ
494 2120 731 2189 Χριστοῦ
753 2120 1023 2195 Μακαρίῳ
1042 2120 1314 2187 λέγοντες,
1338 2121 1420 2173 ὅτι
1443 2120 1689 2191 φορϐάδα
1718 2118 1953 2172 ἐνταῦθά

370 2227 459 2273 τις
488 2211 719 2278 ἢγαγεν.
766 2212 912 2279 λέγει
951 2212 1166 2274 αὐτοῖς·
1210 2213 1369 2282 ὑμεῖς
1401 2213 1523 2263 ἐστε
1552 2212 1731 2273 ἵπποι,
1763 2212 1813 2263 of
1840 2210 1951 2264 τῶν

375 2303 560 2355 ἵππων
589 2305 713 2365 τοὺς
738 2302 1049 2373 ὀφθαλμοὺς
1067 2303 1301 2372 ἔχοντες·
1327 2303 1510 2373 ἐκείνη
1538 2302 1594 2355 δὲ
1613 2304 1749 2372 γυνή
1780 2305 1948 2366 ἐστιν,

380 2395 718 2464 ὡςέκτίσθη,
744 2396 879 2448 ἀλλὰ.
914 2396 1071 2466 μόνον
1098 2396 1257 2448 τοῦτο
1281 2396 1582 2466 φαινομένη
1600 2396 1644 2426 δ’
1678 2413 1951 2465 μετασχη-

386 2487 710 2556 ματισθεῖσα
754 2492 867 2551 τοῖς
918 2488 1218 2558 ὀφθαλμοῖς
1264 2488 1372 2541 τῶν
1415 2490 1804 2559 ἠπατημένων.
1855 2489 1950 2541 καὶ

381 2579 779 2649 προσαχθείσης
836 2580 1006 2650 αὐτῆς
1051 2581 1351 2652 εὐλογήσας
1389 2581 1533 2653 ὓδωρ
1574 2583 1668 2634 καὶ
1706 2582 1814 2634 ἀπὸ
1853 2599 1947 2633 κο-

375 2663 554 2732 ρυφῆς
584 2664 814 2732 ἐπιχέας
857 2665 992 2733 αὐτῇ
1045 2666 1256 2735 γυμνῇ,
1292 2666 1385 2717 καὶ
1436 2664 1600 2735 εὐχὴν
1642 2666 1875 2734 ποιήσας
1902 2665 1948 2695 ³⁸

371 2755 467 2807 ἐπὶ
496 2754 600 2824 τὴν
633 2756 879 2826 κεφαλὴν
919 2755 1092 2825 αὐτῆς
1114 2756 1182 2819 ",
1217 2756 1559 2829 παραχρῆμα
1602 2756 1776 2825 ἐφάνη
1814 2758 1947 2809 πᾶσι

371 2844 509 2913 γυνὴ
556 2844 862 2915 καθορῶσιν
882 2847 949 2907 ⁸¹,
1005 2846 1100 2897 καὶ
1135 2845 1420 2898 ἐκέλευσεν
1463 2846 1598 2915 αὺτῇ
1647 2843 1871 2913 δοθῆναι
1902 2844 1949 2876 ⁵³

370 2939 588 3003 φαγεῖν.
623 2936 848 2989 ὑπέθετο
902 2937 959 2990 δὲ
1001 2939 1137 3009 αὐτῇ
1167 2939 1194 2989 ὁ
1227 2936 1323 2989 τοῦ
1369 2936 1505 2989 Θεοῦ
1548 2935 1834 3006 ἄνθρωπος
1868 2938 1949 2988 εἰ·

370 3020 489 3070 πων
510 3036 523 3047 ·
556 3018 826 3089 μηδέποτε
870 3018 1205 3089 ἀπολειφθῇς
1224 3020 1269 3051 ⁵⁸
1293 3020 1390 3090 τῆς
1424 3018 1520 3071 τοῦ
1548 3016 1686 3069 Θεοῦ
1747 3018 1949 3089 ἐκκλη-

369 3111 493 3173 σίας
515 3112 563 3141 ⁵⁵
592 3111 686 3163 καὶ
714 3111 812 3181 τῆς
853 3111 1138 3174 κοινωνίας
1177 3110 1286 3163 τῶν
1330 3109 1644 3180 μυστηρίων
1681 3109 1776 3161 τοῦ
1810 3111 1946 3180 Χρι-

370 3202 499 3254 στοῦ
530 3203 600 3254 ³⁸.
644 3201 802 3253 τοῦτο
842 3203 951 3271 γάρ
991 3219 1071 3255 σοι
1122 3200 1319 3271 συνέϐη
1359 3200 1447 3253 διὰ
1484 3201 1547 3252 τὸ
1584 3200 1677 3251 ἐπὶ
1706 3200 1752 3230 ⁸⁷
1784 3199 1945 3252 πέντε

367 3290 676 3359 ἑῦδομάδας
727 3290 801 3360 μὴ
856 3290 1317 3360 προσεληλυθέναι
1378 3306 1436 3341 σε
1487 3292 1601 3351 τοῖς
1653 3289 1941 3358 άχράντοις

369 3374 717 3443 μυστηρίοις.
766 3373 936 3436 οὓτως
967 3375 1258 3445 ἰασάμενος
1284 3373 1452 3443 αὐτὴν
1470 3371 1941 3443 σώματικαὶψυχῇ

367 3456 643 3510 ἀπέλυσεν
668 3457 860 3525 αὑτήν.

453 3542 698 3608 Ἐλέγετο
725 3541 802 3605 δὲ,
842 3543 924 3596 ὃτι
968 3543 1026 3593 ὲν
1069 3539 1148 3610 τῷ
1198 3539 1393 3611 μακρῷ
1440 3539 1542 3608 τῆς
1582 3539 1727 3608 ζωῆς
1780 3539 1945 3591 αὐτοῦ

367 3628 548 3699 χρόνῳ
574 3627 827 3695 ὑπόγειον
849 3628 895 3658 ⁸⁸
920 3628 1149 3697 ποιήσας
1171 3628 1214 3660 ⁸⁹
1248 3627 1483 3697 σύριγγα
1510 3628 1821 3697 ὀρύγματος
1842 3628 1949 3679 ἀπὸ

367 3718 469 3786 τῆς
520 3716 719 3786 κέλλης
767 3716 931 3769 αὑτοῦ
977 3716 1300 3787 ἡμισταδίου
1346 3717 1519 3786 μῆκος
1559 3718 1636 3781 εἰς
1678 3718 1739 3767 τὸ
1778 3716 1947 3786 ἄκρον

379 3802 632 3870 σπήλαιον
678 3801 1042 3865 ἀπετέλεσεν,
1088 3802 1181 3853 καὶ
1214 3801 1266 3853 ετ
1319 3817 1451 3853 ποτε
1500 3800 1746 3862 πλείονες
1796 3800 1946 3870 αὐτῷ

379 3892 607 3962 ῶχλουν,
663 3891 921 3963 κρυπτῶς
956 3893 1021 3944 ὲκ
1068 3892 1167 3962 τῆς
1207 3892 1409 3961 κέλλης
1455 3891 1615 3955 ἐξιὼν
1665 3892 1832 3964 ἀπῄει
1866 3894 1947 3955 εἰς

377 3984 437 4036 τὸ
486 3984 744 4053 σπήλαιον
804 3983 901 4035 καὶ
962 3983 1060 4053 οὐχ
1109 3982 1428 4051 εὑρίσκετο·
1485 3982 1581 4034 καὶ
1631 3982 1713 4035 ὅτι
1768 3982 1945 4035 ἀπιὼν

369 4075 457 4128 διὰ
491 4076 588 4144 τῆς
628 4074 891 4144 σύριγγος
917 4072 1091 4126 εἴκοσι
1124 4073 1392 4142 τέσσαρας
1426 4072 1599 4124 ἐποίει
1633 4071 1799 4142 εὐχὰς
1840 4072 1946 4134 ἓως

364 4166 459 4219 τοῦ
497 4165 781 4235 σπηλαίου,
814 4165 907 4215 καὶ
938 4163 1229 4233 ἐρχόμενος
1253 4161 1415 4214 πάλιν
1439 4161 1661 4231 ὁμοίως.

437 4257 574 4326 Περὶ
604 4255 798 4308 τούτου
822 4254 1012 4325 ἐξῆλθε
1044 4255 1221 4324 φήμη,
1248 4254 1330 4305 ὅτι
1359 4255 1454 4305 καὶ
1484 4253 1675 4324 νεκρὸν
1697 4253 1940 4323 ἡγειρεν,

365 4344 454 4402 ἵνα
491 4348 764 4419 αἱρετικὸν
791 4348 954 4419 πείσῃ
1002 4346 1075 4417 μὴ
1106 4345 1473 4415 ὁμολογοῦντα
1504 4347 1802 4398 ἀνάστασιν
1834 4362 1942 4398 σω-

366 4444 577 4515 μάτων·
612 4442 704 4494 καὶ
730 4441 868 4511 αῦτη
898 4443 931 4511 ή
968 4442 1122 4511 φήμη
1160 4440 1382 4511 ἐκράτει
1412 4440 1545 4510 περὶ
1574 4438 1740 4491 αὑτοῦ
1776 4440 1834 4491 ἐν
1873 4442 1939 4510 τῇ

362 4534 563 4585 tanta.»
593 4532 659 4585 ‘°.

400 4550 757 4669 ρῖἕάἒῖάλλοτε
798 4611 1133 4684 προσενεχθη
1174 4612 1322 4681 αὐτῷ
1342 4612 1627 4674 νεανίσκος
1648 4611 1940 4681 δαιμονιῶν

362 4707 521 4777 παρὰ
554 4706 651 4774 τῆς
686 4704 818 4767 ἰδίας
856 4704 1079 4775 μητρὸς,
1118 4704 1238 4757 δυσὶ
1278 4704 1582 4768 νεανίσκοις
1622 4705 1939 4775 συνδεδεμέ-

359 4817 451 4862 νος
482 4798 543 4862 ἐξ
559 4797 818 4866 ἑκατέρου
852 4796 1074 4867 μέρους·
1110 4797 1315 4867 ταύτην
1331 4796 1387 4848 δὲ
1414 4796 1456 4826 ⁸⁸
1478 4796 1575 4866 τὴν
1605 4796 1886 4865 ἐνέργειαν
1911 4798 1938 4848 ὁ
1971 4818 2019 4876 D

360 4886 574 4954 δαίμων
625 4876 786 4950 εἶχεν·
851 4879 1015 4951 τριῶν
1051 4880 1246 4950 μοδίων
1294 4880 1491 4950 ἄρτους
1513 4879 1693 4949 ἤσθιε,
1734 4880 1828 4932 καὶ⁵
1853 4898 1938 4932 κι-

360 4972 595 5023 λικίσιον
655 4967 846 5030 ὕδατος
896 4967 1110 5018 ἔπινεν·
1165 4965 1307 5036 ἆπερ
1358 4968 1403 4997 ⁸⁸
1448 4967 1807 5037 ἐρευγόμενος
1859 4968 1939 5030 εἰς

365 5061 536 5129 ἀτμὸν
571 5059 638 5088 θ’·
665 5056 855 5109 ἀνέλυε
881 5054 941 5106 τὰ
960 5054 1225 5124 βρώματα
1256 5054 1330 5117 ὡς
1358 5054 1464 5106 ἀπὸ
1497 5055 1540 5086 ⁸³
1564 5055 1733 5125 πυρὸς
1764 5056 1937 5108 δαπα-

368 5152 580 5222 νὼμενα
602 5149 665 5202 ⁸⁸.
702 5152 814 5203 ἐστι
842 5148 952 5217 γάρ
984 5163 1033 5200 τι
1064 5146 1337 5215 δαιμόνιον
1374 5146 1556 5215 τάγμα
1596 5146 1818 5216 πύρινον
1852 5146 1940 5199 λε-

371 5244 617 5312 γόμενον,
656 5240 758 5292 ούκ
800 5240 987 5301 οὐσίας
1024 5236 1452 5309 μεταϐληθείσης
1481 5238 1545 5303 ⁸⁵,
1591 5238 1706 5291 ἀλλ’
1739 5237 1813 5301 ὡς
1846 5239 1939 5291 καὶ

2055 2051 2182 2089 vum
2231 2036 2435 2089 Christi
2476 2034 2794 2097 Macarium,
2849 2035 3093 2089 dicentes
3133 2034 3380 2103 :quam
3427 2034 3627 2101 aliquis

2053 2127 2161 2181 huc
2200 2127 2449 2181 adduxit.
2515 2127 2726 2191 Quibus
2762 2127 2808 2180 is
2844 2124 3012 2189 :Vos,
3062 2126 3257 2193 inquit.
3291 2126 3424 2179 estis
3476 2124 3622 2192 equi,

2053 2218 2145 2287 qui
2171 2233 2435 2287 equorum
2465 2218 2655 2271 oculos
2689 2216 2933 2281 habetis;
2964 2217 3055 2269 illa
3084 2225 3262 2269 autem
3295 2215 3490 2269 femina
3520 2225 3622 2279 est,

2052 2317 2111 2361 ut
2138 2316 2217 2361 est
2256 2316 2462 2369 creata,
2495 2315 2549 2361 et
2576 2308 2650 2359 ita
2673 2306 3066 2361 transformata
3094 2306 3267 2360 oculis
3291 2314 3500 2358 tantum
3534 2319 3626 2373 ap-

2049 2408 2203 2470 paret
2228 2416 2443 2465 corum,
2477 2400 2566 2468 qui
2598 2408 2730 2453 sunt
2764 2398 2997 2467 decepti.
3031 2396 3237 2451 Deinde
3284 2412 3422 2465 aqua
3454 2396 3623 2450 bene-

2049 2493 2191 2545 dicta
2224 2494 2446 2557 nudam,
2478 2508 2641 2561 quam
2682 2491 3042 2553 adduxerant,
3101 2506 3129 2542 a
3164 2505 3380 2543 summo
3419 2489 3624 2543 vertice

2049 2585 2301 2651 aspersit,
2349 2600 2629 2653 quumque
2673 2598 2838 2652 super
2871 2592 3037 2651 caput
3076 2583 3198 2652 ejus
3248 2593 3506 2651 precatus
3532 2598 3623 2636 es-

2048 2682 2151 2735 set,
2170 2676 2351 2729 statim
2374 2675 2625 2729 omnibus
2642 2689 2760 2728 eam
2789 2673 3100 2729 videntibus
3126 2675 3322 2728 femina
3348 2673 3619 2742 apparuit.

2046 2768 2225 2836 Atque
2259 2767 2343 2821 vir
2372 2765 2465 2819 Dei
2510 2766 2559 2818 ei
2591 2766 2771 2819 cibum
2831 2766 3028 2834 apponi
3071 2765 3259 2835 jussit.
3304 2764 3441 2817 Tum
3498 2781 3620 2818 eam

2047 2857 2383 2910 commonuit
2427 2856 2617 2911 dicens
2654 2875 2667 2912 :
2701 2854 2993 2925 Nunquam
3035 2872 3142 2911 non
3191 2871 3514 2926 compareas
3564 2856 3620 2908 in

2046 2950 2276 3003 ecclesia
2312 2948 2406 3003 Dei
2434 2956 2489 3002 et
2524 2950 2577 3002 in
2612 2950 2998 3003 communione
3026 2950 3412 3019 mysteriorum
3453 2948 3622 3003 Chri-

2048 3041 2147 3108 sti;
2200 3042 2331 3095 haec
2357 3043 2501 3093 enim
2547 3040 2646 3094 tibi
2686 3041 3028 3101 acciderunt,
3065 3043 3192 3111 quia
3232 3042 3346 3111 jam
3382 3042 3624 3109 quinque

2049 3132 2482 3186 hebdomadibus
2516 3146 2621 3182 non
2654 3132 2941 3186 accessisti
2975 3132 3040 3185 ad
3070 3133 3386 3185 intemerata
3419 3132 3623 3185 Christi

2049 3222 2329 3291 mysteria.
2383 3219 2459 3272 Ita
2502 3233 2619 3273 eam
2660 3232 2890 3286 corpore
2927 3225 2981 3272 et
3033 3219 3210 3271 anima
3247 3225 3495 3270 sanatam
3539 3215 3625 3269 di-

2048 3312 2217 3366 misit.

2120 3401 2291 3456 Porro
2344 3401 2630 3456 dicebatur
2677 3402 2979 3473 posteriore
3021 3404 3165 3455 vitae
3198 3415 3330 3455 suae
3376 3407 3625 3470 tempore

1918 3539 1942 3561 ,
1976 3488 2017 3543 C
2053 3493 2466 3547 subterraneum
2516 3492 2724 3548 fodisse
2774 3496 3089 3547 cuniculum
3142 3493 3196 3545 in
3239 3491 3451 3546 dimidii
3497 3506 3622 3561 spa-

2051 3585 2183 3637 tium
2204 3585 2387 3650 stadii,
2420 3594 2472 3639 et
2503 3587 2819 3653 speluncam
2854 3585 3143 3653 adjecisse.
3177 3584 3233 3637 Si
3275 3584 3496 3653 quando
3524 3583 3625 3650 igi—

2050 3682 2140 3727 tur
2164 3678 2481 3743 complures
2534 3677 2585 3728 ei
2635 3685 2795 3728 erant
2850 3675 3093 3737 molesti,
3127 3675 3343 3728 occulte
3395 3689 3425 3726 e
3486 3674 3621 3724 cella

2049 3782 2304 3836 egressus
2355 3767 2487 3820 abiit
2530 3768 2584 3820 in
2643 3768 2980 3835 speluncam,
3034 3766 3130 3827 ita,
3186 3776 3245 3818 ut
3299 3779 3458 3817 nemo
3492 3779 3616 3817 eum

2056 3857 2349 3910 inveniret.
2373 3858 2580 3910 Abiens
2612 3873 2744 3910 vero
2781 3873 2876 3927 per
2912 3857 3232 3909 cuniculum
3260 3856 3446 3925 viginti
3486 3870 3623 3923 qua-

2048 3956 2174 4002 tuor
2238 3950 2520 4003 orationes
2571 3947 2789 4003 dicebat
2828 3963 3005 4018 usque
3064 3947 3133 4001 ad
3173 3948 3521 4015 speluncam,
3570 3954 3622 4000 et

2047 4040 2266 4094 rediens
2313 4039 2566 4096 totidem.

2117 4158 2192 4213 De
2208 4174 2271 4214 eo
2304 4175 2523 4229 quoque
2561 4159 2703 4213 fama
2738 4160 2893 4223 exiit,
2940 4159 3087 4229 quod
3120 4167 3396 4213 mortuum
3440 4158 3624 4213 susci-

2044 4254 2195 4316 tarit,
2236 4260 2293 4307 ut
2332 4253 2690 4307 convinceret
2718 4254 3076 4315 haereticum,
3114 4253 3205 4322 qui
3256 4253 3621 4305 resurrectio-

2044 4362 2167 4401 nem
2231 4360 2521 4413 corporum
2583 4360 2693 4399 non
2756 4347 3136 4414 profitebatur.
3194 4345 3346 4411 Quae
3399 4344 3620 4414 quidem

2046 4438 2189 4492 fama
2229 4446 2491 4492 constans
2526 4438 2629 4490 fuit
2658 4439 2711 4491 in
2752 4437 3072 4491 solitudine.

2113 4594 2271 4665 251
2296 4594 2443 4648 Alias
2459 4595 2525 4649 ad
2548 4595 2724 4664 ipsum
2749 4602 2922 4649 mater
2946 4594 3172 4648 adduxit
3198 4594 3618 4657 adolescentem,

2042 4692 2135 4760 qui
2165 4707 2194 4744 a
2219 4691 2486 4743 daemone
2517 4691 2833 4749 vexabatur,
2880 4704 2910 4741 a
2934 4674 3151 4741 duobus
3180 4687 3618 4741 adolescentibus

2045 4781 2318 4849 utrimque
2341 4780 2720 4833 constrictum.
2756 4778 2997 4848 Eamque
3022 4779 3076 4831 in
3101 4794 3223 4831 eum
3257 4779 3363 4831 vim
3391 4778 3619 4829 daemon

2047 4874 2311 4933 exercuit,
2355 4883 2415 4926 ut
2449 4873 2614 4926 trium
2647 4869 2951 4923 modiorum
2989 4883 3156 4937 panes
3197 4867 3530 4927 comederct,
3567 4873 3621 4917 et

2047 4965 2344 5034 amphorae
2393 4964 2700 5019 Ciliciensis
2757 4978 2951 5032 aquam
3014 4962 3239 5015 biberet.
3283 4959 3431 5024 Quos
3468 4958 3622 5011 cibos

2048 5057 2244 5112 exinde
2279 5066 2537 5110 eructans
2572 5057 2622 5108 in
2678 5070 2929 5121 vaporem
2982 5053 3322 5112 reSolvehat,
3360 5061 3620 5119 tanquam

2045 5147 2169 5216 igne
2196 5154 2675 5200 consumerentur.
2701 5142 2793 5197 Est
2824 5143 2968 5200 enim
2999 5142 3133 5195 ordo
3150 5142 3370 5209 quidam
3400 5141 3623 5193 daemo-

2045 5255 2200 5299 num,
2235 5238 2325 5306 qui
2357 5237 2549 5306 igneus
2573 5243 2834 5300 vocatur,
2859 5234 2954 5302 qui
2973 5232 3192 5301 quidem
3222 5247 3332 5287 non
3360 5230 3619 5294 essentia,

1626 5328 1880 5385 VARIAE
1917 5330 2328 5387 LECTIONES.

434 5427 478 5456 “
504 5425 543 5478 Β
561 5427 668 5485 εις.
746 5422 788 5453 ⁸⁸
897 5420 1063 5490 αὐτὴν
1091 5420 1240 5487 πρὸς
1268 5421 1473 5490 αὐτόν.

1562 5419 1606 5450 δ’
1642 5422 1679 5471 Α
1703 5422 1925 5489 ἔριμον,
1957 5432 2007 5475 et
2042 5423 2121 5476 sic
2154 5420 2267 5489 fere
2304 5420 2522 5487 ubique.
2550 5488 2556 5489 γ
2601 5418 2645 5449 ⁵⁸
2676 5416 2825 5489 arch
2859 5417 2968 5489 τὸν
2991 5417 3161 5484 ἅγιον
3179 5431 3286 5470 om.
3322 5414 3381 5489 ΒΣ
3456 5413 3503 5445 ⁸⁸
3532 5414 3622 5466 Sic

357 5498 464 5551 ΑΒ.
508 5498 551 5527 ⁸⁵
582 5484 699 5547 Βοῑ
724 5493 779 5545 δὲ
807 5487 996 5545 εἷπον.
1021 5484 1033 5490 ⁷
1073 5484 1182 5541 “VA
1205 5484 1424 5559 ὁρᾶται.
1488 5489 1630 5542 "AB
1649 5484 1819 5559 αὐτῇ.
1896 5491 1940 5523 ’⁵⁸
1970 5492 2012 5543 Α
2041 5489 2215 5556 αὐτῇ,
2245 5488 2286 5540 Β
2309 5492 2395 5554 εὶς
2411 5484 2621 5551 ἀϋτήν.
2699 5487 2741 5517 ⁸³
2764 5486 2869 5559 Pro
2895 5488 3052 5559 ἀλλὰ
3076 5489 3266 5559 μόνον
3283 5484 3456 5559 τοῦτο
3487 5502 3622 5559 φαιτ

356 5567 579 5636 νομένη
633 5564 673 5614 Β
696 5564 848 5636 οὕτω
878 5560 957 5636 δέ
979 5553 1268 5636 φαῖνέ-ταὶ.
1340 5562 1386 5636 ⁸Δ⁰
1407 5559 1629 5636 Ριτομκέιὶ
1650 5562 1766 5636 ἀπὸ
1786 5553 2399 5636 ξκορυςῖἦς-ᾱοςήσας
2429 5560 2469 5609 Β
2485 5558 2863 5636 ῥπέχςςεις
2876 5557 2989 5625 τὴν
3010 5553 3281 5636 κορυφὴν
3304 5553 3492 5633 αῄτῆς
3525 5554 3623 5634 καί

352 5632 617 5701 ποιήσας
636 5632 836 5700 εὐχάς.

917 5632 960 5661 ⁸¹
980 5624 1178 5696 ἀὐτῆς
1208 5644 1316 5683 om.
1346 5630 1408 5682 A.
1484 5630 1530 5659 ⁸³
1562 5629 1667 5682 Pro
1689 5624 1881 5698 ἐφάνή
1919 5624 2067 5683 idem
2095 5629 2247 5698 γυνὴ
2289 5624 2684 5695 καθορῶσιν-Β
2705 5626 2934 5695 ἔδειξεν
2962 5628 3154 5693 αὐτὴν
3190 5624 3623 5698 γυνᾳῖκαῌκίιτᾲ

350 5695 563 5776 ρύσίν.
594 5695 608 5701 ’
636 5706 680 5736 ³³
702 5695 960 5776 ξοθῆνᾳι
992 5716 1099 5776 om:
1241 5700 1314 5776 n“
1346 5698 1387 5754 B
1423 5695 1879 5776 ἀπολειφθῆναι.
1958 5702 2004 5732 ⁸⁸
2032 5695 2159 5776 τοῦ
2176 5699 2325 5776 Bap}?
2359 5714 2467 5751 om.
2642 5700 2687 5729 "
2720 5698 2828 5776 τοῦ
2860 5699 3118 5776 Χριστοῇ
3150 5714 3254 5747 om.
3302 5695 3358 5773 Ιξ.
3434 5695 3478 5724 ⁸⁷
3522 5696 3619 5776 exi

354 5768 465 5835 δίη,
502 5777 559 5828 Β,
630 5776 674 5806 ⁸⁸
701 5770 956 5831 Emend”
1012 5768 1098 5821 AB
1152 5770 1407 5838 ὑπόγηον.
1521 5770 1641 5822 ⁸⁹Α
1698 5770 1943 5837 ποιήσῃ.

353 5849 551 5901 πολλὰ
574 5847 905 5904 ἐσθίοντος.

354 5920 399 5959 ⁸³
434 5920 477 5983 Β
513 5920 650 5979 ὑπό.

987 5839 1028 5869 ⁶¹
1054 5838 1167 5910 Pro
1189 5842 1414 5905 ταύτην
1433 5839 1500 5891 δὲ
1528 5840 1568 5891 Α
1595 5840 1737 5893 male
1754 5839 1821 5905 ὃς
1850 5840 2096 5907 ταύτην.
2175 5839 2218 5870 “
2246 5839 2287 5891 Β
2315 5840 2456 5910 άπερ
2479 5840 2599 5891 καί.
2666 5840 2732 5872 η’

729 5914 774 5945 ⁸⁸
801 5911 984 5975 Cum,
1036 5909 1124 5968 AB
1146 5909 1566 5980 δαπανόμεναι.
1638 5911 1681 5942 ⁵⁵
1703 5911 1882 5977 Corn,
1924 5912 1968 5964 Α
1998 5910 2040 5964 Β
2064 5908 2545 5980 “musmonem.

2034 5770 2079 5800 ⁸ο
2124 5769 2163 5821 Β
2194 5769 2344 5821 addit
2393 5770 2608 5820 titulum
2648 5787 2659 5821 :
2696 5769 2832 5835 Περὶ
2896 5763 3005 5820 τοῦ
3065 5763 3487 5835 ὃαιμονιὼντος
3521 5765 3622 5817 και

2822 5854 2887 5894 ro
2941 5838 3129 5903 ἀτμὸν
3168 5838 3209 5891 Β
3252 5838 3393 5890 male
3411 5836 3620 5888 αὐτόν.
