4016 6448
478 380 586 438 183

1290 381 1391 438 SS.
1434 381 1893 438 MACARIORUM
1930 382 2251 440 AEGYPTII
2291 384 2377 439 ET
2417 383 2888 440 ALEXANDRINI

3632 387 3742 441 184

476 502 596 562 sed,
632 508 689 554 ut
720 499 774 554 in
808 499 1122 555 hominibus
1150 516 1369 571 quoque
1401 502 1708 566 invenitur,
1746 510 1929 557 mente
1953 517 2052 573 po-
2084 528 2097 563 Α

2156 506 2248 557 ἐπὶ
2286 503 2588 574 ἀνθρώπων
2626 504 2851 575 γνώμης
2892 504 3093 576 μᾶλλον
3127 505 3531 578 ἀλλοιουμένης.
3577 499 3745 571 οὗτος

477 592 589 644 tius
614 589 891 644 diﬂ‘erunt.
920 592 1027 646 Iste
1057 591 1221 662 igitur
1250 592 1593 658 adolescens,
1618 592 1665 647 si
1697 607 1727 645 a
1749 599 1923 647 matre
1944 609 2055 647 non

404 708 409 719 ’
476 684 614 737 satis
627 683 677 738 ei
697 682 1172 754 suppeditabatur,
1193 700 1355 755 saepe
1380 684 1655 755 propriam
1682 699 1837 739 suam
1861 685 2055 741 edebat

476 774 728 844 corporis
772 774 1145 845 egestionem,
1196 785 1249 829 et
1308 776 1499 830 lotium
1559 775 1804 830 bibebat.
1864 775 2054 831 Flente

473 874 653 920 matre
678 873 732 921 et
756 871 1112 932 lamentante,
1131 875 1495 937 sanctumque
1520 867 1684 922 enixe
1709 867 2050 933 obtestante,

475 956 642 1010 istum
672 967 898 1014 sanctus
942 960 1179 1029 excepit,
1221 968 1274 1014 et
1320 962 1549 1029 supplex
1606 974 1707 1031 pro
1763 975 1829 1015 eo
1880 959 2053 1015 Deum

473 1049 672 1103 oravit.
704 1050 782 1104 Ac
815 1060 938 1120 post
982 1051 1121 1107 duos
1170 1050 1288 1106 dies
1337 1053 1597 1108 miserum
1649 1051 1880 1107 daemon
1927 1067 2051 1107 cru-

470 1141 673 1195 ciatum
697 1141 929 1198 remisit.
965 1142 1119 1197 Tunc
1148 1142 1308 1197 matri
1337 1144 1490 1213 ejus:
1520 1143 1819 1211 Quantum,
1853 1147 2049 1216 inquit,

470 1230 578 1294 vis,
614 1241 672 1285 ut
698 1231 986 1287 comedat?
1011 1232 1206 1298 Quam,
1230 1250 1401 1304 quum
1427 1235 1615 1290 decem
1637 1237 1806 1291 libras
1842 1238 2053 1308 signiti-

472 1328 675 1385 casset,
733 1322 1056 1391 increpavit,
1117 1325 1249 1393 quia
1297 1326 1530 1380 nimium
1583 1326 1840 1393 dixisset;
1888 1336 2052 1399 atque

472 1411 671 1466 iterum
691 1428 856 1481 super
884 1413 1232 1471 adolescente
1264 1425 1522 1486 precatus
1553 1433 1676 1472 cum
1696 1419 1907 1488 jejunio
1929 1436 2053 1491 sep-

441 1514 577 1557 ‘tem
611 1504 821 1558 dierum
863 1505 1181 1561 daemonem
1216 1506 1471 1576 ingluviei
1523 1510 1592 1563 ab
1628 1525 1694 1564 eo
1735 1512 1962 1581 expulit,
1997 1522 2051 1568 et

467 1594 652 1650 cibum
707 1600 755 1651 ei
799 1599 1088 1652 constituit
1120 1599 1288 1652 trium
1320 1600 1586 1655 librarum
1641 1618 1860 1672 panem,
1885 1621 2047 1674 quem

468 1686 757 1743 comedere
787 1689 1031 1754 deberet,
1058 1689 1108 1748 si
1156 1699 1501 1759 operaretur.
1546 1691 1622 1745 lta
1657 1702 1710 1747 et
1761 1694 1905 1750 hunc
1938 1696 2049 1749 vir-

467 1784 585 1832 tute
618 1778 837 1834 divinae
866 1779 1072 1849 gratiae
1108 1790 1360 1835 sanatum
1397 1781 1560 1836 matri
1591 1784 1853 1840 reddidit.

2157 593 2338 647 τοίνυν
2370 592 2446 665 μὴ
2485 595 2893 665 ἐπαρκούμενος
2923 595 3073 666 παρὰ
3104 597 3202 666 τῆς
3226 596 3431 667 μητρὸς
3464 599 3567 667 τὴν
3597 599 3741 651 ίδίαν

2156 684 2362 756 κόπρον
2390 684 2647 748 πολλάκις
2666 685 2821 756 ἧσθιε
2843 687 2935 740 καὶ
2963 686 3024 738 τὸ
3044 688 3090 719 ⁸⁸
3129 685 3287 758 οὖρον
3308 688 3482 741 ἔπινε.
3514 689 3743 744 κλαιούο

2156 792 2258 847 σης
2303 770 2395 829 οὖν
2428 774 2472 807 ⁸⁷
2512 778 2612 846 τῆς
2660 777 2866 847 μητρὸς
2911 777 3006 830 καὶ
3050 777 3379 849 ὀδυρομένης
3430 778 3524 831 καὶ
3552 780 3595 810 ⁸⁸
3636 780 3738 835 τὸν

2155 865 2311 933 ἅγιον
2343 864 2694 935 ἱκετευούσης
2723 864 2901 918 λαϐὼν
2933 867 3142 919 ἐκεῖνον
3174 869 3202 920 6
3234 867 3410 936 ἆγιος,
3445 869 3540 921 καὶ
3571 871 3741 922 ἐπευ-

2154 955 2387 1027 ξάμενος
2405 955 2552 1024 αὺτῷ
2580 957 2673 1010 καὶ
2700 956 2744 989 ⁸⁸
2773 957 2864 1010 τὸν
2884 957 3015 1010 Θεὸν
3044 956 3301 1013 ἱκετεύων
3353 960 3447 1011 ἐπὶ
3475 961 3567 1013 δύο
3597 961 3743 1030 ἡμέ-

2154 1066 2272 1122 ρας,
2310 1047 2636 1119 ὑπελώφησε
2676 1047 2770 1101 τοῦ
2809 1049 2982 1103 δεινοῦ
3025 1051 3231 1113 πάθους
3274 1052 3303 1104 6
3340 1052 3573 1122 δαίμων.
3606 1053 3737 1105 τότε

2152 1142 2300 1211 λέγει
2345 1144 2412 1214 τῇ
2448 1142 2617 1217 μητρὶ⁵
2651 1142 2835 1196 αὐτοῦ·
2882 1143 3047 1197 πόσον
3082 1142 3257 1206 θέλεις
3290 1144 3377 1196 ἵνα
3406 1144 3593 1214 ἐσθίῃ;
3638 1145 3741 1197 καὶ

2152 1234 2321 1302 αὐτῆς
2364 1232 2496 1286 δέκα
2540 1231 2727 1303 λίτρας
2771 1230 3031 1300 εἰπούσης
3075 1232 3407 1303 ἐπετίμησεν
3466 1234 3602 1304 αὐτῇ
3656 1233 3740 1296 ὡς

2151 1325 2287 1379 πολὺ
2316 1323 2620 1396 εἰρηκυίας,
2647 1325 2740 1377 κει.)⁸
2766 1323 3135 1393 ἐπευξάμενος
3165 1323 3327 1377 πάλιν
3353 1324 3429 1394 τῷ
3460 1325 3738 1395 νεανίσκῳ

2154 1418 2293 1489 μετὰ
2320 1416 2574 1487 νηστείαν
2602 1416 2696 1470 ἐπὶ
2732 1415 2873 1469 ἑπτὰ
2906 1417 3116 1487 ἡμέρας
3146 1415 3398 1481 ἐξέλασεν
3428 1418 3523 1470 ἀπ’
3557 1417 3734 1470 αὑτοῦ

2145 1511 2238 1564 τὸν
2252 1510 2480 1581 δαίμονα
2497 1509 2597 1580 τῆς
2626 1508 2986 1578 πολυφαγίας,
3010 1510 3103 1563 καὶ
3124 1509 3349 1579 ἔστησεν
3379 1510 3425 1540 ⁷⁰
3455 1510 3602 1580 αὐτῷ
3633 1510 3740 1581 τὴν

2145 1600 2353 1670 τροφὴν
2376 1597 2545 1667 τριῶν
2560 1596 2762 1667 λιτρῶν
2777 1597 2974 1666 ἄρτους
3004 1597 3072 1659 ⁷¹,
3090 1596 3165 1659 ὡς
3180 1596 3465 1665 ὀφείλοντα
3493 1598 3737 1668 ἐργαζό-

2150 1707 2310 1763 μενον
2325 1689 2485 1743 τοῦτο
2511 1688 2735 1743 ἐσθίειν.
2754 1688 2923 1751 οὕτως
2944 1682 3037 1741 οὖν
3053 1688 3148 1740 καὶ
3165 1686 3354 1743 τοῦτον
3370 1691 3435 1760 τῇ
3464 1689 3563 1759 τῆς
3581 1690 3740 1754 θείας

2145 1785 2364 1857 χάριτος
2380 1781 2714 1853 συνεργείᾳτί
2730 1781 3016 1850 ἰασάμενος
3030 1780 3227 1851 ὑγιῆτῇ
3248 1780 3417 1851 μητρὶ
3429 1781 3735 1834 ἀπέδωκεν.

538 1868 691 1924 Talia
718 1869 863 1926 Deus
894 1872 1166 1942 stupenda
1199 1872 1466 1928 miracula
1502 1873 1627 1928 fecit
1670 1890 1765 1943 per
1787 1873 2050 1929 dilectum
2082 1867 2097 1923 Ι

2220 1875 2409 1930 Ταῦτα
2433 1874 2504 1928 τὰ
2532 1871 2809 1943 παράδοξα
2827 1871 3081 1942 θαύματα
3104 1871 3405 1941 πεποίηκεν
3436 1871 3464 1922 6
3489 1871 3619 1933 Θεὸς
3644 1871 3740 1924 διὰ

465 1974 627 2015 suum
678 1961 1001 2028 Macarium,
1061 1964 1222 2033 cujus
1283 1965 1609 2020 immortalis
1666 1965 1847 2020 anima
1902 1983 2051 2022 nunc

465 2060 553 2107 est
589 2068 714 2108 cum
761 2056 992 2126 angelis.
1025 2055 1138 2126 Ego
1174 2065 1425 2112 sanetum
1462 2059 1579 2129 ipse
1627 2074 1737 2112 non
1778 2059 2046 2124 conveni;

467 2158 615 2198 anno
656 2145 824 2212 enim,
870 2157 1159 2217 antequam
1206 2148 1262 2203 in
1294 2150 1647 2206 solitudinem
1683 2150 2046 2221 ingrediebar,

463 2237 700 2292 obierat.

2152 1966 2245 2020 τοῦ
2273 1965 2495 2037 γνησίου
2534 1961 2703 2017 αὑτοῦ
2733 1964 2780 1995 ⁷³
2825 1962 2980 2031 φίλου
3027 1962 3339 2034 Μακαρίου,
3372 1954 3433 2015 οὗ
3464 1965 3497 2030 ἡ
3527 1962 3737 2016 ἀθάνα-

2152 2073 2245 2119 τος
2275 2056 2324 2087 ⁷⁸
2371 2054 2519 2125 ψυχὴ
2566 2051 2664 2105 νῦν
2716 2052 2855 2122 μετὰ
2895 2051 3143 2119 ἀγγέλων
3184 2052 3231 2083 ⁷⁸
3280 2050 3449 2103 ἐστίν.
3496 2050 3606 2119 ἐγὼ
3654 2050 3739 2121 τῷ

2152 2147 2295 2217 ἁγίῳ
2341 2145 2517 2215 τούτῳ
2552 2143 2612 2196 οὐ
2646 2144 2696 2178 ’⁸
2726 2143 3033 2212 συνέτυχον·
3070 2142 3175 2213 πρὸ
3203 2142 3450 2194 ἐνιαυτοῦ
3493 2141 3603 2214 γάρ
3631 2144 3737 2213 τῆς

2151 2241 2234 2302 είς
2257 2239 2357 2309 τὴν
2386 2238 2591 2310 ἔρημον
2619 2236 2759 2308 ἐμῆς
2789 2236 2996 2289 εἰσόδου
3026 2235 3355 2306 ἐκεκοίμητο
3378 2236 3444 2289 ⁷⁷.

3232 2390 3711 2408 nd“

1998 2503 2161 2574 252
2196 2496 2275 2558 Π·

1347 2621 1536 2681 νιΤΑ
1567 2619 1850 2682 SANCTI
1896 2618 2242 2680 MACARII
2291 2616 2853 2685 ALEXANDRINI

830 2768 911 2823 Ea:
940 2773 1181 2827 Historia
1213 2772 1477 2828 Lausiaca
1508 2773 1747 2828 Palladii
1800 2773 1869 2827 ad
1905 2772 2146 2828 codicum
2184 2772 2413 2828 duorum
2463 2770 2943 2824 Vindobonensium
2976 2766 3134 2836 ﬁdem
3173 2766 3337 2820 edita.

518 2901 635 2949 Cod.
676 2914 763 2947 ms.
803 2897 918 2947 bist.

953 2901 1393 2965 graecLLXXXlV,
1432 2905 1548 2953 olim
1570 2903 1739 2962 XXIX,
1774 2904 1903 2954 Bibl.
1928 2906 2068 2956 Caes.
2092 2905 2370 2955 Vindobon.
2398 2903 2726 2953 membranae.
2760 2908 3079 2965 pervetustus

517 2963 634 3012 Cod.
659 2975 747 3009 ms.
772 2962 887 3009 bist.
912 2975 1077 3022 graec.
1099 2962 1180 3021 IX,
1207 2964 1325 3012 olim
1352 2964 1496 3024 XLII,
1515 2965 1643 3015 Bibl.
1667 2966 1807 3016 Caes.
1832 2967 2103 3017 Viudobun.
2129 2970 2341 3017 chartae.
2364 2966 2597 3028 antiquus

519 3068 645 3140 Sunt
665 3067 813 3140 iidem
835 3067 1028 3140 codices
1045 3073 1201 3140 atque
1216 3084 1379 3140 supra.
1404 3073 1459 3121 In
1482 3072 1660 3133 quibus
1676 3078 1830 3123 sancti
1852 3076 2045 3125 Macarii
2065 3078 2450 3140 Aegyptilvltam
2468 3076 2626 3124 altera
2646 3074 2770 3123 haec
2780 3075 2966 3135 excipit
2979 3072 3137 3123 sancti
3164 3074 3359 3125 Macarii
3383 3075 3729 3127 Alexandrini.

457 3129 647 3180 Textus
673 3129 937 3179 Meursiani
961 3129 1201 3180 lectiones
1224 3129 1396 3194 varias,
1420 3129 1549 3195 quae
1574 3144 1691 3184 sunt
1718 3140 2024 3199 innumerae,
2047 3129 2526 3200 nonuadscripsimus.

741 3346 816 3402 Dc
846 3359 1031 3401 sancto
1060 3346 1306 3402 Macario
1338 3349 1727 3406 Alexandrino.

528 3436 790 3491 Sanctum
818 3452 946 3490 vero
972 3436 1268 3491 Macarium
1305 3440 1739 3495 Alexandrinum
1780 3446 2033 3509 conveni,

453 3529 547 3600 qui
569 3531 856 3599 presbyter
878 3538 996 3582 erat
1016 3528 1338 3594 Celliorum,
1358 3547 1502 3601 quae
1520 3532 1801 3588 dicuntur.
1820 3533 1878 3588 In
1894 3552 2037 3605 quae

453 3638 555 3694 ego
584 3637 777 3675 novem
834 3637 1010 3678 annos
1066 3624 1292 3689 secessi,
1329 3639 1396 3678 ex
1422 3626 1625 3695 quibus
1668 3636 1780 3683 tres
1820 3645 2036 3684 mecum

451 3716 591 3770 vixit
625 3714 713 3768 ille
744 3712 1013 3771 Macarius
1042 3714 1095 3770 in
1120 3716 1301 3786 quiete
1330 3717 1553 3789 degens.
1579 3721 1756 3792 Atque
1778 3724 1884 3777 alia
1913 3727 2037 3794 qui-

452 3806 576 3861 dem
612 3807 731 3877 ipse
751 3808 862 3862 vidi
893 3809 1033 3879 apud
1064 3824 1192 3863 eum
1249 3811 1493 3880 Optimae
1531 3813 1653 3882 ejus
1691 3816 1912 3871 vivendi
1948 3833 2035 3870 ra-

451 3898 622 3953 tionis
671 3914 837 3969 opera
866 3907 920 3952 et
947 3900 1123 3969 signa,
1155 3900 1264 3954 alia
1293 3904 1361 3957 ab
1400 3903 1492 3967 iis,
1528 3907 1624 3975 qui
1669 3922 1778 3961 una
1811 3923 1937 3962 cum
1969 3925 2037 3964 eo

452 3990 731 4055 vixerunt,
782 3991 1116 4054 didici,alia
1171 3995 1464 4065 deniquea
1513 4000 1892 4069 compluribus
1912 4002 2036 4058 aliis

455 4078 663 4134 audivi.
697 4077 1033 4134 Exercitatio
1063 4081 1231 4151 igitur
1265 4082 1489 4138 Macarii
1525 4086 1730 4154 magni,
1762 4097 1821 4142 ut
1851 4105 1952 4159 ego
1982 4096 2037 4144 et

454 4169 613 4224 multi
639 4170 783 4239 apud
806 4186 929 4225 eum
957 4170 1277 4238 didicimus,
1309 4175 1443 4229 haec
1488 4176 1591 4230 fuit
1609 4191 1623 4228 :
1642 4175 1700 4231 Si
1728 4178 1873 4248 quod
1897 4196 2037 4252 opus

453 4260 865 4317 eXercitationis
923 4263 1157 4332 aliquem
1208 4281 1446 4335 unquam
1514 4266 1712 4325 fecisse
1766 4271 2035 4339 audierat,

453 4352 599 4407 idem
623 4352 835 4408 edicere
880 4355 1141 4410 ardenter
1168 4358 1401 4413 studuit.
1447 4357 1547 4415 Hic
1589 4360 1757 4432 igitur
1787 4373 2035 4429 sanctus,

454 4460 622 4515 quum
653 4445 938 4508 audiisset,
972 4445 1407 4506 Tabennesiotas
1460 4468 1557 4521 per
1600 4460 1773 4509 totam
1800 4456 2041 4525 quadra-

452 4537 721 4608 gesimam
746 4539 897 4592 nulla
921 4556 981 4593 re
1008 4540 1157 4595 vesci
1175 4556 1315 4611 quae
1336 4542 1449 4613 igni
1481 4545 1700 4601 admota
1733 4560 1899 4613 esset,
1926 4559 2039 4605 sta-

451 4630 557 4684 tuit
582 4637 637 4685 et
666 4630 783 4700 ipse
804 4633 1090 4701 septennia
1122 4634 1281 4699 nihil,
1312 4635 1461 4705 quod
1509 4654 1606 4708 per
1639 4639 1818 4710 ignem
1850 4651 2033 4697 trans-

2058 3365 2102 3421 ο
2190 3353 2331 3421 Περὶ
2360 3352 2469 3407 τοῦ
2496 3354 2671 3422 ἁγίου
2688 3355 3002 3421 Μακαρίου
3024 3351 3133 3406 τοῦ
3170 3351 3629 3427 Ἀλεξάνδρίνου
3656 3357 3725 3411 ⁷⁸.

2138 3440 2227 3511 Τῷ
2252 3441 2309 3493 δὲ
2342 3441 2483 3511 ἁγίῳ
2525 3442 2798 3512 Μακαρίῳ
2842 3440 2921 3511 τῷ
2963 3440 3303 3512 Ἀλεξανδρεί
3346 3443 3724 3515 συντετύχηκα

2137 3532 2496 3604 πρεσϐυτέρῳ
2529 3532 2641 3585 ὄντι
2664 3532 2773 3585 τῶν
2807 3531 3117 3602 λεγομένων
3147 3532 3393 3598 κελλίων,
3429 3535 3511 3597 είς
3548 3534 3585 3589 ἃ
3614 3536 3728 3601 ἐγὼ

2136 3624 2444 3695 παρῴκησα
2486 3623 2643 3677 ἐννέα
2681 3623 2776 3694 ἐτη
2800 3625 2865 3678 ⁷⁹.
2906 3625 2964 3675 ἐν
2987 3619 3073 3687 οἷς
3107 3624 3236 3695 τρία
3267 3623 3362 3694 ἔτη
3402 3642 3493 3695 μοι
3528 3626 3730 3698 ἐπέζηο

2140 3732 2231 3767 σεν
2259 3715 2305 3746 ⁸⁸
2335 3717 2364 3768 6
2392 3714 2675 3788 Μακάριος
2705 3711 2881 3780 οὗτος,
2919 3716 3122 3783 διάγων
3157 3718 3215 3770 ἐν
3257 3718 3478 3790 ἠσυχίᾳ.
3520 3721 3615 3773 καὶ
3658 3722 3729 3775 τά

2140 3804 2240 3876 μὲν
2262 3805 2304 3836 ⁸¹
2329 3800 2467 3858 εἶδον
2494 3806 2605 3875 ἐγὼ
2626 3808 2755 3875 παρ’
2782 3806 2947 3859 αὐτοῦ
2975 3808 3020 3837 ⁸³
3057 3808 3157 3877 τῆς
3196 3808 3425 3879 ἀρίστης
3447 3810 3729 3876 πολιτείας

2136 3897 2304 3952 αὐτοῦ
2329 3897 2375 3929 ⁸⁸
2403 3898 2542 3969 ἔργα
2569 3915 2628 3950 τε
2652 3899 2744 3952 καὶ
2775 3902 2996 3969 σημεῖα,
3021 3900 3091 3954 τὰ
3123 3900 3180 3953 δὲ
3210 3901 3258 3931 ⁸⁸
3286 3902 3440 3971 παρὰ
3466 3901 3572 3955 τῶν
3603 3902 3729 3956 τού-

2135 4007 2232 4043 του
2268 3989 2697 4061 συμϐιωσάντων
2748 3991 3070 4061 μεμάθηκα,
3117 3990 3191 4044 τά
3237 3991 3295 4044 δὲ
3344 3995 3476 4061 παρ’
3519 3993 3727 4066 ἐτέρων

2137 4082 2399 4136 πλειόνων
2427 4083 2473 4115 ⁸⁸
2502 4084 2737 4153 ἀκήκοα.
2778 4086 2808 4153 ἡ
2857 4084 2956 4155 μὲν
2987 4078 3079 4137 οὖν
3111 4084 3349 4153 ἄσκησις
3407 4085 3501 4137 τοῦ
3557 4086 3729 4156 μεγά-

2136 4174 2230 4228 λου
2258 4174 2568 4247 Μακαρίου,
2600 4175 2676 4238 ὼς
2708 4174 2819 4243 ἐγὼ
2853 4178 2947 4229 καὶ
2974 4177 3164 4229 πολλοὶ
3191 4176 3323 4248 παρ’
3371 4176 3524 4248 αὐτῷ
3561 4180 3728 4250 ἠκρι-

2137 4268 2415 4339 6ὠσαμεν,
2452 4263 2522 4338 ἦν
2552 4265 2691 4338 α’ύτη
2715 4267 2761 4298 ⁸⁵
2784 4280 2798 4295 ⁸
2824 4266 2878 4319 εί
2904 4285 2958 4320 τι
2987 4268 3193 4337 ἀκήκοε
3220 4266 3443 4321 πώποτέ
3471 4286 3593 4322 τινα
3624 4286 3727 4324 πε·-

2138 4361 2404 4431 ποιηκότα
2438 4360 2481 4391 ⁸⁷
2520 4358 2681 4431 ἔργον
2725 4358 3039 4433 ἀσκήσεως,
3057 4357 3147 4413 διὰ
3194 4360 3431 4430 σπουδῆς
3457 4361 3503 4392 ⁸⁸
3566 4360 3730 4416 τοῦτο

2138 4452 2525 4523 κατώρθωσεν.
2564 4449 2806 4513 ἀκούσας
2833 4450 2878 4481 ⁸³
2922 4444 3039 4514 οὖν,
3074 4450 3155 4503 ὅτι
3186 4452 3235 4503 ot
3280 4451 3728 4522 Ταὸεννησιῶται

2137 4546 2227 4600 διὰ
2276 4546 2457 4615 πάσης
2510 4544 2612 4614 τῆς
2657 4545 3099 4613 τεσσαρακοστῆς
3164 4542 3374 4614 ἄπυρον
3429 4545 3726 4611 ἐσθίουσιν,

2139 4636 2356 4708 ἔκρινεν
2385 4637 2430 4668 ⁸⁸
2463 4628 2615 4700 οὗτος
2652 4636 2681 4688 ὁ
2724 4636 2878 4703 ἆγιος
2915 4636 3009 4688 ἐπὶ
3050 4636 3344 4689 ἑπταετίαν
3375 4636 3403 4689 ὃ
3434 4637 3523 4691 διὰ
3552 4639 3727 4709 πυρὸς

450 4721 625 4783 iisset,
654 4723 960 4789 comedere,
995 4734 1048 4779 et
1083 4734 1288 4794 septem
1317 4728 1478 4783 annis
1517 4730 1654 4783 nihil
1684 4732 1829 4787 aliud
1861 4741 2042 4803 gusta-
2072 4723 2097 4779 Ῑ

2145 4729 2437 4799 διέρχεται,
2473 4729 2547 4800 μὴ
2578 4730 2771 4797 φαγεῖν
2792 4729 2861 4792 ⁹¹,
2902 4727 3042 4798 πλὴν
3071 4728 3319 4798 λαχάνων
3348 4729 3516 4799 ὠμῶν
3543 4732 3639 4783 καὶ
3672 4732 3732 4784 εἴ

451 4813 551 4877 vit,
577 4814 682 4868 nisi
705 4814 873 4869 cruda
899 4816 1129 4879 olera,ct
1152 4815 1198 4870 si
1226 4831 1368 4885 quae
1389 4815 1531 4873 forte
1551 4820 1712 4891 253
1737 4821 2037 4879 invenisset

2146 4840 2248 4876 που
2299 4816 2458 4892 εὗρεν
2507 4820 2732 4891 ὀσπρίου
2772 4822 2817 4851 ⁹¹
2863 4819 3126 4891 βρεκτοῦ,
3180 4821 3410 4891 μηδενὸς
3453 4823 3498 4854 ⁸³
3561 4822 3728 4877 ἄλλου

450 4905 723 4978 legumina
780 4908 1113 4963 humectata.
1165 4908 1239 4965 De
1280 4908 1389 4965 alio
1429 4910 1696 4977 audierat,
1723 4915 1814 4982 qui
1840 4914 2032 4971 libram

2145 4915 2280 4969 ἑπτὰ
2326 4914 2470 4967 ἔτεσι
2510 4912 2844 4983 γευσάμενος
2869 4913 2935 4966 ⁸⁸.
2963 4912 3193 4982 ἤκουσεν
3235 4913 3397 4967 ἄλλου
3426 4915 3493 4979 ⁸⁸,
3522 4914 3607 4969 ὅτι
3642 4915 3729 4969 λί-

1727 5024 1984 5080 VARIAE
2018 5025 2419 5081 LECTIONES.

524 5132 573 5164 "
597 5132 778 5208 (39".,
826 5135 916 5189 AB
941 5138 1067 5191 τόν.
1143 5139 1187 5170 ⁸⁷
1210 5140 1254 5191 Α
1284 5138 1512 5193 τοίνυν.
1590 5138 1636 5170 ⁸⁸
1658 5140 1755 5193 καὶ
1795 5156 1903 5194 om.
1935 5142 2000 5195 Α.
2079 5144 2123 5175 ⁶⁹
2153 5140 2250 5194 καὶ
2296 5140 2489 5193 om.A.
2567 5141 2613 5171 "°
2642 5141 2683 5193 Β
2721 5140 2816 5194 καὶ
2846 5141 3202 5193 τετύπωκεν.
3278 5138 3322 5169 ’⁸
3365 5138 3406 5191 Β
3441 5139 3594 5208 τρεῖς
3636 5143 3731 5195 λί-

453 5203 885 5280 τρας.ᾅρτου.ω
912 5208 957 5238 ⁷⁸
991 5208 1175 5280 Corr.,
1220 5208 1311 5261 ΑΒ
1372 5209 1646 5279 συνεργία.
1722 5211 1768 5241 ⁷⁸
1793 5215 1837 5263 Α
1880 5212 1978 5265 διὰ
2024 5211 2131 5265 τοῦ
2180 5210 2411 5264 σαυτοῦ
2462 5208 2636 5270 (forte
2668 5210 2954 5279 éavroﬁ?)
2993 5211 3269 5277 γνησίου.
3346 5210 3394 5280 τ⁴
3430 5203 3732 5280 dedi-acac

453 5288 563 5350 oin.
747 5275 794 5350 "_
833 5273 925 5329 Sic
953 5280 1062 5333 AB.
1107 5279 1227 5333 sine
1276 5271 1627 5350 apostropbo,
1670 5288 1730 5333 ut
1781 5296 1962 5350 saepe.
2038 5283 2085 5312 7“
2120 5280 2210 5334 AB
2240 5283 2373 5334 οὐκ.
2448 5280 2493 5350 7⁷
2539 5280 2613 5333 Ex
2674 5282 2844 5344 coni.,
2882 5271 3284 5350 Α’κὲκοίμητε
3355 5279 3394 5332 Β
3427 5271 3727 5349 έκοίμητοί

454 5295 563 5324 υιιι.
610 5295 671 5323 ι).
752 5295 793 5306 "
834 5295 925 5329 DIC
953 5295 1062 5333 Ab.
1107 5295 1227 5333 sme
1276 5295 1303 5332 8
1345 5295 1627 5348 osuopno,
1670 5295 1730 5333 ut
1781 5296 1962 5350 saepe.
2043 5295 2085 5312 "‘
2120 5295 2210 5334 Ab
2240 5295 2373 5334 ουκ.
2455 5295 2489 5310 ’⁸
2539 5295 2613 5333 ιω(
2674 5296 2844 5344 coni.,
2882 5295 2928 5332 Α
2968 5295 3284 5348 κεκοιμητε
3355 5295 3394 5332 b
3427 5295 3705 5349 εκοιμητο

524 5340 765 5419 indicem
781 5344 925 5419 hunc
958 5362 1065 5400 om.
1088 5351 1149 5402 A.
1227 5295 1683 5405 ’θιξένναετίαη
1759 5352 1805 5383 ⁸⁸
1843 5351 1879 5404 Β
1910 5350 2163 5419 ἐπέζησέ
2181 5369 2301 5419 μοι.
2378 5350 2423 5382 ⁸¹
2447 5349 2486 5401 Β
2519 5351 2839 5404 καὶπολλὰ
2865 5349 2984 5419 μέν.
3060 5351 3104 5381 ⁸¹
3136 5351 3271 5417 παρ’
3309 5351 3493 5403 αὐτοῦ
3530 5368 3635 5404 υιη.
3664 5351 3707 5404 Β

453 5411 504 5442 ⁸⁸
526 5413 705 5488 Β-τῇς
729 5414 970 5488 -ὰρίστης
998 5419 1184 5488 αυτοῦ
1220 5421 1545 5485 πολιτείας.
1622 5420 1667 5452 ⁸³⁵
1685 5419 1727 5472 Β
1751 5422 1953 5475 πολλὰ
1979 5411 2083 5477 δέ.’
2134 5411 2317 5474 ⁸⁵Ῥτο
2344 5420 2418 5473 τὰ
2437 5419 2505 5471 δὲ
2530 5421 2665 5488 παρ’
2696 5411 2912 5488 ἐτέρων
2939 5411 3236 5473 πλειόνων)
3266 5419 3306 5471 Β
3341 5422 3511 5488 ἔτερα
3538 5420 3606 5472 δὲ
3629 5423 3728 5476 καὶ

453 5482 590 5548 παρ’
867 5482 1143 5559 ξεολλςζηθ-ζ
1194 5489 1254 5559 λ⁸⁶
1293 5488 1399 5559 Pro
1419 5482 1630 5557 ὡς-ἐγὼ
1662 5492 1761 5544 καὶ
1786 5492 2260 5556 πολλοὶ-αὕτη
2298 5490 2336 5541 Β
2362 5490 2437 5552 ὡς
2462 5490 2573 5559 ἐγώ
2609 5482 2673 5544 τε
2707 5482 2807 5542 καί
2846 5493 3123 5553 πλείονες
3145 5489 3331 5556 ἕτεροι
3365 5482 3731 5559 ἡφῖριϐῴσανκ

456 5568 543 5627 το2
574 5552 740 5627 αὕτη.
758 5553 947 5607 ἐστίν.
1024 5555 1070 5627 ’ζ
1113 5552 1609 5627 Βιέργασὰμενοῶν.
1688 5562 1733 5593 ⁸⁸
1770 5560 1811 5613 Β
1838 5561 1926 5614 διὰ
1955 5561 2194 5627 πολλῆς
2228 5552 2483 5626 σπουδῆς.
2503 5552 2515 5559 ⁷
2557 5561 2602 5591 ⁸⁸
2631 5562 2667 5613 Β
2695 5558 2984 5627 ἀκηκοώς.
3062 5552 3110 5591 ’δ
3133 5559 3174 5611 Β
3203 5552 3420 5625 ἔκρινε.
3438 5552 3455 5557 ⁷
3495 5560 3537 5590 ⁹¹
3558 5558 3665 5615 Pro
3693 5561 3729 5615 ὃ

454 5619 568 5699 διὰ.
596 5621 1103 5699 πυρὸςλτ-εεαγεῖν
1156 5619 1330 5699 Β’
1352 5619 1564 5696 φὰγεῐν
1592 5630 1624 5683 ὃ
1666 5630 1765 5684 διὰ
1788 5632 1979 5698 πυρὸς
2004 5619 2314 5699 eadem].
2390 5619 2638 5690 “Corn,
2668 5632 2711 5681 Α
2731 5619 3014 5697 όοίπρέου,
3041 5629 3080 5683 Β
3112 5619 3397 5699 ὀσπρῖων.
3473 5630 3523 5699 ’ξ
3553 5630 3595 5682 A
3630 5631 3732 5685 και

459 5690 713 5772 μηδενόςζ
782 5693 831 5770 ξι
859 5692 965 5772 Pro
981 5690 1146 5772 anthr
1174 5690 1926 5772 ,ζὰχᾶᾖωκ-ςγευᾳάμενὸς
1958 5690 1999 5753 Β
2017 5690 2279 5769 μῆδὲνὸς
2304 5698 2497 5753 ἄλλον
2532 5700 2640 5772 ἐπὶ.
2658 5700 2810 5772 ἑπτὰ
2830 5690 3384 5772 ἐτεσίγευσάῂξνος
3416 5698 3583 5772 qua}?
3614 5704 3729 5755 λα-
3746 5742 3761 5745 -

460 5758 661 5882 gazam
683 5758 853 5845 ἁρμῶγ
873 5764 971 5815 καὶ
1034 5758 1299 5833 ὀσπρίων)
1313 5758 1604 5835 βρεκτῶίο,
1638 5768 1697 5823 εἴ
1728 5758 1872 5824 frore
1895 5758 2119 5825 τούξωᾶ·
2155 5758 2479 5839 εὺάιζρησε.
2556 5771 2600 5802 ’⁸
2624 5769 2731 5823 Pro
2760 5770 2989 5837 ἤκουσε
3022 5758 3219 5823 ἄλ.ὶοῦ
3242 5769 3283 5821 Β
3312 5758 3444 5837 περὶ
3474 5758 3539 5822 δέ
3566 5785 3728 5837 τινος

460 5844 535 5881 α..
587 5846 658 5882 ου
692 5847 979 5882 ακίιυσιτσ.

459 5844 658 5882 αλλου
692 5844 979 5897 ακίιυσιις.
