4016 6508
480 339 581 396 187

1284 341 1385 398 SS.
1428 337 1886 397 MACARIORUM
1921 335 2243 394 AEGYPTII
2278 337 2366 394 ΕΤ
2405 337 2882 396 ALEXANDRINI

3627 341 3732 396 188

478 457 661 512 carius
689 473 860 527 quum
907 458 1072 521 viam.
1108 473 1248 529 quae
1292 459 1360 513 ad
1411 460 1557 513 hunc
1606 459 1823 511 hortum
1879 455 2054 523 ducit,

2159 454 2345 518 δοῦλος
2395 455 2683 527 Μακάριος
2735 453 3029 526 στοχασμῷ
3077 454 3227 527 μόνῳ
3283 453 3569 525 ἠκολούθει
3618 458 3734 519 τοῖς

478 550 779 619 ignoraret,
812 551 928 605 sola
963 550 1282 620 conjectura
1330 559 1555 606 secutus
1582 558 1667 604 cst
1706 559 1880 615 astra,
1911 550 2060 604 sicut

477 650 696 706 nautae,
720 642 815 710 qui
846 643 1019 695 maria
1045 647 1446 697 transmittunt.
1482 643 1576 695 Sic
1619 649 1788 697 totam
1819 642 2063 711 pervasit

476 733 852 787 solitudinem.
887 732 1236 789 Fasciculum
1262 751 1391 790 vero
1420 735 1746 788 arundinum
1770 735 1963 800 tenuit,
1991 750 2056 788 ex

475 823 681 891 quibus
721 839 882 877 unam
919 825 972 878 in
1030 842 1365 896 unoquoque
1397 827 1622 879 milliari
1660 836 1921 894 tanquam
1977 826 2057 882 si-

484 932 654 984 gnum
690 919 900 986 posuit,
931 920 1094 987 cujus
1140 936 1242 989 ope
1291 928 1579 973 remearet.
1615 919 1816 972 Novem
1863 919 2058 974 diebus

480 1019 645 1074 prope
675 1007 825 1059 illum
860 1007 1078 1062 hortum
1117 1010 1290 1072 venit,
1323 1018 1378 1063 et
1423 1019 1583 1062 nocte
1619 1023 1920 1076 Oppressus
1959 1022 2058 1076 pa-

479 1112 599 1149 rum
647 1097 924 1152 dormivit.
977 1101 1267 1169 Improbus
1314 1116 1442 1154 vero
1487 1101 1720 1154 daemon
1757 1099 2056 1154 arundines

479 1188 601 1242 illas
615 1190 873 1245 collectas
887 1190 953 1242 ad
981 1193 1275 1260 caputcjus
1297 1192 1671 1261 posuit255,
1699 1192 1930 1246 fortasse
1960 1190 2054 1245 Dei

479 1283 752 1348 permissu
823 1283 888 1336 ad
917 1283 1177 1352 majorem
1206 1287 1382 1338 sancti
1404 1286 1874 1348 exercitationem,
1904 1300 1972 1338 ne
2002 1285 2055 1338 in

477 1373 842 1427 arundinibus
871 1373 1103 1430 ducibus
1139 1392 1287 1444 spem
1309 1391 1463 1430 suam
1498 1377 1744 1440 haberet,
1761 1377 1852 1430 sed
1886 1377 2058 1445 magis

477 1460 534 1512 in
570 1463 743 1529 gratia
774 1461 888 1528 Dei,
935 1465 1029 1532 qui
1081 1480 1178 1533 per
1223 1467 1534 1518 columnam
1599 1466 1740 1533 ignis
1791 1474 1844 1520 et
1895 1467 2058 1519 nubis

475 1554 1034 1623 quadragintaannos
1066 1557 1121 1609 in
1149 1559 1252 1610 ista
1274 1557 1568 1610 solitudine
1601 1560 1856 1626 populum
1891 1557 2055 1610 Israel

485 1661 592 1697 non
624 1645 971 1700 obedientem
1002 1656 1056 1702 et
1089 1659 1485 1718 repugnantem
1527 1650 1774 1704 deduxit.
1810 1650 2054 1719 Surgens

478 1736 643 1804 igitur
670 1739 968 1792 arundines
994 1739 1278 1808 colligatas
1306 1741 1539 1794 invenit.
1565 1740 1800 1794 Sanctus
1824 1750 2006 1794 autem
2037 1759 2050 1793 :

479 1826 604 1891 Ubi,
627 1830 824 1898 inquit,
845 1831 912 1883 ad
936 1832 1150 1885 hortum
1169 1833 1394 1901 propius
1425 1833 1733 1895 accessi,ex
1758 1848 1823 1886 eo
1847 1835 2052 1902 egressi
2089 1817 2128 1869 Β

479 1929 605 1974 sunt
629 1921 872 1991 mihique
885 1933 1246 1977 occurrerunt
1263 1925 1601 1993 septuaginta
1633 1923 1744 1980 fere
1762 1924 2056 1979 daemOnes

478 2014 648 2067 variis
681 2012 872 2069 formis
923 2014 1177 2083 praediti,
1212 2018 1301 2070 alii
1333 2017 1553 2086 quidem
1601 2017 1925 2080 clamantes,
1959 2019 2052 2072 alii

477 2120 606 2158 vero
639 2107 994 2169 exsilientes,
1039 2107 1131 2160 alii
1175 2123 1300 2161 cum
1362 2123 1559 2178 magno
1591 2108 1810 2162 fremitu
1853 2109 1908 2162 in
1965 2125 2051 2164 me

477 2197 734 2252 dentibus
799 2197 1116 2252 stridentes.
1174 2197 1355 2254 Ceteri
1416 2206 1679 2267 tanquam
1743 2199 1892 2252 corvi
1951 2215 2049 2252 vo-

478 2290 656 2343 lantes
721 2289 998 2343 audebant
1046 2290 1220 2342 vultui
1267 2306 1388 2344 meo
1450 2289 1716 2344 insultare
1752 2289 2048 2342 dicentes:

478 2379 619 2444 Quid
648 2381 752 2444 vis,
789 2380 1017 2444 Macari,
1067 2382 1299 2436 teutatio
1339 2381 1776 2435 monachorum?
1809 2380 1951 2445 Quid
1984 2382 2050 2435 ad

475 2485 581 2524 nos
611 2473 943 2526 accessisti?
971 2473 1054 2526 An
1092 2489 1191 2528 nos
1222 2489 1440 2542 quoque
1468 2482 1660 2525 contra
1695 2472 1912 2539 aliquos
1937 2488 2054 2525 mo-

475 2565 781 2616 nachort-m
817 2565 1114 2619 machinati
1176 2566 1408 2620 smnus?
1441 2563 1593 2630 Quae
1660 2574 1848 2619 nostra
1902 2573 2048 2629 sunt,

477 2655 647 2709 habes
674 2655 786 2708 illic
814 2670 938 2708 cum
992 2656 1071 2709 tui
1133 2657 1423 2720 similibus,
1459 2657 1808 2710 solitudinem
1843 2657 1988 2718 dico,
2022 2671 2052 2711 e

475 2761 581 2814 qua
612 2752 875 2814 cognatos
909 2753 1128 2800 nostros
1162 2747 1468 2816 t'ugavistis.
1501 2743 1705 2799 Tecum
1731 2745 1864 2798 nihil
1896 2760 2050 2799 como

476 2852 640 2890 mune
675 2836 958 2900 habemus,
992 2837 1120 2906 quid
1153 2849 1344 2892 nostra
1376 2838 1496 2890 loca
1535 2838 1872 2906 ingrederis?
1900 2841 2048 2892 Ana-

476 2929 695 2981 cboreta
733 2935 1025 2982 contentus
1053 2937 1172 2982 esto
1206 2929 1519 2984 solitudine.
1546 2927 1650 2994 Qui
1692 2929 1838 2984 bunc
1869 2931 2050 2984 locum

475 3018 856 3082 aediﬁcarunt,
887 3035 1011 3072 eum
1063 3020 1224 3074 nobis
1279 3019 1659 3087 adsignat-unt.
1689 3019 1805 3074 Non
1846 3024 2052 3092 poteris

477 3108 569 3164 hic
618 3125 857 3164 manere.
900 3109 1042 3176 Quid
1098 3113 1323 3179 quaeris
1372 3113 1580 3181 ingredi
1635 3113 1841 3179 locum,
1889 3129 2049 3184 quem

477 3214 637 3253 nemo
662 3199 964 3263 hominum,
994 3199 1087 3269 qui
1120 3201 1396 3264 vixerunt,
1438 3216 1506 3255 ex
1539 3217 1648 3270 quo
1671 3209 1918 3272 tempore
1941 3202 2051 3256 fra-

475 3291 720 3361 tres,qui
749 3308 871 3346 eum
905 3293 1287 3357 condiderunt,
1318 3310 1345 3346 a
1376 3293 1533 3347 nobis
1553 3294 1639 3347 hic
1669 3294 1866 3364 sepulti
1900 3302 2049 3358 sunt,

475 3392 562 3438 est
620 3384 939 3454 ingressus?
990 3385 1226 3439 Sanctus
1276 3383 1527 3451 :Quum,
1570 3385 1770 3448 aiebat,
1818 3388 2050 3441 multum

476 3473 702 3542 insuper
720 3475 1005 3528 turbarent
1025 3476 1560 3545 lamentarenturque
1576 3476 1891 3541 daemones,
1905 3478 2047 3533 dixi:

477 3563 762 3634 Ingrediar
796 3573 1031 3631 tantum,
1083 3566 1301 3630 videbo,
1325 3577 1381 3621 et
1428 3568 1557 3620 hinc
1594 3569 1870 3621 recedam.
1909 3567 2050 3624 Dae-

474 3672 667 3710 mones
703 3671 716 3708 :
753 3655 887 3718 Hoc,
940 3659 1227 3727 inquiunt,
1282 3660 1442 3714 nobis
1494 3661 1751 3729 promitte
1812 3663 1865 3715 in
1919 3677 2053 3717 con-

471 3745 828 3799 scientiatua.
867 3749 929 3802 Et
965 3765 1131 3818 quum
1183 3750 1444 3807 dixissem
1480 3771 1493 3806 :
1527 3752 1639 3807 lloc
1668 3751 1885 3818 faciam,
1914 3769 2052 3808 con-

478 3838 658 3891 l'estim
714 3853 1076 3895 evanuerunt.
1110 3839 1395 3911 Ingressus
1455 3844 1643 3913 igitur,
1691 3847 1888 3909 aiebat,
1938 3845 2048 3899 vidi

479 3929 680 3982 omnia.
717 3926 817 3982 Ubi
851 3932 1033 3985 inveni
1083 3933 1279 3987 cadum
1327 3949 1583 4000 aeneum,
1631 3945 1823 3992 catena
1871 3937 2048 3993 ferrea

476 4020 799 4089 pendentem
827 4037 892 4075 ex
930 4032 1110 4092 puteo,
1149 4024 1244 4079 sed
1277 4034 1517 4096 tempore
1559 4041 1966 4099 consumptum,
1994 4039 2049 4086 et

478 4112 687 4165 fructus
719 4112 982 4166 malorum
1009 4116 1304 4179 siccarum,
1329 4133 1467 4187 quae
1487 4123 1814 4175 intrinsecus
1844 4137 2048 4178 vacuae

475 4211 652 4257 erant.
691 4202 929 4256 Sanctus
981 4205 1144 4275 igitur
1187 4223 1354 4276 quum
1402 4209 1609 4279 abSque
1642 4211 2047 4278 perturbatione

476 4294 627 4346 illinc
659 4297 999 4358 recessisset,
1061 4313 1155 4366 per
1186 4299 1374 4367 viginti
1420 4299 1540 4353 dies
1584 4302 1867 4356 remeavit.
1899 4302 2047 4355 Con-

476 4385 712 4452 sumptis
741 4401 869 4440 vero
897 4387 1122 4440 cibariis
1155 4388 1510 4442 solitudinem
1547 4404 1845 4458 peragrans
1873 4405 2045 4459 paene

2155 548 2396 617 ἄστροις,
2427 547 2674 620 καθάπερ
2707 550 2948 602 ναυτικοὶ
2986 548 3350 610 διαϐαίνοντες
3383 548 3453 600 τὰ
3493 548 3732 618 πελάγη.

2156 638 2330 702 οὕτως
2390 639 2448 692 δὲ
2483 640 2527 670 ³¹
2577 640 2675 710 τὴν
2723 639 2928 711 ἔρημον
2988 641 3169 693 πᾶσαν
3233 639 3539 694 διώδευσεν.
3594 639 3736 710 ἔχων

2157 727 2297 798 δέμα
2312 729 2355 759 ⁸³
2383 729 2643 800 καλάμων
2662 731 2821 802 χάριν
2845 730 3070 800 σημείου
3098 731 3197 784 ἕνα
3220 733 3358 783 κατὰ
3383 730 3559 800 μίλιον
3584 731 3731 796 ἵστα,

2157 822 2302 884 ὅπως
2334 821 2379 852 ³⁸
2415 821 2485 874 δι’
2526 823 2700 892 αὐτῆς
2748 823 3062 894 ὑποστρέψῃ
3087 821 3150 876 ³⁸.
3189 822 3284 875 καὶ
3312 824 3459 886 ἐντὸς
3505 822 3731 892 ἡμερῶν

2157 912 2201 965 θ’
2223 912 2268 943 ⁸⁸
2303 913 2530 983 πλησίον
2567 913 2660 966 τοῦ
2701 917 2876 984 κήπου
2907 915 3120 982 γέγονε,
3153 914 3248 966 καὶ
3270 914 3462 976 νυκτὸς
3491 913 3736 966 καταλαο

2157 1002 2359 1072 ϐούσης
2402 1003 2593 1075 μικρὸν
2638 1004 3028 1074 ἐκαθεύδησεν·
3073 1007 3100 1057 ὁ
3144 1003 3199 1056 δὲ
3252 1004 3488 1074 πονηρὸς
3521 1003 3737 1072 δαίμων

2159 1095 2482 1164 συναγαγὼν
2508 1099 2633 1161 τοὺς
2670 1097 2949 1169 καλάμους
2979 1099 3220 1161 ἐκείνους
3249 1099 3386 1168 πρὸς
3424 1100 3487 1167 τῇ
3517 1100 3734 1167 κεφαλῇ

2157 1185 2322 1236 αὑτοῦ
2350 1186 2614 1247 τέθεικεν,
2651 1187 2791 1257 τάχα
2819 1189 2912 1240 τοῦ
2939 1187 3074 1241 Θεοῦ
3105 1189 3563 1257 συγχωρήσαντος
3594 1186 3735 1257 πρὸς

2161 1277 2382 1344 μείζονα
2403 1277 2592 1329 τούτου
2616 1280 2945 1348 γυμνασίαν,
2980 1279 3066 1332 ἵνα
3092 1277 3167 1348 μὴ
3185 1279 3378 1348 ὁδηγία
3397 1279 3439 1308 ³⁷
3465 1277 3737 1347 καλάμων

2156 1366 2374 1436 ἐλπίζῃ,
2428 1366 2564 1420 ἀλλὰ
2603 1371 2668 1439 τῇ
2715 1367 2809 1420 τοῦ
2856 1368 2988 1421 Θεοῦ
3036 1371 3217 1438 χάριτι
3260 1367 3481 1438 μᾶλλον,
3521 1369 3615 1420 τοῦ
3644 1368 3737 1422 διὰ

2157 1459 2349 1510 στύλου
2406 1460 2576 1528 πυρὸς
2619 1461 2712 1513 καὶ
2751 1461 2981 1531 νεφέλης
3030 1461 3122 1513 ἐπὶ
3172 1461 3582 1530 τεσσαράκοντα
3635 1461 3734 1531 ἐτη

2159 1550 2358 1618 μᾶλλον
2387 1551 2444 1603 ἐν
2469 1552 2650 1624 ἐκείνῃ
2675 1554 2740 1621 τῇ
2783 1553 2973 1622 ἐρήμῳ
2999 1552 3090 1604 τὸν
3120 1551 3350 1605 ἀπειθέα
3391 1553 3486 1604 καὶ
3515 1551 3734 1604 ἁντίλο-

2156 1658 2250 1709 γον
2298 1641 2390 1694 τοῦ
2457 1644 2670 1713 Ἰσραὴλ
2718 1643 2845 1695 λαὸν
2895 1643 3282 1714 όδηγήσαντος.
3348 1644 3442 1695 καὶ
3491 1643 3735 1707 ἀναστάς

2155 1728 2311 1804 εὗρεν
2347 1737 2405 1787 ἐν
2457 1735 2640 1806 δεσμῷ
2687 1738 2814 1797 τοὺς
2852 1736 3151 1806 καλάμους.
3197 1735 3348 1803 ἐλεγε
3385 1735 3441 1788 δέ
3473 1737 3500 1786 ὁ
3538 1736 3732 1803 ᾶγιος,

2155 1827 2235 1878 ὅτι
2268 1826 2582 1894 ἐγγίσαντός
2613 1845 2714 1897 μου
2739 1828 2816 1899 τῷ
2848 1829 3009 1898 κήπῳ
3049 1828 3274 1898 ἐξῆλθον
3317 1828 3413 1880 ἀπ’
3451 1827 3616 1880 αὐτοῦ
3650 1830 3735 1890 εἰς

2157 1916 2477 1987 συνάντησίν
2510 1936 2610 1988 μου
2635 1921 2766 1972 ὡσεὶ
2785 1926 2825 1971 0'
2851 1919 2894 1950 ³⁸
2922 1919 3176 1989 δαίμονες
3201 1918 3438 1989 παντοίῳ
3466 1921 3732 1989 σχήματι,

2153 2008 2202 2058 οἱ
2233 2007 2335 2077 μὲν
2372 2008 2622 2077 βοῶντες,
2659 2012 2706 2062 οἱ
2737 2009 2794 2062 δέ
2827 2009 3124 2078 πηδῶντες,
3153 2009 3302 2064 ἄλλοι
3345 2010 3564 2080 μεγάλῳ
3596 2011 3734 2082 βρυ-

2153 2099 2278 2168 γμῷ
2324 2099 2601 2168 τρίζοντες
2644 2102 2763 2153 κατ’
2807 2101 2940 2171 ἐμοῦ
2979 2102 3106 2164 τοὺς
3149 2101 3402 2167 ὀδόντας,
3433 2102 3608 2172 ἕτεροι
3653 2103 3735 2166 ῶς

2153 2191 2386 2261 κόρακες
2420 2193 2848 2263 πτερυσσόμενοι
2889 2201 2934 2233 ﬂ
2989 2193 3233 2263 ἐτόλμων
3274 2192 3417 2246 κατὰ
3454 2193 3552 2262 τῆς
3587 2195 3734 2264 ἐμῆς

2153 2278 2327 2347 ὅψεως
2363 2281 2632 2348 λέγοντεςο
2659 2283 2711 2333 τί
2756 2281 2953 2344 θέλεις.
2986 2284 3275 2352 Μακάριε,
3307 2281 3580 2352 πειρασμέ
3617 2282 3734 2335 τῶν

2156 2372 2432 2442 μοναχῶν;
2477 2373 2530 2425 τί
2572 2373 2708 2444 πρὸς
2749 2375 2897 2443 ἡμᾶς
2940 2375 3271 2442 παρεγένου;
3323 2375 3398 2444 μὴ
3429 2376 3524 2426 καὶ
3563 2376 3735 2444 ἡμεῖς

2153 2464 2232 2527 είς
2260 2483 2406 2528 τινας
2428 2465 2536 2518 τῶν
2559 2467 2804 2536 μοναχῶν
2827 2469 2918 2537 ἐνη
2930 2469 3233 2537 ργήσαμεν;
3257 2468 3375 2518 ἐκεῖ
3397 2465 3466 2518 τὰ
3484 2467 3732 2537 ἡμέτερα

2152 2557 2314 2626 ἔχεις,
2342 2557 2439 2627 τήν
2471 2558 2695 2628 ἔρημον,
2724 2559 2860 2627 μετὰ
2882 2558 2990 2611 τῶν
3021 2559 3222 2627 ὁμοίων
3250 2574 3364 2621 σου,
3397 2556 3491 2626 ἀφ’
3511 2553 3578 2628 ἦς
3599 2559 3732 2622 τοὺς

2153 2653 2434 2717 συγγενεῖς
2463 2650 2619 2720 ήμῶν
2664 2649 2937 2714 ἐδιώξατε.
2965 2651 3116 2703 οὐδὲν
3144 2651 3319 2704 κοινὸν
3356 2650 3555 2722 ἔχομεν
3586 2650 3732 2720 μετὰ

2155 2742 2248 2795 σοῦ
2279 2744 2324 2774 ⁸⁸
2356 2783 2370 2806 ,
2417 2744 2469 2795 τί
2504 2742 2803 2806 ἐπιϐαίνεις
2833 2744 2987 2813 ήμῶν
3015 2746 3126 2805 τοῖς
3163 2743 3377 2808 τόποις;
3411 2744 3485 2806 ὡς
3520 2745 3732 2813 ἀναχω-

2156 2836 2322 2908 ρητὴς
2360 2835 2658 2906 ἀρκέσθητι
2703 2838 2768 2905 τῇ
2806 2836 3019 2906 ἐρήμῳ.
3047 2837 3178 2905 ἡμῖν
3211 2835 3400 2888 τοῦτον
3428 2836 3520 2888 τὸν
3560 2837 3732 2890 τόπον

2151 2931 2202 2981 οἱ
2243 2927 2524 2990 κτίσαντες
2569 2926 2991 2998 ἁπεκλήρωσαν.
3041 2929 3102 2980 οὺ
3138 2929 3342 3000 δυνήσῃ
3377 2922 3479 2996 ᾧδε
3521 2933 3727 3000 μεῖναι.

2151 3019 2204 3072 τί
2244 3018 2424 3090 ζητεῖς
2466 3019 2752 3084 εἰσελθεῖν,
2781 3020 2861 3082 εἰς
2882 3019 2910 3072 ὃ
2933 3021 2977 3050 ⁸³
3024 3019 3199 3083 οὐδεὶς
3232 3021 3340 3073 τῶν
3384 3020 3602 3086 ζώντων
3636 3024 3732 3074 ἀν·

2155 3109 2388 3181 θρώπων
2439 3110 2708 3178 εἰσῆλθεν,
2761 3111 2856 3178 ἀφ’
2904 3105 3074 3182 οὗπερ
3127 3113 3176 3164 οἱ
3231 3110 3390 3165 τοῦτο
3443 3113 3731 3177 κτίσαντες

2155 3202 2374 3270 ἀδελφοὶ
2399 3201 2443 3232 δ’
2475 3201 2565 3270 ὑφ’
2588 3200 2743 3270 ήμῶν
2771 3201 2956 3254 ἐνθάδε
2987 3202 3492 3274 κατεκηδεύθησαν;
3524 3205 3621 3258 καὶ
3648 3206 3729 3258 ἔτι

2153 3292 2322 3347 πολλὰ
2358 3291 2464 3346 τῶν
2495 3292 2764 3362 δαιμόνων
2797 3293 3211 3365 ταραττομένων
3256 3296 3350 3348 καὶ
3389 3296 3732 3367 ὀλοφυρομέ-

2151 3402 2257 3438 νων
2286 3381 2439 3436 εῐπον
2465 3385 2677 3446 αὐτοῖς,
2709 3385 2897 3455 φησὶν,
2923 3385 3150 3438 εἰσέλθω
3179 3386 3226 3418 ⁵⁸
3267 3386 3426 3457 μόνον
3460 3389 3555 3440 καὶ
3593 3390 3732 3442 ἱστο-

2156 3479 2304 3548 ρήσω
2350 3476 2442 3527 καὶ
2469 3475 2782 3546 ἀπέρχομαι
2824 3475 2996 3528 ἐνθεν.
3032 3479 3081 3528 οἱ
3123 3477 3180 3530 δὲ
3226 3477 3510 3548 δαίμονες·
3565 3482 3729 3534 τοῦτο

2151 3570 2282 3637 ἡμῖν
2313 3566 2644 3637 ὁμολόγησον
2673 3567 2730 3618 ἐν
2781 3569 3082 3638 συνειδήσει
3125 3585 3219 3622 σου
3257 3571 3324 3626 ⁸⁸.
3354 3572 3450 3624 καὶ
3477 3574 3729 3637 εἰπόντος

2155 3675 2284 3730 μου·
2323 3658 2480 3712 τοῦτο
2539 3660 2771 3729 ποιήσω,
2820 3659 2982 3723 εὐθὺς
3025 3661 3416 3732 ἠφανίσθησαν.
3467 3664 3728 3718 εἰσελθὼν

2149 3749 2263 3813 οὖν,
2301 3745 2485 3820 φηάιν,
2521 3749 2836 3820 ἐθεασάμην
2867 3751 3064 3815 πάντα,
3099 3754 3158 3805 ἐν
3192 3747 3272 3814 οἷς
3305 3750 3461 3824 εὖρον
3493 3756 3655 3808 κάδον
3680 3757 3725 3788 ⁸⁸

2150 3843 2384 3912 χαλκοῦν
2416 3841 2607 3912 σιδηρᾷ
2639 3841 2827 3894 ἁλύσει
2860 3843 3207 3913 κρεμάμενον
3236 3845 3380 3898 κατὰ
3417 3845 3514 3898 τοῦ
3550 3846 3723 3918 φρέα-

2149 3951 2273 3998 τος,
2301 3933 2484 3986 λοιπὸν
2510 3934 2557 3972 δ’
2589 3933 2668 4005 τῷ
2722 3935 2899 4005 χρόνῳ
2949 3935 3326 4002 ἁναλωθέντα,
3369 3941 3464 3991 καὶ
3510 3939 3725 4009 καρπὸν

2151 4028 2291 4100 ῥοῶν
2342 4025 2522 4096 ξηρῶν
2561 4025 2714 4078 οὐδὲν
2763 4027 2997 4095 ἐχόντων
3057 4027 3224 4081 ἔνδον.
3279 4030 3568 4099 ἀταράχως
3627 4027 3724 4084 οὖν

2148 4119 2356 4172 ἐκεῖθεν
2391 4119 2435 4149 ⁵⁷
2481 4118 2841 4188 ἀναχωρήσας
2877 4120 2906 4170 ὁ
2957 4120 3110 4187 ἅγιος
3139 4118 3226 4172 διὰ
3278 4120 3451 4174 είκοσι
3498 4124 3723 4192 ήμερὼν

2151 4205 2509 4276 ὑπέστρεψεν.
2557 4205 2970 4259 ἁναλωσθείσων
3023 4207 3081 4259 δὲ
3124 4208 3233 4261 τῶν
3276 4209 3494 4279 τροφῶν
3535 4211 3723 4280 σχεδὸν

2148 4299 2256 4351 οὐδ’
2289 4298 2426 4360 ὅλως
2456 4296 2721 4365 ἐγεύσατο
2745 4297 2944 4350 ὁδεύων
2972 4298 3070 4366 τὴν
3098 4298 3324 4369 ἔρημον,
3356 4300 3430 4363 ὼς
3459 4302 3549 4354 καὶ
3584 4302 3628 4333 ⁵⁸
3661 4303 3726 4355 τὸ

2149 4391 2382 4462 πρᾶγμα
2412 4389 2633 4453 ἔδειξεν,
2672 4391 2767 4441 καὶ
2811 4392 2890 4452 εἰς
2928 4391 3203 4460 ὑπομονὴν
3244 4393 3580 4463 ἐπειράζετο.
3627 4396 3722 4446 καὶ

476 4471 612 4524 nihil
645 4473 867 4527 omnino
892 4477 1152 4545 gustavit,
1197 4477 1344 4546 quod
1391 4493 1476 4532 res
1523 4494 1740 4548 quoque
1771 4482 2040 4550 probavit;

2152 4481 2220 4545 ὡς
2247 4482 2412 4550 ἐγγὺς
2442 4481 2658 4547 ἐγένετο
2675 4478 2770 4532 τοῦ
2787 4480 3035 4547 ὀκλάσαι,
3059 4480 3210 4551 ὤφθη
3237 4482 3384 4552 αύτῷ
3406 4501 3490 4546 τις
3511 4484 3586 4548 ὠς
3612 4485 3725 4538 ἀπὸ

473 4573 636 4632 atque
672 4574 875 4619 tentata
907 4577 986 4620 est
1006 4567 1292 4622 tolerantia
1323 4569 1459 4637 ejus.
1477 4568 1653 4636 Quum
1678 4573 1936 4641 verojam
1955 4589 2051 4643 pa-

473 4671 594 4710 rum
609 4657 844 4717 abesset,
861 4660 990 4728 quin
1006 4660 1391 4725 collaberetur,
1405 4664 1451 4715 ei
1473 4663 1587 4716 visa
1601 4670 1684 4719 est
1699 4663 1862 4734 256
1879 4680 2046 4720 unum

473 4749 587 4803 fere
617 4749 856 4804 stadium
903 4750 1118 4806 distans
1150 4753 1326 4821 puella
1357 4753 1625 4822 quaedam
1670 4757 1875 4809 munda
1904 4757 2046 4811 linea

471 4849 623 4896 veste
659 4843 871 4906 induta,
906 4859 1046 4912 quae
1077 4860 1268 4896 urnam
1305 4846 1522 4898 tenebat
1544 4862 1684 4917 aqua
1719 4848 2042 4915 stillantem,

469 4940 633 5000 atque
661 4949 785 4988 eum
840 4935 1188 5003 provOcabat.
1221 4933 1357 4990 Tres
1403 4937 1569 5005 igitur
1607 4936 1724 4994 dies
1759 4938 2039 5007 ingressus

466 5039 586 5077 eam
613 5025 763 5086 vidit,
793 5041 968 5096 neque
998 5027 1216 5095 assequi
1257 5029 1454 5096 potuit;
1488 5043 1582 5097 spe
1613 5037 1792 5083 autem
1821 5030 2039 5086 bibendi

469 5115 783 5183 languorem
817 5119 1099 5172 sustinuit.
1120 5119 1251 5173 Post.
1275 5134 1437 5188 quam
1471 5124 1720 5189 apparuit
1751 5122 2040 5178 multitudo

468 5205 815 5272 bubalorim;
861 5212 1214 5278 reperiuntur
1265 5213 1411 5265 enim
1447 5212 1504 5267 in
1549 5213 1660 5267 illis
1697 5214 2037 5283 regionibus.

2151 4574 2366 4628 σταδίου
2413 4572 2627 4626 ἑστῶσα
2653 4572 2811 4643 κόρη,
2844 4571 3090 4643 καθαρὰν
3121 4573 3311 4644 ὀθόνην
3341 4576 3599 4646 φέρουσα,
3628 4577 3724 4629 καὶ

2151 4665 2445 4720 καυκάλιον
2497 4663 2690 4726 ὓδατος
2754 4663 3058 4733 κατέχουσα
3111 4664 3305 4728 στάζον
3325 4706 3340 4729 ,
3393 4669 3486 4719 καὶ
3533 4667 3724 4722 τοῦτον

2149 4757 2619 4830 προσκαλουμένη.
2652 4757 2748 4810 καὶ
2785 4757 2878 4809 ἐπὶ
2911 4760 3061 4828 τρεῖς
3089 4759 3306 4829 ἡμέρας
3343 4758 3568 4820 ὥδευσε.
3600 4761 3724 4829 βλέ-

2149 4865 2265 4900 πων
2316 4846 2414 4917 μέν
2457 4846 2650 4916 αὐτὴν,
2688 4844 3016 4898 καταλαϐεῖν
3048 4846 3104 4899 δέ
3141 4847 3215 4917 μὴ
3240 4847 3515 4917 δυνηθεὶς,
3548 4851 3613 4919 τῇ
3664 4848 3723 4900 δὲ

2146 4940 2319 4994 ἐλπίδι
2351 4939 2446 4992 τοῦ
2478 4941 2623 4991 πιεῖν
2667 4938 2968 5008 ὑπομείνας
3010 4942 3075 5010 τῇ
3117 4941 3324 5012 ἁτονίᾳ.
3358 4942 3476 5012 μεθ’
3508 4944 3574 5012 ἦν
3623 4943 3722 4996 άν-

2145 5033 2313 5102 εφάνη
2346 5030 2549 5101 πλῆθος
2583 5032 2627 5063 ⁵⁸
2653 5030 2948 5100 βουϐάλωνο
2993 5033 3099 5084 εἰσὶ
3142 5033 3252 5103 γὰρ
3293 5037 3350 5086 ἐν
3390 5038 3502 5097 τοῖς
3535 5035 3725 5097 τόποις

2144 5123 2372 5184 ἐκείνοις
2397 5138 2409 5151 ·
2440 5122 2497 5187 ἐξ
2523 5115 2598 5174 ὧν
2631 5121 2729 5191 μία
2758 5120 2956 5190 ἔχουσα
2995 5123 3193 5194 μόσχον
3230 5125 3367 5188 ἐστὶ,
3399 5126 3557 5195 φησὶ,
3586 5141 3725 5178 κατ-

2145 5213 2321 5267 έναντί
2357 5230 2480 5284 μου.
2513 5214 2610 5266 καὶ
2641 5211 2786 5278 ιδὼν,
2822 5215 2906 5267 δτι
2939 5213 3092 5285 ἐρρει
3126 5216 3299 5286 αὐτῆς
3330 5217 3391 5269 τὸ
3418 5216 3590 5284 γάλα,
3615 5218 3724 5269 ὺπ-

1722 5376 1808 5432 VA
1820 5376 1980 5431 [ΗΔΕ
2010 5375 2418 5435 LECTIONES.

535 5503 578 5588 ξ
599 5500 830 5588 fficio;
859 5506 976 5558 καί.
1054 5507 1155 5588 “ﬂ
1181 5509 1424 5588 ᾷρσμόν.
1501 5512 1547 5588 ’_‘
1639 5515 1788 5583 πρὸς
1809 5518 1894 5571 τό.
1937 5585 1943 5588 _
1974 5517 2020 5549 ⁸⁵
2047 5515 2090 5570 Β
2115 5516 2512 5585 ὑποστρέψαι.
2590 5517 2638 5588 ’ἢ
2655 5516 2696 5571 Β
2723 5517 2917 5572 ἐννέα.
2994 5516 3037 5550 ⁸⁷
3069 5517 3144 5571 Ex
3175 5520 3343 5583 coni.,
3367 5519 3454 5572 AB
3477 5519 3718 5588 όδη-γιίῳ.

463 5571 1030 5657 ξζΒρϐίῗομαξζιοχτμο
1109 5579 1152 5657 '_’
1285 5571 1463 5657 coni},
1503 5585 1544 5634 A
1570 5571 2144 5657 Bgéeﬁow‘odysror.
2221 5588 2267 5619 ⁸⁸
2297 5571 2336 5640 Β
2355 5571 2739 5657 ᾙεθίὺιᾼιῶνξ
2788 5571 2962 5657 “iPro
2991 5590 3082 5654 είς
3108 5588 3138 5640 ὃ
3368 5571 3453 5621 ﬂ“
3479 5571 3518 5641 Β

459 5641 726 5699 ἀδελφοί.
810 5645 852 5674 ⁵³
886 5645 924 5696 Β
957 5646 1045 5698 ὅτι
1089 5649 1331 5705 εἰσέλθω.
1371 5641 1457 5704 sui

1488 5668 1593 5724 pro?
1609 5655 1697 5708 ὅτι
1711 5654 2155 5724 εἰσελεύσομαι.
2233 5662 2280 5693 ⁸⁵
2320 5657 2360 5710 Β
2392 5675 2508 5720 σου,
2539 5654 2730 5711 εἷπον·
2809 5656 2854 5690 ⁸⁸
2893 5660 2933 5709 Β
2963 5659 3063 5710 καὶ
3100 5659 3346 5714 κάδδον.
3424 5659 3471 5691 ⁸⁸
3497 5654 3719 5712 λοιπὸν

459 5711 781 5810 attigi-nn"
805 5714 1032 5770 ἐκεῖθεν
1047 5733 1156 5772 om.
1195 5719 1252 5770 Β.
1328 5722 1372 5752 ⁸⁸
1397 5722 1436 5773 Β
1466 5711 1542 5786 ὧς
1569 5723 1656 5781 δέ.
1728 5723 1773 5758 ⁸⁸
1801 5726 1906 5782 Pro
1928 5711 2065 5798 μεθ
2087 5711 2166 5797 ἦν
2189 5727 2463 5810 ἀνεφάνη
2488 5711 2724 5795 πλῆθος
2755 5725 2796 5783 Β
2826 5732 2976 5798 μετὰ
3004 5728 3072 5781 δὲ
3093 5711 3275 5784 tam
3291 5711 3529 5799 15.1.7600
3553 5711 3717 5796 άὺτιῖι

460 5777 749 5848 ἀνεφάνη.
