4016 6476
326 388 431 445 {89

1885 384 2093 440 ACTA.

3509 386 3614 439 190

340 502 592 560 εισελθὼν
619 506 722 558 καὶ
754 505 1006 574 θηλάσας
1035 503 1327 577 ἠρκέσθην.
1370 503 1405 574 ἢ
1432 503 1476 535 ⁵⁸
1502 502 1597 556 καὶ
1623 501 1751 573 θείῳ
1772 518 1937 573 προσ-

2045 500 2082 553 Ε
2118 499 2340 570 quibus,
2373 499 2575 564 aiebat,
2605 514 2713 554 una
2742 500 2971 554 vitulum
3000 500 3209 555 habens
3240 499 3371 553 mihi
3416 516 3482 555 cx
3516 502 3614 555 ad-

346 601 581 668 τάγματι
600 598 989 669 πειθαρχοῦσά
1003 597 1286 666 ἠκολούθει
1309 596 1412 659 ἕως
1434 597 1530 666 τῆς
1557 596 1768 665 κέλλης,
1795 594 1928 664 ἐμοῦ

352 690 451 759 μὲν
484 688 817 759 θηλάζοντος
842 688 890 721 ³³
926 687 1113 755 αὐτὴν,
1148 687 1240 741 τὸν
1290 687 1350 740 δὲ
1406 688 1606 757 μόσχον
1654 687 1822 756 αὐτῆς
1854 686 1931 757 μὴ

349 778 638 850 δεχομένη.

440 1061 654 1114 Ἀλλοτε
680 1060 845 1116 πάλιν
868 1058 1093 1130 πλησίον
1123 1058 1303 1129 θρύων
1330 1060 1425 1114 καὶ
1454 1059 1748 1131 φρυγάνων
1776 1062 1935 1132 ὀρύσ-

368 1172 474 1208 σων
499 1155 540 1185 ⁸²
573 1152 753 1223 φρέαρ
782 1153 810 1204 ὁ
842 1153 1093 1222 ἐνάρετος
1124 1152 1170 1183 ⁸³
1199 1146 1350 1214 οὗτος
1382 1153 1462 1213 είς
1494 1153 1801 1206 ἀνάπαυσιν
1839 1172 1935 1224 μο-

362 1246 541 1317 πηχῶν
579 1245 686 1299 ὑπὸ
730 1244 954 1307 ἀσπίδος
1000 1243 1218 1314 ἐδήχθη.
1260 1245 1602 1313 ἀναιρετικὸν
1627 1246 1681 1298 δὲ
1715 1245 1790 1298 ἰὸν
1821 1246 1933 1315 ἔχει

356 1339 519 1392 τοῦτο
546 1339 609 1390 τὸ
633 1338 837 1408 θηρίον.
877 1337 1213 1407 δραξάμενος
1238 1334 1329 1390 οὖν
1356 1338 1456 1406 τῆς
1480 1339 1702 1401 ἀσπίδος
1728 1342 1755 1392 ὁ
1779 1339 1935 1407 ἆγιος

354 1431 482 1491 ταῖς
520 1427 709 1498 χερσὶν
751 1426 857 1479 ἀπὸ
897 1426 1005 1480 τῶν
1051 1426 1337 1497 χελυνείων
1354 1428 1400 1459 ⁵⁸
1439 1430 1607 1499 αὐτῆς
1652 1429 1935 1502 διέρρηξεν

355 1519 534 1589 αὐτὴν
580 1516 778 1569 εἰπών’
819 1518 892 1587 μὴ
936 1519 1357 1581 ἁποστείλαντός
1386 1521 1431 1551 ⁸⁸
1472 1538 1532 1573 σε
1576 1522 1781 1593 Κυρίου
1832 1540 1934 1592 μου

353 1610 478 1671 πῶς
508 1608 811 1677 ἐτόλμησας
848 1608 911 1659 σὺ
942 1608 1080 1677 πρός
1110 1624 1177 1677 με
1213 1608 1423 1673 ἐλθεῐν;

428 1694 606 1762 Οὗτος
642 1702 670 1753 ὁ
699 1700 868 1769 μέγας
915 1700 1202 1769 Μακάριος
1242 1700 1530 1769 διαφόρους
1561 1699 1757 1763 κέλλας
1792 1697 1937 1769 εἶχεν

354 1795 414 1846 ἐν
446 1796 515 1863 τῇ
555 1794 765 1863 ἐρήμῳ,
799 1794 857 1844 ἐν
885 1786 973 1854 αἶς
1005 1792 1133 1855 τοὺς
1160 1792 1354 1855 ἄθλους
1385 1793 1483 1861 τῆς
1517 1793 1718 1861 ἀρετῆς
1752 1793 1937 1864 εἰργά-

355 1886 503 1949 ζετο,
547 1885 675 1955 μίαν
707 1885 765 1937 ἐν
803 1887 869 1956 τῇ
905 1885 1102 1954 Σκήτει
1143 1887 1208 1955 τῇ
1242 1885 1495 1956 ἐνδοτέρα
1522 1887 1569 1917 ⁸⁸
1608 1888 1932 1957 πανερήμῳ,

356 1980 492 2049 μίαν
524 1981 606 2038 είς
644 1977 848 2050 Λιϐύην
866 1978 912 2010 ⁸⁷
945 1980 1025 2041 εἰς
1052 1978 1120 2031 τὰ
1158 1978 1426 2049 λεγόμενα
1462 1978 1667 2041 κελλία,
1716 1980 1810 2031 καὶ
1840 1978 1935 2031 άλ-

350 2071 461 2141 λην
490 2073 571 2134 είς
602 2070 663 2123 τὸ
688 2071 812 2141 ὅρος
838 2070 938 2141 τῆς
959 2071 1209 2142 Νιτρίας.
1239 2074 1334 2125 καὶ
1361 2074 1417 2126 αἱ
1462 2072 1558 2143 μέν
1584 2074 1723 2125 εἰσιν
1737 2074 1782 2104 ⁸⁸
1808 2072 1936 2125 ἀθυ-

358 2164 600 2235 ρίδωτοι,
636 2165 714 2225 είς
747 2162 812 2225 ἀς
848 2162 1063 2230 ἐλέγετο
1103 2166 1131 2216 ό
1163 2165 1447 2234 Μακάριος
1481 2166 1539 2216 ἐν
1581 2167 1646 2235 τῇ
1694 2171 1745 2235 μ’
1773 2163 1936 2218 καθέ-

352 2254 549 2318 ζεσθαι
584 2255 627 2285 ⁸³
687 2255 744 2305 ὲν
795 2255 1067 2325 σκοτίᾳ⁶ἡ
1127 2256 1183 2308 δὲ
1235 2255 1368 2325 άλλη
1430 2254 1594 2309 κέλλα
1646 2256 1934 2326 στενοτάτη

361 2346 575 2415 ὑπῆρχε
596 2344 760 2406 πάνυ,
792 2347 871 2407 είς
897 2346 966 2417 ἢν
992 2348 1227 2398 ἐκτεῖναι
1253 2346 1379 2409 τοὺς
1405 2348 1449 2378 ⁶⁰
1467 2346 1634 2409 πόδας
1655 2347 1755 2399 οὐκ
1780 2342 1869 2415 ἦν·
1902 2347 1937 2417 ἡ

363 2436 421 2488 δὲ
451 2437 609 2507 τρίτη
637 2435 948 2506 πλατυτέρα
979 2436 1023 2467 ⁸⁸
1047 2432 1136 2507 ἦν,
1169 2438 1225 2489 ἐν
1307 2436 1399 2490 καὶ
1430 2437 1797 2508 συνετύγχανε
1825 2439 1939 2501 τοῖς

366 2527 495 2597 πρὸς
529 2527 695 2579 αὐτὸν
726 2526 1009 2594 φοιτῶσιν.

430 2611 600 2680 Οὗτος
653 2618 683 2670 ὁ
734 2617 982 2687 φιλόθεος
1038 2618 1296 2672 τοσοῦτον
1351 2619 1557 2690 πλῆθος
1604 2620 1939 2692 ἐθεράπευσε

357 2707 776 2778 δαιμονῶντων,
813 2710 892 2772 ὡς
929 2710 1003 2780 μὴ
1042 2711 1240 2781 ῥᾳδίως
1278 2711 1505 2775 τούτους
1543 2713 1942 2767 ύποόάλλεσθαι

357 2803 604 2874 ἀριθμῷ.
649 2804 929 2874 παρόντων
966 2805 1023 2857 δὲ
1064 2806 1219 2876 ἡμῶν
1254 2805 1391 2876 πρὸς
1434 2806 1624 2859 τοῦτον
1669 2806 1763 2859 τὸν
1795 2808 1941 2860 ὅσιον

360 2896 631 2966 παρθένος
671 2914 753 2960 τις
786 2898 893 2949 ἀπὸ
941 2896 1361 2969 Θεσσαλονίκης,
1401 2898 1627 2969 εὐγενὴς
1666 2898 1742 2968 τῷ
1771 2899 1940 2967 γένει,

360 2989 597 3042 πλουσία
643 2989 721 3059 τῷ
757 2988 856 3059 βίῳ
900 2990 979 3052 ⁶¹,
1032 2990 1271 3061 φοράδην
1317 2991 1619 3062 ἐκομίσθη,
1652 2992 1943 3046 πολυετίαν

358 3080 569 3150 ἔχουσα
602 3082 659 3133 ἐν
705 3080 1031 3152 παραλύσει.
1080 3084 1176 3135 καὶ
1234 3083 1409 3155 τούτῳ
1448 3085 1818 3155 προσαχθεῖσα
1853 3087 1945 3156 ἐρ-

2034 608 2192 647 verso
2225 593 2399 646 stetit.
2435 593 2605 661 Cujus
2644 604 2862 647 uterum
2898 610 3067 662 quum
3095 595 3237 648 lacte
3272 592 3439 648 liuere
3462 594 3614 649 vide-

2031 699 2167 749 rem,
2203 685 2433 748 accessi,
2462 694 2517 738 et
2540 699 2715 753 usque
2745 685 2812 738 ad
2845 686 3153 741 satietatem
3189 688 3429 741 nutritus
3464 702 3611 741 sum.

2032 776 2111 829 Ac
2141 775 2325 829 divino
2369 775 2551 843 jussui
2604 790 2804 843 parens
2845 791 2932 830 me
2977 784 3165 831 secuta
3201 784 3284 831 est
3317 792 3491 846 usque
3543 777 3612 831 ad

2033 867 2247 932 cellam,
2280 877 2332 922 et
2362 884 2448 922 tne
2478 869 2697 938 quidem
2720 869 2973 932 nutrivit,
3010 884 3185 939 neque
3216 884 3345 924 vero
3378 868 3613 923 vitulum

2034 979 2196 1018 suum
2222 962 2463 1017 admisit.

2104 1053 2316 1107 Rursus
2364 1054 2501 1108 alias
2545 1054 2635 1108 hic
2688 1055 2889 1109 virtute
2940 1055 3221 1124 praeditus
3289 1056 3395 1118 vir,
3441 1071 3612 1125 quum

2034 1161 2204 1215 prope
2237 1144 2364 1199 folia
2394 1156 2447 1199 et
2482 1155 2758 1200 sarmenta
2794 1155 3013 1215 puteum
3049 1145 3259 1199 foderet
3302 1146 3354 1198 in
3402 1160 3615 1197 recrea-

2036 1239 2237 1290 tionem
2286 1240 2708 1299 monachorum,
2741 1239 2809 1291 ab
2841 1240 3031 1307 aspide
3071 1253 3286 1292 morsus
3320 1248 3423 1291 est.
3455 1237 3614 1302 Quod

2036 1330 2235 1381 animal
2268 1330 2427 1383 letale
2472 1345 2739 1382 venenum
2790 1330 2975 1382 habet.
3007 1329 3419 1398 Appt‘ehensan‘t
3451 1332 3619 1399 igitur

2036 1434 2065 1473 a
2097 1421 2347 1475 faucibus
2402 1422 2643 1489 aspidem
2678 1421 3180 1475 Sanctusambabus
3216 1423 3471 1475 manibus
3502 1422 3611 1475 dis-

2039 1514 2267 1581 cerpsit,
2329 1522 2383 1566 et
2410 1532 2422 1566 :
2449 1513 2655 1579 Quum,
2690 1513 2886 1580 inquit,
2934 1521 2986 1567 te
3038 1529 3145 1565 non
3183 1514 3394 1567 miserit
3430 1512 3617 1566 θοιιιὶ-

2036 1620 2143 1658 nus
2175 1620 2349 1669 meus,
2380 1609 2654 1673 quomodo
2690 1623 2821 1661 ausa
2856 1623 2914 1660 es
2958 1606 3025 1659 ad
3058 1622 3145 1660 me
3178 1608 3476 1660 accedere?

2108 1698 2207 1751 Hic
2238 1698 2513 1752 Macarius
2537 1716 2764 1769 magnus
2784 1700 3030 1753 diversas
3059 1699 3225 1752 cellas
3248 1700 3298 1751 in
3327 1700 3621 1754 solitudine

2036 1790 2248 1851 habuit,
2286 1791 2339 1843 in
2362 1792 2564 1861 quibus
2588 1792 2887 1845 certamina
2924 1792 3147 1845 virtutis
3177 1797 3416 1860 peregit:
3456 1808 3619 1845 uuam

1965 1864 2008 1918 Β
2036 1881 2252 1949 quidem
2290 1882 2346 1934 in
2384 1881 2561 1945 Scete,
2598 1896 2737 1949 quae
2771 1880 2919 1949 regio
2947 1888 3030 1934 est
3066 1882 3120 1933 in
3154 1880 3413 1934 interiore
3466 1890 3621 1935 vasta

2035 1973 2354 2036 solitudine,
2381 1989 2544 2027 unam
2572 1974 2627 2026 in
2652 1972 2824 2039 Libya
2852 1973 2908 2025 in
2939 1971 3145 2036 Celliis,
3166 1988 3305 2041 quae
3337 1973 3620 2039 dicuntur,

2035 2075 2090 2121 et
2114 2067 2278 2119 aliam
2317 2066 2371 2119 in
2409 2073 2591 2121 monte
2620 2066 2846 2120 Nitriae.
2880 2065 2959 2118 Ex
2983 2066 3183 2135 quibus
3233 2066 3371 2120 aliae
3401 2067 3620 2136 quidem

2034 2158 2179 2213 ostio
2206 2158 2489 2220 carebant,
2522 2158 2577 2211 in
2610 2158 2814 2227 quibus
2860 2156 3132 2213 Macarius
3164 2158 3451 2212 dicebatur
3478 2165 3621 2212 tem-

2036 2263 2168 2318 pore
2196 2248 2648 2318 quadragesimae
2683 2249 2875 2303 sedere
2915 2249 2966 2301 iu
2999 2250 3268 2304 tenebris.
3303 2250 3489 2303 Altera
3522 2265 3624 2302 au-

2036 2351 2147 2397 tem
2176 2342 2312 2395 cella
2363 2343 2536 2396 multo
2573 2344 2860 2411 angustior
2895 2350 3012 2395 erat
3042 2344 3261 2405 ceteris,
3298 2344 3353 2396 in
3382 2358 3487 2411 qua
3519 2357 3625 2395 nec

2037 2438 2231 2509 pedem
2256 2439 2553 2493 extendere
2593 2446 2827 2507 poterat.
2854 2437 3039 2492 Tertia
3066 2453 3196 2492 vero
3228 2438 3461 2507 amplior
3482 2444 3625 2498 erat,

2038 2532 2097 2585 in
2123 2546 2231 2600 qua
2251 2531 2415 2585 etiam
2446 2546 2541 2587 eos
2580 2530 2960 2593 conveniebat,
2998 2530 3090 2599 qui
3121 2530 3187 2583 ad
3224 2531 3410 2599 ipsum
3438 2531 3621 2584 venti-

2041 2624 2255 2677 tabant.

2112 2714 2213 2769 Hic
2260 2716 2346 2769 vir
2398 2723 2625 2770 sanctus
2680 2722 2890 2767 tantam
2937 2712 3346 2767 multitudinem
3408 2713 3627 2768 sanavit

2042 2824 2256 2872 eorum,
2293 2809 2383 2878 qui
2418 2823 2447 2861 a
2487 2807 2849 2863 daemonibus
2875 2807 3241 2871 vexabantur,
3275 2816 3335 2859 ut
3382 2822 3478 2861 eos
3519 2823 3624 2860 nu-

2044 2898 2307 2953 merando
2339 2899 2483 2952 haud
2526 2898 2686 2951 facile
2716 2912 3092 2966 percenseres.
3127 2896 3305 2959 Quum
3330 2910 3431 2948 nos
3460 2893 3625 2949 ades-

2046 3009 2250 3057 semus,
2271 2994 2337 3047 ad
2359 2995 2505 3047 hunc
2525 3003 2774 3047 sanctum
2793 2991 2947 3056 virgo
2961 2989 3351 3043 Thessalonica
3370 2988 3626 3052 oriunda,

2044 3088 2247 3143 nobilis
2278 3102 2475 3157 genere
2514 3093 2569 3139 et
2610 3085 2664 3139 in
2705 3084 2808 3137 bac
2844 3084 2953 3137 vita
2983 3080 3159 3143 dives,
3200 3090 3483 3149 apportata
3517 3088 3624 3143 est,

362 3174 500 3243 ρίφη
548 3171 776 3241 πλησίον
813 3173 912 3243 τῆς
950 3173 1114 3227 αύτοῦ
1160 3175 1381 3247 κέλλης.
1426 3179 1505 3241 είς
1543 3178 1611 3248 ἢν
1652 3178 1940 3249 σπλαγχνι-

2046 3195 2188 3250 quae
2234 3178 2424 3233 multis
2476 3176 2635 3231 annis
2698 3175 2937 3244 paralysi
2991 3174 3296 3227 laborabat.
3332 3171 3509 3241 Atque
3560 3172 3626 3225 ad

360 3262 515 3325 σθεὶς
549 3264 642 3315 καὶ
678 3264 1071 3336 ἐπευξάμενος,
1111 3267 1273 3337 ἐλαίῳ
1325 3269 1465 3339 ἁγίῳ
1508 3270 1743 3340 ἀλείφων
1776 3270 1944 3341 αὐτὴν

357 3354 482 3417 ταῖς
515 3353 682 3406 αὑτοῦ
717 3357 924 3425 χερσὶν,
956 3357 1050 3411 καὶ
1079 3360 1314 3422 ἐκτενῶς
1336 3362 1474 3432 ὑπὲρ
1500 3363 1670 3431 αὐτῆς
1718 3381 1948 3433 προσευ-

362 3443 597 3514 χόμενος
639 3445 850 3514 συχνῶς
897 3446 942 3477 ⁸³
984 3447 1078 3499 ἐπὶ
1117 3449 1290 3502 εἴκοσι
1320 3450 1529 3522 ἡμέρας
1567 3452 1774 3523 ταύτην
1815 3454 1945 3524 ὑγιῆ

362 3534 448 3596 είς
500 3533 600 3603 τὴν
657 3536 859 3603 ἑαυτῆς
914 3537 1203 3591 ἀπέστειλε
1260 3540 1413 3594 πόλιν
1462 3544 1528 3607 ⁸⁸,
1585 3543 1735 3607 ἰδίοις
1787 3544 1946 3597 ποσὶν

362 3624 709 3677 ἀπελθοῦσαν
732 3625 798 3692 ⁸⁸,
822 3627 942 3697 ἣτις
964 3629 1164 3701 πολλὴν
1187 3634 1566 3704 καρποφορίαν
1586 3635 1878 3689 ἀπέστειλε
1901 3635 1946 3666 ⁸⁸

364 3718 479 3777 τοῖς
511 3715 710 3782 ἁγίοις.

444 3803 607 3870 υἶετος
640 3810 669 3861 ὁ
698 3808 871 3879 μέγας
907 3812 1189 3882 Μακάριος
1220 3814 1463 3879 ἀκούσας
1492 3816 1558 3879 ⁸⁷,
1590 3818 1670 3870 ὅτι
1705 3818 1946 3889 μεγάλην

378 3898 554 3969 ἔχουσι
590 3900 867 3954 πολιτείαν
903 3905 949 3955 οἱ
982 3904 1456 3977 Ταὸεννησιῶται,
1495 3910 1946 3981 μεταμφιεσάμε-

375 4008 462 4053 νος
488 3992 533 4021 ⁸⁸
570 3992 666 4045 καὶ
702 3993 986 4047 ἀναλαϐὼν
1028 3998 1295 4066 κοσμικὸν
1339 3998 1525 4068 σχῆμα
1570 4000 1824 4070 ἐργάτου,
1876 4001 1946 4053 δι’

367 4086 399 4153 ἡ
411 4083 592 4153 μερῶν
623 4093 684 4136 ιε’
712 4086 959 4156 εἰσῆλθεν
985 4089 1064 4151 εἰς
1092 4089 1191 4157 τὴν
1217 4089 1460 4160 Θηϐαΐδα
1487 4090 1575 4143 διά
1610 4092 1708 4162 τῆς
1736 4093 1946 4163 ἐρήμου

363 4175 596 4238 ὁδεύσας
618 4177 783 4229 "'xa‘t
807 4177 976 4230 ἐλθὼν
1012 4182 1070 4233 ἐν
1093 4180 1172 4249 τῷ
1201 4182 1524 4252 άσκητηρίῳ
1548 4185 1657 4236 τῶν
1685 4184 1951 4255 Ταϐεννη-

366 4267 582 4319 σιωτῶν
630 4268 885 4338 ἐπεζήτει
923 4271 1015 4322 τὸν
1056 4273 1492 4343 ἀρχιμανδρίτην
1524 4275 1704 4328 αὐτῶν
1750 4275 1947 4347 Παχὼ-

368 4375 518 4427 μιον,
552 4359 718 4429 ἄνδρα
748 4361 1139 4430 δοκιμώτατον,
1175 4364 1270 4416 καὶ
1302 4366 1547 4435 χάρισμα
1584 4366 1775 4437 ἔχοντα
1814 4386 1947 4440 προ-

365 4451 618 4520 φητικόν.
670 4452 955 4523 ἀπεκρύὸη
976 4455 1022 4485 ⁷ο
1064 4455 1121 4507 δὲ
1181 4454 1355 4527 τούτῳ
1382 4458 1428 4489 ⁷¹
1469 4459 1537 4511 τὰ
1596 4459 1738 4512 κατά
1772 4460 1819 4491 ’⁸
1853 4461 1947 4515 τὸν

2044 3286 2169 3326 eum
2200 3269 2460 3329 adducta,
2494 3283 2663 3337 prope
2686 3266 2880 3320 cellam
2909 3268 3083 3320 sancti
3111 3265 3352 3335 projecta
3388 3271 3491 3318 est.
3523 3261 3627 3329 Qui

2044 3361 2423 3417 misericordia
2444 3368 2751 3414 commotus
2772 3358 3304 3428 quumgs'jpreces
3326 3357 3560 3411 fundens
3578 3366 3630 3410 et

2043 3455 2167 3509 oleo
2196 3463 2388 3509 sancto
2432 3468 2552 3509 eam
2608 3452 2848 3522 propriis
2899 3452 3017 3506 suis
3070 3451 3321 3505 manibus
3392 3466 3627 3521 ungens,

2043 3548 2238 3619 viginti
2266 3547 2462 3601 diebus
2492 3561 2659 3615 super
2684 3560 2803 3598 eam
2834 3544 3026 3598 sedulo
3043 3558 3107 3596 ac
3126 3544 3358 3596 multum
3392 3557 3628 3607 orasset,

2044 3651 2234 3692 sanam
2268 3637 2323 3689 in
2363 3636 2640 3690 civitatem
2674 3634 2795 3703 ejus
2822 3633 3049 3687 dimisit.
3088 3634 3239 3699 Quae
3264 3633 3503 3702 propriis
3535 3651 3630 3702 pe-

2044 3728 2210 3784 dibus
2239 3743 2511 3796 regressa,
2537 3727 2816 3795 copiosam
2842 3727 3050 3781 sanctis
3084 3726 3417 3781 oblationem
3455 3728 3629 3782 misit.

2116 3819 2219 3874 Hic
2248 3834 2481 3888 magnus
2515 3818 2791 3872 Macarius
2822 3833 2989 3887 quum
3027 3817 3310 3881 attdiisset,
3338 3819 3629 3874 Tabenne-

2046 3912 2219 3969 siotas
2249 3911 2594 3982 praeclarum
2633 3910 2838 3965 habere
2870 3911 3017 3965 vitae
3048 3909 3384 3974 institutum,
3420 3920 3632 3966 mutata

2043 4012 2196 4060 veste
2215 4012 2269 4058 et
2297 4004 2585 4072 adsumpto
2602 4003 2880 4056 mundano
2910 4003 3151 4071 operarii
3192 4003 3408 4065 habitu,
3440 4006 3625 4070 spatio

2045 4095 2361 4164 quindecim
2398 4093 2612 4147 dierum
2651 4093 2708 4145 in
2738 4091 3098 4155 Thebaidem,
3142 4107 3239 4161 per
3274 4093 3629 4147 solitudinem

2046 4188 2353 4258 profectus,
2404 4186 2671 4255 pervenit.
2725 4185 2831 4239 Ubi
2893 4200 3059 4254 qutun
3117 4184 3173 4238 in
3231 4187 3631 4241 monasterium

2046 4279 2573 4333 Tabennesiotarum
2630 4276 2895 4334 venisset,
2938 4272 3294 4327 Pachomium
3321 4290 3508 4329 eorum
3544 4291 3633 4329 ar-

2044 4371 2469 4427 chimandritam
2500 4368 2793 4437 quaesivit,
2833 4367 3009 4420 virum
3044 4366 3515 4435 probatissimum,
3537 4368 3629 4438 qui

2047 4466 2282 4535 gratiam
2319 4461 2636 4532 prophetiae
2671 4460 2927 4513 habebat.
2960 4459 3061 4513 Cui
3113 4468 3293 4513 tamen
3335 4459 3632 4513 Macarium

366 4542 548 4610 μέγαν
578 4542 624 4571 ⁷³
672 4544 973 4613 Μακάριον.
1026 4546 1333 4617 περιτυχὼν
1358 4547 1404 4579 ⁷⁸
1457 4544 1551 4601 οὖν
1594 4550 1744 4621 αὐτῷ
1796 4551 1940 4619 λέγει

2050 4571 2307 4625 magnum
2344 4568 2468 4607 esse
2503 4551 2968 4606 abscondebatur.
3001 4549 3136 4603 Eum
3166 4552 3332 4621 igitur
3362 4566 3487 4605 Cum
3522 4551 3635 4605 Ma-

362 4632 520 4701 αύτῷ
548 4635 575 4685 ὁ
607 4634 922 4706 Μακάριος·
955 4636 1145 4706 δέομαί
1176 4655 1270 4691 σου
1292 4679 1307 4701 ,
1354 4640 1532 4710 κύριε,
1571 4639 1720 4705 δέξαι
1762 4660 1828 4712 με
1870 4646 1940 4707 είς

2050 4650 2235 4703 carius
2266 4645 2614 4700 convenisset
2640 4660 2650 4693 :
2675 4644 2784 4697 Oro
2809 4652 2881 4707 te,
2915 4644 3112 4713 inquit,
3142 4642 3381 4708 domine,
3414 4646 3635 4713 sust-ipe

362 4729 463 4797 τὴν
502 4730 669 4797 μονήν
700 4747 820 4795 σου,
856 4732 940 4783 ἵνα
968 4733 1214 4802 γένωμαι
1251 4736 1505 4805 μοναχός.
1546 4736 1694 4805 λέγει
1740 4739 1887 4807 αὐτῷ
1918 4740 1940 4791 ό

2050 4754 2136 4793 me
2172 4739 2227 4791 in
2270 4736 2668 4790 monasterium
2701 4741 2889 4795 tuum,
2922 4742 2983 4786 ut
3018 4734 3321 4788 monachus
3355 4734 3499 4786 fiam.
3530 4734 3631 4788 Cui

362 4819 692 4892 Παχὼμιος·
724 4823 908 4877 λοιπὸν
931 4827 1010 4888 είς
1043 4826 1220 4898 γῆρας
1249 4827 1473 4896 ἧλασας,
1503 4829 1621 4892 πῶς
1668 4833 1731 4885 σὺ
1760 4833 1940 4885 ἀσκεῖν

2049 4828 2377 4883 Pachomius
2412 4844 2427 4881 :
2460 4827 2653 4881 Aetate
2684 4834 2792 4878 tam
2836 4834 3126 4894 provectus
3162 4826 3255 4895 qui
3290 4825 3551 4893 deinceps
3580 4834 3633 4879 te

364 4914 592 4968 δύνασαι
615 4931 629 4978 ;
660 4915 876 4983 ἀδελφοί
902 4919 1038 4970 εἰσιν
1066 4918 1173 4971 ἀπὸ
1200 4920 1454 4988 νεότητος
1479 4922 1820 4993 ἀσκήσαντες
1850 4924 1940 4976 καὶ

2046 4936 2304 4977 exercere
2334 4919 2573 4989 pmeris?
2602 4916 2821 4972 Fratres
2855 4933 2885 4971 a
2916 4917 3209 4986 juventute
3256 4933 3314 4971 se
3348 4926 3627 4979 exercent,

365 5007 477 5068 τοῖς
506 5006 691 5069 πόνοις
727 5010 1248 5078 συνανατραφέντες,
1285 5012 1379 5064 καὶ
1408 5012 1468 5064 ού
1498 5012 1545 5044 ⁷⁸
1582 5012 1807 5083 φέρουσι
1853 5012 1940 5065 τὸν

2048 5024 2103 5069 et
2136 5016 2189 5068 in
2218 5012 2502 5068 laboribus
2533 5010 2911 5073 adoleverunt,
2944 5024 3117 5078 neque
3150 5009 3332 5063 ferunt
3361 5010 3628 5066 laborem.

372 5097 634 5164 κάματον.
692 5098 757 5151 σὺ
814 5099 870 5151 δὲ
922 5101 981 5153 ἐν
1030 5100 1203 5173 ταύτῃ
1254 5105 1318 5173 τῇ
1377 5101 1564 5173 ἡλικίᾳ
1607 5105 1669 5156 ού
1720 5103 1940 5157 δύνασαι

2052 5106 2134 5159 Tu
2159 5120 2287 5161 vero
2318 5105 2423 5158 hac
2450 5110 2630 5158 aetate
2664 5119 2770 5156 non
2802 5110 2955 5171 potes
2988 5102 3265 5156 sustinere
3301 5104 3633 5157 lenlatiunes

373 5186 690 5256 ὑπενεγκεῖν
716 5189 762 5221 ⁷⁸
802 5192 930 5254 τοὺς
969 5191 1069 5261 τῆς
1111 5192 1399 5263 ἀσκήσεως
1444 5196 1803 5264 πειρασμοὺς,
1851 5195 1940 5248 καὶ

2049 5196 2492 5254 exercitationis.
2552 5193 2891 5257 Olfenderis,
2954 5193 3171 5261 exibis,
3229 5202 3285 5249 et
3338 5195 3630 5249 ntaledices

1640 5329 1904 5385 VARIAE
1942 5333 2349 5389 LECTlONES.

437 5433 484 5515 ξθ
513 5432 551 5499 ἤ
574 5450 689 5515 om.
864 5439 1425 5515 ’ξμΡᾲΓονθηλὰζοντος
1455 5443 1495 5497 Β
1527 5445 1820 5515 δεχομένη
1848 5448 2145 5514 θηλάζειν.
2219 5451 2267 5482 δ’
2295 5447 2384 5501 AB
2417 5448 2754 5514 ὀῤῥύσσων.
2829 5447 2874 5478 ⁸³
2896 5446 2937 5499 Β
2962 5450 2995 5501 ό
3026 5447 3315 5514 μακάριος
3372 5450 3421 5486 ³⁸
3447 5453 3628 5511 Corn,

486 5509 927 5588 ZEJUrriwr.-f"
956 5513 999 5563 A
1026 5504 1495 5588 ᾀζερσζέλαντρς,
1592 5504 2101 5585 ἆέοστέλλρντος.
2178 5520 2225 5552 ⁸⁸
2274 5520 2316 5570 Α
2349 5520 2415 5588 τῇ
2437 5504 2506 5571 ἓν)
2531 5517 2830 5588 ἐνδοτέρᾳ.
2909 5520 2955 5552 ⁸⁷
2986 5504 3090 5571 Ρὶο
3119 5504 3266 5587 μίξιν
3290 5504 3377 5582 sic
3414 5504 3635 5585 λιόιπηνί

362 5574 408 5660 Ξ
433 5575 736 5660 ἑτέραν-’ὲν
763 5581 990 5660 λιϐὐῃλ
1044 5582 1349 5660 ⁸⁸ΑΒᾎῆο-ᾳν
1444 5574 1491 5616 δέ
1521 5586 1570 5660 li
1595 5588 1925 5660 ζαέξερδείιν.
2006 5574 2222 5660 ⁸⁰’τοὺς
2266 5574 2474 5660 om._"A.
2553 5589 2594 5619 ⁶¹
2627 5574 3147 5660 ΑΒῗπλητυστέρά.
3235 5590 3277 5660 ⁶Α¹
3314 5574 3378 5660 BL
3399 5591 3468 5642 ἐν

361 5646 408 5676 ⁸³
468 5649 712 5728 (rep-(Bc
780 5646 1011 5728 omni}.
1046 5723 1065 5728 _
1088 5655 1134 5728 οξ
1160 5646 1448 5728 Βξκώμην.
1526 5657 1572 5687 ⁸⁵
1593 5656 1643 5728 Β
1665 5657 2057 5719 βαδίζουσαν.
2133 5662 2177 5691 ⁸⁸
2203 5646 2245 5713 Β
2278 5656 2604 5713 ἀπέστειλε.
2724 5658 2766 5688 ⁸⁷
2792 5658 2831 5710 Β
2859 5646 3147 5723 ἀκηκοώς.
3225 5658 3269 5690 ⁸⁸
3304 5658 3391 5709 ΑΒ
3414 5646 3634 5728 μεὲαρι-
3688 5658 3703 5674 ’

358 5720 748 5799 φίηςάμενρς-
772 5789 785 5799 _
834 5720 878 5754 ⁶⁹
904 5720 1013 5799 Pro
1037 5723 1131 5799 διὰ
1152 5725 1264 5799 τῆς
1296 5726 1518 5799 cptum/ig
1546 5726 1873 5799 668130119}
1904 5729 2130 5784 ὁδεύων
2154 5730 2248 5783 διὰ
2273 5729 2383 5797 τῆς
2405 5728 2644 5798 ἐρήμου.
2714 5730 2768 5799 1°
2797 5732 2830 5780 Α
2868 5720 3183 5796 (ἱπὲκρύϐε.
3258 5729 3304 5761 τί
3351 5728 3389 5780 Β
3414 5720 3481 5783 δὲ
3500 5720 3634 5785 τότε

351 5789 602 5878 τῷλίγῖῳ
642 5789 894 5861 ἐκείνῳ.
971 5794 1015 5824 τ’
1050 5789 1285 5870 Δμετά.
1320 5789 1622 5865 Ἶίμέγαν
1648 5789 1865 5854 οιηίΒ.
1985 5800 2033 5832 ⁷⁸
2093 5801 2133 5854 Β
2195 5789 2524 5869 enatat."
2596 5798 2642 5829 ⁷⁸
2714 5797 2754 5850 Β
2821 5800 2919 5852 καὶ
2979 5789 3181 5867 μ’όλις.
3289 5801 3336 5832 ⁷⁸
3372 5800 3413 5854 Β
3466 5804 3631 5869 ἐνεπαε

339 5883 448 5926 κείν
466 5911 482 5927 .
2620 5918 2627 5923 .
