4016 6428
514 350 613 407 I91

1345 353 1443 412 SS.
1484 354 1947 411 MACARIOBUM
1988 354 2310 412 AEGYPTII
2352 356 2438 411 ΕΤ
2478 356 2948 413 ALEXANDBINI

3644 349 3751 408 ιθε

498 464 679 521 nobis.
714 461 899 535 Neque
923 479 1047 520 eum
1077 467 1338 537 suscepit.
1372 467 1467 522 llle
1506 476 1688 521 autem
1735 468 1980 536 perstitit
2010 484 2076 523 ac

2180 469 2527 542 σκανδαλίζῃ,
2566 472 2660 523 καὶ
2696 470 2913 543 ἐξέρχῃ,
2958 469 3054 522 καὶ
3088 468 3404 537 κακολογεῖς
3450 468 3621 539 ἡμᾶς.
3656 476 3756 526 καὶ

492 555 721 627 jejunus
771 556 1037 609 remansit
1084 565 1292 627 septem
1351 559 1493 613 dies.
1543 557 1751 613 Deinde
1808 558 2078 615 Macarius

496 662 733 716 magnus
766 660 779 696 :
810 645 913 710 Me,
947 647 1147 717 inquit,
1204 649 1444 719 suscipe,
1498 650 1659 712 abba,
1695 659 1751 704 et
1795 651 1903 705 nisi
1934 651 2080 721 jeju-

494 753 721 803 navero,
747 741 891 795 sicut
919 740 1019 805 illi,
1040 750 1093 795 et
1111 751 1370 812 operatus
1393 741 1571 807 fuero,
1600 757 1739 812 quae
1760 757 2076 812 operantur,

496 838 616 884 tum
649 830 778 896 jube
805 846 891 884 me
923 831 1050 899 ejici
1071 846 1101 885 e
1129 833 1484 886 monasterio.
1520 832 1748 902 Magnus
1781 834 1947 903 igitur
1973 834 2078 888 Pa-

498 920 754 975 chomius
808 921 1072 977 fratribus
1128 924 1438 992 persuadet,
1472 932 1528 977 ut
1580 940 1705 978 eum
1751 926 2074 995 suscipiant.

497 1011 814 1066 Conventus
864 1023 1045 1067 autem
1096 1014 1244 1068 illius
1296 1016 1615 1070 monasterii
1669 1026 1889 1071 constat
1932 1019 2079 1073 mille

496 1104 916 1173 quadringentis
952 1106 1084 1159 viris
1117 1106 1169 1158 in
1208 1106 1531 1161 hodiernum
1567 1124 1741 1177 usque
1770 1107 1934 1162 diem.
1965 1108 2078 1165 Hoc

497 1194 666 1263 igitur
684 1198 1075 1249 monasterium
1102 1195 1370 1252 Macarius
1398 1214 1627 1267 magnus
1650 1198 1895 1251 intravit.
1920 1198 2076 1252 Brevi

495 1294 678 1340 autem
712 1296 955 1356 tempore
977 1296 1097 1356 post
1115 1298 1233 1343 erat
1256 1289 1694 1359 quadragesima.
1714 1295 1789 1345 Ac
1806 1291 2078 1347 Macarius

495 1391 725 1447 magnus
754 1393 921 1445 quum
956 1378 1831 1454 vidisset258unumquemque
1859 1387 2078 1440 diversa

493 1467 803 1536 suscepisse
827 1468 1043 1522 vivendi
1072 1471 1346 1532 instituta,
1375 1472 1541 1525 alium
1576 1475 1797 1543 quidem
1826 1491 2073 1546 vespere,

494 1558 658 1609 alium
690 1569 808 1628 post
834 1560 994 1623 duos,
1023 1561 1189 1614 alium
1223 1569 1347 1631 post
1374 1564 1615 1633 quinque
1633 1567 1750 1622 dies
1768 1569 2076 1636 comedere,

491 1649 658 1703 alium
687 1652 852 1704 etiam
879 1660 1029 1707 stare
1062 1669 1157 1723 per
1185 1661 1354 1707 totam
1376 1667 1611 1724 noctem,
1638 1659 1871 1713 interdiu
1896 1670 2077 1715 autem

490 1742 559 1795 ad
585 1758 727 1812 opus
749 1744 941 1799 sedere
972 1762 986 1798 :
1022 1747 1160 1814 ipse,
1198 1761 1366 1816 quum
1400 1764 1582 1804 ramos
1638 1751 1741 1804 sibi
1776 1753 2076 1821 palmarum

491 1834 692 1890 multos
746 1834 1150 1900 madefecisset,
1192 1838 1245 1891 in
1288 1842 1493 1909 angqu
1526 1856 1637 1894 uno
1668 1843 1839 1909 stetit,
1872 1859 2069 1913 neque,

491 1926 666 1980 donec
692 1926 1108 1997 quadragesima
1143 1931 1363 1999 impleta
1390 1940 1536 1986 esset
1570 1941 1623 1986 et
1652 1935 1859 2004 pascha
1909 1936 2073 1990 adve-

490 2020 685 2082 nisset,
722 2035 917 2089 panem
971 2038 1145 2091 neque
1192 2039 1388 2092 aquam
1438 2026 1639 2095 tetigit,
1699 2043 1874 2097 neque
1930 2044 2072 2099 genu

489 2109 660 2177 ﬂexit,
697 2126 874 2179 neque
917 2113 1081 2176 sedit,
1116 2129 1292 2183 neque
1326 2118 1603 2180 accubuit,
1642 2134 1819 2187 neque
1849 2120 2073 2174 omnino

489 2203 637 2257 aliud
673 2205 970 2274 quidquam
1014 2209 1273 2275 gustavit,
1303 2208 1407 2263 nisi
1438 2209 1607 2262 cruda
1634 2211 1883 2266 cramch
1918 2210 2070 2277 folia,

489 2308 630 2362 quae
653 2296 889 2364 sumpsit
918 2295 1007 2350 die
1039 2297 1336 2360 dominica,
1375 2306 1433 2352 ut
1460 2300 1736 2355 videretur
1764 2303 2071 2370 comedere,

487 2399 667 2454 neque
698 2386 750 2438 in
780 2386 1017 2456 aliquam
1043 2388 1111 2441 de
1143 2406 1201 2444 se
1218 2392 1531 2458 opinionem
1562 2393 1845 2449 incideret.
1874 2396 2070 2466 Atque,

487 2474 535 2528 si
569 2476 787 2544 quando
820 2486 1041 2546 propter
1068 2480 1455 2533 necessitatem
1488 2497 1644 2534 suam
1668 2482 2069 2551 egrediebatur,

486 2566 655 2620 citius
691 2568 1003 2635 regrediens
1035 2570 1185 2622 stetit
1212 2569 1279 2623 ad
1308 2586 1446 2640 opus
1478 2587 1673 2626 manus
1700 2588 1853 2635 suae,
1896 2589 2074 2643 neque

485 2673 549 2712 os
585 2661 817 2728 aperuit,
853 2676 954 2715 nec
991 2676 1161 2729 pauca
1194 2662 1410 2717 locutus
1438 2680 1537 2717 nec
1576 2666 1768 2729 multa,
1793 2666 1887 2719 sed
1923 2668 2073 2720 stetit

487 2752 683 2806 silens.
717 2751 906 2822 Neque
946 2770 1173 2824 prorsus
1202 2756 1347 2810 aliud
1377 2756 1698 2825 quidquam,
1735 2757 1841 2812 nisi
1869 2758 2075 2811 oratio—

483 2860 611 2898 nem
645 2846 756 2915 egit
780 2846 833 2899 in
866 2848 1051 2912 corde,
1074 2857 1127 2902 et
1152 2864 1335 2903 ramos
1359 2850 1635 2913 tractavit,
1667 2865 1809 2918 quos
1842 2850 2073 2904 habebat

484 2935 543 2989 in
586 2937 859 2991 manibus.
898 2940 1045 2993 Haec
1066 2950 1243 2993 autem
1262 2956 1453 2995 omnes
1484 2942 1876 2997 exercitatores
1922 2944 2072 2999 illius

487 3030 810 3081 monasterii
845 3047 1013 3098 quum
1037 3033 1327 3096 vidissent,
1353 3034 1778 3087 insurrexerunt
1808 3035 2071 3091 adversus

2177 562 2278 614 οὑκ
2302 562 2516 627 ἐδέξατο
2536 562 2711 617 αὐτόν.
2761 564 2790 615 6
2814 562 2871 615 δὲ
2898 561 3159 633 ηὐτόνησε
3190 559 3527 631 παραμείνας
3563 560 3754 630 νῆστις

2177 653 2281 716 ἕως
2335 654 2556 725 ἡμερῶν
2583 656 2629 685 ⁷⁷
2660 655 2816 708 ἑπτά.
2853 653 3079 722 ὕστερον
3122 652 3179 705 δὲ
3214 651 3361 720 λέγει
3400 651 3551 722 αὒτῷ
3586 654 3615 705 6
3654 652 3756 723 μέ-

2179 760 2279 811 γας
2302 745 2606 816 Μακάριος
2633 746 2777 811 δέξαι
2807 763 2895 815 με,
2928 745 3092 807 ἀϐὅᾶ,
3123 746 3216 798 καὶ
3253 744 3347 799 ἐὰν
3377 744 3451 815 μὴ
3471 744 3756 815 νηστεύσω

2178 836 2299 887 κατ’
2348 837 2545 897 αὐτοὺς
2572 838 2617 868 ⁷⁸
2655 839 2748 890 καὶ
2784 837 3133 909 ἐργάζωμαι,
3162 838 3197 893 ἃ
3237 838 3595 908 ἐργάζονται,
3629 836 3755 889 τότε

2178 927 2432 981 κέλευσόν
2490 947 2558 999 με
2609 931 2898 1000 ἐκριφῆναι
2942 931 2987 962 τ’
3034 932 3132 1001 τῆς
3195 934 3382 1001 μονὴς.
3430 930 3609 982 πείθει
3658 924 3755 981 οὖν

2175 1020 2303 1081 τοὺς
2340 1019 2603 1087 ἀδελφοὺς
2644 1023 2673 1073 6
2710 1022 2880 1090 μέγας
2933 1020 3225 1091 Παχώμιος
3263 1021 3517 1087 δέξασθαι
3563 1019 3750 1073 αὐτόν.

2178 1109 2294 1161 ἐστὶ
2322 1110 2377 1161 δὲ
2404 1110 2465 1161 τὸ
2498 1110 2750 1181 σύστημα
2782 1113 2880 1181 τῆς
2906 1112 3075 1181 μονῆς
3103 1113 3319 1182 ἐκείνης
3366 1112 3525 1181 χίλιοι
3559 1127 3757 1180 τετρα-

2178 1201 2353 1254 κόσιοι
2377 1202 2422 1232 ⁸ο
2452 1202 2643 1273 ἄνδρες
2679 1203 2839 1272 μέχρι
2870 1204 2963 1270 τῆς
3008 1204 3266 1272 σήμερον.
3300 1202 3547 1272 εἰσῆλθεν
3588 1198 3683 1254 οὖν
3707 1202 3753 1230 ἰι

2177 1295 2257 1355 είς
2303 1293 2507 1363 ταύτην
2536 1295 2580 1324 ⁸³
2620 1296 2647 1345 6
2698 1294 2869 1362 μέγας
2916 1295 3217 1363 Μακάριος.
3273 1293 3633 1363 παρελθόντος
3696 1292 3757 1345 δὲ

2178 1383 2359 1451 ὀλίγου
2394 1385 2587 1452 χρόνου
2621 1385 2821 1454 ἐπέστη
2858 1386 2889 1453 ἡ
2920 1384 2973 1453 μ’
2997 1385 3065 1446 ⁸³,
3090 1384 3185 1437 καὶ
3216 1382 3336 1437 ἰδὼν
3362 1386 3390 1435 6
3432 1384 3601 1453 μέγας
3632 1383 3757 1435 Μαι

2178 1475 2367 1545 κάριος
2401 1476 2446 1507 ⁸⁸
2475 1476 2703 1529 ἕκαστον
2733 1476 2909 1527 αὐτῶν
2932 1477 2976 1507 ⁸³
3003 1476 3287 1546 διαφόρους,
3315 1475 3591 1536 πολιτείας
3619 1475 3751 1526 ἀνα-

2178 1566 2527 1637 λαμϐάνοντα
2561 1569 2629 1631 ⁸⁸,
2656 1568 2747 1621 τὸν
2780 1568 2826 1599 ⁸⁷
2857 1568 2955 1637 μὲν
2996 1567 3244 1621 ἐσθίοντα
3283 1568 3341 1619 ὲν
3384 1566 3613 1636 ἑσπέρᾳ,
3657 1565 3753 1618 τὸν

2177 1654 2235 1707 δὲ
2261 1655 2347 1709 διά
2372 1654 2483 1719 δύο,
2510 1656 2601 1709 τὸν
2625 1656 2681 1709 δὲ
2704 1656 2791 1709 διά
2821 1656 3001 1721 πέντε,
3027 1657 3182 1710 ἀλλον
3207 1657 3265 1710 δὲ
3286 1656 3448 1709 πάλιν
3470 1656 3515 1687 ⁸⁸
3538 1654 3756 1707 ἑστῶτα

2176 1746 2265 1799 διὰ
2302 1747 2482 1816 πάσης
2512 1747 2612 1816 τῆς
2641 1748 2857 1811 νυκτὸς,
2888 1748 2986 1819 τὴν
3015 1748 3071 1801 δέ
3096 1748 3309 1818 ἡμέραν
3335 1747 3641 1816 καθήμενον
3670 1747 3755 1807 είς

2106 1814 2150 1870 Β
2178 1824 2360 1906 ἔργον,
2408 1814 2793 1907 οὗτος-βρέξας
2830 1814 3056 1899 θαλλοὺς
3086 1814 3222 1899 τοὺς.
3261 1838 3325 1889 ἐκ
3373 1814 3629 1903 φοινίκων
3671 1836 3755 1895 εἰς

2179 1923 2381 1995 πλῆθος
2409 1924 2535 1994 έστη
2563 1927 2620 1977 ἐν
2652 1926 2823 1996 γωνίᾳ
2856 1926 2952 1994 μιᾷ
2977 1926 3091 1989 καὶ,
3129 1926 3324 1995 μέχρις
3346 1916 3408 1976 οὗ
3435 1926 3467 1993 ἡ
3496 1930 3548 1993 μ’
3579 1923 3753 1993 ἐπλη-

2180 2015 2329 2085 ρώθη
2352 2016 2445 2068 καὶ
2469 2016 2528 2068 τὸ
2546 2016 2728 2085 πάσχα
2756 2016 3127 2086 παραγέγονεν
3147 2056 3160 2077 ,
3176 2017 3276 2067 οὐκ
3296 2015 3482 2081 ἄρτου,
3501 2014 3597 2083 οὐχ
3618 2012 3753 2066 ὓδα-

2175 2125 2268 2171 τος
2292 2108 2487 2177 ἥψατο,
2506 2109 2565 2159 οὺ
2588 2108 2714 2174 γόνυ
2736 2107 3003 2176 ἔκαμψεν,
3019 2107 3118 2159 οὐκ
3140 2106 3544 2174 ἐκαθέσθη,οὐκ
3562 2104 3757 2157 ἀνέπε-

2180 2216 2272 2251 σεν
2291 2240 2305 2265 ,
2329 2199 2541 2262 οὐδενὸς
2564 2199 2726 2252 ἄλλου
2752 2198 3016 2266 ἐγεύσατο
3042 2199 3312 2269 παρεκτὸς
3338 2196 3549 2267 φύλλων
3572 2196 3756 2265 κράμ-

2180 2289 2281 2359 6ης
2326 2290 2493 2355 ὠμῶν
2515 2329 2530 2351 ,
2572 2284 2645 2342 ῶν
2681 2289 2983 2358 ἐλάμϐανεν
3018 2289 3159 2341 κατά
3188 2285 3456 2357 κυριακὴν
3475 2324 3490 2348 ,
3515 2286 3600 2338 ἵνα
3623 2284 3759 2355 δόξῃ

2177 2382 2397 2445 ἐσθίειν,
2432 2382 2526 2434 καὶ
2558 2381 2630 2451 μὴ
2661 2382 2739 2441 είς
2771 2382 2944 2450 οἴησιν
2978 2380 3212 2449 ἐμπέσῃ.
3250 2381 3343 2432 καὶ
3386 2380 3569 2429 εἴποτε
3603 2374 3754 2446 ἐξῄει

2179 2472 2259 2533 είς
2286 2472 2383 2540 τὴν
2418 2471 2604 2541 χρείαν
2644 2469 2841 2530 αὑτοῦ,
2882 2470 3072 2521 θᾶττον
3122 2467 3306 2521 εἰσιὼν
3342 2468 3528 2520 ἵστατο
3564 2470 3645 2530 εἰς
3692 2466 3757 2518 τὸ

2179 2562 2491 2633 ἐργόχειρον
2511 2561 2578 2623 ⁸³,
2622 2561 2695 2630 μὴ
2723 2561 2955 2613 ἀνοίγων
2984 2559 3177 2629 στόμα,
3226 2561 3300 2629 μὴ
3339 2558 3574 2621 λαλήσας
3606 2556 3680 2624 μὴ
3705 2558 3755 2587 ’⁸

2180 2652 2376 2723 μικρὸν
2409 2650 2484 2719 μὴ
2512 2650 2555 2681 ⁹¹
2592 2651 2755 2720 μέγα,
2789 2646 2904 2702 ἀλλ’
2943 2647 3114 2710 ἑστὼς
3152 2647 3381 2709 ἐσ;ῶπα,
3416 2646 3580 2718 μηδὲν
3624 2646 3756 2699 ἄλλο

2178 2744 2347 2797 ποιιῖιν
2386 2743 2656 2813 παρεκτὸς
2698 2743 2794 2813 τῆς
2827 2744 2885 2794 ἐν
2929 2744 2997 2811 τῇ
3063 2739 3260 2810 καρδίᾳ
3308 2738 3616 2809 προσευχῆς
3662 2739 3757 2789 καὶ

2178 2837 2287 2889 τῶν
2317 2834 2524 2887 θαλλῶν
2556 2835 2621 2899 ⁹¹,
2653 2827 2728 2888 ὧν
2761 2829 2905 2902 εἶχεν
2949 2832 3007 2883 ἐν
3052 2834 3170 2894 ταῖς
3205 2830 3377 2901 χερσί.
3428 2830 3757 2897 θεασάμενοι

2177 2928 2234 2981 δὲ
2268 2929 2312 2960 ⁸³
2341 2927 2527 2979 τοῦτον
2566 2927 2767 2987 πάντες
2809 2924 2858 2976 οί
2905 2922 3145 2993 ἀσκηταὶ
3190 2922 3287 2991 τῆς
3338 2919 3504 2989 μονῆς
3537 2919 3756 2987 ἐκείνης

2180 3020 2508 3074 ἐστασίασαν
2534 3019 2675 3072 κατά
2696 3018 2785 3070 τὸν
2809 3016 3108 3087 ἡγούμενον
3130 3016 3175 3045 ³⁸
3201 3013 3378 3065 αὐτῶν
3403 3013 3447 3044 ⁸⁸
3479 3011 3751 3078 λέγοντες·

484 3116 816 3185 praefectum
847 3134 1027 3181 suum,
1058 3130 1219 3189 atque
1244 3139 1256 3172 :
1284 3123 1591 3184 Undenam.
1613 3125 1889 3192 inquiunt,
1914 3127 2073 3180 nobis

2180 3112 2343 3164 πόθεν
2377 3112 2509 3179 ἡμῖν
2559 3110 2767 3177 ἡγαγες
2812 3106 3000 3158 τοῦτον
3043 3105 3132 3157 τὸν
3179 3102 3417 3171 άσαρκον
3462 3101 3753 3171 ἄνθρωπον

2213 3207 2223 3220 ο
2291 3205 2303 3220 ι
2373 3219 2379 3220 ,
2435 3203 2446 3220 ι
2471 3219 2476 3220 ,
2499 3218 2552 3220 μη
2579 3198 2928 3220 _-.._L_-____--.-
2952 3197 2981 3220 Δ
3013 3195 3234 3220 κυεηπη-
3265 3193 3451 3220 --π-,η
3478 3192 3727 3220 ι..--πο-..

489 3207 763 3261 adduxisti
797 3208 943 3262 hunc
987 3212 1261 3263 hominem
1304 3220 1567 3280 tanquam
1616 3214 1736 3267 sine
1765 3230 1933 3270 carne
1975 3216 2075 3270 de-

487 3307 700 3370 gentem
732 3300 798 3353 ad
836 3310 1078 3356 nostram
1100 3304 1611 3359 condemnationem
1629 3306 1653 3359 ?
1672 3304 1777 3360 Aut
1796 3322 1919 3361 eum
1951 3307 2078 3363 hinc

486 3390 645 3459 ejice,
679 3400 771 3445 aut
794 3392 933 3446 bene
956 3394 1115 3458 scito,
1144 3410 1243 3449 nos
1278 3410 1467 3451 omnes
1503 3397 1628 3450 hinc
1659 3398 1820 3453 hodie
1841 3414 1964 3455 esse
1988 3416 2077 3455 re-

485 3481 920 3547 cessuros.Quae
949 3498 1115 3552 quum
1142 3482 1473 3539 Pachomius
1502 3501 1732 3555 magnus
1753 3500 1783 3539 a
1814 3488 2075 3543 fratribus

487 3573 778 3636 audiisset,
809 3574 1116 3630 sciscitatus
1164 3585 1248 3630 est
1273 3576 1340 3630 de
1376 3591 1461 3630 eo.
1500 3575 1566 3629 Et
1594 3593 1761 3646 quum
1796 3578 2077 3635 didicisset

485 3666 606 3733 ejus
650 3667 792 3721 vitae
840 3669 1115 3728 instituta,
1156 3667 1323 3723 Deum
1371 3669 1570 3730 oravit,
1622 3677 1704 3731 ut,
1747 3672 1870 3739 quis
1903 3681 2071 3737 esset,

487 3757 594 3811 sibi
619 3758 975 3812 revelaretur.
1010 3760 1325 3814 Revelatum
1352 3768 1437 3813 est
1462 3761 1534 3825 ei,
1556 3759 1851 3814 Macarium
1882 3778 2076 3816 mona-

487 3850 649 3902 chum
683 3864 827 3903 esse.
858 3848 996 3903 Tum
1046 3851 1302 3904 dominus
1340 3849 1669 3906 Pachomius
1701 3851 1823 3920 ejus
1847 3868 2071 3908 manum

489 3940 782 4009 prehendit
818 3956 1053 4011 eumque
1078 3942 1227 3995 foras
1255 3940 1462 4007 eduxit;
1493 3950 1656 4012 atque
1689 3959 1855 4011 quum
1888 3946 1943 3999 in
1972 3946 2072 4001 do-

489 4045 634 4082 mum
675 4031 924 4092 oratorii,
960 4031 1050 4083 ubi
1090 4039 1175 4084 est
1196 4032 1385 4093 altare,
1416 4047 1542 4085 eum
1582 4031 1922 4098 deduxisset,
1956 4050 2072 4088 am-

488 4118 792 4186 plexusque
825 4130 1014 4172 esset:
1056 4118 1231 4182 Tune,
1277 4120 1375 4183 ait,
1416 4136 1496 4183 es,
1517 4122 1819 4176 venerande
1868 4126 2067 4178 senex!

488 4207 569 4259 Tu
595 4224 655 4262 es
686 4208 976 4274 Macarius,
997 4209 1159 4278 idque
1176 4211 1386 4272 celasti,
1405 4226 1506 4265 nec
1527 4211 1657 4264 mihi
1676 4212 2065 4268 manifestastil

489 4298 566 4351 Ex
600 4300 785 4353 multis
815 4300 976 4355 annis
1008 4303 1155 4370 cupii
1186 4310 1239 4356 te
1279 4303 1484 4369 videre,
1524 4320 1691 4372 quum
1726 4305 1792 4359 de
1822 4313 1874 4360 te
1910 4307 2068 4361 audi-

488 4406 625 4443 rem.
662 4390 846 4445 llabeo
869 4392 967 4445 tibi
998 4395 1223 4462 gratias,
1248 4394 1393 4463 quod
1421 4396 1702 4464 subegeris
1731 4395 1868 4450 filios
1893 4412 2066 4463 meos,

2178 3207 2258 3267 είς
2282 3203 2554 3273 ἡμετέραν
2578 3198 2931 3267 κατάκρισιν;
2951 3197 2985 3267 ἢ
3012 3195 3236 3249 ἔκϐαλλε
3264 3193 3451 3246 τοῦτον
3478 3192 3752 3256 ἐντεῦθεν,

2176 3296 2209 3367 ἢ
2266 3295 2373 3348 ίσθι
2424 3294 2491 3354 ⁸⁸,
2538 3292 2619 3343 ὅτι
2668 3292 2828 3361 ἡμεῖς
2868 3290 3105 3353 ἅπαντες
3134 3290 3176 3320 ’⁷
3219 3285 3610 3357 ἀναχωροῦμέν
3658 3301 3755 3337 σου

2179 3388 2437 3457 σήμερον.
2503 3383 2741 3447 ἀκούσας
2798 3382 2855 3434 δὲ
2900 3381 3074 3434 ταῦτα
3126 3381 3157 3431 6
3215 3378 3389 3449 μέγας
3459 3377 3757 3447 Παχώμιος

2175 3479 2326 3549 παρὰ
2358 3479 2466 3532 τῶν
2495 3476 2737 3545 ἀδελφῶν
2768 3472 3020 3546 ἠρώτησε
3051 3472 3121 3525 τά
3156 3473 3274 3525 κατ’
3297 3470 3479 3533 αὐτὸν,
3514 3470 3609 3522 καὶ
3650 3486 3759 3539 μα-

2178 3570 2285 3624 θὼν
2320 3572 2391 3625 τά
2435 3571 2562 3640 περὶ
2606 3569 2704 3638 τῆς
2747 3565 2915 3621 αὑτοῦ
2954 3564 3229 3627 πολιτείας
3276 3563 3622 3634 προσηύξατο
3672 3561 3753 3632 τῷ

2175 3662 2315 3731 Θεῷ,
2363 3662 2451 3714 ἵνα
2501 3659 2650 3729 αύτῷ
2693 3656 3016 3726 ἀποκαλύψῃ
3069 3655 3130 3706 τὸ
3160 3654 3203 3686 ’⁸
3240 3654 3325 3716 τίς
3373 3657 3523 3707 ἐστιν
3571 3646 3749 3714 οὗτος.

2176 3753 2538 3822 ἀπεκαλύφθη
2589 3753 2647 3805 δὲ
2694 3749 2863 3819 αὐτῷ,
2913 3749 2995 3801 ὅτι
3029 3743 3181 3809 οὗτός
3241 3747 3357 3798 ἐστι
3401 3746 3690 3815 Μακάριος
3720 3742 3749 3794 ὁ

2178 3846 2428 3918 μοναχός.
2462 3845 2570 3897 τότ’
2596 3843 2821 3914 ἐκράτει
2847 3842 2893 3873 ”
2918 3839 3078 3893 αὑτὸν
3106 3840 3205 3909 τὴν
3233 3841 3390 3907 χεῖρα
3410 3839 3426 3867 ¹
3458 3839 3486 3890 ό
3521 3836 3709 3907 κύριος
3729 3836 3751 3866 ⁸

2174 3941 2469 4011 Παχώμιος
2518 3938 2612 3992 καὶ
2657 3938 2841 4003 ἐξάγει
2872 3935 2891 3965 ³
2941 3933 3103 3986 αὐτὸν
3149 3930 3271 3995 ἔξω,
3309 3932 3404 3983 καὶ
3438 3926 3752 3996 εἰσαγαγὼν

2173 4035 2334 4086 αὐτὸν
2386 4035 2465 4094 είς
2495 4031 2557 4084 τὸ
2594 4030 2881 4098 εὐκτὴριον
2910 4027 3081 4087 οἴκου,
3116 4026 3172 4076 ἐν
3200 4017 3244 4091 ᾧ
3277 4022 3335 4075 τὸ
3365 4022 3751 4089 θυσιαστήριον

2170 4121 2238 4195 ἦν
2276 4126 2318 4188 ³,
2363 4125 2456 4177 καὶ
2510 4120 2898 4189 ἀσπασάμενος
2939 4117 3101 4171 αὑτὸν
3146 4115 3296 4183 λέγει
3347 4113 3531 4183 αὐτῷ·
3566 4111 3750 4181 δεῦρο.

2171 4215 2462 4285 καλόγηρε.
2498 4214 2561 4265 σὺ
2601 4208 2653 4263 εἷ
2681 4209 2968 4278 Μακάριος
2998 4209 3089 4260 καὶ
3120 4206 3450 4277 ἀπέκρυψας
3474 4206 3496 4235 ⁸
3524 4204 3618 4257 καὶ
3645 4204 3749 4256 οὐκ

2170 4304 2524 4375 ἐφανέρωσάς
2572 4318 2679 4372 μοι.
2725 4302 2788 4352 ἐκ
2839 4299 3051 4353 πολλῶν
3099 4297 3237 4350 ἐτῶν
3302 4296 3610 4365 ἐπεθύμουν
3687 4310 3747 4346 σε

2173 4399 2321 4460 ίδεῖν,
2360 4394 2573 4448 ἀκούων
2604 4391 2672 4444 τά
2701 4390 2828 4460 περὶ
2863 4388 2981 4441 σοῦ.
3023 4388 3184 4460 χάριν
3221 4404 3303 4439 σοι
3328 4385 3457 4455 ἔχω,
3487 4386 3568 4437 ὅτι
3595 4386 3749 4436 ἐκον-

489 4497 558 4535 ne
583 4484 690 4535 alte
723 4484 964 4537 sentiant
996 4484 1063 4537 de
1094 4487 1483 4539 exercitatione
1526 4502 1645 4541 sua.
1684 4486 1833 4557 Rogo
1870 4496 1943 4549 te,
1976 4504 2067 4543 re-

2174 4486 2393 4546 δύλισας
2434 4484 2504 4535 τά
2539 4480 2729 4534 παιδία
2766 4495 2893 4550 μου,
2931 4478 3019 4530 ἵνα
3054 4479 3128 4547 μὴ
3173 4476 3315 4547 μέγα
3345 4474 3615 4545 φρονῶσιν
3650 4474 3748 4526 ἐπὶ

487 4573 621 4626 cede
663 4574 716 4626 in
766 4575 943 4628 locum
1000 4584 1173 4642 tuum;
1208 4591 1311 4632 nos
1359 4577 1505 4631 enim
1558 4579 1693 4632 satis
1741 4578 2067 4644 aedificasti,

488 4674 651 4733 atque
681 4681 776 4718 ora
818 4680 917 4734 pro
943 4666 1121 4720 nobis.
1156 4667 1361 4723 Deinde
1412 4670 1480 4723 ab
1506 4684 1573 4724 eo
1603 4678 1848 4740 rogatus,
1875 4680 2069 4741 peten-

488 4756 634 4810 tibus
668 4772 885 4826 quoque
916 4757 1172 4811 omnibus
1214 4757 1499 4825 fratribus,
1534 4760 1780 4814 recessit.

557 4955 719 5026 259
750 4956 958 5013 Rursus
982 4949 1227 5013 aliashic
1244 4958 1327 5011 vir
1348 4957 1666 5027 impatibilis
1683 4957 1844 5013 nobis
1871 4973 2057 5013 narra-

2168 4582 2236 4648 τῇ
2269 4575 2476 4630 ἑαυτῶν
2521 4574 2773 4642 ἀσκήσει.
2808 4569 3114 4641 παρακαλῶ
3155 4586 3235 4633 σε,
3282 4567 3485 4622 ἄπελθε
3531 4569 3611 4629 είς
3651 4566 3748 4618 τὸν

2167 4665 2331 4718 τόπον
2377 4677 2500 4714 σου·
2537 4660 2827 4730 αὐτάρκως
2880 4657 2990 4728 γάρ
3034 4657 3391 4727 ᾡκοδόμησας
3437 4656 3615 4725 ἡμᾶς,
3650 4654 3749 4707 καὶ

2168 4751 2328 4822 εὔχου
2355 4751 2494 4822 ὑπὲρ
2527 4749 2703 4821 ἡμῶν.
2746 4748 2867 4800 τότε
2906 4747 3156 4811 ἀξιωθεὶς
3178 4748 3195 4778 ⁷
3224 4745 3314 4798 ὑπ’
3344 4743 3508 4799 αὑτοῦ
3532 4744 3749 4815 δεηθέν-

2165 4860 2278 4897 των
2308 4843 2489 4895 αὐτῶν
2516 4842 2732 4895 πάντων
2762 4840 2873 4892 τῶν
2901 4838 3147 4909 ἀδελφῶν
3172 4836 3541 4908 ἀνεχώρησεν.

2239 4954 2460 5008 ’Δλλοτε
2494 4953 2655 5006 πάλιν
2674 4946 2713 4977 ⁷¹
2739 4952 3038 5022 διηγήσατο
3055 4952 3077 4983 ⁸
3109 4953 3242 5022 ἡμῖν
3280 4944 3433 5013 οὗτος
3454 4952 3483 5003 ό
3499 4948 3685 5018 ἀπαθὴ
3708 4967 3719 4976 ·

486 5050 585 5103 vit.
606 5048 797 5115 Omne,
818 5052 1017 5122 inquit,
1034 5054 1179 5107 vitae
1194 5052 1547 5107 monachicae
1564 5052 1897 5117 institutum,
1911 5050 2057 5122 quod

2174 5048 2246 5101 ὃτι
2286 5047 2465 5099 πᾶσαν
2498 5044 2774 5098 πολιτείαν
2812 5044 3119 5113 ἀσκητικὴν
3144 5044 3210 5113 ἠν
3249 5043 3573 5112 ἐπεθύμησα
3601 5058 3673 5095 κα

1751 5247 2007 5303 VARIAE
2058 5244 2351 5301 LECTION
2360 5244 2461 5298 ES.

550 5423 594 5453 ⁷⁷
630 5421 669 5473 Β
700 5420 803 5483 ἓως
825 5421 1067 5487 ἡμέρας.
1142 5423 1189 5454 ⁷⁸
1211 5421 1571 5489 κατάὑτοὺς
1595 5435 1703 5475 om.
1733 5421 1796 5477 B.

487 5493 566 5553 είς
602 5491 814 5557 αὐτήν.
855 5485 946 5521 “’³³⁷
972 5485 1560 5558 Βτεο-σαρακοστή.⁷
1605 5492 1653 5523 ⁸⁸
1688 5492 1790 5545 Pro
1818 5485 1851 5539 ό

487 5631 552 5683 Α.
628 5630 673 5662 ⁸⁸
705 5630 746 5681 Β
783 5629 923 5682 κατά
966 5632 1070 5682 τοῦ

488 5700 536 5730 ⁸⁸
573 5699 639 5763 τιὸ
677 5715 784 5751 om.
820 5699 881 5751 Β.
957 5701 1001 5730 ⁹⁹
1042 5699 1083 5751 Β
1123 5701 1241 5752 τότε
1280 5698 1601 5763 κρατήσας.

489 5795 557 5835 τε
578 5758 659 5830 ἦν
684 5782 792 5820 om.
825 5767 884 5821 Β.
927 5770 947 5799 ⁸
982 5767 1233 5829 Emend.,
1261 5758 1350 5820 ΑΒ
1383 5758 1761 5835 dampnat-ac.

1870 5421 1915 5452 ⁷³
1941 5419 1983 5472 Β
2004 5418 2323 5487 ἐκριφῆναι
2347 5433 2447 5515 pet;
2517 5418 2629 5515 "P
2652 5418 3278 5515 χὶλιοιωῑτεσνιτεξκόοίοι.Λ
3329 5418 3431 5515 "ui

1891 5488 2063 5515 ηιμ..-
2097 5487 2387 5515 υκαιιιυι.-
2476 5490 2506 5515 .t
2538 5506 2574 5515 μ
2609 5504 2723 5515 ιη...
2889 5487 3083 5515 ,κη’-οιΑ..
3106 5500 3190 5515 nun

1879 5483 2388 5559 μέγαξΜακὰριός
2408 5486 2449 5539 Β
2473 5483 2737 5559 ό-γέρώζ
2793 5488 2861 5559 με’
2885 5483 3083 5559 αἱξτῶν
3105 5500 3213 5559 om.
3386 5483 3492 5559 “_l_3
3511 5483 3741 5559 ἀκαλα-

487 5564 668 5613 6όντα
763 5560 806 5592 ⁸⁷
844 5560 882 5611 Β
914 5561 1011 5613 καί
1054 5562 1165 5615 τόν.
1239 5556 1285 5593 ⁸⁸
1325 5560 1412 5613 ΑΒ
1440 5560 1683 5615 Miller.
1759 5562 1802 5592 "
1848 5556 1937 5613 Sic
1965 5556 2081 5610 ΑΒ.
2160 5559 2206 5589 ’⁵
2229 5559 2315 5623 μὴ
2348 5573 2455 5609 om.
2498 5556 2558 5609 B.
2635 5559 2678 5587 ⁹¹
2705 5557 2746 5609 Β

1112 5630 1469 5697 ἡγουμένου.
1547 5631 1591 5661 ³³
1625 5629 1823 5683 αὐτῶν
1852 5645 1961 5708 orn.
1995 5628 2055 5681 Β.
2133 5628 2179 5659 ’⁸
2214 5627 2315 5727 Ai:
2359 5628 2458 5678 ἵνα
2491 5627 2709 5711 εὶδέτςαι
2741 5628 2908 5695 ἔχῃς.

1123 5701 1241 5752 τότε
1280 5698 1601 5752 κρατήσας.
1709 5702 1723 5730 ¹
1763 5699 1805 5752 Β
1834 5717 1943 5752 τη(-
1976 5698 2191 5752 γειοός.
2355 5696 2396 5748 Β
2430 5698 2458 5748 6
2499 5713 2805 5752 ιιακαριορ.
2882 5696 2901 5726 ³

1834 5717 1943 5765 της
1976 5716 2191 5765 κείρας.
2296 5716 2315 5727 ·
2358 5716 2396 5748 ι)
2430 5716 2458 5748 ο
2493 5716 2805 5764 μακαριος.
2882 5716 2901 5726 '
2943 5716 2983 5747 D
3019 5716 3113 5746 και
3142 5716 3450 5761 εςηγαγεν.
3534 5716 3549 5723 ν
3584 5716 3655 5744 δτ-
3693 5716 3739 5761 ῳ

1840 5772 1860 5799 ⁸
1890 5767 1930 5818 Β
1954 5768 2047 5837 ἐπὶ
2072 5771 2136 5837 τῇ
2162 5767 2420 5837 ἀσκήσει
2444 5764 2661 5837 αὐτῶν.
2741 5768 2759 5797 ⁷
2806 5766 2881 5820 Ex
2930 5766 3098 5829 coni.,
3132 5766 3173 5819 Α
3201 5764 3444 5828 ἐξιωθείς
3473 5777 3572 5833 pro
3596 5761 3739 5817 τότε

2517 5417 2563 5447 ⁸⁰
2589 5416 2629 5468 Β
2652 5415 2812 5486 χίλιοι
2848 5416 3267 5486 πεντακόσιοι.
3329 5412 3561 5486 ⁸³
3620 5410 3666 5444 ⁸⁸
3694 5412 3743 5467 Β

2916 5556 2962 5587 ⁹²
2998 5554 3039 5606 Β
3077 5556 3362 5608 θαλλίων.
3438 5554 3483 5584 ³³
3527 5552 3595 5604 δὲ
3617 5568 3733 5608 om.

2986 5626 3028 5655 θ’
3074 5623 3114 5677 Α
3162 5624 3243 5675 ὅτι
3272 5622 3493 5689 πάντες
3529 5621 3726 5689 ἡμεῖς.

2355 5696 2396 5748 Β
2430 5698 2458 5748 6
2493 5688 2901 5764 paxdpmé?"
2940 5694 2983 5747 Β
3019 5694 3113 5746 καὶ
3142 5688 3477 5761 ἐξήγαγεν(
3530 5693 3550 5723 ⁵
3584 5693 3664 5764 ἐν.
3693 5688 3745 5761 ᾧ

484 5823 756 5902 ἀξιωθείς
798 5837 838 5890 Β
875 5837 1060 5903 οὕτως
1097 5823 1232 5894 οὖν¹
1256 5823 1663 5906 παρακληθείς.
1695 5823 1733 5867 ⁷³
1760 5836 1847 5890 ΑΒ
1882 5823 2136 5892 πάλλιῆ
2168 5838 2188 5868 ⁸
2218 5836 2260 5889 Α
2299 5823 2571 5902 διηγεῖτο.
