4016 6442
291 338 486 416 ιη’

1822 350 2032 408 ACTA.
3453 353 3554 411 194

291 475 564 547 ορθώσας,
603 471 727 525 τότε
770 471 793 503 ³
843 471 931 535 είς
963 470 1127 540 ἄλλην
1180 468 1476 539 ἐπιθυμίαν
1510 469 1883 539 πνευματικὴν

1989 469 2329 538 expetebant,
2359 474 2618 539 expertus
2640 468 2706 522 ad
2737 467 2883 522 aliud
2917 468 3132 524 tandem
3157 470 3436 540 spirituale
3458 472 3556 526 dc—

297 563 460 638 ἧλθον
488 563 557 628 ³⁸,
612 563 709 616 καὶ
763 561 1044 631 ἠθέλησα,
1096 560 1266 630 φησί.
1322 559 1483 612 πέντε
1529 559 1743 629 ἡμέρας
1792 561 1881 611 τὸν

299 655 424 710 νοῦν
449 656 491 686 ¹¹
528 671 629 725 μου
645 653 753 706 ἀπὸ
776 653 878 705 τοῦ
917 652 1053 705 Θεοῦ
1078 651 1484 722 ἀπερίσπαστον
1511 651 1765 720 ποιῆσαι,
1789 651 1884 703 καὶ

304 748 472 820 μηδὲν
515 747 651 809 ὅλως
681 745 811 800 ἄλλο
837 762 894 798 τι
922 747 963 776 ¹¹
993 744 1245 813 ἐννοῆσαι
1269 743 1333 807 ³³,
1367 743 1482 796 ἀλλ’
1515 741 1705 811 ἐκείνῳ
1736 741 1882 811 μόνῳ

300 838 708 910 προσανασχεὼ
764 837 826 888 ³⁸.
878 835 972 889 καὶ
1023 834 1180 887 τοῦτο
1235 833 1428 904 κρίνας
1467 833 1525 884 ὲν
1568 830 1790 902 ἐμαυτῷ
1839 832 1882 862 ³⁵

306 929 609 985 ἀπέκλεισὰ
644 946 746 998 μου
779 929 881 998 τὴν
913 927 1107 980 κέλλαν
1141 926 1236 979 καὶ
1261 925 1462 991 ἔξωθεν
1492 923 1592 994 τὴν
1621 923 1790 994 αὐλήν
1816 923 1878 987 ⁸⁵,

316 1024 450 1076 ὥστε
501 1021 580 1090 μὴ
621 1019 804 1073 δοῦναι
851 1017 1124 1090 ἀνθρώπῳ
1165 1016 1374 1070 ἐλθόντι
1420 1015 1732 1086 ἀπόκρισιν.
1790 1013 1883 1065 καὶ

314 1115 471 1182 ἔστην
494 1109 806 1182 ἀρξάμενος
831 1110 937 1162 ἀπὸ
955 1109 1054 1179 τῆς
1083 1107 1360 1178 δευτέρας,
1381 1104 1756 1176 παραγγείλας
1782 1121 1882 1173 μου

308 1201 386 1271 τῷ
414 1201 488 1270 νῷ
522 1202 619 1253 καὶ
659 1193 830 1252 εἰπὼν
861 1197 1008 1268 αὺτῷ
1029 1213 1042 1227 ·
1085 1195 1250 1265 βλέπε
1281 1195 1357 1266 μὴ
1393 1193 1658 1264 κατέλθῃς
1685 1194 1750 1245 ὲκ
1775 1191 1884 1245 τῶν

305 1291 587 1364 οὐρανῶν·
612 1290 754 1360 ἔχεις
783 1291 898 1342 ἐκεῖ
922 1287 1207 1356 ἀγγέλους,
1237 1286 1331 1340 καὶ
1360 1285 1755 1356 ἀρχαγγέλους,
1785 1283 1885 1346 τὰς

305 1385 420 1434 ἄνω
462 1381 721 1451 δυνάμεις
741 1421 756 1443 ,
783 1379 852 1431 τὰ
881 1377 1146 1449 χερουϐὶμ
1189 1377 1284 1429 καὶ
1318 1375 1387 1428 τὰ
1417 1377 1457 1405 ³⁷
1491 1375 1729 1446 σεραφίμ
1748 1415 1762 1438 ,
1793 1373 1884 1426 τὸν

302 1474 440 1526 θεὸν
466 1472 578 1526 τῶν
623 1472 876 1524 ἁπάντων
906 1470 949 1501 ¹⁸
992 1469 1194 1522 τούτων
1234 1468 1499 1538 ποιητήν·
1532 1467 1648 1518 ἐκεῖ
1677 1465 1884 1534 διάτρισ-

299 1564 405 1632 dav
425 1581 440 1594 ·
476 1561 555 1633 μὴ
589 1560 859 1632 κατέλθῃς
889 1559 1147 1612 ὑποκάτω
1175 1557 1267 1610 τοῦ
1296 1555 1522 1626 ούρανοῦ
1547 1572 1558 1584 ·
1595 1554 1671 1625 μὴ
1710 1553 1882 1624 ἐμπέ-

303 1672 408 1726 σῃς
442 1656 486 1687 19
538 1656 618 1716 εις
662 1653 951 1722 λογισμοὺς
991 1653 1272 1721 ψυχικούς.
1324 1650 1420 1702 καὶ
1481 1649 1770 1718 διαρκέσας
1802 1647 1881 1712 ²⁰ν

305 1747 464 1816 φησί,
511 1747 605 1800 δύο
642 1747 855 1817 ἡμέρας
901 1745 993 1798 καὶ
1029 1743 1228 1806 νύκτας
1261 1741 1430 1804 οὕτως
1474 1739 1767 1809 παρώξυνα
1795 1738 1885 1790 τὸν

302 1841 561 1909 δαίμονα,
591 1837 666 1900 ὡς
690 1837 860 1904 φλόγα
888 1834 1056 1906 πυρὸς
1085 1833 1338 1904 γενέσθαι
1375 1830 1561 1884 τούτων
1595 1830 1689 1882 καὶ
1719 1848 1884 1882 κατα·

303 1931 508 1988 καῦσαί
539 1947 639 2001 μου
669 1930 845 1982 πάντα
867 1929 910 1957 ¹¹
941 1929 1008 1979 τὰ
1049 1928 1105 1978 ἐν
1135 1925 1214 1996 τῷ
1255 1924 1472 1993 κελλίῳ,
1499 1923 1574 1985 ὡς
1595 1925 1638 1952 ’⁸
1675 1922 1768 1975 καὶ
1795 1921 1884 1973 τὸν

299 2025 534 2095 ψίαθον,
580 2022 668 2092 ἐφ’
720 2022 777 2073 ὃν
830 2020 1131 2091 εἱστήκειν,
1194 2016 1633 2086 καταφλεχθῆναι
1658 2015 1733 2075 ’³,
1791 2014 1884 2066 καὶ

299 2119 449 2172 οὕτω
484 2118 533 2149 ³⁸
592 2115 810 2186 νομίσαι
848 2131 936 2184 με,
990 2113 1072 2166 ὅτι
1123 2109 1277 2178 κάγὼ
1328 2110 1464 2172 ὅλως
1504 2108 1881 2178 ἐμπίπραμαι.

301 2211 458 2272 τέλος
478 2249 494 2274 ,
531 2206 760 2277 πληγεὶς
786 2204 896 2272 ἐγὼ
941 2203 1018 2273 τῷ
1053 2202 1202 2273 φόϐῳ
1221 2242 1236 2265 ,
1268 2201 1513 2268 ἀπέστην
1539 2200 1638 2268 τῆς
1667 2200 1711 2229 ’⁵
1753 2215 1884 2268 προ-

305 2303 508 2362 θέσεως
535 2298 737 2366 ταύτης
757 2299 822 2367 τῇ
848 2295 1006 2366 τρίτῃ
1037 2293 1240 2364 ἡμέρᾳ,
1272 2291 1466 2362 μηκέτι
1491 2288 1738 2359 δυνηθεὶς
1772 2288 1881 2340 λοι-

312 2392 408 2443 πον
435 2386 844 2458 ἀπερίσπαστὸν
885 2401 987 2454 μου
1021 2385 1240 2453 ποιῆσαι
1279 2381 1370 2434 τὸν
1400 2380 1522 2433 νοῦν
1551 2381 1597 2411 ²⁶
1624 2418 1638 2442 ,
1671 2379 1809 2431 ἀλλὰ
1838 2380 1881 2410 ³⁷

315 2479 574 2550 κατῆλθον
629 2479 708 2540 εἰς
759 2475 991 2546 θεωρίαν
1040 2472 1134 2526 τοῦ
1182 2473 1390 2542 κόσμου
1421 2470 1644 2536 τούτου,
1676 2469 1762 2523 ἵνα
1807 2469 1882 2541 μὴ

310 2570 528 2639 λογισθῇ
556 2586 647 2639 μοι
670 2566 828 2619 τοῦτο
855 2568 934 2628 είς
958 2565 1124 2633 τῦφον
1147 2565 1213 2620 ’³.

374 2659 720 2732 Παραϐαλὼν
750 2675 878 2711 ποτε
899 2659 943 2689 ⁸³
973 2657 1051 2728 τῷ
1081 2656 1221 2726 ἁγίῳ
1245 2655 1289 2686 ³ο
1320 2648 1477 2725 εὗρον
1509 2653 1612 2719 ἔξω
1640 2655 1738 2724 τῆς
1761 2651 1884 2704 κέλ·

302 2753 400 2823 λης
423 2751 590 2805 αὐτοῦ
619 2748 988 2820 πρεσϐύτερον
1006 2746 1196 2818 κώμης
1222 2746 1366 2808 τινὸς
1387 2745 1802 2814 κατακείμενον,
1821 2736 1881 2795 οὗ

299 2848 334 2907 ἡ
364 2844 578 2914 κεφαλὴ
611 2842 915 2913 ὲῦέὸρωτο,
949 2841 1026 2903 ῶς
1065 2839 1159 2892 καὶ
1197 2839 1328 2891 αὐτὸ
1363 2838 1424 2890 τὸ
1457 2837 1645 2888 ὀστοῦν
1694 2835 1802 2888 ἀπὸ
1835 2835 1879 2866 ³³

298 2938 400 3005 τῆς
428 2935 676 3006 κορυφῆς
707 2933 991 3003 φαίνεσθαι
1027 2931 1169 2984 ἅπαν
1208 2930 1312 2981 ὑπὸ
1354 2928 1561 2988 πάθους
1596 2926 1690 2978 τοῦ
1727 2926 1882 2993 λεγο-

303 3030 468 3098 μένου
495 3027 778 3098 καρκίνου,
799 3026 894 3078 καὶ
917 3023 1106 3077 τοῦτον
1135 3022 1257 3075 οὐδὲ
1280 3024 1337 3074 ἐν
1369 3020 1629 3091 συντυχίᾳ
1645 3018 1877 3089 ἐδέχετο·

301 3119 696 3190 παρακαλέσας
721 3119 763 3149 ⁸⁸
797 3117 977 3170 τοίνυν
1014 3116 1176 3169 αὐτὸν
1217 3114 1360 3182 λέγω
1388 3115 1452 3145 ³³⁸
1496 3111 1879 3181 κατοικτείρη·

299 3234 416 3278 σον,
451 3212 648 3282 δέομαί
692 3228 808 3275 σου,
852 3209 1038 3262 τοῦτον
1086 3209 1176 3260 τὸν
1219 3207 1437 3269 ἄθλιον,
1469 3206 1562 3259 καὶ
1600 3205 1688 3267 δὸς
1735 3201 1886 3272 αὐτῷ

296 3308 402 3360 κᾶν
430 3305 748 3374 ἀπόκρισιν.
784 3302 879 3355 καὶ
902 3301 948 3332 ³³
976 3301 1122 3368 λέγει
1164 3315 1283 3369 μοι’
1338 3299 1418 3351 ὅτι
1451 3299 1495 3329 ⁸⁵
1521 3296 1738 3361 ἀνάξιός
1770 3297 1886 3348 ἐστι

296 3398 396 3452 τοῦ
434 3397 673 3465 ἰαθῆναι.
712 3392 929 3446 παιδεία
977 3391 1085 3462 γὰρ
1124 3389 1273 3459 αύτῷ
1310 3389 1584 3458 ἀπεστάλη
1627 3387 1789 3457 αὕτη.
1838 3391 1887 3442 εί

297 3488 356 3542 δὲ
376 3487 553 3548 θέλεις
568 3484 730 3537 αὐτὸν
753 3483 967 3551 ἰαθῆναι
1002 3482 1088 3543 ³³”,
1103 3484 1286 3534 πεῖσον
1301 3481 1461 3533 αὑτὸν
1475 3479 1776 3548 ἀποστῆναι
1788 3479 1887 3549 τῆς

297 3577 665 3648 λειτουργίας.
706 3575 802 3628 καὶ
829 3570 982 3626 εἷπον
1009 3571 1118 3640 ἐγώ
1144 3588 1157 3599 ⁸
1185 3571 1272 3623 διὰ
1300 3570 1387 3632 τί,
1423 3569 1612 3640 δέομαί
1648 3585 1769 3628 σου;
1800 3569 1887 3621 λέ-

301 3687 388 3736 γει
418 3687 511 3739 μοι
536 3683 549 3695 ·
578 3666 861 3737 πορνεύων
876 3664 1178 3732 λειτουργεῖ
1206 3663 1318 3726 ³⁸“,
1342 3662 1436 3714 καὶ
1467 3661 1555 3713 διὰ
1582 3661 1739 3712 τοῦτο
1761 3677 1887 3712 παι-

302 3761 516 3813 δεύεται
557 3759 673 3812 νῦν.
708 3759 800 3811 ἐὰν
833 3753 924 3810 οὖν
953 3758 1161 3826 ἀποστῇ
1195 3754 1373 3822 φόϐῳ,
1404 3747 1478 3806 ὧν
1526 3751 1884 3821 καταφρονῶν

313 3852 710 3921 κατετόλμησεν
732 3850 798 3912 ³⁸,
821 3853 849 3902 ὁ
871 3848 1000 3909 Θεὸς
1026 3848 1168 3899 ἰᾶται
1210 3845 1370 3898 αὐτόν
1401 3845 1464 3898 ³⁷.
1491 3842 1646 3910 κάγὼ
1659 3844 1701 3874 ³⁸
1733 3837 1886 3894 εἷπον

315 3941 392 4012 τῷ
421 3944 698 4011 πάσχοντι.
737 3943 765 3993 ὁ
794 3939 850 3992 δὲ
872 3936 1119 3990 συνέθετο
1139 3936 1344 4006 ὀμόσας
1381 3933 1472 3986 ἐπὶ
1496 3932 1653 3999 Θεοῦ,
1687 3933 1884 4002 μηκέτι

310 4034 643 4104 ἱερατεύσαι.
694 4032 788 4085 καὶ
828 4033 948 4083 τότε
993 4029 1210 4095 ἐδέξατο
1252 4029 1347 4081 καὶ
1377 4027 1523 4093 λέγει
1569 4024 1746 4094 αὐτῷ’
1791 4041 1887 4076 πι-

307 4125 540 4187 στεύεις,
570 4125 655 4177 ὅτι
685 4121 802 4176 ἐστι
833 4122 996 4186 Θεός,
1023 4121 1080 4174 ὃν
1124 4120 1276 4172 οὐδὲν
1315 4118 1594 4182 λανθάνει;
1639 4117 1734 4170 καὶ
1780 4118 1886 4169 ἁπ-

302 4217 564 4286 εκρίνατο
587 4215 664 4244 ³³·
708 4214 802 4267 καὶ
839 4211 1028 4284 δέομαί
1079 4229 1193 4264 σου.
1234 4207 1353 4262 εἶτα
1399 4209 1544 4275 λέγει
1588 4208 1772 4277 αὐτῷ’
1810 4207 1884 4278 μὴ

298 4309 582 4379 ἡδυνήθης
610 4307 888 4370 διαπαίξαι
914 4307 1006 4359 τὺν
1039 4305 1204 4371 Θεόνς
1240 4305 1333 4356 καὶ
1351 4302 1500 4371 λέγει
1522 4304 1750 4366 ἐκεῖνος’
1786 4302 1884 4354 οὐκ

297 4399 607 4471 ἠδυνήθην,
659 4399 813 4470 κύριέ
853 4415 975 4468 μου.
1013 4397 1159 4465 λέγει
1199 4397 1227 4447 ὁ
1267 4394 1468 4464 μέγαςο
1507 4395 1556 4445 εί
1593 4392 1879 4464 γνωρίζεις

1983 556 2246 611 siderium
2280 557 2420 611 veni.
2451 555 2630 610 Statui
2666 558 2810 611 enim
2843 557 2912 611 ad
2938 559 3046 613 tale
3083 573 3308 628 operum
3339 560 3558 615 deside-

1987 649 2131 702 rium
2175 649 2456 704 accedere.
2491 648 2668 715 Volui,
2706 649 2904 720 inquit,
2933 651 3175 720 quinque
3215 651 3332 706 dies
3384 653 3557 707 solam

1985 747 2217 794 mentem
2263 757 2437 795 meam
2485 742 2713 797 reddere
2758 759 2788 796 a
2832 742 2942 798 Deo
2972 744 3330 808 individuam,
3377 762 3557 816 neque

1985 833 2131 886 aliud
2169 832 2463 902 quidquam
2513 835 2737 888 omnino
2781 835 3039 906 cogitare,
3079 837 3175 893 sed
3223 838 3273 893 ei
3320 839 3425 893 soli
3463 839 3559 891 ad-

1986 922 2230 979 haerere.
2265 922 2421 988 Quod
2454 941 2620 993 quum
2653 925 2798 995 apud
2847 943 2932 980 me
2979 929 3316 991 statuissem,
3362 929 3555 983 cellam

1984 1032 2159 1071 meam
2188 1024 2351 1086 atque
2381 1018 2728 1072 extrinsecus
2759 1019 2938 1072 aulam
2986 1020 3182 1079 clausi,
3218 1029 3278 1074 ut
3299 1021 3431 1073 nulli
3464 1019 3559 1072 ad-

1986 1105 2223 1159 venienti
2253 1121 2576 1175 responsum
2616 1107 2821 1161 darem.
2851 1108 2928 1163 Ac
2956 1111 3079 1165 steti
3119 1110 3385 1180 incipiens
3415 1127 3442 1163 a
3471 1128 3560 1166 se-

1987 1197 2188 1260 cunda,
2225 1199 2392 1251 menti
2423 1213 2574 1252 meae
2605 1200 2946 1269 praecipiens
2982 1210 3036 1255 et
3068 1202 3259 1257 dicens
3293 1221 3306 1256 :
3337 1202 3470 1257 Vide
3493 1219 3562 1258 ne

1985 1287 2284 1342 descendas
2317 1305 2346 1342 c
2384 1290 2590 1356 coelis;
2641 1290 2712 1343 ibi
2759 1292 2981 1361 angelos
3019 1293 3187 1347 habes
3224 1303 3278 1348 et
3327 1297 3562 1349 archan-

1987 1379 2156 1447 gelos,
2185 1394 2451 1448 supernas
2481 1388 2800 1448 potestates,
2834 1383 3117 1436 cherubim
3157 1400 3221 1438 ac
3259 1389 3557 1455 seraphin),

1986 1468 2158 1523 Deum
2198 1471 2387 1524 horum
2428 1472 2673 1524 omnium
2703 1471 3032 1528 effectorem.
3067 1475 3179 1530 Illic
3211 1493 3450 1532 versare.
3483 1478 3562 1534 Ne

1988 1561 2091 1616 sub
2128 1562 2338 1615 coelum
2370 1551 2692 1629 descendas;
2728 1581 2796 1618 ne
2818 1564 3028 1620 incidas
3061 1567 3114 1619 in
3137 1568 3440 1624 mundanas
3469 1586 3563 1624 co-

1986 1651 2296 1721 gitationes.
2352 1651 2463 1716 Sic,
2521 1653 2720 1722 inquit,
2768 1673 2933 1726 quum
2988 1658 3200 1713 duobus
3249 1660 3443 1715 diebus
3497 1679 3562 1715 ac

1988 1742 2201 1798 duabus
2228 1745 2480 1800 noctibus
2508 1761 2966 1815 perseverassem,
2990 1750 3063 1802 ita
3096 1749 3412 1805 daemonem
3447 1753 3563 1805 irri-

1991 1835 2121 1898 tavi,
2151 1845 2209 1888 ut
2228 1835 2448 1890 ﬂamma
2471 1838 2616 1906 ignis
2648 1839 2819 1901 ﬁeret,
2847 1840 3089 1910 mihique
3109 1845 3312 1907 omnia,
3335 1859 3474 1914 quae
3505 1845 3560 1898 in

1991 1923 2185 1976 cellula
2236 1933 2409 1986 erant,
2453 1927 2818 1992 combureret,
2847 1929 2920 1983 ita
2964 1939 3023 1983 ut
3060 1933 3222 1985 etiam
3262 1944 3462 1995 storea,
3505 1936 3559 1988 in

1989 2029 2097 2083 qua
2123 2015 2357 2078 stabam,
2385 2030 2848 2084 concremaretur,
2870 2029 2924 2076 et
2953 2023 3033 2076 sic
3050 2039 3135 2077 me
3151 2039 3366 2092 quoque
3389 2031 3560 2081 totum

1989 2105 2144 2159 aduri
2162 2107 2554 2164 existimarem.
2574 2110 2914 2170 Postremum
2935 2114 3129 2168 timore
3158 2115 3384 2170 affectus
3401 2121 3564 2172 tertio

1988 2196 2076 2251 die
2111 2197 2294 2252 destiti
2321 2199 2387 2253 ab
2424 2201 2524 2254 hoc
2557 2204 2835 2272 proposito
2865 2220 2985 2259 meo
3014 2213 3197 2275 atque,
3220 2224 3387 2276 quum
3414 2225 3566 2263 men-

1986 2293 2095 2342 tem
2131 2305 2307 2344 meam
2333 2291 2569 2360 amplius
2601 2292 2929 2349 indivulsam
2969 2303 3155 2350 tenere
3183 2315 3290 2352 non
3323 2315 3561 2368 possem,

1985 2379 2148 2450 260
2175 2380 2431 2436 descendi
2473 2383 2524 2436 in
2573 2387 3088 2454 contemplationem
3138 2389 3300 2458 hujus
3351 2393 3560 2456 mundi,

1985 2486 2055 2526 ne
2096 2472 2149 2526 id
2188 2473 2322 2526 mihi
2347 2483 2693 2543 reputaretur
2718 2478 2772 2530 in
2803 2480 3133 2548 superbiam.

2055 2649 2340 2715 Quondam
2364 2667 2528 2720 quum
2564 2654 2627 2707 ad
2651 2653 2795 2709 hunc
2820 2665 3066 2710 sanctum
3093 2661 3383 2723 venissem,
3410 2671 3563 2717 extra

1985 2741 2180 2794 cellam
2215 2741 2332 2810 ejus
2359 2743 2627 2811 jaccntem
2664 2744 2844 2798 inveni
2883 2746 2984 2798 vici
3020 2746 3305 2814 cujusdam
3337 2751 3564 2820 presby-

1984 2839 2180 2896 terum,
2199 2833 2358 2901 cujus
2376 2843 2538 2903 caput
2561 2835 2632 2888 ita
2652 2844 2768 2888 erat
2785 2851 3003 2890 exesum
3029 2839 3238 2903 morbo,
3260 2840 3349 2909 qui
3366 2856 3566 2896 cancer

1983 2923 2203 2987 dicitur,
2235 2936 2294 2978 ut
2331 2932 2386 2980 et
2424 2925 2603 2994 ipsum
2638 2942 2699 2980 os
2732 2935 2904 2980 totum
2932 2938 3216 2997 appareret
3249 2932 3302 2984 in
3338 2934 3560 2986 vertice.

1983 3013 2169 3085 Neque
2191 3032 2314 3071 eum
2347 3018 2412 3070 ad
2437 3019 2770 3088 colloquium
2799 3020 3135 3074 admittebat.
3169 3021 3369 3093 Rogavi
3400 3025 3566 3095 igitur

1989 3121 2053 3161 ac
2085 3124 2097 3159 :
2123 3107 2345 3175 Precor,
2389 3109 2633 3179 inquam,
2661 3113 2918 3166 miserere
2941 3113 3106 3181 hujus
3137 3116 3342 3179 miseri,
3373 3124 3428 3168 et
3450 3118 3564 3170 sal-

1987 3204 2097 3252 tem
2123 3213 2447 3266 responsum
2475 3200 2522 3252 ei
2546 3201 2635 3254 da.
2662 3202 2962 3270 Respondit
2988 3203 3118 3256 mihi
3140 3223 3152 3257 :
3174 3205 3435 3274 Indignus
3458 3217 3564 3272 est,

1987 3289 2081 3357 qui
2107 3297 2351 3343 sanetur.
2388 3289 2530 3344 Haec
2579 3293 2725 3344 enim
2767 3294 2815 3346 ei
2865 3295 3109 3348 immissa
3138 3305 3220 3350 est
3255 3297 3563 3368 disciplina.

1989 3379 2089 3434 Sin
2123 3396 2246 3434 eum
2274 3382 2360 3435 vis
2391 3385 2600 3446 sanari,
2629 3384 2799 3438 suade
2828 3385 2898 3449 ei,
2926 3394 2983 3439 ut
3013 3387 3269 3456 deinceps
3295 3389 3564 3444 abstineat

1989 3487 2018 3526 a
2035 3474 2327 3528 sacrificio.
2348 3473 2459 3545 Ego
2482 3493 2495 3528 :
2518 3473 2650 3541 Cur,
2673 3477 2917 3545 inquam,
2940 3478 3561 3548 obsecro?Respondet:

1989 3563 2292 3621 Fornicans
2319 3582 2538 3620 sacrum
2592 3569 2800 3637 peregit
2843 3570 3233 3636 ministerium,
3270 3572 3417 3626 unde
3449 3574 3563 3641 jam

1987 3657 2309 3727 castigatur.
2347 3657 2554 3723 Quodsi
2595 3667 2741 3713 metu
2782 3659 3011 3712 desistat
3058 3663 3126 3714 ab
3154 3663 3241 3725 iis,
3282 3678 3420 3731 quae
3471 3680 3567 3732 per

1989 3755 2360 3816 contemptum
2395 3764 2565 3803 ausus
2595 3757 2678 3804 est
2727 3749 2926 3811 facere,
2959 3749 3106 3806 Deus
3149 3768 3271 3806 cum
3324 3757 3561 3810 sanabit.

1989 3837 2103 3892 lloc
2125 3839 2197 3900 ei,
2221 3839 2312 3909 qui
2344 3840 2704 3909 amigebatur,
2741 3841 2873 3895 dixi.
2903 3841 3004 3907 Qui
3035 3843 3391 3912 jurejurando
3421 3852 3562 3918 apud

1989 3928 2160 3982 Deum
2193 3928 2467 3996 pollicitus
2502 3939 2607 3990 est,
2629 3945 2687 3984 sc
2715 3946 2820 3984 non
2849 3932 3084 4000 amplius
3115 3934 3419 3990 sacerdotis
3444 3953 3564 3992 mu-

1989 4035 2119 4074 nera
2142 4035 2266 4074 esse
2294 4021 2587 4074 obiturum.
2616 4020 2753 4074 Tum
2784 4038 2906 4077 eum
2932 4028 3174 4092 suscepit
3201 4026 3359 4095 eique
3387 4043 3400 4079 :
3434 4028 3566 4083 Cre-

1988 4111 2165 4175 disne,
2203 4113 2402 4182 inquit,
2455 4129 2578 4167 esse
2633 4113 2826 4177 Deum,
2880 4131 3040 4184 quem
3083 4118 3220 4171 nihil
3269 4121 3439 4174 latet?
3472 4119 3567 4176 Ille

1989 4203 2592 4276 respondetzMaxime,
2626 4220 2760 4275 rogo
2783 4215 2855 4260 te.
2889 4207 3128 4263 Deinde:
3163 4209 3326 4278 Num,
3364 4214 3562 4282 inquit,

1990 4298 2216 4366 potuisti
2263 4296 2491 4350 illudere
2524 4295 2672 4350 Deo?
2721 4296 3036 4367 Respondet
3066 4316 3082 4356 :
3117 4299 3237 4355 Non
3282 4304 3454 4370 potui,
3491 4303 3566 4358 mi

1986 4387 2224 4440 domine.
2265 4385 2539 4456 Magnus:
2577 4387 2633 4440 Si
2687 4388 2970 4458 agnoscis,
3020 4389 3226 4460 inquit,
3283 4400 3564 4461 peccatum

299 4509 399 4546 σου
430 4495 534 4562 τὴν
567 4492 838 4561 ἁμαρτίαν
871 4491 964 4542 καὶ
990 4488 1090 4560 τὴν
1127 4486 1221 4540 τοῦ
1251 4485 1386 4539 Θεοῦ
1406 4485 1656 4537 παιδείαν
1678 4525 1691 4546 ,
1722 4485 1786 4536 δι’
1814 4485 1883 4555 ἢν

1991 4485 2166 4540 tuum,
2192 4491 2256 4529 ac
2282 4475 2628 4544 disciplinam
2655 4475 2770 4537 Dei,
2796 4491 2901 4545 qua
2935 4478 3066 4531 haec
3099 4480 3338 4543 subiisti,
3372 4493 3424 4538 te
3443 4498 3567 4536 cor-

296 4581 481 4636 ταῦτα
515 4581 752 4649 ὑπέστης
775 4619 790 4641 ,
831 4578 1119 4648 διόρθωσαι
1155 4579 1235 4640 εἰς
1265 4575 1326 4628 τὸ
1359 4575 1483 4644 ἑξῆς
1504 4591 1516 4603 ·
1553 4576 1647 4626 καὶ
1677 4574 1884 4644 ἐξωμο-

300 4672 581 4741 λογήσατο
602 4669 700 4739 τὴν
733 4669 1006 4740 ἁμαρτίαν
1040 4668 1105 4731 δ’,
1133 4668 1226 4721 καὶ
1263 4666 1429 4718 ἔδωκε
1468 4664 1623 4732 λόγον
1652 4664 1745 4717 τοῦ
1776 4683 1883 4735 μη-

300 4763 422 4815 κέτι
458 4761 776 4830 ἁμαρτῆσαι
808 4764 945 4830 μήτε
975 4759 1355 4828 λειτουργῆσαι
1388 4755 1464 4824 τῷ
1491 4755 1881 4826 θυσιαστηρίῳ,

299 4853 437 4906 ἀλλᾶ
499 4851 593 4903 τὸν
642 4851 823 4904 λαῖκὺν
878 4851 1226 4904 ἀσπάσασθαι
1277 4848 1512 4917 κλῆρον·
1566 4843 1664 4898 εἷθ’
1711 4847 1884 4910 οὓτως

302 4943 577 5011 ἐπέθηκεν
610 4941 756 5012 αὐτῷ
787 4944 976 5012 χεῖρας
1010 4943 1039 4993 ὁ
1071 4941 1248 5009 ἅγιος,
1278 4939 1373 4991 καὶ
1405 4940 1462 4991 ἐν
1495 4936 1704 5005 ὀλίγαις
1742 4939 1877 5008 ἡμέ-

1990 4569 2138 4636 rigas
2175 4567 2228 4619 in
2261 4575 2565 4635 posterum.
2598 4565 2700 4631 Qui
2744 4568 3033 4622 confessus
3060 4580 3142 4623 est
3175 4583 3476 4640 peccatum,
3511 4582 3567 4627 et

1991 4657 2149 4710 [idem
2178 4656 2347 4720 dedit,
2371 4671 2431 4710 se
2458 4671 2564 4709 non
2590 4656 2824 4724 amplius
2847 4672 2969 4710 esse
2989 4667 3362 4726 peccaturum,
3389 4675 3566 4728 neque

1988 4747 2143 4801 altari
2166 4748 2627 4813 ministraturum,
2659 4747 2751 4801 sed
2787 4747 2906 4801 laici
2936 4757 3137 4802 sortem
3163 4751 3560 4818 amplevurum.

1991 4841 2193 4895 Deinde
2215 4850 2441 4895 sanctus
2456 4842 2506 4893 ei
2530 4855 2724 4892 manus
2751 4840 3026 4909 imposuit.
3043 4840 3144 4906 Qui
3166 4841 3353 4909 paucis
3369 4840 3564 4896 diebus

1989 4941 2216 4987 sanatus
2255 4943 2370 4997 est;
2425 4930 2719 5000 capillique
2754 4930 2954 4999 capitis
2981 4931 3033 4984 ei
3067 4939 3388 4995 creverunt,
3418 4938 3474 4984 et
3508 4933 3563 4985 in

1577 5063 1836 5117 VARIAE
1865 5059 2271 5120 LECTIONES.

379 5189 401 5218 ο
436 5179 478 5232 Β
515 5179 877 5260 τεεευςαῖρν-
958 5181 1002 5260 ’τ
1031 5175 1341 5260 Pramo!
1362 5179 1401 5231 Α
1437 5173 1622 5260 ima:
1645 5177 1715 5230 έν
1733 5173 1839 5260 ,ςῖε
1866 5177 2073 5258 ἔκρινά
2120 5191 2278 5260 esse,
2309 5167 3066 5260 siczeﬁrargetfera’z.
3084 5165 3562 5260 {ita}???

311 5253 523 5306 ἐλθεῖν.
601 5251 643 5280 ¹¹
674 5250 717 5303 Α
742 5251 932 5318 μόνον
953 5251 1043 5302 τὸν
1072 5247 1219 5303 νοῦν.
1300 5253 1342 5280 ¹²
1367 5265 1419 5300 τι
1447 5247 1556 5302 om.
1588 5247 1643 5300 Β.

314 5324 358 5354 ³⁸
394 5323 461 5374 ἐν
495 5318 726 5389 ἐμαυτῷ
763 5336 873 5374 om.
905 5319 967 5374 Β.
1045 5321 1089 5351 ¹⁶
1123 5319 1164 5373 Β
1217 5319 1438 5386 ἄλλην.

303 5398 353 5427 ³⁸
380 5387 630 5456 Emend,
663 5389 750 5443 AB
794 5390 1156 5457 διαρκείσας.
1237 5391 1278 5419 ²¹
1313 5389 1351 5440 Β
1387 5387 1583 5440 πάντα
1609 5405 1760 5457 μου.

300 5464 361 5518 Β.
394 5464 442 5493 ’⁵
486 5461 526 5514 Δ
556 5463 623 5515 ἐκ
651 5460 771 5529 τῆς.

298 5533 479 5588 τοῦτο
508 5535 590 5598 εἰς
620 5525 816 5600 τῦεὲον
849 5529 892 5581 Β
924 5531 1010 5592 εὶς
1037 5531 1227 5596 τύφων
1269 5527 1526 5595 ἐμπέσω.
1597 5527 1642 5556 ’θ
1675 5527 1716 5578 Β
1742 5525 1810 5578 δέ
1833 5542 1982 5579 ποτε.
2063 5525 2108 5556 ³ο
2135 5525 2177 5576 Β
2203 5525 2342 5592 ἁγίῳ
2366 5525 2570 5599 τούτῳ.
2649 5525 2691 5550 ³⁸
2729 5525 2846 5573 ἀπὸ
2869 5534 2979 5609 om:
3017 5525 3091 5602 Β..
3156 5525 3200 5548 ³³
3227 5525 3267 5569 Β
3305 5525 3565 5583 παρεκά-

298 5609 478 5655 λεσω.
553 5605 654 5655 ³³Β
689 5600 914 5655 λέγων.
991 5598 1035 5629 ³⁵⁵
1073 5599 1172 5651 καὶ
1215 5613 1322 5651 om.
1368 5598 1428 5650 Β.
1501 5596 1545 5626 ³⁵
1573 5595 1661 5649 ὅτι
1690 5611 1796 5649 om.
1825 5595 1882 5648 Β.
1915 5597 1982 5627 ³⁵·
2038 5593 2362 5647 παιδεία-
2390 5594 2625 5655 ίαθηναι
2653 5603 2760 5641 om.
2789 5589 2848 5640 B.
2884 5589 2930 5619 "
3038 5593 3128 5642 hic
3153 5588 3260 5652 AB,
3297 5589 3434 5640 forte
3466 5601 3566 5655 pro

753 5656 802 5701 ³³
836 5668 943 5720 Pro
983 5667 1338 5738 καταφρονῶν
1391 5667 1842 5738 κατετόλμησενς
1875 5666 1932 5738 _B
1981 5662 2372 5738 κατατοτῖμῶν
2432 5657 2900 5738 κατεφρόνησεν.
2981 5658 3024 5690 ³⁷
3151 5657 3336 5738 αὑτὸν
3384 5656 3562 5738 linit.

298 5609 478 5660 λεσω.
553 5605 654 5656 ³³Β
689 5598 914 5660 λέγων.
991 5598 1035 5629 ³⁵⁵
1073 5599 1172 5651 καὶ
1215 5613 1322 5651 om.
1368 5598 1428 5650 Β.

298 5676 670 5757 ἐλειτούργει.

553 5600 914 5667 ηβαωη

1733 5249 1773 5278 ⁸³
1802 5242 1875 5302 Ex
1920 5242 2092 5318 coni,
2131 5242 2534 5318 AB_érrorj0'§_.
2566 5314 2577 5318 _
2617 5242 2658 5318 ’ξ
2681 5242 3068 5318 ΕκροιιὶηοΑΒ
3090 5250 3209 5318 προς

1516 5319 1558 5348 ⁸⁷
1599 5316 1671 5369 τὰ
1713 5333 1823 5370 om.
1860 5318 1903 5370 A
1984 5317 2030 5348 η
2068 5317 2107 5368 Α
2161 5314 2402 5367 πάντων
2478 5312 2521 5342 ¹⁹
2553 5314 2593 5363 Α
2633 5308 2902 5377 ἐμπέσις.
2939 5308 3020 5361 sic
3058 5309 3330 5378 saepius:
3377 5325 3474 5377 pro
3501 5327 3558 5378 η.

1834 5390 1879 5418 η
1918 5387 1948 5418 ιε

846 5390 1156 5457 ιαρκείσας.
1237 5391 1278 5419 ²¹
1313 5385 1583 5440 Βπὰντα
1619 5405 1760 5453 μου.
1834 5390 1879 5418 ’⁸
1916 5387 2143 5466 dic-om.
2192 5385 2257 5463 B1
2330 5385 2376 5412 "

846 5460 895 5490 ’°
926 5458 1028 5512 Pro
1079 5458 1331 5525 ποιῆσαι
1374 5458 1481 5510 τὸν
1521 5456 1674 5509 γοῦν
1708 5457 1748 5507 Β
1786 5457 1893 5509 τὸν
1922 5473 2073 5509 νοευν
2110 5467 2390 5522 τηρησαι.

2617 5241 2658 5271 ³⁸
2681 5239 2754 5291 Ex
2787 5237 3068 5307 coni.,iAB
3090 5237 3557 5307 προσανασχῶν.

2330 5382 2376 5412 ’³
2401 5375 2891 5448 καταφλεχθῆναι
2922 5375 3118 5448 om._B.
3161 5375 3175 5377 “
3195 5378 3240 5409 ’⁸
3266 5375 3425 5448 οὕτω
3447 5375 3558 5433 oni.

2466 5452 2508 5482 ⁸⁷
2540 5445 2582 5500 Β
2630 5445 2867 5502 λοιπόν.
2945 5448 2990 5478 ⁸⁸
3029 5445 3136 5501 Pro
3167 5445 3426 5516 λογισθῇ
3458 5465 3563 5516 μοι

2063 5525 2108 5556 ³⁸
2135 5516 2342 5592 Ε’ἀγίῳ
2366 5521 2570 5592 τούτῳ.
2649 5519 2691 5550 ³⁸
2729 5519 2846 5592 dat}
2869 5534 2979 5592 qm.
3016 5519 3090 5592 Β.
3156 5519 3267 5592 "_’__B
3301 5516 3565 5592 grapexd-

631 5726 732 5799 ᾸΒ
757 5739 816 5794 κ’
837 5738 972 5806 ἐγώ.
1030 5739 1072 5771 ³³
1101 5726 1283 5799 σόη-η
1311 5738 1353 5788 Λ
1373 5726 1744 5803 ἀποκρίνὲτὸ,
1765 5735 1806 5788 Β
1830 5735 2000 5804 λέγει.
2056 5737 2102 5768 ⁸ο
2123 5733 2223 5790 καί
2240 5726 2369 5803 ’τὴν
2388 5731 2496 5786 τοῦ
2527 5726 2672 5784 Θεοῦ
2693 5729 2970 5783 παιδείαν
2984 5728 3336 5799 -άμαρτίαν
3365 5740 3475 5781 om.
3502 5726 3564 5784 Β.

598 5845 898 5905 Ρλτιιοι..
941 5830 1055 5888 Gn.
1087 5829 1388 5889 XXXIV.

3239 5820 3274 5879 ’Ζ
