  <div class='ocr_page' id='page_1' title='image "/cluster/home/n/w/nwhite01/storage/ocr_20150623/34/coo.31924054869312/111.png"; bbox 0 0 4016 6418; ppageno 0'>
   <div class='ocr_carea' id='block_1_1' title="bbox 582 362 682 418">
    <p class='ocr_par' dir='ltr' id='par_1_1' title="bbox 582 362 682 418">
     <span class='ocr_line' id='line_1_1' title="bbox 582 362 682 418; baseline -0.04 -1"><span class='ocrx_word' id='word_1_1' title='bbox 582 362 682 418; x_wconf 70' lang='grc'><strong>195</strong></span> 
     </span>
    </p>
   </div>
   <div class='ocr_carea' id='block_1_2' title="bbox 1399 333 3794 425">
    <p class='ocr_par' dir='ltr' id='par_1_2' title="bbox 1399 333 3794 425">
     <span class='ocr_line' id='line_1_2' title="bbox 1399 333 3794 425; baseline 0.003 -12"><span class='ocrx_word' id='word_1_2' title='bbox 1399 359 1498 413; x_wconf 91' lang='lat' dir='ltr'><strong>SS.</strong></span> <span class='ocrx_word' id='word_1_3' title='bbox 1536 356 2002 414; x_wconf 79' lang='lat' dir='ltr'><strong>MACARIORUM</strong></span> <span class='ocrx_word' id='word_1_4' title='bbox 2045 354 2370 412; x_wconf 75' lang='lat' dir='ltr'><strong>AEGYPTH</strong></span> <span class='ocrx_word' id='word_1_5' title='bbox 2411 355 2502 410; x_wconf 84' lang='grc' dir='ltr'><strong>ΕΤ</strong></span> <span class='ocrx_word' id='word_1_6' title='bbox 2546 356 3014 411; x_wconf 71' lang='lat' dir='ltr'><strong>ALEXANDRINI</strong></span> <span class='ocrx_word' id='word_1_7' title='bbox 3607 333 3623 347; x_wconf 51' lang='lat'><strong>.</strong></span> <span class='ocrx_word' id='word_1_8' title='bbox 3703 368 3794 425; x_wconf 73' lang='grc'><strong>196</strong></span> 
     </span>
    </p>
   </div>
   <div class='ocr_carea' id='block_1_3' title="bbox 577 476 2151 550">
    <p class='ocr_par' dir='ltr' id='par_1_3' title="bbox 577 478 2145 550">
     <span class='ocr_line' id='line_1_3' title="bbox 577 478 2145 550; baseline -0.001 -17"><span class='ocrx_word' id='word_1_9' title='bbox 577 482 795 533; x_wconf 88' lang='lat' dir='ltr'><strong>domum</strong></span> <span class='ocrx_word' id='word_1_10' title='bbox 827 493 980 533; x_wconf 84' lang='lat' dir='ltr'><strong>suam</strong></span> <span class='ocrx_word' id='word_1_11' title='bbox 1015 493 1265 533; x_wconf 85' lang='lat' dir='ltr'><strong>reversus</strong></span> <span class='ocrx_word' id='word_1_12' title='bbox 1289 478 1607 550; x_wconf 83' lang='lat' dir='ltr'><strong>gloriﬁcavit</strong></span> <span class='ocrx_word' id='word_1_13' title='bbox 1630 479 1900 543; x_wconf 88' lang='lat' dir='ltr'><strong>Deum,ac</strong></span> <span class='ocrx_word' id='word_1_14' title='bbox 1939 479 2145 548; x_wconf 79' lang='lat' dir='ltr'><strong>gratias</strong></span> 
     </span>
    </p>
   </div>
   <div class='ocr_carea' id='block_1_4' title="bbox 2254 476 3800 550">
    <p class='ocr_par' dir='ltr' id='par_1_4' title="bbox 2255 476 3800 550">
     <span class='ocr_line' id='line_1_4' title="bbox 2255 476 3800 550; baseline 0.008 -23"><span class='ocrx_word' id='word_1_15' title='bbox 2255 494 2374 547; x_wconf 84' lang='grc' dir='ltr'>ραις</span> <span class='ocrx_word' id='word_1_16' title='bbox 2416 477 2539 545; x_wconf 82' lang='grc' dir='ltr'>ίάθη</span> <span class='ocrx_word' id='word_1_17' title='bbox 2587 476 2682 529; x_wconf 72' lang='grc' dir='ltr'>καὶ</span> <span class='ocrx_word' id='word_1_18' title='bbox 2716 477 2978 546; x_wconf 85' lang='grc' dir='ltr'>ἐτρίχωσε</span> <span class='ocrx_word' id='word_1_19' title='bbox 3025 479 3119 530; x_wconf 73' lang='grc' dir='ltr'>καὶ</span> <span class='ocrx_word' id='word_1_20' title='bbox 3161 478 3404 550; x_wconf 80' lang='grc' dir='ltr'><strong>ἀπῆλθεν</strong></span> <span class='ocrx_word' id='word_1_21' title='bbox 3428 481 3509 544; x_wconf 87' lang='grc' dir='ltr'><strong>είς</strong></span> <span class='ocrx_word' id='word_1_22' title='bbox 3544 481 3629 535; x_wconf 76' lang='grc' dir='ltr'>τὸν</span> <span class='ocrx_word' id='word_1_23' title='bbox 3669 477 3800 540; x_wconf 74' lang='grc' dir='ltr'>οἰκον</span> 
     </span>
    </p>
   </div>
   <div class='ocr_carea' id='block_1_5' title="bbox 579 573 931 642">
    <p class='ocr_par' dir='ltr' id='par_1_5' title="bbox 579 573 931 642">
     <span class='ocr_line' id='line_1_5' title="bbox 579 573 931 642; baseline 0 -18"><span class='ocrx_word' id='word_1_24' title='bbox 579 573 687 642; x_wconf 85' lang='lat' dir='ltr'><strong>egit</strong></span> <span class='ocrx_word' id='word_1_25' title='bbox 723 580 931 625; x_wconf 88' lang='lat' dir='ltr'><strong>sancto.</strong></span> 
     </span>
    </p>
   </div>
   <div class='ocr_carea' id='block_1_6' title="bbox 653 659 2150 734">
    <p class='ocr_par' dir='ltr' id='par_1_6' title="bbox 653 659 2150 734">
     <span class='ocr_line' id='line_1_6' title="bbox 653 659 2150 734; baseline -0.003 -18"><span class='ocrx_word' id='word_1_26' title='bbox 653 666 859 717; x_wconf 80' lang='lat' dir='ltr'><strong>llursus</strong></span> <span class='ocrx_word' id='word_1_27' title='bbox 880 663 986 716; x_wconf 86' lang='lat' dir='ltr'><strong>vidi</strong></span> <span class='ocrx_word' id='word_1_28' title='bbox 1014 662 1080 716; x_wconf 87' lang='lat' dir='ltr'><strong>ad</strong></span> <span class='ocrx_word' id='word_1_29' title='bbox 1103 678 1226 717; x_wconf 90' lang='lat' dir='ltr'><strong>eum</strong></span> <span class='ocrx_word' id='word_1_30' title='bbox 1253 661 1445 716; x_wconf 84' lang='lat' dir='ltr'><strong>adduci</strong></span> <span class='ocrx_word' id='word_1_31' title='bbox 1469 677 1693 734; x_wconf 85' lang='lat' dir='ltr'><strong>puerum</strong></span> <span class='ocrx_word' id='word_1_32' title='bbox 1727 675 1754 712; x_wconf 88' lang='lat' dir='ltr'><strong>a</strong></span> <span class='ocrx_word' id='word_1_33' title='bbox 1783 660 1974 729; x_wconf 90' lang='lat' dir='ltr'><strong>spiritu</strong></span> <span class='ocrx_word' id='word_1_34' title='bbox 1998 659 2150 713; x_wconf 83' lang='lat' dir='ltr'><strong>mali-</strong></span> 
     </span>
    </p>
   </div>
   <div class='ocr_carea' id='block_1_7' title="bbox 579 751 2149 823">
    <p class='ocr_par' dir='ltr' id='par_1_7' title="bbox 579 751 2149 823">
     <span class='ocr_line' id='line_1_7' title="bbox 579 751 2149 823; baseline -0.004 -15"><span class='ocrx_word' id='word_1_35' title='bbox 579 769 684 823; x_wconf 81' lang='lat' dir='ltr'><strong>gno</strong></span> <span class='ocrx_word' id='word_1_36' title='bbox 712 764 985 807; x_wconf 83' lang='lat' dir='ltr'><strong>vexatum.</strong></span> <span class='ocrx_word' id='word_1_37' title='bbox 1011 753 1108 808; x_wconf 88' lang='lat' dir='ltr'><strong>Cui</strong></span> <span class='ocrx_word' id='word_1_38' title='bbox 1140 760 1364 810; x_wconf 71' lang='lat' dir='ltr'><strong>sanctus</strong></span> <span class='ocrx_word' id='word_1_39' title='bbox 1388 768 1605 806; x_wconf 82' lang='lat' dir='ltr'><strong>manum</strong></span> <span class='ocrx_word' id='word_1_40' title='bbox 1630 751 1873 804; x_wconf 68' lang='lat' dir='ltr'><strong>dextram</strong></span> <span class='ocrx_word' id='word_1_41' title='bbox 1906 752 1958 804; x_wconf 94' lang='lat' dir='ltr'><strong>in</strong></span> <span class='ocrx_word' id='word_1_42' title='bbox 1986 758 2149 820; x_wconf 88' lang='lat' dir='ltr'><strong>caput</strong></span> 
     </span>
    </p>
   </div>
   <div class='ocr_carea' id='block_1_8' title="bbox 581 843 2147 921">
    <p class='ocr_par' dir='ltr' id='par_1_8' title="bbox 581 843 2147 921">
     <span class='ocr_line' id='line_1_8' title="bbox 581 843 2147 921; baseline -0.003 -24"><span class='ocrx_word' id='word_1_43' title='bbox 581 845 842 913; x_wconf 87' lang='lat' dir='ltr'><strong>imposuit</strong></span> <span class='ocrx_word' id='word_1_44' title='bbox 885 844 1040 921; x_wconf 69' lang='lat'><strong>261</strong></span> <span class='ocrx_word' id='word_1_45' title='bbox 1091 853 1144 896; x_wconf 92' lang='lat' dir='ltr'><strong>et</strong></span> <span class='ocrx_word' id='word_1_46' title='bbox 1173 845 1455 899; x_wconf 86' lang='lat' dir='ltr'><strong>sinistram</strong></span> <span class='ocrx_word' id='word_1_47' title='bbox 1487 859 1650 912; x_wconf 80' lang='lat' dir='ltr'><strong>supra</strong></span> <span class='ocrx_word' id='word_1_48' title='bbox 1695 858 1815 905; x_wconf 81' lang='lat' dir='ltr'><strong>cor,</strong></span> <span class='ocrx_word' id='word_1_49' title='bbox 1847 858 1910 895; x_wconf 84' lang='lat' dir='ltr'><strong>ac</strong></span> <span class='ocrx_word' id='word_1_50' title='bbox 1945 843 2147 894; x_wconf 88' lang='lat' dir='ltr'><strong>tamdiu</strong></span> 
     </span>
    </p>
   </div>
   <div class='ocr_carea' id='block_1_9' title="bbox 577 931 2151 1003">
    <p class='ocr_par' dir='ltr' id='par_1_9' title="bbox 577 931 2151 1003">
     <span class='ocr_line' id='line_1_9' title="bbox 577 931 2151 1003; baseline -0.003 -14"><span class='ocrx_word' id='word_1_51' title='bbox 577 937 775 998; x_wconf 88' lang='lat' dir='ltr'><strong>oravit,</strong></span> <span class='ocrx_word' id='word_1_52' title='bbox 809 938 980 990; x_wconf 87' lang='lat' dir='ltr'><strong>donec</strong></span> <span class='ocrx_word' id='word_1_53' title='bbox 1031 936 1251 990; x_wconf 82' lang='lat' dir='ltr'><strong>fecisset</strong></span> <span class='ocrx_word' id='word_1_54' title='bbox 1291 952 1412 989; x_wconf 92' lang='lat' dir='ltr'><strong>eum</strong></span> <span class='ocrx_word' id='word_1_55' title='bbox 1448 935 1681 1003; x_wconf 87' lang='lat' dir='ltr'><strong>pendere</strong></span> <span class='ocrx_word' id='word_1_56' title='bbox 1726 935 1780 987; x_wconf 92' lang='lat' dir='ltr'><strong>in</strong></span> <span class='ocrx_word' id='word_1_57' title='bbox 1835 948 1978 986; x_wconf 85' lang='lat' dir='ltr'><strong>aere.</strong></span> <span class='ocrx_word' id='word_1_58' title='bbox 2014 931 2151 984; x_wconf 86' lang='lat' dir='ltr'><strong>Puer</strong></span> 
     </span>
    </p>
   </div>
   <div class='ocr_carea' id='block_1_10' title="bbox 579 1025 2149 1095">
    <p class='ocr_par' dir='ltr' id='par_1_10' title="bbox 579 1025 2149 1095">
     <span class='ocr_line' id='line_1_10' title="bbox 579 1025 2149 1095; baseline -0.002 -17"><span class='ocrx_word' id='word_1_59' title='bbox 579 1026 763 1095; x_wconf 79' lang='lat' dir='ltr'><strong>igitur,</strong></span> <span class='ocrx_word' id='word_1_60' title='bbox 801 1032 942 1080; x_wconf 80' lang='lat' dir='ltr'><strong>sicut</strong></span> <span class='ocrx_word' id='word_1_61' title='bbox 993 1038 1116 1079; x_wconf 87' lang='lat' dir='ltr'><strong>uter</strong></span> <span class='ocrx_word' id='word_1_62' title='bbox 1149 1025 1393 1088; x_wconf 86' lang='lat' dir='ltr'><strong>inﬂatus,</strong></span> <span class='ocrx_word' id='word_1_63' title='bbox 1419 1025 1473 1077; x_wconf 92' lang='lat' dir='ltr'><strong>in</strong></span> <span class='ocrx_word' id='word_1_64' title='bbox 1510 1040 1737 1093; x_wconf 82' lang='lat' dir='ltr'><strong>corpore</strong></span> <span class='ocrx_word' id='word_1_65' title='bbox 1781 1025 2149 1090; x_wconf 78' lang='lat' dir='ltr'><strong>maximopere</strong></span> 
     </span>
    </p>
   </div>
   <div class='ocr_carea' id='block_1_11' title="bbox 579 1113 2150 1184">
    <p class='ocr_par' dir='ltr' id='par_1_11' title="bbox 579 1113 2150 1184">
     <span class='ocr_line' id='line_1_11' title="bbox 579 1113 2150 1184; baseline -0.002 -16"><span class='ocrx_word' id='word_1_66' title='bbox 579 1116 857 1176; x_wconf 88' lang='lat' dir='ltr'><strong>intumuit,</strong></span> <span class='ocrx_word' id='word_1_67' title='bbox 909 1114 1122 1176; x_wconf 87' lang='lat' dir='ltr'><strong>deinde,</strong></span> <span class='ocrx_word' id='word_1_68' title='bbox 1177 1129 1344 1184; x_wconf 92' lang='lat' dir='ltr'><strong>quum</strong></span> <span class='ocrx_word' id='word_1_69' title='bbox 1397 1113 1580 1168; x_wconf 90' lang='lat' dir='ltr'><strong>subito</strong></span> <span class='ocrx_word' id='word_1_70' title='bbox 1637 1113 2020 1171; x_wconf 80' lang='lat' dir='ltr'><strong>exclamasset.</strong></span> <span class='ocrx_word' id='word_1_71' title='bbox 2054 1127 2150 1180; x_wconf 86' lang='lat' dir='ltr'><strong>per</strong></span> 
     </span>
    </p>
   </div>
   <div class='ocr_carea' id='block_1_12' title="bbox 577 1203 2147 1273">
    <p class='ocr_par' dir='ltr' id='par_1_12' title="bbox 577 1203 2147 1273">
     <span class='ocr_line' id='line_1_12' title="bbox 577 1203 2147 1273; baseline -0.003 -14"><span class='ocrx_word' id='word_1_72' title='bbox 577 1221 769 1260; x_wconf 91' lang='lat' dir='ltr'><strong>omnes</strong></span> <span class='ocrx_word' id='word_1_73' title='bbox 806 1220 999 1259; x_wconf 90' lang='lat' dir='ltr'><strong>sensus</strong></span> <span class='ocrx_word' id='word_1_74' title='bbox 1025 1219 1218 1273; x_wconf 90' lang='lat' dir='ltr'><strong>aquam</strong></span> <span class='ocrx_word' id='word_1_75' title='bbox 1251 1203 1451 1269; x_wconf 88' lang='lat' dir='ltr'><strong>emisit;</strong></span> <span class='ocrx_word' id='word_1_76' title='bbox 1489 1219 1628 1271; x_wconf 89' lang='lat' dir='ltr'><strong>quae</strong></span> <span class='ocrx_word' id='word_1_77' title='bbox 1672 1219 1837 1272; x_wconf 90' lang='lat' dir='ltr'><strong>quum</strong></span> <span class='ocrx_word' id='word_1_78' title='bbox 1871 1204 2147 1265; x_wconf 77' lang='lat' dir='ltr'><strong>desiisset,</strong></span> 
     </span>
    </p>
   </div>
   <div class='ocr_carea' id='block_1_13' title="bbox 578 1293 2149 1364">
    <p class='ocr_par' dir='ltr' id='par_1_13' title="bbox 578 1293 2149 1364">
     <span class='ocr_line' id='line_1_13' title="bbox 578 1293 2149 1364; baseline 0 -16"><span class='ocrx_word' id='word_1_79' title='bbox 578 1297 632 1348; x_wconf 90' lang='lat' dir='ltr'><strong>in</strong></span> <span class='ocrx_word' id='word_1_80' title='bbox 662 1312 802 1358; x_wconf 91' lang='lat' dir='ltr'><strong>eam,</strong></span> <span class='ocrx_word' id='word_1_81' title='bbox 835 1296 1114 1363; x_wconf 88' lang='lat' dir='ltr'><strong>quainitio</strong></span> <span class='ocrx_word' id='word_1_82' title='bbox 1138 1295 1330 1359; x_wconf 79' lang='lat' dir='ltr'><strong>fuerat,</strong></span> <span class='ocrx_word' id='word_1_83' title='bbox 1360 1310 1674 1349; x_wconf 88' lang='lat' dir='ltr'><strong>mensuram</strong></span> <span class='ocrx_word' id='word_1_84' title='bbox 1703 1295 1884 1349; x_wconf 88' lang='lat' dir='ltr'><strong>rediit.</strong></span> <span class='ocrx_word' id='word_1_85' title='bbox 1908 1293 2149 1364; x_wconf 86' lang='lat' dir='ltr'><strong>Eumque</strong></span> 
     </span>
    </p>
   </div>
   <div class='ocr_carea' id='block_1_14' title="bbox 577 1387 2153 1456">
    <p class='ocr_par' dir='ltr' id='par_1_14' title="bbox 577 1387 2153 1456">
     <span class='ocr_line' id='line_1_14' title="bbox 577 1387 2153 1456; baseline -0.002 -15"><span class='ocrx_word' id='word_1_86' title='bbox 577 1402 742 1456; x_wconf 91' lang='lat' dir='ltr'><strong>quum</strong></span> <span class='ocrx_word' id='word_1_87' title='bbox 774 1387 893 1441; x_wconf 90' lang='lat' dir='ltr'><strong>oleo</strong></span> <span class='ocrx_word' id='word_1_88' title='bbox 920 1397 1112 1441; x_wconf 88' lang='lat' dir='ltr'><strong>sancto</strong></span> <span class='ocrx_word' id='word_1_89' title='bbox 1152 1387 1403 1440; x_wconf 79' lang='lat' dir='ltr'><strong>tinxisset</strong></span> <span class='ocrx_word' id='word_1_90' title='bbox 1429 1397 1477 1440; x_wconf 89' lang='lat' dir='ltr'><strong>et</strong></span> <span class='ocrx_word' id='word_1_91' title='bbox 1526 1401 1666 1456; x_wconf 90' lang='lat' dir='ltr'><strong>aqua</strong></span> <span class='ocrx_word' id='word_1_92' title='bbox 1707 1387 1992 1440; x_wconf 85' lang='lat' dir='ltr'><strong>benedicta</strong></span> <span class='ocrx_word' id='word_1_93' title='bbox 2027 1401 2153 1455; x_wconf 90' lang='lat' dir='ltr'><strong>per-</strong></span> 
     </span>
    </p>
   </div>
   <div class='ocr_carea' id='block_1_15' title="bbox 576 1476 2151 1545">
    <p class='ocr_par' dir='ltr' id='par_1_15' title="bbox 576 1476 2151 1545">
     <span class='ocr_line' id='line_1_15' title="bbox 576 1476 2151 1545; baseline 0 -15"><span class='ocrx_word' id='word_1_94' title='bbox 576 1477 828 1540; x_wconf 81' lang='lat' dir='ltr'><strong>fudisset,</strong></span> <span class='ocrx_word' id='word_1_95' title='bbox 875 1477 1013 1545; x_wconf 88' lang='lat' dir='ltr'><strong>patri</strong></span> <span class='ocrx_word' id='word_1_96' title='bbox 1061 1476 1318 1538; x_wconf 88' lang='lat' dir='ltr'><strong>reddidit,</strong></span> <span class='ocrx_word' id='word_1_97' title='bbox 1370 1491 1433 1530; x_wconf 88' lang='lat' dir='ltr'><strong>ac</strong></span> <span class='ocrx_word' id='word_1_98' title='bbox 1465 1477 1660 1542; x_wconf 83' lang='lat' dir='ltr'><strong>vetuit,</strong></span> <span class='ocrx_word' id='word_1_99' title='bbox 1694 1492 1762 1531; x_wconf 90' lang='lat' dir='ltr'><strong>ne</strong></span> <span class='ocrx_word' id='word_1_100' title='bbox 1798 1492 2016 1530; x_wconf 86' lang='lat' dir='ltr'><strong>carnem</strong></span> <span class='ocrx_word' id='word_1_101' title='bbox 2049 1490 2151 1530; x_wconf 91' lang='lat' dir='ltr'><strong>nec</strong></span> 
     </span>
    </p>
   </div>
   <div class='ocr_carea' id='block_1_16' title="bbox 578 1557 2148 1640">
    <p class='ocr_par' dir='ltr' id='par_1_16' title="bbox 578 1557 2148 1640">
     <span class='ocr_line' id='line_1_16' title="bbox 578 1557 2148 1640; baseline -0.003 -15"><span class='ocrx_word' id='word_1_102' title='bbox 578 1571 761 1626; x_wconf 93' lang='lat' dir='ltr'><strong>vinum</strong></span> <span class='ocrx_word' id='word_1_103' title='bbox 793 1557 1083 1640; x_wconf 82' lang='lat' dir='ltr'><strong>attingeret</strong></span> <span class='ocrx_word' id='word_1_104' title='bbox 1104 1568 1457 1640; x_wconf 79' lang='lat' dir='ltr'><strong>quadraginta</strong></span> <span class='ocrx_word' id='word_1_105' title='bbox 1481 1569 1690 1624; x_wconf 87' lang='lat' dir='ltr'><strong>diebus.</strong></span> <span class='ocrx_word' id='word_1_106' title='bbox 1719 1567 1893 1623; x_wconf 85' lang='lat' dir='ltr'><strong>Puero</strong></span> <span class='ocrx_word' id='word_1_107' title='bbox 1927 1568 2148 1637; x_wconf 89' lang='lat' dir='ltr'><strong>quidem</strong></span> 
     </span>
    </p>
   </div>
   <div class='ocr_carea' id='block_1_17' title="bbox 575 1661 1270 1717">
    <p class='ocr_par' dir='ltr' id='par_1_17' title="bbox 575 1661 1270 1717">
     <span class='ocr_line' id='line_1_17' title="bbox 575 1661 1270 1717; baseline -0.006 -2"><span class='ocrx_word' id='word_1_108' title='bbox 575 1664 646 1715; x_wconf 89' lang='lat' dir='ltr'><strong>ita</strong></span> <span class='ocrx_word' id='word_1_109' title='bbox 677 1672 874 1716; x_wconf 88' lang='lat' dir='ltr'><strong>sanato</strong></span> <span class='ocrx_word' id='word_1_110' title='bbox 904 1677 1000 1717; x_wconf 90' lang='lat' dir='ltr'><strong>eos</strong></span> <span class='ocrx_word' id='word_1_111' title='bbox 1043 1661 1270 1715; x_wconf 87' lang='lat' dir='ltr'><strong>dimisit.</strong></span> 
     </span>
    </p>
   </div>
   <div class='ocr_carea' id='block_1_18' title="bbox 649 1832 2230 1904">
    <p class='ocr_par' dir='ltr' id='par_1_18' title="bbox 649 1832 2230 1904">
     <span class='ocr_line' id='line_1_18' title="bbox 649 1832 2230 1904; baseline -0.004 -14"><span class='ocrx_word' id='word_1_112' title='bbox 649 1837 808 1891; x_wconf 83' lang='lat' dir='ltr'><strong>llunc</strong></span> <span class='ocrx_word' id='word_1_113' title='bbox 846 1835 1143 1888; x_wconf 78' lang='lat' dir='ltr'><strong>Macarium</strong></span> <span class='ocrx_word' id='word_1_114' title='bbox 1179 1847 1436 1903; x_wconf 87' lang='lat' dir='ltr'><strong>magnum</strong></span> <span class='ocrx_word' id='word_1_115' title='bbox 1460 1832 1737 1902; x_wconf 89' lang='lat' dir='ltr'><strong>quondam</strong></span> <span class='ocrx_word' id='word_1_116' title='bbox 1774 1840 2042 1884; x_wconf 81' lang='lat' dir='ltr'><strong>vexarunt</strong></span> <span class='ocrx_word' id='word_1_117' title='bbox 2071 1847 2157 1885; x_wconf 83' lang='lat' dir='ltr'><strong>co-</strong></span> <span class='ocrx_word' id='word_1_118' title='bbox 2190 1851 2230 1904; x_wconf 73' lang='grc' dir='ltr'><strong><em>Β</em></strong></span> 
     </span>
    </p>
   </div>
   <div class='ocr_carea' id='block_1_19' title="bbox 576 1923 2161 2000">
    <p class='ocr_par' dir='ltr' id='par_1_19' title="bbox 576 1923 2161 2000">
     <span class='ocr_line' id='line_1_19' title="bbox 576 1923 2161 2000; baseline -0.003 -17"><span class='ocrx_word' id='word_1_119' title='bbox 576 1929 876 2000; x_wconf 87' lang='lat' dir='ltr'><strong>gitatioues</strong></span> <span class='ocrx_word' id='word_1_120' title='bbox 915 1942 1088 1979; x_wconf 87' lang='lat' dir='ltr'><strong>vanae</strong></span> <span class='ocrx_word' id='word_1_121' title='bbox 1137 1925 1364 1996; x_wconf 77' lang='lat' dir='ltr'><strong>gloriae,</strong></span> <span class='ocrx_word' id='word_1_122' title='bbox 1404 1938 1544 1994; x_wconf 87' lang='lat' dir='ltr'><strong>quae</strong></span> <span class='ocrx_word' id='word_1_123' title='bbox 1574 1938 1698 1976; x_wconf 88' lang='lat' dir='ltr'><strong>eum</strong></span> <span class='ocrx_word' id='word_1_124' title='bbox 1735 1936 1766 1976; x_wconf 92' lang='lat' dir='ltr'><strong>e</strong></span> <span class='ocrx_word' id='word_1_125' title='bbox 1798 1923 1934 1976; x_wconf 87' lang='lat' dir='ltr'><strong>cella</strong></span> <span class='ocrx_word' id='word_1_126' title='bbox 1963 1923 2161 1991; x_wconf 80' lang='lat' dir='ltr'><strong>ejicere</strong></span> 
     </span>
    </p>
   </div>
   <div class='ocr_carea' id='block_1_20' title="bbox 579 2017 2158 2091">
    <p class='ocr_par' dir='ltr' id='par_1_20' title="bbox 579 2017 2158 2091">
     <span class='ocr_line' id='line_1_20' title="bbox 579 2017 2158 2091; baseline -0.005 -11"><span class='ocrx_word' id='word_1_127' title='bbox 579 2031 881 2085; x_wconf 83' lang='lat' dir='ltr'><strong>tentarunt,</strong></span> <span class='ocrx_word' id='word_1_128' title='bbox 899 2030 951 2075; x_wconf 91' lang='lat' dir='ltr'><strong>et</strong></span> <span class='ocrx_word' id='word_1_129' title='bbox 969 2027 1353 2091; x_wconf 82' lang='lat' dir='ltr'><strong>suggesserunt</strong></span> <span class='ocrx_word' id='word_1_130' title='bbox 1375 2019 1446 2082; x_wconf 90' lang='lat' dir='ltr'><strong>ei,</strong></span> <span class='ocrx_word' id='word_1_131' title='bbox 1463 2026 1523 2071; x_wconf 92' lang='lat' dir='ltr'><strong>ut</strong></span> <span class='ocrx_word' id='word_1_132' title='bbox 1538 2017 1966 2087; x_wconf 88' lang='lat' dir='ltr'><strong>dispensationis</strong></span> <span class='ocrx_word' id='word_1_133' title='bbox 1984 2020 2158 2088; x_wconf 86' lang='lat' dir='ltr'><strong>gratia</strong></span> 
     </span>
    </p>
   </div>
   <div class='ocr_carea' id='block_1_21' title="bbox 578 2116 2158 2188">
    <p class='ocr_par' dir='ltr' id='par_1_21' title="bbox 578 2116 2158 2188">
     <span class='ocr_line' id='line_1_21' title="bbox 578 2116 2158 2188; baseline -0.001 -17"><span class='ocrx_word' id='word_1_134' title='bbox 578 2117 808 2172; x_wconf 80' lang='lat' dir='ltr'><strong>Romam</strong></span> <span class='ocrx_word' id='word_1_135' title='bbox 844 2125 1110 2188; x_wconf 75' lang='lat' dir='ltr'><strong>pergeret,</strong></span> <span class='ocrx_word' id='word_1_136' title='bbox 1139 2117 1450 2184; x_wconf 88' lang='lat' dir='ltr'><strong>justamque</strong></span> <span class='ocrx_word' id='word_1_137' title='bbox 1479 2131 1703 2169; x_wconf 84' lang='lat' dir='ltr'><strong>causam</strong></span> <span class='ocrx_word' id='word_1_138' title='bbox 1731 2116 2036 2186; x_wconf 87' lang='lat' dir='ltr'><strong>allegarunt</strong></span> <span class='ocrx_word' id='word_1_139' title='bbox 2069 2131 2158 2170; x_wconf 87' lang='lat' dir='ltr'><strong>sa-</strong></span> 
     </span>
    </p>
   </div>
   <div class='ocr_carea' id='block_1_22' title="bbox 582 2208 2157 2279">
    <p class='ocr_par' dir='ltr' id='par_1_22' title="bbox 582 2208 2157 2279">
     <span class='ocr_line' id='line_1_22' title="bbox 582 2208 2157 2279; baseline -0.001 -15"><span class='ocrx_word' id='word_1_140' title='bbox 582 2212 858 2266; x_wconf 86' lang='lat' dir='ltr'><strong>nationem</strong></span> <span class='ocrx_word' id='word_1_141' title='bbox 906 2225 1119 2271; x_wconf 86' lang='lat' dir='ltr'><strong>eorum.</strong></span> <span class='ocrx_word' id='word_1_142' title='bbox 1154 2208 1247 2279; x_wconf 91' lang='lat' dir='ltr'><strong>qui</strong></span> <span class='ocrx_word' id='word_1_143' title='bbox 1292 2209 1364 2261; x_wconf 94' lang='lat' dir='ltr'><strong>ibi</strong></span> <span class='ocrx_word' id='word_1_144' title='bbox 1397 2221 1547 2274; x_wconf 90' lang='lat' dir='ltr'><strong>sunt,</strong></span> <span class='ocrx_word' id='word_1_145' title='bbox 1589 2209 1952 2263; x_wconf 80' lang='lat' dir='ltr'><strong>inﬁrmorum.</strong></span> <span class='ocrx_word' id='word_1_146' title='bbox 1989 2208 2157 2262; x_wconf 75' lang='lat' dir='ltr'><strong>Valde</strong></span> 
     </span>
    </p>
   </div>
   <div class='ocr_carea' id='block_1_23' title="bbox 579 2300 2152 2372">
    <p class='ocr_par' dir='ltr' id='par_1_23' title="bbox 579 2300 2152 2372">
     <span class='ocr_line' id='line_1_23' title="bbox 579 2300 2152 2372; baseline -0.001 -16"><span class='ocrx_word' id='word_1_147' title='bbox 579 2303 723 2357; x_wconf 90' lang='lat' dir='ltr'><strong>enim</strong></span> <span class='ocrx_word' id='word_1_148' title='bbox 764 2303 816 2355; x_wconf 94' lang='lat' dir='ltr'><strong>in</strong></span> <span class='ocrx_word' id='word_1_149' title='bbox 841 2318 906 2356; x_wconf 82' lang='lat' dir='ltr'><strong>eo</strong></span> <span class='ocrx_word' id='word_1_150' title='bbox 930 2302 1194 2356; x_wconf 88' lang='lat' dir='ltr'><strong>adversus</strong></span> <span class='ocrx_word' id='word_1_151' title='bbox 1231 2300 1454 2369; x_wconf 87' lang='lat' dir='ltr'><strong>spiritus</strong></span> <span class='ocrx_word' id='word_1_152' title='bbox 1482 2302 1813 2371; x_wconf 86' lang='lat' dir='ltr'><strong>operabatur</strong></span> <span class='ocrx_word' id='word_1_153' title='bbox 1836 2304 2009 2372; x_wconf 86' lang='lat' dir='ltr'><strong>gratia</strong></span> <span class='ocrx_word' id='word_1_154' title='bbox 2046 2300 2152 2354; x_wconf 86' lang='lat' dir='ltr'><strong>Do-</strong></span> 
     </span>
    </p>
   </div>
   <div class='ocr_carea' id='block_1_24' title="bbox 577 2392 2152 2464">
    <p class='ocr_par' dir='ltr' id='par_1_24' title="bbox 577 2392 2152 2464">
     <span class='ocr_line' id='line_1_24' title="bbox 577 2392 2152 2464; baseline -0.001 -16"><span class='ocrx_word' id='word_1_155' title='bbox 577 2395 730 2448; x_wconf 87' lang='lat' dir='ltr'><strong>mini.</strong></span> <span class='ocrx_word' id='word_1_156' title='bbox 764 2393 947 2464; x_wconf 85' lang='lat' dir='ltr'><strong>Longo</strong></span> <span class='ocrx_word' id='word_1_157' title='bbox 969 2402 1146 2447; x_wconf 91' lang='lat' dir='ltr'><strong>autem</strong></span> <span class='ocrx_word' id='word_1_158' title='bbox 1179 2401 1423 2462; x_wconf 89' lang='lat' dir='ltr'><strong>tempore</strong></span> <span class='ocrx_word' id='word_1_159' title='bbox 1449 2392 1516 2447; x_wconf 88' lang='lat' dir='ltr'><strong>ab</strong></span> <span class='ocrx_word' id='word_1_160' title='bbox 1564 2393 1631 2447; x_wconf 92' lang='lat' dir='ltr'><strong>iis</strong></span> <span class='ocrx_word' id='word_1_161' title='bbox 1660 2401 1953 2457; x_wconf 84' lang='lat' dir='ltr'><strong>tentatum,</strong></span> <span class='ocrx_word' id='word_1_162' title='bbox 1984 2408 2152 2463; x_wconf 90' lang='lat' dir='ltr'><strong>quum</strong></span> 
     </span>
    </p>
   </div>
   <div class='ocr_carea' id='block_1_25' title="bbox 574 2483 2148 2554">
    <p class='ocr_par' dir='ltr' id='par_1_25' title="bbox 574 2483 2148 2554">
     <span class='ocr_line' id='line_1_25' title="bbox 574 2483 2148 2554; baseline -0.002 -15"><span class='ocrx_word' id='word_1_163' title='bbox 574 2501 682 2539; x_wconf 90' lang='lat' dir='ltr'><strong>non</strong></span> <span class='ocrx_word' id='word_1_164' title='bbox 734 2485 1052 2548; x_wconf 88' lang='lat' dir='ltr'><strong>obediisset,</strong></span> <span class='ocrx_word' id='word_1_165' title='bbox 1106 2492 1164 2537; x_wconf 92' lang='lat' dir='ltr'><strong>ut</strong></span> <span class='ocrx_word' id='word_1_166' title='bbox 1212 2483 1578 2552; x_wconf 79' lang='lat' dir='ltr'><strong>egrederetur,</strong></span> <span class='ocrx_word' id='word_1_167' title='bbox 1632 2483 1817 2538; x_wconf 89' lang='lat' dir='ltr'><strong>acrius</strong></span> <span class='ocrx_word' id='word_1_168' title='bbox 1852 2485 2148 2554; x_wconf 82' lang='lat' dir='ltr'><strong>agitarunt.</strong></span> 
     </span>
    </p>
   </div>
   <div class='ocr_carea' id='block_1_26' title="bbox 571 2574 2152 2645">
    <p class='ocr_par' dir='ltr' id='par_1_26' title="bbox 571 2574 2152 2645">
     <span class='ocr_line' id='line_1_26' title="bbox 571 2574 2152 2645; baseline 0.001 -17"><span class='ocrx_word' id='word_1_169' title='bbox 571 2575 886 2630; x_wconf 85' lang='lat' dir='ltr'><strong>Prostratus</strong></span> <span class='ocrx_word' id='word_1_170' title='bbox 909 2575 1072 2645; x_wconf 81' lang='lat' dir='ltr'><strong>igitur</strong></span> <span class='ocrx_word' id='word_1_171' title='bbox 1097 2584 1319 2628; x_wconf 87' lang='lat' dir='ltr'><strong>sanctus</strong></span> <span class='ocrx_word' id='word_1_172' title='bbox 1349 2575 1402 2628; x_wconf 89' lang='lat' dir='ltr'><strong>in</strong></span> <span class='ocrx_word' id='word_1_173' title='bbox 1423 2575 1606 2628; x_wconf 88' lang='lat' dir='ltr'><strong>limine</strong></span> <span class='ocrx_word' id='word_1_174' title='bbox 1631 2574 1801 2628; x_wconf 86' lang='lat' dir='ltr'><strong>cellae</strong></span> <span class='ocrx_word' id='word_1_175' title='bbox 1826 2589 1962 2630; x_wconf 87' lang='lat' dir='ltr'><strong>suae</strong></span> <span class='ocrx_word' id='word_1_176' title='bbox 1984 2574 2152 2645; x_wconf 87' lang='lat' dir='ltr'><strong>pedes</strong></span> 
     </span>
    </p>
   </div>
   <div class='ocr_carea' id='block_1_27' title="bbox 573 2663 2148 2734">
    <p class='ocr_par' dir='ltr' id='par_1_27' title="bbox 573 2663 2148 2734">
     <span class='ocr_line' id='line_1_27' title="bbox 573 2663 2148 2734; baseline 0.001 -15"><span class='ocrx_word' id='word_1_177' title='bbox 573 2665 720 2719; x_wconf 79' lang='lat' dir='ltr'><strong>foras</strong></span> <span class='ocrx_word' id='word_1_178' title='bbox 748 2665 951 2727; x_wconf 89' lang='lat' dir='ltr'><strong>emisit,</strong></span> <span class='ocrx_word' id='word_1_179' title='bbox 971 2663 1435 2734; x_wconf 86' lang='lat' dir='ltr'><strong>daemonibusque</strong></span> <span class='ocrx_word' id='word_1_180' title='bbox 1455 2680 1625 2719; x_wconf 89' lang='lat' dir='ltr'><strong>vanae</strong></span> <span class='ocrx_word' id='word_1_181' title='bbox 1637 2665 1877 2733; x_wconf 83' lang='lat' dir='ltr'><strong>gloriae:</strong></span> <span class='ocrx_word' id='word_1_182' title='bbox 1903 2664 2148 2730; x_wconf 87' lang='lat' dir='ltr'><strong>Trahite,</strong></span> 
     </span>
    </p>
   </div>
   <div class='ocr_carea' id='block_1_28' title="bbox 573 2756 2148 2830">
    <p class='ocr_par' dir='ltr' id='par_1_28' title="bbox 573 2756 2148 2830">
     <span class='ocr_line' id='line_1_28' title="bbox 573 2756 2148 2830; baseline 0.001 -18"><span class='ocrx_word' id='word_1_183' title='bbox 573 2759 769 2828; x_wconf 88' lang='lat' dir='ltr'><strong>inquit,</strong></span> <span class='ocrx_word' id='word_1_184' title='bbox 817 2773 902 2811; x_wconf 90' lang='lat' dir='ltr'><strong>me</strong></span> <span class='ocrx_word' id='word_1_185' title='bbox 939 2764 992 2812; x_wconf 93' lang='lat' dir='ltr'><strong>et</strong></span> <span class='ocrx_word' id='word_1_186' title='bbox 1040 2758 1238 2820; x_wconf 79' lang='lat' dir='ltr'><strong>vellite,</strong></span> <span class='ocrx_word' id='word_1_187' title='bbox 1282 2756 1600 2820; x_wconf 82' lang='lat' dir='ltr'><strong>daemones,</strong></span> <span class='ocrx_word' id='word_1_188' title='bbox 1652 2759 1696 2811; x_wconf 89' lang='lat' dir='ltr'><strong>si</strong></span> <span class='ocrx_word' id='word_1_189' title='bbox 1747 2759 2000 2828; x_wconf 89' lang='lat' dir='ltr'><strong>potestis.</strong></span> <span class='ocrx_word' id='word_1_190' title='bbox 2037 2757 2148 2830; x_wconf 84' lang='lat' dir='ltr'><strong>Ego</strong></span> 
     </span>
    </p>
   </div>
   <div class='ocr_carea' id='block_1_29' title="bbox 465 2847 2150 2918">
    <p class='ocr_par' dir='ltr' id='par_1_29' title="bbox 465 2847 2150 2918">
     <span class='ocr_line' id='line_1_29' title="bbox 465 2847 2150 2918; baseline -0.001 -14"><span class='ocrx_word' id='word_1_191' title='bbox 465 2897 473 2903; x_wconf 90' lang='lat'><strong>.</strong></span> <span class='ocrx_word' id='word_1_192' title='bbox 569 2849 715 2904; x_wconf 89' lang='lat' dir='ltr'><strong>enim</strong></span> <span class='ocrx_word' id='word_1_193' title='bbox 763 2849 898 2902; x_wconf 90' lang='lat' dir='ltr'><strong>meis</strong></span> <span class='ocrx_word' id='word_1_194' title='bbox 959 2847 1187 2916; x_wconf 85' lang='lat' dir='ltr'><strong>pedibus</strong></span> <span class='ocrx_word' id='word_1_195' title='bbox 1217 2848 1354 2901; x_wconf 88' lang='lat' dir='ltr'><strong>alias</strong></span> <span class='ocrx_word' id='word_1_196' title='bbox 1402 2864 1508 2901; x_wconf 91' lang='lat' dir='ltr'><strong>non</strong></span> <span class='ocrx_word' id='word_1_197' title='bbox 1556 2849 1735 2902; x_wconf 85' lang='lat' dir='ltr'><strong>abibo.</strong></span> <span class='ocrx_word' id='word_1_198' title='bbox 1775 2847 1868 2902; x_wconf 91' lang='lat' dir='ltr'><strong>Sin</strong></span> <span class='ocrx_word' id='word_1_199' title='bbox 1923 2850 2150 2918; x_wconf 84' lang='lat' dir='ltr'><strong>potestis</strong></span> 
     </span>
    </p>
   </div>
   <div class='ocr_carea' id='block_1_30' title="bbox 571 2939 2149 3012">
    <p class='ocr_par' dir='ltr' id='par_1_30' title="bbox 571 2939 2149 3012">
     <span class='ocr_line' id='line_1_30' title="bbox 571 2939 2149 3012; baseline 0.001 -18"><span class='ocrx_word' id='word_1_200' title='bbox 571 2942 736 2996; x_wconf 89' lang='lat' dir='ltr'><strong>talem</strong></span> <span class='ocrx_word' id='word_1_201' title='bbox 766 2957 850 2994; x_wconf 90' lang='lat' dir='ltr'><strong>me</strong></span> <span class='ocrx_word' id='word_1_202' title='bbox 881 2941 1190 3008; x_wconf 88' lang='lat' dir='ltr'><strong>deportare,</strong></span> <span class='ocrx_word' id='word_1_203' title='bbox 1233 2955 1342 3009; x_wconf 93' lang='lat' dir='ltr'><strong>quo</strong></span> <span class='ocrx_word' id='word_1_204' title='bbox 1369 2939 1574 3003; x_wconf 88' lang='lat' dir='ltr'><strong>dicitis,</strong></span> <span class='ocrx_word' id='word_1_205' title='bbox 1611 2943 1942 3010; x_wconf 82' lang='lat' dir='ltr'><strong>perveniam.</strong></span> <span class='ocrx_word' id='word_1_206' title='bbox 1972 2943 2149 3012; x_wconf 87' lang='lat' dir='ltr'><strong>Atque</strong></span> 
     </span>
    </p>
   </div>
   <div class='ocr_carea' id='block_1_31' title="bbox 567 3031 2144 3103">
    <p class='ocr_par' dir='ltr' id='par_1_31' title="bbox 567 3031 2144 3103">
     <span class='ocr_line' id='line_1_31' title="bbox 567 3031 2144 3103; baseline 0.001 -17"><span class='ocrx_word' id='word_1_207' title='bbox 567 3035 768 3102; x_wconf 83' lang='lat' dir='ltr'><strong>juravit</strong></span> <span class='ocrx_word' id='word_1_208' title='bbox 801 3033 866 3087; x_wconf 91' lang='lat' dir='ltr'><strong>iis</strong></span> <span class='ocrx_word' id='word_1_209' title='bbox 899 3050 910 3084; x_wconf 87' lang='lat'>:</span> <span class='ocrx_word' id='word_1_210' title='bbox 949 3033 1060 3095; x_wconf 81' lang='lat' dir='ltr'><strong>Sic,</strong></span> <span class='ocrx_word' id='word_1_211' title='bbox 1098 3032 1295 3100; x_wconf 89' lang='lat' dir='ltr'><strong>inquit,</strong></span> <span class='ocrx_word' id='word_1_212' title='bbox 1323 3031 1518 3100; x_wconf 90' lang='lat' dir='ltr'><strong>jacebo</strong></span> <span class='ocrx_word' id='word_1_213' title='bbox 1553 3049 1725 3102; x_wconf 91' lang='lat' dir='ltr'><strong>usque</strong></span> <span class='ocrx_word' id='word_1_214' title='bbox 1749 3035 1813 3087; x_wconf 92' lang='lat' dir='ltr'><strong>ad</strong></span> <span class='ocrx_word' id='word_1_215' title='bbox 1841 3049 2144 3103; x_wconf 81' lang='lat' dir='ltr'><strong>vesperam.</strong></span> 
     </span>
    </p>
   </div>
   <div class='ocr_carea' id='block_1_32' title="bbox 570 3111 2147 3191">
    <p class='ocr_par' dir='ltr' id='par_1_32' title="bbox 570 3111 2147 3191">
     <span class='ocr_line' id='line_1_32' title="bbox 570 3111 2147 3191; baseline 0.001 -12"><span class='ocrx_word' id='word_1_216' title='bbox 570 3111 687 3180; x_wconf 82' lang='lat' dir='ltr'><strong>Nisi</strong></span> <span class='ocrx_word' id='word_1_217' title='bbox 724 3140 810 3178; x_wconf 89' lang='lat' dir='ltr'><strong>me</strong></span> <span class='ocrx_word' id='word_1_218' title='bbox 844 3124 1148 3188; x_wconf 89' lang='lat' dir='ltr'><strong>moveritis,</strong></span> <span class='ocrx_word' id='word_1_219' title='bbox 1177 3124 1332 3179; x_wconf 86' lang='lat' dir='ltr'><strong>vobis</strong></span> <span class='ocrx_word' id='word_1_220' title='bbox 1360 3139 1469 3177; x_wconf 92' lang='lat' dir='ltr'><strong>non</strong></span> <span class='ocrx_word' id='word_1_221' title='bbox 1491 3125 1765 3180; x_wconf 88' lang='lat' dir='ltr'><strong>obediam.</strong></span> <span class='ocrx_word' id='word_1_222' title='bbox 1808 3125 1987 3191; x_wconf 87' lang='lat' dir='ltr'><strong>Quum</strong></span> <span class='ocrx_word' id='word_1_223' title='bbox 2019 3143 2147 3182; x_wconf 88' lang='lat' dir='ltr'><strong>vero</strong></span> 
     </span>
    </p>
   </div>
   <div class='ocr_carea' id='block_1_33' title="bbox 2259 568 3797 647">
    <p class='ocr_par' dir='ltr' id='par_1_33' title="bbox 2259 568 3797 647">
     <span class='ocr_line' id='line_1_33' title="bbox 2259 568 3797 647; baseline 0.006 -26"><span class='ocrx_word' id='word_1_224' title='bbox 2259 569 2422 622; x_wconf 82' lang='grc' dir='ltr'>αὑτοῦ</span> <span class='ocrx_word' id='word_1_225' title='bbox 2456 568 2749 634; x_wconf 78' lang='grc' dir='ltr'>δοξάζων⁸¹</span> <span class='ocrx_word' id='word_1_226' title='bbox 2779 571 2870 621; x_wconf 83' lang='grc' dir='ltr'>τὸν</span> <span class='ocrx_word' id='word_1_227' title='bbox 2905 571 3038 623; x_wconf 79' lang='grc' dir='ltr'>Θεὸν</span> <span class='ocrx_word' id='word_1_228' title='bbox 3067 572 3162 624; x_wconf 71' lang='grc' dir='ltr'>καὶ</span> <span class='ocrx_word' id='word_1_229' title='bbox 3190 573 3520 643; x_wconf 74' lang='grc' dir='ltr'><strong>εὐχαριστῶν</strong></span> <span class='ocrx_word' id='word_1_230' title='bbox 3546 573 3620 644; x_wconf 82' lang='grc' dir='ltr'>τῷ</span> <span class='ocrx_word' id='word_1_231' title='bbox 3656 577 3797 647; x_wconf 80' lang='grc' dir='ltr'>ἁγίῳ.</span> 
     </span>
    </p>
   </div>
   <div class='ocr_carea' id='block_1_34' title="bbox 2328 658 3800 738">
    <p class='ocr_par' dir='ltr' id='par_1_34' title="bbox 2328 658 3800 738">
     <span class='ocr_line' id='line_1_34' title="bbox 2328 658 3800 738; baseline 0.005 -25"><span class='ocrx_word' id='word_1_232' title='bbox 2328 658 2480 713; x_wconf 78' lang='grc' dir='ltr'>Εἶδον</span> <span class='ocrx_word' id='word_1_233' title='bbox 2526 660 2687 712; x_wconf 77' lang='grc' dir='ltr'>πάλιν</span> <span class='ocrx_word' id='word_1_234' title='bbox 2712 661 2792 725; x_wconf 71' lang='grc' dir='ltr'><strong>δ’,</strong></span> <span class='ocrx_word' id='word_1_235' title='bbox 2847 663 2928 714; x_wconf 75' lang='grc' dir='ltr'><strong>ὅτι</strong></span> <span class='ocrx_word' id='word_1_236' title='bbox 2985 663 3328 733; x_wconf 80' lang='grc' dir='ltr'><strong>προσηνέχθη</strong></span> <span class='ocrx_word' id='word_1_237' title='bbox 3380 664 3527 735; x_wconf 87' lang='grc' dir='ltr'><strong>αύτῷ</strong></span> <span class='ocrx_word' id='word_1_238' title='bbox 3573 667 3800 738; x_wconf 85' lang='grc' dir='ltr'>παιδαρί-</span> 
     </span>
    </p>
   </div>
   <div class='ocr_carea' id='block_1_35' title="bbox 2259 751 3802 826">
    <p class='ocr_par' dir='ltr' id='par_1_35' title="bbox 2259 751 3802 826">
     <span class='ocr_line' id='line_1_35' title="bbox 2259 751 3802 826; baseline 0.005 -23"><span class='ocrx_word' id='word_1_239' title='bbox 2259 768 2385 814; x_wconf 88' lang='grc' dir='ltr'>σκος</span> <span class='ocrx_word' id='word_1_240' title='bbox 2398 754 2441 782; x_wconf 72' lang='grc'>⁸⁴</span> <span class='ocrx_word' id='word_1_241' title='bbox 2456 752 2542 802; x_wconf 85' lang='grc' dir='ltr'>ὲνε</span> <span class='ocrx_word' id='word_1_242' title='bbox 2552 751 2679 820; x_wconf 88' lang='grc' dir='ltr'>ργού</span> <span class='ocrx_word' id='word_1_243' title='bbox 2688 769 2845 820; x_wconf 88' lang='grc' dir='ltr'>μενος</span> <span class='ocrx_word' id='word_1_244' title='bbox 2861 753 2965 805; x_wconf 80' lang='grc' dir='ltr'><strong>ὑπὸ</strong></span> <span class='ocrx_word' id='word_1_245' title='bbox 2983 753 3292 824; x_wconf 86' lang='grc' dir='ltr'>πνεύματος</span> <span class='ocrx_word' id='word_1_246' title='bbox 3310 756 3564 826; x_wconf 83' lang='grc' dir='ltr'>πονηροῦ.</span> <span class='ocrx_word' id='word_1_247' title='bbox 3589 757 3802 823; x_wconf 57' lang='grc' dir='ltr'>Ἐπιθείς</span> 
     </span>
    </p>
   </div>
   <div class='ocr_carea' id='block_1_36' title="bbox 2255 843 3803 919">
    <p class='ocr_par' dir='ltr' id='par_1_36' title="bbox 2255 843 3803 919">
     <span class='ocr_line' id='line_1_36' title="bbox 2255 843 3803 919; baseline 0.006 -25"><span class='ocrx_word' id='word_1_248' title='bbox 2255 843 2310 895; x_wconf 82' lang='grc' dir='ltr'>δὲ</span> <span class='ocrx_word' id='word_1_249' title='bbox 2333 843 2478 913; x_wconf 77' lang='grc' dir='ltr'>αὐτῷ</span> <span class='ocrx_word' id='word_1_250' title='bbox 2499 845 2597 913; x_wconf 80' lang='grc' dir='ltr'>τὴν</span> <span class='ocrx_word' id='word_1_251' title='bbox 2616 843 2794 906; x_wconf 79' lang='grc' dir='ltr'>δεξιὰν</span> <span class='ocrx_word' id='word_1_252' title='bbox 2821 846 2916 897; x_wconf 79' lang='grc' dir='ltr'>ἐπὶ</span> <span class='ocrx_word' id='word_1_253' title='bbox 2935 846 3033 914; x_wconf 81' lang='grc' dir='ltr'>τῆς</span> <span class='ocrx_word' id='word_1_254' title='bbox 3050 846 3293 915; x_wconf 77' lang='grc' dir='ltr'><strong>κεφαλῆς</strong></span> <span class='ocrx_word' id='word_1_255' title='bbox 3324 849 3416 901; x_wconf 81' lang='grc' dir='ltr'>καὶ</span> <span class='ocrx_word' id='word_1_256' title='bbox 3435 850 3532 918; x_wconf 80' lang='grc' dir='ltr'>τὴν</span> <span class='ocrx_word' id='word_1_257' title='bbox 3552 849 3803 919; x_wconf 77' lang='grc' dir='ltr'>εὐώνυμον</span> 
     </span>
    </p>
   </div>
   <div class='ocr_carea' id='block_1_37' title="bbox 2257 932 3803 1010">
    <p class='ocr_par' dir='ltr' id='par_1_37' title="bbox 2257 932 3803 1010">
     <span class='ocr_line' id='line_1_37' title="bbox 2257 932 3803 1010; baseline 0.007 -27"><span class='ocrx_word' id='word_1_258' title='bbox 2257 932 2348 984; x_wconf 70' lang='grc' dir='ltr'>ἐπὶ</span> <span class='ocrx_word' id='word_1_259' title='bbox 2367 933 2464 1002; x_wconf 78' lang='grc' dir='ltr'>τὴν</span> <span class='ocrx_word' id='word_1_260' title='bbox 2491 933 2746 1004; x_wconf 78' lang='grc' dir='ltr'><strong>καρδίαν,</strong></span> <span class='ocrx_word' id='word_1_261' title='bbox 2773 935 2864 986; x_wconf 74' lang='grc' dir='ltr'>ἐπὶ</span> <span class='ocrx_word' id='word_1_262' title='bbox 2887 935 3140 988; x_wconf 75' lang='grc' dir='ltr'>τοσοῦτον</span> <span class='ocrx_word' id='word_1_263' title='bbox 3169 939 3197 989; x_wconf 84' lang='grc' dir='ltr'>ὁ</span> <span class='ocrx_word' id='word_1_264' title='bbox 3226 937 3379 1005; x_wconf 76' lang='grc' dir='ltr'>ἅγιος</span> <span class='ocrx_word' id='word_1_265' title='bbox 3399 938 3446 969; x_wconf 68' lang='grc'><strong>⁸⁸</strong></span> <span class='ocrx_word' id='word_1_266' title='bbox 3467 940 3803 1010; x_wconf 78' lang='grc' dir='ltr'>προσηύξατο,</span> 
     </span>
    </p>
   </div>
   <div class='ocr_carea' id='block_1_38' title="bbox 2256 1018 3807 1099">
    <p class='ocr_par' dir='ltr' id='par_1_38' title="bbox 2256 1018 3807 1099">
     <span class='ocr_line' id='line_1_38' title="bbox 2256 1018 3807 1099; baseline 0.006 -25"><span class='ocrx_word' id='word_1_267' title='bbox 2256 1023 2356 1086; x_wconf 74' lang='grc' dir='ltr'>ἕως</span> <span class='ocrx_word' id='word_1_268' title='bbox 2387 1018 2446 1076; x_wconf 74' lang='grc' dir='ltr'><strong>οὗ</strong></span> <span class='ocrx_word' id='word_1_269' title='bbox 2485 1024 2649 1076; x_wconf 81' lang='grc' dir='ltr'>αὑτὸν</span> <span class='ocrx_word' id='word_1_270' title='bbox 2677 1025 2783 1077; x_wconf 80' lang='grc' dir='ltr'>ἀπὸ</span> <span class='ocrx_word' id='word_1_271' title='bbox 2817 1026 2980 1095; x_wconf 80' lang='grc' dir='ltr'><strong>ἀέρος</strong></span> <span class='ocrx_word' id='word_1_272' title='bbox 3008 1028 3230 1097; x_wconf 80' lang='grc' dir='ltr'>ἐποίησε</span> <span class='ocrx_word' id='word_1_273' title='bbox 3254 1029 3628 1099; x_wconf 82' lang='grc' dir='ltr'><strong>κρεμασθῆναι</strong></span> <span class='ocrx_word' id='word_1_274' title='bbox 3651 1031 3710 1085; x_wconf 69' lang='grc'>⁸⁸.</span> <span class='ocrx_word' id='word_1_275' title='bbox 3743 1035 3807 1084; x_wconf 73' lang='grc' dir='ltr'><strong>οἱ.</strong></span> 
     </span>
    </p>
   </div>
   <div class='ocr_carea' id='block_1_39' title="bbox 2256 1109 3804 1191">
    <p class='ocr_par' dir='ltr' id='par_1_39' title="bbox 2256 1109 3804 1191">
     <span class='ocr_line' id='line_1_39' title="bbox 2256 1109 3804 1191; baseline 0.008 -27"><span class='ocrx_word' id='word_1_276' title='bbox 2256 1113 2317 1182; x_wconf 83' lang='grc' dir='ltr'>δή</span> <span class='ocrx_word' id='word_1_277' title='bbox 2329 1130 2425 1175; x_wconf 86' lang='grc' dir='ltr'><strong>σας</strong></span> <span class='ocrx_word' id='word_1_278' title='bbox 2449 1109 2541 1166; x_wconf 81' lang='grc' dir='ltr'>οὖν</span> <span class='ocrx_word' id='word_1_279' title='bbox 2559 1117 2587 1167; x_wconf 86' lang='grc' dir='ltr'>ὁ</span> <span class='ocrx_word' id='word_1_280' title='bbox 2608 1118 2734 1178; x_wconf 87' lang='grc' dir='ltr'>παῖς</span> <span class='ocrx_word' id='word_1_281' title='bbox 2759 1117 2833 1178; x_wconf 85' lang='grc' dir='ltr'>ὡς</span> <span class='ocrx_word' id='word_1_282' title='bbox 2855 1117 3021 1180; x_wconf 79' lang='grc' dir='ltr'>ἀσκὸς</span> <span class='ocrx_word' id='word_1_283' title='bbox 3045 1118 3426 1188; x_wconf 78' lang='grc' dir='ltr'><strong>ὑπερμεγέθης</strong></span> <span class='ocrx_word' id='word_1_284' title='bbox 3445 1119 3493 1150; x_wconf 73' lang='grc'><strong>⁸⁸</strong></span> <span class='ocrx_word' id='word_1_285' title='bbox 3511 1120 3586 1188; x_wconf 84' lang='grc' dir='ltr'><strong>τῷ</strong></span> <span class='ocrx_word' id='word_1_286' title='bbox 3613 1121 3804 1191; x_wconf 83' lang='grc' dir='ltr'>σώματι</span> 
     </span>
    </p>
   </div>
   <div class='ocr_carea' id='block_1_40' title="bbox 2256 1205 3804 1280">
    <p class='ocr_par' dir='ltr' id='par_1_40' title="bbox 2256 1205 3804 1280">
     <span class='ocr_line' id='line_1_40' title="bbox 2256 1205 3804 1280; baseline 0.006 -24"><span class='ocrx_word' id='word_1_287' title='bbox 2256 1205 2491 1272; x_wconf 82' lang='grc' dir='ltr'>ὼγκώθη</span> <span class='ocrx_word' id='word_1_288' title='bbox 2519 1207 2586 1269; x_wconf 72' lang='grc'><strong>⁸⁷,</strong></span> <span class='ocrx_word' id='word_1_289' title='bbox 2616 1210 2710 1260; x_wconf 71' lang='grc' dir='ltr'>καὶ</span> <span class='ocrx_word' id='word_1_290' title='bbox 2745 1209 3007 1276; x_wconf 73' lang='grc' dir='ltr'>αἰφνίδιον</span> <span class='ocrx_word' id='word_1_291' title='bbox 3029 1209 3340 1280; x_wconf 80' lang='grc' dir='ltr'>ἀνακράξας</span> <span class='ocrx_word' id='word_1_292' title='bbox 3381 1212 3467 1264; x_wconf 90' lang='grc' dir='ltr'><strong>διά</strong></span> <span class='ocrx_word' id='word_1_293' title='bbox 3498 1215 3679 1265; x_wconf 83' lang='grc' dir='ltr'>πασῶν</span> <span class='ocrx_word' id='word_1_294' title='bbox 3710 1215 3804 1266; x_wconf 84' lang='grc' dir='ltr'>τῶν</span> 
     </span>
    </p>
   </div>
   <div class='ocr_carea' id='block_1_41' title="bbox 2257 1297 3805 1375">
    <p class='ocr_par' dir='ltr' id='par_1_41' title="bbox 2257 1297 3805 1375">
     <span class='ocr_line' id='line_1_41' title="bbox 2257 1297 3805 1375; baseline 0.005 -27"><span class='ocrx_word' id='word_1_295' title='bbox 2257 1297 2559 1367; x_wconf 79' lang='grc' dir='ltr'>αἰσθήσεων</span> <span class='ocrx_word' id='word_1_296' title='bbox 2585 1298 2728 1370; x_wconf 77' lang='grc' dir='ltr'>ὕδωρ</span> <span class='ocrx_word' id='word_1_297' title='bbox 2748 1301 2980 1370; x_wconf 75' lang='grc' dir='ltr'>ἦνεγκεν</span> <span class='ocrx_word' id='word_1_298' title='bbox 2999 1300 3064 1364; x_wconf 71' lang='grc'>⁸⁸,</span> <span class='ocrx_word' id='word_1_299' title='bbox 3087 1303 3180 1354; x_wconf 69' lang='grc' dir='ltr'>καὶ</span> <span class='ocrx_word' id='word_1_300' title='bbox 3205 1302 3463 1374; x_wconf 83' lang='grc' dir='ltr'>λωφήσας</span> <span class='ocrx_word' id='word_1_301' title='bbox 3485 1305 3562 1367; x_wconf 79' lang='grc' dir='ltr'><strong>είς</strong></span> <span class='ocrx_word' id='word_1_302' title='bbox 3586 1305 3614 1356; x_wconf 83' lang='grc' dir='ltr'><strong>δ</strong></span> <span class='ocrx_word' id='word_1_303' title='bbox 3639 1301 3701 1375; x_wconf 80' lang='grc' dir='ltr'>ἦν</span> <span class='ocrx_word' id='word_1_304' title='bbox 3723 1304 3805 1358; x_wconf 82' lang='grc' dir='ltr'><strong>ἀπ’</strong></span> 
     </span>
    </p>
   </div>
   <div class='ocr_carea' id='block_1_42' title="bbox 2257 1389 3806 1466">
    <p class='ocr_par' dir='ltr' id='par_1_42' title="bbox 2257 1389 3806 1466">
     <span class='ocr_line' id='line_1_42' title="bbox 2257 1389 3806 1466; baseline 0.005 -26"><span class='ocrx_word' id='word_1_305' title='bbox 2257 1389 2432 1458; x_wconf 83' lang='grc' dir='ltr'>ἀρχῆς</span> <span class='ocrx_word' id='word_1_306' title='bbox 2466 1390 2690 1457; x_wconf 85' lang='grc' dir='ltr'>γέγονεν</span> <span class='ocrx_word' id='word_1_307' title='bbox 2711 1392 2776 1444; x_wconf 69' lang='grc'>⁸⁸.</span> <span class='ocrx_word' id='word_1_308' title='bbox 2816 1393 2910 1444; x_wconf 69' lang='grc' dir='ltr'>καὶ</span> <span class='ocrx_word' id='word_1_309' title='bbox 2953 1392 3180 1461; x_wconf 70' lang='grc' dir='ltr'>ἀλείψας</span> <span class='ocrx_word' id='word_1_310' title='bbox 3220 1394 3382 1446; x_wconf 79' lang='grc' dir='ltr'>αὑτὸν</span> <span class='ocrx_word' id='word_1_311' title='bbox 3422 1395 3560 1464; x_wconf 85' lang='grc' dir='ltr'>ἀγίῳ</span> <span class='ocrx_word' id='word_1_312' title='bbox 3586 1395 3630 1426; x_wconf 83' lang='grc'><strong>⁸⁸</strong></span> <span class='ocrx_word' id='word_1_313' title='bbox 3663 1395 3806 1466; x_wconf 84' lang='grc' dir='ltr'>ἐλαίῳ</span> 
     </span>
    </p>
   </div>
   <div class='ocr_carea' id='block_1_43' title="bbox 2258 1480 3806 1555">
    <p class='ocr_par' dir='ltr' id='par_1_43' title="bbox 2258 1480 3806 1555">
     <span class='ocr_line' id='line_1_43' title="bbox 2258 1480 3806 1555; baseline 0.006 -24"><span class='ocrx_word' id='word_1_314' title='bbox 2258 1480 2627 1550; x_wconf 77' lang='grc' dir='ltr'>ηὐλογημένον</span> <span class='ocrx_word' id='word_1_315' title='bbox 2657 1483 2702 1514; x_wconf 86' lang='grc'>⁸¹</span> <span class='ocrx_word' id='word_1_316' title='bbox 2738 1482 2880 1552; x_wconf 77' lang='grc' dir='ltr'>ὕδωρ</span> <span class='ocrx_word' id='word_1_317' title='bbox 2913 1484 3147 1553; x_wconf 76' lang='grc' dir='ltr'><strong>ἐπιχέων</strong></span> <span class='ocrx_word' id='word_1_318' title='bbox 3181 1485 3546 1555; x_wconf 85' lang='grc' dir='ltr'>παραδίδωσιν</span> <span class='ocrx_word' id='word_1_319' title='bbox 3581 1487 3625 1519; x_wconf 79' lang='grc'><strong>⁸⁸</strong></span> <span class='ocrx_word' id='word_1_320' title='bbox 3662 1488 3806 1540; x_wconf 82' lang='grc' dir='ltr'>αὐτὸν</span> 
     </span>
    </p>
   </div>
   <div class='ocr_carea' id='block_1_44' title="bbox 2258 1572 3806 1649">
    <p class='ocr_par' dir='ltr' id='par_1_44' title="bbox 2258 1572 3806 1649">
     <span class='ocr_line' id='line_1_44' title="bbox 2258 1572 3806 1649; baseline 0.005 -26"><span class='ocrx_word' id='word_1_321' title='bbox 2258 1572 2336 1642; x_wconf 81' lang='grc' dir='ltr'>τῷ</span> <span class='ocrx_word' id='word_1_322' title='bbox 2373 1575 2538 1644; x_wconf 77' lang='grc' dir='ltr'>πατρὶ</span> <span class='ocrx_word' id='word_1_323' title='bbox 2567 1573 2752 1637; x_wconf 78' lang='grc' dir='ltr'>αὑτοῦ,</span> <span class='ocrx_word' id='word_1_324' title='bbox 2787 1576 3181 1644; x_wconf 80' lang='grc' dir='ltr'>παραγγείλας,</span> <span class='ocrx_word' id='word_1_325' title='bbox 3216 1576 3290 1646; x_wconf 83' lang='grc' dir='ltr'>μὴ</span> <span class='ocrx_word' id='word_1_326' title='bbox 3335 1577 3532 1648; x_wconf 85' lang='grc' dir='ltr'>κρεῶν,</span> <span class='ocrx_word' id='word_1_327' title='bbox 3576 1579 3648 1649; x_wconf 82' lang='grc' dir='ltr'>μὴ</span> <span class='ocrx_word' id='word_1_328' title='bbox 3682 1580 3806 1632; x_wconf 72' lang='grc' dir='ltr'>οἴνου</span> 
     </span>
    </p>
   </div>
   <div class='ocr_carea' id='block_1_45' title="bbox 2260 1666 3807 1742">
    <p class='ocr_par' dir='ltr' id='par_1_45' title="bbox 2260 1666 3807 1742">
     <span class='ocr_line' id='line_1_45' title="bbox 2260 1666 3807 1742; baseline 0.004 -24"><span class='ocrx_word' id='word_1_329' title='bbox 2260 1666 2499 1734; x_wconf 68' lang='grc' dir='ltr'>ἅψασθαι</span> <span class='ocrx_word' id='word_1_330' title='bbox 2537 1667 2698 1719; x_wconf 79' lang='grc' dir='ltr'>αὑτὸν</span> <span class='ocrx_word' id='word_1_331' title='bbox 2738 1668 2830 1720; x_wconf 73' lang='grc' dir='ltr'>ἐπὶ</span> <span class='ocrx_word' id='word_1_332' title='bbox 2857 1669 3074 1738; x_wconf 77' lang='grc' dir='ltr'>ἡμέρας</span> <span class='ocrx_word' id='word_1_333' title='bbox 3111 1676 3184 1739; x_wconf 85' lang='grc' dir='ltr'>μ’.</span> <span class='ocrx_word' id='word_1_334' title='bbox 3218 1669 3312 1722; x_wconf 75' lang='grc' dir='ltr'>καὶ</span> <span class='ocrx_word' id='word_1_335' title='bbox 3343 1670 3517 1736; x_wconf 82' lang='grc' dir='ltr'>οὔτως</span> <span class='ocrx_word' id='word_1_336' title='bbox 3543 1671 3807 1742; x_wconf 76' lang='grc' dir='ltr'><strong>ἰασάμενος</strong></span> 
     </span>
    </p>
   </div>
   <div class='ocr_carea' id='block_1_46' title="bbox 2259 1757 2836 1822">
    <p class='ocr_par' dir='ltr' id='par_1_46' title="bbox 2259 1757 2836 1822">
     <span class='ocr_line' id='line_1_46' title="bbox 2259 1757 2836 1822; baseline 0.012 -14"><span class='ocrx_word' id='word_1_337' title='bbox 2259 1757 2528 1810; x_wconf 81' lang='grc' dir='ltr'>ἀπέλυσεν</span> <span class='ocrx_word' id='word_1_338' title='bbox 2551 1759 2748 1822; x_wconf 83' lang='grc' dir='ltr'>αύτούς</span> <span class='ocrx_word' id='word_1_339' title='bbox 2769 1759 2836 1815; x_wconf 87' lang='grc'>⁸³.</span> 
     </span>
    </p>
   </div>
   <div class='ocr_carea' id='block_1_47' title="bbox 2334 1849 3808 1923">
    <p class='ocr_par' dir='ltr' id='par_1_47' title="bbox 2334 1849 3808 1923">
     <span class='ocr_line' id='line_1_47' title="bbox 2334 1849 3808 1923; baseline 0.003 -22"><span class='ocrx_word' id='word_1_340' title='bbox 2334 1850 2606 1920; x_wconf 89' lang='grc' dir='ltr'>Ὠχλησαν</span> <span class='ocrx_word' id='word_1_341' title='bbox 2653 1851 2827 1921; x_wconf 85' lang='grc' dir='ltr'>τούτῳ</span> <span class='ocrx_word' id='word_1_342' title='bbox 2862 1852 2990 1904; x_wconf 85' lang='grc' dir='ltr'><strong>ποτέ</strong></span> <span class='ocrx_word' id='word_1_343' title='bbox 3035 1849 3112 1920; x_wconf 86' lang='grc' dir='ltr'>τῷ</span> <span class='ocrx_word' id='word_1_344' title='bbox 3148 1852 3369 1923; x_wconf 88' lang='grc' dir='ltr'>μεγάλῳ</span> <span class='ocrx_word' id='word_1_345' title='bbox 3417 1854 3684 1923; x_wconf 84' lang='grc' dir='ltr'>Μακαρίῳ</span> <span class='ocrx_word' id='word_1_346' title='bbox 3733 1854 3808 1906; x_wconf 91' lang='grc' dir='ltr'>λο-</span> 
     </span>
    </p>
   </div>
   <div class='ocr_carea' id='block_1_48' title="bbox 2262 1943 3806 2015">
    <p class='ocr_par' dir='ltr' id='par_1_48' title="bbox 2262 1943 3806 2015">
     <span class='ocr_line' id='line_1_48' title="bbox 2262 1943 3806 2015; baseline 0.003 -22"><span class='ocrx_word' id='word_1_347' title='bbox 2262 1943 2451 2012; x_wconf 75' lang='grc' dir='ltr'>γισμοὶ</span> <span class='ocrx_word' id='word_1_348' title='bbox 2499 1944 2802 2008; x_wconf 76' lang='grc' dir='ltr'>κενοδοξίας</span> <span class='ocrx_word' id='word_1_349' title='bbox 2847 1944 3176 2015; x_wconf 82' lang='grc' dir='ltr'>πειρώμενοι</span> <span class='ocrx_word' id='word_1_350' title='bbox 3217 1945 3407 1998; x_wconf 80' lang='grc' dir='ltr'>τοῦτον</span> <span class='ocrx_word' id='word_1_351' title='bbox 3450 1945 3688 2000; x_wconf 78' lang='grc' dir='ltr'>ἐκδαλεῖν</span> <span class='ocrx_word' id='word_1_352' title='bbox 3724 1947 3806 2014; x_wconf 78' lang='grc' dir='ltr'>τῆς</span> 
     </span>
    </p>
   </div>
   <div class='ocr_carea' id='block_1_49' title="bbox 2261 2031 3809 2102">
    <p class='ocr_par' dir='ltr' id='par_1_49' title="bbox 2261 2031 3809 2102">
     <span class='ocr_line' id='line_1_49' title="bbox 2261 2031 3809 2102; baseline 0.001 -19"><span class='ocrx_word' id='word_1_353' title='bbox 2261 2031 2478 2100; x_wconf 86' lang='grc' dir='ltr'>κέλλης,</span> <span class='ocrx_word' id='word_1_354' title='bbox 2524 2032 2906 2102; x_wconf 82' lang='grc' dir='ltr'>ὑποτιθέμενοι</span> <span class='ocrx_word' id='word_1_355' title='bbox 2939 2031 3254 2101; x_wconf 74' lang='grc' dir='ltr'>οἰκονομίας</span> <span class='ocrx_word' id='word_1_356' title='bbox 3287 2035 3450 2102; x_wconf 82' lang='grc' dir='ltr'>χάριν</span> <span class='ocrx_word' id='word_1_357' title='bbox 3482 2032 3809 2100; x_wconf 72' lang='grc' dir='ltr'>καταλαμϐά-</span> 
     </span>
    </p>
   </div>
   <div class='ocr_carea' id='block_1_50' title="bbox 2260 2121 3808 2194">
    <p class='ocr_par' dir='ltr' id='par_1_50' title="bbox 2260 2121 3808 2194">
     <span class='ocr_line' id='line_1_50' title="bbox 2260 2121 3808 2194; baseline 0 -22"><span class='ocrx_word' id='word_1_358' title='bbox 2260 2139 2371 2174; x_wconf 91' lang='grc' dir='ltr'>νειν</span> <span class='ocrx_word' id='word_1_359' title='bbox 2400 2122 2496 2192; x_wconf 82' lang='grc' dir='ltr'>τὴν</span> <span class='ocrx_word' id='word_1_360' title='bbox 2538 2121 2778 2193; x_wconf 87' lang='grc' dir='ltr'>Ῥώμην,</span> <span class='ocrx_word' id='word_1_361' title='bbox 2812 2122 2887 2185; x_wconf 87' lang='grc' dir='ltr'>ὼς</span> <span class='ocrx_word' id='word_1_362' title='bbox 2913 2122 3005 2174; x_wconf 79' lang='grc' dir='ltr'>ἐπὶ</span> <span class='ocrx_word' id='word_1_363' title='bbox 3035 2121 3305 2191; x_wconf 74' lang='grc' dir='ltr'>προφάσει</span> <span class='ocrx_word' id='word_1_364' title='bbox 3326 2121 3489 2192; x_wconf 82' lang='grc' dir='ltr'>δῆθεν</span> <span class='ocrx_word' id='word_1_365' title='bbox 3517 2121 3808 2194; x_wconf 82' lang='grc' dir='ltr'>εὐεργεσίας</span> 
     </span>
    </p>
   </div>
   <div class='ocr_carea' id='block_1_51' title="bbox 2257 2213 3806 2284">
    <p class='ocr_par' dir='ltr' id='par_1_51' title="bbox 2257 2213 3806 2284">
     <span class='ocr_line' id='line_1_51' title="bbox 2257 2213 3806 2284; baseline -0.001 -18"><span class='ocrx_word' id='word_1_366' title='bbox 2257 2215 2365 2266; x_wconf 84' lang='grc' dir='ltr'>τῶν</span> <span class='ocrx_word' id='word_1_367' title='bbox 2396 2216 2514 2267; x_wconf 84' lang='grc' dir='ltr'>ἐκεῖ</span> <span class='ocrx_word' id='word_1_368' title='bbox 2542 2213 2988 2284; x_wconf 76' lang='grc' dir='ltr'>ἀρρωστούντων.</span> <span class='ocrx_word' id='word_1_369' title='bbox 3020 2214 3205 2282; x_wconf 78' lang='grc' dir='ltr'>ἄκρως</span> <span class='ocrx_word' id='word_1_370' title='bbox 3235 2213 3344 2282; x_wconf 86' lang='grc' dir='ltr'>γὰρ</span> <span class='ocrx_word' id='word_1_371' title='bbox 3379 2213 3521 2266; x_wconf 85' lang='grc' dir='ltr'>κατὰ</span> <span class='ocrx_word' id='word_1_372' title='bbox 3539 2213 3642 2266; x_wconf 82' lang='grc' dir='ltr'><strong>τῶν</strong></span> <span class='ocrx_word' id='word_1_373' title='bbox 3664 2230 3806 2264; x_wconf 80' lang='grc' dir='ltr'>πνευ-</span> 
     </span>
    </p>
   </div>
   <div class='ocr_carea' id='block_1_52' title="bbox 2260 2304 3806 2376">
    <p class='ocr_par' dir='ltr' id='par_1_52' title="bbox 2260 2304 3806 2376">
     <span class='ocr_line' id='line_1_52' title="bbox 2260 2304 3806 2376; baseline -0.001 -18"><span class='ocrx_word' id='word_1_374' title='bbox 2260 2305 2444 2375; x_wconf 80' lang='grc' dir='ltr'>μάτων</span> <span class='ocrx_word' id='word_1_375' title='bbox 2477 2307 2556 2368; x_wconf 85' lang='grc' dir='ltr'><strong>είς</strong></span> <span class='ocrx_word' id='word_1_376' title='bbox 2589 2305 2752 2357; x_wconf 79' lang='grc' dir='ltr'>αὐτὸν</span> <span class='ocrx_word' id='word_1_377' title='bbox 2789 2306 3009 2375; x_wconf 77' lang='grc' dir='ltr'>ἐνήργει</span> <span class='ocrx_word' id='word_1_378' title='bbox 3037 2304 3084 2335; x_wconf 69' lang='grc'>⁸⁵</span> <span class='ocrx_word' id='word_1_379' title='bbox 3106 2308 3138 2374; x_wconf 80' lang='grc' dir='ltr'>ὴ</span> <span class='ocrx_word' id='word_1_380' title='bbox 3160 2304 3320 2375; x_wconf 89' lang='grc' dir='ltr'>χάρις</span> <span class='ocrx_word' id='word_1_381' title='bbox 3352 2305 3453 2358; x_wconf 79' lang='grc' dir='ltr'><strong>τοῦ</strong></span> <span class='ocrx_word' id='word_1_382' title='bbox 3481 2305 3696 2376; x_wconf 82' lang='grc' dir='ltr'>Κυρίου.</span> <span class='ocrx_word' id='word_1_383' title='bbox 3726 2306 3806 2358; x_wconf 74' lang='grc' dir='ltr'>καὶ</span> 
     </span>
    </p>
   </div>
   <div class='ocr_carea' id='block_1_53' title="bbox 2256 2394 3806 2466">
    <p class='ocr_par' dir='ltr' id='par_1_53' title="bbox 2256 2394 3806 2466">
     <span class='ocr_line' id='line_1_53' title="bbox 2256 2394 3806 2466; baseline 0 -18"><span class='ocrx_word' id='word_1_384' title='bbox 2256 2397 2330 2459; x_wconf 85' lang='grc' dir='ltr'>ὼς</span> <span class='ocrx_word' id='word_1_385' title='bbox 2364 2397 2457 2447; x_wconf 71' lang='grc' dir='ltr'><strong>ἐπὶ</strong></span> <span class='ocrx_word' id='word_1_386' title='bbox 2488 2395 2620 2448; x_wconf 80' lang='grc' dir='ltr'>πολὺ</span> <span class='ocrx_word' id='word_1_387' title='bbox 2651 2394 2935 2464; x_wconf 81' lang='grc' dir='ltr'>ὀχλοῦντες</span> <span class='ocrx_word' id='word_1_388' title='bbox 2966 2396 3064 2464; x_wconf 85' lang='grc' dir='ltr'>οὐχ</span> <span class='ocrx_word' id='word_1_389' title='bbox 3100 2395 3341 2465; x_wconf 82' lang='grc' dir='ltr'>ὑπήκουε</span> <span class='ocrx_word' id='word_1_390' title='bbox 3371 2396 3439 2460; x_wconf 84' lang='grc'><strong>⁵⁸,</strong></span> <span class='ocrx_word' id='word_1_391' title='bbox 3465 2396 3806 2466; x_wconf 73' lang='grc' dir='ltr'>σφοδροτέροις</span> 
     </span>
    </p>
   </div>
   <div class='ocr_carea' id='block_1_54' title="bbox 2256 2483 3806 2556">
    <p class='ocr_par' dir='ltr' id='par_1_54' title="bbox 2256 2483 3806 2556">
     <span class='ocr_line' id='line_1_54' title="bbox 2256 2483 3806 2556; baseline -0.001 -19"><span class='ocrx_word' id='word_1_392' title='bbox 2256 2487 2403 2554; x_wconf 84' lang='grc' dir='ltr'>αὐτῷ</span> <span class='ocrx_word' id='word_1_393' title='bbox 2454 2485 2892 2556; x_wconf 87' lang='grc' dir='ltr'>προσελάσαντες</span> <span class='ocrx_word' id='word_1_394' title='bbox 2937 2484 3126 2537; x_wconf 78' lang='grc' dir='ltr'>τοῦτον</span> <span class='ocrx_word' id='word_1_395' title='bbox 3160 2484 3479 2554; x_wconf 80' lang='grc' dir='ltr'>ἐξήλαυνον.</span> <span class='ocrx_word' id='word_1_396' title='bbox 3531 2485 3703 2538; x_wconf 84' lang='grc' dir='ltr'>πεσὼν</span> <span class='ocrx_word' id='word_1_397' title='bbox 3728 2483 3806 2538; x_wconf 75' lang='grc' dir='ltr'>οὖν</span> 
     </span>
    </p>
   </div>
   <div class='ocr_carea' id='block_1_55' title="bbox 2254 2576 3804 2649">
    <p class='ocr_par' dir='ltr' id='par_1_55' title="bbox 2254 2576 3804 2649">
     <span class='ocr_line' id='line_1_55' title="bbox 2254 2576 3804 2649; baseline 0.001 -19"><span class='ocrx_word' id='word_1_398' title='bbox 2254 2579 2345 2630; x_wconf 76' lang='grc' dir='ltr'><strong>ἐπὶ</strong></span> <span class='ocrx_word' id='word_1_399' title='bbox 2388 2579 2488 2649; x_wconf 80' lang='grc' dir='ltr'>τὴν</span> <span class='ocrx_word' id='word_1_400' title='bbox 2546 2578 2708 2645; x_wconf 78' lang='grc' dir='ltr'>φλιὰν</span> <span class='ocrx_word' id='word_1_401' title='bbox 2753 2578 2852 2646; x_wconf 82' lang='grc' dir='ltr'>τῆς</span> <span class='ocrx_word' id='word_1_402' title='bbox 2896 2576 3090 2629; x_wconf 75' lang='grc' dir='ltr'>ἑαυτοῦ</span> <span class='ocrx_word' id='word_1_403' title='bbox 3126 2577 3323 2644; x_wconf 83' lang='grc' dir='ltr'>κέλλης</span> <span class='ocrx_word' id='word_1_404' title='bbox 3374 2580 3402 2631; x_wconf 84' lang='grc' dir='ltr'><strong>ὀ</strong></span> <span class='ocrx_word' id='word_1_405' title='bbox 3438 2578 3589 2647; x_wconf 79' lang='grc' dir='ltr'>ἅγιος</span> <span class='ocrx_word' id='word_1_406' title='bbox 3625 2579 3739 2641; x_wconf 73' lang='grc' dir='ltr'>τοὺς</span> <span class='ocrx_word' id='word_1_407' title='bbox 3766 2577 3804 2608; x_wconf 82' lang='grc'><strong>⁸⁸</strong></span> 
     </span>
    </p>
   </div>
   <div class='ocr_carea' id='block_1_56' title="bbox 2255 2667 3802 2736">
    <p class='ocr_par' dir='ltr' id='par_1_56' title="bbox 2255 2667 3802 2736">
     <span class='ocr_line' id='line_1_56' title="bbox 2255 2667 3802 2736; baseline -0.001 -16"><span class='ocrx_word' id='word_1_408' title='bbox 2255 2669 2420 2732; x_wconf 79' lang='grc' dir='ltr'>πόδας</span> <span class='ocrx_word' id='word_1_409' title='bbox 2450 2669 2696 2730; x_wconf 77' lang='grc' dir='ltr'>ἐκτείνας</span> <span class='ocrx_word' id='word_1_410' title='bbox 2735 2667 2951 2736; x_wconf 75' lang='grc' dir='ltr'>ἀφῆκεν</span> <span class='ocrx_word' id='word_1_411' title='bbox 2977 2669 3070 2719; x_wconf 69' lang='grc' dir='ltr'>ἐπὶ</span> <span class='ocrx_word' id='word_1_412' title='bbox 3113 2667 3181 2720; x_wconf 84' lang='grc' dir='ltr'><strong>τὰ</strong></span> <span class='ocrx_word' id='word_1_413' title='bbox 3228 2667 3355 2732; x_wconf 78' lang='grc' dir='ltr'>ἔξω,</span> <span class='ocrx_word' id='word_1_414' title='bbox 3384 2669 3558 2736; x_wconf 89' lang='grc' dir='ltr'>λέγων</span> <span class='ocrx_word' id='word_1_415' title='bbox 3587 2671 3692 2731; x_wconf 84' lang='grc' dir='ltr'>τοῖς</span> <span class='ocrx_word' id='word_1_416' title='bbox 3718 2668 3802 2736; x_wconf 81' lang='grc' dir='ltr'>τῆς</span> 
     </span>
    </p>
   </div>
   <div class='ocr_carea' id='block_1_57' title="bbox 2254 2758 3800 2830">
    <p class='ocr_par' dir='ltr' id='par_1_57' title="bbox 2254 2758 3800 2830">
     <span class='ocr_line' id='line_1_57' title="bbox 2254 2758 3800 2830; baseline 0.001 -16"><span class='ocrx_word' id='word_1_417' title='bbox 2254 2760 2556 2826; x_wconf 81' lang='grc' dir='ltr'>κενοδοξίας</span> <span class='ocrx_word' id='word_1_418' title='bbox 2581 2761 2832 2830; x_wconf 79' lang='grc' dir='ltr'>δαίμοσιν</span> <span class='ocrx_word' id='word_1_419' title='bbox 2857 2776 2866 2788; x_wconf 93' lang='grc'>·</span> <span class='ocrx_word' id='word_1_420' title='bbox 2888 2759 3076 2811; x_wconf 80' lang='grc' dir='ltr'>ἓλκετέ</span> <span class='ocrx_word' id='word_1_421' title='bbox 3101 2777 3167 2829; x_wconf 90' lang='grc' dir='ltr'><strong>με</strong></span> <span class='ocrx_word' id='word_1_422' title='bbox 3199 2758 3454 2830; x_wconf 84' lang='grc' dir='ltr'>σύροντες</span> <span class='ocrx_word' id='word_1_423' title='bbox 3471 2762 3536 2824; x_wconf 85' lang='grc'><strong>⁸⁷,</strong></span> <span class='ocrx_word' id='word_1_424' title='bbox 3557 2761 3800 2830; x_wconf 81' lang='grc' dir='ltr'>δαίμονες.</span> 
     </span>
    </p>
   </div>
   <div class='ocr_carea' id='block_1_58' title="bbox 2252 2847 3802 2922">
    <p class='ocr_par' dir='ltr' id='par_1_58' title="bbox 2252 2847 3802 2922">
     <span class='ocr_line' id='line_1_58' title="bbox 2252 2847 3802 2922; baseline -0.001 -19"><span class='ocrx_word' id='word_1_425' title='bbox 2252 2853 2347 2905; x_wconf 84' lang='grc' dir='ltr'><strong>ὲάν</strong></span> <span class='ocrx_word' id='word_1_426' title='bbox 2385 2851 2610 2904; x_wconf 84' lang='grc' dir='ltr'>δύνασθε</span> <span class='ocrx_word' id='word_1_427' title='bbox 2646 2853 2712 2904; x_wconf 77' lang='grc'>⁸⁸.</span> <span class='ocrx_word' id='word_1_428' title='bbox 2747 2850 2859 2920; x_wconf 83' lang='grc' dir='ltr'>ἐγὼ</span> <span class='ocrx_word' id='word_1_429' title='bbox 2902 2851 3010 2922; x_wconf 80' lang='grc' dir='ltr'><strong>γὰρ</strong></span> <span class='ocrx_word' id='word_1_430' title='bbox 3041 2855 3153 2914; x_wconf 88' lang='grc' dir='ltr'>τοῖς</span> <span class='ocrx_word' id='word_1_431' title='bbox 3194 2853 3349 2921; x_wconf 81' lang='grc' dir='ltr'>ἐμοῖς</span> <span class='ocrx_word' id='word_1_432' title='bbox 3395 2855 3553 2906; x_wconf 82' lang='grc' dir='ltr'>ποσὶν</span> <span class='ocrx_word' id='word_1_433' title='bbox 3595 2847 3802 2921; x_wconf 84' lang='grc' dir='ltr'>ἀλλαχοῦ</span> 
     </span>
    </p>
   </div>
   <div class='ocr_carea' id='block_1_59' title="bbox 2250 2939 3802 3013">
    <p class='ocr_par' dir='ltr' id='par_1_59' title="bbox 2250 2939 3802 3013">
     <span class='ocr_line' id='line_1_59' title="bbox 2250 2939 3802 3013; baseline -0.001 -19"><span class='ocrx_word' id='word_1_434' title='bbox 2250 2945 2350 2994; x_wconf 87' lang='grc' dir='ltr'><strong>ούκ</strong></span> <span class='ocrx_word' id='word_1_435' title='bbox 2376 2943 2705 3013; x_wconf 81' lang='grc' dir='ltr'>ἀπέρχομαι.</span> <span class='ocrx_word' id='word_1_436' title='bbox 2742 2944 2790 2994; x_wconf 88' lang='grc' dir='ltr'><strong>εί</strong></span> <span class='ocrx_word' id='word_1_437' title='bbox 2824 2939 2916 2996; x_wconf 73' lang='grc' dir='ltr'>οὖν</span> <span class='ocrx_word' id='word_1_438' title='bbox 2949 2942 3181 2996; x_wconf 86' lang='grc' dir='ltr'>δύνασθέ</span> <span class='ocrx_word' id='word_1_439' title='bbox 3208 2943 3253 2974; x_wconf 72' lang='grc'>³⁸</span> <span class='ocrx_word' id='word_1_440' title='bbox 3297 2961 3364 3012; x_wconf 87' lang='grc' dir='ltr'><strong>με</strong></span> <span class='ocrx_word' id='word_1_441' title='bbox 3399 2943 3570 3005; x_wconf 76' lang='grc' dir='ltr'>οὕτως</span> <span class='ocrx_word' id='word_1_442' title='bbox 3602 2945 3802 3006; x_wconf 85' lang='grc' dir='ltr'>ἀπενεγ-</span> 
     </span>
    </p>
   </div>
   <div class='ocr_carea' id='block_1_60' title="bbox 2251 3031 3798 3104">
    <p class='ocr_par' dir='ltr' id='par_1_60' title="bbox 2251 3031 3798 3104">
     <span class='ocr_line' id='line_1_60' title="bbox 2251 3031 3798 3104; baseline -0.003 -18"><span class='ocrx_word' id='word_1_443' title='bbox 2251 3037 2387 3098; x_wconf 85' lang='grc' dir='ltr'>κεῖν,</span> <span class='ocrx_word' id='word_1_444' title='bbox 2421 3035 2553 3086; x_wconf 84' lang='grc' dir='ltr'>ὂπου</span> <span class='ocrx_word' id='word_1_445' title='bbox 2574 3033 2784 3101; x_wconf 81' lang='grc' dir='ltr'>λέγετε,</span> <span class='ocrx_word' id='word_1_446' title='bbox 2809 3031 3206 3102; x_wconf 83' lang='grc' dir='ltr'>ἀπελεύσομαι,</span> <span class='ocrx_word' id='word_1_447' title='bbox 3229 3033 3590 3104; x_wconf 81' lang='grc' dir='ltr'>διομνύμενος</span> <span class='ocrx_word' id='word_1_448' title='bbox 3609 3034 3798 3094; x_wconf 76' lang='grc' dir='ltr'>αὐτοῖς·</span> 
     </span>
    </p>
   </div>
   <div class='ocr_carea' id='block_1_61' title="bbox 2249 3123 3802 3194">
    <p class='ocr_par' dir='ltr' id='par_1_61' title="bbox 2249 3123 3802 3194">
     <span class='ocr_line' id='line_1_61' title="bbox 2249 3123 3802 3194; baseline -0.003 -16"><span class='ocrx_word' id='word_1_449' title='bbox 2249 3126 2332 3178; x_wconf 85' lang='grc' dir='ltr'>ὃτι</span> <span class='ocrx_word' id='word_1_450' title='bbox 2367 3125 2540 3187; x_wconf 75' lang='grc' dir='ltr'>οὕτως</span> <span class='ocrx_word' id='word_1_451' title='bbox 2577 3125 2770 3194; x_wconf 84' lang='grc' dir='ltr'>έσομαι</span> <span class='ocrx_word' id='word_1_452' title='bbox 2799 3123 3054 3193; x_wconf 83' lang='grc' dir='ltr'>κείμενος</span> <span class='ocrx_word' id='word_1_453' title='bbox 3086 3123 3192 3185; x_wconf 78' lang='grc' dir='ltr'>ἕως</span> <span class='ocrx_word' id='word_1_454' title='bbox 3222 3124 3498 3194; x_wconf 75' lang='grc' dir='ltr'>ἑσπέραςο</span> <span class='ocrx_word' id='word_1_455' title='bbox 3531 3123 3622 3175; x_wconf 78' lang='grc' dir='ltr'><strong>ἐὰν</strong></span> <span class='ocrx_word' id='word_1_456' title='bbox 3653 3123 3719 3190; x_wconf 83' lang='grc' dir='ltr'>μή</span> <span class='ocrx_word' id='word_1_457' title='bbox 3745 3135 3802 3188; x_wconf 73' lang='grc' dir='ltr'><strong>με</strong></span> 
     </span>
    </p>
   </div>
   <div class='ocr_carea' id='block_1_62' title="bbox 571 3210 2151 3289">
    <p class='ocr_par' dir='ltr' id='par_1_62' title="bbox 571 3216 2147 3286">
     <span class='ocr_line' id='line_1_62' title="bbox 571 3216 2147 3286; baseline 0 -15"><span class='ocrx_word' id='word_1_458' title='bbox 571 3220 829 3272; x_wconf 89' lang='lat' dir='ltr'><strong>immotus</strong></span> <span class='ocrx_word' id='word_1_459' title='bbox 870 3217 1184 3279; x_wconf 87' lang='lat' dir='ltr'><strong>mansisset,</strong></span> <span class='ocrx_word' id='word_1_460' title='bbox 1222 3232 1344 3270; x_wconf 89' lang='lat' dir='ltr'><strong>sero</strong></span> <span class='ocrx_word' id='word_1_461' title='bbox 1378 3218 1588 3286; x_wconf 82' lang='lat' dir='ltr'><strong>vesperi</strong></span> <span class='ocrx_word' id='word_1_462' title='bbox 1618 3216 1832 3271; x_wconf 86' lang='lat' dir='ltr'><strong>tandem</strong></span> <span class='ocrx_word' id='word_1_463' title='bbox 1881 3219 2147 3272; x_wconf 79' lang='lat' dir='ltr'><strong>surrexit.</strong></span> 
     </span>
    </p>
   </div>
   <div class='ocr_carea' id='block_1_63' title="bbox 2254 3210 3804 3289">
    <p class='ocr_par' dir='ltr' id='par_1_63' title="bbox 2257 3214 3804 3289">
     <span class='ocr_line' id='line_1_63' title="bbox 2257 3214 3804 3289; baseline -0.001 -21"><span class='ocrx_word' id='word_1_464' title='bbox 2257 3217 2577 3287; x_wconf 86' lang='grc' dir='ltr'>σαλεύσητε,</span> <span class='ocrx_word' id='word_1_465' title='bbox 2609 3217 2670 3268; x_wconf 82' lang='grc' dir='ltr'>οὐ</span> <span class='ocrx_word' id='word_1_466' title='bbox 2700 3217 2775 3288; x_wconf 82' lang='grc' dir='ltr'>μὴ</span> <span class='ocrx_word' id='word_1_467' title='bbox 2809 3218 2961 3288; x_wconf 85' lang='grc' dir='ltr'>ὑμῶν</span> <span class='ocrx_word' id='word_1_468' title='bbox 3001 3218 3320 3274; x_wconf 85' lang='grc' dir='ltr'>ύπακούσω.</span> <span class='ocrx_word' id='word_1_469' title='bbox 3355 3220 3448 3273; x_wconf 73' lang='grc' dir='ltr'>καὶ</span> <span class='ocrx_word' id='word_1_470' title='bbox 3492 3218 3672 3289; x_wconf 85' lang='grc' dir='ltr'>μείνας</span> <span class='ocrx_word' id='word_1_471' title='bbox 3697 3214 3804 3268; x_wconf 80' lang='grc' dir='ltr'>ἀσά-</span> 
     </span>
    </p>
   </div>
   <div class='ocr_carea' id='block_1_64' title="bbox 574 3309 2150 3366">
    <p class='ocr_par' dir='ltr' id='par_1_64' title="bbox 574 3309 2150 3366">
     <span class='ocr_line' id='line_1_64' title="bbox 574 3309 2150 3366; baseline -0.003 0"><span class='ocrx_word' id='word_1_472' title='bbox 574 3312 681 3366; x_wconf 90' lang='lat' dir='ltr'><strong>Sed</strong></span> <span class='ocrx_word' id='word_1_473' title='bbox 699 3320 857 3366; x_wconf 89' lang='lat' dir='ltr'><strong>nocte</strong></span> <span class='ocrx_word' id='word_1_474' title='bbox 881 3309 1206 3363; x_wconf 89' lang='lat' dir='ltr'><strong>adventante</strong></span> <span class='ocrx_word' id='word_1_475' title='bbox 1227 3323 1420 3363; x_wconf 86' lang='lat' dir='ltr'><strong>rursus</strong></span> <span class='ocrx_word' id='word_1_476' title='bbox 1444 3324 1565 3362; x_wconf 91' lang='lat' dir='ltr'><strong>eum</strong></span> <span class='ocrx_word' id='word_1_477' title='bbox 1595 3309 1969 3364; x_wconf 88' lang='lat' dir='ltr'><strong>vehementius</strong></span> <span class='ocrx_word' id='word_1_478' title='bbox 1987 3309 2150 3362; x_wconf 88' lang='lat' dir='ltr'><strong>etiam</strong></span> 
     </span>
    </p>
   </div>
   <div class='ocr_carea' id='block_1_65' title="bbox 571 3399 2149 3469">
    <p class='ocr_par' dir='ltr' id='par_1_65' title="bbox 571 3399 2149 3469">
     <span class='ocr_line' id='line_1_65' title="bbox 571 3399 2149 3469; baseline -0.003 -12"><span class='ocrx_word' id='word_1_479' title='bbox 571 3403 822 3458; x_wconf 90' lang='lat' dir='ltr'><strong>insectati</strong></span> <span class='ocrx_word' id='word_1_480' title='bbox 851 3411 998 3456; x_wconf 90' lang='lat' dir='ltr'><strong>sunt.</strong></span> <span class='ocrx_word' id='word_1_481' title='bbox 1032 3400 1210 3467; x_wconf 85' lang='lat' dir='ltr'><strong>Quare</strong></span> <span class='ocrx_word' id='word_1_482' title='bbox 1249 3408 1474 3455; x_wconf 91' lang='lat' dir='ltr'><strong>sanctus</strong></span> <span class='ocrx_word' id='word_1_483' title='bbox 1497 3400 1760 3461; x_wconf 82' lang='lat' dir='ltr'><strong>surrexit,</strong></span> <span class='ocrx_word' id='word_1_484' title='bbox 1799 3399 2149 3469; x_wconf 90' lang='lat' dir='ltr'><strong>duorumque</strong></span> 
     </span>
    </p>
   </div>
   <div class='ocr_carea' id='block_1_66' title="bbox 565 3491 2151 3563">
    <p class='ocr_par' dir='ltr' id='par_1_66' title="bbox 565 3491 2151 3563">
     <span class='ocr_line' id='line_1_66' title="bbox 565 3491 2151 3563; baseline -0.003 -13"><span class='ocrx_word' id='word_1_485' title='bbox 565 3494 682 3550; x_wconf 76' lang='lat' dir='ltr'><strong>fere</strong></span> <span class='ocrx_word' id='word_1_486' title='bbox 706 3495 1013 3549; x_wconf 87' lang='lat' dir='ltr'><strong>modiorum</strong></span> <span class='ocrx_word' id='word_1_487' title='bbox 1037 3502 1277 3563; x_wconf 91' lang='lat' dir='ltr'><strong>sportam</strong></span> <span class='ocrx_word' id='word_1_488' title='bbox 1299 3507 1462 3546; x_wconf 88' lang='lat' dir='ltr'><strong>arena</strong></span> <span class='ocrx_word' id='word_1_489' title='bbox 1483 3491 1744 3560; x_wconf 87' lang='lat' dir='ltr'><strong>implevit,</strong></span> <span class='ocrx_word' id='word_1_490' title='bbox 1767 3507 1872 3560; x_wconf 86' lang='lat' dir='ltr'><strong>qua</strong></span> <span class='ocrx_word' id='word_1_491' title='bbox 1904 3491 2151 3546; x_wconf 86' lang='lat' dir='ltr'><strong>humeris</strong></span> 
     </span>
    </p>
   </div>
   <div class='ocr_carea' id='block_1_67' title="bbox 571 3583 2152 3655">
    <p class='ocr_par' dir='ltr' id='par_1_67' title="bbox 571 3583 2152 3655">
     <span class='ocr_line' id='line_1_67' title="bbox 571 3583 2152 3655; baseline -0.001 -18"><span class='ocrx_word' id='word_1_492' title='bbox 571 3587 827 3655; x_wconf 88' lang='lat' dir='ltr'><strong>imposita</strong></span> <span class='ocrx_word' id='word_1_493' title='bbox 863 3594 1030 3639; x_wconf 90' lang='lat' dir='ltr'><strong>lotam</strong></span> <span class='ocrx_word' id='word_1_494' title='bbox 1091 3583 1440 3639; x_wconf 88' lang='lat' dir='ltr'><strong>solitudinem</strong></span> <span class='ocrx_word' id='word_1_495' title='bbox 1477 3584 1736 3653; x_wconf 83' lang='lat' dir='ltr'><strong>pervasit.</strong></span> <span class='ocrx_word' id='word_1_496' title='bbox 1780 3583 1878 3637; x_wconf 90' lang='lat' dir='ltr'><strong>Cui</strong></span> <span class='ocrx_word' id='word_1_497' title='bbox 1909 3583 2152 3636; x_wconf 88' lang='lat' dir='ltr'><strong>occurrit</strong></span> 
     </span>
    </p>
   </div>
   <div class='ocr_carea' id='block_1_68' title="bbox 567 3673 2148 3750">
    <p class='ocr_par' dir='ltr' id='par_1_68' title="bbox 567 3673 2148 3750">
     <span class='ocr_line' id='line_1_68' title="bbox 567 3673 2148 3750; baseline -0.002 -20"><span class='ocrx_word' id='word_1_498' title='bbox 567 3679 732 3750; x_wconf 76' lang='lat'><strong>262</strong></span> <span class='ocrx_word' id='word_1_499' title='bbox 762 3675 1100 3732; x_wconf 90' lang='lat' dir='ltr'><strong>Theosebius</strong></span> <span class='ocrx_word' id='word_1_500' title='bbox 1135 3675 1425 3731; x_wconf 90' lang='lat' dir='ltr'><strong>Cosmetor</strong></span> <span class='ocrx_word' id='word_1_501' title='bbox 1454 3674 1850 3738; x_wconf 85' lang='lat' dir='ltr'><strong>Antiochenus,</strong></span> <span class='ocrx_word' id='word_1_502' title='bbox 1871 3681 1958 3729; x_wconf 90' lang='lat' dir='ltr'><strong>et:</strong></span> <span class='ocrx_word' id='word_1_503' title='bbox 1983 3673 2148 3740; x_wconf 84' lang='lat' dir='ltr'><strong>Quid.</strong></span> 
     </span>
    </p>
   </div>
   <div class='ocr_carea' id='block_1_69' title="bbox 571 3766 2152 3840">
    <p class='ocr_par' dir='ltr' id='par_1_69' title="bbox 571 3766 2152 3840">
     <span class='ocr_line' id='line_1_69' title="bbox 571 3766 2152 3840; baseline 0 -19"><span class='ocrx_word' id='word_1_504' title='bbox 571 3770 769 3840; x_wconf 90' lang='lat' dir='ltr'><strong>inquit,</strong></span> <span class='ocrx_word' id='word_1_505' title='bbox 813 3778 1022 3840; x_wconf 87' lang='lat' dir='ltr'><strong>portas,</strong></span> <span class='ocrx_word' id='word_1_506' title='bbox 1067 3768 1242 3823; x_wconf 84' lang='lat' dir='ltr'><strong>abba?</strong></span> <span class='ocrx_word' id='word_1_507' title='bbox 1282 3767 1424 3822; x_wconf 89' lang='lat' dir='ltr'><strong>Cede</strong></span> <span class='ocrx_word' id='word_1_508' title='bbox 1468 3766 1599 3820; x_wconf 92' lang='lat' dir='ltr'><strong>mihi</strong></span> <span class='ocrx_word' id='word_1_509' title='bbox 1636 3781 1798 3828; x_wconf 87' lang='lat' dir='ltr'><strong>onus,</strong></span> <span class='ocrx_word' id='word_1_510' title='bbox 1855 3781 1990 3819; x_wconf 88' lang='lat' dir='ltr'><strong>neve</strong></span> <span class='ocrx_word' id='word_1_511' title='bbox 2035 3766 2152 3836; x_wconf 87' lang='lat' dir='ltr'><strong>ipse</strong></span> 
     </span>
    </p>
   </div>
   <div class='ocr_carea' id='block_1_70' title="bbox 570 3855 2150 3926">
    <p class='ocr_par' dir='ltr' id='par_1_70' title="bbox 570 3855 2150 3926">
     <span class='ocr_line' id='line_1_70' title="bbox 570 3855 2150 3926; baseline -0.003 -12"><span class='ocrx_word' id='word_1_512' title='bbox 570 3862 817 3915; x_wconf 64' lang='lat' dir='ltr'><strong>veteris!</strong></span> <span class='ocrx_word' id='word_1_513' title='bbox 858 3861 950 3913; x_wconf 92' lang='lat' dir='ltr'><strong>llle</strong></span> <span class='ocrx_word' id='word_1_514' title='bbox 983 3868 1162 3912; x_wconf 87' lang='lat' dir='ltr'><strong>autem</strong></span> <span class='ocrx_word' id='word_1_515' title='bbox 1203 3877 1214 3911; x_wconf 91' lang='lat'>:</span> <span class='ocrx_word' id='word_1_516' title='bbox 1263 3856 1438 3917; x_wconf 76' lang='lat' dir='ltr'><strong>Vexo,</strong></span> <span class='ocrx_word' id='word_1_517' title='bbox 1473 3855 1682 3926; x_wconf 87' lang='lat' dir='ltr'><strong>inquit,</strong></span> <span class='ocrx_word' id='word_1_518' title='bbox 1724 3873 1885 3918; x_wconf 90' lang='lat' dir='ltr'><strong>eum,</strong></span> <span class='ocrx_word' id='word_1_519' title='bbox 1923 3856 2015 3924; x_wconf 88' lang='lat' dir='ltr'><strong>qui</strong></span> <span class='ocrx_word' id='word_1_520' title='bbox 2064 3871 2150 3910; x_wconf 88' lang='lat' dir='ltr'><strong>me</strong></span> 
     </span>
    </p>
   </div>
   <div class='ocr_carea' id='block_1_71' title="bbox 569 3947 2148 4019">
    <p class='ocr_par' dir='ltr' id='par_1_71' title="bbox 569 3947 2148 4019">
     <span class='ocr_line' id='line_1_71' title="bbox 569 3947 2148 4019; baseline -0.004 -14"><span class='ocrx_word' id='word_1_521' title='bbox 569 3962 746 4005; x_wconf 75' lang='lat' dir='ltr'><strong>vexat.</strong></span> <span class='ocrx_word' id='word_1_522' title='bbox 775 3949 893 4019; x_wconf 85' lang='lat' dir='ltr'><strong>Ipse</strong></span> <span class='ocrx_word' id='word_1_523' title='bbox 921 3951 1064 4004; x_wconf 90' lang='lat' dir='ltr'><strong>enim</strong></span> <span class='ocrx_word' id='word_1_524' title='bbox 1095 3964 1262 4017; x_wconf 84' lang='lat' dir='ltr'><strong>qutun</strong></span> <span class='ocrx_word' id='word_1_525' title='bbox 1291 3947 1528 4001; x_wconf 86' lang='lat' dir='ltr'><strong>lascivus</strong></span> <span class='ocrx_word' id='word_1_526' title='bbox 1556 3949 1650 4010; x_wconf 88' lang='lat' dir='ltr'><strong>sit,</strong></span> <span class='ocrx_word' id='word_1_527' title='bbox 1680 3947 1810 4000; x_wconf 92' lang='lat' dir='ltr'><strong>mihi</strong></span> <span class='ocrx_word' id='word_1_528' title='bbox 1836 3948 2148 4016; x_wconf 83' lang='lat' dir='ltr'><strong>peregrina-</strong></span> 
     </span>
    </p>
   </div>
   <div class='ocr_carea' id='block_1_72' title="bbox 570 4041 2146 4113">
    <p class='ocr_par' dir='ltr' id='par_1_72' title="bbox 570 4041 2146 4113">
     <span class='ocr_line' id='line_1_72' title="bbox 570 4041 2146 4113; baseline -0.004 -15"><span class='ocrx_word' id='word_1_529' title='bbox 570 4047 746 4098; x_wconf 89' lang='lat' dir='ltr'><strong>tiones</strong></span> <span class='ocrx_word' id='word_1_530' title='bbox 793 4044 1054 4113; x_wconf 81' lang='lat' dir='ltr'><strong>suggerit.</strong></span> <span class='ocrx_word' id='word_1_531' title='bbox 1104 4041 1194 4095; x_wconf 89' lang='lat' dir='ltr'><strong>Sie</strong></span> <span class='ocrx_word' id='word_1_532' title='bbox 1235 4057 1362 4094; x_wconf 88' lang='lat' dir='ltr'><strong>vero</strong></span> <span class='ocrx_word' id='word_1_533' title='bbox 1407 4057 1574 4110; x_wconf 93' lang='lat' dir='ltr'><strong>quum</strong></span> <span class='ocrx_word' id='word_1_534' title='bbox 1629 4057 1687 4095; x_wconf 88' lang='lat' dir='ltr'><strong>se</strong></span> <span class='ocrx_word' id='word_1_535' title='bbox 1737 4043 1967 4092; x_wconf 90' lang='lat' dir='ltr'><strong>multum</strong></span> <span class='ocrx_word' id='word_1_536' title='bbox 2019 4055 2146 4110; x_wconf 85' lang='lat' dir='ltr'><strong>per-</strong></span> 
     </span>
    </p>
   </div>
   <div class='ocr_carea' id='block_1_73' title="bbox 568 4133 1996 4202">
    <p class='ocr_par' dir='ltr' id='par_1_73' title="bbox 568 4133 1996 4202">
     <span class='ocr_line' id='line_1_73' title="bbox 568 4133 1996 4202; baseline -0.006 -10"><span class='ocrx_word' id='word_1_537' title='bbox 568 4139 854 4202; x_wconf 82' lang='lat' dir='ltr'><strong>movisset,</strong></span> <span class='ocrx_word' id='word_1_538' title='bbox 892 4138 947 4189; x_wconf 91' lang='lat' dir='ltr'><strong>in</strong></span> <span class='ocrx_word' id='word_1_539' title='bbox 987 4134 1176 4189; x_wconf 86' lang='lat' dir='ltr'><strong>cellam</strong></span> <span class='ocrx_word' id='word_1_540' title='bbox 1203 4133 1430 4187; x_wconf 87' lang='lat' dir='ltr'><strong>intravit</strong></span> <span class='ocrx_word' id='word_1_541' title='bbox 1471 4135 1714 4187; x_wconf 86' lang='lat' dir='ltr'><strong>contrito</strong></span> <span class='ocrx_word' id='word_1_542' title='bbox 1745 4147 1996 4201; x_wconf 88' lang='lat' dir='ltr'><strong>corpore.</strong></span> 
     </span>
    </p>
   </div>
   <div class='ocr_carea' id='block_1_74' title="bbox 653 4311 2147 4382">
    <p class='ocr_par' dir='ltr' id='par_1_74' title="bbox 653 4311 2147 4382">
     <span class='ocr_line' id='line_1_74' title="bbox 653 4311 2147 4382; baseline 0.001 -18"><span class='ocrx_word' id='word_1_543' title='bbox 653 4313 728 4367; x_wconf 86' lang='lat' dir='ltr'><strong>De</strong></span> <span class='ocrx_word' id='word_1_544' title='bbox 791 4321 982 4367; x_wconf 90' lang='lat' dir='ltr'><strong>sancto</strong></span> <span class='ocrx_word' id='word_1_545' title='bbox 1077 4311 1257 4364; x_wconf 84' lang='lat' dir='ltr'><strong>Marco</strong></span> <span class='ocrx_word' id='word_1_546' title='bbox 1332 4327 1530 4382; x_wconf 87' lang='lat' dir='ltr'><strong>magno</strong></span> <span class='ocrx_word' id='word_1_547' title='bbox 1611 4311 1973 4365; x_wconf 83' lang='lat' dir='ltr'><strong>exercitatore</strong></span> <span class='ocrx_word' id='word_1_548' title='bbox 2058 4311 2147 4366; x_wconf 79' lang='lat' dir='ltr'><strong>hic</strong></span> 
     </span>
    </p>
   </div>
   <div class='ocr_carea' id='block_1_75' title="bbox 570 4398 2145 4458">
    <p class='ocr_par' dir='ltr' id='par_1_75' title="bbox 570 4398 2145 4458">
     <span class='ocr_line' id='line_1_75' title="bbox 570 4398 2145 4458; baseline 0.002 -4"><span class='ocrx_word' id='word_1_549' title='bbox 570 4401 908 4454; x_wconf 87' lang='lat' dir='ltr'><strong>admirabilis</strong></span> <span class='ocrx_word' id='word_1_550' title='bbox 925 4398 1195 4455; x_wconf 85' lang='lat' dir='ltr'><strong>Macarius</strong></span> <span class='ocrx_word' id='word_1_551' title='bbox 1221 4401 1325 4455; x_wconf 92' lang='lat' dir='ltr'><strong>hoc</strong></span> <span class='ocrx_word' id='word_1_552' title='bbox 1354 4402 1670 4456; x_wconf 89' lang='lat' dir='ltr'><strong>incredibile</strong></span> <span class='ocrx_word' id='word_1_553' title='bbox 1692 4401 1850 4455; x_wconf 83' lang='lat' dir='ltr'><strong>nobis</strong></span> <span class='ocrx_word' id='word_1_554' title='bbox 1874 4404 2145 4458; x_wconf 88' lang='lat' dir='ltr'><strong>narravit:</strong></span> 
     </span>
    </p>
   </div>
   <div class='ocr_carea' id='block_1_76' title="bbox 567 4491 2148 4562">
    <p class='ocr_par' dir='ltr' id='par_1_76' title="bbox 567 4491 2148 4562">
     <span class='ocr_line' id='line_1_76' title="bbox 567 4491 2148 4562; baseline 0.001 -17"><span class='ocrx_word' id='word_1_555' title='bbox 567 4493 744 4558; x_wconf 87' lang='lat' dir='ltr'><strong>Quum</strong></span> <span class='ocrx_word' id='word_1_556' title='bbox 783 4505 961 4554; x_wconf 86' lang='lat' dir='ltr'><strong>sacro,</strong></span> <span class='ocrx_word' id='word_1_557' title='bbox 987 4492 1183 4560; x_wconf 89' lang='lat' dir='ltr'><strong>inquit,</strong></span> <span class='ocrx_word' id='word_1_558' title='bbox 1214 4507 1438 4546; x_wconf 86' lang='lat' dir='ltr'><strong>munere</strong></span> <span class='ocrx_word' id='word_1_559' title='bbox 1465 4491 1740 4561; x_wconf 80' lang='lat' dir='ltr'><strong>fungerer,</strong></span> <span class='ocrx_word' id='word_1_560' title='bbox 1768 4499 2011 4562; x_wconf 89' lang='lat' dir='ltr'><strong>tempore</strong></span> <span class='ocrx_word' id='word_1_561' title='bbox 2040 4493 2148 4547; x_wconf 83' lang='lat' dir='ltr'><strong>dis-</strong></span> 
     </span>
    </p>
   </div>
   <div class='ocr_carea' id='block_1_77' title="bbox 2255 3305 3799 3379">
    <p class='ocr_par' dir='ltr' id='par_1_77' title="bbox 2255 3305 3799 3379">
     <span class='ocr_line' id='line_1_77' title="bbox 2255 3305 3799 3379; baseline -0.003 -20"><span class='ocrx_word' id='word_1_562' title='bbox 2255 3307 2442 3370; x_wconf 86' lang='grc' dir='ltr'>λευτος</span> <span class='ocrx_word' id='word_1_563' title='bbox 2488 3309 2532 3338; x_wconf 85' lang='grc'>⁸⁰</span> <span class='ocrx_word' id='word_1_564' title='bbox 2583 3308 2781 3378; x_wconf 81' lang='grc' dir='ltr'><strong>ἀνέστη</strong></span> <span class='ocrx_word' id='word_1_565' title='bbox 2821 3307 3004 3361; x_wconf 72' lang='grc' dir='ltr'>λοιπὸν</span> <span class='ocrx_word' id='word_1_566' title='bbox 3069 3308 3314 3379; x_wconf 79' lang='grc' dir='ltr'>ἑσπέρας</span> <span class='ocrx_word' id='word_1_567' title='bbox 3365 3308 3532 3378; x_wconf 73' lang='grc' dir='ltr'>οὔσης</span> <span class='ocrx_word' id='word_1_568' title='bbox 3587 3305 3799 3376; x_wconf 82' lang='grc' dir='ltr'>βαθείας.</span> 
     </span>
    </p>
   </div>
   <div class='ocr_carea' id='block_1_78' title="bbox 2254 3396 3800 3469">
    <p class='ocr_par' dir='ltr' id='par_1_78' title="bbox 2254 3396 3800 3469">
     <span class='ocr_line' id='line_1_78' title="bbox 2254 3396 3800 3469; baseline -0.006 -18"><span class='ocrx_word' id='word_1_569' title='bbox 2254 3399 2446 3461; x_wconf 79' lang='grc' dir='ltr'>νυκτὸς</span> <span class='ocrx_word' id='word_1_570' title='bbox 2463 3399 2519 3451; x_wconf 76' lang='grc' dir='ltr'>δὲ</span> <span class='ocrx_word' id='word_1_571' title='bbox 2545 3399 2706 3452; x_wconf 86' lang='grc' dir='ltr'>πάλιν</span> <span class='ocrx_word' id='word_1_572' title='bbox 2731 3398 3128 3468; x_wconf 75' lang='grc' dir='ltr'>ἐπιγενομένης</span> <span class='ocrx_word' id='word_1_573' title='bbox 3154 3399 3529 3469; x_wconf 76' lang='grc' dir='ltr'>σφοδροτέρως</span> <span class='ocrx_word' id='word_1_574' title='bbox 3542 3396 3800 3466; x_wconf 81' lang='grc' dir='ltr'>ἐνώχλουν.</span> 
     </span>
    </p>
   </div>
   <div class='ocr_carea' id='block_1_79' title="bbox 2252 3484 3806 3560">
    <p class='ocr_par' dir='ltr' id='par_1_79' title="bbox 2252 3484 3806 3560">
     <span class='ocr_line' id='line_1_79' title="bbox 2252 3484 3806 3560; baseline -0.004 -18"><span class='ocrx_word' id='word_1_575' title='bbox 2252 3491 2493 3552; x_wconf 77' lang='grc' dir='ltr'>ἀναστάς</span> <span class='ocrx_word' id='word_1_576' title='bbox 2518 3485 2610 3542; x_wconf 74' lang='grc' dir='ltr'>οὖν</span> <span class='ocrx_word' id='word_1_577' title='bbox 2638 3491 2667 3542; x_wconf 87' lang='grc' dir='ltr'>ὁ</span> <span class='ocrx_word' id='word_1_578' title='bbox 2696 3490 2850 3558; x_wconf 85' lang='grc' dir='ltr'>ἆγιος</span> <span class='ocrx_word' id='word_1_579' title='bbox 2878 3489 2946 3555; x_wconf 72' lang='grc'>⁸⁸,</span> <span class='ocrx_word' id='word_1_580' title='bbox 2969 3491 3064 3542; x_wconf 83' lang='grc' dir='ltr'>καὶ</span> <span class='ocrx_word' id='word_1_581' title='bbox 3095 3491 3139 3520; x_wconf 74' lang='grc'><strong>⁸⁸</strong></span> <span class='ocrx_word' id='word_1_582' title='bbox 3168 3488 3352 3541; x_wconf 83' lang='grc' dir='ltr'>λαϐὼν</span> <span class='ocrx_word' id='word_1_583' title='bbox 3381 3489 3611 3560; x_wconf 81' lang='grc' dir='ltr'>σπυρίδα</span> <span class='ocrx_word' id='word_1_584' title='bbox 3642 3488 3709 3548; x_wconf 80' lang='grc' dir='ltr'>ὡς</span> <span class='ocrx_word' id='word_1_585' title='bbox 3725 3484 3806 3537; x_wconf 84' lang='grc' dir='ltr'><strong>δύο</strong></span> 
     </span>
    </p>
   </div>
   <div class='ocr_carea' id='block_1_80' title="bbox 2256 3577 3804 3651">
    <p class='ocr_par' dir='ltr' id='par_1_80' title="bbox 2256 3577 3804 3651">
     <span class='ocr_line' id='line_1_80' title="bbox 2256 3577 3804 3651; baseline -0.005 -17"><span class='ocrx_word' id='word_1_586' title='bbox 2256 3581 2453 3651; x_wconf 90' lang='grc' dir='ltr'>μοδίων</span> <span class='ocrx_word' id='word_1_587' title='bbox 2480 3581 2733 3650; x_wconf 67' lang='grc' dir='ltr'>ψάμμου,</span> <span class='ocrx_word' id='word_1_588' title='bbox 2764 3581 2970 3650; x_wconf 87' lang='grc' dir='ltr'>ταύτην</span> <span class='ocrx_word' id='word_1_589' title='bbox 2992 3580 3301 3651; x_wconf 79' lang='grc' dir='ltr'>ἐπλήρωσε,</span> <span class='ocrx_word' id='word_1_590' title='bbox 3329 3582 3424 3634; x_wconf 72' lang='grc' dir='ltr'>καὶ</span> <span class='ocrx_word' id='word_1_591' title='bbox 3452 3578 3701 3641; x_wconf 86' lang='grc' dir='ltr'>τεθεικὼς</span> <span class='ocrx_word' id='word_1_592' title='bbox 3727 3577 3804 3628; x_wconf 74' lang='grc' dir='ltr'><strong>ἐπὶ</strong></span> 
     </span>
    </p>
   </div>
   <div class='ocr_carea' id='block_1_81' title="bbox 2252 3665 3803 3743">
    <p class='ocr_par' dir='ltr' id='par_1_81' title="bbox 2252 3665 3803 3743">
     <span class='ocr_line' id='line_1_81' title="bbox 2252 3665 3803 3743; baseline -0.004 -19"><span class='ocrx_word' id='word_1_593' title='bbox 2252 3674 2342 3725; x_wconf 80' lang='grc' dir='ltr'>τὸν</span> <span class='ocrx_word' id='word_1_594' title='bbox 2373 3671 2568 3725; x_wconf 79' lang='grc' dir='ltr'>ἑαυτοῦ</span> <span class='ocrx_word' id='word_1_595' title='bbox 2599 3665 2747 3741; x_wconf 82' lang='grc' dir='ltr'>ὦμον</span> <span class='ocrx_word' id='word_1_596' title='bbox 2776 3672 2997 3725; x_wconf 86' lang='grc' dir='ltr'>διεκίνει</span> <span class='ocrx_word' id='word_1_597' title='bbox 3027 3673 3070 3704; x_wconf 85' lang='grc'><strong>⁸³</strong></span> <span class='ocrx_word' id='word_1_598' title='bbox 3095 3672 3195 3743; x_wconf 83' lang='grc' dir='ltr'>τὴν</span> <span class='ocrx_word' id='word_1_599' title='bbox 3226 3671 3458 3742; x_wconf 79' lang='grc' dir='ltr'>ἔρημον.</span> <span class='ocrx_word' id='word_1_600' title='bbox 3506 3672 3672 3740; x_wconf 82' lang='grc' dir='ltr'>τούτῳ</span> <span class='ocrx_word' id='word_1_601' title='bbox 3700 3685 3803 3720; x_wconf 75' lang='grc' dir='ltr'>συνο</span> 
     </span>
    </p>
   </div>
   <div class='ocr_carea' id='block_1_82' title="bbox 2251 3755 3801 3832">
    <p class='ocr_par' dir='ltr' id='par_1_82' title="bbox 2251 3755 3801 3832">
     <span class='ocr_line' id='line_1_82' title="bbox 2251 3755 3801 3832; baseline -0.003 -18"><span class='ocrx_word' id='word_1_602' title='bbox 2251 3764 2481 3832; x_wconf 78' lang='grc' dir='ltr'>ήντησεν</span> <span class='ocrx_word' id='word_1_603' title='bbox 2534 3762 2578 3792; x_wconf 67' lang='grc'><strong>⁸⁸</strong></span> <span class='ocrx_word' id='word_1_604' title='bbox 2628 3761 2913 3824; x_wconf 81' lang='grc' dir='ltr'>Θεοσέϐιος</span> <span class='ocrx_word' id='word_1_605' title='bbox 2973 3764 3002 3814; x_wconf 86' lang='grc' dir='ltr'>ὁ</span> <span class='ocrx_word' id='word_1_606' title='bbox 3059 3764 3360 3832; x_wconf 83' lang='grc' dir='ltr'>κοσμήτωρ</span> <span class='ocrx_word' id='word_1_607' title='bbox 3429 3761 3720 3829; x_wconf 77' lang='grc' dir='ltr'>Ἀντιοχεὺς</span> <span class='ocrx_word' id='word_1_608' title='bbox 3764 3755 3801 3785; x_wconf 86' lang='grc'><strong>⁸⁸</strong></span> 
     </span>
    </p>
   </div>
   <div class='ocr_carea' id='block_1_83' title="bbox 2251 3849 3800 3922">
    <p class='ocr_par' dir='ltr' id='par_1_83' title="bbox 2251 3849 3800 3922">
     <span class='ocr_line' id='line_1_83' title="bbox 2251 3849 3800 3922; baseline -0.004 -19"><span class='ocrx_word' id='word_1_609' title='bbox 2251 3852 2344 3903; x_wconf 74' lang='grc' dir='ltr'>καὶ</span> <span class='ocrx_word' id='word_1_610' title='bbox 2369 3850 2515 3917; x_wconf 78' lang='grc' dir='ltr'>λέγει</span> <span class='ocrx_word' id='word_1_611' title='bbox 2544 3851 2692 3921; x_wconf 82' lang='grc' dir='ltr'>αύτῷ</span> <span class='ocrx_word' id='word_1_612' title='bbox 2717 3867 2728 3879; x_wconf 89' lang='grc'><strong>·</strong></span> <span class='ocrx_word' id='word_1_613' title='bbox 2763 3851 2816 3903; x_wconf 90' lang='grc' dir='ltr'><strong>τί</strong></span> <span class='ocrx_word' id='word_1_614' title='bbox 2853 3851 3164 3920; x_wconf 78' lang='grc' dir='ltr'>βαστάζεις,</span> <span class='ocrx_word' id='word_1_615' title='bbox 3201 3852 3386 3917; x_wconf 82' lang='grc' dir='ltr'><strong>ἀ66ᾶ;</strong></span> <span class='ocrx_word' id='word_1_616' title='bbox 3428 3849 3800 3922; x_wconf 82' lang='grc' dir='ltr'>παραχώρησον</span> 
     </span>
    </p>
   </div>
   <div class='ocr_carea' id='block_1_84' title="bbox 2250 3942 3798 4014">
    <p class='ocr_par' dir='ltr' id='par_1_84' title="bbox 2250 3942 3798 4014">
     <span class='ocr_line' id='line_1_84' title="bbox 2250 3942 3798 4014; baseline -0.003 -19"><span class='ocrx_word' id='word_1_617' title='bbox 2250 3943 2373 4012; x_wconf 81' lang='grc' dir='ltr'>ἐμοὶ</span> <span class='ocrx_word' id='word_1_618' title='bbox 2414 3944 2474 3996; x_wconf 87' lang='grc' dir='ltr'>τὸ</span> <span class='ocrx_word' id='word_1_619' title='bbox 2504 3944 2723 4013; x_wconf 86' lang='grc' dir='ltr'>φορτίον</span> <span class='ocrx_word' id='word_1_620' title='bbox 2753 3944 2845 3996; x_wconf 78' lang='grc' dir='ltr'>καὶ</span> <span class='ocrx_word' id='word_1_621' title='bbox 2874 3945 2948 4014; x_wconf 82' lang='grc' dir='ltr'>μὴ</span> <span class='ocrx_word' id='word_1_622' title='bbox 2986 3943 3213 3997; x_wconf 88' lang='grc' dir='ltr'>σκύλλου</span> <span class='ocrx_word' id='word_1_623' title='bbox 3242 3946 3412 4008; x_wconf 86' lang='grc' dir='ltr'>αὐτός</span> <span class='ocrx_word' id='word_1_624' title='bbox 3434 3963 3448 3978; x_wconf 75' lang='grc' dir='ltr'><strong>ο</strong></span> <span class='ocrx_word' id='word_1_625' title='bbox 3481 3947 3509 3998; x_wconf 81' lang='grc' dir='ltr'><strong>ὁ</strong></span> <span class='ocrx_word' id='word_1_626' title='bbox 3553 3945 3607 3997; x_wconf 84' lang='grc' dir='ltr'>δὲ</span> <span class='ocrx_word' id='word_1_627' title='bbox 3638 3942 3798 4008; x_wconf 61' lang='lat' dir='ltr'><strong>Eis-{5&#39;</strong></span> 
     </span>
    </p>
   </div>
   <div class='ocr_carea' id='block_1_85' title="bbox 2253 4033 3798 4106">
    <p class='ocr_par' dir='ltr' id='par_1_85' title="bbox 2253 4033 3798 4106">
     <span class='ocr_line' id='line_1_85' title="bbox 2253 4033 3798 4106; baseline 0.003 -20"><span class='ocrx_word' id='word_1_628' title='bbox 2253 4033 2466 4086; x_wconf 88' lang='grc' dir='ltr'>σκύλλω</span> <span class='ocrx_word' id='word_1_629' title='bbox 2480 4034 2570 4084; x_wconf 77' lang='grc' dir='ltr'><strong>τὸν</strong></span> <span class='ocrx_word' id='word_1_630' title='bbox 2598 4033 2899 4087; x_wconf 86' lang='grc' dir='ltr'>σκύλλοντά</span> <span class='ocrx_word' id='word_1_631' title='bbox 2925 4052 2994 4104; x_wconf 88' lang='grc' dir='ltr'><strong>με</strong></span> <span class='ocrx_word' id='word_1_632' title='bbox 3019 4051 3033 4066; x_wconf 77' lang='grc' dir='ltr'><strong>ο</strong></span> <span class='ocrx_word' id='word_1_633' title='bbox 3067 4035 3256 4100; x_wconf 79' lang='grc' dir='ltr'>ἄνετος</span> <span class='ocrx_word' id='word_1_634' title='bbox 3283 4037 3393 4106; x_wconf 72' lang='grc' dir='ltr'><strong>γὰρ</strong></span> <span class='ocrx_word' id='word_1_635' title='bbox 3420 4037 3494 4090; x_wconf 84' lang='grc' dir='ltr'>ὢν</span> <span class='ocrx_word' id='word_1_636' title='bbox 3519 4033 3798 4105; x_wconf 82' lang='grc' dir='ltr'>ἀποδημίας</span> 
     </span>
    </p>
   </div>
   <div class='ocr_carea' id='block_1_86' title="bbox 2255 4123 3798 4198">
    <p class='ocr_par' dir='ltr' id='par_1_86' title="bbox 2255 4123 3798 4198">
     <span class='ocr_line' id='line_1_86' title="bbox 2255 4123 3798 4198; baseline -0.001 -21"><span class='ocrx_word' id='word_1_637' title='bbox 2255 4143 2344 4194; x_wconf 85' lang='grc' dir='ltr'><strong>μοι</strong></span> <span class='ocrx_word' id='word_1_638' title='bbox 2400 4123 2714 4177; x_wconf 74' lang='grc' dir='ltr'>ὑποϐάλλει.</span> <span class='ocrx_word' id='word_1_639' title='bbox 2777 4127 2870 4178; x_wconf 75' lang='grc' dir='ltr'>καὶ</span> <span class='ocrx_word' id='word_1_640' title='bbox 2933 4126 3026 4177; x_wconf 79' lang='grc' dir='ltr'>ἐπὶ</span> <span class='ocrx_word' id='word_1_641' title='bbox 3085 4127 3221 4179; x_wconf 81' lang='grc' dir='ltr'>πολὺ</span> <span class='ocrx_word' id='word_1_642' title='bbox 3273 4127 3596 4198; x_wconf 87' lang='grc' dir='ltr'>διακινήσας</span> <span class='ocrx_word' id='word_1_643' title='bbox 3649 4125 3798 4182; x_wconf 80' lang='grc' dir='ltr'>οὓτως</span> 
     </span>
    </p>
   </div>
   <div class='ocr_carea' id='block_1_87' title="bbox 2249 4215 3596 4286">
    <p class='ocr_par' dir='ltr' id='par_1_87' title="bbox 2249 4215 3596 4286">
     <span class='ocr_line' id='line_1_87' title="bbox 2249 4215 3596 4286; baseline 0.001 -18"><span class='ocrx_word' id='word_1_644' title='bbox 2249 4217 2498 4286; x_wconf 77' lang='grc' dir='ltr'>εἰσῆλθεν</span> <span class='ocrx_word' id='word_1_645' title='bbox 2524 4218 2603 4278; x_wconf 88' lang='grc' dir='ltr'><strong>εἰς</strong></span> <span class='ocrx_word' id='word_1_646' title='bbox 2644 4216 2740 4286; x_wconf 81' lang='grc' dir='ltr'>τὴν</span> <span class='ocrx_word' id='word_1_647' title='bbox 2777 4215 2974 4268; x_wconf 88' lang='grc' dir='ltr'>κέλλαν</span> <span class='ocrx_word' id='word_1_648' title='bbox 3004 4218 3301 4286; x_wconf 69' lang='grc' dir='ltr'>συντρίψας</span> <span class='ocrx_word' id='word_1_649' title='bbox 3328 4219 3388 4271; x_wconf 82' lang='grc' dir='ltr'>τὸ</span> <span class='ocrx_word' id='word_1_650' title='bbox 3424 4218 3596 4286; x_wconf 78' lang='grc' dir='ltr'>σῶμα.</span> 
     </span>
    </p>
   </div>
   <div class='ocr_carea' id='block_1_88' title="bbox 2323 4301 3797 4380">
    <p class='ocr_par' dir='ltr' id='par_1_88' title="bbox 2323 4301 3797 4380">
     <span class='ocr_line' id='line_1_88' title="bbox 2323 4301 3797 4380; baseline -0.003 -21"><span class='ocrx_word' id='word_1_651' title='bbox 2323 4308 2457 4378; x_wconf 74' lang='grc' dir='ltr'>Περὶ</span> <span class='ocrx_word' id='word_1_652' title='bbox 2488 4308 2533 4338; x_wconf 87' lang='grc'><strong>⁸⁸</strong></span> <span class='ocrx_word' id='word_1_653' title='bbox 2557 4306 2787 4376; x_wconf 88' lang='grc' dir='ltr'>Μάρκου</span> <span class='ocrx_word' id='word_1_654' title='bbox 2821 4305 2914 4358; x_wconf 82' lang='grc' dir='ltr'>τοῦ</span> <span class='ocrx_word' id='word_1_655' title='bbox 2946 4307 3045 4374; x_wconf 86' lang='grc' dir='ltr'>μὲν</span> <span class='ocrx_word' id='word_1_656' title='bbox 3075 4307 3317 4376; x_wconf 83' lang='grc' dir='ltr'>ἀσκητοῦ</span> <span class='ocrx_word' id='word_1_657' title='bbox 3348 4310 3409 4362; x_wconf 84' lang='grc' dir='ltr'>τὸ</span> <span class='ocrx_word' id='word_1_658' title='bbox 3448 4306 3732 4380; x_wconf 80' lang='grc' dir='ltr'>παράδοξον</span> <span class='ocrx_word' id='word_1_659' title='bbox 3761 4301 3797 4331; x_wconf 80' lang='grc'>⁶’</span> 
     </span>
    </p>
   </div>
   <div class='ocr_carea' id='block_1_89' title="bbox 2249 4392 3796 4471">
    <p class='ocr_par' dir='ltr' id='par_1_89' title="bbox 2249 4392 3796 4471">
     <span class='ocr_line' id='line_1_89' title="bbox 2249 4392 3796 4471; baseline -0.003 -19"><span class='ocrx_word' id='word_1_660' title='bbox 2249 4399 2406 4452; x_wconf 79' lang='grc' dir='ltr'>τοῦτο</span> <span class='ocrx_word' id='word_1_661' title='bbox 2432 4401 2458 4452; x_wconf 86' lang='grc' dir='ltr'>ὁ</span> <span class='ocrx_word' id='word_1_662' title='bbox 2483 4398 2788 4468; x_wconf 84' lang='grc' dir='ltr'>θαυμάσιος</span> <span class='ocrx_word' id='word_1_663' title='bbox 2809 4392 2964 4464; x_wconf 72' lang='grc' dir='ltr'>οὗτος</span> <span class='ocrx_word' id='word_1_664' title='bbox 2997 4400 3285 4470; x_wconf 89' lang='grc' dir='ltr'>Μακάριος</span> <span class='ocrx_word' id='word_1_665' title='bbox 3311 4401 3606 4471; x_wconf 83' lang='grc' dir='ltr'>διηγήσατο</span> <span class='ocrx_word' id='word_1_666' title='bbox 3626 4398 3796 4464; x_wconf 83' lang='grc' dir='ltr'>λέγων·</span> 
     </span>
    </p>
   </div>
   <div class='ocr_carea' id='block_1_90' title="bbox 2249 4485 3799 4563">
    <p class='ocr_par' dir='ltr' id='par_1_90' title="bbox 2249 4485 3799 4563">
     <span class='ocr_line' id='line_1_90' title="bbox 2249 4485 3799 4563; baseline -0.005 -19"><span class='ocrx_word' id='word_1_667' title='bbox 2249 4493 2330 4544; x_wconf 82' lang='grc' dir='ltr'>ὅτι</span> <span class='ocrx_word' id='word_1_668' title='bbox 2365 4494 2422 4543; x_wconf 85' lang='grc' dir='ltr'><strong>ἐν</strong></span> <span class='ocrx_word' id='word_1_669' title='bbox 2468 4489 2545 4560; x_wconf 84' lang='grc' dir='ltr'>τῷ</span> <span class='ocrx_word' id='word_1_670' title='bbox 2587 4491 2927 4561; x_wconf 79' lang='grc' dir='ltr'>λειτουργεῖν</span> <span class='ocrx_word' id='word_1_671' title='bbox 2978 4508 3046 4560; x_wconf 89' lang='grc' dir='ltr'><strong>με</strong></span> <span class='ocrx_word' id='word_1_672' title='bbox 3079 4492 3516 4563; x_wconf 82' lang='grc' dir='ltr'>ἐπεσημηνάμην</span> <span class='ocrx_word' id='word_1_673' title='bbox 3545 4491 3649 4560; x_wconf 83' lang='grc' dir='ltr'><strong>ἐγὼ</strong></span> <span class='ocrx_word' id='word_1_674' title='bbox 3678 4485 3799 4540; x_wconf 82' lang='grc' dir='ltr'>κατὰ</span> 
     </span>
    </p>
   </div>
   <div class='ocr_carea' id='block_1_91' title="bbox 569 4573 2151 4654">
    <p class='ocr_par' dir='ltr' id='par_1_91' title="bbox 569 4581 2142 4652">
     <span class='ocr_line' id='line_1_91' title="bbox 569 4581 2142 4652; baseline 0.001 -16"><span class='ocrx_word' id='word_1_675' title='bbox 569 4581 886 4636; x_wconf 89' lang='lat' dir='ltr'><strong>tributionis</strong></span> <span class='ocrx_word' id='word_1_676' title='bbox 939 4581 1319 4652; x_wconf 86' lang='lat' dir='ltr'><strong>mysteriorum</strong></span> <span class='ocrx_word' id='word_1_677' title='bbox 1395 4583 1596 4637; x_wconf 88' lang='lat' dir='ltr'><strong>Christi</strong></span> <span class='ocrx_word' id='word_1_678' title='bbox 1663 4600 1764 4652; x_wconf 88' lang='lat' dir='ltr'><strong>ego</strong></span> <span class='ocrx_word' id='word_1_679' title='bbox 1817 4583 2142 4649; x_wconf 89' lang='lat' dir='ltr'><strong>observavi,</strong></span> 
     </span>
    </p>
   </div>
   <div class='ocr_carea' id='block_1_92' title="bbox 2254 4573 3798 4654">
    <p class='ocr_par' dir='ltr' id='par_1_92' title="bbox 2254 4582 3798 4654">
     <span class='ocr_line' id='line_1_92' title="bbox 2254 4582 3798 4654; baseline -0.002 -19"><span class='ocrx_word' id='word_1_680' title='bbox 2254 4583 2340 4636; x_wconf 85' lang='grc' dir='ltr'>τὸν</span> <span class='ocrx_word' id='word_1_681' title='bbox 2367 4583 2555 4654; x_wconf 84' lang='grc' dir='ltr'>καιρὸν</span> <span class='ocrx_word' id='word_1_682' title='bbox 2599 4583 2700 4652; x_wconf 83' lang='grc' dir='ltr'><strong>τῆς</strong></span> <span class='ocrx_word' id='word_1_683' title='bbox 2739 4582 3031 4644; x_wconf 84' lang='grc' dir='ltr'>διαδόσεως</span> <span class='ocrx_word' id='word_1_684' title='bbox 3060 4582 3170 4634; x_wconf 85' lang='grc' dir='ltr'>τῶν</span> <span class='ocrx_word' id='word_1_685' title='bbox 3198 4582 3292 4634; x_wconf 76' lang='grc' dir='ltr'><strong>τοῦ</strong></span> <span class='ocrx_word' id='word_1_686' title='bbox 3335 4583 3570 4654; x_wconf 86' lang='grc' dir='ltr'>Χριστοῦ</span> <span class='ocrx_word' id='word_1_687' title='bbox 3613 4593 3798 4651; x_wconf 78' lang='grc' dir='ltr'>μυστη-</span> 
     </span>
    </p>
   </div>
   <div class='ocr_carea' id='block_1_93' title="bbox 569 4673 2143 4744">
    <p class='ocr_par' dir='ltr' id='par_1_93' title="bbox 569 4673 2143 4744">
     <span class='ocr_line' id='line_1_93' title="bbox 569 4673 2143 4744; baseline 0 -17"><span class='ocrx_word' id='word_1_688' title='bbox 569 4673 751 4729; x_wconf 82' lang='lat' dir='ltr'><strong>Marco</strong></span> <span class='ocrx_word' id='word_1_689' title='bbox 766 4674 1115 4729; x_wconf 81' lang='lat' dir='ltr'><strong>exercitatori</strong></span> <span class='ocrx_word' id='word_1_690' title='bbox 1135 4688 1411 4744; x_wconf 88' lang='lat' dir='ltr'><strong>nunquam</strong></span> <span class='ocrx_word' id='word_1_691' title='bbox 1441 4690 1528 4727; x_wconf 93' lang='lat' dir='ltr'><strong>me</strong></span> <span class='ocrx_word' id='word_1_692' title='bbox 1547 4673 1767 4729; x_wconf 90' lang='lat' dir='ltr'><strong>dedisse</strong></span> <span class='ocrx_word' id='word_1_693' title='bbox 1789 4673 2143 4738; x_wconf 88' lang='lat' dir='ltr'><strong>oblationem,</strong></span> 
     </span>
    </p>
   </div>
   <div class='ocr_carea' id='block_1_94' title="bbox 567 4765 2143 4835">
    <p class='ocr_par' dir='ltr' id='par_1_94' title="bbox 567 4765 2143 4835">
     <span class='ocr_line' id='line_1_94' title="bbox 567 4765 2143 4835; baseline -0.002 -15"><span class='ocrx_word' id='word_1_694' title='bbox 567 4766 661 4820; x_wconf 91' lang='lat' dir='ltr'><strong>sed</strong></span> <span class='ocrx_word' id='word_1_695' title='bbox 705 4768 931 4835; x_wconf 81' lang='lat' dir='ltr'><strong>angelus</strong></span> <span class='ocrx_word' id='word_1_696' title='bbox 981 4766 1031 4821; x_wconf 90' lang='lat' dir='ltr'><strong>ei</strong></span> <span class='ocrx_word' id='word_1_697' title='bbox 1082 4765 1248 4820; x_wconf 87' lang='lat' dir='ltr'><strong>dabat</strong></span> <span class='ocrx_word' id='word_1_698' title='bbox 1297 4766 1364 4820; x_wconf 91' lang='lat' dir='ltr'><strong>de</strong></span> <span class='ocrx_word' id='word_1_699' title='bbox 1420 4767 1608 4824; x_wconf 89' lang='lat' dir='ltr'><strong>altari.</strong></span> <span class='ocrx_word' id='word_1_700' title='bbox 1651 4765 1765 4834; x_wconf 82' lang='lat' dir='ltr'><strong>Ego</strong></span> <span class='ocrx_word' id='word_1_701' title='bbox 1807 4781 1936 4820; x_wconf 87' lang='lat' dir='ltr'><strong>vero</strong></span> <span class='ocrx_word' id='word_1_702' title='bbox 1968 4766 2143 4820; x_wconf 82' lang='lat' dir='ltr'><strong>solum</strong></span> 
     </span>
    </p>
   </div>
   <div class='ocr_carea' id='block_1_95' title="bbox 567 4859 2145 4930">
    <p class='ocr_par' dir='ltr' id='par_1_95' title="bbox 567 4859 2145 4930">
     <span class='ocr_line' id='line_1_95' title="bbox 567 4859 2145 4930; baseline -0.001 -17"><span class='ocrx_word' id='word_1_703' title='bbox 567 4861 909 4928; x_wconf 90' lang='lat' dir='ltr'><strong>splendorem</strong></span> <span class='ocrx_word' id='word_1_704' title='bbox 966 4875 1163 4914; x_wconf 90' lang='lat' dir='ltr'><strong>manus</strong></span> <span class='ocrx_word' id='word_1_705' title='bbox 1217 4859 1327 4913; x_wconf 88' lang='lat' dir='ltr'><strong>vidi</strong></span> <span class='ocrx_word' id='word_1_706' title='bbox 1375 4859 1515 4929; x_wconf 86' lang='lat' dir='ltr'><strong>ejus,</strong></span> <span class='ocrx_word' id='word_1_707' title='bbox 1566 4861 1660 4930; x_wconf 86' lang='lat' dir='ltr'><strong>qui</strong></span> <span class='ocrx_word' id='word_1_708' title='bbox 1718 4860 1766 4914; x_wconf 88' lang='lat' dir='ltr'><strong>ei</strong></span> <span class='ocrx_word' id='word_1_709' title='bbox 1814 4859 2145 4914; x_wconf 85' lang='lat' dir='ltr'><strong>oblationem</strong></span> 
     </span>
    </p>
   </div>
   <div class='ocr_carea' id='block_1_96' title="bbox 2251 4667 3797 4746">
    <p class='ocr_par' dir='ltr' id='par_1_96' title="bbox 2251 4667 3797 4746">
     <span class='ocr_line' id='line_1_96' title="bbox 2251 4667 3797 4746; baseline -0.003 -18"><span class='ocrx_word' id='word_1_710' title='bbox 2251 4676 2402 4746; x_wconf 87' lang='grc' dir='ltr'>ρίων,</span> <span class='ocrx_word' id='word_1_711' title='bbox 2453 4676 2537 4728; x_wconf 77' lang='grc' dir='ltr'>ἔτι</span> <span class='ocrx_word' id='word_1_712' title='bbox 2588 4675 2801 4744; x_wconf 85' lang='grc' dir='ltr'>Μάρκῳ</span> <span class='ocrx_word' id='word_1_713' title='bbox 2861 4673 2940 4744; x_wconf 85' lang='grc' dir='ltr'>τῷ</span> <span class='ocrx_word' id='word_1_714' title='bbox 2977 4675 3189 4745; x_wconf 87' lang='grc' dir='ltr'>ἀσκητῇ</span> <span class='ocrx_word' id='word_1_715' title='bbox 3244 4675 3502 4728; x_wconf 84' lang='grc' dir='ltr'>οὐδέποτε</span> <span class='ocrx_word' id='word_1_716' title='bbox 3552 4674 3715 4726; x_wconf 80' lang='grc' dir='ltr'>ἔδωκα</span> <span class='ocrx_word' id='word_1_717' title='bbox 3759 4667 3797 4697; x_wconf 77' lang='grc'>⁵⁸</span> 
     </span>
    </p>
   </div>
   <div class='ocr_carea' id='block_1_97' title="bbox 2251 4763 3796 4839">
    <p class='ocr_par' dir='ltr' id='par_1_97' title="bbox 2251 4763 3796 4839">
     <span class='ocr_line' id='line_1_97' title="bbox 2251 4763 3796 4839; baseline 0 -23"><span class='ocrx_word' id='word_1_718' title='bbox 2251 4765 2364 4831; x_wconf 86' lang='grc' dir='ltr'>ἐγὼ</span> <span class='ocrx_word' id='word_1_719' title='bbox 2394 4766 2438 4796; x_wconf 69' lang='grc'><strong>⁸⁸</strong></span> <span class='ocrx_word' id='word_1_720' title='bbox 2473 4765 2816 4838; x_wconf 83' lang='grc' dir='ltr'>προσφοράν.</span> <span class='ocrx_word' id='word_1_721' title='bbox 2847 4765 2963 4819; x_wconf 82' lang='grc' dir='ltr'>ἀλλ’</span> <span class='ocrx_word' id='word_1_722' title='bbox 3005 4767 3237 4834; x_wconf 81' lang='grc' dir='ltr'>ἄγγελος</span> <span class='ocrx_word' id='word_1_723' title='bbox 3279 4769 3428 4839; x_wconf 85' lang='grc' dir='ltr'><strong>αύτῷ</strong></span> <span class='ocrx_word' id='word_1_724' title='bbox 3455 4770 3604 4822; x_wconf 85' lang='grc' dir='ltr'>ἐδίδω</span> <span class='ocrx_word' id='word_1_725' title='bbox 3628 4767 3670 4798; x_wconf 77' lang='grc'>⁷⁸</span> <span class='ocrx_word' id='word_1_726' title='bbox 3705 4763 3796 4816; x_wconf 80' lang='grc' dir='ltr'>ἀπὸ</span> 
     </span>
    </p>
   </div>
   <div class='ocr_carea' id='block_1_98' title="bbox 2246 4855 3797 4929">
    <p class='ocr_par' dir='ltr' id='par_1_98' title="bbox 2246 4855 3797 4929">
     <span class='ocr_line' id='line_1_98' title="bbox 2246 4855 3797 4929; baseline 0 -21"><span class='ocrx_word' id='word_1_727' title='bbox 2246 4858 2341 4910; x_wconf 79' lang='grc' dir='ltr'>τοῦ</span> <span class='ocrx_word' id='word_1_728' title='bbox 2377 4857 2767 4928; x_wconf 85' lang='grc' dir='ltr'>θυσιαστηρίου</span> <span class='ocrx_word' id='word_1_729' title='bbox 2797 4857 3113 4918; x_wconf 79' lang='grc' dir='ltr'>λαμϐάνων.</span> <span class='ocrx_word' id='word_1_730' title='bbox 3141 4859 3252 4927; x_wconf 86' lang='grc' dir='ltr'>ἐγὼ</span> <span class='ocrx_word' id='word_1_731' title='bbox 3283 4861 3338 4913; x_wconf 86' lang='grc' dir='ltr'>δὲ</span> <span class='ocrx_word' id='word_1_732' title='bbox 3364 4862 3455 4914; x_wconf 79' lang='grc' dir='ltr'><strong>τὸν</strong></span> <span class='ocrx_word' id='word_1_733' title='bbox 3481 4855 3797 4929; x_wconf 80' lang='grc' dir='ltr'>ἀστράγαλον</span> 
     </span>
    </p>
   </div>
   <div class='ocr_carea' id='block_1_99' title="bbox 1844 5082 2548 5140">
    <p class='ocr_par' dir='ltr' id='par_1_99' title="bbox 1844 5082 2548 5140">
     <span class='ocr_line' id='line_1_99' title="bbox 1844 5082 2548 5140; baseline -0.007 0"><span class='ocrx_word' id='word_1_734' title='bbox 1844 5084 2097 5140; x_wconf 75' lang='lat' dir='ltr'><strong>VARIAE</strong></span> <span class='ocrx_word' id='word_1_735' title='bbox 2142 5082 2548 5140; x_wconf 72' lang='lat' dir='ltr'><strong>LECTIONES.</strong></span> 
     </span>
    </p>
   </div>
   <div class='ocr_carea' id='block_1_100' title="bbox 634 5238 3793 5333">
    <p class='ocr_par' dir='ltr' id='par_1_100' title="bbox 634 5238 3793 5333">
     <span class='ocr_line' id='line_1_100' title="bbox 634 5238 3793 5333; baseline 0.002 -27"><span class='ocrx_word' id='word_1_736' title='bbox 634 5256 674 5286; x_wconf 79' lang='lat'>“</span> <span class='ocrx_word' id='word_1_737' title='bbox 709 5254 748 5307; x_wconf 86' lang='grc' dir='ltr'><strong>Β</strong></span> <span class='ocrx_word' id='word_1_738' title='bbox 800 5259 1040 5326; x_wconf 76' lang='grc' dir='ltr'>χαίρων,</span> <span class='ocrx_word' id='word_1_739' title='bbox 1077 5259 1367 5333; x_wconf 26' lang='grc' dir='ltr'>δοξάζων..</span> <span class='ocrx_word' id='word_1_740' title='bbox 1420 5262 1465 5292; x_wconf 71' lang='grc'><strong>⁸³</strong></span> <span class='ocrx_word' id='word_1_741' title='bbox 1503 5238 1593 5314; x_wconf 77' lang='grc' dir='ltr'><strong>ΑΒ</strong></span> <span class='ocrx_word' id='word_1_742' title='bbox 1642 5262 1856 5326; x_wconf 82' lang='grc' dir='ltr'>πάλλιν,</span> <span class='ocrx_word' id='word_1_743' title='bbox 1885 5277 1966 5316; x_wconf 73' lang='lat' dir='ltr'><strong>suc</strong></span> <span class='ocrx_word' id='word_1_744' title='bbox 2011 5268 2125 5318; x_wconf 76' lang='lat' dir='ltr'><strong>iere</strong></span> <span class='ocrx_word' id='word_1_745' title='bbox 2181 5265 2402 5333; x_wconf 89' lang='lat' dir='ltr'><strong>ubique.</strong></span> <span class='ocrx_word' id='word_1_746' title='bbox 2480 5264 2590 5316; x_wconf 72' lang='grc' dir='ltr'>⁸³Β</span> <span class='ocrx_word' id='word_1_747' title='bbox 2618 5263 2779 5328; x_wconf 80' lang='grc' dir='ltr'>παῖς.</span> <span class='ocrx_word' id='word_1_748' title='bbox 2870 5263 2915 5294; x_wconf 72' lang='grc'><strong>⁸⁸</strong></span> <span class='ocrx_word' id='word_1_749' title='bbox 2948 5267 2980 5317; x_wconf 76' lang='grc' dir='ltr'><em>ό</em></span> <span class='ocrx_word' id='word_1_750' title='bbox 3007 5265 3174 5331; x_wconf 72' lang='grc' dir='ltr'>ἅγιος</span> <span class='ocrx_word' id='word_1_751' title='bbox 3220 5280 3330 5319; x_wconf 91' lang='lat' dir='ltr'><strong>om.</strong></span> <span class='ocrx_word' id='word_1_752' title='bbox 3368 5265 3427 5316; x_wconf 87' lang='grc' dir='ltr'>Β.</span> <span class='ocrx_word' id='word_1_753' title='bbox 3502 5264 3546 5294; x_wconf 77' lang='grc'><strong>⁸⁸</strong></span> <span class='ocrx_word' id='word_1_754' title='bbox 3581 5259 3678 5312; x_wconf 91' lang='lat' dir='ltr'><strong>Pro</strong></span> <span class='ocrx_word' id='word_1_755' title='bbox 3695 5257 3793 5333; x_wconf 54' lang='grc' dir='ltr'><strong>Δ’ἔξυς’</strong></span> 
     </span>
    </p>
   </div>
   <div class='ocr_carea' id='block_1_101' title="bbox 565 5323 3787 5402">
    <p class='ocr_par' dir='ltr' id='par_1_101' title="bbox 565 5323 3787 5402">
     <span class='ocr_line' id='line_1_101' title="bbox 565 5323 3787 5402; baseline 0.002 -21"><span class='ocrx_word' id='word_1_756' title='bbox 565 5323 750 5402; x_wconf 35' lang='grc' dir='ltr'><strong>ο-ὗἎ-τ</strong></span> <span class='ocrx_word' id='word_1_757' title='bbox 798 5323 1298 5402; x_wconf 51' lang='grc' dir='ltr'>κρεξιιαςγοῆνεζιΒ</span> <span class='ocrx_word' id='word_1_758' title='bbox 1346 5330 1450 5394; x_wconf 79' lang='grc' dir='ltr'>ἕως</span> <span class='ocrx_word' id='word_1_759' title='bbox 1511 5333 1698 5385; x_wconf 77' lang='grc' dir='ltr'>αὐτὸν</span> <span class='ocrx_word' id='word_1_760' title='bbox 1758 5323 1851 5398; x_wconf 69' lang='grc' dir='ltr'><strong>εἰς⁷</strong></span> <span class='ocrx_word' id='word_1_761' title='bbox 1881 5333 2027 5400; x_wconf 82' lang='grc' dir='ltr'>ἀέρα</span> <span class='ocrx_word' id='word_1_762' title='bbox 2091 5323 2498 5402; x_wconf 66' lang='grc' dir='ltr'>κρεμαὸνθῆναι</span> <span class='ocrx_word' id='word_1_763' title='bbox 2558 5323 2866 5399; x_wconf 63' lang='grc' dir='ltr'>ἐποίησεν.</span> <span class='ocrx_word' id='word_1_764' title='bbox 2936 5335 2982 5364; x_wconf 73' lang='grc'>⁵⁸</span> <span class='ocrx_word' id='word_1_765' title='bbox 3029 5323 3220 5397; x_wconf 52' lang='lat' dir='ltr'><strong>Cori,</strong></span> <span class='ocrx_word' id='word_1_766' title='bbox 3287 5334 3376 5387; x_wconf 73' lang='lat' dir='ltr'><strong>AB</strong></span> <span class='ocrx_word' id='word_1_767' title='bbox 3431 5327 3787 5402; x_wconf 61' lang='lat' dir='ltr'><strong>i&#39;ﬂé‘fﬂffréon&#39;</strong></span> 
     </span>
    </p>
   </div>
   <div class='ocr_carea' id='block_1_102' title="bbox 568 5395 2466 5471">
    <p class='ocr_par' dir='ltr' id='par_1_102' title="bbox 568 5395 2466 5471">
     <span class='ocr_line' id='line_1_102' title="bbox 568 5395 2466 5471; baseline 0.005 -25"><span class='ocrx_word' id='word_1_768' title='bbox 568 5395 682 5471; x_wconf 54' lang='grc' dir='ltr'><strong>’ξ’-Β</strong></span> <span class='ocrx_word' id='word_1_769' title='bbox 707 5396 946 5471; x_wconf 75' lang='grc' dir='ltr'>ᾠγκώθη</span> <span class='ocrx_word' id='word_1_770' title='bbox 1118 5398 1467 5471; x_wconf 51' lang='lat' dir='ltr'><strong>“fimbriam.</strong></span> <span class='ocrx_word' id='word_1_771' title='bbox 1508 5403 1552 5432; x_wconf 68' lang='grc'><strong>⁸⁸</strong></span> <span class='ocrx_word' id='word_1_772' title='bbox 1574 5403 1615 5452; x_wconf 97' lang='grc' dir='ltr'><strong>Β</strong></span> <span class='ocrx_word' id='word_1_773' title='bbox 1640 5395 1963 5471; x_wconf 42' lang='grc' dir='ltr'>ἐξένεγκε(</span> <span class='ocrx_word' id='word_1_774' title='bbox 1979 5403 2021 5438; x_wconf 78' lang='grc'><strong>⁸⁹</strong></span> <span class='ocrx_word' id='word_1_775' title='bbox 2049 5395 2302 5466; x_wconf 56' lang='lat' dir='ltr'><strong>Emend,</strong></span> <span class='ocrx_word' id='word_1_776' title='bbox 2328 5395 2466 5470; x_wconf 61' lang='grc' dir='ltr'><strong>Α’γέ</strong></span> 
     </span>
    </p>
   </div>
   <div class='ocr_carea' id='block_1_103' title="bbox 2476 5399 3787 5472">
    <p class='ocr_par' dir='ltr' id='par_1_103' title="bbox 2476 5399 3787 5472">
     <span class='ocr_line' id='line_1_103' title="bbox 2476 5399 3787 5472; baseline 0 -17"><span class='ocrx_word' id='word_1_777' title='bbox 2476 5421 2629 5472; x_wconf 72' lang='lat' dir='ltr'><strong>rore,</strong></span> <span class='ocrx_word' id='word_1_778' title='bbox 2655 5404 2694 5454; x_wconf 88' lang='grc' dir='ltr'><strong>Β</strong></span> <span class='ocrx_word' id='word_1_779' title='bbox 2715 5403 3001 5470; x_wconf 81' lang='grc' dir='ltr'>κατέστη.</span> <span class='ocrx_word' id='word_1_780' title='bbox 3051 5404 3098 5434; x_wconf 79' lang='grc'>⁵⁸</span> <span class='ocrx_word' id='word_1_781' title='bbox 3122 5405 3268 5472; x_wconf 74' lang='grc' dir='ltr'>ἁγίῳ</span> <span class='ocrx_word' id='word_1_782' title='bbox 3297 5420 3405 5456; x_wconf 91' lang='lat' dir='ltr'><strong>om.</strong></span> <span class='ocrx_word' id='word_1_783' title='bbox 3428 5406 3486 5456; x_wconf 91' lang='lat' dir='ltr'><strong>B.</strong></span> <span class='ocrx_word' id='word_1_784' title='bbox 3557 5402 3598 5432; x_wconf 87' lang='grc'><strong>⁵¹</strong></span> <span class='ocrx_word' id='word_1_785' title='bbox 3627 5399 3787 5472; x_wconf 60' lang='lat' dir='ltr'><strong>Cori}-</strong></span> 
     </span>
    </p>
   </div>
   <div class='ocr_carea' id='block_1_104' title="bbox 563 5461 3791 5540">
    <p class='ocr_par' dir='ltr' id='par_1_104' title="bbox 563 5461 3791 5540">
     <span class='ocr_line' id='line_1_104' title="bbox 563 5461 3791 5540; baseline 0.002 -24"><span class='ocrx_word' id='word_1_786' title='bbox 563 5466 654 5516; x_wconf 71' lang='grc' dir='ltr'><strong>ΑΒ</strong></span> <span class='ocrx_word' id='word_1_787' title='bbox 680 5461 1129 5540; x_wconf 44' lang='lat' dir='ltr'><strong>agamagam».</strong></span> <span class='ocrx_word' id='word_1_788' title='bbox 1168 5461 1233 5500; x_wconf 16' lang='lat'><em>7“</em></span> <span class='ocrx_word' id='word_1_789' title='bbox 1275 5461 1380 5524; x_wconf 67' lang='lat' dir='ltr'><strong>Pro</strong></span> <span class='ocrx_word' id='word_1_790' title='bbox 1415 5471 1669 5539; x_wconf 79' lang='grc' dir='ltr'>ἐπιχέων</span> <span class='ocrx_word' id='word_1_791' title='bbox 1691 5461 1704 5466; x_wconf 68' lang='grc'><strong>’</strong></span> <span class='ocrx_word' id='word_1_792' title='bbox 1725 5461 2130 5538; x_wconf 69' lang='grc' dir='ltr'>παραδίδωσιν</span> <span class='ocrx_word' id='word_1_793' title='bbox 2159 5473 2200 5524; x_wconf 88' lang='grc' dir='ltr'><strong>Β</strong></span> <span class='ocrx_word' id='word_1_794' title='bbox 2239 5461 2489 5540; x_wconf 62' lang='grc' dir='ltr'>ἐπιχέαςί</span> <span class='ocrx_word' id='word_1_795' title='bbox 2539 5461 2978 5536; x_wconf 55' lang='grc' dir='ltr'>παραδέδωκειᾶ</span> <span class='ocrx_word' id='word_1_796' title='bbox 3054 5473 3099 5504; x_wconf 84' lang='grc'><strong>⁵³</strong></span> <span class='ocrx_word' id='word_1_797' title='bbox 3130 5461 3247 5526; x_wconf 61' lang='grc' dir='ltr'><strong>καί</strong></span> <span class='ocrx_word' id='word_1_798' title='bbox 3268 5475 3454 5538; x_wconf 76' lang='grc' dir='ltr'>οὕτως</span> <span class='ocrx_word' id='word_1_799' title='bbox 3501 5501 3567 5510; x_wconf 91' lang='grc'><strong><em>-</em></strong></span> <span class='ocrx_word' id='word_1_800' title='bbox 3591 5461 3791 5540; x_wconf 63' lang='grc' dir='ltr'>αὐζρὺς</span> 
     </span>
    </p>
   </div>
   <div class='ocr_carea' id='block_1_105' title="bbox 568 5535 2515 5608">
    <p class='ocr_par' dir='ltr' id='par_1_105' title="bbox 568 5535 2515 5608">
     <span class='ocr_line' id='line_1_105' title="bbox 568 5535 2515 5608; baseline 0.006 -23"><span class='ocrx_word' id='word_1_801' title='bbox 568 5550 678 5608; x_wconf 74' lang='lat' dir='ltr'><strong>om.</strong></span> <span class='ocrx_word' id='word_1_802' title='bbox 720 5537 778 5590; x_wconf 86' lang='grc' dir='ltr'>Β,</span> <span class='ocrx_word' id='word_1_803' title='bbox 848 5537 892 5567; x_wconf 53' lang='grc'><strong>⁸⁸</strong></span> <span class='ocrx_word' id='word_1_804' title='bbox 926 5535 1188 5608; x_wconf 45' lang='lat' dir='ltr'><strong>Emend”</strong></span> <span class='ocrx_word' id='word_1_805' title='bbox 1221 5541 1311 5608; x_wconf 72' lang='lat' dir='ltr'><strong>AB</strong></span> <span class='ocrx_word' id='word_1_806' title='bbox 1361 5535 1604 5608; x_wconf 64' lang='grc' dir='ltr'><strong>ἑνήρλχῖη.</strong></span> <span class='ocrx_word' id='word_1_807' title='bbox 1677 5543 1721 5573; x_wconf 83' lang='grc'><strong>⁸⁸</strong></span> <span class='ocrx_word' id='word_1_808' title='bbox 1761 5535 1853 5595; x_wconf 73' lang='lat' dir='ltr'><strong>Sic</strong></span> <span class='ocrx_word' id='word_1_809' title='bbox 1896 5543 2001 5594; x_wconf 81' lang='lat' dir='ltr'><strong>AB.</strong></span> <span class='ocrx_word' id='word_1_810' title='bbox 2072 5543 2118 5574; x_wconf 78' lang='grc'><strong>⁸⁸</strong></span> <span class='ocrx_word' id='word_1_811' title='bbox 2150 5543 2192 5594; x_wconf 93' lang='grc' dir='ltr'><strong>Β</strong></span> <span class='ocrx_word' id='word_1_812' title='bbox 2233 5535 2515 5608; x_wconf 61' lang='grc' dir='ltr'>καΓτούς.</span> 
     </span>
    </p>
   </div>
   <div class='ocr_carea' id='block_1_106' title="bbox 567 5603 1822 5678">
    <p class='ocr_par' dir='ltr' id='par_1_106' title="bbox 567 5603 1822 5678">
     <span class='ocr_line' id='line_1_106' title="bbox 567 5603 1822 5678; baseline 0.009 -25"><span class='ocrx_word' id='word_1_813' title='bbox 567 5603 879 5678; x_wconf 65' lang='grc' dir='ltr'>δύνασθαι.</span> <span class='ocrx_word' id='word_1_814' title='bbox 955 5607 1002 5678; x_wconf 75' lang='grc' dir='ltr'>⁸ο</span> <span class='ocrx_word' id='word_1_815' title='bbox 1030 5607 1281 5668; x_wconf 87' lang='lat' dir='ltr'><strong>Emend.,</strong></span> <span class='ocrx_word' id='word_1_816' title='bbox 1322 5610 1410 5660; x_wconf 85' lang='lat' dir='ltr'><strong>AB</strong></span> <span class='ocrx_word' id='word_1_817' title='bbox 1453 5603 1822 5678; x_wconf 67' lang='grc' dir='ltr'>ἆάιὶλεύτως.</span> 
     </span>
    </p>
   </div>
   <div class='ocr_carea' id='block_1_107' title="bbox 551 5676 1645 5748">
    <p class='ocr_par' dir='ltr' id='par_1_107' title="bbox 551 5676 1645 5748">
     <span class='ocr_line' id='line_1_107' title="bbox 551 5676 1645 5748; baseline 0.01 -27"><span class='ocrx_word' id='word_1_818' title='bbox 551 5687 718 5748; x_wconf 60' lang='grc' dir='ltr'>τηοξε</span> <span class='ocrx_word' id='word_1_819' title='bbox 753 5676 828 5748; x_wconf 28' lang='grc' dir='ltr'><strong>’δὲ</strong></span> <span class='ocrx_word' id='word_1_820' title='bbox 863 5677 1072 5748; x_wconf 68' lang='grc' dir='ltr'>τούτῳ.</span> <span class='ocrx_word' id='word_1_821' title='bbox 1107 5679 1190 5748; x_wconf 26' lang='lat'><strong>“‘5</strong></span> <span class='ocrx_word' id='word_1_822' title='bbox 1214 5679 1255 5748; x_wconf 88' lang='grc' dir='ltr'><strong>Β</strong></span> <span class='ocrx_word' id='word_1_823' title='bbox 1283 5681 1314 5730; x_wconf 82' lang='grc' dir='ltr'><em>ὁ</em></span> <span class='ocrx_word' id='word_1_824' title='bbox 1346 5679 1645 5748; x_wconf 84' lang='grc' dir='ltr'>ἀντιοχεύς.</span> 
     </span>
    </p>
   </div>
   <div class='ocr_carea' id='block_1_108' title="bbox 1901 5611 3722 5681">
    <p class='ocr_par' dir='ltr' id='par_1_108' title="bbox 1901 5611 3722 5681">
     <span class='ocr_line' id='line_1_108' title="bbox 1901 5611 3722 5681; baseline -0.004 -15"><span class='ocrx_word' id='word_1_825' title='bbox 1901 5613 1939 5642; x_wconf 90' lang='grc'>⁸¹</span> <span class='ocrx_word' id='word_1_826' title='bbox 1971 5616 2005 5665; x_wconf 84' lang='grc' dir='ltr'><em>ὁ</em></span> <span class='ocrx_word' id='word_1_827' title='bbox 2036 5611 2204 5681; x_wconf 78' lang='grc' dir='ltr'>ἅγιος</span> <span class='ocrx_word' id='word_1_828' title='bbox 2242 5628 2353 5665; x_wconf 91' lang='lat' dir='ltr'><strong>om.</strong></span> <span class='ocrx_word' id='word_1_829' title='bbox 2388 5611 2447 5666; x_wconf 92' lang='grc' dir='ltr'>Β.</span> <span class='ocrx_word' id='word_1_830' title='bbox 2526 5613 2571 5643; x_wconf 73' lang='grc'><strong>⁸⁸</strong></span> <span class='ocrx_word' id='word_1_831' title='bbox 2608 5614 2706 5666; x_wconf 80' lang='grc' dir='ltr'>καὶ</span> <span class='ocrx_word' id='word_1_832' title='bbox 2741 5629 2851 5666; x_wconf 91' lang='lat' dir='ltr'><strong>om.</strong></span> <span class='ocrx_word' id='word_1_833' title='bbox 2889 5613 2952 5666; x_wconf 78' lang='grc' dir='ltr'><strong>Α.</strong></span> <span class='ocrx_word' id='word_1_834' title='bbox 3031 5615 3075 5644; x_wconf 87' lang='grc'><strong>⁸³</strong></span> <span class='ocrx_word' id='word_1_835' title='bbox 3114 5613 3154 5665; x_wconf 89' lang='grc' dir='ltr'><strong>Β</strong></span> <span class='ocrx_word' id='word_1_836' title='bbox 3187 5613 3356 5680; x_wconf 78' lang='grc' dir='ltr'>διῄει.</span> <span class='ocrx_word' id='word_1_837' title='bbox 3436 5612 3480 5643; x_wconf 68' lang='grc'><strong>⁸⁸</strong></span> <span class='ocrx_word' id='word_1_838' title='bbox 3512 5611 3550 5662; x_wconf 88' lang='grc' dir='ltr'><strong>Β</strong></span> <span class='ocrx_word' id='word_1_839' title='bbox 3581 5611 3722 5681; x_wconf 53' lang='grc' dir='ltr'>συξη</span> 
     </span>
    </p>
   </div>
   <div class='ocr_carea' id='block_1_109' title="bbox 1723 5671 3786 5766">
    <p class='ocr_par' dir='ltr' id='par_1_109' title="bbox 1723 5671 3786 5766">
     <span class='ocr_line' id='line_1_109' title="bbox 1723 5671 3786 5766; baseline -0.002 -31"><span class='ocrx_word' id='word_1_840' title='bbox 1723 5671 1842 5762; x_wconf 38' lang='lat' dir='ltr'><strong>“LA</strong></span> <span class='ocrx_word' id='word_1_841' title='bbox 1873 5683 2046 5766; x_wconf 69' lang='lat' dir='ltr'><strong>literis</strong></span> <span class='ocrx_word' id='word_1_842' title='bbox 2079 5671 2326 5766; x_wconf 57' lang='lat' dir='ltr'><strong>initiatis</strong></span> <span class='ocrx_word' id='word_1_843' title='bbox 2352 5682 2419 5766; x_wconf 45' lang='lat' dir='ltr'><strong>a&#39;d</strong></span> <span class='ocrx_word' id='word_1_844' title='bbox 2442 5684 2768 5766; x_wconf 48' lang='lat' dir='ltr'><strong>’marginem</strong></span> <span class='ocrx_word' id='word_1_845' title='bbox 2819 5682 3114 5766; x_wconf 78' lang='lat' dir='ltr'><strong>adscripsit</strong></span> <span class='ocrx_word' id='word_1_846' title='bbox 3148 5671 3332 5764; x_wconf 45' lang='lat' dir='ltr'><strong>:Jépl</strong></span> <span class='ocrx_word' id='word_1_847' title='bbox 3375 5682 3622 5766; x_wconf 45' lang='grc' dir='ltr'><strong>μέιρπιουζ</strong></span> 
     </span>
    </p>
   </div>
   <div class='ocr_carea' id='block_1_110' title="bbox 3135 5532 3789 5596">
    <p class='ocr_par' dir='ltr' id='par_1_110' title="bbox 3135 5532 3789 5596">
     <span class='ocr_line' id='line_1_110' title="bbox 3135 5532 3789 5596; baseline -0.009 0"><span class='ocrx_word' id='word_1_848' title='bbox 3135 5543 3180 5575; x_wconf 77' lang='grc'>⁵⁸</span> <span class='ocrx_word' id='word_1_849' title='bbox 3207 5546 3244 5596; x_wconf 81' lang='grc' dir='ltr'>Α</span> <span class='ocrx_word' id='word_1_850' title='bbox 3300 5532 3606 5596; x_wconf 48' lang='lat' dir='ltr'><strong>dein-1060‘.</strong></span> <span class='ocrx_word' id='word_1_851' title='bbox 3677 5535 3716 5566; x_wconf 85' lang='grc'><strong>⁵⁹</strong></span> <span class='ocrx_word' id='word_1_852' title='bbox 3752 5532 3789 5581; x_wconf 84' lang='grc' dir='ltr'><strong>Λ</strong></span> 
     </span>
    </p>
   </div>
   <div class='ocr_carea' id='block_1_111' title="bbox 2591 5544 3787 5665">
    <p class='ocr_par' dir='ltr' id='par_1_111' title="bbox 2591 5544 3787 5665">
     <span class='ocr_line' id='line_1_111' title="bbox 2591 5544 3787 5610; baseline -0.008 -13"><span class='ocrx_word' id='word_1_853' title='bbox 2591 5544 2635 5574; x_wconf 82' lang='grc'><strong>⁵⁷</strong></span> <span class='ocrx_word' id='word_1_854' title='bbox 2666 5545 2709 5596; x_wconf 81' lang='grc' dir='ltr'><strong>Α</strong></span> <span class='ocrx_word' id='word_1_855' title='bbox 2756 5545 3067 5610; x_wconf 78' lang='grc' dir='ltr'>σύραντες.</span> <span class='ocrx_word' id='word_1_856' title='bbox 3135 5544 3180 5575; x_wconf 75' lang='grc'>⁵⁸</span> <span class='ocrx_word' id='word_1_857' title='bbox 3207 5546 3244 5596; x_wconf 80' lang='grc' dir='ltr'>Α</span> <span class='ocrx_word' id='word_1_858' title='bbox 3300 5544 3606 5596; x_wconf 77' lang='grc' dir='ltr'>δύνασθαι.</span> <span class='ocrx_word' id='word_1_859' title='bbox 3677 5544 3716 5566; x_wconf 90' lang='grc'>⁸’</span> <span class='ocrx_word' id='word_1_860' title='bbox 3752 5544 3787 5581; x_wconf 79' lang='grc' dir='ltr'>Λ</span> 
     </span>
     <span class='ocr_line' id='line_1_112' title="bbox 2608 5599 3787 5665; baseline -0.007 0"><span class='ocrx_word' id='word_1_861' title='bbox 2608 5614 2706 5665; x_wconf 79' lang='grc' dir='ltr'>καὶ</span> <span class='ocrx_word' id='word_1_862' title='bbox 2741 5629 2851 5665; x_wconf 93' lang='lat' dir='ltr'><strong>om.</strong></span> <span class='ocrx_word' id='word_1_863' title='bbox 2889 5613 2952 5665; x_wconf 80' lang='grc' dir='ltr'><strong>Α.</strong></span> <span class='ocrx_word' id='word_1_864' title='bbox 3031 5615 3075 5644; x_wconf 87' lang='grc'><strong>⁸³</strong></span> <span class='ocrx_word' id='word_1_865' title='bbox 3114 5613 3154 5665; x_wconf 91' lang='grc' dir='ltr'><strong>Β</strong></span> <span class='ocrx_word' id='word_1_866' title='bbox 3187 5613 3356 5665; x_wconf 74' lang='grc' dir='ltr'>διῄει.</span> <span class='ocrx_word' id='word_1_867' title='bbox 3436 5612 3480 5643; x_wconf 70' lang='grc'><strong>⁸⁸</strong></span> <span class='ocrx_word' id='word_1_868' title='bbox 3512 5609 3550 5662; x_wconf 87' lang='grc' dir='ltr'><strong>Β</strong></span> <span class='ocrx_word' id='word_1_869' title='bbox 3581 5599 3787 5665; x_wconf 60' lang='grc' dir='ltr'><strong>συβήν-</strong></span> 
     </span>
    </p>
   </div>
   <div class='ocr_carea' id='block_1_112' title="bbox 3031 5613 3356 5680">
    <p class='ocr_par' dir='ltr' id='par_1_112' title="bbox 3031 5613 3356 5680">
     <span class='ocr_line' id='line_1_113' title="bbox 3031 5613 3356 5680; baseline 0 -15"><span class='ocrx_word' id='word_1_870' title='bbox 3031 5615 3075 5644; x_wconf 86' lang='grc'><strong>⁶³</strong></span> <span class='ocrx_word' id='word_1_871' title='bbox 3114 5613 3154 5665; x_wconf 89' lang='grc' dir='ltr'><strong>Β</strong></span> <span class='ocrx_word' id='word_1_872' title='bbox 3187 5613 3356 5680; x_wconf 78' lang='grc' dir='ltr'>διῄει.</span> 
     </span>
    </p>
   </div>
   <div class='ocr_carea' id='block_1_113' title="bbox 571 5735 3785 5822">
    <p class='ocr_par' dir='ltr' id='par_1_113' title="bbox 571 5735 3785 5822">
     <span class='ocr_line' id='line_1_114' title="bbox 571 5735 3785 5822; baseline 0.005 -28"><span class='ocrx_word' id='word_1_873' title='bbox 571 5735 791 5822; x_wconf 16' lang='grc' dir='ltr'><strong>δονῐὶνυδεξι</strong></span> <span class='ocrx_word' id='word_1_874' title='bbox 809 5763 839 5822; x_wconf 75' lang='lat'><strong>_:</strong></span> <span class='ocrx_word' id='word_1_875' title='bbox 882 5735 1131 5822; x_wconf 45' lang='lat' dir='ltr'><strong>napi-3053</strong></span> <span class='ocrx_word' id='word_1_876' title='bbox 1175 5747 1387 5822; x_wconf 36' lang='lat' dir='ltr'><strong>pdApxou</strong></span> <span class='ocrx_word' id='word_1_877' title='bbox 1434 5735 1529 5822; x_wconf 49' lang='lat' dir='ltr'><strong>ref:</strong></span> <span class='ocrx_word' id='word_1_878' title='bbox 1573 5735 1836 5822; x_wconf 65' lang='grc' dir='ltr'>δι’σκητοῦ.</span> <span class='ocrx_word' id='word_1_879' title='bbox 1880 5753 1956 5822; x_wconf 28' lang='grc'><strong>*⁸⁷</strong></span> <span class='ocrx_word' id='word_1_880' title='bbox 1987 5735 2040 5803; x_wconf 17' lang='lat' dir='ltr'><strong>A7</strong></span> <span class='ocrx_word' id='word_1_881' title='bbox 2061 5752 2188 5822; x_wconf 74' lang='grc' dir='ltr'>περὶ</span> <span class='ocrx_word' id='word_1_882' title='bbox 2216 5751 2322 5806; x_wconf 83' lang='grc' dir='ltr'>τοῦ</span> <span class='ocrx_word' id='word_1_883' title='bbox 2353 5735 2535 5821; x_wconf 71' lang='grc' dir='ltr'>ἁγίου</span> <span class='ocrx_word' id='word_1_884' title='bbox 2559 5735 2778 5822; x_wconf 40' lang='lat' dir='ltr'><strong>eadem)</strong></span> <span class='ocrx_word' id='word_1_885' title='bbox 2808 5735 3508 5822; x_wconf 13' lang='grc' dir='ltr'>μάρκοῖθητοῦηιίετᾶζίὸυ</span> <span class='ocrx_word' id='word_1_886' title='bbox 3541 5735 3785 5809; x_wconf 72' lang='grc' dir='ltr'>ἀσκητοῦ</span> 
     </span>
    </p>
   </div>
   <div class='ocr_carea' id='block_1_114' title="bbox 571 5807 1410 5878">
    <p class='ocr_par' dir='ltr' id='par_1_114' title="bbox 571 5807 1410 5878">
     <span class='ocr_line' id='line_1_115' title="bbox 571 5807 1410 5878; baseline 0.011 -18"><span class='ocrx_word' id='word_1_887' title='bbox 571 5807 926 5878; x_wconf 76' lang='grc' dir='ltr'>παράδοξον.</span> <span class='ocrx_word' id='word_1_888' title='bbox 957 5807 968 5816; x_wconf 78' lang='grc'><em>’</em></span> <span class='ocrx_word' id='word_1_889' title='bbox 1004 5815 1047 5846; x_wconf 80' lang='grc'>⁸³</span> <span class='ocrx_word' id='word_1_890' title='bbox 1084 5817 1124 5867; x_wconf 90' lang='grc' dir='ltr'><strong>Β</strong></span> <span class='ocrx_word' id='word_1_891' title='bbox 1165 5807 1410 5870; x_wconf 74' lang='grc' dir='ltr'>δέδωκα.</span> 
     </span>
    </p>
   </div>
   <div class='ocr_carea' id='block_1_115' title="bbox 1491 5819 2814 5891">
    <p class='ocr_par' dir='ltr' id='par_1_115' title="bbox 1491 5819 2814 5891">
     <span class='ocr_line' id='line_1_116' title="bbox 1491 5819 2814 5891; baseline 0.003 -21"><span class='ocrx_word' id='word_1_892' title='bbox 1491 5819 1533 5848; x_wconf 71' lang='grc' dir='ltr'><strong>δ’</strong></span> <span class='ocrx_word' id='word_1_893' title='bbox 1572 5819 1684 5888; x_wconf 70' lang='grc' dir='ltr'><strong>ἐγὼ</strong></span> <span class='ocrx_word' id='word_1_894' title='bbox 1711 5819 1832 5876; x_wconf 62' lang='grc' dir='ltr'>⁷οηι.</span> <span class='ocrx_word' id='word_1_895' title='bbox 1879 5820 1938 5874; x_wconf 92' lang='grc' dir='ltr'>Β.</span> <span class='ocrx_word' id='word_1_896' title='bbox 2019 5822 2064 5854; x_wconf 81' lang='grc'>⁷⁸</span> <span class='ocrx_word' id='word_1_897' title='bbox 2093 5819 2277 5891; x_wconf 77' lang='lat' dir='ltr'><strong>COrr.,</strong></span> <span class='ocrx_word' id='word_1_898' title='bbox 2305 5819 2566 5878; x_wconf 82' lang='grc' dir='ltr'><strong>ΑΒαύτύ</strong></span> <span class='ocrx_word' id='word_1_899' title='bbox 2592 5821 2814 5875; x_wconf 83' lang='grc' dir='ltr'>ἐδίδου.</span> 
     </span>
    </p>
   </div>
  </div>
