4016 6454
284 380 385 440 ὶθΊ

1885 380 2089 437 ACTA.

3462 376 3568 434 498

307 503 460 579 μνον
480 503 588 572 τῆς
623 503 828 576 χειρὸς
858 503 1124 575 ἐθεώρουν
1149 504 1241 558 τοῦ
1267 505 1592 570 ἐπιδιδόντος
1625 504 1772 576 αὐτῷ
1794 505 1892 574 τὴν

1998 505 2182 558 dabat.
2235 501 2330 555 llic
2365 515 2494 556 vero
2520 499 2737 555 Marcus
2782 513 2949 569 quum
2991 497 3181 568 junior
3209 506 3375 562 esset,
3413 510 3569 555 vetns

309 594 611 652 κοινωνίαν.
641 589 808 658 οὗτος
831 596 891 649 δὲ
916 598 944 648 6
962 595 1184 665 Μάρκος
1211 596 1256 626 ⁷⁸
1275 596 1548 666 ,νεώτερος
1580 595 1655 649 ὣν
1685 597 1752 626 ⁷⁸⁸
1785 613 1892 648 πα-

312 688 468 743 λαιὰν
489 686 586 742 καὶ
607 689 812 759 καινὴν
839 691 1062 761 γραφὴν
1081 688 1451 759 ἀπεστὴθισεν
1483 690 1659 759 πρᾶος
1674 689 1749 742 ὢν
1769 689 1891 743 καθ’

320 781 644 852 ὑπερϐολήν,
672 783 844 850 ἁγνὸς
861 783 921 835 δὲ
954 783 1004 835 εί
1041 783 1137 837 καί
1165 799 1248 846 τις
1272 781 1452 845 ἄλλος.

390 875 535 934 Hii;
570 873 630 926 δὲ
657 874 770 926 τῶν
813 873 1038 944 ἡμερῶν
1082 874 1441 944 καιρούμενος
1479 876 1524 906 ⁷¹
1563 873 1673 942 ἐγὼ
1714 876 1793 937 είς
1832 874 1896 927 τὸ

329 966 551 1035 ἐσχατον
579 963 746 1018 αὑτοῦ
783 965 963 1036 γῆρας
988 964 1174 1018 λοιπὸν
1203 965 1515 1035 ἀπέρχομαι
1548 965 1680 1036 πρὸς
1710 965 1890 1020 αὐτόν.

334 1055 426 1107 καὶ
456 1053 914 1125 παρακαθέζομαι
956 1057 1022 1125 τῇ
1051 1054 1191 1126 θύρᾳ
1239 1057 1338 1125 τῆς
1368 1055 1562 1126 κέλλης
1592 1057 1778 1121 αὐτοῦ,
1820 1057 1895 1120 ὼς

333 1148 424 1200 ἅτε
463 1146 576 1214 ἐγὼ
600 1147 867 1218 ἀρχάριος
895 1148 943 1180 ⁷³
971 1147 1049 1200 ὢν
1078 1148 1314 1217 νομίζων
1339 1150 1386 1180 ⁷⁵
1413 1150 1577 1203 αὑτὸν
1617 1151 1758 1221 ὑπὲρ
1803 1151 1896 1204 ἄν·

331 1241 548 1311 θρωπον
575 1237 738 1304 εἶναι,
777 1239 966 1312 ὥσπερ
991 1239 1085 1292 καὶ
1125 1235 1214 1310 ἦν.
1247 1241 1341 1294 καὶ
1367 1241 1686 1312 ⁴ηκροώμην,
1706 1241 1759 1294 τί
1788 1243 1895 1312 ἄρα

323 1329 476 1382 λαλεί
501 1330 538 1399 ἦ
581 1329 634 1382 τί
677 1330 1000 1401 διαπράττει
1044 1329 1111 1382 ⁷⁸.
1149 1330 1243 1383 καὶ
1286 1329 1597 1400 μονώτατος
1642 1332 1716 1384 ὢν
1748 1331 1896 1385 ἔνδον

321 1421 454 1488 περὶ
505 1421 576 1472 τά
621 1421 816 1474 ἑκατὸν
858 1421 952 1491 ἐτη
988 1421 1188 1484 ἐλάσας
1235 1420 1335 1492 ἤδη
1383 1423 1477 1474 καὶ
1521 1424 1646 1486 τοὺς
1679 1422 1896 1486 ὀδόντας

318 1511 601 1574 ἀπολέσας
631 1511 807 1582 ἐαυτῷ
826 1512 1114 1582 διεμάχετο
1137 1512 1232 1564 καὶ
1253 1512 1330 1582 τῷ
1358 1512 1610 1582 διαϐόλῳ,
1636 1512 1808 1580 λέγων
1827 1514 1893 1545 "-

318 1601 373 1652 τί
415 1601 594 1664 θέλεις
627 1602 845 1668 λοιπόν,
889 1603 1203 1674 κακόγηρε;
1249 1603 1357 1656 ίδοὺ
1398 1604 1494 1656 καὶ
1529 1603 1673 1656 οἴνου
1707 1603 1896 1668 ἔλαϐες

317 1695 416 1746 καὶ
441 1695 629 1748 ἐλαίου
657 1695 798 1766 ἥψω.
833 1695 1020 1750 λοιπὸν
1051 1697 1104 1749 τί
1133 1696 1309 1759 θέλεις
1336 1698 1380 1729 ⁷⁷
1412 1699 1622 1768 ποιήσω
1647 1715 1760 1764 σοι,
1798 1713 1898 1750 πο-

316 1786 586 1856 λιοιράγε,
639 1788 960 1841 κοιλιόδουλε
1014 1789 1206 1841 ἑαυτὸν
1268 1787 1603 1859 ἐξυϐρίζωνς
1649 1784 1768 1841 εἶτα
1818 1788 1896 1860 τῷ

315 1879 541 1948 δαίμονι
563 1897 576 1908 ·
609 1880 833 1943 ἄπελθε,
865 1881 1059 1949 λέγων,
1092 1883 1186 1934 ἀπ’
1221 1880 1357 1951 ἐμοῦ
1383 1882 1452 1945 ⁷⁸,
1492 1880 1702 1934 διάϐολε
1764 1898 1894 1950 συγ-

317 1972 784 2042 γεγήρακάςμοι
823 1975 882 2026 ὲν
929 1973 1291 2044 ἀδιαφορίαις,
1331 1973 1616 2026 ἀσθένειάν
1661 1990 1750 2043 μοι
1797 1971 1892 2026 τοῦ

315 2063 579 2134 σώματος
603 2064 914 2134 ἐπιρῤίψας.
951 2065 1092 2118 οἴνου
1117 2081 1183 2134 με
1212 2067 1254 2096 ⁷³
1282 2065 1542 2134 ἐποίησας
1571 2063 1895 2134 μεταλαϐεῖν

316 2158 415 2210 καὶ
470 2156 679 2216 ἐλαίου,
721 2156 1003 2226 φιλήδονόν
1056 2174 1122 2226 με
1175 2157 1652 2228 ἀπεργασάμενος.
1717 2155 1791 2226 μὴ
1847 2157 1893 2193 ⁸⁸

316 2251 506 2319 ἀκμήν
552 2248 634 2302 σοί
664 2266 716 2301 τι
759 2247 1050 2318 χρεωστῶ;
1102 2247 1254 2300 οὐδὲν
1293 2248 1566 2317 εὑρίσκεις
1604 2249 1663 2300 ἐν
1705 2246 1829 2317 ἐμοὶ
1866 2247 1896 2300 ὃ

321 2343 498 2406 θέλεις
549 2341 781 2411 συλῆσαι
822 2343 888 2396 ³¹.
924 2339 1126 2394 ἄπελθε
1160 2340 1345 2394 λοιπὸν
1377 2341 1473 2393 ἀπ’
1509 2339 1668 2410 ἐμοῦ,
1695 2340 1893 2411 μισάν-

328 2434 531 2505 θρωπε.
579 2435 673 2487 καὶ
705 2434 780 2497 ὡς
838 2432 1101 2506 στερίξων
1153 2432 1330 2503 ἑαυτῷ
1379 2432 1680 2501 διελέγετοο
1734 2432 1897 2504 δεῦρο

327 2527 528 2590 λοιπόν,
561 2529 716 2598 λῆρε,
753 2527 1072 2597 πολιοφάγε,
1119 2527 1423 2597 φαγόγηρε,
1471 2525 1576 2590 ἕως
1610 2526 1741 2580 πότε
1775 2525 1896 2578 ἐσο⁴

328 2636 425 2671 ιιαι
458 2619 598 2688 μετὰ
626 2618 719 2671 σοῦ
742 2635 756 2681 ;

392 2713 702 2780 Διηγήσατο
731 2712 774 2742 θ’
813 2711 869 2763 δὲ
902 2711 1033 2780 ἡμῖν
1069 2711 1162 2762 καὶ
1187 2711 1216 2762 ὁ
1241 2709 1428 2773 δοῦλος
1461 2710 1556 2762 τοῦ
1585 2709 1824 2781 Χριστοῦ
1849 2709 1896 2741 ⁸³

323 2802 666 2870 Παφνούτιος
704 2803 732 2854 ὁ
768 2802 860 2855 τοῦ
895 2801 1142 2870 γενναίου
1174 2803 1220 2833 ⁸⁸
1264 2801 1454 2854 τούτου
1493 2803 1758 2872 μαθητής,
1813 2804 1895 2855 ὅτι

325 2895 458 2964 μιᾶς
484 2895 598 2946 τῶν
646 2893 872 2965 ἡμερῶν
911 2892 1277 2962 καθεζομένου
1310 2892 1404 2945 τοῦ
1434 2894 1719 2963 Μακαρίου
1748 2895 1794 2925 ⁸⁸
1821 2897 1899 2947 οῖ-

324 3001 424 3036 κου
473 2984 523 3014 ⁸⁸
569 2984 627 3036 ὲν
673 2986 739 3053 τῇ
787 2982 944 3053 αὐλῇ,
1008 2983 1102 3035 καὶ
1150 2982 1228 3052 τῷ
1267 2981 1385 3051 Θεῷ
1445 2983 1898 3053 προσομιλοῦντος

322 3076 487 3130 ὖαινα
516 3075 754 3128 λαϐοῦσα
785 3075 877 3128 τὸν
926 3075 1124 3144 ἑαυτῆς
1161 3073 1400 3144 σκύμνον
1449 3074 1492 3104 ⁸⁷
1529 3075 1726 3142 τυφλὸν
1768 3076 1896 3128 ὄντα

1994 608 2049 650 et
2079 609 2279 649 novum
2331 599 2718 648 testamentum
2758 591 3072 644 memoriter
3109 589 3323 658 didicit,
3359 591 3570 660 fuitque

1996 688 2286 757 insigniter
2315 686 2466 740 mitis
2501 693 2666 755 atque
2699 695 2908 748 castus,
2957 685 3005 739 si
3039 686 3161 754 quis
3191 685 3353 741 alius.

2066 866 2310 932 Quodam
2344 866 2430 920 die
2459 882 2625 936 quum
2662 867 2832 920 otium
2884 867 3015 920 mihi
3064 877 3229 932 esset,
3258 867 3324 922 ad
3350 883 3473 924 eum
3513 869 3569 923 in

1994 967 2238 1013 extrema
2275 959 2397 1027 ejus
2433 968 2716 1014 senectute
2753 959 2989 1028 perrexi.
3019 959 3190 1025 Quem
3221 976 3388 1030 quum
3447 977 3568 1030 ego,

1996 1058 2185 1118 utpote
2213 1050 2304 1119 qui
2335 1051 2485 1106 rudis
2511 1067 2710 1114 essem,
2729 1067 2895 1121 supra
2929 1053 3200 1106 hominem
3233 1067 3354 1107 esse
3382 1053 3572 1106 existi-

1996 1156 2222 1204 marem,
2258 1144 2504 1196 utetiam
2530 1142 2653 1205 fuit,
2684 1145 2829 1198 ostio
2865 1146 3036 1198 cellae
3067 1145 3242 1214 ipsius
3274 1145 3460 1200 adsedi
3491 1155 3569 1209 et,

1996 1232 2127 1302 quid
2155 1233 2472 1302 loqueretur
2502 1236 2583 1288 vel
2614 1245 2820 1305 ageret,
2856 1237 3181 1291 auscultavi.
3217 1237 3378 1291 Solus
3408 1237 3574 1306 igitur

1997 1326 2146 1380 intus
2169 1342 2335 1396 quum
2385 1327 2498 1395 jam
2534 1339 2755 1381 centum
2789 1328 2901 1383 fere
2950 1345 3122 1384 annos
3158 1330 3402 1390 haberet,
3441 1331 3574 1382 deu-

1999 1427 2188 1488 tesque
2231 1419 2528 1482 amisisset,
2561 1436 2744 1474 secum
2789 1431 2844 1476 et
2889 1438 3012 1475 cum
3047 1421 3266 1476 diabolo
3310 1424 3576 1491 pugnavit

1997 1525 2062 1564 ac
2095 1529 2106 1562 :
2141 1509 2282 1576 Quid
2319 1512 2561 1574 tandem,
2595 1512 2796 1581 inquit,
2827 1513 2934 1576 vis,
2967 1514 3108 1568 male
3149 1515 3345 1568 senex!
3385 1513 3462 1567 En
3494 1517 3576 1566 vi-

1997 1613 2128 1650 num
2152 1597 2336 1652 bibisti
2366 1605 2421 1653 et
2447 1600 2626 1654 oleum
2655 1603 2903 1672 tetigisti.
2940 1604 3080 1669 Quid
3111 1603 3194 1658 vis
3216 1604 3448 1671 amplius
3474 1605 3569 1658 tibi
3618 1612 3620 1616 '

1997 1691 2216 1756 faciam,
2267 1707 2436 1746 vorax
2490 1693 2543 1746 in
2589 1695 2811 1753 canitie.
2864 1697 3108 1749 serviens
3149 1696 3364 1749 ventri?
3403 1694 3480 1748 lta
3513 1712 3574 1752 se

1998 1784 2116 1854 ipse
2142 1785 2489 1840 contumeliis
2520 1786 2826 1850 castigavit.
2849 1785 3071 1842 Diabolo
3100 1796 3278 1843 autem
3303 1805 3315 1841 :
3336 1787 3571 1850 Recede.

1998 1876 2196 1945 inquit,
2216 1892 2244 1928 a
2266 1893 2370 1943 me,
2389 1876 2621 1931 diabole.
2648 1877 3001 1933 Consenuisti
3019 1896 3231 1934 mecum
3257 1881 3309 1934 in
3327 1881 3570 1952 pigritia.

1995 1966 2370 2022 Infirmitatem
2388 1970 2634 2040 corporis
2657 1971 2789 2024 mihi
2815 1971 3085 2026 inllixisti.
3102 1971 3298 2026 Vinum
3316 1981 3371 2027 et
3392 1974 3572 2027 oleum

1995 2073 2083 2113 me
2115 2059 2278 2131 263
2309 2063 2590 2130 percipere
2627 2063 2828 2120 fecisti.
2862 2064 3240 2135 Voluptarium
3278 2082 3364 2122 me
3397 2066 3574 2122 reddi-

1995 2150 2146 2205 disti.
2179 2152 2317 2218 Quid
2349 2155 2446 2208 tibi
2475 2156 2698 2225 insuper
2719 2158 2927 2222 debeo?
2955 2159 3099 2214 Nihil
3133 2160 3346 2216 invenis
3383 2162 3437 2215 in
3463 2176 3570 2223 me,

1995 2243 2143 2311 quod
2181 2244 2429 2313 deripere
2458 2247 2612 2302 velis.
2641 2245 2850 2304 Reeedc
2873 2266 3003 2320 ergo
3027 2267 3056 2305 a
3079 2267 3183 2316 me,
3215 2252 3436 2307 inimice
3471 2252 3574 2306 ho-

1996 2335 2228 2390 minum.
2255 2335 2333 2390 Ac
2356 2339 2520 2392 veluti
2555 2339 2693 2394 latro
2731 2341 2836 2394 sibi
2884 2342 3002 2410 ipse
3027 2361 3040 2396 :
3069 2344 3336 2414 Agedum,
3369 2344 3569 2415 inquit,

1996 2439 2252 2495 nugator,
2287 2427 2341 2480 in
2374 2429 2575 2483 canitie
2603 2441 2849 2495 voratur,
2881 2440 2936 2486 et
2958 2432 3014 2486 in
3039 2432 3358 2488 heluatione
3379 2449 3568 2490 senex.

1996 2518 2269 2583 Quamdiu
2301 2519 2464 2585 etiam
2492 2532 2670 2576 tecum
2700 2523 2830 2578 ero?

2067 2699 2408 2769 Paphnutius
2453 2717 2673 2772 quoque
2713 2701 2919 2758 Christi
2971 2719 3166 2760 servus
3197 2711 3252 2758 et
3303 2705 3569 2773 praeclari

1998 2794 2164 2864 hujus
2182 2795 2281 2848 viri
2311 2795 2616 2864 discipulus
2644 2795 2778 2850 haec
2804 2797 2964 2852 nobis
2995 2798 3266 2850 narravit:
3299 2797 3568 2862 Quodam,

1999 2887 2196 2955 inquit.
2229 2887 2336 2949 die,
2389 2903 2556 2956 quum
2594 2886 2866 2943 Macarius
2893 2888 3040 2942 domi
3086 2888 3142 2942 in
3173 2890 3297 2944 aula
3335 2891 3570 2953 sederet,

1997 2989 2051 3033 et
2083 2980 2324 3034 animum
2358 2978 2468 3033 Deo
2494 2981 2760 3035 intentum
2794 2981 3039 3044 haberet,
3073 2982 3282 3053 hyaena
3329 2985 3570 3037 catulum

1999 3085 2220 3124 caecum
2251 3086 2409 3124 suum
2442 3071 2648 3136 attulit,
2681 3078 2734 3125 et
2761 3073 2904 3126 ostio
2945 3073 3104 3128 aulae
3133 3073 3311 3143 capite
3358 3074 3574 3143 pulsato

317 3169 546 3239 ἦνεγκε,
579 3168 674 3221 καὶ
699 3166 777 3238 τῷ
804 3167 1024 3238 θυριδίῳ
1045 3168 1144 3236 τῆς
1178 3166 1350 3236 αὐλῆς
1383 3165 1660 3238 κρούσασα
1697 3170 1764 3238 τῇ
1807 3185 1897 3220 κε-

2002 3161 2248 3231 ingressa
2282 3171 2386 3222 est,
2424 3162 2516 3216 illo
2548 3163 2711 3217 etiam
2752 3164 3006 3219 sedente.
3037 3163 3210 3234 Cujus
3257 3173 3383 3220 ante
3408 3165 3574 3235 pedes

319 3263 468 3332 φιλῇ
520 3261 763 3331 εἰσῆλθεν
818 3260 897 3314 ἔτι
953 3259 1118 3313 αὐτοῦ
1175 3261 1293 3312 ἐκεῖ
1345 3258 1741 3330 καθεζομένου.
1803 3261 1898 3314 καὶ

320 3355 509 3422 ῥίπτει
543 3353 701 3405 αὑτὸν
724 3352 828 3405 ὑπὸ
849 3352 974 3414 τοὺς
1009 3351 1174 3414 πόδας
1204 3350 1367 3404 αὑτοῦ
1387 3369 1400 3380 ·
1433 3350 1621 3405 τοῦτον
1646 3353 1737 3404 τὸν
1764 3351 1899 3404 σκύ-

324 3462 462 3513 μνον
493 3443 673 3496 λαϐὼν
705 3445 734 3496 6
762 3443 916 3510 ᾶγιος
939 3443 1223 3512 Μακάριος
1249 3443 1293 3474 ³⁸
1329 3443 1422 3496 καὶ
1457 3443 1764 3507 ἐπιπτύσας
1786 3445 1902 3506 τοῖς

321 3535 625 3604 ὀφθαλμοῖς
672 3534 835 3587 αὐτοῦ
885 3534 1158 3604 ἐπηύξατο
1189 3574 1205 3599 ,
1265 3536 1360 3587 καὶ
1411 3535 1754 3606 παραχρῆμα
1807 3534 1902 3586 ἀν-

324 3625 546 3695 έϐλεψε,
569 3626 663 3678 καὶ
684 3624 995 3694 θηλάσαντα
1015 3625 1179 3677 αὐτὸν
1201 3624 1245 3655 ⁸⁸
1269 3624 1429 3678 ῦαινα
1449 3624 1681 3693 ἀπῆλθε.
1710 3624 1802 3676 καὶ
1829 3625 1898 3694 τῇ

327 3718 455 3785 ἑξῆς
491 3716 679 3787 ἡμέρᾳ
725 3716 918 3768 κώδιον
967 3716 1200 3786 μεγάλου
1258 3715 1530 3788 προϐάτου
1581 3717 1780 3786 ἦνεγκε
1823 3714 1902 3784 τῷ

337 3808 473 3875 ἁγίῳ
506 3806 776 3877 Μακαρίῳ
809 3807 884 3838 ⁸⁸⁸
919 3807 1054 3877 ὅπερ
1109 3806 1302 3860 κώδιον
1331 3807 1493 3870 αὐτὸς
1531 3806 1788 3859 κατέλιπε
1824 3805 1903 3875 τῷ

337 3893 473 3962 ἁγίῳ
530 3894 827 3963 ’Δθανασίῳ
875 3895 953 3964 τῷ
1001 3896 1306 3966 ἐπισκόπῳ.
1351 3896 1509 3966 καὶὴ
1559 3895 1806 3966 μακαρία
1847 3895 1903 3948 δὲ

333 3985 549 4055 Μελάνη
584 3982 706 4038 εἶπέ
759 4003 882 4057 μοι’
919 3988 1000 4039 ὅτι
1043 3987 1194 4058 παρὰ
1239 3986 1334 4039 τοῦ
1378 3987 1533 4054 ἁγίου
1577 3986 1896 4040 ’Λθανασίου

331 4077 509 4130 ἐκεῖνο
540 4077 598 4130 τὸ
627 4077 818 4131 κώδιον
851 4077 1042 4130 ἔλαϐον
1070 4081 1113 4111 ⁸⁸
1151 4119 1164 4140 ,
1197 4078 1369 4142 ξένιον
1394 4079 1494 4147 τῆς
1524 4077 1714 4147 ὑαίνης
1741 4079 1898 4147 λεγό-

1995 3270 2118 3309 eum
2148 3254 2394 3324 projecit.
2419 3253 2654 3309 Sanctus
2677 3253 2840 3324 igitur
2856 3254 3126 3311 Macarius
3143 3272 3307 3326 quum
3333 3258 3571 3311 catulum

1998 3344 2323 3412 accepisset,
2376 3343 2604 3413 ejusque
2654 3343 2709 3396 in
2745 3343 2937 3399 oculos
2977 3345 3236 3414 spuisset,
3273 3346 3473 3410 oravit,
3519 3355 3574 3398 et

1997 3435 2181 3489 statim
2214 3435 2428 3488 catulus
2470 3435 2624 3490 vidit.
2657 3435 2827 3501 Quem
2857 3451 3026 3507 quum
3062 3436 3338 3500 iactasset,
3366 3439 3573 3509 hyaena

1998 3525 2150 3579 abiit.
2171 3525 2266 3579 Die
2300 3533 2480 3581 autem
2514 3528 2760 3596 sequenti
2780 3529 2972 3596 pellem
2993 3543 3222 3598 magnae
3245 3531 3364 3585 ovis
3385 3542 3575 3585 sancto

1998 3615 2179 3670 Marco
2205 3618 2405 3680 attulit,
2434 3634 2598 3687 quam
2631 3619 2850 3687 quidem
2877 3621 3071 3689 pellem
3102 3622 3147 3676 is
3181 3631 3374 3676 sancto
3407 3623 3576 3675 Atha-

1998 3711 2156 3765 nasio
2181 3711 2438 3780 episcopo
2469 3712 2708 3780 reliquit;
2744 3711 2903 3765 beata
2951 3721 3132 3766 autem
3169 3713 3398 3767 Melania
3441 3714 3574 3766 mihi

1999 3802 2159 3865 dixit,
2202 3817 2265 3856 se
2306 3816 2337 3855 a
2383 3811 2572 3858 sancto
2611 3801 2917 3857 Athanasio
2965 3803 3115 3858 illam
3173 3804 3390 3874 pellem.
3436 3821 3577 3874 quae

2001 3907 2203 3946 munus
2231 3893 2471 3962 hyaenae
2521 3892 2919 3962 appellabatur,
2963 3895 3264 3964 accepisse.
3296 3893 3352 3948 Id
3394 3904 3574 3950 autem

2001 3982 2266 4038 Dominus
2295 3983 2443 4049 fecit,
2469 3993 2525 4037 ut
2545 3985 2843 4054 gloriosum
2876 3985 3124 4041 redderet
3152 4002 3367 4043 servum
3393 4003 3576 4054 suum,

2003 4076 2145 4130 sicut
2175 4077 2338 4130 etiam
2371 4076 2424 4130 in
2454 4075 2570 4129 Elia
2594 4085 2646 4130 et
2677 4076 2734 4130 in
2760 4077 2979 4132 Daniele
3007 4077 3152 4134 fecit.

328 4186 496 4239 μενον
527 4172 592 4224 θ’.
621 4170 778 4222 τοῦτο
808 4169 917 4239 γὰρ
946 4169 1244 4239 πεποίηκεν
1267 4171 1296 4222 6
1343 4166 1553 4240 κύριος,
1603 4167 1744 4222 ὥστε
1799 4169 2020 4236 δοξάσαι
2080 4169 2170 4223 τὸν
2207 4169 2390 4225 δοῦλον
2445 4168 2633 4236 αὑτοῦ,
2689 4170 2767 4234 ὡς
2799 4172 2894 4225 καὶ
2937 4171 3032 4225 ἐπὶ
3061 4171 3156 4225 τοῦ
3208 4173 3387 4228 Ἡλίου
3411 4171 3459 4206 ⁸³
3487 4176 3581 4228 καὶ

325 4259 422 4315 τοῦ
462 4261 660 4330 Δανιὴλ
688 4261 1005 4330 πεποίηκεν.

412 4354 663 4421 Ἔλεγε-’,το
707 4353 764 4407 δὲ
793 4354 840 4385 ’⁸
879 4355 1008 4426 περὶ
1040 4353 1206 4406 αὑτοῦ
1236 4353 1331 4406 τοῦ
1363 4353 1409 4385 ⁸⁸
1443 4351 1622 4421 ἁγίου,
1657 4354 1761 4414 ὅτι,
1805 4355 1897 4423 ἀφ’

2077 4353 2370 4425 Dicebatur
2423 4352 2513 4406 hic
2555 4360 2804 4415 sanctus,
2833 4367 2899 4406 ex
2940 4368 3048 4423 quo
3083 4353 3390 4422 baptizatus
3410 4363 3578 4422 esset,

325 4439 393 4500 οῦ
439 4444 767 4515 ἐϐαπτίσθη,
801 4445 900 4498 οὐκ
951 4445 1150 4497 ἔπτυσε
1197 4446 1242 4476 ⁸⁸
1289 4444 1464 4514 χαμαὶ
1495 4444 1588 4496 ἐπὶ
1637 4443 1902 4516 ἐξήκοντα

326 4539 450 4608 ἐτη.
489 4536 1026 4606 τεσσαρακονταετὴς
1070 4534 1179 4606 γὰρ
1209 4534 1513 4604 ἐϐαπτίσθη
1546 4536 1612 4588 ⁸⁷.
1649 4531 1720 4605 ἦν
1747 4535 1805 4588 δέ
1840 4535 1903 4587 τὸ

328 4624 473 4690 εἶδος
503 4627 602 4696 τῆς
645 4627 808 4680 αὑτοῦ
850 4628 895 4659 ⁸⁸
935 4626 1150 4698 ἡλικίας
1197 4625 1546 4690 ὐποκόλοϐον,
1593 4626 1799 4678 σπανὸν
1834 4627 1901 4692 ⁸³,

2010 4445 2161 4500 humi
2191 4459 2298 4499 non
2322 4443 2540 4513 spuisse
2567 4458 2662 4513 per
2693 4443 2974 4513 sexaginta
2998 4459 3195 4498 annos.
3220 4447 3412 4502 Annos
3432 4447 3578 4501 enim

2009 4536 2373 4606 quadraginta
2422 4543 2584 4589 natus
2633 4535 2940 4604 baptizatus
2984 4545 3084 4591 est.
3124 4535 3348 4591 Statura
3398 4548 3578 4593 autem

2011 4627 2104 4680 illa
2138 4635 2314 4680 aetate
2355 4626 2488 4680 satis
2535 4625 2744 4680 minuta
2777 4641 2840 4680 ac
2874 4642 2996 4680 rara
3028 4626 3162 4694 fuit;
3198 4629 3338 4697 pilos
3365 4630 3420 4682 in
3464 4629 3580 4684 SOlu

329 4721 424 4772 ἐπὶ
453 4717 549 4771 τοῦ
579 4718 790 4786 χείλους
820 4719 976 4786 μόνον
1006 4717 1126 4788 ἔχον
1157 4717 1368 4788 τρίχας,
1401 4716 1495 4769 καλ¹
1533 4719 1612 4780 εἰς
1639 4718 1700 4770 τὸ
1737 4717 1897 4786 ἄκρον

2011 4716 2164 4769 labro
2193 4715 2404 4777 habuit,
2437 4723 2602 4784 atque
2640 4715 2804 4788 264
2841 4715 2896 4770 in
2946 4732 3200 4786 suprema
3235 4726 3388 4788 parte
3415 4719 3581 4772 menti

326 4814 388 4866 δὲ
415 4811 515 4866 τοῦ
552 4811 758 4879 γενείου
784 4808 928 4882 εἶχεν
971 4811 1188 4879 ὀλίγας·
1224 4809 1498 4879 ὑπερϐολῇ
1545 4808 1654 4880 γὰρ
1685 4812 1909 4882 ἀσκητι-

332 4905 447 4957 κῶν
478 4903 662 4956 πόνων
685 4903 805 4956 οὐδὲ
841 4905 896 4956 αἱ
933 4903 1116 4973 τρίχες
1146 4901 1247 4972 τῆς
1287 4899 1563 4968 γενειάδος
1599 4899 1766 4954 αὑτοῦ
1823 4902 1911 4966 ἐξ·

334 4986 434 5044 ἐφυ
441 5002 564 5038 σαν.

2004 4807 2198 4862 habuit
2229 4821 2452 4876 paucos.
2481 4806 2616 4860 Nam
2665 4816 2886 4878 propter
2931 4809 3132 4864 nimios
3170 4810 3581 4865 exercitationis

2007 4900 2226 4955 labores
2266 4914 2334 4955 ne
2362 4899 2457 4969 pili
2489 4899 2708 4969 quidem
2741 4900 2908 4955 menti
2935 4900 3054 4971 ejus
3087 4900 3232 4954 enati
3263 4907 3412 4955 sunt.

1610 5077 1867 5134 VARIAE
1907 5076 2292 5157 LECTIONES

409 5197 453 5227 "
489 5198 531 5248 Β
557 5187 716 5258 οὗτος
741 5195 795 5247 δὲ
821 5196 848 5247 6
873 5191 1162 5262 μακάριος
1191 5193 1424 5260 μάρκον
1449 5211 1466 5252 ;
1493 5194 1587 5249 sed
1626 5193 1768 5248 haud
1816 5192 1980 5248 dubie
2023 5191 2097 5247 ibi
2137 5189 2423 5262 legendum
2447 5197 2532 5262 est
2559 5192 2588 5244 6
2625 5190 2896 5262 μακάριος
2929 5188 3178 5262 μάρκοςΪ
3251 5190 3323 5221 τ¹⁴
3349 5189 3583 5262 (Brom.

346 5266 406 5342 ρ.
425 5269 467 5342 ’ξ’
549 5265 1014 5342 ςὶκιιιεριώέιειςοςζ
1035 5333 1046 5342 ⁸
1066 5263 1122 5342 ⁸⁷³
1143 5263 1233 5316 Sic
1251 5264 1360 5342 AB.
1434 5265 1480 5295 ⁷³
1507 5265 1702 5342 (lorr._._
1727 5263 2082 5342 ABAWSXMCO‘I.

339 5336 385 5388 Β
414 5336 706 5404 διελέγετο
751 5331 831 5398 τῷ
878 5333 1134 5404 διαϐόλῳ
1187 5335 1550 5402 μαχόμενος.
1659 5337 1702 5366 ’⁷
1737 5331 1932 5398 θέλεις·
1959 5331 2203 5404 ριῐικρ,

2157 5258 2268 5332 Ϊ⁵⁷Β
2298 5258 2737 5332 διαπράττεται,
2779 5258 2982 5332 '79er
3007 5258 3590 5332 διεμάχετο-λέπτον

2301 5331 2348 5401 7f
2377 5331 2430 5401 VB
2451 5329 2662 5401 ﬁnem:
2685 5329 2807 5401 κάπ’
2840 5329 2984 5401 ἐμοῦ
3223 5400 3228 5401 ν
3306 5332 3351 5364 ’θ
3384 5333 3430 5384 Α
3460 5329 3586 5401 μοι.

333 5407 384 5437 ⁸⁸
404 5407 492 5475 μὴ
527 5399 639 5461 om.
671 5405 732 5456 B.
809 5404 850 5436 "
882 5402 1061 5475 οὐδὲν
1096 5399 1397 5475 εὐρζσῂιεὶς
1418 5399 1787 5475 έίσυλῆσαι
1816 5420 1928 5458 om.
1957 5403 2031 5475 B.~
2095 5400 2152 5475 f”_
2173 5400 2274 5475 llic
2306 5399 2537 5475 B_ha_bet
2575 5400 2792 5475 titulum
2818 5417 2832 5454 :
2863 5399 2992 5475 περὶ
3009 5400 3114 5475 τῆς
3140 5400 3329 5475 ὑαίνης
3361 5399 3473 5475 τῆς
3495 5403 3588 5455 τὸν

327 5472 530 5547 τυξρλδν
579 5475 818 5547 σκύμνον
848 5472 1124 5547 ἐχούσης.Δ
1187 5473 1247 5547 ξδ
1276 5473 1532 5547 Βῆθεοῦη
1610 5472 1770 5527 “AB

322 5683 539 5756 μενον,
572 5688 643 5742 De
689 5687 796 5741 hac
846 5685 1006 5756 pellis
1062 5683 1678 5756 donatione__disputavi

327 5470 818 5601 manus
848 5472 1250 5609 seeae;
1276 5470 2234 5614 Ξδίεοξέιςτιξνῑίῖὲκξέω·

330 5617 577 5687 praefers
601 5632 743 5671 corr.
780 5614 1062 5684 οτλλάσασα
1099 5613 1298 5666 αὑτόνῗ
1371 5614 1416 5645 ’°
1447 5610 1630 5679 Corn,
1666 5615 1754 5669 AB
1778 5610 1988 5684 μάρκῳ
2013 5610 2092 5666 cf.
2140 5625 2306 5680 supra

330 5705 539 5754 μενον.
572 5688 643 5742 De
689 5687 796 5741 hac
846 5685 1006 5754 pellis
1062 5683 1678 5754 donationedisputavi
1732 5701 1784 5754 p.
1820 5686 1886 5739 lli
1931 5692 2044 5754 not.
2071 5682 2128 5736 2.
2235 5681 2303 5754 ”_

2426 5469 2467 5520 Β
2487 5469 2796 5551 Διέὶιικέηζρίου
2855 5468 2956 5551 καὶ
2991 5468 3295 5551 (manica?
3329 5468 3585 5551 μάρκαν.

2252 5540 2297 5572 ⁸³
2332 5537 2424 5594 Sic
2472 5539 2580 5591 AB.
2617 5537 2776 5594 Forte
2828 5539 3136 5595 addendum
3191 5537 3453 5594 λαϐοῦσα.
3504 5541 3588 5597 An

2345 5625 2397 5681 νς
2434 5609 2505 5663 75
2541 5624 2660 5681 sum
2736 5611 2781 5681 ,’_‘
2818 5610 2864 5681 Β
2888 5610 3086 5681 έλαόεο
3127 5609 3206 5681 -’_'
3246 5609 3289 5681 Β
3319 5611 3591 5681 ἐπιλεγό-

2235 5681 2279 5712 va
2319 5677 2407 5733 AB
2453 5677 2642 5750 ἠλίάς
2729 5679 2778 5711 οδ
2817 5679 3068 5743 Emend.,
3111 5677 3217 5750 AB_
3243 5679 3398 5750 ἐλέγε
3443 5677 3588 5739 τόδε.

330 5747 380 5788 δ’
418 5757 521 5812 τοῦ
551 5775 658 5816 om.
697 5757 765 5811 Α.
846 5747 894 5786 ⁵⁸
932 5753 1008 5824 Ex
1045 5753 1338 5824 coni.,AAB
1366 5747 1546 5824 ἔπεσε.
1624 5759 1668 5789 ⁸⁷
1709 5747 1751 5812 B
1778 5753 2081 5824 ἐϐαπτίσθη
2111 5755 2143 5807 ὀ
2193 5750 2445 5822 γνήσιος
2475 5749 2582 5806 τοῦ
2605 5751 2862 5820 Χριστοῦ
2890 5750 3112 5815 δοῦλος
3137 5747 3386 5820 μάρκοζ.
3463 5754 3510 5787 ⁸⁸
3549 5752 3592 5806 Β

325 5830 509 5887 αὐτοῦ
539 5831 672 5902 τῆς.
753 5827 804 5861 ’⁸
843 5825 917 5879 20
956 5823 1138 5890 Corn,
1171 5822 1260 5876 AB
1295 5823 1514 5885 σπανός.
