4016 6422
565 393 663 447 199

558 702 684 741 nam
715 684 958 753 allliguut
989 699 1070 738 me
1106 682 1462 753 cogitationes
1493 681 1905 733 iususurrantes
1951 674 2086 727 mihi
2116 689 2130 725 :

559 777 703 831 Nihil
734 775 901 840 facis;
933 774 1127 829 recede
1151 775 1300 827 hinc.
1330 770 1727 826 Sanctissimus
1754 767 1972 821 Marcus
1998 764 2132 817 mihi

563 868 843 939 respondit
890 884 903 920 :
958 864 1055 919 Dic
1101 875 1180 929 tu,
1232 864 1429 933 inquit,
1489 857 1913 929 cogitationibus
1961 855 2068 909 tuis
2115 872 2129 907 :

560 960 790 1029 Propter
818 957 1098 1014 Christum
1130 955 1361 1025 parietes
1402 951 1669 1008 custodio.

631 1154 777 1195 haec
806 1139 1024 1210 quidem
1058 1154 1088 1193 e
1131 1134 1320 1190 multis
1363 1132 1683 1204 magnisque
1716 1129 1891 1198 signis
1920 1143 1984 1182 ac
2012 1142 2133 1182 cer-

561 1234 859 1289 taminibus
903 1230 1088 1300 inclyti
1124 1239 1177 1285 et
1210 1229 1411 1283 virtute
1442 1224 1622 1280 ornati
1657 1221 1825 1276 Marci
1866 1220 2124 1274 indicavi.

1370 383 1469 439 SS.
1507 378 1969 437 MACARIORUM
2010 377 2141 433 AEG

2236 377 2330 431 ‘TII
2374 378 2460 432 ET
2502 324 2971 433 ALEXANDth‘iI
3669 380 3762 437 Ξθθ

629 501 787 555 llunc
818 509 1065 556 sanctum
1118 499 1206 554 die
1234 498 1467 568 quodam
1498 494 1726 550 conveni
1760 493 1917 547 valde
1969 492 2131 545 anxio
2162 502 2205 555 Α

558 595 762 655 animo,
812 592 1113 657 ctzAbba,
1165 591 1409 660 inquam,
1460 588 1661 650 Marce,
1714 584 1843 654 quid
1899 583 2135 637 faciam?

2302 494 2488 563 Τούτῳ
2523 494 2600 563 τῷ
2630 493 2769 563 ἁγίῳ
2792 492 2902 561 ἐγὼ
2932 493 3237 564 προσῆλθον
3278 496 3404 564 μιᾶς
3420 494 3523 548 τῶν
3543 497 3763 568 ἡμερῶν,

2236 583 2408 651 λέγων
2455 584 2632 654 αὐτῷ,
2676 586 2735 636 ἐν
2777 584 2977 655 ἀκηδίᾳ
3006 572 3115 654 ’μου
3166 586 3370 657 σφόδρα
3420 587 3675 655 διάγοντος
3714 592 3764 623 ιο

2235 675 2381 728 assa
2408 676 2659 746 Μακάριε
2690 677 2733 738 ¹,
2762 676 2816 727 τί
2843 677 3091 745 ποιήσω;
3126 677 3207 728 ὃτι
3239 676 3505 728 θλίϐλουσί
3538 695 3599 746 με
3622 681 3665 731 οἱ
3694 679 3769 731 λο-

2236 768 2424 835 γισμοὶ
2452 766 2700 834 λέγοντές
2736 783 2847 836 μοι,
2877 767 2957 819 ὅτι
2988 767 3138 819 οὐδὲν
3169 769 3359 829 ποιεῖς,
3391 767 3581 820 ἄπελθε
3609 770 3769 822 ὲντεῦ-

2236 856 2328 912 θεν
2351 857 2390 910 ³.
2425 855 2780 927 ἀποκρίνεταί
2815 874 2904 926 μοι
2945 858 2974 909 ὁ
3008 857 3309 924 ἁγιώτατος
3340 858 3612 929 Μακάριος
3633 858 3682 890 ⁸·
3706 863 3772 913 εί-

2237 946 2336 998 πὸν
2378 947 2441 998 σὺ
2473 949 2584 1008 τοῖς
2614 945 2911 1015 λογισμοῖς,
2939 947 3021 999 ὅτι
3045 946 3133 999 διὰ
3161 946 3251 998 τὸν
3284 947 3513 1016 Χριστὸν
3545 949 3660 1011 τοὺς
3680 948 3773 1001 τοί-

2236 1053 2363 1105 χους
2392 1036 2562 1105 τηρῶ.

2312 1126 2500 1179 Ταῦτα
2527 1129 2592 1179 ὲκ
2616 1128 2826 1180 πολλῶν
2849 1129 2942 1182 καὶ
2969 1129 3219 1197 μεγάλων
3243 1130 3479 1200 σημείων
3505 1132 3594 1183 καὶ
3617 1131 3774 1186 ἄθλων

2230 1219 2325 1271 τοῦ
2360 1218 2606 1289 ἀοιδίμου
2641 1220 2734 1272 καὶ
2764 1221 3019 1291 ἐναρέτου
3059 1222 3346 1293 Μακαρίου
3376 1223 3397 1253 ⁸
3420 1224 3656 1293 ὲσήμανα
3675 1226 3712 1277 ⁸.

1820 1358 1910 1412 VA
1920 1356 2079 1411 RIAE
2116 1351 2411 1410 LECTION
2419 1352 2521 1407 ES.

631 1505 645 1534 ⁸
685 1504 754 1555 ἐν
794 1500 1099 1569 ἀκηδίᾳ-
1132 1498 1446 1566 διάγοντος
1478 1511 1587 1549 om.
1619 1492 1677 1546 B.
1754 1494 1775 1522 ¹
1816 1491 2007 1549 Corr.,
2045 1485 2141 1539 AB
2174 1484 2371 1553 μάρκε.
2396 1484 2467 1538 cI'.
2502 1502 2665 1556 supra
2690 1504 2742 1557 p.
2774 1490 2840 1543 75
2869 1506 2991 1560 sqq.

631 1572 693 1626 Ex
726 1573 895 1626 coni..
921 1571 1010 1624 AB
1040 1568 1281 1626 μάρκος.
1359 1569 1378 1598 ⁵
1416 1566 1490 1619 Ex
1517 1566 1685 1626 coni.,
1716 1561 1803 1616 All
1827 1559 2084 1626 μάρκου.
2162 1558 2182 1586 ⁸
2212 1554 2253 1606 Β
2276 1556 2696 1626 ἐσημανάμην.

559 1573 579 1603 ⁸
620 1572 693 1626 Ex
726 1559 1010 1631 coniJAB
1035 1559 1281 1639 μάρκοέι.
1359 1569 1378 1598 ⁵
1416 1566 1490 1619 Ex
1517 1566 1685 1627 coni.,
1716 1561 1803 1616 All
1827 1559 2084 1629 μάρκου.

3091 1492 3111 1521 ³
3143 1490 3322 1553 Corr.,
3366 1490 3452 1543 AB
3490 1490 3774 1547 ἐνταῦθεν.

629 1774 3713 1806 _______________.____________._____________

2014 1924 2174 1997 265
2228 1927 2336 1986 ΙΙΙ.

1428 2097 1713 2160 CETERI
1763 2092 2200 2155 HISTORIAE
2244 2091 2689 2153 LAUSIACAE
2726 2093 2933 2166 LOCI,

558 2275 761 2343 Quibus
786 2271 953 2325 sancti
989 2266 1217 2321 Macarii
1246 2264 1594 2343 Aegyptiuslet
1626 2260 2249 2343 Alemandrinu‘snnefnon
2280 2254 2551 2343 Macarius
2572 2256 2647 2343 .S.
2688 2260 2909 2343 Antonii
2941 2261 3181 2316 minister
3201 2273 3586 2329 memorantur,
3615 2264 3679 2319 ad
3707 2280 3783 2319 co-

1503 2333 1678 2385 dicum
1708 2333 1936 2384 duorum
1987 2327 2467 2381 Vindoboueusium
2508 2328 2667 2397 ﬁdem
2707 2331 2861 2385 editi.

556 2570 671 2625 Cod.
696 2581 789 2616 ms.
818 2568 931 2615 hist.
953 2575 1115 2627 graec.
1142 2560 1530 2627 LXXXIVLQIim
1554 2557 1732 2627 ξςξζΧζ
1736 2557 2031 2627 13ἰὶ)1.-ς;ειοςΖ
2053 2556 2323 2627 Vindobon.
2352 2556 2676 2627 membranae.
2705 2564 3027 2621 pervetustus
3095 2598 3107 2610 .
3177 2597 3189 2609 .
3258 2599 3270 2611 .
3342 2601 3353 2611 .
3426 2600 3437 2611 .
3504 2601 3517 2613 .
3584 2601 3596 2612 .
3664 2601 3675 2612 .
3750 2565 3785 2627 ᾼ

557 2619 671 2685 Cod.
697 2644 786 2679 ms.
812 2629 925 2678 hist.
950 2619 1112 2688 graec.
1141 2624 1357 2684 1X,olim
1379 2620 1523 2681 XLII,
1553 2621 1835 2671 Bibl.Caes.
1862 2619 2135 2669 Vindobon.
2164 2620 2374 2667 chartae.
2396 2619 2779 2681 antiquusf.
2854 2656 2865 2669 .
2933 2657 2945 2668 .
3016 2660 3027 2670 .
3098 2660 3110 2672 .
3181 2660 3191 2671 .
3263 2660 3273 2671 .
3346 2658 3357 2669 .
3428 2664 3440 2673 ,
3513 2663 3524 2673 ,
3592 2663 3602 2673 ,
3668 2662 3679 2672 ,
3756 2624 3786 2672 Β

558 2822 684 2871 Sunt
708 2817 857 2867 iidem
882 2814 1073 2863 codices
1101 2824 1214 2858 mss.
1245 2780 1472 2879 atque'su
1516 2822 1582 2855 ra.
1610 2806 1664 2854 In
1688 2807 1870 2868 quibus
1895 2806 1968 2856 illi
2008 2808 2100 2857 loci
2122 2809 2362 2872 leguntur
2381 2823 2520 2872 capp.
2549 2811 2720 2870 XVIII,
2743 2812 2869 2872 XIX,
2893 2813 3036 2873 XXX,
3062 2814 3210 2864 XXXI
3258 2816 3317 2865 cf.
3346 2818 3431 2867 Ed.
3463 2816 3636 2865 Meurs.
3662 2829 3708 2863 ca
3773 2854 3782 2864 .

624 2880 787 2919 vvw-
813 2877 952 2919 XXV.
981 2872 1146 2919 XXVI.
1176 2871 1363 2919 XXVII.
1388 2822 1825 2919 ᾺΧΞΙΙᾸΧΧΙΙΠ.
1854 2870 2171 2918 Macariorum
2189 2873 2388 2919 quidem
2418 2877 2604 2919 mentio
2626 2888 2725 2919 non
2745 2878 2798 2919 ﬁt
2818 2878 2867 2919 in
2890 2879 3051 2919 mnile
3078 2892 3097 2919 α
3127 2876 3200 2919 De.
3224 2813 3425 2919 iam“
3454 2895 3493 2919 1-
3519 2879 3641 2919 mmd
3668 2830 3782 2919 sum

624 2880 787 2937 XXIV,
813 2877 952 2933 xxv,
981 2872 1146 2937 xxvi,
1176 2871 1363 2937 xxvu,
1388 2870 1469 2937 x_x

1518 2867 1825 2942 II,XXX_III_]_.
1854 2867 2388 2942 Macariorum'quidem
2409 2867 2604 2942 mentio
2626 2867 2725 2922 non
2745 2867 2868 2942 li_t_in
2890 2867 3051 2942 capite
3078 2892 3097 2923 ι
3126 2876 3200 2925 De
3222 2867 3425 2927 Herone
3453 2895 3494 2937 ι,
3519 2879 3642 2941 quod
3668 2867 3787 2942 subl

621 2930 895 3053 timuimus:
918 2930 1003 2985 Sed
1020 2935 1076 3002 ,Μ
1100 2932 1333 2981 omittere
1362 2930 1626 3002 noluimus,
1646 2933 1759 2991 quia
1784 2930 2262 3001 Rosweidolestein
2285 2934 2447 2983 latinis
2466 2936 2756 2995 quibusdam
2775 2930 3019 3007 Historiae
3034 2938 3295 2991 Lausiacae
3309 2930 3787 3005 exemplaribusHero

657 3007 821 3052 eatum
846 3000 1112 3045 Macartum
1146 2995 1438 3041 contumelia
1466 2993 1689 3039 all‘ecisse
1716 2992 2015 3053 tradebatur,
2053 2998 2100 3043 Id
2120 2996 2253 3053 quod
2276 2992 2450 3045 falsum
2471 3010 2583 3046 esse
2602 3011 2666 3047 ex
2694 2999 2786 3047 boc
2826 3001 3045 3049 codicum
3076 3007 3215 3051 textu
3262 3004 3459 3053 elucet:
3479 3004 3541 3053 de
3566 3001 3786 3051 Rosweidi

657 3007 821 3064 catum
846 2992 1438 3064 Illacariuriz_eontumelia
1466 2993 1689 3064 all'ecisse
1716 2992 2015 3064 tradebatur,
2053 2992 2100 3043 id
2120 2996 2253 3055 quod
2276 2992 2450 3045 falsum
2471 2992 2583 3046 esse
2602 3011 2666 3047 ex
2694 2999 2786 3047 boc
2826 2999 3045 3049 codicum
3076 3007 3215 3051 textu
3262 2992 3541 3064 elucet;'de
3566 2992 3786 3051 Rosweidi

622 3052 740 3113 vero
757 3057 1100 3110 observatione
1122 3055 1342 3104 breviter
1365 3053 1721 3114 disputavimus
1745 3067 1793 3114 p.
1818 3052 1926 3101 109.

1316 3305 1367 3356 I.

982 3423 1060 3475 De
1098 3420 1295 3474 sanctis
1332 3421 1385 3470 in
1430 3416 1667 3470 Pherme.

1199 3511 1270 3564 De
1304 3509 1499 3564 Paulo.

631 3616 792 3668 Mons
816 3618 907 3664 est
942 3609 994 3662 in
1032 3607 1278 3675 Aegypto
1314 3602 1589 3656 abducens
1624 3603 1677 3655 in
1715 3610 1925 3657 vastam
1961 3602 2136 3657 Scelis

564 3704 935 3766 solitudinem,
988 3698 1079 3768 qui
1119 3696 1351 3750 Pherme
1395 3694 1739 3763 appellatur;
1795 3694 1851 3748 in
1884 3709 1993 3764 quo
2032 3694 2133 3747 viri

565 3800 676 3853 lere
711 3793 994 3866 quingenti
1026 3790 1239 3850 sedent,
1289 3786 1383 3857 qui
1415 3794 1762 3840 exercentur.
1806 3788 1883 3841 Ex
1932 3786 2134 3858 quibus

564 3889 786 3951 Paulus,
815 3882 1115 3938 monachus
1142 3878 1406 3948 optimus,
1449 3885 1564 3931 toto
1594 3886 1839 3948 tempore
1868 3894 1969 3933 suo
1994 3878 2136 3931 hanc

565 3985 728 4034 vitam
762 3977 973 4047 agebat.
1005 3971 1294 4039 Nunquam
1325 3982 1465 4037 opus
1496 3968 1696 4038 attigit,
1722 3984 1823 4022 nec
1854 3969 2133 4039 negotium

563 4068 823 4138 suscepit,
873 4079 1051 4133 neque
1093 4062 1159 4114 ab
1203 4060 1387 4128 aliquo
1433 4074 1672 4127 unquam
1716 4061 1928 4129 accepit
1980 4059 2139 4129 quid-

564 4177 751 4233 quam,
782 4166 999 4229 praeter
1035 4153 1181 4223 quod
1209 4153 1330 4220 ipso
1373 4150 1462 4205 die
1496 4151 1826 4206 comederet.
1860 4150 2009 4221 Opus
2041 4166 2137 4205 au-

568 4265 672 4307 tem
705 4247 1112 4305 exercitationis
1147 4244 1267 4298 eius
1302 4241 1405 4296 fuit
1438 4256 1600 4295 orare
1634 4249 1919 4313 perpetuo.
1960 4243 2137 4311 Atque

568 4352 802 4400 statutas
834 4340 1068 4393 habebat
1100 4350 1293 4405 preces
1331 4341 1629 4396 trecentas,
1664 4348 1802 4402 quas
1838 4333 1943 4389 hoc
1973 4335 2135 4387 modo

565 4433 916 4491 numeravit:
951 4430 1194 4483 calculos
1242 4426 1503 4480 collectos
1556 4424 1681 4479 sinu
1738 4424 1947 4487 tenuit,
1999 4439 2136 4493 quo-

562 4544 684 4583 rum
723 4539 888 4579 unum
934 4529 1059 4592 post
1085 4533 1529 4588 unamquamque
1563 4517 1863 4571 orationem
1914 4516 2135 4571 abiecit.

564 4623 665 4677 llic
690 4622 774 4675 vir
805 4618 895 4671 Dei
930 4615 1183 4669 utilitatis
1214 4626 1277 4665 ac
1315 4609 1573 4678 colloquii
1622 4607 1927 4678 spiritualis
1963 4608 2138 4677 gratia

564 4713 818 4771 convenit
849 4716 1098 4765 sanctum
1129 4704 1429 4759 Macarium
1468 4700 1765 4761 πολιτικόν,
1794 4699 1882 4752 cui
1916 4716 1929 4751 :
1963 4696 2137 4759 Abba,

565 4800 1009 4877 iuquit,Macari,
1031 4797 1236 4867 aﬂligor
1260 4792 1560 4858 valde.Qui
1592 4792 1775 4845 dicere
1805 4803 1930 4843 eum
1964 4786 2143 4855 coegit

563 4913 809 4960 causam,
863 4894 933 4946 ob
974 4906 1136 4960 quam
1184 4888 1515 4939 tristaretur.
1572 4883 1623 4935 Is
1668 4881 1835 4950 igitur
1868 4899 1881 4931 :
1913 4879 1970 4931 In
2020 4878 2141 4931 vico

560 4988 818 5059 quodam,
847 4984 1046 5051 inquit,
1070 4981 1221 5048 virgo
1246 4977 1474 5037 habitat,
1504 4988 1645 5043 quae
1673 4972 1951 5025 tricesimo
1980 4968 2143 5039 266

563 5097 709 5134 anno
744 5079 851 5131 iam
891 5084 1198 5130 exercetur.
1248 5069 1422 5134 Quam
1467 5065 1621 5119 multi
1664 5063 1800 5117 mihi
1847 5070 2144 5115 narrarunt

563 5172 715 5226 nullo
746 5168 852 5221 alio
884 5167 970 5221 die
1003 5166 1110 5220 nisi
1151 5163 1381 5218 sabbato
1414 5168 1467 5214 et
1496 5157 1771 5213 dominica
1812 5155 1996 5210 cibum
2042 5171 2138 5210 su-

564 5277 731 5321 mere,
755 5259 849 5314 sed
869 5266 982 5312 toto
1008 5268 1249 5326 tempore
1276 5256 1503 5309 trahens
1524 5250 1896 5307 hebdomadas
1929 5266 1993 5304 ac
2015 5258 2141 5319 post

562 5354 808 5423 quinque
852 5350 969 5404 dies
1004 5348 1297 5403 comedens
1333 5346 1616 5401 orationes
1648 5340 1781 5397 facit
1830 5343 2139 5410 septingen-

564 5454 669 5498 tas.
702 5442 817 5496 Iloc
846 5456 1012 5512 quum
1044 5440 1356 5501 didicerim,
1400 5435 1693 5505 reprobavi
1738 5448 1825 5486 me
1854 5432 1973 5500 ipse
2009 5448 2137 5501 per-

568 5534 829 5601 pendens,
873 5547 978 5593 me,
1004 5530 1281 5583 hominem
1318 5527 1641 5591 maioribus,
1675 5540 1839 5593 quam
1874 5524 1988 5587 illa,
2019 5538 2143 5576 cor-

2161 3312 2208 3369 Β

2600 3404 2739 3492 Περὶ
2770 3424 2887 3477 τῶν
2909 3424 2980 3477 ἐν
3007 3427 3203 3495 Φέρμῃ
3256 3427 3462 3496 ἁγίων.

2768 3518 2909 3584 Περὶ
2938 3518 3184 3571 Παύλου
3213 3519 3255 3571 ’³.

2312 3605 2472 3675 Ὀρος
2502 3606 2648 3657 ἐστὶν
2677 3608 2734 3659 ὲν
2778 3607 3038 3678 Αἰγύπτῳ
3068 3610 3278 3679 ἀπάγον
3310 3613 3405 3666 ἐπὶ
3435 3612 3533 3684 τὴν
3569 3611 3790 3681 mgf”?

2241 3712 2339 3764 μον
2370 3696 2469 3766 τὴν
2515 3698 2714 3768 Σκῆτιν
2746 3700 2788 3763 ⁸,
2835 3701 2863 3752 ὃ
2902 3702 3144 3754 καλεῖται
3187 3704 3399 3776 Φέρμη,
3445 3706 3536 3759 καὶ
3564 3708 3618 3759 ὲν
3662 3702 3790 3771 αὑτῴ

2238 3789 2559 3854 καθέζονται
2602 3792 2793 3865 ἄνδρες
2826 3794 2958 3846 ὡσεὶ
2986 3797 3333 3849 πεντακόσιοι
3368 3799 3703 3869 ἀσκούμενοι,
3741 3796 3789 3846 ἐν

2237 3876 2318 3944 οἷς
2356 3883 2472 3935 ἐστι
2510 3884 2742 3954 μοναχὸς
2774 3885 2993 3956 ἄριστος
3024 3887 3235 3950 Παῦλος
3272 3889 3622 3959 καλούμενος,
3649 3888 3702 3950 ὃς
3741 3886 3789 3936 ὲν

2240 3974 2403 4026 παντὶ
2448 3975 2526 4045 τῷ
2555 3975 2732 4045 χρόνῳ
2765 3976 2928 4029 αὑτοῦ
2970 3976 3175 4047 ταύτην
3215 3974 3330 4047 εἷχε
3378 3981 3477 4049 τὴν
3507 3978 3785 4031 πολιτείαν·

2239 4065 2340 4116 οὐκ
2384 4064 2544 4135 ἔργου
2583 4066 2760 4136 ἥψατὸ
2799 4083 2950 4127 ποτε,
2987 4068 3046 4119 οὐ
3091 4071 3475 4139 πραγματείας
3518 4070 3672 4131 τινός,
3706 4067 3790 4119 οὐκ

2241 4156 2399 4209 ἔλαϐε
2453 4160 2602 4226 παρά
2650 4175 2793 4221 τινος
2831 4158 3051 4211 πώποτε
3100 4163 3376 4231 παρεκτὸς
3416 4163 3444 4215 ὃ
3490 4166 3545 4216 ἐν
3577 4162 3704 4231 αὐτῇ
3732 4158 3787 4225 τῇ

2242 4249 2424 4318 ἡμέρᾳ
2454 4249 2655 4301 ἐσθίειν
2689 4249 2929 4318 ἔμελλεν.
2959 4250 3118 4322 ἔργον
3140 4252 3195 4305 δὲ
3226 4254 3391 4307 αὑτοῦ
3414 4256 3511 4325 τῆς
3532 4254 3789 4322 ἀσκήσεως

2242 4338 2466 4406 γέγονεν
2503 4340 2565 4392 τὸ
2607 4340 2968 4404 ἀδιαλείπτως
3004 4342 3425 4413 προσεύχεσθαι.
3477 4340 3623 4406 οὗτος
3652 4356 3784 4393 τετυ-

2243 4432 2502 4503 τοωμένας
2538 4431 2652 4502 εἶχε
2684 4433 2783 4496 τὰς
2818 4434 2980 4504 εὐχὰς
3009 4438 3349 4506 τριακοσίας,
3376 4437 3593 4507 ἠρίθμει
3620 4434 3672 4487 δὲ
3706 4430 3790 4483 a0—

2241 4518 2342 4580 τὰς
2374 4517 2575 4580 οὕτως·
2608 4518 2772 4571 λίθων
2794 4519 3002 4589 ψήφους
3034 4522 3280 4589 συνάγων
3320 4524 3413 4575 καὶ
3442 4524 3499 4574 ὲν
3529 4519 3603 4590 τῷ
3631 4517 3793 4582 κόλπῳ

2245 4609 2510 4678 κατέχων,
2553 4610 2674 4663 καθ’
2706 4612 2945 4680 ἑκάστην
2976 4613 3143 4681 εὐχὴν
3174 4613 3381 4681 ῥίπτων
3413 4613 3589 4682 ψῆφον
3611 4610 3730 4680 μίαν
3753 4606 3791 4656 ’.

2240 4694 2396 4761 οὗτος
2421 4701 2450 4751 ὁ
2473 4699 2567 4753 τοῦ
2590 4701 2725 4754 Θεοῦ
2751 4702 3035 4772 ἄνθρωπος
3062 4704 3248 4755 ἕνεκεν
3274 4703 3539 4771 ὡφελείας
3569 4702 3656 4755 καὶ
3684 4714 3793 4751 συν-

2241 4792 2431 4861 τυχίας
2456 4795 2840 4863 πνευματικῆς
2871 4794 3147 4865 παρέϐαλε
3171 4794 3249 4865 τῷ
3271 4796 3409 4866 ἁγίῳ
3442 4792 3702 4864 Μακαρίῳ
3727 4785 3794 4856 τῷ

2243 4882 2522 4952 πολιτικῷ,
2558 4885 2653 4937 καὶ
2685 4884 2833 4953 λέγει
2859 4885 3006 4955 αὑτῷ
3028 4903 3042 4917 ο
3081 4886 3225 4939 ἀϐϐἄ
3257 4887 3535 4958 Βὶακάριε,
3564 4883 3794 4951 θλίϐομαι

2245 4973 2479 5043 σφόδρα·
2522 4975 2616 5026 καὶ
2646 4975 2959 5043 ἠνάγκασεν
2983 4975 3143 5028 αὐτὸν
3172 4976 3217 5008 ¹⁰
3246 4978 3440 5041 εἰπεῖν,
3468 4977 3531 5029 δι’
3552 4976 3614 5046 ἢν
3635 4970 3795 5025 αἰτίαν

2244 5066 2515 5117 λυπεῖται.
2553 5068 2581 5117 ὁ
2613 5066 2670 5119 δὲ
2708 5067 2854 5134 λέγει
2900 5069 3077 5138 αὐτῷ·
3112 5070 3170 5121 ὲν
3217 5069 3375 5140 κώμῃ
3416 5070 3521 5122 τινὶ
3553 5064 3795 5135 παρθένος

2243 5173 2326 5218 τις
2360 5156 2399 5187 “
2432 5159 2698 5222 κατοικεῖ,
2746 5159 3068 5229 τριακοστὸν
3099 5159 3218 5223 ἔτος
3246 5160 3348 5229 ἤδη
3373 5160 3567 5230 ἔχουσα
3614 5158 3795 5209 ἀσκου-

2248 5251 2405 5321 μένη,
2451 5251 2577 5321 περὶ
2601 5246 2669 5323 ἧς
2712 5268 2803 5321 μοι
2831 5253 3016 5305 πολλοὶ
3057 5254 3403 5324 διηγήσαντο,
3436 5253 3514 5305 ὅτι
3546 5245 3798 5319 παρεκτὸς

2248 5342 2517 5396 σαϐϐάτου
2547 5344 2643 5396 καὶ
2688 5348 2961 5414 κυριακῆς
2990 5346 3247 5399 οὐδέποτε
3279 5344 3448 5397 ἐσθίει
3484 5343 3645 5411 ἄλλην
3669 5335 3794 5406 ἡμέ-

2251 5450 2372 5504 ραν,
2403 5434 2538 5486 ἀλλὰ
2564 5435 2653 5487 τὸν
2677 5436 2967 5504 σύμπαντα
2990 5437 3178 5507 χρόνον
3204 5438 3437 5490 ἕλκουσα
3461 5435 3557 5497 τὰς
3583 5427 3795 5496 ἑϐδομά-

2249 5524 2362 5587 δας,
2401 5525 2487 5577 διὰ
2521 5526 2679 5579 πέντε
2714 5526 2939 5597 ἡμερῶν
2972 5527 3249 5595 ἐσθίουσα,
3286 5531 3430 5581 ποιεῖ
3462 5526 3622 5595 εὐχὰς
3651 5523 3799 5573 ἑπτα-

1843 5653 2099 5710 VARIAE
2134 5651 2538 5709 LECTIONES.

644 5752 665 5782 τ
706 5750 797 5805 Sic
828 5754 903 5819 A;
936 5757 974 5806 Β
1005 5752 1362 5824 περιίπαύλου
1390 5752 1484 5824 τοῦ
1524 5754 1584 5803 ἐκ
1617 5753 1715 5824 τῆς
1747 5752 1962 5824 φέρμης
1998 5746 2337 5824 ὁρμωμένου.
2416 5750 2437 5781 ⁸
2475 5751 2654 5818 Corn,
2683 5756 2727 5805 A
2757 5754 2854 5822 τὴν
2885 5754 3142 5822 σκήτην,
3185 5754 3224 5808 Β
3259 5754 3368 5824 τῆς
3392 5752 3639 5819 σκήττιτ-
3708 5742 3726 5775 ’
3761 5738 3799 5791 Β

590 5817 795 5885 ῥίπτων
818 5817 961 5891 μίαν
987 5817 1240 5893 ψηέρῖδα.
1316 5824 1358 5853 ¹⁰
1396 5822 1436 5875 Β
1462 5817 1697 5875 ἑαυτὸν-⁷.
1761 5817 1831 5850 “¹¹’
1856 5817 1947 5882 τις
1973 5817 2081 5872 om.
2116 5817 2174 5871 Β.
