4016 6474
233 402 330 462 3M
1860 413 2067 470 ACTA.
2237 474 2245 476 Α
3460 419 3570 476 202

241 539 462 591 κοσιας,
494 530 616 584 καὶ
648 533 702 564 ⁸³
740 533 1102 602 ἁπευδόκησα
1126 531 1236 600 ἐγὼ
1261 527 1498 601 ἐμαυτοῦ
1523 528 1680 583 τοῦτο
1707 527 1891 598 μαθὼν

2004 526 2151 597 poris
2184 527 2393 582 viribus
2432 528 2785 592 instructum,
2830 525 3026 597 plures
3063 530 3324 586 trecentis
3360 532 3566 586 oratio-

244 616 663 691 λογιζόμενος,
699 624 793 678 am
834 626 984 695 ἀνὴρ
1017 621 1379 692 δυνατώτερος
1415 621 1539 673 κατ’
1580 619 1794 688 ἐκείνην
1825 620 1890 688 τῇ

2004 620 2162 674 nibus
2216 618 2397 674 facere
2437 636 2546 675 non
2613 622 2874 690 potuisse.
2936 621 3296 691 Respondens
3344 632 3568 676 sanctus

262 707 424 782 ῥώμη
447 710 565 764 τοῦ
603 711 885 783 σώματος
918 709 1339 784 δημιουργηθεὶς
1360 710 1501 780 ὑπὲρ
1537 707 1637 771 τὰς
1673 723 1894 778 τριακο-

270 803 390 866 σίας
431 803 628 873 εὖχὰς
660 805 776 859 οὑκ
810 805 1087 877 ἠδυνήθην
1112 803 1283 856 πλείω
1311 801 1536 870 ποιῆσαι
1569 800 1634 854 ’³.
1667 798 1897 868 ἀποκρί-

279 911 428 947 νεται
453 894 625 966 αὐτῷ
663 897 697 949 6
727 897 888 964 ἆγιος
911 895 1196 965 Μακάριος
1219 893 1392 962 λέγων
1425 889 1574 960 αὐτῷ
1594 907 1607 920 ·
1633 888 1745 957 ἐγὼ
1773 889 1896 958 ἐξη-

2002 711 2271 766 Macarius
2305 731 2318 765 :
2353 711 2484 782 Ego,
2530 711 2729 782 inquit,
2766 714 3164 783 sexagesimum
3207 729 3308 784 ago
3343 730 3566 780 annum,

1999 817 2065 856 ex
2113 817 2222 870 quo
2276 809 2511 856 statutas
2555 810 2774 856 centrum
2828 804 3108 857 orationes
3150 802 3313 867 facio,
3374 820 3567 874 eaque,

2000 907 2140 961 quae
2194 901 2326 944 sunt
2369 891 2436 945 ad
2491 892 2811 947 alimentum
2863 893 3197 958 necessaria,
3253 895 3388 948 meis
3434 893 3567 947 mihi

295 985 480 1039 πόστον
526 985 666 1050 έτος
713 986 860 1056 ἔχω,
893 987 986 1054 ἀφ’
1026 980 1085 1040 οὗ
1125 982 1462 1053 τεταγμένας
1493 980 1685 1034 ἐκατὺν
1731 979 1896 1049 εὐχὰς

312 1080 461 1140 ποιῶ,
503 1079 612 1132 καὶ
666 1078 743 1132 τὰ
791 1078 928 1150 πρὸς
971 1077 1070 1148 τὴν
1114 1076 1321 1147 τροφὴν
1368 1069 1733 1144 ἐργαζόμενος
1776 1071 1896 1132 ταῖς

319 1171 481 1242 χερσί,
517 1172 620 1224 καὶ
665 1174 784 1234 τοῖς
814 1170 1062 1239 ἀδελφοῖς
1092 1168 1190 1239 τὴν
1220 1165 1573 1236 ὀφειλομένην
1607 1161 1896 1230 συντυχίαν

315 1262 620 1327 ἀποδιδούς,
651 1265 750 1316 καὶ
777 1262 839 1316 οὺ
863 1263 1037 1333 κρίνει
1069 1278 1136 1331 με
1169 1259 1230 1313 τὸ
1264 1257 1508 1319 συνειδός
1545 1272 1644 1326 μου
1668 1253 1744 1315 ὡς
1763 1253 1898 1321 άμε-

314 1355 594 1425 λήσαντα·
642 1357 709 1408 σὺ
742 1356 799 1409 δὲ
833 1353 929 1426 [εἰ]
965 1353 1010 1386 ¹⁶
1048 1352 1366 1426 τριακοσίας
1401 1348 1568 1419 εὐχὰς
1595 1345 1763 1400 ποιῶν
1793 1343 1898 1397 ὑπὸ

309 1445 407 1498 τοῦ
445 1446 754 1509 συνειδότος
781 1447 964 1518 κρίνῃ,
998 1445 1155 1516 δῆλος
1179 1439 1232 1496 εἷ
1267 1443 1300 1513 ἢ
1336 1439 1590 1512 καθαρῶς
1620 1436 1790 1498 αὑτὰς
1822 1435 1895 1505 μὴ

307 1536 636 1607 εὐχόμενος,
682 1535 718 1609 ἢ
765 1536 1016 1600 πλείονας
1046 1535 1341 1606 δυνάμενος
1389 1529 1644 1601 εὔχεσθαι
1679 1527 1774 1580 καὶ
1824 1524 1896 1595 μὴ

307 1645 510 1682 ποιων.

1091 1760 1153 1815 2.

2001 983 2254 1038 manibus
2278 997 2557 1052 comparo,
2583 999 2644 1038 ac
2669 983 2933 1039 fratribus
2963 985 3198 1040 debitam
3230 1001 3314 1040 me
3334 985 3568 1038 adeundi

2001 1073 2211 1141 copiam
2243 1071 2432 1134 reddo,
2466 1088 2563 1126 nec
2595 1087 2681 1126 me
2711 1088 2831 1125 mea
2863 1073 3199 1128 conscientia
3231 1073 3436 1126 iudicat
3468 1091 3567 1128 ne-

2003 1163 2297 1232 g-ligentem
2330 1176 2470 1216 esse.
2507 1161 2590 1214 Tu
2617 1176 2766 1223 vero,
2795 1177 2962 1230 quum
2994 1168 3266 1216 trecentas
3294 1161 3569 1214 orationes

2002 1252 2210 1308 faciens
2256 1267 2287 1306 a
2332 1253 2668 1307 conscientia
2702 1253 2985 1316 iudicaris,
3030 1261 3124 1305 aut
3160 1268 3268 1305 non
3303 1268 3437 1322 pure
3475 1267 3570 1306 eas

2001 1353 2056 1400 te
2099 1345 2280 1400 facere
2327 1345 2536 1414 prodis,
2581 1353 2696 1409 aut,
2725 1345 2976 1413 quamvis
3027 1344 3211 1414 plures
3245 1342 3424 1399 facere
3453 1359 3573 1413 pos-

2003 1437 2101 1502 sis,
2131 1450 2240 1489 non
2267 1433 2447 1488 facere

2755 1762 2812 1816 2.

307 1897 462 1968 Περὶ
488 1900 793 1968 Εὐλπίου
825 1899 921 1952 καὶ
947 1897 1052 1952 τοῦ
1069 1896 1486 1967 λελωϐημένου
1506 1894 1605 1949 καὶ
1632 1893 1744 1964 τῆς
1767 1896 1897 1964 κρί-

2004 1894 2083 1951 De
2113 1895 2341 1964 Eulogto
2374 1903 2424 1946 et
2459 1896 2738 1958 mutilata,
2777 1907 2826 1952 et
2867 1897 2931 1950 de
2974 1897 3278 1952 discrimine
3317 1915 3349 1951 a
3391 1907 3572 1953 sancto

620 1985 773 2035 σεως
808 1970 913 2023 τοῦ
940 1968 1112 2038 ἁγίου
1158 1969 1465 2022 Ἀντωνίου
1506 1968 1570 2020 ³⁸.
1675 2047 1682 2049 4

387 2144 405 2157 .
439 2141 454 2156 .
491 2139 509 2155 .
550 2144 566 2158 .
594 2101 785 2156 ἔστιδὲ
806 2103 1130 2177 (τὺὸροςτοῦ
1154 2101 1311 2171 ἁγίου
1355 2100 1664 2171 Ἀντωνίου)
1692 2097 1893 2172 μεταξὺ

309 2193 646 2257 Βαϐυλῶνος
679 2195 770 2247 καὶ
827 2194 1154 2266 Ἡρακλέους
1184 2195 1264 2256 είς
1293 2193 1392 2264 τὴν
1419 2192 1759 2262 πανέρημον,
1793 2191 1896 2262 τὴν

311 2284 598 2354 φέρουσαν
626 2285 766 2338 κατὰ
797 2285 896 2356 τὴν
932 2285 1168 2356 ἐρυθρὰν
1202 2283 1495 2349 Θάλασσαν,
1528 2283 1601 2346 ὡς
1619 2283 1897 2354 ἀπὸτριά-

317 2393 488 2430 κοντα
527 2376 771 2446 σημείων
793 2375 886 2429 τοῦ
917 2375 1186 2446 ποταμοῦ.
1221 2373 1388 2429 ἐλθὼν
1420 2377 1500 2438 είς
1526 2375 1587 2428 τὸ
1623 2377 1896 2447 μοναστή-

328 2485 443 2538 ριον
464 2468 526 2520 τὸ
563 2467 718 2537 παρὰ
745 2467 835 2521 τὸν
861 2469 1125 2538 ποταμόν,
1151 2469 1208 2521 ἐν
1231 2461 1274 2537 ᾧ
1306 2470 1354 2522 οί
1388 2468 1626 2540 μαθηταὶ
1655 2468 1821 2522 αὑτοῦ
1848 2470 1892 2508 ¹⁶

321 2558 673 2624 ἐκαθέζοντο,
710 2561 789 2623 εἰς
835 2559 896 2613 τὸ
927 2559 1214 2631 λεγόμενον
1265 2561 1470 2631 Πίσπιρ
1511 2561 1578 2622 ¹’¹,
1613 2560 1898 2632 Μακάριος

319 2651 421 2704 καὶ
469 2651 734 2721 Ἀμάτας,
780 2651 830 2703 οἳ
859 2652 953 2706 καὶ
998 2651 1201 2721 ἔθαψαν
1237 2653 1330 2706 τὸν
1378 2652 1646 2724 μακάριον
1703 2653 1901 2706 Ἀντὼ-

316 2759 438 2795 νιον
473 2743 519 2774 ¹⁸
572 2742 926 2813 κοιμηθέντα,
969 2743 1299 2815 ἐξεδεξάμην
1340 2744 1553 2815 ἡμέρας
1599 2744 1782 2808 πέντε,
1810 2745 1901 2798 ἵνα

316 2832 580 2903 συντύχω
602 2831 680 2903 τῷ
709 2833 848 2904 ἁγίῳ
888 2833 1175 2906 Ἀντωνίῳ.
1204 2833 1420 2904 ἐλέγετο
1441 2835 1498 2888 δέ
1533 2834 1899 2906 παραϐάλλειν

321 2925 496 2978 αὑτὸν
521 2923 603 2994 τῷ
634 2924 976 2996 μοναστηρίῳ
1000 2925 1175 2996 τούτῳ
1200 2927 1330 2980 ποτὲ
1359 2927 1456 2998 μὲν
1483 2927 1570 2982 διὰ
1589 2926 1656 2997 ιβ’
1680 2929 1744 2992 ⁸³,
1768 2926 1898 2981 ποτὲ

316 3017 377 3070 δὲ
419 3018 510 3072 διὰ
539 3015 586 3070 κ’
615 3018 683 3080 ὀ,
724 3018 854 3071 ποτὲ
890 3019 948 3071 δέ
978 3018 1064 3072 διὰ
1101 3025 1142 3072 ν’
1179 3019 1222 3050 ²¹
1251 3019 1496 3090 ἡμερῶν,
1526 3018 1706 3083 καθὼς
1737 3019 1900 3074 αὐτὸν

317 3111 350 3161 6
385 3110 532 3171 Θεὸς
563 3109 655 3162 ἐπὶ
680 3110 966 3181 εὐεργεσίᾳ
989 3110 1097 3163 τῶν
1131 3112 1653 3182 παρατυγχανόντων
1682 3108 1816 3182 ἦγεν
1842 3115 1899 3166 ἐν

2580 1969 2808 2021 Antonio
2842 1969 3003 2036 facta.

2067 2099 2164 2156 Est
2195 2108 2376 2156 autem
2408 2102 2588 2172 (mons
2621 2099 2678 2155 S.
2710 2101 2958 2170 Antonii)
2991 2101 3133 2156 inter
3163 2101 3488 2172 Babylonem
3521 2110 3575 2158 et

1997 2193 2316 2247 Heracleam
2352 2194 2491 2248 situs
2527 2193 2582 2246 in
2622 2199 2777 2246 vasta
2824 2192 3142 2256 solitudine,
3174 2207 3313 2261 quae
3343 2193 3450 2248 fert
3506 2193 3574 2248 ad

1998 2299 2150 2338 mare
2189 2284 2438 2339 Rubrum
2491 2299 2556 2338 ac
2603 2285 2830 2353 triginta
2881 2283 2996 2338 fere
3039 2285 3291 2338 milliaria
3333 2285 3502 2340 distat
3543 2299 3576 2338 a

1997 2378 2186 2434 ﬂuvio.
2250 2379 2331 2433 Ad
2398 2379 2789 2434 monasterium
2852 2379 3020 2448 igitur
3076 2395 3242 2449 quum
3301 2380 3576 2434 venissem

1999 2487 2170 2542 prope
2201 2471 2424 2526 ﬂuvrum
2467 2472 2633 2526 situm
2674 2487 2737 2525 ac
2777 2470 2958 2542 Pispir
2982 2481 3260 2537 vocatum,
3287 2472 3379 2527 ubi
3409 2471 3576 2526 disci-

2000 2565 2113 2634 puli
2150 2563 2269 2619 eins
2306 2563 2572 2618 sedebant
2607 2561 2877 2620 Macarius
2918 2572 2972 2618 et
3004 2564 3248 2629 Amatas,
3276 2564 3369 2635 qui
3413 2566 3574 2619 etiam

2002 2663 2253 2710 sanctum
2281 2655 2579 2708 Antonium
2605 2653 2924 2709 defunctum
2953 2655 3308 2725 sepelierunt,
3337 2656 3578 2725 quinque

2001 2747 2221 2812 diebus,
2268 2757 2327 2800 ut
2374 2757 2626 2802 sanctum
2666 2747 2967 2800 Antonium
3013 2747 3381 2809 convenirem,
3416 2761 3578 2815 expe-

2002 2839 2165 2892 clavi.
2205 2836 2310 2902 Qui
2337 2837 2406 2890 ad
2451 2837 2556 2890 hoc
2591 2837 2988 2892 monasterium
3023 2836 3186 2891 modo
3211 2843 3333 2906 post
3363 2835 3575 2902 decem,

2002 2929 2166 2983 modo
2198 2939 2320 2998 post
2357 2929 2570 3000 viginti,
2605 2927 2879 2982 interdum
2918 2937 2973 2982 et
3012 2936 3135 2998 post
3176 2927 3577 2998 quinquaginta

2003 3021 2122 3076 dies
2151 3021 2411 3076 accedere
2441 3021 2747 3082 dicebatur,
2785 3029 2946 3089 prout
2977 3018 3119 3072 Deus
3151 3035 3273 3071 eum
3302 3027 3483 3089 ageret
3511 3019 3578 3071 ad

2006 3114 2440 3168 subveniendum
2489 3114 2578 3177 iis,
2615 3113 2709 3182 qui
2759 3129 2824 3167 eo
2863 3112 3212 3166 advenerant.
3245 3111 3404 3182 267
3429 3108 3579 3162 Varii

315 3197 399 3265 τῷ
456 3199 826 3270 μοναστηρίῳ.
869 3200 1116 3272 διάφοροι
1160 3197 1253 3254 οὖν
1294 3200 1637 3272 συνήχθημεν
1683 3201 1897 3272 ἀδελφοὶ

2007 3212 2188 3260 autem
2218 3205 2416 3260 fratres
2443 3205 2512 3259 ob
2537 3205 2718 3259 varias
2747 3205 3104 3259 necessitates
3124 3218 3576 3263 conveneramus,

312 3290 614 3361 διαφόρους
657 3291 870 3362 ἔχοντες
914 3291 1121 3362 χρείας,
1173 3294 1232 3345 ἐν
1264 3288 1346 3355 οἷς
1383 3294 1479 3346 καὶ
1513 3293 1769 3358 Εὑλόγιός
1816 3311 1900 3356 τις

315 3398 376 3435 κ.
405 3399 459 3437 τ.
491 3380 546 3436 λ.

442 3549 459 3566 .
507 3552 522 3567 .
561 3513 757 3582 συνέϐη
785 3513 842 3567 δὲ
863 3514 962 3585 τὴν
987 3514 1151 3588 ἄλλην
1172 3515 1386 3589 ἡμέραν
1413 3515 1586 3570 ἐλθεῖν
1611 3518 1701 3570 τὸν
1729 3519 1900 3589 μέγαν

332 3604 622 3658 Ἀντώνιον
653 3607 891 3676 ἑσπέρας
917 3605 1155 3676 βαθείας,
1183 3607 1258 3672 ὡς
1284 3608 1386 3680 ἔφη
1411 3611 1440 3661 ὁ
1459 3609 1712 3680 Κρόνιος,
1732 3611 1902 3680 ἐμπε-

319 3697 675 3768 φισλωμένην
707 3699 783 3729 ²¹⁹
821 3698 1067 3769 χλαμύδα
1106 3699 1433 3771 δερματίνην
1485 3701 1685 3770 φορῶν.
1718 3703 1900 3772 εἰσήρι

325 3805 452 3858 χετο
477 3792 556 3853 εἰς
591 3790 655 3844 τὸ
687 3793 1044 3862 μοναστήριον
1077 3794 1264 3859 αὑτοῦ,
1295 3793 1391 3846 καὶ
1423 3794 1629 3863 ταύτην
1662 3790 1775 3863 εἷχε
1803 3793 1900 3864 τὴν

336 3881 615 3952 συνήθειαν
656 3885 714 3936 ἐν
737 3883 815 3954 τῷ
854 3885 1063 3955 ἐρωτᾷν
1088 3885 1179 3938 τὸν
1211 3884 1461 3955 μαθητὴν
1501 3884 1900 3948 αὐτοῢΜακά-

333 3987 447 4044 ριον
476 3975 604 4046 περὶ
636 3976 742 4030 τῶν
771 3977 1100 4047 ἐρχομένων,
1145 3979 1270 4040 τοὺς
1296 3978 1394 4048 μὲν
1431 3977 1699 4047 μοναχοὺς
1741 3977 1897 4046 Ἱερο-

329 4065 622 4136 σολυμίτας
665 4069 872 4134 καλεῖν,
919 4071 1047 4133 τοὺς
1094 4069 1152 4122 δέ
1199 4071 1498 4141 κοσμικοὺς
1543 4070 1896 4138 Αἰγυπτίους.

323 4157 520 4226 nguina
564 4154 655 4212 οὖν
711 4161 740 4212 6
779 4161 982 4229 μέγας·
1016 4160 1209 4230 ἀδελφέ
1250 4162 1528 4234 Μακάριε,
1559 4157 1721 4232 ἦλθόν
1758 4179 1902 4225 τινες

323 4250 549 4320 ἀδελφοὶ
603 4251 819 4317 ἐνθάδε;
861 4254 955 4306 καὶ
995 4253 1300 4325 ἀπεκρίθη·
1348 4250 1532 4326 ἦλθον.
1582 4257 1676 4309 καὶ
1721 4254 1898 4323 λέγει·

322 4343 616 4410 Αἰγύπτιοί
639 4345 772 4397 εἰσιν
800 4345 834 4411 ἢ
871 4345 1325 4417 Ἱεροσολυμῖται;
1355 4347 1522 4401 ἔδωκε
1543 4347 1600 4400 δέ
1627 4346 1776 4416 αὐτῷ
1805 4365 1901 4417 ση-

327 4439 482 4505 μεῖον
529 4436 654 4498 τοὺς
690 4436 1096 4506 ἀπραγοτέρους
1127 4438 1223 4490 κοιλ⁸
1249 4439 1295 4469 ²²
1347 4439 1569 4508 ἀεργεῖς
1602 4438 1781 4506 λέγειν
1818 4439 1900 4492 ὅτι

2003 3313 2068 3352 ex
2096 3298 2295 3366 quibus
2329 3307 2382 3351 et
2413 3297 2671 3366 Eulogius
2700 3296 3105 3350 Alexandrinus
3137 3293 3404 3349 fuit.......

2192 3514 2406 3575 Evenit,
2440 3522 2499 3565 ut
2524 3513 2698 3567 altero
2735 3511 2823 3566 die
2861 3526 3093 3581 magnus
3116 3510 3413 3576 Antonius,
3435 3511 3580 3566 chlao

2002 3605 2182 3676 myde,
2209 3605 2354 3660 sicut
2376 3602 2612 3659 Cronius
2648 3603 2913 3665 narravit,
2942 3603 3167 3672 pellicea
3190 3604 3423 3658 amictus
3455 3619 3581 3659 sero

2003 3696 2216 3765 vesperi
2249 3695 2478 3748 veniret.
2511 3694 2689 3763 Atque
2729 3693 3008 3762 ingressus
3041 3702 3125 3747 est
3183 3694 3576 3748 monasterium

2003 3803 2185 3842 suum.
2225 3785 2336 3839 [lac
2367 3795 2549 3839 autem
2585 3785 2640 3837 in
2682 3783 2922 3838 Macario
2944 3784 3215 3853 discipulo
3257 3800 3358 3839 suo
3387 3785 3454 3839 de
3486 3787 3576 3849 iis,

2002 3880 2095 3949 qui
2146 3879 2502 3943 advenerant,
2540 3876 2926 3946 interrogando
2982 3876 3240 3930 utebatur
3285 3887 3580 3932 consuetu-

2002 3972 2148 4035 dine,
2184 3979 2244 4025 ut
2278 3968 2579 4024 monachos
2612 3975 2834 4022 vocaret
2876 3966 3426 4039 Hierosolymitanos.
3454 3985 3578 4024 sae-

2002 4065 2217 4118 culares
2247 4076 2378 4117 vero
2436 4061 2751 4132 Aegyptios.
2815 4059 3044 4130 Magnus
3112 4059 3325 4130 igitur:
3373 4059 3578 4115 Macari

2003 4155 2190 4218 frater,
2226 4152 2428 4223 inquit,
2468 4162 2809 4208 veneruntne
2848 4152 2954 4206 huc
2995 4151 3164 4222 aliqui
3199 4151 3436 4206 fratres?
3480 4151 3577 4206 Rc-

2003 4247 2221 4318 spondit
2252 4266 2264 4300 :
2293 4245 2600 4300 Venerunt.
2638 4243 2732 4299 Ille
2765 4263 2779 4298 :
2816 4242 3026 4298 Suntne
3054 4243 3323 4314 Aegyptii,
3357 4259 3427 4296 an
3455 4241 3579 4296 Ilie-

2002 4337 2428 4410 rosolymitani?
2457 4337 2628 4407 Eique
2679 4336 2893 4406 signum
2928 4335 3171 4399 dederat,
3208 4343 3267 4389 ut
3306 4350 3422 4398 eos,
3457 4334 3580 4403 qui.-

2002 4431 2108 4486 bus
2155 4430 2337 4483 minus
2386 4428 2588 4498 negotii
2623 4435 2789 4488 esset,
2839 4425 3137 4495 Aegyptios
3185 4440 3308 4479 esse
3348 4425 3574 4479 diceret.

321 4525 616 4591 Αίγυπτιοί
648 4526 802 4588 εἰσιν,
846 4527 941 4580 καὶ
971 4527 1156 4596 ἔλεγεν
1199 4527 1349 4597 αὐτῷ
1403 4530 1531 4598 περὶ
1579 4529 1688 4584 τῶν
1740 4531 1897 4598 Αίγυ-

2007 4523 2184 4591 Atque
2214 4520 2282 4574 ad
2321 4520 2619 4590 Aegyptios
2662 4517 2808 4588 quod
2842 4526 3076 4586 spectat,
3107 4516 3385 4570 Macario:
3416 4514 3576 4578 Para,

322 4617 504 4670 πτίων
534 4617 602 4647 ³⁸·
633 4618 854 4688 ποίησον
888 4619 1058 4686 φακὸν
1092 4620 1186 4674 καὶ
1217 4621 1306 4684 δὸς
1344 4622 1525 4684 αὐτοῖς
1558 4623 1772 4690 φαγεῖν.
1806 4622 1900 4674 καὶ

323 4709 507 4762 ἐποίει
561 4709 745 4772 αὐτοῖς
798 4711 962 4782 εὐχὴν
1000 4712 1047 4744 ³⁸
1093 4713 1186 4766 καὶ
1235 4713 1467 4767 ἀπέλυεν
1517 4715 1733 4776 αὐτούς.
1781 4716 1889 4768 ὰπ-

323 4797 591 4866 εκρίνατο
619 4798 675 4851 δέ
695 4800 816 4852 τότε
844 4803 872 4854 6
904 4801 1186 4872 Μακάριος
1219 4805 1346 4874 περὶ
1370 4804 1526 4873 ἡμῶν
1568 4804 1656 4857 διὰ
1691 4804 1781 4857 τὸν
1809 4805 1899 4857 λε-

322 4889 663 4960 λωϐημένον,
711 4893 793 4944 ὅτι
842 4893 1062 4962 μιγάδες
1103 4895 1260 4948 είσίν.
1317 4894 1415 4948 ἐὰν
1467 4895 1522 4948 δὲ
1569 4895 1773 4965 ἔλεγεν,
1818 4898 1899 4950 ὅτι

333 4979 762 5050 Ἰεροσολυμῖταί
796 4985 931 5036 εἰσιν
964 4985 1031 5046 ⁸⁸,
1061 4985 1353 5051 ἐκαθέζετο
1383 4986 1472 5041 διὰ
1495 4987 1674 5058 πάσης
1707 4988 1900 5051 νυκτὸς

327 5073 418 5124 καὶ
451 5072 636 5126 ἐλάλει
681 5074 862 5137 αὐτοῖς
902 5075 969 5129 τὰ
1003 5077 1139 5147 πρὸς
1174 5077 1469 5148 σωτηρίαν.
1503 5080 1561 5131 ἐν
1590 5080 1774 5153 ἐκείνῃ
1805 5077 1898 5134 οὖν

331 5167 396 5234 τῇ
420 5165 632 5236 ἑσπέρᾳ
659 5166 946 5233 καθεσθείς
964 5208 979 5234 ,
1013 5168 1167 5242 φησί,
1203 5171 1589 5241 προσκαλεῖται
1635 5174 1843 5237 πάντας
1870 5177 1898 5227 6

340 5256 506 5327 μέγας
534 5275 589 5312 κ.
626 5276 676 5312 τ.
705 5259 754 5312 λ.

2007 4615 2211 4686 inquit,
2265 4614 2488 4678 lentem,
2535 4620 2589 4666 et
2636 4611 2704 4664 da
2752 4611 2821 4664 iis
2862 4609 3170 4663 comedere.
3213 4607 3418 4663 Deinde
3453 4622 3577 4662 cum

2007 4708 2078 4763 iis
2123 4707 2427 4762 orationem
2482 4702 2739 4766 faciebat,
2795 4716 2999 4770 eosque
3042 4701 3370 4755 dimittebat.
3425 4698 3579 4753 Tunc

2007 4799 2282 4854 Macarius
2320 4798 2388 4852 de
2417 4796 2578 4852 nobis
2617 4795 2688 4850 ob
2729 4795 3034 4846 mutilatum
3069 4794 3220 4847 illum
3255 4791 3573 4861 respondit:

2006 4893 2160 4948 Mixti
2204 4891 2424 4947 adsunt.
2475 4889 2573 4942 Sin
2607 4885 2823 4942 dicebat
2858 4904 2872 4939 :
2904 4884 3384 4954 llierosolymitani
3425 4891 3576 4949 sunt,

2006 4996 2232 5042 sanctus
2280 4998 2376 5052 per
2423 4988 2591 5034 totam
2646 4986 2864 5030 noctem
2919 4974 3173 5035 sedebat,
3225 4975 3292 5028 ad
3338 4989 3574 5043 eosque,

2005 5095 2147 5149 quae
2186 5077 2250 5132 ad
2289 5076 2518 5131 salutem
2549 5070 2842 5140 pertinent,
2882 5066 3232 5135 loquebatur.
3272 5065 3366 5120 Illa
3397 5074 3588 5121 autem.

2014 5185 2242 5242 vespera
2267 5167 2490 5236 Magnus
2528 5161 2722 5218 sedens
2758 5174 2949 5213 omnes
2973 5159 3376 5214 arcessivit.....

1595 5419 1852 5473 VARIAE
1891 5417 2293 5476 LECTIONES.

395 5561 445 5636 ti
483 5561 583 5636 και
610 5578 722 5636 om,
754 5565 820 5636 Ατ
901 5565 944 5596 η
978 5563 1085 5636 Pro
1118 5571 1244 5620 κατ’
1272 5565 1516 5634 ἐκείνην
1537 5597 1606 5606 —
1627 5567 1880 5633 ποιῆσαι
1913 5565 1954 5618 Β
1980 5567 2134 5636 ὑπὲρ

2163 5565 2419 5635 γυναῖκα
2443 5563 2541 5616 καὶ
2711 5561 2898 5635 πλείω
2940 5559 3059 5613 τῶν
3091 5556 3446 5635 τριακοσίων
3481 5558 3580 5635 81’}:

320 5629 449 5700 κῶν
472 5635 584 5706 οὐκ
618 5634 939 5703 ἠδυνήθην
971 5635 1213 5706 ποιῆσαι.
1293 5637 1338 5669 ³⁸
1373 5639 1423 5691 εἰ
1455 5625 1566 5691 om.
1596 5637 1638 5690 A
1669 5639 1727 5700 Β,
1751 5625 1946 5692 ’θάόίἀὶ
1978 5653 2046 5692 ex
2077 5625 2224 5691 coni.
2305 5637 2346 5668 ⁵⁸
2376 5635 2416 5688 Β
2451 5625 2916 5706 profer-tutulum
2940 5649 2965 5706 Δε
2993 5625 3134 5706 περί
3151 5627 3440 5706 εὐλογίο-υ,
3471 5625 3578 5678 τοῦ

318 5705 734 5777 σχοαζςιστικοῦ
773 5706 887 5777 καί
920 5706 1024 5760 τοῦ
1066 5704 1505 5775 λελωϐημένου.
1583 5709 1626 5738 ¹⁶
1665 5707 1706 5760 Β
1738 5707 1976 5777 μαθηταὶ
2024 5708 2129 5761 τοῦ
2164 5707 2432 5776 μεγάλου
2455 5704 2776 5777 ὀντων-ζου,

322 5787 444 5848 om:
469 5771 530 5828 Β.
593 5778 651 5848 7⁸⁸
687 5776 796 5848 Pro
829 5775 938 5848 τρν
955 5777 1251 5848 μᾳκᾴριον
1283 5771 1591 5848 Ἄντώνιον
1624 5777 1664 5830 Β
1690 5771 1884 5848 αὖτὸνί
1910 5778 2035 5831 τόν.
2102 5771 2224 5848 VWB
2248 5771 2412 5831 δέκα.
2489 5774 2597 5848 ²⁰ῌΒ
2621 5773 2835 5848 εἴκοσι.
2861 5842 2870 5848 _
2913 5772 2954 5802 ²¹
2979 5771 3016 5822 Β
3044 5771 3400 5848 πεῖςτίκργνζια
3427 5771 3459 5848 (Ξ

323 5843 389 5918 ²¹ξ
417 5845 460 5897 Α
490 5847 656 5903 verbo
680 5845 930 5914 φιϐλοῦν.
955 5833 1039 5900 ὀί.
1072 5833 1331 5916 Stephani
1367 5847 1633 5903 Thcsaur.
1711 5849 1755 5878 “
1795 5847 1893 5900 καὶ
1948 5864 2056 5904 om.
2085 5847 2148 5903 Δ.
2226 5849 2272 5882 ³³
2308 5849 2438 5916 περὶ
2482 5842 2954 5918 τῶι-Αἰγυπτίων
2979 5856 3086 5897 om.
3117 5839 3175 5893 Β.
3253 5839 3300 5870 ’⁸
3337 5837 3378 5891 Β
3411 5833 3583 5906 εὐχὴν
3678 5833 3704 5863 ’

318 5916 478 5981 μίαν.
566 5919 608 5950 ⁸⁸
647 5922 813 5972 εἰσιν
837 5932 945 5972 om.
978 5918 1040 5970 A.

2858 5702 2895 5731 ”
2937 5700 3256 5763 ἐκαθέζοντο
3281 5726 3349 5735 —-—
3374 5696 3579 5764 Πίσπιρ

2489 5777 2534 5806 ²⁰
2557 5774 2597 5827 Β
2621 5773 2835 5827 εἴκοσι.
2913 5772 2954 5802 ²¹
2979 5771 3016 5822 il
3044 5770 3400 5822 πεντίκοντα
3427 5766 3573 5834 (sic).
