4016 6442
1285 515 1340 570 '5.

1133 647 1207 702 De
1263 649 1499 708 Valente.

601 796 801 856 Valens
831 803 1075 873 quidam,
1115 823 1314 878 genere
1353 808 1722 880 Palaestinus,
1765 815 1820 869 in
1862 817 2107 874 solitudi-

531 904 656 943 nem
688 892 968 961 prol'ectus
992 897 1211 970 longum
1249 909 1462 973 tempus
1494 905 1780 961 nobiscum
1816 908 2104 968 habitavit.

531 977 634 1046 Qui
683 1000 854 1055 quum
915 991 1149 1046 maxima
1214 993 1434 1050 vivendi
1491 998 1783 1055 severitate
1830 1017 2106 1060 summam

532 1075 825 1133 asceticam
866 1081 1036 1136 vitam
1074 1089 1434 1156 suscepisset.
1466 1106 1605 1146 vana
1643 1094 1712 1148 de
1747 1110 1807 1150 se
1850 1097 2109 1166 opinione

531 1179 597 1216 ac
644 1172 899 1238 superbia
951 1189 982 1227 a
1025 1175 1292 1232 daemone
1321 1181 1514 1236 irrisus
1565 1177 1620 1238 et
1660 1186 1755 1239 tali
1793 1190 2106 1256 perniciosa

530 1257 698 1313 animi
735 1263 1046 1320 calamitate
1080 1268 1232 1323 brevi
1279 1279 1527 1343 tempore
1575 1276 1838 1348 deceptus
1895 1290 2001 1348 est,
2048 1292 2109 1338 ut

530 1353 755 1421 angelos
786 1371 910 1409 cum
933 1358 1052 1428 ipso
1081 1367 1418 1433 conversari,
1462 1378 1516 1422 et
1546 1369 1600 1422 in
1629 1375 1827 1441 quovis
1853 1375 2107 1433 ministe-

531 1441 614 1495 rio
668 1444 773 1514 ipsi
826 1447 1090 1507 inservire
1139 1456 1392 1512 iactaret.
1441 1459 1492 1515 Is
1544 1465 1820 1532 quondam
1862 1477 2106 1538 sportam

529 1549 826 1603 consuens,
872 1551 932 1595 ut
973 1543 1096 1600 eius
1139 1548 1278 1601 socii
1319 1562 1638 1619 narrarunt,
1678 1556 1843 1626 268
1871 1561 2105 1629 vesperi,

528 1641 698 1694 quum
717 1631 919 1688 multae
945 1637 1205 1694 tenebrae
1227 1653 1436 1708 essent,
1453 1660 1638 1708 acum,
1653 1663 1762 1716 qua
1781 1651 2107 1717 consuebat,

529 1719 734 1776 amisit.
767 1722 882 1789 Qua
924 1742 1034 1781 non
1069 1731 1307 1798 iuventa,
1339 1734 1568 1790 daemon
1607 1739 1657 1793 ei
1690 1739 1993 1810 lampadem
2028 1742 2110 1798 fe-

530 1810 628 1876 cit,
673 1827 780 1882 qua
841 1831 998 1872 acum
1046 1824 1273 1893 reperit,
1326 1825 1400 1880 ita
1456 1837 1516 1881 ut
1555 1831 1723 1886 miser
1773 1831 1876 1888 iste
1933 1835 2108 1905 magis

528 1903 694 1959 etiam
717 1923 857 1964 vano
888 1919 1101 1969 tumore
1137 1917 1436 1974 inﬂaretur.
1467 1921 1559 1976 Dci
1602 1933 1782 1979 autem
1811 1903 2104 1996 providen-

529 1994 605 2049 tia
635 1995 964 2059 fraternitati
987 2008 1272 2066 calamitas
1305 2013 1423 2067 eius
1453 2016 1616 2070 citius
1644 1994 1933 2072 manifesta
1966 2018 2104 2074 facta

529 2096 634 2179 est.
681 2089 816 2149 Nam
867 2099 1086 2166 accidit,
1148 2111 1209 2157 ut
1267 2106 1509 2176 hospites
1564 2111 1785 2179 quidam
1843 2112 2105 2170 fratribus

533 2177 744 2237 fructus
778 2188 1018 2245 aestivos
1048 2191 1324 2250 all'errent.
1357 2177 1599 2263 Quorum
1635 2203 1971 2272 manipulum
2003 2203 2106 2258 do-

531 2271 713 2328 minus
759 2274 1026 2336 Macarius
1075 2285 1361 2356 presbyter
1411 2290 1706 2360 unicuique
1752 2292 1808 2346 in
1853 2293 2104 2347 cellulam

529 2363 711 2429 misit,
757 2369 1070 2442 pariterque
1113 2377 1316 2433 misero
1353 2377 1589 2435 Valenti.
1641 2381 1741 2436 llic
1786 2399 1909 2438 eum
1940 2425 1954 2448 ,
2013 2386 2104 2454 qui

529 2457 804 2524 attulerat,
850 2464 1162 2520 verberavit
1193 2478 1247 2524 et
1287 2475 1621 2527 contumelia
1675 2474 1916 2531 alliciens
1947 2495 1959 2530 :
1988 2476 2104 2545 Die,

528 2545 730 2617 inquit,
787 2551 1075 2612 Macario:
1107 2568 1162 2614 te
1205 2563 1446 2618 deterior
1497 2581 1605 2633 non
1660 2583 1804 2633 sum,
1854 2569 2000 2638 quod
2047 2578 2105 2622 tu

528 2640 662 2695 mihi
707 2660 935 2702 munera
983 2652 1192 2708 mittas.
1222 2653 1407 2721 Quum
1442 2658 1610 2727 igitur
1657 2669 1882 2715 sanctus
1925 2660 2106 2714 Maca-

527 2731 645 2786 rius
673 2751 794 2789 eum
828 2739 1115 2811 deceptum
1147 2760 1271 2802 esse
1302 2751 1675 2820 cognovisset.
1723 2753 1857 2806 abiit
1886 2753 1952 2807 ad
1981 2768 2106 2808 eum

526 2823 948 2894 cohortandum,
977 2841 1032 2887 et
1059 2852 1072 2888 :
1104 2833 1302 2894 Valens
1336 2839 1528 2908 lrater,
1555 2843 1753 2912 inquit,
1787 2845 1984 2900 illusus
2009 2861 2105 2910 cs;

525 2915 716 2972 desine
745 2931 798 2974 et
829 2922 1127 2994 deprecare
1152 2929 1354 2986 Deum!
1395 2933 1500 2999 Qui
1528 2935 1957 2990 admonitionem
1988 2938 2107 2991 eius

527 3022 638 3062 non
664 3013 890 3079 audivit,
926 3019 1020 3072 sed
1049 3021 1372 3078 inobculicns
1395 3026 1688 3079 obloculus
1717 3035 1820 3080 est.
1849 3026 2109 3083 Diabolus

527 3099 698 3171 igitur
747 3121 916 3175 quum
964 3126 1304 3181 compertum
1350 3117 1603 3183 haberet,
1655 3119 1946 3171 maximam
2003 3119 2108 3172 sibi

529 3193 690 3250 ﬁdem
729 3213 856 3253 eum
895 3200 1178 3268 habuisse,
1216 3205 1442 3275 ﬁgurant
1479 3209 1782 3264 Salvatoris
1823 3210 2022 3274 induit,
2057 3220 2110 3264 et
2137 3223 2179 3280 ς,

529 3294 699 3339 noctu
741 3289 809 3345 ad
847 3305 972 3344 eum
1025 3293 1080 3346 in
1119 3294 1503 3363 phantasmate
1536 3314 1660 3352 cum
1700 3300 1845 3354 mille
1885 3299 2108 3354 daemo-

529 3376 693 3433 nibus
719 3378 1000 3450 lampadas
1034 3382 1336 3440 ferentibus
1369 3389 1545 3453 venit,
1579 3400 1868 3459 rotamque
1898 3391 2111 3459 igneam

530 3471 794 3538 ostendit,
833 3475 887 3527 in
928 3491 1036 3545 qua
1083 3479 1258 3534 media
1293 3479 1596 3538 Salvatoris
1633 3483 1861 3554 ﬁguram
1894 3484 2117 3538 sinmla-

528 3561 632 3616 vit.
681 3562 834 3620 Unus
873 3578 1053 3623 autem
1099 3572 1279 3626 accito
1312 3593 1325 3627 :
1362 3573 1561 3628 Dilexit
1598 3584 1672 3642 te,
1721 3577 1920 3645 inquit,
1955 3576 2117 3630 Chri-

532 3665 652 3712 stus
681 3659 752 3714 ob
767 3660 910 3717 vitae
926 3673 1048 3720 tuae
1071 3664 1444 3736 integritatem
1477 3668 1904 3739 institutumque
1935 3676 2110 3736 tuum,

528 3753 587 3801 et
615 3749 836 3805 advenit
875 3762 935 3808 ut
977 3763 1028 3809 te
1060 3755 1276 3824 videat;
1323 3761 1587 3830 egredere
1625 3776 1656 3816 e
1687 3762 1825 3816 cella
1854 3775 2110 3830 eumque,

530 3838 579 3894 si
633 3845 827 3911 procul
891 3852 1128 3902 stantem
1191 3850 1428 3918 videris,
1486 3852 1855 3921 procumbens
1921 3852 2110 3906 adora.

535 3931 802 4003 Egressus
842 3937 1014 4008 igitur
1047 3955 1078 3994 e
1125 3942 1262 3995 cella
1303 3943 1624 3997 comitatum
1658 3945 1795 3998 vidit
1829 3944 2112 4013 lampadas

532 4022 825 4081 ferentium
865 4038 918 4083 et
949 4032 1127 4100 spatio
1155 4031 1270 4086 fere
1300 4034 1465 4088 stadii
1494 4035 1917 4101 Antichristum,
1948 4051 2111 4105 quem

536 4121 904 4187 procumbens
935 4122 1206 4176 adoravit.
1244 4123 1411 4178 Miser
1447 4136 1628 4180 autem
1669 4136 1953 4196 tantopere
1981 4129 2114 4182 sub-

533 4219 692 4267 actus
721 4222 776 4268 et
803 4213 1068 4284 deceptae
1103 4218 1304 4272 mentis
1343 4218 1463 4281 fuit,
1508 4227 1567 4271 ut
1611 4219 1698 4273 die
1743 4220 2115 4289 subsequente

532 4307 749 4363 veniret
791 4308 848 4363 in
891 4311 1184 4366 ecclesiam
1226 4321 1280 4367 et
1321 4328 1508 4368 coram
1561 4312 1824 4367 omnibus
1857 4311 2108 4366 diceret:

533 4399 665 4454 Mihi
711 4405 1104 4460 communione
1146 4421 1284 4476 apus
1329 4422 1439 4461 non
1479 4417 1598 4471 est;
1648 4405 1926 4461 Christum
1967 4405 2113 4458 enim

535 4493 649 4548 vidi
679 4495 867 4549 hodie.
912 4494 1069 4551 Tunc
1118 4507 1304 4568 patres
1350 4499 1809 4568 comprehensum
1860 4512 1984 4550 eum
2017 4511 2114 4565 per

1346 401 1447 459 SS.
1487 403 1948 466 MACARIORUM
2016 408 2338 470 AEGYPTII
2391 415 2478 470 ET
2519 415 2986 472 ALEXANDBINI

3720 420 3818 473 204

2978 534 3011 587 5

2729 671 2868 739 Περὶ
2893 671 3252 737 Οὐάλεντος.

2277 823 2491 895 Οὐάλης
2515 842 2598 888 τις
2630 838 2690 879 το
2722 843 2878 894 γενος
2920 827 3279 890 Παλαιστινὺς
3328 828 3440 895 τὴν
3483 825 3700 897 ἔρημον
3730 843 3818 881 κα-

2205 914 2455 967 ταλαϐὼν
2505 915 2686 986 ᾧκησε
2737 919 2855 989 μεθ’
2909 920 3066 990 ἡμῶν
3119 922 3212 973 ἐπὶ
3264 919 3543 972 πλεῖστον
3605 917 3808 988 χρόνον.

2207 1005 2354 1068 ὅστις
2385 1008 2593 1080 μεγάλῃ
2630 1009 2779 1078 βιοὺς
2801 1011 2846 1042 ⁸⁸
2879 1011 3274 1083 σκληραγωγία
3317 1011 3387 1063 τὸ
3421 1010 3604 1079 ἄκρον
3629 1010 3675 1040 ⁸⁷
3719 1012 3814 1079 τῆς

2206 1096 2493 1166 ἀσκήσεως
2515 1101 2864 1171 κατορθώσας
2894 1103 2960 1168 ’⁸,
3015 1106 3072 1156 ἐν
3126 1105 3300 1172 οἰήσει
3341 1101 3446 1156 καὶ
3498 1101 3664 1171 τύφῳ
3717 1101 3816 1154 ὑπὸ

2206 1187 2460 1259 δαίμονος
2487 1191 2826 1261 χλευασθείς,
2857 1196 2950 1249 καὶ
2996 1196 3100 1249 ὑπὸ
3136 1193 3231 1249 τοῦ
3265 1195 3534 1248 τοιούτου
3568 1194 3812 1264 ὀλεθρίου

2208 1285 2414 1347 πάθους
2439 1285 2580 1338 κατὰ
2612 1287 2807 1358 μικρὸν
2830 1287 3208 1358 ἀπατώμενος,
3237 1287 3341 1358 τὴν
3364 1286 3625 1339 διάνοιαν
3653 1284 3813 1338 αὑτοῦ

2210 1377 2588 1447 παρεσκεύασε
2644 1380 3150 1451 μεγαλοφρονῆσαι,
3209 1379 3284 1441 ὡς
3344 1378 3615 1446 ἀγγέλων
3668 1377 3813 1446 αὐτῷ

2211 1469 2679 1538 συντυγχανόντων
2704 1471 2885 1525 καὶτὰ
2911 1471 3045 1542 πρὸς
3068 1471 3305 1540 ἑκάστην
3334 1469 3634 1522 διακονίαν
3671 1466 3813 1537 αύτῷ

2209 1561 2656 1630 εύτρεπιζόντων.
2702 1563 2797 1616 καί
2854 1581 2984 1616 ποτε
3045 1562 3280 1634 σπυρίδα
3339 1561 3662 1632 ράπτοντος
3711 1559 3807 1612 αῦ-

2206 1652 2300 1706 τοῦ
2325 1653 2391 1719 ",
2412 1653 2488 1716 ὡς
2507 1655 2788 1724 διηγοῦντο
2809 1657 2858 1708 οἱ
2881 1655 3069 1709 τούτου
3095 1653 3373 1724 συνήθεις,
3399 1652 3491 1704 ὅτι
3516 1652 3577 1703 ἐν
3603 1650 3808 1719 ἐσπέρει

2211 1743 2434 1814 βαθείας
2468 1746 2685 1808 σκοτίας
2715 1744 2883 1817 οῦσης
2919 1747 3019 1815 τῆς
3071 1744 3293 1815 βελόνης
3350 1739 3715 1808 ἐκπεσούσης
3743 1739 3803 1800 ³⁸,

2211 1832 2267 1884 ἐν
2306 1825 2870 1907 ᾕκατέρῤαπτ[ασ]εν,
2889 1833 2982 1886 καὶ
3008 1832 3084 1907 μὴ
3110 1832 3477 1904 εὑρίσκοντος
3533 1829 3711 1898 αὐτὴν
3743 1827 3804 1885 ³³.

2209 1922 2466 1993 λαμπάδα
2511 1922 2659 1994 αύτῴ
2687 1925 2714 1976 6
2743 1923 2953 1994 δαίμων
3001 1923 3326 1994 πεποίηκεν,
3373 1919 3456 1984 ὡς
3490 1921 3592 1974 καὶ
3631 1919 3804 1989 εύρείν

2205 2009 2303 2081 τὴν
2331 2011 2570 2081 βελόνην,
2602 2012 2695 2064 καὶ
2729 2013 2820 2065 ἐπὶ
2855 2012 3030 2082 τούτῳ
3061 2012 3223 2066 πάλιν
3248 2009 3293 2041 ³’
3339 2010 3503 2078 ὖγκῳ
3537 2006 3683 2076 κενῷ
3713 2023 3806 2074 φν-

2209 2100 2435 2170 σηθῆναι
2455 2102 2543 2155 τὸν
2569 2102 2769 2156 ἄθλιον.
2802 2105 2920 2156 κατ’
2949 2104 3259 2174 οἰκονομίαν
3290 2101 3353 2153 δὲ
3383 2098 3485 2152 τοῦ
3519 2098 3657 2151 Θεοῦ
3683 2097 3803 2150 θᾶτ-

2205 2208 2295 2244 τον
2321 2195 2387 2263 τῇ
2416 2192 2733 2266 ἀδελφότητι
2763 2197 2795 2264 ἡ
2826 2195 3016 2246 τούτου
3053 2194 3224 2264 βλάϐη
3249 2191 3569 2262 κατάδηλος
3594 2189 3799 2258 γέγονε.

2209 2284 2405 2352 συνέϐη
2452 2283 2636 2348 ξένους
2681 2286 2833 2350 τινας
2879 2284 3100 2357 ὀπώρας
3153 2287 3405 2354 ἐνεγκεῖν
3453 2286 3523 2353 τῇ
3579 2279 3796 2348 ἀδελφά·

2205 2375 2415 2442 τητι³³.
2451 2378 2480 2428 ό
2534 2377 2592 2429 δὲ
2629 2379 2814 2449 κύριος
2862 2379 3148 2449 Μακάριος
3193 2380 3222 2430 6
3266 2375 3656 2447 πρεσϐύτερος
3705 2373 3799 2424 ἀπο

2207 2465 2414 2518 ἐστειλε
2449 2468 2584 2538 πρὸς
2613 2468 2791 2539 δράκα
2808 2469 3022 2539 ἑκάστῳ
3043 2470 3122 2532 είς
3141 2468 3209 2521 τὰ
3229 2467 3452 2530 κελλία,
3484 2466 3688 2538 ὁμοίως
3711 2463 3796 2516 καὶ

2206 2558 2382 2635 τούτῳ
2408 2559 2484 2629 τῷ
2525 2559 2693 2630 ἀθλίῳ
2716 2561 2898 2633 Οὐάλῃ
2924 2561 2990 2614 ³δ.
3029 2563 3056 2615 6
3095 2562 3152 2615 δέ
3175 2561 3267 2614 τὸν
3297 2561 3620 2631 κομίσαντα
3644 2557 3794 2624 ἔτυψε

2207 2653 2300 2704 καὶ
2341 2651 2525 2723 ὕϐρισε
2551 2653 2593 2684 ³³
2626 2654 2818 2721 λέγων’
2857 2655 2977 2706 είπέ
3008 2653 3085 2725 τῷ
3115 2655 3161 2686 ³⁸
3207 2654 3529 2725 Μακαρίῳ,
3561 2652 3660 2705 οὐκ
3690 2645 3794 2718 είμί

2210 2757 2303 2794 σου
2345 2742 2541 2812 χείρων
2567 2743 2632 2807 ³⁷,
2669 2743 2755 2795 ἵνα
2798 2743 2861 2796 σύ
2906 2761 2994 2813 μοι
3034 2743 3283 2813 εὐλογίαν
3316 2744 3365 2775 ³⁸
3414 2743 3665 2812 πέμπῃς.
3709 2738 3792 2792 καὶ

2209 2835 2368 2902 γνοὺς
2417 2835 2446 2885 ό
2495 2833 2648 2902 ἅγιος
2691 2835 2972 2905 Μακάριος
3018 2835 3117 2906 τὴν
3165 2835 3384 2906 πλάνην
3439 2833 3647 2895 αὑτοῦ,
3684 2829 3792 2900 μεθ’

2210 2925 2420 2996 ἡμέρας
2447 2925 2502 2999 ³⁹⁸
2549 2926 2754 2996 ἀπῆλθε
2819 2911 3195 2997 παρακαλέσαι
3243 2928 3440 2986 αὐτόν,
3517 2926 3613 2980 καὶ
3656 2923 3790 2990 λέγει

2210 3017 2358 3086 αύτῷ
2383 3033 2396 3044 ·
2428 3018 2623 3088 ἀδελφὲ
2656 3019 2835 3090 Οὑάλη
2858 3059 2872 3083 ,
2913 3020 3240 3091 ἐνεπαίχθης
3264 3037 3278 3050 ·
3313 3020 3532 3072 παῦσαι
3566 3018 3658 3070 καὶ
3684 3016 3792 3085 δεή-

2212 3107 2334 3177 θητι
2387 3109 2480 3162 τοῦ
2530 3111 2687 3166 Θεοῦ.
2717 3115 2746 3166 6
2791 3113 2847 3166 δὲ
2895 3117 2955 3167 ού
2989 3115 3292 3186 προσέσχεν
3349 3118 3421 3187 τῇ
3461 3114 3788 3185 παραινέσει,

2212 3199 2452 3253 ἀπειθῶν
2482 3204 2576 3255 καὶ
2608 3205 2926 3273 ἀντιλέγων.
2963 3207 3412 3278 πληροφορηθεὶς
3451 3203 3546 3260 οὖν
3569 3209 3596 3259 6
3627 3202 3789 3257 διάϐο-

2213 3291 2323 3355 λος,
2363 3292 2444 3345 δτι
2478 3296 2557 3358 είς
2586 3296 2752 3368 ἄκρον
2780 3298 2925 3367 αύτῷ
2955 3298 3220 3364 πείθεται,
3250 3298 3590 3371 σχηματίζει
3615 3292 3789 3348 ἐαυτὸν

2213 3385 2293 3446 εἰς
2325 3387 2370 3416 ⁵⁸)
2398 3386 2489 3439 τὸν
2524 3389 2778 3460 Σωτῆρα,
2814 3392 2910 3443 καί
2950 3391 3314 3461 παραγίνεται
3355 3392 3496 3462 πρὸς
3519 3390 3682 3444 αὑτὸν
3709 3404 3790 3439 νυ⁶

2213 3478 2342 3540 κτὸς
2375 3479 2433 3530 ἐν
2477 3481 2749 3552 φαντασίᾳ
2794 3483 2932 3553 μετὰ
2979 3485 3249 3554 δαιμόνων
3285 3485 3485 3555 χιλίων
3520 3479 3790 3552 λαμπαδη-

2215 3570 2394 3642 φόρων
2423 3572 2492 3636 “,
2519 3573 2778 3628 δεικνύων
2806 3578 2998 3647 τροχὸν
3030 3577 3278 3648 πύρινον,
3310 3579 3412 3632 καὶ
3438 3578 3499 3630 ἐν
3533 3575 3680 3646 μέσῳ
3706 3569 3787 3623 τὸν

2213 3663 2443 3735 Σωτῆρα
2473 3665 2844 3736 σχηματίζων,
2871 3670 2962 3721 καί
2984 3669 3080 3723 ἕνα
3105 3669 3601 3740 προσλαμϐάνοντα
3631 3667 3671 3695 δ’
3705 3661 3785 3715 καὶ

2212 3756 2440 3826 λέγοντα
2477 3758 2626 3829 αύτῷ
2651 3775 2666 3792 ⁸
2711 3760 2923 3832 ἡρὰσθη
2961 3777 3053 3814 σου
3099 3763 3127 3814 6
3171 3761 3410 3831 Χριστὸς
3444 3763 3512 3830 τῇ
3550 3756 3642 3810 τοῦ
3681 3754 3784 3824 βίον

2213 3849 2544 3921 καθαρότητι
2583 3851 2677 3903 καὶ⁵
2718 3852 2965 3923 πολιτείᾳ
3000 3871 3117 3916 σου,
3161 3854 3258 3905 καὶ
3297 3852 3637 3924 παρεγένετο
3662 3844 3782 3915 πρὸς

2216 3936 2278 3991 σὲ
2306 3940 2400 3993 τοῦ
2433 3941 2558 3994 ἰδεῖν
2603 3960 2683 3996 σε.
2729 3943 2908 4008 ἔξελθε
2951 3944 3051 4013 τῆς
3090 3943 3286 4015 κέλλης
3340 3961 3459 4008 σου,
3496 3943 3589 3995 καὶ
3613 3935 3782 3990 τοῦτον
3820 3973 3825 3976 .

2214 4033 2496 4104 πόῤῥωθεν
2543 4035 2752 4088 ἑστῶτα
2803 4035 2925 4088 ἰδὼν
2967 4036 3145 4105 κύψας
3195 4037 3602 4106 προσκύνησον.
3649 4032 3676 4082 ὁ
3730 4025 3779 4077 δὲ

2213 4125 2448 4191 ἐξελθὼν
2494 4121 2601 4179 εἶδε
2653 4126 2954 4197 παράταξιν
2995 4127 3444 4198 λαμπαδηφόρων
3485 4125 3553 4187 ⁵³,
3600 4116 3779 4174 καὶὼς

2214 4215 2322 4270 ἀπὸ
2349 4217 2561 4268 σταδίου
2591 4215 2684 4269 τὸν
2717 4217 3080 4288 άντίχριστον,
3110 4218 3204 4270 καὶ
3237 4216 3420 4270 πεσὼν
3453 4208 3776 4284 προσεκύνη-

2217 4326 2328 4362 σεν.
2382 4309 2473 4362 ἐπὶ
2529 4308 2782 4362 τοσοῦτον
2840 4310 2896 4362 δὲ
2941 4309 3416 4380 ἐφρενοϐλάϐησεν
3465 4303 3778 4376 αἰχμαλωτι-

2216 4401 2364 4466 σθεὶς
2401 4403 2430 4453 ὁ
2459 4400 2641 4465 ἄθλιος
2662 4442 2677 4465 ,
2705 4401 2783 4465 ὡς
2820 4402 2939 4472 μεθ’
2966 4403 3178 4473 ἡμέραν
3205 4402 3435 4455 ἐλθόντα
3465 4401 3545 4462 είς
3575 4396 3669 4462 τὴν
3697 4393 3777 4441 ὲκ·

2216 4493 2445 4565 κλησίαν
2494 4495 2587 4548 ἐπὶ
2620 4493 2835 4547 πάντων
2872 4497 3077 4547 εἰπεῖν·
3114 4494 3228 4562 ἐγὼ
3273 4492 3560 4553 κοινωνίας
3604 4482 3776 4558 χρείαν

536 4595 752 4656 tempus
783 4588 1006 4657 aliquod
1039 4589 1184 4644 ferro
1208 4590 1806 4662 vinxerunt.269(lui
1832 4589 2110 4644 continuis

2213 4587 2313 4639 οὐκ
2356 4586 2502 4656 ἔχω·
2546 4587 2636 4640 τὸν
2681 4587 2914 4658 Χριστὸν
2957 4587 3065 4658 γὰρ
3105 4586 3327 4658 ἑώρακα
3369 4588 3624 4655 σήμερον.
3668 4574 3773 4626 τότε

532 4678 736 4734 deinde
771 4681 1031 4760 precibus
1059 4697 1158 4751 pro
1189 4697 1254 4737 eo
1283 4685 1443 4738 factis
1475 4697 1531 4738 et
1558 4683 1880 4737 multimoda
1913 4683 2112 4752 despe-

533 4773 717 4826 ctione
737 4772 960 4843 vitaque
995 4776 1305 4829 austeriore
1334 4791 1528 4828 vanam
1554 4776 1865 4845 opinionem
1892 4775 2113 4829 ademe-

534 4875 684 4928 runt,
714 4865 788 4919 ita
828 4873 887 4919 ut
929 4877 1245 4922 sanaretur.
1283 4868 1596 4922 Contrariis
1639 4870 1788 4922 enim
1831 4866 2112 4921 contraria

535 4961 871 5014 conveniunt
900 4960 1318 5015 medicamenta.

2219 4679 2476 4742 λαϐόντες
2506 4681 2670 4732 αὑτὸν
2713 4682 2763 4732 οἱ
2793 4678 3026 4748 πατέρες
3067 4681 3113 4710 ⁸⁵
3161 4678 3422 4748 δεσμοῦσι
3460 4674 3654 4743 σιδήρῳ
3694 4664 3776 4717 ἐπὶ

2221 4770 2317 4823 ἕνα
2343 4774 2553 4841 χρόνον,
2585 4770 2681 4823 καὶ
2717 4769 2965 4839 συνεχέσι
2993 4773 3113 4833 ταῖς
3140 4771 3279 4840 ὑπὲρ
3307 4766 3472 4822 αὐτοῦ
3495 4762 3672 4832 εὐχαῖς
3693 4771 3774 4808 και

2222 4864 2438 4934 ποικίλῃ
2457 4864 2721 4934 ἀδιαφορὴ
2730 4880 2810 4915 σει
2833 4864 2902 4894 ⁸⁸·
2919 4864 3012 4916 καὶ
3034 4859 3394 4934 ἅπραγοτέρῳ
3429 4859 3529 4930 βίῳ
3547 4856 3604 4908 τὸ
3624 4852 3776 4918 οἴημα

2218 4956 2380 5009 αὐτοῦ
2410 4956 2729 5019 καθελόντες
2771 4956 3223 5027 ἀπεθεράπευσαν
3249 4957 3315 5008 ⁸⁸.
3347 4956 3458 5015 τοῖς
3505 4949 3609 5018 γὰρ
3637 4946 3772 4995 ὲναν·

533 5052 670 5114 τίοις
701 5052 770 5104 τὰ
801 5052 1020 5106 ἐναντία
1072 5053 1298 5123 ἰάματα.
1332 5052 1629 5119 ἀναγκαῖον
1665 5045 1760 5102 οὖν
1794 5049 2095 5119 ἡγησάμην
2143 5050 2236 5101 καλ⁸
2265 5049 2392 5109 τοὺς
2426 5049 2534 5100 τῶν
2572 5049 2938 5119 ἠπατημένων
2984 5049 3134 5118 βίους
3169 5047 3400 5101 ἐνθεῖναι
3461 5041 3538 5139 τῷ
3603 5033 3772 5139 ﬁt???

534 5141 673 5210 πρὸς
704 5143 1002 5210 ἀσφάλειαν
1032 5147 1140 5198 τῶν
1174 5145 1272 5215 μὲν
1304 5142 1757 5213 ἐντυγχανόντων,
1789 5142 1871 5194 ὃτι
1909 5142 2003 5193 καὶ
2031 5140 2226 5211 ἀρεταὶ
2267 5140 2524 5203 ὑπόθεσις
2551 5141 2792 5209 γίνονται
2821 5140 3085 5204 πτώσεως
3131 5143 3241 5204 τοῖς
3266 5137 3587 5207 ἀδιακρίτως
3617 5125 3768 5184 αυτάς

541 5235 989 5307 μετερχομένοις.

1810 5435 2070 5492 VARIAE
2107 5434 2408 5493 LECTION
2413 5437 2516 5494 ES.

606 5609 654 5639 ¹⁶
685 5608 864 5675 βιοὺς
891 5623 999 5661 om.
1032 5606 1094 5659 Β.

1191 5607 1237 5679 ’_"
1273 5607 1318 5659 A
1351 5609 1443 5660 τὸν
1482 5609 1650 5679 ἄκρον
1684 5609 1848 5672 βίον.

538 5677 585 5711 ³⁸
623 5680 666 5731 Α
690 5680 1023 5744 πεσοῦσας.

1942 5609 1986 5640 ³⁸
2021 5610 2062 5660 Β
2091 5609 2489 5677 κατωρθωκώς.

1125 5677 1166 5708 at
1197 5676 1304 5749 pro
1337 5676 1728 5746 εὑρίσκοντος
1759 5679 1954 5745 αὐτὴν·
1983 5680 2026 5731 Β
2048 5676 2499 5749 εὑρισκομένης-

2589 5610 2634 5640 ”
2670 5607 2778 5663 Pro
2801 5607 3138 5678 ράπτοντος
3181 5603 3453 5678 αὑτοῦ-Β

2575 5679 2620 5710 ³⁸
2657 5680 2756 5731 ἐπὶ
2790 5663 2978 5744 ξούτῳ
3017 5663 3204 5733 πάλιν
3240 5695 3348 5731 om.
3374 5675 3431 5726 Β.
3477 5663 3547 5744 3'
3582 5663 3618 5712 Β
3647 5667 3755 5744 ἱείς

537 5727 834 5821 ᾀδέἷιᾷὀῗέ
852 5727 1208 5821 natea-2'
1225 5727 1360 5821 WB:
1371 5727 1720 5821 suis;
1746 5727 1864 5802 δῖῖξ
1881 5727 2471 5821 ’ὅδρῖσζῗιᾶίὲἷῦψέἶ
2489 5727 2498 5730 “
2532 5749 2579 5781 ³⁸
2616 5727 2973 5821 τῷἘηῖΪᾉζτ
3007 5727 3053 5782 έί
3065 5727 3180 5803 Ἱξῖ
3197 5727 3365 5808 casa;
3396 5746 3450 5821 At
3463 5727 3747 5821 R4491“;

540 5818 588 5850 ³³
623 5821 664 5872 Β
693 5820 992 5887 εὐλογίας.
1069 5818 1114 5849 ³⁹
1153 5818 1194 5869 Β
1226 5818 1353 5886 μεθ’
1383 5818 1631 5885 ἡμέραν.
1708 5818 1754 5851 ⁵ο
1793 5821 1832 5871 Β
1855 5821 1953 5884 ὡς,

2031 5820 2077 5850 ⁸⁸
2107 5820 2197 5893 ΑΒ
2221 5820 2704 5893 λαμπαδιφόρων.
2781 5819 2826 5851 ⁸⁸
2855 5819 2899 5873 Β
2923 5822 3360 5893 προσλαϐόντα.

3436 5809 3481 5838 ιι
3505 5800 3586 5862 ΑΒ
3614 5800 3755 5868 ,ιαμ-ἡ

538 5890 912 5961 παδεφόρων.
987 5889 1033 5922 δ”
1073 5889 1113 5940 Β
1148 5891 1196 5942 οἱ
1223 5888 1374 5957 ἅγιοι
1409 5888 1658 5958 πατέρες.
1727 5890 1792 5925 δῖ’
1822 5891 1861 5944 Β
1886 5891 2223 5961 ἀδιαφορίᾳ.
2281 5888 2348 5972 ,δ’
2373 5889 2866 5982 Βέθερὰπευσαν.
