4016 6454
245 359 367 413 205

1123 479 1158 533 4

913 594 1049 664 Περὶ
1090 595 1365 663 Ἥρωνος.

350 701 555 773 Ἥρων
589 721 689 770 τις
747 709 989 777 γέγονεν
1041 709 1458 779 Ἀλεξανδρεύς,
1511 709 1764 776 γειτνιῶν
1813 727 1922 779 μοι,

277 795 525 861 ἀστεῖος,
559 798 894 873 νεώτερος,
926 802 1134 872 εὐφυὴς
1165 803 1263 872 τὴν
1281 803 1542 866 διάνοιαν,
1570 802 1807 872 καθαρὸς
1835 802 1924 854 τὸν

287 887 422 957 βίον,
452 887 589 940 καθ’
627 891 970 964 ὑπερϐολὴν
994 893 1185 956 λεπτὸς
1216 895 1282 963 τῇ
1320 895 1520 966 ἀρίστῃ
1553 893 1816 963 πολιτεία,
1850 893 1926 957 ὼς

299 979 526 1043 πολλοὺς
567 982 704 1025 “-"
740 985 862 1037 τῶν
887 985 1127 1054 συνήθων
1149 985 1312 1038 αὐτοῦ
1339 986 1537 1053 λέγειν,
1561 987 1641 1038 ὅτι
1669 986 1925 1049 πολλάκις

310 1071 394 1124 διὰ
419 1072 594 1142 τριῶν
631 1077 840 1146 μηνῶν
865 1077 1050 1147 ἤσθιεν
1071 1077 1137 1141 ⁸⁸,
1181 1077 1316 1148 μόνῃ
1343 1079 1408 1147 τῇ
1446 1078 1704 1145 κοινωνίᾳ
1722 1077 1924 1148 ἀρκού-

315 1180 463 1233 μενος
504 1165 612 1218 καὶ
645 1166 708 1218 εἴ
743 1185 850 1220 που
886 1168 1231 1239 παραφανείη
1279 1167 1690 1240 ἀγριολάχανον.
1731 1171 1924 1238 πεῖραν

311 1256 364 1307 δὲ
393 1256 588 1308 τούτου
619 1257 798 1329 ἔσχον
827 1260 983 1329 κάγὼ
1012 1262 1107 1314 σὺν
1139 1259 1217 1331 τῷ
1252 1261 1531 1332 μακαρίτῃ
1577 1260 1806 1332 Ἀλϐίνῳ
1830 1261 1924 1312 ἐπὶ

311 1344 409 1416 τὴν
438 1346 659 1415 Σκῆτιν
685 1349 906 1401 ἀπιόντι
934 1350 1244 1418 ἀπέχουσαν
1266 1351 1359 1417 ἀφ’
1406 1352 1438 1421 ή
1449 1351 1565 1419 μῶν
1587 1351 1630 1382 ⁸³
1659 1352 1752 1402 ἐπὶ
1796 1350 1848 1421 μ’
1878 1351 1925 1382 ⁸⁰

313 1438 591 1506 σημείοις.
643 1441 746 1492 καὶ
794 1442 850 1493 ἐν
899 1441 1106 1503 τούτοις
1153 1439 1430 1504 ὁδεύοντες
1479 1443 1637 1512 ἡμεῖς
1674 1441 1924 1513 δεύτερον

312 1529 604 1600 ἐφάγομεν
636 1533 740 1584 καὶ
761 1531 947 1602 τρίτον
976 1533 1021 1562 ⁵¹
1047 1533 1294 1603 ἐπίομεν,
1319 1534 1525 1596 ἐκεῖνος
1547 1533 1604 1586 δὲ
1637 1533 1763 1604 μηδ’
1787 1534 1923 1597 ὅλως

311 1624 674 1692 γευσάμενος
721 1623 966 1688 πεζεύων
1015 1625 1060 1657 δ’
1114 1623 1478 1695 ἀπεστήθιζεν
1536 1625 1785 1695 ψαλμοὺς
1834 1625 1923 1678 τὸν

318 1713 496 1784 μέγαν
523 1716 628 1767 καὶ
667 1716 858 1778 ἄλλους
888 1715 967 1778 ιε’,
997 1717 1094 1784 τὴν
1136 1716 1272 1786 πρὸς
1320 1716 1602 1786 Ἐϐραίους
1633 1717 1920 1787 ἐπιστολὴν

316 1806 415 1858 καὶ
445 1806 716 1870 Ἡσαΐαν,
749 1808 840 1860 καὶ
873 1807 1038 1878 μέρος
1075 1808 1338 1877 Ἰερεμίου
1370 1809 1465 1860 τοῦ
1497 1811 1798 1879 προφήτου,
1829 1812 1922 1863 καὶ
1957 1825 1996 1878 Β

317 1901 548 1952 Λουκᾶν
581 1900 680 1951 τὸν
718 1900 1144 1969 Εὑαγγελιστὴν,
1188 1900 1284 1952 καὶ
1327 1900 1424 1964 τὰς
1458 1901 1802 1971 Παροιμίας,
1832 1903 1925 1955 καὶ

318 1991 516 2043 τοῦτον
573 1990 902 2044 καταλαϐεῖν
971 1993 1071 2045 οὐκ
1114 1992 1462 2061 ἠδυνήθημεν
1518 1992 1819 2060 βαδίζοντα.
1868 1995 1926 2057 ὃς

322 2083 422 2134 καὶ
457 2083 633 2145 αὐτὸς
689 2084 826 2152 μετὰ
869 2084 1063 2147 πόνους
1112 2083 1383 2154 μεγάλους
1414 2084 1506 2136 καὶ
1537 2085 1766 2156 ἱδρῶτας
1799 2104 1922 2154 γεν-

323 2173 515 2236 ναίους
543 2174 628 2244 τῷ
656 2175 810 2245 τύφῳ
838 2176 936 2245 τῆς
954 2176 1212 2238 ἀπονοίας
1237 2176 1425 2245 ἀρθεὶς
1447 2179 1526 2239 εὶς
1556 2176 1688 2246 ὕψος
1723 2179 1926 2248 μετέω-

329 2281 441 2336 ρον,
471 2265 738 2318 κάκεῖθεν
773 2267 1001 2319 ἐλεεινὸν
1031 2268 1164 2320 πᾶσι
1206 2268 1405 2336 πτῶμα
1429 2269 1803 2340 κατενεχθεὶς,
1837 2272 1926 2324 καὶ

336 2355 474 2408 κατά
509 2356 626 2410 τῶν
659 2357 829 2425 ἁγίων
862 2357 1112 2429 πατέρων
1142 2360 1317 2429 οἰήσει
1348 2361 1553 2430 ματαίᾳ
1586 2363 1925 2434 μεγαλοφρο-

341 2449 523 2515 νήσας,
576 2450 790 2512 πάντας
835 2450 1086 2521 ἐξύϐρισε
1138 2452 1343 2521 λέγων·
1395 2455 1475 2506 ὅτι
1521 2456 1569 2506 οἱ
1619 2455 1925 2526 πειθόμενοι

344 2539 490 2608 ὑμῶν
534 2544 606 2610 τῇ
647 2541 960 2613 διδασκαλίᾳ
998 2545 1347 2597 ἀπατῶνται·
1391 2547 1452 2598 οὐ
1487 2545 1591 2617 χρὴ
1627 2546 1735 2617 γὰρ
1779 2547 1927 2600 διδα-

338 2631 561 2694 σκάλοις
588 2633 796 2702 ἑτέροις
828 2635 1058 2705 χρῆσθαι
1084 2636 1123 2666 ⁵·
1150 2638 1420 2707 παρεκτὸς
1442 2639 1534 2690 τοῦ
1565 2639 1798 2709 Χριστοῦ
1832 2642 1926 2708 μό-

333 2739 447 2786 νου,
479 2724 567 2775 ὅτι
600 2725 764 2788 αὐτὸς
787 2727 816 2777 ὁ
844 2727 1032 2798 Σωτὴρ
1048 2723 1221 2781 εἶπεν·
1245 2747 1263 2775 ι
1285 2729 1362 2798 μὴ
1381 2728 1650 2799 καλέσητε
1672 2730 1926 2783 διδάσκα-

331 2813 422 2865 λον
449 2815 552 2865 ἐπὶ
581 2815 683 2882 τῆς
705 2815 826 2884 γῆς.
864 2835 881 2867 ι
917 2814 976 2878 ὃς
999 2816 1090 2868 ἐπὶ
1136 2817 1387 2870 τοσοῦτον
1420 2819 1514 2872 καὶ
1567 2819 1728 2882 αὐτὸς
1779 2821 1927 2872 ἐσκο-

329 2903 489 2974 τίσθη
547 2905 646 2976 τὴν
703 2906 936 2960 διάνοιαν
979 2910 1027 2938 ⁵⁵
1073 2912 1138 2980 τῇ
1197 2909 1473 2980 κενοδοξία
1528 2912 1626 2981 τῆς
1689 2914 1924 2982 οἰήσεως

327 2994 545 3048 ἄνωθεν
583 2995 734 3049 κάτω
766 2997 933 3051 ἐλθών
956 2999 1024 3064 ⁵⁵,
1063 3000 1139 3063 ὡς
1169 3001 1334 3054 αὐτὸν
1364 3001 1499 3072 μηδὲ
1529 3004 1577 3034 ⁵⁸
1601 3006 1714 3067 τοῖς
1763 3004 1925 3068 θείοις

331 3088 666 3157 μυστηρίοις
698 3089 870 3144 θέλειν
916 3093 1334 3164 προσέρχεσθαι.
1383 3094 1690 3149 τελευταῖον
1731 3097 1808 3161 δέ,
1849 3100 1925 3161 ὡς

327 3182 438 3234 ὑπὸ
485 3183 847 3253 σφοδροτάτου
884 3187 1054 3257 π’.)ρὸς
1089 3187 1192 3240 ὑπὸ
1224 3188 1318 3240 τοῦ
1363 3185 1614 3258 δαίμονος
1653 3188 1920 3252 ἐλασθεὶς,

325 3273 606 3343 κατῆλθεν
644 3277 724 3338 είς
763 3275 1170 3348 Ἀλεξάνδρειαν
1203 3279 1430 3351 προνοίᾳ
1467 3283 1568 3349 τῆς
1598 3279 1748 3344 θείας
1780 3283 1924 3334 οίκο-

325 3365 532 3434 νομίας
555 3365 621 3430 ⁵⁷,
651 3366 790 3420 ὥστε
829 3369 944 3440 ἥλῳ
985 3370 1089 3422 τὸν·
1104 3367 1232 3441 ἧλον
1261 3371 1735 3442 ἀποκρούσασθαιο
1767 3392 1924 3446 περι-

329 3457 532 3509 έπεσεν
595 3458 704 3528 γὰρ
768 3460 1140 3532 ἀδιαφορίαις,
1193 3462 1289 3514 καὶ
1329 3462 1642 3534 θεατρικαῖς
1671 3465 1718 3496 ⁸⁸
1759 3469 1923 3518 ίππου

329 3549 610 3620 δρομίαις,
654 3554 746 3605 καὶ
779 3553 1097 3623 καπηλείοις
1127 3556 1226 3618 τὰς
1254 3556 1536 3626 διατριϐὰς
1571 3553 1713 3627 εἶχεν
1738 3558 1802 3610 δ’.
1834 3559 1915 3610 τέο

328 3643 423 3706 λος
453 3641 550 3696 καὶ
575 3645 655 3706 εἰς
673 3646 770 3715 τὴν
797 3645 1091 3716 ἐπιθυμίαν
1121 3647 1220 3717 τῆς
1244 3649 1675 3718 γυναικομανίας
1699 3649 1924 3720 ληφθεὶς

337 3738 452 3800 καὶ,
477 3737 554 3799 ὡς
576 3737 626 3768 ⁸ο
653 3739 946 3792 ἐσκέπτετο
969 3738 1308 3809 άμαρτῆσαι,
1335 3740 1526 3810 μιμάδι
1551 3741 1658 3792 τινὶ
1687 3741 1924 3811 συνεχῶς

343 3827 412 3878 τά
446 3828 576 3895 πῷς
620 3828 681 3880 τὸ
725 3829 878 3892 ἕλκος
927 3830 1091 3884 αὐτοῦ
1129 3830 1399 3898 διελέγετο
1441 3833 1506 3886 ⁶¹.
1559 3833 1652 3884 καὶ
1697 3835 1754 3884 ἐν
1809 3835 1923 3895 τοῖς

342 3916 594 3979 τοιούτοις
613 3918 657 3948 θ’
677 3918 790 3970 ὄντι
817 3919 862 3949 ⁸³
883 3920 1103 3988 γέγονεν
1123 3921 1271 3991 αὖτῷ
1294 3922 1436 3974 κατά
1459 3939 1578 3976 τινα
1611 3924 1922 3994 οἰκονομίαν

338 4007 542 4078 ἄνθραξ
580 4011 723 4063 κατά
767 4012 867 4080 τῆς
901 4012 1151 4082 βαλάνου,
1187 4015 1282 4066 καὶ
1316 4015 1408 4067 ἐπὶ
1441 4014 1500 4079 ἐξ
1529 4015 1703 4085 μῆνας
1736 4015 1924 4068 τοσοῦ-

333 4118 426 4152 τον
452 4102 501 4132 ⁸³
528 4103 802 4173 ἐνόσησεν,
830 4104 905 4167 ὼς
933 4106 1320 4176 κατασαπῆναι
1349 4107 1515 4160 αὑτοῦ
1539 4109 1607 4160 τὰ
1639 4107 1802 4178 μόρια
1830 4110 1922 4161 καὶ

333 4192 661 4260 αὐτομάτως
693 4194 1008 4249 ἀποπεσεῖν.
1056 4195 1282 4267 ὕστερον
1315 4197 1372 4250 δὲ
1427 4197 1656 4266 ὑγιάνας
1705 4199 1799 4252 καὶ
1842 4201 1922 4262 είς

334 4284 690 4354 συναίσθησιν
733 4285 903 4338 ἐλθὼν
931 4287 1229 4358 ἐπανῆλθεν
1265 4289 1394 4342 ἄνευ
1441 4289 1549 4342 τῶν
1586 4289 1766 4359 μελῶν
1795 4290 1920 4342 τού-

331 4392 468 4442 των,
507 4377 599 4430 καὶ
628 4379 706 4440 εἰς
733 4379 949 4449 μνήμην
976 4379 1075 4448 τῆς
1108 4380 1360 4450 οὐρανίου
1397 4381 1671 4445 πολιτείας
1703 4383 1760 4436 ἐν
1791 4381 1920 4452 θείῳ

333 4470 644 4538 φρονήματι
668 4470 922 4538 γεγονώς,
945 4473 1040 4524 καὶ
1061 4471 1597 4544 ἐξομολογησάμενος
1617 4477 1727 4537 τοῖς
1742 4474 1919 4541 ἁγίοις

331 4558 578 4628 πατράσι
613 4559 786 4612 πάντα
841 4560 908 4612 τὰ
976 4562 1359 4632 συμϐεϐηκότα
1423 4563 1590 4633 αὐτῷ,
1621 4562 1917 4633 ἐνεργῆσαι

329 4655 398 4720 τῇ
430 4649 677 4722 πολιτεία
709 4651 783 4721 μὴ
811 4652 1017 4720 φθάσας
1054 4655 1171 4724 μετ’
1197 4655 1385 4724 ὀλίγας
1409 4656 1624 4726 ἡμέρας
1658 4655 1918 4726 κεκοίμη-

330 4761 442 4799 ται.

1952 3158 1994 3216 C

1865 367 2074 432 ACTA;

1950 4507 1994 4561 D

2794 479 2846 534 4.

2647 573 2724 627 De
2764 572 2990 626 Ilerone.

2103 665 2228 720 Fuit
2263 665 2407 721 Hero
2447 665 2670 736 quidam
2719 664 3145 729 Alexandrinus,
3197 663 3331 717 mihi
3371 663 3611 728 vicinus,

2029 757 2295 821 urbanus,
2337 757 2685 820 adolescens,
2730 756 2876 809 bono
2928 756 3172 825 ingenio,
3211 755 3428 824 integra
3474 757 3608 822 vita,

2028 850 2454 904 conversatione
2490 864 2664 917 supra
2695 847 2916 902 modum
2951 848 3140 902 subtili
3171 862 3344 918 eaque
3378 848 3608 917 optima,

2027 942 2104 995 ita
2159 949 2218 994 ut
2274 941 2428 994 multi
2482 956 2512 994 e
2564 940 2937 996 familiaribus
2991 942 3109 996 suis
3165 941 3434 1005 dicerent,
3482 956 3607 995 eum

2028 1048 2190 1102 saepe
2222 1032 2365 1084 intra
2401 1041 2513 1085 tres
2544 1047 2764 1087 menses
2795 1032 2966 1086 semel
2995 1033 3302 1098 comedere,
3334 1033 3452 1086 sola
3477 1049 3608 1087 con—

2027 1133 2236 1180 tentum
2293 1126 2682 1179 communione
2736 1136 2788 1178 et
2844 1125 3023 1180 sicubi
3085 1126 3434 1194 apparuisset
3486 1127 3609 1180 olus

2028 1223 2265 1284 agreste.
2305 1213 2759 1284 Experimentum
2815 1214 2982 1268 huius
3032 1215 3111 1268 rei
3167 1216 3284 1284 ipse
3340 1215 3440 1268 feci
3482 1231 3607 1267 cum

2025 1307 2188 1362 beato
2243 1308 2442 1362 Albino
2485 1307 2722 1361 abeunte
2771 1307 2825 1360 in
2866 1307 3093 1369 Sectitn,
3136 1322 3278 1376 quae
3337 1309 3526 1361 aberat
3579 1323 3610 1360 a

2025 1399 2187 1452 nobis
2231 1397 2348 1453 fere
2378 1398 2745 1469 quadraginta
2791 1399 3142 1453 milliaribus.
3171 1401 3350 1468 Atque
3396 1400 3452 1452 in
3504 1399 3610 1454 hoc

2029 1490 2226 1545 itinere
2283 1506 2385 1545 nos
2438 1491 2527 1546 bis
2583 1490 2928 1545 comedimus
2971 1497 3026 1544 et
3078 1499 3160 1544 ter
3197 1491 3481 1545 bibimus:
3516 1490 3610 1544 ille

2024 1597 2158 1638 vero
2186 1599 2355 1652 qttum
2388 1583 2530 1637 nihil
2568 1598 2798 1653 prorsus
2835 1591 3135 1652 gustasset,
3180 1583 3326 1636 inter
3357 1583 3607 1637 eundum

2025 1675 2348 1729 memoriter
2378 1675 2772 1745 pronuntiabat
2803 1676 3073 1744 psalmum
3101 1690 3358 1745 magnum
3388 1683 3442 1730 et
3472 1675 3609 1730 alios

2025 1766 2360 1835 quindecim,
2382 1768 2667 1838 epistolam
2686 1768 2751 1821 ad
2771 1767 3071 1831 Hebraeos,
3099 1778 3152 1821 et
3175 1767 3387 1833 ISaiam,
3406 1775 3460 1822 et
3486 1783 3610 1838 par-

2027 1869 2130 1913 tem
2153 1859 2412 1914 leremiae
2433 1861 2753 1930 prophetae,
2770 1861 2970 1914 deinde
2990 1858 3193 1914 Lucam
3212 1860 3608 1930 evangelistam

2029 1960 2082 2006 et
2116 1952 2410 2008 Proverbia
2444 1971 2456 2004 :
2489 1969 2666 2023 neque
2690 1969 2814 2007 eum
2842 1962 3158 2022 poteramus
3183 1951 3447 2020 consequi
3477 1967 3608 2021 pro-

2029 2047 2390 2116 gredientem.
2422 2046 2569 2099 Idem
2602 2055 2726 2116 post
2758 2061 2990 2116 magnos
3021 2044 3240 2098 labores
3274 2051 3327 2097 et
3360 2044 3609 2112 praecla-

2029 2156 2120 2196 ros
2163 2141 2400 2195 sudores
2449 2139 2597 2194 fastu
2635 2149 2690 2194 et
2742 2141 2982 2194 stultitia
3031 2141 3086 2193 in
3127 2155 3405 2194 summum
3450 2138 3609 2194 fasti-

2028 2233 2177 2302 gium
2226 2233 2428 2298 elatus,
2471 2243 2524 2286 et
2564 2232 2766 2287 dehinc
2816 2233 3119 2288 miserabili
3171 2232 3431 2286 omnibus
3475 2246 3609 2285 casu

2028 2325 2192 2394 270
2226 2327 2644 2396 praecipitatus,
2675 2329 2838 2381 etiam
2869 2335 3097 2381 sanctos
3127 2335 3310 2396 patres
3340 2339 3480 2378 vana
3522 2325 3610 2379 sui

2027 2417 2288 2486 opinione
2329 2419 2401 2472 ita
2429 2421 2770 2489 contemptui
2806 2420 3020 2484 habuit,
3056 2428 3115 2473 ut
3143 2420 3400 2473 omnibus
3433 2417 3609 2472 insul-

2029 2520 2169 2565 taret
2215 2511 2404 2565 dicens
2439 2531 2452 2566 :
2488 2512 2590 2577 Qui
2627 2519 2822 2582 parcnt
2858 2521 3075 2567 vestrae
3105 2513 3412 2576 doctrinae,
3465 2511 3610 2566 det-i-

2028 2603 2286 2673 piuntur;
2337 2620 2514 2674 neque
2561 2607 2708 2659 enim
2754 2613 2971 2675 oportet
3022 2605 3305 2676 magistris
3355 2606 3478 2659 aliis
3528 2607 3606 2658 uti

2031 2705 2247 2765 praeter
2274 2698 2458 2751 solum
2490 2695 2795 2760 Christum,
2827 2697 2955 2767 quia
2993 2697 3110 2766 ipse
3136 2698 3390 2752 Salvator
3422 2696 3559 2750 dixit
3593 2717 3604 2750 :

2033 2786 2115 2840 Ne
2142 2789 2450 2841 vocaveritis
2476 2788 2792 2857 magistrum
2820 2804 2975 2856 super
3005 2799 3222 2841 terram.
3254 2787 3399 2841 Idem
3428 2797 3611 2843 mente

2029 2887 2317 2949 tantopere
2349 2880 2684 2934 obcaecatus
2717 2891 2801 2935 est
2836 2894 2974 2933 vana
3004 2880 3366 2947 persuasione
3393 2879 3610 2948 opinio-

2028 2974 2138 3034 nis,
2183 2972 2441 3026 deorsum
2473 2988 2739 3042 praeceps
2788 2972 2987 3032 factus,
3041 2980 3099 3024 ut
3143 2971 3314 3025 nollet
3349 2970 3610 3025 accedere

2031 3065 2096 3118 ad
2132 3065 2319 3119 divina
2352 3065 2640 3136 mysteria.
2690 3064 3037 3120 Postremum
3079 3065 3224 3119 sicut
3255 3079 3283 3117 a
3316 3064 3610 3117 vehemen—

2029 3157 2248 3212 tissimo
2294 3157 2417 3228 igne
2469 3173 2498 3212 a
2548 3159 2813 3213 daemone
2863 3158 3126 3228 agitatus,
3175 3157 3328 3211 venit
3371 3157 3610 3210 Alexan-

2027 3250 2201 3304 driam
2245 3250 2434 3306 divino
2489 3251 2727 3320 quodam
2780 3251 3037 3315 consilio,
3093 3259 3144 3304 ut
3190 3251 3347 3304 clavo
3393 3251 3609 3302 clavum

2027 3342 2367 3396 extruderet.
2412 3342 2663 3397 lncidens
2698 3343 2846 3397 enim
2891 3345 2946 3395 in
2987 3341 3391 3397 indifferentem
3425 3357 3608 3394 rerum

2027 3450 2213 3498 usum,
2239 3433 2296 3489 in
2325 3436 2568 3489 scenicis
2595 3435 2994 3505 hippodromis,
3026 3443 3080 3490 et
3111 3435 3166 3488 in
3194 3433 3459 3504 cauponis
3486 3448 3610 3486 ver-

2027 3527 2272 3582 sabatur.
2309 3525 2555 3597 Denique
2600 3535 2654 3583 et
2685 3528 2739 3580 in
2778 3527 3134 3595 cupiditatem
3168 3526 3610 3580 mulieriositatis

2027 3617 2216 3686 lapsus
2248 3633 2418 3685 quum
2454 3617 2816 3672 meditaretur
2843 3632 3093 3685 peccare,
3127 3630 3251 3670 cum
3277 3617 3440 3668 mima
3472 3632 3612 3684 qua-

2025 3710 2146 3762 dam
2180 3711 2402 3764 assidue
2427 3711 2818 3766 conl‘abulatus
2851 3711 2900 3764 ei
2934 3711 3139 3764 vulnus
3171 3725 3332 3764 suum
3367 3710 3605 3779 aperuit.

2027 3801 2208 3870 Atque
2255 3818 2423 3871 quum
2474 3803 2570 3854 tali
2621 3802 3024 3856 consuetudine
3079 3809 3348 3868 uteretur,
3407 3811 3606 3856 enatus

2026 3905 2112 3949 est
2175 3896 2225 3949 ei
2282 3895 2470 3949 divino
2529 3896 2767 3964 quodam
2838 3895 3070 3949 consilio
3121 3895 3497 3949 carbunculus
3551 3895 3607 3948 in

2027 3987 2246 4057 glande,
2276 3995 2330 4042 et
2358 4003 2456 4057 per
2483 4003 2579 4042 sex
2613 4003 2833 4043 menses
2857 3988 2994 4042 adeo
3017 3990 3344 4056 aegrotavit,
3375 3994 3433 4040 ιιι
3461 4001 3609 4041 con;-

2031 4081 2346 4149 putruerint
2396 4081 2514 4136 eius
2565 4080 2742 4132 virilia
2789 4088 2844 4133 ct
2889 4095 2988 4133 sua
3037 4086 3232 4148 sponte
3276 4079 3603 4134 deciderint.

2025 4171 2382 4226 Postmodum
2422 4187 2554 4226 vero
2597 4188 2768 4241 quum
2809 4173 3183 4227 convaluisset
3225 4179 3278 4227 et
3320 4173 3385 4225 ad
3419 4171 3610 4225 melio-

2026 4280 2142 4319 rem
2199 4266 2408 4336 frngem
2465 4280 2524 4319 se
2565 4266 2888 4334 recepisset,
2944 4280 3202 4320 reversus
3256 4272 3343 4320 est
3401 4264 3608 4334 ahsque

2024 4357 2290 4411 membris
2343 4358 2473 4420 illis,
2528 4368 2582 4412 et
2635 4373 2759 4412 cum
2815 4359 2869 4411 in
2925 4359 3246 4412 memoriam
3288 4363 3608 4412 revocasset

2025 4456 2318 4509 coelestem
2347 4456 2851 4519 conversationem,
2895 4464 2955 4509 ut
2985 4471 3046 4510 ea
3076 4455 3309 4509 sentiret
3331 4467 3472 4522 quae
3508 4450 3606 4506 Dei

2029 4558 2180 4612 sunt,
2235 4557 2287 4603 et
2347 4549 2640 4603 confessus
2691 4557 2840 4604 esset
2891 4548 3100 4602 sanctis
3156 4547 3422 4617 patribus.
3465 4559 3606 4614 quae

2027 4639 2345 4693 acciderant
2399 4641 2470 4700 ei,
2533 4640 2598 4692 ad
2652 4655 2792 4708 opus
2850 4638 3290 4693 conversationis
3334 4653 3442 4691 non
3482 4651 3604 4688 am-

2027 4729 2168 4798 plius
2202 4731 2470 4798 pervenit,
2511 4729 2608 4784 sed
2641 4730 2832 4798 paucis
2865 4738 2987 4800 post
3023 4730 3218 4784 diebus
3247 4726 3601 4783 obdormivit.

1611 4928 1865 4984 VARIAE
1903 4929 2332 5000 ‘LECTIONES.

398 5082 522 5122 "-‘7
559 5082 603 5136 Α
637 5085 850 5149 πολύς.
928 5085 974 5116 ⁴⁸
1011 5086 1054 5137 Λ
1096 5083 1136 5136 Β
1163 5086 1386 5141 ἐσθιειν.

335 5152 807 5220 τεσσαράκοντα.
887 5156 929 5186 ⁵¹
971 5157 1172 5223 τρίτον
1196 5171 1306 5208 om.
1331 5156 1394 5209 A.

337 5224 634 5296 thoﬁtm:
656 5223 725 5275 δὲ
763 5225 1090 5296 ἐσκοτίσθη
1117 5229 1224 5278 τὸν
1266 5227 1581 5296 λογισμόν.

1466 5085 1510 5116 ⁸⁸
1551 5083 1841 5157 Ex__coni.,
1874 5087 1920 5138 Α

2029 5087 2216 5156 τεχοὺς
2244 5089 2346 5157 ἀφ’
2377 5089 2619 5157 ἡμῶν,Β
2654 5090 2839 5156 ἁγίων
2869 5089 3180 5155 ἀπεχούσῃ
3228 5087 3390 5154 (sic).

1472 5157 1517 5188 δ’
1557 5155 1816 5216 πεζεύιιγν
1845 5171 1953 5209 om.
1982 5157 2042 5210 B.

3478 5089 3600 5141 non

2123 5159 2169 5189 ⁵³
2207 5159 2249 5209 Β
2277 5158 2640 5226 χρήσασθαι.
2721 5159 2767 5190 εδ
2804 5157 2910 5210 Pro
2941 5157 3008 5222 ὃς
3041 5158 3138 5210 ἐπὶ
3166 5188 3234 5196 -
3267 5157 3536 5212 διάνοιαν
3557 5161 3598 5212 Β

1660 5225 1804 5301 ⁸⁸-τῇ
1837 5243 1924 5279 κεν

2029 5228 2248 5301 96ft}:—
2275 5225 2466 5301 ἐλθώζ
2492 5244 2601 5301 οφ.
2631 5229 2690 5281 Β.
2766 5228 2812 5261 ⁸⁸
2845 5227 3121 5301 Baconii”
3149 5229 3206 5301 _A
3233 5229 3306 5301 ὡς
3339 5229 3596 5301 ὕστερον

332 5294 734 5361 σιδηρωθῆναι
763 5294 865 5347 καὶ
884 5296 1069 5349 αὐτὸν
1090 5296 1266 5363 μηδὲ,
1290 5295 1330 5348 Β
1349 5294 1430 5360 ὡς
1449 5294 1606 5364 μηδὲ
1636 5296 1840 5364 (αὑτὸν
1861 5296 1993 5364 om.)

2094 5297 2139 5368 ⁸7
2153 5295 2272 5368 iPro
2301 5295 3010 5368 κατῆλθέν-οἰκονομίας
3031 5300 3072 5350 Β
3098 5297 3173 5366 τῇ
3193 5300 3320 5368 θείᾳ
3346 5295 3596 5368 προνοίᾳ

325 5364 797 5435 οἰκονομήμενος
819 5364 1122 5436 κατῆλθεν
1145 5369 1233 5431 εἰς
1273 5363 1750 5436 Ἀλεξάνδρειαν.
1815 5367 1863 5436 ⁵9
1890 5363 2074 5436 Corn,
2101 5367 2192 5420 AB
2213 5370 2556 5432 θεατρικοῖς.
2610 5368 2656 5398 ⁸³
2680 5369 2720 5420 Α
2750 5363 2882 5433 εἶχέ
2910 5369 2947 5420 Β
2973 5363 3246 5424 ἐποιεῖτο.
3292 5363 3358 5400 ’⁵ο
3385 5363 3493 5422 οιαὶ
3513 5363 3594 5436 οξ,-

319 5449 432 5492 0m.
465 5433 532 5491 B.
604 5433 648 5469 ⁶¹
678 5433 894 5506 μιμάδι
924 5435 1035 5488 τινί
1066 5465 1135 5482 --
1161 5435 1457 5506 διελέγετο
1485 5433 1596 5494 om.
1627 5438 1688 5491 Β.

1767 5436 1812 5469 ⁶²
1837 5435 1877 5490 Β
1902 5435 1973 5490 ἐν
1997 5439 2251 5501 τούτοις.

2329 5438 2374 5468 ⁸³
2408 5438 2451 5490 Α
2485 5439 2647 5490 ὄντα.
2726 5439 2771 5468 ⁸⁸
2797 5439 2979 5505 Corn,
3008 5442 3051 5495 A
3087 5441 3128 5494 Β
3161 5440 3452 5494 τοιοῦτον.
