4016 6428
512 362 610 416 211

1292 356 1393 415 SS.
1431 346 1893 413 MACARIORUM
1928 356 2247 414 AEGYPTII
2289 357 2375 411 ΕΤ
2418 356 2895 411 ALEXANDRINI

3678 360 3803 414 252

511 475 702 529 multis
733 481 787 528 et
814 473 1034 543 quidem
1084 474 1250 528 variis
1292 489 1522 545 prorsus
1574 474 1753 528 modis
1782 474 2079 543 loquendo,

2188 477 2280 529 xui.
2330 476 2576 544 εὑρέσεις
2627 476 2720 527 xui
2766 474 3037 537 ἀποϐολάς
3088 474 3321 528 θανάτου
3384 476 3442 527 ὲν
3493 476 3801 547 διαφόροις

514 566 794 619 interitum
841 566 1071 629 scilicet,
1121 565 1339 619 inventa
1390 567 1690 635 mortisque
1734 564 2079 633 despectum.

510 656 622 711 Nec
665 672 774 710 non
836 657 1126 711 daemonia
1176 659 1410 726 ejecisse
1449 659 1725 713 ferebatur
1776 658 2081 713 secundum

510 747 645 800 illud
687 748 741 800 in
778 747 1088 816 Evangeliis
1122 768 1135 802 :
1168 748 1334 817 Signa
1369 748 1572 802 facient
1598 757 1653 802 et
1697 749 1965 817 prodigia,
1999 757 2080 812 ut,

510 840 559 892 si
601 838 713 891 fieri
761 840 954 907 possit,
1011 840 1173 893 etiam
1222 840 1382 894 electi
1436 841 1794 895 seducantur.
1849 839 2080 892 Multum

509 928 655 981 enim
692 929 968 996 principes
1018 928 1343 981 daemonum
1390 930 1444 981 in
1493 928 1597 981 hoc
1653 944 1847 997 genere
1897 928 2083 981 valent

509 1020 578 1072 ad
637 1020 725 1072 illa
785 1020 1043 1072 nimirum
1124 1020 1241 1087 ipsa
1318 1020 1622 1083 abolenda;
1673 1036 1801 1072 nam
1848 1020 2081 1073 libenter

509 1112 863 1165 consentiunt
904 1113 959 1166 in
1012 1112 1295 1166 interitum
1342 1112 1673 1165 animarum.
1731 1110 1861 1164 Loci
1911 1112 2081 1181 igitur

508 1206 803 1275 episcopus
838 1222 960 1261 cum
992 1208 1140 1261 clero
1172 1222 1273 1261 suo
1298 1206 1478 1260 virum
1515 1206 1607 1260 Dei
1643 1206 1938 1261 Macariqu
1981 1209 2080 1261 ab-

508 1294 688 1350 batem
720 1298 877 1361 adiit,
905 1314 1015 1367 quo
1041 1313 1253 1351 summa
1281 1314 1406 1351 cum
1442 1301 1747 1353 reverentia
1795 1302 2035 1353 salutato
2064 1320 2076 1353 :

512 1386 570 1440 Si
609 1390 708 1451 vis,
748 1389 948 1457 inquit,
980 1389 1103 1443 veni
1136 1388 1407 1458 nobisque
1456 1405 1745 1443 succurre.
1775 1389 1908 1443 Nam
1954 1391 1998 1445 si
2032 1400 2083 1445 te

507 1480 805 1549 superstite
827 1480 1165 1534 vicinitatem
1197 1490 1443 1533 nostram
1471 1497 1578 1534 non
1608 1497 1927 1551 purgamus,
1964 1500 2082 1537 om-

506 1585 605 1623 nes
647 1570 725 1622 illi
764 1570 1169 1631 adhaerebunt,
1220 1585 1273 1623 et
1323 1571 1581 1625 facillime
1625 1572 1736 1635 fiet,
1787 1585 1845 1627 ut
1896 1577 2081 1643 plures

507 1660 696 1719 etiam,
722 1676 883 1727 quam
918 1661 1226 1729 hucusque,
1252 1663 1427 1715 errori
1458 1662 1691 1730 subjecti
1717 1664 2078 1720 seducantur.

508 1752 610 1804 Cui
655 1752 747 1805 ille
792 1754 1087 1821 respdndet
1116 1772 1127 1805 :
1157 1752 1297 1807 Ecce
1331 1769 1431 1824 ego
1471 1755 1716 1824 plebejus
1758 1757 1921 1811 homo
1948 1759 2079 1826 quid

2190 567 2432 638 τρόποις.
2470 566 2606 619 ἀλλὰ
2630 568 2723 618 xui
2756 566 3031 635 δαιμόνια,
3055 567 3238 637 φησίν,
3268 566 3491 630 ἐξέϐαλε
3531 568 3683 620 κατὰ
3730 568 3801 620 τὸ

2190 662 2247 711 ὲν
2278 659 2630 726 Εὐαγγελίοις
2664 658 2976 727 εἰρημένον,
3017 658 3100 710 ὅτι
3150 658 3379 710 δώσουσι
3426 661 3631 727 σημεῖα
3692 662 3801 712 καὶ

2189 752 2412 821 τέρατα,
2440 750 2579 801 ὥστε
2600 752 2647 801 εί
2664 749 2884 803 δυνατὸν
2902 748 3172 819 πλανῆσαι
3196 749 3290 801 καὶ
3316 750 3439 811 τοὺς
3459 748 3795 811 ἐκλεκτούς·

2193 844 2398 911 σλιόδρα
2418 842 2526 911 γάρ
2548 841 2616 893 τὰ
2642 841 2940 910 ἀρχοντικὰ
2954 840 3202 909 δαιμόνια
3226 842 3354 911 περὶ
3373 840 3547 893 ταῦτα
3578 840 3795 907 ἰσχύει,

2188 935 2248 986 τὸ
2266 934 2406 985 αύτά
2429 935 2611 985 ἐκεῖνα
2640 932 2801 1001 δῆθεν
2827 932 2873 961 ⁷⁶
2902 934 3217 1001 καταργεῖν.
3248 933 3387 984 πάνυ
3414 930 3523 1001 γὰρ
3552 947 3799 1000 συμφω-

2190 1026 2373 1077 νοῦσιν
2401 1027 2493 1076 ἐπὶ
2522 1024 2797 1078 ἀπώλειαν
2826 1024 3033 1092 ψυχῶν.
3064 1026 3091 1075 6
3120 1020 3214 1075 οὖν
3246 1023 3337 1075 τοῦ
3367 1024 3533 1075 τόπου
3559 1023 3792 1075 ἐκείνου

2190 1117 2484 1179 ἐπίσκοπος
2527 1116 2662 1186 μετά
2709 1116 2803 1169 τοῦ
2854 1116 3055 1187 κλήρου
3105 1116 3464 1185 παραγίνεται
3495 1116 3634 1185 πρὸς
3689 1115 3796 1167 τὸν

2192 1209 2473 1278 ἄνθρωπον
2516 1208 2609 1261 τοῦ
2641 1208 2774 1260 Θεοῦ
2816 1209 2990 1260 ἀὸὂᾶν
3037 1210 3341 1277 Μακάριον,
3380 1207 3543 1273 ἀξιῶν
3587 1207 3793 1259 αὐτόν·

2190 1300 2271 1350 ὅτι
2302 1299 2377 1362 ώς
2410 1299 2584 1360 θέλεις
2608 1298 2728 1350 ἐλθὲ
2762 1300 2855 1350 καὶ
2898 1299 3163 1367 βοήθησον
3203 1300 3355 1367 ἡμῖν.
3395 1298 3489 1349 ἐὰν
3535 1297 3649 1365 γὰρ
3705 1298 3793 1368 μὴ

2194 1391 2292 1445 σοῦ
2324 1389 2525 1452 ζῶντος
2552 1391 2648 1458 τὴν
2686 1390 2955 1457 γειτονίαν
2985 1392 3015 1457 ἡ
3027 1388 3140 1457 μῶν
3186 1388 3536 1457 καθάρωμεν,
3571 1387 3794 1448 πάντες

2190 1482 2338 1550 αύτῷ
2371 1483 2751 1553 πρόσκεινται,
2786 1482 2877 1533 xui
2929 1479 3167 1549 εὐχερῶς
3221 1480 3348 1548 περὶ
3374 1479 3442 1531 τά
3473 1479 3794 1547 φαινόμενα

2190 1575 2255 1641 τῇ
2281 1570 2455 1640 πλάνῃ
2483 1566 3149 1637 ὑπαγόμενοιάπέιγονται.
3175 1568 3201 1617 6
3224 1566 3279 1617 δὲ
3305 1565 3436 1634 πρὸς
3455 1565 3616 1616 αὑτὸν
3645 1564 3787 1633 ἔφη’

2191 1666 2283 1715 xui
2306 1664 2413 1715 ἰδοὺ
2445 1661 2673 1732 ἔρχομαι
2706 1660 2917 1728 ἰδιώτης
2939 1658 3240 1726 ἄνθρωπος,
3270 1657 3321 1709 τί
3350 1656 3498 1726 αὐτῷ
3526 1658 3786 1725 ποιήσω;

2190 1758 2217 1807 6
2242 1756 2298 1807 δὲ
2331 1755 2628 1816 ἐπίσκοπος
2668 1752 2929 1821 ἐπέμενεν
2964 1750 3128 1814 ἀξιῶν
3150 1749 3243 1801 xui
3268 1748 3461 1815 λέγων,
3484 1749 3566 1800 ὅτι
3597 1747 3786 1810 οὕτως

508 1844 559 1897 ei
604 1843 843 1897 faciam?
874 1844 1179 1913 Episcopus
1222 1853 1404 1899 autem
1457 1848 1699 1915 perstitit
1734 1852 2082 1903 venerabun-

2188 1846 2446 1911 πιστεύω,
2494 1845 2600 1910 ὅτι,
2651 1843 2748 1895 ὲάν
2801 1842 2983 1912 ἔλθῃς,
3016 1844 3043 1894 6
3094 1841 3231 1902 Θεὸς
3260 1839 3567 1909 είρηνεύσει
3592 1840 3639 1869 ⁷⁷
3673 1840 3782 1909 τὴν

507 1939 613 1994 dus
664 1950 715 1993 et
748 1959 759 1993 :
799 1941 897 2004 lta,
931 1942 1125 2010 inquit,
1163 1942 1401 2006 confido,
1447 1945 1492 1997 si
1538 1951 1595 1995 tu
1640 1946 1876 2006 veneris,
1914 1945 2082 2000 Deum

508 2033 930 2101 paeificaturum
977 2034 1267 2087 ecclesiam
1324 2050 1518 2097 suam;
1574 2051 1739 2104 saepe
1763 2037 1906 2090 enim
1954 2038 2085 2089 mihi

508 2139 927 2193 proposueram,
969 2124 1037 2177 ad
1080 2133 1134 2179 te
1169 2126 1464 2193 proficisci,
1509 2128 1601 2180 sed
1653 2128 1932 2194 prohibuit
1974 2129 2085 2182 cle-

508 2231 628 2279 rus,
662 2232 730 2269 ne
767 2217 1057 2270 mundanis
1103 2218 1421 2272 hominibus
1469 2220 1675 2272 derisui
1723 2221 1928 2274 fierem.
1965 2220 2083 2274 Jam

508 2325 643 2363 vero
690 2326 800 2361 non
842 2311 1079 2378 amplius
1125 2309 1307 2363 ferens
1338 2310 1527 2378 populi
1577 2312 1985 2379 corruptionem
2031 2319 2086 2365 et

507 2402 673 2453 etiam
725 2399 841 2465 Dei,
890 2402 982 2468 qui
1023 2401 1137 2452 ait:
1168 2399 1500 2466 Sanguinem
1536 2401 1709 2468 ipsius
1744 2417 2007 2468 quaeram
2053 2418 2083 2455 e

506 2505 674 2543 manu
706 2499 907 2550 vestra,
938 2493 1350 2545 accusationem
1383 2492 1585 2546 timens
1622 2502 1674 2545 te
1713 2494 1846 2555 adii,
1881 2495 2085 2548 missus

507 2593 537 2631 a
572 2579 701 2633 Deo.
737 2579 875 2632 Tum
914 2581 1003 2635 ille
1034 2583 1292 2645 surrexit,
1336 2596 1573 2650 eumque
1622 2582 1689 2635 ad
1740 2586 2083 2639 seductorem

507 2680 733 2725 secutus
788 2681 893 2725 est.
940 2672 1111 2736 Quem
1166 2673 1254 2726 ubi
1294 2672 1450 2735 vidit,
1500 2675 1760 2742 episcopo
1793 2695 1804 2729 :
1835 2675 1957 2742 Hic,
2003 2676 2087 2728 in-

508 2762 652 2831 quit,
693 2764 945 2830 spiritum
995 2764 1298 2832 principem
1337 2765 1524 2827 habet,
1569 2781 1803 2835 eumque
1833 2767 2087 2835 ejiciendi

507 2869 690 2907 meum
725 2869 865 2922 opus
898 2870 1005 2906 non
1038 2870 1158 2908 esse
1183 2857 1359 2919 scito;
1399 2872 1521 2909 nam
1565 2868 1755 2909 contra
1788 2857 1887 2911 hos
1922 2859 2085 2926 spiri-

508 2952 599 2996 tus
654 2945 901 2997 nondum
946 2946 1171 2997 omnino
1224 2946 1451 2998 certavi.
1510 2945 1627 2998 Duo
1666 2946 1811 2999 enim
1862 2947 2085 3015 agmina

508 3036 835 3087 daemonum
880 3051 1003 3089 esse
1057 3036 1231 3089 sancti
1284 3037 1458 3105 ajunt,
1508 3053 1679 3090 unum
1727 3053 1939 3103 eorum,
1992 3038 2085 3107 qui

509 3124 768 3179 libidines
814 3126 1029 3192 corpori
1073 3126 1391 3190 infundunt,
1438 3130 1669 3179 alterum
1727 3142 1939 3189 eorum,
1986 3128 2082 3197 qui

2187 1938 2481 2006 ἐκκλησίαν
2510 1933 2696 1987 αὑτοῦ.
2749 1933 3008 1995 πολλάκις
3059 1931 3168 2002 γὰρ
3216 1931 3548 1999 προθέμενος
3597 1929 3786 1982 ἐλθεῖν

2186 2027 2466 2097 ἐκωλύθην
2488 2026 2597 2078 ἀπὸ
2621 2024 2715 2076 τοῦ
2746 2024 2972 2093 κλήρου,
2998 2024 3073 2084 ώς
3116 2020 3562 2091 καταγελώμενος
3595 2021 3640 2051 ⁷⁸
3666 2022 3786 2072 ἀπὸ

2186 2119 2293 2171 τῶν
2322 2118 2621 2187 κοσμικῶν.
2656 2118 2750 2170 νῦν
2775 2112 2866 2169 οὖν
2905 2116 2977 2186 μὴ
3006 2116 3185 2185 φέρων
3227 2116 3325 2183 τὴν
3358 2114 3635 2168 ἀπώλειαν
3678 2114 3782 2166 τοῦ

2190 2209 2340 2274 λαοῦ,
2373 2209 2547 2272 ἄλλως
2571 2210 2626 2261 δὲ
2665 2209 2758 2260 καὶ
2796 2208 2855 2259 τὸ
2876 2208 3125 2276 ἔγκλημα
3150 2206 3242 2259 τοῦ
3262 2206 3394 2257 Θεοῦ
3426 2205 3592 2273 φοϐού
3604 2222 3777 2273 μενος

2186 2299 2430 2368 λέγοντος
2456 2318 2469 2330 ·
2500 2302 2580 2352 ὅτι
2610 2300 2669 2351 τὸ
2691 2294 2831 2368 αἷμα
2874 2298 3037 2351 αὑτοῦ
3072 2298 3356 2367 ὲκζητήσω
3394 2300 3458 2348 ἐκ
3509 2296 3608 2362 τῆς
3657 2314 3783 2365 χει-

2188 2393 2277 2462 ρὸς
2309 2391 2479 2461 ὑμῶν,
2512 2389 2675 2461 ἦλθον
2705 2393 2838 2461 πρὸς
2862 2392 2918 2443 σε
2966 2390 3281 2459 πέμψαντός
3321 2405 3386 2457 με
3429 2386 3522 2439 τοῦ
3545 2386 3711 2439 Θεοῦ.
3743 2388 3778 2439 6

2184 2482 2241 2533 δὲ
2275 2482 2509 2543 ἀναστὰς
2536 2480 2866 2549 ἠκολούθησε
2895 2479 3059 2547 αὐτῷ.
3090 2479 3184 2531 καὶ
3214 2477 3456 2548 ἔρχονται
3493 2477 3597 2538 ἓως
3623 2476 3777 2527 ὲκεί-

2187 2590 2276 2625 νου
2302 2573 2393 2625 τοῦ
2430 2572 2655 2625 πλάνου.
2686 2573 2780 2625 xui
2816 2573 2918 2643 ὁρᾷ
2942 2572 3100 2624 αὐτὸν
3128 2571 3221 2623 xui
3259 2569 3405 2637 λέγει
3436 2568 3515 2637 τῷ
3548 2569 3776 2620 ἐπισκό-

2187 2682 2274 2734 πῳ
2297 2680 2310 2693 ’
2361 2658 2514 2725 οὗτος
2565 2662 2779 2731 πνεῦμα
2818 2662 2928 2731 ἔχει
2965 2662 3305 2733 ἀρχοντικόν,
3348 2662 3444 2713 xui
3477 2660 3561 2712 ἵνα
3599 2655 3768 2723 οἶδας,

2183 2756 2265 2807 ὅτι
2314 2755 2444 2824 ἐμὸν
2487 2754 2647 2823 ἔργον
2688 2753 2845 2805 τοῦτο
2897 2754 2995 2804 οὐκ
3038 2753 3203 2804 ἐστιν.
3260 2751 3377 2802 οὐδὲ
3421 2751 3529 2819 γάρ
3558 2751 3604 2780 ⁷⁸
3631 2750 3771 2820 πρὸς

2184 2847 2354 2899 ταῦτα
2374 2846 2439 2898 τὰ
2469 2846 2750 2915 πνεύματα
2779 2846 2913 2907 ὅλως
2944 2845 3233 2897 ὲπάλαισα.
3262 2842 3353 2893 δύο
3375 2842 3481 2911 γάρ
3513 2843 3772 2910 τάγματα

2184 2936 2432 3003 λέγουσιν
2461 2937 2508 2987 οἱ
2544 2935 2687 3002 ἅγιοι
2715 2934 3007 3003 δαιμόνων,
3033 2933 3090 2984 ἓν
3128 2933 3187 2985 τὸ
3213 2932 3310 2994 τὰς
3336 2930 3529 2999 ἡδονὰς
3565 2930 3767 2999 ἐμϐάλ-

2190 3029 2281 3080 λον
2327 3028 2403 3096 eq)
2446 3028 2692 3096 σώματι,
2730 3026 2821 3077 xui
2869 3024 2925 3075 ἒν
2952 3024 3010 3075 τὸ
3042 3023 3140 3085 τὰς
3186 3022 3419 3091 ψυχικὰς
3459 3020 3767 3091 ἐμπνοῦν⁸⁴

2188 3119 2414 3181 πλάνας,
2442 3119 2468 3170 ὃ
2495 3118 2585 3169 xui
2614 3116 2815 3187 σφόδρα
2859 3116 2973 3167 ἐστὶ
2998 3115 3420 3166 δυσυπότακτον.
3469 3113 3641 3165 ταῦτα
3658 3114 3767 3185 γὰρ

508 3217 823 3284 spirituales
857 3217 1090 3269 alTeruut
1119 3233 1355 3271 errores.
1396 3217 1552 3280 Quod
1587 3218 1807 3286 quidem
1851 3220 2081 3272 alterum

2190 3212 2435 3280 ἀφορίζει
2464 3213 2490 3263 6
2518 3211 2749 3273 σατανᾶς
2780 3212 2889 3270 τοῖς
2909 3208 3070 3276 γόησι
3099 3206 3193 3259 καὶ
3223 3206 3448 3267 πλάνοις
3474 3206 3568 3257 xui
3610 3206 3766 3275 αίρε-

507 3322 682 3376 genus
707 3306 926 3360 difiicile
956 3318 1039 3360 est
1069 3307 1136 3360 ad
1182 3308 1569 3375 subigendum.
1608 3309 1715 3363 Eos
1750 3310 1895 3362 enim
1940 3319 2090 3363 sata-

508 3414 611 3454 nas
644 3400 888 3451 immittit
928 3402 1101 3469 magis
1144 3410 1199 3453 et
1244 3402 1629 3455 seductoribus
1678 3411 1732 3454 et
1782 3402 2088 3455 haeresiar-

509 3488 629 3540 chis
674 3496 727 3537 ct
773 3488 1034 3540 veneficis
1078 3495 1131 3539 et
1186 3488 1230 3540 si
1282 3488 1378 3555 qui
1428 3490 1521 3542 alii
1570 3489 1623 3542 id
1660 3490 1881 3557 generis
1937 3500 2085 3544 sunt.

508 3576 579 3629 At
607 3577 898 3646 episcOpus
932 3597 943 3631 :
972 3578 1112 3642 Quid
1149 3595 1309 3647 ergo,
1362 3579 1567 3649 inquit,
1627 3580 1934 3635 faciemus?
1983 3580 2089 3635 Re—

510 3668 739 3735 spondet
765 3683 930 3721 senex
968 3686 979 3720 :
1013 3668 1272 3722 Precibm
1301 3684 1439 3737 opus
1465 3678 1581 3733 est;
1612 3685 1736 3723 nam
1764 3686 1946 3725 sermo
1977 3687 2086 3725 non

509 3759 744 3826 prolicit.
789 3758 991 3812 Jubent
1025 3762 1190 3829 igitur
1211 3760 1372 3829 275
1394 3762 1687 3829 procedere
1715 3762 2084 3825 seductorem,

510 3852 669 3919 isque
696 3851 761 3903 ad
808 3867 903 3905 eos
934 3868 1191 3919 egressus
1227 3864 1329 3905 est.
1370 3853 1542 3918 Quem
1577 3855 1760 3908 statim
1791 3855 2086 3923 episc0pus

510 3942 693 4012 lingua
735 3943 961 3997 adortus
992 3964 1003 3997 :
1035 3944 1166 4005 Cur,
1212 3945 1419 4013 inquit,
1449 3955 1597 3999 tanto
1627 3947 1887 4014 temporis
1910 3948 2086 4016 spatio

510 4034 796 4087 nobiscum
843 4050 950 4086 non
1000 4035 1459 4089 comniuuicasti?
1496 4036 1598 4088 Cui
1630 4037 1719 4089 ille
1754 4035 1953 4100 :Quia,
2005 4038 2086 4090 in»

510 4125 648 4192 quit,
696 4141 803 4177 non
848 4134 996 4178 recte
1046 4126 1285 4179 sentitis.
1322 4124 1462 4178 Tum
1508 4137 1732 4181 sanctus
1766 4127 2082 4181 Macarius:

510 4212 664 4266 Tune
717 4214 904 4283 igitur,
944 4215 1142 4282 inquit,
1196 4224 1343 4268 recte
1397 4216 1612 4269 sentis?
1666 4217 1809 4270 Sane
1842 4218 2082 4286 quidem,

509 4303 600 4356 ille
634 4306 945 4372 respondet.
998 4304 1308 4359 Macarius:
1339 4305 1478 4369 Quid
1522 4322 1652 4359 vero
1681 4315 1786 4367 est.
1835 4309 1979 4376 quod
2028 4318 2085 4361 tu

510 4396 718 4449 srntis?
762 4397 854 4448 Ille
885 4414 896 4447 :
926 4396 1062 4448 Num
1097 4406 1241 4450 recte
1290 4398 1555 4461 creditur,
1600 4414 1821 4453 carnem
1862 4408 1917 4452 et
1958 4415 2084 4454 ossa

2194 3303 2441 3372 σιάρχαις
2465 3302 2557 3353 xui
2580 3300 3071 3370 φαρμακομάντεσι
3097 3298 3163 3362 δι,
3193 3297 3287 3348 καὶ
3313 3298 3488 3349 είτινι
3513 3296 3766 3368 τοιούτῳ.

2190 3395 2335 3461 λέγει
2361 3396 2387 3445 6
2412 3395 2708 3456 ἐπίσκοπος
2727 3410 2741 3423 '
2777 3392 2827 3444 τί
2846 3388 2938 3443 οὖν
2964 3393 3297 3459 ποιήσομεν;
3329 3389 3479 3457 λέγει
3505 3392 3532 3442 6
3553 3390 3763 3459 γέρωνο

2190 3486 2362 3554 εὐχῶν
2397 3485 2555 3554 χρεία
2578 3501 2590 3513 '
2629 3485 2784 3549 λόγος
2818 3485 2923 3555 γὰρ
2954 3485 3053 3535 οὐκ
3092 3482 3285 3551 ἰσχύει.
3328 3480 3641 3533 κελεύουσιν
3668 3476 3765 3534 οὖν

2191 3577 2459 3641 ἐξελθεῖν·
2505 3579 2533 3628 ὁ
2574 3576 2629 3627 δὲ
2669 3576 2947 3646 ἐξέρχεται
3006 3575 3141 3643 πρὸς
3189 3572 3405 3636 αὐτούς.
3458 3575 3550 3625 καὶ
3587 3590 3769 3643 παρα-

2190 3669 2381 3739 χρῆμα
2416 3667 2629 3736 δέχεται
2663 3665 2824 3718 αὑτὸν
2856 3666 2883 3716 ὁ
2912 3666 3209 3728 ἐπίσκοπος
3238 3665 3471 3735 χείλεσιν
3496 3669 3588 3719 xui
3615 3667 3765 3734 λέγει

2190 3760 2325 3830 πρὸς
2362 3759 2406 3789 ⁵⁸
2442 3758 2629 3810 αὐτόν·
2676 3758 2789 3819 πῶς
2830 3756 3082 3808 τοσοῦτον
3115 3757 3305 3827 χρόνον
3351 3758 3412 3809 οὐ
3450 3759 3766 3828 παρέλαϐες

2189 3855 2318 3922 ἡμῖν
2352 3852 2431 3917 83;
2474 3853 2501 3902 6
2539 3851 2596 3902 δὲ
2635 3847 2813 3901 εἶπεν·
2857 3851 2937 3901 ὅτι
2983 3850 3042 3901 οὐ
3082 3852 3331 3919 φρονεῖτε
3371 3851 3566 3921 ὀρθῶς.
3603 3850 3759 3920 λέγει

2188 3943 2333 4012 αὐτῷ
2374 3946 2402 3995 6
2435 3944 2587 4010 ἆγιος
2634 3942 2917 4011 Μακάριος
2938 3956 2950 3967 ·
2990 3941 3053 3992 σὺ
3087 3936 3180 3992 οὖν
3215 3940 3396 4005 καλῶς
3428 3945 3683 4011 φρονεῖς;
3728 3945 3761 3997 6

2186 4035 2273 4087 δέ·
2312 4035 2404 4086 καὶ
2452 4034 2625 4094 πάνυ,
2675 4031 2825 4100 φησί.
2868 4031 2919 4082 τί
2965 4030 3020 4081 δέ
3067 4033 3220 4096 ἐστι,
3268 4032 3452 4101 φησίν,
3487 4032 3516 4084 ὅ
3562 4034 3760 4103 ὑμείς;

2186 4125 2386 4195 Φρονοῦ
2395 4141 2490 4193 μεν
2509 4122 2703 4190 ὀρθῶς,
2727 4122 2807 4173 ὃτι
2826 4121 3011 4189 σάρκα
3031 4123 3124 4174 xui
3150 4124 3285 4175 ὀστά
3306 4124 3655 4191 ἀνειληφέναι
3676 4123 3761 4192 ’δς

2187 4214 2352 4282 Λέγει
2384 4216 2411 4265 6
2440 4213 2593 4281 ἆγιος
2630 4212 2915 4282 Μακάριος
2939 4226 2953 4240 ⁶
2986 4213 3035 4264 εὶ
3084 4215 3182 4281 μὲν
3228 4215 3319 4283 ἀφ’
3354 4215 3561 4269 ἑαυτῶν
3590 4216 3766 4284 λέγω-

2190 4324 2309 4375 μεν,
2343 4305 2553 4367 καλῶς⁸
2598 4306 2644 4356 εἰ
2676 4304 2732 4355 δὲ
2763 4304 2988 4373 ἀλήθεια
3024 4306 3197 4368 οὔτως
3237 4306 3494 4377 ἠθέλησε,
3529 4308 3591 4360 σὺ
3616 4308 3668 4360 τί
3690 4307 3765 4362 ἂν

2185 4398 2364 4465 λέγεις
2386 4413 2399 4460 ;
2425 4397 2509 4447 ἵνα
2532 4396 2587 4447 δὲ
2615 4396 2688 4465 μὴ
2714 4394 2939 4457 πολλοὺς
2959 4395 3327 4463 ἀναλώσωμεν
3356 4399 3569 4466 λόγους,
3597 4398 3763 4465 λέγω·

511 4487 815 4539 suscitari?
849 4486 1088 4540 Sanctus
1132 4490 1429 4556 respondet
1462 4507 1477 4543 :
1510 4488 1567 4541 Si
1612 4505 1677 4542 ex
1714 4492 1874 4544 nobis
1905 4492 2082 4559 loqui-

2193 4491 2291 4559 μέν
2331 4507 2432 4551 σοι,
2459 4489 2533 4550 ὡς
2566 4488 2891 4557 φρονοῦμεν,
2924 4488 3086 4539 καὶεί
3120 4489 3218 4557 μὲν
3244 4489 3539 4560 πεισθείης,
3578 4488 3765 4555 καλῶς

508 4592 657 4641 mur,
701 4578 838 4631 bene
885 4579 1145 4645 loqueris.
1202 4580 1298 4632 Sin
1348 4580 1553 4634 veritas
1607 4581 1661 4634 id
1715 4583 1909 4645 voluit,
1950 4583 2079 4651 quid

442 4708 447 4713 λ
510 4670 824 4737 uliloqueris
847 4670 869 4720 ?
893 4668 995 4722 Sed
1044 4684 1113 4722 ne
1144 4670 1312 4721 multa
1350 4670 1516 4723 verba
1555 4672 1869 4739 perdamus,
1904 4672 2082 4725 dicam

509 4758 631 4821 tibi,
663 4759 796 4829 quid
843 4761 1180 4825 sentiamus;
1228 4761 1427 4829 quibus
1474 4762 1519 4814 si
1561 4762 1902 4828 assentieris,
1946 4764 2083 4816 bene

509 4849 700 4915 facies,
750 4852 834 4905 sin
885 4852 1088 4913 minus,
1148 4850 1258 4904 Deo
1301 4868 1599 4922 repugnas,
1632 4854 1793 4920 cujus
1826 4853 2079 4923 dogmata

515 4942 749 5007 spernis.
813 4943 881 4995 At
928 4943 1018 4995 ille
1050 4961 1061 4994 :
1090 4941 1223 5011 Ego,
1270 4943 1470 5011 inquit,
1526 4946 1674 5011 prior
1705 4943 1861 4997 fidem
1906 4958 2081 4996 meam

512 5048 802 5101 exponam.
836 5033 974 5087 Tum
1018 5034 1290 5088 Macarius
1323 5055 1334 5087 :
1362 5034 1555 5095 Prava.
1593 5036 1687 5100 ait,
1724 5036 1856 5089 fides
1888 5052 1954 5089 ne
1985 5051 2083 5089 n0-

513 5124 770 5186 minetur,
803 5126 895 5178 sed
932 5128 1181 5180 dicamus
1225 5127 1553 5180 catholicam
1583 5129 1853 5181 ecclesiae
1897 5126 2079 5180 fidem.

511 5212 580 5265 Et:
608 5216 788 5267 statim
834 5218 1014 5270 innuit
1053 5219 1335 5287 episcopo,
1374 5228 1434 5272 ut
1454 5234 1572 5271 eam
1610 5219 1949 5288 proﬁteatur.
1979 5219 2083 5282 Qui

508 5308 904 5362 circumstante
949 5313 1149 5379 populo
1196 5312 1389 5381 incipit
1429 5312 1587 5365 fidem
1646 5313 1717 5364 ita
1767 5325 2079 5380 exponere:

510 5398 683 5453 Credo
708 5400 758 5453 in
794 5416 962 5453 unum
996 5401 1182 5467 Deum,
1226 5414 1433 5472 patrem
1462 5405 1913 5473 omnipotentem,
1939 5404 2075 5455 etin

2189 4582 2381 4643 ποιεῖς,
2407 4582 2455 4631 εἰ
2488 4580 2543 4629 δὲ
2579 4580 2677 4648 μή,
2702 4579 2835 4646 πρὸς
2867 4577 2956 4629 τὸν
2987 4578 3117 4629 Θεὸν
3139 4579 3312 4648 ἔχεις,
3346 4573 3406 4633 οὗ
3429 4582 3496 4633 τά
3519 4581 3765 4649 δόγματα

2188 4672 2417 4733 ἀθετεῖς.
2451 4674 2477 4721 6
2496 4672 2553 4724 δὲ
2574 4670 2676 4740 ἔφη
2698 4688 2710 4700 α
2739 4669 2849 4737 ἐγὼ
2882 4670 3097 4740 πρῶτος
3126 4670 3269 4738 λέγω
3296 4690 3397 4741 μου
3420 4672 3516 4743 τὴν
3547 4674 3757 4726 πίστιν.

2187 4758 2304 4816 εἶτα
2332 4763 2478 4829 λέγει
2499 4766 2526 4815 ὁ
2552 4762 2705 4828 ἆγιος
2725 4778 2737 4789 ·
2767 4761 2909 4830 κακὴ
2940 4762 3119 4824 πίστις
3143 4762 3188 4791 ⁸⁵
3222 4762 3355 4832 μηδὲ
3379 4763 3753 4833 ὀνομαζέσθω,

2187 4855 2324 4909 ἀλλὰ
2354 4854 2605 4922 λέγωμεν
2623 4854 2719 4921 τὴν
2754 4852 3048 4920 καθολικὴν
3076 4853 3173 4920 τῆς
3199 4852 3525 4921 Ἐκκλησίας
3554 4852 3756 4907 πίστιν.

2186 4946 2281 4999 καὶ
2314 4945 2458 5011 λέγει
2489 4945 2566 5013 τῷ
2594 4944 2877 5013 ἐπισκόπῳ
2903 4944 3097 4996 εἰπεῖν.
3126 4943 3361 5007 ἑστῶτος
3386 4940 3479 4996 οὖν
3505 4944 3597 4996 τοῦ
3627 4943 3759 4999 λαοῦ

2187 5038 2415 5107 ἄρχεται
2446 5034 2755 5088 ἐκτίθεσθαι
2794 5035 2892 5103 τὴν
2929 5034 3110 5087 πίστιν
3151 5034 3355 5097 οὓτως·
3398 5036 3637 5087 πιστεύω
3678 5036 3761 5099 εἰς

2190 5130 2286 5183 ἕνα
2316 5128 2450 5181 Θεὸν
2487 5126 2702 5195 πατέρα
2735 5126 3174 5195 παντοκράτορα,
3211 5128 3304 5178 xui
3328 5127 3408 5189 είς
3438 5126 3530 5178 τὸν
3562 5126 3758 5196 όμοούο

2188 5234 2301 5271 σιον
2332 5217 2498 5271 αὐτοῦ
2516 5216 2713 5281 Λόγον,
2742 5214 2809 5266 δι’
2843 5209 2903 5267 οὗ
2935 5214 3158 5282 ἐποίησε
3180 5217 3305 5277 τοὺς
3338 5216 3382 5246 ⁸⁸
3422 5214 3647 5279 αἰῶνας,
3668 5216 3759 5269 τὸν

2187 5310 2282 5361 ἐπὶ
2312 5306 2591 5375 συντελείᾳ
2610 5306 2719 5358 τῶν
2744 5304 2955 5357 αἰώνων
2979 5307 3058 5367 εἰς
3080 5306 3336 5375 ἀθέτησιν
3359 5304 3458 5375 τῆς
3489 5306 3760 5377 ἁμαρτίας

2184 5401 2606 5469 ἐπιδημήσαντα
2646 5400 2707 5450 ὲν
2738 5397 2933 5467 σαρκί,
2961 5398 3026 5466 ἢν
3060 5397 3125 5449 ὲκ
3168 5398 3267 5468 τῆς
3301 5397 3462 5465 ἁγίας
3490 5398 3755 5467 παρθένου

1755 5517 2011 5572 ΥΑΙὶΙΛΕ.
2051 5513 2453 5571 LECTIONES.

586 5632 632 5661 "
665 5631 807 5711 llaec
836 5649 938 5711 τοι
992 5635 1044 5687 in
1107 5635 1296 5711 codice
1334 5645 1417 5691 est
1468 5636 1793 5711 difﬁcillima
1829 5638 1894 5691 ad
1946 5638 2253 5711 legendum.
2327 5636 2374 5665 "’
2404 5634 2677 5711 Corr.,_ro

2034 5710 2079 5737 ⁸ο
2112 5709 2293 5769 Corr.,
2325 5706 2447 5758 cod.
2482 5706 2731 5771 ὲμπῖοῦν.

515 5705 1048 5776 καταγγελόμε-νος.
1125 5707 1169 5736 ⁷ο
1202 5708 1381 5768 Corn,
1416 5708 1538 5760 cod.
1586 5708 1703 5759 οὐδὲ
1735 5707 1802 5757 δὲ·
1829 5715 1955 5776 γάρ.

517 5788 667 5855 ερας.
702 5840 714 5855 _
745 5774 787 5803 "'
822 5773 969 5855 ξῑρὸς
1001 5792 1111 5831 om.
1150 5776 1297 5844 cod.,
1336 5777 1515 5831 addidi
1555 5792 1616 5831 cx
1669 5778 1812 5831 coni.
1844 5773 1849 5775 ⁷
1889 5773 1934 5810 ⁸³
1971 5778 2061 5831 Sic
2105 5779 2223 5833 cod.

521 5842 566 5874 "
605 5840 737 5897 Cod.
769 5840 895 5907 τάς.

3220 5634 3267 5664 ⁷⁸
3309 5635 3385 5688 Ex
3437 5637 3605 5698 coni.,
3635 5638 3753 5691 cod.

2821 5704 2863 5731 ⁸¹
2892 5703 3072 5762 C0rr..
3099 5702 3219 5756 cod.
3254 5706 3581 5774 φαρμακοῖς
3609 5706 3755 5774 μάν-

2320 5777 2365 5807 ⁸¹⁵
2396 5777 2580 5835 Corr.,
2622 5772 2740 5825 cod.
2774 5773 3185 5841 ἀνελειφέναι.
3263 5774 3308 5806 ⁸⁸
3352 5772 3487 5830 Cod.
3518 5772 3754 5844 πίστιες.

2327 5636 2374 5665 ⁷⁷
2404 5634 2584 5691 Corr.,
2614 5632 2734 5686 cod.
2778 5634 3145 5697 εἰρηνοῦσαι.
