4016 6474
238 390 322 451 “5
1814 423 2020 481 ACTA.

3453 428 3560 483 2M

235 505 447 610 ξιίαξίας.
476 509 698 585 ἐαυτῷ
758 518 1163 597 ὑπεστήσατο,
1214 530 1305 582 τὸν
1357 533 1737 604 σταυρωθέντα
1789 540 1882 591 καὶ

1991 537 2351 593 cocssentiale
2376 537 2498 607 ejus
2517 535 2779 603 Verbum,
2803 553 2900 609 per
2929 540 3073 610 quod
3096 553 3227 594 aeva
3249 539 3394 604 fecit,
3413 542 3561 610 quod

233 597 585 702 ἀποθανόνταὲ
620 609 739 661 καὶ
794 617 1067 683 ταφέντα
1116 621 1208 673 καὶ
1258 597 1571 677 ἀναστάντα
1622 629 1686 697 τῇ
1722 629 1884 702 τρίτῃ

235 691 442 790 ἡμέρᾳ,
488 694 602 749 καὶ
660 703 1083 779 καθεζόμενον
1122 713 1180 764 έν
1222 712 1370 784 δεξιᾷ
1401 716 1494 768 τοῦ
1529 691 1885 790 πατρόςξκαί

240 785 390 840 πάλιν
421 788 774 861 ἐρχόμενον
810 800 880 852 ὲν
923 801 1004 873 τῷ
1045 803 1286 874 μέλλοντι
1321 807 1498 872 αίῶνι,
1527 785 1710 879 κρῖναι
1745 812 1884 876 ζῶν-

247 898 338 944 τας
375 882 475 934 καὶ
517 889 823 956 νεκρούς.
869 895 972 947 καὶ
1005 897 1086 959 εἰς
1117 897 1180 950 τὸ
1216 899 1442 968 Πνεῦμα
1491 903 1554 955 τὸ
1586 903 1776 972 ἅγιον,
1825 907 1886 959 τὸ

255 972 530 1045 opm-factm
541 977 636 1048 τῷ
659 981 803 1036 Πατ
813 985 873 1056 ρὶ
885 987 1071 1058 καὶτῷ
1082 990 1239 1061 Λόγῳ
1252 991 1435 1046 αὐτοῦ.
1456 995 1796 1069 πιστεύωμεν
1827 997 1884 1050 δὲ

265 1069 358 1121 καὶ
377 1071 446 1132 εἰς
474 1070 824 1130 ἀνάστασιν
854 1077 1038 1149 ψυχῆς
1066 1083 1160 1134 καὶ¹
1177 1082 1447 1154 σώματος,
1471 1087 1652 1151 καθὼς
1682 1089 1828 1157 λέγει
1857 1093 1886 1144 6

270 1159 562 1225 ἀπόστολος
583 1178 601 1191 °
641 1169 958 1240 σπείρεται
979 1172 1136 1242 σῶμα
1156 1173 1405 1244 ψυχικόν,
1432 1178 1702 1250 ἐγείρεται
1727 1180 1888 1251 σῶμα

266 1254 682 1321 πνευματικόν.
737 1261 842 1312 καὶ
873 1261 1034 1314 πάλιν
1055 1277 1069 1292 ·
1097 1263 1180 1316 δεῖ
1220 1266 1328 1337 γὰρ
1370 1269 1431 1320 τὸ
1458 1269 1698 1340 φθαρτὸν
1728 1273 1886 1326 τοῦτο

266 1342 608 1398 ἐνδύσασθαι
640 1348 990 1420 ἀφθαρσίαν.
1027 1355 1186 1424 ὁρᾷς,
1221 1357 1338 1420 πῶς
1371 1357 1518 1427 λέγει
1553 1360 1742 1428 τοῦτο;
1773 1366 1801 1416 ὁ
1829 1363 1886 1415 δὲ

265 1435 408 1504 πρὸς
432 1435 606 1490 αὐτὸν
645 1439 934 1513 ἀπεκρίθη
953 1458 970 1475 ο
993 1445 1117 1515 ἐμοὶ
1145 1446 1190 1478 ⁸⁷
1224 1448 1324 1518 τὴν
1349 1449 1414 1502 ὲκ
1439 1449 1610 1518 λόγων
1637 1453 1817 1507 πίστιν
1839 1455 1888 1486 ⁸⁸

267 1525 350 1596 μὴ
384 1527 686 1600 πρόσφερε
707 1569 724 1593 ,
760 1531 881 1585 ἀλλ’
910 1535 1232 1607 ἀπέλθωμεν
1260 1541 1341 1603 είς
1372 1541 1442 1594 τὰ
1468 1545 1707 1612 μνημεῖα
1729 1585 1744 1610 ,
1793 1546 1888 1599 καὶ

262 1614 372 1668 ἕνα
401 1615 515 1668 τῶν
543 1619 677 1671 ἐκεῖ
709 1622 983 1692 κειμένων
1021 1626 1324 1701 ἀναστησόν
1364 1647 1474 1700 μοι,
1513 1632 1606 1686 καὶ
1634 1629 1772 1700 οἶδα,
1802 1635 1886 1688 ὅτι

265 1705 466 1770 καλῶς
501 1714 778 1779 φρονεῖτε
803 1728 817 1742 ·
852 1714 975 1766 ἐπεὶ
1006 1715 1116 1784 ἐγὼ
1155 1717 1334 1789 ψυχὴν
1364 1721 1534 1791 χωρὶς
1559 1723 1605 1755 ⁸³
1633 1723 1886 1796 σώματος

265 1796 419 1863 ἄγω.
469 1802 758 1871 στραφεὶς
789 1803 846 1855 δὲ
883 1806 911 1858 6
943 1804 1098 1874 ἅγιος
1128 1810 1414 1882 Μακάριος
1457 1815 1606 1883 λέγει
1655 1818 1733 1888 τῷ
1762 1820 1884 1872 ὲπι-

1989 630 2044 683 in
2081 630 2557 686 consummatione
2599 638 2906 702 temporum
2945 633 2999 686 in
3045 633 3398 688 abolitionem
3436 648 3563 702 pec-

1994 720 2106 773 cati
2135 721 2394 790 apparuit
2441 722 2495 774 in
2535 736 2722 786 carne,
2753 737 2917 788 quam
2956 737 2986 777 e
3025 731 3216 777 sancta
3250 721 3420 777 Maria
3449 723 3562 778 vir-

1986 813 2113 883 gine
2144 821 2487 882 susceperat,
2517 813 2663 882 quod
2697 815 3046 877 cruciﬁxum,
3073 824 3352 868 mortuum
3388 824 3442 868 et
3472 830 3560 869 ser

1985 903 2196 971 pultum
2247 911 2331 957 est
2374 915 2428 959 et
2475 905 2780 958 resurrexit
2820 905 2983 958 tertia
3030 905 3139 969 die,
3191 905 3451 974 sedetque
3492 904 3563 958 ad

1986 995 2237 1050 dextram
2263 995 2457 1063 patris,
2487 1010 2551 1050 ac
2576 997 2756 1050 denuo
2790 1004 3082 1051 venturum
3107 1005 3191 1052 est
3220 998 3277 1051 in
3316 1007 3564 1066 tempore

1985 1085 2195 1150 futuro,
2240 1088 2489 1157 judicare
2515 1089 2666 1144 vivos
2693 1097 2748 1143 et
2791 1098 3076 1155 mortuos;
3122 1099 3176 1144 et
3214 1090 3266 1143 in
3297 1089 3563 1159 Spiritum

1989 1188 2266 1245 sanctum,
2292 1179 2438 1233 Patri
2460 1180 2689 1250 ejusque
2706 1181 2885 1236 Verbo
2912 1182 3367 1245 coessentialem;
3397 1180 3563 1235 credo

1986 1271 2042 1324 in
2098 1272 2561 1327 resurrectionem
2621 1288 2839 1342 quoque
2897 1274 3114 1328 animae
3163 1282 3218 1328 et
3264 1273 3561 1342 corporis,

1988 1365 2132 1419 sicut
2183 1367 2466 1434 apostolus
2517 1366 2633 1419 ait:
2672 1365 2990 1420 Seminatur
3033 1382 3236 1435 corpus
3288 1366 3561 1427 naturale,

1986 1459 2288 1512 suscitatur
2337 1473 2540 1528 corpus
2599 1457 2919 1528 Spirituale;
2954 1464 3009 1513 et
3053 1473 3250 1513 rursus
3291 1476 3304 1511 :
3338 1456 3566 1526 Oportet

1986 1549 2131 1603 enim
2165 1550 2527 1618 corruptibile
2564 1548 2669 1603 hoc
2699 1548 2927 1602 induere
2957 1546 3560 1615 incorruptibilitatem.

1986 1640 2122 1693 Post
2154 1637 2290 1692 haec
2309 1637 2581 1694 Macarius
2613 1638 2886 1692 haeretico
2912 1655 2926 1691 :
2963 1635 3148 1701 Vides,
3190 1637 3392 1706 inquit,
3425 1635 3559 1703 quid

1987 1730 2151 1783 dicat.
2209 1728 2258 1784 Is
2317 1743 2448 1784 vero
2501 1726 2988 1798 respondetzMihi
3037 1727 3257 1797 quidem
3301 1742 3332 1780 e
3379 1726 3563 1780 verbis

1989 1817 2099 1870 noli
2153 1815 2314 1872 ﬁdem
2363 1816 2582 1882 aﬂ'erre,
2633 1817 2728 1872 sed
2787 1833 2978 1872 eamus
3023 1818 3088 1870 ad
3145 1816 3437 1886 sepulchra
3473 1815 3564 1870 :si

268 1889 476 1960 σκόπῳ
503 1907 521 1920 ·
557 1892 716 1962 μέγα
744 1897 930 1963 κακόν,
957 1898 1038 1952 ὅτι
1072 1901 1420 1974 πειράζωμεν
1449 1906 1538 1959 τὸν
1573 1908 1724 1972 Θεόν,
1758 1911 1875 1964 ἀλλ’

1991 1921 2158 1960 unum
2183 1921 2250 1961 ex
2279 1907 2352 1962 ibi
2374 1908 2688 1976 jacentibus
2713 1908 3090 1972 suscitaveris,
3116 1910 3285 1962 sciam
3305 1922 3400 1960 vos
3424 1907 3566 1962 bene

263 1981 402 2033 οὐδὲ
425 1981 544 2051 ἔχω
570 1985 923 2056 παρρησίαν,
947 1990 1174 2056 ἀξιῶσαι
1207 1994 1298 2047 τὸν
1319 1995 1452 2048 Θεὸν
1471 1997 1538 2050 δι’
1562 1999 1660 2053 ἕνα
1683 2001 1878 2072 δαιμοο

266 2075 480 2125 νιακδν
504 2075 842 2144 τηλικοῦτον
868 2085 1090 2151 σημεῖον
1107 2085 1381 2152 γενέσθαι.
1419 2087 1566 2156 λέγει
1600 2092 1628 2143 6
1660 2093 1881 2146 ἐπίσκο-

464 2169 636 2238 οὒχί,
691 2171 883 2242 πάτερ,
939 2174 1073 2230 ἁλλά
1123 2177 1189 2230 δι’
1239 2180 1532 2253 ὁλόκληρον
1564 2189 1877 2256 παροικίαν.

273 2257 411 2349 τότε
443 2258 793 2330 ἀπέρχονται
821 2264 922 2327 ’έως
959 2266 1066 2321 τῶν
1113 2272 1431 2341 μνημάτων,
1467 2277 1561 2328 καὶ
1605 2278 1830 2349 ἄρχεται
1855 2285 1883 2336 ό

296 2345 618 2439 Ἱερακίτης
649 2352 1026 2409 ἐπικαλεῖσθαι
1058 2357 1307 2428 δαίμονα.
1342 2364 1400 2416 ού
1426 2364 1535 2435 γὰρ
1560 2366 1620 2438 δή
1646 2345 1748 2422 που
1783 2370 1883 2439 ψυ-

297 2438 398 2507 χὴν
440 2442 693 2509 ἠδύνατο
727 2445 1020 2513 ἀναγαγεῖν
1063 2449 1224 2522 ψιλὴν
1271 2457 1364 2506 καὶ
1404 2459 1639 2528 γυμνήν.
1673 2461 1765 2513 καί
1798 2438 1882 2526 Ῠὼς

301 2532 446 2584 οὐδὲν
471 2533 728 2604 ἴσχυσεν,
764 2538 1039 2592 ἀντέκειτο
1059 2541 1115 2594 δὲ
1139 2543 1289 2614 αὐτῷ
1311 2545 1529 2616 ἀληθῶς
1559 2551 1620 2602 τὸ
1654 2552 1882 2623 Πνεῦμα

301 2625 360 2676 τὸ
387 2625 567 2693 ἅγιον,
595 2627 750 2696 λέγει
777 2630 956 2693 αὐτοῖς
976 2649 988 2662 ·
1020 2632 1104 2686 διὰ
1124 2635 1222 2705 τὴν
1247 2637 1501 2692 ἀπιστίαν
1526 2641 1678 2711 ὑμῶν
1703 2645 1763 2696 οὐ
1790 2645 1882 2697 δύ-

297 2733 466 2783 ναμαι
492 2719 730 2786 ἀνάγειν
772 2722 837 2773 9°.
866 2723 1208 2795 παραχρῆμα
1240 2726 1296 2779 δὲ
1326 2728 1592 2800 δριμύξας
1638 2735 1828 2788 ἑαυτὸν
1854 2737 1883 2787 6

295 2806 594 2877 Μακάριος
644 2809 860 2880 ἔκαμψε
905 2813 972 2866 τὰ
1011 2815 1230 2882 γόνατα,
1283 2822 1449 2891 μηδὲν
1494 2825 1881 2896 ὑποσχόμενος,

299 2899 395 2949 καὶ
420 2899 582 2968 ὦραν
616 2901 747 2970 μίαν
777 2907 1112 2974 παρατείνας
1147 2912 1204 2962 ἐν
1230 2916 1298 2984 τῇ
1328 2915 1459 2984 εὐχῇ
1499 2917 1636 2985 μετὰ
1665 2919 1884 2972 πάντων

301 2988 526 3059 ἀνέστη.
565 2992 666 3042 καὶ
706 2991 880 3062 τύψας
920 2997 962 3029 ἰ
996 2997 1074 3068 τῷ
1117 2999 1253 3071 βαῒῳ
1284 3004 1344 3055 τὸ
1377 3008 1565 3076 μνῆμα
1597 3037 1665 3048 -—
1694 3010 1743 3060 οἱ
1777 3009 1884 3081 γὰρ

304 3081 492 3149 ῥάϐδοι
526 3082 640 3135 τῶν
671 3084 788 3139 ἐκεῖ
839 3089 1084 3159 μοναχῶν
1122 3094 1186 3145 ὲκ
1217 3094 1384 3164 βαῖων
1413 3099 1552 3150 εἰσίν
1581 3129 1651 3138 -
1681 3101 1882 3172 ἐγείρει

303 3173 618 3247 ἄνθρωπον,
666 3181 763 3250 οὐχ
809 3182 1059 3252 ὑπόγειόν
1098 3203 1220 3239 τινα
1269 3188 1392 3258 ἄρτι
1438 3189 1839 3261 τελευτήσαντα
1867 3235 1881 3256 ,

1988 1999 2213 2067 sentire,
2276 1999 2392 2070 ipse
2444 2016 2546 2071 ego
2586 2002 2822 2054 animam
2877 2001 2994 2056 sine
3040 2015 3272 2068 corpore
3319 1998 3562 2053 aﬂeram.

1992 2089 2226 2145 Sanctus
2269 2107 2400 2147 vero
2441 2092 2712 2148 Macarius
2752 2093 2818 2146 ad
2861 2093 3177 2162 episcopum
3219 2105 3563 2146 conversus:

1992 2180 2244 2245 Multum,
2277 2183 2477 2253 inquit,
2513 2183 2669 2237 nefas
2714 2199 2868 2249 sane,
2909 2181 3077 2237 Deum
3106 2190 3339 2242 tentare,
3389 2195 3568 2248 neque

1989 2272 2342 2343 dignaturum
2382 2292 2506 2330 esse
2535 2291 2658 2330 eum
2690 2283 2910 2344 propter
2938 2289 3106 2327 unum
3148 2273 3567 2326 daemoniacum

1990 2368 2385 2438 276*tantum
2415 2367 2594 2422 facere
2610 2368 2826 2436 signum
2849 2365 3086 2419 conﬁdo.
3113 2363 3426 2433 Respondet
3451 2362 3568 2433 epi-

1991 2474 2192 2527 scopus
2218 2476 2231 2511 :
2269 2457 2510 2524 Minime,
2536 2468 2716 2527 pater;
2749 2469 3119 2511 verumtamen
3145 2466 3366 2525 propter
3395 2463 3566 2507 totam

1989 2550 2350 2603 vicinitatem.
2406 2549 2559 2604 Tunc
2591 2550 2847 2602 abierunt
2901 2549 2967 2602 ad
3020 2548 3334 2614 sepulchra.
3377 2546 3570 2614 Incipit

1991 2638 2265 2694 Hieracita
2297 2640 2555 2693 invocare
2593 2639 2940 2702 daemonem,
2989 2638 3082 2692 scd
3130 2638 3354 2690 minime
3393 2637 3570 2706 potuit

1991 2732 2226 2784 animam
2273 2745 2501 2784 evocare
2541 2740 2756 2784 tenuem
2805 2741 2858 2784 et
2911 2731 3134 2783 nudam.
3171 2729 3358 2797 .Quuin
3404 2730 3571 2798 igitur

1990 2819 2127 2872 nihil
2152 2818 2618 2888 ell'ccisset—ipsi
2644 2820 2789 2873 enim
2818 2821 3156 2890 repugnabat
3189 2821 3414 2889 spiritus
3437 2835 3568 2873 san-

1991 2916 2132 2972 ctus,
2154 2939 2223 2948 —
2239 2910 2307 2963 iis
2330 2928 2342 2962 :
2367 2908 2597 2979 Propter
2620 2911 3082 2975 incredulitatem,
3106 2911 3306 2981 inquit,
3330 2920 3568 2965 vestram

1992 3014 2104 3052 non
2132 3013 2357 3068 possum
2389 3000 2628 3052 animam
2671 3015 2925 3054 evocare.
2955 3001 3148 3052 Statim
3181 3001 3455 3054 Macarius
3493 3001 3572 3053 in-

1993 3088 2249 3157 dignatus
2305 3103 2478 3158 genua
2544 3089 2739 3156 ﬂectit,
2802 3091 2934 3144 nihil
2989 3108 3119 3144 vero
3181 3094 3462 3161 promisit,
3517 3101 3573 3148 et

1993 3195 2161 3248 quum
2195 3194 2360 3232 uitam
2413 3180 2602 3232 horam
2659 3183 2711 3234 in
2765 3183 3016 3237 oratione
3047 3193 3474 3252 perseverasset,
3515 3186 3569 3238 in

465 3269 583 3321 τῶν
622 3271 885 3341 ἀρχαίων.
923 3276 1017 3327 καὶ
1039 3280 1208 3343 φωνεῖ
1236 3257 1327 3330 τὸν
1371 3277 1589 3350 Ἱέρακα
1619 3257 1712 3335 καὶ
1739 3283 1884 3350 λέγει

1991 3278 2288 3339 conspcctu
2355 3273 2600 3325 omnium
2655 3273 2896 3326 surrexit
2946 3281 3000 3328 et
3041 3276 3336 3343 sepulchro
3393 3277 3571 3344 palma

301 3361 484 3430 αὐτῷ’
515 3361 771 3424 ἐξέτασον
796 3363 1002 3433 τοῦτον,
1031 3368 1078 3418 εί
1100 3369 1374 3438 ἐγείρεται
1403 3370 1580 3440 σῶμα.
1611 3374 1640 3424 6
1670 3373 1726 3424 δὲ
1751 3375 1885 3427 ἀπο-

301 3453 482 3519 ψύξας
529 3455 576 3484 ⁹¹
604 3453 699 3506 τοῦ
727 3453 976 3525 δαίμονος
1001 3458 1163 3510 αὑτοῦ
1194 3459 1646 3532 ὑποχωρήσαντος
1689 3465 1781 3516 ἐπὶ
1810 3465 1887 3534 τῷ

304 3543 618 3615 τηλικούτῳ
668 3547 876 3616 σημείῳ
913 3547 1096 3602 πίπτει
1141 3553 1220 3613 είς
1251 3553 1374 3615 τοὺς
1404 3553 1571 3618 πόδας
1608 3556 1701 3608 τοῦ
1732 3558 1887 3625 ἁγίου

313 3636 451 3705 μετά
486 3637 694 3701 παντὸς
716 3638 809 3691 τοῦ
836 3639 983 3694 λαοῦ.
1023 3641 1328 3711 ζητούντων
1355 3644 1412 3696 δὲ
1441 3645 1601 3698 αὑτὸν
1634 3648 1888 3714 φονεῦσαι

320 3727 382 3778 ού
413 3728 816 3798 συνεχώρησεν,
851 3731 965 3783 ἀλλ’
994 3733 1282 3802 ἀπήγαγεν
1321 3735 1482 3786 αὑτὸν
1513 3738 1592 3798 εἰς
1631 3735 1728 3805 τὴν
1763 3736 1888 3808 ἔρη-

331 3835 444 3886 μην.
470 3823 601 3887 φησὶ
631 3819 710 3884 δέ,
742 3822 823 3875 ὃτι
857 3824 1150 3895 ἐρωτηθεὶς
1171 3826 1198 3876 6
1227 3827 1483 3889 ἀναστάς,
1525 3829 1574 3878 εἰ
1604 3828 1888 3882 ἐπίσταται

326 3907 417 3961 τὸν
448 3912 702 3981 Χριστόν,
735 3913 838 3984 ἔφη
867 3953 881 3976 ,
912 3916 991 3968 ὅτι
1039 3917 1147 3970 οὐδ’
1187 3919 1480 3990 ἀκηκοέναι
1516 3922 1678 3974 αὐτὸν
1708 3922 1886 3996 [ζῶν].

323 4000 517 4071 Φαραὼ
553 4001 666 4072 γὰρ
711 4003 976 4071 βασιλέως
1009 4007 1218 4078 εἰρήκει
1250 4010 1712 4081 τετελευτηκέναι.
1760 4012 1890 4085 [πρὸ

315 4093 413 4162 τῆς
456 4094 761 4163 παρουσίας
806 4095 898 4148 τοῦ
933 4096 1166 4167 Χριστοῦ
1209 4095 1276 4172 ἦν
1328 4100 1437 4173 ⁹³.]
1478 4103 1746 4172 βαπτίσας
1797 4103 1890 4160 οὖν

315 4185 480 4237 αὑτὸν
520 4181 634 4254 εἶχε
670 4187 786 4256 μεθ’
832 4189 1023 4242 ἑαυτοῦ
1074 4191 1166 4262 ἐτη
1199 4193 1325 4263 τρία
1365 4195 1463 4266 τὴν
1502 4197 1677 4267 ἀληθῆ
1709 4198 1891 4252 λοιπὸν

314 4275 577 4347 κοίμησιν
611 4279 970 4349 κοιμηθέντα,
999 4281 1073 4346 ὡς
1099 4283 1360 4353 ἁρμόζειν
1388 4287 1474 4339 ἐπ’
1505 4287 1664 4340 αὑτὸν
1695 4290 1786 4344 τὸν
1814 4290 1893 4342 λό-

311 4384 409 4433 γον
435 4367 532 4420 τοῦ
560 4369 786 4440 Κυρίου,
818 4372 898 4424 ὅτι
917 4371 1038 4425 οὔτε
1063 4367 1218 4438 οὗτος
1246 4375 1491 4446 ἥμαρτεν
1510 4377 1630 4430 οῦτε
1653 4381 1701 4432 οἱ
1717 4383 1894 4448 γονεῖς

311 4460 508 4522 αὐτοῦ,
545 4461 660 4513 ἀλλ’
691 4463 775 4515 ἵνα
805 4464 1089 4536 φανερωθῇ
1123 4468 1169 4498 ⁹⁴
1193 4468 1225 4535 ὴ
1253 4467 1378 4533 δόξα
1398 4468 1493 4520 τοῦ
1515 4469 1670 4522 Θεοῦ.
1695 4472 1887 4542 ἠρώτα

1991 3359 2485 3427 pudsato—baculi
2519 3361 2686 3424 cnim,
2712 3363 2913 3430 quibus
2946 3365 3200 3417 monachi
3227 3366 3375 3419 illius
3402 3367 3574 3434 regio-

1991 3453 2076 3505 nis
2106 3461 2354 3516 utuntur,
2380 3453 2519 3506 rami
2547 3455 2848 3522 palmarum
2871 3458 3368 3511 sunt—hominem
3402 3457 3574 3510 susci-

1992 3552 2068 3596 tat
2100 3560 2207 3596 non
2237 3544 2291 3597 in
2325 3553 2467 3597 terra
2493 3545 2794 3610 defossum,
2823 3562 2995 3616 nuper
3029 3561 3328 3607 mortuum.
3380 3549 3472 3602 sed
3505 3564 3572 3601 cx

1993 3637 2232 3704 antiquis
2273 3637 2532 3705 aliquem.
2578 3637 2714 3689 Tum
2765 3637 3039 3692 llieracita
3071 3651 3266 3693 vocato
3293 3657 3305 3690 :
3330 3638 3569 3704 Quaere,

1994 3726 2193 3794 inquit,
2232 3742 2299 3780 ex
2331 3727 2455 3790 hoc,
2494 3743 2624 3779 num
2672 3728 2972 3798 suscitetur
3001 3744 3220 3798 corpus.
3273 3729 3376 3794 Qui
3417 3737 3572 3783 tanto

1995 3819 2152 3888 signo
2180 3820 2547 3880 exanimatus,
2579 3827 2868 3888 postquam
2894 3797 3125 3874 daemon
3160 3822 3228 3875 ab
3271 3837 3336 3875 eo
3365 3821 3573 3874 disces-

1996 3913 2088 3977 sit,
2143 3912 2210 3964 ad
2251 3913 2416 3981 pedes
2459 3915 2639 3966 sancti
2687 3914 3010 3983 provolutus
3063 3923 3144 3967 est
3192 3928 3316 3966 cum
3367 3922 3570 3967 cuncto

1998 4004 2220 4072 populo.
2250 4002 2428 4067 Quum
2452 4018 2584 4057 vero
2624 4019 2747 4058 eum
2789 4003 3039 4058 occidere
3073 4013 3429 4073 quaererent,
3463 4003 3573 4055 Ma-

1996 4095 2180 4148 carius
2212 4108 2308 4148 eos
2361 4093 2663 4163 prohibuit,
2707 4103 2872 4162 atque
2925 4094 2980 4146 in
3032 4109 3277 4148 eremum
3314 4109 3436 4147 cum
3479 4095 3571 4146 ab-

1995 4187 2171 4240 duxit.
2212 4184 2523 4239 Suscitatus
2559 4195 2738 4240 autem
2795 4187 3188 4255 interrogatus,
3237 4201 3368 4238 num
3408 4185 3571 4238 Chri-

1996 4288 2140 4333 stum
2174 4277 2541 4347 proﬁteretur,
2589 4278 2796 4332 dixisse
2845 4279 3037 4342 fertur,
3072 4293 3130 4332 se
3190 4293 3257 4330 ne
3299 4278 3575 4331 audivisse

1996 4369 2213 4440 quidem
2251 4370 2318 4424 de
2357 4384 2422 4424 eo
2474 4371 2528 4422 in
2563 4370 2675 4423 vita
2716 4386 2836 4424 sua.
2883 4369 3187 4423 Pharaonis
3236 4369 3380 4422 enim
3435 4373 3573 4439 regis

1996 4469 2241 4530 tempore
2285 4479 2343 4517 se
2390 4461 2594 4515 obiisse
2629 4461 2788 4522 dixit,
2837 4463 3070 4531 ideoque
3108 4469 3234 4515 ante
3280 4461 3573 4514 adventum

310 4548 407 4606 οὖν
440 4557 470 4606 ὁ
515 4554 814 4618 ἐπίσκοπος
850 4557 942 4609 τὸν
967 4557 1122 4624 ἆγιον
1159 4561 1466 4630 Μακάριον,
1501 4565 1549 4615 εί
1586 4563 1754 4634 ἀνέϐη
1799 4565 1886 4617 ἐπὶ

1997 4555 2206 4610 Christi
2260 4557 2411 4609 vixit.
2461 4556 2634 4622 Quem
2681 4571 2848 4624 quum
2898 4554 3235 4624 baptizasset
3280 4552 3572 4615 Macarius,

310 4648 412 4714 τὴν
449 4647 682 4717 καρδίαν
707 4649 870 4701 αὑτοῦ
898 4650 1024 4716 δόξα
1050 4652 1316 4706 τοσούτων
1341 4655 1721 4708 ὑποπεσόντων
1744 4656 1892 4727 αὐτῷ

313 4739 408 4789 ἐπὶ
436 4737 521 4805 τῷ
548 4737 849 4807 τηλικούτῳ
886 4740 1130 4810 σημείῳ;
1167 4743 1260 4794 καὶ
1299 4744 1569 4816 ἀπεκρίθη
1610 4746 1792 4815 αὐτῷ·
1832 4743 1892 4802 οὗ

313 4826 347 4896 ἡ
381 4825 582 4894 καρδία
607 4828 799 4896 σχολὴν
855 4826 966 4897 ἔχει
995 4829 1149 4893 δόξαν
1192 4832 1495 4903 ἀνθρώπων
1541 4837 1894 4906 παραϐλέψα-

316 4914 464 4977 σθαι,
499 4916 583 4967 ὅτι
618 4910 770 4978 οὗτος
790 4917 922 4971 Θεὸν
961 4919 1057 4989 μὲν
1078 4918 1228 4972 οὔπω
1269 4920 1431 4989 έγνω.
1465 4922 1492 4974 ὃ
1515 4922 1570 4974 δὲ
1603 4927 1764 4989 ποιεῖ,
1801 4927 1895 4979 ἀν-

315 5008 560 5080 θρώποις
582 5013 743 5064 ποιεῖ.
773 5013 802 5064 6
824 5011 879 5063 δὲ
902 5010 1148 5076 ἀξιωθεὶς
1185 5012 1438 5084 ἐπιπνοίᾳ
1457 5014 1612 5078 Θεοῦ,
1632 5015 1689 5067 ὲν
1715 5015 1894 5086 πολλῷ

322 5099 489 5166 ἀγῶνί
522 5103 670 5153 ἐστιν
702 5100 890 5174 ὥσπερ
917 5104 1008 5155 ἐπὶ
1039 5103 1198 5174 ξυροῦ
1225 5103 1416 5168 ἑστὼς,
1445 5105 1780 5176 φοϐούμενος
1818 5109 1892 5180 μὴ

325 5193 544 5262 ἐκπέσῃ.
585 5193 616 5245 6
650 5193 884 5257 τοιοῦτος
936 5193 1062 5264 μίαν
1101 5195 1268 5272 μόνην
1307 5197 1604 5265 ἐπιθυμίαν
1637 5198 1749 5269 ἔχει
1775 5239 1788 5261 ,
1833 5201 1894 5253 τὸ

322 5286 548 5352 ἐξελθεῖν
601 5288 668 5340 ὲκ
711 5287 806 5340 τοῦ
841 5287 1109 5351 σώματος.
1141 5289 1268 5358 περὶ
1308 5289 1416 5357 γὰρ
1463 5290 1620 5356 δόξης
1648 5291 1771 5345 οὐδὲ
1814 5295 1893 5356 εἰς

1998 4662 2183 4701 secum
2231 4646 2422 4699 habuit
2470 4641 2581 4700 trds
2637 4661 2832 4708 annos,
2883 4644 3083 4714 quibus
3135 4645 3338 4714 elapsis
3389 4659 3572 4697 veram

1999 4741 2090 4794 ille
2142 4739 2538 4796 {domuitionem
2599 4739 2882 4803 dormivit,
2951 4739 3064 4805 ita,
3133 4747 3193 4791 ut
3242 4739 3291 4790 ei
3359 4743 3576 4804 aptetur

1994 4831 2221 4886 verbum
2294 4830 2568 4884 Domini:
2616 4831 2806 4904 Neque
2869 4829 2960 4884 hic
3030 4829 3318 4900 peccavit,
3397 4841 3574 4896 neque

1997 4936 2252 4996 parentes
2319 4927 2479 4996 ejus,
2559 4925 2653 4979 sed
2735 4934 2792 4977 ut
2865 4925 3136 4978 reveletur
3215 4921 3385 4989 gloria
3457 4920 3568 4973 Dei.

1998 5015 2361 5085 Interrogavit
2405 5027 2584 5070 autem
2631 5014 2922 5084 episcopus
2960 5021 3210 5066 sanctum
3252 5011 3572 5074 Macarium,

1997 5123 2065 5160 an
2122 5123 2231 5160 non
2278 5108 2451 5177 gloria
2498 5109 2553 5160 in
2598 5123 2694 5160 cor
2738 5105 2857 5173 ejus
2894 5103 3230 5168 ascenderit,
3272 5111 3383 5156 tam
3431 5103 3574 5155 mul-

1997 5200 2069 5253 tis
2105 5207 2231 5253 ante
2263 5216 2386 5253 eum
2433 5197 2922 5267 procumbentibus
2970 5195 3042 5248 ob
3073 5201 3286 5248 tantum
3333 5194 3572 5264 signum.

1999 5292 2100 5346 Cui
2160 5292 2492 5363 respondet:
2524 5291 2696 5360 Cujus
2758 5305 2852 5344 cor
2913 5289 3087 5343 otium
3137 5288 3300 5342 habet
3347 5287 3574 5358 gloriam

1585 5435 1842 5490 VARIAE
1879 5435 2285 5491 LECTIONES.

409 5567 428 5596 ⁷
445 5564 632 5620 Corn.
656 5563 777 5618 cod.
801 5562 939 5632 ἐμὴ.

310 5637 512 5705 τίψας.

1016 5562 1067 5641 ⁸⁸.
1101 5564 1237 5641 Cod.
1278 5565 1806 5641 ato'zim.__”_Cod.
1859 5566 2074 5641 χωρῆς.
2151 5567 2196 5598 ⁹⁰
2229 5567 2302 5619 Ex
2338 5565 2504 5641 c_0ni.,
2542 5569 2663 5621 cod.
2720 5564 2986 5641 ἀνᾴγειςν.
3062 5563 3105 5594 ⁹¹
3154 5562 3283 5641 Eme

595 5635 640 5666 ⁹²
669 5635 851 5697 Corr.,
885 5633 1378 5706 cod._d:zowjrdxgr.
1454 5637 1501 5669 ⁸³
1541 5635 1714 5691 Verba
1748 5633 1906 5692 uncis
1941 5633 2150 5690 inclusa
2192 5645 2285 5691 aut
2327 5636 2508 5705 glossa
2553 5653 2619 5690 ex
2652 5634 2980 5706 marginejn
3027 5641 3233 5706 textum
3270 5633 3572 5706 illata,__aut

2151 5567 2196 5598 ⁹⁰
2229 5567 2302 5619 Ex
2338 5565 2504 5632 coni.,
2542 5569 2663 5621 cod.
2720 5564 2986 5633 ἀνάγειν.
3062 5563 3105 5594 ⁹¹
3154 5560 3405 5633 Emend,
3447 5559 3574 5614 cod.

311 5700 430 5788 loco
455 5721 562 5797 Sttio
597 5715 740 5760 mota
772 5720 899 5797 esse
941 5700 1226 5797 videntur;
1248 5700 1460 5797 Yocenr
1492 5706 1601 5771 ζῶν
1627 5709 1888 5797 ad’ver'ba
1918 5708 2024 5797 προ
2057 5709 2155 5788 τῇς
2191 5700 2490 5797 παροῦσίας
2516 5707 2618 5785 τοῦ
2646 5700 2890 5797 ξρισὲοῦ
2909 5700 2995 5797 ἢν..
3015 5705 3287 5787 pertinere
3321 5702 3570 5797 credidi:-

310 5779 430 5834 rim.
466 5777 637 5831 Forte
665 5793 805 5832 corr.
849 5775 980 5848 ἔφη,
1008 5775 1088 5848 ὅτι
1120 5775 1226 5848 οὐδ’
1260 5775 1554 5845 ἀκηκοέναι
1584 5777 1768 5848 αὐτόν,
1811 5775 2031 5848 saepe)
2059 5775 2158 5848 τῆς
2190 5775 2484 5848 παρουσίας
2529 5775 2892 5848 τοῦίΧριστοῦ
2927 5775 2952 5840 ς

1796 5850 1841 5882 νδ
1873 5847 2127 5916 Emend,
2159 5847 2278 5904 cod.
2309 5847 2756 5916 ήναφανερώθη.

305 5848 541 5922 φαραοῦ)
580 5849 688 5920 γὰρ
717 5847 986 5920 βασιλέως
1023 5847 1229 5918 εἰρήκει
1258 5847 1720 5918 τετελευτηκέναι.

2961 5768 3034 5827 ὦν
3063 5768 3129 5845 ἦν
3149 5789 3161 5802 ³
3192 5769 3385 5842 φαραὼ
3417 5769 3563 5838 (cod.
