4016 6448
481 369 588 424 915

1309 371 1409 426 SS.
1450 367 1921 425 MACARIORUM
1959 370 2289 428 AEGYPTII
2349 372 2437 427 ET
2476 372 2950 432 ALEXANDRINI

3653 374 3760 432 216

482 482 766 536 hominum
799 482 1146 552 respiciendi,
1187 481 1234 537 is
1263 481 1430 538 Deum
1485 484 1725 537 nondum
1769 485 2050 554 cognovit.
2083 494 2130 549 Α

2172 485 2368 539 ἔννοιαν
2388 487 2630 557 ἔρχεται.
2654 489 2960 560 ὑπόδειγμα
2983 488 3029 520 ’⁸
3054 487 3112 540 δὲ
3131 486 3344 540 δίδωσιν
3360 485 3510 556 αὑτῷ
3528 485 3761 555 τοιοῦτο,

481 575 645 647 277
675 577 720 630 Is
752 577 919 638 enim,
949 576 1212 645 quidquid
1239 575 1388 640 facit,
1422 577 1735 632 hominibus
1771 577 1920 631 facit.
1957 578 2062 643 Qui

482 682 614 720 vero
638 666 836 736 dignus
868 676 951 722 est
974 667 1190 722 habitus
1221 665 1408 720 afﬂatu
1434 665 1550 729 Dei,
1579 668 1625 722 is
1654 669 1708 721 in
1741 669 1912 722 multo
1941 685 2064 723 cer-

484 760 690 812 tamine
719 767 994 820 versatur,
1029 759 1187 828 quasi
1221 760 1278 813 in
1314 761 1580 812 novacula
1620 768 1811 824 staret,
1841 761 2059 826 timens,

486 865 556 904 ne
587 849 823 904 decidat.
881 849 1032 904 Talis
1070 867 1237 902 unum
1280 851 1456 904 solum
1499 851 1662 904 habet
1701 850 2060 916 desiderium,

485 941 799 1010 egredieudi
827 942 1040 994 scilicet
1069 958 1099 994 e
1119 956 1370 1010 corpore.
1396 941 1552 1006 Quod
1587 956 1716 994 vero
1745 942 1810 993 ad
1832 943 2090 1010 gloriam,

487 1035 700 1099 attiuet,
738 1033 872 1087 haec
900 1035 950 1087 ei
981 1049 1048 1087 ne
1081 1035 1134 1086 in
1167 1042 1408 1087 mentem
1443 1033 1668 1101 quidem
1704 1031 1871 1086 venit.
1909 1032 2061 1086 lianc

486 1134 668 1180 autem
725 1127 774 1180 ei
830 1125 1144 1178 doctrinam
1191 1123 1602 1179 deditzAdduc
1657 1124 1814 1189 mihi,
1862 1123 2060 1193 inquit,

485 1220 722 1286 aliquem
773 1217 828 1270 in
883 1218 1019 1271 mari
1077 1218 1442 1271 ambulantem
1499 1226 1554 1271 et
1607 1216 1820 1270 coelum
1869 1231 2063 1270 versus

485 1311 676 1363 oculos
713 1309 768 1362 in
799 1309 990 1370 solem,
1032 1308 1192 1376 cujus
1227 1309 1403 1362 radiis
1427 1316 1784 1370 sustentetur,
1823 1307 2065 1375 defigen—

487 1409 618 1463 tem,
651 1403 736 1456 cui
772 1403 896 1470 quis
934 1400 1232 1470 praecipiat
1260 1417 1273 1452 :
1307 1399 1362 1453 Si
1396 1401 1598 1463 locum,
1635 1399 1690 1452 in
1721 1414 1830 1468 quo
1874 1399 2067 1453 ambu-

485 1491 588 1555 las,
620 1491 842 1561 aspicis,
872 1493 924 1546 in
961 1505 1111 1545 mare
1143 1490 1530 1559 submergeris,
1552 1488 1684 1558 quid
1741 1489 1791 1544 ei
1833 1490 2067 1553 accidet,

2169 579 2261 632 καί
2303 595 2495 649 φησιν’
2545 580 2754 649 ἥγησαι
2798 581 2893 649 μοι
2943 597 3066 633 τινα
3106 579 3199 631 ἐπὶ
3249 577 3490 649 θαλάσσῃ
3527 595 3764 650 περιπα-

2168 671 2365 724 τοῦντα
2395 673 2490 724 καὶ
2533 673 2614 734 είς
2646 671 2872 742 οὐρανὸν
2906 672 3220 735 ἀτενίζοντα
3252 669 3332 738 τῷ
3359 669 3492 739 ἡλίῳ
3519 670 3626 722 ὑπὸ
3653 669 3765 722 τῶν

2173 763 2410 816 ἀκτίνων
2453 763 2620 818 αὐτοῦ
2665 763 3099 833 βασταζόμενον·
3141 762 3220 833 τῷ
3249 761 3475 830 τοιούτῳ
3515 761 3768 814 ὑποτίθε-

2177 855 2264 910 ταί
2305 874 2417 919 τις,
2449 857 2554 919 ὅτι,
2600 855 2694 910 ἐὰν
2723 856 2839 927 ῐδῃς
2873 857 2920 887 ’⁸
2945 855 3038 909 τὸν
3063 856 3251 920 τόπον,
3283 856 3367 924 ἐφ’
3395 847 3442 920 ᾧ
3469 855 3514 884 ’⁷
3542 853 3766 907 ὲπιΰαι-

2171 965 2313 1012 νεις,
2345 948 2615 1001 ποντώσει
2661 948 2730 1013 ⁸⁸,
2762 948 2815 1002 τί
2849 947 2916 1002 ἂν
2943 947 3106 1001 πάθοι
3145 945 3541 1016 παρακούσαςς
3577 944 3762 1008 οὕτως

2180 1039 2210 1090 ὁ
2255 1041 2320 1108 τῇ
2352 1040 2397 1070 ⁸⁸
2427 1039 2523 1091 τοῦ
2576 1037 2714 1090 Θεοῦ
2765 1038 2892 1108 δόξῃ
2921 1037 3242 1100 ὲνατενίζων
3277 1039 3440 1090 πατεῖ
3475 1036 3574 1107 τὴν
3610 1035 3767 1106 παρὰ

2170 1129 2474 1199 ἀνθρώπων
2501 1129 2679 1193 δόξαν.
2709 1129 2804 1182 ἐὰν
2827 1130 2883 1182 δὲ
2900 1131 3029 1200 περ)⁸
3048 1128 3252 1199 ταύτην
3274 1128 3516 1199 στραφῇ,
3535 1127 3765 1195 ἐκείνης

2171 1219 2446 1271 ἐκπίπτει.
2479 1219 2730 1272 ἐκπεσὼν
2762 1219 2819 1271 δὲ
2849 1220 3064 1289 ἐκείνης
3085 1259 3100 1284 ,
3128 1220 3194 1272 ὲκ
3215 1217 3428 1270 πολλῶν
3447 1217 3627 1270 ἄλλων
3655 1232 3768 1270 πα.-

2171 1307 2280 1359 Θῶν
2333 1306 2736 1371 κλυδωνίζεται.
2777 1309 2847 1361 τὰ
2890 1309 2946 1362 δὲ
2995 1309 3160 1362 λοιπὰ
3203 1309 3300 1362 τοῦ
3349 1307 3506 1375 ἁγίου
3538 1307 3766 1370 τούτου,

2172 1399 2310 1469 ὅπερ
2338 1394 2404 1468 ἦν
2441 1401 2692 1470 ἐλεήμων
2717 1401 2813 1454 καὶ
2843 1400 3168 1470 φιλάδελφος
3191 1400 3288 1451 καὶ
3309 1398 3482 1470 πόσην
3511 1399 3580 1430 ¹⁶⁹
3611 1393 3769 1468 εἶχεν

2174 1490 2444 1561 διάκρισιν
2473 1493 2601 1564 περὶ
2620 1491 2692 1545 τὰ
2719 1493 3046 1563 πράγματα,
3070 1493 3132 1545 τὸ
3159 1489 3406 1553 κατειδδς
3436 1491 3765 1560 σιγήσομαι.

484 1589 533 1642 si
565 1589 880 1643 inobediens
910 1587 1108 1642 fuerit?
1134 1585 1232 1651 Ita,
1266 1587 1359 1655 qui
1383 1587 1437 1639 in
1469 1586 1698 1655 gloriam
1722 1585 1816 1640 Dei
1843 1587 2032 1641 oculos
2068 1587 2318 1651 intendit,
2345 1587 2594 1658 gloriam,
2624 1603 2765 1658 quae
2792 1588 2860 1642 ab
2887 1588 3202 1642 hominibus
3229 1586 3500 1658 provenit,
3522 1584 3770 1654 pedibus

485 1683 683 1738 calcat.
709 1681 860 1736 Hanc
886 1690 1066 1736 autem
1101 1683 1147 1735 si
1178 1682 1422 1751 respicit,
1462 1681 1531 1734 ab
1573 1681 1664 1733 illa
1695 1681 1919 1735 decidit.
1951 1684 1995 1734 Α
2022 1698 2128 1751 qua
2160 1683 2207 1737 si
2237 1682 2526 1749 deciderit,
2564 1684 2753 1738 multis
2788 1684 2914 1738 aliis
2947 1683 3235 1739 affectibus
3278 1683 3534 1751 agitatur.
3561 1679 3769 1734 Cetera

485 1794 706 1849 quoque
753 1779 918 1848 hujus
967 1779 1177 1841 sancti,
1207 1793 1371 1848 quam
1421 1778 1736 1832 misericors
1784 1776 1952 1832 fuerit
1984 1787 2039 1834 et
2077 1779 2376 1844 fraternus,
2422 1789 2477 1834 et
2506 1789 2766 1849 quantam
2817 1779 3070 1835 habuerit
3098 1779 3480 1833 discretionem
3517 1775 3571 1830 in
3621 1789 3766 1843 ope-

485 1875 665 1939 ribus,
699 1890 846 1928 nunc
885 1874 1102 1944 quidem
1135 1873 1325 1927 silebo.

1757 1981 2022 2036 VARIAE
2060 1980 2468 2036 LECTIONES.

557 2101 604 2131 °~"
627 2099 762 2154 Cod.
791 2101 1124 2169 ὐπόδαγμα.
1201 2100 1247 2130 ⁸⁸
1269 2099 1404 2153 Cod.
1432 2098 1621 2169 7651¢._
1671 2097 1715 2128 ⁸⁷
1743 2090 1787 2164 ᾧ
1813 2111 1921 2169 om.
1935 2094 2093 2169 cod,
2126 2093 2310 2169 addidi
2329 2109 2393 2148 ex
2417 2094 2564 2148 coni.
2643 2095 2689 2128 "'
2719 2093 2855 2150 Cod.
2877 2093 3232 2159 ποντοῦσαι,
3259 2096 3394 2148 forte
3421 2092 3592 2147 mavis
3609 2106 3764 2148 corr.

487 2170 823 2242 ποντωθήσει
863 2173 943 2226 vel
977 2163 1342 2239 ποντισθήσει.
1443 2171 1487 2201 ⁹⁹
1511 2167 1646 2223 Cod.
1672 2163 1769 2221 τί(
1827 2165 1894 2196 ¹⁰⁰
1925 2163 2058 2220 Cod.
2093 2167 2299 2218 πόσιν.

515 2389 710 2406 _——

1985 2529 2151 2599 278
2193 2531 2299 2596 Vl.

683 2701 1079 2763 SPECIMEN
1133 2699 1916 2761 INTERPRETATIONIS
1963 2698 2495 2761 GERMANICAE
2537 2699 2950 2773 ANTIQUAE
3005 2699 3557 2764 HISTORIARUM

1352 2866 1434 2915 DE
1459 2864 1720 2914 SANCTIS
1745 2862 2044 2913 MACARIIS
2068 2861 2388 2914 AEGYPTIO
2415 2863 2494 2912 ET
2521 2862 2975 2914 ALEXANDRINO

1185 2979 1234 3032 Ε
1289 2981 1464 3034 codice
1510 2980 1847 3034 bibliothecae
1883 2975 2214 3033 Jcsuitarum
2271 2978 2601 3033 Coloniensis
2654 2978 3037 3047 depromptum.

484 3242 599 3295 Cod.
626 3257 715 3292 ms.
744 3243 870 3293 Bibl.
893 3243 1194 3293 Jesuitarum
1215 3243 1381 3293 Colon.
1407 3242 1619 3291 chartae.
1642 3255 1773 3292 saec.
1798 3256 1877 3291 xw
1898 3245 1976 3293 vel
1999 3259 2059 3294 xv
2080 3245 2201 3296 satis
2225 3244 2355 3294 bene
2380 3250 2611 3293 exaratos
2628 3237 2734 3291 ειη-1

484 3469 573 3520 Est.
604 3470 758 3518 codex
786 3469 1120 3531 ms._t‘oliorum
1141 3468 1249 3518 500.
1284 3469 1335 3515 In
1364 3469 1503 3515 cuius
1526 3469 1760 3530 operculo
1813 3470 1994 3530 legitur
2016 3467 2272 3531 inscriptio
2299 3483 2310 3516 :
2341 3464 2465 3516 Bibl.
2492 3467 2554 3531 dc
2581 3463 2821 3531 croisViers
2849 3478 2866 3524 ;
2893 3479 3045 3531 quare
3070 3467 3131 3514 ad
3166 3465 3514 3531 bibliothecam
3555 3463 3760 3531 fratrum

545 3534 706 3579 crucis
729 3529 1092 3579 (ioloniensium
1118 3531 1232 3592 olim
1258 3525 1572 3592 pertinuisse
1599 3533 1808 3579 videtur.
1837 3525 2005 3579 Insunt
2040 3535 2084 3579 ei
2112 3525 2471 3592 pulcherrimae
2511 3529 2840 3592 de__Barlaam
2875 3536 2924 3575 et
2969 3529 3202 3592 Josaphat
3240 3529 3520 3589 sanctisque
3552 3525 3763 3592 senibus

544 3594 796 3649 historiae,
820 3594 1103 3653 germanico
1125 3589 1334 3655 quidem
1359 3590 1592 3640 idiomate
1633 3593 1935 3652 elaboratae,
1963 3597 2010 3643 in
2035 3589 2193 3655 iisque
2231 3593 2472 3655 plurimae
2493 3591 2557 3638 de
2587 3589 2808 3639 Macariis
2855 3602 2917 3638 ex
2939 3591 3115 3639 auibus
3145 3599 3356 3641 ouatuor
3383 3597 3568 3640 tantum
3593 3590 3672 3638 hic
3693 3589 3760 3637 ad

469 3707 473 3718 ,
544 3656 727 3704 codicis
748 3656 894 3704 tidem
918 3654 1283 3704 accuratissime
1305 3653 1576 3715 descriptas
1599 3657 1931 3718 preponimus.

1253 3911 1303 3965 1.

1085 4018 1186 4056 EYN
1216 4017 1465 4057 ZEICBEN.

553 4091 759 4150 Darna
827 4094 1054 4150 sachten
1111 4110 1170 4164 sy
1220 4110 1321 4148 ous
1356 4094 1498 4148 ouch
1543 4110 1644 4165 eyn
1704 4098 1913 4151 selssen
1965 4099 2069 4152 zei-

485 4191 647 4246 chen.
693 4190 739 4243 lt
772 4203 888 4242 was
921 4203 1024 4258 cyn
1059 4187 1188 4256 rycli
1222 4201 1348 4238 man
1379 4187 1445 4240 de
1484 4187 1660 4241 haddc
1693 4204 1829 4258 eync
1860 4191 2068 4245 schone

484 4281 735 4336 dochter.
765 4279 885 4333 Vnd
918 4279 1047 4331 omb
1079 4277 1146 4331 de
1175 4292 1239 4331 so
1265 4276 1427 4330 warll"
1449 4293 1552 4348 eyn
1589 4280 1938 4349 yuugclinck.
1971 4280 2066 4334 Ind

486 4375 558 4426 do
584 4389 645 4442 sy
665 4386 784 4425 eme
816 4386 947 4441 syns
974 4370 1142 4422 bosen
1172 4369 1354 4422 willcn
1389 4370 1501 4422 ncit
1531 4369 1587 4422 in
1609 4370 1822 4424 wolden
1848 4372 2061 4440 volgcn.

487 4465 567 4516 Do
600 4462 831 4517 machde
864 4463 963 4530 hey
994 4461 1086 4514 (lut
1121 4469 1233 4530 myt
1266 4477 1604 4533 zouueryeu.
1665 4462 1768 4516 Dat
1807 4479 1867 4534 sy
1897 4464 1945 4517 ir
1976 4480 2070 4516 va-

489 4552 587 4604 der
614 4549 706 4603 ind
735 4550 784 4602 ir
815 4549 1024 4602 moder.
1055 4547 1148 4601 ind
1181 4550 1269 4618 vyl
1302 4550 1533 4620 anderrp
1567 4552 1693 4606 lude
1725 4554 2069 4623 ncytandcrs

487 4641 543 4695 in
580 4657 781 4710 saegen
826 4640 932 4693 dan
980 4656 1079 4692 vur
1110 4656 1215 4710 cyn
1259 4643 1388 4712 wylt
1434 4650 1575 4712 pert.
1610 4643 1727 4696 End
1767 4645 1834 4698 da
1875 4661 1978 4699 van
2023 4647 2070 4699 ir

487 4733 659 4788 vader
705 4731 798 4785 ind
837 4734 883 4784 ir
912 4731 1100 4785 moder
1130 4732 1221 4785 ind
1255 4733 1301 4784 ir
1329 4733 1501 4787 andcr
1559 4743 1724 4788 vruut
1778 4751 1962 4790 waren
2014 4737 2069 4790 iu

490 4826 758 4896 groissem
787 4823 969 4895 lyden.
1000 4823 1095 4877 lnd
1133 4825 1345 4878 voirteu
1399 4840 1461 4894 sy
1505 4835 1792 4895 gezoumet
1837 4828 1929 4882 ind
1977 4844 2070 4895 ge-

489 4917 708 4971 lmnden
761 4933 863 4970 vur
893 4918 998 4971 den
1038 4917 1290 4986 heyligen
1339 4918 1510 4971 vadcr
1546 4927 1706 4972 santc
1762 4921 2067 4976 machario.

487 5005 588 5060 lad
619 5007 829 5076 vcyllen
863 5021 966 5060 vur
997 5022 1132 5077 syne
1164 5021 1362 5076 voysse
1386 5014 1500 5076 myt
1531 5009 1800 5076 groissem
1839 5025 2068 5081 weyncn

490 5099 586 5152 ind
635 5100 902 5169 sprachen
951 5116 1014 5154 zo
1056 5116 1193 5154 eme.
1250 5100 1419 5153 Ouwe
1459 5100 1672 5171 heylige
1721 5101 1891 5157 vader
1937 5105 2070 5159 dese

490 5200 674 5262 magct
703 5191 769 5244 de
803 5191 876 5246 du
919 5193 1037 5248 heir
1069 5210 1201 5263 suys
1237 5192 1333 5247 dat
1365 5209 1478 5247 was
1511 5208 1647 5248 onse
1674 5193 1922 5250 dochter.
1975 5196 2070 5250 lnd

2101 3920 2142 3975 lt
2175 3913 2339 3984 279
2359 3912 2470 3967 ncit
2494 3909 2805 3981 deirlyches
2822 3923 2892 3962 an
2917 3909 2983 3964 ir.
3021 3907 3128 3962 dan
3159 3923 3293 3979 cyns
3323 3909 3622 3979 mynschen
3654 3924 3757 3962 na-

2171 4014 2310 4060 ture.
2360 4006 2500 4058 ouch
2534 4005 2587 4057 in
2628 4005 2674 4057 is
2705 4019 2771 4056 an
2805 4003 2940 4055 irme
2975 4002 3098 4072 lyue
3131 4001 3244 4055 neit
3276 3999 3587 4054 deirliches.
3635 3999 3756 4055 Mer

2173 4099 2215 4151 it
2245 4097 2292 4152 is
2332 4096 2386 4149 in
2421 4097 2517 4150 der
2552 4095 2677 4148 lude
2702 4110 2876 4163 ougen
2901 4092 2968 4147 de
3000 4109 3061 4162 sy
3093 4108 3161 4144 an
3208 4091 3326 4146 sicn
3356 4091 3462 4146 den
3511 4090 3759 4146 duncket

2169 4187 2260 4241 dat
2290 4188 2336 4242 is
2360 4203 2464 4240 van
2497 4187 2593 4240 des
2622 4186 2820 4239 duuels
2850 4184 3081 4238 wercke.
3116 4182 3235 4236 Vnd
3265 4183 3335 4238 do
3373 4183 3473 4254 hey
3488 4183 3579 4237 dat
3608 4184 3756 4236 had-

2171 4280 2236 4334 dc
2264 4278 2622 4349 gcsprocheu.
2657 4280 2726 4330 da
2751 4278 2926 4331 voirte
2949 4278 3048 4347 hey
3090 4291 3152 4346 sy
3186 4277 3240 4329 in
3269 4291 3402 4345 syne
3445 4277 3599 4330 celle.
3651 4275 3756 4330 Iud

2171 4386 2240 4425 na
2274 4372 2358 4441 vyl
2387 4371 2619 4439 gebedes
2647 4369 2741 4422 dat
2772 4369 2876 4439 hey
2901 4383 3037 4422 ouer
3062 4384 3124 4438 sy
3158 4367 3313 4421 dede.
3347 4365 3425 4420 Do
3449 4366 3625 4422 sall‘de
3651 4368 3762 4438 hey

2173 4480 2231 4534 sy
2267 4463 2523 4532 mytolyc
2552 4463 2606 4515 in
2650 4464 2804 4516 deme
2841 4476 3035 4514 namen
3079 4475 3215 4513 ones
3253 4459 3420 4513 hcren
3455 4457 3576 4513 lhs
3613 4458 3761 4528 Xﬁs

2173 4554 2339 4606 Waut
2372 4569 2432 4623 sy
2463 4569 2566 4606 van
2595 4552 2859 4620 groissem
2893 4551 3132 4621 arbcyde
3165 4551 3270 4603 alle
3300 4567 3365 4621 yr
3396 4549 3579 4605 krael't
3610 4550 3759 4604 had-

2171 4647 2238 4701 de
2270 4646 2544 4698 vcrlorcn.
2574 4642 2652 4695 Do
2682 4642 2792 4711 μισ
2831 4643 2934 4712 hey
2979 4643 3024 4694 ir
3057 4657 3123 4696 zo
3155 4658 3314 4697 essen
3353 4641 3446 4695 ind
3479 4643 3655 4694 voirte
3689 4658 3761 4714 sy

2173 4739 2272 4791 her
2303 4753 2362 4791 vs
2383 4751 2446 4790 zo
2470 4752 2601 4790 eren
2637 4734 2908 4788 vrundeu.
2933 4733 3010 4787 Do
3038 4749 3204 4804 sagen
3237 4750 3296 4805 sy
3311 4749 3370 4802 sy
3395 4749 3462 4787 an
3490 4750 3591 4786 vur
3615 4749 3762 4804 eyue

2173 4827 2517 4882 iunﬁ‘rouwe.
2555 4827 2648 4880 Als
2685 4841 2746 4896 sy
2777 4828 2831 4878 in
2865 4825 2962 4879 dcr
2991 4825 3247 4878 wairheit
3281 4840 3416 4879 was.
3463 4823 3578 4877 End
3601 4824 3672 4877 do
3707 4823 3762 4879 ir

2173 4920 2341 4972 vader
2371 4919 2460 4971 ind
2486 4919 2566 4972 eir
2590 4925 2754 4970 vrunt
2789 4916 3117 4985 groislichcu
3152 4915 3440 4969 danckdeu
3471 4915 3759 4969 machario

2174 5013 2330 5067 deme
2366 5012 2616 5081 heyligcn
2662 5010 2829 5064 vader
2878 5009 2980 5063 end
3023 5017 3111 5076 got
3153 5007 3408 5061 loueden.
3447 5006 3526 5061 Do
3552 5008 3757 5076 sprach

2175 5102 2262 5156 hei
2295 5117 2359 5154 zo
2392 5103 2488 5154 der
2527 5100 2929 5172 yuutl’rouwen.
2974 5098 3077 5152 Des
3111 5098 3309 5152 duuels
3344 5098 3541 5166 gcwalt
3571 5100 3642 5154 ist
3684 5097 3760 5150 da

2177 5208 2279 5246 van
2313 5207 2382 5244 an
2414 5191 2500 5244 dir
2531 5191 2802 5261 schynber
2828 5188 3138 5260 geworden.
3169 5187 3335 5242 Waut
3367 5186 3576 5242 duhais
3603 5187 3767 5241 vunﬂ'

490 5284 627 5339 bosc
659 5285 785 5338 lude
815 5296 938 5354 synt
963 5301 1027 5339 zo
1055 5302 1295 5355 geuaren
1321 5287 1411 5341 ind
1443 5287 1613 5357 haynt
1648 5303 1709 5358 sy
1741 5287 1841 5340 mit
1867 5304 2071 5342 zouue-
2100 5267 2142 5323 (λ
2179 5285 2401 5339 weclicn
2432 5300 2534 5353 ayn
2566 5285 2669 5338 den
2695 5284 2944 5352 heyligen
2974 5283 3172 5337 Iicham
3209 5291 3335 5351 gotz
3367 5282 3614 5359 geweist.
3635 5281 3758 5335 End

491 5394 629 5450 rycn
660 5379 1015 5432 verwandelt.
1043 5378 1146 5432 Dat
1187 5397 1248 5451 sy
1280 5380 1328 5434 is
1368 5381 1660 5449 geworden
1701 5381 1783 5436 als
1823 5380 1894 5433 du
1943 5381 2072 5435 wail

497 5480 641 5526 sust.
669 5469 793 5524 Wir
818 5470 1036 5541 bydden
1060 5471 1185 5524 dich
1219 5471 1393 5526 durch
1417 5472 1522 5528 den
1553 5473 1824 5541 schepper
1862 5472 2072 5528 hemcl-

493 5561 646 5616 richs
674 5561 764 5616 ind
801 5562 1037 5617 ertrichs
1071 5561 1162 5615 ind
1188 5564 1254 5617 de
1287 5563 1391 5618 allc
1433 5573 1725 5618 creaturen
1758 5564 2070 5631 geschatfen

494 5651 634 5706 hait.
667 5651 769 5706 Dat
802 5653 872 5707 du
907 5652 1010 5722 god
1043 5651 1249 5722 byddes
1284 5652 1377 5705 dat
1422 5667 1478 5722 sy
1517 5653 1697 5706 weder
1734 5652 1938 5707 werde.
1973 5654 2069 5707 Als

495 5742 584 5797 hei
618 5758 822 5813 syovan
853 5745 1060 5799 eirsten
1099 5743 1215 5797 liait
1258 5744 1592 5812 geschail‘cn.
1636 5743 1712 5796 Do
1745 5744 1938 5800 lachde
1973 5745 2070 5799 der

498 5833 714 5907 bcylige
747 5836 910 5890 vadcr
937 5852 1033 5907 ειη
1065 5835 1360 5908 goitlichcn
1399 5834 1493 5889 iud
1519 5831 1832 5904 sprachJch
1865 5834 1919 5888 in
1955 5834 2069 5890 sicn

2179 5380 2298 5432 also
2324 5378 2535 5430 voirtcn
2588 5391 2648 5446 sy
2691 5375 2758 5430 de
2791 5376 3019 5430 dochter
3054 5373 3420 5428 mitvroudeu
3467 5372 3648 5428 weder
3689 5389 3758 5429 ιο

2176 5471 2388 5541 heyme.

2935 5559 2970 5596 Ο

2940 5597 2991 5613 ‘0

2250 5652 2358 5706 Dar
2386 5668 2453 5706 na
2485 5652 2717 5722 begerde
2746 5652 2844 5706 der
2866 5652 3080 5722 hcylige
3103 5650 3268 5705 vader
3297 5650 3388 5705 dat
3424 5651 3527 5722 hey
3554 5665 3753 5720 qneme

2177 5746 2233 5800 in
2264 5746 2366 5799 den
2392 5744 2732 5814 bongarden.
2771 5743 2968 5797 Jaume
3016 5743 3109 5796 ind
3160 5744 3378 5798 manbe.
3422 5743 3524 5796 Dat
3558 5747 3752 5798 'waren

2179 5838 2269 5894 die
2303 5853 2487 5893 zweuc
2514 5853 2790 5893 zouucncr
2825 5837 2890 5893 de
2936 5838 3003 5908 by
3050 5836 3301 5909 konynck
3340 5837 3580 5908 pliarone
3627 5849 3756 5891 wa~
