4016 6428
531 369 643 427 123

1345 370 1446 426 SS.
1487 369 1945 428 MACARIOBUM
1981 367 2310 425 AECYPTII
2362 370 2450 425 ET
2492 369 2959 426 ALEXANDRINI

3691 369 3808 426 εει

539 484 753 538 infinita
802 487 1151 540 saeculorum
1201 487 1420 541 saecula
1467 486 1738 556 requiem,
1793 486 1934 540 latae
1986 500 2119 540 vero

2222 486 2393 550 λύσιν,
2437 485 2538 555 τῆς
2583 486 2684 556 μὲν
2722 487 2916 556 στενῆς
2962 485 3056 539 καὶ
3087 483 3452 556 τεθλιμμένης
3481 484 3526 516 ³⁸
3557 481 3685 537 ὁδοῦ
3735 489 3807 535 τά

535 575 877 645 punitionem
902 586 1178 631 aeternam
1215 584 1268 630 et
1291 576 1468 646 ignem
1494 577 1782 646 gehennae
1819 583 1873 630 et
1902 585 2117 629 ceteras

534 682 729 722 omnes
770 683 997 737 poenas.
1035 667 1316 734 Quaenam
1369 669 1670 723 admonitio
1712 669 1849 722 mihi
1903 669 2117 738 reliqua

535 764 638 818 est,
667 773 774 827 qua
810 766 935 812 utar
973 759 1028 813 in
1062 760 1209 813 hunc
1243 759 1542 825 hominem,
1582 775 1746 829 quem
1776 759 1908 813 mihi
1947 760 2117 813 tradi-

533 847 616 902 dit
669 850 809 905 Deus
861 851 1326 906 custodiendum?
1374 851 1495 922 Ipse
1543 854 1688 906 enim
1753 853 2020 908 Dominus
2065 861 2119 907 et

536 938 680 992 Deus
715 949 904 994 noster
935 939 1099 995 Jesus
1129 942 1400 1006 Christus,
1433 941 1605 996 Filius
1637 942 1734 998 Dei
1764 944 1893 1007 vivi,
1926 945 2118 997 admo-

534 1039 633 1084 net
649 1039 704 1086 et
731 1032 1058 1086 cohortatur
1085 1041 1138 1086 et
1167 1033 1325 1086 decet
1345 1049 1556 1099 omnes,
1589 1035 1868 1090 abstinere
1895 1036 2119 1090 obscoe-

535 1125 624 1178 nis
655 1125 938 1194 operibus,
983 1140 1047 1177 ac
1087 1126 1171 1178 vix
1217 1141 1461 1194 unquam
1505 1127 1599 1180 ulli
1653 1128 1947 1182 observant
1994 1128 2120 1181 dili-

532 1227 725 1285 genter
750 1217 932 1269 divina
958 1217 1124 1268 verba
1152 1217 1294 1270 eius.
1324 1216 1456 1271 Dico
1486 1219 1652 1287 igitur
1673 1219 1721 1272 ei
1750 1237 1763 1273 :
1790 1218 1902 1272 Cur
1933 1229 2120 1272 exten-

535 1307 665 1359 disti
697 1321 892 1360 manus
910 1316 1031 1358 luas
1053 1321 1278 1375 gemens
1309 1323 1502 1361 versus
1527 1309 1777 1362 coelum?
1798 1308 1863 1361 Et
1891 1325 2120 1378 respon-

535 1399 624 1452 det
653 1399 783 1451 mihi
831 1399 1100 1468 angelus:
1144 1398 1439 1468 Conspicio
1478 1399 1775 1455 daemones
1811 1403 1959 1455 circa
1992 1418 2118 1456 eum

535 1488 878 1556 plaudentes,
912 1497 966 1543 et
1009 1489 1150 1542 alios
1185 1488 1476 1558 tragoedos
1507 1499 1752 1559 agentes,
1787 1493 1927 1546 alios
1967 1492 2118 1546 deri-

533 1579 724 1634 dentes
756 1595 880 1632 eum
921 1579 1204 1643 indecore,
1252 1589 1307 1632 et
1353 1580 1560 1632 idcirco
1605 1580 1923 1635 frendebatn
1956 1597 2122 1651 super

535 1670 844 1726 insolentiis
886 1671 1015 1734 illis,
1050 1679 1104 1724 et
1143 1671 1408 1740 precabar
1442 1672 1509 1724 ad
1544 1672 1734 1738 Deum,
1773 1680 1832 1726 ut
1865 1689 2118 1728 servare-

533 1769 624 1813 tur
671 1773 702 1812 a
754 1758 1118 1813 daemonibus
1171 1767 1421 1812 creatura
1467 1761 1620 1827 eius,
1663 1770 1718 1815 et
1771 1762 1939 1816 donet
1986 1763 2117 1816 mihi

2218 575 2528 646 διαδήματα
2555 577 2748 648 μικρὸν
2771 578 2869 647 μὲν
2893 576 3053 629 πόνον
3075 576 3266 646 ἔχοντα
3292 577 3428 647 πρὸς
3445 575 3506 629 τὸ
3528 574 3709 644 παρόν
3736 575 3808 633 ³⁷.

2220 669 2313 722 καὶ
2343 671 2422 731 εἰς
2449 669 2840 738 άτελευτήτους
2868 669 3077 722 αἰώνων
3104 668 3306 730 αίῶνας
3333 667 3431 737 τὴν
3465 667 3805 728 ἀνάπαυσιν,

2217 761 2316 830 τῆς
2336 760 2393 812 δέ
2423 760 2684 823 πλατείας
2706 760 2924 812 κόλασιν
2948 760 3163 813 αἰώνιον
3184 761 3278 812 καὶ
3301 759 3362 811 τὸ
3393 758 3504 829 πῦρ
3524 759 3624 827 τῆς
3643 755 3810 824 γεέν-

2220 868 2316 920 νης
2345 851 2560 912 καὶτὰς
2583 849 2774 913 λοιπὰς
2806 851 2985 913 πάσας
3012 833 3281 912 κολάσεις.
3321 849 3480 902 ποίαν
3511 847 3806 900 νουθεσίαν

2219 941 2327 1010 ἔχω
2367 941 2590 1010 ποιῆσαι
2623 942 2805 994 λοιπὸν
2839 943 2972 1013 πρὸς
3000 943 3091 995 τὸν
3117 943 3248 1012 ἐμὸν
3271 942 3582 1013 ἄνθρωπον,
3607 941 3671 993 ὃν
3707 957 3808 1009 μοι

2219 1031 2549 1102 ἐνεχείρισεν
2579 1034 2622 1064 ³⁸
2646 1033 2675 1084 6
2719 1034 2851 1096 Θεὸς
2885 1033 2979 1085 τοῦ
3023 1034 3244 1086 σκέπειν
3271 1034 3462 1097 αὑτόν;
3492 1033 3658 1094 αὐτὸς
3686 1032 3807 1102 γὰρ

2217 1126 2247 1176 6
2285 1124 2474 1194 κύριος
2509 1125 2602 1178 καὶ
2638 1125 2768 1189 Θεὸς
2800 1127 2958 1196 ήμῶν
2999 1127 3206 1194 Ἰησοῦς
3234 1125 3468 1196 Χριστὸς
3500 1125 3528 1175 6
3559 1125 3686 1185 Υἱὸς
3701 1121 3807 1176 τοῦ

2218 1213 2353 1265 Θεοῦ
2380 1214 2472 1266 τοῦ
2494 1214 2693 1277 ζῶντος
2717 1217 2953 1268 νουθετεῖ
2980 1217 3074 1269 καὶ
3103 1217 3410 1287 παρακαλεῖ
3430 1217 3524 1268 καὶ
3551 1215 3810 1267 διδάσκει

2218 1305 2429 1367 πάντας
2457 1306 2755 1376 ἀπέχεσθαι
2789 1307 2897 1359 τῶν
2928 1308 3150 1378 σαπρῶν
3189 1308 3470 1378 πράξεων,
3517 1308 3611 1358 καὶ
3642 1306 3809 1374 μόλις

2219 1397 2349 1450 ποτέ
2387 1414 2529 1461 τινες
2573 1400 2894 1452 σκέπτονται
2928 1399 3170 1470 ἀκριϐῶς
3210 1400 3339 1461 τοὺς
3379 1398 3554 1460 θείους
3601 1396 3811 1464 λόγους

2219 1488 2407 1541 αὐτοῦ.
2432 1489 2575 1556 λέγω
2603 1487 2694 1542 οὖν
2728 1492 2863 1560 πρὸς
2893 1491 3053 1544 αὐτόν
3073 1507 3086 1520 ο
3110 1489 3162 1542 τί
3183 1491 3452 1553 ἐξέτεινας
3473 1489 3570 1566 τάς
3603 1489 3811 1558 χεῖράς

2222 1594 2314 1629 σου
2346 1579 2615 1641 στενάζων
2645 1581 2780 1650 πρὸς
2809 1581 2899 1632 τὸν
2929 1581 3191 1650 οὐρανόν;
3217 1580 3310 1633 καὶ
3337 1565 3606 1649 λέγει’μοι
3642 1580 3672 1630 6
3703 1579 3813 1646 ἄγ-

2222 1667 2375 1734 γελος
2395 1686 2407 1698 ⁸
2448 1669 2557 1739 όρῶ
2589 1671 2714 1732 τοὺς
2743 1669 3001 1738 δαίμονας
3031 1669 3214 1738 κύκλῳ
3245 1669 3408 1722 αὐτοῦ
3443 1667 3807 1740 κροτοῦντας,

2223 1758 2318 1809 καὶ
2359 1758 2574 1827 ἐτέρους
2607 1759 3016 1828 τραγῳδοῦντας
3051 1760 3113 1821 ⁸³,
3146 1758 3400 1829 [ἐτέρους
3422 1758 3492 1830 ²⁰]
3521 1759 3810 1827 γελῶντας

535 1866 700 1904 unam
733 1849 878 1905 diem
912 1851 1103 1905 laetari
1137 1851 1191 1906 in
1220 1868 1284 1907 eo
1316 1853 1382 1907 de
1407 1854 1746 1922 poenitentia
1782 1856 1902 1910 eius
1935 1864 1992 1910 et
2029 1872 2114 1909 re-

2223 1850 2386 1904 αὑτοῦ
2421 1851 2690 1920 ἀσέμνως,
2717 1853 2810 1903 καὶ
2839 1851 3027 1904 τούτου
3063 1851 3247 1904 ἕνεκεν
3271 1850 3592 1921 διεπριόμην
3626 1851 3672 1880 ¹¹
3707 1852 3812 1902 ἐπὶ

534 1941 654 1995 ditu
698 1941 766 1995 ad
803 1943 1085 1995 meliorem
1113 1943 1281 1996 vitam
1311 1952 1364 1997 ct
1405 1946 1773 2013 confessione,
1805 1956 1859 2000 et
1892 1949 2115 2018 dignum

534 2032 723 2085 haberi
758 2047 865 2096 me,
898 2033 988 2086 cui.
1024 2032 1272 2087 tradalur
1303 2037 1487 2090 anima
1519 2039 1641 2093 eius
1676 2039 1729 2091 in
1766 2039 2118 2096 confessione

532 2132 588 2178 et
610 2123 946 2193 poenitentia
973 2125 1399 2180 incnntaminata
1432 2137 1486 2182 et
1511 2145 1646 2198 pura
1680 2147 1776 2199 per
1804 2131 2115 2196 Dominum,

535 2214 834 2269 iustificata
885 2215 1222 2284 benignitate
1273 2217 1392 2272 Dei.
1439 2219 1603 2290 287
1648 2221 1793 2276 llaec
1845 2223 1938 2276 ubi
1979 2223 2118 2276 dixit

533 2308 780 2376 angelus,
803 2305 1072 2375 disparuit
1097 2324 1162 2360 ex
1185 2309 1361 2364 oculis
1387 2314 1543 2366 meis.
1569 2313 1700 2368 Dico
1725 2323 1906 2369 autem
1935 2316 2116 2379 vobis,

534 2396 734 2450 fratres
755 2397 881 2458 mei,
898 2396 1043 2464 quod
1062 2407 1213 2451 certo
1240 2399 1378 2464 scio,
1403 2401 1613 2454 nullum
1632 2419 1757 2457 esse
1781 2403 2119 2459 immundius

533 2495 842 2555 peccatum,
879 2486 984 2541 nisi
1013 2490 1371 2554 adulterium,
1407 2499 1461 2545 et
1488 2491 1910 2548 fornicationem
1940 2505 1994 2549 ct
2025 2497 2121 2548 So-

533 2577 866 2630 domitarum
901 2578 1085 2632 scelus
1114 2578 1457 2635 detestabile.
1497 2581 1553 2635 Si
1590 2591 1772 2637 autem
1805 2585 1862 2638 in
1891 2585 1978 2639 his
2002 2602 2122 2655 pec-

533 2670 676 2723 catis
711 2685 941 2724 versans
983 2671 1051 2725 ad
1109 2672 1388 2727 meliorem
1435 2675 1647 2744 frugem
1694 2678 1970 2732 rediturus
2012 2687 2117 2741 est,

534 2760 827 2831 benignius
865 2777 993 2816 eum
1029 2764 1229 2833 recipit
1264 2764 1408 2820 Deus
1444 2783 1609 2836 supra
1633 2782 1825 2822 omnes
1863 2779 2119 2838 peccato-

534 2866 648 2920 res,
679 2853 810 2921 quia
841 2869 907 2906 ex
941 2853 1193 2909 libertate
1227 2856 1406 2909 oritur
1430 2858 1618 2925 passio
1646 2898 1659 2922 ,
1695 2858 1996 2913 veliﬁcatur
2021 2875 2121 2912 au-

534 2947 644 2995 tem
681 2941 728 2994 ei
762 2941 1015 2995 diabolus
1051 2958 1148 3012 per
1195 2945 1490 3012 pruritum.
1534 2946 1630 2999 Sin
1675 2957 1860 3001 autem
1888 2957 2120 3002 conetur

534 3029 662 3098 quis
709 3030 1042 3085 mortificare
1090 3034 1376 3101 passiones
1423 3037 1588 3090 hasce
1635 3037 1692 3090 in
1735 3038 2016 3108 vigilantia
2066 3046 2121 3093 et

536 3121 895 3184 continentia,
925 3120 1071 3177 Deus
1103 3125 1408 3195 exstinguit
1437 3141 1552 3182 eas.

2217 1941 2287 1992 τά
2334 1939 2661 2009 ἐλελίσματα
2689 1942 2731 1972 ²¹
2762 1943 2945 1993 ἐκεῖνα
2992 1942 3085 1992 καὶ
3125 1941 3376 2010 ηὐχόμην
3409 1939 3487 2009 τῷ
3515 1939 3656 2008 Θεῷ,
3713 1940 3810 1990 ἵνα

2220 2031 2390 2101 ῥυσθῇ
2423 2031 2530 2084 ἀπὸ
2561 2033 2667 2084 τῶν
2701 2032 2967 2102 δαιμόνων
2994 2032 3055 2084 τὸ
3090 2032 3318 2100 πλάσμα
3350 2030 3536 2091 αὑτοῦ,
3565 2031 3662 2083 καὶ
3692 2030 3809 2082 δω-

2220 2124 2452 2192 ρήσηταί
2481 2124 2528 2154 “
2563 2141 2652 2192 μοι
2689 2125 2817 2194 μίαν
2850 2124 3063 2194 ἡμέραν
3107 2125 3340 2193 χαρῆναι
3362 2126 3406 2153 ³⁸
3435 2123 3492 2174 ἐν
3525 2122 3678 2191 αὐτῷ
3710 2123 3814 2174 ἐπὶ

2217 2217 2282 2284 τῇ
2313 2215 2568 2285 μετανοίᾳ
2593 2215 2756 2267 αὑτοῦ
2784 2215 2880 2269 καὶ⁸
2911 2219 2977 2286 τῇ
3009 2217 3312 2287 ἐπιστροφῇ
3351 2213 3460 2266 τῶν
3490 2214 3668 2282 ἔργων
3705 2215 3815 2266 αῦ-

2217 2307 2310 2360 τοῦ
2354 2307 2448 2358 καὶ
2488 2309 2552 2378 τῇ
2587 2306 3005 2377 ἐξομολογήσει,
3037 2307 3132 2358 καὶ
3176 2305 3471 2375 ἀξιωθῆναί
3502 2307 3546 2335 ’⁵
3599 2323 3668 2374 με
3706 2306 3810 2358 τοῦ

2219 2398 2587 2468 παραδοθῆναι
2609 2401 2654 2430 ³⁸
2693 2400 2792 2468 τὴν
2839 2398 3016 2468 ψυχὴν
3070 2397 3235 2451 αὑτοῦ
3293 2399 3350 2450 ἐν
3401 2395 3810 2465 ἐξομολογήσει

2219 2489 2313 2542 καὶ
2358 2490 2614 2560 μετανοίᾳ
2656 2489 2879 2543 ἄσπιλον
2914 2491 3007 2542 καὶ
3051 2489 3294 2557 καθαρὰν
3331 2488 3418 2541 διὰ
3448 2487 3542 2540 τοῦ
3585 2488 3808 2556 κυρίου,

2218 2582 2505 2652 ἄμεμπτον
2532 2583 2574 2614 ⁸⁷
2597 2587 2663 2652 τῇ
2682 2581 2976 2651 άγαθότητι
3001 2581 3094 2634 τοῦ
3127 2580 3283 2636 Θεοῦ.
3317 2581 3410 2634 καὶ
3431 2579 3603 2633 ταῦτα
3628 2579 3808 2632 εἰπὼν

2218 2676 2246 2726 6
2274 2673 2502 2742 ἄγγελος
2532 2673 2766 2741 ἄφαντος
2804 2673 3021 2740 ἐγένετο
3053 2672 3160 2725 ἀπὸ
3194 2673 3299 2724 τῶν
3343 2670 3636 2740 ὀφθαλμῶν
3674 2686 3808 2739 μου.

2219 2766 2360 2833 λέγω
2413 2767 2469 2819 δὲ
2509 2767 2656 2835 ὑμῖν,
2709 2765 2925 2833 ἀδελφοί
2968 2783 3092 2833 μου,
3135 2767 3216 2818 ὅτι
3253 2763 3495 2834 ἀκριϐῶς
3529 2760 3671 2823 οἶδα,
3719 2763 3809 2814 ὅτι

2218 2859 2320 2910 οὐκ
2351 2856 2497 2910 ἐστιν
2528 2857 2660 2926 ἄλλη
2692 2856 3064 2926 δυσωδεστέρα
3101 2855 3381 2924 ἁμαρτία,
3422 2855 3471 2906 εί
3505 2854 3581 2929 μὴ
3614 2855 3647 2922 ἡ
3683 2870 3812 2922 μοι-

2220 2950 2342 3019 χεία
2369 2950 2415 2982 ³⁸
2438 2951 2583 3020 καὶὴ
2609 2949 2834 3019 πορνεία
2869 2949 2961 3000 καὶ
2992 2951 3026 3016 ἡ
3050 2950 3093 2980 ’θ
3124 2949 3233 2999 τῶν
3257 2947 3510 3016 Σοδόμων
3537 2948 3806 3000 ἐπικατά-

2223 3057 2412 3112 ρατος⁶
2445 3043 2540 3095 ἐὰν
2569 3042 2625 3094 δὲ
2653 3041 2795 3094 θέλει
2832 3042 2890 3092 ἐν
2918 3041 3128 3101 τούτοις
3163 3043 3274 3103 τοῖς,
3303 3040 3695 3110 ἁμαρτήμασιν
3727 3037 3806 3090 ὢν

2223 3137 2583 3204 μετανοῆσαι,
2630 3135 2960 3207 θερμότερον
3007 3135 3221 3203 δέχεται
3242 3135 3286 3165 ³ο
3319 3135 3480 3187 αὐτὸν
3507 3135 3550 3164 ³¹
3593 3134 3622 3185 ὁ
3665 3132 3802 3192 Θεὸς

537 3212 683 3283 ὑπὲρ
728 3215 938 3277 πάντας
987 3217 1111 3280 τοὺς
1145 3218 1535 3288 ἁμαρτωλούς,
1589 3220 1722 3273 διότι
1763 3222 1827 3274 ἐκ
1860 3221 2239 3294 προαιρέσεώς
2265 3229 2383 3281 ἐστι
2414 3228 2474 3281 τὸ
2503 3229 2695 3292 πάθος,
2730 3228 2987 3299 πληθύνει
3018 3230 3061 3259 ³¹
3095 3229 3153 3280 δὲ
3181 3228 3332 3298 αὐτῷ
3363 3231 3393 3282 6
3429 3227 3677 3289 διάϐολος
3714 3226 3806 3279 διά

535 3305 626 3360 τὸν
665 3305 1066 3378 γαργαλισμόν·
1097 3307 1192 3360 ἐὰν
1235 3307 1291 3360 δὲ
1327 3308 1455 3382 θέλῃ
1485 3327 1570 3372 τις
1591 3311 1635 3341 ³³
1661 3310 1978 3364 ἀποκτεῖναι
2015 3311 2084 3364 τὰ
2117 3313 2265 3384 πάθη
2310 3317 2482 3371 ταῦτα
2510 3321 2567 3371 ἐν
2605 3319 2881 3390 ἀγρυπνίᾳ
2915 3317 3009 3370 καὶ
3074 3317 3405 3389 ἐγκρατείᾳ,
3477 3317 3729 3387 ξηραίνει
3759 3316 3810 3348 ⁸⁵

537 3397 698 3454 αὑτά.

1309 3505 1364 3560 2.

927 3617 1178 3672 Eiusdem
1213 3620 1353 3672 aliae
1381 3622 1740 3674 narrationes.

609 3710 757 3766 Dixit
776 3727 970 3766 rursus
1017 3712 1158 3765 idem
1198 3721 1426 3766 sanctus
1473 3711 1784 3766 Macarius:
1839 3711 1937 3768 Die
1983 3727 2121 3783 qua-

538 3805 664 3859 dam
707 3807 971 3873 precabar
1025 3801 1092 3855 ad
1141 3802 1430 3856 Dominum
1477 3803 1669 3856 Deum.
1714 3803 1848 3857 Dein
1892 3804 2119 3874 suspexi

541 3897 599 3952 in
629 3897 840 3950 coelum
869 3896 1112 3956 intuens.
1139 3904 1191 3948 et
1223 3911 1371 3956 ecce,
1397 3904 1515 3948 erat
1541 3904 1813 3964 apertum,
1845 3905 1900 3950 et
1941 3897 2116 3966 ang-eli

540 3989 637 4043 Dei
667 3988 760 4041 alii
791 4003 1011 4042 sursum
1045 3987 1301 4040 meabant
1328 3988 1420 4040 alii
1466 3989 1748 4052 deorsum,
1795 3990 2010 4042 animas
2040 3989 2120 4043 ef-

542 4081 801 4135 ferentes.
834 4081 1057 4148 Aliquot
1096 4089 1277 4134 autem
1309 4079 1452 4148 nigri
1496 4087 1550 4134 et
1577 4081 1851 4135 tenebrosi
1897 4083 1951 4134 in
1996 4084 2120 4136 aére

541 4185 792 4240 magnam
822 4171 1094 4224 habebant
1123 4170 1568 4224 colluctationem
1595 4171 1844 4242 rapiendi
1871 4181 1926 4226 et
1947 4172 2122 4226 detra-

543 4263 707 4317 hendi
736 4263 948 4316 animas
983 4263 1287 4316 hominum.
1323 4262 1518 4333 Angeli
1563 4275 1752 4318 contra
1790 4264 2120 4320 resistebant

544 4357 763 4410 fortiter
787 4365 842 4410 et
874 4355 1077 4419 valide,
1116 4364 1306 4424 utpote
1351 4357 1510 4411 valde
1548 4358 1902 4412 verberantes
1939 4373 2036 4412 eos
2067 4369 2121 4412 et

542 4448 820 4504 salvantcs
843 4448 1078 4502 animas.
1105 4446 1324 4505 Rursus
1355 4450 1620 4518 suspicio,
1652 4457 1706 4502 et
1734 4465 1862 4504 ecce
1892 4450 2002 4503 duo
2023 4466 2120 4503 an-

543 4539 653 4609 geli
695 4539 749 4592 in
790 4540 1005 4592 coelum
1055 4539 1294 4596 hominis
1334 4543 1572 4594 animam
1607 4551 1974 4611 asportantes.
2016 4541 2116 4598 Ubi

545 4631 714 4700 igitur
775 4629 1293 4699 apprOpinquabant
1354 4633 1558 4687 telonio
1615 4632 1997 4688 fornicationis
2065 4645 2119 4689 et

543 4720 943 4776 moechationis
973 4729 1027 4776 et
1073 4722 1468 4778 andromaniae
1498 4753 1569 4765 --
1600 4725 1736 4779 haec
1793 4727 1940 4779 enim
1989 4735 2119 4780 sunt

2978 3531 3034 3578 ‘z.

2536 3631 2646 3684 Τοῦ
2687 3631 2872 3684 αὑτοῦ
2921 3632 3090 3698 ἕτερα
3124 3629 3474 3699 διηγήματα.

2296 3721 2488 3790 Ἔλεγε
2519 3723 2680 3774 πάλιν
2711 3725 2739 3775 6
2777 3723 2938 3786 αὐτὸς
2969 3723 3122 3790 ἅγιος
3154 3723 3438 3791 Μακάριος
3458 3762 3471 3784 ,
3504 3722 3586 3774 ὅτι
3613 3723 3673 3774 ἐν
3703 3724 3808 3793 μιᾷ

2219 3814 2408 3884 ἡμέρᾳ
2436 3809 2502 3884 ἦν
2530 3817 2665 3883 πρὸς
2686 3814 2890 3884 Κύριον
2911 3814 3003 3865 τὸν
3032 3813 3162 3866 Θεὸν
3195 3813 3648 3883 προσευχόμενος.
3680 3811 3804 3866 εἶτα

2220 3904 2492 3973 ἀνέϐλεψα
2521 3905 2565 3936 ³⁸
2616 3907 2695 3968 είς
2747 3905 2837 3956 τὸν
2891 3904 3118 3976 οὐρανὸν
3165 3904 3316 3967 ἰδών,
3369 3906 3464 3957 καὶ
3503 3905 3613 3957 ἰδοὺ
3645 3905 3691 3936 ³⁸
3731 3902 3803 3976 ἦν

2221 3996 2585 4066 ἀνεῳγμένος,
2605 3996 2699 4048 καὶ
2728 3996 2948 4064 ἄγγελοι
2980 3996 3072 4048 τοῦ
3103 3995 3236 4047 Θεοῦ
3265 3997 3313 4048 oi
3349 3996 3446 4066 μὲν
3474 3996 3572 4065 ἀνή
3585 4013 3799 4066 ρχοντο,

2219 4089 2270 4139 οἱ
2311 4087 2367 4139 δὲ
2403 4087 2755 4158 κατήρχοντο,
2802 4086 2899 4148 τὰς
2927 4086 3103 4156 ψυχὰς
3138 4085 3519 4156 ἀναφέροντες.
3555 4087 3697 4148 τινὲς
3742 4086 3804 4139 δέ

2225 4177 2450 4247 μέλανες
2487 4177 2582 4228 καὶ
2609 4175 2866 4244 ζοφώδεις
2900 4178 2956 4228 ἐν
2986 4175 3062 4246 τῷ
3091 4177 3212 4242 ἀέρι
3241 4171 3384 4244 εἶχον
3415 4176 3807 4245 περισπασμὸν

2222 4269 2388 4323 πολὺν
2420 4269 2461 4302 ³⁷
2492 4269 2584 4322 τοῦ
2613 4269 2879 4339 ἁρπάζειν
2913 4269 3005 4321 καὶ
3032 4269 3318 4338 κατασπᾷν
3349 4267 3447 4330 τὰς
3478 4266 3655 4335 ψυχάς
3687 4267 3808 4319 τῶν

2219 4361 2520 4433 ἀνθρώπων
2545 4402 2559 4426 ,
2607 4363 2656 4413 οἱ
2701 4361 2757 4413 δέ
2789 4360 3008 4429 ἄγγελοι
3039 4360 3359 4412 ἀνθίσταντο
3396 4359 3673 4430 κραταιῶς
3704 4362 3808 4412 καὶ

2225 4453 2458 4523 ἰσχυρῶς
2485 4452 2560 4514 ὡς
2589 4451 2789 4522 σφόδρα
2817 4452 3166 4521 μαστίζοντες
3192 4451 3389 4511 αὐτοὺς
3412 4450 3506 4502 καὶ
3535 4447 3806 4513 σώζοντες

2220 4545 2317 4606 τὰς
2349 4545 2545 4614 ψυχάς.
2583 4544 2762 4613 βλέπω
2793 4544 2849 4596 δὲ
2881 4543 3062 4608 πάλιν,
3094 4544 3184 4596 καὶ
3223 4544 3330 4596 ἰδοὺ
3362 4542 3407 4572 ³⁸
3447 4542 3540 4594 δύο
3578 4542 3806 4609 ἄγγελοι

2221 4637 2299 4698 εἰς
2344 4636 2435 4688 τὸν
2468 4635 2694 4706 οὐρανὸν
2731 4634 2909 4704 ψυχὴν
2955 4633 3242 4705 ἀνθρώπου
3277 4635 3551 4703 φέροντες.
3589 4633 3668 4696 ὡς
3704 4631 3808 4686 οὖν

2221 4727 2590 4798 προσέγγισαν
2633 4726 2708 4796 τῷ
2756 4726 2992 4796 τελωνίῳ
3025 4727 3068 4757 ³⁸
3112 4727 3212 4794 τῆς
3250 4726 3509 4797 πορνείας
3557 4726 3650 4777 καὶ
3697 4725 3809 4794 τῆς

544 4814 791 4868 omnium
847 4812 1178 4866 teloniorum
1220 4815 1569 4882 turpissima;
1598 4815 1651 4867 in
1677 4816 1761 4868 via
1789 4825 1969 4871 autem
2003 4835 2121 4872 sur-

2230 4818 2472 4888 μοιχείας
2498 4819 2540 4848 ⁸ο
2593 4820 2687 4870 καὶ
2726 4817 3086 4886 άνδρομανίας
3115 4817 3158 4848 ⁸¹
3210 4848 3279 4855 ———
3318 4817 3490 4871 ταῦτα
3529 4817 3638 4885 γάρ
3694 4819 3806 4870 εἰσι

544 4920 669 4962 sum
728 4905 936 4960 ferente
1003 4904 1515 4974 appropinquabant
1575 4906 1810 4958 animam
1868 4913 2116 4961 tenentes

547 4997 725 5066 angeli
771 4996 865 5051 Dei
909 5027 979 5040 —
1029 4997 1210 5066 coepit
1251 4997 1513 5066 princeps
1566 4997 1752 5050 telonii
1802 4997 2118 5067 obstrepere

548 5088 886 5143 horribiliter
921 5097 976 5144 et
1005 5090 1359 5146 vehementer
1384 5088 1697 5158 perturbari
1731 5103 1795 5143 ac
1829 5090 2015 5146 dicere
2052 5093 2119 5147 ad

2222 4911 2441 4964 πάντων
2468 4912 2573 4963 τῶν
2605 4909 2870 4963 τελωνίων
2910 4910 3235 4981 αἰσχρότερα
3255 4927 3269 4941 ⁸
3299 4912 3356 4963 ἐν
3386 4910 3489 4980 ὁδῷ
3519 4910 3627 4978 γὰρ
3664 4910 3808 4978 πρὸς

2222 5001 2290 5053 τά
2322 4999 2434 5053 ἄνω
2456 5001 2680 5071 ἦγγιζον
2706 5002 2755 5053 οἱ
2785 5001 3103 5070 κατέχοντες
3131 5002 3228 5070 τὴν
3253 5001 3430 5071 ψυχὴν
3458 5001 3680 5068 ἄγγελοι
3702 5002 3804 5053 τοῦ

2231 5091 2366 5144 Θεοῦ
2391 5092 2679 5162 -ἡρξατο
2722 5094 2750 5145 6
2793 5092 2976 5163 ἄρχων
3015 5091 3108 5144 τοῦ
3149 5093 3404 5145 τελωνίου
3435 5091 3809 5163 ταράττεσθαι

1813 5201 1897 5255 VA
1907 5203 2068 5258 RIAE
2105 5203 2507 5260 LECTIONES.

626 5311 671 5383 ’ξ
703 5310 882 5383 C_orr..
915 5313 1038 5366 cod.
1080 5315 1436 5383 τετλιϐἐνης.

554 5381 931 5456 ΐωδιοὼςτας.
1005 5383 1278 5456 'f_V9cem
1321 5381 1538 5456 ἐτέρους
1584 5389 1741 5441 uncis
1783 5381 2152 5443 inclusam'ex
2193 5393 2340 5444 coni.
2377 5391 2578 5445 addidi.

555 5450 940 5528 διεπρισάμην.
1028 5453 1207 5528 “__S_i_c
1259 5450 1428 5528 cod._,'
1462 5457 1599 5528 forte
1649 5458 2012 5528 ἐρεθίσματαῖ)
2086 5461 2131 5490 ’³
2169 5460 2303 5513 Cod.
2361 5460 2724 5526 δορείσηται.

556 5518 660 5570 τοῦ
683 5518 1002 5588 ἀξιωθῆναι.

553 5589 825 5670 μοιχίιι.“
853 5592 905 5670 ’ξ’
935 5590 1009 5670 E_x
1045 5591 1238 5670 _coni.,

562 5669 630 5720 τη
637 5675 688 5718 ς.

1281 5593 1402 5646 cod.
1443 5598 1512 5647 εὶ.

785 5657 828 5728 ξδ
868 5659 998 5712 Cod.
1035 5660 1306 5728 ξηραίνη.

1515 5318 1556 5348 ¹⁷
1583 5317 1761 5390 Corr.,
1796 5319 1917 5373 cod.
1942 5323 2194 5388 σταυρόν.
2274 5323 2316 5352 ³⁸
2341 5321 2520 5380 Corn,
2555 5321 2678 5373 cod.
2711 5321 3139 5390 ἑνειχείρησεν.

1077 5523 1122 5552 ’⁵
1272 5526 1438 5625 conli.,
1469 5523 1988 5625 cod.':zc;tpc:£)o-r£rut
2025 5530 2174 5596 (sic).

1077 5606 1179 5625 Innl
1281 5610 1362 5625 nn:
1447 5612 1470 5625 ι-
1699 5595 1752 5625 ‘n
1913 5599 2134 5625 Ann.-.“

1391 5636 1402 5646 .
1443 5598 1512 5647 εὶ.
1595 5598 1638 5625 ³⁰
1677 5598 1811 5650 Cod.
1871 5599 2158 5665 δέχαιται.
2237 5601 2278 5630 ³³

1384 5665 1428 5694 ³³
1469 5664 1714 5736 Emend.,
1747 5666 1873 5736 cod.
1907 5668 2278 5736 ἀναϐλέψας.

3223 5322 3262 5354 ¹⁹
3293 5320 3477 5382 Corr.,
3505 5321 3626 5376 cod.
3670 5339 3807 5388 τρα-

2657 5393 2700 5420 “
2733 5393 2865 5444 Cod.
2907 5392 3279 5458 διεπριώμην.
3331 5396 3410 5444 An
3445 5393 3619 5446 mavis
3651 5407 3804 5444 eorr.

2801 5464 2847 5492 “
2888 5463 3021 5514 Cod.
3075 5463 3366 5530 χαρείναι.
3444 5464 3490 5493 ³⁵
3525 5462 3661 5515 Cod.
3707 5465 3806 5515 καὶ

2252 5531 2293 5561 ²⁷
2332 5530 2405 5582 lix
2433 5533 2601 5589 coni.,
2629 5532 2751 5584 cod.
2783 5532 2936 5600 ἀμμε
2963 5548 3121 5583 πτωγ
3158 5533 3303 5598 isic).
3381 5533 3426 5562 ’⁸
3457 5533 3640 5590 Corn.
3674 5534 3802 5584 cod.

2237 5601 2278 5630 ³¹
2324 5601 2458 5653 Cod.
2502 5602 2668 5653 αὑτό.
2749 5601 2790 5632 ³³
2824 5603 2961 5656 (ὶοό.
2996 5603 3298 5668 πληθύι-η.
3379 5603 3422 5632 ³³
3462 5601 3596 5655 Cod.
3639 5603 3800 5667 (3an

2379 5671 2422 5700 “
2461 5669 2535 5722 Ex
2559 5671 2728 5728 coni.,
2764 5673 2892 5725 cod.
2927 5672 3074 5724 ὶδὼο.
3179 5673 3220 5701 ³⁷
3261 5673 3445 5732 Corn,
3477 5674 3598 5724 cod.
3650 5676 3806 5724 πολ-

557 5722 700 5787 λήν.
772 5725 818 5758 ³⁸
857 5728 988 5782 Cod.
1031 5722 1180 5784 2651-.
1251 5722 1292 5764 ⁴ί⁹
1333 5731 1512 5798 Corn,
1543 5735 1666 5788 cod.
1701 5722 1777 5804 τῷ
1802 5739 2084 5792 τελωνιον
2110 5722 2274 5810 (sic).
2333 5741 2376 5772 ⁵ο
2411 5739 2543 5795 Cod.
2567 5722 3119 5808 λιοιχίιιζίῘ-διίϐίκι.
3152 5722 3609 5811 ἀνθροραίοείαξέ.
