4016 6460
229 423 295 477 2‘35
1800 427 1932 484 ACT
1943 432 2006 481 Α.

3428 427 3534 484 Q26

223 542 352 606 δεινως
387 545 506 598 καὶ
542 547 971 604 ἀλλοιοῦσθαι
1000 553 1090 605 καὶ
1132 553 1308 621 λέγειν
1352 555 1488 623 πρὸς
1520 554 1645 616 τοὺς
1688 552 1854 620 ἀγγέ-

1962 546 2187 616 angelos
2205 544 2300 600 Dei
2324 566 2337 602 :
2368 547 2490 613 Quo
2521 553 2683 615 pacto
2701 561 2801 600 vos
2835 547 3074 599 animam
3094 541 3238 597 hanc
3260 545 3452 613 rapitis
3468 545 3538 598 ad

221 635 307 698 λους
331 634 426 687 τοῦ
460 637 663 691 Θεοῦ·
711 645 881 713 ποίῳ
921 642 1103 714 τρόπῳ
1136 645 1290 714 ὑμεῖς
1318 645 1418 714 τὴν
1447 644 1623 715 ψυχὴν
1649 643 1857 714 ταύτην

219 727 364 780 ἕλκετε
392 730 741 803 ἡμετέραν
776 738 1140 807 ὑπάρχουσαν
1162 737 1205 768 ⁸³
1230 753 1244 800 ;
1278 736 1528 804 λέγουσιν
1561 737 1608 788 οἱ
1635 735 1857 804 ἄγγελοι

218 819 324 882 πρὸς
344 820 526 872 αὐτόν
550 838 564 849 ·
611 824 682 875 τί
736 844 838 878 σοι
871 828 938 880 τὸ
968 827 1204 897 σόφισμα
1229 830 1286 881 ἐν
1316 829 1452 899 αὐτῇ
1475 869 1490 892 ,
1523 827 1678 890 εἰπέ;
1709 827 1858 896 λέγει

221 910 293 968 οὖν
327 914 553 977 αὐτοῖς·
602 917 712 971 ὅτι
769 920 891 984 ἕως
935 921 1035 989 τῆς
1074 921 1332 991 τελευτῆς
1373 920 1537 974 αὑτοῦ
1574 920 1856 992 ἐπόρνευε,

228 1008 313 1060 καὶ
333 1008 415 1077 τὴν
442 1008 806 1082 σοδομινὴν
832 1013 1106 1084 ἁμαρτίαν
1128 1013 1388 1077 πολλάκις
1415 1012 1520 1084 ἰδίᾳ
1545 1014 1860 1083 προαιρέσει

241 1103 521 1172 εἰργάζετο.
566 1104 647 1155 οὐ
698 1105 881 1174 μόνον
924 1105 980 1158 δὲ
1025 1105 1203 1168 τοῦτο,
1245 1105 1379 1158 ἀλλὰ
1424 1105 1518 1159 καὶ
1555 1105 1738 1176 ἔκρινε
1769 1103 1860 1157 τὸν

241 1193 434 1262 πλησίον
462 1193 662 1244 αὐτοῦ
691 1194 990 1264 λοιδόρως,
1015 1195 1108 1248 καὶ
1138 1195 1188 1247 τί
1211 1190 1302 1248 οῦν
1329 1195 1628 1266 δεινότερον
1654 1193 1860 1247 τούτων

239 1286 328 1337 τῶν
364 1284 778 1354 ἐγκλημάτων
815 1286 968 1357 ἔχετε
1003 1288 1183 1358 εὑρεῖν
1215 1289 1274 1340 ἐν
1312 1287 1494 1358 αὐτῷ;
1531 1287 1781 1354 λέγουσιν
1810 1287 1860 1339 οἱ

234 1377 472 1444 ἄγγελοι·
523 1378 581 1428 εἰ
638 1378 754 1429 καὶ
789 1372 861 1447 ἦν
901 1377 1271 1447 δεδουλωμένη
1309 1379 1343 1444 ἡ
1378 1377 1524 1446 ψυχὴ
1562 1374 1702 1445 αὕτη
1748 1377 1860 1438 τοῖς

229 1471 486 1532 τοιούτοις
519 1467 812 1532 πάθεσιν,
843 1469 954 1521 ἀλλ’
991 1469 1214 1538 ἐξέκοψε
1245 1469 1416 1522 ταῦτα
1448 1469 1504 1535 ἐξ
1535 1468 1704 1539 αὐτῆς
1731 1467 1861 1538 πρὶν

228 1559 258 1629 ἢ
291 1559 348 1611 τὸ
388 1558 554 1619 τέλος
590 1559 784 1628 αὐτῆς
829 1558 1021 1611 ἐλθεῖν.
1055 1557 1202 1627 λέγει
1244 1557 1302 1611 δέ
1345 1559 1373 1610 6
1411 1557 1686 1621 διάϐολος·
1718 1557 1860 1628 οὐχί,

228 1653 330 1704 οῦκ
360 1652 507 1718 ἐστι,
546 1651 635 1712 ὡς
673 1651 873 1718 λέγετε
906 1651 972 1716 ⁸³,
1004 1650 1140 1705 ἀλλὰ
1178 1651 1548 1722 άμετανόητος
1577 1649 1861 1719 ἐτελεύτη-

235 1757 320 1792 σεν
363 1741 475 1802 ἐως
533 1741 799 1811 ἐσχάτης
834 1742 1142 1810 ἀναπνοῆς,
1179 1741 1302 1811 μηδ’
1331 1743 1467 1804 ὅλως
1513 1741 1859 1812 παυσάμενος

230 1831 326 1894 τὰς
358 1831 610 1901 ἀνομίας
629 1848 644 1861 ·
677 1831 923 1902 οὐδαμοῦ
951 1831 1148 1902 εὑρέθη
1179 1831 1526 1903 ὲξαγόρευσιν
1554 1834 1860 1903 ποιησάμε-

229 1941 322 1986 νος
354 1923 402 1954 ⁵⁸
433 1923 554 1976 τῶν
588 1923 890 1994 ἁμαρτιῶν
921 1923 1085 1975 αὐτοῦ
1128 1923 1318 1977 πασῶν
1350 1923 1416 1986 ⁸⁵,
1449 1924 1482 1995 ἢ
1513 1923 1722 1994 άποχὴν
1749 1923 1859 1977 τῶν

227 2016 503 2087 πονηρῶν
527 2015 937 2087 ποιησάμενος,
967 2014 1080 2067 ἀλλ’
1108 2013 1280 2078 οὕτως
1307 2015 1645 2086 ἐτελεύτησε,
1675 2014 1860 2078 δοῦλος

224 2104 314 2158 ὧν
360 2108 465 2176 τῆς
511 2105 810 2176 ἁμαρτίας
842 2106 936 2157 καὶ
967 2104 1099 2176 ἐμὸς
1147 2105 1504 2176 συνεργάτης.
1545 2105 1667 2157 τότε
1710 2104 1859 2172 λέγει

218 2194 314 2263 εἷς
387 2199 504 2252 τῶν
566 2198 832 2266 ἀγγέλων
893 2196 987 2250 τοῦ
1030 2197 1167 2250 Θεοῦ
1203 2213 1216 2226 ·
1265 2197 1482 2268 ἀληθῶς
1541 2215 1624 2250 σοι
1683 2198 1730 2230 ⁸⁸
1781 2197 1860 2268 τῷ

224 2290 427 2361 ἐχθρῷ
479 2291 549 2343 οὐ
605 2289 976 2360 πιστεύομεν·
1016 2288 1152 2352 ὅλως
1198 2289 1307 2359 γάρ
1337 2288 1530 2358 ψεῦδος
1571 2289 1856 2360 ὑπάρχεις,

236 2383 535 2454 ἀκάθαρτε
559 2401 575 2412 ·
606 2382 754 2435 άλλά
784 2381 1034 2453 κληθήτω
1057 2381 1101 2413 ’⁵⁷
1125 2383 1154 2434 6
1182 2381 1415 2449 ἄγγελος
1440 2384 1468 2434 6
1499 2381 1608 2434 ἀπὸ
1635 2381 1727 2434 τοῦ
1764 2381 1860 2451 βα-

241 2475 568 2543 πτίσματος
612 2473 796 2536 δοθεὶς
839 2472 986 2542 αὐτῷ
1029 2475 1107 2536 εἰς
1144 2473 1572 2542 παραφυλακήν,
1607 2473 1858 2537 κάκεῖνος

241 2567 453 2634 φράσει
623 2563 908 2633 ἀλήθειαν,
939 2563 1014 2626 ὡς
1045 2563 1210 2615 ἔστιν.
1237 2562 1313 2625 ὡς
1340 2563 1396 2615 δέ
1427 2562 1627 2633 ἐκλήθη
1656 2565 1855 2628 ἐκεῖσε,

232 2650 313 2723 ἦν
363 2655 472 2726 γάρ
517 2653 929 2724 ἀσχολούμενος
961 2653 1088 2722 περὶ
1125 2652 1223 2722 τῆς
1264 2650 1444 2721 ταφῆς
1485 2651 1581 2704 τοῦ
1610 2651 1860 2721 σώματος

227 2745 459 2808 αὐτοῦ,
513 2744 779 2812 λέγουσιν
815 2742 862 2774 ⁸⁸
920 2744 970 2795 οἱ
1024 2743 1246 2810 ἄγγελοι
1301 2743 1485 2812 αὐτῷ’
1534 2742 1654 2796 εῑπέ
1702 2745 1854 2814 ἡμῖν,

227 2836 438 2906 ἑταῖρε
467 2834 516 2865 ⁵³
541 2850 556 2865 ·
591 2835 628 2902 ὴ
677 2832 824 2902 ψυχὴ
854 2832 992 2903 αὕτη
1030 2833 1355 2903 μετενόησεν
1396 2831 1490 2884 ἐπὶ
1521 2836 1642 2896 ταῖς
1673 2834 1857 2904 άμαρυ

231 2925 405 2986 τίσιες
442 2924 622 2992 αὐτῆς
657 2923 691 2992 ἦ
739 2922 1106 2976 συναπέθανεν
1141 2923 1368 2987 αὑταῖςς
1404 2923 1499 2976 καὶ
1541 2922 1858 2996 ἀποκριθεὶς

239 3017 450 3078 αὑτοῖς
482 3010 648 3068 εἶπεν
678 3016 707 3066 6
755 3013 1008 3081 ἄγγελος·
1052 3013 1160 3067 ἀπὸ
1202 3015 1300 3085 τῆς
1335 3015 1502 3086 ὥρας,
1546 3017 1603 3069 ἐν
1728 3035 1858 3070 κατ-

239 3113 466 3162 έπεσεν
519 3111 582 3160 ἐν
627 3110 696 3177 τῇ
738 3107 915 3177 νόσῳ,
953 3108 1080 3178 πρὶν
1123 3108 1156 3178 ἢ
1203 3108 1364 3161 αὑτὸν
1403 3109 1736 3180 βαρυνθῆναι
1773 3113 1858 3176 εἰς

241 3204 496 3272 μνήμην
527 3202 576 3233 ³⁵
621 3199 794 3252 ἐλθὼν
838 3197 932 3251 τοῦ
966 3197 1226 3261 θανάτου,
1271 3199 1473 3269 ἤρξατο
1507 3201 1724 3273 θρηνεῖν
1764 3205 1857 3255 καὶ

225 3292 521 3360 δακρύειν
543 3333 558 3355 ,
597 3289 695 3341 καὶ
727 3288 984 3343 ἐκάλεσεν
1024 3289 1197 3341 ἐλθεῖν
1236 3290 1326 3343 τὸν
1356 3291 1724 3362 πρεσϐύτερον
1756 3295 1854 3363 τῆς

227 3385 601 3453 ἐκκλησίας,
639 3384 732 3436 καὶ
765 3380 903 3435 κατά
937 3380 1106 3451 μόνας
1141 3380 1345 3451 ἧρξατο
1384 3381 1600 3452 θρηνεῖν
1629 3384 1723 3436 καὶ
1761 3384 1854 3437 δα-

226 3475 452 3545 κρύειν
511 3475 610 3527 καὶ
673 3470 1108 3542 ἐξομολογεῖσθαι
1164 3471 1345 3533 πάσας
1373 3473 1442 3503 δι’
1470 3471 1547 3542 τῷ
1595 3472 1714 3544 Θεῷ
1755 3473 1855 3538 τὰς

234 3568 550 3638 ἁμαρτίας
597 3565 763 3619 αὐτοῦ
796 3563 1026 3616 ἐνώπιον
1061 3562 1154 3616 τοῦ
1195 3564 1419 3635 ἱερέως,
1465 3565 1718 3618 ἐκτείνων
1755 3568 1854 3629 τὰς

235 3663 454 3730 χεῖρας
502 3657 673 3711 αὐτοῦ
724 3656 860 3727 πρὸς
900 3655 989 3708 τὸν
1026 3655 1277 3724 οὐρανόν,
1319 3656 1534 3727 πικρῶς
1581 3658 1854 3721 στενάζων

248 3755 367 3804 καὶ
391 3751 738 3821 ὀδυρόμενος.
768 3751 815 3800 εἰ
841 3744 932 3801 οὖν
959 3747 1336 3817 συνεχώρησεν
1365 3749 1393 3800 6
1415 3748 1544 3811 Θεὸς
1581 3749 1785 3818 ταύτην
1808 3751 1853 3782 ⁵³

255 3846 339 3911 τῇ
377 3843 534 3894 αὺτοῦ
577 3840 820 3910 ἐξουσίᾳ,
867 3841 958 3894 καὶ
992 3840 1135 3910 μάλα
1164 3840 1406 3903 εἰκότως,
1445 3835 1545 3891 εἶτ’
1567 3841 1687 3910 οὐχὶ
1729 3840 1856 3904 δόξα

254 3934 336 4000 τῇ
381 3931 748 4003 δικαιοκρισὶᾳ
773 3933 820 3963 ⁵³
849 3931 1046 3994 αὐτοῦς
1079 3930 1251 3983 ταῦτα
1287 3929 1619 3994 ἀκούσαντες
1661 3934 1707 3984 οἱ
1757 3933 1850 3985 τοῦ

255 4023 450 4088 ςεωτὸς
478 4023 704 4092 ἄγγελοι
735 4019 1117 4090 κατεγέλέλετο
1152 4021 1230 4092 τῷ
1265 4021 1496 4092 διαϐόλῳ
1526 4022 1786 4086 ἐάσαντες
1808 4023 1855 4055 ⁵⁸

253 4117 450 4169 αὐτόν.
486 4118 584 4169 καὶ
620 4117 790 4178 ὅντως
829 4113 1106 4184 παρῆλθεν
1151 4115 1186 4183 ἠ
1232 4113 1378 4184 ψυχὴ
1422 4114 1605 4183 ἐκείνη
1653 4117 1716 4167 ἐκ
1755 4115 1854 4184 τῆς

250 4207 497 4276 παγίδος
525 4208 573 4239 ⁵⁵
611 4207 722 4260 τῶν
768 4205 1122 4277 θηρευόντων.
1165 4205 1257 4257 καὶ
1297 4206 1460 4259 πάλιν
1493 4204 1710 4276 θεωρῶ,
1761 4207 1854 4258 καὶ

249 4300 526 4369 ἐφαίνετο
552 4299 714 4370 ἑτέρα
742 4298 910 4370 ψυχή·
930 4293 998 4369 ἦν
1024 4297 1080 4350 δέ
1111 4296 1270 4365 φύσει
1297 4297 1571 4369 εὐνοῦχος.
1600 4300 1692 4351 καὶ
1723 4317 1855 4352 κατ-

247 4394 505 4465 ηγόρουν
551 4390 701 4461 αὐτῷ
732 4391 982 4461 μεγάλως
1033 4392 1082 4444 οἱ
1119 4390 1372 4459 δαίμονες
1409 4389 1723 4460 ἐλέγχοντες
1758 4393 1854 4444 αὐ-

249 4484 357 4535 τοῦ
408 4484 544 4553 μιᾶς
579 4482 816 4551 ἑκάστης
849 4481 1121 4552 ἁμαρτίας
1153 4481 1272 4533 κατ’
1312 4476 1447 4543 εἶδος
1484 4484 1574 4534 καὶ
1605 4482 1695 4534 τὸν
1729 4483 1855 4553 τρό-

253 4586 366 4620 πον
397 4570 498 4620 καὶ
535 4568 627 4620 τὸν
662 4568 860 4629 τόπον,
891 4568 1140 4636 λέγοντες
1167 4568 1266 4631 τάς
1303 4569 1469 4621 αὐτοῦ
1506 4572 1770 4643 πονηρίας
1808 4574 1854 4605 ⁵⁸

253 4662 357 4711 καὶ
379 4660 617 4732 πράξεις
646 4659 896 4730 αἰσχράς.
928 4660 1019 4711 καὶ
1039 4660 1088 4712 οἱ
1113 4660 1334 4728 ἄγγελοι
1360 4659 1454 4712 τοῦ
1481 4660 1616 4714 Θεοῦ
1642 4664 1855 4716 ἀντέλε-

257 4769 359 4818 γον
385 4793 397 4814 ,
429 4751 786 4819 δικαιώματά
821 4768 941 4804 τινα
980 4751 1122 4821 ἔχειν
1159 4753 1319 4806 αὐτόν
1349 4768 1360 4783 ’
1394 4755 1451 4805 ἐν
1487 4756 1552 4824 τῇ
1591 4753 1703 4826 ζωῇ
1745 4757 1854 4828 γὰρ

262 4843 430 4895 αὑτοῦ
471 4841 740 4904 πολλάκις
768 4842 864 4894 καὶ
898 4845 1134 4913 πτωχοῖς
1160 4860 1212 4896 τι
1244 4842 1400 4896 ἐδίδω
1419 4845 1486 4908 ⁵⁷,
1517 4845 1632 4897 ἀλλ’
1672 4849 1720 4899 εἰ
1757 4850 1853 4902 καὶ

267 4935 507 5003 πονηρόν
545 4949 598 4983 τι
644 4933 928 5002 ἐποίησεν,
975 4934 1174 4996 εὐθέως
1214 4937 1507 5004 ἐστρέφετο
1556 4937 1853 5006 μετανοῶν,

270 5024 364 5075 καὶ
391 5023 666 5088 ὠνείδιζεν
694 5025 884 5076 ἐαυτὸν
910 5024 1006 5076 καὶ
1035 5025 1315 5096 ἐμέμφετο
1356 5027 1451 5079 καὶ
1484 5029 1736 5094 ἐστέναξε
1762 5031 1856 5084 δα-

276 5117 472 5185 κρῦων.
508 5119 604 5171 καὶ
648 5116 824 5171 ταῦτα
862 5117 1110 5182 λέγοντες
1143 5122 1190 5171 οἱ
1220 5119 1438 5188 ἄγγελοι
1459 5121 1554 5173 τοῦ
1583 5121 1718 5174 Θεοῦ
1749 5123 1848 5176 διι-

280 5208 588 5276 «napi-£9110
611 5209 659 5241 ⁵⁸
711 5208 810 5261 καὶ
863 5209 1172 5276 κατεγέλων
1199 5211 1244 5240 ⁵³
1294 5210 1368 5280 μὴ
1427 5213 1776 5282 κτερίζοντας
1806 5217 1851 5246 ⁸ο

272 5299 402 5359 τοὺς
431 5299 684 5369 δαίμονας
714 5298 1096 5368 ἁνθιστάμενοι
1127 5299 1222 5352 καὶ
1261 5300 1544 5364 πείθοντες
1569 5303 1635 5370 ⁶¹,
1663 5303 1780 5376 [ὡς]
1805 5306 1848 5336 ⁵³

1961 653 2065 692 nos
2088 640 2452 707 pertinentem
2475 640 2497 692 ?
2520 637 2876 707 Respondent
2906 638 3080 707 angeli
3101 639 3150 690 ei
3175 655 3186 690 :
3212 637 3333 702 Quo
3354 637 3543 704 sophi-

1959 737 2135 784 smate
2153 731 2325 786 uteris
2345 731 2396 785 in
2416 745 2502 795 ca,
2523 731 2642 785 dic!
2669 729 2984 799 Respondet
3001 729 3068 782 iis
3091 747 3103 783 :
3124 728 3263 794 Quia
3279 743 3451 798 usque
3472 727 3541 782 ad

1957 823 2123 876 ﬁnem
2155 822 2300 876 vitae
2329 822 2710 877 fornicabatur
2748 831 2803 876 et
2837 821 3221 877 sodomiticum
3257 829 3540 889 peccatum

1959 926 2122 980 saepe
2134 912 2358 981 propria
2377 913 2656 966 voluntate
2670 912 3040 982 perpetrabat.
3060 908 3246 978 Neque
3260 910 3310 962 id
3326 909 3536 964 solum:

1959 1010 2014 1056 et
2039 1001 2316 1055 iudicabat
2339 1002 2648 1071 proximum
2675 1017 2835 1055 suum
2863 1000 3242 1064 calumnians;
3279 1004 3333 1050 et
3363 995 3542 1064 quod--

1960 1109 2089 1148 nam
2125 1095 2347 1165 gravius
2382 1094 2531 1149 hisce
2571 1094 2897 1148 criminibus
2937 1091 3168 1163 potestis
3205 1089 3450 1144 invenire
3483 1087 3540 1140 in

1961 1187 2060 1241 eo?
2083 1185 2280 1239 Dicunt
2303 1187 2479 1256 angeli
2505 1201 2518 1237 :
2539 1184 2766 1238 Etiamsi
2790 1183 2924 1237 haec
2943 1182 3112 1251 288
3134 1181 3315 1234 anima
3342 1179 3397 1232 in
3421 1193 3539 1233 ser-

1960 1279 2137 1332 vitute
2159 1285 2278 1332 erat
2299 1278 2490 1330 talium
2525 1275 2840 1340 libidinum,
2881 1283 3066 1328 tamen
3105 1272 3406 1327 eradicavit
3445 1285 3540 1326 eas

1962 1383 2026 1420 ex
2066 1382 2125 1421 se
2166 1376 2460 1432 antequam
2513 1366 2637 1419 linis
2691 1365 2813 1419 eius
2866 1364 3110 1419 advenit.
3163 1361 3310 1416 Dixit
3357 1370 3539 1415 autem

1963 1457 2217 1512 diabolus
2246 1477 2258 1510 :
2294 1456 2542 1519 Minime,
2569 1471 2676 1510 non
2704 1463 2788 1508 est
2822 1463 2880 1508 ut
2914 1454 3117 1518 dicitis,
3144 1453 3239 1507 sed
3267 1451 3385 1505 sine
3405 1465 3540 1504 con-

1959 1550 2186 1603 tritione
2227 1549 2534 1618 permansit
2572 1547 2641 1600 ad
2685 1557 2992 1601 extremum
3041 1559 3217 1613 usque
3258 1541 3534 1611 spiritum,

1963 1657 2066 1696 nec
2111 1656 2337 1712 prorsus
2384 1656 2414 1694 a
2466 1640 2688 1710 ﬂagitiis
2724 1638 3013 1692 abstinuit.
3062 1635 3418 1704 Nequaquam
3451 1633 3536 1685 in-

1961 1733 2286 1787 veniebatur
2341 1732 2747 1786 abrenuntians
2801 1729 3058 1784 omnibus
3109 1727 3349 1797 peccatis
3397 1724 3532 1787 suis,

1963 1834 2055 1879 aut
2089 1825 2374 1879 abstinens
2409 1839 2440 1877 a
2468 1824 2646 1886 malis,
2679 1822 2775 1878 sed
2802 1822 2884 1878 sic
2908 1819 3172 1881 decessit,
3203 1824 3390 1886 utpote
3417 1831 3536 1870 ser-

1888 1903 1935 1963 Β
1960 1934 2064 1973 vus
2100 1917 2316 1988 peccati
2351 1925 2406 1972 ct
2442 1933 2598 1972 meus
2633 1923 2978 1985 cooperator.
3007 1913 3147 1967 Tum
3195 1911 3270 1964 ait
3300 1924 3443 1963 unus
3471 1924 3538 1962 ex

1963 2009 2174 2077 angelis
2205 2007 2300 2062 Dei
2337 2027 2351 2062 :
2381 2006 2522 2062 Vere
2561 2007 2661 2060 tibi
2685 2005 3006 2059 adversario
3039 2003 3198 2057 ﬁdem
3231 2017 3340 2055 non
3372 1999 3540 2054 babe-

1960 2114 2107 2152 mus.
2148 2097 2386 2153 Omnino
2415 2097 2562 2153 enim
2602 2096 2945 2152 mendacium
2977 2110 3061 2159 es,
3095 2091 3396 2146 immunde.
3430 2089 3540 2144 Sed

1963 2192 2262 2247 arcessitor
2305 2191 2531 2262 angelus
2581 2188 2710 2244 inde
2752 2203 2783 2242 a
2829 2186 3158 2257 baptismate
3193 2185 3355 2239 datus
3389 2183 3439 2238 ei
3482 2183 3541 2236 in

1961 2284 2293 2348 custodiam,
2323 2291 2378 2337 et
2414 2283 2508 2336 ille
2554 2280 2825 2335 indicabit
2858 2280 3168 2343 veritatem,
3212 2278 3394 2346 qualis
3432 2287 3537 2332 est.

1961 2375 2066 2441 Qui
2095 2383 2154 2428 ut
2181 2381 2414 2429 vocatus
2441 2380 2527 2428 est
2557 2371 2709 2435 illuc,
2735 2381 2858 2425 erat
2888 2371 3036 2425 enim
3062 2377 3369 2438 occupatus
3391 2369 3540 2422 circa

1963 2466 2304 2537 sepulturam
2347 2463 2602 2535 corporis
2647 2463 2790 2526 eius,
2846 2462 3038 2518 dicunt
3084 2461 3135 2516 ei
3175 2461 3352 2532 angeli
3395 2479 3407 2514 :
3445 2459 3542 2512 Dic

1963 2559 2147 2623 nobis,
2197 2558 2407 2623 amice;
2441 2556 2651 2611 haecne
2693 2556 2876 2609 anima
2900 2569 3166 2611 conversa
3211 2564 3298 2610 est
3339 2569 3369 2608 a
3415 2570 3543 2625 pec-

1963 2651 2107 2705 catis
2141 2650 2279 2712 suis,
2312 2666 2381 2702 an
2411 2650 2467 2702 in
2509 2650 2576 2702 iis
2607 2649 2780 2702 obiit?
2805 2650 2882 2702 Ac
2922 2648 3259 2717 respondens
3291 2649 3361 2703 iis
3401 2649 3542 2703 dixit

1965 2742 2192 2810 angelus
2211 2758 2226 2795 :
2246 2741 2326 2794 Ab
2342 2741 2497 2805 hora,
2519 2755 2626 2810 qua
2649 2739 2706 2793 in
2733 2741 2985 2794 morbum
3007 2741 3220 2805 incidit,
3247 2751 3540 2812 antequam

1965 2833 2393 2903 ingravesceret,
2441 2833 2840 2887 recordabatur
2883 2833 3102 2897 mortis,
3143 2843 3198 2887 et
3241 2834 3542 2903 incipiebat

1966 2940 2186 2994 gemere
2219 2932 2275 2980 et
2311 2926 2613 2989 lacrimari,
2654 2935 2709 2980 et
2741 2926 2926 2980 vocari
2961 2927 3124 2981 iussit
3158 2928 3543 2998 presbyterum

1964 3020 2258 3083 ecclesiae,
2303 3027 2357 3074 et
2389 3019 2710 3088 singillatim
2745 3021 2924 3088 coepit
2950 3019 3209 3090 plangere
3248 3027 3303 3074 et
3345 3020 3544 3077 deﬂere

1965 3123 2018 3166 et
2063 3111 2310 3166 conﬁteri
2343 3113 2527 3164 omnia
2557 3122 2787 3180 peccata
2835 3127 2935 3166 sua
2979 3111 3092 3167 Deo
3127 3127 3318 3167 coram
3357 3129 3542 3169 sacer--

1964 3203 2114 3267 dote,
2149 3202 2451 3257 extendens
2480 3218 2678 3258 manus
2700 3220 2831 3259 suas
2865 3219 3062 3261 versus
3095 3206 3331 3271 coelum,
3361 3222 3544 3262 amare

1963 3297 2254 3366 suspirans
2269 3303 2324 3349 et
2339 3294 2774 3364 congemiscens.
2793 3295 2852 3350 Si
2870 3297 3256 3368 igiturremisit
3273 3297 3416 3353 Deus
3439 3299 3543 3352 hoc

1961 3397 2252 3457 peccatum
2289 3402 2356 3441 ex
2390 3397 2661 3457 potestate
2683 3403 2804 3456 sua,
2834 3397 2890 3443 et
2921 3390 3025 3443 hoc
3061 3390 3216 3444 valde
3245 3399 3542 3446 consenta-

1961 3495 2124 3534 neum
2143 3487 2249 3543 est,
2267 3495 2446 3533 nonne
2467 3488 2582 3533 tum
2603 3481 2776 3549 gloria
2795 3482 2941 3534 iusto
2957 3481 3130 3549 ipsius
3150 3481 3542 3540 iudicio?Haec

1961 3571 2247 3625 audientes
2272 3569 2413 3624 lucis
2446 3571 2625 3640 angeli
2657 3571 2952 3625 irriserunt
2977 3572 3279 3637 diabolum,
3316 3575 3544 3630 mitten-

1962 3669 2044 3714 tes
2076 3674 2225 3713 eum.
2271 3659 2351 3712 Ac
2379 3675 2508 3713 vere
2540 3659 2715 3714 evasit
2756 3660 2938 3714 anima
2979 3660 3072 3714 illa
3102 3678 3132 3716 e
3169 3663 3366 3732 laqueo
3405 3665 3542 3717 insi-

1961 3749 2258 3804 diatorum.
2308 3750 2384 3803 Ac
2417 3750 2547 3803 dum
2578 3766 2775 3806 rursus
2806 3752 3110 3819 conspicio,
3146 3756 3398 3823 apparuit
3434 3757 3542 3810 alia

1960 3841 2164 3894 anima.
2193 3839 2325 3894 Erat
2354 3849 2536 3896 autem
2567 3851 2762 3896 natura
2795 3843 3104 3912 eunuchus,
3131 3857 3182 3899 et
3207 3847 3542 3902 accusabant

1961 3947 2086 3986 eum
2109 3933 2330 4001 copiose
2354 3932 2672 3998 daemones,
2694 3937 3088 4003 exprobrantes
3109 3937 3158 3992 ei
3187 3939 3540 3994 uniuscuius-

1960 4039 2068 4094 que
2085 4025 2301 4093 peccati
2329 4025 2613 4093 speciatim
2632 4036 2685 4080 et
2703 4029 2924 4081 modum
2944 4038 2996 4082 et
3017 4029 3219 4095 locum,
3246 4046 3541 4085 recensen-

1961 4125 2047 4172 tes
2076 4118 2198 4171 eius
2224 4117 2608 4186 itnprobilates
2628 4125 2683 4172 et
2706 4119 2848 4172 facta
2887 4121 3087 4190 turpia.
3132 4120 3198 4174 Et
3241 4123 3416 4192 angeli
3444 4122 3539 4178 Dei

1961 4210 2441 4279 obloquebantur,
2505 4211 2750 4266 iustitiae
2803 4226 2971 4281 opera
3011 4213 3279 4281 quaedam
3343 4215 3544 4270 habere

1959 4318 2111 4356 eum.
2159 4301 2221 4356 1n
2255 4303 2364 4356 vita
2408 4302 2553 4357 enim
2599 4304 2819 4374 saepius
2860 4314 2914 4359 et
2953 4306 3287 4374 pauperibus
3330 4308 3540 4377 aliquid

1961 4395 2255 4462 erogabat;
2277 4395 2481 4448 aclicet
2499 4395 2625 4447 mali
2648 4396 2779 4465 quid
2800 4395 2945 4458 fecit,
2979 4399 3162 4451 statim
3179 4401 3540 4455 converteba-

1960 4493 2052 4538 tur
2070 4485 2124 4538 in
2141 4484 2555 4546 contritionem,
2577 4494 2630 4540 et
2649 4485 2972 4554 obiurgabat
2991 4501 3047 4540 se
3068 4488 3244 4555 ipsum
3266 4500 3318 4544 et
3336 4491 3544 4560 vitupe-

1888 4611 1932 4666 Ι)
1968 4577 2124 4630 rabat
2151 4585 2205 4631 et
2237 4577 2636 4645 ingemiscebat
2680 4578 2998 4630 lacrimans.
3031 4579 3096 4630 Et
3128 4580 3260 4635 haec
3293 4581 3540 4637 dicentes

1961 4669 2142 4738 angeli
2173 4667 2267 4722 Dei
2296 4668 2568 4731 vicerunt,
2616 4665 2783 4737 289
2808 4674 2861 4721 et
2883 4666 3195 4722 deriserunt
3221 4671 3536 4734 daemones,

1961 4762 2054 4832 qui
2105 4776 2215 4816 non
2254 4761 2552 4829 sepelirent
2590 4775 2737 4823 eurn,
2783 4760 3145 4830 obloqucntes
3196 4771 3360 4831 atque
3390 4763 3537 4816 obti-

1960 4864 2175 4916 nentes,
2200 4852 2370 4907 Deum
2403 4851 2606 4905 habere
2631 4859 2957 4921 potestatem
2991 4853 3285 4906 xniserendi
3322 4854 3537 4908 animae

1957 4944 2100 5000 eius.
2132 4939 2350 4995 Rursus
2377 4947 2558 4994 autem
2585 4939 2840 4994 dicebant
2865 4943 3158 4995 daemones
3192 4956 3537 5013 conqueren-

1957 5042 2074 5090 tes:
2107 5034 2151 5086 A
2191 5034 2474 5086 iuventute
2520 5045 2641 5094 sua,
2687 5031 2964 5101 inquiunt,
3007 5033 3177 5085 multa
3209 5032 3336 5088 fecit
3364 5037 3531 5100 mala,

1955 5129 2150 5206 qualia.
2187 5125 2524 5179 dedecebant
2545 5124 2746 5192 ipsum,
2785 5125 2879 5192 qui
2919 5125 3268 5182 Christianus
3296 5137 3444 5184 esset
3480 5141 3536 5183 et

1955 5217 2269 5278 eunuchus,
2315 5213 2620 5275 fornicans,
2647 5214 2984 5280 adulterans,
3028 5225 3083 5271 et
3123 5221 3534 5276 commaculans

1957 5324 2017 5362 se
2046 5309 2189 5373 istis,
2219 5306 2312 5375 qui
2352 5304 2736 5359 sodomiticum
2772 5315 3058 5374 peceatum
3102 5311 3534 5376 committerent,

1544 5442 1803 5500 VARIAE
1841 5447 2243 5503 LECTIONES.

331 5557 375 5586 δ’
414 5556 549 5610 Cod.
579 5552 840 5623 ἡμετέρα
897 5550 1276 5620 ὑπάρχουσα.

264 5626 524 5681 πάντων.
646 5629 690 5655 ’ί
733 5628 918 5682 Corn,
953 5625 1075 5674 eod.
1111 5626 1210 5677 σύ.

267 5698 434 5758 coni”
459 5694 725 5764 cuipam";
747 5693 897 5762 (sic).
966 5691 1010 5722 ⁸¹
1049 5693 1182 5764 Qud.
1213 5695 1461 5763 πάντας.

272 5785 367 5830 τες
394 5771 539 5834 (εἰς).
599 5762 611 5764 “
639 5766 685 5796 ⁵⁸
722 5765 863 5834 Coti.
921 5762 1210 5834 παγήδος.

1354 5558 1398 5635 is
1571 5563 1717 5616 coni.
1741 5603 1755 5620 .
1783 5566 1932 5635 icod.
1961 5566 2218 5635 λέγεται.

1338 5627 1381 5657 ’⁸⁷
1421 5628 1554 5683 Cod.
1590 5634 1886 5698 κληθεῖεο.

1539 5701 1584 5730 δ’
1627 5705 1846 5776 Scilicet
1869 5708 2164 5776 ἁμαρτίαν.

1318 5768 1364 5798 ⁸⁵
1403 5771 1535 5842 (ind.
1577 5775 1898 5842 πονειρίας.

2297 5565 2344 5596 ⁸⁸
2395 5565 2529 5619 Cod.
2567 5567 3029 5636 ποιουσάμενος.
3098 5566 3142 5598 ⁵³
3191 5569 3368 5633 σοι-1⁸η
3405 5568 3531 5622 cod.

2023 5640 2067 5667 δ”
2106 5637 2243 5690 Cod.
2277 5637 2376 5688 καὶ
2428 5637 2694 5704 λέγουσιν.
2820 5641 2864 5668 δ’
2903 5639 3038 5693 Cod.
3084 5638 3267 5705 ἐτέρε.
3365 5639 3412 5670 ⁵⁰
3450 5638 3532 5692 Ex

2241 5709 2287 5738 ⁵³
2329 5706 2421 5760 Sic
2444 5709 2566 5763 cod.
2645 5710 2691 5739 δι
2731 5712 2806 5760 lix
2834 5710 3006 5773 coni.,
3036 5710 3158 5762 cod.
3190 5708 3532 5773 εαπτήσαν-

2022 5779 2066 5808 ⁵⁷
2113 5776 2310 5830 Vocem
2340 5793 2402 5828 ex
2441 5788 2594 5846 parte
2623 5779 2946 5832 exstinctam
2998 5795 3062 5833 ex
3107 5780 3251 5831 coni.
3292 5781 3530 5833 restitui.

275 5837 318 5916 ’,⁸
343 5832 992 5916 Εὐάκδιησχυρίζσντο-
1023 5915 1026 5916 ν
1070 5833 1112 5911 ἦτ’
1145 5836 1279 5916 (ὲίξιξτ
1308 5840 1672 5916 ξξαταγέλων.
1739 5832 1782 5876 δα
1804 5832 1986 5914 (luna,
2014 5848 2134 5902 cod.
2160 5832 2556 5916 κτηρίζονὲερ.
2623 5851 2663 5880 οι
2690 5849 2826 5902 Cod.
2851 5832 3163 5913 πιὶθοιθτες.
3246 5832 3303 5880 ⁶²⁷
3333 5832 3532 5904 Vocem

373 5908 527 5963 uncis
561 5901 840 5962 inclusam
866 5916 936 5955 ex
971 5901 1117 5954 coni.
1159 5905 1364 5958 addidi.

616 6004 906 6065 ΡΑΤιτοι..
941 5998 1063 6058 Gtt.
1099 5999 1388 6064 XXXH'.

3142 6016 3178 6072 8
