4016 6422
640 383 746 437 227

1430 381 1527 435 SS.
1598 377 2059 437 MACARIORUM
2100 373 2419 430 AEGYPTII
2462 376 2550 430 ET
2593 377 3066 432 ALEXANDRINI

3799 385 3894 439 εεε

640 511 805 569 atque
827 498 880 554 in
904 513 1094 554 omnes
1119 501 1411 563 insultans,
1442 500 1521 552 ira
1543 500 1914 553 exardesccns
1942 507 1995 551 et
2017 498 2212 549 imma-

2316 490 2402 547 ἵνα
2428 497 2470 526 ⁸³
2503 499 2530 549 6
2556 496 2688 557 Θεὸς
2727 496 2839 566 ἔχει
2879 496 3097 566 ἐλεῆσαι
3136 494 3233 564 τὴν
3264 494 3441 565 ψυχὴν
3492 494 3684 549 αὐτοῦ.
3729 498 3895 564 ἔλεγον

639 592 784 644 niter
803 592 1101 645 verberans
1123 592 1293 644 multa
1308 590 1597 644 homicidia
1620 588 1971 659 perpetravit.
1996 587 2152 653 Quod
2169 589 2214 643 si

640 680 770 736 huic
796 682 1026 736 debetur
1053 684 1223 746 salus,
1248 683 1481 752 accipite
1505 690 1559 737 et
1583 682 1849 735 mundum
1875 681 2213 742 universum,

640 780 695 826 et
738 788 930 827 omnes
964 782 1284 843 peccatores
1330 783 1508 828 terrae
1548 772 1789 842 gratuito
1845 772 2073 827 salvate.
2121 770 2215 823 Et-

639 865 787 919 enim
840 883 942 921 nos
998 865 1199 920 frustra
1237 866 1569 920 laboramus.
1604 864 1744 919 Tum
1784 865 1834 919 ei
1882 865 2216 935 respondent

640 956 862 1024 angeli:
918 958 1217 1021 Attendite,
1258 958 1465 1021 miseri,
1499 958 1645 1026 quod
1691 956 1875 1011 omnia
1912 958 2027 1018 illa,
2075 970 2216 1026 quae

637 1048 884 1115 peccavit
910 1064 974 1101 ex
1011 1048 1287 1103 iuventute
1322 1063 1443 1109 sua,
1480 1048 1803 1111 eradicavit,
1840 1056 1893 1101 et
1933 1048 2211 1101 abrenun-

640 1142 794 1193 tiavit
830 1141 917 1207 iis,
951 1150 1003 1195 et
1038 1143 1181 1195 Deus
1216 1141 1265 1194 ei
1308 1142 1441 1194 haec
1474 1141 1711 1195 remisit.
1761 1140 1941 1209 Atque
1977 1140 2216 1193 elcemo-

638 1244 805 1299 synas
841 1237 893 1283 et
929 1231 1237 1283 oblationes
1271 1244 1369 1299 per
1402 1229 1724 1283 sacerdotes
1760 1229 1888 1283 fecit
1921 1229 1989 1282 ad
2027 1229 2214 1283 Domi-

639 1336 769 1374 num
800 1320 965 1374 Deum
997 1338 1093 1389 pro
1123 1322 1297 1375 salute
1326 1320 1542 1375 animae
1572 1336 1725 1375 suae.
1755 1319 1900 1386 Quid
1935 1321 2103 1391 igitur
2126 1336 2215 1373 vo-

639 1412 722 1466 bis
777 1412 1009 1473 videtur,
1069 1412 1276 1467 bestiae
1338 1410 1612 1465 foetidae?
1671 1412 2011 1466 Convenitne
2072 1410 2213 1465 hanc

636 1503 873 1556 animam
914 1505 1090 1557 salute
1145 1504 1306 1573 potiri
1360 1519 1460 1558 nec
1509 1504 1621 1557 ne?
1667 1502 1878 1557 Etenim
1928 1502 2212 1569 Dominus,

638 1594 916 1647 hominum
947 1604 1177 1659 amator,
1207 1597 1310 1649 ista
1348 1596 1573 1660 iudicat,
1608 1610 1748 1664 quae
1777 1610 1873 1663 per
1902 1594 2213 1648 confessio-

633 1701 759 1739 nem
796 1686 851 1739 in
900 1688 1075 1739 lucem
1121 1702 1232 1739 non
1262 1687 1508 1740 veniunt.
1560 1686 1735 1740 Omne
1775 1685 1921 1739 enim
1962 1695 2212 1754 apertum

638 1778 731 1830 lux
760 1786 862 1831 est.
909 1776 1040 1829 Nam
1082 1778 1287 1841 omnia,
1328 1793 1468 1846 quae
1503 1777 1913 1831 confitebuntur
1962 1776 2213 1831 homines

2315 588 2371 639 δὲ
2411 589 2571 641 πάλιν
2601 590 2651 639 οἰ
2684 589 2936 658 δαίμονες
2965 588 3426 657 ἐνθρηνησάμενοι
3448 587 3495 618 ⁸⁸
3514 604 3525 616 ·
3566 588 3634 639 ὲκ
3662 588 3893 658 νεότητος

2316 680 2479 733 αὑτοῦ
2522 680 2691 732 πολλά
2730 680 2966 751 ἔπραξεν
2997 680 3161 742 κακὰ,
3203 676 3290 731 οἷα
3327 679 3426 731 οὐκ
3468 678 3711 747 ἔπρεπεν
3750 678 3897 731 αὑτὸν

2318 773 2643 844 Χριστιανὸν
2669 773 2797 825 ὄντα
2823 773 2916 825 xui.
2944 771 3183 842 εὐνούχῳ
3201 772 3267 837 ⁵⁸,
3298 772 3613 843 πορνεύων,
3643 775 3895 841 μοιχείιυν

2320 867 2415 919 xui.
2468 865 2695 935 μιαίνων
2748 864 2925 935 ἐαυτῷ
2978 866 3104 927 τοὺς
3148 864 3246 935 τὴν
3295 860 3591 933 σοδομινὴν
3640 865 3897 933 ἁμαρτίαν

2317 956 2723 1027 ἐργαζομένους
2757 957 2824 1021 ⁵⁸,
2870 958 3077 1019 πάντας
3111 956 3167 1008 δέ
3207 954 3445 1026 ὑϐρίζων
3478 962 3579 1007 καὶ
3623 956 3895 1025 ὀργιζόμε-

2318 1066 2406 1112 νος
2439 1050 2531 1101 xui.
2560 1050 2779 1102 τύπτων
2802 1048 2989 1111 δεινῶς
3017 1048 3242 1109 πολλοὺς
3277 1047 3475 1114 φόνους
3514 1047 3826 1116 εἰργάσατο.
3856 1053 3894 1099 εἰ

2317 1134 2410 1191 οὗν
2446 1138 2646 1209 πρέπει
2692 1138 2867 1209 τούτῳ
2912 1139 3184 1209 σωτηρία,
3219 1137 3410 1190 λάϐετε
3452 1136 3551 1189 καί
3587 1135 3679 1188 τὸν
3711 1136 3894 1205 κόσμον

2316 1229 2456 1293 ὅλον,
2508 1230 2601 1281 καὶ
2645 1230 2852 1292 πάντας
2885 1231 3008 1292 τοὺς
3042 1228 3395 1298 ἁμαρτωλοὺς
3422 1228 3527 1297 τῆς
3562 1227 3669 1295 γῆς
3705 1228 3891 1279 σώσατε

2316 1318 2563 1389 δωρεάν·
2626 1321 2785 1389 ἡμεῖς
2816 1321 2857 1350 ⁸⁷
2917 1321 3024 1390 γὰρ
3081 1321 3159 1381 εἰς
3216 1319 3389 1387 μάτην
3453 1318 3759 1387 κοπιῶμεν.
3813 1318 3891 1369 καὶ

2316 1410 2533 1477 λέγουσι
2590 1409 2709 1462 τότε
2762 1410 2895 1479 πρὸς
2948 1410 3109 1462 αὑτὸν
3176 1411 3223 1460 οἰ
3281 1406 3546 1474 ἄγγελον
3592 1408 3890 1477 προσέχετε,

2317 1501 2512 1563 ἄθλιοι,
2562 1502 2675 1564 ὅτι,
2714 1501 2855 1569 ἆπερ
2892 1502 3141 1570 ἥμαρτεν
3178 1502 3242 1552 ἐκ
3280 1500 3543 1569 νεότητος
3595 1498 3792 1560 αὐτοῦ,
3840 1502 3890 1551 ἐκ

2320 1594 2537 1647 πάντων
2564 1593 2785 1645 ἐκείνων
2812 1592 3034 1660 ἐξέκοψε
3060 1593 3152 1643 καὶ
3175 1590 3406 1660 ἀπέστη,
3446 1590 3545 1640 xui.
3580 1591 3607 1641 6
3628 1589 3756 1651 Θεὸς
3787 1606 3889 1640 συν-

2317 1686 2565 1756 εχώρησε
2614 1685 2816 1737 ταῦτα’
2868 1686 2963 1738 καὶ
3010 1683 3380 1753 ἐλεημοσύνας
3430 1683 3529 1735 xui.
3596 1682 3888 1752 11903;:Opi;

2318 1778 2405 1830 διὰ
2456 1778 2562 1829 τῶν
2598 1778 2788 1847 ἱερέων
2821 1778 3044 1844 ἐποίησε
3086 1778 3221 1846 πρὸς
3263 1776 3457 1845 κύριον
3512 1775 3605 1827 τὸν
3639 1775 3769 1827 Θεὸν
3802 1775 3886 1826 ὑπὸ

637 1870 1017 1923 sacerdotibus
1060 1870 1113 1923 in
1159 1870 1469 1925 humilitate
1516 1872 1689 1924 multa
1735 1878 1789 1924 et
1835 1884 1961 1924 cum
2001 1869 2213 1923 contri-

2316 1869 2551 1939 ψυχικῆς
2587 1870 2858 1940 σωτηρίας
2888 1869 3072 1923 αὑτοῦ.
3105 1868 3157 1921 τί
3188 1864 3281 1922 οὖν
3311 1870 3444 1938 ὑμῖν
3470 1868 3517 1898 ⁸⁸
3550 1868 3718 1931 δοκεῖ,
3749 1867 3885 1936 θηρὲπ

636 1960 784 2013 tione
815 1976 883 2014 ex
923 1968 1036 2013 toto
1077 1962 1241 2015 corde
1291 1978 1414 2028 suo,
1454 1962 1797 2015 abstinentes
1834 1960 1994 2015 malis
2032 1959 2215 2029 operi-

628 2048 759 2113 bus,
783 2049 1098 2103 misericors
1130 2048 1275 2104 Deus
1300 2066 1407 2103 non
1441 2050 1696 2119 imputat.
1729 2050 1832 2116 Qui
1866 2064 1996 2103 vero
2028 2050 2215 2103 occul-

630 2147 752 2192 tant
782 2149 1021 2208 peccata,
1080 2147 1137 2193 ut
1185 2140 1425 2204 luceant,
1462 2138 1573 2194 Deo
1613 2149 1668 2195 et
1705 2141 1935 2206 homini,
1969 2154 2065 2195 eos
2097 2155 2216 2193 om-

636 2246 733 2285 nes
765 2230 972 2284 iudicat
1012 2229 1155 2286 Deus
1188 2239 1243 2285 et
1280 2232 1533 2286 confutat
1566 2240 1622 2286 et
1662 2233 1995 2287 contumelia
2030 2232 2211 2296 allicit,

634 2322 856 2391 ignique
902 2323 1069 2376 tradit
1110 2324 1168 2376 in
1210 2323 1421 2377 infinita
1459 2325 1696 2379 saecula.
1736 2324 1881 2379 Haec
1919 2340 2085 2394 quum
2118 2339 2215 2377 an-

635 2412 739 2479 geli
775 2412 1065 2477 dixissent,
1101 2415 1423 2482 repulerunt
1455 2414 1633 2469 malos
1675 2415 1926 2483 spiritus,
1954 2426 2004 2470 et
2038 2416 2119 2469 sic
2150 2416 2217 2469 il-

634 2503 746 2558 linc
766 2505 1160 2559 discesserunt.
1198 2504 1261 2557 Et
1292 2505 1529 2575 ingressi
1565 2512 1696 2560 sunt
1728 2506 1783 2559 in
1807 2516 2021 2575 portam
2052 2507 2210 2562 coeli.

620 2594 887 2650 Liberata
926 2606 1009 2649 est
1056 2605 1239 2649 autem
1273 2604 1326 2651 et
1362 2597 1495 2651 haec
1529 2596 1715 2649 anima
1749 2611 1781 2648 a
1814 2598 1973 2652 malis
2006 2596 2214 2666 spiriti-

634 2689 735 2741 bus
767 2686 1025 2751 malitiae,
1062 2696 1114 2741 et
1149 2688 1369 2741 inventa
1406 2697 1491 2743 est
1534 2688 1731 2743 salutis
1763 2689 2041 2758 particeps
2070 2688 2213 2758 apud

632 2778 827 2840 Deum,
862 2779 955 2848 qui
987 2780 1161 2833 salvat
1197 2786 1510 2832 creaturam
1547 2794 1724 2832 suam.
1762 2777 1829 2832 Et
1860 2794 1987 2834 ecce
2018 2795 2214 2835 rursus

622 2870 739 2923 .alia
771 2870 954 2923 anima
995 2885 1217 2924 sursum
1262 2869 1564 2935 ferebatur,
1594 2885 1735 2939 quae
1766 2878 1884 2924 erat
1923 2871 2211 2925 admodum

618 2961 889 3031 religiosa
939 2942 1002 3014 ac
1036 2962 1235 3015 timens
1274 2961 1465 3025 Deum,
1506 2969 1695 3031 utpote
1730 2976 1869 3031 quae
1916 2962 2216 3034 eleemosy-

631 3065 759 3104 nam
798 3051 1019 3120 largiter
1050 3052 1104 3103 in
1136 3051 1247 3103 vita
1288 3065 1385 3104 sua
1418 3050 1803 3107 distribuerat.
1833 3050 2077 3106 Habebat
2117 3068 2215 3105 au-

620 3149 741 3195 tem
774 3149 831 3195 et
869 3141 1155 3195 caritatem
1201 3155 1331 3211 erga
1378 3157 1568 3197 omnes
1596 3142 1867 3207 homines,
1910 3154 1965 3197 et
1991 3143 2215 3198 castita-

636 3245 744 3287 tem
782 3241 837 3286 et
878 3233 1253 3287 sanctitatem.
1303 3232 1591 3286 lnhiabant
1634 3248 1764 3287 vero
1802 3233 1851 3287 ei
1904 3233 2213 3293 daemones.

622 3322 1069 3394 asa-dentibus
1098 3324 1214 3379 suis
1241 3324 1555 3379 frendentes
1574 3324 1627 3378 in
1650 3340 1791 3380 eam.
1810 3325 2007 3379 Anima
2035 3334 2215 3381 autem

632 3416 1011 3472 contremebat
1030 3416 1346 3485 conspicata
1364 3416 1707 3470 atrocitatem
1727 3431 1939 3481 eorum,
1956 3425 2008 3473 et
2028 3418 2219 3473 confu-

634 3507 819 3576 giebat
848 3509 904 3561 in
938 3506 1163 3561 brachia
1202 3508 1524 3577 angelorum
1556 3506 1672 3562 Dei.
1702 3507 1808 3574 Qui
1836 3524 1966 3563 vero
1986 3510 2216 3565 descen-

631 3596 836 3650 debant
890 3596 1068 3666 angeli
1119 3604 1344 3665 propter
1384 3596 1522 3650 alias
1564 3599 1799 3662 animas,
1858 3608 2214 3654 occurrentes

622 3702 749 3741 eam
786 3686 1121 3741 salutabant.
1155 3683 1380 3739 Factum
1414 3693 1499 3740 est
1534 3694 1715 3742 autem
1745 3702 1912 3757 quum
1948 3688 2207 3759 ingredeo

628 3786 820 3833 rentur
847 3778 1024 3847 angeli
1064 3778 1286 3831 ianuam
1312 3776 1473 3842 coeli,
1501 3784 1755 3833 tenentes
1785 3790 2035 3835 sanctam
2060 3782 2209 3833 illam

628 3872 890 3932 animam,
919 3871 1135 3935 obviam
1173 3876 1446 3923 venerunt
1485 3885 1674 3925 omnes
1705 3880 2005 3940 potestates
2029 3874 2211 3927 coelo-

628 3979 773 4027 rum,
807 3970 861 4017 et
887 3962 1307 4017 consalutabant
1327 3977 1448 4016 eam
1478 3963 1781 4032 gaudentes
1822 3978 1885 4018 ac
1915 3964 2163 4019 dicentes
2194 3984 2206 4019 :

628 4053 814 4108 Gloria
845 4053 965 4118 tibi,
1011 4052 1173 4118 Deus,
1223 4054 1366 4123 quod
1401 4054 1685 4124 redempta
1730 4066 1815 4112 est
1854 4058 1991 4113 haec
2024 4060 2209 4113 anima

618 4146 700 4200 ab
737 4145 845 4198 ima
871 4144 1130 4213 voragine
1152 4152 1206 4199 et
1238 4144 1306 4198 ab
1334 4144 1612 4200 horrendo
1644 4148 1908 4205 dracone.
1936 4150 2002 4203 Et
2032 4168 2207 4221 quan-

628 4244 744 4291 tum
773 4222 1142 4291 ascendebant
1183 4253 1429 4305 sursum,
1463 4247 1616 4294 tanto
1654 4242 1827 4311 magis
1862 4245 2207 4313 congratula-

626 4330 832 4384 bantur
877 4345 995 4384 eam
1030 4344 1219 4385 omnes
1258 4331 1482 4386 ordines
1528 4333 1823 4403 spirituum
1876 4336 2079 4390 laetitia
2116 4353 2207 4408 ge-

629 4422 873 4475 stientes.
900 4420 1010 4474 Hoc
1032 4421 1175 4475 enim
1204 4423 1485 4492 proprium
1514 4434 1600 4479 est
1628 4434 1950 4480 sanctarum
1975 4437 2209 4497 potesta-

2322 1961 2679 2032 σαπριώμενα
2710 1963 2788 2025 ⁶⁹;
2824 1961 3032 2031 πρέπον
3066 1962 3183 2013 ἐστί
3214 1964 3278 2031 τῇ
3314 1962 3465 2031 ψυχῇ
3514 1960 3689 2030 ταύτῃ
3732 1978 3883 2027 σωτη-

2323 2053 2444 2124 ρίας
2470 2056 2652 2122 τυχεῖν
2686 2054 2717 2123 ἢ
2751 2052 2811 2105 οῦ
2838 2070 2851 2117 ;
2888 2054 2916 2105 ὁ
2948 2052 3055 2124 γὰρ
3088 2052 3472 2123 φιλάνθρωπος
3504 2052 3694 2123 κύριος
3728 2053 3883 2103 ἐκεῖνα

2321 2148 2496 2217 κρίνει
2524 2147 2594 2209 "°,
2638 2145 2673 2199 ἃ
2719 2146 2784 2198 δι’
2816 2143 3219 2213 ἐξαγορεύσεως
3277 2145 3356 2207 εἰς
3415 2143 3537 2211 φῶς
3590 2144 3685 2195 οὐκ
3733 2142 3883 2194 ἔλθου-

2324 2256 2426 2291 σιν.
2459 2239 2565 2290 πᾶν
2594 2237 2701 2307 γὰρ
2726 2236 2786 2288 τὸ
2813 2236 3212 2307 φανερούμενον
3237 2236 3349 2305 φῶς
3375 2236 3550 2288 ἐστιν’
3581 2236 3754 2288 πάντα
3774 2233 3879 2303 γὰρ,

2321 2332 2420 2383 ὅσα
2447 2330 2932 2400 ἐξομολογήσονται
2960 2331 3007 2380 οἱ
3035 2328 3310 2396 ἄνθρωποι
3347 2328 3440 2381 διὰ
3489 2327 3681 2398 ἱερέων
3722 2329 3774 2379 ἐν
3803 2344 3879 2377 τα-

2322 2423 2578 2476 πεινώσει
2610 2422 2776 2493 πολλῇ
2810 2422 2904 2475 καί
2950 2420 3238 2489 στεναγμῷ
3268 2419 3329 2483 ἐξ
3366 2420 3503 2487 ὅλης
3550 2418 3771 2488 καρδίας
3800 2418 3878 2468 αὑ-

2321 2516 2429 2567 τῶν
2454 2515 2547 2568 καί.
2575 2514 2872 2567 παύσονται
2894 2513 3001 2565 τῶν
3027 2512 3278 2582 πονηρῶν
3301 2511 3584 2581 πράξεων,
3608 2513 3636 2563 6
3661 2510 3874 2578 ἐλεήμων

2322 2606 2453 2669 Θεὸς
2503 2607 2563 2660 οὐ
2612 2606 2904 2673 λογίζεται.
2954 2605 3052 2668 τὰς
3101 2605 3373 2674 ἁμαρτίας
3432 2603 3799 2673 κρύψανταςτι
3830 2601 3875 2651 τ),

2321 2699 2497 2752 δοκεῖν
2531 2698 2639 2751 ἀπὸ
2670 2698 2803 2750 Θεοῦ
2841 2699 2933 2750 καί
2965 2698 3274 2768 ἀνθρώπου,
3316 2696 3532 2759 πάντας
3564 2695 3749 2757 αὐτοὺς
3779 2694 3872 2763 κρί-

2323 2810 2401 2843 νει
2426 2794 2471 2823 τ’
2502 2793 2529 2843 6
2558 2790 2691 2853 Θεὸς
2719 2790 2814 2843 xui.
2846 2790 3058 2860 ἐλέγχει
3098 2790 3190 2841 xui.
3236 2790 3491 2852 ὀνειδίζει
3543 2790 3636 2843 xui.
3664 2789 3737 2858 τῷ
3762 2786 3870 2854 πυρὶ

2320 2886 2603 2955 δοκιμάζει
2628 2887 2703 2947 εἰς
2734 2883 3123 2951 ἀτελευτήτους
3147 2880 3373 2944 αἰῶνας.
3409 2881 3583 2934 ταῦτα
3604 2882 3650 2932 οἱ
3680 2877 3866 2945 ἄγγελοι

2323 2979 2567 3039 εἰπόντες
2617 2975 2949 3044 κατίσχυσαν
2983 2973 3029 3003 ⁷³
3061 2972 3127 3024 τά
3172 2973 3387 3042 πονηρά
3439 2971 3749 3040 πνεύματα,
3793 2968 3867 3018 καὶ

2320 3064 2493 3127 οὕτως
2520 3064 2805 3132 διέστησαν
2834 3062 2940 3116 τῶν
2980 3062 3116 3126 ἐκεῖ,
3146 3062 3243 3113 xui
3277 3062 3535 3131 εἰσῆλθον
3561 3062 3639 3124 εἰς
3676 3058 3764 3127 τὴν
3789 3055 3864 3107 πύ-

2322 3156 2419 3225 λην
2466 3154 2558 3208 τοῦ
2604 3153 2855 3224 οὐρανοῦ.
2889 3150 3228 3222 ἐλευθερώθη
3270 3152 3325 3203 δὲ
3373 3154 3469 3206 xui.
3502 3152 3637 3221 αὕτη
3672 3152 3703 3219 ὴ
3745 3147 3862 3217 ψυχὴ

2320 3247 2426 3300 ἀπὸ
2451 3247 2558 3299 τῶν
2594 3244 2844 3315 πονηρῶν
2877 3243 3201 3313 πνευμάτων
3231 3244 3330 3312 τῆς
3362 3245 3655 3314 πονηρίας,
3683 3242 3767 3293 καὶ
3790 3238 3860 3289 εὐ-

2323 3338 2451 3408 ρέθη
2490 3337 2765 3407 σωτηρίας
2794 3336 3033 3405 τυχοῦσα
3068 3336 3217 3404 παρά
3248 3335 3386 3387 Θεοῦ
3415 3336 3510 3389 τοῦ
3549 3335 3792 3397 σώζοντος
3816 3328 3863 3381 τὸ

2319 3428 2545 3497 πλάσμα
2581 3425 2768 3480 αὐτοῦ.
2802 3426 2897 3479 καὶ
2932 3425 3038 3477 ἰδοῦ
3070 3425 3116 3455 ⁷⁸
3145 3424 3305 3477 πάλιν
3340 3427 3506 3497 ἐτέρα
3531 3425 3672 3495 ψυχὴ
3704 3419 3861 3489 ἀνεφέ-

2320 3536 2461 3589 ρετο,
2493 3520 2613 3589 ἥτις
2642 3519 2687 3549 ’⁷⁵
2714 3514 2781 3588 ἦν
2822 3517 2963 3569 πάνυ
3002 3515 3237 3584 εὐλαϐὴς
3268 3518 3362 3569 καὶ
3401 3517 3703 3586 φοϐουμένη
3723 3514 3764 3544 ⁷⁸
3790 3512 3860 3562 τὸν

2315 3612 2469 3674 Θεόν,
2493 3612 2592 3681 τὴν
2619 3610 2987 3679 ἐλεημοσύνην
3017 3610 3250 3680 ἰσχυρῶς
3279 3610 3373 3661 ἐπὶ
3406 3609 3551 3678 ζωῆς
3582 3608 3860 3659 πολιτευσα-

2319 3702 2451 3772 μένη
2477 3703 2544 3733 ⁷⁷·
2577 3698 2691 3771 εἶχε
2711 3702 2766 3754 δὲ
2792 3700 2884 3753 καὶ
2907 3702 3127 3771 ἀγάπην
3155 3700 3293 3771 πρὸς
3318 3701 3531 3763 πάντας
3554 3696 3854 3767 ἀνθρώπους.

2315 3791 2537 3859 ἁγνείαν
2575 3808 2633 3842 τε
2669 3791 2763 3843 xui.
2804 3790 3127 3859 σεμνότητα.
3185 3789 3546 3858 ἐνεϐρύκοντο
3571 3788 3618 3818 ⁷⁸
3654 3786 3705 3837 δὲ
3744 3782 3852 3846 αὐτῇ

2312 3886 2361 3937 οἰ
2394 3883 2647 3953 δαίμονες
2682 3882 2959 3952 τρίζοντες
2993 3882 3119 3944 τοὺς
3151 3880 3373 3945 ὀδόντας
3415 3880 3593 3935 αὐτῶν
3634 3876 3743 3931 κατ’
3773 3873 3851 3925 αὺ-

2310 3976 2431 4044 τῆς.
2461 3977 2493 4045 ἡ
2524 3974 2579 4026 δὲ
2609 3972 2754 4042 ψυχὴ
2780 3972 3008 4043 ἐτρεμεν
3038 3971 3220 4043 ὁρῶσα
3240 3972 3339 4042 τὴν
3364 3971 3660 4042 ἀγριότητα
3685 3962 3848 4055 αὐτῶν,

2314 4066 2404 4118 καὶ
2449 4077 2781 4116 συνέστασαν
2846 4062 2926 4123 εἰς
2954 4061 3053 4125 τάς
3088 4060 3335 4129 ἀγκάλας
3367 4062 3477 4113 τῶν
3507 4057 3737 4126 ἀγγέλων
3775 4068 3847 4102 τον

2310 4156 2468 4209 Θεοῦ,
2500 4158 2547 4207 οἰ
2577 4156 2633 4207 δὲ
2662 4157 3055 4225 κατερχόμενοι
3090 4153 3310 4220 ἄγγελοι
3340 4154 3435 4205 ἐπὶ
3464 4151 3659 4220 ἐτέρων
3697 4140 3847 4214 ψυχῶν

2313 4246 2759 4308 συναπαντῶντες
2801 4245 3110 4312 ἠσπάζοντο
3144 4245 3333 4314 αὑτήν.
3374 4244 3589 4312 ἐγένετο
3617 4238 3669 4291 δὲ
3704 4238 3753 4288 ἐν
3787 4228 3846 4296 τῷ

2309 4338 2566 4391 εἰσελθεῖν
2612 4338 2737 4399 τοὺς
2767 4337 3031 4405 ἀγγέλους
3063 4338 3141 4397 εἰς
3176 4336 3273 4406 τὴν
3318 4336 3494 4405 πύλην
3524 4331 3615 4385 τοῦ
3650 4329 3844 4397 οὑρανου

2310 4430 2635 4499 κατέχοντας
2664 4430 2709 4459 ⁷³³
2752 4428 2851 4499 τὴν
2889 4427 3050 4494 ἁγίαν
3088 4427 3303 4497 ἐκείνην
3332 4426 3533 4497 ψυχήν,
3567 4422 3843 4489 ἀπήντησαν

627 4521 769 4578 tum,
798 4512 944 4581 quod
968 4512 1234 4567 laetantur
1260 4521 1314 4567 et
1336 4514 1612 4569 exsultant
1644 4516 1712 4572 de
1736 4533 2065 4589 unaquaque
2086 4524 2206 4575 ani-

2316 4523 2483 4574 πᾶσαι
2524 4522 2579 4572 αἰ
2620 4520 2877 4589 δυνάμεις
2917 4518 3025 4570 τῶν
3060 4517 3325 4588 οὐρανῶν,
3354 4519 3449 4571 καὶ
3480 4507 3843 4582 κατησπάζοντο

626 4620 714 4657 ma
756 4619 896 4674 quae
926 4604 1184 4658 salvatur.
1224 4605 1326 4659 Ubi
1378 4622 1507 4661 vero
1556 4608 1900 4664 advenerunt
1936 4613 2004 4665 ad
2047 4612 2199 4667 thro.

625 4712 756 4749 num
805 4696 957 4748 illum
990 4696 1293 4750 radiantem
1337 4698 1544 4767 gloriae
1588 4699 1705 4763 Dei,
1739 4710 1793 4755 et
1820 4718 1941 4756 eam
1980 4705 2198 4760 beatam

625 4788 1014 4857 praedicarunt
1037 4787 1180 4857 apud
1205 4786 1418 4842 Patrem
1452 4806 1635 4856 suum,
1667 4802 1721 4847 et
1754 4793 1925 4850 eﬁ‘usa
1954 4806 2039 4852 est
2068 4813 2196 4867 gra-

623 4884 698 4936 tia
725 4882 819 4936 Dei
858 4893 910 4937 et
944 4881 1147 4946 Patris,
1193 4891 1247 4938 et
1280 4883 1395 4952 ipsa
1445 4894 1557 4939 tota
1599 4891 1805 4957 repleta
1846 4898 1931 4945 est
1967 4892 2195 4947 immor-

623 4974 716 5028 tali
747 4975 955 5029 lumine
988 4983 1041 5029 et
1076 4975 1341 5032 odoribus
1375 4985 1430 5032 et.
1466 4980 1757 5034 suavitate.
1784 4980 1851 5034 Et
1879 4983 2077 5037 tradita
2110 4993 2196 5039 est

622 5063 873 5118 Micbaéli
906 5065 1140 5134 principi
1189 5070 1523 5132 testamenti,
1557 5071 1650 5139 qui
1700 5071 1925 5126 duceret
1974 5089 2093 5127 eam
2140 5075 2193 5127 in

620 5162 900 5209 aeternam
942 5157 1205 5223 requiem.
1240 5158 1305 5211 Et
1338 5175 1465 5214 ecce
1502 5162 1609 5214 alia
1666 5163 1847 5216 anima
1886 5163 2195 5219 ducebatur

622 5260 652 5298 a
674 5245 1032 5301 daemonibus
1055 5262 1245 5317 aspere
1269 5250 1334 5304 ad
1369 5251 1596 5307 inferos.
1630 5252 1758 5306 Erat
1791 5261 1971 5308 autem
2001 5268 2193 5321 opera.

2310 4612 2477 4682 αὐτὴν
2511 4611 2793 4681 χαίροντες
2832 4612 2925 4663 xui.
2957 4610 3203 4677 λέγοντες
3222 4628 3234 4641 ο
3265 4610 3391 4676 δόξα
3422 4626 3521 4669 σοι,
3554 4600 3596 4658 ὣ
3619 4600 3752 4660 Θεόςν
3778 4595 3841 4645 δτι

2308 4705 2585 4775 ἐλυτρώθη
2616 4705 2650 4774 ἡ
2674 4703 2818 4774 ψυχὴ
2841 4703 2976 4772 αὕτη
3004 4704 3110 4756 ἀπὸ
3138 4702 3332 4772 βάθους
3362 4700 3663 4757 κατωτάτω
3690 4690 3769 4744 καὶ
3791 4687 3842 4735 ἐκ

2305 4798 2401 4851 τοῦ
2436 4796 2609 4850 δεινοῦ
2644 4797 2934 4866 δράκοντος
2955 4814 2967 4826 ·
3008 4796 3126 4849 καθ’
3158 4798 3281 4849 ὅσον
3314 4796 3371 4849 δὲ
3404 4792 3670 4848 ἀνέϐαινον
3691 4784 3730 4814 ⁸⁸
3766 4776 3839 4830 ἐπὶ

2305 4892 2374 4945 τά
2399 4892 2531 4953 ἄνω,
2562 4890 2812 4942 τοσοῦτον
2838 4888 3351 4957 ἐπικατησπάζοντο
3379 4887 3547 4955 αὐτὴν
3576 4880 3737 4933 πάντα
3764 4886 3839 4921 τα·

2306 5000 2493 5053 γματα
2544 4982 2650 5037 τῶν
2711 4980 3017 5050 ἀσωμάτων
3079 4978 3492 5049 ἀγαλλιώμενα·
3554 4970 3698 5024 τοῦτο
3749 4959 3835 5053 γὰρ

2305 5049 2518 5144 ἔχουσιν
2545 5074 2599 5125 αἱ
2624 5070 2779 5139 ἅγιαι
2802 5049 3081 5141 δυνάμεις,
3107 5070 3167 5123 τὸ
3190 5070 3400 5140 χαίρειν
3431 5066 3522 5121 καί
3548 5049 3835 5151 ἀγάλλεσθαι

2302 5166 2388 5233 ἐφ’
2420 5164 2626 5233 ἑκάστῃ
2654 5162 2801 5232 ψυχῇ
2836 5162 3139 5234 σωζομένη.
3183 5163 3271 5214 ὅτε
3307 5162 3362 5213 δὲ
3400 5158 3629 5227 ἔφθασαν
3656 5148 3725 5237 εἰς
3759 5148 3831 5237 τῦγ

2304 5254 2491 5327 θρόνον
2514 5255 2720 5306 ἐκεῖνον
2745 5253 2835 5305 τὸν
2856 5254 3112 5323 ἁστραῖον
3132 5253 3173 5283 ⁸³
3201 5252 3298 5321 τῆς
3317 5250 3470 5320 δόξης
3490 5244 3577 5297 τοῦ
3602 5234 3740 5292 Θεοῦ,
3757 5234 3831 5280 καὶ

1921 5360 2177 5417 VARIAE
2212 5362 2616 5419 LECTIONES.

691 5470 737 5501 ⁸³
774 5468 955 5535 Coni.,
997 5469 1120 5525 cod.
1170 5471 1237 5534 ἴς.

621 5540 665 5569 ⁸⁷
704 5539 1047 5616 βΟΓΓο,.00(Ῐ.
1084 5542 1262 5616 ᾐμιξς.
1342 5544 1607 5616 “Corn,
1645 5548 1766 5600 cod.
1801 5548 1986 5616 ὑμεῖς.

620 5607 741 5661 cod.
782 5610 1006 5687 xpsirn:
1060 5679 1073 5687 _
1095 5611 1157 5687 '“_
1172 5610 1255 5687 Plx
1286 5615 1459 5687 coni..
1486 5607 1612 5687 cod.
1642 5607 1879 5685 κρὺψᾰς
1909 5607 2117 5687 α’ὺτάς.

618 5678 1097 5773 gnatust-92d.
1392 5684 1555 5773 ""Els
1592 5678 1779 5749 (ξοὴἰῷ
1826 5678 1949 5773 cod.
1992 5690 2051 5773 ei"
2073 5678 2201 5755 ’τις.

618 5814 722 5865 de:
760 5823 968 5870 tantum
992 5814 1141 5872 certo
1178 5820 1603 5891 dignoscuntur.

1425 5475 1501 5549 Ex
1547 5478 1739 5549 c0ni.,r
1767 5479 1891 5533 cod.
1922 5480 2448 5549 ,ἑνὸριμισόμενομ

2086 5553 2129 5582 ⁶⁹
2169 5548 2454 5613 Εκίοοηὶ.⁷
2488 5550 2540 5603 in
2568 5549 2761 5602 codice
2803 5566 2907 5602 vox
2947 5550 3089 5603 lectu
3120 5548 3356 5604 dililcilis
3383 5552 3480 5601 est.

2212 5622 2258 5651 ⁷³
2290 5622 2469 5682 Corr.,
2510 5620 2633 5673 cod.
2670 5619 2906 5684 κρείνει.

3018 5480 3062 5510 ⁸⁵
3100 5478 3281 5543 Corn,
3333 5476 3452 5531 cod.
3490 5453 3821 5565 éprgl'ogém-

3018 5558 3089 5579 ιο..
3120 5548 3354 5579 ,ιιιῐιηςιςο
3383 5552 3456 5579 οε·
3661 5532 3816 5579 born.

3002 5595 3052 5650 ἦ
3063 5595 3367 5680 ἐἷ’ἒὲὂὶίίἷ,
3387 5595 3522 5668 'éod.
3553 5595 3819 5680 xanlo'gff

3058 5660 3813 5746 Τῖῖῦδι...’ἕτᾶλῆεευσᾳέξέξξῖλ

2560 5482 2604 5511 ⁸³
2650 5478 2742 5532 Sic
2789 5479 2910 5533 cod.

2309 5691 2354 5721 ⁷⁸
2398 5690 2532 5743 Cod.
2594 5690 2955 5757 φοϐουμένη.

739 5745 871 5829 (ξι)ιίΪ
909 5735 1359 5829 ἐνεϐρυκοῇντο.
1900 5735 2285 5829 Zaéézbﬁsc.
2994 5761 3037 5791 ⁸⁸
3070 5735 3430 5824 Εἰ
3450 5735 3622 5805 codice
3648 5735 3811 5790 literae
