4016 6422
567 408 660 462 23]
1367 405 1466 460 SS.
1498 404 1965 460 MACARIORUM
2023 403 2351 461 AEGYPTH
2392 406 2479 461 ET
2522 407 2992 463 ALEXANDRINI
3744 422 3839 475 ’252

568 529 801 577 tractum
850 536 975 574 cum
1018 517 1279 575 Stridore.
1333 516 1446 572 lioc
1488 527 1671 573 autem
1716 517 1943 583 faciunt,
1977 529 2058 584 ut,
2088 520 2132 573 's

2260 524 2629 595 παρεμφερῆι
2678 523 2800 577 ὅθεν
2850 525 2943 577 καὶ
2988 524 3063 588 ώς
3102 524 3206 578 ὑπὸ
3239 525 3434 589 σικύας
3484 530 3837 604 αἰσθανόμεθα

565 614 795 668 insitum
818 612 1006 667 calvae
1036 610 1275 665 calorem
1308 611 1375 664 ad
1417 626 1475 665 se
1518 611 1671 679 ipsos
1702 611 1994 671 traxerint,
2044 610 2131 680 pal

2260 613 2361 681 τῆς
2416 614 2656 683 κεφαλῆς
2712 614 3011 685 ἑλκομένης
3070 616 3209 685 μετὰ
3265 617 3529 687 τρισμοῦ.
3589 622 3745 676 τοῦτο
3788 628 3839 681 δὲ

567 706 767 775 pebrae
806 703 1037 756 humore
1098 701 1319 757 demum
1366 712 1420 756 et
1460 703 1663 771 frigore
1712 702 1990 756 relaxatae
2048 702 2135 754 circ

2262 705 2525 770 ποιοῦσιν,
2545 708 2629 760 ἵνα
2657 708 2752 777 τὴν
2771 708 3193 780 ἐναποκειμένην
3210 708 3287 779 τῷ
3311 711 3529 781 κρανίῳ
3547 711 3839 788 θερμότητα

568 791 1116 861 cumﬂuantpupillis
1148 792 1452 845 oculorum.
1474 789 1654 855 Quare
1674 790 1963 859 palpebras
1996 804 2135 860 saepi

2259 794 2395 864 πρὸς
2423 796 2648 857 ἑαυτοὺς
2690 796 3090 866 ἐπισπώμενοι,
3134 797 3238 850 ὑπὸ
3273 798 3371 868 τῆς
3406 800 3713 872 ὑγρότητος
3738 804 3836 859 λοι-

571 887 619 939 si
674 885 1036 951 contrectavi,
1082 885 1266 939 inveni
1316 885 1491 938 instar
1530 884 1774 955 crystalli
1822 895 2133 954 compactas

2260 887 2361 939 πὸν
2392 888 2486 939 καὶ
2514 887 2851 959 ψυχρότητος
2885 888 3221 957 χαλασθέντα
3250 890 3318 942 τὰ
3348 890 3631 962 βλέφαρα,
3662 900 3838 967 περιρ-

573 983 855 1045 totamque
881 974 1075 1029 faciem
1104 973 1304 1029 mortui
1332 974 1563 1028 similem
1600 982 1652 1027 et
1672 974 1972 1029 horridam.
2010 975 2135 1029 Atta

2260 980 2365 1048 ῥυῇ
2392 979 2513 1042 ταῖς
2545 979 2737 1049 κόραις
2776 980 2883 1033 τῶν
2928 979 3241 1051 ὀφθαλμῶν.
3276 981 3547 1045 πολλάκις
3580 984 3711 1052 γοῦν
3745 987 3835 1058 ψη-

565 1082 693 1121 meu
736 1083 963 1122 somnus
1003 1066 1269 1119 naturalis
1292 1080 1521 1135 corpora
1552 1064 1827 1129 calefacit,
1861 1080 2135 1120 sanorum-

2257 1068 2525 1139 λαφήσας,
2560 1069 2855 1122 κατέλαϐον
2888 1070 3043 1141 δίκην
3072 1072 3413 1142 κρυστάλλου
3457 1075 3748 1145 πεπηγότα
3779 1077 3835 1129 τα

566 1175 674 1228 que
707 1160 894 1213 vultus
924 1157 1131 1213 nitidos
1160 1158 1358 1223 reddit,
1393 1156 1540 1227 quod
1586 1157 1702 1226 ipsa
1730 1172 1950 1227 quoque
1979 1173 2135 1227 expe-

2261 1161 2502 1233 βλέφαρα
2524 1201 2539 1225 ,
2567 1162 2666 1233 τὴν
2702 1161 2757 1215 δὲ
2803 1160 2924 1230 ww
2953 1165 3363 1235 νενεκρωμένην
3399 1164 3535 1236 ὅλην
3571 1168 3664 1219 καὶ
3693 1168 3834 1238 φρίσ-

562 1252 759 1306 rientia
810 1252 1096 1305 discimus.
1150 1249 1257 1303 Sed
1306 1249 1381 1302 illi
1428 1257 1621 1302 contra
1674 1257 1928 1303 naturam
1960 1266 2025 1304 ex
2062 1266 2135 1304 οη

2260 1267 2478 1305 σουσαν.
2515 1252 2697 1303 καίτοι
2727 1253 2755 1304 ό
2797 1252 3024 1320 φυσικὸς
3067 1250 3233 1315 ὕπνος
3271 1253 3598 1325 θερμαίνειν
3635 1256 3731 1325 μὲν
3774 1258 3832 1309 τὰ

561 1345 789 1398 nimium
825 1344 1065 1398 distento
1096 1343 1480 1397 oscitationem
1513 1340 1775 1404 eﬂiciunt,
1808 1348 2154 1397 attenuantes

560 1452 639 1499 se,
681 1444 736 1490 et
772 1435 1035 1488 interiora
1080 1434 1195 1488 oris
1230 1441 1585 1502 occupantes.
1613 1430 1727 1502 Ego
1764 1432 1981 1503 quidem
2011 1448 2153 1487 non-

560 1528 688 1581 dum
731 1527 838 1582 hoc
877 1526 1145 1591 intellexi,
1205 1525 1309 1581 etsi
1356 1538 1617 1595 persaepe
1659 1540 1860 1595 passus
1908 1526 2048 1593 sim;
2100 1536 2154 1580 at

559 1625 809 1669 sanctum
857 1614 1152 1669 Macarium
1212 1614 1396 1667 audivi
1446 1614 1512 1668 de
1534 1615 1638 1669 hoc
1660 1614 2151 1685 mibiloquentem,

555 1704 649 1773 qui
684 1705 753 1757 ad
780 1720 893 1759 rem
924 1702 1263 1775 probandam
1294 1702 1477 1756 attulit
1518 1704 1869 1757 oseitantium
1919 1720 2153 1759 consue-

556 1796 825 1859 tudinem,
854 1810 917 1850 os
933 1796 1090 1865 signo
1109 1795 1293 1848 crucis
1316 1794 1598 1849 muniendi
1632 1811 1698 1851 ex
1738 1796 2030 1851 traditione
2052 1810 2153 1849 an-

554 1983 683 2052 quia
703 1980 926 2035 lectioni
947 1994 1054 2033 non
1077 1980 1410 2034 attendimus
1430 1979 1740 2049 vigilanter,
1762 1996 1938 2050 nequc
1953 1989 2143 2035 sancta

554 2075 649 2130 Dei
681 2075 791 2128 vivi
825 2073 1047 2143 eloquia
1072 2088 1174 2128 nos
1206 2074 1385 2141 legere
1424 2073 1585 2127 nobis
1615 2073 1825 2127 conscii
1858 2088 2071 2129 sumus.

2258 1342 2485 1411 σώματα
2509 1343 2752 1411 πέφυκε,
2791 1343 2884 1395 καὶ
2908 1342 3015 1395 τῶν
3056 1344 3411 1411 ὑγιαινόντων
3442 1347 3545 1409 τὰς
3575 1347 3724 1411 ὄψεις
3748 1350 3830 1400 ἀν-

2257 1430 2432 1502 θηράς
2458 1432 2862 1505 ἀπεργάζεται·
2886 1434 2959 1495 ώς
2984 1432 3097 1487 ἐστι
3126 1436 3221 1487 καὶ
3258 1436 3355 1488 ἀπ’
3392 1436 3572 1506 αὐτῆς
3601 1438 3700 1507 τῆς
3729 1439 3833 1491 πεί·

2256 1540 2357 1591 ρας
2393 1522 2614 1593 μαθεῖν·
2664 1523 2762 1587 τὰς
2815 1524 2871 1577 δὲ
2921 1526 3071 1596 παρά
3108 1526 3269 1595 φύσιν
3314 1527 3414 1580 καὶ
3450 1528 3829 1599 διατεταμένας

2254 1617 2440 1687 χάσμα
2472 1617 2711 1680 ποιοῦσι,
2744 1616 3096 1681 λεπτύνοντες
3140 1620 3368 1682 ἑαυτοὺς
3426 1621 3527 1673 καὶ⁹
3558 1620 3667 1674 τῶν
3699 1621 3827 1674 ἔνδον

2252 1708 2345 1761 τοῦ
2373 1709 2637 1779 στόματος
2659 1710 3043 1779 ἐφαπτόμενοι.
3071 1709 3209 1763 ἀλλά
3236 1710 3399 1764 τοῦτο
3428 1713 3529 1782 μὲν
3548 1713 3661 1781 ἐγὼ
3679 1714 3824 1785 μέχρι

2252 1798 2353 1868 τῆς
2394 1800 2633 1869 σήμερον
2674 1800 2775 1853 οὑκ
2817 1800 3044 1869 ἐνόησα,
3080 1802 3256 1855 καίτοι
3285 1803 3556 1869 πολλάκις
3593 1806 3721 1859 αὐτὸ
3744 1823 3824 1857 πε-

456 1882 459 1883 ⁷
554 1891 706 1960 tiqua
756 1887 1155 1943 immemoriali.
1212 1886 1465 1941 Ceterum
1516 1888 1697 1941 omnia
1739 1888 1830 1941 illa
1882 1889 2135 1958 patimur,

2251 1888 2489 1952 πονθώς·
2530 1888 2624 1941 τοῦ
2669 1890 2725 1942 δὲ
2781 1890 2936 1957 ἁγίου
2970 1892 3259 1963 Μακαρίου
3299 1895 3520 1966 ἥκουσα
3564 1897 3718 1950 τοῦτό
3744 1916 3820 1967 μοι

2251 1980 2602 2051 ὴλαληκότος
2637 1983 2731 2034 καὶ
2761 1984 2840 2044 είς
2866 1983 3137 2049 ἀπόδειξιν
3165 1985 3450 2056 φέροντος,
3479 1988 3577 2041 τοῦ
3608 1989 3820 2061 σφραγί-

2252 2069 2365 2134 ζειν
2412 2072 2537 2133 τοὺς
2592 2072 2988 2142 χασμωμένους
3029 2073 3087 2126 τὸ
3135 2075 3340 2146 στόμα,
3401 2078 3552 2131 κατά
3608 2078 3822 2150 ἀρχαίαν

554 2167 858 2238 παράδοσιν
900 2166 1155 2235 ἄρρητον.
1200 2164 1375 2217 ταῦτα
1411 2165 1467 2217 δὲ
1505 2165 1681 2218 πάντα
1711 2165 1993 2236 πάσχομεν
2036 2165 2123 2218 διὰ
2146 2162 2205 2215 τὸ
2240 2164 2317 2233 μὴ
2351 2162 2637 2234 προσέχειν
2672 2164 2945 2234 νηφόντως
2991 2166 3139 2234 ἡμᾶς
3184 2170 3252 2238 τῇ
3296 2169 3642 2237 ἀναγνώσει,
3700 2168 3820 2240 μηδὲ

556 2258 865 2333 μεμνῆσθαι
894 2258 975 2309 ὅτι
1005 2255 1161 2324 λόγια
1192 2256 1323 2324 ἅγια
1352 2256 1487 2309 Θεοῦ
1524 2257 1721 2321 ζῶντος
1746 2255 2223 2323 ἀναγινώσκομεν.

621 2353 675 2407 2.
711 2351 1008 2421 Aegyptius
1038 2365 1206 2405 senex
1236 2348 1535 2415 Macarius,
1572 2363 1670 2404 vas
1710 2350 1845 2403 illud
1877 2350 2133 2411 electum,

552 2444 910 2514 interrogavit
933 2458 1038 2507 me,
1073 2456 1237 2512 quam
1261 2442 1331 2496 ob
1354 2458 1578 2497 causam
1626 2453 1971 2512 acceptarum
2017 2442 2141 2512 qui-

548 2536 675 2591 dem
699 2537 767 2589 ab
800 2534 1119 2590 hominibus
1147 2536 1473 2603 injuriarum
1501 2533 1907 2589 reminiscendo
1932 2546 2141 2587 memo-

546 2630 664 2684 riae
693 2630 799 2682 vim
832 2643 897 2681 ac
938 2628 1255 2682 facultatem
1296 2627 1351 2679 in
1398 2626 1582 2679 animo
1636 2639 2137 2695 corrumperemus,

552 2726 801 2787 acceptas
852 2732 983 2773 vero
1035 2733 1065 2772 a
1120 2715 1484 2770 daemonibus
1550 2715 1783 2785 injurias
1840 2716 2141 2769 memoriae

550 2809 996 2865 commendantes
1057 2809 1236 2862 illaesi
1292 2821 1657 2862 maneremus.
1724 2807 1971 2876 Cumque
2022 2822 2124 2875 ego

552 2899 911 2954 baesitassem
942 2900 1166 2967 ignarus
1191 2896 1323 2967 quid
1352 2896 1790 2965 respondendum
1828 2903 1994 2960 esset,
2028 2910 2124 2964 pe-

551 2990 871 3059 tiissemque
914 2989 983 3042 ab
1026 2989 1117 3042 illo
1140 3028 1154 3051 ,
1212 2996 1271 3042 ut
1307 2989 1423 3057 ipse
1455 2987 1586 3041 mihi
1617 2988 1737 3041 eius
1786 2986 1863 3041 rei
1900 3001 2125 3039 causam

2314 2348 2367 2402 2.
2414 2349 2693 2421 Ἢρώτησέ
2740 2369 2808 2420 με
2854 2352 2915 2404 τὸ
2961 2352 3152 2417 σκεῦος
3182 2354 3282 2424 τῆς
3314 2354 3557 2424 ἐκλογῆς
3603 2356 3632 2407 ό
3670 2354 3815 2422 Αίγύ-

2246 2457 2401 2504 πτιος
2446 2441 2623 2511 γέρων
2655 2444 2968 2514 Μακάριος’
3014 2446 3068 2497 τί
3108 2445 3308 2515 δήποτε
3371 2445 3815 2517 μνησικακοῦντες

2250 2533 2347 2601 μὲν
2374 2535 2485 2596 τοῖς
2513 2532 2818 2605 ἀνθρώποις
2873 2534 2967 2605 τὴν
2997 2538 3442 2609 μνημονευτικὴν
3480 2538 3705 2607 δύναμιν
3729 2537 3811 2604 τῆς

2246 2623 2425 2693 ψυχῆς
2453 2625 2806 2693 ἀφανίζομεν,
2829 2624 3045 2693 δαίμοσι
3069 2625 3125 2678 δὲ
3154 2626 3626 2697 μνησικακοῦντες
3674 2626 3810 2680 ἀϐλα-

2250 2714 2363 2775 ϐεῖς
2393 2713 2722 2783 διαμένομεν
2748 2731 2761 2778 ;
2798 2715 2976 2784 κάμοῦ
2999 2716 3135 2786 πρὸς
3164 2716 3260 2785 τὴν
3294 2716 3593 2788 ἀπόκρισιν
3625 2717 3809 2787 ἀπορή-

2250 2821 2463 2869 σαντος,
2500 2806 2593 2858 καὶ
2632 2806 3076 2876 παρακαλοῦντος
3112 2807 3202 2859 τὸν
3236 2808 3396 2877 λόγον
3434 2810 3648 2880 μαθεῖν’
3671 2808 3805 2869 διότι,

2250 2898 2415 2966 φησιν
2443 2898 2649 2961 ἐκεῖνος
2670 2939 2684 2963 ,
2716 2898 2778 2950 τὸ
2807 2899 2904 2967 μὲν
2947 2900 3210 2970 πρότερον
3239 2901 3395 2972 παρὰ
3443 2901 3631 2971 φύσιν,
3675 2899 3729 2953 τὸ
3755 2898 3803 2951 δὲ

2247 2988 2500 3059 δεύτερον
2528 2990 2669 3043 κατὰ
2699 2990 2858 3058 φύσιν
2886 2992 3003 3043 tati.
3035 2990 3127 3043 τοῦ
3161 2990 3337 3061 θυμοῦ
3373 2993 3472 3062 (α).

551 3092 849 3152 exponeret
884 3080 1087 3149 :Quia,
1132 3081 1331 3149 inquit,
1378 3080 1530 3148 prior
1574 3077 1793 3147 quidem
1850 3075 2065 3129 affectio
2106 3086 2296 3131 contra
2344 3087 2618 3144 naturam,
2654 3079 2925 3149 posterior
2959 3094 3087 3133 vero
3127 3081 3435 3135 secundum
3469 3082 3635 3136 animi
3666 3086 3800 3134 natu-

550 3189 669 3229 ram
690 3183 793 3229 est.

622 3268 674 3321 5.
705 3265 928 3320 Accessi
962 3265 1081 3334 ipso
1121 3263 1329 3318 fervido
1361 3262 1589 3316 meridie
1632 3260 1702 3315 ad
1743 3266 1993 3315 sanctum
2029 3275 2125 3328 pa.

2308 3261 2359 3312 5.
2403 3256 2718 3328 Παρέϐαλον
2765 3258 2887 3310 κατ’
2941 3226 3247 3329 αὐτὴνιτὴν
3296 3259 3568 3330 σταθερὰν
3611 3274 3797 3328 μεσημ-

556 3372 691 3416 trem
714 3356 1038 3422 Macarium,
1060 3363 1115 3410 et
1135 3355 1225 3411 siti
1249 3354 1601 3408 vehementer
1617 3367 1916 3422 Oppressus
1934 3367 2136 3421 aquam

553 3448 684 3519 petii
712 3448 780 3502 ad
802 3448 1117 3501 bibendum.
1158 3445 1209 3500 ls
1249 3454 1461 3499 autem:
1501 3442 1725 3508 Umbra,
1769 3443 1969 3512 inquit,
2002 3457 2135 3496 con-

558 3548 736 3595 tentus
765 3545 903 3593 esto.
937 3536 1091 3591 Multi
1132 3536 1300 3599 enim,
1333 3534 1423 3604 qui
1451 3548 1597 3588 nunc
1648 3534 1752 3587 iter
1790 3533 1998 3587 faciunt
2048 3532 2135 3585 vel

553 3633 829 3701 navigant,
851 3630 1013 3683 etiam
1038 3629 1201 3683 huius
1221 3634 1410 3681 carent
1440 3626 1655 3682 solatio.
1680 3624 1812 3679 Dein
1834 3624 2133 3692 disputanti

553 3723 687 3777 mihi
715 3731 769 3777 et
797 3722 865 3777 de
889 3722 1218 3776 abstinentia
1252 3735 1377 3774 cum
1409 3734 1474 3774 eo
1506 3717 1847 3773 conferenti:
1880 3715 2129 3777 Conﬁde,
2170 3762 2173 3765 .

556 3813 757 3884 inquit,
787 3814 895 3879 ﬁli;
937 3822 1079 3868 totos
1113 3813 1307 3882 viginti
1340 3826 1515 3866 annos
1557 3824 1734 3879 neque
1768 3823 1907 3877 pauc
1956 3822 2135 3876 neque

554 3920 695 3975 aqua
714 3921 886 3974 neque
905 3920 1097 3959 somno
1125 3920 1258 3958 usus
1291 3919 1410 3957 sum
1432 3903 1500 3956 ad
1524 3902 1850 3956 satietatem.
1875 3898 2006 3951 Nam
2036 3913 2133 3967 pa-

553 4012 681 4050 nem
709 4011 889 4050 meum
917 4004 1068 4048 certo
1094 3994 1336 4063 pondere
1363 3992 1594 4056 comedi,
1618 4006 1813 4062 aquam
1844 3990 1954 4043 bibi
1988 3999 2134 4043 certa

554 4101 836 4149 mensura,
868 4100 931 4139 ac
960 4085 1137 4139 somni
1159 4086 1407 4153 exiguam
1441 4092 1646 4153 partem
1671 4081 1969 4137 sulfuratus
2013 4096 2132 4134 sum

556 4177 873 4231 inclinando
906 4192 991 4230 me
1031 4176 1097 4229 ad
1130 4178 1382 4246 parietes.

2246 3350 2405 3420 δρίαν
2435 3349 2511 3418 τῷ
2552 3349 2693 3418 ἁγίῳ
2738 3351 2906 3416 πατρὶ
2944 3351 3246 3419 Μακαρίῳ,
3285 3354 3381 3403 καὶ
3414 3352 3532 3404 λίαν
3576 3350 3674 3403 ὑπὸ
3712 3346 3796 3414 τῆς

2242 3441 2401 3510 δίψης
2455 3440 2787 3509 φλεγόμενος
2831 3440 2991 3509 ᾔτουν
3039 3439 3179 3510 ὕδωρ
3223 3445 3390 3495 πιεῖν.
3441 3444 3469 3494 ὁ
3514 3442 3570 3494 δέ
3616 3452 3793 3509 φησιν·

2242 3533 2539 3604 ἀρκέσθητι
2568 3536 2633 3602 τῇ
2668 3534 2795 3602 σκιᾷ
2817 3550 2829 3561 ·
2862 3532 3045 3583 πολλοὶ
3079 3533 3187 3602 γὰρ
3211 3531 3309 3585 νῦν
3344 3530 3732 3601 ὁδοιποροῦντες
3763 3524 3792 3595 ἦ

2242 3624 2495 3686 πλέοντες
2558 3626 2651 3676 καὶ
2694 3624 2895 3692 ταύτης
2930 3623 3265 3695 ἐστέρηνται.
3305 3620 3427 3677 εἶτα
3470 3623 3651 3690 λόγους
3702 3632 3788 3685 μου

2242 3716 2378 3785 πρὸς
2420 3716 2581 3769 αὑτὸν
2629 3718 2757 3787 περὶ
2796 3716 3119 3785 ἐγκρατείας
3164 3716 3569 3785 γυμνάζοντοςο
3602 3710 3789 3779 θάρσει.

2241 3809 2426 3877 φησίν,
2479 3801 2523 3859 ὦ
2549 3808 2769 3873 τέκνον,
2801 3808 2858 3859 ὲν
2886 3806 3026 3870 ὅλοις
3058 3807 3235 3861 ἔτεσιν
3277 3809 3455 3860 είκοσι
3501 3804 3621 3857 οὔτε
3646 3803 3788 3869 ἄρτου

2238 3899 2360 3951 οὔτε
2391 3899 2580 3962 ῦδατος
2632 3899 2755 3951 οὔτε
2792 3898 2961 3952 ὕπνου
2993 3900 3152 3971 κόρον
3177 3899 3377 3969 εἴληφα
3402 3916 3414 3931 ·
3452 3898 3543 3950 τὸν
3577 3895 3670 3965 μὲν
3696 3888 3787 3957 γὰρ

2240 3991 2401 4061 ἄρτον
2438 4008 2537 4060 μου
2567 3990 2752 4061 ἤσθιον
2783 3988 3029 4060 σταθμῷ,
3060 3990 3120 4041 τὸ
3145 3989 3201 4042 δὲ
3232 3990 3379 4061 ὕδωρ
3400 3988 3577 4041 ἔπινον
3607 3983 3782 4054 μέτρῳ,

2237 4082 2351 4141 τοῖς
2383 4081 2581 4149 τοίχοις
2614 4079 2670 4131 δὲ
2711 4078 2947 4147 ἐμαυτὸν
2994 4077 3375 4150 παρακλίνων,
3405 4075 3595 4149 μικρόν
3633 4062 3781 4123 τιτοῦ

2244 4170 2413 4222 ὕπνου
2445 4170 2612 4241 μέρος
2631 4167 2955 4239 ἀφήρπαζον
2980 4169 3074 4238 (b).

2058 4286 2313 4343 NOTAE.

623 4407 703 4477 (a)
746 4408 827 4464 Cf.
880 4409 1038 4463 Socr.
1089 4409 1229 4463 Hist.
1281 4408 1427 4461 Eccl.
1480 4407 1574 4460 lib.
1614 4407 1823 4477 Neap.
1858 4404 2115 4477 οταν.

557 4479 662 4535 PP.
692 4482 898 4543 hosw.,
950 4480 1041 4532 lib.
1062 4480 1102 4533 ν
1133 4480 1301 4533 libell.
1331 4479 1413 4543 l0,
1437 4478 1529 4543 34;
1556 4477 1647 4531 lib.
1674 4476 1759 4527 VII
1779 4492 1898 4545 cap.
1936 4476 2023 4541 '57,
2050 4478 2116 4542 4;

561 4551 890 4629 {go-(antennae
919 4551 1145 4629 Aegypt.
1307 4547 2019 4629 Ev-A‘pOpbtheg‘matans.
2067 4564 2114 4599 v.

557 4620 828 4673 Macarius
858 4616 1160 4689 Aegyptius,
1188 4620 1213 4689 ξ
1252 4617 1735 4682 XXXVI,Coteler.
1755 4617 1901 4668 Eccl.
1926 4616 2118 4669 Graec.

2227 4407 2372 4461 Men.
2411 4406 2474 4460 T.
2520 4407 2541 4459 Ι
2586 4422 2637 4475 p.
2666 4405 2791 4460 546.

2250 4548 2259 4558 ,
2297 4478 2515 4591 “Quid
2544 4462 2699 4531 Sper.
2749 4475 2888 4530 Hist.
2924 4472 3073 4529 Eccl.
3106 4474 3145 4531 ι.
3192 4472 3272 4541 1.;
3330 4472 3443 4525 νν.
3485 4467 3581 4524 PP.
3616 4462 3773 4518 Bosw.

2227 4546 2321 4602 lib.
2404 4549 2451 4602 ι.
2484 4547 2629 4601 ltbcll
2658 4546 2713 4602 4.
2742 4546 2827 4600 17.
2864 4544 2949 4599 18.

2404 4549 2451 4613 ι,
2484 4547 2629 4601 libell
2658 4546 2713 4611 4,
2742 4546 2827 4600 i7.
2864 4544 2949 4599 18.

1674 4745 3737 4790 ______________________________________._

2106 4905 2225 4979 ἰι

1347 5086 2069 5151 ΛΡΟΡΗΤΗΕΟΜΑΤΑ
2118 5083 2401 5145 SANCTI
2434 5082 2772 5143 MACARII
2802 5080 3062 5142 MAGNI

1963 5214 2388 5289 [AEGYPTU]

1811 5398 1839 5433 Α
1876 5398 2047 5435 PETRO
2094 5392 2309 5432 POSSINO
2360 5392 2539 5429 EDITA.

1294 5506 1430 5554 l‘etri
1472 5506 1660 5554 Possint
1682 5505 1963 5555 Tbesaurus
1988 5499 2247 5555 asceticus,
2284 5498 2482 5546 Parisiis
2509 5497 2645 5553 168l,
2670 5497 2737 5555 4°,
2764 5496 2908 5557 p.245
2930 5508 3035 5555 sqq.

624 5736 855 5803 Quidam
890 5756 921 5794 e
969 5739 1227 5796 fratribus
1280 5740 1632 5811 interrogavit
1667 5742 1961 5797 Macariuln
2001 5758 2116 5797 ma-

2295 5740 2451 5810 231
2515 5738 2762 5807 Ἀδελφδς
2834 5738 3087 5807 ἠρώτησε
3144 5736 3235 5788 τὸν
3286 5729 3451 5785 ἁὸὅᾶν
3506 5710 3755 5811 Mati???

560 5843 723 5893 gnum
748 5830 1020 5894 abbatem,
1042 5830 1352 5901 exquirens,
1379 5846 1648 5898 quaenam
1678 5842 1841 5901 esset,
1861 5844 1913 5889 et
1938 5837 1989 5888 in
2012 5852 2119 5905 quo

2246 5836 2317 5887 τὸν
2351 5832 2549 5902 μέγαν,
2584 5831 2756 5896 λέγων
2795 5833 2922 5899 περὶ
2956 5828 3311 5897 τελειότητος*
3352 5820 3439 5874 καὶ
3480 5796 3757 5872 ἀποκριθεις
