4016 6430
540 468 648 521 235

1329 464 1429 519 SS.
1466 464 1927 523 MACARIORUM
1970 467 2295 524 AEGYPTII
2334 470 2420 525 ET
2480 470 2945 527 ALEXANDRINI

3698 472 3806 529 236

611 586 663 639 6.
700 583 844 639 Dixit
871 599 1068 640 senex:
1093 582 1282 638 Oratio
1332 594 1386 639 et
1414 602 1611 641 sensus
1638 587 1807 641 sobrii
1849 596 1903 639 et
1928 602 2125 657 corpo-
2156 596 2177 650 Α

2298 590 2353 643 6.
2400 587 2533 643 Εἶπε
2581 591 2791 660 γέρωνο
2830 605 3103 659 προσευχη
3140 587 3232 640 xui
3254 587 3502 657 λογισμοὶ
3542 589 3807 659 νήφοντες

544 677 623 731 ris
645 676 885 741 vexatio,
924 676 1119 730 maiori
1152 691 1277 731 cum
1313 677 1595 748 diligentia
1625 677 1736 733 Deo
1789 679 1992 743 oblata,
2042 680 2125 733 in-

540 772 765 820 struunt
788 765 1137 837 potestatein
1163 766 1472 836 passiones.

616 940 668 994 7.
703 939 1072 1011 interrogatus
1115 947 1201 996 est
1232 955 1395 995 senex
1426 959 1438 993 :
1473 939 1616 1006 Quid
1657 949 1763 1005 est,
1802 941 1987 996 vivere
2026 943 2124 998 ho-

544 1034 747 1087 minem
805 1040 1066 1102 tanquam
1104 1032 1370 1101 hospitem
1401 1038 1455 1084 et
1501 1031 1887 1102 peregrinum?
1929 1032 1997 1085 Et
2036 1049 2124 1087 re-

545 1123 807 1193 spondit:
849 1123 947 1178 Dic
990 1124 1111 1185 tibi,
1138 1122 1257 1178 Non
1293 1123 1471 1177 habeo
1510 1122 1601 1177 hic
1634 1124 1930 1194 negotium.
1981 1124 2125 1180 llaec

546 1216 684 1268 itera
710 1216 856 1268 omni
890 1223 1132 1282 tempore
1160 1220 1214 1267 et
1247 1212 1302 1265 in
1331 1212 1483 1265 omni
1515 1212 1635 1267 loco
1672 1221 1726 1267 et
1756 1216 2121 1283 Zoperatione:

544 1313 678 1361 tunc
703 1307 813 1361 eris
843 1320 968 1360 vere
996 1306 1050 1358 in
1078 1311 1223 1359 statu
1254 1304 1495 1359 advenae
1523 1311 1577 1359 et
1603 1306 1899 1376 peregrini.

615 1397 667 1451 8.
704 1397 850 1450 Dixit
879 1412 1087 1452 senex:
1128 1394 1255 1449 Vita
1299 1406 1490 1451 sancta
1528 1397 1649 1451 sine
1681 1397 1929 1452 doctrina
1970 1400 2124 1469 plura

547 1487 690 1540 bona
722 1484 909 1551 eiiicit,
944 1500 1111 1555 quam
1141 1484 1393 1540 doctrina
1418 1487 1539 1541 sine
1570 1486 1704 1540 vita.
1739 1485 1873 1541 Nam
1896 1499 2123 1544 sanctus

546 1575 805 1631 indoctus
864 1576 951 1631 vel
1022 1582 1214 1629 tacens
1262 1572 1525 1644 prodest;
1576 1575 1769 1632 doctus
1814 1594 1944 1633 vero
2005 1582 2126 1636 sine

543 1668 863 1731 sanctitate,
903 1668 1068 1724 etiam
1117 1668 1295 1724 solum
1354 1669 1627 1739 cogitans,
1682 1671 1959 1726 obturbat.
2014 1674 2123 1729 Do-

544 1763 726 1818 ctrina
760 1768 941 1815 autem
973 1774 1108 1816 sana
1142 1768 1198 1815 et
1227 1760 1337 1814 vita
1374 1770 1564 1817 sancta
1608 1764 1655 1818 si
1690 1765 1746 1819 in
1787 1782 1953 1820 unum
1988 1782 2121 1822 con-

545 1859 797 1920 currant,
831 1852 1212 1923 pbilosopbiae
1243 1852 1414 1908 totius
1455 1868 1635 1909 veram
1666 1862 1721 1913 et
1746 1857 1962 1926 plenam
1997 1875 2122 1929 spe-

546 1948 685 2001 ciem
713 1946 1022 2002 absolvunt.

618 2040 673 2094 9.
714 2037 862 2093 Dixit
888 2053 1055 2095 senex
1082 2058 1095 2095 :
1120 2039 1199 2096 Ne
1227 2042 1457 2107 ambias,
1480 2048 1644 2112 caput
1674 2040 1788 2096 ﬁeri
1822 2057 2120 2115 congrega-

546 2130 717 2186 tionis
755 2130 1011 2196 fratrum,
1038 2147 1109 2188 ne
1145 2135 1286 2190 forte
1322 2134 1571 2215 imponas
1604 2134 1746 2190 collo
1776 2142 1872 2191 tuo
1909 2138 2119 2192 alieno-

548 2237 671 2276 rum
703 2236 873 2277 onera
909 2233 1280 2294 peccatorum.

622 2313 708 2368 ιο.
748 2312 897 2368 Dixit
929 2330 1096 2371 senex
1130 2334 1145 2371 :
1179 2317 1303 2371 Vim
1343 2318 1449 2373 sibi
1488 2317 1670 2374 facere
1710 2318 1766 2374 in
1805 2321 2036 2385 orando,
2069 2330 2122 2376 et

547 2406 608 2461 in
639 2407 887 2463 oratione
917 2408 1230 2479 persistere,
1278 2410 1450 2481 gignit
1488 2425 1646 2466 orare
1680 2426 1804 2466 cum
1845 2412 2043 2482 gaudio
2072 2422 2122 2466 et

547 2515 674 2553 cum
722 2501 926 2570 quiete.
970 2500 1091 2556 Vim
1126 2504 1273 2558 enim
1318 2502 1421 2558 sibi
1458 2502 1639 2559 facere
1680 2504 1811 2559 boni
1858 2507 2119 2579 propositi

546 2599 632 2647 est
658 2609 669 2643 :
695 2605 854 2647 orare
884 2601 1063 2649 autem
1092 2609 1216 2648 cum
1252 2594 1432 2663 quiete
1452 2610 1670 2652 munus
1703 2606 1789 2652 est
1822 2598 2048 2667 gratiae.

2152 1935 2199 1995 B

2230 681 2326 734 xui.
2376 681 2623 751 σώματος
2668 679 3046 748 ὑποπιασμὸς,
3082 678 3169 733 διὰ
3202 679 3441 743 πλείονος
3485 680 3809 751 ἐπιμελείας

2230 771 2676 842 προσφερόμενα,
2736 770 2795 822 τὸ
2850 770 2992 823 κατὰ
3054 769 3162 822 τῶν
3223 770 3413 823 παθῶν
3480 770 3807 826 ἀναδύωνται

2232 863 2449 932 κράτος.

2299 952 2352 1004 7.
2402 949 2686 1021 Ἥρωτήθη
2711 951 2739 1003 6
2760 950 2964 1020 γέρων·
2997 951 3049 1003 τί
3071 951 3184 1002 ἐστι
3214 949 3483 1016 ξενιτείας
3526 945 3812 1007 καὶέῖπυ

2230 1042 2433 1115 [είπὲ¹]
2487 1044 2585 1096 οὐκ
2606 1042 2713 1112 ἔχω
2746 1045 3009 1113 πρᾶγμαο
3038 1043 3129 1096 καὶ
3158 1043 3313 1095 τοῦτο
3358 1042 3499 1096 ποίει
3540 1043 3600 1095 ὲν
3641 1044 3814 1095 ’παντῆ⁵

2227 1136 2403 1206 καιρῷ
2447 1137 2542 1187 xui.
2577 1135 2730 1205 τόπῳ
2793 1134 2887 1188 xui
2947 1134 3258 1205 πράγματιο
3305 1132 3401 1187 καὶ
3440 1133 3579 1203 αῦτη
3619 1134 3746 1185 ἐστὶ
3776 1134 3814 1203 ἡ

2228 1226 2431 1299 ἀληθὴς
2467 1226 2713 1291 ξενιτεία.

2296 1397 2349 1451 8.
2390 1393 2523 1449 Εἷπε
2554 1398 2583 1449 6
2613 1395 2788 1467 γέρων
2809 1410 2822 1425 ⁸
2844 1397 2924 1448 ὃτι
2952 1396 3061 1465 βίος
3090 1395 3215 1450 ἄνευ
3240 1393 3399 1462 λόγου
3438 1394 3620 1446 πλεῖον
3650 1393 3817 1463 ἐνερ-

2227 1492 2343 1558 γεῖν
2387 1488 2547 1559 235
2582 1489 2824 1557 πέφυκεν
2868 1488 2901 1559 ἦ
2946 1487 3101 1556 λόγος
3138 1487 3263 1541 ἄνευ
3303 1486 3450 1557 βίου’
3484 1488 3514 1539 6
3554 1484 3655 1555 μὲν
3693 1484 3817 1553 γὰρ

2229 1580 2396 1647 σιγῶν
2445 1578 2671 1647 ὠφελεῖ·
2716 1579 2745 1630 6
2770 1578 2826 1630 δὲ
2854 1578 2948 1631 xui.
2982 1578 3118 1630 νοῶν
3154 1576 3361 1647 ἐνοχλεῖ
3381 1593 3394 1607 ο
3426 1576 3475 1629 εἰ
3502 1576 3561 1629 δὲ
3593 1575 3691 1628 xui.
3716 1574 3818 1626 1.6-

2226 1687 2321 1738 γος
2356 1670 2451 1723 xui.
2484 1669 2597 1738 βίος
2630 1665 3057 1739 συνδραμοῦνται
3086 1669 3162 1730 εἰς
3192 1666 3271 1737 ἓν,
3318 1664 3633 1737 φιλοσοφίας
3661 1663 3817 1716 ἁπά-

2229 1779 2328 1832 σης
2355 1762 2707 1815 ἀποτελοῦσιν
2736 1761 2988 1832 ἄγαλμαέ

2294 2048 2348 2103 9.
2376 2043 2512 2103 Eine
2559 2048 2769 2120 γέρων
2816 2048 2891 2119 μὴ
2941 2047 3178 2117 σπεύσῃς
3222 2044 3549 2114 κεφαλεῦσαι
3582 2044 3823 2114 ἀδελφό-

2225 2157 2382 2210 τητα·
2415 2140 2502 2193 ἵνα
2528 2140 2607 2212 μὴ
2644 2139 2911 2211 ὲπιθήσῃς
2945 2139 3256 2210 ἀλλοτρίους
3286 2137 3514 2210 φόρτους
3548 2140 3822 2211 ἁμαρτη-

2232 2233 2416 2303 μάτων
2444 2232 2537 2284 ὲπὶ
2564 2230 2641 2303 σῷ
2677 2233 2950 2304 τραχήλῳ.

2303 2321 2389 2377 10.
2425 2317 2560 2374 Εῐπε
2583 2324 2611 2375 ὁ
2641 2323 2817 2392 γέρων
2840 2338 2853 2351 ’
2878 2322 2940 2376 τὸ
2975 2322 3113 2393 μετὰ
3142 2320 3259 2391 βίας
3282 2318 3689 2391 προσεύξασθαι
3717 2318 3825 2371 xui.

2231 2414 2523 2485 ὑπομένειν
2555 2414 2727 2468 τίκτει
2758 2415 2820 2468 τὸ
2873 2413 3013 2484 μετὰ
3044 2415 3218 2485 χαρᾶς
3254 2414 3348 2466 καὶ
3385 2412 3523 2483 μετὰ
3559 2412 3823 2464 ἀναπαύ-

2232 2526 2369 2573 σεως
2395 2507 2814 2581 προσεύξασθαι·
2847 2507 2940 2559 xui.
2964 2505 3025 2559 τὸ
3061 2506 3158 2576 μὲν
3191 2503 3509 2577 μετὰβίας,
3542 2503 3643 2573 τῆς
3678 2520 3820 2574 προ-

2230 2600 2512 2670 αιρέσεως,
2540 2600 2600 2653 τὸ
2631 2600 2685 2653 δὲ
2721 2597 2855 2667 μετὰ
2891 2596 3270 2660 ἀναπαύσεως,
3308 2595 3409 2666 τῆς
3435 2594 3675 2664 χάριτος.

1841 2768 2096 2825 VARIAE
2132 2770 2531 2827 LECTIONES.

622 2886 641 2914 ³
678 2885 809 2938 εἰπὲ
839 2899 948 2939 om.
977 2884 1099 2949 Ed.,
1130 2883 1311 2939 addidi
1340 2897 1407 2939 ex
1437 2885 1581 2940 coni.

2132 3256 2243 3316 Ill.

1223 3442 1949 3504 APOPHTHEGMATA
2018 3443 2297 3505 SANCTI
2364 3444 2701 3505 MACARII
2760 3442 3137 3502 AEGYPTII

1716 3623 1747 3658 Δ
1796 3622 1873 3661 JO.
1932 3622 2085 3661 BAPT.
2133 3620 2433 3661 COTELEBIO
2472 3621 2633 3661 EDITA

623 3781 648 3817 ι
675 3766 963 3827 Sanctarum
984 3778 1161 3818 senum
1179 3764 1608 3828 ApOphthegmata
1638 3778 1655 3809 ι
1686 3776 1724 3811 s.
1756 3777 1797 3810 v.
1827 3758 2075 3885 Macarius
2095 3764 2163 3871 Asc:

889 4145 967 4199 De
1006 4142 1251 4198 Macario
1290 4144 1479 4197 abbate
1517 4144 1793 4212 Aegyptio.

640 4238 693 4292 ‘l.
730 4236 987 4292 Narravit
1020 4233 1088 4289 de
1115 4250 1175 4289 se
1202 4234 1323 4304 ipso
1350 4233 1619 4288 Macarius
1644 4234 1812 4287 abbas
1849 4232 2132 4303 dixitque:

566 4330 797 4401 Quando
849 4342 1003 4386 eram
1063 4326 1298 4390 iuvenis,
1338 4334 1392 4382 et
1433 4326 1492 4380 in
1537 4325 1732 4379 cellula
1779 4324 2035 4380 sedebam
2082 4326 2137 4378 in

566 4428 810 4493 Aegypto
833 4459 848 4485 ,
876 4418 1357 4489 apprehenderunt
1385 4431 1473 4472 me
1501 4430 1566 4471 ac
1594 4414 1841 4471 fecerunt
1874 4414 2137 4470 clericum

568 4515 627 4572 in
668 4514 822 4579 vico;
850 4512 944 4567 sed
982 4511 1175 4565 nolens
1220 4510 1573 4580 acquiescere
1607 4508 1721 4579 iugi
1754 4508 1822 4563 ad
1858 4508 2023 4561 alium
2058 4509 2138 4562 lo-

568 4622 715 4662 cum.
747 4604 813 4659 Et
846 4605 993 4659 venit
1022 4603 1091 4657 ad
1126 4618 1211 4658 me
1244 4601 1542 4658 saecularis
1573 4601 1658 4657 vir
1690 4602 1835 4670 pius,
1867 4599 1962 4670 qui
1995 4599 2139 4653 acci-

568 4699 753 4771 piebat
810 4696 954 4767 quod
1014 4693 1268 4749 manibus
1323 4693 1626 4763 cperabar,
1677 4702 1731 4748 et
1790 4690 2143 4747 ministrabat

569 4792 726 4845 mihi.
756 4787 1000 4858 Contigit
1035 4796 1217 4841 autem
1251 4801 1348 4855 per
1380 4785 1759 4849 tentationem,
1785 4791 1846 4838 ut
1874 4782 2143 4853 quaedam

568 4882 903 4953 virgoJapsa
929 4880 1002 4933 sit
1036 4878 1090 4931 in
1118 4885 1389 4946 stuprum.
1419 4878 1495 4930 Ea
1516 4892 1640 4932 eum
1665 4883 1879 4930 uterum
1909 4882 2144 4944 gereret,

573 4973 1029 5042 interrogabatur,
1051 4970 1173 5040 quis
1196 4976 1341 5023 esset
1369 4978 1560 5025 auctor
1589 4967 1871 5023 criminis?
1900 4965 2150 5035 Respon-

573 5064 655 5117 dit
703 5064 1090 5117 anacboretam
1118 5076 1261 5116 esse.
1291 5058 1446 5115 Unde
1472 5060 1679 5130 egressi
1713 5056 2147 5128 comprehende-

576 5160 706 5208 runt
736 5168 822 5207 me
849 5155 1302 5223 adduxeruntque
1335 5151 1402 5205 ad
1434 5152 1646 5217 vicum;
1678 5158 1843 5220 atque
1876 5147 2151 5218 appende-

578 5254 706 5301 runt
721 5244 863 5300 collo
882 5244 1108 5315 fuligine
1126 5244 1362 5299 infectas
1384 5243 1521 5298 ollas
1538 5257 1661 5298 cum
1685 5241 1838 5296 ansis
1864 5254 2141 5302 vasorum,

2374 3761 2500 3822 apud
2532 3758 2764 3821 Jo.Bapt.
2788 3758 3110 3821 Colelerium,
3134 3760 3268 3812 Eccl.
3297 3761 3472 3813 Graec.
3486 3762 3617 3813 Mou.
3641 3762 3701 3815 T.
3724 3761 3774 3822 ι,

2379 4144 2516 4211 Περὶ
2544 4143 2650 4197 τοῦ
2680 4141 2829 4197 ἁϐϐιῖ
2857 4144 3162 4209 Μακαρίσυ
3200 4142 3309 4196 τοῦ
3336 4142 3683 4211 Αἰγυπτίου.

2315 4239 2365 4294 1.
2424 4237 2731 4307 Διηγήσατο
2782 4238 2908 4307 περὶ
2952 4235 3143 4289 ἑαυτοῦ
3186 4238 3215 4289 6
3266 4236 3440 4299 ἁδὸἄς
3495 4236 3827 4307 Μακάριος,

2243 4326 2434 4395 λέγων·
2481 4327 2569 4378 ὅτε
2613 4325 2760 4395 ἤμην
2808 4323 3069 4394 νεώτερος
3114 4324 3207 4377 xui.
3256 4324 3539 4395 ἐκαθήμην
3580 4325 3662 4388 είς
3703 4324 3832 4378 xz).-

2243 4419 2355 4472 λὶον
2421 4421 2498 4481 εἰς
2561 4417 2847 4484 Αἴγυπτον,
2910 4415 3223 4487 ἐκράτησάν
3295 4433 3362 4485 με
3412 4417 3507 4469 xui.
3564 4416 3832 4485 ἐποίησαν

2246 4511 2411 4582 236
2441 4510 2699 4582 κληρικὸν
2730 4510 2809 4572 εἰς
2836 4510 2934 4581 τὴν
2970 4508 3183 4579 κώμηνο
3219 4509 3315 4562 xui
3351 4509 3425 4580 μὴ
3462 4508 3628 4561 θέλων
3660 4526 3831 4561 κατα-

2246 4600 2521 4669 δέξασθαιι
2554 4600 2753 4669 ἔφυγον
2782 4602 2859 4663 εὶς
2889 4600 3072 4669 ἕτερον
3097 4600 3279 4654 τόπον.
3313 4601 3408 4654 xui.
3434 4596 3564 4671 ἦλθε
3594 4601 3732 4671 πρός
3766 4618 3835 4671 με

2249 4692 2481 4762 εὐλαϐὴς
2515 4690 2797 4762 κοσμικὸς,
2836 4692 2930 4743 xui.
2954 4691 3226 4762 ἐλάμϐανε
3254 4692 3315 4744 τὸ
3344 4692 3661 4763 ὲργόχειρόν
3698 4709 3832 4761 μου,

2248 4782 2345 4834 xui.
2373 4782 2607 4851 διηκόνει
2638 4799 2725 4851 μοι
2745 4797 2759 4811 ·
2789 4781 2983 4852 συνέϐη
3010 4781 3067 4834 δὲ
3092 4783 3200 4835 ἀπὸ
3242 4781 3546 4852 πειρασμοῦ
3573 4784 3592 4814 ³
3621 4783 3837 4852 παρθέ-

2251 4891 2339 4927 νον
2374 4874 2494 4927 τινὰ
2519 4876 2597 4936 εἰς
2623 4873 2720 4943 τὴν
2753 4873 2945 4944 κώμην
2980 4876 3252 4927 ὲκπεσεῖψ
3294 4875 3387 4927 xui.
3411 4872 3648 4926 λαϐοῦσα
3690 4876 3838 4927 κατὰ

2251 4962 2487 5031 γαστρὸς
2536 4963 2783 5033 ἡρωτᾶτο
2826 4964 2910 5026 τίς
2937 4965 3019 5035 εἴη
3069 4966 3098 5017 6
3136 4964 3294 5017 τοῦτο
3326 4965 3670 5035 πεποιηκώς;
3701 4968 3735 5035 ἡ
3776 4966 3836 5019 δὲ

2248 5056 2451 5123 ἔλεγεν·
2475 5059 2503 5109 ὁ
2530 5057 2907 5127 ἁναχωρητής.
2928 5060 3022 5109 xui.
3051 5057 3357 5121 ἐξελθόντες
3385 5059 3673 5111 συνέλαὸὁν
3711 5078 3785 5128 με
3820 5064 3841 5092 ⁸

2250 5147 2330 5208 εἰς
2360 5147 2458 5218 τὴν
2501 5146 2715 5217 κώμην,
2757 5132 2851 5201 xui.
2883 5149 3197 5220 ἐκρέμασαν
3234 5151 3290 5203 ἐν
3323 5150 3401 5219 τῷ
3445 5152 3699 5221 τραχήλῳ
3732 5170 3839 5222 μου

2252 5240 2635 5309 ἡσὸολωμένας
2657 5240 2859 5311 χύτρας
2884 5242 2974 5295 xui.
3003 5241 3139 5294 ώτία
3168 5228 3385 5311 κούφων
3424 5242 3522 5312 (α),
3558 5244 3650 5295 καὶ
3678 5261 3839 5315 περι-

1871 5379 2127 5433 VARIAE
2165 5380 2571 5437 LECTIONES.

661 5478 790 5533 'Al.
819 5478 981 5533 inser.
1017 5478 1341 5531 διαϐολικοῦ.
1421 5478 1443 5509 ⁸
1482 5478 1566 5530 Al.
1598 5478 1647 5529 οἱ
1671 5478 1769 5546 τῆς
1818 5474 2034 5544 κώμης.

2066 5579 2314 5636 NOTAE.

640 5720 715 5790 (a)
746 5722 1011 5789 Κούςρων,
1033 5736 1137 5775 vox
1159 5719 1553 5791 graeco-barba
1563 5734 1641 5785 ra,
1656 5735 1719 5773 ex
1740 5732 1933 5791 graeca
1954 5716 2145 5791 κῦφος,

584 5788 1061 5859 ni'l‘aliorPraetcr
1072 5788 1478 5859 grammaticos.
1498 5789 1855 5859 Orientalium
1876 5788 2147 5859 Synodica

587 5860 654 5913 ad
704 5857 1529 5930 Theophilum_imperatorcm,
1579 5861 1634 5912 in
1683 5857 1997 5930 Originibus
2036 5857 2144 5930 (2P:

589 5923 900 5988 Cumbelisii
954 5947 1007 6001 ιι.
1046 5923 1206 6007 151:
1232 5928 1527 5999 περικλείει
1576 5923 1868 5984 ὲαυτὸνᾌν
1908 5929 2018 5991 τοῖς
2058 5923 2149 5983 τοῦ

2258 5720 2563 5790 ᾼαγιστέως
2610 5720 2843 5788 μεγάλου
2886 5716 3113 5790 λουτροῦ
3163 5720 3276 5773 τῶν
3311 5718 3557 5788 καμίνων
3595 5717 3832 5790 κούφοις.

2253 5788 2322 5912 ἔτι
2340 5788 2573 5915 Οιὲιξδιεί
2606 5792 2781 5859 magni
2808 5790 2981 5845 balnei
3009 5788 3339 5843 caminorum
3368 5790 3518 5857 cupis
3538 5789 3834 5843 sescinclu-

2293 5870 2348 5915 η.
2437 5874 2666 5913 OTELER.

2293 5874 2348 5915 ιτ.
2391 5874 2666 5915 (ΑΟΥΕΙᾸΞΒ.
