4016 6464
468 341 578 398 ‘239
1290 338 1391 395 SS.
1427 339 1889 395 MACARIORUM
1931 335 2254 393 AEGYPTII
2294 336 2381 390 ET
2424 332 2890 390 ALEXANDRINI
3679 327 3781 381 9&0

471 463 604 519 hinc
634 457 762 512 anni
794 454 1215 528 praeterierunt.
1251 453 1428 524 Atque
1453 472 1599 511 unus
1626 471 1655 512 e
1679 455 1839 509 nobis
1872 453 2048 523 Aegy-

2161 451 2405 522 ὃπάρχει.
2425 451 2520 504 καὶ
2544 449 2909 522 ὲπηρὼτῳάν
2934 466 3000 519 με
3025 449 3122 503 καὶ
3158 445 3318 503 αὐτοὶ
3339 444 3649 512 λέγοντες·
3665 442 3784 498 πῶς

469 558 620 624 ptius
641 558 748 614 est,
777 550 915 604 alter
930 545 1184 619 Libycus.
1212 545 1319 615 Ipsi
1338 563 1555 618 quoque
1575 549 2051 616 interrogaverunt

2161 546 2180 597 6
2206 545 2442 613 κόσμος;
2477 544 2572 596 καὶ
2597 545 2644 595 εί
2679 543 2895 614 ἔρχεται
2925 543 2986 595 τὸ
3007 541 3149 612 ὕδωρ
3175 541 3324 594 κατὰ
3350 537 3568 608 καιρὸν
3591 533 3785 624 air-:06,

469 622 560 699 me
585 651 641 698 et
673 643 934 696 dixerunt
961 659 973 694 :
1009 638 1300 705 Quomodo
1330 654 1389 692 se
1423 639 1588 692 habet
1630 636 1911 691 mundus?
1956 634 2050 688 Ve-

2161 637 2247 688 καὶ
2282 636 2329 687 εἰ
2364 634 2476 704 ἔχει
2504 636 2533 686 6
2571 635 2776 705 κόσμος
2812 634 2912 705 τὴν
2943 633 3195 705 εὐθηνίαν
3227 627 3412 685 αὑτοῦ
3442 666 3458 693 ,
3502 629 3605 682 καὶ
3629 622 3788 678 εἶπον

472 736 629 788 nilne
658 747 800 800 aqua
831 731 885 784 in
920 737 1164 798 tempore
1198 727 1342 782 suo?
1382 726 1614 780 Mundus
1642 726 1922 778 obtinetne
1954 724 2051 775 ab-

2161 727 2374 790 ιὺτοῖς·
2407 726 2514 779 ναί.
2555 725 2712 794 κάγὼ
2762 726 2959 788 αὐτοὺς
3000 725 3260 796 ἠρώτησα
3283 739 3301 753 ⁸
3337 722 3478 787 πῶς
3537 720 3787 790 δύναμαι

475 823 791 878 undantiam
843 820 1101 874 solitam?
1147 817 1482 888 Respondi:
1541 816 1736 870 Etiam.
1795 813 2050 868 Vicissim

2161 817 2402 888 γενέσθαι
2453 818 2721 888 μοναχός;
2751 818 2848 871 καὶ
2894 817 3110 886 λέγουσί
3141 833 3229 887 μοι
3252 831 3265 845 ⁵
3293 817 3408 872 ἐὰν
3451 815 3534 886 μὴ
3568 815 3783 866 ἀποτά-

472 931 572 987 ego
603 921 959 984 percontatus
983 928 1102 966 sum
1134 929 1147 964 :
1185 909 1435 976 Quanam
1469 909 1682 964 ratione
1715 907 1828 962 ﬁeri
1860 915 2052 978 potero

2161 909 2311 980 Εηταί
2337 928 2421 973 τις
2449 911 2580 963 πᾶσι
2603 913 2716 974 τοῖς
2743 910 2837 963 τοῦ
2865 910 3092 981 κόσμου,
3123 911 3183 962 οὐ
3224 909 3475 964 δύναται
3515 905 3784 974 γενέσθαι

474 1005 813 1062 monachus?
864 1003 1033 1058 Aiunt
1089 1002 1222 1055 mihi
1261 1021 1272 1054 :
1319 1000 1434 1055 Nisi
1475 1000 1599 1070 quis
1643 998 2052 1053 renunciaverit

2161 1001 2410 1071 μοναχὸς.
2445 1001 2539 1053 καὶ
2563 997 2715 1054 εἷπον
2736 1002 2918 1064 αὐτοῖς
2942 1017 2956 1032 ο
2985 999 3096 1069 ἐγὼ
3142 1001 3393 1070 ἀσθενής
3429 1000 3560 1068 εἰμι
3591 997 3696 1048 καὶ
3723 998 3784 1048 οὐ

475 1097 736 1151 omnibus
767 1095 952 1150 mundi
984 1095 1172 1156 rebus,
1209 1108 1314 1147 non
1359 1101 1533 1162 potest
1573 1091 1689 1146 fieri
1726 1091 2048 1145 monachus.

2161 1093 2386 1162 δύναμαι
2414 1093 2487 1155 ὡς
2515 1093 2692 1163 ὑμεῖς·
2740 1095 2835 1147 κα)⁹
2868 1090 3019 1146 εἶπόν
3049 1110 3138 1162 μοι
3166 1094 3259 1145 καὶ
3297 1089 3504 1144 αὐτοί·
3543 1090 3648 1142 καὶ
3691 1087 3785 1140 ἐὰν

475 1185 678 1257 Excepi
715 1205 728 1241 :
765 1185 876 1256 Ego
899 1185 1149 1238 infirmus
1179 1199 1322 1249 sum,
1358 1199 1456 1238 nec
1479 1199 1701 1252 possum
1737 1182 1899 1236 sicuti
1931 1196 2048 1235 vos.

2161 1183 2214 1235 οὐ
2255 1158 2476 1236 διὸνασαι
2519 1158 2595 1246 ὧς
2622 1185 2813 1254 ἡμεῖς,
2845 1181 3013 1236 κάθου
3039 1158 3120 1246 εἰς
3149 1181 3209 1234 τὸ
3249 1179 3488 1233 κελλίον
3524 1195 3653 1242 σου,
3690 1178 3786 1230 καὶ

474 1277 817 1348 Exceperunt
840 1278 1002 1331 etiam
1021 1275 1097 1328 illi
1127 1293 1140 1327 :
1169 1273 1225 1328 Si
1254 1290 1358 1328 non
1389 1284 1565 1345 potes,
1591 1273 2052 1344 quemadmodum

2161 1274 2388 1329 κλαῦσον
2411 1275 2510 1338 τάς
2529 1276 2803 1346 ἁμαρτίας
2832 1291 2948 1328 σου·
2973 1275 3067 1329 καί
3085 1274 3356 1346 ἠρώτησα
3380 1271 3629 1333 αὐτούς·
3655 1270 3785 1321 ὅταν

474 1385 598 1436 nos,
621 1371 748 1424 sede
768 1370 822 1423 in
841 1367 1038 1422 cellula
1056 1373 1173 1432 tua,
1192 1374 1246 1421 et
1271 1376 1493 1437 peccata
1514 1375 1606 1419 tua
1626 1364 1782 1422 deﬂe.
1797 1365 2053 1430 Quaesivi

2161 1367 2368 1438 γίνηται
2398 1366 2622 1438 χειμών,
2671 1367 2732 1420 οὐ
2771 1368 2995 1438 ριγᾶτε;
3031 1367 3126 1419 καὶ
3168 1367 3297 1418 ὅταν
3334 1364 3586 1433 γίνηται
3618 1361 3785 1432 240

476 1461 543 1516 ab
571 1462 652 1516 eis
680 1481 692 1514 :
729 1460 960 1527 Quando
1000 1459 1179 1514 hiems
1208 1468 1316 1523 est,
1353 1473 1537 1512 nonne
1568 1457 1797 1530 algetis?
1834 1457 2054 1526 quando

2161 1458 2343 1528 καῦμα
2363 1497 2378 1520 ,
2408 1456 2469 1510 οὐ
2495 1456 2709 1510 καίεται
2741 1456 2808 1508 τά
2837 1455 3066 1526 σώματα
3103 1455 3296 1525 ὑμῶν;
3337 1457 3395 1510 οἱ
3432 1455 3499 1508 δὲ
3531 1448 3720 1506 εἷπον·
3755 1455 3785 1505 6

477 1560 664 1607 aestus
682 1561 786 1616 est,
813 1568 996 1607 nonne
1023 1553 1204 1607 uritur
1223 1567 1427 1621 corpus
1449 1561 1688 1606 vestrum
1705 1551 1729 1602 ?
1745 1547 2058 1619 Responde-

2161 1550 2285 1611 Θεὸς
2317 1548 2571 1619 ἐποίησεν
2599 1550 2728 1619 ἡμῖν
2765 1547 2862 1618 τὴν
2895 1547 3202 1618 οἰκονομίαν
3238 1547 3493 1617 ταύτην·
3524 1547 3628 1598 καὶ
3656 1543 3780 1597 οὗτε

476 1653 638 1698 runt:
671 1643 815 1698 Deus
843 1660 972 1714 erga
991 1659 1094 1698 nos
1117 1643 1221 1698 hac
1244 1658 1379 1698 usus
1397 1650 1481 1697 est
1501 1641 1940 1712 dispensatione:
1967 1655 2056 1694 ne-

2161 1641 2232 1712 τῷ
2257 1641 2481 1712 χειμῶνι
2520 1640 2782 1711 ριγῶμεν,
2822 1638 2946 1693 οὔτε
2984 1640 3063 1711 τῷ
3095 1640 3246 1712 θέρει
3284 1640 3355 1693 τὸ
3386 1638 3601 1709 καῦμα
3633 1638 3782 1707 ἡμᾶς

473 1751 582 1806 que
615 1735 791 1790 hieme
813 1736 1075 1804 rigemus,
1101 1750 1279 1804 neque
1300 1741 1511 1788 aestate
1535 1749 1638 1790 nos
1652 1741 1838 1788 aestus
1867 1732 2051 1787 laedit.

2161 1733 2349 1788 ἀδικεῖ.
2380 1731 2468 1786 διὰ
2493 1731 2650 1785 τοῦτο
2682 1725 2834 1785 εἷπον
2862 1733 3010 1802 ὑμῖν,
3047 1733 3130 1786 ὃτι
3158 1731 3315 1785 οὔπω
3350 1731 3577 1800 γέγονα
3613 1746 3780 1799 μονα·

473 1825 771 1895 Propterea
799 1825 913 1879 dixi
935 1826 1111 1890 vobis,
1149 1840 1234 1878 me
1268 1823 1512 1878 nondum
1548 1838 1672 1878 esse
1699 1821 2052 1888 monachum,

2161 1823 2283 1894 χός,
2336 1823 2452 1878 ἀλλ’
2494 1820 2630 1876 εἶδον
2675 1823 2958 1894 μοναχούς.
2989 1823 3397 1894 συγχωρήσατε
3436 1839 3540 1893 μοι
3568 1859 3584 1884 ,
3620 1821 3778 1874 6:5).-

477 1916 571 1971 sed
602 1916 808 1971 vidisse
846 1916 1172 1970 monachos.
1201 1913 1476 1984 Ignoscite
1521 1914 1680 1974 mihi.
1725 1912 1945 1967 fratres.
2159 1915 2248 1983 φοί
2285 1914 2383 1984 (a).

547 2007 601 2060 5.
639 2005 912 2060 Macarius
946 2005 1113 2059 abbas
1148 2021 1272 2060 cum
1307 2006 1360 2058 in
1399 2003 1714 2058 omnimoda
1759 2002 2056 2058 solitudine

2227 2008 2280 2061 5.
2329 2005 2390 2061 '0
2416 2005 2592 2070 ἀ66ἄς
2628 2005 2910 2076 Μακάριος
2934 2004 3023 2058 ὅτε
3052 2003 3186 2075 ᾣκει
3213 2005 3270 2057 ὲν
3309 2005 3386 2074 τῇ
3422 2005 3774 2075 πανερήμῳ·

477 2093 796 2148 habitaret:
843 2095 995 2149 solus
1031 2102 1213 2149 autem
1259 2094 1373 2148 illic
1410 2093 1851 2148 anachoreticam
1888 2093 2053 2148 vitam

2161 2095 2224 2172 ῆν
2258 2099 2316 2152 δὲ
2358 2099 2515 2169 μόνος
2544 2101 2600 2151 ἐν
2637 2098 2772 2168 αὑτῇ
2813 2097 3132 2168 ἀναχωρῶν,
3169 2097 3500 2167 παρακάτω
3538 2095 3599 2148 δὲ
3641 2095 3774 2168 ἄλλη

476 2185 743 2253 ducebat;
776 2187 920 2240 infra
949 2202 1080 2243 vero
1109 2188 1216 2242 alia
1251 2196 1371 2242 erat
1418 2203 1658 2252 eremus,
1693 2188 1746 2265 in
1780 2202 1887 2258 qua
1935 2189 2057 2258 plu-

475 2291 568 2331 res
601 2275 797 2331 fratres
829 2278 1133 2348 degebant:
1181 2279 1288 2332 ista
1320 2279 1486 2348 igitur
1531 2278 1585 2332 in
1618 2279 1915 2333 solitudine
1956 2281 2058 2334 ali-

478 2368 701 2438 quando
736 2385 833 2440 per
863 2371 1006 2423 viam
1042 2370 1498 2439 circumspiciens
1527 2383 1716 2432 senex,
1741 2368 1878 2423 vidit
1912 2378 2059 2423 sata-

479 2479 607 2518 nam
659 2463 969 2516 venientem
1020 2462 1074 2516 in
1117 2462 1289 2532 figura
1332 2461 1592 2523 hominis,
1639 2468 1699 2514 ut
1755 2460 1960 2524 locum,
2004 2461 2058 2513 in

477 2569 588 2624 quo
623 2561 762 2617 erat,
807 2556 1102 2609 transiret:
1154 2553 1452 2623 apparebat
1491 2560 1671 2606 autem
1715 2552 1871 2621 quasi
1912 2551 2060 2606 tuni—

477 2661 598 2700 cam
617 2657 839 2717 gestans
861 2648 1059 2702 lineam
1079 2645 1436 2716 perforatam,
1458 2660 1486 2697 a
1518 2646 1676 2699 cuius
1697 2643 2060 2699 foraminibus

478 2735 794 2806 pendebant
826 2753 1027 2809 parvae
1051 2738 1274 2808 lecythi.
1313 2736 1452 2789 Dicit
1494 2737 1543 2790 ei
1584 2752 1750 2791 senex
1784 2752 2054 2808 magnus:

479 2829 600 2892 Quo
617 2827 772 2882 vadis
790 2828 813 2880 ?
831 2826 1138 2897 Respondit
1163 2847 1175 2881 :
1206 2826 1532 2880 Proficiscor
1557 2826 1623 2880 ad
1654 2826 1870 2894 fratres,
1895 2838 1954 2882 ut
1992 2829 2059 2883 iis

479 2933 790 2989 suggeram.
838 2919 978 2974 Tum
1027 2935 1190 2975 senex
1233 2935 1246 2970 :

478 3009 626 3062 hae?
667 3009 810 3064 Ille:
860 3008 1043 3062 Atl'ero
1096 3009 1360 3064 fratribus
1407 3009 1774 3065 condimenta.
1828 3009 2056 3065 Senex:

1304 2917 1371 2971 Et
1419 2933 1590 2988 quare
1638 2919 1735 2973 tibi
1790 2919 2063 2989 ampullae

2159 2192 2364 2262 ἔρημος
2395 2185 2464 2261 ἦν
2504 2188 2764 2242 πλειόνων
2797 2187 3062 2255 ἀδελφῶν.
3095 2188 3410 2258 παρετήρει
3440 2186 3503 2239 δὲ
3537 2189 3568 2239 6
3595 2187 3776 2256 γέρων

2157 2283 2255 2354 τὴν
2279 2282 2416 2344 ὁδόν,
2439 2282 2532 2335 καὶ
2559 2281 2664 2352 ὁρᾷ
2693 2280 2785 2333 τὸν
2827 2280 3086 2342 σατανᾶν,
3120 2279 3508 2349 ἀνερχόμενον
3548 2279 3610 2329 ἐν
3642 2277 3772 2346 σχή-

2165 2393 2292 2444 ματι
2337 2372 2661 2446 ἀνθρώπου,
2707 2371 3002 2441 παρελθεῖν
3040 2369 3103 2424 δι’
3160 2369 3361 2424 αὑτοῦ·
3421 2371 3692 2435 ἐφαίνετο
3718 2369 3772 2420 δὲ

2159 2466 2232 2528 ὡς
2280 2467 2554 2536 στιχάριον
2603 2462 2782 2533 φορῶν
2827 2462 3005 2515 λινοῦν
3053 2461 3427 2532 τρωγλωτόν·
3481 2461 3585 2514 καὶ
3634 2457 3770 2511 κατά

2159 2557 2462 2628 τρυμαλιάν
2503 2554 2778 2626 ἐκρέματο
2814 2552 3072 2622 ληκύθιον
3127 2553 3166 2605 ⁸.
3217 2551 3310 2603 καὶ
3357 2551 3523 2618 λέγει
3566 2548 3768 2618 αὺτῷὁ

2161 2649 2339 2718 γέρων
2363 2648 2390 2698 ὁ
2424 2647 2596 2716 μέγας
2619 2661 2634 2677 ⁸
2658 2642 2762 2697 ποῦ
2787 2644 3027 2716 mpsim;
3057 2644 3150 2696 mi
3175 2639 3332 2696 εἶπεν
3369 2641 3560 2712 αὐτῷ·
3601 2640 3768 2709 ἀπέρ-

2160 2755 2326 2808 χομαι
2351 2733 2659 2808 ὑπομνῆσαι
2679 2736 2803 2798 τοὺς
2821 2733 3082 2803 ἀδελφούς
3107 2734 3204 2803 (b).
3235 2735 3262 2786 6
3288 2733 3351 2786 δὲ
3385 2732 3580 2803 γέρων
3616 2727 3762 2783 εἷπε·

2163 2829 2256 2881 καὶ
2278 2828 2364 2882 ἵνα
2387 2827 2440 2880 τί
2465 2845 2547 2880 σοι
2581 2825 2649 2879 τὰ
2673 2825 2943 2897 ληκύθια⁹
2966 2824 3134 2876 ταῦτα
3155 2841 3168 2889 ;
3201 2824 3294 2877 καὶ
3315 2819 3449 2876 εἷπε
3473 2839 3486 2853 ·
3513 2822 3766 2892 γεύματα

2163 2921 2425 2990 ἀποφέρω
2459 2921 2574 2981 τοῖς
2612 2918 2880 2986 ἀδελφοῖς.
2911 2919 2939 2970 6
2967 2917 3024 2969 δὲ
3053 2916 3231 2987 γέρων
3269 2911 3424 2968 εἷπε·
3465 2916 3570 2968 καὶ
3597 2913 3763 2966 ταῦτα

2162 3012 2292 3077 ὅλοις
2321 3009 2624 3082 ἀπεκρίθη·
2653 3009 2775 3062 ναί·
2813 3007 2970 3080 Ἆήι
3004 3007 3099 3060 ἐὰν
3129 3008 3203 3078 μὴ
3231 3007 3292 3060 τὸ
3327 3008 3390 3060 ἓν
3418 3007 3604 3077 ἀρέσῃ
3638 3003 3760 3067 τινί,

479 3101 546 3154 Et
574 3100 709 3153 haec
741 3101 968 3154 omnia?
1013 3100 1235 3170 Excepit
1268 3119 1282 3155 :
1323 3100 1529 3162 Etiam;
1555 3100 1600 3154 si
1629 3102 1717 3154 cui
1747 3116 1916 3154 unum
1949 3115 2057 3154 non

2164 3105 2314 3175 φέρω
2359 3103 2504 3157 ἄλλο·
2554 3103 2648 3154 ἐὰν
2683 3102 2740 3155 δὲ
2769 3102 2904 3173 μηδὲ
2935 3099 3126 3164 τοῦτο,
3157 3099 3286 3153 διδῶ
3322 3099 3463 3154 ἄλλο
3483 3115 3501 3130 ·
3551 3099 3763 3156 πάντως

479 3191 769 3261 p‘acuerit,
801 3191 946 3244 aliud
978 3191 1198 3260 porrigo
1240 3207 1254 3245 :
1295 3191 1341 3244 si
1378 3205 1552 3258 neque
1590 3190 1712 3254 hoc,
1752 3191 1824 3245 do
1865 3191 2053 3246 aliud:

479 3283 702 3336 omnino
739 3291 920 3336 autem
963 3298 1032 3336 ex
1085 3283 1195 3337 illis
1235 3284 1427 3338 saltem
1473 3298 1642 3337 unum
1706 3283 1944 3353 placebit
1983 3284 2057 3338 ei.

480 3376 630 3440 Quae
654 3389 778 3428 eum
809 3373 1061 3438 dixisset,
1083 3374 1237 3428 abiit.
1259 3374 1328 3427 At
1359 3390 1525 3430 senex
1560 3375 1842 3438 remansit,
1869 3374 2060 3428 obser-

480 3480 618 3520 vans
647 3465 788 3530 vias,
831 3465 1008 3522 donec
1043 3475 1432 3521 reverteretur.
1459 3465 1638 3536 thue
1677 3467 1964 3536 conspexit
1993 3465 2060 3519 il-

480 3558 591 3611 lum
623 3573 812 3622 senex,
840 3556 917 3611 ait
956 3574 970 3609 :
1005 3557 1205 3613 Salvus
1231 3557 1328 3613 sis.
1352 3557 1447 3613 Ille
1469 3557 1753 3627 respondit
1778 3577 1790 3613 ε
1819 3559 2060 3624 Quomo-

479 3649 551 3702 do
574 3650 895 3720 contingere
924 3648 1056 3702 mihi
1085 3649 1305 3719 poterit,
1338 3656 1398 3702 ut
1431 3649 1616 3704 salvus
1653 3650 1792 3704 sim?
1829 3649 2003 3704 Senex
2043 3670 2054 3705 :

479 3741 706 3806 Quare?
740 3741 832 3796 Ille
869 3741 1065 3807 :Quia,
1096 3741 1296 3812 inquit,
1337 3743 1519 3797 cuncti
1547 3742 1676 3796 mihi
1711 3742 1930 3796 fuerunt
1961 3743 2060 3796 im-

476 3832 662 3895 mites,
699 3847 801 3886 nec
843 3833 986 3887 ullus
1023 3833 1154 3886 mihi
1179 3834 1342 3888 favet.
1386 3832 1468 3887 Ad
1508 3851 1632 3889 eum
1663 3851 1832 3889 senex
1869 3854 1882 3890 :
1926 3833 2058 3889 Nul-

477 3924 635 3980 lusne
663 3940 792 3996 ergo
831 3925 944 3980 illic
977 3926 1077 3980 tibi
1116 3927 1368 3981 amicus?
1419 3926 1513 3980 Ille
1551 3927 1836 3997 respondit
1873 3949 1884 3982 :
1926 3928 2056 3996 Nae,

479 4032 648 4072 unum
702 4018 773 4072 ibi
813 4018 1140 4072 monachum
1184 4019 1420 4072 amicum
1460 4019 1656 4083 habeo,
1680 4020 1770 4088 qui
1811 4021 1893 4075 vel
1942 4022 2060 4090 ipse

477 4109 613 4161 mihi
647 4108 1009 4177 obtemperat,
1040 4115 1093 4159 et
1125 4121 1251 4160 cum
1298 4122 1387 4161 me
1435 4108 1727 4174 conspicit,
1775 4122 1940 4161 aurae
1977 4108 2060 4160 in-

482 4212 595 4257 star
618 4203 868 4256 vertitur.
895 4200 1033 4254 Tum
1059 4216 1224 4255 senex
1250 4199 1570 4265 :Quomodo
1599 4209 1826 4253 vocatur
1856 4200 2061 4254 frater?

483 4292 574 4346 Ille
605 4292 718 4346 ait:
755 4291 1180 4361 Theopemptus.
1219 4289 1339 4356 Quo
1372 4289 1518 4343 dicto
1562 4289 1839 4344 discessit.
1883 4291 2060 4360 Atque

486 4401 718 4455 surgens
749 4383 1024 4440 Macarius
1052 4383 1223 4438 abbas
1259 4383 1494 4453 perrexit
1523 4381 1589 4434 ad
1616 4381 1926 4436 inferiorem
1948 4399 2061 4438 erc-

2160 3197 2216 3248 δὲ
2250 3195 2311 3259 ἐξ
2333 3194 2513 3247 αὐτῶν
2555 3193 2657 3246 κᾶν
2698 3193 2756 3245 ἓν
2787 3195 2975 3266 ἀρέσει
3021 3191 3187 3261 αὐτῷ.
3230 3193 3346 3244 Καὶ
3383 3193 3565 3244 ταῦτα
3597 3186 3764 3240 εἰπὼν

2158 3283 2420 3356 ἀπῆλθεν·
2469 3289 2497 3339 6
2533 3287 2589 3339 δὲ
2629 3289 2808 3358 γέρων
2864 3285 3047 3356 ἔμεινε
3102 3285 3616 3357 παρατηρούμενος
3670 3278 3760 3338 τὰς

2156 3379 2309 3442 ὁδοὺς
2333 3380 2438 3444 ἕως
2471 3379 2631 3433 πάλιν
2660 3382 2866 3440 ἐκεῖνος
2887 3376 3176 3448 ἐπανῆλθε.
3201 3376 3296 3428 καὶ
3318 3377 3404 3438 ὡς
3433 3371 3581 3427 εἶδεν
3607 3370 3762 3424 αὑτὸν

2161 3473 2189 3524 6
2211 3475 2409 3544 γέρων,
2432 3472 2580 3540 λέγει
2609 3471 2778 3542 αὐτῷ·
2811 3471 3063 3538 σωθείης·
3087 3471 3115 3522 6
3135 3470 3191 3523 δὲ
3215 3468 3525 3540 ἀπεκρίθη·
3553 3465 3656 3518 ποῦ
3685 3462 3760 3514 ἔνι

2165 3579 2254 3632 μοι
2274 3561 2546 3632 σωθῆναι;
2573 3562 2721 3630 λέγει
2748 3561 2899 3631 αὐτῷ
2923 3561 2951 3612 6
2982 3561 3183 3631 γέρων·
3208 3559 3297 3612 διὰ
3315 3560 3374 3612 τί
3400 3577 3414 3623 ;
3441 3559 3472 3610 6
3501 3558 3559 3609 δὲ
3593 3555 3758 3622 λέγει·

2160 3653 2240 3704 ὅτι
2279 3652 2478 3714 πάντες
2513 3651 2693 3722 ἄγριοί
2728 3669 2817 3722 μοι
2867 3649 3115 3718 ἐγένοντο
3145 3650 3249 3718 (ε),
3292 3649 3396 3701 καὶ
3439 3646 3622 3708 οὐδείς
3657 3659 3752 3714 μου

2162 3743 2411 3814 ἀνέχεται
2448 3745 2512 3798 ν’.
2557 3743 2702 3812 λέγει
2745 3742 2891 3813 αὐτῷ
2933 3745 2960 3795 6
3002 3741 3200 3812 γέρων·
3242 3742 3441 3794 οὐδένα
3476 3735 3572 3791 οὖν
3615 3735 3757 3806 φίλον

2162 3836 2303 3906 ἔχεις
2332 3837 2474 3901 ἐκεῖ;
2515 3838 2543 3889 6
2583 3835 2639 3888 δὲ
2685 3833 2990 3905 ἀπεκρίθη·
3023 3835 3140 3898 ναὶ,
3174 3833 3270 3886 ἕνα
3311 3831 3555 3904 μοναχὸν
3586 3828 3624 3860 ¹¹
3652 3826 3752 3894 ἔχω

2161 3930 2279 3980 ἐκεῖ
2301 3927 2450 3994 φίλον
2478 3929 2541 3992 η,
2567 3926 2663 3980 καὶ
2688 3925 2790 3978 κᾶν
2815 3924 2978 3987 αὑτός
3011 3942 3098 3994 μοι
3129 3923 3399 3978 πείθεται·
3429 3923 3528 3977 καὶ
3550 3923 3638 3974 ὅτε
3660 3915 3752 3986 ὁρᾷ

2167 4038 2254 4091 με,
2279 4021 2571 4091 στρέφεται
2595 4020 2670 4082 ὡς
2701 4018 2878 4089 ἀνέμη
2901 4019 2963 4072 ’³.
2990 4018 3140 4086 λέγει
3173 4017 3322 4088 αὐτῷ
3353 4019 3382 4071 6
3413 4017 3595 4087 γέρων
3623 4029 3637 4042 ⁸
3666 4007 3748 4062 καὶ

2161 4113 2244 4177 τίς
2306 4113 2556 4166 καλεῖται
2602 4115 2630 4165 6
2675 4111 2934 4179 ἀδελφός
2978 4111 3007 4163 6
3045 4111 3101 4163 δὲ
3147 4110 3331 4178 λέγει·
3366 4111 3745 4178 Θεὸπεμπτος·

2163 4204 2330 4258 εἰπὼν
2359 4205 2415 4258 δὲ
2438 4204 2611 4258 ταῦτα
2639 4203 2902 4273 ἀπῆλθεν,
2935 4202 3030 4256 καὶ
3070 4201 3310 4266 ἀναστὰς
3358 4204 3388 4256 6
3428 4200 3607 4261 ἀϐϐἆς
3634 4197 3747 4250 M1-

2161 4297 2352 4368 κὰριος
2401 4297 2702 4368 ἁάρχεται
2749 4295 2842 4347 ἐπὶ
2888 4295 2987 4363 τὴν
3031 4294 3335 4365 παρακάτω
3382 4292 3614 4364 ἔρημον,
3659 4283 3749 4339 καὶ

2162 4390 2494 4456 ἀκούσαντες
2537 4394 2584 4444 οἱ
2636 4390 2892 4459 ἀδελφοὶ,
2932 4387 3188 4452 λαϐόντες
3235 4388 3367 4458 βαΐα
3415 4386 3640 4460 ἐξῆλθον
3671 4381 3745 4438 εὶς

482 4493 649 4532 unum.
681 4477 835 4543 Quod
860 4493 983 4532 cum
1023 4478 1423 4546 comperissent
1459 4475 1682 4539 fratres,
1710 4473 1944 4542 sumptis
1969 4493 2056 4530 rao

2162 4483 2468 4552 ἀπάντησιν
2500 4484 2666 4537 αὐτοῦ
2694 4485 2790 4555 (d).
2817 4484 2909 4535 καὶ
2931 4481 3116 4536 λοιπὸν
3139 4481 3369 4546 ἕκαστος
3391 4476 3746 4552 ηὑτρεπίζετο

1785 4590 2038 4646 νΑιιιΑΕ
2070 4594 2472 4654 LECTIONES.

549 4713 570 4744 ³
608 4713 790 4775 Corn,
830 4710 1064 4763 Cntclcr.
1100 4709 1448 4772 ληκύνθιον.

478 4785 764 4853 ἀδελφόν.
846 4782 889 4812 ⁸⁸
929 4780 1020 4834 Sic
1049 4777 1283 4832 Coteler.
1317 4794 1415 4848 pro
1447 4778 1684 4846 ἄνεμος.

1526 4709 1546 4740 °
1564 4706 1748 4772 Corr.,
1782 4708 2015 4766 Cotelcr.
2042 4718 2362 4782 ληκύνθια.

3598 4712 3639 4742 ³⁹
3658 4707 3735 4761 ΑΙ.

2444 4719 2487 4748 ¹⁰
2508 4717 2593 4770 Al.
2620 4735 2719 4785 μοι
2757 4719 3037 4772 πείθεται.
3119 4719 3158 4749 ¹¹
3187 4719 3271 4772 Al.
3302 4720 3519 4786 μόνον.

1982 4895 2234 4952 NOTAE.

443 5013 453 5072 ί
545 5052 626 5121 (α)
657 5053 742 5105 Cf.
777 5051 888 5104 νγ.
922 5050 1024 5104 PP.
1055 5050 1238 5103 Rosw.
1266 5050 1364 5121 lib.
1406 5063 1456 5099 vr
1495 5047 1741 5121 libell_._5,
1766 5047 1820 5099 4.

553 5116 625 5182 ibi
672 5123 1012 5190 Ἀπέρχομαι
1049 5119 1398 5188 ὑπομνῆσαι
1443 5116 1584 5190 τοὺς
1627 5117 1950 5190 ἀδεξ²ἕ9ύς·
1997 5118 2052 5172 In

483 5194 623 5250 Vitis
649 5186 872 5245 Patrum
895 5186 922 5244 ε’
943 5191 1089 5244 Vada
1135 5186 1455 5243 commovere
1479 5186 1690 5254 fratres,
1723 5187 1865 5240 facili
1901 5188 2054 5257 lapsu

480 5267 599 5315 vice
625 5277 968 5320 commonere,
1013 5258 1471 5328 quemadmodum
1498 5264 1644 5328 recte
1664 5258 1730 5328 in
1762 5257 2054 5312 Paschasio

482 5332 618 5402 [VV.
660 5332 765 5386 PP.
806 5329 984 5402 Rosvv.
1016 5326 1121 5402 ιιι).
1163 5347 1235 5402 vn
1290 5344 1414 5402 cap.
1454 5327 1506 5390 I,
1543 5326 1633 5402 8].
1659 5326 1870 5402 Parque
1894 5343 2053 5402 erra-

479 5397 595 5457 tum
614 5401 855 5457 occurrit
877 5401 980 5455 sub
1005 5400 1162 5453 ﬁnem
1183 5399 1688 5468 Apophthcgmatis.
1721 5397 1858 5450 Cod.
1885 5397 2050 5452 Corb.

480 5489 806 5525 commoncre
837 5479 889 5524 et
921 5471 1221 5523 admonere.
1259 5469 1534 5520 Cornum.

553 5543 621 5610 (ε)
648 5542 876 5604 Πάντες
903 5541 1091 5608 {ig-19ml
1108 5538 1522 5610 μοιέγξνογτο,
1546 5536 1621 5607 [et
1639 5537 1691 5588 in
1723 5534 1850 5610 fine]
1875 5536 2062 5610 ξὶπριοὶ

481 5606 637 5664 ,οἷσιν
677 5612 826 5671 ὅλοι,
855 5611 930 5681 [et
951 5606 1162 5681 iterum
1202 5606 1268 5661 in
1289 5607 1415 5677 fine]
1444 5606 1684 5681 adfero}:
1717 5606 2065 5681 ἀπριῴζερος

482 5681 740 5746 ἐγένετο,
772 5698 836 5734 ex
856 5674 1052 5733 'Ilufini
1088 5674 1540 5745 interpretatione
1571 5674 1705 5746 [νγ.
1739 5675 1819 5727 ΡΙ)
1875 5676 2061 5746 IIosw.

481 5745 575 5802 lib.
610 5767 688 5809 ιιι,
717 5766 835 5820 cap.
868 5750 959 5821 61]
1000 5750 1252 5821 contrarii
1280 5761 1333 5802 et
1380 5745 1612 5821 agrestes
1641 5745 2066 5821 atqueunnmibtls

487 5822 712 5890 amplius
756 5814 1010 5888 asperior.
1047 5835 1110 5873 ex
1157 5819 1245 5872 illa
1281 5814 1430 5873 vero'
1457 5815 1737 5873 Pasr—basii
1775 5815 1910 5887 ινιτ.
1955 5814 2058 5870 I’P.

2163 5040 2348 5096 IIosw.
2377 5042 2471 5094 Iih.
2503 5056 2601 5102 vn,
2634 5058 2752 5110 cap.
2787 5043 2837 5100 I.
2859 5039 2912 5110 Β]
2963 5038 3508 5110 σοιςζιςᾳνὶίὶξαρνεειεε
3529 5073 3543 5096 ,
3571 5027 3732 5110 omni:

2163 5058 2348 5096 ιιοειν.
2378 5058 2471 5094 illi.
2503 5058 2601 5102 νιι,
2634 5058 2694 5096 ca
2741 5083 2752 5093 .
2787 5058 2837 5100 ι,
2859 5058 2912 5110 ἢ]
2963 5058 3245 5096 conn-am.
3279 5058 3508 5107 agrestes
3529 5073 3543 5096 ,
3573 5058 3732 5108 uirum-

2163 5115 2258 5165 bus
2306 5113 2560 5178 asperior.
2605 5110 2673 5163 At
2702 5058 2962 5174 gelagius
3023 5108 3160 5180 [VV.
3196 5106 3298 5180 PP.
3342 5109 3525 5159 lIosw.
3571 5101 3658 5152 ΙιΙ).

2162 5183 2340 5253 lihell.
2365 5183 2452 5244 I8,
2485 5181 2556 5253 9]
2593 5181 2803 5248 legebat
2833 5181 2986 5249 ἅγιοι
3015 5178 3078 5232 ac
3112 5178 3446 5253 ἁγιώτερος,
3485 5185 3605 5226 nam
3627 5179 3731 5253 vero

2163 5253 2267 5307 tit:
2308 5251 2498 5306 Omnes
2532 5249 2858 5320 sanctiﬁcata"
2881 5260 3042 5312 sunt;
3072 5249 3168 5320 torti
3197 5249 3369 5320 sancti
3396 5253 3550 5301 sunt;
3581 5250 3731 5290 01’1""

2164 5322 2258 5396 bus
2283 5325 2518 5396 sanctior
2539 5332 2617 5375 est
2648 5318 3083 5396 [actusuiiinus
3122 5318 3701 5396 ξιθῼθ-ιίῖοτιῖιιεηκῄκ

2203 5443 2205 5446 .
2229 5393 2364 5460 (ιΙ)³Λ
2374 5394 2622 5458 αόόντες
2634 5388 2782 5456 βαΐα
2797 5390 3060 5458 ἐξῆλθον
3082 5388 3720 5460 εἱςάπάντηςτιναῠτοιίς

2157 5441 2242 5515 Ad
2273 5441 2658 5516 illustrandlfm
2697 5441 2903 5517 morem
2923 5441 3294 5530 praeclarum,
3326 5441 3535 5530 obviam
3574 5441 3722 5530 θυίξίξξ

2161 5533 2326 5585 alicui
2382 5534 2604 5586 honoris
2652 5548 2842 5593 causa,
2898 5523 3163 5598 gestando
3206 5544 3388 5580 ramos
3437 5523 3716 5598 palmarum

2165 5613 2258 5656 aut
2288 5603 2518 5655 aliarum
2556 5589 2838 5666 arborum,
2891 5589 2992 5654 tria
3037 5599 3346 5668 deprompsi
3386 5589 3451 5650 ex
3487 5589 3720 5669 adversi:

2166 5673 2267 5726 riis
2304 5673 2438 5725 meis
2489 5672 2723 5739 insignia
2772 5662 3121 5726 testimonia.-
3154 5662 3717 5739 Primumpctiturueu‘l‘

2173 5724 2459 5795 Itinerairio
2493 5724 2988 5811 Ilicrosolymitano
3019 5739 3279 5811 Antonini
3309 5757 3320 5791 :
3495 5724 3715 5811 venerit?!

2177 5813 2419 5869 mulieres
2453 5813 2507 5866 in
2547 5799 2818 5866 occursum
2858 5811 3006 5865 nobis
3041 5827 3155 5867 cum
3196 5806 3500 5877 infantibus,
3534 5792 3712 5868 Palmm
