4016 6438
213 304 292 362 211

1602 335 2230 393 APOPHTHEGHATA.

3464 345 3572 398 24!

214 431 462 527 ςαξξζων,
504 437 608 490 ὅτι
636 446 808 514 παρ’
825 444 992 516 αὐτῷ
1013 445 1194 516 ἔμελλε
1214 450 1750 525 καταλύεινὸγέρων.
1774 457 1802 508 6
1831 456 1886 509 δὲ

1993 455 2096 509 mis
2126 455 2498 524 palmarumei
2517 456 2736 511 obviam
2764 459 3101 527 prodierunt.
3124 457 3374 512 Ceterum
3400 476 3572 517 unus-

211 517 355 617 ?“
373 523 616 595 ἐζήτει,
649 533 761 595 τίς
808 537 909 606 εἴη
943 539 972 589 6
999 537 1323 609 καλούμενος
1342 542 1698 614 Θεόπεμπτος
1721 550 1777 601 ἐν
1802 548 1881 617 τῷ

211 608 440 682 ὅρεωιαὶ
467 619 694 690 εὑρὼν
724 628 978 699 εἰσῆλθε
1000 633 1074 693 εἰς
1101 631 1158 684 τὸ
1177 633 1383 687 κελλίον
1407 637 1594 691 αὐτοῦ.
1623 641 1650 692 6
1672 639 1729 692 δὲ
1753 641 1882 694 Θεό-

215 721 460 775 πεμπτος
471 713 680 768 ὑπεδέ
690 716 856 782 ξατο
875 722 1034 775 αὑτὸν
1048 724 1268 794 χαίρων.
1283 726 1427 790 ὡςδὲ
1445 730 1646 800 ἤρξατο
1663 731 1800 795 ἰδιάζ
1803 751 1882 788 ειν

220 799 387 890 αξτὺν,
409 804 443 855 6
483 807 713 878 γέρων
743 812 944 882 λέγει’
980 815 1092 878 πῶς
1124 816 1190 869 τὰ
1220 821 1361 873 κατὰ
1391 799 1474 883 se,
1504 823 1733 890 ἁδελφές
1759 827 1787 878 6
1825 826 1882 878 δὲ

227 884 395 943 εἶπεν
425 895 656 965 εὐχαῖς
693 919 841 966 σου,
873 905 1070 969 καλῶς.
1102 902 1222 959 εἷπε
1250 907 1306 961 δὲ
1335 909 1363 960 6
1388 910 1586 980 γέρων
1627 913 1702 982 μὴ
1733 914 1885 966 πολε-

245 984 384 1054 μοίιτὶ
409 1004 469 1038 σε
530 992 591 1042 οἱ
648 993 980 1066 λογισμοί;
1011 999 1038 1050 6
1075 999 1129 1051 δὲ
1162 998 1306 1054 εἷπε·
1347 1003 1485 1066 τέως
1528 1004 1711 1068 καλῶς
1743 1009 1878 1076 εἰμι·

254 1074 406 1144 ᾐδεῖτο
425 1078 544 1151 γὰρ
579 1085 825 1140 εἰπεῖν.
858 1087 1007 1156 λέγει
1034 1091 1179 1161 αὐτῷ
1208 1095 1235 1146 6
1255 1094 1453 1165 γέρων·
1482 1096 1590 1150 ἰδοὺ
1618 1099 1758 1151 πόσα
1787 1100 1882 1169 ἔτη

263 1168 412 1230 ἀσκῶ,
446 1173 555 1224 καὶ
612 1178 907 1249 τιμῶμαι
941 1181 1088 1252 παρὰ
1118 1184 1355 1249 πάντων,
1386 1187 1481 1240 καὶ
1522 1189 1646 1259 ἐμοὶ
1679 1190 1754 1259 τῷ
1790 1168 1884 1259 γέέ

271 1275 391 1330 pm:
417 1263 580 1330 ὀχλεῖ
617 1268 694 1320 τὸ
725 1270 961 1341 πνεῦμα
985 1276 1082 1344 τῆς
1107 1277 1380 1346 πορνείας.
1413 1281 1688 1352 ἀπεκρίθη
1711 1282 1884 1351 λέγων

268 1352 710 1425 ὀΘεόπεμπτος·
747 1363 1003 1430 πίστευε,
1033 1366 1207 1432 ἁϐΰᾶ,
1250 1369 1345 1422 καὶ
1370 1371 1513 1440 ἐμοί·
1548 1373 1576 1424 ὁ
1610 1373 1667 1426 δὲ
1704 1375 1884 1445 γέρων

266 1449 676 1515 πφειραςῐζετο
705 1453 814 1506 καὶ
847 1455 1064 1526 ἐτέρους
1091 1457 1386 1530 λογισμοὺς
1423 1463 1682 1534 πολεμεῖν
1711 1465 1881 1535 αὐτῷ,

266 1534 359 1596 ἓως
389 1539 619 1608 ποιήσει
653 1543 835 1596 αὑτὸν
865 1546 1192 1618 ὁμολογῆσαι
1212 1565 1224 1579 ⁸
1259 1545 1378 1605 εἶτα
1405 1552 1552 1620 λέγει
1574 1555 1744 1626 αὐτῷ·
1768 1534 1884 1621 πῶς

268 1629 578 1698 νηστεύει-ες
625 1635 658 1687 ὁ
695 1635 764 1688 δὲ
793 1635 944 1706 λέγει
979 1639 1147 1710 αὐτῷ·
1183 1641 1282 1713 τὴν
1306 1643 1523 1716 ἐνάτην.
1555 1645 1704 1717 λέγει
1735 1648 1885 1718 αὐτῷ

273 1721 298 1772 6
325 1720 525 1790 γέρων·
554 1726 811 1795 νήστευε
838 1729 943 1811 ἕως
965 1731 1080 1800 ὀψὲ,
1105 1732 1200 1786 καὶ
1226 1733 1404 1788 act-xcv
1433 1737 1528 1789 καὶ
1553 1737 1883 1810 ἁποστήθιζε

277 1812 360 1864 τοῦ
398 1815 747 1883 εὐαγγελίου
777 1821 874 1873 καὶ
909 1821 1017 1874 τῶν
1050 1822 1224 1876 ἄλλων
1252 1826 1479 1896 γραφῶν
1503 1842 1515 1857 ·
1550 1829 1644 1880 καὶ
1675 1830 1768 1882 ἐάν
1799 1848 1879 1882 σοι
1909 1818 1953 1872 Β

280 1904 445 1974 ἀναϐῇ
471 1905 779 1977 λογισμός,
816 1911 1084 1980 μηδέποτε
1114 1914 1356 1987 πρόσχῃς
1381 1916 1552 1980 κάτω,
1591 1919 1727 1972 ἀλλὰ
1753 1921 1881 1974 πάν-

274 2011 393 2046 τοτε
430 1995 577 2048 ἂνω·
621 2000 725 2052 καὶ
764 2000 968 2065 εὐθέως
1001 2020 1080 2056 σοι
1107 2005 1134 2056 ὁ
1167 2004 1356 2075 κύριος
1406 2006 1610 2078 βοηθεῖ.
1656 2010 1751 2062 καὶ
1787 2029 1882 2062 τυ-

273 2084 470 2150 mia-5:;
512 2091 543 2141 6
573 2090 766 2160 γέρων
798 2091 890 2146 τὸν
933 2095 1160 2164 ἀδελφὸν
1193 2097 1416 2167 ἐξῆλθεν
1457 2100 1617 2172 243
1659 2104 1738 2166 εἰς
1781 2104 1880 2174 τὴν

275 2178 420 2230 ἰδίαν
457 2179 701 2251 ἔρημον.
739 2184 836 2236 καὶ
869 2185 1198 2258 παρατηρῶν
1229 2188 1389 2242 πάλιν
1428 2192 1530 2262 ὁρᾷ
1559 2195 1765 2246 ἐκεῖνον
1792 2195 1882 2246 τὸν

279 2271 538 2339 δαίμονα,
568 2275 671 2327 καὶ
697 2274 849 2342 λέγει
876 2278 1040 2348 αὐτῷ’
1076 2281 1177 2333 ποῦ
1200 2282 1361 2335 πάλιν
1388 2283 1631 2354 ἁπέρχῃς
1661 2287 1688 2338 6
1711 2285 1765 2338 δὲ
1793 2285 1882 2338 λέ-

284 2381 378 2429 γει
401 2381 413 2392 ·
448 2366 780 2435 ὑπομνῆσαι
812 2369 937 2432 τοὺς
971 2371 1254 2439 ἀδελφούς,
1287 2375 1379 2426 καὶ
1412 2375 1675 2444 ἀπῆλθεν.
1711 2377 1787 2440 ὡς
1826 2377 1882 2430 δὲ

290 2457 454 2509 πάλιν
482 2460 798 2528 ἐπανῆλθε,
833 2461 979 2529 λέγει
1011 2465 1156 2534 αὑτῷ
1194 2467 1220 2517 6
1261 2466 1416 2534 ἅγιος
1439 2485 1451 2498 ·
1491 2468 1609 2530 πῶς
1641 2469 1690 2521 οἱ
1731 2469 1882 2522 ἁδελ-

290 2551 413 2617 ςοὶ;
442 2555 466 2604 6
495 2553 555 2604 δὲ
597 2553 783 2619 λέγει·
821 2555 1022 2617 κακῶς·
1052 2557 1080 2608 ὁ
1126 2558 1181 2609 δὲ
1215 2560 1390 2630 γέρων
1414 2560 1591 2628 λέγει·
1634 2562 1721 2615 διὰ
1743 2564 1824 2627 τίς
1854 2567 1883 2618 6

280 2639 342 2690 δὲ
375 2636 557 2692 εἶπεν·
594 2643 782 2712 ἄγριοί
813 2645 948 2696 εἰσιν
982 2645 1120 2699 ὅλοι·
1156 2649 1251 2700 καὶ
1279 2649 1339 2701 τὸ
1372 2651 1555 2720 μεῖζον
1582 2655 1773 2718 κακόν,
1801 2655 1882 2708 ὄτι

271 2733 382 2783 καὶ
409 2732 467 2783 ὃν
485 2727 638 2801 εἶχον
662 2734 814 2800 φίλον
838 2736 1181 2790 ὑπακούοντα
1204 2757 1314 2805 μοι,
1343 2743 1436 2795 καὶ
1456 2743 1615 2807 αὐτὸς
1643 2745 1742 2798 οὐκ
1766 2741 1883 2799 οἶδα

266 2822 450 2875 πῦῦεν
486 2824 822 2895 διεστράφη,
849 2830 942 2880 καὶ
975 2830 1095 2882 οὐδὲ
1131 2831 1293 2895 αὐτός
1326 2851 1415 2902 μοι
1450 2834 1716 2900 πείθεται,
1747 2837 1883 2891 ἀλλὰ

268 2916 511 2968 παντων
567 2916 905 2988 ἀγριώτερος
952 2921 1198 2988 ἐγένετο·
1229 2925 1324 2977 καὶ
1366 2924 1556 2995 ὤμοσα
1588 2929 1783 2998 μηκέτι
1816 2931 1886 2986 τὰ

268 3008 404 3060 ἐκεῖ
431 3011 728 3077 πατῆσαι,
759 3012 807 3062 εἰ
855 3011 927 3082 μὴ
963 3012 1102 3081 μετὰ
1131 3015 1340 3085 χρόνον.
1383 3017 1479 3070 καὶ
1511 3017 1682 3083 οὕτως
1714 3021 1883 3076 εἰπὼν

265 3102 544 3171 ἁπῆλοεν
581 3101 755 3166 ἐάσας
779 3103 867 3155 τὸν
897 3104 1156 3176 γέροντα·
1193 3108 1284 3160 καὶ
1313 3109 1341 3161 6
1371 3110 1525 3178 ἂγιος
1559 3113 1775 3184 εἰσῆλθε
1805 3117 1885 3179 εἰς

259 3194 332 3247 τὸ
370 3195 600 3247 κελλίον
629 3194 801 3248 αὐτοῦ
839 3196 937 3267 (α).

1910 3188 1951 3245 C

256 3300 551 3358 quentem
599 3289 756 3353 mihi,
789 3291 904 3360 ipse
940 3300 1124 3357 etiam,
1156 3292 1304 3348 unde
1342 3295 1563 3362 nescio,
1624 3313 1926 3354 conversus
1965 3308 2071 3363 cst,
2111 3316 2212 3354 nec
2268 3302 2505 3371 amplius
2552 3317 2582 3354 a
2611 3317 2696 3356 me
2731 3302 3116 3371 persuadetur,
3182 3297 3277 3354 sed

787 3399 798 3432 :
836 3381 978 3436 unde
1018 3383 1216 3449 iuravi,
1274 3399 1359 3438 me
1384 3388 1620 3455 amplius
1669 3405 1732 3442 ea
1762 3390 1881 3443 loca
1926 3405 2036 3444 non
2069 3392 2433 3456 calcaturum,
2467 3394 2572 3448 nisi
2619 3402 2742 3463 post
2773 3403 3006 3463 tempus.
3067 3395 3246 3461 Atque
3286 3391 3421 3442 haec
3457 3401 3581 3442 cum

256 3377 535 3433 ferocior
559 3380 742 3433 evasit

1990 548 2230 615 quisque
2269 562 2457 600 eorum
2486 549 2847 617 praeparabat
2875 565 2953 614 se,
2985 563 3208 620 putans,
3246 550 3393 618 quod
3425 553 3572 622 apud

1985 639 2170 709 ipsum
2209 639 2593 694 diversaturus
2624 648 2770 696 esset
2800 658 2991 695 senex.
3023 643 3090 695 At
3128 642 3220 695 ille
3262 644 3570 710 requisivit,

1985 730 2242 800 quisnam
2275 732 2330 784 in
2361 739 2548 786 monte
2581 731 2990 802 Theopemptus
3019 734 3409 802 appellaretur.
3447 737 3568 800 Quo

1986 821 2216 873 invento
2282 821 2508 874 intravit
2563 821 2617 874 in
2658 824 2912 876 cellulam
2974 823 3114 886 eius,
3165 822 3572 894 Theopemptus

1984 921 2165 967 autem
2220 915 2461 983 suscepit
2503 931 2626 969 eum
2679 915 2874 970 lactus.
2930 915 3108 985 thue
3155 918 3335 987 coepit
3391 918 3572 970 solum

1986 1017 2176 1057 secum
2227 1003 2430 1057 habere
2485 1018 2634 1064 eum,
2677 1019 2845 1058 senex
2886 1023 2899 1058 :
2935 1002 3241 1068 Quomodo,
3281 1004 3477 1068 inquit,
3513 1018 3574 1058 se

1983 1109 2072 1148 res
2094 1102 2221 1148 tuae
2237 1094 2462 1157 habent,
2480 1094 2672 1149 frater?
2690 1097 2740 1149 ls
2753 1095 2884 1150 dicit
2911 1112 2922 1146 :
2952 1093 3138 1155 Recte,
3158 1095 3416 1164 precibus
3437 1095 3568 1148 tuis.

1985 1187 2052 1240 Et
2127 1202 2293 1242 senex
2355 1185 2557 1241 :Num
2658 1186 2979 1256 impugnant
3055 1194 3108 1240 te
3175 1184 3578 1256 cogitationes?

1983 1277 2117 1334 Ille:
2154 1277 2376 1334 Interim
2434 1279 2565 1332 mihi
2619 1279 2758 1334 bene
2800 1287 2904 1334 est.
2965 1277 3209 1332 Pudebat
3265 1278 3410 1332 enim
3447 1292 3573 1331 eum

1982 1369 2219 1424 edicere.
2256 1369 2346 1422 Ait
2395 1369 2471 1422 illi
2509 1384 2673 1424 senex
2708 1387 2723 1424 :
2756 1369 2898 1421 Ecce
2953 1384 2982 1422 a
3023 1376 3156 1438 quot
3187 1369 3350 1420 annis
3405 1367 3573 1419 vitam

1984 1460 2280 1514 asceticam
2315 1460 2481 1523 duco,
2522 1469 2576 1515 et
2607 1461 2813 1514 honore
2843 1461 3048 1514 allicior
3073 1460 3142 1514 ab
3180 1459 3459 1518 omnibus.
3493 1465 3574 1510 at—

1987 1561 2169 1608 tamen
2230 1567 2318 1607 me
2363 1569 2549 1608 senem
2613 1553 2844 1622 spiritus
2898 1551 3281 1604 fornicationis
3333 1550 3571 1603 divexat.

1987 1644 2406 1715 Theopemptus
2440 1645 2656 1714 excepit
2691 1658 2706 1697 :
2737 1643 2931 1708 Crede,
2957 1643 3117 1707 abba,
3150 1643 3312 1696 etiam
3338 1656 3443 1694 me.
3474 1639 3574 1694 Se-

1987 1753 2095 1802 nex
2149 1753 2278 1791 vero
2318 1737 2636 1797 simulabat,
2674 1735 2742 1790 ab
2782 1736 2905 1790 aliis
2935 1736 3098 1788 etiam
3145 1732 3574 1801 cogitationibus

1983 1828 2292 1898 impugnari
2324 1843 2401 1888 se,
2443 1827 2619 1882 donec
2657 1843 2782 1882 eum
2838 1826 2907 1880 ad
2955 1824 3357 1888 confessionem
3403 1823 3575 1876 addu-

1983 1927 2151 1974 ceret.
2189 1919 2395 1975 Deinde
2425 1941 2437 1974 :
2465 1919 2773 1985 Quomodo,
2808 1919 3006 1988 inquit,
3039 1919 3295 1972 ieiunas?
3332 1917 3575 1985 Restion-

1984 2012 2080 2066 det
2110 2031 2123 2066 :
2157 2012 2224 2066 ad
2257 2013 2446 2067 horam
2490 2028 2711 2066 nonam.
2743 2011 2884 2066 Tum
2926 2029 3092 2066 senex
3127 2032 3138 2065 :
3185 2011 3367 2064 leiuna
3400 2026 3576 2078 usque

1983 2102 2052 2155 ad
2101 2119 2382 2172 vesperam
2443 2111 2497 2159 et
2562 2119 2756 2158 exerce
2839 2113 2934 2168 te;
3013 2103 3276 2157 meditare
3356 2118 3419 2156 ac
3492 2118 3578 2156 re-

1983 2195 2091 2246 cita
2160 2197 2473 2250 memoriter
2541 2212 2607 2251 ex
2677 2195 2974 2265 Evangelio
3050 2198 3354 2264 ουιιιι·ἰε‹μιε
3428 2195 3578 2248 Seri-

1985 2287 2192 2355 pturis;
2255 2303 2495 2357 cumque
2562 2298 2616 2343 te
2677 2289 2908 2342 subierit
2954 2290 3232 2359 cogitatio,
3299 2303 3574 2356 nunquam

1984 2376 2238 2431 deorsum
2316 2390 2550 2448 spectes,
2624 2380 2721 2434 sed
2789 2397 3007 2435 sursum
3057 2396 3306 2449 semper;
3361 2381 3578 2434 statim-

1985 2485 2090 2538 que
2135 2470 2231 2522 tibi
2269 2468 2532 2525 Dominus
2582 2473 2860 2540 praehebit
2906 2471 3194 2525 auxilium.
3257 2469 3323 2525 Et
3387 2486 3574 2532 senex,

1986 2571 2272 2630 postquam
2342 2561 2562 2615 fratrem
2625 2563 2970 2627 informavit,
3032 2578 3286 2617 reversus
3346 2569 3431 2618 est
3507 2562 3576 2616 ad

1985 2653 2335 2708 solitudinem
2401 2669 2576 2708 suam.
2653 2655 2754 2710 Ubi
2812 2656 3114 2709 observans
3161 2656 3360 2709 iterum
3422 2655 3576 2708 videt

1985 2744 2140 2798 illum
2189 2745 2535 2808 daemonem,
2573 2747 2659 2798 cui
2695 2749 2813 2800 ait:
2849 2746 2970 2812 Quo
3006 2747 3202 2800 iterum
3235 2747 3452 2816 pergis?
3487 2743 3580 2796 Is:

1984 2836 2231 2901 Fratres,
2278 2837 2474 2906 inquit,
2531 2837 2888 2905 iustigatum;
2945 2848 3107 2906 atque
3137 2838 3290 2891 abiit.
3325 2837 3396 2892 Ut
3446 2851 3580 2890 vero

1987 2945 2180 2984 rursus
2218 2930 2456 2990 transiit.
2491 2939 2715 2985 sanctus
2751 2931 3067 2984 sciscitatus
3112 2939 3196 2984 est
3227 2946 3291 2984 ex
3331 2945 3415 2991 eo,
3471 2941 3580 2994 quo

1987 3021 2150 3075 modo
2170 3036 2228 3075 se
2243 3021 2504 3076 baberent
2527 3021 2748 3076 fratres.
2764 3014 3070 3092 Respondit
3091 3040 3104 3076 :
3125 3021 3280 3076 Male.
3303 3019 3367 3073 Et
3381 3032 3577 3074 senex:

1985 3112 2140 3167 Cur?
2167 3114 2404 3168 Daemon
2435 3133 2447 3166 :
2473 3113 2695 3177 Cuncti,
2718 3115 2918 3184 inquit,
2941 3113 3154 3169 feroces
3179 3120 3329 3176 sunt,
3357 3121 3411 3166 et
3433 3107 3581 3180 quod

1987 3207 2144 3276 peius
2187 3217 2322 3270 est,
2365 3207 2458 3263 ille
2509 3224 2672 3278 quem
2726 3207 2996 3261 habebam
3052 3208 3289 3261 amicum
3323 3213 3377 3260 et
3422 3204 3583 3258 obse-

3366 3295 3582 3350 cuneus

256 3471 550 3535 dixisset,
577 3471 862 3538 discessit,
890 3490 1074 3529 senem
1136 3477 1474 3547 relinquens.
1509 3479 1666 3535 Tunc
1695 3493 1924 3538 sanctus
1961 3484 2190 3538 intravit
2223 3487 2278 3540 in
2312 3487 2567 3541 cellulam
2605 3501 2786 3541 suam.

355 3566 415 3619 4.
455 3564 783 3636 Παρέὸαλεν
804 3569 833 3618 6
865 3566 1035 3629 ἀϐϐἇς
1063 3570 1347 3640 Μακάριος
1373 3572 1400 3622 ὁ
1432 3572 1602 3641 μέγας
1636 3573 1714 3643 τῷ
1746 3575 1892 3646 ἁϐϐᾷ

285 3660 582 3728 Ἀντωνίῳ
617 3660 701 3721 εἰς
725 3658 787 3710 τδ
807 3658 952 3729 ὅρος,
982 3661 1074 3712 καὶ
1107 3661 1440 3730 κρούσαντος
1469 3665 1633 3718 αὑτοῦ
1661 3667 1758 3736 τὴν
1799 3667 1893 3720 Θύ-

290 3766 402 3816 ραν
432 3749 621 3818 ἐξῆ).οε
655 3749 796 3820 πρὸς
820 3750 982 3802 αὑτὸν
1011 3751 1100 3802 καὶ
1127 3746 1278 3802 εἶπεν
1309 3752 1474 3822 αὐτῷ’
1523 3753 1687 3825 244
1715 3758 1778 3808 σὺ
1806 3757 1889 3818 τίς

295 3836 390 3898 si;
428 3843 454 3893 6
487 3842 541 3894 δὲ
568 3843 676 3910 ἔφη
698 3857 712 3872 ·
751 3840 861 3908 ἐγώ
892 3843 1005 3912 εἰμι
1046 3845 1330 3913 Μακάριος
1351 3861 1364 3874 ο
1403 3846 1496 3897 καὶ
1523 3845 1741 3909 κλείσας
1787 3847 1886 3916 τὴν

297 3932 477 4002 θύραν
501 3934 720 4003 εἰσῆλθε
751 3936 845 3985 καὶ
878 3935 1086 4003 ἀψῆκεν
1119 3937 1301 3989 αὐτόν.
1347 3937 1439 3989 καὶ
1479 3937 1602 3990 ἰδὼν
1634 3938 1732 4008 τὴν
1760 3941 1890 3993 ὑπο-

295 4024 469 4092 μονὴν
494 4023 666 4076 αὑτοῦ
695 4025 905 4092 ἤνοιξεν
934 4024 1100 4094 αὐτῷ.
1135 4027 1230 4078 καὶ
1259 4027 1736 4097 χαριεντιζόμενος
1770 4031 1886 4098 μετ’

290 4115 462 4168 αὑτοῦ
491 4115 682 4182 ἔλεγεν
700 4132 711 4142 ·
742 4115 850 4166 ἀπὸ
875 4116 1068 4167 πολλοῦ
1100 4118 1290 4186 χρόνου
1316 4119 1622 4188 ἐπεθύμουν
1649 4138 1706 4172 σε
1739 4121 1888 4182 ἰδεῖν,

288 4209 515 4260 ἁκούων
541 4208 612 4260 τὰ
643 4209 772 4276 περὶ
799 4207 914 4260 σοῦ.
947 4209 1041 4261 καὶ
1068 4209 1424 4280 φιλοξενήσας
1464 4213 1625 4264 αὑτὸν
1657 4215 1892 4266 ἀνέπαυ-

293 4317 409 4354 σεν·
433 4297 506 4370 ἦν
535 4301 648 4371 γαρ
669 4301 777 4352 ἀπὸ
802 4301 1046 4368 καμάτου
1075 4301 1293 4355 πολλοῦ.
1319 4303 1479 4372 ὀψίας
1505 4304 1562 4356 δὲ
1595 4306 1893 4377 γενομένης

291 4395 526 4465 ἔϐρεξεν
555 4395 738 4447 ἑαυτῶ
776 4396 804 4447 6
837 4395 1011 4458 6665i;
1051 4395 1332 4460 Ἀντώνιος
1368 4396 1590 4450 θαλλίαο
1621 4400 1713 4451 καὶ
1741 4400 1891 4467 λέγει

2056 3578 2110 3629 4.
2154 3577 2428 3633 Macarius
2481 3593 2714 3645 magnus
2770 3577 2939 3630 abbas
2983 3575 3135 3628 venit
3178 3573 3244 3627 ad
3287 3571 3582 3625 Antonium

1985 3668 2234 3721 abbatem
2262 3669 2315 3720 in
2345 3678 2583 3721 montem
2612 3685 2625 3732 ;
2660 3683 2896 3735 cumque
2947 3667 3226 3735 pulsasset
3257 3662 3480 3722 ostium,
3535 3661 3582 3713 is

1981 3774 2243 3829 egressus
2268 3770 2352 3814 est
2377 3759 2672 3828 petiitque:
2703 3758 2783 3811 Tu
2810 3759 2933 3828 quis
2962 3758 3060 3812 es?
3092 3754 3395 3823 Respondit
3421 3771 3434 3804 :
3469 3751 3583 3819 Ego

1985 3868 2104 3905 sum
2137 3851 2428 3906 Macarius.
2459 3850 2523 3904 Et
2554 3852 2644 3905 ille
2684 3851 2827 3906 ostio
2878 3851 3069 3905 clauso
3116 3848 3362 3909 intravit,
3410 3844 3582 3898 relin—

1982 3955 2156 4013 quens
2205 3959 2355 3996 eum.
2417 3941 2525 3996 Sed
2596 3951 2890 4012 postquam
2948 3940 3205 4010 cognovit
3261 3937 3582 4009 patientiam

1985 4036 2126 4095 eius,
2161 4035 2394 4103 aperuit.
2422 4036 2602 4103 Atque
2627 4051 2752 4088 cum
2783 4050 2848 4088 eo
2890 4036 3098 4088 urbane
3132 4047 3298 4102 agens
3329 4030 3466 4084 dixit
3495 4048 3507 4084 :
3541 4030 3587 4082 Α

1987 4128 2160 4180 multo
2214 4135 2458 4195 tempore
2501 4127 2881 4181 desiderabam
2940 4134 2992 4180 te
3017 4125 3222 4185 videre,
3273 4120 3458 4176 audita
3503 4120 3584 4174 tui

1989 4220 2152 4272 fama.
2195 4219 2260 4272 Et
2288 4219 2638 4288 hospitaliter
2667 4229 2982 4287 susceptum
3016 4217 3243 4282 refecit;
3267 4223 3384 4269 erat
3435 4214 3585 4267 enim

1999 4327 2028 4364 e
2063 4311 2236 4362 multo
2293 4309 2483 4362 labore
2513 4308 2717 4363 fessus.
2749 4307 2990 4378 Vespere
3015 4315 3198 4361 autem
3240 4304 3384 4359 facto
3409 4304 3584 4357 Anto-

1991 4401 2123 4455 nius
2160 4401 2339 4456 abbas
2371 4400 2480 4456 sibi
2511 4399 2804 4456 madefecit
2831 4416 3015 4454 ratnos
3052 4400 3387 4469 palmarum.
3415 4397 3482 4450 Et
3510 4395 3589 4450 ait

1813 4556 2075 4613 NOTAE.

301 4696 358 4747 in
382 4692 638 4746 manibus
667 4700 915 4756 tenentes,
952 4702 1000 4745 et
1035 4691 1300 4759 ampullas
1329 4708 1446 4744 cum
1478 4707 1695 4745 rosaceo
1731 4690 1844 4745 oleo
1870 4709 1887 4748 :
1920 4697 1968 4754 D
1993 4694 2361 4748 excusatorias
2387 4693 2572 4748 literas
2602 4693 2686 4746 illi
2713 4693 3056 4746 exhibuerunt
3086 4691 3464 4759 praesentiam.
3487 4686 3585 4742 1ης

304 4776 350 4819 et
400 4772 710 4832 prostratae
740 4763 953 4831 pedibus
989 4765 1181 4815 nostris
1220 4762 1432 4830 plantas
1481 4771 1689 4814 nostras
1730 4779 1892 4832 unge-

311 4831 460 4897 ban’t,
495 4833 888 4901 cantabantque
918 4832 1098 4900 lingua
1126 4832 1446 4902 Aegyptiaca
1474 4831 1758 4900 psallentes
1802 4831 1896 4886 an-

313 4907 583 4969 tiphonam
606 4919 627 4956 :
665 4903 931 4956 Benedicti
966 4919 1052 4956 vos
1098 4920 1130 4955 α
1182 4901 1403 4956 υοηιὶηο
1426 4941 1441 4965 ,
1494 4901 1896 4968 benedictusqae

317 4976 564 5028 adtentus
598 4985 789 5034 vester,
831 4973 1048 5027 Osanna
1085 4974 1137 5025 in
1167 4972 1411 5027 excelsis.
1459 4970 1772 5026 Secundum
1803 4974 1898 5026 ha-

320 5045 463 5096 betur
501 5045 558 5097 in
590 5045 702 5096 vita
740 5043 798 5098 S.
844 5041 1113 5110 Fulgentii
1139 5059 1260 5112 cap.
1293 5043 1360 5095 29
1387 5059 1399 5094 :
1439 5041 1541 5096 Per
1569 5059 1745 5097 omnes
1778 5059 1901 5110 pro—

326 5111 413 5166 lixi
441 5115 650 5167 itineris
692 5113 802 5166 vias
832 5113 1028 5182 gaudia
1049 5111 1260 5183 majora
1302 5115 1590 5181 reperiens,
1624 5113 1679 5166 in
1713 5130 1890 5168 occur-

327 5200 431 5233 sum
455 5201 607 5236 suum
647 5184 852 5250 populis
879 5186 1106 5251 undique
1155 5183 1483 5237 tendentibus
1518 5199 1635 5235 cum
1668 5184 1898 5238 lucernis

327 5264 370 5303 et
400 5253 727 5321 lampadibus
763 5263 810 5307 et
851 5253 1099 5323 arborum
1135 5253 1434 5323 frondibus.
1485 5252 1730 5307 Tertium
1773 5271 1898 5307 con-

324 5324 514 5377 tinetur
544 5328 599 5379 in
637 5327 781 5379 notis
806 5324 990 5379 Jacobi
1027 5322 1297 5378 Sirmondi
1333 5325 1399 5377 ad
1428 5333 1632 5376 tomum
1669 5325 1892 5378 tertium

317 5393 684 5450 Conciliorum
728 5395 955 5454 Galliae,
987 5411 1050 5447 ex
1082 5395 1396 5448 narratione
1423 5395 1754 5446 clericorum
1789 5393 1894 5446 Pte-

314 5468 578 5521 mensium
615 5467 684 5517 de
717 5464 976 5518 Ebbone:
1010 5463 1256 5531 Receptus
1283 5474 1359 5517 est
1392 5463 1457 5516 ab
1483 5464 1738 5529 episcopis
1779 5465 1891 5531 suf-

316 5535 577 5607 [raganeis
626 5537 741 5588 suis
772 5533 1017 5588 Βουραάο
1057 5536 1317 5607 episcopo,
1352 5533 1597 5607 Simeone
1619 5536 1886 5607 episcopo,

318 5604 447 5674 Lupo
486 5610 736 5676 episcopo
761 5648 774 5669 ,
818 5623 930 5676 una
975 5621 1092 5676 cum
1138 5605 1321 5672 legatis
1360 5605 1622 5676 omnium
1658 5605 1890 5658 aliorum

316 5673 676 5744 episcoporum
688 5675 959 5731 Bernensis
984 5675 1256 5735 diaeresis,
1281 5674 1370 5743 qui
1394 5675 1557 5726 variis
1590 5673 1784 5726 detenti
1809 5677 1891 5727 inv

314 5748 652 5815 ﬁrmitatins
690 5748 813 5800 illuc
840 5746 1112 5810 corporali
1151 5745 1451 5813 praesentia
1491 5761 1763 5797 occurrere
1787 5762 1892 5798 non

311 5822 556 5886 taleam,
612 5835 765 5873 suam
806 5829 991 5873 tamen
1040 5830 1128 5882 per
1175 5815 1559 5870 ecclesiasticos
1606 5817 1802 5886 legatos
1830 5831 1891 5886 et_

1993 4781 2150 4830 super
2174 4765 2334 4817 etiam
2366 4782 2398 4817 a
2430 4764 2698 4817 canonicis
2739 4773 2788 4816 et
2818 4763 3089 4815 monac/tis
3123 4773 3276 4829 atque
3319 4761 3585 4830 corregio-i

1995 4829 2206 4888 nalibus
2232 4834 2544 4902 presbyteris
2572 4835 2733 4887 totius
2758 4834 3010 4886 dioecesis
3034 4843 3188 4900 atque
3217 4830 3429 4897 inﬁnita
3457 4829 3586 4882 nuth

1999 4904 2222 4958 titudine
2253 4901 2526 4973 utriusque
2549 4920 2728 4959 sexus.
2763 4905 2868 4969 Qui
2895 4919 3073 4973 omnes
3107 4917 3223 4954 cum
3253 4901 3418 4973 ramis
3465 4904 3584 4973 pat-

1998 4992 2207 5028 marum
2238 4986 2286 5029 et
2328 4969 2490 5028 cereis
2533 4975 2837 5029 ardentibus
2859 5013 2872 5030 .
2908 4971 3190 5037 laudesque
3241 4969 3345 5022 Deo
3378 4970 3582 5024 intimis

1999 5046 2248 5100 cordibus
2275 5055 2322 5098 et
2347 5045 2723 5099 excelsissimis
2746 5045 2955 5098 vocibus
2977 5040 3393 5109 proclamantes,
3433 5039 3584 5109 longe

1999 5117 2046 5170 ei
2098 5116 2164 5168 ab
2194 5115 2417 5170 ecclesia
2469 5115 2828 5174 obviaverunt,
2873 5123 2923 5165 et
2977 5127 3136 5179 usque
3176 5109 3265 5179 ad!
3293 5109 3576 5164 ecclesiam

1999 5187 2356 5238 indesinenter
2376 5187 2659 5251 psallentes
2681 5201 2799 5237 eum
2818 5177 3192 5251 perduxerunt.
3226 5177 3582 5251 Notissimmn

1997 5266 2084 5309 est
2111 5255 2314 5308 Christi
2349 5249 2560 5307 Domini
2596 5254 2903 5321 exemplum
2938 5250 3063 5304 Joh.
3114 5268 3219 5308 rut.
3272 5251 3369 5321 1⁸5.
3390 5249 3495 5303 Sed
3530 5261 3585 5305 et

1997 5327 2062 5378 ad
2097 5326 2388 5395 exsequias
2417 5341 2541 5378 Cllm
2574 5320 2770 5392 palmis
2811 5322 3101 5395 prodibant
3122 5360 3156 5395 ._
3186 5329 3245 5374 ut
3274 5320 3470 5395 _v_ide_re
3499 5328 3583 5373 est

1995 5395 2137 5462 apud
2163 5390 2508 5447 Animonium
2535 5390 2861 5447 monachum
2891 5393 2960 5445 de
2987 5390 3246 5444 Patribns
3270 5390 3494 5462 Sinaitis
3527 5400 3583 5442 et

1992 5457 2422 5520 R'haitbensilnts
2449 5481 2499 5532 p.
2535 5464 2655 5516 106.
2686 5465 2808 5517 128.
2837 5463 2963 5516 129,
2991 5472 3045 5514 et
3079 5462 3132 5514 in
3176 5461 3418 5532 Historia
3446 5457 3583 5512 Lauo

1991 5539 2138 5590 siaca
2167 5551 2289 5604 cap.
2337 5535 2426 5588 59.
2451 5531 2634 5587 ’Mitto
2675 5535 2878 5589 multas
2909 5533 3044 5586 alias
3084 5531 3405 5585 consimiles
3451 5544 3584 5586 con-

1993 5607 2330 5660 suettttlines.
2362 5606 2642 5660 Comma.

2065 5677 2143 5738 la}
2181 5675 2264 5729 Cf.
2311 5673 2426 5728 VV.
2471 5675 2573 5729 PP.
2611 5674 2791 5727 llosw.
2825 5673 2921 5726 lih.
2957 5670 3044 5728 Ill.
3089 5685 3208 5736 cap.
3243 5670 3344 5734 6|;
3398 5668 3493 5738 lib.
3539 5667 3583 5721 ν

1992 5737 2163 5804 libell.
2198 5749 2280 5811 IS,
2326 5748 2379 5813 8,
2416 5747 2507 5801 lib.
2543 5762 2615 5800 vn
2649 5760 2770 5814 cap.
2805 5743 2856 5802 Ι,
2889 5745 2941 5796 8.
2987 5740 3244 5798 Dorotbei
3275 5738 3460 5798 Doctr.
3483 5737 3545 5801 5.,
